4072 6384
361 374 429 434 ιδ
1551 365 1635 423 -ιΝ
1694 360 2013 422 HOMILIAS
2056 361 2144 418 DE
2180 362 2483 419 sums.
3561 368 3627 426 η

358 512 491 553 mus
514 490 599 571 (a)
626 492 655 551 ?
683 492 823 566 Quo
846 487 1213 571 declaratur:
1239 485 1468 571 quarta
1492 481 1658 571 feria
1704 482 1984 571 habitam
2015 479 2343 571 homiliam
2380 477 2597 550 fuisse,
2636 480 2976 571 etquidem
3007 483 3629 571 quartte_li_ebdo.ma-

360 574 454 634 dis
485 559 1013 646 Quadragesimm,
1048 570 1161 646 aut
1186 559 1456 646 fortasse
1486 562 1709 646 tertiae,
1744 560 2095 646 secundum
2110 560 2309 646 alium
2332 559 2719 646 pumerandi
2752 559 3111 646 modumlA
3144 563 3361 623 multis
3388 564 3626 642 quippe

361 636 770 731 jamszeculis
814 636 1014 731 Graeci
1042 644 1339 731 _primam
1367 641 1762 731 jejuniorum
1791 640 2189 731 Dominicam
2220 636 2784 731 et‘hebdomadem
2816 645 3252 731 vocant'eam,
3285 636 3480 731 quam
3506 636 3625 731 nos

410 730 633 789 rimam
662 718 1178 802 Quadragesima:
1196 718 1521 802 vocamus.
1558 720 1684 802 Hic
1705 736 1859 780 vero
1903 720 1979 780 de
2010 718 2544 802 nomi_ne_tantu_m
2575 720 2671 776 est
2699 719 2991 802 quaestio.
3017 719 3225 798 Hujus
3257 724 3476 802 autem
3519 721 3629 781 he—

410 749 633 789 rimam
662 749 1178 802 uuauragemma:
1198 749 1521 783 vuwmus.
1559 749 1678 779 nu;
1713 749 1859 780 vuru
1903 749 1979 780 uc
2012 749 2269 778 uuuuuc
2300 749 2544 776 ιαιιιιιιιι
2575 749 2671 776 cui.
2699 749 2991 793 ιιυίι-διιυ.
3022 749 3225 798 Πυμιδ
3257 749 3476 780 dun-lu
3521 749 3629 781 uc-

368 749 699 869 Bdomadis
734 809 969 882 quarta
1000 802 1099 862 die
1123 801 1410 882 habitam
1463 798 1821 882 homiliam,
1851 804 1911 858 et
1940 817 2021 882 ex
2068 796 2233 882 serie
2263 794 2673 882 homiliarum
2702 801 2772 882 et
2793 814 2875 882 ex
2906 796 3341 882 Chrysostomi
3374 800 3629 882 silentio

368 887 615 960 aliquot
643 874 889 944 dierum
927 882 1093 940 inter
1120 879 1418 960 homilias
1445 876 1753 960 decimam
1784 882 1845 937 et
1870 877 2275 960 undecimam
2300 874 2509 951 palam
2539 892 2685 960 esse
2717 875 2993 960 videtur:
3017 874 3087 960 In
3131 877 3250 960 hac
3282 894 3476 960 porro
3495 877 3633 960 lio—

368 952 916 1041 milia,prmmissi_s
939 959 1349 1041 benemultis
1385 957 1461 1041 de
1495 955 1858 1041 calamitate
1888 956 1996 1015 illa
2026 953 2451 1041 Antiochena,
2481 952 2559 1041 ad
2590 954 2932 1041 pristinum
2959 952 3348 1041 de‘hominis
3376 955 3632 1041 opilicio

368 1032 819 1111 argumentum
851 1036 1198 1106 descendit,
1230 1041 1292 1097 et
1317 1034 1710 1096 cohortando
1741 1034 1816 1094 de
1868 1051 2045 1093 more
2077 1032 2154 1093 ad
2181 1032 2545 1111 juramenta
2578 1033 2859 1103 vitanda,
2894 1035 3251 1095 orationem
3283 1034 3548 1095 claudit.

503 1120 768 1181 ecimam
798 1121 1095 1195 quartam
1121 1115 1567 1195 Tillemontius
1598 1112 1933 1195 locandam
1958 1116 2144 1195 putat
2165 1110 2317 1195 post
2336 1110 2653 1195 decimam
2672 1116 2960 1195 octavam
2985 1157 2999 1183 ,
3034 1114 3152 1195 hac
3178 1119 3503 1195 permotus
3531 1131 3637 1177 ra-

369 1201 570 1259 tione:
591 1199 781 1258 lnitio
798 1189 886 1257 ait
900 1195 1391 1274 Chrysostomus
1413 1213 1427 1251 :
1445 1192 1594 1254 Non
1605 1209 1827 1274 pgfum
1845 1191 2154 1274 civitatem
2170 1189 2347 1274 nobis
2366 1189 2498 1274 heri
2525 1189 3243 1274 diabtiusperturbaeit,
3260 1191 3365 1274 sed
3386 1200 3441 1252 et
3471 1194 3638 1274 Deus

370 1279 722 1338 nositer-um
748 1294 877 1336 non
906 1267 1127 1352 parum
1153 1267 1634 1352 consolatusest.
1659 1271 1809 1352 Hau}
1833 1267 2297 1352 verba_,inquit,
2311 1268 2657 1352 adventum
2686 1267 3064 1352 Hell—ebichi,
3096 1275 3157 1329 et
3188 1271 3482 1352 nuntium
3503 1272 3637 1350 jam

370 1347 926 1432 Constantinopoli
959 1352 1298 1414 advenisse
1331 1350 1718 1432 signiﬁcant.
1750 1349 1991 1432 Verum
2021 1348 2155 1432 haec
2184 1347 2565 1432 hariolando
2595 1348 2917 1409 dicuntur.
2949 1350 3119 1422 Quot
3145 1347 3541 1432 suspiciones
3574 1357 3638 1408 et

374 1442 652 1496 terrores
702 1426 1022 1493 immissos
1064 1434 1251 1508 putas
1308 1426 1722 1489 An'tiochenis
1754 1427 1905 1487 dum
1946 1426 2145 1508 animi
2176 1426 2547 1508 penderent,
2580 1432 2643 1487 et
2692 1445 3005 1506 quorsum
3036 1435 3165 1488 tam
3197 1428 3477 1490 infausta
3532 1447 3638 1489 res

372 1529 650 1575 evasura
681 1517 850 1572 esset
902 1506 1280 1589 ignorarent
1310 1510 1347 1589 ?V
1378 1508 1470 1589 De
1497 1508 1575 1567 iis
1614 1524 1764 1589 vero
1796 1506 2153 1589 terroribus
2184 1506 2691 1589 rumoribusque
2716 1508 3092 1589 ratiocinari
3123 1508 3447 1589 quomodo
3482 1525 3643 1583 pos—

372 1610 622 1660 sumus,
659 1592 771 1667 qui
800 1584 1023 1651 eorum
1054 1587 1225 1667 haud
1248 1587 1438 1647 dubie
1466 1587 1812 1667 maximam
1846 1592 2093 1667 partem
2125 1584 2525 1667 ignoramus,
2549 1586 2694 1667 Δ(ξι,δί
2727 1603 2857 1667 qua
2888 1588 3213 1667 novimus,
3251 1586 3642 1667 itarobscuro

372 1664 807 1749 percipimus,
827 1674 898 1729 ut
930 1666 1218 1749 vixinde
1249 1666 1618 1743 quampiam
1652 1665 1958 1743 temporis
1990 1670 2209 1724 notam
2244 1664 2563 1740 expiscari
2590 1666 2937 1742 possimus.
2970 1666 3120 1727 Haec
3150 1665 3416 1727 homilia
3447 1665 3644 1726 ferme

372 1745 503 1811 tota
531 1745 629 1810 est
652 1748 728 1808 de
754 1746 1018 1808 vitando
1048 1745 1436 1823 juramento.

450 1829 774 1889 Decimam
806 1821 1096 1903 quintam
1137 1824 1469 1884 homiliam
1496 1823 1637 1903 vult
1686 1822 2137 1883 Tillemontius
2166 1822 2459 1903 habitam
2495 1821 2692 1903 fuisse
2727 1823 2895 1884 inter
2923 1823 3233 1884 decimam
3270 1827 3331 1884 et
3376 1823 3646 1884 undeci-

371 1925 565 1972 mam,
598 1912 734 1965 tum
765 1900 846 1965 ob
874 1920 1104 1964 causas
1142 1920 1339 1979 supra
1369 1903 1448 1962 ad
1476 1902 1880 1981 undecimam
1902 1905 2320 1981 memoratas,
2352 1900 2505 1976 quia
2542 1901 3042 1981 Chrysostomus
3072 1903 3255 1962 initio
3283 1904 3374 1964 sic
3400 1903 3591 1964 habet
3624 1923 3639 1962 :

375 1984 713 2062 Oportebat
740 1992 796 2043 et
825 1982 1023 2048 hodie,
1059 1990 1115 2041 et
1144 1983 1462 2062 superiore
1492 1980 1762 2062 sabbato,
1788 1980 1859 2062 de
1874 1980 2771 2062 jejuniamoreresermonem.
2808 1982 2927 2062 Ubi
2954 1982 3293 2062 superiore,
3313 1983 3498 2058 quasi
3532 2000 3643 2043 es-

374 2057 471 2124 set
500 2064 730 2142 primo,
762 2063 837 2142 de
871 2062 1080 2142 primo
1120 2057 1386 2142 sabbato
1414 2057 1957 2142 Quadragesimie,
1990 2057 2465 2142 subdubitando
2501 2064 2742 2142 tamen,
2780 2057 3121 2138 intelligit;
3159 2057 3452 2142 sedlnos,
3482 2065 3552 2142 ut
3582 2066 3645 2121 et

374 2137 736 2203 Bernardus
784 2137 1155 2208 Brixianus,
1186 2139 1274 2218 de
1325 2137 1702 2216 superiore,
1728 2140 1861 2200 sive
1892 2138 1969 2198 de
2002 2137 2397 2218 prtecedente
2434 2137 2851 2218 intelligimus
2885 2159 2899 2198 :
2934 2145 3129 2216 atque
3160 2140 3407 2200 nullam
3441 2140 3639 2199 aliam

378 2220 697 2297 interponi
757 2238 946 2297 posse
1001 2216 1330 2297 homiliam
1377 2219 1544 2277 inter
1572 2218 1881 2278 decimam
1917 2220 1981 2297 et
2007 2215 2410 2297 undecimam
2442 2216 2575 2297 jam
2620 2215 2924 2297 superius
2958 2215 3398 2295 probavimus.
3430 2218 3648 2297 Occa-

378 2295 561 2359 sione
604 2295 837 2367 metus,
866 2316 998 2375 quo
1030 2295 1237 2357 allecti
1288 2296 1987 2373 Constantinopolitani
2024 2300 2232 2366 erant,
2266 2296 2473 2375 multa,
2511 2295 2661 2356 dicit
2689 2295 2764 2358 de
2792 2300 2964 2358 bono
3001 2298 3274 2371 timoris,
3308 2301 3370 2359 et
3425 2297 3491 2359 in
3521 2296 3648 2358 line

378 2382 599 2439 contra
624 2374 997 2456 jurandi’ab
1029 2376 1304 2456 aliisque
1328 2376 1769 2456 juramentum
1798 2375 2093 2453 exigendi
2126 2374 2656 2456 consuetudinem
2686 2376 3130 2437 concionatur.

457 2452 719 2517 Decima
746 2462 929 2517 sexta
955 2460 1105 2515 tunc
1137 2455 1354 2514 habita
1388 2454 1526 2524 fuit,
1562 2472 1705 2512 cum
1735 2452 1962 2531 sparso
1991 2452 2270 2530 quodam
2302 2452 2463 2513 falso
2488 2453 2718 2515 futura:
2750 2456 3184 2533 populationis
3209 2472 3492 2525 rumore,
3518 2472 3654 2514 om-

382 2554 493 2596 nes
530 2536 606 2595 de
636 2534 787 2613 fuga
821 2534 1282 2613 deliberabant.
1318 2533 1501 2593 Hanc
1522 2533 1714 2592 etiam
1745 2533 1887 2613 loco
1911 2549 2169 2613 movere
2189 2538 2464 2613 conatur
2486 2533 2958 2613 Tillemontius,
2988 2539 3050 2595 et
3072 2535 3238 2594 inter
3255 2535 3559 2596 decimam
3592 2538 3654 2593 et

382 2609 787 2674 undecimam
822 2614 1065 2683 locare,
1098 2611 1267 2688 quod
1301 2617 1541 2681 tamen,
1576 2616 1645 2671 ut
1682 2610 1760 2671 ad
1807 2610 2251 2690 duodecimam
2280 2609 2599 2690 diximus,
2620 2611 2864 2673 admitti
2904 2614 3151 2690 nequit.
3184 2614 3297 2673 His
3330 2631 3526 2690 porro
3555 2613 3655 2671 ni-

382 2694 536 2752 titur
557 2691 993 2770 Chrysostomi
1017 2691 1224 2770 verbis
1258 2689 1871 2770 Tillemontiuszn.6
1902 2690 1991 2748 ait
2011 2689 2072 2749 S.
2092 2688 2342 2770 doctor,
2356 2688 2700 2770 Secundam
2718 2690 2956 2770 jejunii
2980 2688 3381 2770 septimanam
3398 2699 3658 2769 praeter-

383 2772 630 2832 ivimus.
672 2768 847 2831 Duas
892 2787 1045 2848 ergo
1082 2768 1309 2847 jejunii
1341 2768 1767 2830 hebdomadas
1795 2772 2044 2829 tantum
2071 2769 2455 2848 praeteriisse
2481 2768 2932 2848 interm—atque
2957 2768 3098 2831 ideo
3130 2773 3298 2832 hanc
3330 2768 3474 2831 loCo
3503 2788 3658 2829 mo-

383 2850 652 2910 vendam
684 2868 824 2911 esse
853 2846 1076 2928 statuit
1104 2848 1549 2928 Tillemontius
1582 2892 1596 2918 ,
1628 2848 1740 2924 qui
1791 2848 1966 2909 illam
1993 2851 2185 2928 putat
2213 2846 2866 2928 habitamDominica
2898 2851 3083 2911 tertia
3113 2849 3657 2928 Quadragesimte,

384 2947 500 3005 pro
530 2930 739 3006 prima
770 2927 1106 2987 Dominica
1138 2927 1543 2988 numerando
1573 2942 1717 3007 eam
1746 2944 1891 3004 quae
1912 2926 2181 3002 primam
2205 2924 2432 3007 jejunii
2465 2925 3072 3007 diemlprtecedebat,
3101 2924 3297 3007 quam
3326 2924 3663 3007 Quinqua-

386 3005 641 3085 gesimze
668 3007 1069 3067 Dominicam
1096 3023 1423 3067 vocamus.
1458 3006 1619 3081 Quid
1644 3024 1795 3066 vero
1826 3007 1878 3066 si
1899 3012 2050 3064 tunc
2071 3005 2376 3085 temporis
2400 3006 2753 3085 Antiochia:
2780 3008 2988 3084 prima
3017 3005 3350 3069 Dominica
3371 3006 3665 3081 Quadra-

388 3082 646 3167 gesimze
664 3087 1020 3167 vocabatur
1040 3102 1115 3167 ea
1144 3103 1311 3163 quae,
1341 3103 1520 3167 more
1564 3085 1901 3167 hodierno,
1932 3082 2443 3167 intrajejuni_um_
2469 3082 3019 3167 prima_oceurrit?
3050 3087 3665 3167 namjejuniumin-

388 3162 664 3241 cipiebat
694 3163 852 3243 feria
876 3163 1159 3224 secunda
1192 3168 1333 3240 post
1363 3164 2005 3241 Quinquagesimam,
2032 3168 2103 3243 ut
2121 3179 2295 3243 nunc
2322 3162 2545 3243 incipit
2572 3162 2729 3243 feria
2758 3170 3013 3240 quarta,
3039 3162 3464 3243 poterantque
3486 3164 3663 3225 illam

391 3240 848 3304 hebdomadam
876 3242 1258 3303 Antiocheni
1292 3260 1419 3301 non
1449 3240 1792 3302 numerare
1822 3258 1939 3319 pro
1971 3241 2178 3318 prima
2207 3240 2757 3319 Quadragesimaa,
2786 3253 2860 3303 ut
2887 3260 3003 3304 nos
3035 3240 3163 3304 non
3195 3240 3612 3305 numeramus
3644 3263 3658 3301 :

391 3323 629 3399 illoque
661 3322 850 3381 modo
874 3337 1008 3381 una
1039 3320 1430 3381 hebdomade
1460 3321 1702 3381 tardius
1736 3318 1868 3381 haec
1898 3319 2161 3381 homilia
2188 3318 2651 3399 habital'uerit,
2687 3321 3023 3383 Dominica
3073 3323 3314 3383 scilicet
3344 3323 3532 3383 tertia
3562 3322 3667 3381 bo.

388 3398 609 3461 dierno
640 3418 820 3459 more
838 3403 1114 3477 sumpta.
1141 3399 1257 3459 Sed
1281 3405 1431 3460 tunc
1461 3400 1650 3460 etiam
1670 3416 1900 3477 magna
1929 3402 2298 3477 superesset
2327 3398 2665 3460 dillicultas
2702 3419 2715 3457 :
2741 3418 2891 3461 nam
2914 3401 3047 3462 haec
3069 3401 3333 3462 homilia
3351 3401 3663 3461 decimam

390 3480 640 3539 tertiam
673 3483 735 3539 et
766 3484 1108 3555 sequentes
1135 3479 1591 3555 praecessisset.
1625 3478 1811 3557 Certe
1850 3479 1983 3539 haec
2013 3479 2228 3538 omnia
2260 3477 2530 3538 salebris
2562 3483 2708 3539 sunt
2739 3480 2953 3556 plena,
2985 3486 3055 3541 ut
3085 3481 3221 3557 ipse
3255 3479 3490 3541 fatetur
3516 3479 3663 3538 Til—

389 3558 754 3629 lemontius,
788 3558 899 3633 qui
934 3557 1290 3638 nonlsemel
1320 3558 1605 3638 aliquam
1645 3556 1982 3638 amplexus
2012 3557 2513 3638 se‘ntentiamuab
2555 3574 2632 3618 ea
2678 3557 2985 3638 desistere
3012 3556 3284 3638 cogitur.
3322 3560 3485 3621 Usus
3520 3557 3667 3617 for-

390 3641 666 3716 lasselet
697 3636 993 3716 tractatio
1022 3636 1329 3716 diuturna
1368 3636 1747 3716 aliquamin
1775 3652 1844 3694 re
1874 3635 2311 3716 tam_obscura
2345 3634 2616 3716 afl'erent
2659 3636 2976 3716 notitiam,
3034 3634 3165 3716 qua
3218 3638 3542 3716 possimus
3603 3639 3668 3697 in

390 3714 533 3774 Vita
552 3713 988 3793 Chrysostomi
1022 3715 1087 3773 in
1120 3713 1247 3774 line
1290 3731 1558 3790 operum
1600 3713 2142 3793 adornandawa
2171 3715 2533 3773 accuratius
2555 3717 2616 3773 et
2644 3715 2882 3775 clarius
2915 3713 3239 3778 statuere:
3261 3718 3669 3793 Quapropter

390 3811 525 3873 rem
550 3790 810 3873 dubiam
844 3792 1214 3873 relinquere
1250 3793 1545 3852 consulto
1577 3792 1946 3873 statuimus.
1984 3790 2055 3873 _Id
2087 3810 2289 3873 unum
2316 3798 2563 3851 tantum
2588 3794 3077 3873 contendimus,
3116 3813 3245 3854 non
3277 3790 3465 3873 posse
3502 3790 3671 3854 hanc

394 3872 721 3931 homiliam
785 3872 952 3930 inter
1016 3871 1323 3950 decimam
1382 3877 1445 3930 et
1481 3949 1484 3950 ν
1527 3871 1927 3950 undecimam
1984 3870 2208 3950 locari,
2266 3872 2633 3931 memoratis
2693 3890 2892 3950 supra
2926 3873 3004 3934 de
3030 3870 3669 3934 causisfPraamissis

392 3950 778 4030 quibusdam
793 3950 867 4009 de
886 3949 1217 4010 timiditate
1248 3949 1793 4030 Antiochenorum
1816 3948 2025 4030 deque
2047 3948 2415 4030 juramento
2440 3950 2718 4030 vitando,
2750 3948 3199 4030 argumentum
3229 3953 3505 4012 homilite
3528 3970 3677 4011 mu—

395 4035 614 4111 tuatur
661 4028 1154 4111 Chrysostomus
1182 4047 1264 4087 ex
1308 4028 1406 4089 his
1438 4027 1863 4111 Paullverbis
1899 4047 1913 4086 :
1948 4027 2185 4111 Paulus
2223 4028 2470 4088 vinctus
2497 4028 2645 4111 Iesu
2675 4027 2928 4111 Christi,
2962 4039 3019 4090 et
3064 4030 3409 4091 Timotheus
3439 4030 3659 4111 frater,

393 4106 803 4183 Paulumque
819 4108 1264 4185 gloriosiorem
1296 4126 1376 4168 ex
1404 4107 1676 4167 vinculis
1700 4106 2117 4175 demonstrat,
2147 4123 2341 4182 quam
2375 4125 2457 4166 ex
2488 4108 2721 4166 virtute
2742 4110 3226 4170 miraculorum.

472 4187 732 4246 Decima
784 4186 1053 4263 septima
1086 4187 1305 4247 habita
1355 4190 1451 4246 est
1499 4191 1843 4263 postquam
1885 4185 2253 4245 Ellebichus
2308 4204 2421 4245 seu
2463 4186 2898 4259 Hellebichus,
2938 4189 3245 4263 Magister
3274 4188 3583 4257 militum,
3615 4192 3678 4247 et

396 4263 718 4324 Caesarius
749 4309 763 4335 ,
797 4264 1125 4341 Magister,
1160 4266 1238 4327 ab
1264 4265 1656 4340 lmperatore
1690 4264 1865 4324 missi
1898 4263 2326 4341 pcrquisilum
2354 4264 2429 4325 de
2455 4264 2789 4335 seditione,
2823 4263 3227 4327 Antiochiam
3253 4266 3672 4326 advenerant.

396 4342 809 4423 Hellebichus
857 4344 981 4411 hic,
1013 4344 1319 4421 Magister
1344 4343 1633 4423 equitum
1658 4342 2222 4423 peditumve,alibi
2259 4349 2649 4423 memoratus
2679 4347 2983 4412 occurrit,
3017 4350 3077 4405 et
3103 4344 3368 4423 justitize
3398 4345 3678 4423 clemen-

397 4422 631 4497 tiaeque
669 4422 855 4481 laude
887 4420 1155 4481 celebris
1186 4426 1326 4481 erat
1373 4441 1386 4479 :
1422 4421 1738 4481 Ctesarius
1769 4422 1963 4500 etiam
1988 4465 2003 4488 ,
2034 4420 2341 4500 Magister
2371 4421 2731 4482 officiorum
2768 4424 2919 4483 alibi
2954 4420 3159 4484 dictus
3188 4468 3203 4494 ,
3234 4423 3372 4500 pari
3426 4422 3679 4500 gaude—-

398 4501 505 4559 bat
536 4500 873 4576 probitatis
905 4500 1117 4580 fama.
1143 4502 1563 4580 Pronuntiata
1600 4506 1815 4561 autem
1844 4499 1961 4559 fuit
1990 4500 2123 4559 baac
2156 4499 2419 4580 homilia
2451 4518 2596 4560 eum
2628 4502 3008 4563 Antiocheni
3039 4521 3204 4580 pene
3226 4499 3263 4562 a
3290 4499 3460 4561 metu
3492 4501 3677 4559 liberi

401 4584 638 4661 essent.
672 4579 1153 4661 Ianumera,_ait
1182 4581 1422 4661 num._l_
1483 4579 2003 4661 Chrysostomus,
2054 4579 2546 4661 exspectavimus
2590 4581 2781 4661 mala,
2817 4579 3087 4661 omnium
3132 4581 3463 4661 facultates
3506 4580 3680 4661 dire-

398 4665 572 4737 ptum
596 4658 704 4721 iri,
732 4655 1089 4717 habitacula
1116 4676 1249 4717 cum
1278 4655 1704 4718 habitantibus
1724 4655 2492 4720 comburenda.icivitatem
2515 4657 2713 4717 medio
2747 4660 3077 4737 tollendam
3104 4655 3183 4719 ea:
3206 4658 3372 4728 orbe,
3393 4666 3449 4719 et
3480 4659 3682 4737 ipsius

399 4736 697 4815 reliquias
737 4754 939 4795 omnes
968 4737 1308 4812 perituras,
1343 4746 1629 4796 aratrum
1658 4737 1857 4815 ipsius
1890 4744 2118 4794 terram
2159 4745 2581 4814 suscepturum
2610 4756 2629 4794 :
2660 4736 2765 4795 sed
2791 4757 2922 4797 ecce
2956 4738 3079 4797 haec
3107 4740 3315 4800 omnia
3345 4736 3519 4797 intra
3575 4756 3684 4797 ex-

400 4814 842 4889 spectationem
871 4822 1111 4873 tantum
1151 4822 1485 4882 steterunt,
1516 4823 1571 4875 et
1600 4816 1666 4875 in
1693 4833 1847 4893 opus
1876 4831 2004 4893 non
2043 4823 2497 4893 processerunt.
2528 4815 2657 4874 Sub
2686 4815 2820 4876 llth
2846 4820 3152 4876 narratur
3177 4816 3502 4892 quomodo
3536 4833 3681 4873 mo—

402 4893 589 4951 nachi
619 4910 701 4972 ex
760 4893 1085 4953 montibus
1119 4894 1523 4954 Antiochiam
1581 4892 2048 4972 descenderint,
2081 4892 2778 4972 utjudicestplacarent
2802 4938 2818 4965 ,
2848 4894 2996 4954 dum
3027 4895 3281 4955 interim
3315 4894 3682 4972 phiIOSOphi

402 4971 855 5051 oninesGraaci
889 4974 1113 5031 urbem
1143 4972 1512 5033 desererent
1541 4994 1556 5045 ;
1597 4991 1727 5049 quo
1758 4976 1942 5049 pacto
1970 4971 2161 5031 etiam
2199 4970 2562 5051 sacerdotes
2596 4972 2657 5031 in
2688 4974 2958 5051 gratiam
2991 4974 3211 5051 populi
3244 4970 3506 5035 strenue
3546 4990 3684 5033 rem

402 5050 741 5130 gesserint.
783 5050 1014 5130 Poenas
1064 5053 1145 5112 ab
1185 5052 1575 5128 lmperatore
1604 5051 1859 5111 demum
1908 5051 2226 5127 irrogatas
2280 5049 2452 5130 leves
2484 5049 3158 5130 tolerabilesqueait,
3205 5070 3415 5129 neque
3454 5051 3686 5111 dolen-

402 5128 549 5186 dum
581 5130 630 5187 si
665 5129 1063 5190 orchestram
1104 5135 1165 5190 et
1208 5131 1439 5192 balnea
1469 5130 1815 5190 oecluserit
1839 5173 1854 5200 ,
1887 5147 1963 5190 ac
1990 5128 2421 5206 Metropoleos
2450 5129 2824 5207 dignitatem
2860 5128 2942 5191 ab
2975 5134 3135 5193 urbe
3160 5128 3500 5192 Antiochia
3531 5147 3667 5190 sus-

402 5207 645 5300 tulerit.
697 5209 935 5300 Yeram
986 5209 1338 5300 ant‘ioehize
1372 5208 1746 5300 dignitatem
1787 5227 1952 5300 esse,
1984 5208 2256 5300 quod
2297 5226 2373 5300 ea
2402 5208 2982 5300 (liscipuliﬁhrisli
3018 5212 3294 5288 primum
3330 5209 3682 5300 Christiani

404 5285 532 5367 sint
563 5287 808 5355 vocati;
857 5287 1030 5367 quod
1089 5285 1473 5367 Antiocheni
1527 5288 1765 5349 sanctis
1810 5287 2365 5367 Jerosolymitanis
2412 5285 2589 5367 fame
2640 5285 3084 5350 laborantibus
3150 5308 3337 5367 Opem
3390 5289 3683 5351 tulerint.

403 5363 540 5444 Non
575 5366 1079 5443 magnitudinem
1109 5410 1125 5438 ,
1181 5366 1288 5427 sed
1332 5368 1634 5444 pietatem
1672 5369 1865 5427 urbes
1894 5363 2238 5427 exornare.
2285 5366 2355 5425 ln
2388 5366 2515 5427 ﬁne
2545 5383 2700 5425 vero
2730 5368 2856 5437 ait,
2890 5368 3051 5429 alios
3086 5363 3297 5430 adhuc
3324 5369 3386 5426 in
3424 5384 3688 5428 carcere

404 5441 660 5519 degere,
690 5441 854 5504 alios
907 5446 972 5504 in
1006 5445 1311 5505 exsilium
1336 5441 1678 5506 mittendos
1725 5463 1887 5506 esse.
1924 5445 2105 5505 Hanc
2155 5444 2484 5505 homiliam
2530 5446 2975 5507 Tillemontius
3030 5447 3275 5508 confert
3324 5447 3391 5506 in
3435 5446 3688 5507 hebdo—

406 5520 653 5604 ma_dem
684 5528 980 5599 quartam
1010 5524 1531 5604 Quadragesimaa
1559 5539 1714 5604 post
1736 5524 2327 5604 feriamquartam;
2361 5524 2469 5604 sed
2500 5543 2581 5586 ex
2612 5525 2980 5604 conjectura
3010 5531 3283 5586 tantum.

482 5599 745 5662 Decima
791 5608 1019 5664 octava
1068 5600 1332 5664 homilia
1360 5608 1506 5680 post
1531 5599 1859 5663 dimidium
1900 5602 2126 5681 jejunii
2167 5603 2332 5665 dicta
2362 5603 2521 5677 fuit,
2554 5609 2625 5663 ut
2670 5599 2760 5666 ait
2789 5605 2971 5665 initio
3009 5605 3524 5685 Cbrysostomus.
3562 5606 3685 5666 Pu-

469 5720 543 5782 (a)
568 5723 838 5772 Bernartius
860 5727 1108 5790 Brixianus
1132 5726 1304 5790 habet;
1318 5724 1466 5790 Quale
1488 5724 1785 5790 praeteritum
1798 5723 2005 5790 vidimus
2019 5722 2330 5785 quatriduum
2346 5763 2357 5781 ,
2378 5730 2422 5775 et
2442 5722 2582 5790 auale
2598 5738 2724 5775 nunc
2741 5725 2966 5790 ridemus
2978 5738 3205 5790 presens.
3225 5735 3323 5790 Vox
3343 5735 3507 5790 autem
3527 5740 3683 5789 πτερω

405 5786 979 5899 ἔῶιῗὲἆῖἔιυρὶι
1001 5802 1106 5846 per,
1131 5785 1460 5850 quatriduum,
1485 5786 1608 5849 stle
1634 5785 1987 5848 ecclcsmstico,
2010 5799 2036 5835 a
2059 5793 2173 5849 tem;
2191 5799 2277 5836 ore
2296 5800 2448 5850 usque
2462 5788 2727 5845 clementis
2747 5785 3083 5851 Alexandrini,
3100 5788 3337 5854 signiﬁcat
3354 5785 3684 5853 feriam'quar-
