4072 6384
352 373 423 429 π
537 367 540 372 ’
1121 358 1177 414 S.
1221 355 1507 414 JOANNIS
1545 345 2044 408 CHRYSOSTOMI
2097 341 2422 400 ARCIIIEP.
2467 340 3015 400 CONSTA‘NTINOP.

346 483 481 540 κότα
498 480 838 556 φρονήματα,
866 475 960 531 καὶ
986 472 1179 529 πολλοῦ
1207 472 1440 544 θάρσους
1477 468 1806 556 ἐμπλήσασα
1851 464 2019 556 ἀκατ-

347 549 688 637 αγωνίστους
704 567 848 620 ποιεῖ
876 563 954 635 τῷ
985 561 1214 631 διαϐόλῳ
1235 560 1362 622 τοὺς
1405 554 1795 637 προσέχοντας”
1820 552 1913 604 καὶ
1943 549 2018 613 ὡς

347 635 484 720 λύρα
523 648 684 701 πάλιν
724 646 862 718 μετά
913 643 1114 715 πολλῆς
1156 642 1256 711 τῆς
1300 639 1656 710 ψυχαγωγίας
1714 635 2014 720 τέρποντα,

348 716 583 803 κοιμίζει
621 716 735 784 τῶν
764 731 976 783 ἀτόπων
1019 724 1294 796 λογισμῶν
1332 722 1399 776 τά
1455 721 1635 790 πάθη,
1673 719 1776 803 ,καὶ
1821 716 2021 803 πολλὴν

348 800 481 886 ήμῖν
506 813 622 885 μεθ’
637 813 828 882 ἡδονῆς
860 810 1035 879 ἐνίησι
1067 807 1165 878 τήν
1193 805 1480 876 ὠφέλειαν.
1520 802 1816 857 Ἠκούσατε
1844 800 2019 886 τοίνυν

352 882 590 970 σήμερον
625 895 750 967 περὶ
781 893 988 946 πολλῶν
1013 892 1106 946 καὶ
1131 890 1442 956 ἀναγκαίων
1470 887 1816 970 πραγμάτων
1841 882 2021 970 διαλε-

351 965 580 1049 γόμέπὲου
614 965 1003 1048 τῷ-Τιμοοέῳς
1052 973 1154 1027 Καὶ
1199 973 1307 1044 γὰρ
1359 973 1487 1042 περὶ
1517 967 1858 1041 χειροτονιῶν
1887 965 2023 1036 πρὸς

350 1063 510 1116 αὐτὴν
533 1059 847 1114 ἐπέστελλεν
876 1071 900 1099 ιι
927 1057 1123 1111 εἰπών’
1165 1057 1373 1125 Χεῖρας
1411 1053 1635 1123 ταχέως
1658 1050 1870 1122 μηδενὶ
1897 1050 2024 1102 ἐπι·

351 1147 516 1208 τίθει,
545 1143 694 1214 μηδὲ
725 1141 993 1197 κοινώνει
1041 1141 1351 1211 ἁμαρτίαις
1393 1137 1768 1206 ἀλλοτρίαις·
1807 1134 1900 1188 καὶ
1931 1133 2024 1184 τὸν

351 1230 622 1301 ἀφόρητον
685 1227 788 1295 τῆς
825 1226 1079 1296 τοιαύτης
1117 1224 1462 1296 παρανομίας
1496 1220 1807 1292 παρέστησε
1842 1217 2025 1301 κίνδυ-

350 1300 653 1377 νον,δείξας
686 1310 766 1363 ὅτι
798 1307 904 1362 τῶν
929 1308 1134 1380 ἐτέροις
1159 1305 1523 1378 πεπλημμελη
1533 1305 1706 1374 μένων
1731 1303 1910 1373 ἕτεροι
1929 1300 2027 1372 τὴν

351 1396 618 1466 τιμωρίαν
641 1395 1036 1464 ὐποστήσονται
1061 1392 1176 1462 μετ’
1195 1391 1373 1444 αὐτῶν
1391 1390 1634 1450 ἐκείνων,
1660 1389 1743 1442 ὃτι
1765 1389 1862 1458 τὴν
1885 1384 2028 1450 ἐξου-

354 1479 474 1533 σίαν
497 1479 584 1532 διά
621 1479 648 1518 ι)
676 1478 775 1549 τῆς
810 1477 1138 1549 χειροτονίας
1169 1479 1236 1547 τῇ
1268 1475 1501 1546 πονηρίᾳ
1517 1472 1864 1544 παρέχονται.
1897 1466 2027 1524 Εἶτα

355 1560 516 1614 πάλιν
531 1561 712 1634 φησίν·
735 1561 888 1626 Οῖνῳ
904 1560 1084 1628 ὀλίγῳ
1101 1559 1180 1631 [2]
1203 1558 1324 1629 χρῶ
1336 1559 1432 1612 διὰ
1458 1559 1565 1611 τὸν
1585 1555 1890 1624 στόμαχόν
1911 1569 2028 1608 σου

356 1645 452 1697 καὶ
489 1645 593 1709 τὰς
609 1643 847 1709 πυκνάς
875 1658 990 1696 σου
1020 1643 1358 1708 ἀσθενείας.
1392 1641 1503 1694 Καὶ
1533 1641 1662 1710 περὶ
1681 1639 1779 1708 τῆς
1811 1637 1918 1690 τῶν
1951 1637 2030 1688 οἰ-

357 1727 530 1780 κετῶν
557 1727 853 1796 ὑποταγῆς,
881 1727 975 1779 καὶ
1004 1727 1133 1796 περὶ
1161 1727 1259 1797 τῆς
1293 1725 1400 1778 τῶν
1430 1722 1777 1795 φιλαργύρων
1811 1720 2030 1791 μανίας,

357 1813 452 1864 καὶ
479 1812 606 1881 περὶ
639 1811 734 1880 τῆς
759 1809 869 1863 τῶν
903 1809 1271 1863 πλουτούντων
1305 1808 1586 1870 ἀπονοίας.
1614 1807 1706 1859 καὶ
1734 1805 1864 1875 περὶ
1899 1802 2028 1856 πολ-

357 1894 466 1947 λῶν
491 1897 620 1966 ήμίν
658 1893 859 1964 ἐτέρων
900 1892 1146 1963 διελέχθη
1176 1893 1435 1963 τήμερον.
1487 1891 1640 1944 Ἐπεὶ
1689 1885 1783 1942 οὖν
1814 1887 2031 1942 ἅπαντα

359 1982 609 2036 ἐπελθεῖν
631 1980 911 2045 ἀδύνατον,
945 1981 994 2034 τί
1014 1981 1265 2051 βούλεσθε
1287 1979 1396 2033 τῶν
1427 1978 1732 2050 εἰρημένων
1763 1991 2034 2046 προχειρι-

363 2067 584 2137 σάμενοι
614 2065 752 2136 πρὸς
779 2065 878 2134 τὴν
909 2064 1179 2134 ὑμετέραν
1211 2063 1431 2133 ἀγάπην
1458 2060 1731 2129 εἴπωμεν;
1764 2059 2032 2130 Καθάπερ

361 2148 471 2218 γάρ
505 2149 562 2200 ἐν
586 2146 809 2218 λειμῶνι
843 2147 1015 2201 πολλά
1042 2149 1134 2201 καὶ
1167 2147 1386 2200 ποικίλα
1407 2144 1518 2216 ὁρῶ
1547 2145 1645 2214 τῆς
1678 2142 2033 2210 ἀναγνώσεως

359 2231 429 2285 τά
455 2231 610 2302 ἄνθη,
642 2232 733 2284 καὶ
774 2231 972 2302 πολλὴν
1004 2232 1103 2301 μὲν
1133 2231 1230 2301 τὴν
1260 2229 1536 2300 ῥοδωνιὰν,
1577 2228 1746 2282 πολλὰ
1777 2227 1833 2280 δὲ
1861 2225 1930 2279 τὰ
1954 2229 2030 2291 τα,

361 2316 457 2370 καὶ
485 2316 585 2368 οὐκ
631 2313 838 2368 ἐλάττω
865 2314 935 2367 τὰ
963 2314 1144 2386 κρίνα,
1188 2314 1322 2368 ἀλλά
1353 2313 1595 2367 ποικίλον
1626 2310 1898 2381 πανταχοῦ
1940 2311 2034 2363 καὶ

359 2397 558 2467 δαψιλῆ
596 2396 689 2449 τοῦ
740 2397 1047 2467 πνεύματος
1091 2398 1487 2467 διεσπαρμένον
1533 2397 1624 2448 τὸν
1675 2395 1908 2466 καρπὸν,
1940 2391 2034 2446 καὶ

365 2480 562 2552 πολλὴν
586 2481 684 2552 τήν
709 2482 933 2535 εὐωδίαν
955 2499 967 2512 ·
995 2483 1194 2553 μᾶλλον
1214 2480 1275 2537 δὲ
1295 2483 1412 2551 οὐχὶ
1437 2479 1639 2551 λειμὼν
1678 2479 1860 2550 μόνον,
1899 2477 2035 2531 ἀλλά

363 2565 456 2618 καὶ
485 2565 808 2634 παράδεισός
833 2567 947 2618 ἐστι
969 2565 1075 2618 τῶν
1109 2564 1265 2618 θείων
1290 2564 1516 2633 Γραφῶν
1544 2565 1576 2634 ή
1608 2564 1915 2630 ἀνάγνωσις
1937 2576 1950 2590 ·
1973 2562 2033 2615 οὐ

363 2648 474 2716 γάρ
506 2649 731 2702 εὐωδίαν
758 2648 917 2719 ψιλὴν
949 2649 1062 2718 ἔχει
1084 2648 1256 2702 ταῦτα
1281 2649 1350 2702 τά
1377 2650 1509 2718 ἄνθη
1527 2658 1548 2687 ο
1575 2648 1758 2716 μόνον,
1792 2645 1927 2700 ἀλλά
1943 2649 2036 2701 καὶ

363 2730 575 2802 καρπὸν
599 2729 774 2801 ψυχὴν
789 2731 1009 2803 τρέφειν
1027 2728 1339 2802 δυνάμενον.
1357 2733 1422 2784 Τί
1445 2731 1625 2784 τοίνυν
1645 2729 1898 2799 βούλεσθε
1927 2731 2036 2784 τῶν

364 2813 668 2884 εἰρημένων
694 2816 772 2876 εἰς
798 2813 958 2882 μέσον
991 2815 1286 2885 ἀγάγωμεν
1314 2817 1587 2885 τήμερον;
1621 2813 1875 2884 βούλεσθε
1904 2813 1931 2866 δ
1960 2815 2038 2868 δο-

365 2899 451 2949 κεῖ
480 2896 694 2950 πάντων
721 2897 1095 2966 εὐτελέστερον
1123 2893 1278 2958 εἶναι,
1303 2899 1396 2951 καὶ
1424 2899 1532 2961 τοῖς
1560 2896 1814 2966 τυχοῦσιν
1845 2896 2035 2950 εὐσύν-

363 2993 560 3041 οπτον,
612 2976 770 3030 τοῦτο
829 2979 1336 3050 μεταχειρισὼμεθα
1385 2982 1520 3044 νῦν;
1584 2982 1811 3051 Ἔμοιγε
1849 2981 2034 3046 δοκεῖ,

365 3061 457 3113 καὶ
477 3061 604 3131 ύμῖν
647 3056 707 3114 εὖ
745 3057 840 3114 οἷδ’
879 3063 958 3115 ότι
1000 3063 1258 3128 συνδόξει.
1295 3066 1360 3119 Τί
1409 3065 1527 3118 ποτ’
1552 3060 1646 3118 οὖν
1688 3068 1804 3119 ἐστι
1847 3066 1909 3119 τὸ
1929 3065 2037 3119 τῶν

364 3144 539 3197 ἄλλων
565 3143 957 3215 εὐκολώτερον;
980 3146 1035 3198 τί
1059 3145 1114 3198 δὲ
1143 3146 1231 3200 Et:
1239 3165 1352 3218 ρον,
1370 3147 1482 3201 ἀλλ’
1502 3149 1536 3219 ἢ
1556 3146 1584 3199 ὃ
1607 3149 1798 3218 καὶτῷ
1824 3149 2038 3218 τυχόντι

363 3227 512 3281 δοκεῖ
548 3228 727 3300 ῥᾴδιον
779 3225 936 3294 εἶναι,
981 3231 1076 3282 καὶ
1116 3230 1442 3284 εὐσύνοπτον
1502 3234 1707 3299 εἰπεῖν;
1759 3234 1917 3286 Ποῖον
1971 3232 2037 3304 δὴ

363 3310 522 3364 τοῦτο
541 3329 555 3376 ;
582 3312 736 3379 Οἵνῳ
753 3313 934 3380 ὀλίγῳ
951 3311 1073 3382 χρῶ
1092 3313 1191 3367 διὰ
1223 3313 1324 3367 τὸν
1343 3318 1538 3384 στόμα
1542 3319 1653 3385 χόν
1672 3331 1788 3371 σου
1815 3317 1912 3371 καὶ
1933 3315 2040 3383 τὰς

365 3394 601 3461 πυκνάς
626 3413 742 3450 σου
763 3397 1098 3463 ἀσθενείας.
1113 3397 1248 3468 Φέρε
1270 3396 1363 3452 οὖν
1385 3401 1563 3453 πᾶσαν
1586 3400 1685 3472 τὴν
1705 3400 1937 3465 διάλεξιν
1961 3403 2040 3465 εἰς

369 3476 574 3549 ταύτην
606 3479 705 3550 τὴν
735 3479 893 3550 ῥῆσιν
919 3480 1413 3552 καταναλώσωμεν.

437 3560 702 3631 Ποιοῦμεν
734 3561 790 3614 δὲ
819 3563 976 3615 τοῦτο
1005 3564 1065 3616 οὐ
1106 3564 1412 3634 φιλοτιμίας
1445 3565 1649 3627 ἕνεκεν,
1697 3566 1816 3619 οὐδέ
1853 3568 1950 3636 τῆς
1982 3568 2041 3622 ἐν

363 3643 442 3714 τῷ
475 3644 653 3712 λέγειν
677 3643 958 3714 δυνάμεως
1016 3649 1320 3717 παρασχεῖν
1367 3648 1624 3712 ἐπίδειξιν
1646 3647 1674 3687 ἀ
1715 3649 2042 3714 σπουδάζον·-

363 3743 455 3790 τες
486 3727 566 3795 (οὐ
598 3725 708 3796 γάρ
754 3726 998 3798 ἡμέτερα
1045 3729 1113 3781 τά
1142 3729 1430 3799 λεγόμενα,
1461 3729 1573 3783 ἀλλ’
1614 3733 1756 3800 ἆπερ
1779 3732 1844 3786 ἂν
1881 3733 1914 3803 ή
1947 3735 2039 3788 τοῦ

365 3809 507 3862 Πνεύ
516 3825 684 3879 ματος
700 3810 1194 3881 ἐμπνεύῃχάρις),
1213 3811 1325 3865 ἀλλ’
1344 3812 1430 3866 ἵνα
1450 3815 1577 3877 τοὺς
1596 3827 1618 3854 θ
1639 3817 2042 3890 ρᾳθυμοτέρους

362 3891 476 3945 τῶν
515 3892 797 3962 ἀκροατῶν
843 3892 1236 3964 διεγείρωμεν,
1275 3895 1368 3949 καὶ
1409 3897 1686 3969 πείσωμεν
1729 3902 1893 3966 πόσος
1931 3902 2040 3956 τῶν

365 3973 609 4059 Γραφῶν
628 3975 666 4059 ὁ-
694 3973 988 4059 θησαυρὸς,
1019 3984 1111 4030 καὶ
1139 3977 1214 4042 ὡς
1244 3979 1344 4032 οὐκ
1388 3981 1626 4050 ἀσφαλὲς
1675 3983 1735 4035 τὸ
1766 3987 2036 4059 παρατρέ-

365 4074 481 4126 χειν
506 4056 624 4110 οὐδέ
645 4057 946 4111 ἀκίνδυνον.
983 4061 1045 4112 Εἰ
1084 4060 1191 4134 γάρ
1225 4064 1257 4133 ή
1285 4062 1412 4134 ψιλὴ
1447 4066 1605 4136 ῥῆσις
1643 4068 1779 4137 αῦτη
1814 4071 1908 4122 καὶ
1953 4056 2041 4123 εύ-

369 4139 653 4201 σύνοπτος,
686 4141 781 4192 καὶ
821 4140 984 4211 μηδὲν
1015 4141 1154 4212 ἔχειν
1191 4144 1485 4214 ἀναγκαῖον
1512 4148 1743 4203 δοκοῦσα
1773 4154 1885 4215 τοῖς
1917 4152 2042 4204 πολε

365 4226 500 4291 λοῖς,
531 4227 724 4297 φανείη
754 4227 946 4282 πολλοῦ
972 4229 1202 4284 πλούτου
1230 4235 1546 4305 παρέχουσα
1574 4238 1876 4308 προφάσεις
1907 4241 2040 4310 ἡμῖν

368 4315 466 4370 καὶ
506 4316 760 4387 ἀφορμάς
799 4317 1116 4386 φιλοσοφίας
1145 4322 1242 4392 τῆς
1276 4323 1558 4391 ἀνωτάτω,
1610 4326 1790 4397 πολλῷ
1841 4328 2040 4396 μᾶλλον

370 4403 572 4467 ἐκεῖνα,
597 4403 665 4456 τά
695 4405 788 4458 καὶ
825 4405 1049 4459 αὐτόθεν
1073 4406 1170 4478 τὴν
1203 4409 1410 4462 οἰκείαν
1449 4413 1710 4483 εὐπορίαν
1741 4415 2044 4468 ἐπιδεικνύ-

372 4505 531 4575 μενα,
567 4490 782 4575 μυρίων
800 4492 1069 4563 ἐμπλήσει
1093 4493 1381 4567 θησαυρῶν
1404 4498 1530 4561 τοὺς
1552 4501 1935 4571 προσέχοντας.
1950 4503 2042 4575 Μὴ

367 4572 548 4626 τοίνυν
573 4574 708 4643 μηδέ
731 4574 800 4628 τὰ
828 4577 1158 4648 νομιζόμενα
1191 4575 1328 4634 εἶναι
1355 4581 1486 4650 ψιλά
1511 4584 1618 4637 τῶν
1645 4586 1876 4658 Γραφῶν
1914 4572 2040 4662 νοήέ

374 4677 521 4750 ματα
542 4663 1002 4734 παρατρέχωμεν·
1029 4667 1128 4738 τῆς
1155 4668 1263 4741 γάρ
1284 4670 1391 4722 ἀπὸ
1420 4672 1512 4724 τοῦ
1541 4674 1855 4745 Πνεύματος
1885 4679 2042 4750 χάρι-

367 4748 463 4812 τός
492 4749 607 4803 ἐστι
646 4750 739 4802 καὶ
771 4749 968 4804 ταῦτα’
1009 4753 1326 4824 Πνεύματος
1357 4756 1412 4810 δὲ
1449 4757 1606 4829 χάρις
1640 4760 1896 4814 οὐδέποτέ
1927 4748 2043 4817 ἐστι

375 4834 547 4906 μικρά
587 4836 681 4888 καὶ
712 4836 953 4908 εὐτελὴς,
989 4839 1123 4894 ἀλλὰ
1152 4841 1360 4913 μεγάλη
1388 4845 1481 4897 καὶ
1513 4844 1791 4917 θαυμασία
1824 4848 1920 4902 καὶ
1946 4850 2045 4921 τῆς

370 4923 463 4977 τοῦ
492 4923 780 4987 δεδωκότος
799 4926 924 4992 ἀξία
949 4929 1378 5001 μεγαλοδωρίαςΐ
1402 4971 1416 4986 .
1443 4934 1531 5006 Μὴ
1553 4935 1731 4989 τοίνυν
1753 4938 2046 5008 παρέργως

371 5011 720 5080 ἀκούσωμεν,
763 5012 883 5066 ἐπεὶ
917 5015 1012 5066 καὶ
1051 5017 1098 5068 οἰ
1139 5017 1236 5088 τὴν
1281 5019 1609 5092 μεταλλικὴν
1649 5021 1871 5091 ἕψοντες
1917 5024 2042 5093 γῆν,

371 5097 590 5152 ἐπειδάν
627 5100 707 5162 εἰς
746 5100 807 5151 τὸ
847 5106 1210 5174 χωνευτήριον
1239 5106 1408 5177 αὐτὴν
1446 5108 1774 5177 ἐμϐάλωσιν,
1803 5110 1923 5180 οὐχὶ
1947 5109 2045 5173 τὰς

375 5187 554 5256 μάζας
582 5187 672 5240 τοῦ
700 5189 898 5258 χρυσοῦ
931 5191 1089 5260 μόνον
1117 5193 1481 5264 ἀναιροῦνται,
1507 5196 1644 5250 ἀλλά
1667 5198 1757 5250 καὶ
1777 5199 1844 5252 τά
1874 5199 2046 5268 μικρά

369 5271 635 5343 ψήγματα
687 5275 825 5345 μετά
863 5277 1064 5348 πολλῆς
1090 5279 1403 5347 συλλέγουσι
1424 5283 1521 5352 τῆς
1543 5283 1846 5352 ἀκριϐείας.
1889 5286 2046 5340 Ἐπεὶ

442 5373 632 5442 fSay'il:
655 5382 709 5424 et
722 5378 920 5442 quidam
940 5393 1051 5442 mss.
1076 5381 1359 5442 ἐπέστειλεν,
1377 5382 1548 5433 Morel.
1572 5389 1626 5432 et
1641 5385 1726 5435 alii
1747 5380 2053 5438 ἐπέστελλεν.Ι

437 5434 465 5474 b
489 5437 578 5484 Διά
601 5434 751 5488 ἀορεῐ
772 5440 823 5487 in
849 5441 1040 5488 duobus
1062 5455 1179 5491 mss.

439 5500 462 5563 (ξ
488 5499 732 5563 puomss.
759 5501 855 5563 ἔχει
878 5503 938 5549 τὰ
959 5502 1093 5560 ἄνθη.

432 5558 634 5628 {lSaj-il.
659 5566 711 5608 et
736 5558 837 5628 [τῆς
875 5577 990 5628 ωας.
1033 5558 1267 5628 ἐπίδειξιν,
1300 5565 1473 5615 Morel.
1502 5573 1555 5617 et
1577 5569 1658 5620 alii
1697 5573 1948 5628 ἀπόδειξιν.

440 5624 464 5650 ε
492 5635 508 5666 ι
533 5620 1000 5696 :Sici‘rescripsilpug)
1036 5627 1308 5696 ehSayjiio,
1358 5634 1637 5696 postplanle
1661 5620 1828 5692 sénso,
1857 5620 1946 5696 oro
1966 5639 2046 5684 καὶ

370 5682 450 5732 In
467 5681 590 5737 τούς.
621 5682 750 5733 lium
782 5700 800 5732 ι
819 5681 886 5722 ’-
913 5685 1038 5734 lum:
1079 5686 1230 5736 Savil.
1259 5681 1311 5738 ei
1351 5681 1556 5741 fnaxima
1584 5708 1695 5755 pars
1718 5681 1940 5745 εοίιίρῖιὶιὶ
1966 5681 2046 5746 ξᾶι

373 5745 439 5794 ὡς
461 5743 567 5794 οὐκ.
595 5742 767 5793 Morel.
795 5758 910 5794 vero
929 5749 1008 5794 καὶ
1033 5747 1135 5794 οὐκ.

423 5762 439 5794 :
461 5759 567 5794 ουκ.
595 5757 767 5793 morel.
795 5758 910 5794 vero
929 5757 1008 5794 καί
1033 5757 1135 5794 οὐκ.

373 5758 439 5800 ῶς
461 5759 567 5800 ουκ,
595 5758 767 5793 ΜΟΓΘΙ.
795 5758 910 5794 vero
929 5758 1008 5794 και
1033 5758 1135 5795 ουκ.

373 5863 415 5881 ι
442 5803 1514 5881 τιτι-βε’ωοιιᾳεειζὶριζμεγαλοδωρεᾶς,ιρι,εἰς
1536 5814 1687 5881 Ξανη.
1716 5819 1763 5867 in
1785 5832 1939 5881 marg.
1967 5819 2047 5868 ln-

368 5863 455 5939 frg-
469 5866 589 5939 hafg,
617 5863 893 5939 ἐπειδὰν-εἰς
906 5863 1465 5939 ’τόκωνευτήριον-άύτήν
1487 5863 2044 5939 ἐμϐάλωσινξξίέεῧιιίῖυ

375 5928 496 5981 adit.
522 5927 714 5989 Morcl.,
738 5931 825 5980 sed
845 5927 1087 5986 habeﬁlur
1111 5934 1160 5983 in
1187 5927 1336 5986 Savil.
1364 5927 1495 5989 el'in
1513 5927 1744 5993 omnibus
1763 5927 1906 6006 βείιὲ
1925 5927 2041 5993 ιιιδξξ

3685 342 3804 403 ,18

2127 456 2221 516 οῦν
2255 461 2352 514 καὶ
2379 461 2544 531 ἡμεῖς
2565 458 2786 540 χρυσίον
2815 457 3016 530 ἐψομεν
3043 456 3152 510 ἀπὸ
3184 456 3291 513 τῶν
3323 458 3600 528 μετάλλων
3624 460 3803 516 ἀνειλῶ

2129 566 2279 621 μενοι
2315 548 2424 602 τῶν
2461 546 2851 611 ἀποῦτολικῶν,
2885 548 2987 600 οὐκ
3014 548 3094 610 εἰς
3121 548 3483 618 χωνευτήριον
3511 547 3807 619 ἐμϐάλλον-

2127 654 2220 700 τες
2239 677 2254 695 .
2287 636 2402 690 ἀλλ’
2429 636 2508 698 εἰς
2549 633 2647 705 τὴν
2685 634 2923 688 διάνοιαν
2963 633 3063 704 τῆς
3091 633 3362 704 ὑμετέρας
3385 635 3562 704 ψυχῆς
3585 633 3801 688 καθιέν-

2127 741 2216 788 τες
2266 727 2313 790 ε,
2341 725 2460 795 οὐχὶ
2489 724 2663 793 φλόγα
2697 724 3070 786 ἀνακαίοντες,
3103 722 3238 776 ἀλλά
3269 723 3330 776 τὸ
3368 723 3482 794 πῦρ
3511 723 3604 777 τοῦ
3641 723 3807 777 πνεύο

2131 828 2300 882 ματος
2329 812 2680 876 ἀνάπτοντες,
2718 809 2854 881 μετά
2911 809 3196 882 ἀκριόεἰας
3228 809 3470 880 μεγάλης
3506 813 3598 862 καὶ
3623 811 3692 862 τά
3723 829 3812 881 μι-

2128 898 2237 970 κρά
2256 898 2519 969 ψήγματα
2558 896 2970 968 ἀναλεγώμεθα.
3018 897 3079 949 Εἰ
3118 897 3228 968 γὰρ
3260 899 3354 950 καὶ
3385 897 3613 969 βραχεῖα
3647 899 3680 968 ή
3714 897 3811 968 ῥῆ-

2133 1002 2216 1049 σις
2244 1025 2258 1047 ,
2293 984 2427 1038 ἀλλά
2449 984 2617 1056 πολλὴ
2641 987 2674 1054 ἡ
2705 985 2958 1055 δύναμις’
2993 983 3114 1037 ἐπεὶ
3140 984 3234 1038 καὶ
3266 986 3311 1036 οἰ
3347 987 3680 1055 μαργαρῖται
3705 985 3805 1036 οὐκ

2131 1073 2187 1126 ἐν
2215 1072 2291 1144 τῷ
2317 1072 2409 1127 τοῦ
2435 1071 2688 1143 σώματος
2711 1073 2880 1144 ὄγκῳ,
2913 1071 3028 1126 όιλλ⁹
3069 1073 3125 1124 ἐν
3151 1072 3229 1143 τῷ
3260 1071 3446 1125 κάλλει
3470 1073 3569 1143 τῆς
3591 1071 3807 1142 φύσεως

2130 1160 2228 1230 τὴν
2255 1160 2466 1213 οἰκείαν
2488 1157 2748 1231 εὐπορίαν
2769 1157 2797 1196 δ
2820 1159 3031 1229 ἔχουσιν
3053 1175 3066 1187 ·
3095 1157 3237 1212 οὕτω
3257 1159 3348 1212 καί
3367 1159 3476 1213 τῶν
3499 1158 3658 1212 θείων
3674 1158 3808 1228 Γρα-

2133 1245 2248 1315 φῶν
2269 1247 2302 1317 ή
2325 1247 2650 1315 ἀνάγνωσις.
2680 1248 2743 1299 Ἦ
2766 1246 2865 1318 μὲν
2890 1246 2997 1318 γὰρ
3013 1245 3210 1313 ἔξωθεν
3233 1246 3512 1310 παίδευσις
3530 1245 3608 1318 [5]
3639 1245 3806 1300 πολὺν

2131 1332 2481 1388 ἀνελίττουσα
2504 1333 2668 1405 λῆρον
2693 1335 2786 1386 καὶ
2806 1333 3007 1402 πολλὴν
3031 1333 3374 1404 καταχέουσα
3394 1333 3502 1387 τῶν
3524 1331 3808 1403 ἀκροατῶν

2134 1420 2421 1492 φλυαρίαν,
2452 1425 2634 1486 κεναῖς
2663 1423 2786 1486 τοὺς
2815 1422 3087 1492 ἀκροατὰς
3115 1421 3433 1487 ἀποπέμπει
3458 1423 3475 1462 ὶ
3509 1421 3686 1492 χερσὶ,
3716 1422 3811 1474 καὶ

2132 1509 2284 1563 οὐδὲν
2306 1507 2429 1562 οὔτε
2452 1509 2595 1580 μέγα
2614 1508 2738 1562 οὔτε
2764 1509 2962 1580 μικρὸν
2983 1509 3454 1579 καρπωσαμένους
3474 1507 3635 1560 καλόν
3655 1524 3668 1536 θ
3697 1507 3731 1576 ή
3749 1505 3808 1558 δὲ

2135 1598 2228 1652 τοῦ
2258 1597 2574 1668 Πνεύματος
2602 1599 2763 1669 χάρις
2785 1599 2883 1668 οὐχ
2910 1597 3102 1663 οὕτως,
3157 1597 3294 1652 ἀλλά
3322 1597 3631 1650 τούναντίον
3665 1594 3810 1649 ἀπαν

2133 1686 2222 1740 διά
2271 1687 2483 1758 μικρῶν
2517 1689 2774 1758 ῥημάτων
2804 1688 2938 1739 πᾶσι
2981 1687 3091 1749 τοῖς
3132 1685 3458 1757 προσέχουσι
3492 1683 3810 1753 φιλοσοφίαν

2135 1773 2406 1844 ἐντίθησι·
2442 1773 2536 1827 καὶ
2559 1775 2718 1845 ἀρκεῖ
2737 1775 2887 1844 ῥῆμα
2909 1771 3168 1834 πολλάκις
3183 1772 3238 1825 ἓν
3256 1772 3520 1835 λαϐόντας
3540 1769 3809 1834 ἐντεῦθεν,

2137 1862 2318 1933 πάσης
2350 1861 2451 1932 τῆς
2476 1859 2622 1932 ζωῆς
2654 1860 2798 1931 ἔχειν
2831 1860 3060 1930 ἐφόδιον.

2209 1948 2274 2020 β’.
2295 1951 2446 2004 Ἐπεὶ
2475 1946 2567 2003 οὖν
2591 1950 2840 2013 τοσοῦτος
2866 1951 2894 2002 ὁ
2926 1947 3536 2022 πλοῦτος,διεγείρωμεν
3564 1944 3811 2010 ἐαυτούς,

2137 2036 2230 2090 καὶ
2263 2035 2509 2110 νηφούσῃ
2534 2039 2598 2108 τῇ
2635 2037 2844 2108 διανοίᾳ
2873 2037 2940 2091 τά
2966 2036 3234 2106 λεγόμενα
3264 2034 3651 2106 ὐποδεξώμεθα
3677 2048 3691 2063 '
3717 2031 3815 2087 καὶ

2136 2122 2248 2194 γὰρ
2277 2123 2412 2194 πρὸς
2452 2123 2586 2176 πολὺ
2631 2123 2792 2193 βάθος
2818 2123 2908 2176 τὸν
2945 2123 3102 2192 λόγον
3129 2122 3374 2176 καθεῖναι
3403 2120 3808 2192 παρασκευάζο-

2142 2225 2258 2278 μαι.
2278 2207 2498 2271 Πολλοῖς
2512 2208 2621 2279 γάρ
2637 2208 2730 2261 καὶ
2753 2207 3045 2278 παρέλκειν
3061 2208 3238 2274 ἔδοξεν
3259 2209 3292 2278 ή
3317 2208 3635 2278 παραίνεσις
3652 2205 3812 2275 αὕτη,

2139 2294 2233 2346 καὶ
2253 2294 2480 2365 περιττή
2503 2311 2586 2357 τις
2612 2290 2749 2348 εἶναι
2765 2312 2778 2325 ·
2805 2295 2897 2348 καὶ
2916 2294 3146 2354 τοιαῦτα,
3168 2295 3386 2363 λέγουσι
3417 2294 3636 2365 ῥήματα
3655 2308 3668 2322 ’
3702 2293 3814 2347 Οὐκ

2139 2380 2370 2448 ἠδύνατο
2391 2381 2484 2448 ἀφ’
2502 2381 2696 2434 ἐαυτοῦ
2731 2382 2960 2435 συνιδεῖν
2988 2383 3016 2434 ό
3043 2381 3308 2452 Τιμόθεος
3337 2375 3488 2448 ᾧτινι
3514 2379 3815 2451 κεχρῆσθαι

2140 2467 2247 2520 ἔδει
2279 2467 2326 2533 i,
2345 2468 2459 2522 ἀλλ’
2489 2469 2738 2540 ἀνέμεινε
2765 2470 2916 2541 παρὰ
2948 2469 3040 2523 τοῦ
3062 2469 3383 2524 διδασκάλου
3421 2468 3646 2539 μαθεῖν;
3683 2463 3816 2521 Εἶτα

2138 2558 2166 2609 ό
2188 2555 2506 2620 διδάσκαλος
2537 2557 2599 2609 οὐ
2649 2558 2806 2628 μόνον
2846 2557 3134 2621 ἐπέταξεν,
3189 2557 3323 2610 ἀλλά
3359 2557 3456 2610 καί⁸
3496 2554 3816 2626 γράμμασιν

2139 2643 2434 2698 ἐναπέθετο
2456 2685 2472 2711 ,
2502 2645 2756 2719 καθάπερ
2793 2647 2851 2700 ἐν
2888 2648 3056 2718 στήλῃ
3102 2647 3310 2717 χαλκῇ,
3359 2648 3426 2716 τῇ
3489 2645 3624 2717 πρὸς
3654 2644 3815 2697 αὐτὸν

2141 2731 2448 2801 ἐγκολάψας
2468 2733 2744 2804 ἐπιστολῇο
2777 2735 2872 2787 καὶ
2891 2735 2991 2788 οὐκ
3020 2734 3351 2805 ἠρυθρίασεν
3374 2732 3515 2804 ὐπέρ
3560 2729 3816 2784 τοιούτοιν

2139 2821 2441 2874 ἐπιστεῖλαι
2479 2821 2713 2894 δημοσίᾳ
2756 2824 2982 2893 γράφων
3029 2822 3108 2893 τῷ
3148 2822 3397 2893 μαθητῆ;
3432 2821 3551 2874 Ἵνα
3583 2815 3676 2872 οῦν
3713 2817 3817 2888 μά-

2141 2907 2241 2979 θῃς
2260 2951 2274 2974 ,
2307 2910 2385 2962 ὅτι
2415 2911 2474 2963 οὐ
2509 2911 2669 2978 μόνον
2691 2912 2752 2964 οὐ
2803 2912 3065 2983 παρέλκει
3094 2913 3128 2982 ή
3173 2910 3523 2982 παραίνεσις,
3567 2907 3703 2962 ἀλλά
3723 2907 3816 2960 καὶ

2141 2998 2428 3066 ἀναγκαία
2460 2999 2552 3052 καί⁵
2600 3000 2995 3075 χρησιμωτάτη
3029 2999 3219 3069 γέγονε
3241 3039 3255 3062 ,
3296 2998 3391 3051 καὶ
3441 2997 3562 3068 οὐχὶ
3603 2995 3816 3051 Παύλου

2143 3084 2261 3136 ἐστί
2294 3085 2467 3150 τοῦτο,
2505 3086 2641 3140 ἀλλά
2669 3088 2769 3158 τῆς
2803 3086 2896 3140 τοῦ
2930 3088 3243 3158 Πνεύματος
3274 3085 3494 3156 χάριτος
3513 3125 3524 3145 ,
3553 3084 3614 3136 οὐ
3645 3083 3704 3136 τὸ
3727 3082 3820 3135 λεοο

2066 3221 2068 3223 ,
2141 3171 2332 3242 χθῆναι
2361 3173 2518 3242 μόνον
2550 3173 2710 3241 λέγω,
2747 3172 2883 3226 ἀλλά
2907 3173 3002 3226 καὶ
3044 3173 3105 3226 τὸ
3147 3173 3466 3244 γράμμασιν
3514 3167 3818 3236 ἐντεθῆναι.

2142 3260 2238 3312 καὶ
2259 3261 2392 3313 πᾶσι
2413 3264 2526 3324 τοῖς
2552 3261 2797 3331 γίνεσθαι
2822 3263 3073 3332 μέλλουσι
3102 3262 3192 3314 διά
3213 3261 3312 3331 τῆς
3335 3259 3622 3326 ἐπιστολῆς
3647 3273 3822 3328 παρα-

2143 3343 2359 3415 δοθῆναι
2411 3347 2647 3418 ταύτης,
2693 3351 2778 3402 ἐπ’
2805 3350 2968 3421 αὐτὴν
3005 3348 3290 3420 βαδιοῦμαι
3332 3347 3514 3401 λοιπὸν
3543 3345 3641 3415 τὴν
3681 3343 3822 3397 ἀπό-

2142 3431 2326 3498 δειξιν.
2370 3435 2525 3487 Μετά
2552 3437 2661 3504 γάρ
2689 3436 2796 3489 τῶν
2837 3437 3142 3507 εἰρημένων
3179 3437 3273 3489 καὶ
3306 3435 3491 3505 ἓτερον
3519 3433 3677 3486 τοῦτο
3719 3433 3824 3487 οὐκ

2145 3517 2362 3572 ἔλαττον
2385 3519 2702 3593 διαποροῦσί
2733 3540 2878 3586 τινες
2897 3562 2912 3586 ,
2953 3521 3242 3593 ζητοῦντες
3267 3521 3403 3592 πρὸς
3427 3521 3650 3583 ἑαυτοὺς
3678 3519 3824 3584 τινος

2144 3605 2329 3660 ἕνεκεν
2360 3609 2733 3680 συνεχώρησεν
2759 3611 2788 3662 ό
2811 3609 2944 3670 Θεὸς
2978 3610 3147 3681 ἄνδρα
3168 3609 3438 3679 τοσαύτην
3460 3609 3650 3678 ἔχοντα
3679 3608 3824 3679 παῤ-

2147 3693 2361 3764 ῥησίαν,
2397 3690 2458 3748 οῦ
2483 3695 2550 3749 τά
2572 3697 2706 3749 ὀστᾶ
2736 3697 2829 3749 καὶ
2857 3696 2923 3750 τά
2946 3696 3172 3766 λείψανα
3201 3696 3458 3766 δαίμονας
3485 3694 3819 3765 ἀπήλαυνεν,

2145 3781 2427 3852 ἀρρωστίᾳ
2463 3783 2698 3854 τοσαύτῃ
2743 3786 3090 3855 περιπεσεῖν·
3135 3784 3197 3835 οὐ
3241 3783 3349 3852 γάρ
3384 3781 3570 3844 ἁπλῶς
3603 3780 3776 3833 ἐνόσει
3804 3821 3820 3846 ,

2146 3863 2259 3916 ἀλλ’
2293 3866 2412 3931 ἀεὶ,
2460 3869 2553 3921 καὶ
2583 3869 2877 3939 διηνεκῶς,
2917 3870 3012 3923 καὶ
3044 3868 3361 3940 ἐπαλλήλοις
3395 3871 3490 3921 καὶ
3544 3867 3825 3938 συνεχέσιν

2148 3951 2514 4021 ἀρρωστίαις,
2561 3955 2655 4008 καὶ
2695 3956 2814 4009 οὐδέ
2855 3958 3052 4028 μικρὸν
3098 3956 3243 4028 αὐτῷ
3291 3957 3657 4028 παρεχούσαις
3693 3957 3826 4009 ἀνα·-

2147 4040 2319 4092 πνεῖν.
2362 4039 2532 4092 Πόθεν
2575 4042 2730 4095 τοῦτο
2761 4042 2950 4113 δῆλον;
2998 4043 3090 4108 Ἐξ
3131 4043 3308 4097 αὐτῶν
3348 4043 3455 4096 τῶν
3484 4041 3576 4096 τοῦ
3605 4041 3824 4096 Παύλου

2147 4125 2434 4195 ρημάτωψ
2471 4128 2531 4180 οὐ
2558 4128 2667 4201 γὰρ
2696 4129 2720 4168 ιε
2747 4126 2888 4193 εἷπε,
2924 4131 3022 4185 Διά
3057 4134 3155 4202 τὴν
3186 4130 3471 4185 ἀσθένειαν
3495 4171 3511 4196 ,
3546 4129 3683 4183 ἀλλά
3719 4129 3826 4183 Διὰ
3891 4135 3902 4142 ’

2146 4212 2253 4279 τὰς
2289 4215 2636 4284 ἀσθενείας,
2673 4217 2775 4274 ’καὶ
2805 4220 2926 4273 οὐδέ
2969 4220 3156 4283 ἁπλῶς
3193 4219 3546 4284 ἀσθενείας,
3596 4216 3730 4270 ἀλλά
3760 4216 3826 4269 τὸ

2148 4303 2368 4372 συνεχὲς
2411 4305 2589 4361 αὐτῶν
2622 4307 2796 4378 δηλῶν
2835 4308 3026 4377 ἔλεγε,
3063 4308 3180 4374 Τὰς
3216 4307 3452 4373 πυκνάς
3495 4323 3611 4360 σου
3641 4307 3825 4360 ἀσθε-

2146 4389 2330 4456 νείας.
2359 4392 2726 4449 Ἀκουέτωσαν
2752 4397 2865 4450 ὅσοι
2902 4399 3090 4468 μακρᾷ
3117 4395 3516 4467 παραδοθέντες
3539 4395 3682 4465 νόσῳ
3696 4394 3826 4446 δυσ-

2148 4476 2502 4545 ανασχετοῦσι
2551 4481 2644 4534 καὶ
2699 4483 3154 4553 ἀπαγορεύουσιν.
3201 4483 3277 4534 Οὐ
3314 4481 3473 4535 τοῦτο
3508 4481 3566 4534 δέ
3607 4482 3724 4533 ἐστι
3762 4479 3827 4532 τὸ

2149 4559 2478 4632 ζητούμενον
2514 4566 2693 4636 μόνον,
2712 4568 2792 4621 ὅτι
2821 4569 2975 4638 ἆγιος
3003 4569 3078 4623 ὢν
3102 4571 3296 4634 ἐνόσει,
3332 4571 3426 4622 καὶ
3457 4567 3632 4632 οὕτως
3648 4566 3825 4621 ἐνόσει

2151 4650 2406 4720 συνεχῶς,
2439 4652 2552 4705 ἀλλ’
2579 4654 2660 4708 ὅτι
2687 4657 2780 4709 καὶ
2823 4657 2892 4711 τὰ
2914 4657 3068 4711 κοινά
3088 4657 3188 4727 τῆς
3211 4656 3533 4727 οἰκουμένης
3557 4652 3624 4727 ἦν
3651 4657 3826 4726 ἐμπεο

2151 4738 2506 4807 πιστευμένος
2546 4742 2865 4812 πράγματα.
2896 4745 2957 4796 El
2988 4745 3085 4813 μὲν
3115 4743 3223 4817 γάρ
3250 4740 3330 4806 εἷς
3363 4743 3586 4797 ἐκείνων
3614 4738 3682 4814 ἦν
3713 4740 3825 4794 τῶν

2149 4823 2230 4884 εις
2251 4822 2349 4886 τὰς
2395 4827 2639 4897 κορυφὰς
2683 4829 2789 4881 τῶν
2815 4829 2986 4899 ὀρέων
3020 4831 3519 4902 ἀνακεχωρηκότων
3540 4872 3554 4895 ,
3587 4830 3682 4884 καὶ
3713 4829 3824 4882 τῶν

2149 4907 2241 4960 ἐπὶ
2255 4909 2355 4979 τῆς
2371 4911 2607 4982 ἐρημίας
2623 4913 2863 4984 καλύόην
2886 4916 3234 4986 πηξαμένων,
3259 4918 3473 4970 καὶτῶν
3492 4918 3823 4989 ἀπράγμονα

2148 4994 2335 5050 τοῦτον
2367 4999 2727 5071 ἀνῃρημένων
2750 5002 2882 5072 βίον,
2907 5003 3006 5056 οὐκ
3028 5000 3096 5075 ῆν
3120 5005 3291 5068 οὕτως
3309 5006 3512 5077 ἄπορον
3539 5005 3598 5059 τὸ
3631 5004 3826 5076 ζητού-

2154 5100 2344 5154 μενον·
2394 5087 2455 5140 τὸ
2486 5088 2542 5141 δέ
2574 5090 2653 5150 είς
2702 5091 2867 5160 μέσον
2909 5092 3379 5163 προϐεϐλημένον,
3418 5094 3512 5146 καὶ
3552 5092 3824 5145 τοσούτων

2165 5170 2499 5242 Ἐκκλησιῶν
2526 5176 3000 5256 ἐγκεχειρισμένον
3039 5179 3344 5248 φροντίδας,
3370 5181 3466 5232 καὶ
3495 5179 3677 5242 πόλεις
3703 5179 3823 5232 ὁλο-

2151 5259 2387 5328 κλήρους
2418 5262 2511 5314 καὶ
2540 5262 2666 5334 έθνη
2703 5266 2796 5317 καὶ
2818 5266 2916 5336 τὴν
2947 5267 3270 5337 οἰκουμένην
3305 5267 3524 5320 ἃπασαν
3573 5267 3712 5337 μετά
3735 5283 3824 5319 το-

2154 5346 2355 5416 σαύτης
2381 5349 2634 5404 διέποντα
2666 5352 2974 5423 προθυμίας
3001 5372 3060 5408 τε
3092 5355 3185 5407 καὶ
3211 5356 3446 5426 σπουδῆς
3465 5398 3480 5422 ,
3502 5359 3568 5428 τῇ
3595 5357 3696 5426 τῆς
3724 5355 3825 5425 ἀρ-

2155 5436 2387 5504 ρωστίας
2416 5439 2626 5510 ἀνάγκη
2663 5442 3068 5514 παραδοθῆναι,
3113 5442 3271 5498 τοῦτό
3319 5446 3435 5498 ἐστι
3479 5446 3540 5499 τὸ
3597 5446 3833 5512 μάλιστα

2217 5577 2242 5646 β
2270 5575 2404 5646 {Illos
2424 5579 2620 5646 _cod._et
2645 5580 2795 5646 Savil.
2824 5585 2872 5631 in
2891 5597 3047 5646 marg.
3078 5587 3369 5642 καταθέντες.

2216 5639 2243 5708 ξι
2393 5640 2612 5708 εὐπορίαν
2633 5644 2713 5690 καὶ
2737 5639 3032 5708 εὐπρέπειανῖ

2222 5699 2234 5764 ξ
2267 5700 2363 5764 Alli
2389 5699 2706 5764 παραπέμπει.

2219 5761 2242 5840 ξ.
2393 5764 2419 5809 ὁ
2443 5761 2667 5837 Τιμόθεος
2692 5765 2898 5840 ὄτιῖοῖνῳ
2929 5771 3187 5840 κεχρῆσθαι
3211 5769 3296 5817 δεῖ.

2217 5821 2242 5892 _k
2273 5821 2698 5892 Alii_ypa;£pa’519y,
2725 5827 2779 5874 οὐ
2798 5821 2903 5892 γᾴῥ.
2949 5821 3076 5879 ΙιῖῙίιὶ
3104 5830 3384 5892 Bernartius
3403 5831 3666 5881 Brlxianus
3687 5832 3830 5892 lege-

2156 5888 2226 5960 te;
2256 5886 2772 5960 μέιχξᾷμπᾳραᾷρθέπίτες
2797 5886 2941 5960 doing.
2984 5891 3156 5960 savil.,
3203 5891 3374 5940 Morel.
3405 5898 3459 5941 et
3501 5892 3583 5960 alii
3631 5886 3830 5960 μαγέᾷε

2159 5950 2363 6006 utraque
2397 5945 2547 5995 lectio
2569 5948 2809 6010 quadram:
2847 5945 3032 6014 potest,
3053 5945 3153 6003 scd'
3177 5961 3375 6016 praestat
3402 5959 3575 6018 μακρᾷ.
