4072 6384
324 379 387 435 ΓΙ
1300 375 1389 430 AD
1428 368 1747 426 POl‘ULUM
1789 368 2279 429 ANTIOCIIENUM
2345 370 2573 429 llOMIL.
2618 372 2656 428 Ι.
3523 374 3590 427 18

320 495 398 547 cia
426 506 539 553 eos,
564 489 653 559 qui
685 497 915 544 mentem
941 488 1214 555 adhibent,
1237 485 1448 543 diabolo
1472 476 1903 550 inexpugnabiles

320 583 494 638 reddit
517 599 535 649 ;
563 589 619 636 et
643 590 910 650 tamquam
935 582 1051 652 lyra
1080 594 1290 636 rursum
1319 576 1482 632 multa
1509 587 1629 628 cum
1657 567 1905 638 jucundi-

322 684 431 729 tate
456 673 746 736 delectans,
777 672 1123 727 absurdarum
1152 671 1368 725 morbos
1412 664 1789 736 cogitationum
1814 673 1904 711 so-

326 772 422 839 pit,
455 783 517 823 ac
546 767 763 821 multam
795 782 915 820 cum
958 766 1228 835 voluptate
1255 762 1408 817 nobis
1431 760 1584 814 aﬂ'ert
1609 755 1907 810 utilitatem.

324 861 462 917 Audi
496 860 562 915 tis
608 859 765 929 igitur
809 859 968 913 hodie
997 858 1063 912 de
1094 857 1275 912 multis
1313 865 1366 909 et
1410 848 1725 907 necessariis
1752 846 1913 900 rebus

327 950 611 1006 Timotheo
651 948 1048 1003 disserentem?
1078 948 1285 1003 Etenim
1315 946 1379 998 de
1407 938 1825 998 ordinationibus
1848 933 1915 989 ad

326 1043 498 1112 ipsum
528 1041 761 1110 scripsit,
789 1040 973 1094 dicens
1005 1057 1018 1095 :
1047 1038 1231 1092 Manus
1259 1038 1356 1090 cito
1385 1033 1570 1088 nemini
1594 1026 1912 1099 imposueris,

322 1152 484 1204 neque
507 1135 946 1188 ronnmmimveris
975 1132 1188 1202 peccatis
1209 1131 1383 1182 alienis
1417 1128 1488 1197 (Ι.
1533 1124 1666 1178 Tim.
1698 1122 1751 1176 5.
1783 1119 1913 1187 2'2):

329 1239 382 1281 ct
410 1225 743 1281 intolerabile
772 1226 889 1280 talis
938 1220 1385 1293 prasvaricationis
1426 1216 1717 1286 periculum
1749 1224 1914 1279 expo-

331 1319 458 1381 suit,
494 1317 868 1371 demonstrans
889 1314 1028 1382 quod
1056 1313 1314 1367 malorum
1346 1309 1414 1363 ab
1438 1308 1555 1360 aliis
1585 1310 1916 1374 perpetrato-

329 1424 448 1462 rum
481 1406 797 1481 supplicium
842 1405 927 1459 alii
958 1420 1074 1459 eum
1104 1403 1208 1457 illis
1253 1401 1382 1470 ipsis
1412 1396 1768 1457 sustinebunt,
1799 1391 1920 1461 quia

327 1516 425 1570 per
473 1479 858 1554 ordinationem
909 1494 1231 1564 improbitati
1268 1491 1547 1546 conferunt
1581 1492 1918 1557 potestatem.

328 1590 453 1643 Mox
484 1605 669 1643 rursus
716 1588 885 1655 inquit
915 1607 926 1639 :
960 1585 1090 1639 Vino
1116 1585 1310 1637 modico
1335 1596 1474 1635 utere
1505 1586 1705 1648 prapter
1736 1585 1919 1627 stoma-

328 1681 478 1732 chum
508 1689 668 1739 tuum,
692 1687 738 1731 et
759 1678 1039 1745 frequentes
1062 1686 1171 1728 tuas
1198 1675 1513 1741 inﬁrmitates
1545 1667 1590 1739 (l
1599 1667 1682 1720 bid
1692 1708 1701 1718 .
1730 1682 1781 1719 v.
1803 1664 1919 1732 ‘23).

330 1771 395 1825 lit
422 1769 489 1823 de
517 1784 796 1824 servorum
827 1767 1175 1836 subjectione,
1206 1775 1260 1819 et
1288 1763 1355 1817 de
1380 1775 1660 1815 avarorum
1690 1755 1913 1819 insania,

328 1871 384 1913 et
410 1861 477 1914 de
504 1860 723 1914 divitum
754 1859 1050 1927 arrogantia
1070 1899 1086 1923 ,
1114 1867 1167 1911 et
1196 1855 1261 1909 de
1289 1853 1469 1908 multis
1497 1852 1615 1906 aliis
1642 1848 1794 1903 nobis
1822 1846 1922 1901 lto-

330 1951 419 2005 die
445 1950 715 2005 disseruit.
743 1950 876 2006 Cum
918 1949 1077 2019 igitur
1113 1946 1292 2001 omnia
1324 1956 1631 2014 percurrere
1674 1954 1776 1993 non
1804 1951 1927 2006 pos-

332 2043 523 2107 simus,
553 2040 677 2107 quid
707 2040 868 2093 vultis
894 2038 1378 2096 eeommemoratis
1391 2032 1944 2106 proponenteschari—

332 2133 429 2187 tati
460 2141 649 2187 vestrm
692 2131 972 2186 dicamus?
1004 2129 1160 2184 Velut
1200 2128 1341 2183 enim
1383 2127 1434 2181 in
1461 2139 1613 2195 prato
1654 2121 1850 2177 multos
1872 2128 1928 2174 et

335 2224 510 2276 varios
554 2222 712 2277 video
760 2222 1001 2276 lectionis
1044 2221 1202 2275 ﬂores
1249 2226 1304 2274 et
1348 2217 1580 2287 amplum
1628 2214 1923 2277 rosarium,

338 2299 533 2367 multas
560 2328 690 2367 vero
720 2312 906 2377 violas,
937 2328 1037 2366 nec
1065 2311 1309 2380 pauciora
1356 2308 1461 2361 lilia
1486 2324 1501 2373 ;
1534 2305 1627 2361 sed
1655 2316 1707 2359 et
1726 2305 1927 2357 varium

338 2405 536 2475 ubique
578 2414 632 2460 et
658 2406 931 2474 copiosum
962 2405 1179 2475 spiritus
1218 2402 1446 2457 fructum
1486 2399 1884 2454 disseminatum
1911 2437 1925 2462 ,

336 2502 393 2549 et
421 2496 636 2548 multam
665 2494 845 2548 odoris
871 2494 1185 2547 suavitatem
1218 2509 1231 2545 :
1266 2493 1371 2547 imo
1399 2506 1526 2544 vero
1564 2504 1667 2542 non
1701 2495 1930 2541 tantum-

338 2583 499 2638 modo
528 2595 756 2652 pratum,
786 2599 972 2638 verum
1021 2582 1299 2651 paradisus
1338 2589 1418 2635 est
1443 2579 1736 2633 divinarum
1773 2576 1930 2630 lectio

339 2674 736 2743 Scripturarum
772 2694 786 2729 :
815 2692 919 2728 non
967 2674 1107 2727 enim
1140 2672 1480 2741 fragrantiant
1511 2670 1684 2724 solum
1737 2668 1929 2721 nudam

340 2765 538 2819 habent
567 2765 683 2833 ejus
729 2764 908 2828 ﬂores,
940 2763 1032 2818 sed
1061 2773 1114 2817 et
1154 2762 1418 2827 fructum,
1448 2762 1534 2830 qui
1566 2761 1797 2814 animam
1829 2776 1928 2811 nn-

342 2858 472 2910 Irire
515 2858 701 2925 possit.
749 2855 884 2924 Quid
928 2856 1085 2925 igitur
1116 2854 1182 2909 de
1225 2854 1382 2908 dictis
1426 2852 1478 2906 in
1511 2850 1742 2905 medium
1776 2849 1931 2903 vultis

340 2962 561 3015 agamus
586 2946 786 3000 hodie?
828 2946 987 2999 vultis
1025 2944 1163 3015 quod
1192 2944 1429 2999 omnium
1476 2942 1787 2996 vilissimum
1814 2955 1932 2994 esse

341 3036 575 3099 videtur,
624 3046 678 3090 et
712 3035 1009 3105 quibusque
1053 3036 1323 3089 intellectu
1368 3033 1698 3098 facillimum,
1748 3030 1930 3084 hocin

342 3130 595 3196 praisenti
619 3126 951 3181 tractemus?
982 3126 1105 3179 Mihi
1134 3140 1325 3195 nempe
1346 3125 1536 3194 placet,
1564 3122 1656 3177 sed
1684 3131 1739 3176 et
1759 3121 1928 3186 vobis,

345 3217 448 3271 hoc
486 3218 622 3272 bene
672 3217 813 3279 novi,
866 3218 1062 3285 parite:-
1092 3217 1335 3286 placebit.
1385 3213 1522 3282 Quid
1561 3228 1687 3268 vero
1718 3212 1930 3267 tandem

341 3316 426 3360 est
469 3306 588 3360 aliis
639 3306 887 3359 facilius?
916 3306 1039 3375 quid
1087 3314 1264 3359 autem
1307 3304 1447 3358 aliud
1489 3318 1647 3373 quam
1697 3301 1835 3371 quod
1880 3310 1935 3355 et

345 3396 567 3449 cuilibet
610 3396 761 3449 facile
811 3405 863 3449 et
891 3395 1034 3448 dictu
1064 3394 1503 3463 compendiosum
1533 3406 1651 3447 esse
1679 3389 1933 3445 videtur?

346 3486 516 3551 Quale
542 3486 754 3555 quidem
784 3485 966 3539 istud?
999 3484 1200 3537 Modico
1224 3486 1338 3537 vino
1364 3493 1501 3537 utere
1521 3492 1724 3552 propter
1744 3490 1933 3533 stoma—

345 3578 497 3631 chum
546 3586 722 3643 tuum,
762 3587 807 3629 et
855 3576 1053 3629 crebras
1102 3575 1422 3643 wgritudines
1462 3582 1594 3625 tuas.
1650 3571 1743 3625 Eia
1777 3570 1933 3639 igitur

344 3684 563 3724 omnem
612 3668 908 3723 orationem
982 3666 1035 3721 in
1110 3666 1249 3720 hanc
1314 3663 1681 3735 impendamus
1743 3661 1934 3717 dictio-

344 3774 494 3814 nem.

400 3871 705 3949 Scriptura:
727 3886 886 3925 sacra:
910 3870 987 3923 vel
1009 3869 1231 3923 minima:
1252 3868 1505 3921 sententh
1530 3868 1760 3937 pretiosa:
1800 3872 1935 3917 sunt.

346 3988 422 4005 α·-
440 3962 550 4014 lloc
566 3971 739 4015 autem
773 3958 995 4015 facimus
1025 3976 1129 4013 non
1152 3959 1457 4013 ambitionis
1475 3957 1663 4027 gratia,
1695 3971 1866 4025 neque
1884 3956 1936 4009 in

346 4050 581 4105 dicendo
605 4050 868 4104 facultatis
908 4052 1317 4104 ostentationem
1348 4049 1601 4104 exhibere
1629 4048 1937 4103 studentes:

351 4156 463 4196 non
493 4142 632 4195 enim
657 4157 775 4210 quae
811 4142 1055 4195 dicuntur
1077 4150 1254 4194 nostra
1281 4149 1421 4201 sunt,
1453 4139 1544 4192 sed
1572 4155 1690 4208 qua:
1716 4138 1941 4207 Spiritus

350 4233 523 4304 gratia
548 4232 809 4287 afﬂaverit
834 4250 848 4285 :
878 4232 971 4288 sed
1006 4241 1061 4286 ut
1097 4232 1367 4286 auditores
1394 4230 1474 4284 vel
1504 4230 1776 4299 segniores
1801 4228 1945 4283 exci-

355 4336 554 4391 temus,
601 4334 655 4380 et
700 4334 928 4394 quantus
975 4325 1043 4378 sit
1087 4323 1478 4392 Scripturarum
1532 4321 1843 4382 thesaurus,
1890 4329 1944 4373 et

352 4416 499 4486 quod
523 4431 696 4485 neque
725 4417 950 4471 liberum
980 4415 1046 4470 sit
1075 4431 1246 4485 neque
1292 4424 1461 4468 tutum
1505 4428 1596 4468 eas
1627 4421 1942 4482 prmtercur-

356 4522 499 4571 rere,
531 4506 968 4576 persuadeamus.
1000 4506 1055 4560 Si
1082 4506 1223 4561 enim
1258 4505 1430 4559 tenuis
1458 4504 1571 4557 haec
1598 4512 1651 4557 et
1692 4517 1946 4570 compen-

356 4600 509 4654 diosa
540 4599 722 4663 dictio,
750 4610 801 4652 et
827 4614 945 4668 quae
988 4598 1119 4652 nihil
1149 4598 1506 4651 necessarium
1535 4596 1715 4650 multis
1752 4593 1946 4647 habere

355 4690 590 4754 videtur,
640 4689 924 4743 multarum
967 4704 1181 4743 causam
1229 4686 1534 4740 divitiarum
1577 4694 1631 4739 et
1674 4684 1946 4737 altissimae

356 4778 709 4850 philosophia:
758 4778 1061 4833 occasiones
1111 4777 1264 4831 nobis
1286 4760 1536 4844 pra-bere
1584 4776 1693 4827 visa
1742 4772 1944 4838 fuerit;

358 4870 529 4925 multo
555 4871 725 4939 magis
752 4870 859 4933 illa,
889 4884 1006 4939 quae
1053 4877 1106 4923 et
1134 4885 1198 4923 ex
1228 4884 1286 4923 se
1315 4867 1656 4922 domesticam
1683 4872 1951 4919 ostentant

362 4964 610 5032 c0piam,
652 4962 875 5016 infinitis
922 4962 1182 5017 thesauris
1239 4960 1719 5014 animadvertentes
1763 4957 1950 5023 imple-

360 5055 516 5108 bunt.
565 5052 728 5123 Igitur
772 5067 870 5107 nec
900 5053 1016 5106 illas
1044 5052 1256 5120 quidem
1279 5093 1293 5116 ,
1340 5068 1457 5121 qua:
1500 5061 1685 5103 tenues
1714 5064 1830 5103 esse
1856 5064 1952 5115 pu-

361 5155 563 5210 tantur,
588 5145 981 5212 Scripturarum
1004 5143 1293 5197 sententias
1310 5152 1794 5210 prartercurramus.
1819 5138 1949 5192 Nam

359 5246 418 5292 et
444 5238 570 5307 ipsa:
594 5235 660 5292 de
685 5236 914 5307 Spiritus
954 5236 1121 5305 gratia
1148 5244 1273 5289 sunt
1301 5253 1313 5288 :
1343 5233 1569 5302 Spiritus
1592 5241 1764 5286 autem
1786 5229 1951 5301 gratia

362 5436 503 5478 Hunc
532 5434 770 5490 [.razterea
795 5425 985 5476 titulum
1024 5426 1171 5490 habet
1204 5423 1404 5490 savilius
1436 5424 1861 5490 sine_discrimlne.
1887 5430 1951 5490 Fat

361 5491 441 5540 bis
466 5483 608 5551 poi-ro
634 5490 795 5537 verbis
824 5490 939 5551 lucc,
958 5488 1099 5537 titulo
1137 5495 1303 5551 nostro
1327 5486 1584 5534 inserenda
1615 5486 1879 5551 duximus,
1901 5483 1954 5532 in

360 5549 531 5603 Pulice
553 5564 643 5598 seu
664 5550 822 5599 veteri
840 5550 1060 5599 ecclesia.
1079 5549 1229 5597 Palma
1251 5561 1338 5597 seu
1379 5555 1538 5604 vetus,
1567 5549 1821 5596 vocabatur
1845 5557 1956 5606 pars

364 5614 623 5679 Antiochia:
634 5613 782 5679 urbis
804 5613 861 5679 ad
885 5619 1112 5679 Orontem
1136 5611 1331 5659 ﬂuvium
1349 5610 1469 5679 sita:
1493 5609 1540 5655 in
1564 5620 1656 5679 qua
1675 5614 1783 5679 erat
1798 5605 1957 5679 eccle-

362 5678 434 5723 sia
458 5674 609 5722 Pal-.ea
634 5675 752 5722 item
790 5674 930 5728 dicta,
961 5675 1203 5733 etiamque
1229 5666 1633 5733 Apostolica,quia
1645 5669 1705 5716 ab
1728 5666 1957 5733 apostolis

366 5735 585 5848 Longi}?
614 5735 730 5785 vide
753 5747 863 5799 qua:
886 5735 974 5785 bac
1005 5734 1069 5784 de
1104 5730 1162 5784 re
1194 5730 1405 5783 diximus
1441 5733 1490 5783 in
1522 5730 1641 5781 Edit.
1685 5730 1949 5791 Athanasii,

364 5810 417 5860 p.
453 5810 565 5848 711.

2014 493 2299 551 numquam
2347 499 2509 555 parva
2551 492 2606 541 et
2630 483 2769 552 vilis,
2800 483 2893 541 sed
2921 499 3109 557 magna
3137 493 3192 543 et
3231 486 3511 550 mirabilis,
3541 499 3597 544 et

2013 575 2188 630 dantis
2212 576 2571 633 munificentia
2600 577 2778 648 digna.
2806 577 2883 633 Ne
2913 578 3072 649 igitur
3093 579 3265 635 otiose
3288 580 3593 647 audiamus,

2013 668 2259 736 quoniam
2278 669 2364 739 qui
2388 670 2719 725 metallorum
2743 680 2935 726 terram
2965 683 3286 743 excoquunt,
3318 684 3594 745 postquam

2018 762 2072 813 in
2094 762 2357 815 caminum
2386 762 2552 830 ipsam
2582 763 2875 832 injecerint,
2894 779 2999 817 non
3032 773 3232 819 tantum
3258 766 3371 819 auri
3394 781 3595 821 massas

2018 850 2229 914 tollunt,
2258 851 2351 907 sed
2389 862 2443 907 et
2485 868 2672 921 parvas
2701 853 2998 908 bracteolas
3024 855 3189 909 multa
3235 872 3355 909 eum
3399 856 3597 910 seduli-

2021 951 2126 998 tate
2154 944 2427 1013 colligunt.
2471 945 2727 1011 Quoniam
2761 946 2917 1015 igitur
2958 955 3012 1001 et
3041 962 3140 1001 nos
3168 962 3354 1001 aurum
3382 964 3446 1001 ex
3473 963 3600 1016 apo-

2018 1036 2219 1091 stolicis
2246 1037 2488 1092 haustum
2518 1038 2767 1093 metallis.
2784 1038 3143 1109 excoquimus,
3176 1054 3280 1092 non
3328 1039 3378 1092 in
3422 1037 3605 1093 forna-

2020 1142 2136 1180 cem
2184 1126 2477 1196 jacientes,
2535 1128 2627 1183 scd
2680 1130 2731 1183 in
2785 1130 2975 1183 animm
3019 1140 3212 1183 vestrm
3257 1129 3605 1198 cogitationes

2023 1218 2387 1282 immittentes,
2429 1235 2534 1275 non
2578 1220 2844 1274 ﬂamntam
2890 1220 3258 1284 accendentes,
3291 1220 3384 1275 sed
3430 1222 3603 1290 ignem

2023 1312 2240 1379 Spiritus
2280 1313 2612 1379 excitantes;
2646 1329 2832 1383 parvas
2858 1314 3018 1368 etiam
3064 1313 3228 1368 micas
3272 1328 3459 1381 magna
3488 1312 3606 1367 dili-

2023 1405 2198 1472 gentia
2249 1404 2578 1473 colligamus.
2628 1404 2778 1460 Licet
2829 1405 2969 1459 enim
3020 1404 3182 1459 breve
3229 1404 3299 1457 sit
3343 1403 3605 1468 verbum,

2025 1493 2188 1547 multa
2222 1504 2395 1549 tamen
2426 1504 2508 1550 est
2553 1494 2718 1551 virtus
2744 1513 2758 1561 ;
2788 1496 3034 1564 quoniam
3083 1503 3138 1549 et
3170 1510 3393 1563 gemmae
3420 1508 3523 1547 non
3555 1494 3634 1547 in~

2026 1587 2266 1657 corporis
2311 1589 2471 1655 mole,
2517 1589 2611 1644 sed
2664 1589 2719 1643 in
2765 1597 2967 1643 naturae
3013 1587 3405 1658 pulchritudine
3453 1601 3607 1641 suum

2028 1680 2255 1748 pretium
2306 1681 2323 1712 ί
2367 1679 2584 1744 habent,
2642 1679 2720 1734 sic
2767 1689 2821 1733 et
2852 1676 3168 1734 divinarum
3218 1678 3608 1747 Scripturarum

2028 1769 2204 1824 lectio.
2238 1769 2471 1824 Externa
2492 1771 2687 1839 quippe
2713 1769 2949 1824 doctrina
2973 1769 3167 1823 multas
3191 1769 3397 1838 jactans
3423 1782 3610 1836 nugas,

2026 1870 2079 1918 et
2094 1861 2313 1918 multam
2332 1860 2615 1915 infundens
2629 1861 2954 1915 auditoribus
2982 1860 3301 1924 futilitatem,
3319 1873 3413 1913 eos
3432 1856 3615 1911 vacuis

2027 1953 2250 2008 remittit
2278 1953 2542 2018 manibus,
2589 1951 2790 2006 nullum
2822 1966 2994 2020 neque
3019 1965 3265 2019 magnum
3297 1962 3469 2017 neque
3495 1962 3619 2016 par-

2027 2059 2152 2100 vum
2178 2043 2410 2098 lucratos
2443 2044 2879 2097 emolumentum.
2908 2041 3134 2111 Spiritus
3158 2054 3285 2093 vero
3312 2038 3480 2108 gratia
3506 2050 3614 2090 non

2030 2134 2335 2204 hujusmodi
2360 2175 2374 2199 ,
2417 2133 2513 2189 sed
2554 2134 2606 2187 in
2646 2132 2969 2187 contrarium
3013 2130 3232 2184 omnino
3276 2144 3370 2199 per
3408 2125 3615 2182 modica

2032 2224 2194 2280 verba
2221 2224 2468 2279 omnibus
2487 2222 2887 2277 advertentibus
2913 2218 3302 2290 plti1050phiam
3332 2217 3485 2271 affert
3518 2234 3531 2269 :
3560 2224 3616 2270 ct

2033 2316 2212 2370 multis
2249 2330 2391 2385 smpc
2418 2314 2637 2370 verbum
2664 2329 2825 2368 unum
2856 2312 3052 2368 sufficit
3075 2313 3199 2367 hinc
3240 2310 3574 2381 excerpsissc
3597 2349 3613 2376 ,

2036 2419 2091 2463 ut
2120 2411 2281 2464 totius
2320 2409 2440 2463 vitae
2469 2408 2713 2463 viaticum
2743 2407 2989 2462 habeant.

2103 2502 2156 2556 2.
2202 2502 2463 2569 Quoniam
2512 2501 2670 2569 igitur
2712 2507 2857 2553 tanta
2905 2498 3057 2552 adest
3101 2496 3274 2565 copia,
3326 2508 3424 2548 nos
3475 2492 3618 2563 ipsos

2035 2593 2345 2653 excitemus,
2381 2600 2433 2644 et
2465 2590 2605 2659 vigili
2631 2600 2810 2644 mente
2835 2603 2954 2658 qua:
2977 2588 3225 2641 dicuntur
3247 2584 3615 2652 suscipiamus:

2035 2682 2100 2735 ad
2129 2696 2371 2749 magnam
2402 2679 2543 2735 enim
2572 2677 2980 2749 profunditatem
3009 2689 3311 2729 sermonem
3338 2672 3619 2727 demittere

2038 2789 2185 2843 paro.
2230 2772 2408 2827 Multis
2434 2772 2575 2826 enim
2602 2773 2761 2825 etiam
2808 2768 3068 2837 superﬂua
3099 2777 3154 2821 et
3178 2763 3619 2835 superabundans

2037 2879 2155 2919 esse
2195 2863 2307 2918 hate
2340 2863 2632 2917 admonitio
2656 2860 3046 2931 quodammodo
3071 2859 3296 2921 videtur,
3327 2857 3465 2926 iique
3494 2855 3619 2909 talia

2036 2956 2221 3010 dicunt
2247 2955 2407 3009 verba
2440 2953 2591 3008 :Non
2641 2968 2736 3022 per
2781 2953 3015 3020 seipsum
3060 2956 3269 3018 poterat
3307 2945 3622 3000 Timotheus

2038 3048 2327 3117 conjicere,
2360 3062 2461 3116 qua
2492 3061 2551 3100 re
2572 3046 2644 3099 uti
2666 3053 2934 3115 oporteret
2955 3044 2998 3108 ',
3028 3056 3212 3096 verum
3240 3054 3268 3093 a
3292 3046 3619 3108 praeceptore

2036 3141 2240 3195 discere
2280 3137 2662 3208 exspectabat?
2690 3136 2824 3202 Quid
2852 3136 2992 3205 quod
3040 3143 3335 3202 prmceptor
3364 3146 3466 3184 non
3501 3139 3621 3183 tan-

2040 3242 2149 3286 tum
2169 3231 2464 3300 imperavit,
2483 3229 2577 3284 sed
2604 3237 2660 3283 et
2687 3228 2874 3282 litteris
2900 3226 3142 3289 inseruit,
3170 3234 3435 3291 tamquam
3465 3236 3621 3276 terea;

2038 3325 2317 3387 columnae,
2352 3322 2490 3376 datae
2531 3319 2598 3374 ad
2647 3320 2818 3388 ipsum
2867 3317 3103 3387 epistolae
3147 3315 3488 3383 insculpens;
3520 3328 3621 3367 nec

2039 3414 2249 3469 erubuit
2278 3410 2576 3481 hujusmodi
2603 3424 2689 3465 res
2713 3410 2989 3478 scriptura:
3017 3407 3269 3462 mandare
3293 3415 3347 3460 et
3375 3404 3441 3458 ad
3472 3405 3624 3459 disci-

2039 3506 2221 3575 pulum
2249 3503 2455 3571 publice
2481 3500 2729 3570 legendas
2750 3498 2994 3553 mittere?
3018 3497 3083 3554 Ut
3108 3498 3265 3567 igitur
3285 3496 3460 3551 discas
3480 3494 3622 3564 quod

2040 3612 2148 3650 non
2190 3605 2392 3650 tantum
2425 3610 2529 3648 non
2557 3592 2815 3648 redundet
2843 3591 3150 3655 admonitio,
3197 3589 3290 3644 sed
3323 3588 3621 3643 necessaria

2039 3696 2094 3743 et
2121 3688 2398 3742 utilissima
2421 3687 2526 3751 sit;
2551 3694 2603 3738 et
2630 3701 2734 3738 non
2761 3698 2791 3737 a
2819 3682 3002 3747 Paulo,
3031 3680 3125 3736 sed
3154 3696 3183 3734 a
3210 3680 3436 3749 Spiritus
3455 3678 3623 3748 gratia

2043 3779 2237 3833 factum
2280 3779 2369 3841 sit,
2391 3788 2447 3833 ut
2473 3778 2573 3831 hoc
2598 3790 2704 3830 non
2725 3773 2884 3829 modo
2904 3774 3187 3836 diceretur,
3205 3770 3298 3825 sed
3309 3769 3471 3824 etiam
3486 3770 3610 3822 [itte

2044 3874 2118 3929 ris
2148 3872 2446 3927 traderetur
2473 3879 2525 3924 et
2548 3868 2615 3923 ad
2648 3883 2834 3923 onmes
2865 3876 3108 3938 posteros
3139 3879 3233 3933 per
3262 3861 3397 3916 hanc
3423 3869 3625 3930 episto-

2044 3965 2145 4018 lam
2173 3963 2449 4018 deveniret
2468 3980 2479 4015 :
2499 3960 2564 4015 ad
2594 3961 2761 4029 ipsam
2792 3974 2911 4013 mox
2938 3956 3300 4028 probationem
3328 3954 3621 4008 veniemus.

2043 4056 2123 4111 Ad
2156 4056 2270 4110 hate
2305 4056 2446 4109 enim
2478 4053 2545 4108 de
2569 4052 2670 4107 alia
2708 4065 2920 4121 quoque
2948 4065 3009 4104 re
3052 4063 3156 4102 non
3187 4047 3362 4101 minus
3387 4044 3633 4098 dubitant

2045 4148 2257 4218 quidam
2305 4147 2440 4200 intra
2490 4161 2549 4200 se
2598 4154 2918 4213 quazrentes,
2948 4156 3050 4211 qua
3094 4140 3160 4194 de
3176 4153 3343 4209 causa
3388 4136 3631 4206 permisit

2047 4238 2187 4293 Deus
2218 4238 2385 4291 virum
2430 4246 2628 4291 tantam
2654 4233 2936 4288 habentem
2969 4239 3303 4301 potestatem,
3329 4228 3481 4297 cujus
3508 4242 3630 4281 ossa

2044 4339 2099 4383 et
2140 4329 2378 4397 reliquiae
2403 4328 2673 4382 dwmones
2718 4325 3072 4394 expellerent,
3106 4323 3159 4377 in
3189 4329 3385 4375 tantam
3416 4319 3631 4389 a‘gritu-

2046 4423 2225 4477 dinem
2267 4422 2520 4476 incidere.
2570 4420 2688 4475 Non
2741 4419 2882 4473 enim
2934 4418 3125 4472 leviter
3167 4412 3489 4484 :egrotahat,
3535 4411 3630 4465 sed

2047 4515 2329 4578 continue,
2357 4513 2449 4567 sed
2480 4513 2701 4567 alternis
2729 4520 2784 4566 et
2825 4510 3039 4579 iugibus
3087 4503 3499 4562 infirmiuttibus,
3533 4518 3633 4557 nec

2050 4608 2325 4662 minimum
2341 4604 2553 4672 quidem
2573 4604 2742 4671 ipsum
2768 4601 3029 4670 respirare
3047 4595 3457 4665 indulgentibus.
3484 4592 3636 4648 Unde

2051 4698 2151 4752 hoc
2196 4692 2573 4750 manifestum?
2602 4692 2678 4746 Ex
2721 4692 2849 4761 ipsis
2891 4690 3036 4744 Pauli
3086 4686 3283 4741 verbis.
3328 4685 3444 4739 Non
3493 4686 3633 4738 enim

2050 4791 2183 4845 dixit
2211 4807 2224 4841 :
2258 4789 2480 4857 Propter
2505 4785 2892 4857 aagritudinem,
2916 4782 3008 4837 sed
3036 4781 3255 4850 Pmpter
3279 4778 3630 4850 aegritudines:

2052 4896 2224 4950 neque
2252 4879 2581 4948 simpliciter,
2629 4876 2851 4944 Propter
2881 4875 3245 4937 infirmitates,
3277 4870 3369 4925 sed
3400 4870 3633 4938 ipsarum

2052 4973 2503 5027 continuationem
2550 4968 2854 5038 significans
2899 4965 3128 5029 dicebat,
3177 4962 3483 5031 Frequentes
3522 4968 3635 5012 tuas

2052 5065 2390 5131 inﬁrmitates.
2441 5060 2671 5114 Andiaut
2716 5058 2805 5128 qui
2850 5058 3100 5111 diuturno
3140 5054 3316 5109 traditi
3346 5050 3587 5121 languori
3618 5090 3633 5115 ,

2055 5172 2195 5227 aegre
2237 5158 2413 5210 ferunt
2450 5163 2502 5208 et
2530 5153 2709 5206 animo
2734 5151 3040 5207 concidunt.
3082 5149 3195 5203 Non
3238 5148 3407 5201 solum
3455 5154 3635 5200 autent

2055 5248 2158 5303 hoc
2204 5256 2289 5302 est
2329 5246 2471 5317 quod
2521 5244 2799 5314 quaeritur,
2848 5242 2989 5312 quod
3031 5256 3150 5295 cum
3196 5249 3339 5294 esset
3384 5244 3635 5300 sanctus,

2056 5339 2365 5408 mgrotabat,
2415 5346 2468 5391 et
2520 5336 2598 5391 sic
2645 5334 2950 5404 frequenter
2998 5330 3304 5403 aegrotabat,
3337 5326 3429 5382 sed
3477 5326 3638 5382 etiam

2057 5431 2198 5501 quod
2222 5431 2426 5500 publica
2450 5428 2631 5482 mundi
2653 5427 2862 5496 negotia
2892 5424 2989 5495 ipsi
3006 5431 3160 5478 erant
3179 5419 3398 5475 credita.
3417 5417 3471 5472 Si
3495 5416 3638 5471 enim

2061 5536 2198 5577 unus
2225 5528 2369 5576 esset
2395 5521 2626 5584 illorum,
2657 5519 2746 5587 qui
2778 5518 2829 5571 in
2862 5517 3121 5570 montium
3149 5511 3374 5567 vertices
3400 5522 3639 5563 secesseo

2060 5622 2202 5677 runt,
2249 5621 2302 5665 et
2332 5611 2385 5665 in
2433 5610 2719 5665 solitudine
2765 5608 2983 5663 cellulas
3025 5610 3424 5673 compegerunt,
3478 5609 3530 5654 ct
3574 5599 3640 5654 al.

2124 5724 2142 5758 ³
2177 5722 2262 5772 Alii
2288 5736 2301 5773 :
2328 5722 2540 5773 Pretium
2557 5727 2601 5771 et
2625 5722 2787 5771 decus.

2126 5788 2145 5820 ³
2178 5784 2265 5837 Alii
2290 5799 2302 5835 :
2330 5784 2592 5839 Timotheus
2615 5785 2850 5847 conjicere
2873 5781 2999 5846 quod
3023 5778 3130 5832 riuo
3153 5775 3222 5829 uti
3240 5778 3441 5839 oportet.
