4072 6384
432 396 501 454 t9
1136 397 1193 455 5.
1234 395 1511 454 JOANNIS
1545 391 2024 452 CHRYSOSTOMI
2063 389 2381 448 ARCHIEP.
2423 389 2955 450 CONSTANTINOP.
3636 390 3709 446 ευ

429 508 734 575 hujusmotli
752 508 980 578 negotiis
999 507 1224 563 alienam
1250 508 1409 562 vitam
1428 507 1721 576 elegerunt,
1748 521 1853 561 non
1874 514 2019 561 esset

430 609 535 652 tam
562 598 780 653 dubium
806 599 949 668 quod
994 599 1251 668 qumritur
1276 616 1290 651 :
1324 598 1376 651 in
1405 597 1639 651 medium
1672 612 1798 651 vero
1824 611 2016 666 prove-

427 701 595 753 ctum,
625 698 681 745 et
712 698 789 743 tot
818 688 1175 744 Ecclesiarum
1194 703 1350 743 curas
1372 687 1654 743 habentem
1683 687 1935 751 creditas,
1964 695 2020 741 et

431 782 590 834 urbes
621 790 758 834 totas
786 788 843 834 et
868 790 1056 851 gentes
1085 789 1139 835 et
1179 790 1347 835 totum
1376 790 1637 835 terrarum
1665 780 1847 834 orbem
1873 788 2018 833 tanta

428 887 554 925 cum
597 872 881 926 sedulitate
906 880 959 925 et
984 871 1159 925 studio
1185 870 1663 931 administrantem,
1696 869 2020 924 inﬁrmitatis

431 965 737 1018 necessitati
770 963 1019 1017 traditum
1062 979 1203 1030 esse,
1235 963 1337 1018 hoc
1361 974 1440 1018 est
1470 964 1612 1033 quod
1639 965 1869 1017 maxime
1912 978 2019 1017 non

431 1055 942 1109 animadvertentem
980 1055 1197 1108 omnino
1228 1055 1279 1108 in
1304 1064 1579 1124 stuporem
1624 1070 1782 1123 agere
1822 1063 2018 1123 potest.

435 1146 549 1200 Etsi
578 1147 718 1201 enim
749 1162 853 1200 non
883 1156 1101 1215 propter
1119 1162 1197 1211 se,
1225 1147 1416 1201 saltem
1445 1154 1658 1214 propter
1687 1145 1819 1199 alios
1848 1145 2019 1215 ipsum

435 1239 613 1293 valere
640 1240 938 1308 oportebat.
968 1237 1261 1307 imperator
1285 1246 1400 1292 erat
1420 1239 1650 1306 optimus
1684 1256 1698 1291 :
1731 1236 1924 1291 bellum
1954 1238 2021 1291 ab

431 1345 500 1383 eo
549 1332 840 1400 gerebatur
886 1345 991 1385 non
1038 1339 1222 1385 contra
1267 1329 1510 1384 inﬁdeles
1556 1338 1780 1396 tantum,
1830 1328 1923 1383 sed
1968 1337 2023 1382 et

433 1431 619 1473 contra
664 1420 936 1474 dmmones
974 1429 1029 1474 et
1066 1431 1247 1474 contra
1292 1420 1464 1489 ipsum
1513 1419 1824 1473 diabolum:
1858 1418 2022 1472 multa

432 1527 555 1567 cum
586 1512 920 1567 vehementia
952 1512 1134 1568 hostes
1151 1527 1337 1567 omnes
1362 1512 1726 1581 imminebant,
1755 1512 2021 1581 dissipan-

435 1614 517 1660 tes
542 1606 837 1661 exercitum
866 1615 921 1660 et
963 1608 1013 1660 in
1041 1607 1399 1676 captivitatem
1444 1606 1715 1661 trahentes
1739 1624 1753 1672 ;
1786 1604 1872 1659 hic
1896 1619 2023 1660 vero

434 1698 671 1755 infinitos
695 1698 764 1752 ad
790 1699 1069 1753 veritatem
1101 1698 1356 1753 reducere
1378 1706 1606 1767 poterat,
1632 1706 1685 1752 et
1710 1696 2021 1767 :rgrotabat.

438 1790 553 1843 Etsi
582 1792 749 1856 enim,
795 1791 982 1861 inquit,
1027 1791 1226 1845 nullum
1270 1798 1524 1858 prmterea
1552 1789 1803 1844 damnum
1828 1804 1892 1843 ex
1923 1788 2026 1843 hac

437 1880 749 1936 inﬁrmitate
778 1881 937 1936 rebus
966 1881 1282 1947 inferretur,
1311 1896 1373 1936 ea
1422 1880 1534 1950 ipsa
1573 1880 1684 1934 sola
1728 1879 1913 1933 ﬁdeles
1940 1878 2022 1948 pi-

434 1973 643 2041 griores
667 1982 721 2027 et
750 1972 1067 2041 torpidiores
1100 1972 1325 2027 reddere
1353 1980 1578 2041 poterat.
1607 1970 1737 2024 Nam
1763 1969 1805 2023 si
1829 1969 2024 2025 milites

438 2064 630 2119 duecm
688 2079 840 2119 suum
890 2064 1029 2119 lecto
1081 2064 1353 2119 detentum
1403 2072 1705 2125 cernentes,
1751 2061 2024 2131 segniores

439 2155 572 2208 ﬁunt
602 2164 655 2210 et
702 2154 765 2209 ad
807 2170 1035 2225 pugnam
1068 2154 1365 2219 tardiores;
1398 2153 1567 2208 multo
1595 2153 1762 2223 magis
1786 2168 1882 2223 par
1910 2162 2026 2208 erat

438 2255 493 2299 et
524 2245 730 2309 ﬁdeles,
757 2256 1134 2317 prtcceptorem
1157 2253 1278 2315 post
1305 2254 1381 2300 tot
1404 2245 1549 2314 signa
1566 2259 1788 2313 operum
1814 2244 2027 2298 intuen-

439 2348 520 2392 tes
545 2338 795 2392 coutinue
821 2346 1164 2408 aegrotantem
1193 2346 1246 2392 ct
1270 2337 1510 2407 corporis
1549 2336 1736 2391 morbo
1774 2336 2024 2391 laboran-

440 2441 569 2497 tem,
602 2430 891 2484 humanum
936 2430 1187 2500 quiddam
1231 2444 1351 2485 esse
1396 2443 1696 2499 perpessos.
1746 2428 1854 2483 Nec
1898 2444 2026 2484 vero

440 2520 554 2575 luce
597 2530 821 2585 tantum,
864 2520 958 2576 sed
989 2530 1043 2575 et
1070 2521 1212 2575 aliud
1242 2520 1492 2591 quiddam
1543 2519 1846 2575 dubitantes
1875 2535 2023 2589 quaa-

439 2623 581 2677 ruut,
606 2629 707 2683 qua
733 2613 800 2668 de
816 2629 975 2668 causa
995 2629 1204 2668 rursum
1229 2628 1403 2683 neque
1424 2613 1635 2682 seipse,
1664 2628 1836 2683 neque
1860 2612 2025 2681 ipsius

442 2715 736 2774 prmceptor
760 2706 831 2759 ita
858 2705 1159 2761 confectum
1186 2706 1421 2760 curavit:
1443 2704 1537 2759 sed
1559 2714 1796 2759 mortuos
1813 2704 2023 2774 quidem

440 2795 791 2861 suscitabant,
826 2806 878 2851 et
906 2795 1176 2851 daemones
1218 2812 1285 2851 ex
1298 2795 1583 2865 pellebant,
1614 2803 1668 2849 et
1697 2803 1925 2850 mortem
1950 2793 2027 2848 fa-

440 2886 542 2941 cile
573 2887 875 2953 vincebant,
918 2903 1083 2941 unum
1130 2901 1259 2941 vero
1286 2901 1479 2955 corpus
1525 2895 1783 2956 :egrotum
1812 2902 1918 2940 non
1947 2886 2027 2940 in-

444 2976 757 3030 staurabant
786 2994 799 3030 :
830 2985 885 3031 et
908 2977 998 3046 qui
1044 2978 1097 3031 in
1143 2976 1332 3032 alienis
1358 2977 1670 3046 corporibus
1710 2985 1765 3032 et
1789 2977 2025 3033 viventes

440 3074 497 3119 et
541 3066 731 3120 mortui
784 3075 981 3121 tantam
1029 3067 1317 3124 exhibuere
1355 3069 1641 3133 virtutem,
1695 3067 2025 3123 stomachum

444 3156 649 3226 lapsum
679 3172 782 3211 non
815 3158 1124 3212 relevabant
1150 3175 1163 3212 :
1189 3166 1244 3213 et
1269 3158 1408 3229 quod
1438 3158 1608 3228 majus
1649 3166 1752 3223 est,
1795 3172 1899 3212 non
1929 3172 2026 3211 ve-

443 3257 591 3300 retur
617 3263 714 3301 nec
743 3248 1010 3301 erubescit
1038 3248 1231 3302 Paulus
1258 3257 1377 3317 post
1405 3254 1483 3302 tot
1511 3258 1562 3301 et
1590 3249 1712 3302 talia
1739 3248 1886 3318 signa
1908 3263 2027 3318 quae

441 3338 524 3391 vel
557 3338 698 3393 nudo
725 3339 967 3407 prazstitit
1009 3339 1193 3406 verbo,
1224 3340 1505 3395 Timotheo
1533 3340 1787 3404 scribere,
1815 3348 1873 3394 ut
1899 3355 2029 3395 con-

445 3428 609 3499 fugiat
634 3429 699 3483 ad
722 3430 828 3483 vini
854 3429 1135 3485 medelam.
1162 3430 1278 3485 Non
1305 3430 1445 3499 quod
1469 3430 1647 3484 vinum
1669 3430 1853 3485 bibere
1875 3438 2028 3499 turpe

443 3522 513 3576 sit
547 3539 560 3575 :
594 3522 750 3585 absit,
795 3521 908 3576 haec
953 3531 1079 3576 sunt
1123 3521 1267 3575 enim
1315 3521 1686 3575 hzereticorum
1727 3531 2024 3590 prmcepta;

444 3610 537 3663 sed
564 3611 704 3680 quod
733 3611 967 3666 dedecus
995 3626 1117 3665 esse
1138 3626 1242 3666 non
1264 3618 1496 3682 putaret,
1519 3626 1625 3665 non
1653 3625 1809 3681 posse
1828 3611 2028 3681 absque

444 3701 589 3755 illius
632 3701 830 3755 auxilio
860 3717 1024 3755 unum
1054 3702 1303 3757 laborans
1333 3702 1630 3757 membrum
1660 3702 1885 3773 erigere.
1920 3702 2027 3758 Ve-

444 3793 844 3848 rumenimvero
866 3800 1069 3847 tantum
1090 3793 1260 3849 abfuit
1285 3803 1337 3849 ut
1361 3793 1429 3849 de
1451 3794 1552 3849 hoc
1577 3795 1939 3862 erubesceret,
1970 3804 2030 3851 ut

445 3893 501 3940 et
528 3884 773 3939 omnibus
805 3886 1035 3955 posteris
1060 3885 1163 3941 hoc
1200 3884 1387 3941 fecerit
1424 3886 1781 3942 manifestum.
1825 3887 2029 3944 Videtis

444 3979 498 4030 in
526 3985 778 4046 quantam
818 3992 1120 4033 sermonem
1150 3978 1354 4049 egimus
1396 3978 1855 4049 profunditatem?
1898 3997 2029 4051 quo-

446 4068 607 4121 modo
637 4067 777 4137 quod
809 4083 1028 4137 parvum
1060 4084 1179 4125 csse
1210 4069 1436 4135 videtur,
1461 4070 1752 4126 innumeris
1780 4072 2032 4141 qumstio-

446 4158 603 4213 nibus
651 4159 1033 4230 scaturitLEia
1080 4159 1239 4229 igitur
1264 4168 1319 4215 et
1360 4160 1677 4216 solutionem
1721 4160 2025 4215 aﬂ‘eramus.

446 4250 651 4305 idcirco
683 4250 825 4305 enim
853 4249 920 4305 ad
954 4251 1116 4305 imum
1156 4250 1547 4316 descendimus,
1579 4260 1639 4305 ut
1679 4260 1912 4307 mentem
1937 4268 2031 4306 ve-

446 4352 612 4397 stram
657 4343 968 4408 excitantes,
1000 4342 1051 4395 in
1085 4350 1198 4396 tuto
1224 4357 1414 4398 sensus
1437 4344 1779 4398 collocemus.

515 4435 569 4488 3.
598 4433 914 4489 Concedatis
941 4441 1119 4488 autem
1161 4434 1323 4500 mibi,
1350 4449 1555 4504 quaeso,
1588 4433 1899 4504 priusquam
1944 4433 2030 4487 bis

445 4524 826 4594 quazstionibus
846 4524 1163 4578 solutionem
1192 4523 1428 4589 afferam,
1452 4523 1646 4593 aliquid
1670 4523 1738 4578 de
1766 4523 2027 4578 Timothei

446 4616 641 4669 virtute
664 4622 719 4667 et
742 4628 868 4667 cura
894 4614 1043 4669 Pauli
1065 4614 1262 4670 dicere.
1286 4614 1421 4681 Quid
1443 4614 1584 4669 enim
1606 4615 1698 4669 illo
1722 4614 1821 4669 fuit
1847 4630 2031 4668 aman-

448 4705 573 4769 tius,
602 4703 692 4773 qui
724 4711 868 4757 tanto
893 4703 1085 4758 absens
1120 4704 1398 4759 intervallo
1438 4712 1491 4759 et
1533 4712 1609 4758 tot
1638 4704 2031 4759 circumventus

450 4794 698 4863 negotiis,
728 4808 825 4863 pro
853 4794 1114 4849 stomachi
1141 4794 1369 4849 sanitate
1400 4794 1644 4865 discipuli
1672 4803 1869 4849 tantam
1900 4809 2028 4863 pro-

452 4887 741 4941 videntiam
770 4887 1022 4956 gerebat,
1049 4896 1105 4942 et
1133 4901 1252 4942 cum
1280 4886 1560 4943 sedulitate
1598 4887 1667 4943 de
1694 4887 1864 4942 morbi
1911 4902 2032 4942 cor-

447 4978 691 5032 rectione
722 4976 1027 5031 scribebat?

524 5065 768 5122 Timothei
820 5066 1000 5120 virtus.
1054 5096 1126 5107 —-
1173 5066 1436 5121 Timothei
1493 5081 1621 5122 vero
1670 5068 1848 5122 virtuti
1904 5067 2030 5135 quid

449 5159 689 5229 mquale?
715 5158 802 5214 Sic
822 5159 1043 5214 delicias
1066 5160 1465 5229 aspernabatur,
1488 5169 1543 5215 et
1568 5161 1763 5214 lautam
1790 5174 2030 5214 mensam

450 5251 743 5315 deridebat,
770 5259 828 5305 ut
854 5250 907 5305 in
932 5250 1175 5305 morbum
1197 5266 1264 5305 ex
1289 5251 1460 5306 victus
1479 5253 1765 5320 asperitate
1790 5259 1843 5305 et
1868 5250 2032 5305 nimio

449 5342 664 5396 caderet
685 5342 909 5411 jejunio.
932 5341 1083 5408 Quod
1109 5343 1251 5397 enim
1273 5351 1460 5396 natura
1482 5342 1600 5396 talis
1620 5355 1726 5395 non
1748 5351 1909 5408 esset,
1938 5341 2031 5395 sed

448 5433 650 5503 jejunio
673 5442 728 5490 et
751 5450 899 5504 aqure
926 5444 1052 5504 potu
1079 5433 1336 5489 stomachi
1364 5434 1467 5488 vim
1494 5442 1833 5503 prostrasset,
1860 5434 2031 5503 ipsum

454 5525 678 5580 Paulum
727 5524 1008 5595 diligenter
1053 5526 1156 5581 hoc
1202 5524 1627 5580 manifestantem
1669 5524 1866 5579 audite.
1914 5525 2031 5580 Non

452 5617 593 5670 enim
623 5618 935 5687 simpliciter
964 5618 1098 5674 dixit
1126 5617 1299 5673 :Vino
1324 5618 1534 5672 modico
1572 5626 1721 5673 utere
1746 5636 1758 5672 :
1785 5618 1879 5672 sed
1911 5634 2034 5673 cum

454 5709 597 5777 prius
622 5706 862 5773 dixisset,
911 5709 1037 5764 Noli
1064 5710 1231 5763 adhuc
1270 5726 1453 5780 aquam
1489 5710 1653 5765 bibere
1687 5710 1764 5779 (l.
1809 5708 1946 5765 Tim.
1975 5711 2029 5764 5.

449 5796 548 5868 23)
569 5839 584 5867 ,
618 5808 741 5855 tunc
766 5799 981 5859 bibendi
1012 5802 1119 5857 vini
1144 5802 1426 5861 consilium
1456 5802 1651 5859 attulit.
1686 5802 1819 5859 Illud
1848 5810 2027 5859 autem

2126 502 2315 569 adhuc,
2349 502 2567 558 verbum
2595 510 2677 558 est
2707 502 3073 573 signiﬁcantis,
3101 503 3241 575 quod
3266 518 3498 576 eousque
3518 519 3707 577 aquam

2125 594 2358 661 bibebat,
2382 606 2436 649 et
2463 604 2741 665 prOptcrea
2769 595 3049 650 imbecillis
3074 595 3163 649 sit.
3191 594 3321 661 Quis
3350 612 3452 650 non
3481 597 3708 652 admire-

2125 693 2213 739 tur
2261 686 2425 752 ipsius
2468 686 2855 755 philosophiam
2898 695 2951 739 et
3002 686 3372 755 diligentiam?
3401 686 3547 757 Ipsos
3587 690 3710 742 attio

2126 787 2275 847 gerat
2312 781 2503 843 cmlos,
2533 778 2597 833 ad
2626 780 2835 833 virtutis
2882 779 3091 834 culmen
3124 790 3436 849 pervenerat
3474 798 3487 833 :
3520 790 3573 834 et
3599 780 3713 836 luce

2128 870 2229 939 ipsi
2260 878 2554 939 pra2eeptor
2593 878 2878 925 attestatur
2915 870 2994 925 sic
3026 869 3214 925 dicens
3246 888 3259 924 :
3295 870 3414 924 Misi
3443 871 3578 924 vobis
3617 868 3710 923 Ti-

2128 961 2381 1012 motheum
2400 1001 2415 1026 ,
2446 961 2533 1029 qui
2562 970 2637 1014 est
2664 962 2801 1029 ﬁlius
2841 977 2981 1015 meus
3002 960 3213 1015 dilectus
3242 971 3289 1015 et
3315 961 3481 1030 ﬁdelis
3510 962 3561 1014 in
3600 960 3714 1014 Do—

2127 1052 2263 1105 mino
2295 1051 2368 1121 (ι.
2420 1050 2538 1105 Cor.
2571 1052 2625 1105 4.
2672 1053 2781 1121 17).
2825 1052 3046 1118 Quando
3085 1062 3260 1105 autem
3301 1051 3497 1106 Paulus
3542 1051 3713 1119 ipsum

2128 1154 2279 1200 vocat
2311 1144 2500 1211 ﬁlium,
2532 1154 2586 1199 ct
2612 1145 2775 1198 lilium
2808 1144 3058 1200 dilectum
3088 1153 3142 1199 et
3163 1144 3394 1211 ﬁdelem,
3420 1144 3533 1199 haec
3553 1144 3713 1198 verba

2127 1253 2341 1293 omnem
2372 1238 2535 1307 ipsius
2564 1238 2814 1292 virtutem
2846 1237 3213 1291 demonstrare
3250 1236 3538 1291 sufﬁciunt.
3577 1235 3713 1291 San-

2127 1340 2333 1383 ctorum
2359 1328 2501 1382 enim
2523 1328 2719 1399 judicia
2739 1342 2837 1382 nec
2857 1328 2922 1381 ad
2943 1328 3164 1397 gratiam
3186 1341 3285 1381 nec
3300 1326 3365 1380 ad
3388 1326 3714 1380 inimicitiam

2130 1423 2281 1485 ﬁunt,
2315 1420 2409 1475 sed
2447 1420 2515 1475 ab
2544 1421 2689 1475 omni
2725 1429 2849 1474 sunt
2877 1427 3199 1489 praesumpta
3227 1418 3481 1487 opinione
3520 1418 3711 1472 libera.

2128 1513 2244 1568 Non
2276 1512 2463 1567 fuisset
2509 1520 2615 1566 tam
2646 1511 2836 1566 beatus
2873 1509 3210 1575 Timotheus,
3257 1510 3303 1562 si
3333 1508 3478 1563 Pauli
3518 1508 3659 1562 filius
3684 1522 3717 1561 ι

2131 1616 2317 1659 natura
2345 1605 2552 1669 fuisset,
2584 1619 2742 1672 quam
2779 1618 2923 1658 nunc
2950 1612 3033 1657 est
3058 1600 3389 1656 admirabilis
3418 1619 3430 1654 :
3464 1601 3716 1671 quoniam

2129 1696 2421 1752 secundum
2450 1711 2665 1751 carnem
2707 1694 2840 1750 nihil
2869 1694 2933 1748 ad
2982 1695 3155 1764 ipsum
3202 1694 3467 1760 attinens,
3504 1707 3599 1762 per
3624 1706 3721 1746 eo-

2129 1790 2435 1860 gnationem
2462 1804 2582 1857 quze
2619 1796 2701 1843 est
2742 1786 3037 1842 secundum
3075 1785 3421 1853 religionem,
3455 1784 3507 1837 in
3553 1783 3720 1852 ipsius

2131 1899 2190 1939 se
2236 1882 2577 1953 adoptionem
2630 1880 2869 1943 induxit,
2923 1894 3043 1933 cum
3098 1876 3380 1931 sedulitate
3428 1875 3721 1945 disciplinae

2134 1974 2277 2030 illius
2303 1973 2639 2028 characteres
2669 1973 2720 2027 in
2749 1971 2999 2025 omnibus
3025 1984 3265 2024 servans.
3292 1969 3440 2023 Sicut
3467 1968 3607 2022 enim
3641 1968 3721 2020 vi-

2134 2068 2275 2122 tulus
2301 2075 2449 2120 tauro
2488 2065 2833 2134 conjugatus,
2861 2063 2939 2117 sic
2971 2063 3153 2131 jugum
3196 2076 3315 2115 cum
3356 2060 3446 2113 illo
3477 2058 3723 2112 trahebat

2133 2159 2325 2228 ubique
2358 2168 2639 2224 terrarum,
2664 2165 2717 2211 ct
2744 2155 2909 2211 nihilo
2940 2162 3158 2224 promer
3182 2161 3391 2206 mtatem
3416 2149 3717 2215 deﬁciebat,

2133 2252 2226 2305 sed
2259 2250 2524 2315 studium,
2557 2259 2612 2304 ut
2653 2265 2773 2304 cum
2808 2246 3151 2317 prmccptoris
3191 2244 3461 2298 laboribus
3496 2250 3723 2296 conten-

2129 2342 2300 2405 deret,
2337 2341 2639 2410 praastabat.
2674 2340 2741 2393 Et
2768 2338 2959 2392 horum
2990 2336 3141 2391 testis
3172 2338 3357 2389 rursus
3386 2334 3498 2403 ipse
3528 2333 3722 2387 Paulus

2130 2435 2208 2488 sic
2228 2433 2413 2487 dicens
2438 2451 2450 2485 :
2482 2433 2531 2486 Ν
2538 2449 2646 2486 emo
2678 2434 2840 2503 ipsum
2864 2439 3186 2494 contemnat;
3210 2444 3335 2499 opus
3360 2428 3489 2481 enim
3516 2425 3722 2480 Domini

2131 2537 2386 2594 aperatur,
2422 2526 2549 2580 sicut
2578 2534 2624 2579 et
2659 2541 2749 2595 ego
2788 2523 2864 2592 (1.
2891 2522 3007 2577 Cor.
3054 2522 3140 2575 16.
3176 2520 3264 2574 10.
3299 2518 3409 2589 il).
3448 2518 3637 2573 Vidisti
3667 2526 3724 2571 ttt

2131 2619 2349 2673 omnino
2374 2617 2577 2687 aequale
2616 2617 2849 2671 studium
2878 2616 2979 2687 ipsi
3016 2614 3334 2669 attestetur?
3372 2613 3489 2668 Mox
3516 2629 3582 2668 ne
3608 2612 3723 2666 hare

2131 2708 2196 2762 ad
2222 2708 2447 2778 gratiam
2491 2706 2671 2761 dicere
2698 2706 2967 2772 videatur,
3003 2706 3147 2775 ipsos
3178 2702 3448 2757 auditores
3492 2701 3584 2756 ﬁlii
3613 2703 3722 2755 vir-

2132 2802 2258 2855 tutis
2309 2809 2472 2854 testcs
2513 2798 2660 2861 facit,
2702 2799 2780 2852 sic
2826 2797 3071 2867 inquiens
3112 2780 3137 2850 τ’
3162 2793 3519 2848 Probationem
3554 2803 3722 2845 autem

2130 2892 2291 2961 ipsius
2320 2890 2499 2955 nostis,
2519 2889 2653 2959 quod
2692 2899 2948 2958 tamquam
2972 2887 3103 2956 patri
3127 2884 3363 2955 ﬁlius,sic
3389 2899 3582 2937 mecum
3612 2899 3719 2936 ser-

2130 2985 2247 3039 vivit
2291 2985 2344 3037 in
2394 2983 2653 3055 evangelio
2692 3000 2709 3037 :
2753 2982 3113 3051 experientiam
3151 2996 3237 3033 vos
3277 2978 3483 3049 cepistis
3528 2976 3721 3032 uirtutis

2132 3075 2295 3145 ipsius
2324 3084 2369 3127 et
2394 3077 2617 3143 probata:
2637 3074 2821 3127 animat
2850 3070 3102 3141 (Philipp.
3128 3069 3181 3123 2.
3204 3069 3318 3137 29.).
3344 3068 3720 3123 Verumtamen

2131 3183 2252 3222 cum
2291 3167 2358 3221 ad
2400 3175 2598 3221 tantam
2642 3165 2941 3220 ofﬁciorum
2985 3162 3315 3217 altitudinem
3359 3160 3720 3223 ascendisset,

2132 3274 2306 3330 neque
2322 3259 2400 3315 sie
2425 3257 2759 3322 conﬁdebat,
2790 3256 2883 3311 sed
2902 3256 2953 3310 in
2976 3256 3246 3309 anxietate
3263 3253 3425 3307 animi
3448 3260 3562 3306 erat
3586 3261 3639 3305 et
3667 3252 3719 3304 in

2133 3352 2325 3406 timore
2352 3370 2365 3405 :
2399 3350 2623 3419 ideoque
2644 3364 2764 3403 cum
2792 3348 3042 3403 instantia
3064 3345 3362 3415 jejnnabat,
3395 3357 3565 3412 neque
3592 3341 3721 3396 illud

2133 3457 2321 3512 passus
2347 3450 2431 3496 est
2459 3440 2600 3510 quod
2633 3439 2817 3503 multi,
2848 3438 2937 3507 qui
2965 3437 3149 3492 decem
3190 3444 3399 3489 tantum
3432 3433 3513 3487 vel
3536 3432 3720 3502 viginti

2133 3546 2345 3587 menses
2381 3530 2585 3600 jejunio
2626 3544 2684 3583 se
2731 3527 3002 3583 tradentes
3041 3534 3265 3596 repente
3304 3524 3483 3580 omnia
3526 3521 3721 3577 dissol-

2133 3631 2281 3676 vunt.
2311 3621 2417 3678 Sed
2449 3622 2537 3676 ille
2577 3620 2707 3675 nihil
2740 3620 2842 3674 tale
2878 3634 3067 3688 passus
3090 3625 3191 3680 est,
3226 3631 3399 3685 neque
3429 3615 3535 3669 tale
3561 3612 3719 3683 quid-

2136 3715 2276 3784 piam
2308 3714 2446 3767 intra
2486 3711 2722 3779 seipsum
2753 3710 2923 3764 dixit:
2970 3708 3109 3775 Quid
3148 3707 3278 3761 mihi
3308 3705 3560 3775 deinceps
3586 3718 3719 3772 opus

2133 3814 2215 3860 est
2239 3804 2446 3875 jejunio
2468 3804 2490 3857 ?
2510 3804 2681 3857 victor
2697 3800 2860 3866 evasi,
2887 3799 3202 3869 cupiditates
3226 3795 3493 3865 superavi,
3523 3806 3720 3861 corpus

2133 3910 2309 3949 meum
2340 3892 2678 3958 mortiﬁcavi,
2708 3891 2980 3945 daemones
3004 3886 3189 3952 terrui,
3214 3884 3487 3940 diabolum
3514 3881 3713 3952 depuli,

2132 3995 2373 4039 mortuos
2393 3983 2725 4048 resuscitavi,
2752 3982 2993 4051 leprosos
3023 3978 3293 4044 mundavi,
3320 3975 3603 4031 contrariis
3623 3989 3719 4045 po-

2133 4075 2412 4131 testatibus
2448 4073 2704 4129 terribilis
2742 4087 2859 4127 sum
2898 4089 2912 4124 :
2959 4069 3084 4140 quid
3107 4084 3207 4139 ego
3252 4067 3482 4137 amplius
3511 4065 3718 4136 jejunio

2133 4166 2346 4237 indigeo
2370 4175 2424 4221 et
2453 4163 2755 4235 hujusmodi
2778 4163 3031 4218 cautela?

2205 4257 2383 4314 Sancti
2409 4266 2595 4324 quanto
2616 4254 2891 4325 majoribus
2919 4252 3136 4322 aﬂluunt
3162 4250 3371 4315 meritis,
3399 4257 3537 4301 tanta
3559 4246 3719 4315 magis

2133 4350 2326 4402 timent.
2356 4376 2429 4387 —
2452 4345 2593 4400 Nihil
2625 4346 2727 4399 tale
2762 4344 2896 4398 dixit
2922 4352 3013 4396 aut
3046 4341 3329 4411 cogitavit:
3379 4338 3475 4394 sed
3520 4346 3719 4407 quanto

2133 4438 2301 4509 magis
2328 4436 2623 4491 innumeris
2642 4434 2893 4488 afﬁuebat
2920 4432 3127 4487 meritis
3146 4472 3160 4496 ,
3191 4439 3337 4484 tanto
3362 4428 3529 4499 magis
3558 4427 3724 4481 time—

2133 4527 2223 4581 bat
2252 4535 2308 4581 et
2336 4526 2595 4582 tremebat
2628 4542 2641 4578 :
2670 4532 2726 4578 ct
2753 4523 2890 4577 hanc
2917 4538 2947 4576 a
2971 4528 3298 4591 praeceptore
3329 4516 3717 4589 philosophiam

2132 4618 2390 4673 discebat.
2422 4616 2634 4670 Etenim
2667 4614 2755 4669 ille
2789 4614 2840 4667 in
2883 4612 3094 4667 tertium
3126 4619 3309 4679 raptus
3339 4608 3549 4671 cmlum,
3582 4616 3637 4661 et
3666 4606 3718 4659 in

2135 4708 2439 4779 paradisum
2463 4705 2668 4761 delatus
2687 4745 2702 4770 ,
2734 4713 2789 4759 et
2817 4702 3013 4757 auditis
3044 4700 3398 4756 iueﬁ'abilibus
3427 4698 3603 4753 verbis
3622 4738 3637 4763 ,
3665 4707 3720 4752 et

2136 4798 2508 4868 mysteriorum
2524 4795 2692 4850 factus
2707 4795 2890 4849 talium
2903 4793 3187 4864 particeps,
3206 4807 3327 4845 eum
3342 4790 3524 4845 orbem
3547 4797 3719 4843 totum

2135 4888 2487 4957 percurrisset
2515 4894 2781 4955 tamquam
2811 4883 2908 4938 alis
2937 4868 3253 4954 quibusdam
3285 4880 3481 4947 fultus,
3511 4878 3579 4933 ad
3610 4877 3717 4933 Co-

2135 4979 2361 5033 rinthios
2401 4979 2642 5033 scribens
2682 4976 2921 5031 diccbat:
2961 4974 3145 5029 Vereor
3171 4992 3233 5028 ne
3274 4978 3403 5045 forte
3447 4988 3561 5025 cum
3603 4970 3720 5025 aliis

2136 5073 2499 5142 pradicavero,
2528 5072 2637 5141 ipse
2663 5070 2905 5140 reprobus
2937 5070 3125 5140 eﬂiciar
3169 5068 3245 5139 (i.
3280 5067 3401 5123 Cor.
3429 5066 3483 5124 9.
3509 5066 3629 5135 27).
3661 5064 3720 5120 Si

2135 5177 2265 5217 vero
2295 5162 2489 5216 Paulus
2516 5170 2637 5231 post
2665 5161 2797 5214 talia
2816 5168 2870 5215 et
2898 5168 2976 5214 tot
3017 5158 3194 5216 ofﬁcia
3221 5158 3392 5224 timet,
3424 5156 3514 5225 qui
3538 5155 3721 5210 dicere

2137 5254 2341 5323 potuit:
2394 5252 2528 5306 Mihi
2568 5252 2786 5305 mundus
2828 5251 3103 5320 cruciﬁxus
3150 5258 3255 5313 est,
3306 5257 3353 5302 et
3399 5263 3491 5317 ego
3528 5246 3721 5299 mundo

2136 5342 2281 5416 (Gal.
2324 5342 2378 5401 6.
2415 5342 2539 5412 is);
2592 5343 2759 5396 multo
2796 5343 2964 5411 magis
3001 5354 3100 5394 nos
3138 5340 3327 5394 timere
3370 5345 3614 5407 oportet,
3664 5344 3720 5389 et

2137 5442 2287 5489 tanto
2314 5435 2482 5502 magis
2519 5441 2718 5503 quanto
2759 5433 2963 5501 majora
3003 5432 3258 5486 fuerimus
3300 5430 3529 5499 operati.
3571 5428 3721 5482 Tunc

2136 5528 2278 5581 enim
2314 5526 2560 5580 diabolus
2587 5527 2779 5581 szcvior
2808 5527 3067 5588 efﬁcitur,
3101 5536 3225 5579 tunc
3252 5525 3419 5594 magis
3444 5523 3716 5586 ell'eratur.

2137 5634 2256 5673 cum
2277 5618 2467 5671 viderit
2490 5634 2585 5671 nos
2608 5619 2877 5689 diligentia
2901 5621 3062 5673 vitam
3083 5627 3316 5671 nostram
3334 5617 3713 5685 disponentes;

2136 5727 2256 5767 cum
2283 5711 2472 5767 viderit
2492 5712 2700 5766 virtutis
2723 5727 2883 5767 onera
2911 5711 3224 5781 composita,
3249 5719 3304 5765 et
3327 5722 3548 5779 magnos
3568 5722 3719 5761 acer-

2140 5816 2256 5871 vos,
2302 5810 2425 5858 tunc
2466 5803 2677 5873 gravius
2722 5803 2921 5860 inferre
2964 5802 3293 5872 naufragium
3339 5800 3533 5857 studet.
3583 5796 3717 5856 Vilis
