4072 6384
182 369 257 425 ιθ
1198 361 1291 415 AD
1328 360 1664 419 POPULUM
1697 361 2195 421 ANTIOCHENUM
2255 364 2489 422 HOMIL.
2530 365 2569 423 1.
3554 383 3625 438 20

172 472 392 526 πάντων
442 471 625 525 ἰκανὸν
670 464 967 545 θορυϐῆσαι
998 474 1090 528 τὸν
1126 476 1200 548 μὴ
1236 478 1589 550 προσέχοντα.
1627 481 1690 533 El
1737 480 1848 552 γάρ

168 562 264 615 καὶ
288 561 364 633 μή
388 561 457 615 δι’
489 561 699 628 ἐαυτὸν,
733 563 821 617 διὰ
856 563 986 632 γοῦν
1014 568 1140 630 τοὺς
1165 566 1356 632 ἄλλους
1378 569 1643 637 ὑγιαίνειν
1686 572 1848 625 αὐτὸν

166 649 353 721 ἐχρῆν.
390 651 699 723 Στρατηγδς
719 648 786 723 ἦν
808 653 1062 724 ἀριστος·
1096 654 1331 726 πόλεμος
1361 656 1509 727 αὐτῷ
1548 659 1848 729 συγκεκρό-

166 754 336 809 τητο,
368 741 556 809 φησὶν,
599 741 719 811 οὐχί
750 741 886 812 πρὸς
912 742 1039 805 τοὺς
1072 743 1334 808 ἀπίστους
1373 745 1552 815 μόνον,
1581 746 1714 799 ἀλλά
1754 748 1846 801 καὶ

164 825 306 896 πρὸς
329 828 455 890 τοὺς
478 827 739 898 δαίμονας
761 868 776 892 ,
816 829 910 882 καί
939 830 1073 900 πρὸς
1102 831 1265 884 αὐτὸν
1292 832 1384 886 τὸν
1410 832 1653 886 διάδηλον
1672 850 1686 863 ο
1708 835 1845 905 μετά

164 914 371 985 πολλῆς
386 915 485 982 τῆς
498 918 859 988 σφοδρότητος
874 920 922 971 οί
941 918 1189 990 πολέμιοι
1206 920 1407 984 πάντες
1421 921 1721 984 ἐπέκειντο,
1738 924 1844 976 δια-

164 1001 417 1066 σπῶντες
441 1001 523 1075 [4]
539 1004 599 1057 τὸ
627 1005 1009 1073 στρατόπεδον,
1038 1007 1132 1058 καὶ
1155 1006 1666 1077 αἰχμαλωτίζοντες·
1694 1003 1847 1072 οὗτος

160 1089 209 1141 δ’
240 1089 474 1160 ἠδύνατο
507 1091 849 1161 μυρίουςέπί
876 1091 975 1162 τήν
1014 1092 1271 1163 ἀλήθειαν
1320 1095 1715 1162 ἐπαναγαγεῖν,
1753 1096 1846 1147 καὶ

159 1179 402 1248 ⁴ήσθένει.
436 1181 497 1233 Εἰ
533 1181 641 1251 γάρ
689 1182 784 1234 καὶ
814 1181 1072 1252 μηδεμία,
1100 1184 1284 1253 φησὶν,
1316 1182 1477 1254 ἐτέρα
1527 1183 1697 1255 βλάϐη
1734 1188 1846 1248 τοῖς

161 1270 490 1339 πράγμασιν
544 1270 653 1323 ἀπὸ
693 1270 796 1339 τῆς
829 1270 1143 1340 ἀρρωστίας
1185 1271 1393 1339 ἐγίνετο
1419 1283 1467 1334 ο,
1498 1272 1654 1325 τοῦτο
1687 1271 1845 1341 μόνον

162 1356 351 1410 ἰκανὸν
372 1354 441 1428 ἦν
473 1358 599 1421 τούς
626 1360 849 1421 πιστοὺς
873 1358 1268 1430 όκνηροτέρους
1311 1359 1406 1412 καὶ
1441 1358 1846 1431 ῥᾳθυμοτέρως

158 1445 412 1514 ποιῆσαι.
450 1447 515 1499 Εἰ
540 1446 650 1517 γὰρ
681 1446 1008 1517 στρατιῶται
1046 1446 1138 1515 τὸν
1173 1446 1475 1517 στρατηγὸν
1505 1447 1597 1500 τὸν
1638 1446 1843 1499 ἑαυτῶν

155 1532 402 1603 ὁρῶντες
433 1536 497 1604 τῇ
535 1534 692 1606 κλίνῃ
726 1532 1170 1603 προσδεδεμένον,
1220 1533 1570 1605 όκνηρότεροι
1604 1533 1842 1602 γίνονται

155 1622 256 1672 καὶ
285 1621 424 1691 πρὸς
453 1621 553 1691 τὴν
583 1622 762 1691 μάχην
797 1618 1158 1691 ῥαθυμότεροι
1178 1638 1191 1650 ο
1226 1620 1403 1690 πολλῷ
1452 1620 1651 1691 μᾶλλον
1698 1621 1844 1685 εἰκὸς

150 1701 227 1776 ἦν
250 1748 266 1770 ,
295 1707 394 1759 καὶ
425 1709 553 1770 τοὺς
586 1708 809 1769 πιστοὺς
839 1706 960 1759 τότε
994 1706 1088 1759 τὸν
1128 1707 1449 1761 διδάσκαλον
1479 1709 1720 1778 ὁρῶντας
1750 1709 1842 1760 τὸν

151 1792 400 1846 τοσαῦτα
425 1796 625 1865 σημεῖα
647 1794 1021 1863 ἐργασάμενον
1047 1795 1285 1864 συνεχῶς
1311 1796 1716 1867 ἀρρωστοῦντα.
1748 1796 1842 1849 καὶ

151 1880 221 1932 τὸ
271 1879 434 1951 σῶμα
473 1881 784 1950 κάμνοντα,
822 1879 1163 1951 ἀνθρώπινόν
1202 1899 1254 1934 τι
1286 1882 1497 1939 παθεῖν.
1543 1883 1618 1935 Οὐ
1669 1882 1841 1936 ταῦτα

150 1966 210 2019 δὲ
245 1966 425 2036 μόνον,
458 1966 594 2020 ἀλλά
620 1969 711 2020 καὶ
732 1966 917 2037 ἕτερόν
948 1985 1001 2019 τι
1028 1970 1077 2020 οί
1100 1968 1484 2038 διαποροῦντες
1506 1971 1532 2009 b
1573 1969 1795 2039 ζητοῦσι
1822 1986 1838 2000 ·

147 2054 303 2117 τίνος
336 2056 445 2126 γάρ
467 2054 654 2107 ἐνεκεν
684 2056 844 2108 πάλιν
875 2054 996 2107 οὐτε
1024 2056 1184 2119 αὐτὸς
1233 2058 1456 2118 ἐαυτὸν,
1487 2057 1609 2110 οὐτε
1641 2061 1668 2111 6
1698 2058 1841 2112 διδά-

150 2141 364 2209 σκαλος
391 2140 556 2194 αὐτοῦ
585 2141 729 2194 οὕτω
769 2142 1111 2212 διακείμενον
1151 2143 1544 2214 ἐθεράπευσεν;
1581 2144 1716 2199 ἀλλὰ
1755 2162 1841 2198 νε-

148 2228 327 2297 κροὺς
367 2229 464 2297 μὲν
493 2229 739 2299 ήγειρον,
760 2228 855 2281 καὶ
889 2228 1149 2299 δαίμονας
1178 2230 1519 2299 ἀπήλαυνον,
1556 2232 1648 2284 καὶ
1677 2231 1839 2286 θανά-

147 2333 252 2369 του
281 2315 420 2385 μετά
450 2316 1078 2389 περιουσίας,ἐκράτουν,
1114 2317 1274 2389 σῶμα
1294 2318 1351 2371 δὲ
1376 2319 1433 2372 ἓν
1459 2319 1757 2391 ἠσθενηκὸς
1776 2322 1837 2374 οὐ

146 2402 493 2475 διώρθωσαν,
525 2404 641 2457 ἀλλ’
674 2406 732 2457 ἐν
766 2404 1068 2475 ἀλλοτρίοις
1103 2405 1316 2477 σώμασι
1354 2408 1447 2461 καὶ
1488 2408 1689 2472 ζῶντες
1747 2410 1837 2462 καὶ

145 2493 604 2562 τετελευτηκότες
635 2493 898 2565 τοσαύτην
942 2494 1365 2566 ἐπιδεδειγμένοι
1407 2495 1673 2568 δύναμιν,
1720 2498 1838 2551 στό-

150 2596 331 2650 μαχον
351 2580 731 2633 καταπεσόντα
754 2582 853 2633 οὐκ
882 2580 1185 2652 ἀνέστησαν
1201 2598 1214 2610 °
1241 2582 1336 2635 καὶ
1361 2582 1420 2634 τὸ
1442 2582 1504 2653 δὴ
1529 2582 1728 2652 μεῖζον,
1757 2584 1837 2636 ὅτι

146 2668 252 2718 οὐκ
286 2666 605 2736 αἰσχύνεται
638 2666 850 2731 Παῦλος
901 2667 1022 2720 οὐδὲ
1054 2667 1282 2739 ἐρυθριᾷ
1318 2668 1455 2738 μετά
1486 2669 1723 2723 τοσαῦτα
1747 2672 1839 2723 καὶ

144 2753 461 2823 τηλικαῦτα
488 2757 710 2825 σημεῖα,
732 2754 767 2808 ἀ
791 2756 885 2807 καὶ
908 2754 997 2807 διὰ
1024 2753 1179 2824 ψιλοῦ
1211 2756 1454 2826 ῥήματος
1472 2756 1833 2824 ἐπεδείκνυτο,

145 2843 408 2913 Τιμοθέῳ
442 2844 669 2915 γράφων
699 2844 790 2896 ἐπὶ
816 2842 915 2914 τὴν
949 2844 1056 2897 ἀπὸ
1091 2844 1191 2915 τῆς
1230 2844 1537 2909 οἰνοποσίας
1589 2863 1837 2915 καταφυ-

143 2933 269 2999 γεῖν
295 2930 615 3001 θεραπείαν.
645 2930 756 3000 Οὐχ
784 2931 865 2984 ὅτι
900 2932 960 2983 τὸ
985 2930 1160 2984 πίνειν
1186 2926 1327 2985 οἶνον
1355 2932 1579 3003 αἰσχρὸν
1598 2972 1612 2996 ,
1644 2934 1718 3004 μὴ
1748 2934 1837 3003 γέ-

145 3034 300 3069 νοιτο
324 3033 337 3044 ’
396 3017 687 3088 αἱρετικῶν
725 3019 834 3088 γάρ
864 3018 1037 3070 ταῦτα
1068 3019 1501 3090 παραγγέλματα
1526 3029 1549 3055 °
1570 3035 1583 3047 '
1619 3020 1733 3073 ἀλλ’
1756 3023 1836 3075 ὅτι

146 3107 252 3161 οὐκ
292 3106 546 3177 ἐνόμιζεν
588 3107 849 3178 αίσχύνην
893 3102 1034 3160 εἶναι
1071 3108 1131 3160 τὸ
1164 3108 1237 3179 μὴ
1266 3108 1524 3163 δύνασθαι
1551 3111 1716 3182 χωρὶς
1738 3111 1838 3180 τῆς

145 3194 367 3246 ἐκείνου
392 3192 645 3263 βοηθείας
665 3193 1056 3264 διορθώσασθαι
1079 3196 1366 3265 νενοσηκὸς
1392 3195 1449 3248 ἓν
1477 3197 1660 3266 μέλος.
1695 3197 1836 3249 Ἀλλ’

144 3281 306 3349 ὅμως
334 3280 588 3333 τοσοῦτον
630 3281 874 3350 ἀπέσχεν
901 3280 1259 3352 αἰσχυνθῆναι
1292 3282 1385 3335 ἐπὶ
1417 3281 1611 3352 τούτῳ,
1632 3282 1713 3335 ὅτι
1744 3283 1838 3337 καὶ

143 3368 269 3431 τοῖς
299 3367 440 3436 μετά
469 3366 644 3422 ταῦτα
673 3368 805 3421 πᾶσι
852 3368 1009 3439 δῆλον
1037 3367 1169 3420 αὐτὸ
1198 3369 1470 3440 ἐποίησεν.
1508 3368 1671 3421 Ἰδετε
1702 3370 1837 3440 πρὸς

144 3455 320 3508 πόσον
356 3454 517 3524 βάθος
566 3456 953 3528 κατηγάγομεν
987 3456 1076 3509 τὸν
1114 3456 1302 3523 λόγον;
1345 3458 1461 3520 πῶς
1485 3456 1511 3495 ἀ
1562 3459 1622 3510 τὸ
1651 3458 1837 3511 δοκοῦν

150 3542 355 3613 μικρὸν
381 3540 539 3605 εἶναι,
567 3543 773 3616 μυρίων
793 3544 953 3613 γέμει
979 3542 1114 3615 ζητη
1125 3544 1331 3613 μάτων;
1350 3544 1489 3613 Φέρε
1509 3540 1601 3597 οῦν
1626 3545 1714 3597 καὶ
1742 3544 1838 3615 τὴν

146 3631 305 3684 λύσιν
332 3631 721 3702 ἐπαγάγωμεν.
755 3632 856 3685 Διά
878 3632 985 3703 γάρ
1017 3631 1176 3685 τοῦτο
1200 3632 1335 3703 πρὸς
1368 3633 1501 3685 πολὺ
1528 3632 1687 3702 βάθος
1718 3650 1840 3686 κατ-

148 3720 397 3791 έϐημεν,
439 3721 526 3774 ἵνα
555 3721 924 3792 διεγείραντες
954 3720 1108 3791 ὐμῶν
1135 3721 1234 3792 τὴν
1265 3720 1523 3786 διάνοιαν,
1557 3722 1613 3772 ἐν
1672 3722 1841 3790 ἀσφα-

148 3810 235 3862 λεῖ
259 3808 313 3848 ά·
350 3810 419 3863 τά
442 3811 691 3880 νοήματα
715 3808 1069 3880 ἀποθώμεθα.

220 3903 293 3964 γ’.
315 3897 715 3968 Συγχωρήσατε
726 3897 782 3949 δέ
803 3914 913 3967 μοι,
937 3896 1224 3966 πρὶνῆτὴν
1249 3895 1403 3949 λύσιν
1427 3900 1537 3960 τοῖς
1565 3896 1839 3967 ζητήμασι
1884 3954 1893 3965 _

147 3982 368 4044 τούτοις
403 3985 723 4051 ἐπαγαγεῖν,
758 3985 934 4036 εἰπεῖν
972 4000 1024 4035 τι
1052 3983 1302 4054 περὶτῆς
1325 3984 1525 4053 ἀρετῆς
1557 3983 1652 4035 τοῦ
1672 3985 1841 4054 Τιμο-

151 4070 303 4134 θέου,
337 4072 433 4123 καὶ
471 4071 569 4141 τῆς
612 4070 709 4124 τοῦ
746 4071 959 4126 Παύλου
1007 4071 1353 4141 κηδεμονίας.
1384 4071 1448 4124 Τί
1490 4072 1598 4143 γάρ
1635 4072 1839 4124 ἐκείνου

152 4156 640 4228 φιλοστοργότερον
669 4169 693 4197 ο
716 4158 964 4227 γέγονεν,
988 4158 1047 4221 ὃς
1095 4160 1159 4211 ἐκ
1190 4157 1443 4211 τοσούτου
1473 4158 1840 4230 διαστήματος

152 4241 230 4295 ὢν
268 4244 367 4297 καὶ
415 4244 691 4308 τοσούτοις
737 4244 1106 4316 κυκλούμενος
1154 4244 1505 4316 πράγμασιν,
1554 4246 1695 4317 ὑπὲρ
1742 4245 1841 4308 τῆς

152 4329 345 4398 ὑγείας
396 4330 492 4384 τοῦ
548 4332 820 4403 στομάχου
874 4331 966 4385 τοῦ
1009 4331 1250 4402 μαθητοῦ
1292 4330 1560 4402 τοσαύτην
1608 4333 1841 4385 ἐποιεῖτο

155 4417 437 4485 πρόνοιαν,
466 4419 559 4471 καὶ
607 4418 746 4489 μετὰ
771 4418 1056 4490 ἀκριϐείας
1093 4417 1418 4471 ἐπέστελλεν
1459 4418 1598 4488 ὑπὲρ
1626 4418 1723 4487 τῆς
1746 4416 1839 4469 τοῦ

153 4506 467 4575 νοσήματος
525 4505 900 4577 διορθώσεως;
961 4506 1119 4559 Τίδέ
1174 4507 1268 4576 τῆς
1318 4506 1520 4576 ἀρετῆς
1585 4506 1698 4558 ἴσον
1742 4504 1842 4574 τῆς

155 4591 466 4661 Τιμοθέου;
530 4594 716 4658 Οῦτως
754 4594 1092 4667 ὐπερεώραῐ
1155 4595 1390 4665 τρυφῆς,
1442 4594 1536 4646 καί
1567 4592 1839 4662 κατεγέλα

156 4679 486 4745 πολυτελοῦς
510 4682 811 4753 τραπέζης,
847 4682 922 4747 ὡς
945 4682 1038 4734 καὶ
1067 4684 1145 4745 είς
1176 4681 1461 4734 ἀσθένειαν
1487 4682 1743 4750 ἐμπεσεῖν
1778 4681 1842 4732 ἐκ

154 4769 257 4839 τῆς
306 4769 448 4838 ἄγαν
495 4770 915 4842 σκληραγωγίας
967 4770 1062 4823 καὶ
1114 4768 1510 4839 ἐπιτεταμένης
1570 4767 1839 4837 νηστείας.

157 4857 283 4909 Ὅτι
328 4858 439 4928 γάρ
467 4859 527 4911 οὐ
578 4859 739 4928 φύσει
776 4859 1016 4921 τοιοῦτος
1046 4854 1136 4930 ἦν,
1181 4858 1294 4911 ἀλλ’
1325 4857 1428 4911 ὑπὸ
1457 4858 1710 4928 νηστείας
1750 4856 1845 4909 καὶ

162 4944 496 5015 ὐδροποσίας
535 4948 629 5000 τοῦ
676 4948 948 5018 στομάχου
1006 4947 1270 5001 κατέϐαλε
1315 4946 1412 5017 τὴν
1454 4946 1635 5015 ἰσχὺν,
1678 4942 1843 4996 αὐτοῦ

156 5030 253 5084 τοῦ
280 5031 495 5087 Παύλου
522 5034 638 5105 μετ’
658 5034 944 5102 ἀκριϐείας
974 5034 1130 5087 τοῦτο
1156 5033 1439 5104 δηλοῦντος
1460 5030 1745 5085 ἀκούσατε.
1769 5031 1843 5083 Οὐ

158 5118 269 5189 γὰρ
305 5118 495 5183 ἀπλῶς
528 5115 704 5183 εἶπεν,
751 5120 892 5192 Οίνῳ
917 5120 1083 5191 ὀλίγῳ
1118 5120 1235 5192 χρῶ
1256 5140 1268 5151 ·
1304 5119 1439 5174 ἀλλά
1474 5117 1736 5189 πρότερον
1766 5119 1843 5170 εἰ-

160 5205 301 5270 πὼν,
326 5206 551 5274 Μηκέτι
583 5207 917 5276 ὑδροπότει,
941 5207 1063 5261 τότε
1096 5208 1194 5279 τὴν
1223 5209 1322 5279 τῆς
1337 5205 1645 5269 οἶνοποσίαῖ
1676 5221 1845 5275 προσ’

224 5312 249 5385 ξ
272 5310 535 5385 εαγξι.
561 5319 613 5385 εὶ
635 5326 809 5385 ρωηεε
844 5314 1096 5385 fere‘mss;
1111 5311 1241 5385 Ed_iti
1266 5312 1468 5385 ἐγένετοἰ
1496 5372 1517 5385 “
1692 5368 1717 5380 ⁸,

221 5370 253 5412 δ
270 5374 373 5438 fAlii
395 5380 449 5421 el
470 5374 619 5438 δερ-νη.
633 5375 789 5437 ἕτερόν
810 5392 855 5423 τι
881 5376 997 5438 πρὸς
1022 5374 1120 5427 τοῖς
1149 5370 1405 5438 εἰρημένοις
1427 5376 1470 5420 oi
1493 5370 1841 5438 διαποροῦντες.

160 5434 319 5481 Paulo
360 5434 661 5496 poslNSavil.
705 5432 758 5484 ἐι
800 5432 988 5496 aliqliol
1029 5449 1141 5482 mss.
1184 5432 1468 5496 διδάσκαλος
1512 5432 1653 5480 αὐτὸν
1696 5434 1841 5491 οὕτω,

160 5506 258 5563 Βορ
282 5497 434 5563 {usit}.
462 5495 634 5563 lim-gl.
660 5502 713 5544 et
736 5498 817 5545 a‘ii
840 5495 1125 5563 διδάσκαλος
1149 5495 1465 5563 αύτρῦΠοῧτω.
1503 5556 1514 5563 _

227 5558 251 5587 ε
277 5555 435 5605 Savil.
466 5563 519 5604 et
542 5558 726 5618 aliquoi
751 5572 868 5606 mss.
892 5556 1044 5618 ταῦτα
1066 5558 1125 5603 τά
1144 5574 1199 5618 π.
1223 5558 1321 5604 Sed
1345 5555 1849 5618 arliculusAomiuiiur

161 5615 213 5667 in
236 5619 377 5681 gllig,
392 5626 446 5665 et
468 5615 669 5678 quidem
692 5619 973 5681 elegantius
997 5616 1115 5680 (imo
1134 5616 1291 5667 minus
1313 5618 1521 5676 erce),
1543 5615 1593 5665 ni
1619 5617 1778 5666 fallor.

224 5678 252 5717 ει
278 5678 380 5727 Alii
405 5681 489 5726 καὶ
512 5681 631 5734 πῶς.

228 5740 277 5805 ς’
295 5740 455 5805 savii.
482 5741 620 5805 addit
640 5740 838 5805 ταμείῳ.

234 5801 476 5871 τιμῇ-τίς
498 5803 652 5871 γάρ...
673 5801 1103 5871 φιλοστοργότερος.
1156 5865 1174 5871 _
1307 5865 1319 5871 _
1345 5865 1355 5871 _
1488 5862 1505 5871 _
1547 5862 1566 5871 ﬂ

237 5861 255 5900 ί
283 5862 436 5911 Savll.
478 5861 533 5911 el.
557 5861 654 5926 falli
683 5861 882 5924 quidam
908 5861 1022 5912 iussi
1047 5866 1097 5919 ὃς
1121 5865 1270 5918 οὕτως
1301 5865 1441 5926 ἐώρα.
1488 5862 1611 5913 Infra
1638 5861 1844 5926 aliidﬂ’

170 5924 377 5987 @6313;
400 5925 633 5980 νηστείας.
661 5926 810 5973 Paulo
834 5931 945 5987 post
969 5926 1138 5974 Morel.
1168 5933 1219 5974 el
1241 5924 1427 5987 aliqth
1455 5938 1566 5974 mss.
1596 5924 1846 5982 δηλοῦντος

171 5985 425 6046 ἀκούσατε,
451 5987 598 6037 Savil.
630 5995 679 6039 el
710 5987 792 6038 alii
819 5984 1071 6046 δηλοῦντος
1098 5989 1221 6035 ἐστιν
1262 5984 1484 6036 ἀκοῦσαι.

1956 480 2119 552 έθηκε
2182 482 2513 554 συμϐουλήν.
2563 482 2638 536 T6
2685 482 2776 547 δὲ,
2797 483 3032 553 μηκέτι,
3092 485 3377 557 δηλοῦντος
3415 481 3505 561 ἦν,
3542 488 3627 543 δτι

1958 567 2117 639 μέχρι
2148 570 2267 622 τότε
2314 570 2616 641 ὑδροπότει,
2651 571 2743 624 καὶ
2777 571 2863 624 διὰ
2903 572 3059 626 τοῦτο
3099 573 3322 642 γέγονεν
3371 574 3622 644 ἀσθενής.

1954 655 2050 718 Τίς
2074 651 2165 708 οῦν
2194 656 2292 708 οὐκ
2318 655 2384 709 ἂν
2410 656 2709 728 ἐκπλαγείη
2738 657 2833 728 τὴν
2863 659 3177 728 φιλοσοφίαν
3205 661 3367 715 αὐτοῦ
3398 662 3494 715 καὶ
3525 661 3626 733 τὴν

1952 744 2265 816 ἀκρίϐειαν;
2290 744 2478 797 Αὐτῶν
2499 746 2794 800 ἐπελάϐετο
2816 757 2841 794 8
2864 748 2972 801 τῶν
2992 749 3254 821 οὐρανῶν,
3276 751 3370 803 καὶ
3394 751 3530 822 πρὸς
3561 751 3626 803 τὸ

1949 832 2048 901 τῆς
2092 832 2297 903 ἀρετῆς
2338 834 2506 902 ἀκρον
2537 834 2740 904 ήλασε·
2780 837 2876 888 καὶ
2920 836 3092 890 ταῦτα
3130 838 3157 889 ό
3187 837 3505 901 διδάσκαλος
3539 837 3621 910 15]

1948 916 2097 987 αὐτῷ
2132 922 2398 990 μαρτυρεῖ
2422 919 2564 973 οὔτω
2597 921 2789 989 λέγων·
2835 925 3108 992 Ἕπεμψα
3153 924 3295 993 ὑμῖν
3321 928 3621 994 Τιμόθεον,

1947 1002 2015 1069 ὅς
2053 1005 2184 1059 ἐστι
2208 1004 2426 1061 τέκνον
2438 1025 2558 1076 μου
2598 1009 2909 1077 ἀγαπητὸν
2927 1011 3023 1063 καί
3058 1011 3277 1064 πιστὸν
3300 1012 3370 1065 ὲν
3405 1014 3621 1081 Κυρίῳ.

1949 1090 2116 1145 Ὅταν
2150 1092 2206 1145 δέ
2240 1092 2452 1157 Παῦλος
2496 1094 2657 1147 αὐτὸν
2684 1096 2840 1148 καλεῖ
2870 1096 3057 1149 τέκνον
3093 1097 3186 1150 καὶ
3212 1097 3403 1151 τέκνον
3432 1101 3621 1153 πιστὸν

1947 1179 2040 1230 καὶ
2082 1180 2383 1251 ἀγαπητὸν,
2418 1181 2578 1251 ἀρκεῖ
2624 1182 2691 1234 τά
2731 1185 2950 1253 ρήματα
2991 1182 3163 1237 ταῦτα
3203 1184 3418 1237 ἀπασαν
3454 1185 3620 1238 αὐτοῦ

1944 1264 2113 1332 δεῖξαι
2145 1266 2242 1337 τὴν
2276 1268 2495 1339 ἀρετήν.
2533 1269 2598 1320 Αἱ
2632 1269 2742 1341 γὰρ
2774 1269 2880 1323 τῶν
2920 1270 3088 1339 ἁγίων
3122 1269 3331 1342 κρίσεις
3375 1271 3436 1323 οὐ
3486 1271 3622 1342 πρὸς

1946 1352 2125 1422 χάριν,
2154 1354 2274 1406 οὐδὲ
2299 1354 2433 1424 πρὸς
2462 1355 2755 1425 ἀπέχθειαν
2795 1357 3055 1425 γίνονται,
3086 1357 3221 1411 ἀλλά
3270 1357 3451 1429 πάσης
3484 1358 3622 1410 εἰσὶν

1944 1439 2359 1511 ἀπηλλαγμέναι
2411 1441 2753 1513 προλήψεως.
2805 1443 2918 1495 Οὐκ
2958 1438 3026 1512 ἧν
3058 1442 3199 1495 οὐτω
3245 1443 3273 1481 ιι
3313 1442 3549 1513 ζηλωτὸς
3590 1442 3622 1493 ό

1944 1527 2227 1596 Τιμόθεος,
2278 1531 2327 1582 εί
2361 1531 2574 1583 Παύλου
2608 1529 2799 1582 τέκνον
2829 1526 2897 1601 ἦν
2930 1530 3110 1598 φύσει,
3141 1529 3217 1593 ῶς
3255 1531 3370 1583 ἐστι
3404 1529 3620 1600 θαυμα-

1946 1616 2069 1678 στὸς
2099 1614 2211 1679 νῦν,
2235 1618 2317 1669 ὅτι
2342 1617 2480 1670 κατά
2503 1617 2682 1688 σάρκα
2706 1617 2871 1687 μηδὲν
2896 1616 3043 1688 αὐτῷ
3068 1618 3379 1688 προσήκων,
3409 1616 3496 1669 διὰ
3522 1616 3622 1685 τῆς

1944 1703 2083 1755 κατά
2113 1703 2213 1771 τὴν
2250 1703 2534 1757 εὐλάϐειαν
2566 1704 2887 1773 συγγενείας
2929 1706 3010 1768 εἰς
3051 1705 3151 1775 τὴν
3191 1702 3463 1756 υἱοθεσίαν
3507 1704 3622 1754 εισ-

1943 1791 2148 1860 ήγαγεν
2172 1791 2360 1843 ἐαυτὸν
2381 1792 2480 1862 τήν
2499 1790 2725 1854 ἐκείνου,
2749 1790 2886 1861 μετά
2909 1789 3190 1861 ἀκριϐείας
3210 1792 3334 1851 τοὺς
3349 1787 3620 1859 χαρακτῆο

1944 1895 2042 1948 ρας
2084 1878 2183 1947 τῆς
2222 1878 2427 1931 ἐκείνου
2472 1877 2787 1949 φιλοσοφίας
2815 1878 3092 1942 διασώζων
3131 1880 3188 1931 ἐν
3240 1877 3431 1930 ἀπασι.
3472 1874 3621 1929 Καθ’

1941 1966 2083 2036 άπερ
2123 1966 2229 2035 γὰρ
2268 1967 2465 2037 μόσχος
2496 1967 2683 2037 ταύρῳ
2738 1966 3203 2038 συμϐεϐλημένος,
3237 1965 3378 2019 οὓτω
3402 1964 3493 2017 τὸν
3522 1963 3617 2027 ζυ-

1940 2055 2033 2122 γὸν
2056 2050 2202 2107 εἷλκε
2237 2056 2353 2125 μετ’
2382 2055 2545 2109 αὐτοῦ
2576 2054 2851 2126 πανταχοῦ
2884 2058 2980 2125 τῆς
3020 2054 3363 2125 οἰκουμένης,
3401 2053 3493 2106 καὶ
3521 2052 3616 2104 οὐ-

1939 2141 2028 2194 δέν
2058 2144 2352 2214 ἠλαττοῦτο
2386 2144 2474 2197 διὰ
2510 2143 2607 2212 τὴν
2653 2144 2889 2214 ἠλικίαν,
2935 2142 3047 2196 ἀλλ’
3082 2146 3114 2212 ἡ
3152 2141 3429 2213 προθυμία
3458 2139 3613 2210 ἁμιλο

1941 2231 2135 2285 λᾶσθαι
2164 2236 2275 2296 τοῖς
2308 2233 2401 2286 τοῦ
2432 2234 2754 2287 διδασκάλου
2791 2233 2974 2296 πόνοις
3013 2232 3174 2284 αὐτὸν
3216 2228 3615 2300 παρεσκεύαζε.

1940 2319 2051 2370 Καὶ
2077 2318 2279 2371 τούτων
2303 2321 2464 2373 πάλιν
2494 2319 2703 2391 μάρτυς
2729 2320 2888 2381 αὐτὸς
2913 2321 2940 2372 ό
2976 2318 3205 2381 Παῦλος,
3235 2317 3375 2370 οὕτω
3403 2316 3575 2383 λέγων
3596 2331 3613 2346 ⁸

1938 2403 2160 2471 Μηδεὶς
2185 2401 2299 2460 οὖν
2321 2408 2509 2460 αὑτὸν
2541 2404 2917 2474 ἐξουθενήσῃ
2933 2422 2947 2437 ·
2972 2406 3039 2459 τὸ
3066 2405 3173 2474 γὰρ
3198 2404 3376 2474 ἔργον
3394 2404 3615 2470 Κυρίου

1938 2491 2253 2561 ἐργάζεται,
2299 2498 2378 2561 ὡς
2426 2493 2603 2565 κάγώ.
2652 2490 2806 2558 Εἶδες
2846 2492 2962 2556 πῶς
3014 2493 3429 2563 ἀπαράλλακτον
3468 2489 3617 2561 αὐτῷ

1942 2583 2210 2652 μαρτυρεῖ
2234 2582 2497 2651 σπουδήν;
2518 2578 2650 2635 Εἶτα
2677 2582 2762 2634 ἵνα
2785 2581 2861 2652 μὴ
2886 2580 3111 2651 νομισθῇ
3137 2581 3317 2650 χάριτι
3339 2578 3510 2632 ταῦτα
3527 2578 3616 2629 λέ-

1937 2685 2075 2736 γειν,
2105 2671 2301 2734 αὐτοὺς
2328 2673 2454 2735 τοὺς
2484 2670 2757 2742 ἀκροατάς
2788 2672 3024 2723 ποιεῖται
3071 2668 3354 2739 μάρτυρας
3383 2667 3481 2738 τῆς
3520 2665 3613 2719 τοῦ

1938 2758 2125 2821 παιδὸς
2160 2760 2383 2829 ἀρετῆς,
2420 2758 2563 2814 οὕτω
2606 2759 2812 2828 λέγων’
2852 2757 2969 2825 Τὴν
3010 2756 3077 2809 δὲ
3120 2756 3375 2826 δοκιμὴν
3427 2754 3614 2809 αὑτοῦ

1938 2846 2276 2912 γινώσκετε,
2312 2848 2401 2903 ὅτι
2445 2850 2525 2914 ὡς
2564 2849 2789 2916 πατέρα
2818 2847 3033 2902 τέκνον
3071 2849 3115 2910 ί,
3147 2847 3300 2901 οὕτω
3340 2844 3461 2900 σὺν
3483 2842 3618 2915 ἐμοὶ

1936 2932 2306 2988 ἐδούλευσεν
2337 2936 2407 2989 ἐν
2435 2935 2516 3001 τῷ
2559 2935 2922 3005 Εὺαγγελίῳ·
2974 2934 3188 3002 πεῖραν
3230 2932 3399 3003 ὑμεῖς
3449 2931 3613 2999 εἰλή-

1937 3038 2086 3090 φατε
2129 3022 2239 3091 τῆς
2272 3024 2491 3093 ἀρετῆς
2533 3024 2757 3088 αὐτοῦ,
2803 3025 2900 3077 καὶ
2958 3023 3067 3092 τῆς
3100 3023 3347 3092 δοκίμου
3382 3022 3611 3090 ψυχῆς.

1948 3108 2087 3161 Ἀλλ’
2111 3109 2258 3180 ὅμως
2288 3112 2422 3182 πρὸς
2450 3111 2703 3165 τοσοῦτον
2728 3110 2861 3179 ὐψος
2889 3109 3330 3181 κατορθωμάτων
3355 3108 3612 3169 ἀνελθὼν,

1937 3193 2056 3247 οὐδέ
2085 3194 2258 3259 οὕτως
2296 3197 2536 3268 ἐθάρρει,
2570 3198 2685 3251 ἀλλ’
2703 3194 2994 3265 ἐναγώνιος
3022 3192 3089 3267 ἦν
3110 3198 3204 3249 καὶ
3227 3196 3508 3266 περιδεής·
3532 3195 3614 3248 διὸ

1951 3284 2046 3336 καὶ
2093 3286 2210 3354 μετ’
2240 3281 2527 3357 ἀκριϐείας
2576 3288 2854 3359 ἐνήστευε,
2896 3285 2989 3338 καὶ
3022 3287 3120 3337 οὐκ
3160 3284 3327 3338 ἔπαθε
3364 3283 3522 3337 τοῦτο
3554 3282 3616 3336 τὸ

1937 3371 2046 3424 τῶν
2088 3372 2319 3439 πολλῶν,
2358 3375 2406 3427 οἳ
2457 3375 2587 3429 δέκα
2625 3376 2805 3446 μόνον,
2860 3374 2892 3444 ἢ
2934 3373 3027 3425 καὶ
3068 3372 3239 3426 εἴκοσι
3294 3373 3467 3443 μῆνας
3518 3387 3618 3441 νη-

1941 3458 2092 3529 στείᾳ
2126 3463 2535 3530 παρεσχηκότες
2568 3462 2813 3525 ἑαυτοὺς,
2850 3459 3054 3522 εὐθέως
3080 3460 3295 3512 ἅπαντα
3323 3456 3619 3511 καταλύου-

1941 3561 2043 3596 σιν.
2089 3545 2227 3597 ’Δλλ’
2262 3548 2467 3611 ἐκεῖνος
2496 3547 2647 3599 οὐδὲν
2694 3544 2934 3599 τοιοῦτον
2985 3544 3206 3607 ἔπαθεν,
3239 3543 3359 3596 οὐδέ
3394 3539 3518 3595 εἶπέ
3560 3559 3616 3595 τι

1939 3630 2175 3684 τοιοῦτον
2215 3633 2352 3703 πρὸς
2382 3633 2592 3686 ἐαυτὸν·
2618 3633 2684 3685 Τί
2713 3649 2801 3703 μοι
2824 3631 3075 3701 νηστείας
3097 3630 3255 3699 χρεία
3279 3628 3459 3682 λοιπόν
3481 3645 3495 3692 ;
3522 3645 3620 3680 πε-

1941 3718 2287 3788 ριεγενόμην,
2319 3719 2602 3791 ἐκράτησα
2636 3719 2744 3771 τῶν
2774 3716 3098 3786 ἐπιθυμιῶν,
3126 3714 3405 3787 ἐνέκρωσά
3432 3732 3532 3785 μου
3556 3714 3617 3767 τὸ

1943 3803 2119 3874 σῶμα,
2137 3804 2398 3875 δαίμονας
2416 3806 2680 3877 ἐφόϐησα,
2698 3805 2787 3858 τὸν
2803 3803 3048 3857 διάϐολον
3071 3803 3348 3875 ἀπήλασα,
3388 3802 3619 3873 νεκροὺς

1940 3889 2234 3962 ἀνέστησα,
2262 3891 2499 3964 λεπροὺς
2526 3892 2791 3964 ἐκάθηρα,
2816 3893 2936 3953 ταῖς
2966 3890 3370 3960 ἀντικειμέναις
3391 3888 3618 3958 δυνάμε-

1943 3976 2025 4029 σίν
2053 3980 2165 4048 εἰμι
2190 3978 2420 4049 φοϐερός
2440 3996 2454 4009 ·
2484 3979 2536 4032 τί
2561 3996 2652 4050 μοι
2677 3979 2930 4050 νηστείας
2949 3977 3031 4031 δεῖ
3052 3976 3257 4043 λειπὺν,
3285 3975 3497 4045 καὶτῆς
3530 3976 3618 4027 ἐν·

1940 4064 2131 4117 τεῦθεν
2163 4065 2460 4133 ἀσφαλείας
2481 4084 2495 4132 ;

2011 4152 2176 4205 υύδέν
2202 4154 2438 4207 τοιοῦτον
2462 4154 2561 4207 οὐκ
2590 4149 2760 4219 εἶπεν,
2788 4155 2887 4207 ούκ
2908 4155 3206 4225 ἐνενόησεν,
3240 4150 3355 4203 ἀλλ’
3378 4150 3486 4219 ὅσῳ
3516 4166 3618 4218 μυ-

1944 4238 2074 4308 ρίων
2109 4240 2272 4311 ἔγεμε
2303 4240 2761 4312 κατορθωμάτων,
2796 4239 3035 4310 τοσούτῳ
3072 4238 3271 4309 μᾶλλον
3297 4235 3482 4288 ἐδεδίει
3520 4236 3618 4288 καὶ

1943 4327 2138 4398 ἔτρεμε
2164 4345 2177 4357 ·
2214 4328 2308 4381 καὶ
2350 4328 2551 4399 ταύτην
2592 4327 2745 4399 παρὰ
2785 4327 2879 4379 τοῦ
2921 4325 3241 4380 διδασκάλου
3274 4322 3371 4393 τήν
3404 4322 3619 4391 φιλοσοο

1944 4415 2071 4483 φίαν
2092 4414 2383 4485 ἐμάνθανε.
2406 4415 2516 4467 Καὶ
2545 4414 2655 4487 γάρ
2684 4416 2890 4476 ἐκεῖνος
2915 4415 2995 4476 είς
3016 4411 3198 4483 τρίτον
3222 4410 3494 4480 ἀρπαγεὶς
3522 4409 3617 4460 οὐ-

1948 4500 2126 4571 ρανὸν,
2161 4502 2254 4555 καὶ
2287 4503 2367 4564 εἰς
2404 4502 2733 4571 παράδεισον
2760 4498 3100 4570 ἀπενεχθεὶς,
3131 4497 3226 4550 καὶ
3254 4494 3494 4558 ἀκούσας
3525 4495 3623 4565 ρή-

1948 4606 2092 4659 ματα
2126 4588 2360 4660 ἄρρητα,
2393 4590 2486 4641 καὶ
2518 4587 2832 4659 μυστηρίων
2866 4587 3198 4655 κοινωνήσας
3219 4583 3494 4648 τοιούτων,
3523 4581 3618 4633 καί⁹

1943 4675 2041 4745 τὴν
2069 4675 2393 4745 οἰκουμένην
2417 4674 2634 4728 ἅπασαν
2666 4672 2981 4745 ἐπιδραμὼν
3009 4671 3263 4742 καθάπερ
3284 4687 3367 4734 τις
3387 4670 3619 4723 ὑπόπτε-

1949 4778 2058 4831 ρος,
2109 4761 2417 4833 Κορινθίοις
2456 4761 2785 4814 ἐπιστέλλων
2817 4760 3000 4828 ἐλεγε·
3033 4758 3331 4828 Φοϐοῦμαι
3372 4756 3456 4825 μή
3493 4770 3618 4821 πως

1945 4847 2158 4914 ἄλλοις
2182 4849 2447 4917 κηρύξας
2472 4848 2656 4914 αὐτὸς
2680 4847 2967 4916 ἀδόκιμος
2999 4846 3274 4915 γένωμαι.
3306 4846 3367 4897 Εἰ
3395 4843 3451 4897 δέ
3480 4842 3621 4895 Παῦ⁴

1946 4933 2035 4998 λος
2056 4934 2297 5005 φοϐεῖται
2331 4933 2344 4983 i
2381 4935 2517 5005 μετά
2544 4934 2767 4989 τοιαῦτα
2798 4935 2890 4988 καὶ
2925 4932 3162 4987 τοσαῦτα
3196 4930 3615 5002 κατορθώματα,

1945 5023 1973 5073 6
1993 5021 2239 5092 δυνηθεὶς
2260 5024 2455 5086 εἰπεῖν,
2475 5023 2556 5076 ὅτι
2602 5022 2756 5091 Ἐμοὶ
2791 5023 3017 5090 κόσμος
3046 5020 3427 5086 ἐσταύρωται,
3456 5016 3620 5086 κάγὼ

1945 5108 2024 5174 τῷ
2062 5110 2287 5177 κόσμῳ,
2315 5110 2493 5180 πολλῷ
2529 5109 2727 5180 μᾶλλον
2755 5111 2901 5181 ἡμᾶς
2938 5107 3233 5161 δεδοικέναι
3259 5106 3385 5175 χρὴ,
3420 5104 3514 5157 καὶ
3536 5121 3619 5157 το-

1948 5196 2121 5264 σούτῳ
2156 5196 2374 5266 μᾶλλον,
2393 5197 2611 5267 ὅσῳπερ
2630 5197 2694 5249 ἂν
2717 5190 2866 5265 ὦμεν
2898 5193 3069 5247 πολλὰ
3086 5191 3457 5262 συνειληχότες
3487 5208 3622 5243 κατ-

1946 5281 2259 5353 ορθώματα.
2299 5282 2403 5337 Καὶ
2431 5285 2539 5355 γάρ
2560 5286 2587 5337 6
2620 5282 2864 5345 διάϐολος
2881 5280 3217 5353 ἀγριώτερος
3238 5279 3362 5331 τότε
3384 5278 3618 5345 γίνεται,

1945 5369 2066 5422 τότε
2095 5370 2442 5441 ἐκθηριοῦται
2483 5370 2665 5435 πλέον,
2706 5371 2831 5423 ὅταν
2865 5368 2947 5439 ῐδῃ
2982 5369 3098 5437 μετ’
3134 5363 3447 5434 ἐπιμελείας
3470 5366 3622 5435 ἡμᾶς

1944 5454 2035 5507 τὸν
2065 5455 2272 5508 ἐαυτῶν
2303 5455 2716 5526 οἰκονομοῦντας
2748 5454 2859 5524 βίον
2878 5471 2890 5482 ³
2922 5456 3049 5507 ὅταν
3088 5451 3172 5524 ἴδῃ
3205 5450 3272 5503 τὰ
3297 5450 3491 5521 φορτία
3520 5451 3621 5520 τῆς

1945 5542 2144 5612 ἀρετῆς
2174 5544 2529 5613 συγκείμενα,
2546 5544 2640 5596 καὶ
2660 5541 2824 5595 πολὺν
2849 5540 2977 5593 ὄντα
3000 5539 3089 5591 τὸν
3110 5538 3292 5606 ὄγκον,
3310 5537 3429 5590 τότε
3458 5554 3627 5590 σπου-

1946 5628 2095 5691 δάζει
2119 5629 2497 5701 χαλεπώτερον
2524 5628 2859 5700 ἐργάσασθαι
2885 5628 2946 5680 τὸ
2966 5627 3242 5695 ναυάγιον.
3276 5627 3337 5679 Ὁ
3380 5626 3475 5697 μὲν
3506 5626 3618 5703 γὰρ

2013 5802 2037 5863 β
2065 5802 2213 5850 δενίι.
2245 5806 2298 5849 ει
2320 5800 2468 5862 aliqui
2499 5802 2773 5863 ἐπελάϐετο,
2803 5798 2975 5851 Morel.
3001 5796 3282 5849 ὐπελάϐεττι.

2009 5860 2036 5925 ll
2067 5863 2199 5925 Unus
2225 5863 2312 5910 οὐκ
2329 5863 2387 5921 ἦν
2405 5860 2497 5925 γάρ
2524 5864 2667 5912 οῦτω.

2011 5924 2027 5961 ί
2060 5924 2156 5971 Alii
2179 5926 2243 5978 ὡς
2261 5926 2401 5984 πατρὶ
2423 5924 2599 5973 τέκνον.

2014 5984 2029 6037 i
2061 5985 2160 6035 Alli
2188 5985 2421 6048 ἐφοϐεῖτο.
