4072 6384
398 313 485 373 ῃ,
1175 303 1232 358 S.
1276 301 1559 358 JOANNIS
1599 297 2092 358 CllllYSOSTOMI
2129 301 2456 360 ARClllEP.
2500 304 3053 366 CONSTANTINOP.
3771 307 3842 364 22

399 428 620 501 εὐτελὴς
653 426 747 481 καὶ
792 422 1222 496 ἀπερριμμένος,
1258 420 1359 475 κᾶν
1384 418 1746 488 ὑποσκελισθῇ
1784 419 1875 471 καὶ
1903 432 2072 469 κατα-

402 499 586 587 πέσῃ,
620 515 681 566 οὑ
713 511 982 580 τοσαύτην
1014 507 1091 578 τῷ
1130 506 1292 576 κοινῷ
1335 507 1491 578 φέρει
1545 505 1644 574 τὴν
1675 502 1878 574 βλάϐην
1901 516 1915 531 ο
1945 503 1972 554 ὀ
2013 501 2070 554 δέ

401 604 590 675 ῶσπερ
608 603 666 655 ἐν
683 600 809 670 ῦψει
835 599 942 652 τινί
955 599 1020 668 τῇ
1039 596 1137 667 τῆς
1156 596 1357 666 ἀρετῆς
1375 592 1454 666 [6]
1477 595 1686 664 κορυφῇ
1713 591 1848 662 μετά
1864 588 2064 675 πολλῆς

399 690 501 760 τῆς
525 674 878 760 περιφανείας
905 683 1093 747 ἑστὼς,
1119 684 1212 735 καὶ
1234 684 1366 735 πᾶσι
1395 680 1550 751 δῆλος
1573 680 1667 732 καὶ
1685 677 1959 748 γνώριμος
1973 674 2070 740 ῶν,

402 779 500 832 καὶ
530 775 680 848 παρά
707 776 922 828 πάντων
953 770 1388 842 θαυμαζόμενος,
1420 771 1547 822 ὃταν
1575 765 1936 836 ἐπηρεασθεὶς
1970 781 2073 817 κα-

403 865 637 942 ταπέσῃ,
665 863 905 935 μεγάλην
923 861 1020 932 τὴν
1037 859 1243 913 πτῶσιν
1273 857 1367 911 καὶ
1394 857 1492 925 τὴν
1515 854 1716 925 ζημίαν
1749 852 2038 942 ἐργάζεται
2055 866 2070 881 ⁸

404 939 502 1028 οὑχ
535 955 616 1007 ὃτι
649 953 805 1024 μόνον
831 950 890 1014 ἐξ
924 949 1091 1019 ὕψους
1119 947 1439 1009 κατέπεσεν,
1468 943 1581 996 ἀλλ’
1611 942 1691 994 ὃτι
1721 943 1816 993 καὶ
1845 939 2074 1002 πολλοὺς

407 1033 812 1114 ῥᾳθυμοτέρους
833 1039 1058 1110 ἐποίησε
1091 1035 1200 1089 τῶν
1247 1034 1385 1104 πρὸς
1413 1032 1575 1086 αὑτὸν
1608 1029 1932 1100 βλεπόντων.
1965 1028 2076 1081 Καὶ⁸

407 1131 657 1200 καθάπερ
679 1131 737 1180 ἐν
767 1126 1001 1195 σώματι.
1026 1125 1218 1196 μέλους
1252 1122 1348 1192 μὲν
1373 1120 1558 1191 ἐτέρου
1584 1117 1986 1188 διαφθαρέντος,
2012 1115 2072 1168 οὐ

407 1216 575 1287 πολλὴ
612 1199 645 1287 ἡ
700 1214 893 1284 βλάϐη,
935 1212 1042 1264 τῶν
1093 1210 1147 1263 δὲ
1182 1206 1473 1277 ὀφθαλμῶν
1518 1203 1881 1275 πηρωθέντων
1911 1200 1942 1272 ἢ
1975 1199 2075 1270 τῆς

407 1304 648 1374 κεφαλῆς
691 1322 766 1357 πα
777 1299 1155 1373 ραϐλαϐείσης,
1181 1297 1300 1349 ὅλον
1324 1295 1384 1347 τδ
1407 1293 1565 1362 σῶμα
1589 1290 1857 1361 ἄχρηστον
1874 1301 1900 1328 ι
1925 1289 2074 1356 γίνε-

407 1411 530 1447 ται’
577 1393 719 1446 οὕτω
769 1389 833 1462 δὴ
881 1391 974 1443 καὶ
1001 1387 1093 1440 ἐπὶ
1125 1384 1232 1438 τῶν
1281 1383 1450 1451 ἁγίων
1496 1381 1590 1432 καὶ
1635 1379 1845 1449 μεγάλα
1879 1394 2077 1447 κατορ-

410 1480 661 1534 θωκότων
705 1478 853 1531 ἐστιν
893 1477 1068 1529 εἰπεῖν
1105 1490 1118 1503 ·
1158 1473 1286 1526 ὅταν
1342 1471 1539 1523 ἐκεῖνοι
1580 1466 1899 1530 σϐεσθῶσιν,
1947 1466 2075 1518 ὅταν

409 1565 601 1636 κηλῖδά
621 1583 742 1618 τινα
770 1562 1228 1636 προστρίψωνται,
1260 1557 1551 1626 ὁλόκληρον
1585 1555 1677 1607 καὶ
1699 1553 1970 1624 ἀφόρητον
1998 1550 2077 1621 τῷ

409 1650 579 1722 λοιπῷ
609 1651 821 1721 σώματι
853 1649 950 1720 τὴν
983 1648 1186 1718 βλάϐην
1216 1644 1461 1715 φέρουσι.

475 1737 732 1791 δ’.Ταῦτα
753 1733 841 1790 σῦν
859 1737 1071 1790 ἅπαντα
1090 1737 1117 1788 6
1130 1732 1390 1802 Τιμόθεος
1410 1722 1925 1793 εἰδὼς,πανταχόθεν
1954 1722 2079 1775 ἐαυ-

409 1825 501 1880 τδν
532 1824 856 1895 ὴσφαλίζετο
880 1840 894 1854 ·
925 1822 1040 1892 ᾔδει
1072 1821 1182 1891 γὰρ
1204 1821 1286 1872 ὅτι
1318 1816 1552 1888 χαλεπὸν
1586 1817 1619 1884 ἡ
1646 1813 1854 1882 νεότης,
1881 1811 1961 1863 ὅτι
1981 1809 2078 1895 εὐ-

414 1894 680 1983 ρίπιστον,
708 1909 1133 1979 εὐεξαπάτητον,
1158 1903 1452 1966 εὑόλισθον,
1480 1901 1573 1954 καὶ
1598 1897 1954 1983 σφοδροτέρου
1970 1894 2080 1946 δεῖ-

410 1981 499 2052 ται
521 1996 632 2067 τοῦ
648 1995 865 2068 χαλινοῦ
895 2013 908 2026 ο
933 1994 1083 2066 πυρά
1099 1992 1208 2062 γάρ
1230 1991 1313 2054 τίς
1343 1993 1458 2042 ἐστι
1483 1988 1590 2040 τῶν
1624 1984 1820 2050 ἔξωθεν
1849 1981 2079 2051 ἐπιλαμ-

412 2085 681 2157 ϐανομένη
702 2086 976 2148 ἁπάντων,
1007 2081 1207 2150 ῥᾳδίως
1249 2075 1574 2146 ἐκκαιομένη
1611 2074 1703 2126 καὶ
1726 2070 1952 2141 ταχέως.
1982 2069 2079 2122 Διά

410 2172 570 2227 τοῦτο
592 2171 927 2241 πανταχόθεν
949 2168 1119 2240 αὑτὴν
1136 2166 1400 2236 ἐφραττεν
1423 2163 1562 2216 ὥστε
1589 2160 1964 2225 συνεστάλθαι,
1985 2159 2080 2211 καὶ

411 2261 510 2334 τὴν
528 2260 698 2331 φλόγα
729 2260 932 2328 ταύτην
959 2256 1118 2309 παντὶ
1137 2254 1320 2325 τρόπῳ
1345 2252 1624 2324 μαραίνειν
1651 2247 1968 2312 ἐσπούδαζε,
1988 2248 2081 2300 καὶ

413 2354 504 2406 τὸν
531 2352 694 2405 ἵππον
731 2349 1045 2420 δυσχάλινον
1090 2345 1218 2399 ὄντα
1265 2346 1358 2398 καὶ
1393 2344 1640 2414 δυσήνιον
1693 2340 1832 2413 μετά
1884 2339 2084 2408 πολλῆς

412 2435 551 2511 ἦγχε
578 2439 679 2510 τῆς
704 2437 1091 2507 σφοδρότητος,
1133 2435 1238 2498 ἓως
1287 2433 1374 2486 ὅτε
1407 2430 1571 2483 αὐτοῦ
1621 2429 1688 2482 τά
1739 2428 2085 2498 σκιρτήματα

415 2526 761 2598 περιέκοψεν,
801 2526 903 2588 ἕως
931 2525 1143 2596 εὐήνιον
1173 2522 1418 2592 ἐποίησε,
1449 2519 1544 2572 καὶ
1586 2517 1722 2588 μετά
1762 2515 1960 2587 πολλῆς
1986 2514 2086 2584 τῆς

415 2615 664 2680 ἐξουσίας
691 2616 810 2676 ταῖς
836 2613 990 2683 χερσὶ
1011 2612 1105 2664 τοῦ
1131 2609 1469 2681 ἡνιοχοῦντος
1494 2605 1654 2660 αὑτὸν
1676 2604 1960 2675 παρέδωκε
1997 2603 2086 2655 λο-

416 2701 638 2771 γισμοῦ.
669 2699 1006 2761 Ἀσθενείτω,
1030 2698 1181 2766 φησὶ,
1207 2697 1266 2748 τὸ
1300 2695 1477 2764 σῶμα,
1512 2693 1605 2746 καὶ
1633 2690 1706 2762 μὴ
1730 2690 2022 2744 ἀσθενείτω
2049 2691 2082 2758 ἡ

414 2786 580 2858 ψυχὴ,
612 2785 945 2856 χαλινούσθω
972 2786 1005 2856 η
1035 2783 1189 2854 σάρξ.
1234 2782 1329 2836 καὶ
1354 2781 1428 2851 μὴ
1459 2777 1830 2849 ἐμποδιζέσθω
1853 2777 1880 2815 b
1902 2779 1929 2828 6
1952 2775 2088 2846 πρὸς

415 2874 509 2927 τὸν
544 2874 770 2945 οὐρανὸν
799 2874 897 2943 τῆς
921 2872 1095 2942 ψυχῆς
1122 2870 1342 2941 δρόμος.
1380 2867 1534 2923 Μετά
1558 2867 1614 2919 δὲ
1637 2867 1840 2919 τούτων
1869 2865 2089 2917 κάκεῖνο

420 2961 656 3034 μάλιστα
696 2962 760 3016 ἄν
797 2978 880 3024 τις
908 2960 1070 3012 αὐτὸν
1112 2959 1411 3026 ἀγάσαιτο,
1445 2957 1526 3008 ὅτι
1569 2955 1662 3007 καὶ
1712 2951 2089 3022 ἐξησθενηκὼς

418 3049 612 3114 οὕτως,
651 3049 744 3103 καὶ
767 3045 1005 3121 τοσαύτῃ
1033 3045 1277 3099 παλαίων
1302 3043 1602 3116 ἀρρωστίᾳ,
1648 3041 1756 3094 τῶν
1784 3039 1926 3093 κατά
1957 3038 2090 3092 Θεὸν

419 3138 519 3192 οὐκ
543 3136 735 3208 ἡμέλει
757 3135 1120 3206 πραγμάτων,
1145 3132 1280 3187 ἀλλά
1304 3132 1412 3185 τῶν
1441 3132 1789 3200 ὑγιαινόντων
1817 3130 1910 3183 καὶ
1931 3144 2090 3199 σφριο

419 3226 640 3296 γώντων
659 3226 726 3280 τά
742 3225 982 3296 ’σώματα
1000 3225 1195 3294 μᾶλλον
1218 3223 1489 3292 πανταχοῦ
1516 3221 1859 3290 περιίπτατο,
1874 3219 1969 3273 νῦν
1993 3222 2090 3291 μὲν

420 3315 502 3377 είς
539 3315 793 3382 Ἔφεσον,
832 3312 926 3366 νῦν
958 3312 1015 3365 δὲ
1042 3314 1122 3375 είς
1176 3311 1460 3382 Κόρινθον,
1485 3311 1540 3362 ἐν
1563 3309 1874 3379 Μακεδονίᾳ
1899 3309 2095 3362 πολλά-

425 3419 531 3464 κις,
557 3402 614 3453 ἐν
647 3401 867 3472 Ἰταλία,
895 3397 1170 3468 πανταχοῦ
1195 3398 1295 3468 τῆς
1317 3398 1440 3467 γῆς,
1469 3394 1745 3466 πανταχοῦ
1769 3396 1866 3466 τῆς
1899 3395 2094 3449 θαλάτ-

423 3504 519 3558 της
535 3487 671 3558 μετά
687 3487 779 3540 τοῦ
793 3486 1108 3540 διδασκάλου
1129 3484 1468 3553 φαινόμενος.
1488 3484 1582 3535 καὶ
1602 3484 1871 3535 κοινωνῶν
1888 3484 1944 3534 ἐν
1962 3483 2094 3535 πᾶσι

423 3575 532 3628 τῶν
561 3573 787 3641 ἀγώνων
813 3571 982 3642 αὐτῷ,
1008 3573 1103 3625 καὶ
1127 3573 1235 3624 τῶν
1264 3569 1577 3640 ἐπαλλήλων
1597 3568 1856 3622 κινδύνων
1880 3567 1973 3620 καὶ
1995 3569 2095 3639 τὴν

427 3659 744 3730 φιλοσοφίαν
765 3659 864 3729 τῆς
877 3658 1052 3729 ψυχῆς
1087 3660 1186 3711 οὐκ
1215 3655 1438 3728 ἦλεγξεν
1462 3657 1495 3725 ἡ
1517 3655 1611 3708 τοῦ
1642 3655 1892 3725 σώματος
1919 3657 2098 3727 ἀρρω-

429 3748 553 3800 στία
573 3764 586 3777 ’
613 3745 865 3807 τοσοῦτός
895 3747 1043 3797 ἐστιν
1072 3755 1093 3783 ο
1128 3745 1156 3796 6
1191 3744 1330 3796 κατά
1361 3742 1492 3794 Θεὸν
1509 3741 1689 3812 ζῆλος,
1728 3740 1868 3794 οὑτω
1896 3741 2097 3809 κοῦφον

428 3833 719 3906 ἐργάζεται
757 3833 819 3884 τὸ
846 3833 1062 3902 πτερόν.
1101 3832 1310 3902 ’Ὠσπερ
1329 3829 1439 3900 γάρ
1455 3831 1567 3891 τοῖς
1593 3828 1660 3881 τὰ
1688 3826 1917 3898 σώματα
1949 3827 2100 3898 ἐχου-

431 3939 515 3976 σιν
535 3919 858 3975 εὐεκτοῦντα
880 3921 974 3973 καὶ
1002 3918 1148 3989 ὑγιῆ,
1168 3918 1356 3990 κέρδος
1384 3916 1539 3970 οὐδὲν
1567 3915 1720 3968 ἔσται
1739 3916 1838 3987 τῆς
1862 3916 2095 3982 εὐεξίας,

429 4010 524 4065 ἐὰν
556 4012 588 4080 ἠ
621 4009 768 4079 ψυχὴ
802 4007 1256 4078 καταϐεϐλημένη
1381 4007 1473 4060 καὶ
1502 4005 1743 4077 ῥᾴθυμος
1774 4006 1869 4058 καὶ
1901 4006 2098 4078 νωθὴς,

429 4095 574 4154 οὕτω
604 4098 716 4159 τοῖς
754 4093 1205 4166 ἐξησθενημένοις
1251 4095 1401 4147 οὐδὲν
1429 4093 1579 4146 ἔσται
1625 4092 1822 4162 βλάϐος
1860 4092 1967 4146 ἀπὸ
1999 4093 2101 4162 τῆς

430 4184 760 4257 ἀρρωστίας,
788 4182 882 4235 ἐὰν
906 4183 938 4252 ἡ
963 4181 1107 4253 ψυχὴ
1132 4178 1407 4254 γενναίαῇ
1437 4181 1530 4234 καὶ
1557 4179 1978 4252 διεγηγερμένη.
2008 4182 2104 4232 Δο-

431 4275 520 4329 κεῖ
545 4272 642 4343 μὲν
666 4267 758 4323 οὖν
783 4287 925 4324 τισιν
949 4272 982 4340 ἠ
1008 4269 1329 4340 παραίνεσις
1359 4268 1497 4340 αῦτη
1529 4270 1621 4321 καὶ
1649 4267 1926 4339 συμϐουλὴ
1957 4265 2103 4332 ἐξου-

435 4360 552 4413 σίαν
575 4359 774 4412 διδόναι
804 4357 938 4429 πρὸς
971 4357 1288 4428 ἀδεεστέραν
1318 4358 1624 4411 οἱνοποσίαν
1641 4374 1654 4389 ·
1684 4357 1746 4410 τὸ
1769 4357 1824 4410 δὲ
1844 4359 1905 4410 οὐ
1928 4356 2104 4410 τοιοῦ-

431 4449 522 4502 τόν
548 4450 720 4501 ἐστιν·
747 4447 863 4501 ἀλλ’
885 4446 1040 4510 εἴτις
1078 4446 1196 4516 μετ’
1209 4445 1495 4518 ἀκριϐείας
1522 4445 1794 4512 ἐξετάσειε
1821 4444 1920 4516 τὴν
1947 4445 2105 4516 ῥῆσιν

434 4534 891 4604 αὐτὴν,νηστείας
916 4533 1114 4603 μᾶλλόν
1135 4537 1248 4586 ἐστι
1267 4533 1328 4585 τὸ
1349 4534 1578 4604 πρᾶγμα
1609 4533 1946 4605 παραίνεσις.
1990 4533 2106 4584 Ἐν-

434 4621 628 4692 νόησον
657 4621 766 4691 γάρ
794 4619 910 4683 πῶς
938 4621 1037 4673 οὐκ
1067 4618 1127 4684 ἐξ
1149 4618 1343 4690 ἀρχῆς,
1369 4618 1490 4672 οὑδέ
1519 4621 1583 4673 ἐκ
1620 4619 1920 4692 προοιμίων
1947 4617 2108 4672 τοῦτο

437 4707 853 4762 συνεϐούλευσεν
882 4709 910 4761 6
942 4706 1173 4769 Παῦλος,
1210 4706 1322 4759 ἀλλ’
1345 4708 1432 4761 ὅτε
1460 4703 1597 4761 εἶδεν
1623 4706 1930 4777 καταϐεϐλη
1940 4707 2106 4777 μένην

434 4794 534 4866 τὴν
571 4795 722 4863 ἰσχὺν
764 4792 1014 4856 ἅπασαν,
1058 4794 1178 4846 τότε
1227 4793 1612 4847 συνεϐούλευσε
1641 4811 1654 4825 ·
1697 4796 1789 4847 καὶ
1827 4793 1946 4848 οὐδέ
1986 4793 2107 4845 τότε

436 4880 642 4944 ἁπλῶς,
671 4881 806 4934 ἀλλά
823 4881 917 4934 καὶ
947 4880 1083 4951 μετά
1110 4880 1496 4953 προδιορισμοῦ
1533 4898 1696 4944 τινος.
1724 4881 1798 4934 Οὐ
1827 4880 1936 4951 γὰρ
1957 4875 2110 4932 εἶπεν

439 4967 645 5033 ἁπλῶς,
693 4969 832 5038 Οἵνῳ
877 4968 1012 5039 χρῶ,
1045 4968 1180 5033 ἀλλ’,
1201 4969 1356 5036 Οτνῳ
1371 4970 1578 5039 ὀλίγῳ·
1605 4970 1704 5023 οὐκ
1730 4968 1914 5041 ἐπειδὴ
1944 4970 1986 5021 Τ
1993 4969 2110 5039 ιμό-

440 5056 561 5121 θεος
589 5055 793 5126 ταύτης
809 5056 980 5110 ἐδεῖτο
999 5058 1097 5126 τῆς
1120 5058 1498 5129 παραινέσεως
1526 5058 1620 5110 καὶ
1645 5059 1744 5128 τῆς
1775 5058 2106 5128 συμϐουλῆς,

439 5144 553 5198 ἀλλ’
575 5142 760 5214 ἐπειδὴ
785 5146 944 5215 ἡμεῖς
961 5143 1212 5214 δεόμεθα.
1243 5145 1343 5198 Διά
1365 5145 1523 5198 τοῦτο
1544 5144 1873 5198 ἐπιστέλλων
1893 5145 2109 5216 ἐκείνῳ,

443 5231 619 5304 μέτρα
646 5233 740 5286 καὶ
768 5233 926 5304 ὄρους
952 5235 1082 5304 ἡμῖν
1121 5233 1306 5301 τίθησι
1343 5233 1444 5303 τῆς
1481 5233 1810 5296 οίνοποσίας,
1858 5233 2114 5287 τοσοῦτον

441 5319 677 5374 κελεύων
694 5321 891 5383 πίνειν,
911 5322 1034 5374 ὅσον
1060 5321 1306 5392 διορθοῦν
1343 5319 1422 5393 [7]
1441 5320 1742 5384 ἀσθένειαν,
1773 5323 1896 5375 ὅσον
1928 5322 2114 5390 ὑγείαν

444 5407 701 5480 παρέχειν
727 5407 806 5479 τῷ
837 5407 1073 5480 σώματι,
1106 5409 1241 5464 ἁλλά
1262 5409 1288 5449 ἀ
1315 5409 1389 5481 μὴ
1423 5410 1577 5464 νόσον
1608 5410 1820 5482 ἑτέραν.
1851 5410 1963 5481 Τῆς
2004 5409 2113 5482 γάρ

449 5625 866 5707 L-‘iT-reftlilnss.“
878 5631 1025 5707 σῶμα
1051 5630 1216 5707 λοιπὸν
1254 5629 1515 5707 ρῖχρηστον.
1551 5631 1692 5707 "Iner
1726 5648 1852 5707 imus
1882 5635 1994 5707 ὅταν
2025 5636 2115 5699 γὰρ

445 5689 613 5760 ἐκεῖνοι
636 5689 1200 5760 σϐεσθλῬξιυΙὸ-ρῳεῐιὸτι
1223 5689 1514 5760 εὐρίπιστον,
1547 5696 1618 5744 ὅτι
1643 5697 1869 5752 εὑεξαπ...
1900 5697 1989 5756 ὅτι,
2015 5689 2113 5746 (διό.

444 5747 553 5796 Mox
572 5750 765 5822 quiidam
795 5747 1248 5860 ἐπιλαμϐῖάπάντων
1276 5747 1462 5819 ῥᾳδίως,
1497 5747 1577 5805 καὶ
1605 5747 1886 5820 ἐκκαίομέγη
1916 5747 2113 5821 ταχέως.

506 5808 534 5847 b
560 5812 655 5858 Alli
680 5812 932 5860 ἐμποδιζέσ
959 5831 1018 5860 ω.
1046 5815 1129 5860 alii
1154 5818 1528 5860 συμποδιζέσθιιι-
1993 5811 2008 5822 ’

506 5808 534 5879 Ι]
680 5808 1018 5879 ἐμποδιζέσθω,
1046 5808 1528 5879 αξὶιρσυμτξοδιζέσθω.
1775 5808 1783 5820 ’
1878 5808 1886 5817 ’
1975 5808 2008 5822 ἡ

508 5874 532 5945 ἳ
679 5871 907 5945 τδῖτθῦτόν
920 5875 1060 5945 ξῗττιν·
1079 5874 1196 5945 'Hlﬁ!
1213 5871 1353 5938 l’aUCi
1378 5871 1456 5927 ἐὰν
1475 5882 1504 5936 ἡ
1527 5883 1652 5944 ψυχὴ
1676 5883 2112 5945 καταϐλαπτομένη.

509 5932 537 5970 ἀ
559 5933 657 5985 ΑΙῑί
681 5936 866 5998 σώματι
895 5937 1056 5997 μόνον,
1084 5932 1223 5987 ἀλλάξ
1478 5932 1502 5936 Ἴ
1540 5932 1548 5944 ’
1591 5932 1622 5944 ”

2178 417 2503 488 ὑδροποσίας
2536 423 2636 494 τῆς
2665 426 2875 495 ἀφάτου
2907 427 3007 478 οὐκ
3038 424 3314 492 ἐλάττονα,
3373 425 3510 479 ἀλλά
3542 426 3634 480 καὶ¹
3663 426 3844 500 πολλῷ

2178 506 2400 562 πλείονα
2431 512 2522 564 καὶ
2554 513 2961 588 χαλεπώτεραὴ
2983 517 3214 587 ἄμετρος
3233 517 3512 571 οἰνοποσία
3548 518 3722 572 τίκτει
3759 536 3847 572 νο-

2180 597 2397 666 σήματα
2425 603 2516 652 καὶ
2545 601 2622 671 τῷ
2652 602 2863 673 σώματι
2909 605 3002 658 καὶ
3026 608 3093 675 τῇ
3139 604 3305 676 ψυχῇ,
3351 607 3441 659 τὸν
3475 606 3706 678 πόλεμον
3735 608 3845 660 τῶν

2173 684 2380 748 παθῶν,
2432 689 2525 740 καὶ
2552 689 2644 741 τὸν
2694 692 2936 760 χειμῶνα
2965 693 3073 744 τῶν
3106 694 3320 746 ἀτόπων
3349 694 3624 766 λογισμῶν
3653 696 3845 748 ἐπεισ-

2174 770 2381 839 άγουσα
2411 776 2477 844 τῇ
2509 775 2735 848 διανοίᾳ,
2755 779 2848 830 καὶ
2875 779 2969 831 τοῦ
2999 779 3248 849 σώματος
3279 779 3377 851 τὴν
3408 784 3558 852 ίσχῦν
3588 781 3846 853 χαυνοτέ-

2177 875 2275 929 ραν
2313 859 2410 913 καὶ
2455 861 2878 935 πλαδαρωτέραν
2924 866 3289 938 ἐργαζομένη.
3345 869 3422 921 Οὐ
3445 869 3554 938 γὰρ
3607 868 3782 933 οὕτως
3810 868 3847 941 ἡ

2171 947 2272 1016 τῆς
2310 949 2412 1016 γῆς
2463 949 2623 1015 φύσις
2662 951 3010 1021 ἐνοχληθεῖσα
3046 957 3111 1024 τῇ
3152 954 3258 1006 τῶν
3309 955 3516 1008 ὑδάτων
3565 954 3848 1027 πλεονεξίᾳ

2176 1035 2414 1104 συνεχῶς
2439 1035 2731 1099 διαλύεται,
2759 1039 2834 1102 ὼς
2861 1041 2894 1110 ὴ
2922 1039 3017 1092 τοῦ
3044 1039 3295 1111 σώματος
3307 1041 3538 1114 δύναμις
3553 1043 3845 1113 χαυνοῦται

2175 1121 2268 1173 καὶ
2300 1121 2512 1195 διαρρεῖ
2570 1128 2662 1179 καὶ
2711 1125 2952 1198 ἐξίτηλος
3007 1129 3215 1196 γίνεται
3255 1131 3493 1200 συνεχῶς
3515 1131 3847 1196 οῐνοποσίαις

2173 1205 2596 1282 ὲπαντλουμένη.
2650 1213 2943 1283 Φεύγωμεν
2981 1214 3158 1268 τοίνυν
3202 1216 3300 1280 τὰς
3347 1217 3614 1288 ἀμετρίας
3649 1217 3846 1271 ἐκατέ-

2178 1293 2369 1364 ρωθεν,
2397 1298 2490 1350 καὶ
2517 1309 2538 1333 υ
2565 1297 2662 1368 τῆς
2691 1300 2879 1367 ὑγείας
2902 1301 3288 1373 ἐπιμελώμεθα
3326 1303 3420 1356 τοῦ
3453 1303 3724 1374 σώματος,
3750 1303 3848 1358 καὶ

2174 1383 2244 1436 τὰ
2276 1387 2622 1456 σκιρτήματα
2656 1389 2821 1443 αὐτοῦ
2864 1391 3305 1462 περικόπτωμεν.
3343 1388 3501 1456 Οἷνος
3532 1391 3655 1463 ,γὰρ
3691 1391 3847 1464 ἐδόθη

2179 1472 2329 1543 παρὰ
2353 1474 2509 1539 Θεοῦ,
2560 1477 2658 1546 οὐχ
2710 1478 2797 1531 ῖνα
2829 1478 3137 1548 μεθύωμεν,
3159 1479 3274 1532 ἀλλ’
3305 1480 3391 1533 ἵνα
3420 1482 3679 1550 νήφωμεν
3698 1521 3714 1543 ,
3760 1479 3852 1534 ἴνα

2176 1558 2614 1632 εὐφραινώμεθα,
2645 1565 2743 1635 οὐχ
2783 1566 2871 1619 ἵνα
2899 1565 3176 1635 ἀλγῶμεν.
3213 1563 3388 1633 Οἶνος
3405 1565 3512 1636 γὰρ
3525 1564 3851 1634 εὐφραίνειν

2179 1647 2332 1717 φησὶ,
2351 1647 2952 1718 καρδίανάνθρώπουο
2978 1650 3043 1702 σὺ
3060 1651 3115 1704 δὲ
3143 1650 3305 1704 αὑτὸν
3326 1649 3561 1718 ἀθυμίας
3594 1648 3851 1701 ὑπόθεσιν

2177 1737 2349 1796 ποιεῖς
2368 1751 2380 1763 ·
2403 1735 2495 1787 καί
2520 1735 2628 1805 γὰρ
2655 1734 2959 1806 βαρύθυμοι
2989 1738 3038 1789 οί
3066 1737 3356 1806 μεθύοντες
3380 1736 3497 1806 μεθ’
3519 1734 3846 1808 ὑπερϐολῆς,

2179 1820 2370 1873 σκότου
2393 1820 2587 1874 πολλοῦ
2611 1823 3182 1892 κατασκεδαννυμένου
3211 1823 3319 1877 τῶν
3339 1823 3614 1892 λογισμῶν
3644 1821 3689 1876 τ.
3717 1822 3854 1892 Φάρ-

2182 1909 2353 1977 μακόν
2376 1910 2524 1961 ἐστιν
2548 1911 2787 1980 ἄριστον,
2813 1911 2940 1964 ὃταν
2977 1909 3074 1980 τὴν
3111 1909 3451 1981 συμμετρίαν
3485 1909 3581 1980 ἔχῃ
3600 1908 3851 1979 ἀρίστην.

2181 1995 2349 2050 Τοῦτο
2380 1998 2472 2050 καὶ
2505 1996 2640 2067 πρὸς
2674 1999 2798 2061 τοὺς
2832 1999 3142 2068 αίρετικοὺς
3181 2001 3316 2068 ἡμῖν
3359 1998 3628 2069 χρήσιμον
3661 1997 3722 2050 τὸ
3747 2014 3855 2067 χω-

2183 2085 2318 2155 ρίον,
2352 2085 2477 2148 τοὺς
2505 2083 2887 2148 διαϐάλλοντας
2917 2085 3012 2138 τοῦ
3046 2084 3181 2138 Θεοῦ
3210 2086 3309 2156 τὴν
3337 2087 3512 2139 κτίσιν
3533 2103 3546 2115 ·
3576 2085 3625 2136 εἰ
3653 2083 3762 2154 γάρ
3789 2078 3856 2152 ἦν

2181 2170 2289 2224 τῶν
2318 2169 2736 2242 κεκωλυμένων,
2775 2173 2878 2225 οὑκ
2905 2171 2970 2225 ἂν
3004 2171 3302 2242 ἐπέτρεψεν
3341 2174 3369 2225 6
3392 2171 3623 2236 Παῦλος,
3656 2171 3757 2223 οὐκ
3790 2168 3858 2223 ἂν

2183 2253 2333 2310 εἶπεν
2361 2257 2490 2328 οίνῳ
2520 2258 2838 2330 κεχρῆσθαι.
2859 2259 2932 2310 Οὐ
2955 2260 3090 2330 πρὸς
3109 2260 3417 2331 αἱρετικοὺς
3441 2259 3498 2310 δέ
3525 2258 3706 2328 μόνον,
3723 2254 3860 2309 ἀλλά

2183 2345 2280 2398 καὶ
2308 2346 2444 2416 πρὸς
2477 2347 2601 2409 τοὺς
2628 2346 3020 2418 ἀφελεστέρους
3051 2345 3160 2399 τῶν
3194 2347 3480 2417 ἡμετέρων
3507 2343 3774 2414 ἀδελφῶν,
3809 2346 3859 2398 οἶ

2182 2433 2320 2486 ἐπάν
2351 2433 2500 2486 ἴδωσί
2533 2451 2684 2497 τινας
2730 2433 2834 2486 ὑπὸ
2867 2433 3076 2504 μέθηςε
3126 2433 3592 2504 ἀσχημονοῦντας,
3631 2432 3887 2501 ἀφέντες-

2183 2519 2431 2584 κακίξειν
2475 2521 2747 2584 ἐκείνους,
2782 2519 2875 2573 τὸν
2919 2518 3072 2591 παρά
3111 2519 3204 2573 τοῦ
3231 2519 3367 2573 Θεοῦ
3396 2518 3620 2572 δοθέντα
3649 2518 3861 2590 καρπὸν

2184 2606 2550 2670 διαϐάλλουσι,
2599 2607 2867 2675 λέγοντες,
2898 2606 2988 2676 Μὴ
3019 2605 3160 2658 ἔστω
3187 2601 3348 2669 οἶνος.
3380 2605 3642 2674 Λέγωμεν
3680 2601 3861 2654 τοίνυν

2186 2693 2322 2763 πρὸς
2368 2693 2585 2756 αὐτοὺς,
2639 2694 2730 2763 Μὴ
2773 2692 2913 2745 ἔστω
2955 2691 3091 2762 μέθη
3117 2709 3131 2722 ⁸
3184 2689 3324 2756 οἶνος
3353 2691 3462 2762 γὰρ
3495 2689 3654 2759 ἔργον
3700 2685 3862 2749 Θεοῦ,

2191 2779 2328 2850 μέθη
2350 2779 2405 2831 δέ
2429 2779 2589 2850 ἔργον
2608 2779 2854 2832 διαϐόλου
2874 2795 2887 2808 ·
2912 2780 3011 2849 οὐχ
3030 2781 3058 2832 ὁ
3081 2773 3223 2840 οἶνος
3250 2779 3397 2830 ποιεῖ
3415 2777 3510 2847 τὴν
3532 2773 3723 2846 μέθην,
3747 2772 3864 2826 ἀλλ’
3894 2802 3896 2805 -

2187 2868 2220 2936 ἡ
2257 2866 2466 2920 ἀσωτία
2493 2867 2756 2938 ποιεῖτὴν
2789 2865 2960 2937 μέθην
2979 2883 2991 2895 ·
3023 2865 3098 2937 μὴ
3127 2865 3378 2920 διάϐαλλε
3405 2862 3498 2916 τοῦ
3529 2861 3664 2915 Θεοῦ
3683 2861 3745 2913 τὸ
3769 2861 3869 2930 δη-

2192 2955 2531 3025 μιούργημα,
2564 2953 2700 3008 ἀλλά
2740 2955 3039 3026 κατηγόρει
3077 2953 3175 3022 τῆς
3207 2952 3300 3005 τοῦ
3337 2951 3618 3004 συνδούλου
3646 2947 3864 3019 μανίας.

2190 3043 2260 3095 Σὺ
2281 3041 2338 3094 δέ
2367 3042 2527 3109 ἀφεὶς
2557 3041 2649 3094 τὸν
2672 3041 3056 3111 ἁμαρτάνοντα
3089 3039 3337 3104 κολάζειν
3367 3039 3463 3092 καὶ
3499 3034 3867 3111 διορθοῦσθαι,

2191 3127 2282 3180 τὸν
2312 3128 2703 3201 εὐεργετοῦντα
2741 3127 3013 3200 ὑϐρίζείςῖ

2259 3220 2320 3267 ε’.
2354 3214 2518 3267 Ὅταν
2537 3213 2714 3267 τοίνυν
2735 3214 3053 3284 ἀκούσωμέν
3084 3231 3242 3267 τινων
3256 3212 3424 3266 ταῦτα
3443 3210 3727 3280 λεγόντων,
3745 3209 3866 3262 ἐπι-

2194 3300 2538 3371 στομίςωμεν
2566 3302 2760 3366 αὐτούς
2784 3303 2808 3341 ιι
2833 3319 2847 3332 ο
2896 3303 2957 3353 οὑ
2986 3299 3096 3370 γὰρ
3120 3302 3152 3371 ἡ
3180 3299 3395 3371 χρῆσις,
3428 3297 3543 3352 ἀλλ’
3572 3301 3605 3368 ἡ
3631 3295 3871 3368 ἀμετρία

2190 3386 2289 3457 τὴν
2333 3387 2505 3458 μέθην
2546 3391 2717 3452 ποιεῖ,
2770 3387 2961 3459 μέθην,
3004 3388 3104 3458 τὴν
3157 3386 3343 3440 κακῶν
3387 3385 3543 3456 ῥίζαν
3591 3383 3867 3437 ἀπάντων.

2195 3472 2349 3537 Οἶνος
2379 3474 2557 3545 ἐδόθη,
2599 3476 2686 3528 ἵνα
2734 3475 2986 3546 σώματος
3025 3474 3308 3528 ἀσθένειαν
3355 3470 3736 3544 διορθώσηται,
3771 3471 3876 3541 οὐχ

2195 3562 2283 3615 ἵνα
2316 3561 2496 3632 ψυχῆς
2523 3564 2674 3632 ἰσχὺν
2691 3562 2992 3635 καταϐάλῃ,
3013 3562 3100 3616 ἴνα
3123 3563 3322 3633 σαρκὸς
3343 3559 3654 3632 ἀρρωστίαν
3682 3556 3871 3629 ἀνέλῃ,

2195 3650 2294 3718 οὑχ
2328 3648 2413 3700 ἵνα
2445 3648 2622 3719 ψυχῆς
2656 3649 2846 3716 ὑγείαν
2879 3649 3224 3720 λυμαίνηται.
3271 3648 3361 3717 Μὴ
3398 3648 3576 3700 τοίνυν
3617 3645 3873 3717 ἀμέτρως

2198 3735 2536 3805 κεχρημένος
2555 3737 2620 3806 τῇ
2639 3735 2732 3788 τοῦ
2763 3734 2897 3788 Θεοῦ
2920 3735 3098 3806 δωρεᾷ
3133 3735 3339 3805 πάρεχε
3374 3733 3545 3797 λαϐὰς
3573 3735 3684 3794 τοῖς
3709 3731 3874 3800 ἀνοή⁹

2197 3839 2310 3884 τοις
2333 3822 2427 3874 καὶ
2452 3822 2852 3893 ἀναιδεστέροις
2875 3823 2983 3876 τῶν
3008 3822 3104 3877 ἀνθ
3115 3821 3328 3894 ρώπων.
3364 3821 3430 3874 Τί
3457 3822 3566 3890 7&9
3593 3819 3877 3872 ἐλεεινότε-

2167 3907 2292 3980 ’ρον
2335 3908 2535 3980 μέθης;
2569 3909 2759 3979 νεκρός
2815 3910 2960 3961 ἐστιν
3005 3908 3246 3980 ἔμψυχος
3278 3910 3306 3960 ὁ
3353 3906 3568 3979 μεθύων
3597 3923 3610 3936 ·
3663 3905 3877 3974 δαίμων

2201 3997 2345 4048 ἐστὶν
2383 3995 2726 4066 αὐθαίρετος,
2754 3995 2966 4066 νόσημα
3003 3996 3333 4067 συγγνώμην
3363 3995 3462 4047 οὐκ
3502 3994 3645 4064 ἕχον,
3673 3991 3878 4061 πτῶμα

2201 4083 2496 4152 ἀπολογίας
2517 4083 2904 4156 ἐστερημένον,
2947 4083 3101 4155 κοινὴ
3129 4084 3221 4136 τοῦ
3253 4083 3440 4152 γένους
3465 4080 3619 4153 ἡμῶν
3639 4081 3879 4150 ἀσχημο-

2205 4171 2358 4242 σύνη.
2383 4172 2458 4225 Οὐ
2488 4171 2596 4242 γὰρ
2627 4174 2683 4225 ἐν
2710 4171 3057 4234 συνουσίαιςί
3094 4170 3253 4242 μόνον
3287 4171 3558 4241 ἄχρηστος
3583 4170 3611 4223 6
3639 4167 3877 4237 μεθύων,

2201 4260 2308 4313 οὐδ’
2345 4262 2402 4313 ἐν
2440 4260 2726 4324 ἰδιωτικοῖς
2762 4262 2856 4313 καὶ
2879 4259 3158 4330 δημοσίοις
3189 4258 3511 4329 πράγμασιν
3535 4296 3550 4321 ,
3612 4255 3747 4308 ἀλλά
3782 4255 3881 4308 καὶ

2205 4349 2263 4400 ἐν
2312 4346 2439 4418 ψιλῇ
2495 4345 2698 4418 θεωρίᾳ
2747 4346 2963 4399 πάντων
3008 4345 3155 4398 ἐστὶν
3207 4343 3563 4416 ἀηδέστερος.
3617 4339 3882 4402 δυσωδίας

2207 4432 2382 4486 πνέων
2405 4449 2418 4462 ·
2453 4432 2648 4504 ἐρυγαὶ
2678 4433 2772 4486 καὶ
2799 4433 3124 4503 χασμήσεις,
3177 4431 3270 4483 καὶ
3307 4431 3363 4482 αἱ
3413 4427 3588 4498 φωναὶ
3632 4426 3740 4480 τῶν
3781 4441 3883 4495 με-

2208 4519 2441 4574 θυόντων
2471 4520 2729 4590 ἀτερπεῖς
2763 4521 2857 4573 καὶ
2887 4519 3092 4589 ἀηδεῖς,
3133 4516 3460 4588 βδελυγμίας
3489 4515 3725 4584 ἐσχάτης
3747 4512 3879 4583 πλη-

2213 4606 2400 4678 ροῦσαι
2434 4607 2561 4669 τοὺς
2593 4607 2837 4678 ὁρῶντας
2882 4607 2978 4659 καὶ
3016 4606 3465 4675 συγγινομένους·
3492 4604 3585 4657 καὶ
3612 4602 3673 4655 τὸ
3709 4600 3885 4669 κεφά-

2208 4692 2356 4747 λαιον
2385 4693 2494 4746 τῶν
2516 4692 2720 4757 κακῶν,
2757 4693 2838 4746 ὃτι
2869 4693 2959 4746 τὸν
2993 4691 3218 4763 οὐρανὸν
3240 4691 3439 4744 ἄϐατον
3482 4691 3624 4742 ποιεῖ
3642 4690 3756 4750 τοῖς
3785 4703 3887 4756 με-

2211 4779 2396 4834 θύουσι
2434 4780 2591 4833 τοῦτο
2632 4780 2693 4832 τὸ
2724 4779 2960 4850 νόσημα.
3008 4780 3105 4832 καὶ
3135 4779 3242 4832 τῶν
3265 4777 3496 4831 αἰωνίων
3523 4774 3744 4844 ἀγαθῶν
3784 4772 3887 4826 οὐκ

2210 4869 2433 4940 ἀφίησιν
2457 4870 2758 4937 ἐπιτυχεῖν,
2779 4867 2914 4920 ἀλλά
2941 4866 3079 4937 μετά
3102 4867 3203 4937 τῆς
3232 4863 3465 4919 ἐνταῦθα
3493 4861 3885 4934 ἀσχημοσύνης

2212 4957 2306 5009 καὶ
2339 4959 2456 5010 ἐκεῖ
2487 4955 2706 5019 κόλασις
2744 4955 3015 5026 ἀφόρητος
3058 4955 3184 5016 τοὺς
3225 4952 3295 5006 τά
3335 4950 3555 5006 τοιαῦτα
3597 4949 3887 5012 νοσοῦντας

2213 5044 2493 5114 ἀναμένει.
2520 5042 2914 5114 Περικόψωμεν
2941 5042 3118 5094 τοίνυν
3141 5039 3236 5113 τὴν
3259 5037 3503 5108 πονηρὰν
3531 5037 3734 5107 ταύτην
3763 5052 3891 5088 συν-

2214 5131 2426 5202 ήθειαν,
2487 5129 2582 5183 καὶ
2606 5129 2929 5200 ἀκούσωμεν
2967 5129 3180 5184 Παύλου
3222 5125 3491 5195 λέγοντος,
3524 5126 3681 5190 Οῖνῳ
3707 5124 3892 5192 ὀλίγῳ

2214 5218 2366 5290 χρῶ·
2403 5218 2484 5291 [8]
2527 5220 2621 5272 καὶ
2666 5219 2775 5290 γάρ
2809 5219 2970 5272 αὐτὸν
3010 5219 3100 5270 τὸν
3131 5216 3308 5285 ὀλίγον
3347 5215 3434 5268 διά
3461 5215 3559 5284 τὴν
3606 5214 3892 5267 ἀσθένειαν

2215 5309 2547 5380 ἐπέτρεψεν·
2574 5307 2650 5371 ὡς
2691 5309 2740 5361 εί
2785 5308 2860 5378 μὴ
2888 5303 2954 5378 ἦν
2982 5305 3234 5360 ἀσθένεια
3275 5302 3640 5373 διενοχλοῦσα,
3689 5303 3790 5355 οὑκ
3825 5301 3894 5355 ἂν

2286 5447 2305 5470 ⁸
2334 5448 2537 5556 (sumam
2571 5447 2744 5508 τοίνυν,
2784 5447 3067 5511 παρακαλῶ,
3090 5445 3174 5501 τὰς
3194 5443 3424 5508 ἁμαρτίας
3445 5443 3754 5505 ἑκατέρωθεν,
3773 5441 3895 5503 ἀγα-

2287 5525 2344 5556 το
2369 5546 2380 5556 .
2408 5526 2507 5556 και.

2215 5525 2380 5569 πητοι,
2408 5526 2507 5558 και.

2285 5571 2303 5610 ι’
2329 5572 2426 5620 Alii
2448 5570 2934 5634 κατασκεδαννύμενοι
2962 5568 3307 5634 τὸνλογισμὸν.

2281 5636 2306 5673 ε
2327 5635 2426 5683 Alii
2452 5636 2497 5682 οἳ
2520 5634 2635 5682 ἐπὰν
2659 5625 2947 5687 ἴδωσίτινας
2975 5631 3068 5678 ὑπὸ
3093 5625 3250 5692 μέθης,
3277 5629 3359 5678 alii
3384 5628 3429 5675 οἳ
3453 5625 3806 5692 ἐπειδὰν-γῖδωσί
3823 5642 3893 5692 τι-

2217 5713 2298 5763 νας
2320 5695 2414 5763 ἀπὸ
2439 5696 2594 5763 μέθης.
2614 5694 2931 5763 Μοξίιιξὶᾱαω
2951 5687 3482 5763 κακίζειν-ἐκείνωςκαὶ
3505 5687 3761 5763 ὀνειδίζειν,
3774 5689 3880 5763 μᾶλ-

2219 5749 2299 5804 λον
2320 5757 2372 5804 δὲ
2396 5749 2670 5811 τοὶλανῖζειν.
2705 5749 2825 5804 Ibid.
2850 5767 2976 5803 unus
2999 5755 3091 5802 εἴθε
3115 5754 3177 5814 μή
3203 5751 3532 5814 ἔστωγοῖνος...
3558 5749 3744 5814 εῐθεῌμή
3769 5750 3892 5798 ἐστιν

2221 5820 2352 5886 μέθη.
2379 5817 2532 5886 Ppulo
2557 5809 2668 5886 μορε.
2698 5817 2941 5886 quigamﬁ
2967 5809 3154 5864 ἀσωτία
3173 5815 3254 5861 καὶ
3273 5816 3302 5870 ἡ
3326 5811 3532 5886 ἀμετρία
3543 5809 3686 5878 ποιεῖ.

2284 5873 2333 5918 ἰ’
2362 5879 2541 5934 Αὐτούς
2559 5873 2748 5938 'adjecit
2782 5879 2950 5940 εει-11η
2981 5889 3167 5939 nosque
3195 5873 3487 5937 recepimus.
3514 5873 3645 5925 Ebur.

2287 5945 2300 5975 ί
2323 5939 2426 5992 Alli
2452 5941 2498 5990 ἐν
2524 5940 2766 6003 συνεδρίῳ.
