4072 6384
3130 331 3187 347 ,νυ

286 390 351 463 at
1238 407 1330 464 AD
1372 404 1692 464 POPULUM
1725 406 2208 465 .tNrtocuE-Nun
2273 409 2499 467 IIO.\IIL.
2542 409 2582 466 l.
2927 371 2938 385 ’
3046 377 3051 381 ⁴
3101 359 3107 366 ’
3494 358 3573 464 ea

291 522 436 577 enim
459 531 513 576 et
541 520 779 591 abjcctus
810 519 1022 576 etiamsi
1065 520 1435 592 supplantatus
1476 520 1637 576 fuerit
1662 528 1712 575 et
1740 519 1883 574 ceci-

295 617 459 679 derit,
490 629 596 669 non
628 622 827 668 tantam
877 613 1149 667 communi
1184 612 1308 667 vita:
1350 611 1555 667 cladem
1602 609 1797 665 infert:
1832 609 1885 664 in

298 709 409 762 alta
464 721 593 761 vero
646 704 873 775 quadam
927 710 1195 775 tamquam
1226 705 1438 758 virtutis
1493 704 1708 772 specula
1764 716 1887 755 cum

296 800 457 854 multa
477 787 721 853 claritate
738 798 1082 863 constitutus,
1110 806 1163 850 et
1188 796 1277 866 qui
1297 795 1545 850 omnibus
1572 792 1886 848 manifestus

295 901 351 945 et
378 890 627 960 cognitus
654 889 741 954 sit,
774 896 830 943 et
870 888 936 941 ab
959 888 1206 941 omnibus
1233 887 1283 940 in
1312 886 1665 940 admiratione
1692 885 1888 939 habea-

299 992 406 1048 tur,
448 981 660 1051 quando
709 989 947 1035 tentatus
983 979 1260 1045 ceciderit,
1294 993 1538 1049 magnam
1591 977 1795 1030 ruinam
1836 982 1891 1029 et

290 1074 554 1144 iacturam
586 1073 745 1127 facit:
780 1088 883 1126 non
914 1080 1117 1126 tantum
1149 1071 1398 1140 quoniam
1432 1086 1496 1124 ex
1527 1069 1633 1122 alto
1660 1067 1886 1133 cecidit,

299 1167 395 1221 sed
420 1167 669 1236 quoniam
699 1175 754 1220 et
777 1165 910 1218 alios
937 1164 1135 1217 multos
1154 1164 1204 1216 in
1236 1164 1406 1233 ipsum
1430 1162 1778 1231 respicientes
1806 1173 1891 1213 se-

303 1259 519 1329 gniores
550 1256 804 1312 reddidit.
851 1256 917 1310 Et
955 1256 1094 1309 sicut
1131 1255 1182 1308 in
1224 1269 1480 1323 corpore,
1524 1252 1628 1305 alio
1676 1250 1889 1322 quidem

299 1349 544 1404 membro
593 1356 881 1416 corrupto,
935 1361 1044 1400 non
1087 1361 1336 1415 magnum
1386 1344 1675 1399 damnum:
1724 1340 1892 1395 oculis

297 1449 479 1492 autem
528 1438 829 1501 excarcatis,
876 1435 960 1489 vel
1013 1435 1186 1504 capite
1227 1434 1459 1503 graviter
1510 1434 1670 1497 beso,
1721 1439 1891 1485 totum

299 1542 500 1598 corpus
543 1528 730 1582 inutile
774 1526 1057 1581 redditur:
1087 1526 1164 1579 sic
1191 1534 1244 1579 et
1282 1525 1336 1578 in
1379 1524 1580 1579 sanctis
1619 1532 1671 1576 et
1703 1536 1892 1590 magna

300 1619 542 1674 emeritis
572 1617 857 1672 dicendum
887 1626 969 1672 est
996 1634 1007 1668 :
1034 1615 1247 1687 quando
1275 1616 1349 1668 illi
1390 1614 1642 1669 exstincti
1673 1611 1890 1676 fuerint,

301 1724 425 1764 cum
464 1708 725 1762 maculam
759 1707 1063 1777 quampiam
1105 1705 1454 1768 admiserint,
1490 1713 1660 1758 totum
1688 1712 1742 1757 et
1772 1702 1897 1757 reli-

302 1815 466 1870 quum
491 1813 684 1869 corpus
708 1797 1041 1852 intolerabile
1064 1795 1439 1850 detrimentum
1465 1794 1677 1863 patitur.

375 1893 431 1946 4.
463 1892 588 1946 Haec
616 1891 777 1961 igitur
808 1890 988 1944 omnia
1027 1898 1149 1942 nota
1182 1886 1386 1942 habens
1418 1886 1761 1951 Timotheus,
1792 1900 1892 1939 un-

301 1982 465 2053 dique
491 1999 550 2038 se
577 1982 847 2036 muniebat
876 2000 887 2033 :
921 1982 1123 2036 sciebat
1149 1980 1291 2050 quod
1321 1979 1555 2034 difficilis
1588 1994 1677 2033 res
1705 1978 1894 2047 estjuo

302 2083 517 2136 ventus,
549 2072 691 2142 quod
719 2073 1007 2141 jactabilis,
1039 2072 1266 2142 deceptu
1296 2069 1485 2132 facilis,
1519 2070 1691 2123 labilis
1712 2078 1814 2131 est,
1842 2076 1897 2123 et

303 2164 699 2219 vehementiori
733 2163 932 2233 indiget
963 2163 1133 2217 furno
1158 2181 1171 2216 :
1201 2176 1332 2233 pyra
1372 2161 1514 2214 enim
1544 2159 1783 2229 quaedam
1815 2166 1897 2212 est

304 2259 569 2313 exteriora
599 2256 1009 2327 apprehendens
1029 2255 1231 2317 omnia,
1266 2254 1530 2324 facileque
1557 2268 1619 2307 ac
1647 2252 1897 2307 celeriter

305 2349 639 2405 succendens
664 2351 704 2403 ¹.
741 2349 944 2403 Idcirco
983 2347 1151 2416 ipsam
1181 2346 1414 2415 undique
1454 2343 1799 2405 obstruebat,
1840 2348 1899 2395 ut

305 2453 693 2516 compesceret,
724 2455 778 2499 et
816 2443 953 2498 hanc
996 2442 1264 2496 flammam
1307 2439 1452 2494 omni
1497 2438 1659 2493 modo
1698 2436 1896 2491 exstin-

306 2552 471 2606 guere
500 2536 747 2590 studebat
772 2554 785 2590 :
808 2544 969 2603 atque
985 2549 1179 2603 equum
1206 2531 1475 2586 etfrzenem
1492 2539 1545 2584 et
1570 2531 1653 2583 vix
1679 2528 1899 2583 habenis

311 2636 586 2697 parentem
634 2627 803 2682 multa
855 2641 975 2679 cum
1026 2623 1361 2678 vehementia
1414 2621 1679 2692 angebat,
1729 2619 1901 2674 donec

309 2718 477 2787 ipsius
507 2716 751 2771 lascivias
771 2713 1202 2778 circumcideret,
1226 2711 1397 2767 donec
1417 2711 1753 2765 obedientem
1778 2708 1902 2763 red-

309 2808 498 2870 deret,
528 2816 583 2861 et
610 2806 847 2861 traderet
876 2821 1066 2876 magna
1097 2820 1219 2859 cum
1262 2811 1531 2874 potestate
1572 2802 1795 2857 rationis
1822 2801 1902 2870 ip-

307 2913 427 2957 sum
460 2897 706 2952 ducentis
734 2897 982 2967 imperio.
1016 2896 1341 2960 Infirmetur,
1377 2894 1570 2963 inquit,
1598 2907 1814 2962 corpus,
1847 2899 1903 2945 et

309 3006 416 3044 non
461 2990 761 3044 infirmetur
787 2987 996 3043 animus
1025 3005 1038 3041 :
1069 2988 1386 3041 refraenctur
1424 3000 1586 3050 caro,
1625 2994 1678 3038 et
1706 2983 1901 3037 anima:

308 3082 376 3136 ad
403 3083 591 3138 caelum
631 3097 822 3136 cursus
849 3098 954 3135 non
984 3080 1323 3149 impediatur.
1366 3078 1448 3133 Ad
1485 3078 1599 3133 hcce
1627 3085 1803 3132 autem
1846 3084 1901 3132 et.

310 3175 440 3229 illud
463 3174 695 3229 maxime
720 3174 945 3245 quisque
970 3174 1022 3228 in
1056 3173 1172 3241 ipso
1202 3173 1386 3226 mirari
1414 3180 1614 3242 posset,
1640 3170 1782 3240 quod
1811 3169 1901 3223 tali

314 3266 566 3320 laborans
610 3265 953 3331 infirmitate,
987 3275 1042 3320 et
1082 3275 1228 3319 tanta
1271 3279 1391 3319 cum
1435 3263 1773 3333 mgritudine,
1809 3262 1903 3317 Dei

311 3358 525 3426 negotia
568 3371 674 3411 non
706 3356 1026 3427 negligebat,
1075 3356 1169 3411 sed
1217 3356 1443 3425 amplius
1471 3371 1631 3426 quam
1662 3355 1902 3411 valentes

312 3457 370 3501 et
417 3462 651 3518 corpore
702 3448 945 3518 vigentes
989 3448 1403 3518 circumquaque
1459 3448 1745 3514 volitabat,
1793 3448 1901 3518 jam

311 3537 606 3608 Ephesum,
648 3539 759 3609 jam
797 3539 1143 3605 Corinthum,
1194 3540 1246 3593 in
1294 3539 1602 3595 Macedonia
1639 3554 1803 3609 smpe,
1848 3540 1903 3594 in

318 3628 490 3692 Italia,
520 3628 717 3698 ubique
750 3636 1034 3694 terrarum,
1066 3630 1262 3699 ubique
1296 3630 1521 3684 marium
1551 3645 1671 3683 eum
1704 3645 1903 3701 praece-

314 3729 472 3789 ptore
496 3734 793 3789 apparens;
816 3719 1064 3774 omnibus
1090 3720 1141 3774 in
1164 3720 1544 3774 certaminibus
1567 3720 1903 3775 etcontinuis

315 3810 568 3880 periculis
595 3826 714 3865 eum
748 3812 863 3879 ipso
893 3810 1360 3876 communicabat;
1389 3827 1489 3865 nec
1529 3811 1693 3865 animi
1725 3809 1902 3880 philo-

312 3901 558 3972 sophiam
603 3902 893 3971 prostravit
942 3902 1186 3971 corporis
1238 3902 1574 3956 imbecillitas
1629 3919 1643 3955 :
1697 3910 1903 3955 tantum

312 3995 459 4048 valet
487 3994 539 4047 in
563 3994 728 4048 Deum
755 3994 922 4057 zelus,
948 4001 1053 4047 tam
1076 3994 1221 4048 leves
1243 3992 1409 4048 efficit
1434 3994 1563 4048 alas.
1594 3993 1742 4049 Sicut
1761 3994 1904 4049 enim

310 4098 538 4153 corpora
566 4082 891 4138 habentibus
935 4084 1147 4155 pinguia
1175 4093 1231 4139 et
1259 4084 1433 4140 valida
1462 4086 1665 4139 nullum
1688 4086 1792 4141 erit
1815 4099 1906 4139 va-

316 4174 569 4229 letudinis
606 4174 1062 4238 emolumentum,
1096 4174 1140 4228 si
1188 4176 1401 4230 animus
1443 4175 1683 4244 dejectus
1724 4175 1901 4240 fuerit,

315 4266 499 4338 segnis
527 4275 581 4319 et
606 4265 786 4320 tardus
815 4283 827 4317 :
861 4268 940 4321 sic
967 4274 1023 4321 et
1048 4265 1314 4321 confectis
1345 4267 1551 4321 nullum
1581 4269 1683 4322 erit
1708 4284 1772 4321 ex
1803 4269 1905 4322 im-

321 4358 613 4412 becillitate
644 4366 1047 4419 nocumentnm,
1080 4358 1123 4412 si
1168 4358 1378 4412 animus
1405 4374 1693 4429 generosus
1727 4366 1780 4413 et
1816 4374 1909 4413 ex-

318 4448 655 4517 pergefactus
705 4447 879 4501 fuerit.
936 4447 1161 4503 Videtur
1204 4457 1383 4503 autem
1424 4449 1739 4519 quibusdam
1794 4449 1909 4504 hmc

318 4538 619 4592 admonitio
675 4547 729 4592 et
770 4538 1051 4593 consilium
1098 4537 1363 4593 liberioris
1413 4539 1519 4593 vini
1567 4549 1723 4608 potus
1762 4550 1909 4609 pote-

318 4641 516 4687 statem
562 4630 840 4702 indulgere
873 4649 886 4684 :
927 4639 981 4685 at
1027 4646 1132 4685 non
1173 4631 1244 4685 ita
1289 4640 1391 4686 est.
1433 4630 1538 4687 Sed
1578 4632 1622 4686 si
1671 4632 1788 4701 quis
1828 4632 1910 4686 di-

320 4728 555 4779 ctionem
579 4722 717 4777 hanc
743 4723 1027 4793 diligenter
1056 4722 1401 4793 exquirat,de
1427 4722 1715 4777 sobrietate
1741 4724 1909 4794 magis

323 4825 404 4869 est
428 4814 742 4868 admonitio.
775 4812 958 4883 Cogita
985 4814 1127 4868 enim
1154 4813 1423 4883 quomodo
1452 4829 1557 4868 non
1590 4829 1620 4868 a
1652 4814 1909 4884 principio

326 4920 506 4975 neque
528 4905 596 4959 ab
615 4904 857 4960 exordiis
885 4904 987 4960 hoc
1012 4905 1294 4959 consilium
1329 4905 1523 4958 Paulus
1543 4904 1783 4969 dederit,
1813 4905 1907 4960 sed

322 5006 607 5068 postquam
637 4996 769 5050 vidit
805 5010 1019 5049 onmem
1042 4996 1293 5050 virtutem
1319 4994 1603 5062 deiectam,
1635 5003 1761 5049 tunc
1782 5010 1910 5049 con-

321 5086 527 5141 suluit:
572 5101 746 5156 neque
777 5086 879 5139 hoc
922 5085 1256 5156 simpliciter,
1286 5085 1380 5140 sed
1406 5100 1527 5140 cum
1559 5085 1910 5153 prmfinitione

322 5177 554 5237 quadam
578 5194 593 5231 :
622 5193 729 5232 non
751 5177 895 5233 enim
924 5176 1236 5246 simpliciter
1255 5176 1410 5241 dixit,
1438 5176 1577 5231 Vino
1601 5187 1767 5241 utere,
1793 5176 1909 5239 sed,

334 5267 467 5321 Vino
490 5270 686 5323 modico
710 5284 729 5322 :
757 5283 863 5322 non
884 5267 1025 5337 quod
1068 5266 1165 5321 hac
1207 5266 1569 5321 admonitione
1608 5276 1663 5321 et
1687 5267 1911 5321 consilio

326 5360 649 5415 Timotheus
675 5370 879 5431 egeret,
911 5358 1005 5415 sed
1033 5358 1173 5429 quod
1205 5374 1302 5413 nos
1328 5359 1677 5429 indigeamus.
1710 5358 1912 5414 Idcirco

322 5453 394 5508 ad
441 5453 589 5508 illum
613 5453 879 5519 scribens,
929 5451 1084 5506 nobis
1119 5450 1341 5506 bibendi
1376 5450 1487 5505 vini
1517 5466 1821 5506 mensuram
1856 5459 1909 5505 et

330 5546 594 5601 terminos
621 5546 834 5610 statuit;
860 5554 1066 5599 tantum
1092 5542 1279 5599 bibere
1298 5542 1514 5613 jubens,
1536 5552 1790 5613 quantum
1822 5557 1911 5596 va-

327 5637 627 5693 letudinem
660 5636 899 5707 adjuvet,
929 5644 1187 5706 quantum
1224 5633 1433 5703 corpori
1468 5634 1748 5688 sanitatem
1777 5648 1914 5703 pra:-

669 5788 681 5825 :
711 5771 1078 5837 Apprrhcndens
1090 5769 1254 5824 munia
1274 5767 1483 5833 faciliter
1500 5774 1545 5821 et
1567 5765 1787 5821 celeriter
1808 5782 1915 5821 suc-

1993 521 2137 586 beat,
2166 531 2221 577 et
2254 538 2358 576 non
2400 524 2628 577 alterum
2661 521 2909 577 morbum
2940 537 2953 574 :
2988 535 3092 575 non
3126 522 3399 590 pauciores
3429 523 3574 577 enim

1993 630 2150 684 quam
2183 615 2565 671 immoderatus
2592 631 2743 687 aqua:
2773 624 2950 686 potus,
2983 614 3078 669 sed
3120 614 3290 668 multo
3318 615 3493 685 plures
3522 626 3581 669 et

1995 706 2328 762 difficiliores
2354 710 2516 762 animi
2545 718 2599 764 et
2628 711 2871 780 corporis
2902 709 3118 763 morbos
3159 708 3439 763 immodica
3469 708 3579 763 vini

1996 799 2134 867 parit
2178 800 2401 869 potatio,
2446 800 2751 869 passionum
2793 799 3402 865 bellum,absurdarum
3430 800 3577 871 cogi-

1995 892 2255 947 tationum
2287 895 2572 962 procellam
2601 896 2653 948 in
2678 906 2911 949 mentem
2942 894 3222 960 inducens,
3259 904 3311 949 et
3338 894 3581 962 corporis

1995 985 2101 1039 vim
2152 986 2450 1040 molliorem
2486 997 2540 1041 et
2576 988 2942 1041 solubiliorem
2986 988 3244 1043 efficiens.
3286 986 3401 1042 Non
3438 987 3581 1041 enim

1998 1074 2069 1129 ita
2116 1085 2275 1131 terra:
2321 1088 2506 1132 natura
2554 1088 2742 1134 vexata
2782 1095 3039 1148 aquarum
3096 1079 3581 1149 superabundantia

1997 1168 2250 1225 continue
2289 1170 2631 1236 dissolvitur,
2686 1180 2745 1225 ut
2791 1170 3034 1239 corporis
3090 1170 3172 1224 vis
3212 1169 3479 1224 mollescit
3528 1176 3582 1222 et

1998 1260 2191 1315 diffluit
2215 1270 2268 1314 et
2297 1261 2611 1329 dissipatur,
2650 1258 2758 1315 vini
2791 1270 2914 1330 potu
2945 1260 3198 1314 continuo
3243 1261 3579 1329 ingurgitata.

1999 1355 2283 1424 Fugiamns
2330 1353 2486 1422 igitur
2514 1354 2759 1423 utrinque
2787 1353 3248 1421 intemperantiam
3276 1353 3291 1381 ¹
3323 1362 3429 1404 tum
3460 1366 3584 1404 cor-

2000 1448 2143 1516 poris
2172 1446 2533 1499 valetudinem
2570 1445 2839 1508 curando,
2883 1454 2992 1498 tum
3021 1444 3185 1513 ipsius
3226 1443 3471 1497 lascivias
3499 1456 3585 1496 1⁵8-

1999 1535 2243 1591 eidemin.
2280 1536 2472 1589 Vinnm
2510 1536 2653 1590 enim
2693 1552 2721 1587 a
2754 1536 2861 1589 Deo
2893 1534 3074 1587 datum
3104 1542 3207 1594 est,
3254 1549 3358 1586 non
3387 1540 3447 1585 ut
3474 1533 3581 1584 ine-

2002 1626 2260 1691 briemur,
2290 1626 2383 1680 sed
2414 1634 2469 1679 ut
2494 1625 2656 1679 sobrii
2681 1625 2884 1679 simus:
2918 1633 2976 1677 nt
3008 1623 3360 1687 delectemur,
3391 1636 3495 1674 n0n
3530 1628 3587 1674 ut

2000 1717 2294 1773 doleamus.
2356 1716 2540 1770 Vinum
2581 1716 2723 1770 enim
2772 1715 3016 1784 laetiﬁcat,
3054 1714 3222 1783 inquit
3266 1712 3465 1776 David,
3500 1727 3588 1764 cor

2001 1812 2216 1865 hominis
2238 1809 2411 1880 (Psal.
2445 1810 2567 1864 103.
2600 1809 2689 1879 15)
2718 1826 2731 1861 :
2767 1817 2822 1862 tu
2854 1823 2980 1861 vero
3011 1807 3183 1876 ipsum
3216 1804 3445 1859 tristitia:
3475 1818 3588 1857 ma-

2000 1904 2186 1959 teriam
2202 1902 2351 1957 facis.
2376 1903 2586 1957 Etenim
2610 1903 2788 1955 animo
2805 1909 3029 1969 gravato
3050 1906 3175 1953 sunt
3192 1912 3350 1966 supra
3368 1896 3587 1950 modum

1999 1997 2163 2059 ebrii.
2193 1996 2427 2050 tenebris
2459 1996 2639 2049 multis
2671 1994 2836 2048 menti
2862 1992 3067 2047 offusis.
3103 1990 3359 2046 Medicina
3390 1989 3588 2057 Optima

2002 2095 2104 2150 est,
2134 2086 2345 2156 quando
2383 2084 2955 2139 commensurationem
2989 2082 3147 2136 habet
3190 2080 3467 2150 optimam.
3496 2078 3593 2133 llic

2002 2178 2152 2233 locus
2191 2186 2245 2232 et
2283 2188 2466 2232 contra
2513 2177 2793 2230 luereticos
2840 2175 2982 2228 utilis
3017 2185 3116 2236 est,
3159 2174 3251 2228 Dei
3293 2181 3588 2226 creaturam

2001 2278 2312 2323 accusantes
2343 2286 2356 2322 :
2389 2267 2432 2320 si
2460 2267 2600 2321 enim
2628 2266 2695 2320 de
2721 2266 2896 2320 vetitis
2922 2274 3097 2327 esset,
3131 2278 3236 2316 non
3265 2260 3594 2331 permisisset

2003 2359 2219 2425 Paulus,
2251 2374 2356 2413 non
2384 2358 2507 2411 vino
2528 2356 2781 2411 utendum
2810 2354 3049 2409 dixisset.
3078 2353 3191 2407 Non
3218 2353 3387 2407 solum
3416 2363 3590 2404 autem

2002 2462 2187 2505 contra
2233 2450 2544 2511 litereticos,
2573 2447 2667 2503 sed
2711 2456 2763 2501 et
2802 2456 2986 2500 contra
3028 2446 3250 2499 fratrum
3281 2452 3588 2497 nostrorum

2004 2546 2373 2617 simpliciores,
2405 2545 2495 2614 qui
2524 2553 2801 2613 postquam
2844 2542 3050 2609 aliquos
3082 2554 3191 2608 pra:
3236 2538 3496 2591 ebrietate
3535 2548 3589 2588 se

2004 2639 2353 2706 deturpantes
2394 2635 2654 2707 viderint,
2698 2634 2817 2687 illos
2861 2632 3164 2697 vituperare
3219 2627 3525 2680 omittentcs
3549 2625 3591 2688 ⁸,

2006 2729 2234 2783 fructum
2267 2742 2296 2780 a
2328 2728 2435 2781 Deo
2461 2726 2639 2779 datum
2662 2722 3074 2779 calumniantur,
3101 2717 3361 2781 dicentes,
3385 2715 3499 2770 Non
3525 2714 3601 2769 sit

2007 2822 2211 2875 vinum.
2240 2820 2373 2888 Ipsis
2396 2820 2570 2887 itaque
2597 2816 2861 2881 dicamus,
2892 2814 3003 2867 Non
3031 2812 3100 2865 sit
3124 2810 3372 2864 ebrietas.
3402 2806 3592 2860 Vinum

2006 2914 2147 2968 enim
2173 2912 2287 2978 Dei,
2319 2912 2548 2965 ebrietas
2574 2907 2768 2963 diaboli
2797 2921 2930 2975 opus
2950 2912 3062 2968 est;
3087 2918 3192 2956 non
3214 2901 3391 2954 vinum
3416 2897 3597 2952 ebric-

2010 3014 2170 3059 tatcm
2214 3003 2371 3065 facit,
2401 3002 2495 3056 sed
2540 2997 2945 3067 intemperantia
2976 2994 3289 3048 ebrietatem
3329 2988 3453 3043 facit
3486 3004 3499 3041 :
3528 3000 3597 3040 ne

2008 3098 2102 3152 Dei
2132 3105 2431 3150 creaturam
2458 3106 2698 3156 accuses,
2718 3089 2810 3144 sed
2839 3086 3083 3143 conservi
3115 3083 3375 3138 insaniam
3402 3092 3587 3149 argue.

2007 3188 2087 3242 Tu
2109 3202 2239 3242 vero
2264 3192 2570 3256 peccantem
2605 3182 2792 3251 punire
2813 3186 2868 3234 et
2892 3178 3160 3246 corrigere
3186 3172 3463 3237 amittens,
3491 3170 3591 3223 be-

2007 3281 2330 3336 nefactorem
2357 3276 2527 3330 aflicis
2556 3271 2920 3329 contumelia?

2078 3373 2131 3428 5.
2167 3371 2283 3425 Vim'
2322 3369 2606 3423 moderatus
2644 3380 2768 3419 usus
2813 3361 3132 3433 permittitur.
3158 3387 3231 3399 —
3256 3356 3390 3410 Cum
3438 3352 3596 3422 igitur

2009 3463 2267 3534 quosdam
2311 3460 2427 3515 haec
2463 3458 2703 3513 dicentes
2731 3454 3085 3515 audierimus,
3120 3449 3491 3503 obmutescere
3520 3443 3599 3497 fa-

2007 3557 2211 3611 ciamus
2236 3570 2249 3605 :
2282 3566 2388 3605 non
2414 3554 2556 3604 enim
2589 3562 2738 3613 usus,
2760 3545 2854 3600 sed
2886 3540 3256 3598 immoderatio
3284 3538 3596 3592 ebrietatem

2008 3646 2132 3700 facit
2152 3661 2165 3697 :
2184 3642 2519 3705 ebrietatem,
2540 3640 2776 3708 inquam,
2800 3635 3060 3689 malorum
3082 3632 3317 3685 omnium
3336 3628 3589 3682 radicem.

2009 3734 2203 3789 Vinum
2230 3732 2412 3787 datum
2443 3740 2546 3794 est,
2587 3738 2644 3783 ut
2688 3724 2993 3796 languidum
3036 3736 3231 3791 corpus
3272 3720 3459 3788 erigat,
3488 3730 3596 3770 non

2009 3832 2068 3878 ut
2094 3823 2287 3877 anima:
2328 3822 2491 3876 robur
2528 3819 2829 3889 opprimat:
2864 3824 2921 3870 ut
2957 3812 3134 3869 carnis
3176 3809 3592 3865 imbecillitatem

2012 3916 2181 3980 tollat,
2208 3930 2314 3969 non
2342 3922 2399 3967 ut
2426 3912 2589 3967 animi
2607 3910 2887 3965 sanitatem
2910 3904 3246 3961 exterminet.
3270 3900 3386 3955 Noli
3417 3899 3595 3969 igitur,

2010 4007 2359 4063 immoderate
2384 4004 2473 4059 Dei
2496 4017 2715 4057 munere
2737 4009 2911 4062 utens,
2945 3998 3118 4051 stultis
3145 3991 3599 4066 etimprudentio-

2010 4098 2160 4153 ribus
2181 4096 2484 4151 hominibus
2505 4093 2810 4148 occasiones
2825 4089 3086 4160 prmbere.
3106 4085 3239 4154 Quid
3261 4084 3401 4139 enim
3422 4080 3599 4137 ebrie-

2017 4198 2125 4243 tate
2168 4184 2564 4243 miserabilius?
2605 4192 2849 4239 mortuus
2892 4188 2976 4235 est
3018 4180 3310 4241 animatus,
3358 4173 3538 4228 ebrius
3579 4189 3595 4226 :

2012 4282 2221 4336 daemon
2249 4288 2333 4335 est
2357 4277 2690 4332 voluntarius
2722 4293 2735 4329 :
2764 4272 2984 4327 morbus
3005 4270 3213 4325 veniam
3242 4283 3346 4322 non
3374 4265 3597 4328 habens,

2014 4373 2168 4427 ruina
2215 4369 2557 4425 excusatione
2597 4380 2806 4427 carens,
2851 4375 3133 4417 commune
3176 4357 3389 4428 generis
3431 4354 3598 4409 nostri

2020 4461 2384 4531 opprobrium.
2416 4459 2531 4513 Non
2563 4458 2704 4511 enim
2732 4455 2785 4508 in
2815 4450 3162 4509 conventibus
3183 4456 3381 4501 tantum
3401 4444 3602 4500 inutilis

2015 4554 2215 4616 ebrius,
2243 4560 2332 4605 aut
2359 4552 2411 4604 in
2442 4548 2665 4619 privatis
2693 4555 2747 4601 et
2775 4544 2997 4614 publicis
3036 4539 3293 4610 negotiis,
3320 4536 3414 4591 sed
3440 4536 3598 4591 etiam

2014 4645 2129 4698 solo
2172 4652 2255 4697 est
2295 4650 2512 4710 aspectu
2550 4638 2787 4692 omnium
2829 4633 3195 4702 gravissimus,
3245 4629 3464 4684 ΐωιοτοε
3505 4642 3600 4681 ex-

2014 4735 2201 4791 halans
2244 4733 2587 4787 teterrimos:
2634 4729 2993 4784 eructationes
3037 4734 3092 4780 et
3134 4723 3497 4786 oscitationes,
3548 4728 3603 4774 et

2018 4843 2180 4883 voces
2208 4827 2477 4882 ebriorum
2500 4824 2747 4878 insuaves
2773 4830 2931 4889 atque
2960 4818 3198 4872 molesta:
3223 4829 3335 4879 eos,
3363 4814 3451 4883 qui
3477 4826 3602 4881 spe-

2016 4926 2161 4972 ctant
2189 4924 2242 4971 et
2275 4914 2433 4971 simul
2461 4922 2604 4977 sunt,
2641 4921 2880 4966 extrema
2910 4907 3308 4962 abominatione
3337 4903 3559 4973 implent
3583 4918 3599 4955 :

2016 5017 2071 5061 et
2094 5005 2236 5077 quod
2269 5006 2529 5059 malorum
2559 5010 2715 5072 caput
2735 5010 2838 5067 est,
2868 4999 3057 5054 caelum
3085 4997 3249 5053 ebriis
3271 4996 3603 5050 inaccessum

2018 5098 2105 5153 hic
2152 5097 2369 5152 morbus
2411 5094 2610 5157 efficit,
2661 5106 2761 5147 nec
2806 5099 3006 5145 mterna
3048 5089 3185 5143 bona
3227 5086 3435 5155 assequi
3478 5099 3603 5152 per-

2018 5190 2199 5250 mittit,
2228 5186 2319 5243 sed
2348 5196 2544 5256 prieter
2570 5184 2689 5237 vitae
2717 5182 2873 5252 hujus
2899 5170 3266 5250 opprobrium,
3289 5186 3344 5232 et
3371 5176 3479 5230 illic
3509 5175 3603 5228 tali

2018 5278 2210 5333 morbo
2259 5276 2563 5331 laborantes
2621 5288 2775 5343 pmna
2828 5280 3005 5325 manet
3055 5267 3405 5324 intoleranda.
3460 5265 3605 5319 Ilanc

2020 5372 2179 5443 igitur
2196 5370 2490 5441 improbam
2515 5365 2951 5423 consuetudinem
2971 5362 3290 5425 recidamus,
3309 5370 3363 5414 et
3384 5358 3602 5413 Paulum

2019 5463 2297 5519 audiamus
2324 5461 2613 5525 dicentem,
2651 5456 2780 5511 Vino
2823 5457 3021 5510 modico
3065 5462 3242 5507 utere:
3284 5451 3454 5518 ipsum
3485 5459 3601 5503 ete-

2022 5557 2131 5611 nim
2173 5554 2439 5609 modicum
2485 5559 2704 5621 propter
2747 5547 3112 5603 infirmitatem
3149 5541 3425 5613 permisit:
3456 5540 3599 5609 quod

2087 5646 2102 5676 ¹
2138 5644 2332 5715 Quidam
2356 5640 2654 5715 :_n:giamus
2684 5636 2848 5701 igitur,
2873 5634 3085 5694 obsecro,
3116 5636 3314 5697 peccata
3357 5628 3607 5693 utrium".

2023 5705 2313 5758 charisst'mi.
2341 5712 2435 5753 etc.
2471 5705 2483 5707 '
3411 5752 3422 5762 .

2088 5770 2108 5799 ³
2138 5768 2333 5823 Quidam
2358 5779 2372 5813 :
2406 5764 2686 5826 vimper-are
2709 5765 2762 5826 _et
2803 5756 3182 5826 animadvertere
3213 5768 3291 5807 eos
3325 5757 3607 5813 omnem

2025 5821 2308 5890 minianue
2330 5839 2473 5889 super
2499 5821 2620 5884 ipsos
2637 5821 2829 5873 dolendi
2852 5833 3098 5870 numeres.
