4072 6384
512 364 584 417 25
1238 352 1296 407 S.
1335 350 1610 407 JO.\NNIS
1648 348 2117 405 CIIRYSOSTOMI
2157 346 2469 403 ARCIIIEP.
2511 348 3034 407 CONSTANTINOP.
3707 360 3777 414 24

514 472 609 523 nisi
647 467 981 522 imbecillitas
1015 475 1273 528 vcxasset,
1315 479 1486 533 neque
1514 462 1777 516 modicum
1808 462 2088 515 admittere

513 561 827 630 discipulum
874 561 1154 628 coegisset.
1212 559 1434 626 Oportet
1480 557 1620 609 enim
1668 556 1818 609 nobis
1868 554 2089 607 traditos

513 654 659 706 cibos
697 663 752 706 et
786 663 940 720 potus
982 650 1310 720 temporibus
1348 659 1400 703 et
1437 648 1841 703 necessitatibus
1880 663 2091 715 semper

514 743 709 804 metiri,
752 752 805 797 et
848 742 1145 796 nullatenus
1190 740 1557 794 necessitatem
1594 737 1871 801 excedere,
1919 752 2090 804 neque

464 846 473 849 “
514 834 879 903 imprudenter
905 842 957 888 et
977 840 1175 886 temere
1197 831 1319 897 quid
1349 829 1521 885 facere
1548 837 1777 898 Oportet.
1808 826 1913 881 Sed
1940 838 2090 897 post-

513 941 670 995 quam
702 924 847 978 Pauli
878 939 1059 978 curam
1105 933 1159 977 et
1195 921 1460 977 Timothei
1488 922 1735 974 virtutem
1774 918 2089 989 didicimus,

516 1018 595 1069 eia
625 1015 876 1084 deinceps
907 1014 970 1069 ad
1003 1015 1167 1083 ipsam
1206 1014 1556 1082 quaestionum
1584 1010 1902 1066 solutionem
1931 1010 2095 1064 duca-

517 1114 603 1159 tur
630 1106 820 1159 oratio.
850 1107 1102 1172 Qumnam
1150 1105 1306 1174 igitur
1341 1101 1695 1173 quaeruntur?
1721 1102 1914 1157 Iterum
1951 1101 2093 1156 enim

517 1196 695 1250 dicere
723 1196 1079 1250 neressarium
1111 1202 1211 1260 est,
1238 1205 1294 1247 ut
1320 1194 1515 1265 solutio
1537 1192 1865 1247 manifestior
1888 1190 2097 1245 efﬁcia-

518 1295 620 1339 tur.
654 1284 767 1351 Qua
795 1284 861 1339 de
898 1299 1056 1338 causa
1094 1294 1335 1338 sanctum
1376 1284 1554 1347 talem,
1603 1292 1746 1336 tanta
1780 1291 2093 1336 tractantem

517 1377 748 1445 negotia,
774 1376 824 1428 in
853 1374 1092 1428 morbum
1124 1375 1262 1428 Deus
1292 1374 1527 1428 incidere
1558 1374 1818 1443 permisit,
1846 1380 1901 1427 et
1926 1387 2096 1442 neque

518 1465 650 1534 ipse,
678 1480 848 1534 neque
872 1473 1163 1534 prmccptor
1183 1463 1545 1534 :egritudinem
1573 1479 1762 1518 curare
1792 1472 2094 1532 potuerunt,

517 1557 611 1611 sed
642 1554 854 1610 bibendi
884 1557 989 1609 vini
1032 1556 1225 1610 auxilio
1251 1570 1383 1625 opus
1422 1554 1757 1610 habuerunt?
1781 1555 1849 1609 Et
1875 1556 2095 1625 quaesita

518 1646 731 1714 quidem
760 1645 875 1702 haec
900 1653 1088 1701 erant:
1116 1655 1327 1716 oportet
1346 1655 1521 1701 autem
1550 1647 1716 1715 ipsam
1743 1646 1938 1701 inferre
1956 1647 2098 1700 solu-

518 1737 748 1800 tionem,
777 1746 835 1790 ut
862 1753 967 1791 non
1011 1746 1213 1791 tantum
1253 1738 1296 1791 si
1327 1738 1416 1807 qui
1449 1736 1500 1790 in
1529 1736 1771 1792 morbum
1804 1748 1855 1792 et
1886 1737 2099 1807 agritu-

518 1829 700 1883 dinem
727 1830 908 1895 talem,
942 1828 1033 1883 sed
1063 1839 1118 1884 et
1141 1830 1458 1899 quicumque
1487 1830 1538 1884 in
1567 1830 1868 1899 pauperiem
1900 1831 2100 1885 incide-

519 1920 629 1973 rint
652 1928 709 1973 et
730 1920 944 1984 famem,
967 1928 1020 1974 et
1045 1921 1273 1983 vincula,
1298 1930 1351 1975 et
1374 1929 1656 1985 tormenta,
1678 1930 1731 1974 et
1756 1921 2094 1983 tentationes,

516 2019 573 2064 et
597 2011 912 2076 calumnias,
954 2020 1251 2079 caeteraque
1280 2013 1555 2080 praesentis
1582 2013 1701 2066 vitae
1742 2013 2096 2081 incommoda,

519 2102 689 2155 sancti
735 2102 891 2156 etiam
934 2101 1111 2171 magni
1152 2111 1206 2156 et
1253 2102 1593 2157 admirabiles
1639 2103 1774 2168 viri,
1824 2118 1891 2158 ex
1939 2104 2099 2159 rebus

522 2193 679 2248 hodie
721 2194 960 2249 dicendis
1002 2195 1244 2250 idoneam
1274 2204 1329 2249 et
1368 2195 1850 2251 inanifestissimam
1901 2196 1955 2250 in
1994 2197 2099 2252 illis

519 2300 731 2355 quoque
772 2285 1135 2341 defensionem
1178 2297 1360 2341 contra
1416 2302 1667 2342 accusare
1722 2288 1960 2343 volentes
2013 2289 2099 2343 iii-

520 2377 702 2430 venire
730 2377 953 2446 possint.
985 2377 1177 2433 Multos
1218 2379 1359 2434 enim
1400 2379 1676 2434 audivistis
1711 2381 1832 2434 talia
1860 2396 2102 2450 quzereu-

524 2475 602 2520 tes
636 2466 811 2534 :Quid
842 2468 1052 2523 tandem
1086 2469 1174 2523 ille
1204 2469 1476 2524 modestus
1517 2479 1569 2524 et
1595 2481 1903 2527 mansuetus
1939 2472 2101 2527 homo

520 2557 588 2609 ab
611 2557 715 2610 alio
742 2558 970 2627 quodam
995 2558 1156 2628 impio
1182 2569 1237 2613 et
1263 2560 1501 2630 improbo
1522 2576 1619 2631 per
1646 2561 1880 2631 singulos
1908 2562 2022 2617 dies
2046 2562 2099 2617 in

517 2646 774 2715 judicium
801 2649 1055 2715 trahitur,
1085 2658 1141 2703 et
1166 2650 1471 2706 innumeras
1502 2653 1699 2721 patitur
1726 2653 2015 2719 molestias,
2049 2662 2103 2708 et

526 2736 665 2789 Deus
697 2738 989 2806 permittit?
1016 2755 1179 2809 quare
1215 2741 1349 2795 alter
1387 2750 1684 2809 accusatus,
1726 2742 1921 2810 injuste
1955 2758 2101 2797 mor-

524 2837 646 2883 tuus
676 2830 790 2883 est?
829 2830 922 2884 Ille
959 2832 1268 2886 submersus
1315 2842 1417 2899 est,
1455 2834 1653 2903 inquit,
1684 2836 1820 2890 alius
1864 2837 2104 2907 przecipi-

527 2927 666 2975 tatus
694 2939 709 2975 :
738 2931 791 2975 et
820 2924 1013 2977 multos
1042 2940 1317 2991 possemus
1341 2924 1545 2979 referre
1574 2936 1788 2981 sanctos
1816 2938 1870 2982 et
1906 2932 2102 2983 nostris

527 3022 583 3067 et
612 3014 870 3084 majorum
918 3027 1220 3072 nostrorum
1262 3019 1609 3088 temporibus,
1639 3022 1726 3091 qui
1757 3022 1950 3077 multas
1985 3038 2104 3076 sus-

526 3106 798 3161 tinuerunt
858 3107 1264 3177 tribulationes,
1316 3110 1625 3167 differentes
1681 3124 1736 3168 et
1790 3114 1983 3168 varias.
2033 3113 2105 3170 Ut

525 3193 683 3262 igitur
711 3194 898 3250 horum
936 3199 1172 3253 omnium
1208 3200 1467 3254 rationem
1507 3202 1814 3267 videamus,
1846 3210 1900 3258 et
1931 3218 2104 3272 neque

525 3284 624 3353 ipsi
656 3287 1027 3353 perturbemur
1046 3331 1060 3354 ,
1091 3306 1261 3359 neque
1290 3291 1423 3346 alios
1450 3292 1835 3348 scandalizatos
1870 3294 2102 3365 negliga-

527 3391 665 3440 mus,
695 3393 836 3433 nunc
855 3379 1095 3434 dicendis
1122 3380 1525 3451 diligentissime
1555 3384 1910 3439 attendamus.

595 3468 647 3522 6.
672 3468 852 3523 Causa:
887 3477 1040 3525 uaria:
1067 3489 1158 3525 cur
1184 3472 1321 3526 Deus
1344 3483 1542 3527 sanctos
1571 3474 1707 3528 mala
1734 3478 1926 3547 perpeti
1947 3478 2099 3533 sinat.

525 3557 770 3612 --Varia:
814 3561 954 3613 enim
1000 3570 1054 3615 et
1092 3562 1411 3616 omnimoda:
1456 3574 1758 3618 sanctorum
1805 3566 2103 3624 afflictionis

524 3662 712 3702 causas
747 3664 968 3704 numero
985 3657 1110 3703 octo
1130 3647 1372 3706 charitati
1412 3663 1600 3709 vestr:e
1639 3655 1818 3712 dicere
1864 3674 2097 3727 possum.

529 3738 729 3795 Idcirco
755 3755 940 3796 omnes
964 3758 1082 3796 cum
1107 3744 1373 3814 diligentia
1396 3745 1629 3799 animum
1651 3747 1916 3814 adhibete,
1932 3751 2104 3804 scien-

527 3840 608 3886 tes
628 3834 767 3902 quod
796 3834 936 3888 nulla
962 3835 1211 3906 deinceps
1242 3838 1391 3892 nobis
1416 3839 1567 3893 venia
1591 3849 1643 3894 et
1668 3843 1939 3895 excusatio
1962 3843 2105 3899 dabi-

527 3934 632 3991 tur,
647 3924 771 3979 side
784 3926 1205 3995 contingentibus
1222 3928 1658 3995 scandalizemur,
1674 3933 1865 4002 quippe
1881 3934 2102 4003 quicum

525 4014 633 4068 sint
662 4023 765 4069 tam
787 4016 965 4070 multa:
986 4019 1234 4085 rationes,
1262 4028 1524 4090 tamquam
1548 4023 1688 4075 nulla
1709 4024 1796 4089 sit,
1821 4025 1890 4078 ita
1911 4028 2105 4081 tumul-

528 4114 737 4160 tuemur
754 4114 808 4161 et
823 4108 1211 4176 perturbemur.
1233 4111 1409 4180 Itaque
1433 4112 1601 4181 prima
1622 4114 1832 4183 quidem
1858 4126 1936 4170 est
1959 4118 2102 4186 quod

528 4214 594 4252 ne
606 4198 819 4254 facilein
837 4202 1187 4270 arrogantiam
1209 4212 1424 4272 propter
1438 4205 1744 4259 meritorum
1763 4215 1816 4261 et
1831 4207 2106 4262 miraculo:

528 4307 645 4346 rum
677 4294 1088 4363 magnitudinem
1121 4296 1390 4362 tollantur,
1420 4298 1563 4366 ipsos
1594 4298 1731 4352 Deus
1758 4299 1896 4353 sinat
1920 4299 2098 4369 afﬂigi.

526 4381 789 4450 Secunda,
820 4401 885 4439 ne
914 4387 1090 4440 caueri
1120 4387 1374 4456 majorem
1407 4388 1634 4442 habeant
1660 4389 1726 4445 de
1748 4390 1873 4459 ipsis
1899 4390 2104 4459 Opinio-

528 4489 670 4540 nem,
699 4493 855 4547 quam
888 4478 1114 4533 humana
1142 4480 1338 4548 patitur
1362 4490 1568 4546 natura,
1588 4482 1799 4551 etipsos
1819 4482 1969 4547 deos,
1997 4498 2102 4538 non

527 4573 706 4620 autem
746 4566 986 4623 homines
1020 4584 1138 4624 esse
1178 4558 1767 4639 arbitrentur."l‘ertia,
1815 4584 1871 4627 ut
1912 4584 1965 4628 et
2011 4575 2103 4629 Dei

530 4655 700 4708 virtus
735 4665 988 4724 appareat
1016 4672 1110 4727 per
1134 4668 1453 4727 aegrotantes
1484 4668 1539 4715 et
1561 4662 1910 4731 compeditos,
1942 4679 2105 4718 exsu-

532 4760 724 4816 perans
745 4747 1044 4813 etvincens,
1058 4763 1120 4803 ac
1135 4750 1791 4823 prmdicationeniaugcns.
1811 4755 2029 4823 Quarta,
2047 4766 2105 4811 ut

532 4836 765 4904 ipsorum
791 4837 1041 4906 patientia
1069 4840 1396 4895 manifestior
1425 4842 1533 4906 fiat,
1555 4858 1657 4897 non
1679 4857 1893 4915 prepter
1911 4862 2107 4903 merce-

528 4927 650 4981 dem
664 4927 935 4983 hominum
958 4929 1065 4984 Deo
1081 4931 1544 4999 servientium,sed
1562 4942 1615 4988 et
1631 4943 1827 4990 tantam
1852 4937 2107 4993 exhiben-

530 5016 659 5068 tium
688 5018 1082 5085 gratitudinem,
1101 5028 1159 5074 ut
1178 5028 1231 5075 et
1256 5030 1373 5090 post
1396 5030 1472 5075 tot
1496 5023 1633 5077 mala
1650 5024 1854 5079 sincera
1870 5027 1919 5081 in
1935 5027 2104 5097 ipsum

532 5106 896 5162 benevolentia
936 5110 1261 5179 ostendatur.
1295 5112 1509 5180 Quinta,
1543 5124 1599 5169 ut
1619 5117 1686 5171 de
1719 5120 2107 5175 resurrectione

530 5197 859 5268 cogitemus:
881 5213 1001 5253 cum
1031 5202 1173 5257 enim
1197 5204 1366 5259 virum
1395 5205 1593 5274 justum
1620 5219 1671 5261 et
1698 5208 1859 5262 multa
1892 5210 2103 5279 plenum

536 5290 748 5357 virtute,
776 5289 1050 5347 innumera
1075 5309 1284 5363 passum
1306 5297 1461 5361 mala,
1486 5306 1540 5351 et
1567 5298 1644 5351 sic
1671 5298 1791 5353 hinc
1810 5300 2103 5370 digressum

534 5380 750 5448 videris,
779 5383 862 5437 vel
894 5383 1085 5439 invitus
1113 5385 1179 5440 de
1204 5385 1381 5441 futuro
1408 5388 1477 5442 ibi
1499 5388 1700 5458 judicio
1725 5389 1924 5459 cogites
1948 5406 2105 5461 opor-

536 5480 631 5525 tet.
674 5471 729 5528 Si
767 5472 908 5528 enim
937 5490 1034 5544 pro
1064 5490 1123 5531 se
1144 5476 1303 5537 homo
1329 5479 1627 5534 laborantes
1648 5479 1764 5535 sine
1791 5482 2024 5550 praemiis
2052 5491 2108 5538 et

536 5563 880 5620 retributione
906 5565 1052 5622 abire
1093 5582 1200 5623 non
1238 5570 1494 5640 permittit
1527 5586 1542 5623 :
1570 5570 1739 5624 multo
1780 5572 1946 5640 magis
1988 5587 2103 5639 eos,

537 5655 625 5724 qui
645 5664 847 5711 tantum
873 5658 1263 5729 laboraverunt,
1282 5677 1567 5733 numquam
1593 5664 1932 5719 incoronatos
1944 5678 2087 5718 rema

543 5759 666 5801 aere
683 5745 822 5803 Deus
850 5747 1118 5807 decernet.
1138 5750 1191 5809 Si
1214 5761 1390 5809 autem
1427 5756 1571 5829 ipsos
1602 5755 1841 5815 laborum
1882 5770 2099 5813 suorum

2198 459 2544 525 retributione
2564 460 2770 529 privare
2806 462 2958 527 nolit,
2984 462 3201 516 omnino
3237 477 3456 519 necesse
3490 473 3571 520 est
3603 470 3776 536 quod-

2196 551 2317 604 dam
2360 550 2500 604 aliud
2549 562 2755 621 tempus
2791 569 2909 608 esse
2944 564 3063 623 post
3094 558 3434 624 prmsentium
3468 558 3647 625 finem,
3675 577 3780 628 quo

2198 643 2474 710 praesentis
2492 643 2614 696 vita:
2634 643 2872 698 laborum
2895 646 3268 701 retributiones
3289 648 3566 715 recipiant.
3591 649 3776 714 Sexta,

2199 740 2258 784 ut
2283 747 2468 787 omnes
2487 732 2537 785 in
2561 748 2647 787 res
2671 734 2923 789 adversas
2945 736 3257 799 incidentes,
3282 737 3633 793 sufficientem
3654 755 3784 793 con-

2199 823 2514 877 solationem
2536 834 2590 878 et
2611 825 2991 894 mitigationem
3083 827 3333 894 habeant,
3365 828 3419 883 in
3449 844 3542 884 eos
3565 832 3784 899 reSpici-

2199 921 2368 977 entes,
2401 914 2741 969 etmalorum
2770 932 2888 987 qua:
2924 917 3052 986 ip5ts
3090 918 3331 974 accidere
3370 936 3653 975 memores.
3688 925 3783 976 Se-

2199 1004 2383 1072 ptima,
2402 1019 2468 1058 ne
2492 1005 2703 1075 quando
2724 1009 3066 1061 exhortamur
3087 1022 3181 1061 vos
3198 1008 3261 1062 ad
3280 1008 3491 1062 illorum
3509 1012 3780 1079 virtutem,

2198 1100 2251 1146 et
2276 1093 2466 1163 cuique
2491 1094 2738 1163 dicimus,
2769 1095 2980 1152 Imitare
3008 1098 3225 1152 Paulum
3248 1140 3263 1165 ,
3297 1099 3504 1155 imitare
3540 1101 3777 1169 Petrum,

2200 1195 2416 1255 propter
2456 1196 2725 1256 gestorum
2763 1188 3141 1243 sublimitatem
3169 1190 3391 1246 alterius
3419 1193 3559 1262 ipsos
3576 1204 3781 1250 naturae

2201 1276 2491 1348 participes
2512 1276 2675 1334 fuisse
2698 1280 3012 1349 cogitantes,
3031 1281 3095 1335 ad
3126 1282 3471 1338 imitationem
3503 1287 3777 1354 torpentis.

2199 1366 2416 1433 Octava,
2434 1370 2713 1438 utquando
2732 1370 2913 1425 beatos
2938 1371 3020 1426 vel
3044 1372 3267 1427 miseros
3288 1388 3507 1429 censere
3531 1385 3777 1444 oportet,

2199 1456 2465 1513 discamus
2486 1475 2619 1530 quos
2634 1460 2835 1527 beatos,
2860 1478 2991 1532 quos
3013 1466 3237 1520 miseros
3261 1475 3312 1521 et
3329 1484 3658 1523 zerumnosos
3680 1486 3779 1539 pu-

2202 1560 2315 1605 tare
2333 1551 2640 1608 debeamus.
2664 1554 2821 1624 Igitur
2834 1556 2913 1609 ha:
2927 1556 3137 1626 quidem
3151 1567 3458 1614 suntcauste
3478 1578 3490 1613 :
3510 1561 3601 1615 sed
3623 1578 3782 1630 opor-

2203 1652 2277 1697 tet
2300 1659 2389 1698 eas
2421 1659 2608 1699 omnes
2635 1661 2700 1700 ex
2723 1646 3009 1717 Scripturis
3036 1650 3355 1706 confirmare
3380 1691 3394 1716 ,
3419 1660 3473 1707 et
3496 1652 3779 1723 diligenter

2201 1732 2568 1790 demonstrare
2588 1738 2764 1790 omnia
2788 1751 2943 1807 supra
2968 1739 3105 1793 dicta
3131 1756 3236 1794 non
3261 1741 3609 1797 humanarum
3631 1745 3780 1813 cogi-

2204 1826 2461 1878 tationum
2503 1826 2736 1892 inventa,
2767 1829 2860 1883 sed
2910 1829 3207 1884 divinarum
3244 1833 3636 1902 Seripturarum
3658 1850 3781 1888 sen-

2205 1917 2393 1969 tentias
2419 1932 2555 1971 csse.
2588 1919 2675 1972 Sic
2698 1920 2837 1973 enim
2864 1932 2917 1974 et
2937 1922 3105 1975 oratio
3129 1924 3229 1975 erit
3250 1923 3403 1977 nobis
3428 1924 3531 1978 fide
3552 1925 3777 1994 dignior,

2202 2016 2256 2060 et
2297 2009 2484 2061 melius
2525 2009 2717 2064 animis
2767 2013 2957 2066 vestris
3001 2013 3268 2068 insidehit.
3314 2014 3465 2083 Quod
3513 2017 3782 2071 tribulatio

2202 2098 2414 2167 quidem
2459 2101 2696 2155 conferat
2738 2101 2840 2157 hoc
2876 2105 3096 2171 sanctis,
3124 2114 3180 2159 ut
3220 2107 3443 2160 modesti
3471 2106 3577 2162 sint
3605 2117 3658 2163 et
3682 2108 3783 2160 liii-

2203 2189 2379 2256 miles,
2418 2205 2515 2245 nec
2556 2190 2807 2247 inflentur
2849 2210 2915 2249 ex
2952 2196 3115 2264 gestis
3160 2204 3214 2249 et
3254 2197 3439 2266 signis,
3486 2209 3539 2251 et
3565 2208 3785 2268 propter

2206 2282 2306 2337 hoc
2334 2284 2502 2352 ipsam
2524 2287 2741 2341 evenire
2768 2288 2909 2342 Deus
2938 2289 3226 2355 permittat,
3272 2291 3585 2358 prOphetam
3619 2291 3783 2345 David

2203 2384 2258 2427 et
2299 2374 2520 2429 Paulum
2570 2377 2754 2431 eadem
2802 2378 3039 2433 dicentes
3089 2378 3381 2433 audiamus.
3431 2381 3523 2434 Ille
3568 2382 3783 2452 quidem

2203 2465 2333 2521 dicit
2362 2452 2596 2522 :Bonum
2643 2472 2786 2535 mihi,
2834 2470 3067 2535 Domine,
3113 2472 3230 2541 quia
3273 2473 3549 2525 liuniiliasti
3593 2490 3691 2539 me,
3729 2485 3786 2527 ut

2206 2556 2398 2610 discam
2411 2560 2801 2629 justi/icationes
2840 2570 2951 2613 tuas
2978 2560 3143 2630 (Psal.
3182 2561 3301 2614 ll8.
3329 2562 3421 2629 71)
3452 2579 3464 2615 :
3501 2561 3585 2615 hic
3604 2573 3782 2616 autem

2207 2648 2476 2716 praefatus,
2528 2650 2726 2721 Raptus
2767 2667 2879 2703 sum
2919 2652 2969 2704 in
3016 2653 3215 2705 tertium
3259 2653 3456 2717 uelum,
3484 2662 3529 2705 et
3557 2654 3608 2705 in
3634 2670 3786 2722 para.

2206 2737 2372 2791 disum
2406 2739 2600 2805 elatus;
2618 2739 2914 2808 subintulit,
2937 2740 3000 2793 Et
3022 2758 3083 2795 ne
3100 2742 3454 2795 revelationum
3490 2745 3785 2814 magnitudo

2206 2827 2512 2882 extollatme
2537 2868 2552 2895 ,
2594 2829 2743 2883 datus
2787 2840 2857 2883 est
2888 2831 3011 2883 mihi
3059 2831 3293 2884 stimulus
3326 2834 3492 2885 carnis
3515 2873 3529 2896 ,
3576 2832 3787 2903 angelus

2210 2927 2419 2982 satana,
2445 2928 2497 2971 ut
2537 2937 2615 2972 me
2661 2922 2940 2989 colapliizet
2988 2922 3061 2994 (2.
3086 2920 3203 2976 Cor.
3260 2923 3346 2977 12.
3379 2922 3432 2976 2.
3461 2924 3514 2977 4.
3549 2925 3625 2993 7).
3651 2923 3784 2991 Quid

2210 3009 2310 3064 hoc
2343 3012 2609 3081 apertius?
2635 3013 2709 3067 Ne
2740 3014 2985 3080 extollar,
3034 3015 3220 3083 inquit,
3254 3023 3471 3083 propter
3515 3014 3616 3069 hoc
3661 3030 3782 3084 per-

2208 3102 2350 3155 misit
2383 3103 2519 3157 Deus
2548 3105 2765 3173 angelos
2805 3113 3005 3158 satanze
3050 3105 3388 3174 colapliizare
3420 3120 3523 3159 me.
3552 3106 3787 3174 Angelos

2208 3200 2383 3247 autem
2412 3202 2629 3258 satana),
2658 3210 2761 3248 non
2782 3194 3052 3249 daemones
3081 3195 3285 3265 aliquos
3305 3195 3455 3261 dicit,
3488 3196 3579 3250 sed
3609 3196 3785 3250 homi-

2208 3298 2303 3336 nes
2327 3283 2540 3337 diabolo
2566 3284 2947 3350 ministrantes,
2974 3285 3212 3340 infideles
3241 3295 3513 3358 tyrannos,
3531 3286 3779 3356 gentiles,

2208 3378 2294 3441 qui
2335 3374 2545 3429 assidue
2576 3375 2672 3444 ipsi
2714 3376 2920 3429 molesti
2959 3386 3129 3441 erant,
3174 3376 3451 3446 ipsumque
3495 3378 3776 3432 vexabant.

2207 3466 2357 3532 Quod
2406 3475 2582 3521 autem
2622 3467 2752 3521 dicit
2795 3466 3097 3538 liujusmodi
3145 3478 3229 3522 est
3262 3487 3275 3522 :
3308 3469 3541 3533 Poterat,
3592 3468 3784 3538 inquit,

2211 3557 2349 3610 Deus
2373 3559 2648 3612 continere
2671 3560 3107 3628 persequutiones
3136 3570 3188 3614 et
3216 3574 3479 3614 {erumnas
3507 3560 3783 3625 assiduas;

2208 3646 2301 3699 sed
2331 3647 2578 3716 quoniam
2612 3648 2661 3701 in
2691 3650 2904 3702 tertium
2934 3658 3114 3718 raptus
3144 3649 3214 3703 fui
3241 3651 3447 3713 culum,
3480 3661 3533 3704 et
3560 3652 3611 3704 in
3642 3665 3787 3719 para-
3836 3670 3841 3675 ·

2207 3736 2380 3790 όὶειιηι
2406 3736 2633 3803 delatus,
2659 3754 2726 3793 ne
2771 3739 2958 3793 harum
2999 3741 3361 3809 magnitudine
3405 3743 3783 3797 revelatiouum

2207 3828 2430 3884 extollar
2457 3839 2510 3884 et
2535 3831 2695 3885 altum
2721 3832 2941 3900 sapiam,
2962 3834 3203 3901 permisit
3217 3835 3650 3903 persequutiones
3668 3835 3782 3899 has,

2206 3928 2258 3973 et
2284 3921 2469 3990 angelo
2497 3931 2695 3975 satame
2734 3938 2831 3993 per
2872 3926 3312 3993 prsequutiones
3341 3935 3394 3979 et
3422 3927 3786 3983 tribulationes

2208 4025 2293 4062 me
2322 4010 2678 4079 colaphizare,
2714 4027 2778 4066 ne
2804 4014 3047 4066 extollar.
3082 4014 3194 4067 Etsi
3224 4014 3364 4068 enim
3410 4017 3578 4070 sancti
3609 4025 3662 4071 et
3691 4018 3787 4072 ad-

2207 4102 2480 4157 mirabiles
2506 4104 2610 4157 sint
2638 4105 2829 4158 Paulus
2853 4115 2903 4159 et
2935 4106 3142 4172 Petrus,
3168 4114 3223 4161 et
3250 4122 3438 4161 omnes
3464 4110 3784 4179 quicumque

2208 4198 2358 4261 tales,
2410 4206 2584 4252 tamen
2636 4198 2877 4253 homines
2901 4206 3043 4265 sunt,
3086 4208 3141 4254 et
3188 4200 3367 4253 multae
3410 4201 3687 4266 cautionis,
3717 4216 3787 4258 ne

2210 4286 2362 4342 facile
2391 4289 2741 4354 extollantur,
2775 4289 3033 4358 indigent,
3053 4298 3102 4343 et
3133 4290 3367 4344 maxime
3397 4291 3631 4343 omnium
3660 4305 3784 4345 san-

2206 4379 2276 4431 cti
2307 4397 2320 4430 :
2351 4378 2479 4432 nihil
2519 4379 2665 4433 enim
2706 4380 2784 4434 sic
2812 4380 2865 4434 in
2897 4380 3251 4450 arrogantiam
3280 4380 3537 4435 extollere
3561 4396 3787 4436 consue-

2207 4468 2301 4532 vit,
2352 4477 2408 4522 ut
2444 4470 2753 4524 meritorum
2802 4471 2954 4541 plena
2998 4471 3423 4537 conscientia,et
3445 4473 3620 4526 anima
3664 4488 3785 4527 cum

2209 4559 2399 4613 fiducia
2430 4560 2630 4615 vivens.
2657 4561 2733 4615 Nc
2752 4561 2876 4631 quid
2919 4562 3077 4631 igitur
3114 4562 3218 4617 tale
3244 4562 3315 4615 illi
3348 4563 3635 4631 patiantur,
3667 4571 3785 4617 ten-

2209 4654 2435 4708 tationes
2463 4663 2517 4707 et
2544 4652 2912 4708 tribulationes
2940 4669 3059 4708 esse
3096 4654 3381 4720 concessit,
3423 4668 3542 4721 quae
3567 4663 3788 4722 possent

2210 4745 2351 4813 ipsos
2393 4745 2662 4814 corripere
2706 4745 2936 4817 ipsisque
2980 4746 3331 4815 persuadere,
3356 4753 3412 4798 ut
3452 4744 3503 4799 in
3539 4746 3790 4802 omnibus

2209 4838 2480 4894 moderate
2505 4849 2742 4909 agerent.

2281 4933 2332 4985 7.
2363 4932 2514 4997 Quod
2543 4940 2722 4988 autem
2772 4932 2839 4987 ad
2891 4932 3356 4989 demonstrandam
3392 4931 3483 4986 Dei
3527 4932 3777 4985 virtutem

2212 5021 2311 5076 hoc
2356 5037 2675 5092 magnopere
2717 5022 2984 5091 conferat,
3017 5032 3070 5078 et
3102 5024 3201 5077 hoc
3240 5023 3306 5077 ab
3332 5021 3519 5076 eodem
3549 5021 3792 5091 apostolo

2210 5112 2383 5177 disce,
2410 5114 2498 5183 qui
2527 5113 2670 5182 prius
2696 5113 2797 5168 hoc
2820 5112 3045 5168 dixerat.
3074 5113 3151 5168 Ne
3174 5114 3317 5169 enim
3343 5111 3516 5178 dicas,
3548 5112 3689 5182 quod
3712 5111 3792 5165 in-

2212 5202 2393 5258 fideles
2413 5212 2616 5273 pntant,
2643 5205 2805 5259 Deum
2838 5205 2957 5258 talia
2981 5205 3370 5274 permittentem
3392 5202 3620 5257 debilem
3648 5218 3785 5265 esse,

2213 5312 2312 5351 nec
2338 5312 2464 5353 suos
2493 5297 2740 5366 periculis
2780 5298 2988 5367 eripere
3031 5311 3221 5365 posse,
3253 5295 3397 5365 quod
3448 5295 3591 5365 ipsos
3629 5293 3789 5364 amigi

2210 5389 2459 5443 continue
2483 5389 2657 5443 sinat:
2685 5388 2789 5444 hoc
2812 5389 3085 5444 considera
3103 5429 3119 5456 ,
3151 5388 3418 5457 quomodo
3445 5403 3539 5457 per
3563 5386 3675 5441 haec
3696 5386 3789 5440 de-

2212 5483 2518 5537 monstrarit
2543 5482 2736 5539 Paulus
2755 5524 2771 5549 ,
2794 5499 2898 5538 non
2919 5492 3119 5538 tantum
3146 5500 3263 5553 qua:
3288 5483 3475 5538 fierent
3502 5483 3664 5551 ipsius
3693 5481 3791 5535 im-

2210 5574 2553 5630 becillitatem
2577 5590 2681 5629 non
2705 5590 2928 5646 arguere
2944 5618 2959 5643 ,
2984 5576 3077 5631 sed
3104 5577 3331 5646 amplius
3355 5577 3640 5645 potentiam
3668 5591 3788 5629 om-

2212 5668 2368 5723 nibus
2400 5677 2686 5723 ostentare.
2717 5666 2851 5723 Cum
2894 5668 3034 5723 enim
3079 5668 3299 5723 dixisset
3332 5686 3345 5723 :
3376 5668 3540 5723 Datus
3568 5676 3639 5721 est
3664 5665 3789 5719 mihi

2221 5757 2454 5814 stimulus
2475 5760 2660 5828 carnis,
2678 5759 2886 5833 angelus
2904 5768 3112 5829 satana,
3140 5768 3194 5813 ut
3213 5775 3290 5814 me
3308 5758 3608 5832 colaphis";
3628 5764 3681 5813 ct
3704 5755 3784 5811 his
