  <div class='ocr_page' id='page_1' title='image "/cluster/home/n/w/nwhite01/storage/ocr_20150623/49/nnc1.0046978208/027.png"; bbox 0 0 4072 6384; ppageno 0'>
   <div class='ocr_carea' id='block_1_1' title="bbox 322 373 3779 466">
    <p class='ocr_par' dir='ltr' id='par_1_1' title="bbox 322 373 3779 466">
     <span class='ocr_line' id='line_1_1' title="bbox 322 373 3779 466; baseline -0.006 -17"><span class='ocrx_word' id='word_1_1' title='bbox 322 398 397 456; x_wconf 70' lang='lat'>95</span> <span class='ocrx_word' id='word_1_2' title='bbox 541 460 549 466; x_wconf 12' lang='grc' dir='ltr'>ς,</span> <span class='ocrx_word' id='word_1_3' title='bbox 1112 391 1170 449; x_wconf 91' lang='lat' dir='ltr'>S.</span> <span class='ocrx_word' id='word_1_4' title='bbox 1207 388 1490 447; x_wconf 72' lang='lat' dir='ltr'>JOA‘NNIS</span> <span class='ocrx_word' id='word_1_5' title='bbox 1531 381 2024 443; x_wconf 68' lang='lat' dir='ltr'>CllRYSOSTOMI</span> <span class='ocrx_word' id='word_1_6' title='bbox 2066 378 2388 437; x_wconf 80' lang='lat' dir='ltr'>ARCIIIEP.</span> <span class='ocrx_word' id='word_1_7' title='bbox 2437 374 2990 435; x_wconf 65' lang='lat' dir='ltr'>CONS&#39;I&#39;ANTlNOP.</span> <span class='ocrx_word' id='word_1_8' title='bbox 3705 373 3779 429; x_wconf 65' lang='grc' dir='ltr'>εδ</span> 
     </span>
    </p>
   </div>
   <div class='ocr_carea' id='block_1_2' title="bbox 322 501 1996 586">
    <p class='ocr_par' dir='ltr' id='par_1_2' title="bbox 322 501 1996 586">
     <span class='ocr_line' id='line_1_2' title="bbox 322 501 1996 586; baseline -0.013 -15"><span class='ocrx_word' id='word_1_9' title='bbox 322 513 606 581; x_wconf 79' lang='grc' dir='ltr'>ἀπέδειξεν</span> <span class='ocrx_word' id='word_1_10' title='bbox 656 513 685 566; x_wconf 99' lang='lat'>6</span> <span class='ocrx_word' id='word_1_11' title='bbox 731 509 958 575; x_wconf 85' lang='grc' dir='ltr'>Παῦλος,</span> <span class='ocrx_word' id='word_1_12' title='bbox 1008 508 1240 586; x_wconf 70' lang='grc' dir='ltr'>δεικνὺς,</span> <span class='ocrx_word' id='word_1_13' title='bbox 1291 508 1372 561; x_wconf 83' lang='grc' dir='ltr'>ὅτι</span> <span class='ocrx_word' id='word_1_14' title='bbox 1417 505 1478 559; x_wconf 89' lang='grc' dir='ltr'>οὐ</span> <span class='ocrx_word' id='word_1_15' title='bbox 1518 505 1678 576; x_wconf 86' lang='grc' dir='ltr'>μόνον</span> <span class='ocrx_word' id='word_1_16' title='bbox 1712 501 1996 556; x_wconf 86' lang='grc' dir='ltr'>ἀσθένειαν</span> 
     </span>
    </p>
   </div>
   <div class='ocr_carea' id='block_1_3' title="bbox 321 585 1994 671">
    <p class='ocr_par' dir='ltr' id='par_1_3' title="bbox 321 585 1994 671">
     <span class='ocr_line' id='line_1_3' title="bbox 321 585 1994 671; baseline -0.011 -14"><span class='ocrx_word' id='word_1_17' title='bbox 321 602 491 657; x_wconf 79' lang='grc' dir='ltr'>αὑτοῦ</span> <span class='ocrx_word' id='word_1_18' title='bbox 512 601 572 655; x_wconf 89' lang='grc' dir='ltr'>οὐ</span> <span class='ocrx_word' id='word_1_19' title='bbox 588 598 961 671; x_wconf 86' lang='grc' dir='ltr'>κατηγορεῖτά</span> <span class='ocrx_word' id='word_1_20' title='bbox 981 585 1258 667; x_wconf 79' lang='grc' dir='ltr'>γινόμενα,</span> <span class='ocrx_word' id='word_1_21' title='bbox 1282 593 1417 647; x_wconf 80' lang='grc' dir='ltr'>ἀλλά</span> <span class='ocrx_word' id='word_1_22' title='bbox 1438 594 1531 647; x_wconf 86' lang='lat' dir='ltr'>ml</span> <span class='ocrx_word' id='word_1_23' title='bbox 1551 589 1810 664; x_wconf 79' lang='grc' dir='ltr'>μειζόνως</span> <span class='ocrx_word' id='word_1_24' title='bbox 1831 585 1994 642; x_wconf 80' lang='grc' dir='ltr'>αὐτοῦ</span> 
     </span>
    </p>
   </div>
   <div class='ocr_carea' id='block_1_4' title="bbox 321 671 1994 759">
    <p class='ocr_par' dir='ltr' id='par_1_4' title="bbox 321 671 1994 759">
     <span class='ocr_line' id='line_1_4' title="bbox 321 671 1994 759; baseline -0.01 -14"><span class='ocrx_word' id='word_1_25' title='bbox 321 691 425 759; x_wconf 81' lang='grc' dir='ltr'>τὴν</span> <span class='ocrx_word' id='word_1_26' title='bbox 461 689 690 759; x_wconf 88' lang='grc' dir='ltr'>δύναμιν</span> <span class='ocrx_word' id='word_1_27' title='bbox 724 685 1084 740; x_wconf 83' lang='grc' dir='ltr'>ἐπιδείκνυται</span> <span class='ocrx_word' id='word_1_28' title='bbox 1113 684 1305 736; x_wconf 72' lang='grc' dir='ltr'>πᾶσινο</span> <span class='ocrx_word' id='word_1_29' title='bbox 1332 680 1500 734; x_wconf 85' lang='grc' dir='ltr'>εἰπὼν</span> <span class='ocrx_word' id='word_1_30' title='bbox 1521 680 1648 751; x_wconf 89' lang='grc' dir='ltr'>γάρ,</span> <span class='ocrx_word' id='word_1_31' title='bbox 1667 679 1748 731; x_wconf 83' lang='grc' dir='ltr'>ὅτι</span> <span class='ocrx_word' id='word_1_32' title='bbox 1790 671 1994 742; x_wconf 81' lang='grc' dir='ltr'>Ἐδόθη</span> 
     </span>
    </p>
   </div>
   <div class='ocr_carea' id='block_1_5' title="bbox 317 765 2000 846">
    <p class='ocr_par' dir='ltr' id='par_1_5' title="bbox 317 765 2000 846">
     <span class='ocr_line' id='line_1_5' title="bbox 317 765 2000 846; baseline -0.011 -15"><span class='ocrx_word' id='word_1_33' title='bbox 317 765 699 846; x_wconf 70' lang='grc' dir='ltr'>μοι’σκόλοψ</span> <span class='ocrx_word' id='word_1_34' title='bbox 726 771 799 841; x_wconf 74' lang='grc' dir='ltr'>τῇ</span> <span class='ocrx_word' id='word_1_35' title='bbox 825 769 1025 840; x_wconf 77' lang='grc' dir='ltr'>σαρκὶ,</span> <span class='ocrx_word' id='word_1_36' title='bbox 1057 769 1312 838; x_wconf 72' lang='grc' dir='ltr'>ἄγγελος</span> <span class='ocrx_word' id='word_1_37' title='bbox 1344 767 1559 829; x_wconf 79' lang='grc' dir='ltr'>σατᾶν,</span> <span class='ocrx_word' id='word_1_38' title='bbox 1588 766 1688 818; x_wconf 81' lang='grc' dir='ltr'>ἵνα</span> <span class='ocrx_word' id='word_1_39' title='bbox 1710 780 1788 832; x_wconf 80' lang='grc' dir='ltr'>με</span> <span class='ocrx_word' id='word_1_40' title='bbox 1820 765 2000 816; x_wconf 74' lang='grc' dir='ltr'>κολα-</span> 
     </span>
    </p>
   </div>
   <div class='ocr_carea' id='block_1_6' title="bbox 323 848 2003 934">
    <p class='ocr_par' dir='ltr' id='par_1_6' title="bbox 323 848 2003 934">
     <span class='ocr_line' id='line_1_6' title="bbox 323 848 2003 934; baseline -0.011 -16"><span class='ocrx_word' id='word_1_41' title='bbox 323 862 486 934; x_wconf 65' lang='grc' dir='ltr'>φίζιν</span> <span class='ocrx_word' id='word_1_42' title='bbox 509 863 600 917; x_wconf 75' lang='grc' dir='ltr'>καὶ</span> <span class='ocrx_word' id='word_1_43' title='bbox 621 863 746 924; x_wconf 74' lang='grc' dir='ltr'>τοὺς</span> <span class='ocrx_word' id='word_1_44' title='bbox 769 859 1100 930; x_wconf 76' lang='grc' dir='ltr'>ἐπαλλήλους</span> <span class='ocrx_word' id='word_1_45' title='bbox 1144 857 1480 926; x_wconf 79' lang='grc' dir='ltr'>πειρασμοὺς</span> <span class='ocrx_word' id='word_1_46' title='bbox 1501 853 1586 905; x_wconf 86' lang='grc' dir='ltr'>διά</span> <span class='ocrx_word' id='word_1_47' title='bbox 1616 851 1805 905; x_wconf 88' lang='grc' dir='ltr'>τούτου</span> <span class='ocrx_word' id='word_1_48' title='bbox 1831 848 2003 920; x_wconf 86' lang='grc' dir='ltr'>δηλώ-</span> 
     </span>
    </p>
   </div>
   <div class='ocr_carea' id='block_1_7' title="bbox 329 940 1995 1020">
    <p class='ocr_par' dir='ltr' id='par_1_7' title="bbox 329 940 1995 1020">
     <span class='ocr_line' id='line_1_7' title="bbox 329 940 1995 1020; baseline -0.009 -18"><span class='ocrx_word' id='word_1_49' title='bbox 329 968 451 1014; x_wconf 83' lang='grc' dir='ltr'>σας,</span> <span class='ocrx_word' id='word_1_50' title='bbox 479 951 786 1020; x_wconf 75' lang='grc' dir='ltr'>ἐπήγαγενο</span> <span class='ocrx_word' id='word_1_51' title='bbox 831 945 998 1013; x_wconf 80' lang='grc' dir='ltr'>Ὑπὲρ</span> <span class='ocrx_word' id='word_1_52' title='bbox 1046 945 1258 997; x_wconf 85' lang='grc' dir='ltr'>τούτου</span> <span class='ocrx_word' id='word_1_53' title='bbox 1293 942 1419 1009; x_wconf 80' lang='grc' dir='ltr'>τρὶς</span> <span class='ocrx_word' id='word_1_54' title='bbox 1460 940 1568 994; x_wconf 78' lang='grc' dir='ltr'>τὸν</span> <span class='ocrx_word' id='word_1_55' title='bbox 1603 940 1820 1006; x_wconf 75' lang='grc' dir='ltr'>Κύριον</span> <span class='ocrx_word' id='word_1_56' title='bbox 1851 949 1995 1003; x_wconf 66' lang='grc' dir='ltr'>παρη</span> 
     </span>
    </p>
   </div>
   <div class='ocr_carea' id='block_1_8' title="bbox 322 1023 2004 1100">
    <p class='ocr_par' dir='ltr' id='par_1_8' title="bbox 322 1023 2004 1100">
     <span class='ocr_line' id='line_1_8' title="bbox 322 1023 2004 1100; baseline -0.01 -8"><span class='ocrx_word' id='word_1_57' title='bbox 322 1037 610 1100; x_wconf 70' lang='grc' dir='ltr'>εκάλεσα,</span> <span class='ocrx_word' id='word_1_58' title='bbox 641 1037 742 1088; x_wconf 76' lang='grc' dir='ltr'>ἵνα</span> <span class='ocrx_word' id='word_1_59' title='bbox 764 1031 1006 1100; x_wconf 77' lang='grc' dir='ltr'>ἀποστῇ</span> <span class='ocrx_word' id='word_1_60' title='bbox 1024 1032 1125 1086; x_wconf 81' lang='grc' dir='ltr'>ἀπ’</span> <span class='ocrx_word' id='word_1_61' title='bbox 1153 1029 1325 1100; x_wconf 88' lang='grc' dir='ltr'>ἐμοῦ·</span> <span class='ocrx_word' id='word_1_62' title='bbox 1365 1029 1460 1082; x_wconf 79' lang='grc' dir='ltr'>καὶ</span> <span class='ocrx_word' id='word_1_63' title='bbox 1488 1025 1620 1082; x_wconf 78' lang='grc' dir='ltr'>εἶπέ</span> <span class='ocrx_word' id='word_1_64' title='bbox 1641 1042 1769 1097; x_wconf 82' lang='grc' dir='ltr'>μοι’</span> <span class='ocrx_word' id='word_1_65' title='bbox 1813 1023 2004 1093; x_wconf 80' lang='grc' dir='ltr'>Ἀρκεῖ</span> 
     </span>
    </p>
   </div>
   <div class='ocr_carea' id='block_1_9' title="bbox 325 1116 2001 1193">
    <p class='ocr_par' dir='ltr' id='par_1_9' title="bbox 325 1116 2001 1193">
     <span class='ocr_line' id='line_1_9' title="bbox 325 1116 2001 1193; baseline -0.008 -15"><span class='ocrx_word' id='word_1_66' title='bbox 325 1140 426 1179; x_wconf 85' lang='grc' dir='ltr'>σοι</span> <span class='ocrx_word' id='word_1_67' title='bbox 446 1125 483 1191; x_wconf 69' lang='grc' dir='ltr'>’ἡ</span> <span class='ocrx_word' id='word_1_68' title='bbox 509 1123 680 1193; x_wconf 83' lang='grc' dir='ltr'>χάρις</span> <span class='ocrx_word' id='word_1_69' title='bbox 690 1137 828 1193; x_wconf 85' lang='grc' dir='ltr'>μου·</span> <span class='ocrx_word' id='word_1_70' title='bbox 851 1121 889 1188; x_wconf 75' lang='grc' dir='ltr'><em>ἠ</em></span> <span class='ocrx_word' id='word_1_71' title='bbox 915 1121 1023 1191; x_wconf 70' lang='grc' dir='ltr'>γὰρ</span> <span class='ocrx_word' id='word_1_72' title='bbox 1039 1119 1290 1187; x_wconf 81' lang='grc' dir='ltr'>δύναμίς</span> <span class='ocrx_word' id='word_1_73' title='bbox 1304 1135 1422 1188; x_wconf 81' lang='grc' dir='ltr'>μου</span> <span class='ocrx_word' id='word_1_74' title='bbox 1443 1118 1512 1171; x_wconf 83' lang='grc' dir='ltr'>ἐν</span> <span class='ocrx_word' id='word_1_75' title='bbox 1524 1116 1806 1180; x_wconf 76' lang='grc' dir='ltr'>ἀσθενείᾳ</span> <span class='ocrx_word' id='word_1_76' title='bbox 1819 1117 2001 1167; x_wconf 68' lang='lat'>13.18:-</span> 
     </span>
    </p>
   </div>
   <div class='ocr_carea' id='block_1_10' title="bbox 323 1198 2000 1278">
    <p class='ocr_par' dir='ltr' id='par_1_10' title="bbox 323 1198 2000 1278">
     <span class='ocr_line' id='line_1_10' title="bbox 323 1198 2000 1278; baseline -0.007 -15"><span class='ocrx_word' id='word_1_77' title='bbox 323 1210 516 1265; x_wconf 81' lang='grc' dir='ltr'>οὗται.</span> <span class='ocrx_word' id='word_1_78' title='bbox 545 1210 588 1261; x_wconf 86' lang='grc' dir='ltr'>Τ</span> <span class='ocrx_word' id='word_1_79' title='bbox 590 1209 678 1261; x_wconf 91' lang='grc' dir='ltr'>ότε</span> <span class='ocrx_word' id='word_1_80' title='bbox 708 1226 806 1278; x_wconf 89' lang='grc' dir='ltr'>μου</span> <span class='ocrx_word' id='word_1_81' title='bbox 832 1207 1160 1276; x_wconf 82' lang='grc' dir='ltr'>δείκνυταιή</span> <span class='ocrx_word' id='word_1_82' title='bbox 1188 1207 1437 1275; x_wconf 89' lang='grc' dir='ltr'>δύναμις,</span> <span class='ocrx_word' id='word_1_83' title='bbox 1469 1202 1652 1274; x_wconf 76' lang='grc' dir='ltr'>φησὶν,</span> <span class='ocrx_word' id='word_1_84' title='bbox 1693 1203 1820 1254; x_wconf 86' lang='grc' dir='ltr'>ὃταν</span> <span class='ocrx_word' id='word_1_85' title='bbox 1843 1198 2000 1269; x_wconf 87' lang='grc' dir='ltr'>ὑμεῖς</span> 
     </span>
    </p>
   </div>
   <div class='ocr_carea' id='block_1_11' title="bbox 326 1288 2002 1368">
    <p class='ocr_par' dir='ltr' id='par_1_11' title="bbox 326 1288 2002 1368">
     <span class='ocr_line' id='line_1_11' title="bbox 326 1288 2002 1368; baseline -0.005 -20"><span class='ocrx_word' id='word_1_86' title='bbox 326 1298 385 1348; x_wconf 90' lang='grc' dir='ltr'>ἐν</span> <span class='ocrx_word' id='word_1_87' title='bbox 406 1295 658 1366; x_wconf 78' lang='grc' dir='ltr'>ἀσθενείᾳ</span> <span class='ocrx_word' id='word_1_88' title='bbox 688 1291 784 1368; x_wconf 82' lang='grc' dir='ltr'>ἦτε</span> <span class='ocrx_word' id='word_1_89' title='bbox 808 1311 821 1325; x_wconf 88' lang='grc'><strong>·</strong></span> <span class='ocrx_word' id='word_1_90' title='bbox 857 1295 952 1348; x_wconf 80' lang='grc' dir='ltr'>καὶ</span> <span class='ocrx_word' id='word_1_91' title='bbox 974 1294 1039 1347; x_wconf 82' lang='grc' dir='ltr'>δι’</span> <span class='ocrx_word' id='word_1_92' title='bbox 1070 1291 1222 1364; x_wconf 87' lang='grc' dir='ltr'>ὑμῶν</span> <span class='ocrx_word' id='word_1_93' title='bbox 1241 1292 1350 1345; x_wconf 89' lang='grc' dir='ltr'>τῶν</span> <span class='ocrx_word' id='word_1_94' title='bbox 1378 1291 1678 1345; x_wconf 80' lang='grc' dir='ltr'>δοκούντων</span> <span class='ocrx_word' id='word_1_95' title='bbox 1703 1288 1946 1343; x_wconf 74' lang='grc' dir='ltr'>ἀσθενεῖν</span> <span class='ocrx_word' id='word_1_96' title='bbox 1972 1290 2002 1341; x_wconf 90' lang='lat'>6</span> 
     </span>
    </p>
   </div>
   <div class='ocr_carea' id='block_1_12' title="bbox 325 1375 2004 1455">
    <p class='ocr_par' dir='ltr' id='par_1_12' title="bbox 325 1375 2004 1455">
     <span class='ocr_line' id='line_1_12' title="bbox 325 1375 2004 1455; baseline -0.005 -19"><span class='ocrx_word' id='word_1_97' title='bbox 325 1382 418 1437; x_wconf 89' lang='grc' dir='ltr'>τοῦ</span> <span class='ocrx_word' id='word_1_98' title='bbox 453 1382 802 1455; x_wconf 76' lang='grc' dir='ltr'>κηρύγματος</span> <span class='ocrx_word' id='word_1_99' title='bbox 836 1382 1057 1448; x_wconf 73' lang='grc' dir='ltr'>αὔξεται</span> <span class='ocrx_word' id='word_1_100' title='bbox 1079 1383 1253 1450; x_wconf 80' lang='grc' dir='ltr'>λόγος,</span> <span class='ocrx_word' id='word_1_101' title='bbox 1289 1381 1382 1434; x_wconf 99' lang='lat' dir='ltr'>ml</span> <span class='ocrx_word' id='word_1_102' title='bbox 1409 1377 1681 1449; x_wconf 80' lang='grc' dir='ltr'>πανταχοῦ</span> <span class='ocrx_word' id='word_1_103' title='bbox 1711 1375 2004 1431; x_wconf 84' lang='grc' dir='ltr'>κατασπεί-</span> 
     </span>
    </p>
   </div>
   <div class='ocr_carea' id='block_1_13' title="bbox 328 1463 2000 1540">
    <p class='ocr_par' dir='ltr' id='par_1_13' title="bbox 328 1463 2000 1540">
     <span class='ocr_line' id='line_1_13' title="bbox 328 1463 2000 1540; baseline -0.003 -18"><span class='ocrx_word' id='word_1_104' title='bbox 328 1463 500 1540; x_wconf 83' lang='grc' dir='ltr'>ρεται.</span> <span class='ocrx_word' id='word_1_105' title='bbox 523 1474 647 1524; x_wconf 87' lang='grc' dir='ltr'>ὐτε</span> <span class='ocrx_word' id='word_1_106' title='bbox 669 1471 796 1540; x_wconf 89' lang='grc' dir='ltr'>γοῦν</span> <span class='ocrx_word' id='word_1_107' title='bbox 813 1473 890 1534; x_wconf 88' lang='grc' dir='ltr'>εἰς</span> <span class='ocrx_word' id='word_1_108' title='bbox 907 1470 966 1522; x_wconf 88' lang='grc' dir='ltr'>τὸ</span> <span class='ocrx_word' id='word_1_109' title='bbox 981 1469 1350 1540; x_wconf 77' lang='grc' dir='ltr'>δεσμωτήριον</span> <span class='ocrx_word' id='word_1_110' title='bbox 1371 1467 1570 1538; x_wconf 88' lang='grc' dir='ltr'>μυρίας</span> <span class='ocrx_word' id='word_1_111' title='bbox 1588 1464 1766 1519; x_wconf 83' lang='grc' dir='ltr'>λαϐὼν</span> <span class='ocrx_word' id='word_1_112' title='bbox 1784 1464 2000 1534; x_wconf 77' lang='grc' dir='ltr'>πληγάς</span> 
     </span>
    </p>
   </div>
   <div class='ocr_carea' id='block_1_14' title="bbox 328 1546 2000 1626">
    <p class='ocr_par' dir='ltr' id='par_1_14' title="bbox 328 1546 2000 1626">
     <span class='ocr_line' id='line_1_14' title="bbox 328 1546 2000 1626; baseline -0.002 -20"><span class='ocrx_word' id='word_1_113' title='bbox 328 1554 644 1626; x_wconf 77' lang='grc' dir='ltr'>εἰσηνέχθη,</span> <span class='ocrx_word' id='word_1_114' title='bbox 684 1556 774 1610; x_wconf 82' lang='grc' dir='ltr'>τὸν</span> <span class='ocrx_word' id='word_1_115' title='bbox 811 1555 1196 1626; x_wconf 81' lang='grc' dir='ltr'>δεσμοφύλακα</span> <span class='ocrx_word' id='word_1_116' title='bbox 1223 1554 1442 1626; x_wconf 74' lang='grc' dir='ltr'>ἔδησεν·</span> <span class='ocrx_word' id='word_1_117' title='bbox 1479 1555 1536 1606; x_wconf 87' lang='grc' dir='ltr'>ἐν</span> <span class='ocrx_word' id='word_1_118' title='bbox 1582 1551 1659 1623; x_wconf 80' lang='grc' dir='ltr'>τῷ</span> <span class='ocrx_word' id='word_1_119' title='bbox 1693 1550 1834 1622; x_wconf 80' lang='grc' dir='ltr'>ξύλῳ</span> <span class='ocrx_word' id='word_1_120' title='bbox 1861 1546 2000 1620; x_wconf 77' lang='grc' dir='ltr'>ἦσαν</span> 
     </span>
    </p>
   </div>
   <div class='ocr_carea' id='block_1_15' title="bbox 323 1638 2000 1714">
    <p class='ocr_par' dir='ltr' id='par_1_15' title="bbox 323 1638 2000 1714">
     <span class='ocr_line' id='line_1_15' title="bbox 323 1638 2000 1714; baseline -0.002 -21"><span class='ocrx_word' id='word_1_121' title='bbox 323 1641 375 1694; x_wconf 87' lang='grc' dir='ltr'>οί</span> <span class='ocrx_word' id='word_1_122' title='bbox 409 1642 588 1706; x_wconf 81' lang='grc' dir='ltr'>πόδες,</span> <span class='ocrx_word' id='word_1_123' title='bbox 635 1642 694 1696; x_wconf 86' lang='grc' dir='ltr'>ἐν</span> <span class='ocrx_word' id='word_1_124' title='bbox 734 1645 800 1714; x_wconf 82' lang='grc' dir='ltr'>τῇ</span> <span class='ocrx_word' id='word_1_125' title='bbox 833 1641 1019 1696; x_wconf 83' lang='grc' dir='ltr'>ἁλύσει</span> <span class='ocrx_word' id='word_1_126' title='bbox 1063 1643 1118 1694; x_wconf 84' lang='grc' dir='ltr'>αἱ</span> <span class='ocrx_word' id='word_1_127' title='bbox 1153 1645 1352 1712; x_wconf 89' lang='grc' dir='ltr'>χεῖρες,</span> <span class='ocrx_word' id='word_1_128' title='bbox 1397 1640 1489 1693; x_wconf 72' lang='grc' dir='ltr'>καί¹</span> <span class='ocrx_word' id='word_1_129' title='bbox 1524 1639 1584 1692; x_wconf 89' lang='grc' dir='ltr'>τὸ</span> <span class='ocrx_word' id='word_1_130' title='bbox 1625 1638 2000 1709; x_wconf 82' lang='grc' dir='ltr'>δεσμωτήριον</span> 
     </span>
    </p>
   </div>
   <div class='ocr_carea' id='block_1_16' title="bbox 325 1725 1851 1802">
    <p class='ocr_par' dir='ltr' id='par_1_16' title="bbox 325 1725 1851 1802">
     <span class='ocr_line' id='line_1_16' title="bbox 325 1725 1851 1802; baseline -0.001 -21"><span class='ocrx_word' id='word_1_131' title='bbox 325 1729 531 1783; x_wconf 80' lang='grc' dir='ltr'>ἐσείετο</span> <span class='ocrx_word' id='word_1_132' title='bbox 576 1730 718 1784; x_wconf 88' lang='grc' dir='ltr'>κατά</span> <span class='ocrx_word' id='word_1_133' title='bbox 749 1731 919 1802; x_wconf 88' lang='grc' dir='ltr'>μέσην</span> <span class='ocrx_word' id='word_1_134' title='bbox 957 1730 1053 1801; x_wconf 81' lang='grc' dir='ltr'>τὴν</span> <span class='ocrx_word' id='word_1_135' title='bbox 1082 1729 1275 1792; x_wconf 81' lang='grc' dir='ltr'>νύκτα,</span> <span class='ocrx_word' id='word_1_136' title='bbox 1311 1728 1621 1800; x_wconf 83' lang='grc' dir='ltr'>ὑμνούντων</span> <span class='ocrx_word' id='word_1_137' title='bbox 1651 1725 1851 1781; x_wconf 67' lang='grc' dir='ltr'>αὐτῶν.</span> 
     </span>
    </p>
   </div>
   <div class='ocr_carea' id='block_1_17' title="bbox 407 1812 1996 1888">
    <p class='ocr_par' dir='ltr' id='par_1_17' title="bbox 407 1812 1996 1888">
     <span class='ocr_line' id='line_1_17' title="bbox 407 1812 1996 1888; baseline -0.004 -17"><span class='ocrx_word' id='word_1_138' title='bbox 407 1814 569 1888; x_wconf 80' lang='grc' dir='ltr'>Ὁρᾷς</span> <span class='ocrx_word' id='word_1_139' title='bbox 603 1816 721 1881; x_wconf 87' lang='grc' dir='ltr'>πῶς</span> <span class='ocrx_word' id='word_1_140' title='bbox 751 1820 783 1887; x_wconf 84' lang='grc' dir='ltr'>ἡ</span> <span class='ocrx_word' id='word_1_141' title='bbox 819 1817 1048 1888; x_wconf 90' lang='grc' dir='ltr'>δύναμις</span> <span class='ocrx_word' id='word_1_142' title='bbox 1080 1816 1244 1871; x_wconf 89' lang='grc' dir='ltr'>αὑτοῦ</span> <span class='ocrx_word' id='word_1_143' title='bbox 1291 1818 1348 1870; x_wconf 90' lang='grc' dir='ltr'>ἐν</span> <span class='ocrx_word' id='word_1_144' title='bbox 1382 1814 1632 1887; x_wconf 80' lang='grc' dir='ltr'>ἀσθενείᾳ</span> <span class='ocrx_word' id='word_1_145' title='bbox 1667 1812 1996 1878; x_wconf 88' lang='grc' dir='ltr'>ἐτελειοῦτο;</span> 
     </span>
    </p>
   </div>
   <div class='ocr_carea' id='block_1_18' title="bbox 325 1899 2004 1977">
    <p class='ocr_par' dir='ltr' id='par_1_18' title="bbox 325 1899 2004 1977">
     <span class='ocr_line' id='line_1_18' title="bbox 325 1899 2004 1977; baseline -0.002 -20"><span class='ocrx_word' id='word_1_146' title='bbox 325 1903 390 1957; x_wconf 75' lang='grc' dir='ltr'>Εἰ</span> <span class='ocrx_word' id='word_1_147' title='bbox 408 1899 474 1976; x_wconf 81' lang='grc' dir='ltr'>ἦν</span> <span class='ocrx_word' id='word_1_148' title='bbox 502 1905 788 1977; x_wconf 84' lang='grc' dir='ltr'>λελυμένος</span> <span class='ocrx_word' id='word_1_149' title='bbox 810 1907 837 1959; x_wconf 92' lang='lat'>6</span> <span class='ocrx_word' id='word_1_150' title='bbox 855 1905 1085 1969; x_wconf 80' lang='grc' dir='ltr'>Παῦλος,</span> <span class='ocrx_word' id='word_1_151' title='bbox 1105 1905 1196 1958; x_wconf 77' lang='grc' dir='ltr'>καὶ</span> <span class='ocrx_word' id='word_1_152' title='bbox 1215 1904 1422 1958; x_wconf 77' lang='grc' dir='ltr'>ἔσεισεν</span> <span class='ocrx_word' id='word_1_153' title='bbox 1438 1916 1463 1944; x_wconf 71' lang='grc' dir='ltr'>ι</span> <span class='ocrx_word' id='word_1_154' title='bbox 1490 1906 1666 1958; x_wconf 88' lang='grc' dir='ltr'>ἐκεῖνο</span> <span class='ocrx_word' id='word_1_155' title='bbox 1686 1902 1746 1956; x_wconf 90' lang='grc' dir='ltr'>τὸ</span> <span class='ocrx_word' id='word_1_156' title='bbox 1769 1901 2004 1972; x_wconf 78' lang='grc' dir='ltr'>οἴκημα,</span> 
     </span>
    </p>
   </div>
   <div class='ocr_carea' id='block_1_19' title="bbox 324 1987 1995 2063">
    <p class='ocr_par' dir='ltr' id='par_1_19' title="bbox 324 1987 1995 2063">
     <span class='ocr_line' id='line_1_19' title="bbox 324 1987 1995 2063; baseline -0.002 -19"><span class='ocrx_word' id='word_1_157' title='bbox 324 1991 425 2044; x_wconf 88' lang='grc' dir='ltr'>οὐκ</span> <span class='ocrx_word' id='word_1_158' title='bbox 452 1987 518 2063; x_wconf 81' lang='grc' dir='ltr'>ὴν</span> <span class='ocrx_word' id='word_1_159' title='bbox 548 1992 688 2045; x_wconf 77' lang='grc' dir='ltr'>οὕτω</span> <span class='ocrx_word' id='word_1_160' title='bbox 728 1992 1037 2063; x_wconf 81' lang='grc' dir='ltr'>θαυμαστὸν</span> <span class='ocrx_word' id='word_1_161' title='bbox 1065 1992 1124 2046; x_wconf 92' lang='grc' dir='ltr'>τὸ</span> <span class='ocrx_word' id='word_1_162' title='bbox 1165 1993 1467 2062; x_wconf 89' lang='grc' dir='ltr'>γινόμενον.</span> <span class='ocrx_word' id='word_1_163' title='bbox 1499 1991 1599 2044; x_wconf 84' lang='grc' dir='ltr'>Διὰ</span> <span class='ocrx_word' id='word_1_164' title='bbox 1626 1990 1802 2052; x_wconf 85' lang='grc' dir='ltr'>τοῦτο,</span> <span class='ocrx_word' id='word_1_165' title='bbox 1842 1988 1995 2061; x_wconf 75' lang='grc' dir='ltr'>φησὶ,</span> 
     </span>
    </p>
   </div>
   <div class='ocr_carea' id='block_1_20' title="bbox 329 2075 1994 2149">
    <p class='ocr_par' dir='ltr' id='par_1_20' title="bbox 329 2075 1994 2149">
     <span class='ocr_line' id='line_1_20' title="bbox 329 2075 1994 2149; baseline -0.002 -18"><span class='ocrx_word' id='word_1_166' title='bbox 329 2077 457 2148; x_wconf 87' lang='grc' dir='ltr'>μένε</span> <span class='ocrx_word' id='word_1_167' title='bbox 494 2080 797 2149; x_wconf 80' lang='grc' dir='ltr'>δεδεμένος,</span> <span class='ocrx_word' id='word_1_168' title='bbox 843 2081 938 2133; x_wconf 78' lang='grc' dir='ltr'>καὶ</span> <span class='ocrx_word' id='word_1_169' title='bbox 994 2079 1404 2134; x_wconf 84' lang='grc' dir='ltr'>σαλευέσθωσαν</span> <span class='ocrx_word' id='word_1_170' title='bbox 1437 2081 1486 2132; x_wconf 81' lang='grc' dir='ltr'>οῖ</span> <span class='ocrx_word' id='word_1_171' title='bbox 1515 2081 1683 2148; x_wconf 84' lang='grc' dir='ltr'>τοῖχοι</span> <span class='ocrx_word' id='word_1_172' title='bbox 1711 2075 1994 2141; x_wconf 85' lang='grc' dir='ltr'>πάντοθεν,</span> 
     </span>
    </p>
   </div>
   <div class='ocr_carea' id='block_1_21' title="bbox 326 2164 1995 2239">
    <p class='ocr_par' dir='ltr' id='par_1_21' title="bbox 326 2164 1995 2239">
     <span class='ocr_line' id='line_1_21' title="bbox 326 2164 1995 2239; baseline 0 -21"><span class='ocrx_word' id='word_1_173' title='bbox 326 2167 419 2219; x_wconf 73' lang='grc' dir='ltr'>καὶ</span> <span class='ocrx_word' id='word_1_174' title='bbox 447 2166 756 2221; x_wconf 89' lang='grc' dir='ltr'>λυέσθωσαν</span> <span class='ocrx_word' id='word_1_175' title='bbox 781 2170 829 2223; x_wconf 88' lang='grc' dir='ltr'>οἰ</span> <span class='ocrx_word' id='word_1_176' title='bbox 855 2169 1150 2239; x_wconf 83' lang='grc' dir='ltr'>δεσμῶται,</span> <span class='ocrx_word' id='word_1_177' title='bbox 1183 2169 1268 2221; x_wconf 86' lang='grc' dir='ltr'>ἵνα</span> <span class='ocrx_word' id='word_1_178' title='bbox 1297 2165 1557 2238; x_wconf 80' lang='grc' dir='ltr'>μειζόνως</span> <span class='ocrx_word' id='word_1_179' title='bbox 1579 2169 1611 2238; x_wconf 85' lang='grc' dir='ltr'>ἠ</span> <span class='ocrx_word' id='word_1_180' title='bbox 1637 2164 1862 2234; x_wconf 84' lang='grc' dir='ltr'>δύναμίς</span> <span class='ocrx_word' id='word_1_181' title='bbox 1894 2181 1995 2234; x_wconf 89' lang='grc' dir='ltr'>μου</span> 
     </span>
    </p>
   </div>
   <div class='ocr_carea' id='block_1_22' title="bbox 325 2255 1992 2330">
    <p class='ocr_par' dir='ltr' id='par_1_22' title="bbox 325 2255 1992 2330">
     <span class='ocr_line' id='line_1_22' title="bbox 325 2255 1992 2330; baseline -0.001 -22"><span class='ocrx_word' id='word_1_182' title='bbox 325 2255 580 2326; x_wconf 83' lang='grc' dir='ltr'>φαίνηται</span> <span class='ocrx_word' id='word_1_183' title='bbox 601 2256 688 2310; x_wconf 81' lang='grc' dir='ltr'>διὰ</span> <span class='ocrx_word' id='word_1_184' title='bbox 714 2259 806 2312; x_wconf 86' lang='grc' dir='ltr'>σοῦ</span> <span class='ocrx_word' id='word_1_185' title='bbox 828 2259 920 2312; x_wconf 91' lang='grc' dir='ltr'>τοῦ</span> <span class='ocrx_word' id='word_1_186' title='bbox 946 2261 1310 2330; x_wconf 80' lang='grc' dir='ltr'>κατεχομένου</span> <span class='ocrx_word' id='word_1_187' title='bbox 1334 2258 1428 2311; x_wconf 73' lang='grc' dir='ltr'>καὶ</span> <span class='ocrx_word' id='word_1_188' title='bbox 1467 2274 1528 2309; x_wconf 89' lang='grc' dir='ltr'>συ</span> <span class='ocrx_word' id='word_1_189' title='bbox 1537 2255 1992 2327; x_wconf 89' lang='grc' dir='ltr'>μπεποδισμένου,</span> 
     </span>
    </p>
   </div>
   <div class='ocr_carea' id='block_1_23' title="bbox 321 2339 1998 2416">
    <p class='ocr_par' dir='ltr' id='par_1_23' title="bbox 321 2339 1998 2416">
     <span class='ocr_line' id='line_1_23' title="bbox 321 2339 1998 2416; baseline 0.001 -21"><span class='ocrx_word' id='word_1_190' title='bbox 321 2342 432 2396; x_wconf 84' lang='grc' dir='ltr'>τῶν</span> <span class='ocrx_word' id='word_1_191' title='bbox 459 2343 756 2415; x_wconf 84' lang='grc' dir='ltr'>δεδεμένων</span> <span class='ocrx_word' id='word_1_192' title='bbox 783 2345 1058 2416; x_wconf 83' lang='grc' dir='ltr'>λυομένων</span> <span class='ocrx_word' id='word_1_193' title='bbox 1097 2347 1372 2400; x_wconf 82' lang='grc' dir='ltr'>ἁπάντων.</span> <span class='ocrx_word' id='word_1_194' title='bbox 1413 2345 1583 2397; x_wconf 91' lang='grc' dir='ltr'>Τοῦτο</span> <span class='ocrx_word' id='word_1_195' title='bbox 1617 2339 1710 2397; x_wconf 78' lang='grc' dir='ltr'>οὖν</span> <span class='ocrx_word' id='word_1_196' title='bbox 1749 2343 1880 2396; x_wconf 91' lang='grc' dir='ltr'>αὐτὸ</span> <span class='ocrx_word' id='word_1_197' title='bbox 1903 2344 1998 2396; x_wconf 76' lang='grc' dir='ltr'>καὶ</span> 
     </span>
    </p>
   </div>
   <div class='ocr_carea' id='block_1_24' title="bbox 322 2429 2000 2504">
    <p class='ocr_par' dir='ltr' id='par_1_24' title="bbox 322 2429 2000 2504">
     <span class='ocr_line' id='line_1_24' title="bbox 322 2429 2000 2504; baseline -0.001 -21"><span class='ocrx_word' id='word_1_198' title='bbox 322 2429 414 2484; x_wconf 90' lang='grc' dir='ltr'>τὸν</span> <span class='ocrx_word' id='word_1_199' title='bbox 441 2431 825 2502; x_wconf 67' lang='grc' dir='ltr'>δεσμοφύλακα</span> <span class='ocrx_word' id='word_1_200' title='bbox 848 2433 1108 2504; x_wconf 81' lang='grc' dir='ltr'>ἐξέπληξε</span> <span class='ocrx_word' id='word_1_201' title='bbox 1131 2434 1274 2496; x_wconf 87' lang='grc' dir='ltr'>τότε,</span> <span class='ocrx_word' id='word_1_202' title='bbox 1303 2433 1384 2486; x_wconf 79' lang='grc' dir='ltr'>ὅτι</span> <span class='ocrx_word' id='word_1_203' title='bbox 1409 2431 1544 2503; x_wconf 89' lang='grc' dir='ltr'>μετὰ</span> <span class='ocrx_word' id='word_1_204' title='bbox 1568 2429 1836 2503; x_wconf 84' lang='grc' dir='ltr'>τοσαύτης</span> <span class='ocrx_word' id='word_1_205' title='bbox 1866 2439 2000 2484; x_wconf 67' lang='grc' dir='ltr'>κατέ</span> 
     </span>
    </p>
   </div>
   <div class='ocr_carea' id='block_1_25' title="bbox 322 2517 1996 2592">
    <p class='ocr_par' dir='ltr' id='par_1_25' title="bbox 322 2517 1996 2592">
     <span class='ocr_line' id='line_1_25' title="bbox 322 2517 1996 2592; baseline 0.001 -22"><span class='ocrx_word' id='word_1_206' title='bbox 322 2518 582 2589; x_wconf 76' lang='grc' dir='ltr'>ἐχόμενος</span> <span class='ocrx_word' id='word_1_207' title='bbox 617 2522 882 2591; x_wconf 84' lang='grc' dir='ltr'>ἀνάγκης,</span> <span class='ocrx_word' id='word_1_208' title='bbox 939 2521 1003 2574; x_wconf 79' lang='grc' dir='ltr'>δι’</span> <span class='ocrx_word' id='word_1_209' title='bbox 1031 2522 1192 2592; x_wconf 80' lang='grc' dir='ltr'>εὐχῆς</span> <span class='ocrx_word' id='word_1_210' title='bbox 1227 2521 1394 2592; x_wconf 86' lang='grc' dir='ltr'>μόνης</span> <span class='ocrx_word' id='word_1_211' title='bbox 1421 2522 1603 2590; x_wconf 69' lang='grc' dir='ltr'>ἴσχυσε</span> <span class='ocrx_word' id='word_1_212' title='bbox 1647 2520 1744 2590; x_wconf 83' lang='grc' dir='ltr'>μὲν</span> <span class='ocrx_word' id='word_1_213' title='bbox 1785 2517 1996 2583; x_wconf 78' lang='grc' dir='ltr'>τινάξαι</span> 
     </span>
    </p>
   </div>
   <div class='ocr_carea' id='block_1_26' title="bbox 321 2604 1992 2678">
    <p class='ocr_par' dir='ltr' id='par_1_26' title="bbox 321 2604 1992 2678">
     <span class='ocr_line' id='line_1_26' title="bbox 321 2604 1992 2678; baseline 0.001 -21"><span class='ocrx_word' id='word_1_214' title='bbox 321 2605 389 2658; x_wconf 79' lang='grc' dir='ltr'>τά</span> <span class='ocrx_word' id='word_1_215' title='bbox 419 2604 661 2676; x_wconf 89' lang='grc' dir='ltr'>θεμέλια,</span> <span class='ocrx_word' id='word_1_216' title='bbox 689 2608 1024 2662; x_wconf 82' lang='grc' dir='ltr'>ἀναπετάσαι</span> <span class='ocrx_word' id='word_1_217' title='bbox 1051 2607 1106 2660; x_wconf 84' lang='grc' dir='ltr'>δὲ</span> <span class='ocrx_word' id='word_1_218' title='bbox 1140 2609 1238 2671; x_wconf 82' lang='grc' dir='ltr'>τὰς</span> <span class='ocrx_word' id='word_1_219' title='bbox 1271 2607 1440 2678; x_wconf 87' lang='grc' dir='ltr'>θύρας</span> <span class='ocrx_word' id='word_1_220' title='bbox 1469 2607 1560 2660; x_wconf 86' lang='grc' dir='ltr'>τοῦ</span> <span class='ocrx_word' id='word_1_221' title='bbox 1595 2606 1992 2677; x_wconf 87' lang='grc' dir='ltr'>δεσμωτηρίου,</span> 
     </span>
    </p>
   </div>
   <div class='ocr_carea' id='block_1_27' title="bbox 321 2693 1992 2768">
    <p class='ocr_par' dir='ltr' id='par_1_27' title="bbox 321 2693 1992 2768">
     <span class='ocr_line' id='line_1_27' title="bbox 321 2693 1992 2768; baseline 0.001 -23"><span class='ocrx_word' id='word_1_222' title='bbox 321 2693 414 2746; x_wconf 82' lang='grc' dir='ltr'>καὶ</span> <span class='ocrx_word' id='word_1_223' title='bbox 430 2693 586 2747; x_wconf 88' lang='grc' dir='ltr'>λῦσαι</span> <span class='ocrx_word' id='word_1_224' title='bbox 605 2695 852 2759; x_wconf 82' lang='grc' dir='ltr'>τοὺςδεδε</span> <span class='ocrx_word' id='word_1_225' title='bbox 862 2696 1052 2768; x_wconf 81' lang='grc' dir='ltr'>μένους</span> <span class='ocrx_word' id='word_1_226' title='bbox 1071 2695 1335 2759; x_wconf 75' lang='grc' dir='ltr'>ἅπαντας.</span> <span class='ocrx_word' id='word_1_227' title='bbox 1352 2697 1465 2748; x_wconf 88' lang='grc' dir='ltr'>Οὐκ</span> <span class='ocrx_word' id='word_1_228' title='bbox 1486 2693 1718 2747; x_wconf 89' lang='grc' dir='ltr'>ἐνταῦθα</span> <span class='ocrx_word' id='word_1_229' title='bbox 1736 2694 1791 2747; x_wconf 84' lang='grc' dir='ltr'>δέ</span> <span class='ocrx_word' id='word_1_230' title='bbox 1812 2695 1992 2765; x_wconf 87' lang='grc' dir='ltr'>μόνον,</span> 
     </span>
    </p>
   </div>
   <div class='ocr_carea' id='block_1_28' title="bbox 320 2781 1996 2853">
    <p class='ocr_par' dir='ltr' id='par_1_28' title="bbox 320 2781 1996 2853">
     <span class='ocr_line' id='line_1_28' title="bbox 320 2781 1996 2853; baseline 0 -19"><span class='ocrx_word' id='word_1_231' title='bbox 320 2781 455 2836; x_wconf 88' lang='grc' dir='ltr'>ἀλλά</span> <span class='ocrx_word' id='word_1_232' title='bbox 481 2785 573 2837; x_wconf 84' lang='lat' dir='ltr'>ml</span> <span class='ocrx_word' id='word_1_233' title='bbox 599 2785 692 2838; x_wconf 77' lang='grc' dir='ltr'>ἐπὶ</span> <span class='ocrx_word' id='word_1_234' title='bbox 720 2786 948 2853; x_wconf 82' lang='grc' dir='ltr'>Πέτρου,</span> <span class='ocrx_word' id='word_1_235' title='bbox 975 2785 1070 2838; x_wconf 74' lang='grc' dir='ltr'>καὶ</span> <span class='ocrx_word' id='word_1_236' title='bbox 1095 2785 1183 2837; x_wconf 86' lang='grc' dir='ltr'>ἐπ’</span> <span class='ocrx_word' id='word_1_237' title='bbox 1212 2783 1375 2838; x_wconf 90' lang='grc' dir='ltr'>αὐτοῦ</span> <span class='ocrx_word' id='word_1_238' title='bbox 1402 2782 1493 2836; x_wconf 89' lang='grc' dir='ltr'>τοῦ</span> <span class='ocrx_word' id='word_1_239' title='bbox 1519 2781 1755 2847; x_wconf 85' lang='grc' dir='ltr'>Παύλου,</span> <span class='ocrx_word' id='word_1_240' title='bbox 1787 2783 1878 2836; x_wconf 74' lang='grc' dir='ltr'>καὶ</span> <span class='ocrx_word' id='word_1_241' title='bbox 1905 2783 1996 2835; x_wconf 74' lang='grc' dir='ltr'>ἐπὶ</span> 
     </span>
    </p>
   </div>
   <div class='ocr_carea' id='block_1_29' title="bbox 319 2869 1996 2940">
    <p class='ocr_par' dir='ltr' id='par_1_29' title="bbox 319 2869 1996 2940">
     <span class='ocr_line' id='line_1_29' title="bbox 319 2869 1996 2940; baseline -0.001 -16"><span class='ocrx_word' id='word_1_242' title='bbox 319 2871 427 2924; x_wconf 88' lang='grc' dir='ltr'>τῶν</span> <span class='ocrx_word' id='word_1_243' title='bbox 470 2871 642 2924; x_wconf 82' lang='grc' dir='ltr'>ἄλλων</span> <span class='ocrx_word' id='word_1_244' title='bbox 678 2873 735 2925; x_wconf 87' lang='grc' dir='ltr'>δὲ</span> <span class='ocrx_word' id='word_1_245' title='bbox 768 2873 1079 2927; x_wconf 83' lang='grc' dir='ltr'>ἀποστόλων</span> <span class='ocrx_word' id='word_1_246' title='bbox 1115 2872 1212 2926; x_wconf 82' lang='grc' dir='ltr'>τδοι</span> <span class='ocrx_word' id='word_1_247' title='bbox 1259 2889 1342 2935; x_wconf 90' lang='grc' dir='ltr'>τις</span> <span class='ocrx_word' id='word_1_248' title='bbox 1387 2871 1452 2925; x_wconf 81' lang='grc' dir='ltr'>ἂν</span> <span class='ocrx_word' id='word_1_249' title='bbox 1495 2871 1791 2940; x_wconf 86' lang='grc' dir='ltr'>συμϐαῖνον</span> <span class='ocrx_word' id='word_1_250' title='bbox 1839 2869 1996 2923; x_wconf 89' lang='grc' dir='ltr'>τοῦτο</span> 
     </span>
    </p>
   </div>
   <div class='ocr_carea' id='block_1_30' title="bbox 322 2957 1996 3032">
    <p class='ocr_par' dir='ltr' id='par_1_30' title="bbox 322 2957 1996 3032">
     <span class='ocr_line' id='line_1_30' title="bbox 322 2957 1996 3032; baseline 0 -22"><span class='ocrx_word' id='word_1_251' title='bbox 322 2958 579 3028; x_wconf 89' lang='grc' dir='ltr'>συνεχῶς,</span> <span class='ocrx_word' id='word_1_252' title='bbox 611 2961 704 3013; x_wconf 86' lang='lat' dir='ltr'>ml</span> <span class='ocrx_word' id='word_1_253' title='bbox 730 2963 844 3024; x_wconf 89' lang='grc' dir='ltr'>τοῖς</span> <span class='ocrx_word' id='word_1_254' title='bbox 866 2961 1126 3032; x_wconf 86' lang='grc' dir='ltr'>διωγμοῖς</span> <span class='ocrx_word' id='word_1_255' title='bbox 1147 2961 1245 3030; x_wconf 87' lang='grc' dir='ltr'>τὴν</span> <span class='ocrx_word' id='word_1_256' title='bbox 1263 2959 1421 3030; x_wconf 86' lang='grc' dir='ltr'>χάριν</span> <span class='ocrx_word' id='word_1_257' title='bbox 1447 2958 1539 3012; x_wconf 85' lang='grc' dir='ltr'>τοῦ</span> <span class='ocrx_word' id='word_1_258' title='bbox 1565 2957 1700 3011; x_wconf 89' lang='grc' dir='ltr'>Θεοῦ</span> <span class='ocrx_word' id='word_1_259' title='bbox 1727 2958 1814 3011; x_wconf 74' lang='grc' dir='ltr'>ἀεὶ</span> <span class='ocrx_word' id='word_1_260' title='bbox 1838 2959 1996 3011; x_wconf 87' lang='grc' dir='ltr'>ἐπαν-</span> 
     </span>
    </p>
   </div>
   <div class='ocr_carea' id='block_1_31' title="bbox 321 3042 1992 3118">
    <p class='ocr_par' dir='ltr' id='par_1_31' title="bbox 321 3042 1992 3118">
     <span class='ocr_line' id='line_1_31' title="bbox 321 3042 1992 3118; baseline 0.001 -21"><span class='ocrx_word' id='word_1_261' title='bbox 321 3042 541 3110; x_wconf 87' lang='grc' dir='ltr'>θοῦσαν,</span> <span class='ocrx_word' id='word_1_262' title='bbox 565 3047 659 3101; x_wconf 89' lang='lat' dir='ltr'>ml</span> <span class='ocrx_word' id='word_1_263' title='bbox 681 3051 801 3113; x_wconf 87' lang='grc' dir='ltr'>ταῖς</span> <span class='ocrx_word' id='word_1_264' title='bbox 825 3047 1036 3118; x_wconf 71' lang='grc' dir='ltr'>θλίψεσι</span> <span class='ocrx_word' id='word_1_265' title='bbox 1065 3047 1574 3118; x_wconf 85' lang='grc' dir='ltr'>παραφαινομένην,</span> <span class='ocrx_word' id='word_1_266' title='bbox 1604 3047 1696 3099; x_wconf 76' lang='grc' dir='ltr'>καὶ</span> <span class='ocrx_word' id='word_1_267' title='bbox 1724 3045 1867 3099; x_wconf 81' lang='grc' dir='ltr'>οὑτω</span> <span class='ocrx_word' id='word_1_268' title='bbox 1896 3046 1992 3117; x_wconf 83' lang='grc' dir='ltr'>τὴν</span> 
     </span>
    </p>
   </div>
   <div class='ocr_carea' id='block_1_32' title="bbox 317 3133 1993 3208">
    <p class='ocr_par' dir='ltr' id='par_1_32' title="bbox 317 3133 1993 3208">
     <span class='ocr_line' id='line_1_32' title="bbox 317 3133 1993 3208; baseline 0.001 -21"><span class='ocrx_word' id='word_1_269' title='bbox 317 3133 546 3205; x_wconf 85' lang='grc' dir='ltr'>δύναμιν</span> <span class='ocrx_word' id='word_1_270' title='bbox 579 3135 744 3190; x_wconf 80' lang='grc' dir='ltr'>αὐτοῦ</span> <span class='ocrx_word' id='word_1_271' title='bbox 771 3137 1166 3208; x_wconf 85' lang='grc' dir='ltr'>κηρύττουσαν.</span> <span class='ocrx_word' id='word_1_272' title='bbox 1201 3137 1400 3208; x_wconf 83' lang='grc' dir='ltr'>Διόπερ</span> <span class='ocrx_word' id='word_1_273' title='bbox 1435 3135 1643 3205; x_wconf 78' lang='grc' dir='ltr'>ἔλεγεν,</span> <span class='ocrx_word' id='word_1_274' title='bbox 1681 3134 1870 3204; x_wconf 78' lang='grc' dir='ltr'>Ἀρκεῖ</span> <span class='ocrx_word' id='word_1_275' title='bbox 1894 3150 1993 3189; x_wconf 90' lang='grc' dir='ltr'>σοι</span> 
     </span>
    </p>
   </div>
   <div class='ocr_carea' id='block_1_33' title="bbox 319 3219 1995 3294">
    <p class='ocr_par' dir='ltr' id='par_1_33' title="bbox 319 3219 1995 3294">
     <span class='ocr_line' id='line_1_33' title="bbox 319 3219 1995 3294; baseline -0.007 -7"><span class='ocrx_word' id='word_1_276' title='bbox 319 3219 360 3287; x_wconf 71' lang='grc' dir='ltr'><strong><em>ἢ</em></strong></span> <span class='ocrx_word' id='word_1_277' title='bbox 385 3220 556 3290; x_wconf 81' lang='grc' dir='ltr'>χάρις</span> <span class='ocrx_word' id='word_1_278' title='bbox 570 3240 710 3291; x_wconf 83' lang='grc' dir='ltr'>μου·</span> <span class='ocrx_word' id='word_1_279' title='bbox 734 3225 772 3290; x_wconf 79' lang='grc' dir='ltr'>ἡ</span> <span class='ocrx_word' id='word_1_280' title='bbox 791 3223 898 3292; x_wconf 75' lang='grc' dir='ltr'>γὰρ</span> <span class='ocrx_word' id='word_1_281' title='bbox 924 3223 1175 3294; x_wconf 83' lang='grc' dir='ltr'>δύναμίς</span> <span class='ocrx_word' id='word_1_282' title='bbox 1195 3241 1315 3292; x_wconf 82' lang='grc' dir='ltr'>μου</span> <span class='ocrx_word' id='word_1_283' title='bbox 1338 3223 1409 3276; x_wconf 83' lang='grc' dir='ltr'>ὲν</span> <span class='ocrx_word' id='word_1_284' title='bbox 1430 3223 1712 3289; x_wconf 79' lang='grc' dir='ltr'>ἀσθενείᾳ</span> <span class='ocrx_word' id='word_1_285' title='bbox 1735 3222 1995 3277; x_wconf 78' lang='grc' dir='ltr'>τελειοῦ-</span> 
     </span>
    </p>
   </div>
   <div class='ocr_carea' id='block_1_34' title="bbox 317 3308 1994 3384">
    <p class='ocr_par' dir='ltr' id='par_1_34' title="bbox 317 3308 1994 3384">
     <span class='ocr_line' id='line_1_34' title="bbox 317 3308 1994 3384; baseline 0.001 -24"><span class='ocrx_word' id='word_1_286' title='bbox 317 3324 433 3364; x_wconf 81' lang='grc' dir='ltr'>ται.</span> <span class='ocrx_word' id='word_1_287' title='bbox 469 3308 591 3362; x_wconf 84' lang='grc' dir='ltr'>’Ότι</span> <span class='ocrx_word' id='word_1_288' title='bbox 623 3311 679 3364; x_wconf 86' lang='grc' dir='ltr'>δὲ</span> <span class='ocrx_word' id='word_1_289' title='bbox 705 3311 796 3364; x_wconf 88' lang='lat' dir='ltr'>ml</span> <span class='ocrx_word' id='word_1_290' title='bbox 819 3309 1043 3383; x_wconf 88' lang='grc' dir='ltr'>μείζονα</span> <span class='ocrx_word' id='word_1_291' title='bbox 1074 3311 1173 3382; x_wconf 81' lang='grc' dir='ltr'>τῆς</span> <span class='ocrx_word' id='word_1_292' title='bbox 1199 3310 1546 3384; x_wconf 83' lang='grc' dir='ltr'>ἀνθρωπίνης</span> <span class='ocrx_word' id='word_1_293' title='bbox 1574 3311 1790 3380; x_wconf 85' lang='grc' dir='ltr'>φύσεως</span> <span class='ocrx_word' id='word_1_294' title='bbox 1809 3310 1994 3364; x_wconf 80' lang='grc' dir='ltr'>πολλοὶ</span> 
     </span>
    </p>
   </div>
   <div class='ocr_carea' id='block_1_35' title="bbox 320 3397 1994 3472">
    <p class='ocr_par' dir='ltr' id='par_1_35' title="bbox 320 3397 1994 3472">
     <span class='ocr_line' id='line_1_35' title="bbox 320 3397 1994 3472; baseline 0.002 -22"><span class='ocrx_word' id='word_1_295' title='bbox 320 3397 578 3462; x_wconf 82' lang='grc' dir='ltr'>πολλάκις</span> <span class='ocrx_word' id='word_1_296' title='bbox 608 3399 829 3470; x_wconf 84' lang='grc' dir='ltr'>ἔμελλον</span> <span class='ocrx_word' id='word_1_297' title='bbox 859 3400 1184 3454; x_wconf 84' lang='grc' dir='ltr'>ὑποπτεύειν</span> <span class='ocrx_word' id='word_1_298' title='bbox 1207 3402 1334 3472; x_wconf 75' lang='grc' dir='ltr'>περὶ</span> <span class='ocrx_word' id='word_1_299' title='bbox 1354 3401 1553 3463; x_wconf 87' lang='grc' dir='ltr'>αὐτῶν,</span> <span class='ocrx_word' id='word_1_300' title='bbox 1587 3401 1634 3452; x_wconf 82' lang='grc' dir='ltr'>εί</span> <span class='ocrx_word' id='word_1_301' title='bbox 1659 3400 1731 3472; x_wconf 83' lang='grc' dir='ltr'>μὴ</span> <span class='ocrx_word' id='word_1_302' title='bbox 1757 3401 1994 3454; x_wconf 88' lang='grc' dir='ltr'>τοσαῦτα</span> 
     </span>
    </p>
   </div>
   <div class='ocr_carea' id='block_1_36' title="bbox 320 3483 1990 3559">
    <p class='ocr_par' dir='ltr' id='par_1_36' title="bbox 320 3483 1990 3559">
     <span class='ocr_line' id='line_1_36' title="bbox 320 3483 1990 3559; baseline 0.004 -23"><span class='ocrx_word' id='word_1_303' title='bbox 320 3483 628 3556; x_wconf 87' lang='grc' dir='ltr'>πάσχοντας</span> <span class='ocrx_word' id='word_1_304' title='bbox 650 3488 856 3559; x_wconf 88' lang='grc' dir='ltr'>ἐώρων,</span> <span class='ocrx_word' id='word_1_305' title='bbox 888 3488 1116 3542; x_wconf 82' lang='grc' dir='ltr'>ἄκουσον</span> <span class='ocrx_word' id='word_1_306' title='bbox 1153 3487 1270 3551; x_wconf 89' lang='grc' dir='ltr'>πῶς</span> <span class='ocrx_word' id='word_1_307' title='bbox 1291 3488 1424 3541; x_wconf 91' lang='grc' dir='ltr'>αὐτὸ</span> <span class='ocrx_word' id='word_1_308' title='bbox 1447 3487 1680 3541; x_wconf 85' lang='grc' dir='ltr'>δέδοικεν</span> <span class='ocrx_word' id='word_1_309' title='bbox 1707 3491 1735 3542; x_wconf 89' lang='lat'>6</span> <span class='ocrx_word' id='word_1_310' title='bbox 1763 3489 1990 3554; x_wconf 83' lang='grc' dir='ltr'>Παῦλος.</span> 
     </span>
    </p>
   </div>
   <div class='ocr_carea' id='block_1_37' title="bbox 330 3573 1994 3649">
    <p class='ocr_par' dir='ltr' id='par_1_37' title="bbox 330 3573 1994 3649">
     <span class='ocr_line' id='line_1_37' title="bbox 330 3573 1994 3649; baseline 0.005 -24"><span class='ocrx_word' id='word_1_311' title='bbox 330 3573 468 3627; x_wconf 80' lang='grc' dir='ltr'>Ἐὰν</span> <span class='ocrx_word' id='word_1_312' title='bbox 484 3575 592 3644; x_wconf 80' lang='grc' dir='ltr'>γὰρ</span> <span class='ocrx_word' id='word_1_313' title='bbox 608 3577 702 3628; x_wconf 85' lang='grc' dir='ltr'>καί</span> <span class='ocrx_word' id='word_1_314' title='bbox 720 3577 979 3645; x_wconf 75' lang='grc' dir='ltr'>θελήσω,</span> <span class='ocrx_word' id='word_1_315' title='bbox 1007 3579 1158 3648; x_wconf 75' lang='grc' dir='ltr'>φησὶ,</span> <span class='ocrx_word' id='word_1_316' title='bbox 1184 3577 1630 3648; x_wconf 80' lang='grc' dir='ltr'>καυχήσασθαι,</span> <span class='ocrx_word' id='word_1_317' title='bbox 1655 3581 1764 3632; x_wconf 84' lang='grc' dir='ltr'>οὐκ</span> <span class='ocrx_word' id='word_1_318' title='bbox 1781 3579 1994 3649; x_wconf 72' lang='grc' dir='ltr'>ἔσομαι</span> 
     </span>
    </p>
   </div>
   <div class='ocr_carea' id='block_1_38' title="bbox 318 3659 1992 3737">
    <p class='ocr_par' dir='ltr' id='par_1_38' title="bbox 318 3659 1992 3737">
     <span class='ocr_line' id='line_1_38' title="bbox 318 3659 1992 3737; baseline 0.005 -23"><span class='ocrx_word' id='word_1_319' title='bbox 318 3659 540 3730; x_wconf 58' lang='grc' dir='ltr'>ἄφρων·</span> <span class='ocrx_word' id='word_1_320' title='bbox 575 3663 845 3732; x_wconf 66' lang='grc' dir='ltr'>φείδομαι</span> <span class='ocrx_word' id='word_1_321' title='bbox 873 3664 958 3728; x_wconf 85' lang='grc' dir='ltr'>δὲ,</span> <span class='ocrx_word' id='word_1_322' title='bbox 980 3665 1066 3734; x_wconf 82' lang='grc' dir='ltr'>μή</span> <span class='ocrx_word' id='word_1_323' title='bbox 1085 3683 1174 3732; x_wconf 88' lang='grc' dir='ltr'>τις</span> <span class='ocrx_word' id='word_1_324' title='bbox 1201 3669 1288 3732; x_wconf 88' lang='grc' dir='ltr'>είς</span> <span class='ocrx_word' id='word_1_325' title='bbox 1303 3665 1409 3735; x_wconf 84' lang='grc' dir='ltr'>ἐμὲ</span> <span class='ocrx_word' id='word_1_326' title='bbox 1440 3667 1758 3736; x_wconf 74' lang='grc' dir='ltr'>λογίσηται</span> <span class='ocrx_word' id='word_1_327' title='bbox 1781 3667 1933 3737; x_wconf 78' lang='grc' dir='ltr'>ὑπὲρ</span> <span class='ocrx_word' id='word_1_328' title='bbox 1960 3668 1992 3722; x_wconf 87' lang='grc' dir='ltr'>ὃ</span> 
     </span>
    </p>
   </div>
   <div class='ocr_carea' id='block_1_39' title="bbox 314 3746 1989 3824">
    <p class='ocr_par' dir='ltr' id='par_1_39' title="bbox 314 3746 1989 3824">
     <span class='ocr_line' id='line_1_39' title="bbox 314 3746 1989 3824; baseline 0.005 -24"><span class='ocrx_word' id='word_1_329' title='bbox 314 3746 534 3812; x_wconf 70' lang='grc' dir='ltr'>βλέπει</span> <span class='ocrx_word' id='word_1_330' title='bbox 564 3766 660 3818; x_wconf 82' lang='grc' dir='ltr'>με,</span> <span class='ocrx_word' id='word_1_331' title='bbox 702 3751 740 3818; x_wconf 86' lang='grc' dir='ltr'><strong><em>ἣ</em></strong></span> <span class='ocrx_word' id='word_1_332' title='bbox 773 3751 976 3805; x_wconf 77' lang='grc' dir='ltr'>ἀκούει</span> <span class='ocrx_word' id='word_1_333' title='bbox 1018 3769 1072 3804; x_wconf 83' lang='grc' dir='ltr'>τι</span> <span class='ocrx_word' id='word_1_334' title='bbox 1103 3753 1172 3816; x_wconf 80' lang='grc' dir='ltr'>ἐξ</span> <span class='ocrx_word' id='word_1_335' title='bbox 1195 3751 1364 3821; x_wconf 82' lang='grc' dir='ltr'>ἐμοῦ.</span> <span class='ocrx_word' id='word_1_336' title='bbox 1402 3752 1464 3804; x_wconf 88' lang='grc' dir='ltr'>Τί</span> <span class='ocrx_word' id='word_1_337' title='bbox 1493 3753 1548 3806; x_wconf 87' lang='grc' dir='ltr'>δέ</span> <span class='ocrx_word' id='word_1_338' title='bbox 1578 3756 1725 3807; x_wconf 89' lang='grc' dir='ltr'>ἐστιν</span> <span class='ocrx_word' id='word_1_339' title='bbox 1753 3754 1780 3807; x_wconf 88' lang='grc' dir='ltr'><strong>ὂ</strong></span> <span class='ocrx_word' id='word_1_340' title='bbox 1808 3755 1989 3824; x_wconf 75' lang='grc' dir='ltr'>λέγεις</span> 
     </span>
    </p>
   </div>
   <div class='ocr_carea' id='block_1_40' title="bbox 333 3835 1991 3912">
    <p class='ocr_par' dir='ltr' id='par_1_40' title="bbox 333 3835 1991 3912">
     <span class='ocr_line' id='line_1_40' title="bbox 333 3835 1991 3912; baseline 0.006 -24"><span class='ocrx_word' id='word_1_341' title='bbox 333 3835 660 3907; x_wconf 86' lang='grc' dir='ltr'>Ἦδυνάμην,</span> <span class='ocrx_word' id='word_1_342' title='bbox 710 3839 862 3909; x_wconf 72' lang='grc' dir='ltr'>φησὶ,</span> <span class='ocrx_word' id='word_1_343' title='bbox 905 3838 1083 3910; x_wconf 83' lang='grc' dir='ltr'>πολλῷ</span> <span class='ocrx_word' id='word_1_344' title='bbox 1109 3841 1331 3906; x_wconf 82' lang='grc' dir='ltr'>μείζονα</span> <span class='ocrx_word' id='word_1_345' title='bbox 1367 3840 1622 3912; x_wconf 88' lang='grc' dir='ltr'>θαύματα</span> <span class='ocrx_word' id='word_1_346' title='bbox 1654 3845 1845 3905; x_wconf 76' lang='grc' dir='ltr'>εἰπεῖν,</span> <span class='ocrx_word' id='word_1_347' title='bbox 1878 3845 1991 3898; x_wconf 88' lang='grc' dir='ltr'>ἀλλ’</span> 
     </span>
    </p>
   </div>
   <div class='ocr_carea' id='block_1_41' title="bbox 317 3921 1994 4002">
    <p class='ocr_par' dir='ltr' id='par_1_41' title="bbox 317 3921 1994 4002">
     <span class='ocr_line' id='line_1_41' title="bbox 317 3921 1994 4002; baseline 0.007 -28"><span class='ocrx_word' id='word_1_348' title='bbox 317 3923 380 3975; x_wconf 75' lang='grc' dir='ltr'>οὐ</span> <span class='ocrx_word' id='word_1_349' title='bbox 403 3921 683 3995; x_wconf 83' lang='grc' dir='ltr'>βούλομαι,</span> <span class='ocrx_word' id='word_1_350' title='bbox 708 3927 916 3997; x_wconf 80' lang='grc' dir='ltr'>μήποτε</span> <span class='ocrx_word' id='word_1_351' title='bbox 941 3926 986 3998; x_wconf 70' lang='grc' dir='ltr'><strong>[Ι</strong></span> <span class='ocrx_word' id='word_1_352' title='bbox 1007 3927 1056 4000; x_wconf 85' lang='grc' dir='ltr'>Ι]</span> <span class='ocrx_word' id='word_1_353' title='bbox 1075 3927 1134 3981; x_wconf 86' lang='grc' dir='ltr'>τὸ</span> <span class='ocrx_word' id='word_1_354' title='bbox 1153 3927 1379 3999; x_wconf 89' lang='grc' dir='ltr'>μέγεθος</span> <span class='ocrx_word' id='word_1_355' title='bbox 1394 3929 1502 3983; x_wconf 91' lang='grc' dir='ltr'>τῶν</span> <span class='ocrx_word' id='word_1_356' title='bbox 1520 3931 1760 4002; x_wconf 91' lang='grc' dir='ltr'>σημείων</span> <span class='ocrx_word' id='word_1_357' title='bbox 1773 3931 1994 4002; x_wconf 88' lang='grc' dir='ltr'>μείζονα</span> 
     </span>
    </p>
   </div>
   <div class='ocr_carea' id='block_1_42' title="bbox 320 4010 1994 4091">
    <p class='ocr_par' dir='ltr' id='par_1_42' title="bbox 320 4010 1994 4091">
     <span class='ocr_line' id='line_1_42' title="bbox 320 4010 1994 4091; baseline 0.008 -30"><span class='ocrx_word' id='word_1_358' title='bbox 320 4011 451 4082; x_wconf 76' lang='grc' dir='ltr'>περὶ</span> <span class='ocrx_word' id='word_1_359' title='bbox 467 4010 598 4082; x_wconf 88' lang='grc' dir='ltr'>ἐμοῦ</span> <span class='ocrx_word' id='word_1_360' title='bbox 617 4014 728 4076; x_wconf 90' lang='grc' dir='ltr'>τοῖς</span> <span class='ocrx_word' id='word_1_361' title='bbox 747 4013 1053 4084; x_wconf 87' lang='grc' dir='ltr'>ἀνθρώποις</span> <span class='ocrx_word' id='word_1_362' title='bbox 1080 4017 1334 4072; x_wconf 83' lang='grc' dir='ltr'>ὑπόνοιαν</span> <span class='ocrx_word' id='word_1_363' title='bbox 1349 4020 1698 4091; x_wconf 81' lang='grc' dir='ltr'>παραστήσῃ.</span> <span class='ocrx_word' id='word_1_364' title='bbox 1722 4021 1819 4074; x_wconf 84' lang='grc' dir='ltr'>Διά</span> <span class='ocrx_word' id='word_1_365' title='bbox 1837 4021 1994 4075; x_wconf 89' lang='grc' dir='ltr'>τοῦτο</span> 
     </span>
    </p>
   </div>
   <div class='ocr_carea' id='block_1_43' title="bbox 320 4098 1994 4178">
    <p class='ocr_par' dir='ltr' id='par_1_43' title="bbox 320 4098 1994 4178">
     <span class='ocr_line' id='line_1_43' title="bbox 320 4098 1994 4178; baseline 0.008 -29"><span class='ocrx_word' id='word_1_366' title='bbox 320 4098 413 4150; x_wconf 87' lang='lat' dir='ltr'>ml</span> <span class='ocrx_word' id='word_1_367' title='bbox 444 4099 494 4151; x_wconf 88' lang='grc' dir='ltr'>οἱ</span> <span class='ocrx_word' id='word_1_368' title='bbox 525 4099 652 4170; x_wconf 78' lang='grc' dir='ltr'>περὶ</span> <span class='ocrx_word' id='word_1_369' title='bbox 679 4100 771 4154; x_wconf 88' lang='grc' dir='ltr'>τὸν</span> <span class='ocrx_word' id='word_1_370' title='bbox 796 4103 1021 4172; x_wconf 87' lang='grc' dir='ltr'>Πέτρον,</span> <span class='ocrx_word' id='word_1_371' title='bbox 1062 4104 1250 4176; x_wconf 87' lang='grc' dir='ltr'>ἐπειδὴ</span> <span class='ocrx_word' id='word_1_372' title='bbox 1277 4105 1368 4158; x_wconf 89' lang='grc' dir='ltr'>τὸν</span> <span class='ocrx_word' id='word_1_373' title='bbox 1391 4105 1561 4176; x_wconf 86' lang='grc' dir='ltr'>χωλὸν</span> <span class='ocrx_word' id='word_1_374' title='bbox 1588 4105 1869 4178; x_wconf 75' lang='grc' dir='ltr'>ὤρθωσαν,</span> <span class='ocrx_word' id='word_1_375' title='bbox 1899 4110 1994 4163; x_wconf 77' lang='grc' dir='ltr'>καὶ</span> 
     </span>
    </p>
   </div>
   <div class='ocr_carea' id='block_1_44' title="bbox 318 4183 1992 4264">
    <p class='ocr_par' dir='ltr' id='par_1_44' title="bbox 318 4183 1992 4264">
     <span class='ocr_line' id='line_1_44' title="bbox 318 4183 1992 4264; baseline 0.008 -26"><span class='ocrx_word' id='word_1_376' title='bbox 318 4186 520 4252; x_wconf 89' lang='grc' dir='ltr'>πάντες</span> <span class='ocrx_word' id='word_1_377' title='bbox 542 4183 683 4258; x_wconf 78' lang='grc' dir='ltr'>ἦσαν</span> <span class='ocrx_word' id='word_1_378' title='bbox 711 4192 997 4260; x_wconf 85' lang='grc' dir='ltr'>κεχηνότες</span> <span class='ocrx_word' id='word_1_379' title='bbox 1020 4193 1156 4264; x_wconf 91' lang='grc' dir='ltr'>πρὸς</span> <span class='ocrx_word' id='word_1_380' title='bbox 1177 4194 1393 4258; x_wconf 80' lang='grc' dir='ltr'>αὐτοὺς,</span> <span class='ocrx_word' id='word_1_381' title='bbox 1420 4194 1871 4259; x_wconf 84' lang='grc' dir='ltr'>καταστέλλοντες</span> <span class='ocrx_word' id='word_1_382' title='bbox 1891 4197 1992 4250; x_wconf 87' lang='grc' dir='ltr'>αὑ-</span> 
     </span>
    </p>
   </div>
   <div class='ocr_carea' id='block_1_45' title="bbox 317 4275 1993 4352">
    <p class='ocr_par' dir='ltr' id='par_1_45' title="bbox 317 4275 1993 4352">
     <span class='ocr_line' id='line_1_45' title="bbox 317 4275 1993 4352; baseline 0.007 -26"><span class='ocrx_word' id='word_1_383' title='bbox 317 4275 465 4338; x_wconf 83' lang='grc' dir='ltr'>τοὺς,</span> <span class='ocrx_word' id='word_1_384' title='bbox 496 4276 590 4329; x_wconf 80' lang='grc' dir='ltr'>καὶ</span> <span class='ocrx_word' id='word_1_385' title='bbox 619 4277 895 4342; x_wconf 87' lang='grc' dir='ltr'>πείθοντες</span> <span class='ocrx_word' id='word_1_386' title='bbox 923 4277 998 4342; x_wconf 90' lang='grc' dir='ltr'>ώς</span> <span class='ocrx_word' id='word_1_387' title='bbox 1026 4279 1178 4333; x_wconf 83' lang='grc' dir='ltr'>οὐδὲν</span> <span class='ocrx_word' id='word_1_388' title='bbox 1210 4280 1340 4352; x_wconf 77' lang='grc' dir='ltr'>παρ’</span> <span class='ocrx_word' id='word_1_389' title='bbox 1370 4279 1597 4346; x_wconf 81' lang='grc' dir='ltr'>ἑαυτῶν,</span> <span class='ocrx_word' id='word_1_390' title='bbox 1641 4282 1762 4335; x_wconf 80' lang='grc' dir='ltr'>οὐδὲ</span> <span class='ocrx_word' id='word_1_391' title='bbox 1785 4282 1993 4342; x_wconf 77' lang='grc' dir='ltr'>οἴκοθεν</span> 
     </span>
    </p>
   </div>
   <div class='ocr_carea' id='block_1_46' title="bbox 319 4363 1994 4438">
    <p class='ocr_par' dir='ltr' id='par_1_46' title="bbox 319 4363 1994 4438">
     <span class='ocr_line' id='line_1_46' title="bbox 319 4363 1994 4438; baseline 0.007 -24"><span class='ocrx_word' id='word_1_392' title='bbox 319 4363 680 4430; x_wconf 83' lang='grc' dir='ltr'>ἐπεδείξαντο,</span> <span class='ocrx_word' id='word_1_393' title='bbox 708 4365 946 4436; x_wconf 82' lang='grc' dir='ltr'>λέγουσι’</span> <span class='ocrx_word' id='word_1_394' title='bbox 986 4368 1046 4423; x_wconf 88' lang='grc' dir='ltr'>Τί</span> <span class='ocrx_word' id='word_1_395' title='bbox 1073 4367 1217 4438; x_wconf 75' lang='grc' dir='ltr'>ἡμῖν</span> <span class='ocrx_word' id='word_1_396' title='bbox 1241 4367 1547 4429; x_wconf 75' lang='grc' dir='ltr'>ἀτενίζετε,</span> <span class='ocrx_word' id='word_1_397' title='bbox 1573 4369 1652 4435; x_wconf 90' lang='grc' dir='ltr'>ὡς</span> <span class='ocrx_word' id='word_1_398' title='bbox 1682 4369 1799 4438; x_wconf 82' lang='grc' dir='ltr'>ίδίᾳ</span> <span class='ocrx_word' id='word_1_399' title='bbox 1822 4370 1994 4426; x_wconf 78' lang='grc' dir='ltr'>δυνά-</span> 
     </span>
    </p>
   </div>
   <div class='ocr_carea' id='block_1_47' title="bbox 319 4449 1992 4526">
    <p class='ocr_par' dir='ltr' id='par_1_47' title="bbox 319 4449 1992 4526">
     <span class='ocr_line' id='line_1_47' title="bbox 319 4449 1992 4526; baseline 0.007 -24"><span class='ocrx_word' id='word_1_400' title='bbox 319 4465 412 4517; x_wconf 78' lang='grc' dir='ltr'>μει</span> <span class='ocrx_word' id='word_1_401' title='bbox 447 4449 485 4519; x_wconf 84' lang='grc' dir='ltr'>ἢ</span> <span class='ocrx_word' id='word_1_402' title='bbox 520 4453 794 4521; x_wconf 80' lang='grc' dir='ltr'>εὐσεϐείᾳ</span> <span class='ocrx_word' id='word_1_403' title='bbox 837 4456 1197 4524; x_wconf 80' lang='grc' dir='ltr'>πεποιηκόσι</span> <span class='ocrx_word' id='word_1_404' title='bbox 1243 4456 1348 4510; x_wconf 81' lang='grc' dir='ltr'>τοῦ</span> <span class='ocrx_word' id='word_1_405' title='bbox 1388 4455 1735 4526; x_wconf 77' lang='grc' dir='ltr'>περιπατεῖν</span> <span class='ocrx_word' id='word_1_406' title='bbox 1772 4460 1992 4524; x_wconf 82' lang='grc' dir='ltr'>αὑτόν;</span> 
     </span>
    </p>
   </div>
   <div class='ocr_carea' id='block_1_48' title="bbox 321 4533 1989 4616">
    <p class='ocr_par' dir='ltr' id='par_1_48' title="bbox 321 4533 1989 4616">
     <span class='ocr_line' id='line_1_48' title="bbox 321 4533 1989 4616; baseline 0.008 -29"><span class='ocrx_word' id='word_1_407' title='bbox 321 4533 425 4588; x_wconf 77' lang='grc' dir='ltr'>Καὶ</span> <span class='ocrx_word' id='word_1_408' title='bbox 464 4537 622 4592; x_wconf 88' lang='grc' dir='ltr'>πάλιν</span> <span class='ocrx_word' id='word_1_409' title='bbox 657 4541 714 4592; x_wconf 85' lang='grc' dir='ltr'>ἐν</span> <span class='ocrx_word' id='word_1_410' title='bbox 754 4541 1018 4614; x_wconf 89' lang='grc' dir='ltr'>Λύστροις</span> <span class='ocrx_word' id='word_1_411' title='bbox 1061 4545 1122 4596; x_wconf 88' lang='grc' dir='ltr'>οὐ</span> <span class='ocrx_word' id='word_1_412' title='bbox 1170 4542 1329 4614; x_wconf 86' lang='grc' dir='ltr'>μόνον</span> <span class='ocrx_word' id='word_1_413' title='bbox 1364 4538 1505 4614; x_wconf 74' lang='grc' dir='ltr'>ἦσαν</span> <span class='ocrx_word' id='word_1_414' title='bbox 1529 4543 1989 4616; x_wconf 82' lang='grc' dir='ltr'>ἐκπεπληγμένοι,</span> 
     </span>
    </p>
   </div>
   <div class='ocr_carea' id='block_1_49' title="bbox 319 4626 1991 4701">
    <p class='ocr_par' dir='ltr' id='par_1_49' title="bbox 319 4626 1991 4701">
     <span class='ocr_line' id='line_1_49' title="bbox 319 4626 1991 4701; baseline 0.007 -21"><span class='ocrx_word' id='word_1_415' title='bbox 319 4626 456 4682; x_wconf 84' lang='grc' dir='ltr'>ἀλλὰ</span> <span class='ocrx_word' id='word_1_416' title='bbox 499 4629 592 4681; x_wconf 78' lang='grc' dir='ltr'>καὶ</span> <span class='ocrx_word' id='word_1_417' title='bbox 637 4629 872 4699; x_wconf 87' lang='grc' dir='ltr'>ταύρους</span> <span class='ocrx_word' id='word_1_418' title='bbox 909 4630 1352 4699; x_wconf 80' lang='grc' dir='ltr'>στεφανώσαντες</span> <span class='ocrx_word' id='word_1_419' title='bbox 1393 4631 1651 4701; x_wconf 75' lang='grc' dir='ltr'>ἤνεγκαν,</span> <span class='ocrx_word' id='word_1_420' title='bbox 1691 4635 1785 4687; x_wconf 78' lang='grc' dir='ltr'>καὶ</span> <span class='ocrx_word' id='word_1_421' title='bbox 1832 4635 1991 4690; x_wconf 88' lang='grc' dir='ltr'>θῦσαι</span> 
     </span>
    </p>
   </div>
   <div class='ocr_carea' id='block_1_50' title="bbox 319 4716 1990 4793">
    <p class='ocr_par' dir='ltr' id='par_1_50' title="bbox 319 4716 1990 4793">
     <span class='ocr_line' id='line_1_50' title="bbox 319 4716 1990 4793; baseline 0.006 -25"><span class='ocrx_word' id='word_1_422' title='bbox 319 4716 638 4788; x_wconf 85' lang='grc' dir='ltr'>ἐπεχείρουν</span> <span class='ocrx_word' id='word_1_423' title='bbox 681 4717 758 4788; x_wconf 82' lang='grc' dir='ltr'>τῷ</span> <span class='ocrx_word' id='word_1_424' title='bbox 795 4717 992 4790; x_wconf 84' lang='grc' dir='ltr'>Παύλῳ</span> <span class='ocrx_word' id='word_1_425' title='bbox 1025 4719 1120 4773; x_wconf 89' lang='lat' dir='ltr'>ml</span> <span class='ocrx_word' id='word_1_426' title='bbox 1149 4719 1226 4789; x_wconf 81' lang='grc' dir='ltr'>τῷ</span> <span class='ocrx_word' id='word_1_427' title='bbox 1259 4721 1534 4793; x_wconf 80' lang='grc' dir='ltr'>Βαρνάϐᾳ.</span> <span class='ocrx_word' id='word_1_428' title='bbox 1573 4721 1716 4790; x_wconf 84' lang='grc' dir='ltr'>Ὅρα</span> <span class='ocrx_word' id='word_1_429' title='bbox 1747 4722 1990 4778; x_wconf 84' lang='grc' dir='ltr'>διαϐόλου</span> 
     </span>
    </p>
   </div>
   <div class='ocr_carea' id='block_1_51' title="bbox 319 4801 1992 4881">
    <p class='ocr_par' dir='ltr' id='par_1_51' title="bbox 319 4801 1992 4881">
     <span class='ocr_line' id='line_1_51' title="bbox 319 4801 1992 4881; baseline 0.004 -23"><span class='ocrx_word' id='word_1_430' title='bbox 319 4805 684 4877; x_wconf 88' lang='grc' dir='ltr'>κακουργίαν·</span> <span class='ocrx_word' id='word_1_431' title='bbox 724 4807 790 4859; x_wconf 85' lang='grc' dir='ltr'>δι’</span> <span class='ocrx_word' id='word_1_432' title='bbox 835 4801 911 4860; x_wconf 80' lang='grc' dir='ltr'>ὧν</span> <span class='ocrx_word' id='word_1_433' title='bbox 957 4810 985 4861; x_wconf 95' lang='lat'>6</span> <span class='ocrx_word' id='word_1_434' title='bbox 1027 4808 1229 4880; x_wconf 83' lang='grc' dir='ltr'>Κύριος</span> <span class='ocrx_word' id='word_1_435' title='bbox 1265 4808 1563 4874; x_wconf 78' lang='grc' dir='ltr'>ἐσπούδαζε</span> <span class='ocrx_word' id='word_1_436' title='bbox 1599 4809 1699 4881; x_wconf 87' lang='grc' dir='ltr'>τὴν</span> <span class='ocrx_word' id='word_1_437' title='bbox 1737 4811 1992 4867; x_wconf 87' lang='grc' dir='ltr'>ἀσέϐειαν</span> 
     </span>
    </p>
   </div>
   <div class='ocr_carea' id='block_1_52' title="bbox 317 4894 1991 4970">
    <p class='ocr_par' dir='ltr' id='par_1_52' title="bbox 317 4894 1991 4970">
     <span class='ocr_line' id='line_1_52' title="bbox 317 4894 1991 4970; baseline 0.003 -22"><span class='ocrx_word' id='word_1_438' title='bbox 317 4894 621 4966; x_wconf 76' lang='grc' dir='ltr'>ἐκκαθᾶραι</span> <span class='ocrx_word' id='word_1_439' title='bbox 663 4898 762 4968; x_wconf 76' lang='grc' dir='ltr'>τῆς</span> <span class='ocrx_word' id='word_1_440' title='bbox 799 4897 1156 4968; x_wconf 85' lang='grc' dir='ltr'>οἰκουμένης,</span> <span class='ocrx_word' id='word_1_441' title='bbox 1199 4897 1288 4951; x_wconf 85' lang='grc' dir='ltr'>διὰ</span> <span class='ocrx_word' id='word_1_442' title='bbox 1326 4898 1528 4952; x_wconf 89' lang='grc' dir='ltr'>τούτων</span> <span class='ocrx_word' id='word_1_443' title='bbox 1565 4899 1734 4970; x_wconf 84' lang='grc' dir='ltr'>αὐτὴν</span> <span class='ocrx_word' id='word_1_444' title='bbox 1787 4900 1991 4963; x_wconf 80' lang='grc' dir='ltr'>ἐκεῖνος</span> 
     </span>
    </p>
   </div>
   <div class='ocr_carea' id='block_1_53' title="bbox 316 4986 1990 5062">
    <p class='ocr_par' dir='ltr' id='par_1_53' title="bbox 316 4986 1990 5062">
     <span class='ocr_line' id='line_1_53' title="bbox 316 4986 1990 5062; baseline 0.007 -24"><span class='ocrx_word' id='word_1_445' title='bbox 316 4988 630 5055; x_wconf 84' lang='grc' dir='ltr'>εἰσαγαγεῖν</span> <span class='ocrx_word' id='word_1_446' title='bbox 665 4986 984 5053; x_wconf 74' lang='grc' dir='ltr'>ἐσπούδαζε,</span> <span class='ocrx_word' id='word_1_447' title='bbox 1031 4989 1194 5043; x_wconf 83' lang='grc' dir='ltr'>πάλιν</span> <span class='ocrx_word' id='word_1_448' title='bbox 1231 4988 1431 5044; x_wconf 90' lang='grc' dir='ltr'>πείθων</span> <span class='ocrx_word' id='word_1_449' title='bbox 1473 4989 1794 5062; x_wconf 76' lang='grc' dir='ltr'>ἀνθρώπους</span> <span class='ocrx_word' id='word_1_450' title='bbox 1835 4995 1990 5059; x_wconf 78' lang='grc' dir='ltr'>θεοὺς</span> 
     </span>
    </p>
   </div>
   <div class='ocr_carea' id='block_1_54' title="bbox 315 5072 1989 5152">
    <p class='ocr_par' dir='ltr' id='par_1_54' title="bbox 315 5072 1989 5152">
     <span class='ocr_line' id='line_1_54' title="bbox 315 5072 1989 5152; baseline 0.007 -26"><span class='ocrx_word' id='word_1_451' title='bbox 315 5072 572 5144; x_wconf 85' lang='grc' dir='ltr'>νομίζειν,</span> <span class='ocrx_word' id='word_1_452' title='bbox 601 5073 629 5126; x_wconf 86' lang='grc' dir='ltr'><strong>ὃ</strong></span> <span class='ocrx_word' id='word_1_453' title='bbox 669 5075 762 5127; x_wconf 72' lang='grc' dir='ltr'>καὶ</span> <span class='ocrx_word' id='word_1_454' title='bbox 795 5077 852 5129; x_wconf 87' lang='grc' dir='ltr'>ἐν</span> <span class='ocrx_word' id='word_1_455' title='bbox 885 5079 998 5140; x_wconf 87' lang='grc' dir='ltr'>τοῖς</span> <span class='ocrx_word' id='word_1_456' title='bbox 1027 5076 1333 5147; x_wconf 76' lang='grc' dir='ltr'>ἔμπροσθεν</span> <span class='ocrx_word' id='word_1_457' title='bbox 1373 5076 1584 5148; x_wconf 85' lang='grc' dir='ltr'>χρόνοις</span> <span class='ocrx_word' id='word_1_458' title='bbox 1608 5080 1848 5152; x_wconf 87' lang='grc' dir='ltr'>ἐποίησε.</span> <span class='ocrx_word' id='word_1_459' title='bbox 1881 5083 1989 5136; x_wconf 74' lang='grc' dir='ltr'>Καὶ</span> 
     </span>
    </p>
   </div>
   <div class='ocr_carea' id='block_1_55' title="bbox 314 5159 1988 5242">
    <p class='ocr_par' dir='ltr' id='par_1_55' title="bbox 314 5159 1988 5242">
     <span class='ocr_line' id='line_1_55' title="bbox 314 5159 1988 5242; baseline 0.006 -30"><span class='ocrx_word' id='word_1_460' title='bbox 314 5159 474 5214; x_wconf 88' lang='grc' dir='ltr'>τοῦτο</span> <span class='ocrx_word' id='word_1_461' title='bbox 511 5162 747 5233; x_wconf 88' lang='grc' dir='ltr'>μάλιστά</span> <span class='ocrx_word' id='word_1_462' title='bbox 789 5163 956 5229; x_wconf 84' lang='grc' dir='ltr'>ἐστιν,</span> <span class='ocrx_word' id='word_1_463' title='bbox 992 5164 1020 5217; x_wconf 87' lang='lat'>6</span> <span class='ocrx_word' id='word_1_464' title='bbox 1061 5165 1159 5236; x_wconf 85' lang='grc' dir='ltr'>τῆς</span> <span class='ocrx_word' id='word_1_465' title='bbox 1195 5165 1636 5240; x_wconf 79' lang='grc' dir='ltr'>εἰδωλολατρείας</span> <span class='ocrx_word' id='word_1_466' title='bbox 1674 5169 1770 5242; x_wconf 83' lang='grc' dir='ltr'>τὴν</span> <span class='ocrx_word' id='word_1_467' title='bbox 1816 5169 1988 5242; x_wconf 84' lang='grc' dir='ltr'>ἀρχὴν</span> 
     </span>
    </p>
   </div>
   <div class='ocr_carea' id='block_1_56' title="bbox 316 5248 1992 5328">
    <p class='ocr_par' dir='ltr' id='par_1_56' title="bbox 316 5248 1992 5328">
     <span class='ocr_line' id='line_1_56' title="bbox 316 5248 1992 5328; baseline 0.006 -27"><span class='ocrx_word' id='word_1_468' title='bbox 316 5249 411 5301; x_wconf 87' lang='lat' dir='ltr'>ml</span> <span class='ocrx_word' id='word_1_469' title='bbox 438 5248 538 5320; x_wconf 85' lang='grc' dir='ltr'>τὴν</span> <span class='ocrx_word' id='word_1_470' title='bbox 561 5250 715 5322; x_wconf 77' lang='grc' dir='ltr'>ῥίζαν</span> <span class='ocrx_word' id='word_1_471' title='bbox 743 5252 1027 5322; x_wconf 84' lang='grc' dir='ltr'>εἰσήγαγε.</span> <span class='ocrx_word' id='word_1_472' title='bbox 1045 5251 1238 5305; x_wconf 80' lang='grc' dir='ltr'>Πολλοὶ</span> <span class='ocrx_word' id='word_1_473' title='bbox 1260 5254 1368 5327; x_wconf 85' lang='grc' dir='ltr'>γὰρ</span> <span class='ocrx_word' id='word_1_474' title='bbox 1393 5257 1488 5310; x_wconf 72' lang='grc' dir='ltr'>καὶ</span> <span class='ocrx_word' id='word_1_475' title='bbox 1509 5257 1776 5328; x_wconf 86' lang='grc' dir='ltr'>πολέμους</span> <span class='ocrx_word' id='word_1_476' title='bbox 1799 5275 1992 5328; x_wconf 85' lang='grc' dir='ltr'>κατορ-</span> 
     </span>
    </p>
   </div>
   <div class='ocr_carea' id='block_1_57' title="bbox 316 5335 1988 5418">
    <p class='ocr_par' dir='ltr' id='par_1_57' title="bbox 316 5335 1988 5418">
     <span class='ocr_line' id='line_1_57' title="bbox 316 5335 1988 5418; baseline 0.007 -30"><span class='ocrx_word' id='word_1_477' title='bbox 316 5335 610 5402; x_wconf 89' lang='grc' dir='ltr'>θώσαντες,</span> <span class='ocrx_word' id='word_1_478' title='bbox 639 5339 734 5393; x_wconf 78' lang='grc' dir='ltr'>καὶ</span> <span class='ocrx_word' id='word_1_479' title='bbox 765 5339 998 5410; x_wconf 84' lang='grc' dir='ltr'>τρόπαια</span> <span class='ocrx_word' id='word_1_480' title='bbox 1031 5340 1346 5412; x_wconf 86' lang='grc' dir='ltr'>στήσαντες,</span> <span class='ocrx_word' id='word_1_481' title='bbox 1373 5344 1468 5397; x_wconf 75' lang='grc' dir='ltr'>καὶ</span> <span class='ocrx_word' id='word_1_482' title='bbox 1495 5344 1680 5408; x_wconf 90' lang='grc' dir='ltr'>πόλεις</span> <span class='ocrx_word' id='word_1_483' title='bbox 1702 5345 1988 5418; x_wconf 83' lang='grc' dir='ltr'>οἰκοδομή-</span> 
     </span>
    </p>
   </div>
   <div class='ocr_carea' id='block_1_58' title="bbox 317 5427 1991 5506">
    <p class='ocr_par' dir='ltr' id='par_1_58' title="bbox 317 5427 1991 5506">
     <span class='ocr_line' id='line_1_58' title="bbox 317 5427 1991 5506; baseline 0.008 -29"><span class='ocrx_word' id='word_1_484' title='bbox 317 5441 528 5494; x_wconf 85' lang='grc' dir='ltr'>σαντες,</span> <span class='ocrx_word' id='word_1_485' title='bbox 559 5427 653 5481; x_wconf 86' lang='lat' dir='ltr'>ml</span> <span class='ocrx_word' id='word_1_486' title='bbox 684 5427 846 5499; x_wconf 84' lang='grc' dir='ltr'>’ἐτερά</span> <span class='ocrx_word' id='word_1_487' title='bbox 873 5445 993 5483; x_wconf 87' lang='grc' dir='ltr'>τινα</span> <span class='ocrx_word' id='word_1_488' title='bbox 1008 5428 1230 5485; x_wconf 84' lang='grc' dir='ltr'>τοιαῦτα</span> <span class='ocrx_word' id='word_1_489' title='bbox 1251 5431 1362 5495; x_wconf 85' lang='grc' dir='ltr'>τοῖς</span> <span class='ocrx_word' id='word_1_490' title='bbox 1397 5432 1518 5486; x_wconf 84' lang='grc' dir='ltr'>τότε</span> <span class='ocrx_word' id='word_1_491' title='bbox 1544 5432 1572 5472; x_wconf 71' lang='grc' dir='ltr'>ι)</span> <span class='ocrx_word' id='word_1_492' title='bbox 1604 5433 1991 5506; x_wconf 86' lang='grc' dir='ltr'>εὐεργετήσαν-</span> 
     </span>
    </p>
   </div>
   <div class='ocr_carea' id='block_1_59' title="bbox 312 5513 1988 5590">
    <p class='ocr_par' dir='ltr' id='par_1_59' title="bbox 312 5513 1988 5590">
     <span class='ocr_line' id='line_1_59' title="bbox 312 5513 1988 5590; baseline 0.007 -24"><span class='ocrx_word' id='word_1_493' title='bbox 312 5527 425 5575; x_wconf 84' lang='grc' dir='ltr'>τες.</span> <span class='ocrx_word' id='word_1_494' title='bbox 457 5513 568 5568; x_wconf 76' lang='grc' dir='ltr'>θεοὶ</span> <span class='ocrx_word' id='word_1_495' title='bbox 599 5515 750 5587; x_wconf 89' lang='grc' dir='ltr'>παρά</span> <span class='ocrx_word' id='word_1_496' title='bbox 771 5518 884 5580; x_wconf 89' lang='grc' dir='ltr'>τοῖς</span> <span class='ocrx_word' id='word_1_497' title='bbox 915 5515 1129 5581; x_wconf 81' lang='grc' dir='ltr'>πολλοῖς</span> <span class='ocrx_word' id='word_1_498' title='bbox 1156 5517 1536 5590; x_wconf 81' lang='grc' dir='ltr'>ἐνομίσθησαν,</span> <span class='ocrx_word' id='word_1_499' title='bbox 1583 5520 1678 5576; x_wconf 70' lang='grc' dir='ltr'>καὶ</span> <span class='ocrx_word' id='word_1_500' title='bbox 1705 5525 1849 5586; x_wconf 88' lang='grc' dir='ltr'>ναοῖς</span> <span class='ocrx_word' id='word_1_501' title='bbox 1882 5523 1988 5577; x_wconf 87' lang='grc' dir='ltr'>ἐτι-</span> 
     </span>
    </p>
   </div>
   <div class='ocr_carea' id='block_1_60' title="bbox 316 5601 2082 5682">
    <p class='ocr_par' dir='ltr' id='par_1_60' title="bbox 316 5601 2082 5682">
     <span class='ocr_line' id='line_1_60' title="bbox 316 5601 2082 5682; baseline 0.007 -28"><span class='ocrx_word' id='word_1_502' title='bbox 316 5601 568 5671; x_wconf 78' lang='grc' dir='ltr'>μήθησαν</span> <span class='ocrx_word' id='word_1_503' title='bbox 600 5602 696 5656; x_wconf 89' lang='lat' dir='ltr'>ml</span> <span class='ocrx_word' id='word_1_504' title='bbox 727 5603 951 5675; x_wconf 88' lang='grc' dir='ltr'>βωμοῖς,</span> <span class='ocrx_word' id='word_1_505' title='bbox 985 5607 1079 5660; x_wconf 77' lang='grc' dir='ltr'>καὶ</span> <span class='ocrx_word' id='word_1_506' title='bbox 1129 5607 1237 5672; x_wconf 75' lang='grc' dir='ltr'>πᾶς</span> <span class='ocrx_word' id='word_1_507' title='bbox 1269 5609 1299 5661; x_wconf 91' lang='lat'>6</span> <span class='ocrx_word' id='word_1_508' title='bbox 1335 5607 1444 5662; x_wconf 90' lang='grc' dir='ltr'>τῶν</span> <span class='ocrx_word' id='word_1_509' title='bbox 1483 5608 1811 5681; x_wconf 84' lang='grc' dir='ltr'>Ἑλληνικῶν</span> <span class='ocrx_word' id='word_1_510' title='bbox 1851 5609 1988 5666; x_wconf 90' lang='grc' dir='ltr'>θεῶν</span> <span class='ocrx_word' id='word_1_511' title='bbox 2075 5673 2082 5682; x_wconf 43' lang='grc'>,</span> 
     </span>
    </p>
   </div>
   <div class='ocr_carea' id='block_1_61' title="bbox 2079 5689 3763 5756">
    <p class='ocr_par' dir='ltr' id='par_1_61' title="bbox 2079 5689 3763 5756">
     <span class='ocr_line' id='line_1_61' title="bbox 2079 5689 3763 5756; baseline 0.001 -15"><span class='ocrx_word' id='word_1_512' title='bbox 2079 5741 2111 5756; x_wconf 27' lang='grc' dir='ltr'>,Α</span> <span class='ocrx_word' id='word_1_513' title='bbox 2152 5689 2177 5756; x_wconf 53' lang='grc' dir='ltr'>ξ</span> <span class='ocrx_word' id='word_1_514' title='bbox 2202 5690 2298 5742; x_wconf 73' lang='lat' dir='ltr'>Alii</span> <span class='ocrx_word' id='word_1_515' title='bbox 2323 5695 2600 5753; x_wconf 80' lang='grc' dir='ltr'>σωματικῆς</span> <span class='ocrx_word' id='word_1_516' title='bbox 2619 5689 2859 5748; x_wconf 79' lang='grc' dir='ltr'>ἀσθενείας</span> <span class='ocrx_word' id='word_1_517' title='bbox 2880 5692 3136 5756; x_wconf 82' lang='grc' dir='ltr'>ὑπερϐολή.</span> <span class='ocrx_word' id='word_1_518' title='bbox 3151 5690 3261 5741; x_wconf 75' lang='lat' dir='ltr'>Mox</span> <span class='ocrx_word' id='word_1_519' title='bbox 3273 5691 3470 5755; x_wconf 82' lang='lat' dir='ltr'>quidam</span> <span class='ocrx_word' id='word_1_520' title='bbox 3491 5691 3632 5755; x_wconf 81' lang='grc' dir='ltr'>πείσῃ</span> <span class='ocrx_word' id='word_1_521' title='bbox 3653 5690 3763 5749; x_wconf 79' lang='grc' dir='ltr'>τοὺς</span> 
     </span>
    </p>
   </div>
   <div class='ocr_carea' id='block_1_62' title="bbox 313 5688 1770 5770">
    <p class='ocr_par' dir='ltr' id='par_1_62' title="bbox 313 5688 1770 5770">
     <span class='ocr_line' id='line_1_62' title="bbox 313 5688 1770 5770; baseline 0.008 -29"><span class='ocrx_word' id='word_1_522' title='bbox 313 5688 614 5759; x_wconf 86' lang='grc' dir='ltr'>κατάλογος</span> <span class='ocrx_word' id='word_1_523' title='bbox 634 5692 741 5746; x_wconf 80' lang='grc' dir='ltr'>ἀπὸ</span> <span class='ocrx_word' id='word_1_524' title='bbox 771 5693 976 5748; x_wconf 91' lang='grc' dir='ltr'>τούτων</span> <span class='ocrx_word' id='word_1_525' title='bbox 1008 5693 1291 5766; x_wconf 86' lang='grc' dir='ltr'>σύγκειται</span> <span class='ocrx_word' id='word_1_526' title='bbox 1318 5694 1427 5750; x_wconf 87' lang='grc' dir='ltr'>τῶν</span> <span class='ocrx_word' id='word_1_527' title='bbox 1447 5697 1770 5770; x_wconf 86' lang='grc' dir='ltr'>ἀνθρώπων.</span> 
     </span>
    </p>
   </div>
   <div class='ocr_carea' id='block_1_63' title="bbox 385 5775 2003 5861">
    <p class='ocr_par' dir='ltr' id='par_1_63' title="bbox 385 5775 2003 5861">
     <span class='ocr_line' id='line_1_63' title="bbox 385 5775 2003 5861; baseline 0.006 -27"><span class='ocrx_word' id='word_1_528' title='bbox 385 5777 502 5834; x_wconf 85' lang='grc' dir='ltr'>Ἵνα</span> <span class='ocrx_word' id='word_1_529' title='bbox 515 5775 609 5833; x_wconf 83' lang='grc' dir='ltr'>οὖν</span> <span class='ocrx_word' id='word_1_530' title='bbox 640 5781 716 5853; x_wconf 86' lang='grc' dir='ltr'>μὴ</span> <span class='ocrx_word' id='word_1_531' title='bbox 742 5782 834 5835; x_wconf 86' lang='lat' dir='ltr'>ml</span> <span class='ocrx_word' id='word_1_532' title='bbox 860 5782 952 5835; x_wconf 73' lang='grc' dir='ltr'>ἐπὶ</span> <span class='ocrx_word' id='word_1_533' title='bbox 979 5782 1086 5837; x_wconf 89' lang='grc' dir='ltr'>τῶν</span> <span class='ocrx_word' id='word_1_534' title='bbox 1104 5784 1275 5852; x_wconf 86' lang='grc' dir='ltr'>ἀγίων</span> <span class='ocrx_word' id='word_1_535' title='bbox 1299 5783 1455 5839; x_wconf 86' lang='grc' dir='ltr'>τοῦτο</span> <span class='ocrx_word' id='word_1_536' title='bbox 1481 5785 1724 5859; x_wconf 87' lang='grc' dir='ltr'>γένηται,</span> <span class='ocrx_word' id='word_1_537' title='bbox 1748 5790 1955 5861; x_wconf 86' lang='grc' dir='ltr'>συνεχώ</span> <span class='ocrx_word' id='word_1_538' title='bbox 1971 5789 2003 5834; x_wconf 79' lang='grc'>-’</span> 
     </span>
    </p>
   </div>
   <div class='ocr_carea' id='block_1_64' title="bbox 314 5867 1984 5951">
    <p class='ocr_par' dir='ltr' id='par_1_64' title="bbox 314 5867 1984 5951">
     <span class='ocr_line' id='line_1_64' title="bbox 314 5867 1984 5951; baseline 0.009 -34"><span class='ocrx_word' id='word_1_539' title='bbox 314 5883 480 5937; x_wconf 78' lang='grc' dir='ltr'>ρησεν</span> <span class='ocrx_word' id='word_1_540' title='bbox 523 5868 720 5931; x_wconf 76' lang='grc' dir='ltr'>αὐτοὺς</span> <span class='ocrx_word' id='word_1_541' title='bbox 757 5867 1071 5924; x_wconf 75' lang='grc' dir='ltr'>ἐλαύνεσθαι</span> <span class='ocrx_word' id='word_1_542' title='bbox 1106 5869 1365 5942; x_wconf 84' lang='grc' dir='ltr'>συνεχῶς,</span> <span class='ocrx_word' id='word_1_543' title='bbox 1398 5873 1778 5945; x_wconf 83' lang='grc' dir='ltr'>μαστίζεσθαι,</span> <span class='ocrx_word' id='word_1_544' title='bbox 1802 5879 1984 5951; x_wconf 66' lang='grc' dir='ltr'>ἀρρω-</span> 
     </span>
    </p>
   </div>
   <div class='ocr_carea' id='block_1_65' title="bbox 381 5989 851 6042">
    <p class='ocr_par' dir='ltr' id='par_1_65' title="bbox 381 5989 851 6042">
     <span class='ocr_line' id='line_1_65' title="bbox 381 5989 851 6042; baseline 0.013 -6"><span class='ocrx_word' id='word_1_545' title='bbox 381 5990 404 6017; x_wconf 80' lang='grc'><strong><em>⁸</em></strong></span> <span class='ocrx_word' id='word_1_546' title='bbox 433 5989 526 6038; x_wconf 81' lang='lat' dir='ltr'>Alii</span> <span class='ocrx_word' id='word_1_547' title='bbox 551 5992 631 6039; x_wconf 83' lang='lat' dir='ltr'>ml</span> <span class='ocrx_word' id='word_1_548' title='bbox 654 5992 851 6042; x_wconf 75' lang='grc' dir='ltr'>ἐσείετο.</span> 
     </span>
    </p>
   </div>
   <div class='ocr_carea' id='block_1_66' title="bbox 377 6048 800 6110">
    <p class='ocr_par' dir='ltr' id='par_1_66' title="bbox 377 6048 800 6110">
     <span class='ocr_line' id='line_1_66' title="bbox 377 6048 800 6110; baseline 0.007 -11"><span class='ocrx_word' id='word_1_549' title='bbox 377 6048 405 6088; x_wconf 70' lang='grc' dir='ltr'>δ</span> <span class='ocrx_word' id='word_1_550' title='bbox 428 6051 465 6100; x_wconf 74' lang='grc' dir='ltr'><strong>Α</strong></span> <span class='ocrx_word' id='word_1_551' title='bbox 493 6054 522 6099; x_wconf 87' lang='lat' dir='ltr'>ii</span> <span class='ocrx_word' id='word_1_552' title='bbox 550 6054 656 6110; x_wconf 74' lang='grc' dir='ltr'>τοὺς</span> <span class='ocrx_word' id='word_1_553' title='bbox 677 6055 800 6102; x_wconf 79' lang='grc' dir='ltr'>τότε.</span> 
     </span>
    </p>
   </div>
   <div class='ocr_carea' id='block_1_67' title="bbox 2105 489 3781 568">
    <p class='ocr_par' dir='ltr' id='par_1_67' title="bbox 2105 489 3781 568">
     <span class='ocr_line' id='line_1_67' title="bbox 2105 489 3781 568; baseline -0.002 -21"><span class='ocrx_word' id='word_1_554' title='bbox 2105 496 2279 559; x_wconf 86' lang='grc' dir='ltr'>στίαις</span> <span class='ocrx_word' id='word_1_555' title='bbox 2328 496 2710 568; x_wconf 85' lang='grc' dir='ltr'>περιπίπτειν,</span> <span class='ocrx_word' id='word_1_556' title='bbox 2753 494 2839 547; x_wconf 82' lang='grc' dir='ltr'>ἵνα</span> <span class='ocrx_word' id='word_1_557' title='bbox 2882 495 2915 564; x_wconf 81' lang='grc' dir='ltr'>ὴ</span> <span class='ocrx_word' id='word_1_558' title='bbox 2954 491 3055 562; x_wconf 70' lang='grc' dir='ltr'>τῆς</span> <span class='ocrx_word' id='word_1_559' title='bbox 3106 489 3423 562; x_wconf 81' lang='grc' dir='ltr'>σωματικῆς</span> <span class='ocrx_word' id='word_1_560' title='bbox 3469 491 3781 561; x_wconf 60' lang='grc' dir='ltr'>ἀρρωστίας</span> 
     </span>
    </p>
   </div>
   <div class='ocr_carea' id='block_1_68' title="bbox 2104 577 3778 654">
    <p class='ocr_par' dir='ltr' id='par_1_68' title="bbox 2104 577 3778 654">
     <span class='ocr_line' id='line_1_68' title="bbox 2104 577 3778 654; baseline -0.004 -18"><span class='ocrx_word' id='word_1_561' title='bbox 2104 583 2376 654; x_wconf 83' lang='grc' dir='ltr'>ὑπερϐολὴ</span> <span class='ocrx_word' id='word_1_562' title='bbox 2411 594 2432 622; x_wconf 73' lang='grc' dir='ltr'>ε</span> <span class='ocrx_word' id='word_1_563' title='bbox 2479 582 2711 637; x_wconf 74' lang='grc' dir='ltr'>καὶτῶν</span> <span class='ocrx_word' id='word_1_564' title='bbox 2756 579 3078 652; x_wconf 83' lang='grc' dir='ltr'>πειρασμῶν</span> <span class='ocrx_word' id='word_1_565' title='bbox 3125 579 3186 632; x_wconf 87' lang='grc' dir='ltr'>τὸ</span> <span class='ocrx_word' id='word_1_566' title='bbox 3228 577 3428 648; x_wconf 79' lang='grc' dir='ltr'>πλῆθος</span> <span class='ocrx_word' id='word_1_567' title='bbox 3459 577 3622 649; x_wconf 71' lang='grc' dir='ltr'>πείσῃ</span> <span class='ocrx_word' id='word_1_568' title='bbox 3651 577 3778 640; x_wconf 76' lang='grc' dir='ltr'>τοὺς</span> 
     </span>
    </p>
   </div>
   <div class='ocr_carea' id='block_1_69' title="bbox 2106 663 3780 745">
    <p class='ocr_par' dir='ltr' id='par_1_69' title="bbox 2106 663 3780 745">
     <span class='ocr_line' id='line_1_69' title="bbox 2106 663 3780 745; baseline -0.002 -21"><span class='ocrx_word' id='word_1_569' title='bbox 2106 671 2376 745; x_wconf 85' lang='grc' dir='ltr'>παρόντας</span> <span class='ocrx_word' id='word_1_570' title='bbox 2400 671 2558 738; x_wconf 78' lang='grc' dir='ltr'>ιτότε,</span> <span class='ocrx_word' id='word_1_571' title='bbox 2599 671 2680 724; x_wconf 80' lang='grc' dir='ltr'>ὅτι</span> <span class='ocrx_word' id='word_1_572' title='bbox 2720 671 2814 724; x_wconf 70' lang='grc' dir='ltr'>καὶ</span> <span class='ocrx_word' id='word_1_573' title='bbox 2859 669 3135 738; x_wconf 84' lang='grc' dir='ltr'>ἄνθρωποι</span> <span class='ocrx_word' id='word_1_574' title='bbox 3179 663 3317 738; x_wconf 80' lang='grc' dir='ltr'>ἦσαν</span> <span class='ocrx_word' id='word_1_575' title='bbox 3347 668 3396 720; x_wconf 90' lang='grc' dir='ltr'>οἱ</span> <span class='ocrx_word' id='word_1_576' title='bbox 3441 667 3510 722; x_wconf 84' lang='grc' dir='ltr'>τά</span> <span class='ocrx_word' id='word_1_577' title='bbox 3555 666 3780 720; x_wconf 77' lang='grc' dir='ltr'>τοιαῦτα</span> 
     </span>
    </p>
   </div>
   <div class='ocr_carea' id='block_1_70' title="bbox 2103 753 3776 830">
    <p class='ocr_par' dir='ltr' id='par_1_70' title="bbox 2103 753 3776 830">
     <span class='ocr_line' id='line_1_70' title="bbox 2103 753 3776 830; baseline -0.003 -19"><span class='ocrx_word' id='word_1_578' title='bbox 2103 758 2676 830; x_wconf 87' lang='grc' dir='ltr'>θαυματουργοῦντες,</span> <span class='ocrx_word' id='word_1_579' title='bbox 2715 759 2809 811; x_wconf 74' lang='grc' dir='ltr'>καὶ</span> <span class='ocrx_word' id='word_1_580' title='bbox 2867 757 3018 809; x_wconf 80' lang='grc' dir='ltr'>οὐδὲν</span> <span class='ocrx_word' id='word_1_581' title='bbox 3069 755 3198 826; x_wconf 78' lang='grc' dir='ltr'>παρ’</span> <span class='ocrx_word' id='word_1_582' title='bbox 3235 754 3444 810; x_wconf 85' lang='grc' dir='ltr'>ἐαυτῶν</span> <span class='ocrx_word' id='word_1_583' title='bbox 3476 753 3776 825; x_wconf 76' lang='grc' dir='ltr'>εἰσέφερον,</span> 
     </span>
    </p>
   </div>
   <div class='ocr_carea' id='block_1_71' title="bbox 2103 841 3781 918">
    <p class='ocr_par' dir='ltr' id='par_1_71' title="bbox 2103 841 3781 918">
     <span class='ocr_line' id='line_1_71' title="bbox 2103 841 3781 918; baseline -0.003 -19"><span class='ocrx_word' id='word_1_584' title='bbox 2103 845 2238 899; x_wconf 88' lang='grc' dir='ltr'>ἀλλά</span> <span class='ocrx_word' id='word_1_585' title='bbox 2265 848 2446 917; x_wconf 87' lang='grc' dir='ltr'>γυμνὴ</span> <span class='ocrx_word' id='word_1_586' title='bbox 2472 849 2505 918; x_wconf 76' lang='grc' dir='ltr'>ἡ</span> <span class='ocrx_word' id='word_1_587' title='bbox 2534 847 2692 918; x_wconf 89' lang='grc' dir='ltr'>χάρις</span> <span class='ocrx_word' id='word_1_588' title='bbox 2717 846 2781 898; x_wconf 85' lang='grc' dir='ltr'>δι’</span> <span class='ocrx_word' id='word_1_589' title='bbox 2809 845 3033 897; x_wconf 84' lang='grc' dir='ltr'>ἐκείνων</span> <span class='ocrx_word' id='word_1_590' title='bbox 3055 844 3231 897; x_wconf 89' lang='grc' dir='ltr'>πάντα</span> <span class='ocrx_word' id='word_1_591' title='bbox 3257 841 3558 913; x_wconf 84' lang='grc' dir='ltr'>εἰργάζετο.</span> <span class='ocrx_word' id='word_1_592' title='bbox 3586 842 3649 894; x_wconf 84' lang='grc' dir='ltr'>Εἰ</span> <span class='ocrx_word' id='word_1_593' title='bbox 3671 841 3781 912; x_wconf 88' lang='grc' dir='ltr'>γὰρ</span> 
     </span>
    </p>
   </div>
   <div class='ocr_carea' id='block_1_72' title="bbox 2100 930 3779 1007">
    <p class='ocr_par' dir='ltr' id='par_1_72' title="bbox 2100 930 3779 1007">
     <span class='ocr_line' id='line_1_72' title="bbox 2100 930 3779 1007; baseline -0.004 -19"><span class='ocrx_word' id='word_1_594' title='bbox 2100 937 2227 999; x_wconf 72' lang='grc' dir='ltr'>τοὺς</span> <span class='ocrx_word' id='word_1_595' title='bbox 2273 935 2446 1007; x_wconf 90' lang='grc' dir='ltr'>μικρά</span> <span class='ocrx_word' id='word_1_596' title='bbox 2493 937 2588 989; x_wconf 85' lang='lat' dir='ltr'>ml</span> <span class='ocrx_word' id='word_1_597' title='bbox 2637 933 2828 1002; x_wconf 81' lang='grc' dir='ltr'>εὐτελῆ</span> <span class='ocrx_word' id='word_1_598' title='bbox 2883 934 3255 1003; x_wconf 85' lang='grc' dir='ltr'>πεποιηκότας</span> <span class='ocrx_word' id='word_1_599' title='bbox 3309 931 3464 993; x_wconf 84' lang='grc' dir='ltr'>θεοὺς</span> <span class='ocrx_word' id='word_1_600' title='bbox 3501 930 3779 1001; x_wconf 83' lang='grc' dir='ltr'>ἐνόμισαν,</span> 
     </span>
    </p>
   </div>
   <div class='ocr_carea' id='block_1_73' title="bbox 2103 1019 3782 1094">
    <p class='ocr_par' dir='ltr' id='par_1_73' title="bbox 2103 1019 3782 1094">
     <span class='ocr_line' id='line_1_73' title="bbox 2103 1019 3782 1094; baseline -0.001 -20"><span class='ocrx_word' id='word_1_601' title='bbox 2103 1023 2284 1093; x_wconf 85' lang='grc' dir='ltr'>πολλῷ</span> <span class='ocrx_word' id='word_1_602' title='bbox 2329 1023 2550 1094; x_wconf 80' lang='grc' dir='ltr'>μᾶλλον,</span> <span class='ocrx_word' id='word_1_603' title='bbox 2600 1025 2648 1076; x_wconf 90' lang='grc' dir='ltr'>εἰ</span> <span class='ocrx_word' id='word_1_604' title='bbox 2685 1021 2849 1093; x_wconf 85' lang='grc' dir='ltr'>μηδὲν</span> <span class='ocrx_word' id='word_1_605' title='bbox 2887 1021 3124 1090; x_wconf 76' lang='grc' dir='ltr'>ἔπασχον</span> <span class='ocrx_word' id='word_1_606' title='bbox 3157 1020 3517 1092; x_wconf 88' lang='grc' dir='ltr'>ἀνθρώπινον,</span> <span class='ocrx_word' id='word_1_607' title='bbox 3559 1019 3782 1083; x_wconf 88' lang='grc' dir='ltr'>τούτους</span> 
     </span>
    </p>
   </div>
   <div class='ocr_carea' id='block_1_74' title="bbox 2101 1103 3779 1180">
    <p class='ocr_par' dir='ltr' id='par_1_74' title="bbox 2101 1103 3779 1180">
     <span class='ocr_line' id='line_1_74' title="bbox 2101 1103 3779 1180; baseline -0.001 -18"><span class='ocrx_word' id='word_1_608' title='bbox 2101 1110 2463 1164; x_wconf 79' lang='grc' dir='ltr'>ὑπώπτευσαν</span> <span class='ocrx_word' id='word_1_609' title='bbox 2495 1110 2580 1176; x_wconf 86' lang='grc' dir='ltr'>ἂν,</span> <span class='ocrx_word' id='word_1_610' title='bbox 2605 1109 2827 1164; x_wconf 89' lang='grc' dir='ltr'>τοιαῦτα</span> <span class='ocrx_word' id='word_1_611' title='bbox 2861 1110 3289 1180; x_wconf 83' lang='grc' dir='ltr'>ἐργασαμένους,</span> <span class='ocrx_word' id='word_1_612' title='bbox 3324 1103 3410 1162; x_wconf 77' lang='grc' dir='ltr'>οἶα</span> <span class='ocrx_word' id='word_1_613' title='bbox 3430 1108 3602 1172; x_wconf 75' lang='grc' dir='ltr'>οὐδεὶς</span> <span class='ocrx_word' id='word_1_614' title='bbox 3628 1107 3779 1161; x_wconf 78' lang='grc' dir='ltr'>οὐδέ-</span> 
     </span>
    </p>
   </div>
   <div class='ocr_carea' id='block_1_75' title="bbox 2103 1195 3782 1269">
    <p class='ocr_par' dir='ltr' id='par_1_75' title="bbox 2103 1195 3782 1269">
     <span class='ocr_line' id='line_1_75' title="bbox 2103 1195 3782 1269; baseline -0.002 -18"><span class='ocrx_word' id='word_1_615' title='bbox 2103 1215 2235 1252; x_wconf 89' lang='grc' dir='ltr'>ποτε</span> <span class='ocrx_word' id='word_1_616' title='bbox 2261 1200 2363 1252; x_wconf 91' lang='grc' dir='ltr'>οὑκ</span> <span class='ocrx_word' id='word_1_617' title='bbox 2393 1196 2560 1265; x_wconf 72' lang='grc' dir='ltr'>εἶδεν,</span> <span class='ocrx_word' id='word_1_618' title='bbox 2605 1199 2726 1252; x_wconf 84' lang='grc' dir='ltr'>οὑδέ</span> <span class='ocrx_word' id='word_1_619' title='bbox 2755 1199 3007 1269; x_wconf 73' lang='grc' dir='ltr'>ἧκουσεν.</span> <span class='ocrx_word' id='word_1_620' title='bbox 3038 1199 3210 1250; x_wconf 89' lang='grc' dir='ltr'>Ὅπου</span> <span class='ocrx_word' id='word_1_621' title='bbox 3235 1196 3344 1268; x_wconf 86' lang='grc' dir='ltr'>γὰρ</span> <span class='ocrx_word' id='word_1_622' title='bbox 3371 1195 3782 1266; x_wconf 84' lang='grc' dir='ltr'>μαστιζομένων</span> 
     </span>
    </p>
   </div>
   <div class='ocr_carea' id='block_1_76' title="bbox 2101 1283 3780 1358">
    <p class='ocr_par' dir='ltr' id='par_1_76' title="bbox 2101 1283 3780 1358">
     <span class='ocr_line' id='line_1_76' title="bbox 2101 1283 3780 1358; baseline -0.003 -18"><span class='ocrx_word' id='word_1_623' title='bbox 2101 1287 2303 1350; x_wconf 88' lang='grc' dir='ltr'>αὐτῶν,</span> <span class='ocrx_word' id='word_1_624' title='bbox 2346 1287 2821 1358; x_wconf 78' lang='grc' dir='ltr'>κρημνιζομένων,</span> <span class='ocrx_word' id='word_1_625' title='bbox 2868 1285 3254 1356; x_wconf 89' lang='grc' dir='ltr'>δεσμουμένων</span> <span class='ocrx_word' id='word_1_626' title='bbox 3287 1283 3335 1348; x_wconf 75' lang='grc'>⁶¹,</span> <span class='ocrx_word' id='word_1_627' title='bbox 3385 1284 3780 1354; x_wconf 88' lang='grc' dir='ltr'>ἐλαυνομένων,</span> 
     </span>
    </p>
   </div>
   <div class='ocr_carea' id='block_1_77' title="bbox 2068 1372 3785 1450">
    <p class='ocr_par' dir='ltr' id='par_1_77' title="bbox 2068 1372 3785 1450">
     <span class='ocr_line' id='line_1_77' title="bbox 2068 1372 3785 1450; baseline -0.004 -19"><span class='ocrx_word' id='word_1_628' title='bbox 2068 1378 2222 1431; x_wconf 84' lang='grc' dir='ltr'>’καθ’</span> <span class='ocrx_word' id='word_1_629' title='bbox 2267 1379 2504 1450; x_wconf 79' lang='grc' dir='ltr'>ἑκάστην</span> <span class='ocrx_word' id='word_1_630' title='bbox 2547 1377 2965 1430; x_wconf 88' lang='grc' dir='ltr'>κινδυνευόντων</span> <span class='ocrx_word' id='word_1_631' title='bbox 3010 1374 3244 1446; x_wconf 83' lang='grc' dir='ltr'>ἡμέραν,</span> <span class='ocrx_word' id='word_1_632' title='bbox 3287 1374 3436 1442; x_wconf 82' lang='grc' dir='ltr'>ὅμως</span> <span class='ocrx_word' id='word_1_633' title='bbox 3480 1372 3785 1426; x_wconf 85' lang='grc' dir='ltr'>κατέπεσόν</span> 
     </span>
    </p>
   </div>
   <div class='ocr_carea' id='block_1_78' title="bbox 2100 1459 3782 1537">
    <p class='ocr_par' dir='ltr' id='par_1_78' title="bbox 2100 1459 3782 1537">
     <span class='ocr_line' id='line_1_78' title="bbox 2100 1459 3782 1537; baseline -0.004 -19"><span class='ocrx_word' id='word_1_634' title='bbox 2100 1483 2245 1530; x_wconf 87' lang='grc' dir='ltr'>τινες</span> <span class='ocrx_word' id='word_1_635' title='bbox 2289 1468 2370 1530; x_wconf 88' lang='grc' dir='ltr'>εἰς</span> <span class='ocrx_word' id='word_1_636' title='bbox 2401 1467 2499 1537; x_wconf 89' lang='grc' dir='ltr'>τὴν</span> <span class='ocrx_word' id='word_1_637' title='bbox 2537 1465 2706 1533; x_wconf 86' lang='grc' dir='ltr'>ἀσεϐῆ</span> <span class='ocrx_word' id='word_1_638' title='bbox 2751 1465 2955 1535; x_wconf 89' lang='grc' dir='ltr'>ταύτην</span> <span class='ocrx_word' id='word_1_639' title='bbox 3008 1463 3286 1525; x_wconf 88' lang='grc' dir='ltr'>ὑπόνοιαν,</span> <span class='ocrx_word' id='word_1_640' title='bbox 3345 1459 3524 1531; x_wconf 90' lang='grc' dir='ltr'>πολλῷ</span> <span class='ocrx_word' id='word_1_641' title='bbox 3560 1460 3782 1531; x_wconf 82' lang='grc' dir='ltr'>μᾶλλον,</span> 
     </span>
    </p>
   </div>
   <div class='ocr_carea' id='block_1_79' title="bbox 2101 1548 3784 1624">
    <p class='ocr_par' dir='ltr' id='par_1_79' title="bbox 2101 1548 3784 1624">
     <span class='ocr_line' id='line_1_79' title="bbox 2101 1548 3784 1624; baseline -0.003 -17"><span class='ocrx_word' id='word_1_642' title='bbox 2101 1555 2149 1606; x_wconf 92' lang='grc' dir='ltr'>εἰ</span> <span class='ocrx_word' id='word_1_643' title='bbox 2187 1553 2352 1624; x_wconf 84' lang='grc' dir='ltr'>μηδὲν</span> <span class='ocrx_word' id='word_1_644' title='bbox 2380 1553 2613 1622; x_wconf 75' lang='grc' dir='ltr'>ἔπασχον</span> <span class='ocrx_word' id='word_1_645' title='bbox 2641 1551 3000 1624; x_wconf 88' lang='grc' dir='ltr'>ἀνθρώπινον,</span> <span class='ocrx_word' id='word_1_646' title='bbox 3037 1549 3193 1602; x_wconf 89' lang='grc' dir='ltr'>τοῦτο</span> <span class='ocrx_word' id='word_1_647' title='bbox 3219 1548 3284 1602; x_wconf 82' lang='grc' dir='ltr'>ἂν</span> <span class='ocrx_word' id='word_1_648' title='bbox 3324 1548 3784 1618; x_wconf 85' lang='grc' dir='ltr'>ὑπωπτεύθησαν.</span> 
     </span>
    </p>
   </div>
   <div class='ocr_carea' id='block_1_80' title="bbox 2168 1635 3787 1710">
    <p class='ocr_par' dir='ltr' id='par_1_80' title="bbox 2168 1635 3787 1710">
     <span class='ocr_line' id='line_1_80' title="bbox 2168 1635 3787 1710; baseline -0.002 -18"><span class='ocrx_word' id='word_1_649' title='bbox 2168 1642 2239 1710; x_wconf 86' lang='grc' dir='ltr'>η’.</span> <span class='ocrx_word' id='word_1_650' title='bbox 2273 1639 2440 1710; x_wconf 85' lang='grc' dir='ltr'>Τρίτη</span> <span class='ocrx_word' id='word_1_651' title='bbox 2459 1639 2555 1710; x_wconf 83' lang='grc' dir='ltr'>μὲν</span> <span class='ocrx_word' id='word_1_652' title='bbox 2582 1635 2673 1693; x_wconf 81' lang='grc' dir='ltr'>οὖν</span> <span class='ocrx_word' id='word_1_653' title='bbox 2691 1642 2836 1694; x_wconf 85' lang='grc' dir='ltr'>ἐστιν</span> <span class='ocrx_word' id='word_1_654' title='bbox 2867 1638 3159 1708; x_wconf 79' lang='grc' dir='ltr'>αὑτηήτῆς</span> <span class='ocrx_word' id='word_1_655' title='bbox 3171 1636 3466 1700; x_wconf 85' lang='grc' dir='ltr'>κακώσεως</span> <span class='ocrx_word' id='word_1_656' title='bbox 3491 1636 3666 1688; x_wconf 81' lang='grc' dir='ltr'>αἰτία’</span> <span class='ocrx_word' id='word_1_657' title='bbox 3698 1652 3787 1689; x_wconf 91' lang='grc' dir='ltr'>τε-</span> 
     </span>
    </p>
   </div>
   <div class='ocr_carea' id='block_1_81' title="bbox 2079 1723 3786 1798">
    <p class='ocr_par' dir='ltr' id='par_1_81' title="bbox 2079 1723 3786 1798">
     <span class='ocr_line' id='line_1_81' title="bbox 2079 1723 3786 1798; baseline -0.002 -19"><span class='ocrx_word' id='word_1_658' title='bbox 2079 1726 2272 1798; x_wconf 80' lang='grc' dir='ltr'>’τάρτη</span> <span class='ocrx_word' id='word_1_659' title='bbox 2303 1727 2382 1790; x_wconf 88' lang='grc' dir='ltr'>δέ,</span> <span class='ocrx_word' id='word_1_660' title='bbox 2424 1726 2486 1779; x_wconf 89' lang='grc' dir='ltr'>τὸ</span> <span class='ocrx_word' id='word_1_661' title='bbox 2514 1726 2587 1796; x_wconf 89' lang='grc' dir='ltr'>μὴ</span> <span class='ocrx_word' id='word_1_662' title='bbox 2623 1725 2938 1798; x_wconf 84' lang='grc' dir='ltr'>νομίζεσθαι</span> <span class='ocrx_word' id='word_1_663' title='bbox 2977 1726 3104 1789; x_wconf 81' lang='grc' dir='ltr'>τοὺς</span> <span class='ocrx_word' id='word_1_664' title='bbox 3142 1723 3330 1793; x_wconf 85' lang='grc' dir='ltr'>ἁγίους</span> <span class='ocrx_word' id='word_1_665' title='bbox 3355 1726 3440 1777; x_wconf 85' lang='grc' dir='ltr'>ἐπ’</span> <span class='ocrx_word' id='word_1_666' title='bbox 3475 1723 3650 1777; x_wconf 88' lang='grc' dir='ltr'>ἐλπίδι</span> <span class='ocrx_word' id='word_1_667' title='bbox 3683 1724 3786 1794; x_wconf 80' lang='grc' dir='ltr'>τῆς</span> 
     </span>
    </p>
   </div>
   <div class='ocr_carea' id='block_1_82' title="bbox 2100 1811 3788 1884">
    <p class='ocr_par' dir='ltr' id='par_1_82' title="bbox 2100 1811 3788 1884">
     <span class='ocr_line' id='line_1_82' title="bbox 2100 1811 3788 1884; baseline -0.001 -18"><span class='ocrx_word' id='word_1_668' title='bbox 2100 1813 2384 1884; x_wconf 84' lang='grc' dir='ltr'>παρούσης</span> <span class='ocrx_word' id='word_1_669' title='bbox 2399 1813 2706 1884; x_wconf 88' lang='grc' dir='ltr'>εὐπραγίας</span> <span class='ocrx_word' id='word_1_670' title='bbox 2727 1813 2818 1866; x_wconf 90' lang='grc' dir='ltr'>τὸν</span> <span class='ocrx_word' id='word_1_671' title='bbox 2843 1813 2973 1866; x_wconf 84' lang='grc' dir='ltr'>Θεὸν</span> <span class='ocrx_word' id='word_1_672' title='bbox 2996 1811 3335 1884; x_wconf 87' lang='grc' dir='ltr'>θεραπεύειν.</span> <span class='ocrx_word' id='word_1_673' title='bbox 3355 1811 3581 1884; x_wconf 73' lang='grc' dir='ltr'>Καὶγάρ</span> <span class='ocrx_word' id='word_1_674' title='bbox 3600 1811 3788 1864; x_wconf 72' lang='grc' dir='ltr'>πολλοὶ</span> 
     </span>
    </p>
   </div>
   <div class='ocr_carea' id='block_1_83' title="bbox 2099 1898 3784 1970">
    <p class='ocr_par' dir='ltr' id='par_1_83' title="bbox 2099 1898 3784 1970">
     <span class='ocr_line' id='line_1_83' title="bbox 2099 1898 3784 1970; baseline 0 -18"><span class='ocrx_word' id='word_1_675' title='bbox 2099 1899 2208 1952; x_wconf 89' lang='grc' dir='ltr'>τῶν</span> <span class='ocrx_word' id='word_1_676' title='bbox 2267 1902 2325 1953; x_wconf 88' lang='grc' dir='ltr'>ἐν</span> <span class='ocrx_word' id='word_1_677' title='bbox 2374 1900 2632 1970; x_wconf 81' lang='grc' dir='ltr'>ἀσελγείᾳ</span> <span class='ocrx_word' id='word_1_678' title='bbox 2669 1898 2885 1962; x_wconf 79' lang='grc' dir='ltr'>ζώντων</span> <span class='ocrx_word' id='word_1_679' title='bbox 2932 1900 3085 1970; x_wconf 85' lang='grc' dir='ltr'>παρά</span> <span class='ocrx_word' id='word_1_680' title='bbox 3133 1899 3343 1952; x_wconf 89' lang='grc' dir='ltr'>πολλῶν</span> <span class='ocrx_word' id='word_1_681' title='bbox 3396 1898 3784 1968; x_wconf 79' lang='grc' dir='ltr'>ἐγκαλούμενοι</span> 
     </span>
    </p>
   </div>
   <div class='ocr_carea' id='block_1_84' title="bbox 2101 1985 3781 2060">
    <p class='ocr_par' dir='ltr' id='par_1_84' title="bbox 2101 1985 3781 2060">
     <span class='ocr_line' id='line_1_84' title="bbox 2101 1985 3781 2060; baseline -0.001 -21"><span class='ocrx_word' id='word_1_682' title='bbox 2101 1987 2381 2052; x_wconf 86' lang='grc' dir='ltr'>πολλάκις,</span> <span class='ocrx_word' id='word_1_683' title='bbox 2415 1986 2510 2039; x_wconf 72' lang='grc' dir='ltr'>καὶ</span> <span class='ocrx_word' id='word_1_684' title='bbox 2539 1986 2675 2057; x_wconf 89' lang='grc' dir='ltr'>πρὸς</span> <span class='ocrx_word' id='word_1_685' title='bbox 2705 1986 2830 2049; x_wconf 74' lang='grc' dir='ltr'>τοὺς</span> <span class='ocrx_word' id='word_1_686' title='bbox 2861 1986 2958 2056; x_wconf 83' lang='grc' dir='ltr'>τῆς</span> <span class='ocrx_word' id='word_1_687' title='bbox 2984 1986 3183 2060; x_wconf 86' lang='grc' dir='ltr'>ἀρετῆς</span> <span class='ocrx_word' id='word_1_688' title='bbox 3217 1985 3537 2056; x_wconf 87' lang='grc' dir='ltr'>καλούμενοι</span> <span class='ocrx_word' id='word_1_689' title='bbox 3561 1986 3781 2050; x_wconf 84' lang='grc' dir='ltr'>πόνους,</span> 
     </span>
    </p>
   </div>
   <div class='ocr_carea' id='block_1_85' title="bbox 2101 2071 3784 2144">
    <p class='ocr_par' dir='ltr' id='par_1_85' title="bbox 2101 2071 3784 2144">
     <span class='ocr_line' id='line_1_85' title="bbox 2101 2071 3784 2144; baseline 0 -18"><span class='ocrx_word' id='word_1_690' title='bbox 2101 2073 2195 2126; x_wconf 76' lang='grc' dir='ltr'>καὶ</span> <span class='ocrx_word' id='word_1_691' title='bbox 2234 2073 2346 2125; x_wconf 90' lang='grc' dir='ltr'>τῶν</span> <span class='ocrx_word' id='word_1_692' title='bbox 2387 2073 2557 2141; x_wconf 83' lang='grc' dir='ltr'>ἁγίων</span> <span class='ocrx_word' id='word_1_693' title='bbox 2592 2072 3089 2144; x_wconf 85' lang='grc' dir='ltr'>ἐγκωμιαζομένων</span> <span class='ocrx_word' id='word_1_694' title='bbox 3125 2071 3413 2134; x_wconf 87' lang='grc' dir='ltr'>ἀκούοντες</span> <span class='ocrx_word' id='word_1_695' title='bbox 3451 2073 3545 2124; x_wconf 76' lang='grc' dir='ltr'>ἐπὶ</span> <span class='ocrx_word' id='word_1_696' title='bbox 3575 2074 3640 2141; x_wconf 78' lang='grc' dir='ltr'>τῇ</span> <span class='ocrx_word' id='word_1_697' title='bbox 3676 2072 3784 2126; x_wconf 86' lang='grc' dir='ltr'>τῶν</span> 
     </span>
    </p>
   </div>
   <div class='ocr_carea' id='block_1_86' title="bbox 2097 2159 3784 2231">
    <p class='ocr_par' dir='ltr' id='par_1_86' title="bbox 2097 2159 3784 2231">
     <span class='ocr_line' id='line_1_86' title="bbox 2097 2159 3784 2231; baseline -0.001 -17"><span class='ocrx_word' id='word_1_698' title='bbox 2097 2160 2286 2214; x_wconf 87' lang='grc' dir='ltr'>δεινῶν</span> <span class='ocrx_word' id='word_1_699' title='bbox 2317 2160 2572 2231; x_wconf 76' lang='grc' dir='ltr'>εὐψυχίᾳ,</span> <span class='ocrx_word' id='word_1_700' title='bbox 2607 2160 2715 2213; x_wconf 90' lang='grc' dir='ltr'>ἀπὸ</span> <span class='ocrx_word' id='word_1_701' title='bbox 2743 2160 2949 2212; x_wconf 78' lang='grc' dir='ltr'>τούτοιν</span> <span class='ocrx_word' id='word_1_702' title='bbox 2987 2159 3295 2213; x_wconf 87' lang='grc' dir='ltr'>διαϐάλλειν</span> <span class='ocrx_word' id='word_1_703' title='bbox 3335 2160 3533 2223; x_wconf 79' lang='grc' dir='ltr'>αὐτοὺς</span> <span class='ocrx_word' id='word_1_704' title='bbox 3575 2163 3784 2229; x_wconf 84' lang='grc' dir='ltr'>ἐπιχει-</span> 
     </span>
    </p>
   </div>
   <div class='ocr_carea' id='block_1_87' title="bbox 2102 2247 3783 2320">
    <p class='ocr_par' dir='ltr' id='par_1_87' title="bbox 2102 2247 3783 2320">
     <span class='ocr_line' id='line_1_87' title="bbox 2102 2247 3783 2320; baseline 0.001 -20"><span class='ocrx_word' id='word_1_705' title='bbox 2102 2247 2288 2319; x_wconf 80' lang='grc' dir='ltr'>ροῦσιο</span> <span class='ocrx_word' id='word_1_706' title='bbox 2329 2249 2422 2302; x_wconf 70' lang='grc' dir='ltr'>καὶ</span> <span class='ocrx_word' id='word_1_707' title='bbox 2459 2249 2559 2301; x_wconf 86' lang='grc' dir='ltr'>οὐκ</span> <span class='ocrx_word' id='word_1_708' title='bbox 2601 2248 2876 2320; x_wconf 76' lang='grc' dir='ltr'>ἄνθρωποι</span> <span class='ocrx_word' id='word_1_709' title='bbox 2913 2249 3092 2318; x_wconf 83' lang='grc' dir='ltr'>μόνον,</span> <span class='ocrx_word' id='word_1_710' title='bbox 3127 2249 3263 2303; x_wconf 90' lang='grc' dir='ltr'>ἀλλά</span> <span class='ocrx_word' id='word_1_711' title='bbox 3295 2249 3388 2302; x_wconf 76' lang='grc' dir='ltr'>καὶ</span> <span class='ocrx_word' id='word_1_712' title='bbox 3425 2247 3586 2311; x_wconf 81' lang='grc' dir='ltr'>αὐτὸς</span> <span class='ocrx_word' id='word_1_713' title='bbox 3612 2251 3641 2302; x_wconf 89' lang='lat'>6</span> <span class='ocrx_word' id='word_1_714' title='bbox 3663 2249 3783 2302; x_wconf 86' lang='grc' dir='ltr'>διά-</span> 
     </span>
    </p>
   </div>
   <div class='ocr_carea' id='block_1_88' title="bbox 2099 2334 3784 2408">
    <p class='ocr_par' dir='ltr' id='par_1_88' title="bbox 2099 2334 3784 2408">
     <span class='ocr_line' id='line_1_88' title="bbox 2099 2334 3784 2408; baseline 0.001 -20"><span class='ocrx_word' id='word_1_715' title='bbox 2099 2335 2250 2399; x_wconf 90' lang='grc' dir='ltr'>ϐολος</span> <span class='ocrx_word' id='word_1_716' title='bbox 2279 2336 2409 2388; x_wconf 80' lang='grc' dir='ltr'>αὐτὸ</span> <span class='ocrx_word' id='word_1_717' title='bbox 2427 2334 2585 2388; x_wconf 88' lang='grc' dir='ltr'>τοῦτο</span> <span class='ocrx_word' id='word_1_718' title='bbox 2615 2335 2988 2389; x_wconf 84' lang='grc' dir='ltr'>ὑπώπτευσεν.</span> <span class='ocrx_word' id='word_1_719' title='bbox 3020 2335 3236 2407; x_wconf 80' lang='grc' dir='ltr'>Ἐπειδὴ</span> <span class='ocrx_word' id='word_1_720' title='bbox 3262 2335 3370 2408; x_wconf 79' lang='grc' dir='ltr'>γὰρ</span> <span class='ocrx_word' id='word_1_721' title='bbox 3399 2337 3428 2388; x_wconf 88' lang='lat'>6</span> <span class='ocrx_word' id='word_1_722' title='bbox 3466 2334 3586 2388; x_wconf 87' lang='grc' dir='ltr'>Ἰὼϐ</span> <span class='ocrx_word' id='word_1_723' title='bbox 3617 2336 3784 2391; x_wconf 83' lang='grc' dir='ltr'>πολὺν</span> 
     </span>
    </p>
   </div>
   <div class='ocr_carea' id='block_1_89' title="bbox 2098 2421 3780 2496">
    <p class='ocr_par' dir='ltr' id='par_1_89' title="bbox 2098 2421 3780 2496">
     <span class='ocr_line' id='line_1_89' title="bbox 2098 2421 3780 2496; baseline 0.001 -20"><span class='ocrx_word' id='word_1_724' title='bbox 2098 2423 2488 2496; x_wconf 87' lang='grc' dir='ltr'>περιεϐέϐλητο</span> <span class='ocrx_word' id='word_1_725' title='bbox 2520 2421 2769 2488; x_wconf 89' lang='grc' dir='ltr'>πλοῦτον,</span> <span class='ocrx_word' id='word_1_726' title='bbox 2816 2425 2911 2477; x_wconf 86' lang='lat' dir='ltr'>m‘:</span> <span class='ocrx_word' id='word_1_727' title='bbox 2952 2423 3154 2494; x_wconf 79' lang='grc' dir='ltr'>πολλῆς</span> <span class='ocrx_word' id='word_1_728' title='bbox 3187 2424 3466 2496; x_wconf 76' lang='grc' dir='ltr'>ἀπήλαυεν</span> <span class='ocrx_word' id='word_1_729' title='bbox 3497 2424 3780 2496; x_wconf 87' lang='grc' dir='ltr'>εὐπορίας,</span> 
     </span>
    </p>
   </div>
   <div class='ocr_carea' id='block_1_90' title="bbox 2095 2509 3782 2585">
    <p class='ocr_par' dir='ltr' id='par_1_90' title="bbox 2095 2509 3782 2585">
     <span class='ocr_line' id='line_1_90' title="bbox 2095 2509 3782 2585; baseline 0.002 -22"><span class='ocrx_word' id='word_1_730' title='bbox 2095 2511 2486 2582; x_wconf 83' lang='grc' dir='ltr'>ὀνειδιζόμενος</span> <span class='ocrx_word' id='word_1_731' title='bbox 2528 2511 2634 2565; x_wconf 87' lang='grc' dir='ltr'>ὑπὸ</span> <span class='ocrx_word' id='word_1_732' title='bbox 2666 2512 2761 2564; x_wconf 85' lang='grc' dir='ltr'>τοῦ</span> <span class='ocrx_word' id='word_1_733' title='bbox 2787 2509 2920 2564; x_wconf 85' lang='grc' dir='ltr'>Θεοῦ</span> <span class='ocrx_word' id='word_1_734' title='bbox 2947 2512 3014 2564; x_wconf 89' lang='grc' dir='ltr'>δι’</span> <span class='ocrx_word' id='word_1_735' title='bbox 3043 2512 3205 2565; x_wconf 90' lang='grc' dir='ltr'>αὐτὸν</span> <span class='ocrx_word' id='word_1_736' title='bbox 3247 2515 3275 2565; x_wconf 94' lang='lat'>6</span> <span class='ocrx_word' id='word_1_737' title='bbox 3319 2513 3555 2584; x_wconf 83' lang='grc' dir='ltr'>πονηρὸς</span> <span class='ocrx_word' id='word_1_738' title='bbox 3574 2513 3782 2585; x_wconf 88' lang='grc' dir='ltr'>δαίμων</span> 
     </span>
    </p>
   </div>
   <div class='ocr_carea' id='block_1_91' title="bbox 2095 2597 3782 2670">
    <p class='ocr_par' dir='ltr' id='par_1_91' title="bbox 2095 2597 3782 2670">
     <span class='ocr_line' id='line_1_91' title="bbox 2095 2597 3782 2670; baseline 0.002 -19"><span class='ocrx_word' id='word_1_739' title='bbox 2095 2599 2324 2662; x_wconf 87' lang='grc' dir='ltr'>ἐκεῖνος,</span> <span class='ocrx_word' id='word_1_740' title='bbox 2357 2598 2510 2651; x_wconf 81' lang='grc' dir='ltr'>οὐδὲν</span> <span class='ocrx_word' id='word_1_741' title='bbox 2547 2597 2685 2668; x_wconf 80' lang='grc' dir='ltr'>έχων</span> <span class='ocrx_word' id='word_1_742' title='bbox 2724 2599 2920 2662; x_wconf 91' lang='grc' dir='ltr'>εἰπεῖν,</span> <span class='ocrx_word' id='word_1_743' title='bbox 2968 2599 3088 2652; x_wconf 83' lang='grc' dir='ltr'>οὐδὲ</span> <span class='ocrx_word' id='word_1_744' title='bbox 3121 2600 3263 2670; x_wconf 83' lang='grc' dir='ltr'>ὑπὲρ</span> <span class='ocrx_word' id='word_1_745' title='bbox 3295 2599 3402 2652; x_wconf 88' lang='grc' dir='ltr'>τῶν</span> <span class='ocrx_word' id='word_1_746' title='bbox 3435 2601 3552 2654; x_wconf 77' lang='grc' dir='ltr'>καθ’</span> <span class='ocrx_word' id='word_1_747' title='bbox 3592 2601 3782 2656; x_wconf 86' lang='grc' dir='ltr'>ἐαυτὸν</span> 
     </span>
    </p>
   </div>
   <div class='ocr_carea' id='block_1_92' title="bbox 2095 2685 3783 2760">
    <p class='ocr_par' dir='ltr' id='par_1_92' title="bbox 2095 2685 3783 2760">
     <span class='ocr_line' id='line_1_92' title="bbox 2095 2685 3783 2760; baseline 0.002 -22"><span class='ocrx_word' id='word_1_748' title='bbox 2095 2685 2546 2757; x_wconf 83' lang='grc' dir='ltr'>ἀπολογήσασθαι</span> <span class='ocrx_word' id='word_1_749' title='bbox 2574 2686 2960 2757; x_wconf 90' lang='grc' dir='ltr'>ἐγκλημάτων,</span> <span class='ocrx_word' id='word_1_750' title='bbox 3008 2687 3130 2740; x_wconf 85' lang='grc' dir='ltr'>οὐδὲ</span> <span class='ocrx_word' id='word_1_751' title='bbox 3159 2691 3279 2751; x_wconf 85' lang='grc' dir='ltr'>ταῖς</span> <span class='ocrx_word' id='word_1_752' title='bbox 3302 2689 3526 2760; x_wconf 87' lang='grc' dir='ltr'>ἀρεταῖς</span> <span class='ocrx_word' id='word_1_753' title='bbox 3549 2689 3783 2760; x_wconf 84' lang='grc' dir='ltr'>ἐπισκῆ-</span> 
     </span>
    </p>
   </div>
   <div class='ocr_carea' id='block_1_93' title="bbox 2093 2775 3782 2848">
    <p class='ocr_par' dir='ltr' id='par_1_93' title="bbox 2093 2775 3782 2848">
     <span class='ocr_line' id='line_1_93' title="bbox 2093 2775 3782 2848; baseline 0.003 -20"><span class='ocrx_word' id='word_1_754' title='bbox 2093 2775 2192 2846; x_wconf 77' lang='grc' dir='ltr'>ψαι</span> <span class='ocrx_word' id='word_1_755' title='bbox 2207 2776 2301 2829; x_wconf 89' lang='grc' dir='ltr'>τοῦ</span> <span class='ocrx_word' id='word_1_756' title='bbox 2324 2777 2556 2837; x_wconf 89' lang='grc' dir='ltr'>δικαίου,</span> <span class='ocrx_word' id='word_1_757' title='bbox 2574 2776 2710 2848; x_wconf 89' lang='grc' dir='ltr'>πρὸς</span> <span class='ocrx_word' id='word_1_758' title='bbox 2733 2776 2935 2848; x_wconf 88' lang='grc' dir='ltr'>ταύτην</span> <span class='ocrx_word' id='word_1_759' title='bbox 2957 2777 3160 2840; x_wconf 88' lang='grc' dir='ltr'>εὐθέως</span> <span class='ocrx_word' id='word_1_760' title='bbox 3181 2777 3516 2848; x_wconf 85' lang='grc' dir='ltr'>καταφεύγει</span> <span class='ocrx_word' id='word_1_761' title='bbox 3534 2777 3630 2848; x_wconf 83' lang='grc' dir='ltr'>τὴν</span> <span class='ocrx_word' id='word_1_762' title='bbox 3645 2781 3782 2833; x_wconf 91' lang='grc' dir='ltr'>ἀπο-</span> 
     </span>
    </p>
   </div>
   <div class='ocr_carea' id='block_1_94' title="bbox 2095 2863 3782 2932">
    <p class='ocr_par' dir='ltr' id='par_1_94' title="bbox 2095 2863 3782 2932">
     <span class='ocr_line' id='line_1_94' title="bbox 2095 2863 3782 2932; baseline 0.004 -18"><span class='ocrx_word' id='word_1_763' title='bbox 2095 2863 2299 2932; x_wconf 88' lang='grc' dir='ltr'>λογίαν,</span> <span class='ocrx_word' id='word_1_764' title='bbox 2324 2863 2466 2917; x_wconf 82' lang='grc' dir='ltr'>οῦτω</span> <span class='ocrx_word' id='word_1_765' title='bbox 2497 2863 2668 2931; x_wconf 89' lang='grc' dir='ltr'>λέγων</span> <span class='ocrx_word' id='word_1_766' title='bbox 2686 2881 2700 2894; x_wconf 74' lang='grc' dir='ltr'><strong>ο</strong></span> <span class='ocrx_word' id='word_1_767' title='bbox 2735 2867 2793 2918; x_wconf 85' lang='grc' dir='ltr'><em>Μ</em></span> <span class='ocrx_word' id='word_1_768' title='bbox 2800 2863 2833 2931; x_wconf 74' lang='grc' dir='ltr'><em>ἡ</em></span> <span class='ocrx_word' id='word_1_769' title='bbox 2867 2863 3096 2932; x_wconf 77' lang='grc' dir='ltr'>δωρεὰν</span> <span class='ocrx_word' id='word_1_770' title='bbox 3123 2866 3245 2919; x_wconf 86' lang='grc' dir='ltr'>Ἰὼϐ</span> <span class='ocrx_word' id='word_1_771' title='bbox 3269 2864 3510 2919; x_wconf 80' lang='grc' dir='ltr'>σέϐεταί</span> <span class='ocrx_word' id='word_1_772' title='bbox 3533 2880 3644 2930; x_wconf 85' lang='grc' dir='ltr'>σε;</span> <span class='ocrx_word' id='word_1_773' title='bbox 3678 2882 3782 2922; x_wconf 81' lang='grc' dir='ltr'>πε·</span> 
     </span>
    </p>
   </div>
   <div class='ocr_carea' id='block_1_95' title="bbox 2087 2952 3776 3028">
    <p class='ocr_par' dir='ltr' id='par_1_95' title="bbox 2087 2952 3776 3028">
     <span class='ocr_line' id='line_1_95' title="bbox 2087 2952 3776 3028; baseline 0.004 -22"><span class='ocrx_word' id='word_1_774' title='bbox 2087 2952 2417 3022; x_wconf 66' lang='grc' dir='ltr'>ριέεεραξας</span> <span class='ocrx_word' id='word_1_775' title='bbox 2431 2952 2500 3006; x_wconf 85' lang='grc' dir='ltr'>τὰ</span> <span class='ocrx_word' id='word_1_776' title='bbox 2515 2955 2642 3007; x_wconf 78' lang='grc' dir='ltr'>ἔσω</span> <span class='ocrx_word' id='word_1_777' title='bbox 2661 2954 2847 3008; x_wconf 83' lang='grc' dir='ltr'>αὐτοῦ</span> <span class='ocrx_word' id='word_1_778' title='bbox 2870 2955 2968 3008; x_wconf 78' lang='grc' dir='ltr'>καὶ</span> <span class='ocrx_word' id='word_1_779' title='bbox 2991 2954 3063 3008; x_wconf 86' lang='grc' dir='ltr'>τὰ</span> <span class='ocrx_word' id='word_1_780' title='bbox 3073 2954 3208 3018; x_wconf 81' lang='grc' dir='ltr'>ἔξω.</span> <span class='ocrx_word' id='word_1_781' title='bbox 3236 2955 3359 3008; x_wconf 74' lang='grc' dir='ltr'>Ἐπὶ</span> <span class='ocrx_word' id='word_1_782' title='bbox 3378 2956 3576 3028; x_wconf 84' lang='grc' dir='ltr'>μισθῷ,</span> <span class='ocrx_word' id='word_1_783' title='bbox 3592 2959 3776 3028; x_wconf 72' lang='grc' dir='ltr'>φησὶν,</span> 
     </span>
    </p>
   </div>
   <div class='ocr_carea' id='block_1_96' title="bbox 2095 3039 3776 3114">
    <p class='ocr_par' dir='ltr' id='par_1_96' title="bbox 2095 3039 3776 3114">
     <span class='ocr_line' id='line_1_96' title="bbox 2095 3039 3776 3114; baseline 0.007 -24"><span class='ocrx_word' id='word_1_784' title='bbox 2095 3040 2243 3092; x_wconf 72' lang='grc' dir='ltr'>ἐστὶν</span> <span class='ocrx_word' id='word_1_785' title='bbox 2283 3042 2486 3103; x_wconf 89' lang='grc' dir='ltr'>ἐκεῖνος</span> <span class='ocrx_word' id='word_1_786' title='bbox 2534 3039 2821 3112; x_wconf 89' lang='grc' dir='ltr'>ἐνάρετος,</span> <span class='ocrx_word' id='word_1_787' title='bbox 2868 3041 3137 3112; x_wconf 87' lang='grc' dir='ltr'>τοσαύτης</span> <span class='ocrx_word' id='word_1_788' title='bbox 3175 3042 3436 3114; x_wconf 86' lang='grc' dir='ltr'>εὐπορίας</span> <span class='ocrx_word' id='word_1_789' title='bbox 3468 3044 3776 3102; x_wconf 78' lang='grc' dir='ltr'>ἀπολαύων.</span> 
     </span>
    </p>
   </div>
   <div class='ocr_carea' id='block_1_97' title="bbox 2094 3122 3779 3205">
    <p class='ocr_par' dir='ltr' id='par_1_97' title="bbox 2094 3122 3779 3205">
     <span class='ocr_line' id='line_1_97' title="bbox 2094 3122 3779 3205; baseline 0.005 -27"><span class='ocrx_word' id='word_1_790' title='bbox 2094 3127 2159 3179; x_wconf 91' lang='grc' dir='ltr'>Τί</span> <span class='ocrx_word' id='word_1_791' title='bbox 2183 3122 2276 3180; x_wconf 82' lang='grc' dir='ltr'>οῦν</span> <span class='ocrx_word' id='word_1_792' title='bbox 2295 3131 2322 3182; x_wconf 90' lang='lat'>6</span> <span class='ocrx_word' id='word_1_793' title='bbox 2342 3129 2504 3195; x_wconf 73' lang='grc' dir='ltr'>Θεός,</span> <span class='ocrx_word' id='word_1_794' title='bbox 2533 3127 2864 3197; x_wconf 80' lang='grc' dir='ltr'>Βουλόμενος</span> <span class='ocrx_word' id='word_1_795' title='bbox 2894 3129 3084 3195; x_wconf 88' lang='grc' dir='ltr'>δεῖξαι,</span> <span class='ocrx_word' id='word_1_796' title='bbox 3113 3131 3191 3183; x_wconf 84' lang='grc' dir='ltr'>ὅτι</span> <span class='ocrx_word' id='word_1_797' title='bbox 3222 3132 3320 3184; x_wconf 90' lang='grc' dir='ltr'>οὐκ</span> <span class='ocrx_word' id='word_1_798' title='bbox 3342 3132 3433 3185; x_wconf 75' lang='grc' dir='ltr'>ἐπὶ</span> <span class='ocrx_word' id='word_1_799' title='bbox 3455 3131 3568 3205; x_wconf 75' lang='grc'>[12]</span> <span class='ocrx_word' id='word_1_800' title='bbox 3603 3133 3779 3204; x_wconf 83' lang='grc' dir='ltr'>μισθῷ</span> 
     </span>
    </p>
   </div>
   <div class='ocr_carea' id='block_1_98' title="bbox 2095 3214 3781 3292">
    <p class='ocr_par' dir='ltr' id='par_1_98' title="bbox 2095 3214 3781 3292">
     <span class='ocr_line' id='line_1_98' title="bbox 2095 3214 3781 3292; baseline 0.004 -24"><span class='ocrx_word' id='word_1_801' title='bbox 2095 3214 2491 3286; x_wconf 85' lang='grc' dir='ltr'>θεραπεύουσιν</span> <span class='ocrx_word' id='word_1_802' title='bbox 2531 3217 2694 3270; x_wconf 86' lang='grc' dir='ltr'>αὐτὸν</span> <span class='ocrx_word' id='word_1_803' title='bbox 2735 3229 2758 3256; x_wconf 77' lang='grc' dir='ltr'>ο</span> <span class='ocrx_word' id='word_1_804' title='bbox 2795 3219 2844 3270; x_wconf 92' lang='grc' dir='ltr'>οἰ</span> <span class='ocrx_word' id='word_1_805' title='bbox 2881 3218 3045 3287; x_wconf 85' lang='grc' dir='ltr'>ἆγιοι,</span> <span class='ocrx_word' id='word_1_806' title='bbox 3074 3219 3345 3290; x_wconf 86' lang='grc' dir='ltr'>περιεῖλεν</span> <span class='ocrx_word' id='word_1_807' title='bbox 3371 3220 3535 3273; x_wconf 89' lang='grc' dir='ltr'>αὐτοῦ</span> <span class='ocrx_word' id='word_1_808' title='bbox 3567 3219 3667 3292; x_wconf 85' lang='grc' dir='ltr'>τὴν</span> <span class='ocrx_word' id='word_1_809' title='bbox 3697 3223 3781 3275; x_wconf 86' lang='grc' dir='ltr'>εὐ·</span> 
     </span>
    </p>
   </div>
   <div class='ocr_carea' id='block_1_99' title="bbox 2093 3303 3777 3380">
    <p class='ocr_par' dir='ltr' id='par_1_99' title="bbox 2093 3303 3777 3380">
     <span class='ocr_line' id='line_1_99' title="bbox 2093 3303 3777 3380; baseline 0.004 -25"><span class='ocrx_word' id='word_1_810' title='bbox 2093 3305 2289 3375; x_wconf 86' lang='grc' dir='ltr'>πορίαν</span> <span class='ocrx_word' id='word_1_811' title='bbox 2337 3303 2576 3370; x_wconf 76' lang='grc' dir='ltr'>ἃπασαν,</span> <span class='ocrx_word' id='word_1_812' title='bbox 2631 3306 2726 3358; x_wconf 76' lang='grc' dir='ltr'>καὶ</span> <span class='ocrx_word' id='word_1_813' title='bbox 2779 3305 2940 3376; x_wconf 71' lang='grc' dir='ltr'>πενία</span> <span class='ocrx_word' id='word_1_814' title='bbox 2993 3306 3312 3378; x_wconf 87' lang='grc' dir='ltr'>παρέδωκε,</span> <span class='ocrx_word' id='word_1_815' title='bbox 3369 3309 3463 3362; x_wconf 87' lang='lat' dir='ltr'>ml</span> <span class='ocrx_word' id='word_1_816' title='bbox 3509 3312 3777 3380; x_wconf 68' lang='grc' dir='ltr'>νοσήματι</span> 
     </span>
    </p>
   </div>
   <div class='ocr_carea' id='block_1_100' title="bbox 2094 3389 3778 3464">
    <p class='ocr_par' dir='ltr' id='par_1_100' title="bbox 2094 3389 3778 3464">
     <span class='ocr_line' id='line_1_100' title="bbox 2094 3389 3778 3464; baseline 0.002 -20"><span class='ocrx_word' id='word_1_817' title='bbox 2094 3389 2315 3460; x_wconf 80' lang='grc' dir='ltr'>χαλεπῷ</span> <span class='ocrx_word' id='word_1_818' title='bbox 2340 3393 2656 3461; x_wconf 81' lang='grc' dir='ltr'>περιπεσεῖν</span> <span class='ocrx_word' id='word_1_819' title='bbox 2683 3390 3081 3463; x_wconf 84' lang='grc' dir='ltr'>συνεχώρησεν.</span> <span class='ocrx_word' id='word_1_820' title='bbox 3100 3391 3232 3446; x_wconf 87' lang='grc' dir='ltr'>Εἶτα</span> <span class='ocrx_word' id='word_1_821' title='bbox 3257 3395 3495 3464; x_wconf 84' lang='grc' dir='ltr'>ἐλέγχων</span> <span class='ocrx_word' id='word_1_822' title='bbox 3515 3395 3678 3449; x_wconf 88' lang='grc' dir='ltr'>αὐτὸν</span> <span class='ocrx_word' id='word_1_823' title='bbox 3703 3397 3778 3460; x_wconf 84' lang='grc' dir='ltr'>ὡς</span> 
     </span>
    </p>
   </div>
   <div class='ocr_carea' id='block_1_101' title="bbox 2093 3475 3779 3551">
    <p class='ocr_par' dir='ltr' id='par_1_101' title="bbox 2093 3475 3779 3551">
     <span class='ocr_line' id='line_1_101' title="bbox 2093 3475 3779 3551; baseline 0.005 -23"><span class='ocrx_word' id='word_1_824' title='bbox 2093 3476 2216 3546; x_wconf 83' lang='grc' dir='ltr'>εἰκῆ</span> <span class='ocrx_word' id='word_1_825' title='bbox 2249 3475 2424 3530; x_wconf 84' lang='grc' dir='ltr'>ταῦτα</span> <span class='ocrx_word' id='word_1_826' title='bbox 2453 3476 2886 3539; x_wconf 87' lang='grc' dir='ltr'>ὑποπτεύσαντα,</span> <span class='ocrx_word' id='word_1_827' title='bbox 2917 3479 3102 3550; x_wconf 78' lang='grc' dir='ltr'>φησὶν,</span> <span class='ocrx_word' id='word_1_828' title='bbox 3142 3481 3224 3534; x_wconf 80' lang='grc' dir='ltr'>ὅτι</span> <span class='ocrx_word' id='word_1_829' title='bbox 3257 3483 3385 3535; x_wconf 86' lang='grc' dir='ltr'>Ἔτι</span> <span class='ocrx_word' id='word_1_830' title='bbox 3408 3481 3607 3551; x_wconf 76' lang='grc' dir='ltr'>ἔχεται</span> <span class='ocrx_word' id='word_1_831' title='bbox 3636 3485 3779 3538; x_wconf 80' lang='grc' dir='ltr'>ἀκα-</span> 
     </span>
    </p>
   </div>
   <div class='ocr_carea' id='block_1_102' title="bbox 2095 3561 3776 3639">
    <p class='ocr_par' dir='ltr' id='par_1_102' title="bbox 2095 3561 3776 3639">
     <span class='ocr_line' id='line_1_102' title="bbox 2095 3561 3776 3639; baseline 0.004 -21"><span class='ocrx_word' id='word_1_832' title='bbox 2095 3564 2262 3629; x_wconf 79' lang='grc' dir='ltr'>κίας·</span> <span class='ocrx_word' id='word_1_833' title='bbox 2306 3563 2389 3618; x_wconf 87' lang='grc' dir='ltr'>σὺ</span> <span class='ocrx_word' id='word_1_834' title='bbox 2440 3564 2510 3616; x_wconf 84' lang='grc' dir='ltr'>δὲ</span> <span class='ocrx_word' id='word_1_835' title='bbox 2559 3561 2735 3632; x_wconf 76' lang='grc' dir='ltr'>εἶπας</span> <span class='ocrx_word' id='word_1_836' title='bbox 2778 3565 3059 3634; x_wconf 76' lang='grc' dir='ltr'>διακενῆς</span> <span class='ocrx_word' id='word_1_837' title='bbox 3105 3566 3178 3622; x_wconf 81' lang='grc' dir='ltr'>τὰ</span> <span class='ocrx_word' id='word_1_838' title='bbox 3208 3567 3557 3639; x_wconf 79' lang='grc' dir='ltr'>ὑπάρχοντα</span> <span class='ocrx_word' id='word_1_839' title='bbox 3589 3571 3776 3626; x_wconf 82' lang='grc' dir='ltr'>αὐτοῦ</span> 
     </span>
    </p>
   </div>
   <div class='ocr_carea' id='block_1_103' title="bbox 2093 3651 3778 3729">
    <p class='ocr_par' dir='ltr' id='par_1_103' title="bbox 2093 3651 3778 3729">
     <span class='ocr_line' id='line_1_103' title="bbox 2093 3651 3778 3729; baseline 0.004 -23"><span class='ocrx_word' id='word_1_840' title='bbox 2093 3651 2410 3706; x_wconf 77' lang='grc' dir='ltr'>ἀπολέσαι.</span> <span class='ocrx_word' id='word_1_841' title='bbox 2449 3653 2574 3716; x_wconf 89' lang='grc' dir='ltr'>Τοῖς</span> <span class='ocrx_word' id='word_1_842' title='bbox 2601 3653 2711 3725; x_wconf 79' lang='grc' dir='ltr'>γὰρ</span> <span class='ocrx_word' id='word_1_843' title='bbox 2742 3654 2917 3723; x_wconf 87' lang='grc' dir='ltr'>ἁγίοις</span> <span class='ocrx_word' id='word_1_844' title='bbox 2948 3655 3109 3725; x_wconf 86' lang='grc' dir='ltr'>ἀρκεῖ</span> <span class='ocrx_word' id='word_1_845' title='bbox 3133 3655 3291 3709; x_wconf 90' lang='grc' dir='ltr'>τοῦτο</span> <span class='ocrx_word' id='word_1_846' title='bbox 3317 3659 3396 3720; x_wconf 84' lang='grc' dir='ltr'>εἰς</span> <span class='ocrx_word' id='word_1_847' title='bbox 3425 3659 3660 3729; x_wconf 80' lang='grc' dir='ltr'>ἀμοιϐὴν</span> <span class='ocrx_word' id='word_1_848' title='bbox 3684 3659 3778 3713; x_wconf 76' lang='grc' dir='ltr'>καὶ</span> 
     </span>
    </p>
   </div>
   <div class='ocr_carea' id='block_1_104' title="bbox 2092 3738 3776 3816">
    <p class='ocr_par' dir='ltr' id='par_1_104' title="bbox 2092 3738 3776 3816">
     <span class='ocr_line' id='line_1_104' title="bbox 2092 3738 3776 3816; baseline 0.005 -24"><span class='ocrx_word' id='word_1_849' title='bbox 2092 3738 2380 3803; x_wconf 88' lang='grc' dir='ltr'>ἀντίδοσιν,</span> <span class='ocrx_word' id='word_1_850' title='bbox 2400 3739 2464 3793; x_wconf 89' lang='lat'>16</span> <span class='ocrx_word' id='word_1_851' title='bbox 2490 3739 2813 3812; x_wconf 88' lang='grc' dir='ltr'>θεραπεύειν</span> <span class='ocrx_word' id='word_1_852' title='bbox 2846 3741 2937 3796; x_wconf 88' lang='grc' dir='ltr'>τὸν</span> <span class='ocrx_word' id='word_1_853' title='bbox 2965 3743 3098 3796; x_wconf 84' lang='grc' dir='ltr'>Θεόν</span> <span class='ocrx_word' id='word_1_854' title='bbox 3115 3759 3127 3773; x_wconf 88' lang='grc'>·</span> <span class='ocrx_word' id='word_1_855' title='bbox 3162 3744 3284 3797; x_wconf 78' lang='grc' dir='ltr'>ἐπεὶ</span> <span class='ocrx_word' id='word_1_856' title='bbox 3308 3745 3401 3797; x_wconf 74' lang='grc' dir='ltr'>καὶ</span> <span class='ocrx_word' id='word_1_857' title='bbox 3429 3745 3508 3816; x_wconf 85' lang='grc' dir='ltr'>τῷ</span> <span class='ocrx_word' id='word_1_858' title='bbox 3536 3746 3776 3816; x_wconf 81' lang='grc' dir='ltr'>φιλοῦντι</span> 
     </span>
    </p>
   </div>
   <div class='ocr_carea' id='block_1_105' title="bbox 2091 3825 3778 3902">
    <p class='ocr_par' dir='ltr' id='par_1_105' title="bbox 2091 3825 3778 3902">
     <span class='ocr_line' id='line_1_105' title="bbox 2091 3825 3778 3902; baseline 0.007 -25"><span class='ocrx_word' id='word_1_859' title='bbox 2091 3825 2249 3878; x_wconf 90' lang='grc' dir='ltr'>τοῦτο</span> <span class='ocrx_word' id='word_1_860' title='bbox 2295 3827 2456 3898; x_wconf 89' lang='grc' dir='ltr'>ἀρκεῖ</span> <span class='ocrx_word' id='word_1_861' title='bbox 2500 3829 2580 3892; x_wconf 84' lang='grc' dir='ltr'>εἰς</span> <span class='ocrx_word' id='word_1_862' title='bbox 2624 3828 2860 3900; x_wconf 89' lang='grc' dir='ltr'>ἀμοιϐὴν</span> <span class='ocrx_word' id='word_1_863' title='bbox 2904 3829 2964 3883; x_wconf 89' lang='grc' dir='ltr'>τὸ</span> <span class='ocrx_word' id='word_1_864' title='bbox 3005 3829 3179 3900; x_wconf 88' lang='grc' dir='ltr'>φιλεῖν</span> <span class='ocrx_word' id='word_1_865' title='bbox 3223 3831 3314 3885; x_wconf 82' lang='grc' dir='ltr'>τὸν</span> <span class='ocrx_word' id='word_1_866' title='bbox 3365 3831 3643 3902; x_wconf 88' lang='grc' dir='ltr'>ἐρώμενον</span> <span class='ocrx_word' id='word_1_867' title='bbox 3685 3834 3778 3890; x_wconf 87' lang='grc' dir='ltr'>τὸν</span> 
     </span>
    </p>
   </div>
   <div class='ocr_carea' id='block_1_106' title="bbox 2093 3913 3778 3991">
    <p class='ocr_par' dir='ltr' id='par_1_106' title="bbox 2093 3913 3778 3991">
     <span class='ocr_line' id='line_1_106' title="bbox 2093 3913 3778 3991; baseline 0.006 -25"><span class='ocrx_word' id='word_1_868' title='bbox 2093 3913 2306 3978; x_wconf 89' lang='grc' dir='ltr'>ἐαυτοῦ,</span> <span class='ocrx_word' id='word_1_869' title='bbox 2344 3915 2438 3968; x_wconf 76' lang='grc' dir='ltr'>καὶ</span> <span class='ocrx_word' id='word_1_870' title='bbox 2465 3915 2624 3968; x_wconf 87' lang='grc' dir='ltr'>πλέον</span> <span class='ocrx_word' id='word_1_871' title='bbox 2648 3916 2798 3970; x_wconf 88' lang='grc' dir='ltr'>οὐδὲν</span> <span class='ocrx_word' id='word_1_872' title='bbox 2830 3917 3098 3989; x_wconf 83' lang='grc' dir='ltr'>ἐπιζητεῖ,</span> <span class='ocrx_word' id='word_1_873' title='bbox 3124 3918 3243 3972; x_wconf 86' lang='grc' dir='ltr'>οὐδὲ</span> <span class='ocrx_word' id='word_1_874' title='bbox 3279 3921 3490 3990; x_wconf 76' lang='grc' dir='ltr'>ἡγεῖταί</span> <span class='ocrx_word' id='word_1_875' title='bbox 3514 3937 3568 3972; x_wconf 87' lang='grc' dir='ltr'>τι</span> <span class='ocrx_word' id='word_1_876' title='bbox 3593 3922 3778 3991; x_wconf 84' lang='grc' dir='ltr'>μεῖζον</span> 
     </span>
    </p>
   </div>
   <div class='ocr_carea' id='block_1_107' title="bbox 2094 3997 3777 4078">
    <p class='ocr_par' dir='ltr' id='par_1_107' title="bbox 2094 3997 3777 4078">
     <span class='ocr_line' id='line_1_107' title="bbox 2094 3997 3777 4078; baseline 0.006 -24"><span class='ocrx_word' id='word_1_877' title='bbox 2094 3997 2231 4054; x_wconf 83' lang='grc' dir='ltr'>εἶναι</span> <span class='ocrx_word' id='word_1_878' title='bbox 2268 4001 2483 4056; x_wconf 89' lang='grc' dir='ltr'>τούτου.</span> <span class='ocrx_word' id='word_1_879' title='bbox 2510 4003 2572 4055; x_wconf 77' lang='grc' dir='ltr'><strong>Εἰ</strong></span> <span class='ocrx_word' id='word_1_880' title='bbox 2598 4002 2654 4055; x_wconf 91' lang='grc' dir='ltr'>δέ</span> <span class='ocrx_word' id='word_1_881' title='bbox 2680 4003 2766 4056; x_wconf 78' lang='grc' dir='ltr'>ἐπ’</span> <span class='ocrx_word' id='word_1_882' title='bbox 2794 4005 3084 4076; x_wconf 86' lang='grc' dir='ltr'>ἀνθρώπου</span> <span class='ocrx_word' id='word_1_883' title='bbox 3114 4004 3134 4045; x_wconf 72' lang='grc' dir='ltr'>ί</span> <span class='ocrx_word' id='word_1_884' title='bbox 3166 4005 3343 4072; x_wconf 89' lang='grc' dir='ltr'>τοῦτο,</span> <span class='ocrx_word' id='word_1_885' title='bbox 3368 4006 3546 4078; x_wconf 85' lang='grc' dir='ltr'>πολλῷ</span> <span class='ocrx_word' id='word_1_886' title='bbox 3577 4009 3777 4078; x_wconf 86' lang='grc' dir='ltr'>μᾶλλον</span> 
     </span>
    </p>
   </div>
   <div class='ocr_carea' id='block_1_108' title="bbox 2095 4086 3774 4166">
    <p class='ocr_par' dir='ltr' id='par_1_108' title="bbox 2095 4086 3774 4166">
     <span class='ocr_line' id='line_1_108' title="bbox 2095 4086 3774 4166; baseline 0.005 -25"><span class='ocrx_word' id='word_1_887' title='bbox 2095 4089 2189 4142; x_wconf 79' lang='grc' dir='ltr'>ἐπὶ</span> <span class='ocrx_word' id='word_1_888' title='bbox 2227 4089 2319 4143; x_wconf 91' lang='grc' dir='ltr'>τοῦ</span> <span class='ocrx_word' id='word_1_889' title='bbox 2357 4089 2520 4142; x_wconf 77' lang='grc' dir='ltr'>Θεοῦ’</span> <span class='ocrx_word' id='word_1_890' title='bbox 2564 4091 2701 4162; x_wconf 87' lang='grc' dir='ltr'>ὅπερ</span> <span class='ocrx_word' id='word_1_891' title='bbox 2731 4086 2825 4144; x_wconf 80' lang='grc' dir='ltr'>οὖν</span> <span class='ocrx_word' id='word_1_892' title='bbox 2858 4093 2953 4145; x_wconf 74' lang='grc' dir='ltr'>καὶ</span> <span class='ocrx_word' id='word_1_893' title='bbox 2994 4094 3022 4145; x_wconf 90' lang='lat'>6</span> <span class='ocrx_word' id='word_1_894' title='bbox 3053 4091 3185 4157; x_wconf 88' lang='grc' dir='ltr'>Θεὸς</span> <span class='ocrx_word' id='word_1_895' title='bbox 3221 4094 3390 4158; x_wconf 80' lang='grc' dir='ltr'>δεῖξαι</span> <span class='ocrx_word' id='word_1_896' title='bbox 3429 4095 3774 4166; x_wconf 87' lang='grc' dir='ltr'>βουλόμενος,</span> 
     </span>
    </p>
   </div>
   <div class='ocr_carea' id='block_1_109' title="bbox 2095 4169 3776 4255">
    <p class='ocr_par' dir='ltr' id='par_1_109' title="bbox 2095 4169 3776 4255">
     <span class='ocr_line' id='line_1_109' title="bbox 2095 4169 3776 4255; baseline 0.005 -27"><span class='ocrx_word' id='word_1_897' title='bbox 2095 4176 2257 4230; x_wconf 88' lang='grc' dir='ltr'>πλέον</span> <span class='ocrx_word' id='word_1_898' title='bbox 2285 4169 2360 4230; x_wconf 81' lang='grc' dir='ltr'>ῶν</span> <span class='ocrx_word' id='word_1_899' title='bbox 2399 4177 2599 4248; x_wconf 72' lang='grc' dir='ltr'>ᾔτησεν</span> <span class='ocrx_word' id='word_1_900' title='bbox 2635 4179 2664 4231; x_wconf 88' lang='grc' dir='ltr'>ὁ</span> <span class='ocrx_word' id='word_1_901' title='bbox 2711 4178 2956 4243; x_wconf 85' lang='grc' dir='ltr'>διάϐολος</span> <span class='ocrx_word' id='word_1_902' title='bbox 2982 4179 3202 4234; x_wconf 75' lang='grc' dir='ltr'>ἔδωκεν.</span> <span class='ocrx_word' id='word_1_903' title='bbox 3259 4181 3494 4246; x_wconf 85' lang='grc' dir='ltr'>Ἐκεῖνος</span> <span class='ocrx_word' id='word_1_904' title='bbox 3539 4183 3638 4254; x_wconf 81' lang='grc' dir='ltr'>μὲν</span> <span class='ocrx_word' id='word_1_905' title='bbox 3667 4183 3776 4255; x_wconf 79' lang='grc' dir='ltr'>γάρ</span> 
     </span>
    </p>
   </div>
   <div class='ocr_carea' id='block_1_110' title="bbox 2095 4265 3776 4338">
    <p class='ocr_par' dir='ltr' id='par_1_110' title="bbox 2095 4265 3776 4338">
     <span class='ocr_line' id='line_1_110' title="bbox 2095 4265 3776 4338; baseline 0.006 -22"><span class='ocrx_word' id='word_1_906' title='bbox 2095 4281 2260 4335; x_wconf 73' lang='grc' dir='ltr'>φησιν</span> <span class='ocrx_word' id='word_1_907' title='bbox 2283 4281 2297 4296; x_wconf 75' lang='grc' dir='ltr'><strong><em>ο</em></strong></span> <span class='ocrx_word' id='word_1_908' title='bbox 2346 4265 2818 4330; x_wconf 66' lang='grc' dir='ltr'>Ἐίιάπόστειλον</span> <span class='ocrx_word' id='word_1_909' title='bbox 2850 4267 2963 4334; x_wconf 77' lang='grc' dir='ltr'>τὴν</span> <span class='ocrx_word' id='word_1_910' title='bbox 2986 4267 3155 4337; x_wconf 81' lang='grc' dir='ltr'>χεῖρά</span> <span class='ocrx_word' id='word_1_911' title='bbox 3187 4283 3327 4335; x_wconf 89' lang='grc' dir='ltr'>σου,</span> <span class='ocrx_word' id='word_1_912' title='bbox 3362 4271 3457 4323; x_wconf 78' lang='grc' dir='ltr'>καὶ</span> <span class='ocrx_word' id='word_1_913' title='bbox 3487 4269 3638 4338; x_wconf 70' lang='grc' dir='ltr'>ἅψαι</span> <span class='ocrx_word' id='word_1_914' title='bbox 3667 4273 3776 4326; x_wconf 84' lang='grc' dir='ltr'>αὑ-</span> 
     </span>
    </p>
   </div>
   <div class='ocr_carea' id='block_1_111' title="bbox 2094 4352 3771 4430">
    <p class='ocr_par' dir='ltr' id='par_1_111' title="bbox 2094 4352 3771 4430">
     <span class='ocr_line' id='line_1_111' title="bbox 2094 4352 3771 4430; baseline 0.004 -25"><span class='ocrx_word' id='word_1_915' title='bbox 2094 4352 2222 4406; x_wconf 79' lang='grc' dir='ltr'>τοῦ⁸</span> <span class='ocrx_word' id='word_1_916' title='bbox 2253 4355 2282 4406; x_wconf 87' lang='grc' dir='ltr'>ὁ</span> <span class='ocrx_word' id='word_1_917' title='bbox 2311 4353 2368 4406; x_wconf 82' lang='grc' dir='ltr'>δὲ</span> <span class='ocrx_word' id='word_1_918' title='bbox 2394 4353 2526 4417; x_wconf 84' lang='grc' dir='ltr'>Θεὸς</span> <span class='ocrx_word' id='word_1_919' title='bbox 2559 4355 2657 4424; x_wconf 88' lang='grc' dir='ltr'>οὐχ</span> <span class='ocrx_word' id='word_1_920' title='bbox 2685 4353 2878 4418; x_wconf 76' lang='grc' dir='ltr'>οὕτως,</span> <span class='ocrx_word' id='word_1_921' title='bbox 2907 4354 3064 4422; x_wconf 87' lang='grc' dir='ltr'>ἀλλά,</span> <span class='ocrx_word' id='word_1_922' title='bbox 3098 4357 3188 4409; x_wconf 70' lang='grc' dir='ltr'>Σοὶ</span> <span class='ocrx_word' id='word_1_923' title='bbox 3217 4357 3379 4410; x_wconf 89' lang='grc' dir='ltr'>αὐτὸν</span> <span class='ocrx_word' id='word_1_924' title='bbox 3409 4358 3771 4430; x_wconf 85' lang='grc' dir='ltr'>παραδίδωμι,</span> 
     </span>
    </p>
   </div>
   <div class='ocr_carea' id='block_1_112' title="bbox 2095 4439 3774 4517">
    <p class='ocr_par' dir='ltr' id='par_1_112' title="bbox 2095 4439 3774 4517">
     <span class='ocr_line' id='line_1_112' title="bbox 2095 4439 3774 4517; baseline 0.004 -25"><span class='ocrx_word' id='word_1_925' title='bbox 2095 4439 2276 4510; x_wconf 87' lang='grc' dir='ltr'>φησίν.</span> <span class='ocrx_word' id='word_1_926' title='bbox 2295 4440 2566 4512; x_wconf 86' lang='grc' dir='ltr'>Καθάπερ</span> <span class='ocrx_word' id='word_1_927' title='bbox 2589 4441 2699 4512; x_wconf 74' lang='grc' dir='ltr'>γὰρ</span> <span class='ocrx_word' id='word_1_928' title='bbox 2715 4443 2806 4494; x_wconf 76' lang='grc' dir='ltr'>ἐπὶ</span> <span class='ocrx_word' id='word_1_929' title='bbox 2836 4442 2942 4496; x_wconf 83' lang='grc' dir='ltr'>τῶν</span> <span class='ocrx_word' id='word_1_930' title='bbox 2962 4441 3159 4507; x_wconf 78' lang='grc' dir='ltr'>ἔξωθεν</span> <span class='ocrx_word' id='word_1_931' title='bbox 3185 4443 3411 4512; x_wconf 84' lang='grc' dir='ltr'>ἀγώνων</span> <span class='ocrx_word' id='word_1_932' title='bbox 3432 4445 3482 4498; x_wconf 83' lang='grc' dir='ltr'>οἱ</span> <span class='ocrx_word' id='word_1_933' title='bbox 3500 4448 3774 4517; x_wconf 78' lang='grc' dir='ltr'>σφριγῶν·</span> 
     </span>
    </p>
   </div>
   <div class='ocr_carea' id='block_1_113' title="bbox 2091 4527 3774 4604">
    <p class='ocr_par' dir='ltr' id='par_1_113' title="bbox 2091 4527 3774 4604">
     <span class='ocr_line' id='line_1_113' title="bbox 2091 4527 3774 4604; baseline 0.004 -24"><span class='ocrx_word' id='word_1_934' title='bbox 2091 4543 2184 4592; x_wconf 85' lang='grc' dir='ltr'>τες</span> <span class='ocrx_word' id='word_1_935' title='bbox 2214 4528 2284 4582; x_wconf 86' lang='grc' dir='ltr'>τὰ</span> <span class='ocrx_word' id='word_1_936' title='bbox 2314 4527 2543 4600; x_wconf 79' lang='grc' dir='ltr'>σώματα</span> <span class='ocrx_word' id='word_1_937' title='bbox 2565 4531 2658 4583; x_wconf 81' lang='grc' dir='ltr'>καὶ</span> <span class='ocrx_word' id='word_1_938' title='bbox 2684 4529 3032 4594; x_wconf 85' lang='grc' dir='ltr'>εὐεκτοῦντες</span> <span class='ocrx_word' id='word_1_939' title='bbox 3064 4530 3172 4584; x_wconf 90' lang='grc' dir='ltr'>τῶν</span> <span class='ocrx_word' id='word_1_940' title='bbox 3201 4530 3450 4603; x_wconf 86' lang='grc' dir='ltr'>ἀθλητῶν</span> <span class='ocrx_word' id='word_1_941' title='bbox 3477 4534 3576 4604; x_wconf 81' lang='grc' dir='ltr'>οὐχ</span> <span class='ocrx_word' id='word_1_942' title='bbox 3600 4533 3774 4599; x_wconf 81' lang='grc' dir='ltr'>οὑτως</span> 
     </span>
    </p>
   </div>
   <div class='ocr_carea' id='block_1_114' title="bbox 2093 4619 3771 4696">
    <p class='ocr_par' dir='ltr' id='par_1_114' title="bbox 2093 4619 3771 4696">
     <span class='ocr_line' id='line_1_114' title="bbox 2093 4619 3771 4696; baseline 0.006 -25"><span class='ocrx_word' id='word_1_943' title='bbox 2093 4619 2393 4686; x_wconf 86' lang='grc' dir='ltr'>φαίνονται,</span> <span class='ocrx_word' id='word_1_944' title='bbox 2425 4620 2644 4674; x_wconf 65' lang='grc' dir='ltr'>ἐπειδὰν</span> <span class='ocrx_word' id='word_1_945' title='bbox 2671 4621 2732 4674; x_wconf 90' lang='grc' dir='ltr'>τὸ</span> <span class='ocrx_word' id='word_1_946' title='bbox 2760 4620 3043 4692; x_wconf 89' lang='grc' dir='ltr'>διάϐροχον</span> <span class='ocrx_word' id='word_1_947' title='bbox 3073 4622 3238 4693; x_wconf 85' lang='grc' dir='ltr'>ἐλαίῳ</span> <span class='ocrx_word' id='word_1_948' title='bbox 3266 4623 3531 4678; x_wconf 86' lang='grc' dir='ltr'>πάντοθεν</span> <span class='ocrx_word' id='word_1_949' title='bbox 3560 4626 3771 4696; x_wconf 88' lang='grc' dir='ltr'>ἱμάτιον</span> 
     </span>
    </p>
   </div>
   <div class='ocr_carea' id='block_1_115' title="bbox 2091 4699 3771 4784">
    <p class='ocr_par' dir='ltr' id='par_1_115' title="bbox 2091 4699 3771 4784">
     <span class='ocr_line' id='line_1_115' title="bbox 2091 4699 3771 4784; baseline 0.005 -26"><span class='ocrx_word' id='word_1_950' title='bbox 2091 4699 2193 4758; x_wconf 85' lang='grc' dir='ltr'>ῶσι</span> <span class='ocrx_word' id='word_1_951' title='bbox 2222 4706 2708 4780; x_wconf 88' lang='grc' dir='ltr'>περιϐεϐλημένοι,</span> <span class='ocrx_word' id='word_1_952' title='bbox 2769 4708 2884 4762; x_wconf 80' lang='grc' dir='ltr'>ἀλλ’</span> <span class='ocrx_word' id='word_1_953' title='bbox 2930 4710 3058 4762; x_wconf 85' lang='grc' dir='ltr'>ὅταν</span> <span class='ocrx_word' id='word_1_954' title='bbox 3103 4711 3234 4763; x_wconf 84' lang='grc' dir='ltr'>αὐτὸ</span> <span class='ocrx_word' id='word_1_955' title='bbox 3283 4711 3538 4782; x_wconf 80' lang='grc' dir='ltr'>ῥίψαντες</span> <span class='ocrx_word' id='word_1_956' title='bbox 3571 4716 3771 4784; x_wconf 73' lang='grc' dir='ltr'>γυμνοὶ</span> 
     </span>
    </p>
   </div>
   <div class='ocr_carea' id='block_1_116' title="bbox 2092 4794 3769 4868">
    <p class='ocr_par' dir='ltr' id='par_1_116' title="bbox 2092 4794 3769 4868">
     <span class='ocr_line' id='line_1_116' title="bbox 2092 4794 3769 4868; baseline 0.007 -22"><span class='ocrx_word' id='word_1_957' title='bbox 2092 4794 2229 4865; x_wconf 86' lang='grc' dir='ltr'>πρὸς</span> <span class='ocrx_word' id='word_1_958' title='bbox 2260 4795 2329 4848; x_wconf 77' lang='grc' dir='ltr'>τὰ</span> <span class='ocrx_word' id='word_1_959' title='bbox 2365 4797 2666 4867; x_wconf 85' lang='grc' dir='ltr'>σκάμματα</span> <span class='ocrx_word' id='word_1_960' title='bbox 2689 4797 2974 4862; x_wconf 79' lang='grc' dir='ltr'>έλκωνται,</span> <span class='ocrx_word' id='word_1_961' title='bbox 3004 4798 3123 4851; x_wconf 91' lang='grc' dir='ltr'>τότε</span> <span class='ocrx_word' id='word_1_962' title='bbox 3157 4799 3391 4868; x_wconf 82' lang='grc' dir='ltr'>μάλιστα</span> <span class='ocrx_word' id='word_1_963' title='bbox 3415 4802 3541 4865; x_wconf 79' lang='grc' dir='ltr'>τοὺς</span> <span class='ocrx_word' id='word_1_964' title='bbox 3570 4802 3769 4868; x_wconf 88' lang='grc' dir='ltr'>θεατάς</span> 
     </span>
    </p>
   </div>
   <div class='ocr_carea' id='block_1_117' title="bbox 2090 4883 3769 4960">
    <p class='ocr_par' dir='ltr' id='par_1_117' title="bbox 2090 4883 3769 4960">
     <span class='ocr_line' id='line_1_117' title="bbox 2090 4883 3769 4960; baseline 0.006 -25"><span class='ocrx_word' id='word_1_965' title='bbox 2090 4885 2156 4953; x_wconf 81' lang='grc' dir='ltr'>τῇ</span> <span class='ocrx_word' id='word_1_966' title='bbox 2187 4883 2297 4936; x_wconf 88' lang='grc' dir='ltr'>τῶν</span> <span class='ocrx_word' id='word_1_967' title='bbox 2334 4883 2510 4953; x_wconf 88' lang='grc' dir='ltr'>μελῶν</span> <span class='ocrx_word' id='word_1_968' title='bbox 2545 4886 2806 4957; x_wconf 76' lang='grc' dir='ltr'>ἀναλογίᾳ</span> <span class='ocrx_word' id='word_1_969' title='bbox 2831 4886 3093 4940; x_wconf 89' lang='grc' dir='ltr'>πάντοθεν</span> <span class='ocrx_word' id='word_1_970' title='bbox 3115 4888 3524 4960; x_wconf 85' lang='grc' dir='ltr'>ἐκπλήττουσιν,</span> <span class='ocrx_word' id='word_1_971' title='bbox 3555 4891 3769 4956; x_wconf 86' lang='grc' dir='ltr'>οὐδενὸς</span> 
     </span>
    </p>
   </div>
   <div class='ocr_carea' id='block_1_118' title="bbox 2091 4970 3764 5044">
    <p class='ocr_par' dir='ltr' id='par_1_118' title="bbox 2091 4970 3764 5044">
     <span class='ocr_line' id='line_1_118' title="bbox 2091 4970 3764 5044; baseline 0.006 -23"><span class='ocrx_word' id='word_1_972' title='bbox 2091 4970 2263 5040; x_wconf 80' lang='grc' dir='ltr'>αὐτὴν</span> <span class='ocrx_word' id='word_1_973' title='bbox 2291 4972 2607 5026; x_wconf 87' lang='grc' dir='ltr'>ἐπισκιάσαι</span> <span class='ocrx_word' id='word_1_974' title='bbox 2655 4972 2955 5041; x_wconf 88' lang='grc' dir='ltr'>δυναμένου</span> <span class='ocrx_word' id='word_1_975' title='bbox 2997 4971 3214 5026; x_wconf 71' lang='grc' dir='ltr'>λοιπόψ</span> <span class='ocrx_word' id='word_1_976' title='bbox 3241 4974 3383 5027; x_wconf 77' lang='grc' dir='ltr'>οὓτω</span> <span class='ocrx_word' id='word_1_977' title='bbox 3417 4977 3510 5029; x_wconf 80' lang='grc' dir='ltr'>καὶ</span> <span class='ocrx_word' id='word_1_978' title='bbox 3549 4979 3580 5030; x_wconf 90' lang='lat'>6</span> <span class='ocrx_word' id='word_1_979' title='bbox 3622 4977 3764 5044; x_wconf 84' lang='grc' dir='ltr'>Ἰὼϐ,</span> 
     </span>
    </p>
   </div>
   <div class='ocr_carea' id='block_1_119' title="bbox 2091 5054 3767 5134">
    <p class='ocr_par' dir='ltr' id='par_1_119' title="bbox 2091 5054 3767 5134">
     <span class='ocr_line' id='line_1_119' title="bbox 2091 5054 3767 5134; baseline 0.006 -26"><span class='ocrx_word' id='word_1_980' title='bbox 2091 5056 2252 5126; x_wconf 75' lang='grc' dir='ltr'>ἡνίκα</span> <span class='ocrx_word' id='word_1_981' title='bbox 2283 5058 2382 5127; x_wconf 77' lang='grc' dir='ltr'>μὲν</span> <span class='ocrx_word' id='word_1_982' title='bbox 2408 5054 2478 5129; x_wconf 80' lang='grc' dir='ltr'>ἦν</span> <span class='ocrx_word' id='word_1_983' title='bbox 2505 5059 2598 5111; x_wconf 90' lang='grc' dir='ltr'>τὸν</span> <span class='ocrx_word' id='word_1_984' title='bbox 2630 5057 2859 5113; x_wconf 84' lang='grc' dir='ltr'>πλοῦτον</span> <span class='ocrx_word' id='word_1_985' title='bbox 2883 5058 3098 5113; x_wconf 74' lang='grc' dir='ltr'>ἅπαντα</span> <span class='ocrx_word' id='word_1_986' title='bbox 3134 5061 3597 5134; x_wconf 84' lang='grc' dir='ltr'>περιϐεϐλημένος</span> <span class='ocrx_word' id='word_1_987' title='bbox 3625 5065 3767 5118; x_wconf 79' lang='grc' dir='ltr'>ἐκεῖ·</span> 
     </span>
    </p>
   </div>
   <div class='ocr_carea' id='block_1_120' title="bbox 2091 5142 3766 5224">
    <p class='ocr_par' dir='ltr' id='par_1_120' title="bbox 2091 5142 3766 5224">
     <span class='ocr_line' id='line_1_120' title="bbox 2091 5142 3766 5224; baseline 0.006 -28"><span class='ocrx_word' id='word_1_988' title='bbox 2091 5160 2199 5207; x_wconf 89' lang='grc' dir='ltr'>νον,</span> <span class='ocrx_word' id='word_1_989' title='bbox 2229 5146 2330 5199; x_wconf 82' lang='grc' dir='ltr'>οὐκ</span> <span class='ocrx_word' id='word_1_990' title='bbox 2363 5142 2432 5216; x_wconf 78' lang='grc' dir='ltr'>ἦν</span> <span class='ocrx_word' id='word_1_991' title='bbox 2460 5146 2761 5218; x_wconf 83' lang='grc' dir='ltr'>κατάδηλος</span> <span class='ocrx_word' id='word_1_992' title='bbox 2797 5149 2910 5210; x_wconf 85' lang='grc' dir='ltr'>τοῖς</span> <span class='ocrx_word' id='word_1_993' title='bbox 2944 5147 3157 5210; x_wconf 84' lang='grc' dir='ltr'>πολλοῖς</span> <span class='ocrx_word' id='word_1_994' title='bbox 3185 5149 3333 5212; x_wconf 86' lang='grc' dir='ltr'>ὅστις</span> <span class='ocrx_word' id='word_1_995' title='bbox 3358 5145 3456 5220; x_wconf 82' lang='grc' dir='ltr'>ἦν·</span> <span class='ocrx_word' id='word_1_996' title='bbox 3490 5151 3680 5224; x_wconf 88' lang='grc' dir='ltr'>ἐπειδὴ</span> <span class='ocrx_word' id='word_1_997' title='bbox 3708 5151 3766 5206; x_wconf 79' lang='grc' dir='ltr'>δέ</span> 
     </span>
    </p>
   </div>
   <div class='ocr_carea' id='block_1_121' title="bbox 2089 5233 3765 5312">
    <p class='ocr_par' dir='ltr' id='par_1_121' title="bbox 2089 5233 3765 5312">
     <span class='ocr_line' id='line_1_121' title="bbox 2089 5233 3765 5312; baseline 0.005 -29"><span class='ocrx_word' id='word_1_998' title='bbox 2089 5233 2272 5297; x_wconf 88' lang='grc' dir='ltr'>αὐτὸν,</span> <span class='ocrx_word' id='word_1_999' title='bbox 2302 5233 2554 5305; x_wconf 88' lang='grc' dir='ltr'>καθάπερ</span> <span class='ocrx_word' id='word_1_1000' title='bbox 2587 5235 2798 5305; x_wconf 78' lang='grc' dir='ltr'>ἱμάτιον</span> <span class='ocrx_word' id='word_1_1001' title='bbox 2830 5235 3236 5307; x_wconf 87' lang='grc' dir='ltr'>ἀποδυσάμενος</span> <span class='ocrx_word' id='word_1_1002' title='bbox 3268 5240 3297 5290; x_wconf 88' lang='lat'>6</span> <span class='ocrx_word' id='word_1_1003' title='bbox 3331 5237 3588 5310; x_wconf 87' lang='grc' dir='ltr'>ἀθλητὴς,</span> <span class='ocrx_word' id='word_1_1004' title='bbox 3614 5239 3765 5312; x_wconf 61' lang='lat' dir='ltr'>Epp:-</span> 
     </span>
    </p>
   </div>
   <div class='ocr_carea' id='block_1_122' title="bbox 2089 5317 3766 5395">
    <p class='ocr_par' dir='ltr' id='par_1_122' title="bbox 2089 5317 3766 5395">
     <span class='ocr_line' id='line_1_122' title="bbox 2089 5317 3766 5395; baseline 0.004 -24"><span class='ocrx_word' id='word_1_1005' title='bbox 2089 5317 2178 5388; x_wconf 73' lang='grc' dir='ltr'>ψε,</span> <span class='ocrx_word' id='word_1_1006' title='bbox 2213 5321 2308 5372; x_wconf 75' lang='grc' dir='ltr'>καὶ</span> <span class='ocrx_word' id='word_1_1007' title='bbox 2338 5320 2472 5391; x_wconf 86' lang='grc' dir='ltr'>πρὸς</span> <span class='ocrx_word' id='word_1_1008' title='bbox 2502 5320 2628 5383; x_wconf 79' lang='grc' dir='ltr'>τοὺς</span> <span class='ocrx_word' id='word_1_1009' title='bbox 2654 5321 2753 5390; x_wconf 80' lang='grc' dir='ltr'>τῆς</span> <span class='ocrx_word' id='word_1_1010' title='bbox 2784 5321 3067 5385; x_wconf 82' lang='grc' dir='ltr'>εὐσεϐείας</span> <span class='ocrx_word' id='word_1_1011' title='bbox 3096 5323 3312 5390; x_wconf 87' lang='grc' dir='ltr'>ἀγῶνας</span> <span class='ocrx_word' id='word_1_1012' title='bbox 3344 5325 3552 5394; x_wconf 89' lang='grc' dir='ltr'>γυμνὸς</span> <span class='ocrx_word' id='word_1_1013' title='bbox 3580 5324 3766 5395; x_wconf 76' lang='grc' dir='ltr'>εἰσῆλ·</span> 
     </span>
    </p>
   </div>
   <div class='ocr_carea' id='block_1_123' title="bbox 2089 5405 3761 5481">
    <p class='ocr_par' dir='ltr' id='par_1_123' title="bbox 2089 5405 3761 5481">
     <span class='ocr_line' id='line_1_123' title="bbox 2089 5405 3761 5481; baseline 0.004 -22"><span class='ocrx_word' id='word_1_1014' title='bbox 2089 5405 2181 5460; x_wconf 89' lang='grc' dir='ltr'>θεν</span> <span class='ocrx_word' id='word_1_1015' title='bbox 2204 5446 2218 5470; x_wconf 98' lang='grc'>,</span> <span class='ocrx_word' id='word_1_1016' title='bbox 2258 5406 2402 5461; x_wconf 81' lang='grc' dir='ltr'>οὕτω</span> <span class='ocrx_word' id='word_1_1017' title='bbox 2435 5406 2741 5478; x_wconf 75' lang='grc' dir='ltr'>γυμνωθεὶς</span> <span class='ocrx_word' id='word_1_1018' title='bbox 2777 5410 2904 5472; x_wconf 80' lang='grc' dir='ltr'>τοὺς</span> <span class='ocrx_word' id='word_1_1019' title='bbox 2936 5408 3133 5472; x_wconf 76' lang='grc' dir='ltr'>θεατὰς</span> <span class='ocrx_word' id='word_1_1020' title='bbox 3165 5409 3461 5481; x_wconf 82' lang='grc' dir='ltr'>ἐξέπληξεν</span> <span class='ocrx_word' id='word_1_1021' title='bbox 3496 5413 3761 5477; x_wconf 71' lang='grc' dir='ltr'>ἅπαντας,</span> 
     </span>
    </p>
   </div>
   <div class='ocr_carea' id='block_1_124' title="bbox 2089 5494 3764 5572">
    <p class='ocr_par' dir='ltr' id='par_1_124' title="bbox 2089 5494 3764 5572">
     <span class='ocr_line' id='line_1_124' title="bbox 2089 5494 3764 5572; baseline 0.005 -26"><span class='ocrx_word' id='word_1_1022' title='bbox 2089 5494 2165 5558; x_wconf 87' lang='grc' dir='ltr'>ώς</span> <span class='ocrx_word' id='word_1_1023' title='bbox 2196 5495 2289 5548; x_wconf 87' lang='lat' dir='ltr'>ml</span> <span class='ocrx_word' id='word_1_1024' title='bbox 2317 5494 2450 5550; x_wconf 87' lang='grc' dir='ltr'>αὐτὸ</span> <span class='ocrx_word' id='word_1_1025' title='bbox 2479 5495 2540 5548; x_wconf 90' lang='grc' dir='ltr'>τὸ</span> <span class='ocrx_word' id='word_1_1026' title='bbox 2571 5496 2682 5549; x_wconf 85' lang='grc' dir='ltr'>τῶν</span> <span class='ocrx_word' id='word_1_1027' title='bbox 2710 5495 2964 5564; x_wconf 88' lang='grc' dir='ltr'>ἀγγέλων</span> <span class='ocrx_word' id='word_1_1028' title='bbox 2999 5497 3226 5568; x_wconf 83' lang='grc' dir='ltr'>θέατρον</span> <span class='ocrx_word' id='word_1_1029' title='bbox 3259 5499 3353 5552; x_wconf 71' lang='grc' dir='ltr'>ἐπὶ</span> <span class='ocrx_word' id='word_1_1030' title='bbox 3381 5502 3445 5570; x_wconf 80' lang='grc' dir='ltr'>τῇ</span> <span class='ocrx_word' id='word_1_1031' title='bbox 3470 5500 3568 5570; x_wconf 79' lang='grc' dir='ltr'>τῆς</span> <span class='ocrx_word' id='word_1_1032' title='bbox 3588 5500 3764 5572; x_wconf 78' lang='grc' dir='ltr'>ψυχῆς</span> 
     </span>
    </p>
   </div>
   <div class='ocr_carea' id='block_1_125' title="bbox 2089 5581 3762 5658">
    <p class='ocr_par' dir='ltr' id='par_1_125' title="bbox 2089 5581 3762 5658">
     <span class='ocr_line' id='line_1_125' title="bbox 2089 5581 3762 5658; baseline 0.003 -23"><span class='ocrx_word' id='word_1_1033' title='bbox 2089 5581 2253 5635; x_wconf 79' lang='grc' dir='ltr'>αὑτοῦ</span> <span class='ocrx_word' id='word_1_1034' title='bbox 2277 5582 2544 5654; x_wconf 79' lang='grc' dir='ltr'>καρτερίᾳ</span> <span class='ocrx_word' id='word_1_1035' title='bbox 2567 5583 2711 5652; x_wconf 84' lang='grc' dir='ltr'>μέγα</span> <span class='ocrx_word' id='word_1_1036' title='bbox 2733 5583 3169 5657; x_wconf 79' lang='grc' dir='ltr'>ἀνακεκραγέναι</span> <span class='ocrx_word' id='word_1_1037' title='bbox 3193 5587 3240 5650; x_wconf 73' lang='grc'>8,</span> <span class='ocrx_word' id='word_1_1038' title='bbox 3263 5587 3358 5640; x_wconf 80' lang='grc' dir='ltr'>καὶ</span> <span class='ocrx_word' id='word_1_1039' title='bbox 3381 5587 3641 5658; x_wconf 82' lang='grc' dir='ltr'>κροτῆσαι</span> <span class='ocrx_word' id='word_1_1040' title='bbox 3673 5587 3762 5642; x_wconf 89' lang='grc' dir='ltr'>τὸν</span> 
     </span>
    </p>
   </div>
   <div class='ocr_carea' id='block_1_126' title="bbox 2088 5753 2690 5887">
    <p class='ocr_par' dir='ltr' id='par_1_126' title="bbox 2088 5753 2690 5887">
     <span class='ocr_line' id='line_1_126' title="bbox 2088 5753 2311 5816; baseline 0 -15"><span class='ocrx_word' id='word_1_1041' title='bbox 2088 5753 2311 5816; x_wconf 78' lang='grc' dir='ltr'>ὁρῶντας.</span> 
     </span>
     <span class='ocr_line' id='line_1_127' title="bbox 2150 5813 2690 5887; baseline 0 -22"><span class='ocrx_word' id='word_1_1042' title='bbox 2150 5813 2177 5887; x_wconf 63' lang='grc' dir='ltr'>(ξ</span> <span class='ocrx_word' id='word_1_1043' title='bbox 2312 5817 2690 5887; x_wconf 61' lang='grc' dir='ltr'>δεσμευομένων.</span> 
     </span>
    </p>
   </div>
   <div class='ocr_carea' id='block_1_127' title="bbox 2158 5878 3665 5943">
    <p class='ocr_par' dir='ltr' id='par_1_127' title="bbox 2158 5878 3665 5943">
     <span class='ocr_line' id='line_1_128' title="bbox 2158 5878 3665 5943; baseline 0 -15"><span class='ocrx_word' id='word_1_1044' title='bbox 2158 5879 2177 5943; x_wconf 63' lang='grc' dir='ltr'><strong>ξ</strong></span> <span class='ocrx_word' id='word_1_1045' title='bbox 2203 5881 2282 5943; x_wconf 57' lang='lat' dir='ltr'>Sic</span> <span class='ocrx_word' id='word_1_1046' title='bbox 2307 5878 2463 5943; x_wconf 13' lang='lat' dir='ltr'>,Savil.</span> <span class='ocrx_word' id='word_1_1047' title='bbox 2493 5878 2540 5929; x_wconf 80' lang='lat' dir='ltr'>ei</span> <span class='ocrx_word' id='word_1_1048' title='bbox 2573 5881 2766 5943; x_wconf 65' lang='lat' dir='ltr'>aliqua:</span> <span class='ocrx_word' id='word_1_1049' title='bbox 2793 5895 2907 5930; x_wconf 84' lang='lat' dir='ltr'>mss.</span> <span class='ocrx_word' id='word_1_1050' title='bbox 2930 5887 3088 5941; x_wconf 73' lang='grc' dir='ltr'>τοι-ιε,</span> <span class='ocrx_word' id='word_1_1051' title='bbox 3113 5893 3203 5943; x_wconf 81' lang='lat' dir='ltr'><strong>pro</strong></span> <span class='ocrx_word' id='word_1_1052' title='bbox 3225 5882 3317 5943; x_wconf 84' lang='grc' dir='ltr'>θερ.</span> <span class='ocrx_word' id='word_1_1053' title='bbox 3352 5880 3498 5943; x_wconf 84' lang='grc' dir='ltr'>αὐτῷ.</span> <span class='ocrx_word' id='word_1_1054' title='bbox 3529 5879 3665 5929; x_wconf 72' lang='lat' dir='ltr'>Enn.</span> 
     </span>
    </p>
   </div>
   <div class='ocr_carea' id='block_1_128' title="bbox 2157 5939 2943 6014">
    <p class='ocr_par' dir='ltr' id='par_1_128' title="bbox 2157 5939 2943 6014">
     <span class='ocr_line' id='line_1_129' title="bbox 2157 5939 2943 6014; baseline 0 -24"><span class='ocrx_word' id='word_1_1055' title='bbox 2157 5939 2177 6014; x_wconf 64' lang='grc' dir='ltr'>ξ</span> <span class='ocrx_word' id='word_1_1056' title='bbox 2207 5941 2436 6014; x_wconf 52' lang='lat' dir='ltr'>$§fjiLft</span> <span class='ocrx_word' id='word_1_1057' title='bbox 2458 5942 2637 6014; x_wconf 59' lang='lat' dir='ltr'>§lii_€u’</span> <span class='ocrx_word' id='word_1_1058' title='bbox 2665 5939 2943 6014; x_wconf 65' lang='grc' dir='ltr'>ἀνθρώπων.</span> 
     </span>
    </p>
   </div>
   <div class='ocr_carea' id='block_1_129' title="bbox 2153 6001 3758 6076">
    <p class='ocr_par' dir='ltr' id='par_1_129' title="bbox 2153 6001 3758 6076">
     <span class='ocr_line' id='line_1_130' title="bbox 2153 6001 3758 6076; baseline 0.001 -26"><span class='ocrx_word' id='word_1_1059' title='bbox 2153 6003 2313 6076; x_wconf 37' lang='grc' dir='ltr'><strong>εᾼὶὶἰ.</strong></span> <span class='ocrx_word' id='word_1_1060' title='bbox 2450 6006 2603 6076; x_wconf 62' lang='grc' dir='ltr'>ψυχῆς</span> <span class='ocrx_word' id='word_1_1061' title='bbox 2644 6001 2792 6076; x_wconf 61' lang='grc' dir='ltr'>οτςὺξοῦ</span> <span class='ocrx_word' id='word_1_1062' title='bbox 2829 6005 3113 6076; x_wconf 65' lang='grc' dir='ltr'>καθαρότητι</span> <span class='ocrx_word' id='word_1_1063' title='bbox 3145 6004 3274 6076; x_wconf 34' lang='grc' dir='ltr'>’μέγα</span> <span class='ocrx_word' id='word_1_1064' title='bbox 3318 6003 3610 6067; x_wconf 62' lang='grc' dir='ltr'>ἀνακραγεῖν.</span> <span class='ocrx_word' id='word_1_1065' title='bbox 3646 6001 3758 6052; x_wconf 66' lang='lat' dir='ltr'>Hm:</span> 
     </span>
    </p>
   </div>
   <div class='ocr_carea' id='block_1_130' title="bbox 2091 6020 3279 6129">
    <p class='ocr_par' dir='ltr' id='par_1_130' title="bbox 2091 6020 3279 6129">
     <span class='ocr_line' id='line_1_131' title="bbox 2153 6020 3274 6114; baseline 0.001 -63"><span class='ocrx_word' id='word_1_1066' title='bbox 2153 6020 2295 6074; x_wconf 45' lang='lat' dir='ltr'>{mu</span> <span class='ocrx_word' id='word_1_1067' title='bbox 2335 6020 2421 6074; x_wconf 60' lang='grc' dir='ltr'>της</span> <span class='ocrx_word' id='word_1_1068' title='bbox 2450 6020 2603 6112; x_wconf 46' lang='lat' dir='ltr'>«fama</span> <span class='ocrx_word' id='word_1_1069' title='bbox 2644 6021 2792 6053; x_wconf 84' lang='grc' dir='ltr'>αυτου</span> <span class='ocrx_word' id='word_1_1070' title='bbox 2829 6020 3113 6114; x_wconf 57' lang='grc' dir='ltr'>κσιυαὲοτητι</span> <span class='ocrx_word' id='word_1_1071' title='bbox 3155 6020 3274 6065; x_wconf 82' lang='grc' dir='ltr'>μεγα</span> 
     </span>
     <span class='ocr_line' id='line_1_132' title="bbox 2091 6065 3279 6129; baseline 0 -16"><span class='ocrx_word' id='word_1_1072' title='bbox 2091 6065 2241 6113; x_wconf 62' lang='lat' dir='ltr'>5.3m.</span> <span class='ocrx_word' id='word_1_1073' title='bbox 2270 6070 2320 6111; x_wconf 82' lang='lat' dir='ltr'>el</span> <span class='ocrx_word' id='word_1_1074' title='bbox 2341 6067 2422 6112; x_wconf 79' lang='lat' dir='ltr'>ah:</span> <span class='ocrx_word' id='word_1_1075' title='bbox 2475 6081 2642 6112; x_wconf 79' lang='grc' dir='ltr'>κεινον.</span> <span class='ocrx_word' id='word_1_1076' title='bbox 2669 6065 2827 6129; x_wconf 67' lang='grc' dir='ltr'>*Ὀτιερ</span> <span class='ocrx_word' id='word_1_1077' title='bbox 2847 6082 2936 6128; x_wconf 78' lang='grc' dir='ltr'>γαρ</span> <span class='ocrx_word' id='word_1_1078' title='bbox 2986 6068 3098 6128; x_wconf 71' lang='grc' dir='ltr'>φθην</span> <span class='ocrx_word' id='word_1_1079' title='bbox 3122 6067 3279 6113; x_wconf 66' lang='grc' dir='ltr'>εἰπών.</span> 
     </span>
    </p>
   </div>
  </div>
