4072 6384
255 432 335 484 25
1266 432 1356 489 AD
1383 431 1704 488 POPULUM
1748 430 2239 496 ANTIOCHENUM
2304 442 2533 502 llOMlL.
2578 444 2617 502 1.
3490 456 3560 509 ‘26

252 551 571 621 frequentes
601 551 918 607 teutaticnes
936 549 1373 615 demonstrasset,
1399 550 1569 604 intulit
1599 546 1853 631 :Propter

250 645 400 713 quod
425 656 500 699 ter
526 645 800 700 Dominum
828 646 1020 716 rogavi,
1053 656 1105 697 ut
1143 662 1173 697 α
1220 660 1297 697 me
1329 644 1696 707 discederet;et
1726 643 1853 695 dixit

250 737 391 789 mihi
421 737 659 807 :Suﬂicit
685 736 772 790 tibi
800 736 1133 806 grntia'mca;
1169 753 1285 788 nam
1314 737 1472 789 virtus
1503 752 1611 787 mea
1641 735 1691 787 in
1718 735 1854 803 inﬁr-

254 829 441 883 mitate
467 831 729 899 per/icitur
755 829 828 898 (‘2.
849 830 967 884 Cor.
1000 828 1086 884 12.
1120 832 1173 883 8.
1201 822 1279 893 9)-
1303 829 1452 884 Tunc
1480 844 1593 882 mea
1616 870 1630 894 ,
1663 829 1850 897 inquit,

254 921 502 987 potentia
520 919 935 984 demonStratur,
951 920 1164 990 quando
1185 935 1280 972 Vos
1305 921 1355 972 in
1383 920 1686 974 infirmitate
1701 921 1851 982 estis,

252 1019 316 1064 et
346 1026 441 1079 per
482 1026 576 1066 vos
615 1013 701 1080 qui
732 1011 980 1066 videmini
1020 1027 1141 1066 es.~e
1180 1011 1418 1077 debiles,
1467 1010 1855 1080 praedicationis

259 1102 486 1163 verbum
511 1114 755 1173 augetur,
783 1112 837 1157 et
860 1104 1051 1173 ubique
1081 1103 1421 1173 dispergitur.
1445 1102 1667 1170 Quando
1695 1102 1855 1172 igitur

252 1210 315 1250 tn
346 1210 646 1260 carcerem,
681 1196 974 1251 innmueris
1012 1197 1273 1267 susceptis
1314 1195 1653 1259 verberibus,
1682 1196 1853 1249 dedu-

249 1296 379 1339 ctus
401 1285 520 1351 fuit,
540 1286 769 1342 carceris
810 1287 1088 1343 custodem
1115 1289 1284 1342 vinxit
1305 1287 1441 1359 (Act.
1467 1288 1554 1357 l6)
1583 1305 1596 1340 :
1632 1288 1681 1341 iu
1712 1288 1853 1358 ligno

244 1388 413 1433 cram
442 1379 604 1449 pedes
624 1421 638 1445 ,
673 1380 723 1433 in
750 1381 952 1435 catenis
982 1396 1198 1444 manus,
1221 1390 1276 1436 et
1299 1395 1484 1435 carcer
1503 1380 1601 1436 sub
1626 1381 1851 1436 mediam

250 1484 473 1529 noctem
503 1475 864 1543 quatiebatur,
900 1476 1025 1546 ipsis
1054 1476 1219 1530 Deum
1251 1476 1607 1531 laudantibus.

334 1565 432 1619 Dei
452 1568 677 1637 potentia
707 1569 869 1640 magis
894 1570 1271 1623 demonstratur
1296 1570 1347 1622 in
1386 1570 1627 1624 arumnis
1652 1580 1852 1622 sancto-

245 1674 389 1710 rum.
432 1688 503 1699 --
550 1660 738 1715 Cernis
767 1661 1035 1731 quomodo
1065 1662 1231 1731 ipsius
1269 1662 1435 1717 virtus
1458 1661 1509 1716 in
1542 1662 1851 1717 infirmitate

246 1751 633 1817 perficiebatur
653 1754 676 1806 ζ’
700 1752 756 1808 Si
782 1754 967 1808 fuisset
994 1754 1198 1810 solutus
1218 1753 1410 1808 Paulus
1426 1796 1441 1821 ,
1464 1763 1519 1808 et
1539 1753 1667 1807 illud
1695 1752 1850 1808 habi-

245 1842 487 1897 taculum
517 1845 1030 1908 concussissetmon
1050 1846 1357 1902 fuissettam
1388 1846 1684 1901 mirandum
1707 1846 1847 1917 quod

246 1938 435 1994 fiebat.
469 1938 704 2002 Idcirco,
736 1941 939 2009 inquit,
992 1956 1208 1997 remane
1236 1941 1443 1995 vinctus
1467 1980 1483 2005 ,
1531 1949 1587 1996 et
1611 1956 1849 1996 commo-

242 2040 477 2084 veantur
508 2030 737 2099 parietes
760 2032 993 2102 undique
1011 2074 1026 2098 ,
1056 2041 1109 2087 et
1130 2032 1405 2086 solvantur
1433 2031 1627 2086 vincti:
1654 2041 1712 2086 ut
1736 2047 1848 2085 ma-

234 2123 331 2190 gis
358 2123 527 2177 virtus
553 2140 667 2178 mea
694 2126 914 2180 evidens
939 2127 1038 2190 sit,
1063 2126 1189 2181 dum
1217 2142 1313 2196 per
1339 2136 1391 2181 te
1418 2125 1765 2181 constrictum
1793 2134 1847 2180 et

240 2212 554 2282 colligatum
585 2229 777 2270 omnes
806 2216 965 2270 vincti
993 2218 1286 2272 solvuntur.
1319 2216 1430 2272 Hoc
1475 2217 1647 2285 ipsum
1688 2215 1846 2286 igitur

232 2315 303 2359 et
331 2308 561 2361 careeris
590 2309 867 2364 custodem
901 2320 1026 2364 tunc
1055 2309 1317 2379 perculit,
1358 2309 1499 2379 quod
1534 2324 1656 2363 cum
1699 2318 1843 2362 tanta

232 2409 525 2454 teneretur
546 2403 885 2468 necessitate,
906 2418 1001 2471 per
1025 2405 1321 2458 orationem
1346 2402 1513 2455 solam
1539 2402 1707 2471 potuit
1726 2400 1857 2467 fun-

238 2491 492 2547 damenta
508 2494 722 2563 quidem
740 2509 992 2565 quassare
1006 2538 1023 2562 ,
1047 2495 1188 2550 fores
1208 2511 1335 2551 vero
1354 2496 1584 2551 carceris
1607 2496 1836 2563 aperire,

237 2590 299 2635 et
325 2596 513 2637 omnes
542 2595 750 2639 vmctos
774 2586 1004 2641 Solvere.
1036 2585 1149 2642 Non
1179 2588 1265 2642 hic
1303 2596 1478 2641 autem
1508 2576 1712 2653 solum,
1744 2588 1839 2644 sed

234 2674 404 2728 etiam
436 2675 486 2727 in
515 2675 700 2741 Petro,
739 2686 793 2732 et
819 2678 872 2734 in
901 2681 1015 2748 ipso
1040 2679 1232 2745 Paulo,
1259 2688 1315 2734 et
1339 2679 1455 2734 aliis
1475 2696 1687 2751 quoque
1709 2696 1836 2751 apo~

234 2766 395 2820 stolis
422 2767 603 2821 videre.
632 2770 895 2838 quispiam
919 2781 1099 2840 posset
1120 2771 1220 2826 hoc
1243 2771 1441 2841 jugiter
1457 2775 1693 2841 evenire,
1709 2782 1761 2828 et
1784 2775 1836 2828 in

235 2862 747 2929 persequutionibus
775 2863 868 2918 Dei
898 2864 1121 2933 gratiam
1152 2865 1489 2921 efﬂorescere
1508 2907 1525 2931 ,
1574 2883 1836 2937 apparere

228 2948 292 3003 in
322 2951 770 3018 tribulationibus,
800 2964 853 3009 et
873 2956 949 3009 sic
965 2956 1215 3011 virtutem
1242 2973 1389 3011 suam
1418 2959 1728 3027 pra-dicare.
1753 2960 1837 3014 Id.-

233 3038 384 3093 circo
412 3040 622 3097 dicebat
654 3061 667 3097 :
693 3043 893 3114 Sufficit
917 3047 1006 3099 tibi
1032 3049 1199 3116 gratia
1219 3065 1330 3101 mea
1354 3050 1547 3104 τιθῶ-ιω
1568 3051 1699 3103 enim
1723 3068 1833 3104 mea

232 3132 288 3183 in
317 3132 612 3202 inﬁrmitate
638 3138 896 3205 per/icitur
929 3137 1003 3209 ('2.
1028 3138 1146 3193 Cor.
1173 3140 1260 3195 12.
1288 3140 1369 3211 9).
1395 3140 1547 3208 Quod
1569 3151 1747 3197 autem
1778 3151 1832 3197 et

232 3226 469 3279 humana
497 3234 684 3280 natura
714 3230 913 3299 majora
942 3231 1092 3285 multi
1120 3232 1315 3301 saepius
1343 3231 1411 3287 de
1437 3233 1567 3301 ipsis
1594 3232 1836 3303 suspica-

231 3314 341 3368 tnri
367 3327 537 3377 erant.
557 3319 655 3372 nisi
681 3320 800 3373 talia
832 3322 1093 3389 patientes
1119 3322 1393 3386 vidissent,
1409 3323 1531 3378 audi
1560 3324 1829 3393 quomodo

227 3404 413 3459 timuit
436 3406 648 3463 Paulus.
676 3408 816 3463 Nam
843 3422 890 3465 et
916 3412 961 3465 si
985 3412 1187 3465 voluero
1206 3454 1220 3476 ,
1248 3413 1445 3479 inquit,
1465 3412 1696 3483 gloriari,
1728 3432 1829 3468 non

225 3511 321 3547 ero
340 3495 581 3565 insipiens
604 3514 623 3551 :
654 3517 808 3567 parco
839 3512 1037 3568 autem,
1070 3520 1133 3556 ne
1157 3503 1270 3572 quis
1300 3520 1379 3557 me
1404 3504 1649 3557 existimet
1671 3521 1829 3573 supra

223 3586 285 3638 id
313 3588 448 3655 quod
476 3589 607 3643 videt
634 3590 686 3643 in
706 3608 805 3657 me,
826 3602 914 3645 aut
934 3593 1075 3646 audit
1098 3593 1293 3662 aliquid
1307 3610 1371 3647 ea:
1394 3610 1473 3648 me
1491 3594 1567 3665 (2.
1592 3594 1710 3649 Cor.
1737 3595 1823 3649 12.

223 3675 315 3746 6).
361 3676 498 3744 Quid
549 3688 728 3735 autem
776 3692 861 3737 est
901 3683 1043 3753 quod
1083 3683 1253 3739 dicit?
1293 3685 1574 3752 Poteram,
1618 3687 1823 3758 inquit,

224 3770 407 3824 multo
432 3772 633 3842 majora
658 3774 839 3829 dicere
868 3777 1121 3832 miracula
1138 3819 1153 3842 ,
1184 3778 1279 3833 sed
1306 3779 1430 3833 nolo
1450 3822 1463 3844 ,
1495 3796 1561 3835 ne
1585 3780 1721 3835 forte
1747 3782 1821 3835 si-

219 3877 455 3931 gnorum
486 3866 795 3934 magnitudo
823 3868 1081 3938 majorem
1107 3868 1175 3925 de
1203 3886 1290 3925 me
1317 3871 1622 3927 hominibus
1647 3874 1823 3942 suspi-

218 3953 436 4008 cionem
467 3955 701 4011 inducat.
736 3958 1021 4029 Propterea
1050 3969 1105 4016 et
1147 3961 1335 4017 Petrus
1366 3974 1645 4034 postquam
1673 3968 1823 4020 clau-

218 4044 355 4097 dum
387 4048 592 4112 erexit,
621 4059 676 4103 et
712 4066 901 4105 onmes
924 4051 1097 4121 ipsum
1134 4054 1556 4121 admirabantur,
1585 4067 1642 4111 ut
1667 4059 1817 4112 cohi-

212 4136 381 4191 beret
403 4152 498 4192 eos
520 4138 753 4210 ipsisque
783 4144 1131 4211 persuaderet
1154 4160 1213 4202 se
1233 4147 1366 4201 nihil
1393 4164 1459 4204 ex
1477 4150 1673 4205 virtute
1700 4168 1822 4219 pro-

214 4226 343 4295 pria
391 4229 725 4295 exhibuisse,
768 4234 897 4290 dicit
932 4254 944 4289 :
982 4236 1120 4302 Quid
1149 4255 1241 4293 nos
1270 4240 1536 4295 intuemini
1562 4252 1817 4313 tamquam

218 4318 434 4387 propria
481 4322 663 4376 virtute
703 4324 781 4378 vel
827 4327 1011 4396 pietate
1051 4331 1317 4400 fecerimus
1368 4335 1503 4387 [tunc
1556 4335 1819 4390 ambulare

218 4407 361 4475 (Act.
392 4410 446 4464 ‘5.
476 4411 565 4481 12)
595 4412 618 4465 ?
650 4413 717 4468 Et
745 4433 929 4472 rursus
959 4418 1163 4491 Lystris
1193 4438 1297 4476 non
1328 4424 1501 4478 solmn
1541 4439 1692 4480 erant
1717 4428 1813 4482 ob-

214 4498 532 4568 stupefacti,
561 4503 655 4558 sed
684 4514 739 4559 ct
762 4515 944 4563 tauros
963 4523 1245 4567 coronatos
1266 4514 1565 4583 duxerunt,
1583 4526 1637 4572 et
1652 4517 1817 4573 Paulo

214 4600 283 4681 et
312 4591 577 4681 Darnabte
627 4597 903 4655 immolare
944 4604 1390 4673 aggrediebantur
1418 4608 1556 4680 (Act.
1587 4610 1672 4664 14.
1698 4611 1812 4681 η).

218 4678 356 4737 Vide
383 4683 579 4740 diaboli
608 4687 863 4744 malitiam
890 4709 904 4744 :
946 4708 1041 4760 per
1062 4709 1197 4764 quos
1223 4678 1479 4755 Dominus
1520 4715 1588 4755 ex
1616 4678 1815 4756 mundo

219 4768 553 4839 impietatem
591 4792 890 4851 expurgare
940 4784 1220 4851 Studebat,
1252 4802 1351 4854 per
1396 4788 1495 4843 hos
1526 4791 1695 4859 ipsam
1726 4792 1813 4848 ille

218 4859 475 4921 inducere
498 4868 780 4936 studebat,
806 4888 1015 4928 rursum
1039 4878 1387 4945 persuadens,
1402 4891 1461 4934 ut
1483 4880 1616 4936 deos
1634 4881 1810 4936 homi-

219 4973 320 5013 nes
333 4974 454 5015 esse
481 4971 728 5031 putarent
749 4967 919 5035 :quod
937 4978 991 5022 et
1014 4970 1276 5037 prioribus
1293 4972 1419 5027 fecit
1440 4975 1768 5043 temporibus
1794 4994 1805 5030 :

215 5058 277 5105 et
306 5049 406 5105 hoc
436 5054 667 5109 maxime
688 5065 773 5110 est
791 5057 932 5125 quod
966 5058 1277 5116 idololatrim
1300 5064 1617 5135 principium
1643 5076 1698 5121 et
1725 5084 1806 5122 ra-

216 5140 391 5197 dicem
413 5145 722 5202 introduxit.
741 5147 891 5206 Multi
914 5150 1057 5204 enim
1079 5153 1167 5222 qui
1192 5154 1328 5210 bella
1344 5156 1478 5211 bene
1498 5170 1772 5227 gesserant
1788 5202 1804 5225 ,

216 5245 501 5290 erexerant
530 5246 727 5307 tropica
751 5281 767 5304 ,
800 5242 962 5296 urbes
991 5244 1424 5311 aedificaverant,
1453 5260 1508 5303 et
1538 5250 1657 5306 aliis
1702 5252 1805 5304 hu-

211 5322 447 5392 iusmodi
489 5327 871 5385 demeruerant
920 5334 1001 5386 sui
1052 5336 1305 5403 temporis
1346 5338 1619 5407 homines,
1667 5342 1738 5396 dii
1775 5359 1802 5395 a

212 5417 398 5472 multis
422 5420 704 5475 existimati
731 5432 895 5487 sunt,
924 5433 979 5479 et
1002 5427 1215 5496 templis
1240 5438 1293 5483 et
1313 5431 1423 5485 aris
1444 5431 1687 5487 honorati
1707 5476 1721 5499 ,
1751 5444 1806 5489 et

211 5508 388 5561 onmis
413 5510 688 5578 gentilium
715 5513 938 5569 deorum
964 5532 1222 5573 numerus
1252 5535 1319 5573 ex
1346 5521 1653 5578 hominibus
1690 5524 1804 5578 istis

208 5601 471 5655 conﬂatus
493 5610 599 5657 est.

280 5689 385 5744 Cur
407 5690 549 5745 Deus
590 5706 796 5749 sanctos
821 5698 941 5766 petii
961 5708 1008 5753 et
1036 5703 1259 5756 cruciari
1284 5706 1581 5774 permiserit.
1608 5737 1681 5747 —
1721 5709 1797 5763 Ne

214 5778 371 5848 Igitur
401 5783 504 5837 hoc
541 5793 594 5836 ct
636 5785 689 5839 in
738 5790 938 5843 sanctis
968 5791 1138 5859 ﬂeret,
1179 5796 1422 5863 permisit
1465 5797 1610 5867 ipsos
1659 5799 1801 5856 Deus

212 5876 461 5929 motione
492 5875 636 5943 pelli,
683 5877 955 5950 ﬂagellari,
980 5883 1031 5938 iu
1060 5887 1237 5940 varios
1277 5887 1511 5947 incidere
1537 5891 1753 5947 morbos
1780 5910 1790 5946 :

536 5973 802 6035 ΡΑτηθι.
852 5982 964 6039 tiu.
1022 5981 1241 6039 XLIX.

1967 555 2023 600 ut
2052 548 2213 603 nimia
2240 555 2479 621 corporis
2505 556 2861 623 imbecillitas,
2912 568 2965 613 et
2997 562 3346 617 tentationum
3398 567 3551 622 turba

1964 641 2315 705 praesentibus
2338 646 2706 712 persuaderet,
2741 649 2988 706 homines
3018 666 3138 706 esse
3169 668 3285 718 eos,
3321 656 3408 724 qui
3434 656 3558 712 taiia

1961 730 2186 786 ederent
2214 735 2490 805 miracula,
2518 739 2755 811 nihilque
2780 742 2848 796 de
2872 758 2971 799 suo
2998 745 3210 813 afferre,
3236 749 3330 802 sed
3356 750 3550 805 nudam

1960 824 2181 890 gratiam
2207 841 2302 896 per
2336 829 2456 884 illos
2484 834 2661 887 omnia
2716 838 2947 905 Operari.
2996 838 3051 894 Si
3101 841 3243 895 enim
3293 858 3454 913 parva
3496 857 3550 900 et

1964 913 2086 967 vilia
2116 930 2391 987 operatos,
2420 922 2555 978 deos
2582 936 2924 996 putaverunt,
2949 932 3118 985 multo
3148 935 3317 1004 magis
3347 938 3389 988 si
3418 937 3553 995 nihil

1965 1008 2107 1073 passi
2130 1006 2356 1065 fuissent
2385 1012 2697 1085 humanum,
2734 1018 2831 1073 bos
2876 1023 3127 1091 suSpicati
3157 1024 3402 1095 fuissent,
3460 1029 3551 1099 qui

1964 1098 2084 1152 talia
2110 1100 2353 1169 fecerint,
2379 1108 2554 1176 qualia
2582 1127 2738 1167 nemo
2761 1129 3011 1184 umquam
3035 1132 3205 1188 neque
3230 1120 3359 1174 vidit
3379 1098 3551 1193 neque

1961 1191 2182 1246 audivit.
2215 1195 2269 1248 Si
2296 1199 2439 1253 enim
2494 1216 2614 1255 cum
2651 1204 2748 1273 ipsi
2788 1205 3207 1278 ﬂagellareutur,
3259 1191 3555 1286 praecipita-

1961 1294 2167 1351 rentur,
2192 1286 2502 1357 ligarentur,
2536 1295 2883 1363 pellerentur,
2946 1302 3374 1368 periclitarentur
3420 1321 3555 1374 quo-

1961 1373 2112 1442 tidie,
2143 1385 2317 1432 tamen
2342 1380 2393 1434 in
2422 1382 2557 1438 hanc
2581 1385 2798 1454 impiam
2826 1388 3133 1457 opinionem
3161 1393 3377 1463 quidam
3405 1373 3548 1449 ceci-

1960 1464 2154 1520 derunt
2178 1484 2192 1519 :
2217 1469 2381 1524 multo
2411 1474 2578 1544 magis
2602 1476 2643 1528 si
2669 1476 2800 1531 nihil
2826 1478 3114 1535 humanum
3142 1486 3279 1552 passi
3304 1484 3550 1554 fuissent,

1963 1555 2269 1624 hujusmodi
2296 1559 2522 1619 fuissent
2546 1568 2857 1623 existimati.

2029 1648 2083 1702 8.
2125 1648 2287 1720 Igitur
2332 1654 2444 1708 lucc
2484 1657 2699 1725 quidem
2754 1662 2906 1715 tertia
2953 1662 3257 1720 afﬂictiouis
3313 1682 3474 1723 causa
3530 1688 3544 1724 :

1957 1750 2144 1807 quarta
2174 1758 2321 1810 vero,
2352 1760 2421 1799 ne
2449 1749 2617 1801 sancti
2675 1760 2892 1819 pr0pter
2944 1756 3225 1822 praesentis
3271 1756 3545 1815 felicitatis

1956 1846 2106 1900 spem
2135 1833 2296 1888 Deum
2324 1837 2503 1891 colere
2532 1850 2800 1908 putentur.
2834 1844 3041 1899 Etenim
3070 1848 3219 1900 multi
3252 1863 3302 1902 m
3332 1849 3546 1903 lascivia

1954 1924 2246 1979 viventium
2278 1943 2307 1979 a
2341 1928 2522 1983 multis
2565 1932 2759 2001 smpius
2803 1936 3061 2002 accusati,
3116 1949 3167 1991 et
3220 1938 3287 1992 ad
3334 1940 3546 1996 virtutis

1954 2016 2126 2069 vocati
2150 2016 2382 2086 labores,
2415 2030 2470 2075 et
2489 2033 2705 2079 sanctos
2729 2026 2796 2080 de
2817 2026 2971 2081 hilari
3004 2030 3367 2085 molestiarum
3409 2036 3543 2088 tole—

1958 2108 2130 2161 rantia
2152 2109 2354 2166 laudari
2385 2114 2685 2182 audientes,
2715 2134 2780 2172 ex
2804 2119 2888 2175 his
2909 2121 3054 2191 ipsos
3077 2138 3329 2180 accusare
3359 2142 3547 2196 aggre-

1951 2197 2170 2253 diuntur
2198 2220 2210 2254 :
2243 2210 2299 2256 et
2329 2220 2431 2257 non
2459 2206 2703 2282 homines
2728 2214 3060 2276 tantum,sed
3082 2223 3136 2269 et
3163 2215 3276 2284 ipse
3302 2215 3546 2271 diabolus

1953 2288 2057 2345 hoc
2078 2291 2252 2361 ipsum
2279 2298 2579 2365 suspicatus
2609 2311 2710 2354 est.
2756 2302 3019 2369 Quoniam
3051 2306 3193 2359 enim
3219 2307 3401 2361 multis
3427 2320 3547 2363 erat

1950 2385 2312 2442 circumdatus
2339 2388 2537 2445 divitiis
2561 2392 2682 2458 Job,
2714 2404 2769 2448 et
2800 2396 2961 2449 multa
2993 2398 3297 2467 potiebatur
3318 2402 3544 2469 opulen-

1948 2483 2042 2539 tia,
2070 2480 2423 2545 exprobratus
2449 2498 2479 2535 a
2512 2483 2620 2537 Deo
2642 2494 2859 2555 prOpter
2889 2486 3060 2557 ipsum
3085 2490 3257 2545 malus
3300 2492 3386 2545 ille
3432 2492 3542 2548 dae-

1947 2584 2094 2629 mon,
2119 2586 2238 2624 cum
2264 2572 2391 2627 nihil
2420 2574 2641 2631 haberet
2663 2579 2803 2647 quod
2832 2579 3057 2648 diceret,
3092 2598 3266 2653 neque
3315 2601 3423 2655 quo
3469 2586 3539 2641 de

1948 2663 2061 2717 suis
2082 2678 2438 2722 excusaretur
2464 2670 2796 2736 criminibus,
2828 2689 3001 2743 neque
3028 2676 3168 2744 quod
3206 2676 3339 2747 justi
3366 2678 3537 2733 virtu-

1951 2757 2090 2810 tibus
2111 2754 2449 2830 impingeret,
2504 2762 2569 2816 ad
2600 2764 2735 2818 hanc
2761 2768 2937 2820 statim
2987 2768 3227 2840 confugit
3264 2769 3537 2834 defensio-

1948 2863 2093 2914 nem,
2116 2850 2301 2905 dicens
2331 2870 2343 2905 :
2381 2853 2645 2925 Numquid
2673 2858 2832 2926 gratis
2859 2857 2958 2911 Job
3001 2861 3121 2913 colit
3176 2863 3264 2916 te?
3314 2864 3538 2917 circum-

1947 2942 2147 2995 vallasti
2182 2944 2422 2999 interiora
2459 2958 2504 3000 ct
2529 2951 2778 3003 exteriora
2804 2954 2912 3021 ejus
2939 2954 2955 3019 (
2972 2951 3005 3005 Ι
3012 2958 3070 3005 ob
3129 2955 3173 3007 Ι.
3203 2954 3257 3009 9.
3284 2956 3371 3019 illi
3390 2972 3403 3017 ;
3422 2972 3541 3025 pro-

1944 3043 2065 3103 pter
2092 3036 2415 3102 mercedem,
2445 3039 2635 3109 iuquit,
2668 3041 2755 3095 ille
2800 3043 3051 3097 virtutem
3099 3046 3358 3115 sequitur,
3389 3057 3535 3103 tanta

1947 3123 2129 3178 fruens
2157 3125 2452 3194 opulentia.
2482 3131 2617 3195 Quid
2670 3132 2827 3200 igitur
2853 3132 2978 3187 fecit
3004 3133 3182 3188 Deus?
3214 3135 3279 3191 Ut
3304 3136 3534 3191 demon-

1943 3226 2139 3271 5traret
2177 3229 2393 3274 sanctos
2443 3238 2549 3276 non
2592 3224 2854 3279 mercedis
2898 3241 3056 3280 causa
3091 3229 3263 3296 ipsum
3307 3230 3483 3285 colere
3514 3270 3534 3296 ,

1941 3320 2155 3362 omnem
2184 3308 2348 3379 ipsius
2374 3313 2723 3368 substantiam
2751 3315 2991 3379 abstulit,
3023 3320 3319 3387 paupertati
3367 3321 3532 3375 tradi-

1941 3397 2037 3462 dit,
2078 3409 2134 3454 et
2172 3401 2229 3459 in
2279 3418 2496 3472 gravem
2526 3405 2772 3460 morbum
2813 3407 3051 3463 incidere
3096 3411 3354 3477 permisit.
3408 3412 3528 3468 Mox

1940 3488 2090 3543 illum
2116 3490 2445 3562 redargueus
2476 3505 2743 3566 tamquam
2777 3506 2977 3552 temere
3009 3499 3132 3553 talia
3154 3502 3477 3571 suspicatum
3508 3544 3525 3570 ,

1937 3581 2142 3652 inquit:
2179 3586 2357 3640 Adhuc
2396 3587 2733 3642 innocentiam
2764 3592 2941 3643 retinet
2972 3608 2990 3645 :
3031 3603 3084 3644 tu
3129 3610 3247 3647 vero
3300 3612 3528 3648 commo-

1938 3674 2049 3727 visti
2071 3692 2150 3729 me
2177 3686 2230 3728 ut
2258 3679 2452 3748 frustra
2471 3679 2633 3749 ipsius
2659 3680 2992 3734 substantiam
3014 3683 3274 3749 perderem
3316 3684 3437 3757 (Job
3457 3686 3516 3740 9..

1936 3766 1969 3819 5
1995 3763 2036 3836 ).
2062 3764 2273 3821 Sanctis
2293 3769 2436 3823 enim
2459 3770 2560 3825 hoc
2582 3772 2635 3825 in
2661 3774 3145 3829 remunerationem
3190 3784 3245 3830 et
3288 3778 3522 3832 retribu-

1936 3856 2133 3911 tionem
2162 3858 2378 3927 sufficit,
2428 3860 2597 3915 Deum
2623 3863 2870 3917 venerari
2897 3880 2912 3916 .'
2940 3866 3193 3934 quoniam
3223 3877 3277 3921 et
3320 3869 3522 3923 amanti

1935 3940 2039 4007 hoc
2086 3953 2138 4006 in
2192 3954 2601 4011 retributionem
2645 3956 2864 4022 sufficit,
2896 3974 2956 4012 se
2986 3968 3256 4013 amantem
3310 3974 3517 4025 amare,

1931 4054 1984 4097 et
2013 4044 2141 4097 nihil
2175 4047 2407 4114 amplius
2461 4048 2702 4116 requirit,
2734 4063 2833 4103 nec
2861 4050 3134 4119 quidpiam
3191 4050 3295 4105 hoc
3342 4056 3518 4121 tnajus

1928 4149 2049 4188 esse
2077 4145 2243 4203 putat.
2277 4136 2333 4190 Si
2356 4152 2484 4190 vero
2514 4153 2638 4204 erga
2668 4139 2941 4194 hominem
2972 4140 3095 4205 hoc,
3141 4143 3309 4195 nmlto
3353 4144 3523 4213 tuagis

1929 4241 2053 4294 erga
2079 4227 2249 4281 Deum
2279 4245 2291 4280 :
2320 4228 2462 4298 quod
2487 4237 2545 4281 ut
2570 4229 2963 4286 demonstraret
2990 4232 3149 4297 Deus,
3180 4232 3331 4301 plura
3357 4250 3517 4302 quam

1926 4317 2168 4371 diabolus
2184 4319 2429 4388 petierat,
2459 4322 2748 4375 concessit.
2777 4321 2869 4377 Ille
2898 4323 3067 4391 inquit
3096 4340 3110 4377 :
3144 4323 3289 4376 Mitte
3309 4341 3518 4388 manum

1924 4418 2082 4473 tuam,
2126 4419 2173 4462 et
2213 4421 2362 4481 tange
2405 4413 2572 4480 ipsum
2601 4411 2720 4483 (Job
2741 4412 2795 4467 2.
2830 4415 2933 4484 5):
2992 4414 3129 4469 Deus
3181 4425 3359 4469 autem
3409 4433 3515 4471 non

1925 4499 2014 4557 ita.
2034 4499 2149 4564 sed,
2179 4500 2294 4553 Tibi
2319 4501 2514 4572 ipsum,
2541 4503 2727 4572 inquit,
2754 4503 2906 4558 trado
2935 4502 3039 4574 (Ib.
3074 4520 3127 4557 v.
3145 4505 3223 4575 fi).
3246 4507 3518 4571 Quemad.

1918 4591 2137 4647 modum
2171 4593 2312 4647 enim
2344 4594 2395 4647 iu
2441 4596 2797 4649 exterioribus
2850 4596 3234 4652 certaminibus
3286 4613 3517 4669 corpore

1923 4684 2188 4753 vigentes,
2214 4696 2268 4741 et
2297 4688 2450 4741 bona:
2481 4687 2809 4742 habitudiuis
2828 4688 3070 4753 athletae,
3104 4706 3212 4745 non
3236 4693 3315 4748 sic
3342 4709 3512 4763 appa-

1921 4784 2060 4838 rent,
2090 4790 2209 4829 cum
2244 4777 2621 4832 vestimentum
2649 4779 2879 4849 undique
2919 4781 3041 4835 oleo
3070 4774 3341 4838 madidum
3393 4784 3511 4839 fue-

1918 4866 2025 4919 rint
2048 4866 2237 4932 induti,
2271 4869 2366 4922 sed
2410 4870 2625 4939 quando
2668 4871 2756 4925 illo
2782 4871 2991 4941 abjecto
3022 4874 3147 4928 nudi
3180 4875 3231 4928 in
3274 4875 3509 4931 stadium

1917 4956 2185 5023 feruntur,
2212 4968 2338 5015 tunc
2368 4963 2605 5022 maxime
2630 4972 2960 5032 spectatores
2984 4966 3344 5028 membrorum
3374 4985 3500 5037 pro-

1920 5050 2167 5117 portione
2195 5052 2411 5119 penitus
2466 5054 2917 5124 obstupefaciuut,
2975 5071 3096 5109 eum
3150 5058 3283 5113 nihil
3335 5059 3507 5129 ipsam

1917 5142 2146 5209 amplius
2177 5143 2499 5199 obumbrare
2522 5147 2692 5215 possit
2717 5165 2729 5199 ε
2753 5147 2830 5201 sic
2857 5145 3050 5213 etlob,
3084 5148 3297 5216 quando
3327 5150 3506 5203 omni-

1920 5234 2021 5288 bus
2072 5235 2288 5304 quidem
2338 5238 2442 5292 illis
2467 5239 2664 5294 divitiis
2697 5241 3052 5297 circumfusus
3082 5251 3218 5303 erat,
3271 5242 3389 5312 quis
3417 5256 3506 5296 es—

1916 5335 2020 5388 set,
2080 5342 2186 5381 non
2239 5329 2420 5383 multis
2469 5332 2811 5389 manifestum
2852 5346 2997 5399 erat;
3051 5345 3327 5405 postquam
3376 5348 3506 5389 vero

1914 5419 2058 5484 ipsas
2084 5421 2228 5473 velut
2250 5422 2626 5477 vestimentum
2657 5424 2854 5480 athleta
2880 5422 3095 5495 abjecit,
3126 5437 3178 5481 et
3202 5428 3267 5481 ad
3286 5427 3502 5497 pictatis

1912 5510 2207 5563 certamina
2228 5512 2400 5565 nudus
2455 5513 2689 5579 intravit,
2740 5515 2817 5569 sic
2867 5516 3121 5585 spoliatus
3168 5526 3499 5585 Spectatores

1912 5616 2101 5655 OlllthS
2142 5604 2390 5671 perculit,
2445 5616 2502 5659 ut
2553 5616 2609 5659 et
2663 5608 2833 5677 ipsum
2874 5609 3184 5679 angelorum
3230 5611 3499 5665 theatrum

1910 5709 2071 5763 super
2099 5696 2262 5753 animi
2286 5698 2402 5765 ejus
2430 5700 2706 5754 tolerantia
2731 5700 2745 5731 ί
2780 5699 3127 5756 vehementer
3149 5702 3499 5777 acclamaret,

1910 5798 1964 5841 et
1996 5790 2179 5843 victori
2212 5790 2284 5842 illi
2314 5791 2680 5861 applauderet.
2715 5791 2868 5859 Quod
2910 5794 3051 5848 enim
3094 5795 3341 5865 superius
3379 5793 3499 5865 jaut

1926 5973 1931 5979 ~
1976 5909 1989 5949 t
2026 5904 2110 5973 alii
2136 5919 2147 5955 :
2169 5914 2318 5968 Super
2342 5905 2491 5957 am'mi
2507 5906 2611 5979 ejus
2634 5907 2860 5981 puritate,
2888 5916 2982 5969 etc.

3140 6002 3180 6054 2
