4072 6384
468 345 538 397 ‘27
1209 347 1264 405 S.
1306 347 1582 406 JOANNIS
1617 346 2098 408 CIIRYSOSTOMI
2134 338 2452 407 ARCHIEP.
2491 348 3025 408 CONSTANTINOP.
3679 353 3751 410 28

470 463 599 530 dixi,
611 479 713 520 non
742 465 814 520 ita
842 464 1140 521 hominibus
1157 467 1446 537 apparebat
1474 465 1576 521 illis
1589 465 1836 521 omnibus
1854 463 2052 520 divitiis

471 555 922 622 circumamictus,
949 567 1006 611 ut
1032 558 1244 626 quando
1266 557 1367 611 illis
1397 566 1662 627 tamquam
1692 556 1910 628 pallium
1938 570 2053 626 pro-

466 645 627 716 jectis
666 647 840 702 nudus
863 647 1082 714 exsiliit,
1133 647 1186 702 in
1232 647 1410 703 medio
1435 649 1586 714 orbe,
1619 658 1889 718 tamquam
1915 647 2055 702 thea-

480 749 565 794 tro
590 757 604 794 :
632 747 685 795 et
710 754 898 796 omnes
923 739 1114 794 bonam
1144 740 1308 811 ipsius
1338 740 1503 795 animi
1533 739 1902 794 habitudinem
1960 738 2056 792 ad-

475 829 650 884 mirati
679 839 798 884 sunt
826 847 839 884 :
867 844 973 884 non
998 830 1171 885 solum
1194 838 1371 885 autem
1409 844 1476 885 ex
1504 845 1684 884 rerum
1717 829 1922 900 jactura
1962 843 2054 882 su-

479 919 827 989 spiciebatur,
859 919 955 975 sed
977 920 1137 974 etiam
1168 935 1231 975 ex
1267 919 1534 990 patientia:
1559 920 1698 975 lucta
1725 919 1866 975 circa
1897 920 2053 988 aegri-

478 1009 735 1065 tudinem.

549 1103 652 1156 (ἔην
682 1101 818 1156 Deus
843 1101 962 1156 Ιοὸὶ
985 1119 1170 1170 corpus
1193 1103 1244 1156 in
1272 1113 1565 1174 potestatem
1592 1101 1780 1156 diaboli
1827 1100 2054 1155 tradide-

479 1194 567 1248 rit.
595 1216 666 1234 -—
685 1194 835 1249 SiCut
859 1195 998 1248 enim
1023 1206 1147 1250 ante
1176 1195 1309 1261 dixi,
1344 1209 1448 1249 non
1480 1195 1625 1250 illmn
1654 1195 1766 1263 ipse
1799 1195 2058 1261 percussit

479 1283 640 1350 Deus,
673 1298 738 1337 ne
765 1300 974 1338 rursum
996 1285 1235 1340 diabolus
1255 1285 1460 1340 diceret
1490 1304 1501 1336 :
1538 1284 1848 1354 Pepercisti,
1875 1291 1930 1337 et
1952 1300 2055 1336 non

477 1386 699 1439 tantam,
745 1388 994 1447 quantam
1043 1378 1343 1448 oportebat,
1395 1379 1615 1433 intulisti
1667 1377 2054 1432 tentationem:

478 1467 572 1520 sed
599 1468 695 1536 ipsi
731 1468 946 1522 tradidit
971 1469 1184 1524 diabolo
1229 1479 1282 1523 et
1336 1485 1554 1540 gregum
1606 1468 1957 1538 perditionem
2006 1476 2060 1521 et

478 1558 657 1609 carnis
686 1565 1022 1625 potestatem.
1055 1557 1282 1613 Confido
1309 1560 1374 1614 de
1399 1567 1685 1624 certatore,
1745 1557 1930 1627 inquit,
1990 1555 2060 1610 itl-

479 1648 623 1702 circo
650 1664 754 1702 non
814 1649 1070 1717 prohibeo
1121 1650 1219 1720 ipsi
1277 1666 1625 1720 qumoumque
1672 1650 1805 1704 velis
1864 1647 2061 1702 inferre

480 1741 790 1795 certamina.
825 1741 929 1796 Sed
969 1741 1418 1812 quemadmodum
1464 1742 1688 1811 spectati
1733 1735 2056 1811 paliestritte,

479 1841 533 1886 et
566 1841 682 1888 arte
709 1841 762 1886 et
782 1833 1025 1902 corporis
1054 1833 1246 1888 robore
1275 1833 1521 1898 tidentes,
1550 1847 1654 1886 non
1687 1833 1819 1888 recti
1864 1832 2060 1887 adver-

483 1923 637 1976 sariis
677 1931 735 1977 ut
756 1924 1071 1992 plurimum,
1106 1923 1547 1992 congrediuntur,
1592 1937 1766 1992 neque
1804 1923 1870 1978 de
1915 1924 2058 1993 pari,

478 2011 572 2067 sed
599 2013 805 2082 seipsos
833 2014 936 2068 illis
967 2015 1170 2068 medios
1199 2013 1688 2083 apprehendendos
1711 2014 1970 2084 praebent,
2006 2022 2064 2068 ut

480 2107 830 2162 illustriorem
858 2107 1138 2162 victoriam
1162 2107 1397 2163 referant
1421 2124 1434 2159 :
1486 2108 1562 2162 sic
1587 2119 1642 2163 et
1662 2108 1803 2162 Deus
1824 2108 2059 2162 medium

480 2196 704 2253 tradidit
727 2209 970 2253 sanctum
1002 2198 1218 2254 diabolo
1242 2198 1776 2268 apprehendendum,
1831 2208 1890 2254 ut
1941 2215 2061 2254 cum

479 2297 603 2356 post
629 2296 826 2343 tantam
843 2289 1120 2344 conflictus
1141 2290 1548 2360 prmrogativam
1578 2290 1864 2360 superarit,
1913 2291 2062 2345 solo-

481 2394 588 2448 que
633 2383 999 2450 prostraverit,
1052 2381 1248 2436 clarior
1277 2397 1475 2436 corona
1523 2382 1802 2437 reddatur.
1857 2384 2063 2439 Aurum

481 2478 568 2525 est
594 2470 872 2539 probatum
904 2489 918 2520 :
946 2486 1043 2540 pro
1068 2471 1235 2526 lubito
1267 2472 1448 2542 proba,
1473 2483 1530 2527 ut
1561 2473 1735 2541 placet
1777 2473 2019 2528 examina
2047 2515 2062 2538 ,

482 2561 673 2616 sordes
702 2561 754 2615 in
783 2562 899 2631 ipso
929 2578 1033 2616 non
1059 2562 1320 2618 invenies.
1348 2562 1464 2617 Non
1490 2563 1714 2618 aliorum
1739 2579 1866 2619 vero
1912 2564 2066 2621 nobis

486 2655 691 2704 tantum
715 2650 1079 2708 fortitudinem
1104 2653 1480 2708 demonstrat:
1536 2653 1632 2709 sed
1672 2663 1726 2709 et
1767 2655 1923 2718 aliam
1956 2671 2068 2709 ma-

485 2753 646 2810 gnam
672 2741 826 2798 offert
841 2744 1426 2811 consolationem.Quid
1449 2746 1591 2800 enim
1609 2745 1780 2815 inquit
1795 2745 2068 2801 Christus?

488 2831 634 2886 Beati
661 2833 815 2897 eritis,
841 2849 955 2888 cum
978 2833 1332 2889 maledixerfnt
1357 2836 1494 2889 vobis
1542 2835 1768 2890 homines
1817 2846 1863 2889 et
1895 2850 2066 2906 perse-

486 2925 630 2993 quuti
660 2941 747 2980 vos
769 2927 978 2997 fuerint,
1017 2937 1064 2980 et
1092 2928 1309 2982 dixerint
1340 2945 1487 2983 omne
1509 2931 1696 2982 malum
1725 2929 1925 2983 verbum
1968 2931 2067 2982 ad-

488 3025 686 3069 versum
709 3031 796 3071 vos
834 3019 1127 3072 mentientes
1167 3028 1369 3089 propter
1401 3036 1524 3074 me:
1551 3021 1764 3090 gaudete
1810 3031 1857 3075 et
1903 3022 2072 3075 casul-

489 3114 612 3172 tate,
631 3107 868 3176 quoniam
886 3124 1074 3164 merces
1095 3121 1258 3164 vestra
1279 3127 1462 3182 magna
1488 3121 1558 3165 est
1579 3112 1633 3165 in
1659 3111 1794 3166 ralis
1815 3127 1834 3165 :
1853 3113 1925 3166 sic
1936 3116 2070 3166 enim

487 3200 712 3267 fecerunt
734 3199 993 3269 prophetis
1008 3209 1174 3270 patres
1199 3217 1369 3256 eorum
1397 3201 1611 3273 (Matth.
1646 3203 1698 3258 5.
1729 3204 1812 3258 11.
1842 3204 1953 3274 12).
2008 3205 2072 3258 Et

487 3304 697 3344 rursum
722 3289 916 3346 Paulus
941 3291 1256 3348 Macedonas
1267 3294 1533 3349 consolari
1551 3295 1734 3349 volens
1760 3313 1773 3349 :
1801 3293 1900 3349 Vos
1915 3296 2068 3361 enim,

487 3380 678 3450 inquit,
705 3382 982 3436 imitatores
1012 3385 1134 3453 facti
1154 3385 1272 3438 estis
1319 3383 1504 3453 fratres
1548 3382 1900 3438 Ecclesiarum
1952 3385 2068 3452 Dei,

486 3487 600 3539 qua:
622 3481 738 3526 sunt
763 3473 814 3524 in
840 3471 1060 3527 ludam:
1090 3474 1327 3544 quoniam
1347 3475 1522 3529 eadem
1553 3475 1689 3545 passi
1720 3476 1838 3528 estis
1874 3492 1906 3528 a
1947 3492 2074 3528 con-

488 3560 753 3614 tribulibus
781 3563 976 3624 vestris,
1003 3564 1424 3633 quemadmodum
1453 3573 1499 3618 et
1545 3564 1623 3617 illi
1667 3581 1698 3617 a
1739 3563 1939 3621 Juda’is
1974 3565 1992 3638 (
2019 3567 2066 3621 1.

491 3650 754 3728 Thess._2.
801 3653 910 3722 14).
944 3651 1014 3706 Ει
1063 3653 1316 3708 Hebraeos
1353 3668 1565 3709 rursum
1615 3657 1684 3709 ita
1738 3657 2068 3724 consolatur,

490 3756 781 3797 recensens
796 3742 970 3812 justos
997 3759 1184 3799 omnes
1209 3745 1260 3800 in
1289 3745 1611 3812 fornacibus,
1658 3750 1708 3802 in
1751 3748 1986 3813 lacubus,
2017 3751 2069 3805 in

487 3833 881 3901 solitudinibus,
913 3836 968 3890 in
990 3836 1282 3904 montibus,
1309 3838 1360 3892 in
1391 3838 1681 3907 speluncis,
1735 3840 1786 3894 in
1820 3840 1977 3906 fame,
2019 3841 2070 3896 iu

486 3928 728 3998 angustia
751 3928 1006 3998 degentes
1031 3928 1213 4002 (Hebr.
1241 3931 1328 3985 11.
1352 3929 1423 3986 56
1448 3961 1518 3971 —
1555 3932 1680 4002 '58):
1710 3933 2072 3989 molestiarum

487 4020 630 4074 enim
653 4019 1062 4074 communicatio
1078 4020 1362 4090 quamdam
1387 4021 1549 4092 lapsis
1569 4021 1723 4078 afl'ert
1746 4024 2072 4079 consolatio-

488 4125 631 4165 nem.
683 4111 836 4178 Quod
877 4123 1051 4165 autem
1091 4120 1145 4167 et
1172 4111 1240 4168 de
1269 4114 1659 4170 resurrectione
1709 4131 1919 4185 quoque
1972 4116 2074 4172 hoc

486 4203 659 4273 ipsum
681 4219 957 4259 sermones
975 4204 1206 4273 inducat,
1241 4206 1361 4262 audi
1379 4207 1624 4262 eumdem
1643 4207 1864 4262 Paulum
1892 4208 2074 4262 dicen-

487 4304 593 4349 tem
623 4313 635 4347 :
667 4294 729 4350 Si
754 4297 1028 4350 secundum
1057 4296 1308 4352 hominem
1335 4314 1452 4353 cum
1470 4298 1589 4368 feris
1619 4300 1837 4370 pugnavi
1854 4297 2068 4370 Ephesi,

484 4388 608 4458 quid
637 4389 759 4441 mihi
789 4389 1010 4458 prodest,
1042 4389 1087 4442 si
1111 4390 1293 4443 mortui
1319 4406 1420 4444 non
1442 4399 1709 4461 resurgunt
1796 4390 1818 4463 (
1843 4391 1893 4445 1.
1951 4389 2067 4445 Cor.

489 4479 578 4534 15.
604 4478 734 4541 32)?
761 4479 827 4533 Et
855 4479 1047 4534 iterum
1074 4497 1088 4533 :
1121 4479 1184 4535 Si
1210 4481 1264 4535 in
1293 4481 1388 4534 hac
1423 4483 1524 4535 vita
1550 4489 1741 4534 tantum
1766 4485 1820 4534 in
1871 4480 2071 4534 Christo

485 4581 746 4639 sperantes
767 4587 958 4638 sumus,
980 4573 1366 4628 miserabiliores
1385 4589 1557 4627 sumus
1578 4573 1806 4627 omnibus
1850 4573 2070 4626 [tamini-

490 4665 582 4719 bus
606 4663 714 4735 (Ib.
735 4685 792 4721 ν.
827 4666 936 4738 19).
973 4666 1251 4722 lnnumera
1285 4668 1516 4737 patimur
1543 4667 1681 4721 mala
1714 4667 1764 4720 iu
1822 4666 2070 4735 pr:esenti

486 4757 615 4822 vita,
650 4756 854 4827 inquit:
886 4758 928 4812 si
962 4758 1121 4828 igitur
1146 4773 1253 4812 non
1281 4767 1529 4828 speratur
1553 4758 1720 4813 altera
1750 4755 1889 4822 vita,
1944 4755 2070 4826 quid

486 4849 640 4906 nobis
666 4865 786 4905 esse
807 4851 975 4920 possit
1021 4851 1419 4908 miserabilius?

555 4942 610 4997 9.
687 4941 789 4998 Res
817 4954 1003 4999 nostra
1025 4955 1142 4999 sunt
1168 4946 1321 5016 hujus
1353 4946 1468 4999 vitis
1489 4945 1726 4999 limitibus
1752 4944 2072 4999 circumscri-

487 5043 604 5104 ptw.
625 5063 697 5078 —-
723 5033 876 5090 Unde
900 5035 1235 5091 manifestum
1261 5045 1344 5092 est
1363 5051 1469 5090 non
1489 5049 1610 5091 esse
1635 5048 1723 5090 res
1744 5043 1953 5088 nostras
1978 5033 2077 5086 Iut-

480 5125 568 5196 jus
609 5126 707 5180 :evi
752 5125 1007 5180 limitibus
1056 5125 1506 5195 circumscriptas.
1558 5123 1627 5178 Et
1669 5123 1771 5178 hoc
1810 5123 1975 5193 liquet
2007 5138 2072 5177 ex

486 5219 868 5273 tentationibus
897 5237 910 5274 :
939 5234 1226 5288 numquam
1255 5219 1398 5274 enim
1430 5218 1568 5272 Deus
1610 5225 1880 5286 pateretur
1915 5222 1992 5268 tot
2021 5223 2077 5268 et

485 5311 609 5364 talia
635 5325 820 5380 passos
849 5311 1012 5376 mala,
1032 5319 1087 5365 et
1111 5319 1429 5380 praesentem
1455 5310 1618 5364 vitam
1642 5323 1854 5364 omnem
1880 5307 1932 5360 in
1956 5316 2076 5361 ten-

486 5401 774 5456 tationibus
803 5409 857 5456 et
883 5401 1103 5456 infinitis
1129 5401 1383 5471 degentes
1412 5399 1682 5471 periculis,
1715 5402 1883 5456 multo
1909 5401 2076 5470 majo-

485 5491 636 5549 ribus
665 5508 771 5550 non
799 5495 1132 5550 remunerari
1160 5495 1491 5550 muneribus.
1519 5494 1576 5550 Si
1600 5506 1731 5550 vero
1757 5495 1808 5548 id
1837 5496 1942 5563 pali
1969 5511 2072 5550 non

487 5594 680 5653 potest,
712 5595 920 5642 certum
946 5586 1088 5657 quod
1118 5587 1391 5642 meliorem
1422 5597 1477 5642 et
1502 5587 1839 5643 illustriorem
1872 5589 2076 5658 paravit

490 5676 710 5730 alteram
755 5679 953 5744 vitam,
994 5679 1048 5732 in
1085 5691 1186 5747 qua
1220 5678 1432 5747 pietatis
1473 5679 1678 5750 pugiles
1721 5693 1978 5734 coronare
2020 5687 2075 5732 et

489 5765 704 5823 laudare
737 5776 848 5823 toto
870 5768 1028 5825 debet
1053 5768 1183 5825 orbe
1205 5777 1497 5840 spectante.
1531 5771 1710 5843 Itaque
1734 5786 1854 5828 cum
1879 5771 2074 5826 videris

2159 463 2358 535 justum
2384 465 2672 536 angustiari
2690 508 2704 532 ,
2733 465 2893 536 afﬂigi
2914 506 2930 532 ,
2958 465 3012 519 in
3038 463 3396 520 imbecillitate
3415 507 3432 532 ,
3462 470 3707 536 pauperie
3727 509 3747 533 ,

2161 563 2217 610 et
2237 555 2530 612 innumeris
2549 556 2667 612 aliis
2685 557 2936 613 aerumnis
2959 568 3272 628 praesentem
3293 559 3452 612 vitam
3474 557 3744 625 claudere,

2160 644 2246 700 dic
2274 646 2410 700 intra
2439 655 2490 701 te
2516 647 2690 716 ipsum
2717 664 2730 700 :
2753 647 2866 702 Nisi
2889 648 3210 702 resurrectio
3233 658 3374 704 esset
3395 657 3448 704 et
3467 650 3735 719 judicium,

2162 752 2448 807 numquam
2479 738 2619 794 Deus
2651 747 2792 793 tanta
2830 747 3044 808 propter
3070 719 3132 794 se
3161 740 3298 794 mala
3329 755 3541 809 passum
3562 781 3576 806 ,
3604 740 3742 796 nullo

2163 830 2386 897 p0titum
2419 831 2559 886 bono
2587 829 2709 885 hinc
2735 831 2966 900 migrare
2997 831 3324 900 permisisset
3352 847 3365 884 :
3395 831 3536 888 unde
3564 840 3744 902 patet,

2162 919 2335 989 ipsum
2365 920 2587 975 alteram
2630 921 2709 976 eis
2750 921 2910 975 vitam
2959 922 3208 990 praesenti
3243 922 3611 991 jucundiorem
3637 963 3651 987 ,
3695 925 3750 977 et

2159 1013 2329 1067 multo
2382 1013 2657 1069 meliorem
2710 1028 2920 1083 parare.
2973 1013 3086 1068 Nisi
3112 1014 3251 1069 enim
3279 1015 3381 1070 hoc
3405 1024 3565 1076 esset,
3595 1031 3748 1068 runn-

2160 1119 2318 1174 quam
2349 1104 2558 1160 sivisset
2592 1104 2862 1174 improbos
2889 1104 3100 1174 quidem
3140 1105 3333 1160 multos
3377 1121 3471 1174 per
3505 1105 3639 1159 hanc
3669 1105 3749 1158 vi-

2163 1203 2269 1248 tam
2293 1195 2545 1265 gaudere,
2563 1195 2826 1265 justorum
2848 1209 2976 1249 vero
2997 1195 3191 1250 multos
3216 1195 3266 1249 in
3291 1197 3528 1265 plurimis
3551 1210 3748 1250 atrum-

2165 1285 2248 1338 nis
2291 1287 2530 1350 versari;
2571 1286 2664 1341 sed
2702 1285 2952 1356 quoniam
2995 1293 3344 1355 praeparatum
3381 1295 3464 1340 est
3497 1287 3748 1340 sa'culum

2163 1369 2324 1433 aliud,
2352 1370 2401 1424 in
2429 1385 2534 1441 quo
2561 1370 2848 1424 secundum
2875 1369 3146 1437 meritum,
3171 1369 3294 1424 huic
3317 1370 3526 1440 quidem
3551 1369 3748 1438 impro-

2167 1461 2342 1516 bitatis
2365 1503 2378 1521 .
2407 1463 2483 1518 illi
2516 1478 2642 1517 vero
2671 1464 2884 1518 virtutis
2907 1463 3124 1533 prtemia
3151 1462 3372 1518 reddere
3397 1463 3555 1518 debet
3585 1483 3596 1517 :
3631 1464 3753 1518 ideo

2165 1556 2293 1610 sinit
2320 1557 2459 1612 hunc
2479 1557 2694 1627 quidem
2724 1557 2905 1626 affligi,
2933 1557 3080 1611 illum
3108 1572 3234 1611 vero
3255 1556 3459 1611 deliciis
3481 1557 3748 1611 diffluere.

2165 1649 2360 1705 Verum
2389 1660 2440 1704 ct
2460 1651 2616 1705 aliam
2640 1666 2701 1705 ex
2729 1649 3014 1719 Scripturis
3041 1664 3254 1704 causam
3278 1648 3468 1703 afferre
3493 1650 3747 1702 conabor.

2165 1741 2345 1807 Qltnlis
2370 1756 2495 1794 vero
2521 1741 2633 1795 tunc
2658 1739 2776 1794 est?
2805 1740 2881 1794 Ne
2905 1739 3142 1795 dicamus
3168 1753 3265 1794 nos
3293 1739 3357 1792 ad
3381 1740 3621 1793 eamdem
3646 1741 3753 1792 vir-

2167 1843 2332 1889 tutem
2371 1833 2594 1898 invitati,
2625 1833 2845 1887 alterius
2875 1842 3078 1886 natura:
3105 1831 3385 1901 participes
3417 1831 3530 1884 illos
3563 1831 3752 1895 fuisse,

2166 1934 2256 1979 aut
2283 1925 2526 1978 homines
2551 1939 2656 1978 non
2683 1924 2864 1979 fuisse.
2917 1921 3118 1977 Idcirco
3165 1921 3378 1992 quidam
3429 1921 3498 1976 de
3550 1937 3747 1984 magno

2167 2015 2388 2085 loquens
2420 2014 2588 2079 Helia,
2615 2014 2692 2069 sic
2720 2015 2887 2083 inquit
2915 2031 2927 2066 :
2961 2012 3136 2067 Helias
3166 2013 3314 2066 homo
3343 2023 3451 2066 erat
3479 2013 3530 2065 in
3557 2014 3754 2080 passio-

2166 2106 2312 2160 nibus
2336 2106 2514 2160 similis
2539 2106 2679 2159 nobis
2706 2103 2906 2174 (Iacob.
2931 2103 3114 2171 5.17).
3139 2102 3302 2157 Vides
3324 2101 3464 2172 quod
3491 2118 3519 2154 a
3551 2103 3755 2172 passio-

2168 2210 2296 2250 num
2341 2195 2716 2250 communione
2753 2194 3084 2249 demonstrat
3125 2194 3298 2262 ipsum
3337 2193 3602 2248 hominem
3634 2207 3755 2247 esse

2168 2295 2227 2340 ut
2256 2288 2392 2341 nos?
2421 2286 2487 2340 Et
2510 2285 2701 2340 iterum
2731 2303 2744 2339 :
2776 2285 2974 2340 Etenim
3005 2302 3096 2357 ego
3123 2287 3272 2339 homo
3299 2302 3412 2340 sum
3437 2286 3492 2339 in
3518 2285 3756 2356 patiendo

2167 2376 2304 2431 vobis
2329 2377 2506 2430 similis
2533 2377 2551 2447 (
2577 2377 2807 2446 Sapient.
2839 2377 2892 2431 7.
2921 2377 2948 2432 1
2973 2376 3013 2446 ).
3047 2377 3114 2431 Ει
3143 2377 3243 2431 hoc
3269 2387 3472 2431 naturae
3509 2391 3755 2430 commu-

2170 2473 2383 2528 nionem
2405 2472 2649 2542 spondet.
2678 2471 2744 2527 Ut
2762 2481 2937 2527 autem
2961 2472 3135 2527 discas
3161 2486 3280 2526 cum
3304 2470 3392 2526 hic
3410 2469 3600 2525 docere
3619 2485 3758 2538 quos

2170 2573 2412 2634 oporteat
2439 2573 2623 2633 putare
2650 2564 2854 2627 beatos,
2881 2561 2931 2616 id
2960 2561 3082 2616 inde
3105 2561 3306 2616 clarum
3331 2571 3412 2615 est
3435 2578 3448 2614 :
3471 2576 3589 2615 cum
3611 2562 3755 2613 enim

2170 2654 2402 2710 audieris
2443 2653 2660 2708 Paulum
2703 2653 3002 2719 dicentem,
3037 2650 3205 2722 Usque
3230 2653 3284 2705 in
3323 2652 3454 2705 hanc
3493 2651 3670 2704 horam
3709 2659 3758 2702 et

2171 2749 2436 2813 esurimus,
2466 2757 2511 2802 et
2538 2747 2754 2811 sitimus,
2774 2756 2819 2800 et
2848 2745 2972 2799 nudi
3000 2760 3194 2810 sumus,
3219 2753 3265 2797 et
3288 2743 3690 2812 colaphizamur,
3711 2750 3760 2795 et

2173 2839 2428 2895 instabiles
2453 2855 2646 2902 sumus,
2665 2847 2711 2893 et
2737 2837 3024 2892 laborantus
3045 2835 3105 2906 (l.
3127 2834 3245 2890 Cor.
3261 2836 3312 2890 4.
3331 2834 3418 2905 11)
3443 2850 3460 2900 ;
3485 2843 3557 2900 et,
3594 2834 3762 2900 Quem

2172 2932 2338 3003 diligit
2357 2930 2627 2996 Dominus,
2655 2930 2866 3000 castigat
2889 2945 2907 2983 :
2929 2927 3156 3000 ﬂagellat
3180 2935 3346 2980 autem
3372 2941 3568 2979 onmem
3592 2924 3761 2993 ﬁlium

2171 3039 2318 3095 quem
2345 3022 2552 3091 suscipit
2583 3019 2764 3092 (Hebr.
2795 3018 2881 3074 12.
2911 3018 3004 3087 6);
3035 3026 3238 3072 certum
3269 3024 3351 3070 est
3377 3030 3495 3079 nos,
3527 3027 3635 3066 non
3662 3027 3762 3065 eos

2172 3117 2262 3186 qui
2293 3117 2345 3170 in
2374 3119 2551 3186 quiete
2578 3115 2797 3184 degunt,
2825 3110 2919 3167 sed
2949 3125 3042 3165 eos
3068 3110 3155 3180 qui
3189 3116 3405 3178 propter
3433 3106 3598 3160 Deum
3623 3104 3768 3157 allii-

2174 3219 2370 3279 guntur
2412 3215 2468 3262 et
2509 3214 2772 3260 vexantur
2797 3245 2813 3270 ,
2857 3203 3056 3274 quique
3096 3202 3345 3254 virtutem
3397 3197 3763 3267 pietatemque

2173 3297 2357 3353 colunt
2380 3296 2686 3350 laudaturos
2707 3303 2760 3349 et
2780 3293 3122 3348 aemulaturos
3143 3304 3285 3344 esse.
3319 3285 3406 3340 Sic
3420 3292 3473 3339 et
3487 3285 3762 3354 Propheta

2175 3388 2304 3443 dicit
2334 3407 2346 3442 :
2379 3387 2599 3441 Dextera
2627 3387 2852 3455 ipsorum
2878 3383 3082 3436 dea-tera
3111 3378 3411 3450 iniquitatis,
3436 3378 3558 3446 filia:
3585 3391 3765 3428 eorum

2175 3481 2484 3550 composita,
2517 3478 2931 3540 circumornatw,
2959 3483 3011 3527 ut
3037 3471 3315 3527 similitudo
3345 3467 3536 3537 templi.
3573 3465 3764 3519 Prom-

2177 3574 2379 3646 ptuaria
2416 3589 2588 3627 eorum
2617 3571 2765 3642 plena
2787 3609 2803 3634 ,
2831 3567 3112 3622 eructantia
3141 3582 3203 3619 ea:
3230 3567 3323 3619 hoc
3359 3565 3411 3617 in
3439 3561 3570 3616 illud
3599 3577 3617 3614 :
3647 3576 3767 3614 oves

2177 3683 2350 3722 eorum
2380 3670 2554 3738 fetosa:
2573 3705 2586 3728 ,
2617 3661 2927 3716 abundantes
2953 3660 3006 3712 in
3034 3657 3311 3728 egressibus
3335 3657 3439 3710 suis
3462 3696 3475 3719 ,
3503 3653 3652 3708 boves
3677 3669 3767 3705 eo-

2175 3773 2288 3810 rum
2325 3771 2526 3810 crassae.
2561 3751 2682 3806 Non
2711 3761 2780 3806 est
2808 3752 2958 3804 ruina
2985 3749 3213 3803 maceria:
3238 3789 3254 3813 ,
3285 3762 3440 3815 neque
3475 3744 3721 3797 transitus
3745 3783 3765 3809 ,

2177 3863 2334 3917 neque
2369 3845 2559 3898 clamor
2589 3843 2641 3895 in
2667 3841 2844 3912 plateis
2868 3855 3058 3893 eorum.
3103 3836 3311 3890 Beatum
3334 3836 3570 3888 dixerunt
3600 3850 3769 3903 papu-

2178 3939 2287 3993 lum
2308 3937 2392 3993 cui
2420 3935 2527 3989 hac
2560 3943 2674 3988 sunt
2726 3930 2745 4004 (
2773 3930 2912 3984 Psal.
2946 3929 3067 3984 145.
3100 3927 3269 3982 11-15
3295 3926 3331 3996 ).
3366 3929 3445 3983 Tu
3470 3942 3600 3981 vero
3625 3925 3770 3978 Pro-

2180 4029 2338 4098 pheta
2367 4026 2494 4097 quid
2518 4024 2687 4080 dicis?
2716 4022 2934 4087 Beatus,
2968 4019 3168 4089 inquit,
3203 4017 3447 4086 papulas,
3475 4017 3627 4084 cujus
3663 4014 3772 4068 Do-

2177 4122 2343 4174 minus
2371 4118 2505 4172 Deus
2533 4119 2641 4187 ejus
2669 4113 2850 4188 (lb.v.
2879 4113 2991 4181 15).
3023 4109 3135 4164 Νοιι
3165 4107 3401 4177 pecuniis
3425 4105 3771 4172 affluentem,

2177 4212 2275 4268 sed
2306 4212 2501 4281 pietate
2527 4217 2807 4267 ornatum,
2839 4205 2977 4258 hunc
3003 4216 3098 4271 ego
3129 4200 3338 4254 beatum
3367 4207 3514 4266 pulo,
3554 4197 3770 4266 inquit,

2177 4301 2278 4360 etsi
2308 4303 2586 4356 innumera
2608 4298 2834 4366 patiatur
2855 4295 3012 4348 mala.
3038 4293 3091 4348 Si
3115 4306 3241 4346 vero
3261 4297 3468 4358 oportet
3488 4299 3541 4342 et
3566 4304 3772 4342 nonam

2177 4397 2355 4451 dicere
2383 4406 2596 4447 causam
2618 4432 2632 4456 ,
2665 4387 2794 4442 illud
2821 4386 3016 4440 addere
3043 4398 3318 4453 possemus
3342 4423 3356 4445 ,
3387 4380 3525 4449 quod
3569 4380 3777 4449 proba-

2179 4490 2342 4543 tiores
2369 4483 2636 4541 tribulatio
2676 4481 2829 4535 faciat
2855 4477 3150 4532 tribulatos.
3197 4473 3472 4526 Tribulatio
3503 4472 3642 4524 enim
3675 4489 3776 4540 pa-

2177 4579 2402 4633 tientiam
2431 4583 2669 4645 aperatur
2689 4612 2703 4636 ,
2731 4569 2970 4642 patientia
2995 4582 3107 4620 vero
3133 4564 3470 4636 probationem
3492 4603 3504 4623 ,
3536 4562 3777 4630 probatio

2179 4679 2347 4723 autent
2373 4683 2548 4737 spem,
2580 4679 2692 4734 spes
2717 4678 2830 4716 vero
2855 4676 2953 4713 non
2980 4656 3242 4728 confundit
3269 4654 3439 4724 (Rom.
3466 4653 3520 4707 5.
3553 4655 3776 4724 5—5).

2180 4760 2343 4816 Vides
2369 4756 2509 4828 quod
2539 4770 2605 4810 ex
2643 4751 2978 4807 tribulatione
3007 4746 3247 4817 probatio
3275 4744 3572 4799 futurorum
3612 4757 3779 4812 spem

2183 4851 2338 4907 nobis
2362 4847 2550 4904 afferat
2573 4887 2589 4912 ,
2620 4853 2674 4900 et
2699 4845 2752 4897 in
2783 4838 3156 4896 tentationibus
3185 4849 3398 4890 manere
3423 4876 3437 4897 ,
3469 4833 3539 4887 de
3575 4835 3780 4891 futuris

2180 4947 2318 4998 bene
2345 4954 2562 5012 sperare
2590 4935 2782 4992 faciat?
2811 4932 2987 5002 Itaque
3012 4945 3117 4985 non
3148 4939 3345 4984 temere
3368 4926 3640 4992 dicebam,
3673 4927 3779 4983 has

2180 5034 2551 5091 tribulationes
2580 5025 2980 5084 resurrectionis
3013 5037 3160 5092 spem
3193 5020 3342 5074 nobis
3371 5019 3684 5086 designare,
3720 5031 3781 5076 et

2179 5134 2399 5182 vexatos
2437 5122 2682 5177 meliores
2710 5117 2942 5173 efficere.
2977 5109 3430 5180 Quemadmodum
3460 5109 3646 5175 enim,
3686 5111 3778 5166 in-

2181 5218 2327 5287 quit,
2356 5216 2408 5270 in
2439 5213 2652 5269 fornace
2676 5222 2861 5263 aurum
2890 5203 3218 5261 examinatur
3237 5241 3253 5266 ,
3283 5199 3362 5254 sic
3392 5209 3448 5254 et
3477 5200 3648 5255 homo
3675 5218 3772 5255 ac—

2181 5315 2367 5378 ceptus
2388 5306 2441 5360 in
2461 5299 2838 5358 humiliationis
2858 5296 3066 5351 camino
3087 5291 3267 5362 (Eccli.
3286 5289 3343 5342 2.
3367 5288 3446 5360 5).
3472 5291 3781 5346 Possumus

2181 5409 2238 5456 et
2261 5399 2528 5455 decimam
2549 5393 2725 5449 dicere
2745 5403 2978 5444 causam.
3006 5385 3223 5453 Qualem
3243 5396 3374 5437 vero
3393 5381 3569 5437 hanc?
3595 5383 3777 5450 Quam

2181 5499 2235 5547 et
2252 5493 2362 5559 jam
2384 5487 2578 5557 saepius
2597 5483 2706 5538 dixi
2725 5480 2967 5550 superius
2983 5519 2997 5541 ,
3019 5473 3161 5546 quod
3182 5474 3226 5528 si
3245 5473 3455 5544 aliquas
3470 5473 3781 5530 habeamus

2183 5579 2437 5644 maculas,
2461 5585 2515 5631 et
2536 5575 2622 5629 hic
2641 5587 2732 5628 eas
2755 5571 3099 5639 deponemus.
3128 5565 3193 5618 Et
3212 5563 3314 5618 hoc
3339 5563 3648 5632 patriarcha
3672 5563 3781 5619 de-

2182 5673 2388 5729 clarans
2426 5667 2494 5723 ad
2525 5666 2740 5722 divitem
2767 5659 2973 5716 dicebat
3002 5674 3015 5709 :
3046 5654 3295 5724 quoniam
3324 5652 3554 5707 Lazarus
3579 5657 3782 5724 recepit

2181 5781 2276 5820 sua
2304 5761 2441 5818 mala
2466 5801 2480 5827 ,
2511 5757 2646 5812 unde
2672 5750 3056 5810 consolationem
3085 5747 3267 5816 accipit
3297 5746 3315 5816 (
3343 5744 3472 5798 Luc.
3507 5745 3597 5802 16.
3631 5748 3711 5804 ἳδ
3736 5751 3780 5804 ι,
