4072 6384
335 406 409 465 29
1302 396 1394 458 AD
1430 395 1753 457 POPULUM
1795 396 2284 457 ANTIOCHENUM
2351 402 2575 459 liOiilL.
2613 407 2658 460 l.
3548 410 3618 465 3b

341 525 407 580 Et
438 530 631 593 przcter
658 521 797 577 hanc
825 520 982 575 aliam
1005 532 1191 575 rursus
1223 516 1543 571 invenimus.
1580 513 1836 584 Qualem?
1864 512 1933 568 Ut

338 632 554 670 coronae
588 623 645 671 et
682 613 899 684 prmmia
938 611 1092 667 nobis
1132 622 1426 681 augeantur
1457 628 1469 663 :
1503 618 1758 679 quantum
1788 607 1930 661 enim

342 708 713 762 tribulationes
759 704 1145 768 intenduntur,
1188 711 1391 756 tantum
1448 711 1503 756 et
1553 698 1931 755 retributiones

337 799 683 867 ampliantur,
717 797 824 851 imo
852 811 981 850 vero
1010 802 1065 849 et
1096 794 1261 847 multo
1300 793 1416 863 plus
1450 809 1462 847 :
1498 790 1621 845 Non
1650 792 1782 844 enim
1806 807 1929 843 con-

339 890 509 958 digna:
528 898 649 943 sunt
666 889 922 957 passiones
940 887 1093 956 hujus
1116 887 1353 954 temporis
1369 885 1435 937 ad
1455 888 1677 955 futuram
1692 883 1926 952 gloriam,

338 996 454 1044 qua:
477 980 775 1033 revelabitur
803 980 857 1032 in
894 977 1036 1031 nobis
1065 977 1237 1046 (Itoni.
1267 975 1318 1031 8.
1350 974 1460 1045 18).
1490 974 1589 1029 Tot
1615 973 1773 1042 igitur
1800 988 1929 1028 cau-
1960 1033 1967 1041 ,

342 1087 431 1127 sas
464 1073 723 1128 habentes
748 1071 816 1127 de
841 1080 1148 1126 sanctorum
1176 1068 1462 1124 afflictione
1486 1067 1758 1132 dicendas,
1782 1083 1849 1120 ne
1876 1067 1929 1121 in

340 1163 724 1219 tentationibus
749 1162 1105 1232 indignemur,
1130 1177 1199 1216 ne
1218 1159 1600 1231 angustiemur,
1624 1173 1691 1212 ne
1718 1165 1923 1227 pertur-

339 1256 551 1322 bemur,
573 1254 667 1310 sed
694 1264 747 1310 et
770 1255 868 1325 ipsi
898 1262 1108 1309 nostros
1133 1254 1453 1307 instruamus
1474 1250 1700 1316 animos,
1722 1257 1775 1304 et
1794 1249 1930 1305 alios

340 1345 458 1401 inec
480 1348 788 1401 doceamus.
834 1346 902 1399 Et
940 1344 985 1399 si
1014 1344 1210 1399 videris
1241 1343 1510 1397 hominem
1543 1342 1594 1396 in
1624 1341 1816 1395 virtute
1844 1341 1929 1395 vi-

339 1448 585 1503 ventem,
627 1436 1019 1506 philosophiam
1064 1442 1355 1490 sectantem
1381 1474 1394 1499 ,
1434 1431 1733 1502 placentem
1774 1430 1884 1486 Deo
1911 1471 1926 1498 ,

338 1538 523 1596 postea
565 1528 843 1581 innumera
875 1530 1159 1596 patientem
1188 1524 1324 1578 mala
1351 1565 1365 1590 ,
1404 1538 1471 1577 ne
1508 1521 1887 1577 scandalizeris
1910 1563 1925 1588 ,

338 1619 532 1675 dilecte
561 1637 573 1672 :
602 1628 657 1674 et
681 1620 724 1674 si
754 1620 951 1674 videris
991 1619 1225 1689 aliquem
1260 1615 1622 1686 spiritualibus
1650 1625 1927 1670 vacantem

335 1713 588 1780 oneribus
614 1756 628 1779 ,
660 1722 716 1768 et
750 1712 946 1783 aliquid
977 1712 1106 1766 utile
1139 1709 1509 1779 expediturum
1536 1749 1549 1772 ,
1582 1716 1766 1777 postea
1798 1721 1926 1776 sup-

339 1810 657 1875 p‘autatum,
686 1822 753 1859 ne
783 1803 1127 1875 perturberis.
1148 1801 1357 1855 Etenim
1386 1800 1714 1854 novimultos
1734 1799 1929 1868 sapius

336 1897 459 1950 tilia
485 1907 789 1967 quaerentes
820 1914 833 1950 :
863 1895 977 1960 Ille,
1008 1894 1271 1965 inquiunt,
1300 1892 1365 1948 ad
1392 1891 1705 1963 martyrium
1734 1890 1809 1961 (a)
1838 1906 1929 1960 pe-

334 1990 635 2057 regrinatus
658 2030 672 2054 ,
718 1987 1037 2057 pauperibus
1072 1987 1321 2056 pecunias
1368 1985 1673 2055 perferens,
1707 1985 1760 2038 in
1791 1999 1926 2038 nau-

334 2079 562 2147 fragium
594 2079 794 2144 incidit,
828 2088 881 2133 et
907 2078 1085 2132 amisit
1110 2077 1286 2131 omnia
1322 2093 1335 2131 :
1369 2077 1505 2130 alter
1544 2090 1752 2130 rursum
1785 2074 1924 2130 idem

335 2170 536 2222 faciens
555 2210 568 2231 ,
598 2170 647 2221 in
675 2169 906 2223 latrones
932 2169 1147 2231 incidit,
1176 2178 1229 2222 et
1259 2169 1343 2221 vix
1372 2167 1601 2220 animam
1630 2181 1780 2221 suam
1809 2183 1923 2221 ser-

337 2260 480 2312 vavit
504 2301 518 2324 ,
552 2258 724 2313 nudus
771 2259 893 2313 inde
929 2258 1227 2313 discedens.
1269 2259 1407 2325 Quid
1449 2258 1604 2326 igitur
1642 2258 1927 2312 dicemus?

340 2349 496 2415 Quod
537 2350 725 2404 horum
754 2351 899 2404 nullo
940 2350 1133 2404 tristari
1164 2359 1425 2419 oporteat.
1472 2349 1581 2404 Etsi
1612 2351 1753 2405 enim
1789 2366 1923 2404 nan-

334 2442 559 2512 fragium
580 2442 723 2509 fecit,
742 2442 903 2497 habet
921 2453 1093 2498 tamen
1111 2442 1330 2513 justitize
1348 2443 1575 2497 fructum
1593 2442 1886 2514 perfectum
1907 2461 1920 2497 :

332 2548 430 2586 sua
457 2534 597 2588 enim
623 2550 799 2589 omnia
826 2534 1088 2605 implevit,
1115 2534 1329 2604 collegit
1358 2535 1630 2604 pecunias,
1657 2535 1921 2604 deposuit,

330 2639 455 2676 cum
498 2624 822 2693 recepisset,
857 2625 1074 2690 abibat,
1109 2624 1587 2694 peregrinationem
1625 2625 1871 2693 attigerat
1907 2643 1918 2676 :

331 2712 662 2784 naufragium
681 2729 808 2768 vero
819 2714 885 2769 de
903 2716 1106 2785 reliquo
1122 2730 1225 2769 non
1246 2716 1313 2770 de
1332 2715 1500 2785 ipsius
1517 2715 1616 2769 fuit
1632 2716 1917 2770 sententia.

331 2803 439 2857 Sed
483 2818 648 2872 quare
689 2803 790 2859 hoc
840 2804 981 2859 Deus
1019 2805 1303 2875 permisit?
1346 2805 1411 2861 Ut
1452 2805 1592 2859 hunc
1626 2814 1920 2875 spectatum

329 2894 630 2949 exhiberet.
664 2896 731 2949 At
760 2910 1038 2965 pauperes,
1077 2896 1265 2967 inquit,
1297 2896 1485 2966 privati
1509 2907 1631 2951 sunt
1662 2897 1916 2965 pecuniis.

336 2985 454 3039 Non
496 2995 639 3040 tanta
681 2988 1001 3057 pauperibus
1031 3002 1156 3041 cura
1200 2998 1251 3042 tu
1290 2987 1563 3057 provides,
1599 2997 1793 3058 quanta
1832 2989 1920 3057 qui

331 3076 458 3132 fecit
494 3093 588 3133 eos
630 3079 768 3134 Deus
810 3096 824 3132 :
869 3080 966 3133 etsi
1012 3080 1153 3133 enim
1198 3080 1279 3133 his
1320 3080 1510 3148 privati
1544 3090 1701 3141 sunt,
1744 3089 1921 3134 tamen

329 3170 546 3225 aliunde
578 3179 753 3240 potest
784 3172 1039 3239 majorem
1066 3186 1224 3241 opum
1253 3172 1589 3226 occasionem
1622 3172 1751 3241 ipsis
1780 3186 1919 3240 pra:-

329 3260 483 3315 bere.

406 3351 493 3405 10.
535 3350 613 3405 Nc
643 3351 801 3420 igitur
825 3360 1094 3422 gestorum
1126 3353 1360 3407 rationes
1385 3352 1453 3407 ab
1482 3368 1549 3409 eo
1573 3362 1878 3423 repetamus
1902 3395 1915 3419 ,

328 3442 426 3497 sed
458 3444 509 3496 in
536 3444 784 3499 omnibus
813 3460 935 3498 eum
965 3445 1327 3515 gloriﬁcemus
1354 3465 1366 3500 :
1398 3461 1502 3511 non
1537 3447 1679 3501 enim
1716 3448 1918 3518 impru-

329 3536 523 3589 denter
549 3543 602 3590 et
630 3543 835 3590 temere
867 3537 987 3591 talia
1016 3552 1158 3606 saepe
1185 3536 1299 3592 fieri
1330 3539 1625 3607 permittit,
1668 3538 1760 3594 sed
1797 3554 1917 3594 cum

327 3641 394 3679 ex
426 3625 507 3679 his
537 3626 775 3695 pecuniis
816 3627 1235 3681 consolationem
1277 3627 1552 3682 habituros
1597 3644 1705 3684 non
1744 3630 1918 3699 despi-

327 3718 434 3770 ciat
457 3758 472 3782 ,
501 3733 685 3771 verum
715 3717 843 3786 ipsis
871 3718 1028 3771 aliam
1060 3734 1157 3787 pro
1190 3718 1272 3772 his
1304 3719 1543 3774 alimenti
1582 3721 1915 3775 occasionem

328 3807 598 3875 praebeat,
627 3807 784 3860 etiam
814 3806 1145 3877 naufragium
1168 3823 1382 3877 passum
1412 3810 1769 3878 probatiorem
1800 3810 1916 3864 efﬁ-

326 3899 402 3953 cit
427 3939 443 3964 ,
474 3898 839 3969 majoremqne
867 3900 964 3968 ipsi
997 3908 1146 3969 parat
1174 3901 1475 3956 mercedem
1522 3920 1533 3955 :
1573 3902 1738 3955 multo
1775 3902 1916 3956 enim

328 3988 502 4057 majus
530 4004 649 4053 eSt,
682 4005 839 4059 quam
886 3991 1282 4061 elecmosynam
1329 3991 1456 4046 dare.
1480 4033 1495 4057 ,
1538 3993 1678 4063 quod
1725 3993 1917 4048 talibus

327 4080 551 4134 obrutus
578 4082 803 4151 negotiis
831 4083 937 4137 Deo
966 4083 1163 4151 gratias
1190 4093 1332 4151 agat.

398 4168 641 4223 Fructum
663 4188 726 4225 ea:
757 4173 996 4239 patientia
1017 4174 1225 4243 perinde
1239 4184 1387 4243 atque
1402 4191 1463 4229 ea:
1484 4175 1795 4245 eleemosyna
1815 4194 1919 4229 mc-

327 4262 572 4314 timur.—
589 4262 703 4316 Non
725 4264 864 4317 enim
901 4272 1101 4318 tantum
1132 4281 1251 4334 qua:
1274 4280 1367 4334 per
1393 4266 1788 4337 eleemosynam
1819 4268 1915 4321 da-

327 4369 466 4420 mus,
481 4355 575 4410 sed
598 4364 653 4408 et
672 4371 756 4420 ea,
774 4358 963 4425 quibus
980 4357 1047 4413 ab
1061 4358 1179 4412 aliis
1198 4359 1413 4428 spoliari
1442 4358 1650 4413 fortiter
1674 4360 1914 4424 ferimus,

326 4448 550 4501 multum
569 4448 723 4501 nobis
736 4447 960 4502 fructum
979 4449 1225 4505 afferunt.
1245 4451 1307 4504 Et
1325 4459 1381 4504 ut
1396 4450 1570 4506 discas
1594 4452 1693 4506 hoc
1711 4453 1801 4505 illo
1815 4469 1919 4506 ma-

328 4537 411 4606 jus
428 4553 567 4605 esse,
590 4554 652 4592 ex
682 4540 745 4593 iis
766 4556 882 4609 quae
898 4540 999 4595 Job
1015 4542 1381 4611 contigerunt,
1406 4542 1507 4597 hoc
1530 4541 1718 4596 faciam
1746 4545 1917 4597 mani-

326 4627 540 4682 festum.
567 4628 659 4684 Ille
681 4630 892 4699 quando
919 4632 1171 4700 pecunias
1196 4632 1452 4701 possedit,
1477 4634 1682 4701 aperuit
1702 4634 1917 4687 domum

328 4722 650 4790 pauperibus
674 4761 689 4785 ,
720 4731 775 4775 et
808 4724 985 4776 omnia
1006 4739 1124 4792 qua:
1147 4723 1376 4778 habebat
1403 4724 1759 4793 clargiebatur
1786 4743 1798 4778 :
1826 4726 1919 4779 sed

326 4829 431 4867 non
452 4823 569 4867 erat
586 4824 690 4867 tam
716 4815 952 4880 illustris,
972 4816 1184 4886 quando
1201 4816 1524 4885 pauperibus
1546 4816 1761 4871 domum
1789 4832 1918 4887 ape-

327 4905 471 4969 ruit,
501 4921 660 4973 quam
689 4922 808 4959 cum
839 4907 1005 4975 ipsam
1036 4907 1292 4961 cecidisse
1318 4908 1540 4963 audiens
1583 4924 1693 4962 non
1743 4909 1922 4978 inique

328 4998 469 5051 tulit.
497 4997 612 5053 Non
635 5008 751 5051 erat
771 5008 874 5051 tam
904 4999 1157 5067 illustris,
1181 5001 1393 5068 quando
1415 5017 1481 5055 ex
1503 5002 1678 5055 ovium
1706 5011 1918 5057 tonsura

323 5091 501 5144 nudos
530 5092 743 5145 vestivit
764 5131 783 5158 ,
826 5107 987 5161 quam
1034 5092 1128 5147 fuit
1162 5095 1339 5147 clarus
1376 5103 1430 5148 et
1463 5105 1731 5164 spectatus
1757 5137 1771 5160 ,
1801 5112 1919 5150 cum

320 5182 551 5237 audiens
582 5184 754 5252 ignem
786 5184 1047 5239 cecidisse
1070 5226 1084 5248 ,
1128 5196 1182 5240 et
1222 5201 1411 5256 greges
1446 5202 1632 5241 omnes
1674 5202 1923 5241 consum-

314 5274 529 5343 psisse,
561 5275 759 5343 gratias
784 5277 909 5344 egit.
935 5276 1084 5330 Tunc
1111 5275 1375 5331 humanus
1404 5276 1575 5331 fuerat
1604 5320 1617 5344 ,
1651 5294 1792 5333 nunc
1823 5278 1921 5332 fuit

362 5365 681 5434 liilosophns
711 5385 724 5420 :
757 5377 882 5421 tunc
906 5382 1200 5437 pauperum
1237 5369 1615 5435 miserebatur,
1650 5385 1789 5421 nunc
1820 5370 1921 5422 Do-

334 5459 474 5513 clitm
505 5458 703 5525 gratias
727 5458 934 5526 agebat.
969 5458 1076 5513 Nec
1104 5460 1238 5512 intra
1267 5474 1325 5513 se
1351 5459 1483 5513 dixit
1509 5503 1521 5521 ,
1546 5460 1679 5526 Quid
1710 5461 1920 5513 tandem

342 5565 426 5600 ioc
472 5548 600 5600 est?
638 5564 826 5619 greges
871 5551 1172 5620 consumpti
1214 5560 1375 5616 sunt,
1426 5552 1617 5621 quibus
1663 5553 1922 5605 innninc-ri

327 5654 592 5707 pauperes
645 5641 924 5696 alebantur
954 5661 966 5697 :
1000 5644 1099 5698 etsi
1129 5658 1229 5714 ego
1260 5642 1504 5713 indignus
1534 5660 1678 5699 eram
1713 5644 1810 5698 hac
1840 5660 1911 5697 re-

403 5768 475 5829 (a)
503 5769 581 5819 Ad
605 5768 913 5832 martyrium,
943 5784 1031 5819 seu
1078 5772 1136 5819 ad
1182 5773 1441 5821 ecclesiam
1487 5781 1770 5833 martyrum.
1823 5772 1911 5821 Ilo;

342 5829 462 5879 item
487 5834 684 5880 nomine
704 5829 1293 5894 appeilabaturtemplum
1309 5829 1875 5897 Salvatoris.lcrosolytni
1892 5866 1923 5887 π.

2038 529 2155 567 rum
2183 514 2282 569 frui
2307 516 2459 586 copia
2484 559 2497 583 ,
2529 518 2717 573 saltem
2745 529 2961 591 propter
2983 535 3166 579 earum
3191 538 3469 585 consonos
3500 545 3620 599 par~

2036 614 2263 670 eendum
2288 626 2421 672 erat.
2453 619 2560 673 Sed
2583 619 2717 674 nihil
2743 616 2931 676 horum
2960 623 3041 677 vel
3063 623 3198 678 dixit
3224 625 3307 681 vel
3328 628 3578 698 cogitavit
3604 650 3617 685 :

2037 718 2190 762 norat
2214 712 2356 766 enim
2389 714 2555 769 Deum
2580 716 2757 770 omnia
2784 717 2983 771 utiliter
3011 717 3431 788 dispensantem.
3468 721 3533 775 Et
3564 736 3620 777 ut

2036 803 2175 857 scias
2218 818 2337 857 eum
2377 806 2588 873 gravius
2630 816 2810 875 postea
2850 808 3039 863 vulnus
3078 810 3320 866 intulisse
3361 812 3576 869 diabolo
3601 857 3617 880 ,

2034 908 2155 948 cum
2183 896 2437 965 spoliatus
2465 899 2662 968 gratias
2686 901 2791 968 egit
2820 942 2833 964 ,
2873 916 3030 970 quam
3058 917 3179 956 cum
3211 905 3491 973 possidens
3516 908 3615 962 nti-

2042 1003 2335 1057 seraretur,
2350 993 2567 1049 adverte
2580 1000 2722 1067 quod
2740 998 2957 1068 quando
2986 1001 3317 1069 possidebat,
3334 1004 3612 1073 suspicio-

2040 1096 2161 1136 nem
2179 1085 2466 1153 quamdam
2484 1087 2668 1143 habnit
2684 1090 2932 1145 diabolus
2952 1092 3077 1147 :etsi
3094 1092 3307 1159 falsam,
3328 1096 3513 1150 habuit
3536 1106 3619 1150 ta-

2041 1190 2163 1229 men
2189 1177 2329 1231 unde
2364 1177 2596 1235 diceret:
2625 1180 2770 1236 Num
2809 1186 2976 1255 gratis
3017 1195 3065 1239 te
3102 1186 3227 1239 colit
3249 1186 3350 1241 Job
3380 1187 3524 1259 (Job.
3556 1192 3607 1244 l.

2036 1262 2117 1328 θη
2137 1266 2426 1330 Postquam
2445 1287 2569 1327 vero
2595 1275 2777 1328 omnia
2799 1276 3041 1339 abstulit,
3065 1287 3118 1333 et
3142 1279 3315 1343 ipsum
3345 1281 3609 1335 omnibus

2034 1349 2280 1419 spoliavit
2305 1392 2318 1419 ,
2342 1359 2397 1407 et
2418 1361 2593 1407 tamen
2620 1354 2861 1408 eamdem
2892 1356 2934 1408 is
2959 1371 3081 1425 erga
3112 1357 3274 1412 Deum
3302 1360 3620 1416 benevolen-

2035 1451 2160 1497 tiam
2188 1445 2458 1511 servavit,
2492 1455 2617 1500 tunc
2646 1447 2861 1501 demum
2890 1449 3217 1505 obstructmn
3248 1461 3329 1506 est
3355 1467 3416 1507 os
3452 1454 3619 1524 impu-

2033 1538 2164 1592 dens
2189 1580 2202 1601 ,
2232 1548 2286 1593 et
2323 1537 2452 1593 nihil
2489 1541 2714 1608 amplius
2759 1540 2898 1610 quod
2949 1541 3149 1596 diceret
3194 1544 3464 1600 habebat:
3497 1562 3619 1601 nam

2033 1631 2362 1698 splendidior
2386 1648 2544 1702 quam
2577 1635 2725 1703 prius
2755 1636 3065 1704 eratjustus
3102 1637 3190 1693 ille
3227 1640 3325 1692 vir.
3363 1639 3620 1696 Omnibus

2033 1722 2174 1776 enim
2206 1724 2464 1792 privatum
2494 1767 2508 1791 ,
2539 1740 2797 1795 generose
2822 1735 2876 1782 et
2915 1742 3035 1782 cum
3078 1730 3364 1797 gratiarum
3410 1733 3622 1786 actione.

2032 1811 2173 1866 ferre
2199 1814 2364 1867 inulto
2396 1815 2566 1884 majus
2593 1826 2675 1870 est
2694 1859 2710 1883 ,
2739 1832 2897 1887 quam
2929 1819 2979 1872 in
3008 1818 3207 1874 divitiis
3233 1820 3513 1891 degentem
3545 1824 3621 1876 fa-

2032 1919 2156 1960 cere
2186 1905 2578 1977 eleemosynam
2610 1950 2625 1973 ,
2663 1910 2801 1963 sicut
2828 1919 2882 1965 et
2909 1911 2963 1965 in
2989 1910 3091 1967 hoc
3111 1914 3257 1982 justo
3283 1914 3620 1969 demonstra-

2035 2007 2144 2050 tum
2188 2005 2291 2052 est.
2328 2000 2477 2054 Tunc
2522 2002 2685 2054 multa
2729 2002 2780 2055 in
2816 2017 3103 2059 conservos
3144 2004 3241 2059 fuit
3284 2006 3618 2076 benignitas,

2033 2104 2176 2144 nunc
2217 2106 2438 2159 magnus
2476 2092 2526 2143 in
2571 2092 2850 2148 Dominum
2880 2110 3031 2149 amor
3063 2096 3432 2152 exhibebatur.
3472 2098 3623 2153 Ιιιιηο

2033 2194 2159 2233 vero
2192 2194 2295 2234 non
2338 2190 2539 2236 temere
2577 2198 2877 2239 sermonem
2919 2188 3192 2250 extendo;
3233 2187 3326 2242 sed
3370 2189 3620 2257 quoniam

2031 2273 2181 2327 multi
2213 2274 2407 2343 saepius
2430 2274 2518 2344 qui
2545 2275 2910 2347 elcemosynas
2936 2286 3218 2348 erogarent
3245 2321 3258 2344 ,
3292 2280 3477 2333 viduas
3506 2280 3622 2333 ale-

2030 2377 2185 2430 rent,
2216 2368 2358 2421 omni
2386 2368 2678 2423 substantia
2721 2370 2988 2439 diSpoliati
3027 2380 3193 2425 sunt:
3235 2372 3322 2425 alii
3370 2373 3615 2427 incendio

2029 2459 2209 2513 omnia
2238 2460 2571 2525 amiserunt,
2616 2460 2704 2513 alii
2751 2461 2803 2514 in
2850 2458 3121 2531 naufragia
3164 2461 3455 2516 inciderunt
3488 2505 3501 2527 ,
3531 2465 3618 2516 alii

2029 2550 2309 2605 calumniis
2332 2592 2345 2614 ,
2388 2559 2442 2604 et
2489 2550 2680 2606 talibus
2714 2551 2988 2620 quibusvis
3030 2552 3237 2621 injuriis
3275 2563 3393 2621 post
3428 2554 3619 2607 multas

2029 2643 2401 2712 eleemosynas
2430 2644 2480 2696 in
2510 2652 2800 2697 extremam
2827 2642 3027 2698 redacti
3059 2653 3183 2698 sunt
3220 2645 3524 2714 pauperiem
3564 2657 3622 2701 et

2034 2732 2399 2787 infirmitatem
2450 2743 2504 2787 ct
2553 2733 2959 2803 aegritudinem,
3009 2744 3062 2788 et
3113 2750 3140 2787 a
3192 2735 3402 2790 nomine
3455 2735 3619 2789 ullum

2027 2825 2203 2894 adepti
2230 2834 2353 2880 sunt
2379 2826 2655 2879 auxilium.
2684 2825 2761 2880 Ne
2785 2827 2945 2896 igitur
2971 2827 3208 2881 dicamus
3233 2871 3247 2895 ,
3293 2828 3432 2899 quod
3476 2844 3621 2899 smpti

2027 2916 2180 2969 multi
2213 2916 2389 2970 dicunt
2415 2958 2430 2981 ,
2461 2915 2628 2971 Nemo
2651 2918 2924 2988 quidquam
2943 2919 3035 2973 scit
3063 2920 3161 2990 (a),
3208 2919 3478 2976 sufficiunt
3497 2937 3620 2976 om-

2028 3009 2115 3062 nia
2141 3023 2303 3076 supra
2330 3009 2467 3063 dicta
2497 3009 2560 3062 ad
2590 3010 2747 3064 talem
2775 3011 3145 3077 expellendum
3186 3014 3613 3083 trepidationem.

2027 3100 2121 3154 Ille
2148 3140 2161 3164 ,
2192 3101 2366 3170 inquit
2397 3142 2409 3164 ,
2444 3110 2523 3156 tot
2545 3101 2747 3157 faciens
2771 3104 3140 3174 eleemosynas
3166 3106 3340 3159 omnia
3368 3106 3617 3175 perdidit.

2028 3192 2230 3264 Ecquid
2260 3192 2385 3247 illud
2411 3204 2492 3249 est
2521 3236 2535 3257 ,
2567 3195 2743 3248 omnia
2775 3195 3044 3263 perdidit?
3074 3195 3127 3249 Si
3163 3212 3255 3264 pro
3284 3196 3381 3251 hac
3409 3199 3611 3267 gratias

2026 3287 2196 3356 egerit
2217 3286 2423 3356 jactura
2452 3329 2467 3352 ,
2499 3287 2663 3341 multo
2694 3288 2949 3358 majorem
2975 3303 3002 3341 a
3035 3289 3143 3342 Deo
3185 3289 3613 3346 benevolentiam

2030 3377 2279 3432 hauriet:
2325 3391 2422 3432 nec
2460 3378 2674 3447 duplum
2721 3379 2855 3435 sicut
2892 3379 3029 3444 Job,
3073 3379 3167 3433 sed
3208 3382 3513 3449 centuplum
3562 3384 3615 3437 in

2027 3471 2132 3525 vita
2157 3479 2358 3525 aeterna
2385 3470 2627 3540 recipiet.
2674 3472 2726 3526 Si
2759 3488 2886 3526 vero
2913 3471 3001 3527 hic
3028 3473 3222 3526 malum
3254 3474 3448 3542 patitur
3472 3517 3485 3539 ,
3517 3474 3620 3529 hoc

2026 3562 2198 3632 ipsum
2227 3563 2482 3633 majorem
2522 3562 2627 3617 illic
2654 3564 2962 3617 thesaurum
3004 3564 3101 3633 ipsi
3154 3564 3447 3632 praebebit,
3474 3566 3616 3635 quod

2024 3671 2282 3726 generose
2308 3654 2486 3710 omnia
2517 3655 2651 3709 ferat
2681 3674 2693 3708 :
2727 3654 2791 3708 ad
2830 3655 3057 3723 majores
3095 3656 3237 3709 enim
3281 3657 3452 3725 ipsum
3490 3657 3614 3712 inde

2030 3765 2225 3804 vocans
2255 3747 2665 3803 exercitationes
2706 3758 2759 3801 et
2798 3746 2963 3800 luctas
2990 3789 3005 3813 ,
3043 3746 3108 3801 de
3149 3746 3299 3816 copia
3346 3748 3402 3802 in
3445 3764 3617 3818 penu-

2027 3843 2159 3895 riam
2192 3840 2425 3895 incidere
2452 3840 2593 3893 Dcus
2638 3839 2898 3908 permisit.
2948 3837 3087 3909 ignis
3127 3840 3376 3908 ingruens
3420 3856 3617 3912 saeptus

2023 3933 2241 3987 domum
2273 3940 2413 3987 tuam
2441 3931 2773 4000 absumpsit,
2796 3939 2848 3985 et
2877 3939 3041 3985 totam
3070 3931 3418 3986 substantiam
3450 3948 3618 4002 popu-

2026 4025 2161 4077 latus
2185 4022 2308 4076 est?
2334 4022 2698 4075 Reminiscere
2736 4035 2921 4075 eorum
2958 4037 3077 4090 qua:
3118 4021 3219 4075 Job
3260 4025 3569 4078 acciderunt
3600 4045 3612 4080 :

2025 4131 2121 4183 age
2150 4114 2348 4183 gratias
2378 4113 2603 4168 Domino
2627 4154 2641 4177 ,
2675 4112 2763 4181 qui
2795 4111 3081 4181 prohibere
3120 4122 3368 4181 poterat,
3412 4124 3466 4167 et
3510 4132 3612 4168 non

2026 4205 2337 4274 prohibuit:
2380 4212 2435 4257 ct
2481 4212 2680 4257 tantam
2724 4202 2951 4270 recipies
2992 4202 3293 4256 mercedem
3318 4245 3335 4269 ,
3362 4214 3614 4272 quantam

2025 4298 2067 4348 si
2097 4295 2272 4348 omnia
2307 4294 2389 4347 illa
2422 4294 2474 4347 in
2511 4308 2799 4361 pauperum
2827 4305 3014 4346 manus
3040 4293 3392 4361 reposuisses.
3426 4293 3527 4348 Sed
3562 4294 3614 4348 in

2027 4386 2280 4457 pauperie
2307 4384 2455 4454 degis
2474 4427 2486 4447 ,
2519 4395 2571 4437 et
2600 4386 2735 4437 fante
2765 4394 2814 4437 et
2844 4382 3064 4437 inﬁnitis
3097 4383 3384 4451 periculis?
3414 4383 3615 4437 Recon-

2024 4479 2151 4531 dare
2173 4476 2358 4530 Lazari
2385 4517 2397 4540 ,
2423 4489 2541 4527 cum
2572 4476 2744 4543 inpia
2771 4482 2825 4527 et
2846 4474 3071 4527 orbitate
3097 4483 3150 4526 et
3178 4474 3472 4528 innumeris
3496 4476 3615 4531 aliis

2027 4570 2309 4639 pugnantis
2336 4568 2595 4622 molestiis
2621 4609 2634 4629 ,
2666 4576 2718 4620 et
2758 4565 2872 4619 huic
2911 4573 3030 4634 past
3072 4566 3319 4620 virtutem
3368 4578 3567 4622 tantam
3600 4590 3612 4624 :

2028 4659 2312 4714 recordare
2341 4658 2707 4727 apostolorum
2738 4697 2752 4721 ,
2782 4656 2872 4726 qui
2904 4665 2958 4711 et
2987 4657 3037 4709 in
3065 4655 3203 4711 fame
3244 4668 3299 4712 et
3342 4658 3393 4711 in
3434 4660 3521 4715 siti
3563 4669 3617 4715 et

2018 4930 2025 4936 ,
2091 4881 2160 4942 (u)
2185 4881 2316 4939 limo,
2342 4886 2396 4928 nt
2420 4894 2480 4929 ex
2506 4877 2834 4942 Chryso‘tomi
2864 4876 3285 4942 verbisgargnitur,
3313 4886 3427 4927 tunc
3452 4880 3609 4941 adagii

2027 4940 2163 4993 more
2209 4943 2530 5003 ferebantur:
2561 4955 2617 4991 ac
2642 4943 2759 4989 licet
2799 4941 2967 4989 tirzeca
3011 4940 3263 5001 duplicem
3290 4940 3610 5003 negationem

2027 5004 2325 5071 exprimant.
2347 5001 2578 5071 negative
2605 5010 2782 5071 tamen_
2813 5008 2929 5071 sunt
2971 5004 3243 5071 efferenda,
3286 5001 3425 5071 negito
3464 5003 3611 5068 quid-

2027 5063 2172 5131 quam
2192 5064 2325 5131 scit;_
2349 5063 2716 5131 dieebaturque
2742 5063 2802 5131 ab
2832 5063 3077 5131 imperitis
3118 5063 3608 5131 rerum‘divina'runi,

2027 5125 2249 5191 quicum
2286 5128 2514 5176 viderent
2560 5125 2664 5191 eos,
2708 5125 2793 5187 qui
2835 5125 2976 5191 bouis
3020 5126 3255 5191 operibus
3290 5125 3608 5191 incumbunt,

2030 5188 2279 5257 utrumuis,
2305 5189 2678 5257 calamitatibus,
2703 5188 3398 5257 calumniishafgritudinibus
3419 5193 3610 5257 impeti,

2031 5267 2086 5303 se
2109 5250 2229 5301 nihil
2254 5254 2303 5301 in
2326 5264 2490 5299 rerum
2516 5251 2835 5299 humanarum
2880 5248 3302 5311 administratione
3328 5248 3507 5311 capere
3535 5248 3610 5299 \el

2031 5328 2333 5377 cognoscere
2358 5312 2737 5377 profitebantuth
2781 5311 2957 5377 Simile
2999 5310 3182 5361 dictum
3229 5310 3445 5362 occurrit
3485 5314 3611 5375 apud

2032 5328 2333 5377 cognoscere
2392 5328 2730 5360 l'OllleDﬂllLlll'.
2781 5328 2912 5360 διωι]

2032 5374 2280 5437 Euripidis
2303 5328 2606 5437 Ipiiigeniam
2634 5374 2681 5423 in
2701 5372 2875 5423 Tauris
2902 5389 2912 5422 :

2396 5482 2561 5531 Πάντα
2581 5482 2668 5544 γὰρ
2693 5482 2753 5528 τὰ
2773 5483 2868 5528 τῶν
2894 5480 3029 5529 Θεῶν

2098 5546 2176 5599 Εἰς
2200 5545 2369 5607 ἀφανὲς
2392 5546 2543 5607 ἕρπει,
2570 5540 2741 5607 ἡοῦδὲνγ
2766 5544 2853 5607 οἷδ’
2878 5544 3010 5607 post»;
3033 5540 3198 5607 κᾳκὸν.

2104 5608 2159 5654 Ἡ
2185 5604 2272 5668 γὰρ
2297 5604 2429 5668 nam
2448 5606 2681 5666 παρήγαγ’
2709 5606 2772 5659 εἰς
2795 5604 2849 5651 τὸ
2872 5606 3119 5665 δυσμαθές.

2407 5708 2579 5760 Omnia
2603 5721 2711 5772 qua:
2731 5708 2845 5759 deos
2867 5712 3079 5772 spectant

2108 5775 2161 5823 tn
2195 5773 2377 5823 occulto
2399 5768 2677 5838 reptantjet
2702 5768 3132 5838 neruoquidfpttmi
3154 5768 3281 5838 norit
3302 5768 3433 5817 mali.
3481 5832 3489 5838 ι
3569 5829 3580 5838 _

2100 5838 2316 5887 Fortuna
2327 5828 2503 5887 auinne
2517 5833 2562 5883 in
2576 5828 2697 5883 hunc
2710 5828 3008 5890 interlitjendi
3024 5833 3054 5878 tt
3064 5828 3357 5889 illicttltutcnt
3370 5829 3613 5891 perduxit.
