4072 6384
437 391 501 445 51
1170 384 1227 440 S.
1271 378 1550 439 JOANNIS
1583 369 2075 434 CHRYSOSTOMI
2114 365 2434 428 ARCHIEP.
2474 359 3006 424 CONSTANTINOP.
3666 353 3739 414 39.

445 503 500 560 in
529 503 768 561 nuditate
792 499 1055 574 degebant
1082 540 1095 562 ,
1120 496 1498 568 prophetarum
1525 535 1540 560 ,
1569 490 1988 562 patriarcharum
2015 529 2031 555 ,

445 599 709 670 iustorum
741 615 755 654 :
783 606 840 652 et
867 607 1053 650 omnes
1081 592 1224 670 ipsos
1251 589 1488 644 invenies
1515 602 1620 641 non
1647 585 1716 640 de
1745 582 1994 637 divitibus
2017 621 2031 639 .

448 667 554 746 non
581 691 647 746 de
669 687 1022 761 gaudentibus
1042 726 1057 750 ,
1086 682 1180 738 sed
1209 667 1275 737 de
1304 679 1581 752 egentibus
1605 719 1621 745 ,
1653 674 1916 731 tribulatis
1937 714 1952 737 ,
1984 678 2038 728 et

453 782 764 852 angustiatis
791 794 929 834 esse.

521 876 610 929 ll.
649 873 775 927 llmc
812 868 950 940 apud
991 868 1216 936 tcipsum
1258 863 1550 932 colligens,
1584 857 1809 913 Domino
1836 853 2037 927 gratias

449 980 548 1036 age
576 1005 594 1030 ,
623 963 762 1033 quod
795 971 846 1016 te
875 961 1030 1029 hujus
1063 959 1182 1011 fecit
1211 954 1370 1010 sortis
1394 996 1408 1018 ,
1440 967 1545 1006 non
1574 964 1768 1004 exosus
1793 990 1805 1011 ,
1849 946 1941 1002 sed
1983 954 2038 1000 et

447 1056 603 1111 valde
629 1055 854 1124 diligens
884 1070 897 1106 :
927 1067 1047 1106 nam
1091 1058 1144 1102 et
1183 1049 1300 1102 illos
1330 1055 1406 1100 tot
1433 1042 1612 1114 gravia
1643 1041 1748 1110 pati
1776 1055 1881 1092 non
1911 1053 2034 1106 per-

445 1149 716 1209 misisset,
753 1147 851 1200 nisi
885 1147 1230 1200 vehementer
1253 1147 1523 1202 amasset,
1555 1133 1804 1204 quoniam
1840 1130 2036 1186 clario-

445 1256 532 1297 res
561 1242 703 1311 ipsos
731 1256 824 1308 per
851 1239 966 1292 haze
1004 1235 1142 1290 mala
1180 1231 1456 1286 reddebat.
1497 1227 1707 1283 Nullum
1746 1223 2034 1294 gratiarum

446 1336 643 1390 actioni
676 1351 768 1404 par
794 1334 990 1387 bonum
1017 1347 1034 1396 ;
1061 1325 1508 1398 quemadmodum
1536 1319 1865 1389 blaSpltemia
1887 1315 2037 1386 pejus

448 1427 603 1480 nihil.
655 1424 733 1480 Ne
777 1423 1142 1483 admiremur,
1189 1415 1331 1487 quod
1373 1410 1735 1484 spiritualibus
1779 1407 2038 1462 instantes

445 1518 610 1571 multa
645 1517 905 1586 patiamur
930 1512 1174 1568 adversa.
1206 1508 1276 1565 Ut
1319 1507 1458 1563 enim
1504 1504 1738 1558 latrones
1763 1541 1779 1568 ,
1811 1515 1917 1556 non
1947 1499 2036 1554 ubi

449 1612 647 1664 faenum
675 1618 730 1663 et
758 1607 924 1676 paleae
949 1613 1003 1660 et
1029 1604 1266 1658 calamus
1290 1641 1306 1667 ,
1329 1598 1421 1653 sed
1444 1597 1534 1652 ubi
1557 1610 1744 1650 aurum
1770 1604 1823 1649 et
1843 1607 2034 1662 argen-

447 1713 556 1755 tum
585 1741 602 1767 ,
635 1700 704 1754 ibi
735 1699 940 1753 fodiunt
963 1705 1019 1751 et
1043 1692 1256 1749 assidue
1285 1689 1503 1759 vigilant
1532 1704 1545 1741 :
1583 1687 1661 1741 sic
1700 1693 1754 1740 et
1791 1683 2034 1739 diabolus

443 1790 508 1844 iis
537 1788 766 1844 maxime
793 1787 973 1852 instat,
997 1784 1089 1855 qui
1133 1781 1426 1852 spiritualia
1475 1778 1740 1847 attingunt
1783 1775 2034 1844 negotia;

446 1881 516 1935 ibi
544 1880 722 1934 multa:
748 1878 954 1933 insidia:
974 1919 987 1942 ,
1012 1876 1098 1930 ubi
1123 1875 1288 1928 virtus
1321 1892 1335 1927 :
1367 1871 1476 1925 illic
1509 1869 1700 1924 invidia
1727 1910 1744 1936 ,
1771 1867 1861 1921 ubi
1887 1867 2034 1921 elec-

445 1988 688 2045 mosyna.
720 1972 823 2027 Sed
855 1979 939 2027 est
967 1969 1119 2023 nobis
1142 1967 1304 2022 telum
1329 1965 1617 2019 maximum
1641 2003 1655 2028 ,
1682 1960 1826 2032 quod
1846 1974 2037 2014 omnes

447 2065 582 2118 tales
609 2062 884 2117 machinas
914 2059 1173 2129 repellere
1205 2057 1377 2111 valeat
1404 2097 1418 2120 ,
1459 2064 1517 2108 ut
1559 2069 1654 2124 per
1693 2052 1810 2107 haec
1855 2051 2036 2105 omnia

448 2159 557 2214 Deo
585 2159 784 2228 gratias
811 2171 1050 2227 agamus.
1085 2151 1223 2207 Abel
1247 2193 1262 2218 ,
1291 2151 1379 2205 die
1403 2149 1531 2203 mihi
1557 2189 1572 2213 ,
1601 2160 1780 2201 nonne
1817 2145 1885 2199 de
1927 2145 2036 2213 pri-

447 2251 609 2304 mitiis
639 2250 749 2304 Deo
777 2248 1084 2301 sacriﬁcans
1106 2287 1120 2311 ,
1161 2245 1392 2298 fraterna
1433 2239 1626 2296 cecidit
1667 2254 1826 2293 tnanu
1859 2237 1878 2308 (
1907 2236 2034 2291 Gen.

446 2345 476 2397 4
507 2343 554 2412 )?
580 2343 672 2396 sed
706 2351 880 2395 tamen
915 2340 1054 2393 Deus
1083 2336 1324 2407 permisit
1351 2377 1366 2401 ,
1400 2349 1508 2388 non
1537 2348 1660 2388 cum
1693 2344 1915 2401 perosus
1946 2329 2035 2398 qui

445 2449 505 2490 se
532 2433 806 2487 honoravit
835 2472 850 2497 ,
885 2431 976 2486 scd
1007 2429 1162 2484 valde
1192 2428 1418 2498 diligens
1448 2444 1461 2480 :
1503 2435 1556 2481 et
1599 2432 1793 2494 przrter
1831 2423 2039 2492 specio-

449 2526 646 2580 sissimi
679 2525 819 2578 illius
861 2523 1106 2578 sacriﬁcii
1144 2535 1395 2575 coronam
1423 2560 1438 2585 ,
1472 2519 1694 2573 alteram
1735 2517 1894 2571 etiam
1938 2516 2037 2584 ipsi

449 2633 545 2687 per
575 2617 886 2688 martyrium
918 2614 1181 2684 pra-hens.
1209 2611 1384 2666 Moses
1404 2609 1611 2665 cuidam
1639 2607 1827 2677 injuria
1851 2606 2040 2660 affecto

442 2712 692 2782 opitulari
722 2711 926 2775 voluit,
969 2720 1023 2764 et
1065 2707 1198 2762 mori
1244 2706 1570 2776 periclitatus
1609 2714 1690 2759 est
1716 2747 1729 2770 ,
1776 2715 1830 2758 et
1870 2703 2038 2772 patria

444 2801 642 2858 excidit
671 2803 690 2874 (
721 2801 888 2855 Exod.
917 2801 952 2855 2
980 2799 1020 2872 ),
1055 2801 1303 2869 Deosque
1335 2798 1571 2869 permisit
1601 2837 1616 2863 ,
1647 2806 1704 2851 ut
1732 2804 2040 2850 sanctorum

449 2895 754 2962 patientiam
786 2893 980 2948 discas.
1012 2891 1069 2947 Si
1099 2891 1243 2946 enim
1273 2891 1482 2959 praescii
1513 2888 1643 2944 nihil
1669 2903 1767 2944 nos
1787 2902 2040 2958 passuros

445 2986 566 3040 mali
593 3027 606 3048 ,
639 2986 716 3040 sic
741 2985 1032 3056 spiritualia
1065 2984 1423 3054 attigissemus
1450 2981 1660 3053 negotia
1685 3021 1701 3047 ,
1745 2980 1876 3036 nihil
1917 2996 2036 3035 ma-

444 3095 606 3149 gnum
649 3077 824 3134 facere
869 3078 964 3132 visi
1015 3091 1256 3132 essemus
1283 3117 1297 3142 ,
1348 3075 1454 3130 tale
1499 3075 1802 3130 securitatis
1848 3073 2041 3144 pignus

448 3171 707 3227 habentes
739 3190 750 3225 :
784 3187 926 3225 nunc
954 3185 1084 3225 vero
1113 3171 1235 3224 hinc
1273 3169 1511 3224 maxime
1547 3166 1888 3222 admirabiles
1918 3174 2043 3220 sunt

443 3265 534 3329 qui
565 3265 687 3317 talia
722 3264 918 3319 faciunt
943 3305 955 3325 ,
985 3262 1127 3332 quod
1151 3271 1206 3316 et
1225 3261 1458 3332 pericula
1481 3270 1536 3315 et
1555 3259 1748 3314 damna
1773 3301 1789 3326 ,
1817 3269 1872 3314 et
1897 3273 2044 3313 mor-

446 3362 545 3416 tes,
567 3366 620 3410 et
640 3355 840 3410 inﬁnita
871 3353 1222 3425 praevidentes
1240 3352 1398 3416 mala,
1420 3364 1594 3406 tamen
1613 3349 2046 3421 hujusmodiofﬁ-

447 3446 546 3500 clis
576 3462 680 3500 non
712 3447 970 3500 absistaut
990 3488 1004 3510 ,
1037 3460 1208 3514 neque
1249 3444 1533 3498 timorum'
1561 3441 2045 3510 exspectationibus

448 3538 722 3605 segniores
739 3535 862 3590 facti
883 3537 1004 3589 sint.
1027 3535 1177 3590 Sicut
1193 3534 1350 3604 igitur
1366 3543 1475 3589 tres
1493 3533 1637 3602 pueri
1661 3531 1934 3588 dicebant:
1951 3531 2045 3586 Est

451 3627 591 3682 Deus
620 3629 671 3680 in
702 3628 822 3681 cazlo
848 3637 1023 3697 potens
1052 3627 1244 3695 eripere
1270 3641 1360 3678 nos
1388 3639 1407 3678 :
1436 3635 1482 3678 et
1508 3625 1551 3678 si
1577 3641 1676 3678 non
1704 3666 1719 3691 ,
1764 3633 1940 3679 notum
1980 3625 2044 3678 sit

450 3717 538 3770 tibi
567 3759 584 3783 ,
613 3734 704 3772 rex
727 3759 741 3784 ,
769 3717 904 3787 quod
933 3717 1031 3770 diis
1057 3718 1154 3769 tuis
1182 3733 1280 3770 non
1307 3718 1549 3770 servimus
1573 3759 1587 3780 ,
1617 3725 1662 3770 et
1688 3733 1894 3771 auream
1912 3718 2038 3770 ima-

451 3812 617 3880 ginem
641 3851 655 3877 ,
681 3826 832 3880 quam
851 3809 1052 3863 erexisti
1069 3852 1082 3874 ,
1111 3826 1211 3862 non
1234 3809 1506 3864 adoramus
1531 3810 1548 3880 (
1572 3809 1704 3864 Dan.
1729 3811 1782 3866 5.
1807 3812 1893 3866 l7.
1918 3811 2042 3883 l8):

455 3913 510 3956 et
539 3913 590 3957 tu
625 3903 780 3973 igitur
807 3901 1022 3973 quando
1051 3901 1177 3970 quid
1208 3901 1332 3957 boni
1365 3902 1656 3956 secundum
1703 3901 1872 3958 Deum
1917 3919 2045 3973 ope-

455 3995 556 4047 rari
605 3994 770 4048 debes
795 4037 809 4059 ,
843 3994 1004 4047 multa
1033 3995 1278 4064 prospice
1308 3995 1563 4064 pericula,
1599 3994 1766 4048 multa
1809 3994 2000 4049 damna
2026 4035 2041 4059 ,

457 4085 650 4140 tntiltas
677 4095 918 4150 mortes;
958 4095 1012 4139 et
1060 4101 1126 4140 ne
1170 4086 1418 4151 mireris,
1460 4101 1634 4156 neque
1676 4085 2042 4156 perturberis,

455 4178 499 4230 si
534 4177 647 4231 haec
674 4178 936 4231 accidant.
967 4175 1073 4230 Fili
1096 4219 1109 4240 ,
1146 4178 1350 4248 inquit,
1380 4177 1620 4231 accedens
1657 4178 1725 4230 ad
1761 4179 2046 4231 servitutem

453 4269 552 4322 Dei
577 4310 589 4332 ,
623 4285 858 4340 prwpara
886 4269 1111 4322 animant
1141 4278 1282 4322 tuam
1307 4268 1376 4322 ad
1405 4269 1729 4322 tentationcm
1757 4268 1776 4340 (
1800 4267 1959 4323 Eccli.
1985 4268 2042 4321 2.

455 4363 479 4416 1
511 4367 554 4429 ).
589 4361 756 4416 Nemo
785 4375 977 4431 nempe
1005 4375 1238 4431 pugnare
1262 4360 1559 4416 decernens
1583 4401 1598 4426 ,
1629 4361 1830 4431 absque
1857 4361 2047 4416 vulne-

456 4455 604 4510 ribus
633 4470 883 4510 coronam
913 4465 1188 4525 reportare
1215 4463 1506 4524 exspectat.
1538 4453 1606 4507 Et
1627 4460 1684 4504 tu
1707 4451 1898 4524 igitur,
1917 4451 2049 4507 cha-

459 4547 669 4601 tissimc
687 4587 702 4608 ,
727 4561 847 4601 cum
869 4546 1083 4602 diabolo
1109 4548 1233 4600 totis
1253 4545 1454 4600 viribus
1481 4558 1715 4614 pugnare
1742 4557 2044 4614 aggressus,

459 4653 526 4692 ne
551 4638 708 4691 vitam
751 4653 992 4692 securam
1032 4647 1086 4692 et
1127 4636 1335 4691 deliciis
1374 4637 1586 4706 plenam
1634 4637 1898 4706 sequaris.
1927 4634 2043 4690 Non

456 4729 600 4782 enim
629 4728 715 4783 hic
744 4729 837 4783 tibi
883 4729 1259 4784 retributiones
1301 4737 1357 4782 et
1397 4727 1814 4797 promissiones,
1858 4727 1954 4782 sed
1995 4728 2047 4782 in

458 4821 640 4874 futuro
666 4819 863 4874 saeculo
909 4818 1087 4873 omnia
1135 4819 1391 4888 praeclara
1433 4819 1574 4873 Deus
1613 4817 1875 4889 promisit.
1914 4817 2047 4874 Cum

460 4913 620 4982 igitur
649 4912 729 4966 vel
760 4912 872 4981 ipse
897 4911 1094 4966 bonum
1127 4911 1317 4966 feceris
1340 4954 1356 4974 ,
1384 4918 1438 4966 et
1460 4911 1727 4966 contraria
1756 4913 2046 4982 receperis,

462 5005 548 5058 vel
578 5004 739 5058 alium
771 5003 873 5057 hoc
901 5001 1098 5058 videris
1141 5003 1427 5069 patientem
1456 5044 1471 5069 ,
1509 5003 1680 5073 gaude
1721 5011 1776 5057 et
1822 5002 2003 5057 laatare
2033 5020 2047 5056 :

461 5095 679 5164 majoris
706 5095 847 5149 enim
878 5094 968 5148 tibi
999 5093 1364 5148 retributionis
1390 5095 1609 5149 materia
1637 5103 1736 5148 est.
1765 5093 1843 5150 Ne
1868 5095 2052 5149 conci.-

461 5187 599 5252 tlJS,
653 5201 824 5255 neque
867 5185 1043 5239 solvas
1087 5184 1248 5238 animi
1298 5183 1574 5251 studium,
1623 5199 1796 5255 neque
1839 5186 2052 5256 segnior

465 5278 563 5331 ﬁas
586 5319 601 5341 ,
633 5275 726 5330 sed
759 5275 933 5346 potius
959 5279 1094 5330 insta
1116 5290 1235 5330 cum
1261 5275 1448 5346 majori
1472 5276 1765 5332 alacritate.
1791 5277 2050 5344 Quoniam

464 5378 519 5422 et
571 5369 796 5438 apostoli
842 5383 964 5422 cum
1021 5366 1419 5437 prtedicabant,
1471 5369 1570 5423 etsi
1615 5367 2048 5440 ﬂagellarentur,

466 5459 844 5527 Iapidarentur,
877 5472 1122 5514 carceres
1166 5461 1415 5514 continue
1456 5459 1780 5523 habitarent,
1824 5475 1927 5514 non
1967 5475 2053 5514 so-

466 5549 576 5606 lum
623 5559 739 5618 post
783 5549 1139 5619 periculorum
1190 5549 1554 5605 liberationem
1583 5592 1597 5616 ,
1639 5549 1734 5606 sed
1763 5559 1818 5605 et
1844 5550 1894 5604 in
1927 5550 2053 5622 ipsis

529 5724 550 5758 ι
585 5731 712 5776 Unus
733 5700 920 5778 habet:
946 5735 1102 5790 Neque
1134 5727 1471 5779 timendorum.
1509 5728 1638 5780 Alter

492 5783 502 5794 ο
529 5737 550 5758 ³
585 5737 712 5776 unus
735 5737 882 5778 υτιυρι
908 5739 920 5776 ἶ
946 5737 1102 5790 Neque
1134 5737 1471 5779 tmtendorum.
1509 5737 1638 5780 Alter
1682 5742 1694 5778 ἒ
1734 5737 1890 5794 Neque
1931 5742 2034 5780 mor

467 5791 604 5838 unus

2149 486 2399 558 periculis
2425 499 2544 541 cum
2573 481 2776 554 majore
2817 480 3092 537 alacritate
3133 476 3372 535 veritatis
3411 477 3736 548 pracconium

2145 579 2512 635 enuntiabant.
2546 577 2616 632 Et
2640 577 2824 631 videre
2853 583 2938 630 est
2960 573 3180 629 Paulum
3224 573 3278 626 in
3317 571 3434 641 ipso
3472 583 3690 624 carcere
3716 611 3733 634 ,

2147 673 2199 728 in
2231 671 2359 742 ipsis
2383 670 2588 727 catenis
2617 669 2966 724 instruentem
2990 707 3007 733 ,
3035 665 3334 721 initiantem
3361 703 3378 728 ,
3421 670 3478 718 et
3523 661 3579 716 in
3619 660 3738 714 foro

2141 763 2380 832 judiciali
2407 776 2623 818 rursum
2652 759 2790 816 idem
2821 757 3103 814 facientem
3131 798 3148 823 ,
3177 763 3233 811 et
3269 755 3323 809 in
3367 751 3646 824 naufragio
3683 760 3739 806 et

2146 856 2198 909 in
2225 862 2542 925 tempestate
2567 895 2582 920 ,
2613 861 2668 906 et
2697 851 2748 906 in
2779 849 3032 922 periculis
3057 847 3372 903 innumeris.
3414 845 3496 900 Tu
3524 859 3738 916 quoque

2145 954 2358 1002 sanctos
2398 945 2530 1000 istos
2577 944 2868 1008 cumulare,
2910 950 2965 997 et
3004 957 3034 996 a
3081 939 3235 996 bonis
3271 937 3560 1010 operibus,
3607 935 3734 990 dum

2145 1048 2317 1110 potes,
2367 1051 2434 1092 ne
2477 1037 2692 1093 excidas
2723 1037 2740 1068 ¹
2773 1055 2788 1091 :
2819 1047 2872 1092 et
2900 1036 3024 1092 licet
3067 1034 3260 1089 millies
3305 1032 3735 1102 interpellantem

2146 1142 2198 1185 te
2231 1131 2502 1186 diabolum
2544 1130 2773 1194 videris,
2817 1143 3076 1198 nusquam
3123 1127 3372 1182 absistas.
3420 1125 3498 1179 Tu
3519 1123 3736 1194 quidem

2143 1227 2398 1295 pecunias
2487 1225 2763 1294 perferens
2807 1264 2826 1290 ,
2901 1223 3036 1278 forte
3100 1221 3428 1291 naufragium
3497 1218 3663 1276 fecisti
3715 1234 3732 1283 ;

2145 1316 2341 1370 Paulus
2384 1325 2562 1371 autem
2607 1315 2856 1370 omnibus
2902 1315 3143 1386 pecuniis
3189 1312 3472 1382 pretiosius
3513 1311 3734 1366 verbum

2145 1407 2322 1462 ferens
2342 1449 2356 1472 ,
2388 1407 2613 1463 Romam
2641 1408 2818 1464 abibat
2844 1449 2858 1471 ,
2900 1416 2954 1461 et
2982 1409 3031 1461 in
3059 1407 3390 1476 naufragium
3421 1405 3601 1460 incidit
3631 1447 3645 1470 ,
3680 1413 3737 1460 et

2147 1499 2349 1554 inﬁnita
2377 1499 2541 1555 subiit
2569 1499 2928 1555 incommoda.
2960 1499 3026 1554 Et
3053 1499 3154 1554 hoc
3178 1499 3293 1568 ipse
3325 1497 3616 1554 declaravit
3655 1497 3738 1552 di-

2143 1608 2271 1649 cens
2298 1612 2310 1647 :
2342 1593 2548 1664 Swpius
2571 1593 2822 1647 voluimus
2846 1593 3014 1647 venire
3065 1592 3135 1646 ad
3177 1608 3262 1647 vos
3282 1633 3297 1658 ,
3349 1591 3437 1646 sed
3474 1589 3736 1652 impedivit

2143 1703 2236 1742 nos
2258 1695 2460 1742 satanas
2493 1685 2590 1759 (l.
2617 1685 2795 1741 Thess.
2823 1686 2877 1739 2.
2911 1684 3019 1755 18)
3050 1703 3062 1740 :
3090 1694 3145 1740 et
3186 1686 3326 1740 Deus
3344 1685 3588 1756 permisit
3613 1725 3629 1749 ,
3669 1699 3735 1738 ex

2144 1780 2596 1850 superabundanti
2625 1795 2776 1836 suam
2798 1779 3174 1836 demonstrans
3195 1780 3446 1834 virtutem
3472 1788 3526 1833 et
3550 1787 3734 1833 osten-

2144 1872 2280 1927 dens
2305 1914 2322 1938 ,
2349 1873 2490 1943 quod
2522 1872 2728 1928 inﬁnita
2754 1871 2982 1928 faciente
3021 1871 3234 1927 diabolo
3277 1880 3333 1927 et
3371 1872 3688 1944 prohibente
3713 1911 3736 1938 ,

2146 1965 2278 2018 nihil
2302 1980 2364 2019 ex
2396 1966 2495 2019 hoc
2521 1964 2829 2034 praedicatio
2851 1964 3192 2020 minuebatur
3213 2006 3229 2032 ,
3257 1971 3350 2018 aut
3377 1965 3735 2034 interrumpe-

2147 2057 2317 2110 hatur.
2347 2054 2550 2112 Idcirco
2581 2057 2633 2110 in
2661 2055 2911 2112 omnibus
2930 2055 3126 2111 Paulus
3153 2055 3261 2111 Deo
3285 2055 3483 2126 gratias
3506 2054 3693 2125 agebat
3717 2095 3734 2119 ,

2145 2151 2323 2204 sciens
2349 2149 2490 2220 quod
2520 2149 2882 2220 probatiorem
2915 2165 3010 2220 per
3037 2149 3152 2205 haac
3179 2165 3238 2205 se
3263 2150 3404 2205 Deus
3433 2147 3689 2204 reddebat
3717 2167 3732 2202 :

2145 2250 2201 2294 et
2227 2240 2387 2294 studii
2439 2241 2523 2296 sui
2577 2239 2967 2296 vehementiam
3013 2241 3066 2296 in
3117 2241 3368 2296 omnibus
3411 2239 3732 2306 exhibebat,

2147 2333 2290 2388 nullo
2317 2333 2506 2388 horum
2548 2332 3050 2403 impedimentorum
3074 2332 3358 2388 cohibitus.
3387 2332 3606 2401 Quoties
3635 2331 3736 2401 igi-

2147 2435 2230 2481 tur
2261 2425 2495 2482 frustrati
2526 2426 2781 2482 fuerimus
2807 2469 2823 2494 ,
2855 2427 3014 2481 toties
3042 2426 3333 2497 spiritualia
3357 2440 3518 2496 Opera
3545 2441 3736 2496 aggre-

2149 2521 2402 2575 diamur:
2447 2536 2620 2590 neque
2653 2520 2895 2575 dicamus
2918 2561 2934 2585 ,
2978 2535 3142 2591 quare
3179 2519 3321 2575 Deus
3358 2519 3735 2589 impedimenta

2148 2615 2429 2684 permisit?
2472 2624 2688 2686 propter
2727 2615 2831 2671 hoc
2877 2616 3017 2670 enim
3065 2615 3350 2686 permisit,
3399 2623 3459 2669 ιιι
3500 2615 3735 2669 studium

2147 2714 2294 2760 tuum
2325 2705 2492 2761 multo
2515 2707 2683 2776 magis
2707 2696 3048 2762 demonstres
3071 2748 3088 2774 ,
3115 2715 3170 2761 et
3205 2705 3426 2760 multum
3473 2721 3732 2761 amorem.

2146 2796 2388 2851 Amantis
2415 2796 2558 2851 enim
2601 2798 2833 2852 maxime
2870 2805 2953 2852 est
2979 2839 2994 2863 ,
3041 2812 3330 2867 numquam
3371 2797 3438 2852 ab
3468 2797 3532 2852 iis
3560 2839 3576 2863 ,
3617 2813 3738 2868 quae

2146 2896 2326 2942 amato
2353 2887 2724 2958 complaccnt,
2754 2887 3034 2944 absistere.
3066 2888 3236 2943 Mollis
3261 2889 3402 2944 enim
3433 2897 3488 2944 et
3515 2889 3738 2960 ignavus

2145 2994 2209 3032 cx
2243 2979 2414 3048 primo
2443 2981 2622 3034 statim
2655 2981 2856 3051 impetu
2895 2981 3178 3046 concidet;
3223 2981 3517 3037 vehemens
3559 2992 3734 3036 autem

2146 3083 2198 3127 et
2225 3073 2487 3128 excitatus
2509 3113 2524 3137 ,
2557 3073 2658 3128 etsi
2685 3074 2878 3129 millies
2917 3073 3284 3145 interpellctur
3309 3116 3325 3141 ,
3373 3083 3521 3129 tanto
3568 3077 3737 3146 magis

2146 3165 2342 3220 divinis
2367 3165 2529 3221 rebus
2556 3165 2776 3221 instabit
2801 3207 2816 3232 ,
2846 3176 3101 3236 quantum
3130 3168 3181 3221 in
3221 3182 3281 3223 se
3307 3176 3391 3221 est
3423 3168 3600 3222 omnia
3630 3168 3735 3223 im-

2149 3259 2300 3328 plcns
2321 3297 2339 3324 ,
2360 3267 2415 3314 et
2441 3261 2492 3312 in
2520 3259 2766 3314 omnibus
2789 3259 2988 3330 gratias
3012 3273 3176 3330 agens
3203 3277 3217 3314 :
3246 3259 3347 3314 hoc
3372 3268 3424 3315 et
3456 3275 3552 3315 nos
3578 3261 3738 3316 facia-

2150 3367 2289 3408 mus.
2323 3351 2543 3422 Magnus
2570 3352 2851 3406 thesaurus
2874 3352 3162 3422 gratiarum
3191 3352 3332 3407 actio
3353 3391 3370 3420 ,
3413 3367 3618 3423 magnte
3655 3353 3740 3410 di-

2151 3443 2294 3498 vitia:
2314 3483 2331 3509 ,
2362 3444 2791 3512 inconsumptum
2818 3443 3051 3510 bonum,
3084 3452 3349 3496 armatura
3383 3442 3530 3496 fortis
3558 3461 3571 3497 :
3599 3443 3738 3499 sicut

2149 3545 2204 3592 et
2233 3537 2560 3606 blasphemia
2589 3544 2904 3605 praesentem
2927 3535 3188 3605 jacturam
3217 3534 3478 3600 intendit,
3506 3544 3559 3590 et
3587 3535 3736 3604 plura

2149 3643 2308 3698 quam
2335 3643 2455 3698 qua:
2497 3627 2860 3695 perdidimus,
2903 3626 3120 3696 insuper
3157 3625 3335 3696 perire
3378 3627 3521 3684 facit.
3555 3627 3738 3683 Pcrdi.

2150 3720 2273 3774 disti
2304 3721 2600 3792 pecunias?
2629 3722 2671 3775 si
2701 3723 2898 3792 gratias
2922 3723 3136 3792 quidem
3165 3724 3336 3792 egeris
3355 3765 3370 3790 ,
3398 3723 3628 3777 animam
3659 3723 3738 3777 lu-

2153 3820 2335 3868 cratus
2359 3827 2417 3868 cs
2441 3854 2455 3878 ,
2487 3823 2542 3868 et
2572 3814 2806 3881 majores
2849 3823 3034 3869 nactus
3073 3831 3132 3870 es
3177 3815 3386 3870 divitias
3414 3857 3428 3882 ,
3475 3817 3596 3886 quia
3643 3815 3736 3870 Dei

2152 3904 2576 3960 benevolentiam
2621 3905 2712 3960 tibi
2753 3906 3069 3975 ampliorem
3121 3907 3460 3972 conciliasti;
3520 3908 3565 3962 si
3609 3923 3739 3963 vero

2152 3995 2639 4066 blasphemaveris,
2673 3998 2890 4066 insuper
2929 4006 2984 4054 et
3022 3999 3245 4053 salutem
3289 4008 3432 4053 tuam
3468 3999 3736 4067 amisisti,

2151 4102 2325 4156 neque
2367 4087 2484 4144 illas
2527 4089 2875 4158 recuperasti,
2917 4097 2972 4145 et
3007 4104 3164 4160 quam
3205 4089 3435 4145 habuisti
3481 4090 3737 4155 animam,

2152 4179 2288 4234 hanc
2315 4195 2526 4249 quoque
2548 4181 2811 4235 occidisti.

2224 4271 2312 4326 12.
2335 4269 2574 4341 Prwcipit
2603 4282 2656 4325 ut
2693 4271 2976 4344 blasphemi
3017 4274 3361 4344 corripiantur
3395 4283 3443 4328 et
3476 4273 3734 4340 vapulem.

2150 4363 2345 4419 —Sed
2391 4373 2668 4436 postquam
2709 4365 2776 4421 de
2819 4367 3148 4436 blasphemia
3198 4368 3353 4423 nobis
3395 4368 3555 4423 verba
3599 4383 3740 4423 nunc

2152 4453 2287 4508 facta
2331 4463 2474 4521 sunt,
2502 4470 2660 4509 unam
2698 4471 2728 4508 a
2765 4455 2918 4512 vobis
2947 4457 3194 4511 omnibus
3220 4466 3398 4527 petere
3425 4457 3548 4512 volo
3578 4459 3740 4512 retri-

2154 4543 2424 4600 butionem
2456 4560 2552 4615 pro
2571 4545 2828 4602 concione
2851 4547 2950 4601 hac
2992 4557 3150 4617 atque
3194 4563 3474 4604 sermone:
3507 4557 3565 4602 ut
3591 4547 3643 4602 in
3669 4548 3737 4601 ci-

2153 4634 2316 4688 vitate
2359 4635 2785 4704 blaSphemantes
2825 4637 2953 4690 mihi
2989 4637 3280 4708 eastigctis.
3333 4637 3388 4694 Si
3435 4639 3740 4708 quempiam

2154 4723 2207 4778 in
2237 4725 2375 4779 bivio
2405 4735 2461 4780 et
2489 4726 2604 4780 l'oro
2627 4727 2739 4781 Deo
2761 4727 3214 4796 blasphr-mantem
3241 4729 3494 4796 audieris,
3524 4728 3742 4793 accede,

2156 4815 2402 4886 increpa:
2428 4825 2483 4872 et
2509 4817 2554 4871 si
2582 4817 2802 4872 verbera
2837 4817 3076 4886 inﬂigere
3105 4827 3366 4890 oporteat,
3395 4835 3462 4874 ne
3491 4833 3744 4874 recuses:

2155 4907 2320 4976 ipsius
2343 4907 2528 4964 faciem
2557 4910 2706 4980 alapa
2743 4921 2961 4980 percute
2985 4953 2999 4976 ,
3039 4924 3258 4967 contere
3286 4927 3347 4966 os
3377 4913 3544 4982 ipsius
3573 4953 3588 4978 ,
3623 4929 3742 4981 pcr-

2155 5000 2402 5055 cussiene
2417 5016 2630 5055 manum
2646 5009 2788 5054 tuam
2807 5002 3099 5057 sanetiﬁca.
3115 5002 3180 5057 Et
3194 5003 3237 5057 si
3257 5003 3344 5058 ulli
3359 5003 3742 5069 accusaverim,

2155 5090 2280 5144 etsi
2309 5091 2360 5144 in
2381 5090 2637 5160 judicium
2663 5093 2955 5158 traxerint,
2993 5107 3254 5164 sequere:
3294 5103 3349 5150 et
3375 5093 3418 5148 si
3451 5095 3746 5164 ptenasju-

2157 5181 2256 5234 dcx
2284 5195 2381 5250 pro
2408 5182 2656 5236 tribunali
2686 5185 3072 5253 repoposccrit,
3093 5185 3308 5241 diccum
3332 5185 3744 5256 libertate,quod

2158 5273 2468 5341 angelorum
2508 5273 2707 5343 [legem
2754 5275 3220 5346 blasphemavcrit.
3270 5275 3326 5332 Si
3371 5277 3512 5331 enim
3565 5293 3744 5348 regem

2160 5371 2318 5418 terra:
2361 5365 2793 5434 blasphemantes
2824 5369 2995 5438 puniri
3026 5377 3274 5438 oportet,
3299 5369 3465 5425 multo
3487 5371 3653 5440 magis
3686 5370 3749 5424 il-

2159 5454 2267 5510 lum
2322 5458 2642 5512 contumelia
2676 5459 2989 5517 afﬁcientes.
3037 5460 3333 5516 Commune
3374 5461 3577 5518 crimen
3625 5471 3748 5528 est,

2164 5548 2370 5618 publica
2404 5551 2617 5621 injuria,
2639 5554 2829 5623 cuique
2853 5568 3108 5610 accusare
3132 5555 3330 5610 volenti
3363 5555 3504 5612 licet.
3536 5555 3750 5610 Discant

2166 5731 2246 5848 dit
2284 5738 2382 5799 nuo
2407 5739 2510 5800 MSS:
2540 5739 2590 5781 et
2629 5733 2790 5794 δίη-11η
2822 5742 2870 5782 In
2900 5732 3029 5784 bonis
3051 5732 3276 5798 operibus
3311 5746 3564 5798 persevera
3586 5746 3746 5794 quam-

2221 5805 2251 5842 u
2273 5805 2556 5848 sperarem.

2221 5805 2251 5842 ιι
2273 5805 2556 5855 sperarem.
