  <div class='ocr_page' id='page_1' title='image "/cluster/home/n/w/nwhite01/storage/ocr_20150623/49/nnc1.0046978208/034.png"; bbox 0 0 4072 6384; ppageno 0'>
   <div class='ocr_carea' id='block_1_1' title="bbox 234 393 1933 467">
    <p class='ocr_par' dir='ltr' id='par_1_1' title="bbox 234 396 1929 467">
     <span class='ocr_line' id='line_1_1' title="bbox 234 396 1929 467; baseline -0.011 0"><span class='ocrx_word' id='word_1_1' title='bbox 234 410 300 467; x_wconf 71' lang='lat'>3|</span> <span class='ocrx_word' id='word_1_2' title='bbox 1290 401 1382 460; x_wconf 68' lang='lat' dir='ltr'><strong>AD</strong></span> <span class='ocrx_word' id='word_1_3' title='bbox 1422 397 1753 461; x_wconf 71' lang='lat' dir='ltr'>POPULUM</span> <span class='ocrx_word' id='word_1_4' title='bbox 1794 396 1929 451; x_wconf 76' lang='lat' dir='ltr'>ANT</span> 
     </span>
    </p>
   </div>
   <div class='ocr_carea' id='block_1_2' title="bbox 2040 393 3684 467">
    <p class='ocr_par' dir='ltr' id='par_1_2' title="bbox 2040 394 3684 455">
     <span class='ocr_line' id='line_1_2' title="bbox 2040 394 3684 455; baseline 0.004 -8"><span class='ocrx_word' id='word_1_5' title='bbox 2040 394 2294 453; x_wconf 65' lang='lat' dir='ltr'>{HENUM</span> <span class='ocrx_word' id='word_1_6' title='bbox 2333 396 2565 453; x_wconf 73' lang='lat' dir='ltr'>HOMIL.</span> <span class='ocrx_word' id='word_1_7' title='bbox 2605 398 2646 452; x_wconf 93' lang='grc' dir='ltr'>Ι.</span> <span class='ocrx_word' id='word_1_8' title='bbox 3612 399 3684 455; x_wconf 72' lang='lat'>3-3</span> 
     </span>
    </p>
   </div>
   <div class='ocr_carea' id='block_1_3' title="bbox 239 513 1911 598">
    <p class='ocr_par' dir='ltr' id='par_1_3' title="bbox 239 513 1911 598">
     <span class='ocr_line' id='line_1_3' title="bbox 239 513 1911 598; baseline -0.008 -19"><span class='ocrx_word' id='word_1_9' title='bbox 239 526 453 598; x_wconf 77' lang='grc' dir='ltr'>μένων,</span> <span class='ocrx_word' id='word_1_10' title='bbox 504 523 611 577; x_wconf 90' lang='grc' dir='ltr'>τῶν</span> <span class='ocrx_word' id='word_1_11' title='bbox 658 519 989 592; x_wconf 83' lang='grc' dir='ltr'>θλιϐομένων</span> <span class='ocrx_word' id='word_1_12' title='bbox 1024 518 1118 574; x_wconf 76' lang='grc' dir='ltr'>καὶ</span> <span class='ocrx_word' id='word_1_13' title='bbox 1164 515 1682 589; x_wconf 83' lang='grc' dir='ltr'>στενοχωρουμένων</span> <span class='ocrx_word' id='word_1_14' title='bbox 1730 513 1911 573; x_wconf 73' lang='grc' dir='ltr'>ὂντας.</span> 
     </span>
    </p>
   </div>
   <div class='ocr_carea' id='block_1_4' title="bbox 313 598 1916 680">
    <p class='ocr_par' dir='ltr' id='par_1_4' title="bbox 313 598 1916 680">
     <span class='ocr_line' id='line_1_4' title="bbox 313 598 1916 680; baseline -0.009 -15"><span class='ocrx_word' id='word_1_15' title='bbox 313 619 402 666; x_wconf 88' lang='grc' dir='ltr'>ια’.</span> <span class='ocrx_word' id='word_1_16' title='bbox 422 610 605 667; x_wconf 88' lang='grc' dir='ltr'>Ταῦτα</span> <span class='ocrx_word' id='word_1_17' title='bbox 620 609 767 680; x_wconf 74' lang='grc' dir='ltr'>παρὰ</span> <span class='ocrx_word' id='word_1_18' title='bbox 786 605 996 677; x_wconf 84' lang='grc' dir='ltr'>σεαυτῷ</span> <span class='ocrx_word' id='word_1_19' title='bbox 1010 605 1202 675; x_wconf 81' lang='grc' dir='ltr'>λέγων,</span> <span class='ocrx_word' id='word_1_20' title='bbox 1217 603 1609 674; x_wconf 78' lang='grc' dir='ltr'>εὐχαρίστησον</span> <span class='ocrx_word' id='word_1_21' title='bbox 1624 599 1703 669; x_wconf 83' lang='grc' dir='ltr'>τῷ</span> <span class='ocrx_word' id='word_1_22' title='bbox 1712 598 1916 652; x_wconf 88' lang='grc' dir='ltr'>Δεσπό-</span> 
     </span>
    </p>
   </div>
   <div class='ocr_carea' id='block_1_5' title="bbox 237 682 1915 770">
    <p class='ocr_par' dir='ltr' id='par_1_5' title="bbox 237 682 1915 770">
     <span class='ocr_line' id='line_1_5' title="bbox 237 682 1915 770; baseline -0.011 -17"><span class='ocrx_word' id='word_1_23' title='bbox 237 715 333 769; x_wconf 78' lang='grc' dir='ltr'>τῃ,</span> <span class='ocrx_word' id='word_1_24' title='bbox 367 700 450 752; x_wconf 81' lang='grc' dir='ltr'>ὅτι</span> <span class='ocrx_word' id='word_1_25' title='bbox 478 714 535 749; x_wconf 91' lang='grc' dir='ltr'>σε</span> <span class='ocrx_word' id='word_1_26' title='bbox 556 697 654 766; x_wconf 86' lang='grc' dir='ltr'>τῆς</span> <span class='ocrx_word' id='word_1_27' title='bbox 672 695 866 770; x_wconf 79' lang='grc' dir='ltr'>μοίρας</span> <span class='ocrx_word' id='word_1_28' title='bbox 893 692 1097 761; x_wconf 85' lang='grc' dir='ltr'>ταύτης</span> <span class='ocrx_word' id='word_1_29' title='bbox 1116 690 1388 761; x_wconf 91' lang='grc' dir='ltr'>ἐποίησεν,</span> <span class='ocrx_word' id='word_1_30' title='bbox 1406 688 1527 757; x_wconf 71' lang='grc' dir='ltr'>οὐχ).</span> <span class='ocrx_word' id='word_1_31' title='bbox 1560 685 1755 757; x_wconf 85' lang='grc' dir='ltr'>μισῶν,</span> <span class='ocrx_word' id='word_1_32' title='bbox 1776 682 1915 770; x_wconf 87' lang='grc' dir='ltr'>ἀλλά</span> 
     </span>
    </p>
   </div>
   <div class='ocr_carea' id='block_1_6' title="bbox 242 769 1919 859">
    <p class='ocr_par' dir='ltr' id='par_1_6' title="bbox 242 769 1919 859">
     <span class='ocr_line' id='line_1_6' title="bbox 242 769 1919 859; baseline -0.009 -21"><span class='ocrx_word' id='word_1_33' title='bbox 242 788 341 838; x_wconf 67' lang='grc' dir='ltr'>καὶ</span> <span class='ocrx_word' id='word_1_34' title='bbox 392 785 598 859; x_wconf 82' lang='grc' dir='ltr'>σφόδρα</span> <span class='ocrx_word' id='word_1_35' title='bbox 630 769 819 852; x_wconf 88' lang='grc' dir='ltr'>φιλῶν,</span> <span class='ocrx_word' id='word_1_36' title='bbox 863 781 984 834; x_wconf 71' lang='grc' dir='ltr'>ἐπεὶ</span> <span class='ocrx_word' id='word_1_37' title='bbox 1032 778 1320 841; x_wconf 47' lang='grc' dir='ltr'>κάκείνους,</span> <span class='ocrx_word' id='word_1_38' title='bbox 1348 778 1449 829; x_wconf 88' lang='grc' dir='ltr'>οὐκ</span> <span class='ocrx_word' id='word_1_39' title='bbox 1487 774 1639 845; x_wconf 79' lang='grc' dir='ltr'>ηφίει</span> <span class='ocrx_word' id='word_1_40' title='bbox 1683 769 1919 824; x_wconf 87' lang='grc' dir='ltr'>τοσαῦτα</span> 
     </span>
    </p>
   </div>
   <div class='ocr_carea' id='block_1_7' title="bbox 245 859 1919 943">
    <p class='ocr_par' dir='ltr' id='par_1_7' title="bbox 245 859 1919 943">
     <span class='ocr_line' id='line_1_7' title="bbox 245 859 1919 943; baseline -0.008 -19"><span class='ocrx_word' id='word_1_41' title='bbox 245 874 481 943; x_wconf 74' lang='grc' dir='ltr'>πάσχειν</span> <span class='ocrx_word' id='word_1_42' title='bbox 508 870 677 932; x_wconf 88' lang='grc' dir='ltr'>δεινά,</span> <span class='ocrx_word' id='word_1_43' title='bbox 702 872 750 923; x_wconf 82' lang='grc' dir='ltr'>εί</span> <span class='ocrx_word' id='word_1_44' title='bbox 788 868 861 940; x_wconf 83' lang='grc' dir='ltr'>μὴ</span> <span class='ocrx_word' id='word_1_45' title='bbox 898 868 962 922; x_wconf 83' lang='grc' dir='ltr'>ἂν</span> <span class='ocrx_word' id='word_1_46' title='bbox 1005 867 1098 920; x_wconf 78' lang='grc' dir='ltr'>καὶ</span> <span class='ocrx_word' id='word_1_47' title='bbox 1125 865 1329 936; x_wconf 90' lang='grc' dir='ltr'>σφόδρα</span> <span class='ocrx_word' id='word_1_48' title='bbox 1358 862 1549 933; x_wconf 89' lang='grc' dir='ltr'>ἐφίλει,</span> <span class='ocrx_word' id='word_1_49' title='bbox 1568 862 1650 915; x_wconf 87' lang='grc' dir='ltr'>ὅτι</span> <span class='ocrx_word' id='word_1_50' title='bbox 1669 859 1919 943; x_wconf 89' lang='grc' dir='ltr'>λαμπρο-</span> 
     </span>
    </p>
   </div>
   <div class='ocr_carea' id='block_1_8' title="bbox 2020 509 3691 584">
    <p class='ocr_par' dir='ltr' id='par_1_8' title="bbox 2020 509 3691 584">
     <span class='ocr_line' id='line_1_8' title="bbox 2020 509 3691 584; baseline 0.002 -23"><span class='ocrx_word' id='word_1_51' title='bbox 2020 509 2208 577; x_wconf 87' lang='grc' dir='ltr'>γελλον</span> <span class='ocrx_word' id='word_1_52' title='bbox 2244 512 2523 584; x_wconf 84' lang='grc' dir='ltr'>κήρυγμα.</span> <span class='ocrx_word' id='word_1_53' title='bbox 2568 514 2675 565; x_wconf 71' lang='grc' dir='ltr'>Καὶ</span> <span class='ocrx_word' id='word_1_54' title='bbox 2713 512 2856 565; x_wconf 79' lang='grc' dir='ltr'>ἐστιν</span> <span class='ocrx_word' id='word_1_55' title='bbox 2898 511 3024 565; x_wconf 87' lang='grc' dir='ltr'>ίδεῖν</span> <span class='ocrx_word' id='word_1_56' title='bbox 3077 510 3288 565; x_wconf 83' lang='grc' dir='ltr'>Παῦλον</span> <span class='ocrx_word' id='word_1_57' title='bbox 3323 509 3381 563; x_wconf 92' lang='grc' dir='ltr'>ἐν</span> <span class='ocrx_word' id='word_1_58' title='bbox 3426 509 3574 581; x_wconf 84' lang='grc' dir='ltr'>αὐτῷ</span> <span class='ocrx_word' id='word_1_59' title='bbox 3612 512 3691 581; x_wconf 73' lang='grc' dir='ltr'>τῷ</span> 
     </span>
    </p>
   </div>
   <div class='ocr_carea' id='block_1_9' title="bbox 2019 598 3691 672">
    <p class='ocr_par' dir='ltr' id='par_1_9' title="bbox 2019 598 3691 672">
     <span class='ocr_line' id='line_1_9' title="bbox 2019 598 3691 672; baseline 0.001 -22"><span class='ocrx_word' id='word_1_60' title='bbox 2019 598 2398 671; x_wconf 82' lang='grc' dir='ltr'>δεσμωτηρίῳ,</span> <span class='ocrx_word' id='word_1_61' title='bbox 2423 602 2481 655; x_wconf 91' lang='grc' dir='ltr'>ἐν</span> <span class='ocrx_word' id='word_1_62' title='bbox 2514 601 2702 665; x_wconf 87' lang='grc' dir='ltr'>αὐταῖς</span> <span class='ocrx_word' id='word_1_63' title='bbox 2730 603 2848 664; x_wconf 90' lang='grc' dir='ltr'>ταῖς</span> <span class='ocrx_word' id='word_1_64' title='bbox 2878 601 3097 653; x_wconf 76' lang='grc' dir='ltr'>ἁλύσεσι</span> <span class='ocrx_word' id='word_1_65' title='bbox 3126 599 3465 672; x_wconf 90' lang='grc' dir='ltr'>κατηχοῦντα</span> <span class='ocrx_word' id='word_1_66' title='bbox 3483 638 3496 662; x_wconf 92' lang='grc'>,</span> <span class='ocrx_word' id='word_1_67' title='bbox 3524 616 3691 669; x_wconf 83' lang='grc' dir='ltr'>μυστ-</span> 
     </span>
    </p>
   </div>
   <div class='ocr_carea' id='block_1_10' title="bbox 2029 685 3693 760">
    <p class='ocr_par' dir='ltr' id='par_1_10' title="bbox 2029 685 3693 760">
     <span class='ocr_line' id='line_1_10' title="bbox 2029 685 3693 760; baseline 0 -20"><span class='ocrx_word' id='word_1_68' title='bbox 2029 686 2384 754; x_wconf 87' lang='grc' dir='ltr'>αγωγοῦντα,</span> <span class='ocrx_word' id='word_1_69' title='bbox 2442 690 2543 743; x_wconf 69' lang='grc' dir='ltr'>καὶ</span> <span class='ocrx_word' id='word_1_70' title='bbox 2598 690 2655 742; x_wconf 92' lang='grc' dir='ltr'>ἐν</span> <span class='ocrx_word' id='word_1_71' title='bbox 2703 688 3038 760; x_wconf 82' lang='grc' dir='ltr'>δικαστηρίῳ</span> <span class='ocrx_word' id='word_1_72' title='bbox 3082 688 3242 742; x_wconf 88' lang='grc' dir='ltr'>πάλιν</span> <span class='ocrx_word' id='word_1_73' title='bbox 3278 687 3340 740; x_wconf 88' lang='grc' dir='ltr'>τὸ</span> <span class='ocrx_word' id='word_1_74' title='bbox 3376 685 3505 740; x_wconf 83' lang='grc' dir='ltr'>αὐτὸ</span> <span class='ocrx_word' id='word_1_75' title='bbox 3534 685 3693 741; x_wconf 88' lang='grc' dir='ltr'>τοῦτο</span> 
     </span>
    </p>
   </div>
   <div class='ocr_carea' id='block_1_11' title="bbox 2022 765 3695 848">
    <p class='ocr_par' dir='ltr' id='par_1_11' title="bbox 2022 765 3695 848">
     <span class='ocr_line' id='line_1_11' title="bbox 2022 765 3695 848; baseline 0.008 -31"><span class='ocrx_word' id='word_1_76' title='bbox 2022 765 2296 829; x_wconf 79' lang='grc' dir='ltr'>ποιοῦντα,</span> <span class='ocrx_word' id='word_1_77' title='bbox 2322 766 2414 818; x_wconf 69' lang='grc' dir='ltr'>καὶ</span> <span class='ocrx_word' id='word_1_78' title='bbox 2430 766 2488 819; x_wconf 84' lang='grc' dir='ltr'>ἐν</span> <span class='ocrx_word' id='word_1_79' title='bbox 2509 768 2770 838; x_wconf 77' lang='grc' dir='ltr'>ναυαγίῳ,</span> <span class='ocrx_word' id='word_1_80' title='bbox 2795 771 2888 824; x_wconf 78' lang='grc' dir='ltr'>καὶ</span> <span class='ocrx_word' id='word_1_81' title='bbox 2909 772 2966 824; x_wconf 88' lang='grc' dir='ltr'>ἐν</span> <span class='ocrx_word' id='word_1_82' title='bbox 2986 772 3233 842; x_wconf 87' lang='grc' dir='ltr'>χειμῶνι,</span> <span class='ocrx_word' id='word_1_83' title='bbox 3263 774 3377 847; x_wconf 78' lang='grc'>[18]</span> <span class='ocrx_word' id='word_1_84' title='bbox 3403 779 3497 830; x_wconf 69' lang='grc' dir='ltr'>καὶ</span> <span class='ocrx_word' id='word_1_85' title='bbox 3514 779 3570 829; x_wconf 89' lang='grc' dir='ltr'>ἐν</span> <span class='ocrx_word' id='word_1_86' title='bbox 3594 796 3695 848; x_wconf 84' lang='grc' dir='ltr'>μυ-</span> 
     </span>
    </p>
   </div>
   <div class='ocr_carea' id='block_1_12' title="bbox 2024 851 3692 932">
    <p class='ocr_par' dir='ltr' id='par_1_12' title="bbox 2024 851 3692 932">
     <span class='ocr_line' id='line_1_12' title="bbox 2024 851 3692 932; baseline 0.009 -29"><span class='ocrx_word' id='word_1_87' title='bbox 2024 851 2158 921; x_wconf 90' lang='grc' dir='ltr'>ρίοις</span> <span class='ocrx_word' id='word_1_88' title='bbox 2178 851 2460 916; x_wconf 87' lang='grc' dir='ltr'>κινδύνοις.</span> <span class='ocrx_word' id='word_1_89' title='bbox 2487 854 2598 908; x_wconf 76' lang='grc' dir='ltr'>Καὶ</span> <span class='ocrx_word' id='word_1_90' title='bbox 2619 856 2682 909; x_wconf 84' lang='grc' dir='ltr'>σὺ</span> <span class='ocrx_word' id='word_1_91' title='bbox 2704 856 2925 921; x_wconf 82' lang='grc' dir='ltr'>τούτους</span> <span class='ocrx_word' id='word_1_92' title='bbox 2954 857 3188 928; x_wconf 82' lang='grc' dir='ltr'>ζήλωσιν</span> <span class='ocrx_word' id='word_1_93' title='bbox 3206 864 3333 926; x_wconf 82' lang='grc' dir='ltr'>τοὺς</span> <span class='ocrx_word' id='word_1_94' title='bbox 3362 864 3571 932; x_wconf 82' lang='grc' dir='ltr'>ἁγίους,</span> <span class='ocrx_word' id='word_1_95' title='bbox 3598 866 3692 918; x_wconf 76' lang='grc' dir='ltr'>καὶ</span> 
     </span>
    </p>
   </div>
   <div class='ocr_carea' id='block_1_13' title="bbox 244 938 3691 1031">
    <p class='ocr_par' dir='ltr' id='par_1_13' title="bbox 244 938 3691 1031">
     <span class='ocr_line' id='line_1_13' title="bbox 244 938 3691 1031; baseline -0.006 -20"><span class='ocrx_word' id='word_1_96' title='bbox 244 938 440 1031; x_wconf 76' lang='grc' dir='ltr'>τέρους</span> <span class='ocrx_word' id='word_1_97' title='bbox 459 972 484 999; x_wconf 81' lang='grc' dir='ltr'>ι</span> <span class='ocrx_word' id='word_1_98' title='bbox 507 959 703 1021; x_wconf 78' lang='grc' dir='ltr'>αὐτοὺς</span> <span class='ocrx_word' id='word_1_99' title='bbox 737 938 826 1010; x_wconf 88' lang='grc' dir='ltr'>διά</span> <span class='ocrx_word' id='word_1_100' title='bbox 851 938 958 1009; x_wconf 84' lang='grc' dir='ltr'>τῶν</span> <span class='ocrx_word' id='word_1_101' title='bbox 982 954 1165 1011; x_wconf 81' lang='grc' dir='ltr'>κακῶν</span> <span class='ocrx_word' id='word_1_102' title='bbox 1189 953 1397 1013; x_wconf 84' lang='grc' dir='ltr'>τούτων</span> <span class='ocrx_word' id='word_1_103' title='bbox 1424 948 1726 1022; x_wconf 82' lang='grc' dir='ltr'>εἰργάζετο.</span> <span class='ocrx_word' id='word_1_104' title='bbox 1756 942 1921 1031; x_wconf 79' lang='grc' dir='ltr'>υύδέν</span> <span class='ocrx_word' id='word_1_105' title='bbox 2018 938 2125 993; x_wconf 82' lang='grc' dir='ltr'>τῶν</span> <span class='ocrx_word' id='word_1_106' title='bbox 2149 939 2367 1006; x_wconf 82' lang='grc' dir='ltr'>ἀγαθῶν</span> <span class='ocrx_word' id='word_1_107' title='bbox 2388 940 2694 1010; x_wconf 80' lang='grc' dir='ltr'>ἐργων,ἐως</span> <span class='ocrx_word' id='word_1_108' title='bbox 2720 943 2785 998; x_wconf 84' lang='grc' dir='ltr'>ἂν</span> <span class='ocrx_word' id='word_1_109' title='bbox 2800 943 3003 1012; x_wconf 79' lang='grc' dir='ltr'>δύναιο,</span> <span class='ocrx_word' id='word_1_110' title='bbox 3025 946 3099 1018; x_wconf 80' lang='grc' dir='ltr'>μὴ</span> <span class='ocrx_word' id='word_1_111' title='bbox 3121 948 3381 1021; x_wconf 76' lang='grc' dir='ltr'>ἐκπέσῃςσ</span> <span class='ocrx_word' id='word_1_112' title='bbox 3411 963 3434 989; x_wconf 76' lang='grc' dir='ltr'>ο</span> <span class='ocrx_word' id='word_1_113' title='bbox 3459 953 3560 1005; x_wconf 74' lang='grc' dir='ltr'>κᾶν</span> <span class='ocrx_word' id='word_1_114' title='bbox 3588 971 3691 1022; x_wconf 77' lang='grc' dir='ltr'>μυ-</span> 
     </span>
    </p>
   </div>
   <div class='ocr_carea' id='block_1_14' title="bbox 245 1029 1918 1121">
    <p class='ocr_par' dir='ltr' id='par_1_14' title="bbox 245 1029 1918 1121">
     <span class='ocr_line' id='line_1_14' title="bbox 245 1029 1918 1121; baseline -0.022 -2"><span class='ocrx_word' id='word_1_115' title='bbox 245 1029 595 1121; x_wconf 65' lang='grc' dir='ltr'>εὖκαριστῑας</span> <span class='ocrx_word' id='word_1_116' title='bbox 619 1048 731 1100; x_wconf 76' lang='grc' dir='ltr'>ἴσον</span> <span class='ocrx_word' id='word_1_117' title='bbox 754 1044 975 1115; x_wconf 89' lang='grc' dir='ltr'>ἀγαθὸν,</span> <span class='ocrx_word' id='word_1_118' title='bbox 1016 1043 1205 1115; x_wconf 83' lang='grc' dir='ltr'>ὥσπερ</span> <span class='ocrx_word' id='word_1_119' title='bbox 1239 1038 1586 1121; x_wconf 82' lang='grc' dir='ltr'>βλασφημίας</span> <span class='ocrx_word' id='word_1_120' title='bbox 1620 1036 1798 1121; x_wconf 80' lang='grc' dir='ltr'>χεῖρον</span> <span class='ocrx_word' id='word_1_121' title='bbox 1826 1029 1918 1084; x_wconf 92' lang='grc' dir='ltr'>οὐ-</span> 
     </span>
    </p>
   </div>
   <div class='ocr_carea' id='block_1_15' title="bbox 247 1118 1919 1202">
    <p class='ocr_par' dir='ltr' id='par_1_15' title="bbox 247 1118 1919 1202">
     <span class='ocr_line' id='line_1_15' title="bbox 247 1118 1919 1202; baseline -0.01 -17"><span class='ocrx_word' id='word_1_122' title='bbox 247 1136 361 1185; x_wconf 72' lang='grc' dir='ltr'>δὲν·</span> <span class='ocrx_word' id='word_1_123' title='bbox 382 1118 497 1202; x_wconf 79' lang='grc' dir='ltr'>[1η</span> <span class='ocrx_word' id='word_1_124' title='bbox 519 1132 592 1200; x_wconf 82' lang='grc' dir='ltr'>μὴ</span> <span class='ocrx_word' id='word_1_125' title='bbox 616 1128 1008 1196; x_wconf 82' lang='grc' dir='ltr'>θαυμάσωμεν,</span> <span class='ocrx_word' id='word_1_126' title='bbox 1037 1125 1117 1175; x_wconf 86' lang='grc' dir='ltr'>ὃτι</span> <span class='ocrx_word' id='word_1_127' title='bbox 1140 1122 1529 1190; x_wconf 80' lang='grc' dir='ltr'>πνευματικοῖς</span> <span class='ocrx_word' id='word_1_128' title='bbox 1547 1118 1919 1188; x_wconf 79' lang='grc' dir='ltr'>ἐπιτιθέμενοι</span> 
     </span>
    </p>
   </div>
   <div class='ocr_carea' id='block_1_16' title="bbox 250 1206 1927 1292">
    <p class='ocr_par' dir='ltr' id='par_1_16' title="bbox 250 1206 1927 1292">
     <span class='ocr_line' id='line_1_16' title="bbox 250 1206 1927 1292; baseline -0.01 -18"><span class='ocrx_word' id='word_1_129' title='bbox 250 1220 544 1292; x_wconf 75' lang='grc' dir='ltr'>πράγμασι</span> <span class='ocrx_word' id='word_1_130' title='bbox 580 1216 749 1269; x_wconf 83' lang='grc' dir='ltr'>πολλὰ</span> <span class='ocrx_word' id='word_1_131' title='bbox 774 1214 1054 1284; x_wconf 80' lang='grc' dir='ltr'>πάσχομεν</span> <span class='ocrx_word' id='word_1_132' title='bbox 1078 1209 1244 1264; x_wconf 88' lang='grc' dir='ltr'>δεινά.</span> <span class='ocrx_word' id='word_1_133' title='bbox 1280 1209 1491 1281; x_wconf 81' lang='grc' dir='ltr'>’Ὠσπερ</span> <span class='ocrx_word' id='word_1_134' title='bbox 1519 1206 1628 1279; x_wconf 86' lang='grc' dir='ltr'>γὰρ</span> <span class='ocrx_word' id='word_1_135' title='bbox 1659 1207 1709 1260; x_wconf 77' lang='grc' dir='ltr'>οἱ</span> <span class='ocrx_word' id='word_1_136' title='bbox 1731 1206 1927 1278; x_wconf 72' lang='grc' dir='ltr'>λῃσταὶ</span> 
     </span>
    </p>
   </div>
   <div class='ocr_carea' id='block_1_17' title="bbox 248 1294 1928 1375">
    <p class='ocr_par' dir='ltr' id='par_1_17' title="bbox 248 1294 1928 1375">
     <span class='ocr_line' id='line_1_17' title="bbox 248 1294 1928 1375; baseline -0.009 -13"><span class='ocrx_word' id='word_1_137' title='bbox 248 1310 353 1362; x_wconf 76' lang='grc' dir='ltr'>οὐκ</span> <span class='ocrx_word' id='word_1_138' title='bbox 385 1306 513 1360; x_wconf 76' lang='grc' dir='ltr'>ἔνθα</span> <span class='ocrx_word' id='word_1_139' title='bbox 538 1305 726 1375; x_wconf 82' lang='grc' dir='ltr'>χόρτος</span> <span class='ocrx_word' id='word_1_140' title='bbox 754 1303 846 1355; x_wconf 70' lang='grc' dir='ltr'>καὶ</span> <span class='ocrx_word' id='word_1_141' title='bbox 884 1302 1064 1373; x_wconf 75' lang='grc' dir='ltr'>ἄχυρα</span> <span class='ocrx_word' id='word_1_142' title='bbox 1091 1300 1183 1353; x_wconf 73' lang='grc' dir='ltr'>καὶ</span> <span class='ocrx_word' id='word_1_143' title='bbox 1215 1299 1459 1370; x_wconf 85' lang='grc' dir='ltr'>καλάμη,</span> <span class='ocrx_word' id='word_1_144' title='bbox 1490 1297 1604 1351; x_wconf 88' lang='grc' dir='ltr'>ἀλλ’</span> <span class='ocrx_word' id='word_1_145' title='bbox 1632 1294 1762 1350; x_wconf 73' lang='grc' dir='ltr'>ἔνθα</span> <span class='ocrx_word' id='word_1_146' title='bbox 1796 1311 1928 1365; x_wconf 81' lang='grc' dir='ltr'>χρυ-</span> 
     </span>
    </p>
   </div>
   <div class='ocr_carea' id='block_1_18' title="bbox 253 1383 1927 1465">
    <p class='ocr_par' dir='ltr' id='par_1_18' title="bbox 253 1383 1927 1465">
     <span class='ocr_line' id='line_1_18' title="bbox 253 1383 1927 1465; baseline -0.007 -17"><span class='ocrx_word' id='word_1_147' title='bbox 253 1397 367 1449; x_wconf 84' lang='grc' dir='ltr'>σίον</span> <span class='ocrx_word' id='word_1_148' title='bbox 389 1394 483 1447; x_wconf 84' lang='grc' dir='ltr'>καὶ</span> <span class='ocrx_word' id='word_1_149' title='bbox 512 1394 791 1465; x_wconf 86' lang='grc' dir='ltr'>ἀργύριον,</span> <span class='ocrx_word' id='word_1_150' title='bbox 821 1392 935 1443; x_wconf 84' lang='grc' dir='ltr'>ἐκεῖ</span> <span class='ocrx_word' id='word_1_151' title='bbox 972 1389 1328 1461; x_wconf 87' lang='grc' dir='ltr'>διορύττουσι,</span> <span class='ocrx_word' id='word_1_152' title='bbox 1364 1388 1457 1441; x_wconf 77' lang='grc' dir='ltr'>καὶ</span> <span class='ocrx_word' id='word_1_153' title='bbox 1492 1383 1730 1456; x_wconf 88' lang='grc' dir='ltr'>συνεχῶς</span> <span class='ocrx_word' id='word_1_154' title='bbox 1755 1385 1927 1455; x_wconf 87' lang='grc' dir='ltr'>ἀγρυ-</span> 
     </span>
    </p>
   </div>
   <div class='ocr_carea' id='block_1_19' title="bbox 250 1469 1925 1545">
    <p class='ocr_par' dir='ltr' id='par_1_19' title="bbox 250 1469 1925 1545">
     <span class='ocr_line' id='line_1_19' title="bbox 250 1469 1925 1545; baseline -0.008 -10"><span class='ocrx_word' id='word_1_155' title='bbox 250 1481 511 1535; x_wconf 58' lang='grc' dir='ltr'>πνοῦσιν</span> <span class='ocrx_word' id='word_1_156' title='bbox 564 1479 706 1532; x_wconf 85' lang='grc' dir='ltr'>οὐτω</span> <span class='ocrx_word' id='word_1_157' title='bbox 754 1478 845 1530; x_wconf 73' lang='grc' dir='ltr'>καὶ</span> <span class='ocrx_word' id='word_1_158' title='bbox 887 1480 915 1530; x_wconf 92' lang='grc' dir='ltr'>ό</span> <span class='ocrx_word' id='word_1_159' title='bbox 957 1475 1199 1539; x_wconf 87' lang='grc' dir='ltr'>διάϐολος</span> <span class='ocrx_word' id='word_1_160' title='bbox 1231 1474 1436 1536; x_wconf 83' lang='grc' dir='ltr'>τούτοις</span> <span class='ocrx_word' id='word_1_161' title='bbox 1481 1472 1713 1545; x_wconf 81' lang='grc' dir='ltr'>μάλιστα</span> <span class='ocrx_word' id='word_1_162' title='bbox 1750 1469 1925 1523; x_wconf 88' lang='grc' dir='ltr'>ἐπιτί-</span> 
     </span>
    </p>
   </div>
   <div class='ocr_carea' id='block_1_20' title="bbox 252 1557 1926 1636">
    <p class='ocr_par' dir='ltr' id='par_1_20' title="bbox 252 1557 1926 1636">
     <span class='ocr_line' id='line_1_20' title="bbox 252 1557 1926 1636; baseline -0.009 -13"><span class='ocrx_word' id='word_1_163' title='bbox 252 1571 406 1623; x_wconf 90' lang='grc' dir='ltr'>θεται</span> <span class='ocrx_word' id='word_1_164' title='bbox 439 1571 549 1631; x_wconf 86' lang='grc' dir='ltr'>τοῖς</span> <span class='ocrx_word' id='word_1_165' title='bbox 584 1564 967 1636; x_wconf 82' lang='grc' dir='ltr'>πνευματικῶν</span> <span class='ocrx_word' id='word_1_166' title='bbox 1005 1562 1330 1632; x_wconf 77' lang='grc' dir='ltr'>ἁπτομένοις</span> <span class='ocrx_word' id='word_1_167' title='bbox 1364 1559 1730 1631; x_wconf 89' lang='grc' dir='ltr'>πραγμάτων.</span> <span class='ocrx_word' id='word_1_168' title='bbox 1780 1557 1926 1609; x_wconf 84' lang='grc' dir='ltr'>Ἐκεῖ</span> 
     </span>
    </p>
   </div>
   <div class='ocr_carea' id='block_1_21' title="bbox 251 1643 1923 1721">
    <p class='ocr_par' dir='ltr' id='par_1_21' title="bbox 251 1643 1923 1721">
     <span class='ocr_line' id='line_1_21' title="bbox 251 1643 1923 1721; baseline -0.01 -8"><span class='ocrx_word' id='word_1_169' title='bbox 251 1658 444 1713; x_wconf 78' lang='grc' dir='ltr'>πολλαὶ</span> <span class='ocrx_word' id='word_1_170' title='bbox 494 1657 548 1711; x_wconf 80' lang='grc' dir='ltr'>αἱ</span> <span class='ocrx_word' id='word_1_171' title='bbox 602 1653 904 1714; x_wconf 80' lang='grc' dir='ltr'>ἐπιϐουλαὶ,</span> <span class='ocrx_word' id='word_1_172' title='bbox 956 1650 1081 1704; x_wconf 76' lang='grc' dir='ltr'>ἔνθα</span> <span class='ocrx_word' id='word_1_173' title='bbox 1132 1651 1300 1721; x_wconf 87' lang='grc' dir='ltr'>ἀρετή</span> <span class='ocrx_word' id='word_1_174' title='bbox 1328 1664 1341 1677; x_wconf 90' lang='grc'><strong>·</strong></span> <span class='ocrx_word' id='word_1_175' title='bbox 1390 1650 1507 1700; x_wconf 88' lang='grc' dir='ltr'>ἐκεῖ</span> <span class='ocrx_word' id='word_1_176' title='bbox 1554 1646 1745 1715; x_wconf 89' lang='grc' dir='ltr'>φθόνος</span> <span class='ocrx_word' id='word_1_177' title='bbox 1794 1643 1923 1697; x_wconf 84' lang='grc' dir='ltr'>ἔνθα</span> 
     </span>
    </p>
   </div>
   <div class='ocr_carea' id='block_1_22' title="bbox 251 1731 1925 1811">
    <p class='ocr_par' dir='ltr' id='par_1_22' title="bbox 251 1731 1925 1811">
     <span class='ocr_line' id='line_1_22' title="bbox 251 1731 1925 1811; baseline -0.005 -20"><span class='ocrx_word' id='word_1_178' title='bbox 251 1740 613 1811; x_wconf 76' lang='grc' dir='ltr'>ἐλεημοσύνη.</span> <span class='ocrx_word' id='word_1_179' title='bbox 646 1739 785 1792; x_wconf 80' lang='grc' dir='ltr'>Ἀλλ’</span> <span class='ocrx_word' id='word_1_180' title='bbox 817 1738 963 1793; x_wconf 76' lang='grc' dir='ltr'>ἐστιν</span> <span class='ocrx_word' id='word_1_181' title='bbox 996 1740 1124 1809; x_wconf 81' lang='grc' dir='ltr'>ἡμῖν</span> <span class='ocrx_word' id='word_1_182' title='bbox 1146 1738 1203 1790; x_wconf 82' lang='grc' dir='ltr'>ἐν</span> <span class='ocrx_word' id='word_1_183' title='bbox 1222 1736 1383 1790; x_wconf 84' lang='grc' dir='ltr'>ὅπλον</span> <span class='ocrx_word' id='word_1_184' title='bbox 1411 1736 1665 1806; x_wconf 88' lang='grc' dir='ltr'>μέγιστον</span> <span class='ocrx_word' id='word_1_185' title='bbox 1690 1732 1718 1785; x_wconf 87' lang='grc' dir='ltr'>δ</span> <span class='ocrx_word' id='word_1_186' title='bbox 1748 1731 1925 1793; x_wconf 89' lang='grc' dir='ltr'>πάσας</span> 
     </span>
    </p>
   </div>
   <div class='ocr_carea' id='block_1_23' title="bbox 252 1817 1925 1897">
    <p class='ocr_par' dir='ltr' id='par_1_23' title="bbox 252 1817 1925 1897">
     <span class='ocr_line' id='line_1_23' title="bbox 252 1817 1925 1897; baseline -0.005 -18"><span class='ocrx_word' id='word_1_187' title='bbox 252 1827 439 1879; x_wconf 70' lang='grc' dir='ltr'>ἰκανὸν</span> <span class='ocrx_word' id='word_1_188' title='bbox 470 1827 567 1890; x_wconf 76' lang='grc' dir='ltr'>τὰς</span> <span class='ocrx_word' id='word_1_189' title='bbox 608 1826 865 1891; x_wconf 86' lang='grc' dir='ltr'>τοιαύτας</span> <span class='ocrx_word' id='word_1_190' title='bbox 914 1824 1161 1897; x_wconf 76' lang='grc' dir='ltr'>μηχανὰς</span> <span class='ocrx_word' id='word_1_191' title='bbox 1213 1822 1679 1894; x_wconf 87' lang='grc' dir='ltr'>ἀποκρούσασθαι,</span> <span class='ocrx_word' id='word_1_192' title='bbox 1731 1818 1792 1872; x_wconf 92' lang='grc' dir='ltr'>τὸ</span> <span class='ocrx_word' id='word_1_193' title='bbox 1837 1817 1925 1871; x_wconf 81' lang='grc' dir='ltr'>διὰ</span> 
     </span>
    </p>
   </div>
   <div class='ocr_carea' id='block_1_24' title="bbox 251 1906 1921 1985">
    <p class='ocr_par' dir='ltr' id='par_1_24' title="bbox 251 1906 1921 1985">
     <span class='ocr_line' id='line_1_24' title="bbox 251 1906 1921 1985; baseline -0.007 -18"><span class='ocrx_word' id='word_1_194' title='bbox 251 1915 473 1967; x_wconf 87' lang='grc' dir='ltr'>πάντων</span> <span class='ocrx_word' id='word_1_195' title='bbox 502 1914 705 1968; x_wconf 90' lang='grc' dir='ltr'>τούτων</span> <span class='ocrx_word' id='word_1_196' title='bbox 734 1914 1075 1985; x_wconf 77' lang='grc' dir='ltr'>εὐχαριστεῖν</span> <span class='ocrx_word' id='word_1_197' title='bbox 1095 1912 1173 1983; x_wconf 81' lang='grc' dir='ltr'>τῷ</span> <span class='ocrx_word' id='word_1_198' title='bbox 1194 1910 1332 1983; x_wconf 85' lang='grc' dir='ltr'>Θεῷ.</span> <span class='ocrx_word' id='word_1_199' title='bbox 1370 1911 1430 1964; x_wconf 89' lang='lat'><strong>&#39;0</strong></span> <span class='ocrx_word' id='word_1_200' title='bbox 1457 1908 1645 1970; x_wconf 72' lang='grc' dir='ltr'>Ἅϐελ,</span> <span class='ocrx_word' id='word_1_201' title='bbox 1667 1906 1785 1961; x_wconf 87' lang='grc' dir='ltr'>είπέ</span> <span class='ocrx_word' id='word_1_202' title='bbox 1810 1922 1921 1977; x_wconf 93' lang='grc' dir='ltr'>μοι,</span> 
     </span>
    </p>
   </div>
   <div class='ocr_carea' id='block_1_25' title="bbox 249 1990 1926 2075">
    <p class='ocr_par' dir='ltr' id='par_1_25' title="bbox 249 1990 1926 2075">
     <span class='ocr_line' id='line_1_25' title="bbox 249 1990 1926 2075; baseline -0.005 -21"><span class='ocrx_word' id='word_1_203' title='bbox 249 2004 372 2072; x_wconf 71' lang='grc' dir='ltr'>οὐχὶ</span> <span class='ocrx_word' id='word_1_204' title='bbox 395 2000 501 2055; x_wconf 89' lang='grc' dir='ltr'>τῶν</span> <span class='ocrx_word' id='word_1_205' title='bbox 529 2001 816 2075; x_wconf 83' lang='grc' dir='ltr'>πρωτείων</span> <span class='ocrx_word' id='word_1_206' title='bbox 843 2000 922 2072; x_wconf 86' lang='grc' dir='ltr'>τῷ</span> <span class='ocrx_word' id='word_1_207' title='bbox 941 2000 1059 2072; x_wconf 86' lang='grc' dir='ltr'>Θεῷ</span> <span class='ocrx_word' id='word_1_208' title='bbox 1080 2000 1489 2071; x_wconf 83' lang='grc' dir='ltr'>ἀπαρξάμενος,</span> <span class='ocrx_word' id='word_1_209' title='bbox 1508 1996 1614 2049; x_wconf 86' lang='grc' dir='ltr'>ὐπὸ</span> <span class='ocrx_word' id='word_1_210' title='bbox 1637 1990 1926 2062; x_wconf 84' lang='grc' dir='ltr'>άδελφικῆς</span> 
     </span>
    </p>
   </div>
   <div class='ocr_carea' id='block_1_26' title="bbox 249 2080 1927 2160">
    <p class='ocr_par' dir='ltr' id='par_1_26' title="bbox 249 2080 1927 2160">
     <span class='ocr_line' id='line_1_26' title="bbox 249 2080 1927 2160; baseline -0.006 -18"><span class='ocrx_word' id='word_1_211' title='bbox 249 2090 416 2143; x_wconf 76' lang='grc' dir='ltr'>ἔπεσε</span> <span class='ocrx_word' id='word_1_212' title='bbox 438 2091 646 2160; x_wconf 84' lang='grc' dir='ltr'>χειρός;</span> <span class='ocrx_word' id='word_1_213' title='bbox 677 2090 791 2143; x_wconf 84' lang='grc' dir='ltr'>ἀλλ’</span> <span class='ocrx_word' id='word_1_214' title='bbox 815 2090 964 2159; x_wconf 85' lang='grc' dir='ltr'>ὅμως</span> <span class='ocrx_word' id='word_1_215' title='bbox 981 2091 1008 2143; x_wconf 98' lang='lat'>6</span> <span class='ocrx_word' id='word_1_216' title='bbox 1035 2088 1167 2151; x_wconf 82' lang='grc' dir='ltr'>Θεὸς</span> <span class='ocrx_word' id='word_1_217' title='bbox 1192 2085 1589 2157; x_wconf 83' lang='grc' dir='ltr'>συνεχώρησεν,</span> <span class='ocrx_word' id='word_1_218' title='bbox 1609 2082 1729 2152; x_wconf 80' lang='grc' dir='ltr'>οὐχὶ</span> <span class='ocrx_word' id='word_1_219' title='bbox 1753 2080 1927 2153; x_wconf 81' lang='grc' dir='ltr'>μισῶν</span> 
     </span>
    </p>
   </div>
   <div class='ocr_carea' id='block_1_27' title="bbox 248 2168 1929 2249">
    <p class='ocr_par' dir='ltr' id='par_1_27' title="bbox 248 2168 1929 2249">
     <span class='ocr_line' id='line_1_27' title="bbox 248 2168 1929 2249; baseline -0.005 -19"><span class='ocrx_word' id='word_1_220' title='bbox 248 2180 343 2230; x_wconf 68' lang='grc' dir='ltr'>τὸν</span> <span class='ocrx_word' id='word_1_221' title='bbox 376 2180 702 2249; x_wconf 82' lang='grc' dir='ltr'>τιμήσαντα,</span> <span class='ocrx_word' id='word_1_222' title='bbox 738 2178 873 2231; x_wconf 92' lang='grc' dir='ltr'>ἀλλά</span> <span class='ocrx_word' id='word_1_223' title='bbox 906 2177 999 2231; x_wconf 75' lang='grc' dir='ltr'>καὶ</span> <span class='ocrx_word' id='word_1_224' title='bbox 1035 2176 1238 2245; x_wconf 87' lang='grc' dir='ltr'>σφόδρα</span> <span class='ocrx_word' id='word_1_225' title='bbox 1279 2173 1483 2245; x_wconf 90' lang='grc' dir='ltr'>φιλῶν,</span> <span class='ocrx_word' id='word_1_226' title='bbox 1533 2172 1627 2224; x_wconf 75' lang='grc' dir='ltr'>καὶ</span> <span class='ocrx_word' id='word_1_227' title='bbox 1675 2170 1809 2241; x_wconf 89' lang='grc' dir='ltr'>πρὸς</span> <span class='ocrx_word' id='word_1_228' title='bbox 1849 2168 1929 2240; x_wconf 79' lang='grc' dir='ltr'>τῷ</span> 
     </span>
    </p>
   </div>
   <div class='ocr_carea' id='block_1_28' title="bbox 248 2256 1929 2338">
    <p class='ocr_par' dir='ltr' id='par_1_28' title="bbox 248 2256 1929 2338">
     <span class='ocr_line' id='line_1_28' title="bbox 248 2256 1929 2338; baseline -0.005 -20"><span class='ocrx_word' id='word_1_229' title='bbox 248 2268 351 2337; x_wconf 81' lang='grc' dir='ltr'>τῆς</span> <span class='ocrx_word' id='word_1_230' title='bbox 380 2266 670 2338; x_wconf 82' lang='grc' dir='ltr'>καλλίστης</span> <span class='ocrx_word' id='word_1_231' title='bbox 696 2266 909 2337; x_wconf 76' lang='grc' dir='ltr'>ἐκείνης</span> <span class='ocrx_word' id='word_1_232' title='bbox 940 2266 1132 2329; x_wconf 86' lang='grc' dir='ltr'>θυσίας</span> <span class='ocrx_word' id='word_1_233' title='bbox 1168 2264 1417 2334; x_wconf 85' lang='grc' dir='ltr'>στεφάνῳ</span> <span class='ocrx_word' id='word_1_234' title='bbox 1446 2263 1539 2317; x_wconf 73' lang='grc' dir='ltr'>καὶ</span> <span class='ocrx_word' id='word_1_235' title='bbox 1566 2263 1753 2332; x_wconf 72' lang='grc' dir='ltr'>ἕτερον</span> <span class='ocrx_word' id='word_1_236' title='bbox 1784 2256 1929 2329; x_wconf 84' lang='grc' dir='ltr'>αὐτῷ</span> 
     </span>
    </p>
   </div>
   <div class='ocr_carea' id='block_1_29' title="bbox 249 2338 1929 2427">
    <p class='ocr_par' dir='ltr' id='par_1_29' title="bbox 249 2338 1929 2427">
     <span class='ocr_line' id='line_1_29' title="bbox 249 2338 1929 2427; baseline 0.006 -18"><span class='ocrx_word' id='word_1_237' title='bbox 249 2357 344 2409; x_wconf 82' lang='grc' dir='ltr'>τὸν</span> <span class='ocrx_word' id='word_1_238' title='bbox 374 2355 482 2408; x_wconf 87' lang='grc' dir='ltr'>ἀπὸ</span> <span class='ocrx_word' id='word_1_239' title='bbox 520 2355 612 2408; x_wconf 90' lang='grc' dir='ltr'>τοῦ</span> <span class='ocrx_word' id='word_1_240' title='bbox 647 2354 947 2427; x_wconf 85' lang='grc' dir='ltr'>μαρτυρίου</span> <span class='ocrx_word' id='word_1_241' title='bbox 978 2353 1232 2425; x_wconf 89' lang='grc' dir='ltr'>παρέχων</span> <span class='ocrx_word' id='word_1_242' title='bbox 1263 2352 1547 2420; x_wconf 88' lang='grc' dir='ltr'>στέφανον.</span> <span class='ocrx_word' id='word_1_243' title='bbox 1589 2338 1670 2404; x_wconf 40' lang='grc' dir='ltr'>’θ’</span> <span class='ocrx_word' id='word_1_244' title='bbox 1692 2338 1929 2418; x_wconf 60' lang='grc' dir='ltr'>Μωῧσῆς</span> 
     </span>
    </p>
   </div>
   <div class='ocr_carea' id='block_1_30' title="bbox 251 2437 1929 2518">
    <p class='ocr_par' dir='ltr' id='par_1_30' title="bbox 251 2437 1929 2518">
     <span class='ocr_line' id='line_1_30' title="bbox 251 2437 1929 2518; baseline -0.005 -19"><span class='ocrx_word' id='word_1_245' title='bbox 251 2447 517 2518; x_wconf 64' lang='grc' dir='ltr'>ἠθέλησεν</span> <span class='ocrx_word' id='word_1_246' title='bbox 546 2446 879 2516; x_wconf 82' lang='grc' dir='ltr'>ἀδικουμένῳ</span> <span class='ocrx_word' id='word_1_247' title='bbox 904 2441 1167 2515; x_wconf 89' lang='grc' dir='ltr'>βοηθῆσαί</span> <span class='ocrx_word' id='word_1_248' title='bbox 1198 2458 1304 2495; x_wconf 87' lang='grc' dir='ltr'>τινι</span> <span class='ocrx_word' id='word_1_249' title='bbox 1346 2440 1441 2499; x_wconf 77' lang='grc' dir='ltr'>καὶ</span> <span class='ocrx_word' id='word_1_250' title='bbox 1470 2439 1597 2510; x_wconf 74' lang='grc' dir='ltr'>περὶ</span> <span class='ocrx_word' id='word_1_251' title='bbox 1624 2437 1731 2499; x_wconf 82' lang='grc' dir='ltr'>τῶν</span> <span class='ocrx_word' id='word_1_252' title='bbox 1764 2437 1929 2508; x_wconf 87' lang='grc' dir='ltr'>ἐσχά-</span> 
     </span>
    </p>
   </div>
   <div class='ocr_carea' id='block_1_31' title="bbox 252 2524 1931 2603">
    <p class='ocr_par' dir='ltr' id='par_1_31' title="bbox 252 2524 1931 2603">
     <span class='ocr_line' id='line_1_31' title="bbox 252 2524 1931 2603; baseline -0.008 -14"><span class='ocrx_word' id='word_1_253' title='bbox 252 2554 364 2589; x_wconf 86' lang='grc' dir='ltr'>των</span> <span class='ocrx_word' id='word_1_254' title='bbox 393 2534 734 2589; x_wconf 77' lang='grc' dir='ltr'>ἐκινδύνευσε</span> <span class='ocrx_word' id='word_1_255' title='bbox 765 2532 859 2585; x_wconf 73' lang='grc' dir='ltr'>καὶ</span> <span class='ocrx_word' id='word_1_256' title='bbox 887 2533 986 2603; x_wconf 80' lang='grc' dir='ltr'>τῆς</span> <span class='ocrx_word' id='word_1_257' title='bbox 1022 2532 1279 2603; x_wconf 77' lang='grc' dir='ltr'>πατρίδος</span> <span class='ocrx_word' id='word_1_258' title='bbox 1321 2528 1547 2595; x_wconf 75' lang='grc' dir='ltr'>ἐξέπεσε</span> <span class='ocrx_word' id='word_1_259' title='bbox 1567 2545 1579 2558; x_wconf 89' lang='grc'><strong>·</strong></span> <span class='ocrx_word' id='word_1_260' title='bbox 1615 2526 1711 2591; x_wconf 61' lang='grc' dir='ltr'>καὶ</span> <span class='ocrx_word' id='word_1_261' title='bbox 1740 2528 1769 2579; x_wconf 92' lang='lat'>6</span> <span class='ocrx_word' id='word_1_262' title='bbox 1800 2524 1931 2587; x_wconf 83' lang='grc' dir='ltr'>Θεὸς</span> 
     </span>
    </p>
   </div>
   <div class='ocr_carea' id='block_1_32' title="bbox 255 2615 1931 2693">
    <p class='ocr_par' dir='ltr' id='par_1_32' title="bbox 255 2615 1931 2693">
     <span class='ocr_line' id='line_1_32' title="bbox 255 2615 1931 2693; baseline -0.007 -16"><span class='ocrx_word' id='word_1_263' title='bbox 255 2620 655 2693; x_wconf 84' lang='grc' dir='ltr'>συνεχώρησεν,</span> <span class='ocrx_word' id='word_1_264' title='bbox 693 2620 781 2677; x_wconf 82' lang='grc' dir='ltr'>ἴνα</span> <span class='ocrx_word' id='word_1_265' title='bbox 811 2619 989 2692; x_wconf 83' lang='grc' dir='ltr'>μάθῃς</span> <span class='ocrx_word' id='word_1_266' title='bbox 1027 2619 1136 2681; x_wconf 83' lang='grc' dir='ltr'>τῶν</span> <span class='ocrx_word' id='word_1_267' title='bbox 1180 2619 1352 2687; x_wconf 83' lang='grc' dir='ltr'>ἁγίων</span> <span class='ocrx_word' id='word_1_268' title='bbox 1398 2615 1495 2687; x_wconf 80' lang='grc' dir='ltr'>τὴν</span> <span class='ocrx_word' id='word_1_269' title='bbox 1536 2615 1833 2686; x_wconf 80' lang='grc' dir='ltr'>ὑπομονήν.</span> <span class='ocrx_word' id='word_1_270' title='bbox 1868 2615 1931 2666; x_wconf 76' lang='lat' dir='ltr'>El</span> 
     </span>
    </p>
   </div>
   <div class='ocr_carea' id='block_1_33' title="bbox 253 2702 1934 2783">
    <p class='ocr_par' dir='ltr' id='par_1_33' title="bbox 253 2702 1934 2783">
     <span class='ocr_line' id='line_1_33' title="bbox 253 2702 1934 2783; baseline -0.005 -18"><span class='ocrx_word' id='word_1_271' title='bbox 253 2713 367 2783; x_wconf 83' lang='grc' dir='ltr'>γάρ</span> <span class='ocrx_word' id='word_1_272' title='bbox 381 2711 687 2782; x_wconf 86' lang='grc' dir='ltr'>προειδότες</span> <span class='ocrx_word' id='word_1_273' title='bbox 710 2710 787 2775; x_wconf 87' lang='grc' dir='ltr'>ὼς</span> <span class='ocrx_word' id='word_1_274' title='bbox 808 2710 958 2764; x_wconf 81' lang='grc' dir='ltr'>οὐδὲν</span> <span class='ocrx_word' id='word_1_275' title='bbox 984 2707 1283 2781; x_wconf 88' lang='grc' dir='ltr'>πεισόμεθα</span> <span class='ocrx_word' id='word_1_276' title='bbox 1307 2708 1335 2747; x_wconf 71' lang='grc' dir='ltr'>ι)</span> <span class='ocrx_word' id='word_1_277' title='bbox 1360 2707 1551 2771; x_wconf 86' lang='grc' dir='ltr'>δεινὸν,</span> <span class='ocrx_word' id='word_1_278' title='bbox 1579 2703 1750 2769; x_wconf 83' lang='grc' dir='ltr'>οῦτως</span> <span class='ocrx_word' id='word_1_279' title='bbox 1770 2702 1934 2773; x_wconf 82' lang='grc' dir='ltr'>ἡπτό-</span> 
     </span>
    </p>
   </div>
   <div class='ocr_carea' id='block_1_34' title="bbox 258 2790 1932 2872">
    <p class='ocr_par' dir='ltr' id='par_1_34' title="bbox 258 2790 1932 2872">
     <span class='ocr_line' id='line_1_34' title="bbox 258 2790 1932 2872; baseline -0.007 -17"><span class='ocrx_word' id='word_1_280' title='bbox 258 2801 402 2872; x_wconf 79' lang='grc' dir='ltr'>μεθα</span> <span class='ocrx_word' id='word_1_281' title='bbox 426 2799 533 2853; x_wconf 87' lang='grc' dir='ltr'>τῶν</span> <span class='ocrx_word' id='word_1_282' title='bbox 563 2797 947 2871; x_wconf 83' lang='grc' dir='ltr'>πνευματικῶν</span> <span class='ocrx_word' id='word_1_283' title='bbox 982 2798 1344 2869; x_wconf 88' lang='grc' dir='ltr'>πραγμάτων,</span> <span class='ocrx_word' id='word_1_284' title='bbox 1374 2794 1526 2849; x_wconf 81' lang='grc' dir='ltr'>οὐδὲν</span> <span class='ocrx_word' id='word_1_285' title='bbox 1551 2793 1696 2865; x_wconf 86' lang='grc' dir='ltr'>μέγα</span> <span class='ocrx_word' id='word_1_286' title='bbox 1720 2791 1784 2847; x_wconf 82' lang='grc' dir='ltr'>ἀν</span> <span class='ocrx_word' id='word_1_287' title='bbox 1818 2790 1932 2844; x_wconf 85' lang='grc' dir='ltr'>ἐδό-</span> 
     </span>
    </p>
   </div>
   <div class='ocr_carea' id='block_1_35' title="bbox 257 2880 1929 2960">
    <p class='ocr_par' dir='ltr' id='par_1_35' title="bbox 257 2880 1929 2960">
     <span class='ocr_line' id='line_1_35' title="bbox 257 2880 1929 2960; baseline -0.007 -18"><span class='ocrx_word' id='word_1_288' title='bbox 257 2890 433 2960; x_wconf 79' lang='grc' dir='ltr'>ξαμεν</span> <span class='ocrx_word' id='word_1_289' title='bbox 470 2890 664 2953; x_wconf 79' lang='grc' dir='ltr'>ποιεῖν,</span> <span class='ocrx_word' id='word_1_290' title='bbox 696 2887 949 2958; x_wconf 85' lang='grc' dir='ltr'>ἐνέχυρον</span> <span class='ocrx_word' id='word_1_291' title='bbox 975 2888 1074 2958; x_wconf 89' lang='grc' dir='ltr'>τῆς</span> <span class='ocrx_word' id='word_1_292' title='bbox 1108 2886 1407 2954; x_wconf 81' lang='grc' dir='ltr'>ἀσφαλείας</span> <span class='ocrx_word' id='word_1_293' title='bbox 1430 2884 1645 2955; x_wconf 72' lang='grc' dir='ltr'>ἔχοντες</span> <span class='ocrx_word' id='word_1_294' title='bbox 1671 2880 1929 2933; x_wconf 89' lang='grc' dir='ltr'>τοιοῦτον·</span> 
     </span>
    </p>
   </div>
   <div class='ocr_carea' id='block_1_36' title="bbox 255 2966 1933 3046">
    <p class='ocr_par' dir='ltr' id='par_1_36' title="bbox 255 2966 1933 3046">
     <span class='ocr_line' id='line_1_36' title="bbox 255 2966 1933 3046; baseline -0.006 -15"><span class='ocrx_word' id='word_1_295' title='bbox 255 2978 379 3031; x_wconf 57' lang='grc' dir='ltr'>νυνὶ⁵</span> <span class='ocrx_word' id='word_1_296' title='bbox 430 2978 487 3031; x_wconf 88' lang='grc' dir='ltr'>δέ</span> <span class='ocrx_word' id='word_1_297' title='bbox 538 2974 789 3029; x_wconf 80' lang='grc' dir='ltr'>ἐντεῦθεν</span> <span class='ocrx_word' id='word_1_298' title='bbox 840 2975 1077 3046; x_wconf 89' lang='grc' dir='ltr'>μάλιστα</span> <span class='ocrx_word' id='word_1_299' title='bbox 1124 2974 1190 3028; x_wconf 82' lang='grc' dir='ltr'>ἂν</span> <span class='ocrx_word' id='word_1_300' title='bbox 1243 2969 1355 3028; x_wconf 78' lang='grc' dir='ltr'>εἷεν</span> <span class='ocrx_word' id='word_1_301' title='bbox 1413 2970 1715 3043; x_wconf 76' lang='grc' dir='ltr'>θαυμαστοὶ</span> <span class='ocrx_word' id='word_1_302' title='bbox 1756 2970 1805 3022; x_wconf 85' lang='grc' dir='ltr'>οί</span> <span class='ocrx_word' id='word_1_303' title='bbox 1865 2966 1933 3021; x_wconf 85' lang='grc' dir='ltr'>τὰ</span> 
     </span>
    </p>
   </div>
   <div class='ocr_carea' id='block_1_37' title="bbox 255 3056 1935 3135">
    <p class='ocr_par' dir='ltr' id='par_1_37' title="bbox 255 3056 1935 3135">
     <span class='ocr_line' id='line_1_37' title="bbox 255 3056 1935 3135; baseline -0.005 -18"><span class='ocrx_word' id='word_1_304' title='bbox 255 3064 483 3118; x_wconf 89' lang='grc' dir='ltr'>τοιαῦτα</span> <span class='ocrx_word' id='word_1_305' title='bbox 515 3064 865 3135; x_wconf 87' lang='grc' dir='ltr'>πράττοντες,</span> <span class='ocrx_word' id='word_1_306' title='bbox 890 3063 970 3115; x_wconf 83' lang='grc' dir='ltr'>ὅτι</span> <span class='ocrx_word' id='word_1_307' title='bbox 1002 3062 1095 3115; x_wconf 77' lang='grc' dir='ltr'>καὶ</span> <span class='ocrx_word' id='word_1_308' title='bbox 1128 3060 1405 3123; x_wconf 88' lang='grc' dir='ltr'>κινδύνους</span> <span class='ocrx_word' id='word_1_309' title='bbox 1466 3060 1559 3117; x_wconf 74' lang='grc' dir='ltr'>καὶ</span> <span class='ocrx_word' id='word_1_310' title='bbox 1609 3056 1814 3133; x_wconf 80' lang='grc' dir='ltr'>ζημίας</span> <span class='ocrx_word' id='word_1_311' title='bbox 1842 3056 1935 3109; x_wconf 73' lang='grc' dir='ltr'>καὶ</span> 
     </span>
    </p>
   </div>
   <div class='ocr_carea' id='block_1_38' title="bbox 258 3143 1934 3224">
    <p class='ocr_par' dir='ltr' id='par_1_38' title="bbox 258 3143 1934 3224">
     <span class='ocr_line' id='line_1_38' title="bbox 258 3143 1934 3224; baseline -0.008 -15"><span class='ocrx_word' id='word_1_312' title='bbox 258 3152 526 3214; x_wconf 78' lang='grc' dir='ltr'>θανάτους</span> <span class='ocrx_word' id='word_1_313' title='bbox 581 3152 676 3205; x_wconf 88' lang='grc' dir='ltr'>καί</span> <span class='ocrx_word' id='word_1_314' title='bbox 693 3152 862 3224; x_wconf 89' lang='grc' dir='ltr'>μυρία</span> <span class='ocrx_word' id='word_1_315' title='bbox 882 3154 1026 3213; x_wconf 76' lang='grc' dir='ltr'>κακὰ</span> <span class='ocrx_word' id='word_1_316' title='bbox 1048 3148 1442 3221; x_wconf 81' lang='grc' dir='ltr'>προορώμενοι,</span> <span class='ocrx_word' id='word_1_317' title='bbox 1466 3150 1613 3219; x_wconf 82' lang='grc' dir='ltr'>ὅμως</span> <span class='ocrx_word' id='word_1_318' title='bbox 1633 3144 1740 3199; x_wconf 86' lang='grc' dir='ltr'>τῶν</span> <span class='ocrx_word' id='word_1_319' title='bbox 1765 3143 1934 3198; x_wconf 85' lang='grc' dir='ltr'>τοιού-</span> 
     </span>
    </p>
   </div>
   <div class='ocr_carea' id='block_1_39' title="bbox 258 3233 1935 3309">
    <p class='ocr_par' dir='ltr' id='par_1_39' title="bbox 258 3233 1935 3309">
     <span class='ocr_line' id='line_1_39' title="bbox 258 3233 1935 3309; baseline -0.005 -17"><span class='ocrx_word' id='word_1_320' title='bbox 258 3258 368 3293; x_wconf 88' lang='grc' dir='ltr'>των</span> <span class='ocrx_word' id='word_1_321' title='bbox 419 3239 518 3292; x_wconf 88' lang='grc' dir='ltr'>οὐκ</span> <span class='ocrx_word' id='word_1_322' title='bbox 559 3238 856 3307; x_wconf 87' lang='grc' dir='ltr'>ἀφίσταντο</span> <span class='ocrx_word' id='word_1_323' title='bbox 909 3236 1369 3309; x_wconf 86' lang='grc' dir='ltr'>κατορθωμάτων,</span> <span class='ocrx_word' id='word_1_324' title='bbox 1419 3235 1539 3289; x_wconf 87' lang='grc' dir='ltr'>οὐδὲ</span> <span class='ocrx_word' id='word_1_325' title='bbox 1586 3233 1935 3305; x_wconf 82' lang='grc' dir='ltr'>όκνηρότεροι</span> 
     </span>
    </p>
   </div>
   <div class='ocr_carea' id='block_1_40' title="bbox 257 3316 1937 3398">
    <p class='ocr_par' dir='ltr' id='par_1_40' title="bbox 257 3316 1937 3398">
     <span class='ocr_line' id='line_1_40' title="bbox 257 3316 1937 3398; baseline -0.005 -17"><span class='ocrx_word' id='word_1_326' title='bbox 257 3330 502 3397; x_wconf 81' lang='grc' dir='ltr'>ἐγίνοντο</span> <span class='ocrx_word' id='word_1_327' title='bbox 528 3330 647 3392; x_wconf 87' lang='grc' dir='ltr'>ταῖς</span> <span class='ocrx_word' id='word_1_328' title='bbox 676 3327 785 3380; x_wconf 91' lang='grc' dir='ltr'>τῶν</span> <span class='ocrx_word' id='word_1_329' title='bbox 817 3326 996 3395; x_wconf 92' lang='grc' dir='ltr'>φόϐων</span> <span class='ocrx_word' id='word_1_330' title='bbox 1020 3326 1366 3398; x_wconf 83' lang='grc' dir='ltr'>προσδοκίαις</span> <span class='ocrx_word' id='word_1_331' title='bbox 1390 3336 1437 3379; x_wconf 75' lang='grc' dir='ltr'>ο.</span> <span class='ocrx_word' id='word_1_332' title='bbox 1466 3324 1733 3395; x_wconf 84' lang='grc' dir='ltr'>Καθάπερ</span> <span class='ocrx_word' id='word_1_333' title='bbox 1761 3316 1854 3376; x_wconf 79' lang='grc' dir='ltr'>οὖν</span> <span class='ocrx_word' id='word_1_334' title='bbox 1886 3321 1937 3373; x_wconf 88' lang='grc' dir='ltr'>οί</span> 
     </span>
    </p>
   </div>
   <div class='ocr_carea' id='block_1_41' title="bbox 254 3408 1938 3488">
    <p class='ocr_par' dir='ltr' id='par_1_41' title="bbox 254 3408 1938 3488">
     <span class='ocr_line' id='line_1_41' title="bbox 254 3408 1938 3488; baseline -0.004 -19"><span class='ocrx_word' id='word_1_335' title='bbox 254 3420 410 3488; x_wconf 85' lang='grc' dir='ltr'>τρεῖς</span> <span class='ocrx_word' id='word_1_336' title='bbox 450 3416 636 3479; x_wconf 90' lang='grc' dir='ltr'>παῖδες</span> <span class='ocrx_word' id='word_1_337' title='bbox 676 3415 882 3483; x_wconf 73' lang='grc' dir='ltr'>ἔλεγονο</span> <span class='ocrx_word' id='word_1_338' title='bbox 921 3417 1086 3469; x_wconf 86' lang='grc' dir='ltr'>Ἔστι</span> <span class='ocrx_word' id='word_1_339' title='bbox 1127 3415 1271 3480; x_wconf 82' lang='grc' dir='ltr'>Θεὸς</span> <span class='ocrx_word' id='word_1_340' title='bbox 1297 3414 1367 3468; x_wconf 81' lang='grc' dir='ltr'>ἐν</span> <span class='ocrx_word' id='word_1_341' title='bbox 1400 3411 1634 3483; x_wconf 83' lang='grc' dir='ltr'>οὐρανῷ</span> <span class='ocrx_word' id='word_1_342' title='bbox 1678 3408 1938 3476; x_wconf 80' lang='grc' dir='ltr'>δυνατὸς</span> 
     </span>
    </p>
   </div>
   <div class='ocr_carea' id='block_1_42' title="bbox 254 3500 1933 3572">
    <p class='ocr_par' dir='ltr' id='par_1_42' title="bbox 254 3500 1933 3572">
     <span class='ocr_line' id='line_1_42' title="bbox 254 3500 1933 3572; baseline -0.004 -15"><span class='ocrx_word' id='word_1_343' title='bbox 254 3502 575 3568; x_wconf 70' lang='grc' dir='ltr'>ἐξελέσθαι</span> <span class='ocrx_word' id='word_1_344' title='bbox 616 3501 805 3572; x_wconf 73' lang='grc' dir='ltr'>ἡμᾶς’</span> <span class='ocrx_word' id='word_1_345' title='bbox 857 3503 955 3556; x_wconf 78' lang='grc' dir='ltr'>καί</span> <span class='ocrx_word' id='word_1_346' title='bbox 1002 3502 1113 3556; x_wconf 83' lang='grc' dir='ltr'>ἐὰν</span> <span class='ocrx_word' id='word_1_347' title='bbox 1157 3502 1267 3572; x_wconf 83' lang='grc' dir='ltr'>μὴ,</span> <span class='ocrx_word' id='word_1_348' title='bbox 1304 3500 1577 3571; x_wconf 77' lang='grc' dir='ltr'>γνωστὸν</span> <span class='ocrx_word' id='word_1_349' title='bbox 1617 3500 1775 3553; x_wconf 79' lang='grc' dir='ltr'>ἔστω</span> <span class='ocrx_word' id='word_1_350' title='bbox 1813 3513 1933 3561; x_wconf 90' lang='grc' dir='ltr'>σοι,</span> 
     </span>
    </p>
   </div>
   <div class='ocr_carea' id='block_1_43' title="bbox 253 3584 1937 3659">
    <p class='ocr_par' dir='ltr' id='par_1_43' title="bbox 253 3584 1937 3659">
     <span class='ocr_line' id='line_1_43' title="bbox 253 3584 1937 3659; baseline -0.005 -12"><span class='ocrx_word' id='word_1_351' title='bbox 253 3592 546 3658; x_wconf 77' lang='grc' dir='ltr'>βασιλεῦ,</span> <span class='ocrx_word' id='word_1_352' title='bbox 582 3592 667 3645; x_wconf 82' lang='grc' dir='ltr'>ὅτι</span> <span class='ocrx_word' id='word_1_353' title='bbox 702 3590 825 3659; x_wconf 80' lang='grc' dir='ltr'>τοῖς</span> <span class='ocrx_word' id='word_1_354' title='bbox 869 3591 1025 3659; x_wconf 85' lang='grc' dir='ltr'>θεοῖς</span> <span class='ocrx_word' id='word_1_355' title='bbox 1066 3608 1183 3645; x_wconf 90' lang='grc' dir='ltr'>σου</span> <span class='ocrx_word' id='word_1_356' title='bbox 1216 3592 1288 3645; x_wconf 83' lang='grc' dir='ltr'>οὐ</span> <span class='ocrx_word' id='word_1_357' title='bbox 1314 3589 1701 3659; x_wconf 85' lang='grc' dir='ltr'>λατρεύομεν,</span> <span class='ocrx_word' id='word_1_358' title='bbox 1734 3586 1831 3641; x_wconf 82' lang='grc' dir='ltr'>καί</span> <span class='ocrx_word' id='word_1_359' title='bbox 1864 3584 1937 3653; x_wconf 76' lang='grc' dir='ltr'>τῇ</span> 
     </span>
    </p>
   </div>
   <div class='ocr_carea' id='block_1_44' title="bbox 257 3672 1935 3749">
    <p class='ocr_par' dir='ltr' id='par_1_44' title="bbox 257 3672 1935 3749">
     <span class='ocr_line' id='line_1_44' title="bbox 257 3672 1935 3749; baseline -0.005 -16"><span class='ocrx_word' id='word_1_360' title='bbox 257 3681 446 3733; x_wconf 77' lang='grc' dir='ltr'>εἰκόνι</span> <span class='ocrx_word' id='word_1_361' title='bbox 477 3678 550 3749; x_wconf 80' lang='grc' dir='ltr'>τῇ</span> <span class='ocrx_word' id='word_1_362' title='bbox 594 3678 797 3749; x_wconf 75' lang='grc' dir='ltr'>χρυσῇ</span> <span class='ocrx_word' id='word_1_363' title='bbox 834 3672 874 3749; x_wconf 81' lang='grc' dir='ltr'><strong><em>ᾖ</em></strong></span> <span class='ocrx_word' id='word_1_364' title='bbox 907 3679 1176 3747; x_wconf 81' lang='grc' dir='ltr'>ἔστησας</span> <span class='ocrx_word' id='word_1_365' title='bbox 1208 3680 1280 3732; x_wconf 87' lang='grc' dir='ltr'>οὐ</span> <span class='ocrx_word' id='word_1_366' title='bbox 1309 3676 1803 3745; x_wconf 80' lang='grc' dir='ltr'>προσκυνοῦμεν·</span> <span class='ocrx_word' id='word_1_367' title='bbox 1840 3672 1935 3725; x_wconf 78' lang='grc' dir='ltr'>καὶ</span> 
     </span>
    </p>
   </div>
   <div class='ocr_carea' id='block_1_45' title="bbox 261 3758 1936 3838">
    <p class='ocr_par' dir='ltr' id='par_1_45' title="bbox 261 3758 1936 3838">
     <span class='ocr_line' id='line_1_45' title="bbox 261 3758 1936 3838; baseline -0.004 -19"><span class='ocrx_word' id='word_1_368' title='bbox 261 3768 328 3819; x_wconf 85' lang='grc' dir='ltr'>σῦ</span> <span class='ocrx_word' id='word_1_369' title='bbox 366 3767 565 3831; x_wconf 84' lang='grc' dir='ltr'>τοίνυν,</span> <span class='ocrx_word' id='word_1_370' title='bbox 616 3767 741 3820; x_wconf 85' lang='grc' dir='ltr'>ὅταν</span> <span class='ocrx_word' id='word_1_371' title='bbox 781 3766 980 3838; x_wconf 81' lang='grc' dir='ltr'>μέλλῃς</span> <span class='ocrx_word' id='word_1_372' title='bbox 1022 3765 1075 3817; x_wconf 89' lang='grc' dir='ltr'>τί</span> <span class='ocrx_word' id='word_1_373' title='bbox 1118 3781 1246 3818; x_wconf 85' lang='grc' dir='ltr'>ποτε</span> <span class='ocrx_word' id='word_1_374' title='bbox 1291 3762 1617 3835; x_wconf 86' lang='grc' dir='ltr'>ἐργάζεσθαι</span> <span class='ocrx_word' id='word_1_375' title='bbox 1649 3761 1756 3814; x_wconf 89' lang='grc' dir='ltr'>τῶν</span> <span class='ocrx_word' id='word_1_376' title='bbox 1798 3758 1936 3814; x_wconf 89' lang='grc' dir='ltr'>κατά</span> 
     </span>
    </p>
   </div>
   <div class='ocr_carea' id='block_1_46' title="bbox 258 3848 1938 3925">
    <p class='ocr_par' dir='ltr' id='par_1_46' title="bbox 258 3848 1938 3925">
     <span class='ocr_line' id='line_1_46' title="bbox 258 3848 1938 3925; baseline -0.004 -19"><span class='ocrx_word' id='word_1_377' title='bbox 258 3854 415 3914; x_wconf 81' lang='grc' dir='ltr'>Θεὸν.</span> <span class='ocrx_word' id='word_1_378' title='bbox 457 3855 683 3918; x_wconf 83' lang='grc' dir='ltr'>πολλοὺς</span> <span class='ocrx_word' id='word_1_379' title='bbox 736 3854 944 3925; x_wconf 89' lang='grc' dir='ltr'>προόρα</span> <span class='ocrx_word' id='word_1_380' title='bbox 972 3852 1269 3916; x_wconf 87' lang='grc' dir='ltr'>κινδύνους,</span> <span class='ocrx_word' id='word_1_381' title='bbox 1318 3850 1518 3911; x_wconf 80' lang='grc' dir='ltr'>πολλάς</span> <span class='ocrx_word' id='word_1_382' title='bbox 1544 3849 1767 3921; x_wconf 80' lang='grc' dir='ltr'>ζημίας,</span> <span class='ocrx_word' id='word_1_383' title='bbox 1811 3848 1938 3902; x_wconf 89' lang='grc' dir='ltr'>πολ-</span> 
     </span>
    </p>
   </div>
   <div class='ocr_carea' id='block_1_47' title="bbox 258 3935 1939 4013">
    <p class='ocr_par' dir='ltr' id='par_1_47' title="bbox 258 3935 1939 4013">
     <span class='ocr_line' id='line_1_47' title="bbox 258 3935 1939 4013; baseline -0.004 -19"><span class='ocrx_word' id='word_1_384' title='bbox 258 3940 387 4005; x_wconf 72' lang='grc' dir='ltr'>λοὺς</span> <span class='ocrx_word' id='word_1_385' title='bbox 408 3941 669 4006; x_wconf 88' lang='grc' dir='ltr'>θανάτους</span> <span class='ocrx_word' id='word_1_386' title='bbox 685 3959 698 3974; x_wconf 73' lang='grc' dir='ltr'><strong>ο</strong></span> <span class='ocrx_word' id='word_1_387' title='bbox 725 3944 818 3996; x_wconf 75' lang='grc' dir='ltr'>καὶ</span> <span class='ocrx_word' id='word_1_388' title='bbox 852 3941 924 4013; x_wconf 85' lang='grc' dir='ltr'>μὴ</span> <span class='ocrx_word' id='word_1_389' title='bbox 944 3941 1172 4005; x_wconf 81' lang='grc' dir='ltr'>ξενίζου,</span> <span class='ocrx_word' id='word_1_390' title='bbox 1196 3938 1329 4010; x_wconf 86' lang='grc' dir='ltr'>μηδὲ</span> <span class='ocrx_word' id='word_1_391' title='bbox 1357 3936 1589 4009; x_wconf 90' lang='grc' dir='ltr'>θορυϐοῦ</span> <span class='ocrx_word' id='word_1_392' title='bbox 1613 3935 1939 4006; x_wconf 87' lang='grc' dir='ltr'>συμϐαινόν-</span> 
     </span>
    </p>
   </div>
   <div class='ocr_carea' id='block_1_48' title="bbox 256 4025 1940 4103">
    <p class='ocr_par' dir='ltr' id='par_1_48' title="bbox 256 4025 1940 4103">
     <span class='ocr_line' id='line_1_48' title="bbox 256 4025 1940 4103; baseline -0.005 -17"><span class='ocrx_word' id='word_1_393' title='bbox 256 4049 371 4086; x_wconf 85' lang='grc' dir='ltr'>των</span> <span class='ocrx_word' id='word_1_394' title='bbox 392 4032 615 4086; x_wconf 86' lang='grc' dir='ltr'>τούτων.</span> <span class='ocrx_word' id='word_1_395' title='bbox 635 4033 853 4087; x_wconf 78' lang='grc' dir='ltr'>Τέκνον</span> <span class='ocrx_word' id='word_1_396' title='bbox 869 4032 997 4103; x_wconf 84' lang='grc' dir='ltr'>γάρ,</span> <span class='ocrx_word' id='word_1_397' title='bbox 1024 4031 1208 4101; x_wconf 71' lang='grc' dir='ltr'>φησὶν,</span> <span class='ocrx_word' id='word_1_398' title='bbox 1223 4032 1275 4083; x_wconf 82' lang='grc' dir='ltr'>εὶ</span> <span class='ocrx_word' id='word_1_399' title='bbox 1292 4030 1600 4097; x_wconf 82' lang='grc' dir='ltr'>προσέρχῃ</span> <span class='ocrx_word' id='word_1_400' title='bbox 1622 4025 1940 4079; x_wconf 76' lang='grc' dir='ltr'>δουλεύειν</span> 
     </span>
    </p>
   </div>
   <div class='ocr_carea' id='block_1_49' title="bbox 260 4113 1935 4191">
    <p class='ocr_par' dir='ltr' id='par_1_49' title="bbox 260 4113 1935 4191">
     <span class='ocr_line' id='line_1_49' title="bbox 260 4113 1935 4191; baseline -0.007 -15"><span class='ocrx_word' id='word_1_401' title='bbox 260 4120 345 4184; x_wconf 80' lang='grc' dir='ltr'>τῷ</span> <span class='ocrx_word' id='word_1_402' title='bbox 367 4122 579 4189; x_wconf 82' lang='grc' dir='ltr'>Κυρίῳ,</span> <span class='ocrx_word' id='word_1_403' title='bbox 602 4121 923 4191; x_wconf 76' lang='grc' dir='ltr'>ἐτοίμασον</span> <span class='ocrx_word' id='word_1_404' title='bbox 950 4119 1063 4186; x_wconf 78' lang='grc' dir='ltr'>τὴν</span> <span class='ocrx_word' id='word_1_405' title='bbox 1092 4116 1305 4186; x_wconf 65' lang='grc' dir='ltr'>ψυχήν</span> <span class='ocrx_word' id='word_1_406' title='bbox 1330 4128 1446 4170; x_wconf 85' lang='grc' dir='ltr'>σου</span> <span class='ocrx_word' id='word_1_407' title='bbox 1470 4117 1557 4181; x_wconf 83' lang='grc' dir='ltr'>εὶς</span> <span class='ocrx_word' id='word_1_408' title='bbox 1584 4113 1935 4182; x_wconf 78' lang='grc' dir='ltr'>πειρασμόν.</span> 
     </span>
    </p>
   </div>
   <div class='ocr_carea' id='block_1_50' title="bbox 261 4202 1940 4277">
    <p class='ocr_par' dir='ltr' id='par_1_50' title="bbox 261 4202 1940 4277">
     <span class='ocr_line' id='line_1_50' title="bbox 261 4202 1940 4277; baseline -0.004 -15"><span class='ocrx_word' id='word_1_409' title='bbox 261 4209 453 4274; x_wconf 73' lang='grc' dir='ltr'>υύδεὶς</span> <span class='ocrx_word' id='word_1_410' title='bbox 492 4211 672 4262; x_wconf 84' lang='grc' dir='ltr'>τοίνυν</span> <span class='ocrx_word' id='word_1_411' title='bbox 706 4207 993 4262; x_wconf 83' lang='grc' dir='ltr'>πυκτεύειν</span> <span class='ocrx_word' id='word_1_412' title='bbox 1035 4205 1357 4277; x_wconf 85' lang='grc' dir='ltr'>αἱρούμενος</span> <span class='ocrx_word' id='word_1_413' title='bbox 1401 4203 1570 4275; x_wconf 73' lang='grc' dir='ltr'>χωρὶς</span> <span class='ocrx_word' id='word_1_414' title='bbox 1611 4202 1940 4275; x_wconf 88' lang='grc' dir='ltr'>τραυμάτων</span> 
     </span>
    </p>
   </div>
   <div class='ocr_carea' id='block_1_51' title="bbox 265 4291 1940 4369">
    <p class='ocr_par' dir='ltr' id='par_1_51' title="bbox 265 4291 1940 4369">
     <span class='ocr_line' id='line_1_51' title="bbox 265 4291 1940 4369; baseline -0.004 -18"><span class='ocrx_word' id='word_1_415' title='bbox 265 4299 548 4369; x_wconf 83' lang='grc' dir='ltr'>προσδοκᾷ</span> <span class='ocrx_word' id='word_1_416' title='bbox 578 4298 840 4367; x_wconf 89' lang='grc' dir='ltr'>στέφανον</span> <span class='ocrx_word' id='word_1_417' title='bbox 887 4294 1277 4363; x_wconf 81' lang='grc' dir='ltr'>ἀναδήσασθαι.</span> <span class='ocrx_word' id='word_1_418' title='bbox 1322 4292 1433 4346; x_wconf 81' lang='lat' dir='ltr'>Kal</span> <span class='ocrx_word' id='word_1_419' title='bbox 1464 4292 1527 4346; x_wconf 80' lang='grc' dir='ltr'>σὺ</span> <span class='ocrx_word' id='word_1_420' title='bbox 1555 4291 1762 4355; x_wconf 89' lang='grc' dir='ltr'>τοίνυν,</span> <span class='ocrx_word' id='word_1_421' title='bbox 1802 4292 1940 4359; x_wconf 93' lang='grc' dir='ltr'>ἀγα-</span> 
     </span>
    </p>
   </div>
   <div class='ocr_carea' id='block_1_52' title="bbox 266 4377 1937 4456">
    <p class='ocr_par' dir='ltr' id='par_1_52' title="bbox 266 4377 1937 4456">
     <span class='ocr_line' id='line_1_52' title="bbox 266 4377 1937 4456; baseline -0.005 -18"><span class='ocrx_word' id='word_1_422' title='bbox 266 4386 430 4454; x_wconf 88' lang='grc' dir='ltr'>πητέ,</span> <span class='ocrx_word' id='word_1_423' title='bbox 471 4385 607 4456; x_wconf 87' lang='grc' dir='ltr'>πρὸς</span> <span class='ocrx_word' id='word_1_424' title='bbox 629 4386 719 4437; x_wconf 90' lang='grc' dir='ltr'>τὸν</span> <span class='ocrx_word' id='word_1_425' title='bbox 750 4383 992 4438; x_wconf 91' lang='grc' dir='ltr'>διάϐολον</span> <span class='ocrx_word' id='word_1_426' title='bbox 1020 4378 1451 4453; x_wconf 80' lang='grc' dir='ltr'>παγκρατιάζειν</span> <span class='ocrx_word' id='word_1_427' title='bbox 1485 4377 1937 4448; x_wconf 83' lang='grc' dir='ltr'>καταδεξάμενος,</span> 
     </span>
    </p>
   </div>
   <div class='ocr_carea' id='block_1_53' title="bbox 270 4465 1939 4545">
    <p class='ocr_par' dir='ltr' id='par_1_53' title="bbox 270 4465 1939 4545">
     <span class='ocr_line' id='line_1_53' title="bbox 270 4465 1939 4545; baseline -0.005 -17"><span class='ocrx_word' id='word_1_428' title='bbox 270 4474 347 4545; x_wconf 83' lang='grc' dir='ltr'>μὴ</span> <span class='ocrx_word' id='word_1_429' title='bbox 379 4473 470 4527; x_wconf 90' lang='grc' dir='ltr'>τὸν</span> <span class='ocrx_word' id='word_1_430' title='bbox 501 4474 781 4527; x_wconf 89' lang='grc' dir='ltr'>ἀκίνδυνον</span> <span class='ocrx_word' id='word_1_431' title='bbox 820 4474 914 4527; x_wconf 75' lang='grc' dir='ltr'>καὶ</span> <span class='ocrx_word' id='word_1_432' title='bbox 958 4471 1172 4541; x_wconf 91' lang='grc' dir='ltr'>τρυφῆς</span> <span class='ocrx_word' id='word_1_433' title='bbox 1222 4470 1464 4542; x_wconf 87' lang='grc' dir='ltr'>γέμοντα</span> <span class='ocrx_word' id='word_1_434' title='bbox 1489 4467 1651 4521; x_wconf 89' lang='grc' dir='ltr'>δίωκε</span> <span class='ocrx_word' id='word_1_435' title='bbox 1694 4466 1841 4537; x_wconf 81' lang='grc' dir='ltr'>βίον’</span> <span class='ocrx_word' id='word_1_436' title='bbox 1878 4465 1939 4519; x_wconf 90' lang='grc' dir='ltr'>οὐ</span> 
     </span>
    </p>
   </div>
   <div class='ocr_carea' id='block_1_54' title="bbox 265 4554 1940 4633">
    <p class='ocr_par' dir='ltr' id='par_1_54' title="bbox 265 4554 1940 4633">
     <span class='ocr_line' id='line_1_54' title="bbox 265 4554 1940 4633; baseline -0.005 -18"><span class='ocrx_word' id='word_1_437' title='bbox 265 4563 378 4633; x_wconf 74' lang='grc' dir='ltr'>γὰρ</span> <span class='ocrx_word' id='word_1_438' title='bbox 412 4562 644 4615; x_wconf 88' lang='grc' dir='ltr'>ἐνταῦθά</span> <span class='ocrx_word' id='word_1_439' title='bbox 676 4579 759 4615; x_wconf 93' lang='grc' dir='ltr'>σοι</span> <span class='ocrx_word' id='word_1_440' title='bbox 806 4561 905 4623; x_wconf 77' lang='grc' dir='ltr'>τὰς</span> <span class='ocrx_word' id='word_1_441' title='bbox 936 4559 1168 4631; x_wconf 79' lang='grc' dir='ltr'>ἀμοιϐάς</span> <span class='ocrx_word' id='word_1_442' title='bbox 1192 4560 1287 4613; x_wconf 79' lang='grc' dir='ltr'>καὶ</span> <span class='ocrx_word' id='word_1_443' title='bbox 1314 4557 1413 4621; x_wconf 91' lang='grc' dir='ltr'>τάς</span> <span class='ocrx_word' id='word_1_444' title='bbox 1453 4555 1792 4627; x_wconf 80' lang='grc' dir='ltr'>ὑποσχέσεις,</span> <span class='ocrx_word' id='word_1_445' title='bbox 1826 4554 1940 4608; x_wconf 78' lang='grc' dir='ltr'>ἀλλ’</span> 
     </span>
    </p>
   </div>
   <div class='ocr_carea' id='block_1_55' title="bbox 266 4642 1945 4723">
    <p class='ocr_par' dir='ltr' id='par_1_55' title="bbox 266 4642 1945 4723">
     <span class='ocr_line' id='line_1_55' title="bbox 266 4642 1945 4723; baseline -0.006 -18"><span class='ocrx_word' id='word_1_446' title='bbox 266 4654 350 4716; x_wconf 82' lang='grc' dir='ltr'>είς</span> <span class='ocrx_word' id='word_1_447' title='bbox 396 4651 485 4705; x_wconf 88' lang='grc' dir='ltr'>τὸν</span> <span class='ocrx_word' id='word_1_448' title='bbox 533 4652 794 4723; x_wconf 90' lang='grc' dir='ltr'>μέλλοντα</span> <span class='ocrx_word' id='word_1_449' title='bbox 842 4649 1013 4703; x_wconf 85' lang='grc' dir='ltr'>αἰῶνα</span> <span class='ocrx_word' id='word_1_450' title='bbox 1060 4648 1278 4701; x_wconf 69' lang='grc' dir='ltr'>ἅπαντα</span> <span class='ocrx_word' id='word_1_451' title='bbox 1320 4646 1586 4715; x_wconf 85' lang='grc' dir='ltr'>ὑπέσχετο</span> <span class='ocrx_word' id='word_1_452' title='bbox 1631 4646 1659 4698; x_wconf 94' lang='lat'>6</span> <span class='ocrx_word' id='word_1_453' title='bbox 1700 4642 1833 4707; x_wconf 88' lang='grc' dir='ltr'>Θεὸς</span> <span class='ocrx_word' id='word_1_454' title='bbox 1874 4642 1945 4696; x_wconf 85' lang='grc' dir='ltr'>τὰ</span> 
     </span>
    </p>
   </div>
   <div class='ocr_carea' id='block_1_56' title="bbox 266 4731 1945 4810">
    <p class='ocr_par' dir='ltr' id='par_1_56' title="bbox 266 4731 1945 4810">
     <span class='ocr_line' id='line_1_56' title="bbox 266 4731 1945 4810; baseline -0.005 -18"><span class='ocrx_word' id='word_1_455' title='bbox 266 4739 519 4810; x_wconf 88' lang='grc' dir='ltr'>λαμπρά.</span> <span class='ocrx_word' id='word_1_456' title='bbox 544 4740 714 4793; x_wconf 84' lang='grc' dir='ltr'>Ὀταν</span> <span class='ocrx_word' id='word_1_457' title='bbox 741 4735 832 4793; x_wconf 78' lang='grc' dir='ltr'>οὖν</span> <span class='ocrx_word' id='word_1_458' title='bbox 862 4738 894 4809; x_wconf 80' lang='grc' dir='ltr'>ἥ</span> <span class='ocrx_word' id='word_1_459' title='bbox 935 4737 1097 4800; x_wconf 85' lang='grc' dir='ltr'>αὐτός</span> <span class='ocrx_word' id='word_1_460' title='bbox 1112 4749 1164 4789; x_wconf 86' lang='grc' dir='ltr'>τι</span> <span class='ocrx_word' id='word_1_461' title='bbox 1201 4736 1431 4806; x_wconf 90' lang='grc' dir='ltr'>ποιήσας</span> <span class='ocrx_word' id='word_1_462' title='bbox 1451 4733 1673 4803; x_wconf 82' lang='grc' dir='ltr'>ἀγαθὸν,</span> <span class='ocrx_word' id='word_1_463' title='bbox 1700 4731 1766 4786; x_wconf 90' lang='grc' dir='ltr'>τά</span> <span class='ocrx_word' id='word_1_464' title='bbox 1794 4733 1945 4785; x_wconf 90' lang='grc' dir='ltr'>ἐναν-</span> 
     </span>
    </p>
   </div>
   <div class='ocr_carea' id='block_1_57' title="bbox 266 4821 1943 4900">
    <p class='ocr_par' dir='ltr' id='par_1_57' title="bbox 266 4821 1943 4900">
     <span class='ocr_line' id='line_1_57' title="bbox 266 4821 1943 4900; baseline -0.006 -18"><span class='ocrx_word' id='word_1_465' title='bbox 266 4830 360 4883; x_wconf 88' lang='grc' dir='ltr'>τία</span> <span class='ocrx_word' id='word_1_466' title='bbox 382 4828 682 4900; x_wconf 87' lang='grc' dir='ltr'>άπολάϐῃς,</span> <span class='ocrx_word' id='word_1_467' title='bbox 707 4828 739 4899; x_wconf 79' lang='grc' dir='ltr'>ἢ</span> <span class='ocrx_word' id='word_1_468' title='bbox 772 4829 857 4881; x_wconf 81' lang='grc' dir='ltr'>ἐτε</span> <span class='ocrx_word' id='word_1_469' title='bbox 868 4845 956 4900; x_wconf 91' lang='grc' dir='ltr'>ρον</span> <span class='ocrx_word' id='word_1_470' title='bbox 993 4825 1153 4880; x_wconf 88' lang='grc' dir='ltr'>τοῦτο</span> <span class='ocrx_word' id='word_1_471' title='bbox 1178 4826 1456 4894; x_wconf 88' lang='grc' dir='ltr'>πάσχοντα</span> <span class='ocrx_word' id='word_1_472' title='bbox 1484 4823 1600 4893; x_wconf 85' lang='grc' dir='ltr'>ῐδῃς</span> <span class='ocrx_word' id='word_1_473' title='bbox 1620 4860 1633 4885; x_wconf 92' lang='grc'>,</span> <span class='ocrx_word' id='word_1_474' title='bbox 1652 4821 1943 4892; x_wconf 90' lang='grc' dir='ltr'>εὐφραίνου</span> 
     </span>
    </p>
   </div>
   <div class='ocr_carea' id='block_1_58' title="bbox 269 4908 1945 4989">
    <p class='ocr_par' dir='ltr' id='par_1_58' title="bbox 269 4908 1945 4989">
     <span class='ocr_line' id='line_1_58' title="bbox 269 4908 1945 4989; baseline -0.007 -18"><span class='ocrx_word' id='word_1_475' title='bbox 269 4918 369 4972; x_wconf 69' lang='grc' dir='ltr'>καὶ</span> <span class='ocrx_word' id='word_1_476' title='bbox 406 4920 564 4989; x_wconf 81' lang='grc' dir='ltr'>χαῖρε</span> <span class='ocrx_word' id='word_1_477' title='bbox 585 4933 599 4947; x_wconf 78' lang='grc'><strong>⁸</strong></span> <span class='ocrx_word' id='word_1_478' title='bbox 647 4918 893 4987; x_wconf 79' lang='grc' dir='ltr'>μείζονος</span> <span class='ocrx_word' id='word_1_479' title='bbox 922 4916 1028 4986; x_wconf 88' lang='grc' dir='ltr'>γὰρ</span> <span class='ocrx_word' id='word_1_480' title='bbox 1062 4914 1295 4985; x_wconf 88' lang='grc' dir='ltr'>ἀμοιϐῆς</span> <span class='ocrx_word' id='word_1_481' title='bbox 1325 4910 1581 4974; x_wconf 85' lang='grc' dir='ltr'>ὑπόθεσις</span> <span class='ocrx_word' id='word_1_482' title='bbox 1613 4910 1673 4963; x_wconf 92' lang='grc' dir='ltr'>τὸ</span> <span class='ocrx_word' id='word_1_483' title='bbox 1712 4908 1945 4982; x_wconf 79' lang='grc' dir='ltr'>πρᾶγμά</span> 
     </span>
    </p>
   </div>
   <div class='ocr_carea' id='block_1_59' title="bbox 272 4996 1944 5075">
    <p class='ocr_par' dir='ltr' id='par_1_59' title="bbox 272 4996 1944 5075">
     <span class='ocr_line' id='line_1_59' title="bbox 272 4996 1944 5075; baseline -0.007 -16"><span class='ocrx_word' id='word_1_484' title='bbox 272 5024 356 5059; x_wconf 87' lang='grc' dir='ltr'>σοι</span> <span class='ocrx_word' id='word_1_485' title='bbox 384 5005 624 5073; x_wconf 89' lang='grc' dir='ltr'>γίνεται·</span> <span class='ocrx_word' id='word_1_486' title='bbox 665 5007 725 5058; x_wconf 87' lang='grc' dir='ltr'>ού</span> <span class='ocrx_word' id='word_1_487' title='bbox 770 5004 844 5075; x_wconf 78' lang='grc' dir='ltr'>μὴ</span> <span class='ocrx_word' id='word_1_488' title='bbox 879 5003 1195 5075; x_wconf 83' lang='grc' dir='ltr'>καταπέσῃς</span> <span class='ocrx_word' id='word_1_489' title='bbox 1235 5001 1285 5063; x_wconf 75' lang='grc' dir='ltr'>ἀ,</span> <span class='ocrx_word' id='word_1_490' title='bbox 1338 5000 1469 5069; x_wconf 85' lang='grc' dir='ltr'>μηδέ</span> <span class='ocrx_word' id='word_1_491' title='bbox 1506 4997 1815 5068; x_wconf 83' lang='grc' dir='ltr'>καταλύσῃς</span> <span class='ocrx_word' id='word_1_492' title='bbox 1848 4996 1944 5067; x_wconf 82' lang='grc' dir='ltr'>τὴν</span> 
     </span>
    </p>
   </div>
   <div class='ocr_carea' id='block_1_60' title="bbox 273 5084 1945 5164">
    <p class='ocr_par' dir='ltr' id='par_1_60' title="bbox 273 5084 1945 5164">
     <span class='ocr_line' id='line_1_60' title="bbox 273 5084 1945 5164; baseline -0.005 -19"><span class='ocrx_word' id='word_1_493' title='bbox 273 5093 601 5164; x_wconf 82' lang='grc' dir='ltr'>προθυμίαν,</span> <span class='ocrx_word' id='word_1_494' title='bbox 638 5094 771 5163; x_wconf 78' lang='grc' dir='ltr'>μηδὲ</span> <span class='ocrx_word' id='word_1_495' title='bbox 798 5092 1157 5164; x_wconf 82' lang='grc' dir='ltr'>ὀκνηρότερος</span> <span class='ocrx_word' id='word_1_496' title='bbox 1188 5090 1339 5164; x_wconf 85' lang='grc' dir='ltr'>γένῃ.</span> <span class='ocrx_word' id='word_1_497' title='bbox 1377 5087 1512 5141; x_wconf 84' lang='grc' dir='ltr'>ἀλλά</span> <span class='ocrx_word' id='word_1_498' title='bbox 1550 5085 1747 5157; x_wconf 73' lang='grc' dir='ltr'>μᾶλλον</span> <span class='ocrx_word' id='word_1_499' title='bbox 1770 5084 1945 5138; x_wconf 81' lang='grc' dir='ltr'>ἐπιτίο</span> 
     </span>
    </p>
   </div>
   <div class='ocr_carea' id='block_1_61' title="bbox 271 5172 1947 5251">
    <p class='ocr_par' dir='ltr' id='par_1_61' title="bbox 271 5172 1947 5251">
     <span class='ocr_line' id='line_1_61' title="bbox 271 5172 1947 5251; baseline -0.006 -17"><span class='ocrx_word' id='word_1_500' title='bbox 271 5181 402 5234; x_wconf 78' lang='grc' dir='ltr'>θεσο</span> <span class='ocrx_word' id='word_1_501' title='bbox 432 5181 569 5251; x_wconf 83' lang='grc' dir='ltr'>μετά</span> <span class='ocrx_word' id='word_1_502' title='bbox 590 5182 831 5245; x_wconf 88' lang='grc' dir='ltr'>πλείονος</span> <span class='ocrx_word' id='word_1_503' title='bbox 855 5182 954 5251; x_wconf 89' lang='grc' dir='ltr'>τῆς</span> <span class='ocrx_word' id='word_1_504' title='bbox 976 5179 1302 5251; x_wconf 85' lang='grc' dir='ltr'>προθυμίας.</span> <span class='ocrx_word' id='word_1_505' title='bbox 1346 5178 1497 5231; x_wconf 70' lang='grc' dir='ltr'>Ἐπεὶ</span> <span class='ocrx_word' id='word_1_506' title='bbox 1523 5177 1616 5229; x_wconf 74' lang='grc' dir='ltr'>καὶ</span> <span class='ocrx_word' id='word_1_507' title='bbox 1642 5176 1689 5228; x_wconf 83' lang='grc' dir='ltr'>οῖ</span> <span class='ocrx_word' id='word_1_508' title='bbox 1716 5172 1947 5227; x_wconf 82' lang='grc' dir='ltr'>ἀπόστο-</span> 
     </span>
    </p>
   </div>
   <div class='ocr_carea' id='block_1_62' title="bbox 270 5260 1947 5339">
    <p class='ocr_par' dir='ltr' id='par_1_62' title="bbox 270 5260 1947 5339">
     <span class='ocr_line' id='line_1_62' title="bbox 270 5260 1947 5339; baseline -0.006 -18"><span class='ocrx_word' id='word_1_509' title='bbox 270 5269 355 5321; x_wconf 87' lang='grc' dir='ltr'>λοι</span> <span class='ocrx_word' id='word_1_510' title='bbox 389 5267 548 5338; x_wconf 80' lang='grc' dir='ltr'>ἡνίκα</span> <span class='ocrx_word' id='word_1_511' title='bbox 572 5270 885 5339; x_wconf 87' lang='grc' dir='ltr'>ἐκήρυττον,</span> <span class='ocrx_word' id='word_1_512' title='bbox 919 5267 1321 5338; x_wconf 82' lang='grc' dir='ltr'>μαστιζόμενοι,</span> <span class='ocrx_word' id='word_1_513' title='bbox 1344 5264 1710 5334; x_wconf 82' lang='grc' dir='ltr'>λιθαζόμενοι,</span> <span class='ocrx_word' id='word_1_514' title='bbox 1736 5260 1947 5330; x_wconf 85' lang='grc' dir='ltr'>δεσμω-</span> 
     </span>
    </p>
   </div>
   <div class='ocr_carea' id='block_1_63' title="bbox 271 5349 1947 5427">
    <p class='ocr_par' dir='ltr' id='par_1_63' title="bbox 271 5349 1947 5427">
     <span class='ocr_line' id='line_1_63' title="bbox 271 5349 1947 5427; baseline -0.005 -19"><span class='ocrx_word' id='word_1_515' title='bbox 271 5358 437 5427; x_wconf 84' lang='grc' dir='ltr'>τήρια</span> <span class='ocrx_word' id='word_1_516' title='bbox 474 5356 706 5425; x_wconf 83' lang='grc' dir='ltr'>συνεχῶς</span> <span class='ocrx_word' id='word_1_517' title='bbox 743 5356 1039 5418; x_wconf 77' lang='grc' dir='ltr'>οἰκοῦντες,</span> <span class='ocrx_word' id='word_1_518' title='bbox 1072 5355 1133 5407; x_wconf 90' lang='grc' dir='ltr'>οὐ</span> <span class='ocrx_word' id='word_1_519' title='bbox 1168 5354 1326 5425; x_wconf 90' lang='grc' dir='ltr'>μόνον</span> <span class='ocrx_word' id='word_1_520' title='bbox 1376 5353 1510 5424; x_wconf 89' lang='grc' dir='ltr'>μετά</span> <span class='ocrx_word' id='word_1_521' title='bbox 1542 5352 1641 5421; x_wconf 80' lang='grc' dir='ltr'>τὴν</span> <span class='ocrx_word' id='word_1_522' title='bbox 1673 5349 1781 5402; x_wconf 90' lang='grc' dir='ltr'>τῶν</span> <span class='ocrx_word' id='word_1_523' title='bbox 1828 5365 1947 5401; x_wconf 68' lang='grc' dir='ltr'>κινι-</span> 
     </span>
    </p>
   </div>
   <div class='ocr_carea' id='block_1_64' title="bbox 274 5437 1950 5516">
    <p class='ocr_par' dir='ltr' id='par_1_64' title="bbox 274 5437 1950 5516">
     <span class='ocr_line' id='line_1_64' title="bbox 274 5437 1950 5516; baseline -0.006 -17"><span class='ocrx_word' id='word_1_524' title='bbox 274 5445 447 5499; x_wconf 89' lang='grc' dir='ltr'>δύνων</span> <span class='ocrx_word' id='word_1_525' title='bbox 486 5445 825 5516; x_wconf 82' lang='grc' dir='ltr'>ἀπαλλαγὴν,</span> <span class='ocrx_word' id='word_1_526' title='bbox 878 5445 1012 5498; x_wconf 88' lang='grc' dir='ltr'>ἀλλά</span> <span class='ocrx_word' id='word_1_527' title='bbox 1056 5444 1150 5497; x_wconf 78' lang='grc' dir='ltr'>καὶ</span> <span class='ocrx_word' id='word_1_528' title='bbox 1197 5445 1254 5496; x_wconf 84' lang='grc' dir='ltr'>ἐν</span> <span class='ocrx_word' id='word_1_529' title='bbox 1295 5442 1477 5505; x_wconf 88' lang='grc' dir='ltr'>αὐτοῖς</span> <span class='ocrx_word' id='word_1_530' title='bbox 1521 5443 1631 5503; x_wconf 90' lang='grc' dir='ltr'>τοῖς</span> <span class='ocrx_word' id='word_1_531' title='bbox 1682 5437 1950 5498; x_wconf 84' lang='grc' dir='ltr'>κινδύνοις</span> 
     </span>
    </p>
   </div>
   <div class='ocr_carea' id='block_1_65' title="bbox 276 5531 1950 5609">
    <p class='ocr_par' dir='ltr' id='par_1_65' title="bbox 276 5531 1950 5609">
     <span class='ocr_line' id='line_1_65' title="bbox 276 5531 1950 5609; baseline -0.006 -17"><span class='ocrx_word' id='word_1_532' title='bbox 276 5537 420 5609; x_wconf 84' lang='grc' dir='ltr'>μετά</span> <span class='ocrx_word' id='word_1_533' title='bbox 451 5537 695 5608; x_wconf 75' lang='grc' dir='ltr'>μείζονος</span> <span class='ocrx_word' id='word_1_534' title='bbox 723 5536 825 5607; x_wconf 90' lang='grc' dir='ltr'>τῆς</span> <span class='ocrx_word' id='word_1_535' title='bbox 857 5535 1165 5607; x_wconf 86' lang='grc' dir='ltr'>προθυμίας</span> <span class='ocrx_word' id='word_1_536' title='bbox 1209 5534 1270 5587; x_wconf 88' lang='grc' dir='ltr'>τὸ</span> <span class='ocrx_word' id='word_1_537' title='bbox 1298 5534 1397 5605; x_wconf 87' lang='grc' dir='ltr'>τῆς</span> <span class='ocrx_word' id='word_1_538' title='bbox 1442 5532 1699 5603; x_wconf 83' lang='grc' dir='ltr'>ἀληθείας</span> <span class='ocrx_word' id='word_1_539' title='bbox 1742 5531 1950 5601; x_wconf 91' lang='grc' dir='ltr'>κατήγ-</span> 
     </span>
    </p>
   </div>
   <div class='ocr_carea' id='block_1_66' title="bbox 338 5673 1946 5737">
    <p class='ocr_par' dir='ltr' id='par_1_66' title="bbox 338 5673 1946 5737">
     <span class='ocr_line' id='line_1_66' title="bbox 338 5673 1946 5737; baseline -0.002 -12"><span class='ocrx_word' id='word_1_540' title='bbox 338 5678 365 5707; x_wconf 82' lang='grc'><strong>⁸</strong></span> <span class='ocrx_word' id='word_1_541' title='bbox 388 5676 602 5725; x_wconf 80' lang='lat' dir='ltr'><strong>Savilius</strong></span> <span class='ocrx_word' id='word_1_542' title='bbox 626 5680 681 5725; x_wconf 81' lang='lat' dir='ltr'>et</span> <span class='ocrx_word' id='word_1_543' title='bbox 714 5676 798 5724; x_wconf 80' lang='lat' dir='ltr'><strong>alii</strong></span> <span class='ocrx_word' id='word_1_544' title='bbox 830 5674 1025 5737; x_wconf 82' lang='lat' dir='ltr'><strong>quidam</strong></span> <span class='ocrx_word' id='word_1_545' title='bbox 1051 5676 1249 5724; x_wconf 83' lang='lat' dir='ltr'>codices</span> <span class='ocrx_word' id='word_1_546' title='bbox 1273 5675 1378 5737; x_wconf 82' lang='grc' dir='ltr'>οὐχὶ</span> <span class='ocrx_word' id='word_1_547' title='bbox 1409 5677 1561 5737; x_wconf 77' lang='grc' dir='ltr'>μισῶν</span> <span class='ocrx_word' id='word_1_548' title='bbox 1582 5673 1767 5737; x_wconf 81' lang='grc' dir='ltr'>ἠφίει...</span> <span class='ocrx_word' id='word_1_549' title='bbox 1795 5674 1946 5722; x_wconf 84' lang='grc' dir='ltr'>δεινά·</span> 
     </span>
    </p>
   </div>
   <div class='ocr_carea' id='block_1_67' title="bbox 275 5735 1953 5817">
    <p class='ocr_par' dir='ltr' id='par_1_67' title="bbox 275 5735 1953 5817">
     <span class='ocr_line' id='line_1_67' title="bbox 275 5735 1953 5817; baseline -0.001 -32"><span class='ocrx_word' id='word_1_550' title='bbox 275 5738 380 5817; x_wconf 62' lang='grc' dir='ltr'>ἀλλ’</span> <span class='ocrx_word' id='word_1_551' title='bbox 411 5739 578 5817; x_wconf 41' lang='grc' dir='ltr'>,ἐπειδὴ</span> <span class='ocrx_word' id='word_1_552' title='bbox 616 5739 805 5817; x_wconf 45' lang='lat'>0033802:</span> <span class='ocrx_word' id='word_1_553' title='bbox 838 5735 1000 5813; x_wconf 67' lang='grc' dir='ltr'>ἐφίλει,</span> <span class='ocrx_word' id='word_1_554' title='bbox 1034 5735 1401 5801; x_wconf 75' lang='grc' dir='ltr'>λαμπροτέρους.</span> <span class='ocrx_word' id='word_1_555' title='bbox 1428 5735 1551 5785; x_wconf 79' lang='lat' dir='ltr'>Infra</span> <span class='ocrx_word' id='word_1_556' title='bbox 1574 5735 1763 5796; x_wconf 72' lang='lat' dir='ltr'><strong>aliquot</strong></span> <span class='ocrx_word' id='word_1_557' title='bbox 1786 5749 1953 5784; x_wconf 86' lang='lat' dir='ltr'><strong>manu-</strong></span> 
     </span>
    </p>
   </div>
   <div class='ocr_carea' id='block_1_68' title="bbox 276 5800 1073 5922">
    <p class='ocr_par' dir='ltr' id='par_1_68' title="bbox 276 5800 1073 5922">
     <span class='ocr_line' id='line_1_68' title="bbox 276 5800 1073 5862; baseline -0.004 -14"><span class='ocrx_word' id='word_1_558' title='bbox 276 5800 445 5860; x_wconf 70' lang='lat' dir='ltr'><strong>srripli</strong></span> <span class='ocrx_word' id='word_1_559' title='bbox 469 5800 631 5862; x_wconf 84' lang='grc' dir='ltr'>ὥσπερ</span> <span class='ocrx_word' id='word_1_560' title='bbox 651 5800 732 5847; x_wconf 79' lang='grc' dir='ltr'>οὖν</span> <span class='ocrx_word' id='word_1_561' title='bbox 758 5800 1073 5862; x_wconf 81' lang='grc' dir='ltr'>βλασφημίας.</span> 
     </span>
     <span class='ocr_line' id='line_1_69' title="bbox 338 5860 805 5922; baseline -0.002 -14"><span class='ocrx_word' id='word_1_562' title='bbox 338 5862 364 5900; x_wconf 75' lang='lat' dir='ltr'><strong>h</strong></span> <span class='ocrx_word' id='word_1_563' title='bbox 397 5862 488 5909; x_wconf 68' lang='lat' dir='ltr'><strong>Alii</strong></span> <span class='ocrx_word' id='word_1_564' title='bbox 514 5860 805 5922; x_wconf 73' lang='grc' dir='ltr'>πεισόμενοι.</span> 
     </span>
    </p>
   </div>
   <div class='ocr_carea' id='block_1_69' title="bbox 314 5919 1953 5997">
    <p class='ocr_par' dir='ltr' id='par_1_69' title="bbox 314 5919 1953 5997">
     <span class='ocr_line' id='line_1_70' title="bbox 314 5919 1953 5997; baseline -0.004 -26"><span class='ocrx_word' id='word_1_565' title='bbox 314 5927 366 5997; x_wconf 49' lang='grc'>,⁸³</span> <span class='ocrx_word' id='word_1_566' title='bbox 388 5923 523 5995; x_wconf 58' lang='lat' dir='ltr'><strong>Urius</strong></span> <span class='ocrx_word' id='word_1_567' title='bbox 571 5919 723 5971; x_wconf 76' lang='lat' dir='ltr'>habet</span> <span class='ocrx_word' id='word_1_568' title='bbox 768 5922 869 5977; x_wconf 78' lang='grc' dir='ltr'>ταῖς</span> <span class='ocrx_word' id='word_1_569' title='bbox 909 5923 1001 5970; x_wconf 81' lang='grc' dir='ltr'>τῶν</span> <span class='ocrx_word' id='word_1_570' title='bbox 1042 5924 1253 5985; x_wconf 81' lang='grc' dir='ltr'>φοϐερῶν</span> <span class='ocrx_word' id='word_1_571' title='bbox 1300 5920 1635 5984; x_wconf 80' lang='grc' dir='ltr'>προσδοκίαις,</span> <span class='ocrx_word' id='word_1_572' title='bbox 1675 5919 1801 5969; x_wconf 75' lang='lat' dir='ltr'>alter</span> <span class='ocrx_word' id='word_1_573' title='bbox 1852 5920 1953 5973; x_wconf 76' lang='grc' dir='ltr'>ταῖς</span> 
     </span>
    </p>
   </div>
   <div class='ocr_carea' id='block_1_70' title="bbox 278 6002 568 6035">
    <p class='ocr_par' dir='ltr' id='par_1_70' title="bbox 278 6002 568 6035">
     <span class='ocr_line' id='line_1_71' title="bbox 278 6002 568 6035; baseline 0.007 -5"><span class='ocrx_word' id='word_1_574' title='bbox 278 6002 375 6035; x_wconf 62' lang='grc' dir='ltr'>τέλη</span> <span class='ocrx_word' id='word_1_575' title='bbox 400 6002 568 6035; x_wconf 69' lang='grc' dir='ltr'>φονων.</span> 
     </span>
    </p>
   </div>
   <div class='ocr_carea' id='block_1_71' title="bbox 336 6000 1851 6110">
    <p class='ocr_par' dir='ltr' id='par_1_71' title="bbox 336 6000 1851 6110">
     <span class='ocr_line' id='line_1_72' title="bbox 336 6001 568 6033; baseline -0.004 0"><span class='ocrx_word' id='word_1_576' title='bbox 336 6002 375 6033; x_wconf 79' lang='lat' dir='ltr'><strong><em>w</em></strong></span> <span class='ocrx_word' id='word_1_577' title='bbox 483 6001 568 6032; x_wconf 85' lang='grc' dir='ltr'>ων.</span> 
     </span>
     <span class='ocr_line' id='line_1_73' title="bbox 336 6000 1851 6110; baseline -0.001 -17"><span class='ocrx_word' id='word_1_578' title='bbox 336 6048 369 6093; x_wconf 70' lang='grc' dir='ltr'><strong><em>Δ</em></strong></span> <span class='ocrx_word' id='word_1_579' title='bbox 400 6000 536 6096; x_wconf 54' lang='lat' dir='ltr'>mus</span> <span class='ocrx_word' id='word_1_580' title='bbox 556 6046 756 6110; x_wconf 73' lang='grc' dir='ltr'>γίνηται,</span> <span class='ocrx_word' id='word_1_581' title='bbox 785 6047 846 6108; x_wconf 79' lang='grc' dir='ltr'>μή</span> <span class='ocrx_word' id='word_1_582' title='bbox 872 6047 927 6104; x_wconf 74' lang='grc' dir='ltr'>δὴ</span> <span class='ocrx_word' id='word_1_583' title='bbox 958 6046 1246 6109; x_wconf 79' lang='grc' dir='ltr'>καταπέσῃς,</span> <span class='ocrx_word' id='word_1_584' title='bbox 1274 6046 1400 6095; x_wconf 84' lang='lat' dir='ltr'><strong>alius</strong></span> <span class='ocrx_word' id='word_1_585' title='bbox 1421 6046 1628 6106; x_wconf 72' lang='grc' dir='ltr'>γένηται,</span> <span class='ocrx_word' id='word_1_586' title='bbox 1654 6043 1718 6103; x_wconf 66' lang='grc' dir='ltr'>μὴ</span> <span class='ocrx_word' id='word_1_587' title='bbox 1743 6060 1851 6093; x_wconf 81' lang='grc' dir='ltr'>κατ.</span> 
     </span>
    </p>
   </div>
   <div class='ocr_carea' id='block_1_72' title="bbox 2024 1033 3695 1106">
    <p class='ocr_par' dir='ltr' id='par_1_72' title="bbox 2024 1033 3695 1106">
     <span class='ocr_line' id='line_1_74' title="bbox 2024 1033 3695 1106; baseline -0.001 -20"><span class='ocrx_word' id='word_1_588' title='bbox 2024 1033 2204 1104; x_wconf 89' lang='grc' dir='ltr'>ριάκις</span> <span class='ocrx_word' id='word_1_589' title='bbox 2229 1033 2345 1106; x_wconf 85' lang='grc' dir='ltr'>ἴδῃς</span> <span class='ocrx_word' id='word_1_590' title='bbox 2368 1034 2732 1088; x_wconf 86' lang='grc' dir='ltr'>διακόπτοντά</span> <span class='ocrx_word' id='word_1_591' title='bbox 2760 1051 2819 1087; x_wconf 91' lang='grc' dir='ltr'>σε</span> <span class='ocrx_word' id='word_1_592' title='bbox 2840 1033 2931 1087; x_wconf 87' lang='grc' dir='ltr'>τόν</span> <span class='ocrx_word' id='word_1_593' title='bbox 2955 1033 3223 1097; x_wconf 86' lang='grc' dir='ltr'>διάϐολον,</span> <span class='ocrx_word' id='word_1_594' title='bbox 3251 1033 3519 1104; x_wconf 89' lang='grc' dir='ltr'>μηδέποτε</span> <span class='ocrx_word' id='word_1_595' title='bbox 3562 1034 3695 1086; x_wconf 85' lang='grc' dir='ltr'>ἀπο-</span> 
     </span>
    </p>
   </div>
   <div class='ocr_carea' id='block_1_73' title="bbox 2024 1121 3695 1195">
    <p class='ocr_par' dir='ltr' id='par_1_73' title="bbox 2024 1121 3695 1195">
     <span class='ocr_line' id='line_1_75' title="bbox 2024 1121 3695 1195; baseline -0.001 -20"><span class='ocrx_word' id='word_1_596' title='bbox 2024 1125 2174 1193; x_wconf 81' lang='grc' dir='ltr'>στῇς.</span> <span class='ocrx_word' id='word_1_597' title='bbox 2222 1124 2293 1176; x_wconf 79' lang='grc' dir='ltr'>Σὺ</span> <span class='ocrx_word' id='word_1_598' title='bbox 2334 1123 2431 1194; x_wconf 81' lang='grc' dir='ltr'>μὲν</span> <span class='ocrx_word' id='word_1_599' title='bbox 2474 1123 2583 1195; x_wconf 86' lang='grc' dir='ltr'>γὰρ</span> <span class='ocrx_word' id='word_1_600' title='bbox 2600 1125 2854 1195; x_wconf 87' lang='grc' dir='ltr'>χρήματα</span> <span class='ocrx_word' id='word_1_601' title='bbox 2892 1122 3243 1195; x_wconf 78' lang='grc' dir='ltr'>διακομίζων,</span> <span class='ocrx_word' id='word_1_602' title='bbox 3285 1122 3415 1185; x_wconf 78' lang='grc' dir='ltr'>ἴσως</span> <span class='ocrx_word' id='word_1_603' title='bbox 3452 1121 3695 1192; x_wconf 83' lang='grc' dir='ltr'>ναυαγίῳ</span> 
     </span>
    </p>
   </div>
   <div class='ocr_carea' id='block_1_74' title="bbox 2023 1211 3697 1286">
    <p class='ocr_par' dir='ltr' id='par_1_74' title="bbox 2023 1211 3697 1286">
     <span class='ocr_line' id='line_1_76' title="bbox 2023 1211 3697 1286; baseline 0 -19"><span class='ocrx_word' id='word_1_604' title='bbox 2023 1214 2386 1286; x_wconf 82' lang='grc' dir='ltr'>περιέπεσες·</span> <span class='ocrx_word' id='word_1_605' title='bbox 2420 1218 2448 1270; x_wconf 96' lang='lat'>6</span> <span class='ocrx_word' id='word_1_606' title='bbox 2475 1215 2531 1269; x_wconf 90' lang='grc' dir='ltr'>δέ</span> <span class='ocrx_word' id='word_1_607' title='bbox 2570 1215 2800 1280; x_wconf 83' lang='grc' dir='ltr'>Παῦλος,</span> <span class='ocrx_word' id='word_1_608' title='bbox 2838 1215 2866 1269; x_wconf 87' lang='grc' dir='ltr'>δ</span> <span class='ocrx_word' id='word_1_609' title='bbox 2918 1214 3135 1269; x_wconf 85' lang='grc' dir='ltr'>πάντων</span> <span class='ocrx_word' id='word_1_610' title='bbox 3165 1212 3464 1285; x_wconf 85' lang='grc' dir='ltr'>χρημάτων</span> <span class='ocrx_word' id='word_1_611' title='bbox 3502 1211 3697 1284; x_wconf 52' lang='grc' dir='ltr'>τιμιώέ</span> 
     </span>
    </p>
   </div>
   <div class='ocr_carea' id='block_1_75' title="bbox 2023 1298 3694 1374">
    <p class='ocr_par' dir='ltr' id='par_1_75' title="bbox 2023 1298 3694 1374">
     <span class='ocr_line' id='line_1_77' title="bbox 2023 1298 3694 1374; baseline -0.001 -21"><span class='ocrx_word' id='word_1_612' title='bbox 2023 1319 2181 1373; x_wconf 90' lang='grc' dir='ltr'>τερον</span> <span class='ocrx_word' id='word_1_613' title='bbox 2201 1298 2290 1374; x_wconf 79' lang='grc' dir='ltr'>ἦν,</span> <span class='ocrx_word' id='word_1_614' title='bbox 2314 1303 2408 1357; x_wconf 85' lang='grc' dir='ltr'>τὸν</span> <span class='ocrx_word' id='word_1_615' title='bbox 2429 1304 2585 1373; x_wconf 88' lang='grc' dir='ltr'>λόγον</span> <span class='ocrx_word' id='word_1_616' title='bbox 2614 1302 2896 1374; x_wconf 76' lang='grc' dir='ltr'>βαστάζων</span> <span class='ocrx_word' id='word_1_617' title='bbox 2916 1305 2995 1367; x_wconf 88' lang='grc' dir='ltr'>εἰς</span> <span class='ocrx_word' id='word_1_618' title='bbox 3017 1303 3116 1374; x_wconf 84' lang='grc' dir='ltr'>τὴν</span> <span class='ocrx_word' id='word_1_619' title='bbox 3146 1301 3363 1373; x_wconf 85' lang='grc' dir='ltr'>Ῥώμην</span> <span class='ocrx_word' id='word_1_620' title='bbox 3389 1302 3572 1371; x_wconf 79' lang='grc' dir='ltr'>ἀπῄει,</span> <span class='ocrx_word' id='word_1_621' title='bbox 3600 1300 3694 1351; x_wconf 64' lang='grc' dir='ltr'>καὶ</span> 
     </span>
    </p>
   </div>
   <div class='ocr_carea' id='block_1_76' title="bbox 2025 1386 3697 1465">
    <p class='ocr_par' dir='ltr' id='par_1_76' title="bbox 2025 1386 3697 1465">
     <span class='ocr_line' id='line_1_78' title="bbox 2025 1386 3697 1465; baseline -0.004 -21"><span class='ocrx_word' id='word_1_622' title='bbox 2025 1392 2265 1461; x_wconf 80' lang='grc' dir='ltr'>ναυαγίῳ</span> <span class='ocrx_word' id='word_1_623' title='bbox 2289 1392 2605 1465; x_wconf 89' lang='grc' dir='ltr'>περιέπεσε,</span> <span class='ocrx_word' id='word_1_624' title='bbox 2644 1391 2737 1445; x_wconf 67' lang='grc' dir='ltr'>κα)⁹</span> <span class='ocrx_word' id='word_1_625' title='bbox 2770 1392 2937 1463; x_wconf 88' lang='grc' dir='ltr'>μυρία</span> <span class='ocrx_word' id='word_1_626' title='bbox 2964 1390 3171 1461; x_wconf 39' lang='grc' dir='ltr'>ὐπέιστη</span> <span class='ocrx_word' id='word_1_627' title='bbox 3200 1389 3366 1442; x_wconf 91' lang='grc' dir='ltr'>δεινά.</span> <span class='ocrx_word' id='word_1_628' title='bbox 3398 1389 3508 1441; x_wconf 71' lang='grc' dir='ltr'>Καὶ</span> <span class='ocrx_word' id='word_1_629' title='bbox 3538 1386 3697 1439; x_wconf 88' lang='grc' dir='ltr'>τοῦτο</span> 
     </span>
    </p>
   </div>
   <div class='ocr_carea' id='block_1_77' title="bbox 2024 1475 3697 1549">
    <p class='ocr_par' dir='ltr' id='par_1_77' title="bbox 2024 1475 3697 1549">
     <span class='ocr_line' id='line_1_79' title="bbox 2024 1475 3697 1549; baseline -0.002 -18"><span class='ocrx_word' id='word_1_630' title='bbox 2024 1480 2187 1543; x_wconf 81' lang='grc' dir='ltr'>αὐτὸς</span> <span class='ocrx_word' id='word_1_631' title='bbox 2217 1480 2481 1549; x_wconf 88' lang='grc' dir='ltr'>ἐδήλωσεν</span> <span class='ocrx_word' id='word_1_632' title='bbox 2508 1478 2699 1543; x_wconf 81' lang='grc' dir='ltr'>εἰπὼν,</span> <span class='ocrx_word' id='word_1_633' title='bbox 2728 1480 2809 1533; x_wconf 86' lang='grc' dir='ltr'>ὅτι</span> <span class='ocrx_word' id='word_1_634' title='bbox 2834 1477 3141 1543; x_wconf 75' lang='grc' dir='ltr'>Πολλάκις</span> <span class='ocrx_word' id='word_1_635' title='bbox 3180 1476 3568 1545; x_wconf 77' lang='grc' dir='ltr'>ἠθελήσαμεν</span> <span class='ocrx_word' id='word_1_636' title='bbox 3596 1475 3697 1528; x_wconf 80' lang='grc' dir='ltr'>ἐλ-</span> 
     </span>
    </p>
   </div>
   <div class='ocr_carea' id='block_1_78' title="bbox 2027 1562 3698 1638">
    <p class='ocr_par' dir='ltr' id='par_1_78' title="bbox 2027 1562 3698 1638">
     <span class='ocr_line' id='line_1_80' title="bbox 2027 1562 3698 1638; baseline -0.004 -16"><span class='ocrx_word' id='word_1_637' title='bbox 2027 1567 2153 1622; x_wconf 84' lang='grc' dir='ltr'>θεῖν</span> <span class='ocrx_word' id='word_1_638' title='bbox 2171 1568 2320 1636; x_wconf 75' lang='grc' dir='ltr'>πρός</span> <span class='ocrx_word' id='word_1_639' title='bbox 2348 1567 2527 1638; x_wconf 81' lang='grc' dir='ltr'>ὑμᾶς,</span> <span class='ocrx_word' id='word_1_640' title='bbox 2564 1568 2663 1623; x_wconf 78' lang='grc' dir='ltr'>καὶ</span> <span class='ocrx_word' id='word_1_641' title='bbox 2684 1567 2980 1635; x_wconf 74' lang='grc' dir='ltr'>ἐνέκοψεν</span> <span class='ocrx_word' id='word_1_642' title='bbox 3002 1565 3158 1636; x_wconf 77' lang='grc' dir='ltr'>ἡμᾶς</span> <span class='ocrx_word' id='word_1_643' title='bbox 3193 1568 3225 1619; x_wconf 87' lang='grc' dir='ltr'><em>ὀ</em></span> <span class='ocrx_word' id='word_1_644' title='bbox 3269 1562 3558 1630; x_wconf 83' lang='grc' dir='ltr'>Σατανᾶς.</span> <span class='ocrx_word' id='word_1_645' title='bbox 3585 1562 3698 1616; x_wconf 76' lang='lat' dir='ltr'>Kal</span> 
     </span>
    </p>
   </div>
   <div class='ocr_carea' id='block_1_79' title="bbox 2025 1640 3699 1729">
    <p class='ocr_par' dir='ltr' id='par_1_79' title="bbox 2025 1640 3699 1729">
     <span class='ocr_line' id='line_1_81' title="bbox 2025 1640 3699 1729; baseline -0.003 -20"><span class='ocrx_word' id='word_1_646' title='bbox 2025 1658 2054 1708; x_wconf 90' lang='lat'>6</span> <span class='ocrx_word' id='word_1_647' title='bbox 2081 1656 2213 1719; x_wconf 80' lang='grc' dir='ltr'>Θεὸς</span> <span class='ocrx_word' id='word_1_648' title='bbox 2241 1656 2640 1729; x_wconf 84' lang='grc' dir='ltr'>συνεχώρησεν,</span> <span class='ocrx_word' id='word_1_649' title='bbox 2671 1658 2737 1709; x_wconf 86' lang='grc' dir='ltr'>ἐκ</span> <span class='ocrx_word' id='word_1_650' title='bbox 2772 1655 3087 1727; x_wconf 87' lang='grc' dir='ltr'>περιουσίας</span> <span class='ocrx_word' id='word_1_651' title='bbox 3118 1655 3216 1724; x_wconf 80' lang='grc' dir='ltr'>τὴν</span> <span class='ocrx_word' id='word_1_652' title='bbox 3252 1654 3442 1707; x_wconf 87' lang='grc' dir='ltr'>ἐαυτοῦ</span> <span class='ocrx_word' id='word_1_653' title='bbox 3472 1640 3699 1721; x_wconf 86' lang='grc' dir='ltr'>δύναμιν</span> 
     </span>
    </p>
   </div>
   <div class='ocr_carea' id='block_1_80' title="bbox 2026 1740 3697 1814">
    <p class='ocr_par' dir='ltr' id='par_1_80' title="bbox 2026 1740 3697 1814">
     <span class='ocr_line' id='line_1_82' title="bbox 2026 1740 3697 1814; baseline -0.002 -19"><span class='ocrx_word' id='word_1_654' title='bbox 2026 1742 2223 1813; x_wconf 86' lang='grc' dir='ltr'>δηλῶν,</span> <span class='ocrx_word' id='word_1_655' title='bbox 2250 1745 2341 1796; x_wconf 75' lang='grc' dir='ltr'>καὶ</span> <span class='ocrx_word' id='word_1_656' title='bbox 2367 1744 2581 1808; x_wconf 75' lang='grc' dir='ltr'>δεικνὺς</span> <span class='ocrx_word' id='word_1_657' title='bbox 2603 1744 2684 1796; x_wconf 84' lang='grc' dir='ltr'>ὅτι</span> <span class='ocrx_word' id='word_1_658' title='bbox 2711 1744 2803 1797; x_wconf 74' lang='grc' dir='ltr'>καὶ</span> <span class='ocrx_word' id='word_1_659' title='bbox 2827 1742 2993 1814; x_wconf 90' lang='grc' dir='ltr'>μυρία</span> <span class='ocrx_word' id='word_1_660' title='bbox 3019 1742 3299 1805; x_wconf 89' lang='grc' dir='ltr'>ποιοῦντος</span> <span class='ocrx_word' id='word_1_661' title='bbox 3329 1741 3420 1795; x_wconf 89' lang='grc' dir='ltr'>τοῦ</span> <span class='ocrx_word' id='word_1_662' title='bbox 3451 1740 3697 1797; x_wconf 80' lang='grc' dir='ltr'>διαϐόλου</span> 
     </span>
    </p>
   </div>
   <div class='ocr_carea' id='block_1_81' title="bbox 2030 1827 3703 1903">
    <p class='ocr_par' dir='ltr' id='par_1_81' title="bbox 2030 1827 3703 1903">
     <span class='ocr_line' id='line_1_83' title="bbox 2030 1827 3703 1903; baseline -0.002 -20"><span class='ocrx_word' id='word_1_663' title='bbox 2030 1832 2122 1883; x_wconf 78' lang='grc' dir='ltr'>καὶ</span> <span class='ocrx_word' id='word_1_664' title='bbox 2168 1830 2487 1894; x_wconf 88' lang='grc' dir='ltr'>κωλύοντος,</span> <span class='ocrx_word' id='word_1_665' title='bbox 2533 1831 2683 1884; x_wconf 85' lang='grc' dir='ltr'>οὐδὲν</span> <span class='ocrx_word' id='word_1_666' title='bbox 2726 1830 2897 1903; x_wconf 82' lang='grc' dir='ltr'>ταύτῃ</span> <span class='ocrx_word' id='word_1_667' title='bbox 2936 1829 3004 1883; x_wconf 90' lang='grc' dir='ltr'>τά</span> <span class='ocrx_word' id='word_1_668' title='bbox 3038 1829 3129 1883; x_wconf 70' lang='grc' dir='ltr'>τοῦ</span> <span class='ocrx_word' id='word_1_669' title='bbox 3162 1828 3515 1899; x_wconf 84' lang='grc' dir='ltr'>κηρύγματος</span> <span class='ocrx_word' id='word_1_670' title='bbox 3538 1827 3703 1898; x_wconf 74' lang='grc' dir='ltr'>ἠλατ-</span> 
     </span>
    </p>
   </div>
   <div class='ocr_carea' id='block_1_82' title="bbox 2027 1915 3701 1980">
    <p class='ocr_par' dir='ltr' id='par_1_82' title="bbox 2027 1915 3701 1980">
     <span class='ocr_line' id='line_1_84' title="bbox 2027 1915 3701 1980; baseline -0.002 -11"><span class='ocrx_word' id='word_1_671' title='bbox 2027 1916 2187 1970; x_wconf 91' lang='grc' dir='ltr'>τοῦτο</span> <span class='ocrx_word' id='word_1_672' title='bbox 2232 1918 2245 1955; x_wconf 82' lang='grc' dir='ltr'>ί</span> <span class='ocrx_word' id='word_1_673' title='bbox 2306 1920 2400 1971; x_wconf 76' lang='grc' dir='ltr'>καὶ</span> <span class='ocrx_word' id='word_1_674' title='bbox 2429 1918 2762 1972; x_wconf 86' lang='grc' dir='ltr'>διεκόπτετο.</span> <span class='ocrx_word' id='word_1_675' title='bbox 2797 1918 2894 1971; x_wconf 91' lang='grc' dir='ltr'>Διά</span> <span class='ocrx_word' id='word_1_676' title='bbox 2928 1918 3086 1972; x_wconf 90' lang='grc' dir='ltr'>τοῦτο</span> <span class='ocrx_word' id='word_1_677' title='bbox 3119 1918 3175 1970; x_wconf 83' lang='grc' dir='ltr'>ἐν</span> <span class='ocrx_word' id='word_1_678' title='bbox 3207 1917 3410 1971; x_wconf 78' lang='grc' dir='ltr'>άπασιν</span> <span class='ocrx_word' id='word_1_679' title='bbox 3437 1918 3465 1969; x_wconf 89' lang='lat'>6</span> <span class='ocrx_word' id='word_1_680' title='bbox 3492 1915 3701 1980; x_wconf 86' lang='grc' dir='ltr'>Παῦλος</span> 
     </span>
    </p>
   </div>
   <div class='ocr_carea' id='block_1_83' title="bbox 2030 2003 3703 2077">
    <p class='ocr_par' dir='ltr' id='par_1_83' title="bbox 2030 2003 3703 2077">
     <span class='ocr_line' id='line_1_85' title="bbox 2030 2003 3703 2077; baseline 0 -20"><span class='ocrx_word' id='word_1_681' title='bbox 2030 2005 2349 2075; x_wconf 89' lang='grc' dir='ltr'>ηύχαρίστει</span> <span class='ocrx_word' id='word_1_682' title='bbox 2379 2005 2459 2077; x_wconf 82' lang='grc' dir='ltr'>τῷ</span> <span class='ocrx_word' id='word_1_683' title='bbox 2492 2006 2630 2076; x_wconf 83' lang='grc' dir='ltr'>Θεῷ,</span> <span class='ocrx_word' id='word_1_684' title='bbox 2671 2006 2826 2071; x_wconf 74' lang='grc' dir='ltr'>εἰδὼς</span> <span class='ocrx_word' id='word_1_685' title='bbox 2855 2008 2936 2060; x_wconf 86' lang='grc' dir='ltr'>ὅτι</span> <span class='ocrx_word' id='word_1_686' title='bbox 2976 2005 3403 2077; x_wconf 86' lang='grc' dir='ltr'>εὐδοκιμώτερον</span> <span class='ocrx_word' id='word_1_687' title='bbox 3430 2004 3589 2057; x_wconf 86' lang='grc' dir='ltr'>αὐτὸν</span> <span class='ocrx_word' id='word_1_688' title='bbox 3613 2003 3703 2057; x_wconf 76' lang='grc' dir='ltr'>διὰ</span> 
     </span>
    </p>
   </div>
   <div class='ocr_carea' id='block_1_84' title="bbox 2030 2089 3704 2166">
    <p class='ocr_par' dir='ltr' id='par_1_84' title="bbox 2030 2089 3704 2166">
     <span class='ocr_line' id='line_1_86' title="bbox 2030 2089 3704 2166; baseline 0 -23"><span class='ocrx_word' id='word_1_689' title='bbox 2030 2091 2233 2147; x_wconf 91' lang='grc' dir='ltr'>τούτων</span> <span class='ocrx_word' id='word_1_690' title='bbox 2260 2092 2566 2165; x_wconf 77' lang='grc' dir='ltr'>εἰργάζετο,</span> <span class='ocrx_word' id='word_1_691' title='bbox 2600 2096 2694 2149; x_wconf 81' lang='grc' dir='ltr'>καὶ</span> <span class='ocrx_word' id='word_1_692' title='bbox 2719 2095 2817 2166; x_wconf 90' lang='grc' dir='ltr'>τῆς</span> <span class='ocrx_word' id='word_1_693' title='bbox 2849 2094 3155 2165; x_wconf 89' lang='grc' dir='ltr'>προθυμίας</span> <span class='ocrx_word' id='word_1_694' title='bbox 3186 2092 3352 2146; x_wconf 86' lang='grc' dir='ltr'>αὐτοῦ</span> <span class='ocrx_word' id='word_1_695' title='bbox 3388 2091 3448 2143; x_wconf 92' lang='grc' dir='ltr'>τὸ</span> <span class='ocrx_word' id='word_1_696' title='bbox 3476 2089 3704 2162; x_wconf 85' lang='grc' dir='ltr'>σφοδρὸν</span> 
     </span>
    </p>
   </div>
   <div class='ocr_carea' id='block_1_85' title="bbox 2030 2179 3704 2251">
    <p class='ocr_par' dir='ltr' id='par_1_85' title="bbox 2030 2179 3704 2251">
     <span class='ocr_line' id='line_1_87' title="bbox 2030 2179 3704 2251; baseline 0 -20"><span class='ocrx_word' id='word_1_697' title='bbox 2030 2179 2089 2232; x_wconf 84' lang='grc' dir='ltr'>ἐν</span> <span class='ocrx_word' id='word_1_698' title='bbox 2114 2180 2314 2235; x_wconf 77' lang='grc' dir='ltr'>ἅπασιν</span> <span class='ocrx_word' id='word_1_699' title='bbox 2338 2183 2634 2249; x_wconf 89' lang='grc' dir='ltr'>ἐδείκνυεν,</span> <span class='ocrx_word' id='word_1_700' title='bbox 2654 2184 2829 2237; x_wconf 80' lang='grc' dir='ltr'>οὐδενὶ</span> <span class='ocrx_word' id='word_1_701' title='bbox 2866 2182 3070 2236; x_wconf 88' lang='grc' dir='ltr'>τούτων</span> <span class='ocrx_word' id='word_1_702' title='bbox 3102 2181 3209 2235; x_wconf 90' lang='grc' dir='ltr'>τῶν</span> <span class='ocrx_word' id='word_1_703' title='bbox 3240 2180 3577 2251; x_wconf 89' lang='grc' dir='ltr'>κωλυμάτων</span> <span class='ocrx_word' id='word_1_704' title='bbox 3608 2181 3704 2245; x_wconf 80' lang='grc' dir='ltr'>ἐγ-</span> 
     </span>
    </p>
   </div>
   <div class='ocr_carea' id='block_1_86' title="bbox 2032 2266 3705 2341">
    <p class='ocr_par' dir='ltr' id='par_1_86' title="bbox 2032 2266 3705 2341">
     <span class='ocr_line' id='line_1_88' title="bbox 2032 2266 3705 2341; baseline 0 -21"><span class='ocrx_word' id='word_1_705' title='bbox 2032 2270 2383 2341; x_wconf 80' lang='grc' dir='ltr'>κοπτόμενος.</span> <span class='ocrx_word' id='word_1_706' title='bbox 2434 2272 2655 2336; x_wconf 88' lang='grc' dir='ltr'>Ὁσάκις</span> <span class='ocrx_word' id='word_1_707' title='bbox 2703 2266 2796 2325; x_wconf 80' lang='grc' dir='ltr'>οῦν</span> <span class='ocrx_word' id='word_1_708' title='bbox 2850 2272 2916 2326; x_wconf 81' lang='grc' dir='ltr'>ἂν</span> <span class='ocrx_word' id='word_1_709' title='bbox 2961 2270 3345 2341; x_wconf 87' lang='grc' dir='ltr'>ἀποτύχωμεν,</span> <span class='ocrx_word' id='word_1_710' title='bbox 3381 2268 3705 2331; x_wconf 85' lang='grc' dir='ltr'>τοσαυτάκις</span> 
     </span>
    </p>
   </div>
   <div class='ocr_carea' id='block_1_87' title="bbox 2034 2356 3704 2431">
    <p class='ocr_par' dir='ltr' id='par_1_87' title="bbox 2034 2356 3704 2431">
     <span class='ocr_line' id='line_1_89' title="bbox 2034 2356 3704 2431; baseline 0.001 -23"><span class='ocrx_word' id='word_1_711' title='bbox 2034 2356 2333 2429; x_wconf 85' lang='grc' dir='ltr'>ἁπτώμεθα</span> <span class='ocrx_word' id='word_1_712' title='bbox 2371 2360 2479 2414; x_wconf 91' lang='grc' dir='ltr'>τῶν</span> <span class='ocrx_word' id='word_1_713' title='bbox 2515 2361 2901 2431; x_wconf 89' lang='grc' dir='ltr'>πνευματικῶν</span> <span class='ocrx_word' id='word_1_714' title='bbox 2943 2358 3140 2430; x_wconf 80' lang='grc' dir='ltr'>ἔργων,</span> <span class='ocrx_word' id='word_1_715' title='bbox 3191 2359 3285 2412; x_wconf 70' lang='grc' dir='ltr'>καὶ</span> <span class='ocrx_word' id='word_1_716' title='bbox 3326 2358 3400 2428; x_wconf 86' lang='grc' dir='ltr'>μὴ</span> <span class='ocrx_word' id='word_1_717' title='bbox 3430 2356 3704 2426; x_wconf 87' lang='grc' dir='ltr'>λέγωμεν,</span> 
     </span>
    </p>
   </div>
   <div class='ocr_carea' id='block_1_88' title="bbox 2031 2443 3709 2520">
    <p class='ocr_par' dir='ltr' id='par_1_88' title="bbox 2031 2443 3709 2520">
     <span class='ocr_line' id='line_1_90' title="bbox 2031 2443 3709 2520; baseline 0.001 -25"><span class='ocrx_word' id='word_1_718' title='bbox 2031 2443 2176 2509; x_wconf 91' lang='grc' dir='ltr'>τίνος</span> <span class='ocrx_word' id='word_1_719' title='bbox 2219 2446 2405 2501; x_wconf 72' lang='grc' dir='ltr'>ἕνεκεν</span> <span class='ocrx_word' id='word_1_720' title='bbox 2459 2448 2837 2520; x_wconf 90' lang='grc' dir='ltr'>συνεχώρησεν</span> <span class='ocrx_word' id='word_1_721' title='bbox 2887 2448 2915 2500; x_wconf 90' lang='lat'>6</span> <span class='ocrx_word' id='word_1_722' title='bbox 2961 2446 3094 2511; x_wconf 91' lang='grc' dir='ltr'>Θεὸς</span> <span class='ocrx_word' id='word_1_723' title='bbox 3127 2446 3193 2501; x_wconf 82' lang='grc' dir='ltr'>τὰ</span> <span class='ocrx_word' id='word_1_724' title='bbox 3242 2446 3574 2516; x_wconf 85' lang='grc' dir='ltr'>κωλύματα;</span> <span class='ocrx_word' id='word_1_725' title='bbox 3620 2444 3709 2497; x_wconf 81' lang='grc' dir='ltr'>διὰ</span> 
     </span>
    </p>
   </div>
   <div class='ocr_carea' id='block_1_89' title="bbox 2032 2532 3710 2608">
    <p class='ocr_par' dir='ltr' id='par_1_89' title="bbox 2032 2532 3710 2608">
     <span class='ocr_line' id='line_1_91' title="bbox 2032 2532 3710 2608; baseline 0.001 -24"><span class='ocrx_word' id='word_1_726' title='bbox 2032 2532 2191 2586; x_wconf 90' lang='grc' dir='ltr'>τοῦτο</span> <span class='ocrx_word' id='word_1_727' title='bbox 2235 2534 2344 2605; x_wconf 87' lang='grc' dir='ltr'>γάρ</span> <span class='ocrx_word' id='word_1_728' title='bbox 2389 2536 2785 2608; x_wconf 88' lang='grc' dir='ltr'>συνεχώρησεν,</span> <span class='ocrx_word' id='word_1_729' title='bbox 2832 2536 2920 2590; x_wconf 81' lang='grc' dir='ltr'>ἵνα</span> <span class='ocrx_word' id='word_1_730' title='bbox 2960 2553 3054 2591; x_wconf 92' lang='grc' dir='ltr'>σου</span> <span class='ocrx_word' id='word_1_731' title='bbox 3087 2536 3186 2606; x_wconf 81' lang='grc' dir='ltr'>τὴν</span> <span class='ocrx_word' id='word_1_732' title='bbox 3234 2533 3546 2606; x_wconf 89' lang='grc' dir='ltr'>προθυμίαν</span> <span class='ocrx_word' id='word_1_733' title='bbox 3596 2535 3710 2596; x_wconf 89' lang='grc' dir='ltr'>τοῖς</span> 
     </span>
    </p>
   </div>
   <div class='ocr_carea' id='block_1_90' title="bbox 2036 2620 3709 2695">
    <p class='ocr_par' dir='ltr' id='par_1_90' title="bbox 2036 2620 3709 2695">
     <span class='ocr_line' id='line_1_92' title="bbox 2036 2620 3709 2695; baseline 0.001 -22"><span class='ocrx_word' id='word_1_734' title='bbox 2036 2620 2248 2687; x_wconf 84' lang='grc' dir='ltr'>πολλοῖς</span> <span class='ocrx_word' id='word_1_735' title='bbox 2279 2623 2427 2695; x_wconf 78' lang='grc' dir='ltr'>δείξῃ</span> <span class='ocrx_word' id='word_1_736' title='bbox 2458 2623 2658 2695; x_wconf 83' lang='grc' dir='ltr'>μᾶλλον</span> <span class='ocrx_word' id='word_1_737' title='bbox 2718 2624 2813 2679; x_wconf 72' lang='grc' dir='ltr'>καὶ</span> <span class='ocrx_word' id='word_1_738' title='bbox 2835 2624 2897 2678; x_wconf 89' lang='grc' dir='ltr'>τὸ</span> <span class='ocrx_word' id='word_1_739' title='bbox 2930 2624 3066 2678; x_wconf 83' lang='grc' dir='ltr'>πολύ</span> <span class='ocrx_word' id='word_1_740' title='bbox 3095 2624 3314 2695; x_wconf 86' lang='grc' dir='ltr'>φίλτρον</span> <span class='ocrx_word' id='word_1_741' title='bbox 3333 2636 3345 2651; x_wconf 84' lang='grc'><em>’</em></span> <span class='ocrx_word' id='word_1_742' title='bbox 3379 2620 3660 2692; x_wconf 82' lang='grc' dir='ltr'>φιλοῦντος</span> <span class='ocrx_word' id='word_1_743' title='bbox 3684 2623 3709 2660; x_wconf 72' lang='grc' dir='ltr'><strong>Β</strong></span> 
     </span>
    </p>
   </div>
   <div class='ocr_carea' id='block_1_91' title="bbox 2034 2708 3711 2784">
    <p class='ocr_par' dir='ltr' id='par_1_91' title="bbox 2034 2708 3711 2784">
     <span class='ocr_line' id='line_1_93' title="bbox 2034 2708 3711 2784; baseline -0.003 -19"><span class='ocrx_word' id='word_1_744' title='bbox 2034 2708 2143 2781; x_wconf 85' lang='grc' dir='ltr'>γὰρ</span> <span class='ocrx_word' id='word_1_745' title='bbox 2174 2710 2408 2780; x_wconf 86' lang='grc' dir='ltr'>μάλιστα</span> <span class='ocrx_word' id='word_1_746' title='bbox 2447 2712 2602 2767; x_wconf 89' lang='grc' dir='ltr'>τοῦτό</span> <span class='ocrx_word' id='word_1_747' title='bbox 2634 2716 2771 2781; x_wconf 90' lang='grc' dir='ltr'>ἐστι,</span> <span class='ocrx_word' id='word_1_748' title='bbox 2814 2713 2874 2767; x_wconf 87' lang='grc' dir='ltr'>τὸ</span> <span class='ocrx_word' id='word_1_749' title='bbox 2916 2712 3189 2784; x_wconf 90' lang='grc' dir='ltr'>μηδέποτε</span> <span class='ocrx_word' id='word_1_750' title='bbox 3229 2709 3557 2780; x_wconf 89' lang='grc' dir='ltr'>ἀφίστασθαι</span> <span class='ocrx_word' id='word_1_751' title='bbox 3601 2708 3711 2761; x_wconf 90' lang='grc' dir='ltr'>τῶν</span> 
     </span>
    </p>
   </div>
   <div class='ocr_carea' id='block_1_92' title="bbox 2034 2795 3714 2872">
    <p class='ocr_par' dir='ltr' id='par_1_92' title="bbox 2034 2795 3714 2872">
     <span class='ocr_line' id='line_1_94' title="bbox 2034 2795 3714 2872; baseline -0.002 -21"><span class='ocrx_word' id='word_1_752' title='bbox 2034 2795 2112 2868; x_wconf 83' lang='grc' dir='ltr'>τῷ</span> <span class='ocrx_word' id='word_1_753' title='bbox 2141 2798 2449 2872; x_wconf 84' lang='grc' dir='ltr'>φιλουμένῳ</span> <span class='ocrx_word' id='word_1_754' title='bbox 2482 2800 2801 2855; x_wconf 90' lang='grc' dir='ltr'>δοκούντων.</span> <span class='ocrx_word' id='word_1_755' title='bbox 2845 2800 2905 2853; x_wconf 87' lang='lat'>&#39;0</span> <span class='ocrx_word' id='word_1_756' title='bbox 2937 2802 3035 2872; x_wconf 76' lang='grc' dir='ltr'>μὲν</span> <span class='ocrx_word' id='word_1_757' title='bbox 3059 2800 3166 2871; x_wconf 82' lang='grc' dir='ltr'>γάρ</span> <span class='ocrx_word' id='word_1_758' title='bbox 3193 2798 3389 2870; x_wconf 87' lang='grc' dir='ltr'>χαῦνος</span> <span class='ocrx_word' id='word_1_759' title='bbox 3422 2799 3516 2851; x_wconf 77' lang='grc' dir='ltr'>καὶ</span> <span class='ocrx_word' id='word_1_760' title='bbox 3548 2796 3714 2868; x_wconf 77' lang='grc' dir='ltr'>ῥᾴθυ-</span> 
     </span>
    </p>
   </div>
   <div class='ocr_carea' id='block_1_93' title="bbox 2038 2885 3712 2959">
    <p class='ocr_par' dir='ltr' id='par_1_93' title="bbox 2038 2885 3712 2959">
     <span class='ocr_line' id='line_1_95' title="bbox 2038 2885 3712 2959; baseline 0.008 -23"><span class='ocrx_word' id='word_1_761' title='bbox 2038 2900 2136 2953; x_wconf 89' lang='grc' dir='ltr'>μος</span> <span class='ocrx_word' id='word_1_762' title='bbox 2181 2887 2246 2937; x_wconf 88' lang='grc' dir='ltr'>ἐκ</span> <span class='ocrx_word' id='word_1_763' title='bbox 2286 2887 2507 2959; x_wconf 88' lang='grc' dir='ltr'>πρώτης</span> <span class='ocrx_word' id='word_1_764' title='bbox 2538 2888 2739 2953; x_wconf 89' lang='grc' dir='ltr'>εὐθέως</span> <span class='ocrx_word' id='word_1_765' title='bbox 2771 2889 3124 2942; x_wconf 89' lang='grc' dir='ltr'>ἀναπεσεῖται</span> <span class='ocrx_word' id='word_1_766' title='bbox 3165 2888 3262 2959; x_wconf 87' lang='grc' dir='ltr'>τῆς</span> <span class='ocrx_word' id='word_1_767' title='bbox 3299 2885 3637 2958; x_wconf 83' lang='grc' dir='ltr'>προσϐολῆς⁶</span> <span class='ocrx_word' id='word_1_768' title='bbox 3682 2886 3712 2937; x_wconf 76' lang='grc'>6</span> 
     </span>
    </p>
   </div>
   <div class='ocr_carea' id='block_1_94' title="bbox 2034 2971 3713 3047">
    <p class='ocr_par' dir='ltr' id='par_1_94' title="bbox 2034 2971 3713 3047">
     <span class='ocr_line' id='line_1_96' title="bbox 2034 2971 3713 3047; baseline 0 -22"><span class='ocrx_word' id='word_1_769' title='bbox 2034 2971 2091 3025; x_wconf 85' lang='grc' dir='ltr'>δὲ</span> <span class='ocrx_word' id='word_1_770' title='bbox 2118 2973 2348 3045; x_wconf 83' lang='grc' dir='ltr'>σφοδρὸς</span> <span class='ocrx_word' id='word_1_771' title='bbox 2370 2976 2465 3028; x_wconf 90' lang='grc' dir='ltr'>κα¹ι</span> <span class='ocrx_word' id='word_1_772' title='bbox 2485 2975 2927 3047; x_wconf 89' lang='grc' dir='ltr'>διεγηγερμένος,</span> <span class='ocrx_word' id='word_1_773' title='bbox 2953 2975 3057 3029; x_wconf 79' lang='grc' dir='ltr'>κᾶν</span> <span class='ocrx_word' id='word_1_774' title='bbox 3078 2975 3337 3047; x_wconf 87' lang='grc' dir='ltr'>μυριάκις</span> <span class='ocrx_word' id='word_1_775' title='bbox 3354 2973 3713 3043; x_wconf 85' lang='grc' dir='ltr'>ἐγκόπτηται.</span> 
     </span>
    </p>
   </div>
   <div class='ocr_carea' id='block_1_95' title="bbox 2036 3060 3709 3134">
    <p class='ocr_par' dir='ltr' id='par_1_95' title="bbox 2036 3060 3709 3134">
     <span class='ocr_line' id='line_1_97' title="bbox 2036 3060 3709 3134; baseline 0 -21"><span class='ocrx_word' id='word_1_776' title='bbox 2036 3060 2274 3131; x_wconf 88' lang='grc' dir='ltr'>τοσούτῳ</span> <span class='ocrx_word' id='word_1_777' title='bbox 2300 3061 2561 3131; x_wconf 81' lang='grc' dir='ltr'>μειζόνως</span> <span class='ocrx_word' id='word_1_778' title='bbox 2585 3062 2905 3134; x_wconf 88' lang='grc' dir='ltr'>ἐπιθήσεται</span> <span class='ocrx_word' id='word_1_779' title='bbox 2931 3065 3048 3126; x_wconf 88' lang='grc' dir='ltr'>τοῖς</span> <span class='ocrx_word' id='word_1_780' title='bbox 3075 3061 3215 3116; x_wconf 85' lang='grc' dir='ltr'>κατά</span> <span class='ocrx_word' id='word_1_781' title='bbox 3240 3061 3374 3115; x_wconf 91' lang='grc' dir='ltr'>Θεὸν</span> <span class='ocrx_word' id='word_1_782' title='bbox 3400 3060 3709 3132; x_wconf 87' lang='grc' dir='ltr'>πράγμασι,</span> 
     </span>
    </p>
   </div>
   <div class='ocr_carea' id='block_1_96' title="bbox 2035 3148 3716 3223">
    <p class='ocr_par' dir='ltr' id='par_1_96' title="bbox 2035 3148 3716 3223">
     <span class='ocr_line' id='line_1_98' title="bbox 2035 3148 3716 3223; baseline 0.001 -23"><span class='ocrx_word' id='word_1_783' title='bbox 2035 3148 2104 3200; x_wconf 80' lang='grc' dir='ltr'>τά</span> <span class='ocrx_word' id='word_1_784' title='bbox 2151 3150 2280 3219; x_wconf 89' lang='grc' dir='ltr'>παρ’</span> <span class='ocrx_word' id='word_1_785' title='bbox 2315 3151 2510 3204; x_wconf 87' lang='grc' dir='ltr'>ἐαυτοῦ</span> <span class='ocrx_word' id='word_1_786' title='bbox 2558 3152 2735 3207; x_wconf 90' lang='grc' dir='ltr'>πάντα</span> <span class='ocrx_word' id='word_1_787' title='bbox 2784 3151 3027 3223; x_wconf 88' lang='grc' dir='ltr'>πληρῶν,</span> <span class='ocrx_word' id='word_1_788' title='bbox 3068 3151 3162 3205; x_wconf 75' lang='grc' dir='ltr'>καὶ</span> <span class='ocrx_word' id='word_1_789' title='bbox 3208 3153 3264 3204; x_wconf 83' lang='grc' dir='ltr'>ἐν</span> <span class='ocrx_word' id='word_1_790' title='bbox 3302 3149 3505 3204; x_wconf 73' lang='grc' dir='ltr'>ἅπασιν</span> <span class='ocrx_word' id='word_1_791' title='bbox 3557 3149 3716 3219; x_wconf 88' lang='grc' dir='ltr'>εὐχα-</span> 
     </span>
    </p>
   </div>
   <div class='ocr_carea' id='block_1_97' title="bbox 2040 3236 3716 3310">
    <p class='ocr_par' dir='ltr' id='par_1_97' title="bbox 2040 3236 3716 3310">
     <span class='ocr_line' id='line_1_99' title="bbox 2040 3236 3716 3310; baseline 0.006 -22"><span class='ocrx_word' id='word_1_792' title='bbox 2040 3236 2258 3305; x_wconf 91' lang='grc' dir='ltr'>ριστῶν.</span> <span class='ocrx_word' id='word_1_793' title='bbox 2288 3237 2457 3292; x_wconf 91' lang='grc' dir='ltr'>Τοῦτο</span> <span class='ocrx_word' id='word_1_794' title='bbox 2484 3238 2549 3309; x_wconf 84' lang='grc' dir='ltr'>δὴ</span> <span class='ocrx_word' id='word_1_795' title='bbox 2579 3240 2672 3293; x_wconf 73' lang='grc' dir='ltr'>καὶ</span> <span class='ocrx_word' id='word_1_796' title='bbox 2706 3241 2867 3310; x_wconf 80' lang='grc' dir='ltr'>ἡμεῖς</span> <span class='ocrx_word' id='word_1_797' title='bbox 2906 3238 3169 3309; x_wconf 88' lang='grc' dir='ltr'>ποιῶμεν.</span> <span class='ocrx_word' id='word_1_798' title='bbox 3219 3238 3411 3307; x_wconf 85' lang='grc' dir='ltr'>Μέγας</span> <span class='ocrx_word' id='word_1_799' title='bbox 3442 3237 3716 3308; x_wconf 76' lang='grc' dir='ltr'>θησαυρὸς</span> 
     </span>
    </p>
   </div>
   <div class='ocr_carea' id='block_1_98' title="bbox 2038 3324 3715 3397">
    <p class='ocr_par' dir='ltr' id='par_1_98' title="bbox 2038 3324 3715 3397">
     <span class='ocr_line' id='line_1_100' title="bbox 2038 3324 3715 3397; baseline -0.001 -20"><span class='ocrx_word' id='word_1_800' title='bbox 2038 3326 2072 3395; x_wconf 92' lang='grc' dir='ltr'>ή</span> <span class='ocrx_word' id='word_1_801' title='bbox 2101 3326 2436 3396; x_wconf 78' lang='grc' dir='ltr'>εὐχαριστία,</span> <span class='ocrx_word' id='word_1_802' title='bbox 2470 3327 2642 3397; x_wconf 89' lang='grc' dir='ltr'>μέγας</span> <span class='ocrx_word' id='word_1_803' title='bbox 2671 3327 2929 3394; x_wconf 88' lang='grc' dir='ltr'>πλοῦτος,</span> <span class='ocrx_word' id='word_1_804' title='bbox 2974 3326 3249 3381; x_wconf 88' lang='grc' dir='ltr'>ἀνάλωτον</span> <span class='ocrx_word' id='word_1_805' title='bbox 3286 3324 3513 3394; x_wconf 91' lang='grc' dir='ltr'>ἀγαθὸν,</span> <span class='ocrx_word' id='word_1_806' title='bbox 3548 3324 3715 3377; x_wconf 84' lang='grc' dir='ltr'>ὅπλον</span> 
     </span>
    </p>
   </div>
   <div class='ocr_carea' id='block_1_99' title="bbox 2042 3410 3718 3490">
    <p class='ocr_par' dir='ltr' id='par_1_99' title="bbox 2042 3410 3718 3490">
     <span class='ocr_line' id='line_1_101' title="bbox 2042 3410 3718 3490; baseline -0.005 -17"><span class='ocrx_word' id='word_1_807' title='bbox 2042 3415 2286 3487; x_wconf 73' lang='grc' dir='ltr'>ἰσχυρόνο</span> <span class='ocrx_word' id='word_1_808' title='bbox 2317 3416 2507 3490; x_wconf 83' lang='grc' dir='ltr'>ὥσπερ</span> <span class='ocrx_word' id='word_1_809' title='bbox 2551 3412 2644 3471; x_wconf 80' lang='grc' dir='ltr'>οὖν</span> <span class='ocrx_word' id='word_1_810' title='bbox 2687 3420 2720 3489; x_wconf 88' lang='grc' dir='ltr'>ή</span> <span class='ocrx_word' id='word_1_811' title='bbox 2772 3416 3091 3487; x_wconf 87' lang='grc' dir='ltr'>βλασφημία</span> <span class='ocrx_word' id='word_1_812' title='bbox 3121 3416 3221 3487; x_wconf 84' lang='grc' dir='ltr'>τὴν</span> <span class='ocrx_word' id='word_1_813' title='bbox 3253 3410 3419 3468; x_wconf 77' lang='grc' dir='ltr'>οὖσαν</span> <span class='ocrx_word' id='word_1_814' title='bbox 3458 3413 3718 3465; x_wconf 88' lang='grc' dir='ltr'>ἐπιτείνει</span> 
     </span>
    </p>
   </div>
   <div class='ocr_carea' id='block_1_100' title="bbox 2039 3497 3713 3575">
    <p class='ocr_par' dir='ltr' id='par_1_100' title="bbox 2039 3497 3713 3575">
     <span class='ocr_line' id='line_1_102' title="bbox 2039 3497 3713 3575; baseline -0.002 -18"><span class='ocrx_word' id='word_1_815' title='bbox 2039 3498 2263 3573; x_wconf 81' lang='grc' dir='ltr'>ζημίαν,</span> <span class='ocrx_word' id='word_1_816' title='bbox 2279 3504 2373 3557; x_wconf 81' lang='grc' dir='ltr'>καὶ</span> <span class='ocrx_word' id='word_1_817' title='bbox 2397 3497 2471 3559; x_wconf 83' lang='grc' dir='ltr'>ὧν</span> <span class='ocrx_word' id='word_1_818' title='bbox 2495 3504 2854 3575; x_wconf 88' lang='grc' dir='ltr'>ἀπωλέσαμεν</span> <span class='ocrx_word' id='word_1_819' title='bbox 2872 3504 3093 3559; x_wconf 90' lang='grc' dir='ltr'>πλείονα</span> <span class='ocrx_word' id='word_1_820' title='bbox 3120 3500 3525 3575; x_wconf 89' lang='grc' dir='ltr'>προσαπολέσαι</span> <span class='ocrx_word' id='word_1_821' title='bbox 3549 3500 3713 3553; x_wconf 85' lang='grc' dir='ltr'>ποιεῖ.</span> 
     </span>
    </p>
   </div>
   <div class='ocr_carea' id='block_1_101' title="bbox 2052 3592 3727 3666">
    <p class='ocr_par' dir='ltr' id='par_1_101' title="bbox 2052 3592 3727 3666">
     <span class='ocr_line' id='line_1_103' title="bbox 2052 3592 3727 3666; baseline 0.003 -23"><span class='ocrx_word' id='word_1_822' title='bbox 2052 3592 2363 3656; x_wconf 85' lang='grc' dir='ltr'>Ἀπώλεσας</span> <span class='ocrx_word' id='word_1_823' title='bbox 2392 3595 2685 3666; x_wconf 88' lang='grc' dir='ltr'>χρήματα;</span> <span class='ocrx_word' id='word_1_824' title='bbox 2732 3593 2798 3648; x_wconf 78' lang='grc' dir='ltr'>ἂν</span> <span class='ocrx_word' id='word_1_825' title='bbox 2833 3594 2934 3665; x_wconf 84' lang='grc' dir='ltr'>μὲν</span> <span class='ocrx_word' id='word_1_826' title='bbox 2961 3594 3386 3665; x_wconf 81' lang='grc' dir='ltr'>εὐχαριστήσῃς,</span> <span class='ocrx_word' id='word_1_827' title='bbox 3421 3593 3727 3665; x_wconf 87' lang='grc' dir='ltr'>ἐκέρδανας-</span> 
     </span>
    </p>
   </div>
   <div class='ocr_carea' id='block_1_102' title="bbox 2040 3678 3718 3753">
    <p class='ocr_par' dir='ltr' id='par_1_102' title="bbox 2040 3678 3718 3753">
     <span class='ocr_line' id='line_1_104' title="bbox 2040 3678 3718 3753; baseline 0 -20"><span class='ocrx_word' id='word_1_828' title='bbox 2040 3678 2137 3750; x_wconf 78' lang='grc' dir='ltr'>τὴν</span> <span class='ocrx_word' id='word_1_829' title='bbox 2176 3679 2353 3751; x_wconf 74' lang='grc' dir='ltr'>ψυχὴν</span> <span class='ocrx_word' id='word_1_830' title='bbox 2390 3682 2483 3734; x_wconf 80' lang='grc' dir='ltr'>καὶ</span> <span class='ocrx_word' id='word_1_831' title='bbox 2512 3680 2737 3753; x_wconf 88' lang='grc' dir='ltr'>μείζονα</span> <span class='ocrx_word' id='word_1_832' title='bbox 2784 3683 2999 3752; x_wconf 88' lang='grc' dir='ltr'>ἐκτήσω</span> <span class='ocrx_word' id='word_1_833' title='bbox 3032 3682 3123 3734; x_wconf 89' lang='grc' dir='ltr'>τὸν</span> <span class='ocrx_word' id='word_1_834' title='bbox 3174 3679 3422 3745; x_wconf 88' lang='grc' dir='ltr'>πλοῦτον,</span> <span class='ocrx_word' id='word_1_835' title='bbox 3448 3680 3541 3733; x_wconf 89' lang='grc' dir='ltr'>τοῦ</span> <span class='ocrx_word' id='word_1_836' title='bbox 3580 3678 3718 3734; x_wconf 88' lang='grc' dir='ltr'>Θεοῦ</span> 
     </span>
    </p>
   </div>
   <div class='ocr_carea' id='block_1_103' title="bbox 2040 3767 3718 3839">
    <p class='ocr_par' dir='ltr' id='par_1_103' title="bbox 2040 3767 3718 3839">
     <span class='ocr_line' id='line_1_105' title="bbox 2040 3767 3718 3839; baseline 0 -19"><span class='ocrx_word' id='word_1_837' title='bbox 2040 3768 2209 3821; x_wconf 89' lang='grc' dir='ltr'>πλείω</span> <span class='ocrx_word' id='word_1_838' title='bbox 2241 3769 2339 3839; x_wconf 86' lang='grc' dir='ltr'>τὴν</span> <span class='ocrx_word' id='word_1_839' title='bbox 2386 3768 2597 3822; x_wconf 75' lang='grc' dir='ltr'>εὔνοιαν</span> <span class='ocrx_word' id='word_1_840' title='bbox 2645 3770 3124 3839; x_wconf 74' lang='grc' dir='ltr'>ἐπισπασάμενοςο</span> <span class='ocrx_word' id='word_1_841' title='bbox 3180 3767 3247 3822; x_wconf 84' lang='grc' dir='ltr'>ἂν</span> <span class='ocrx_word' id='word_1_842' title='bbox 3296 3767 3718 3839; x_wconf 89' lang='grc' dir='ltr'>βλασφημήσῃς,</span> 
     </span>
    </p>
   </div>
   <div class='ocr_carea' id='block_1_104' title="bbox 2040 3854 3720 3928">
    <p class='ocr_par' dir='ltr' id='par_1_104' title="bbox 2040 3854 3720 3928">
     <span class='ocr_line' id='line_1_106' title="bbox 2040 3854 3720 3928; baseline 0.001 -19"><span class='ocrx_word' id='word_1_843' title='bbox 2040 3856 2473 3927; x_wconf 86' lang='grc' dir='ltr'>προσαπώλεσας</span> <span class='ocrx_word' id='word_1_844' title='bbox 2506 3858 2600 3910; x_wconf 84' lang='grc' dir='ltr'>καί</span> <span class='ocrx_word' id='word_1_845' title='bbox 2628 3856 2726 3928; x_wconf 81' lang='grc' dir='ltr'>τὴν</span> <span class='ocrx_word' id='word_1_846' title='bbox 2777 3856 3052 3927; x_wconf 90' lang='grc' dir='ltr'>σωτηρίαν</span> <span class='ocrx_word' id='word_1_847' title='bbox 3083 3855 3184 3927; x_wconf 80' lang='grc' dir='ltr'>τὴν</span> <span class='ocrx_word' id='word_1_848' title='bbox 3224 3854 3443 3920; x_wconf 90' lang='grc' dir='ltr'>σαυτοῦ,</span> <span class='ocrx_word' id='word_1_849' title='bbox 3478 3854 3572 3908; x_wconf 71' lang='grc' dir='ltr'>καὶ</span> <span class='ocrx_word' id='word_1_850' title='bbox 3598 3856 3720 3911; x_wconf 83' lang='grc' dir='ltr'>οὐδέ</span> 
     </span>
    </p>
   </div>
   <div class='ocr_carea' id='block_1_105' title="bbox 2040 3942 3717 4016">
    <p class='ocr_par' dir='ltr' id='par_1_105' title="bbox 2040 3942 3717 4016">
     <span class='ocr_line' id='line_1_107' title="bbox 2040 3942 3717 4016; baseline -0.001 -19"><span class='ocrx_word' id='word_1_851' title='bbox 2040 3946 2223 3997; x_wconf 89' lang='grc' dir='ltr'>ἐκεῖνα</span> <span class='ocrx_word' id='word_1_852' title='bbox 2244 3946 2548 4016; x_wconf 90' lang='grc' dir='ltr'>ἀνεκτήσω,</span> <span class='ocrx_word' id='word_1_853' title='bbox 2584 3946 2678 4000; x_wconf 81' lang='grc' dir='ltr'>καὶ</span> <span class='ocrx_word' id='word_1_854' title='bbox 2704 3946 2771 4015; x_wconf 79' lang='grc' dir='ltr'>ἢν</span> <span class='ocrx_word' id='word_1_855' title='bbox 2803 3942 2947 4015; x_wconf 76' lang='grc' dir='ltr'>εἶχες</span> <span class='ocrx_word' id='word_1_856' title='bbox 2968 3943 3168 4015; x_wconf 76' lang='grc' dir='ltr'>ψυχὴν,</span> <span class='ocrx_word' id='word_1_857' title='bbox 3217 3944 3310 3999; x_wconf 74' lang='grc' dir='ltr'>καὶ</span> <span class='ocrx_word' id='word_1_858' title='bbox 3343 3943 3548 4015; x_wconf 87' lang='grc' dir='ltr'>ταύτην</span> <span class='ocrx_word' id='word_1_859' title='bbox 3582 3960 3717 3997; x_wconf 92' lang='grc' dir='ltr'>κατ-</span> 
     </span>
    </p>
   </div>
   <div class='ocr_carea' id='block_1_106' title="bbox 2040 4030 2257 4095">
    <p class='ocr_par' dir='ltr' id='par_1_106' title="bbox 2040 4030 2257 4095">
     <span class='ocr_line' id='line_1_108' title="bbox 2040 4030 2257 4095; baseline 0.014 -11"><span class='ocrx_word' id='word_1_860' title='bbox 2040 4030 2257 4095; x_wconf 82' lang='grc' dir='ltr'>ἑθυσας.</span> 
     </span>
    </p>
   </div>
   <div class='ocr_carea' id='block_1_107' title="bbox 2114 4119 3722 4193">
    <p class='ocr_par' dir='ltr' id='par_1_107' title="bbox 2114 4119 3722 4193">
     <span class='ocr_line' id='line_1_109' title="bbox 2114 4119 3722 4193; baseline 0.001 -19"><span class='ocrx_word' id='word_1_861' title='bbox 2114 4119 2201 4175; x_wconf 80' lang='grc' dir='ltr'>ιϐ’.</span> <span class='ocrx_word' id='word_1_862' title='bbox 2235 4120 2375 4174; x_wconf 85' lang='grc' dir='ltr'>Ἀλλ’</span> <span class='ocrx_word' id='word_1_863' title='bbox 2394 4120 2581 4193; x_wconf 80' lang='grc' dir='ltr'>ἐπειδὴ</span> <span class='ocrx_word' id='word_1_864' title='bbox 2605 4122 2731 4193; x_wconf 77' lang='grc' dir='ltr'>περὶ</span> <span class='ocrx_word' id='word_1_865' title='bbox 2754 4121 3103 4193; x_wconf 88' lang='grc' dir='ltr'>βλασφημίας</span> <span class='ocrx_word' id='word_1_866' title='bbox 3122 4122 3254 4192; x_wconf 86' lang='grc' dir='ltr'>ἡμῖν</span> <span class='ocrx_word' id='word_1_867' title='bbox 3270 4122 3299 4174; x_wconf 91' lang='lat'>6</span> <span class='ocrx_word' id='word_1_868' title='bbox 3328 4120 3483 4189; x_wconf 89' lang='grc' dir='ltr'>λόγος</span> <span class='ocrx_word' id='word_1_869' title='bbox 3504 4119 3722 4189; x_wconf 82' lang='grc' dir='ltr'>ἐγένετο</span> 
     </span>
    </p>
   </div>
   <div class='ocr_carea' id='block_1_108' title="bbox 2039 4207 3720 4280">
    <p class='ocr_par' dir='ltr' id='par_1_108' title="bbox 2039 4207 3720 4280">
     <span class='ocr_line' id='line_1_110' title="bbox 2039 4207 3720 4280; baseline -0.001 -19"><span class='ocrx_word' id='word_1_870' title='bbox 2039 4208 2169 4273; x_wconf 89' lang='grc' dir='ltr'>νῦν,</span> <span class='ocrx_word' id='word_1_871' title='bbox 2213 4209 2344 4280; x_wconf 92' lang='grc' dir='ltr'>μίαν</span> <span class='ocrx_word' id='word_1_872' title='bbox 2381 4209 2525 4280; x_wconf 80' lang='grc' dir='ltr'>ὑμᾶς</span> <span class='ocrx_word' id='word_1_873' title='bbox 2556 4209 2802 4274; x_wconf 73' lang='grc' dir='ltr'>ἅπαντας</span> <span class='ocrx_word' id='word_1_874' title='bbox 2838 4209 3060 4279; x_wconf 87' lang='grc' dir='ltr'>αἰτῆσαι</span> <span class='ocrx_word' id='word_1_875' title='bbox 3092 4207 3351 4279; x_wconf 90' lang='grc' dir='ltr'>βούλομαι</span> <span class='ocrx_word' id='word_1_876' title='bbox 3406 4208 3565 4279; x_wconf 87' lang='grc' dir='ltr'>χάριν</span> <span class='ocrx_word' id='word_1_877' title='bbox 3597 4208 3720 4260; x_wconf 83' lang='grc' dir='ltr'>ἀντὶ</span> 
     </span>
    </p>
   </div>
   <div class='ocr_carea' id='block_1_109' title="bbox 2039 4296 3719 4371">
    <p class='ocr_par' dir='ltr' id='par_1_109' title="bbox 2039 4296 3719 4371">
     <span class='ocr_line' id='line_1_111' title="bbox 2039 4296 3719 4371; baseline 0 -20"><span class='ocrx_word' id='word_1_878' title='bbox 2039 4296 2140 4368; x_wconf 92' lang='grc' dir='ltr'>τῆς</span> <span class='ocrx_word' id='word_1_879' title='bbox 2160 4298 2502 4371; x_wconf 87' lang='grc' dir='ltr'>δημηγορίας</span> <span class='ocrx_word' id='word_1_880' title='bbox 2522 4298 2749 4370; x_wconf 89' lang='grc' dir='ltr'>ταύτης,</span> <span class='ocrx_word' id='word_1_881' title='bbox 2774 4301 2866 4353; x_wconf 79' lang='grc' dir='ltr'>καὶ</span> <span class='ocrx_word' id='word_1_882' title='bbox 2895 4300 2993 4369; x_wconf 86' lang='grc' dir='ltr'>τῆς</span> <span class='ocrx_word' id='word_1_883' title='bbox 3022 4297 3331 4361; x_wconf 83' lang='grc' dir='ltr'>διαλέξεως,</span> <span class='ocrx_word' id='word_1_884' title='bbox 3360 4298 3446 4350; x_wconf 83' lang='grc' dir='ltr'>ἵνα</span> <span class='ocrx_word' id='word_1_885' title='bbox 3470 4315 3560 4368; x_wconf 93' lang='grc' dir='ltr'>μοι</span> <span class='ocrx_word' id='word_1_886' title='bbox 3592 4300 3719 4360; x_wconf 84' lang='grc' dir='ltr'>τοὺς</span> 
     </span>
    </p>
   </div>
   <div class='ocr_carea' id='block_1_110' title="bbox 2043 4386 3719 4460">
    <p class='ocr_par' dir='ltr' id='par_1_110' title="bbox 2043 4386 3719 4460">
     <span class='ocr_line' id='line_1_112' title="bbox 2043 4386 3719 4460; baseline -0.001 -20"><span class='ocrx_word' id='word_1_887' title='bbox 2043 4387 2102 4441; x_wconf 92' lang='grc' dir='ltr'>ἐν</span> <span class='ocrx_word' id='word_1_888' title='bbox 2131 4390 2198 4459; x_wconf 83' lang='grc' dir='ltr'>τῇ</span> <span class='ocrx_word' id='word_1_889' title='bbox 2242 4389 2393 4442; x_wconf 89' lang='grc' dir='ltr'>πόλει</span> <span class='ocrx_word' id='word_1_890' title='bbox 2434 4389 2885 4460; x_wconf 89' lang='grc' dir='ltr'>βλασφημοῦντας</span> <span class='ocrx_word' id='word_1_891' title='bbox 2912 4386 3300 4458; x_wconf 89' lang='grc' dir='ltr'>σωφρονίσητε.</span> <span class='ocrx_word' id='word_1_892' title='bbox 3329 4386 3449 4440; x_wconf 82' lang='grc' dir='ltr'>Κᾶν</span> <span class='ocrx_word' id='word_1_893' title='bbox 3479 4386 3719 4456; x_wconf 83' lang='grc' dir='ltr'>ἀκούσῃς</span> 
     </span>
    </p>
   </div>
   <div class='ocr_carea' id='block_1_111' title="bbox 2042 4472 3720 4547">
    <p class='ocr_par' dir='ltr' id='par_1_111' title="bbox 2042 4472 3720 4547">
     <span class='ocr_line' id='line_1_113' title="bbox 2042 4472 3720 4547; baseline -0.001 -21"><span class='ocrx_word' id='word_1_894' title='bbox 2042 4474 2186 4538; x_wconf 87' lang='grc' dir='ltr'>τινὸς</span> <span class='ocrx_word' id='word_1_895' title='bbox 2220 4476 2279 4529; x_wconf 88' lang='grc' dir='ltr'>ἐν</span> <span class='ocrx_word' id='word_1_896' title='bbox 2322 4475 2569 4547; x_wconf 88' lang='grc' dir='ltr'>ἀμφόδῳ,</span> <span class='ocrx_word' id='word_1_897' title='bbox 2606 4476 2639 4547; x_wconf 74' lang='grc' dir='ltr'>ἢ</span> <span class='ocrx_word' id='word_1_898' title='bbox 2667 4479 2724 4529; x_wconf 85' lang='grc' dir='ltr'>ἐν</span> <span class='ocrx_word' id='word_1_899' title='bbox 2752 4476 2927 4546; x_wconf 77' lang='grc' dir='ltr'>ἀγορᾷ</span> <span class='ocrx_word' id='word_1_900' title='bbox 2971 4475 3112 4544; x_wconf 85' lang='grc' dir='ltr'>μέσῃ</span> <span class='ocrx_word' id='word_1_901' title='bbox 3148 4472 3596 4543; x_wconf 87' lang='grc' dir='ltr'>βλασφημοῦντος</span> <span class='ocrx_word' id='word_1_902' title='bbox 3629 4472 3720 4525; x_wconf 88' lang='grc' dir='ltr'>τὸν</span> 
     </span>
    </p>
   </div>
   <div class='ocr_carea' id='block_1_112' title="bbox 2043 4562 3718 4635">
    <p class='ocr_par' dir='ltr' id='par_1_112' title="bbox 2043 4562 3718 4635">
     <span class='ocr_line' id='line_1_114' title="bbox 2043 4562 3718 4635; baseline -0.001 -19"><span class='ocrx_word' id='word_1_903' title='bbox 2043 4562 2198 4627; x_wconf 91' lang='grc' dir='ltr'>Θεὸν,</span> <span class='ocrx_word' id='word_1_904' title='bbox 2234 4564 2520 4635; x_wconf 88' lang='grc' dir='ltr'>πρόσελθε,</span> <span class='ocrx_word' id='word_1_905' title='bbox 2549 4565 2893 4635; x_wconf 90' lang='grc' dir='ltr'>ἐπιτίμησον,</span> <span class='ocrx_word' id='word_1_906' title='bbox 2928 4563 3032 4616; x_wconf 81' lang='grc' dir='ltr'>κᾶν</span> <span class='ocrx_word' id='word_1_907' title='bbox 3058 4562 3271 4633; x_wconf 81' lang='grc' dir='ltr'>πληγάς</span> <span class='ocrx_word' id='word_1_908' title='bbox 3300 4562 3567 4615; x_wconf 81' lang='grc' dir='ltr'>ἐπιθεῖναι</span> <span class='ocrx_word' id='word_1_909' title='bbox 3601 4562 3718 4632; x_wconf 81' lang='grc' dir='ltr'>δέῃ,</span> 
     </span>
    </p>
   </div>
   <div class='ocr_carea' id='block_1_113' title="bbox 2048 4650 3721 4723">
    <p class='ocr_par' dir='ltr' id='par_1_113' title="bbox 2048 4650 3721 4723">
     <span class='ocr_line' id='line_1_115' title="bbox 2048 4650 3721 4723; baseline -0.001 -18"><span class='ocrx_word' id='word_1_910' title='bbox 2048 4652 2123 4723; x_wconf 77' lang='grc' dir='ltr'>μὴ</span> <span class='ocrx_word' id='word_1_911' title='bbox 2154 4653 2466 4723; x_wconf 84' lang='grc' dir='ltr'>παραιτήσῃ</span> <span class='ocrx_word' id='word_1_912' title='bbox 2487 4669 2501 4683; x_wconf 76' lang='grc' dir='ltr'><strong><em>ο</em></strong></span> <span class='ocrx_word' id='word_1_913' title='bbox 2536 4651 2765 4723; x_wconf 80' lang='grc' dir='ltr'>ράπισον</span> <span class='ocrx_word' id='word_1_914' title='bbox 2817 4650 2982 4704; x_wconf 89' lang='grc' dir='ltr'>αὐτοῦ</span> <span class='ocrx_word' id='word_1_915' title='bbox 3027 4650 3125 4721; x_wconf 82' lang='grc' dir='ltr'>τὴν</span> <span class='ocrx_word' id='word_1_916' title='bbox 3160 4650 3303 4719; x_wconf 76' lang='grc' dir='ltr'>ὄψιν,</span> <span class='ocrx_word' id='word_1_917' title='bbox 3346 4650 3631 4721; x_wconf 73' lang='grc' dir='ltr'>σύντριψον</span> <span class='ocrx_word' id='word_1_918' title='bbox 3658 4651 3721 4703; x_wconf 79' lang='grc' dir='ltr'>τὸ</span> 
     </span>
    </p>
   </div>
   <div class='ocr_carea' id='block_1_114' title="bbox 2048 4737 3721 4810">
    <p class='ocr_par' dir='ltr' id='par_1_114' title="bbox 2048 4737 3721 4810">
     <span class='ocr_line' id='line_1_116' title="bbox 2048 4737 3721 4810; baseline -0.002 -18"><span class='ocrx_word' id='word_1_919' title='bbox 2048 4739 2240 4810; x_wconf 88' lang='grc' dir='ltr'>στόμα,</span> <span class='ocrx_word' id='word_1_920' title='bbox 2270 4739 2498 4808; x_wconf 82' lang='grc' dir='ltr'>ἀγίασόν</span> <span class='ocrx_word' id='word_1_921' title='bbox 2532 4756 2625 4791; x_wconf 92' lang='grc' dir='ltr'>σου</span> <span class='ocrx_word' id='word_1_922' title='bbox 2660 4738 2758 4810; x_wconf 85' lang='grc' dir='ltr'>τήν</span> <span class='ocrx_word' id='word_1_923' title='bbox 2787 4742 2942 4809; x_wconf 88' lang='grc' dir='ltr'>χεῖρα</span> <span class='ocrx_word' id='word_1_924' title='bbox 2980 4737 3069 4791; x_wconf 87' lang='grc' dir='ltr'>διά</span> <span class='ocrx_word' id='word_1_925' title='bbox 3095 4741 3194 4809; x_wconf 87' lang='grc' dir='ltr'>τῆς</span> <span class='ocrx_word' id='word_1_926' title='bbox 3228 4738 3461 4809; x_wconf 84' lang='grc' dir='ltr'>πληγῆς,</span> <span class='ocrx_word' id='word_1_927' title='bbox 3493 4739 3596 4791; x_wconf 84' lang='grc' dir='ltr'>κᾶν</span> <span class='ocrx_word' id='word_1_928' title='bbox 3630 4738 3721 4805; x_wconf 84' lang='grc' dir='ltr'>ἐγ-</span> 
     </span>
    </p>
   </div>
   <div class='ocr_carea' id='block_1_115' title="bbox 2047 4825 3720 4897">
    <p class='ocr_par' dir='ltr' id='par_1_115' title="bbox 2047 4825 3720 4897">
     <span class='ocr_line' id='line_1_117' title="bbox 2047 4825 3720 4897; baseline -0.001 -16"><span class='ocrx_word' id='word_1_929' title='bbox 2047 4826 2249 4882; x_wconf 86' lang='grc' dir='ltr'>καλῶσί</span> <span class='ocrx_word' id='word_1_930' title='bbox 2294 4844 2460 4891; x_wconf 83' lang='grc' dir='ltr'>τινες,</span> <span class='ocrx_word' id='word_1_931' title='bbox 2498 4827 2603 4881; x_wconf 80' lang='grc' dir='ltr'>κᾶν</span> <span class='ocrx_word' id='word_1_932' title='bbox 2634 4829 2713 4890; x_wconf 88' lang='grc' dir='ltr'>εἰς</span> <span class='ocrx_word' id='word_1_933' title='bbox 2742 4827 3091 4897; x_wconf 89' lang='grc' dir='ltr'>δικαστήριον</span> <span class='ocrx_word' id='word_1_934' title='bbox 3132 4827 3386 4889; x_wconf 71' lang='grc' dir='ltr'>ἕλκωσιν,</span> <span class='ocrx_word' id='word_1_935' title='bbox 3416 4825 3720 4897; x_wconf 86' lang='grc' dir='ltr'>ἀκολούθη-</span> 
     </span>
    </p>
   </div>
   <div class='ocr_carea' id='block_1_116' title="bbox 2048 4913 3717 4987">
    <p class='ocr_par' dir='ltr' id='par_1_116' title="bbox 2048 4913 3717 4987">
     <span class='ocr_line' id='line_1_118' title="bbox 2048 4913 3717 4987; baseline -0.002 -18"><span class='ocrx_word' id='word_1_936' title='bbox 2048 4933 2159 4969; x_wconf 87' lang='grc' dir='ltr'>σον·</span> <span class='ocrx_word' id='word_1_937' title='bbox 2185 4914 2287 4969; x_wconf 81' lang='grc' dir='ltr'>κᾶν</span> <span class='ocrx_word' id='word_1_938' title='bbox 2315 4916 2408 4969; x_wconf 74' lang='grc' dir='ltr'>ἐπὶ</span> <span class='ocrx_word' id='word_1_939' title='bbox 2435 4914 2529 4968; x_wconf 85' lang='grc' dir='ltr'>τοῦ</span> <span class='ocrx_word' id='word_1_940' title='bbox 2564 4914 2806 4986; x_wconf 79' lang='grc' dir='ltr'>βήματος</span> <span class='ocrx_word' id='word_1_941' title='bbox 2832 4913 3061 4977; x_wconf 89' lang='grc' dir='ltr'>εὐθύνας</span> <span class='ocrx_word' id='word_1_942' title='bbox 3083 4916 3111 4967; x_wconf 90' lang='lat'>6</span> <span class='ocrx_word' id='word_1_943' title='bbox 3137 4914 3393 4984; x_wconf 78' lang='grc' dir='ltr'>δικαστὴς</span> <span class='ocrx_word' id='word_1_944' title='bbox 3417 4914 3717 4987; x_wconf 79' lang='grc' dir='ltr'>ἀπαιτήσῃ,</span> 
     </span>
    </p>
   </div>
   <div class='ocr_carea' id='block_1_117' title="bbox 2046 5001 3721 5076">
    <p class='ocr_par' dir='ltr' id='par_1_117' title="bbox 2046 5001 3721 5076">
     <span class='ocr_line' id='line_1_119' title="bbox 2046 5001 3721 5076; baseline -0.002 -18"><span class='ocrx_word' id='word_1_945' title='bbox 2046 5004 2166 5058; x_wconf 86' lang='grc' dir='ltr'>είπέ</span> <span class='ocrx_word' id='word_1_946' title='bbox 2190 5004 2328 5075; x_wconf 84' lang='grc' dir='ltr'>μετὰ</span> <span class='ocrx_word' id='word_1_947' title='bbox 2346 5003 2674 5076; x_wconf 73' lang='grc' dir='ltr'>παρρησίας,</span> <span class='ocrx_word' id='word_1_948' title='bbox 2689 5003 2769 5056; x_wconf 84' lang='grc' dir='ltr'>ὅτι</span> <span class='ocrx_word' id='word_1_949' title='bbox 2790 5002 2879 5056; x_wconf 92' lang='grc' dir='ltr'>τὸν</span> <span class='ocrx_word' id='word_1_950' title='bbox 2898 5002 3122 5073; x_wconf 88' lang='grc' dir='ltr'>βασιλέα</span> <span class='ocrx_word' id='word_1_951' title='bbox 3137 5002 3245 5056; x_wconf 90' lang='grc' dir='ltr'>τῶν</span> <span class='ocrx_word' id='word_1_952' title='bbox 3262 5002 3504 5071; x_wconf 88' lang='grc' dir='ltr'>ἀγγέλων</span> <span class='ocrx_word' id='word_1_953' title='bbox 3527 5001 3721 5055; x_wconf 74' lang='grc' dir='ltr'>ἐϐλασο</span> 
     </span>
    </p>
   </div>
   <div class='ocr_carea' id='block_1_118' title="bbox 2046 5088 3721 5163">
    <p class='ocr_par' dir='ltr' id='par_1_118' title="bbox 2046 5088 3721 5163">
     <span class='ocr_line' id='line_1_120' title="bbox 2046 5088 3721 5163; baseline -0.002 -19"><span class='ocrx_word' id='word_1_954' title='bbox 2046 5093 2320 5163; x_wconf 86' lang='grc' dir='ltr'>φήμησεν.</span> <span class='ocrx_word' id='word_1_955' title='bbox 2364 5091 2427 5143; x_wconf 81' lang='lat' dir='ltr'>El</span> <span class='ocrx_word' id='word_1_956' title='bbox 2450 5090 2555 5162; x_wconf 83' lang='grc' dir='ltr'>γὰρ</span> <span class='ocrx_word' id='word_1_957' title='bbox 2589 5090 2679 5143; x_wconf 88' lang='grc' dir='ltr'>τὸν</span> <span class='ocrx_word' id='word_1_958' title='bbox 2707 5091 2798 5143; x_wconf 69' lang='grc' dir='ltr'>ἐπὶ</span> <span class='ocrx_word' id='word_1_959' title='bbox 2820 5090 2921 5160; x_wconf 90' lang='grc' dir='ltr'>γῆς</span> <span class='ocrx_word' id='word_1_960' title='bbox 2946 5089 3170 5160; x_wconf 87' lang='grc' dir='ltr'>βασιλέα</span> <span class='ocrx_word' id='word_1_961' title='bbox 3192 5091 3317 5152; x_wconf 82' lang='grc' dir='ltr'>τοὺς</span> <span class='ocrx_word' id='word_1_962' title='bbox 3342 5088 3721 5160; x_wconf 80' lang='grc' dir='ltr'>βλασφημοῦν-</span> 
     </span>
    </p>
   </div>
   <div class='ocr_carea' id='block_1_119' title="bbox 2047 5170 3722 5247">
    <p class='ocr_par' dir='ltr' id='par_1_119' title="bbox 2047 5170 3722 5247">
     <span class='ocr_line' id='line_1_121' title="bbox 2047 5170 3722 5247; baseline -0.001 -16"><span class='ocrx_word' id='word_1_963' title='bbox 2047 5193 2145 5240; x_wconf 83' lang='grc' dir='ltr'>τας</span> <span class='ocrx_word' id='word_1_964' title='bbox 2178 5172 2499 5238; x_wconf 82' lang='grc' dir='ltr'>κολάζεσθαι</span> <span class='ocrx_word' id='word_1_965' title='bbox 2520 5171 2647 5242; x_wconf 85' lang='grc' dir='ltr'>χρὴ.</span> <span class='ocrx_word' id='word_1_966' title='bbox 2664 5170 2842 5241; x_wconf 86' lang='grc' dir='ltr'>πολλῴ</span> <span class='ocrx_word' id='word_1_967' title='bbox 2866 5171 3065 5241; x_wconf 81' lang='grc' dir='ltr'>μᾶλλον</span> <span class='ocrx_word' id='word_1_968' title='bbox 3087 5174 3213 5238; x_wconf 76' lang='grc' dir='ltr'>τοὺς</span> <span class='ocrx_word' id='word_1_969' title='bbox 3238 5175 3443 5227; x_wconf 72' lang='grc' dir='ltr'>ἐκεῖνον</span> <span class='ocrx_word' id='word_1_970' title='bbox 3467 5176 3722 5247; x_wconf 51' lang='grc' dir='ltr'>ὑϐρίζονφ</span> 
     </span>
    </p>
   </div>
   <div class='ocr_carea' id='block_1_120' title="bbox 2046 5258 3721 5335">
    <p class='ocr_par' dir='ltr' id='par_1_120' title="bbox 2046 5258 3721 5335">
     <span class='ocr_line' id='line_1_122' title="bbox 2046 5258 3721 5335; baseline 0.002 -20"><span class='ocrx_word' id='word_1_971' title='bbox 2046 5280 2163 5326; x_wconf 91' lang='grc' dir='ltr'>τας.</span> <span class='ocrx_word' id='word_1_972' title='bbox 2196 5261 2387 5316; x_wconf 83' lang='grc' dir='ltr'>Κοινόν</span> <span class='ocrx_word' id='word_1_973' title='bbox 2421 5262 2537 5313; x_wconf 88' lang='grc' dir='ltr'>ἐστι</span> <span class='ocrx_word' id='word_1_974' title='bbox 2575 5258 2638 5311; x_wconf 90' lang='grc' dir='ltr'>τὸ</span> <span class='ocrx_word' id='word_1_975' title='bbox 2667 5258 2938 5329; x_wconf 78' lang='grc' dir='ltr'>ἔγκλημα,</span> <span class='ocrx_word' id='word_1_976' title='bbox 2987 5259 3244 5330; x_wconf 91' lang='grc' dir='ltr'>δημόσιον</span> <span class='ocrx_word' id='word_1_977' title='bbox 3268 5261 3325 5314; x_wconf 89' lang='grc' dir='ltr'>τὸ</span> <span class='ocrx_word' id='word_1_978' title='bbox 3351 5263 3614 5335; x_wconf 86' lang='grc' dir='ltr'>ἀδίκημα,</span> <span class='ocrx_word' id='word_1_979' title='bbox 3637 5265 3721 5332; x_wconf 78' lang='grc' dir='ltr'>ἐξ-</span> 
     </span>
    </p>
   </div>
   <div class='ocr_carea' id='block_1_121' title="bbox 2047 5344 3717 5420">
    <p class='ocr_par' dir='ltr' id='par_1_121' title="bbox 2047 5344 3717 5420">
     <span class='ocr_line' id='line_1_123' title="bbox 2047 5344 3717 5420; baseline 0.002 -17"><span class='ocrx_word' id='word_1_980' title='bbox 2047 5365 2195 5403; x_wconf 84' lang='grc' dir='ltr'>εστιν</span> <span class='ocrx_word' id='word_1_981' title='bbox 2222 5347 2437 5417; x_wconf 79' lang='grc' dir='ltr'>ἑκάστῳ</span> <span class='ocrx_word' id='word_1_982' title='bbox 2468 5344 2577 5399; x_wconf 89' lang='grc' dir='ltr'>τῶν</span> <span class='ocrx_word' id='word_1_983' title='bbox 2613 5345 2949 5416; x_wconf 88' lang='grc' dir='ltr'>βουλομένων</span> <span class='ocrx_word' id='word_1_984' title='bbox 2979 5351 3304 5420; x_wconf 86' lang='grc' dir='ltr'>κατηγορεῖν</span> <span class='ocrx_word' id='word_1_985' title='bbox 3326 5365 3339 5379; x_wconf 73' lang='grc'><em>³</em></span> <span class='ocrx_word' id='word_1_986' title='bbox 3370 5352 3717 5420; x_wconf 87' lang='grc' dir='ltr'>μανθανέτω-</span> 
     </span>
    </p>
   </div>
   <div class='ocr_carea' id='block_1_122' title="bbox 2050 5433 3717 5511">
    <p class='ocr_par' dir='ltr' id='par_1_122' title="bbox 2050 5433 3717 5511">
     <span class='ocr_line' id='line_1_124' title="bbox 2050 5433 3717 5511; baseline 0.002 -22"><span class='ocrx_word' id='word_1_987' title='bbox 2050 5434 2254 5501; x_wconf 73' lang='grc' dir='ltr'>σανκαὶ</span> <span class='ocrx_word' id='word_1_988' title='bbox 2286 5433 2522 5487; x_wconf 83' lang='grc' dir='ltr'>Ἰουδαῖοι</span> <span class='ocrx_word' id='word_1_989' title='bbox 2537 5434 2632 5487; x_wconf 73' lang='grc' dir='ltr'>καὶ</span> <span class='ocrx_word' id='word_1_990' title='bbox 2655 5434 2934 5505; x_wconf 86' lang='grc' dir='ltr'>Ἕλληνες,</span> <span class='ocrx_word' id='word_1_991' title='bbox 2967 5434 3176 5507; x_wconf 80' lang='grc' dir='ltr'>[19]ὄτι</span> <span class='ocrx_word' id='word_1_992' title='bbox 3208 5437 3451 5507; x_wconf 83' lang='grc' dir='ltr'>σωτῆρές</span> <span class='ocrx_word' id='word_1_993' title='bbox 3480 5440 3584 5493; x_wconf 87' lang='grc' dir='ltr'>είσι</span> <span class='ocrx_word' id='word_1_994' title='bbox 3617 5446 3717 5511; x_wconf 77' lang='grc' dir='ltr'>τῆς</span> 
     </span>
    </p>
   </div>
   <div class='ocr_carea' id='block_1_123' title="bbox 2047 5520 3719 5594">
    <p class='ocr_par' dir='ltr' id='par_1_123' title="bbox 2047 5520 3719 5594">
     <span class='ocr_line' id='line_1_125' title="bbox 2047 5520 3719 5594; baseline 0.004 -16"><span class='ocrx_word' id='word_1_995' title='bbox 2047 5525 2252 5584; x_wconf 84' lang='grc' dir='ltr'>πόλεως</span> <span class='ocrx_word' id='word_1_996' title='bbox 2279 5523 2329 5574; x_wconf 85' lang='grc' dir='ltr'>οί</span> <span class='ocrx_word' id='word_1_997' title='bbox 2358 5520 2694 5591; x_wconf 74' lang='grc' dir='ltr'>Χριστιανοὶ,</span> <span class='ocrx_word' id='word_1_998' title='bbox 2718 5522 2810 5575; x_wconf 75' lang='grc' dir='ltr'>καὶ</span> <span class='ocrx_word' id='word_1_999' title='bbox 2840 5523 3135 5594; x_wconf 89' lang='grc' dir='ltr'>κηδεμόνες</span> <span class='ocrx_word' id='word_1_1000' title='bbox 3170 5524 3261 5577; x_wconf 65' lang='grc' dir='ltr'>καὶ⁹</span> <span class='ocrx_word' id='word_1_1001' title='bbox 3287 5528 3591 5594; x_wconf 85' lang='grc' dir='ltr'>προστάται</span> <span class='ocrx_word' id='word_1_1002' title='bbox 3624 5533 3719 5584; x_wconf 71' lang='grc' dir='ltr'>καὶ</span> 
     </span>
    </p>
   </div>
   <div class='ocr_carea' id='block_1_124' title="bbox 2045 5608 3718 5679">
    <p class='ocr_par' dir='ltr' id='par_1_124' title="bbox 2045 5608 3718 5679">
     <span class='ocr_line' id='line_1_126' title="bbox 2045 5608 3718 5679; baseline 0.005 -13"><span class='ocrx_word' id='word_1_1003' title='bbox 2045 5610 2375 5673; x_wconf 78' lang='grc' dir='ltr'>διδάτκαλοι,</span> <span class='ocrx_word' id='word_1_1004' title='bbox 2410 5610 2503 5662; x_wconf 77' lang='grc' dir='ltr'>καὶ</span> <span class='ocrx_word' id='word_1_1005' title='bbox 2544 5608 2963 5679; x_wconf 88' lang='grc' dir='ltr'>μανθανέτωσαν</span> <span class='ocrx_word' id='word_1_1006' title='bbox 2996 5612 3130 5664; x_wconf 88' lang='grc' dir='ltr'>αὐτὸ</span> <span class='ocrx_word' id='word_1_1007' title='bbox 3154 5611 3313 5665; x_wconf 90' lang='grc' dir='ltr'>τοῦτο</span> <span class='ocrx_word' id='word_1_1008' title='bbox 3340 5614 3390 5667; x_wconf 79' lang='grc' dir='ltr'>οἱ</span> <span class='ocrx_word' id='word_1_1009' title='bbox 3418 5617 3718 5675; x_wconf 85' lang='grc' dir='ltr'>ἀκόλαστοι</span> 
     </span>
    </p>
   </div>
   <div class='ocr_carea' id='block_1_125' title="bbox 2125 5789 3726 5853">
    <p class='ocr_par' dir='ltr' id='par_1_125' title="bbox 2125 5789 3726 5853">
     <span class='ocr_line' id='line_1_127' title="bbox 2125 5789 3726 5853; baseline 0.001 -12"><span class='ocrx_word' id='word_1_1010' title='bbox 2125 5794 2142 5815; x_wconf 72' lang='grc'><strong>⁸</strong></span> <span class='ocrx_word' id='word_1_1011' title='bbox 2169 5794 2278 5842; x_wconf 86' lang='lat' dir='ltr'><strong>Duo</strong></span> <span class='ocrx_word' id='word_1_1012' title='bbox 2298 5806 2412 5841; x_wconf 81' lang='lat' dir='ltr'>mss.</span> <span class='ocrx_word' id='word_1_1013' title='bbox 2441 5797 2495 5839; x_wconf 75' lang='lat' dir='ltr'>et</span> <span class='ocrx_word' id='word_1_1014' title='bbox 2524 5792 2682 5853; x_wconf 16' lang='lat' dir='ltr'>ASavll.</span> <span class='ocrx_word' id='word_1_1015' title='bbox 2719 5792 2903 5853; x_wconf 81' lang='grc' dir='ltr'>ἀγαθῶν</span> <span class='ocrx_word' id='word_1_1016' title='bbox 2922 5789 3068 5853; x_wconf 69' lang='grc' dir='ltr'>ἔργων</span> <span class='ocrx_word' id='word_1_1017' title='bbox 3091 5789 3290 5852; x_wconf 84' lang='grc' dir='ltr'>ἀντέχου</span> <span class='ocrx_word' id='word_1_1018' title='bbox 3314 5790 3402 5847; x_wconf 78' lang='grc' dir='ltr'>ἔως</span> <span class='ocrx_word' id='word_1_1019' title='bbox 3422 5792 3477 5838; x_wconf 82' lang='grc' dir='ltr'>ἂν</span> <span class='ocrx_word' id='word_1_1020' title='bbox 3504 5793 3726 5852; x_wconf 62' lang='grc' dir='ltr'>ἐαπκέης,</span> 
     </span>
    </p>
   </div>
   <div class='ocr_carea' id='block_1_126' title="bbox 2054 5851 2993 5917">
    <p class='ocr_par' dir='ltr' id='par_1_126' title="bbox 2054 5851 2993 5917">
     <span class='ocr_line' id='line_1_128' title="bbox 2054 5851 2993 5917; baseline -0.007 -14"><span class='ocrx_word' id='word_1_1021' title='bbox 2054 5858 2156 5917; x_wconf 75' lang='grc' dir='ltr'>κᾶν.</span> <span class='ocrx_word' id='word_1_1022' title='bbox 2192 5856 2314 5905; x_wconf 79' lang='lat' dir='ltr'>Infra</span> <span class='ocrx_word' id='word_1_1023' title='bbox 2338 5851 2532 5917; x_wconf 86' lang='lat' dir='ltr'>plurimi</span> <span class='ocrx_word' id='word_1_1024' title='bbox 2557 5866 2669 5917; x_wconf 60' lang='lat' dir='ltr'>mss.</span> <span class='ocrx_word' id='word_1_1025' title='bbox 2696 5851 2993 5917; x_wconf 66' lang='grc' dir='ltr'>περιέπεσας.</span> 
     </span>
    </p>
   </div>
   <div class='ocr_carea' id='block_1_127' title="bbox 2124 5914 3731 5979">
    <p class='ocr_par' dir='ltr' id='par_1_127' title="bbox 2124 5914 3731 5979">
     <span class='ocr_line' id='line_1_129' title="bbox 2124 5914 3731 5979; baseline 0.002 -14"><span class='ocrx_word' id='word_1_1026' title='bbox 2124 5915 2141 5953; x_wconf 68' lang='grc' dir='ltr'>ί</span> <span class='ocrx_word' id='word_1_1027' title='bbox 2172 5914 2366 5977; x_wconf 58' lang='lat' dir='ltr'><strong>Aliquo]</strong></span> <span class='ocrx_word' id='word_1_1028' title='bbox 2396 5929 2507 5963; x_wconf 58' lang='grc' dir='ltr'>[ηδε.</span> <span class='ocrx_word' id='word_1_1029' title='bbox 2536 5914 2833 5977; x_wconf 81' lang='grc' dir='ltr'>κηρύγματος</span> <span class='ocrx_word' id='word_1_1030' title='bbox 2870 5916 3061 5962; x_wconf 80' lang='grc' dir='ltr'>ἔλαττον</span> <span class='ocrx_word' id='word_1_1031' title='bbox 3107 5914 3411 5963; x_wconf 85' lang='grc' dir='ltr'>διακείσεται.</span> <span class='ocrx_word' id='word_1_1032' title='bbox 3442 5915 3551 5967; x_wconf 68' lang='lat' dir='ltr'>Mox</span> <span class='ocrx_word' id='word_1_1033' title='bbox 3577 5917 3731 5979; x_wconf 75' lang='lat' dir='ltr'><strong>aliqui</strong></span> 
     </span>
    </p>
   </div>
   <div class='ocr_carea' id='block_1_128' title="bbox 2057 5981 3731 6040">
    <p class='ocr_par' dir='ltr' id='par_1_128' title="bbox 2057 5981 3731 6040">
     <span class='ocr_line' id='line_1_130' title="bbox 2057 5981 3731 6040; baseline -0.008 -14"><span class='ocrx_word' id='word_1_1034' title='bbox 2057 5982 2126 6026; x_wconf 76' lang='grc' dir='ltr'>ὅτι</span> <span class='ocrx_word' id='word_1_1035' title='bbox 2152 5981 2486 6040; x_wconf 55' lang='grc' dir='ltr'>δοκιμώτερον.</span> <span class='ocrx_word' id='word_1_1036' title='bbox 2818 6039 2821 6040; x_wconf 16' lang='grc' dir='ltr'><em>ν</em></span> <span class='ocrx_word' id='word_1_1037' title='bbox 3027 6038 3035 6040; x_wconf 57' lang='lat'><strong><em>_</em></strong></span> <span class='ocrx_word' id='word_1_1038' title='bbox 3092 6038 3097 6040; x_wconf 19' lang='grc' dir='ltr'><strong>Δ</strong></span> <span class='ocrx_word' id='word_1_1039' title='bbox 3730 5984 3731 5987; x_wconf 68' lang='lat'>‘</span> 
     </span>
    </p>
   </div>
   <div class='ocr_carea' id='block_1_129' title="bbox 2125 6038 3448 6103">
    <p class='ocr_par' dir='ltr' id='par_1_129' title="bbox 2125 6038 3448 6103">
     <span class='ocr_line' id='line_1_131' title="bbox 2125 6038 3448 6103; baseline -0.001 -13"><span class='ocrx_word' id='word_1_1040' title='bbox 2125 6042 2151 6085; x_wconf 71' lang='lat'><strong>5</strong></span> <span class='ocrx_word' id='word_1_1041' title='bbox 2178 6043 2324 6099; x_wconf 66' lang='lat' dir='ltr'><strong>Suvil.</strong></span> <span class='ocrx_word' id='word_1_1042' title='bbox 2354 6038 2404 6089; x_wconf 63' lang='lat' dir='ltr'>ei</span> <span class='ocrx_word' id='word_1_1043' title='bbox 2429 6038 2552 6088; x_wconf 71' lang='lat' dir='ltr'><strong>alius</strong></span> <span class='ocrx_word' id='word_1_1044' title='bbox 2576 6039 2761 6103; x_wconf 67' lang='grc' dir='ltr'>φίλτρον</span> <span class='ocrx_word' id='word_1_1045' title='bbox 2783 6039 2835 6086; x_wconf 76' lang='grc' dir='ltr'>τὸ</span> <span class='ocrx_word' id='word_1_1046' title='bbox 2860 6040 2960 6102; x_wconf 84' lang='grc' dir='ltr'>περὶ</span> <span class='ocrx_word' id='word_1_1047' title='bbox 2988 6038 3149 6088; x_wconf 82' lang='grc' dir='ltr'>αὐτόν·</span> <span class='ocrx_word' id='word_1_1048' title='bbox 3192 6038 3448 6101; x_wconf 70' lang='grc' dir='ltr'>φιλοῦντος.</span> 
     </span>
    </p>
   </div>
  </div>
