4072 6384
351 336 428 393 53
1133 335 1190 390 S.
1223 335 1508 393 JOANNIS
1541 334 2036 392 CHRYSOSTOMI
2079 333 2395 389 ARCIIIEP.
2427 329 2978 392 CONSTANTINOP.
3745 334 3814 396 3:

357 453 451 505 καὶ
481 451 929 522 διεστραμμένα,
973 451 1054 504 ὅτι
1100 453 1192 504 καὶ
1220 454 1343 515 τοὺς
1377 452 1470 505 τοῦ
1503 451 1637 505 Θεοῦ
1670 452 1890 514 δούλους
1935 469 2030 521 φο-

357 539 567 592 εείσθαι
597 539 794 602 αὐτοὺς
826 544 953 610 χρή,
989 540 1076 592 ἵνα
1117 540 1220 592 κᾶν
1249 540 1479 592 ἓλωνταί
1527 557 1657 592 ποτε
1698 540 2032 608 φθέγξασθαί

355 647 407 682 τι
439 628 701 689 τοιοῦτον,
728 628 987 699 ἀλλήλους
1019 628 1294 698 πανταχοῦ
1327 629 1784 700 περιϐλέπωνται,
1821 629 2032 692 καὶτὰς

358 717 516 781 σκιὰς
539 717 836 789 τρέμωσιν,
863 717 1204 784 ἀγωνιῶντες
1238 718 1420 788 μήπου
1453 719 1481 770 6
1525 717 1847 788 Χριστιανὸς
1869 716 2033 770 ἀκού-

358 823 452 869 σας
480 806 812 878 ἐπιπηδήσῃ,
855 804 948 858 καὶ
992 805 1194 875 κολάσῃ
1226 803 1605 876 σφοδρότερον.
1641 806 1755 858 Οὐκ
1795 805 2032 877 ήκουσας

353 892 408 944 τί
454 893 708 962 Ἰωάννης
742 887 1002 962 ἐποίησε;
1035 882 1310 960 Τύραννον
1347 891 1486 944 εἶδεν
1521 891 1806 963 ἄνθρωπον
1839 893 2031 963 γάμων

355 979 729 1048 ἀνατρέποντα
762 977 978 1048 νόμους,
1011 979 1106 1032 καὶ
1139 978 1278 1048 μετά
1315 977 1626 1050 παρρησίας
1661 981 1719 1032 ὲν
1749 979 1898 1050 μέσῳ
1934 981 2033 1051 τῆς

354 1067 560 1138 ἀγορᾶς
604 1082 796 1138 φησιν’
836 1069 959 1120 Οὐκ
1010 1067 1216 1131 ἔξεστι
1265 1082 1364 1121 σοι
1409 1068 1574 1136 ἔχειν
1618 1067 1734 1135 τὴν
1776 1068 2033 1138 γυναῖκα

353 1158 654 1208 Φιλίππου
676 1153 783 1208 τοῦ
803 1153 1072 1224 ἀδελφοῦ
1095 1171 1233 1210 σου.
1273 1153 1414 1223 Ἐγὼ
1438 1156 1495 1209 δέ
1517 1172 1575 1209 σε
1597 1155 1696 1209 οὐκ
1716 1157 1807 1210 ἐπὶ
1835 1152 2033 1227 τύραν-

355 1261 446 1296 νον
477 1245 704 1313 ήγαγον,
753 1243 874 1296 οὐδὲ
903 1243 1188 1314 δικαστὴν,
1239 1243 1359 1298 οὐδὲ
1389 1243 1529 1315 ὑπὲρ
1569 1243 1763 1314 γάμων
1797 1261 2033 1314 παρανο-

357 1348 457 1400 μού
467 1331 661 1400 μένων,
695 1331 814 1383 οὐδὲ
835 1331 977 1401 ὑπὲρ
1000 1329 1300 1384 συνδούλων
1324 1329 1717 1403 ὑϐριζομένων,
1745 1333 1862 1385 ἀλλ’
1891 1333 2030 1406 ὑπὲρ

351 1419 452 1488 τῆς
491 1420 569 1480 είς
599 1417 690 1471 τὸν
718 1418 992 1488 Δεσπότην
1024 1419 1331 1488 παροινίας,
1357 1419 1448 1473 τὸν
1470 1420 1728 1491 ὁμότιμον
1759 1420 1894 1488 ἀξιῶ
1927 1437 2032 1474 σω·

354 1504 644 1577 φρονίζειν.
679 1501 825 1577 τΑρσί
853 1521 915 1574 γε
960 1507 1007 1559 εί
1043 1506 1230 1575 ἔλεγόν
1260 1524 1363 1568 σοι,
1423 1508 1504 1561 ὃτι
1555 1510 1679 1571 τοὺς
1721 1509 1959 1578 βασιλεῖς

352 1596 476 1657 τοὺς
505 1594 763 1656 δικαστὰς
794 1594 1239 1664 παρανομοῦντας
1263 1594 1456 1660 κόλαζε
1475 1597 1568 1649 καὶ
1587 1597 1820 1667 διόρθου,
1843 1599 1944 1650 οὐκ
1963 1599 2028 1653 ἀν

357 1697 423 1750 με
457 1681 740 1751 μαίνεσθαι
765 1682 933 1751 ἕφης;
963 1683 1156 1736 Καίτοι
1185 1700 1248 1751 γε
1286 1683 1538 1754 Ἰωάννης
1560 1683 1719 1737 τοῦτο
1737 1687 1990 1757 ἐποίησεν
2010 1703 2022 1716 ο

352 1767 524 1830 ούτως
543 1769 663 1822 οὐδὲ
685 1768 842 1822 τοῦτο
860 1762 1042 1840 μεῖζον
1070 1771 1364 1841 ήμῶν.Νῦν
1379 1772 1436 1825 δέ
1465 1772 1570 1826 κᾶν
1600 1773 1692 1826 τὸν
1715 1772 2025 1844 ὁμόδουλον,

355 1856 456 1910 xlv
472 1856 562 1910 τὸν
577 1857 837 1928 ὁμότιμον
852 1858 1164 1930 διόρθωσον,
1186 1859 1286 1913 κᾶν
1301 1861 1590 1914 ἀποθανεῖν
1626 1861 1741 1935 δέῃ,
1762 1863 2028 1933 σωφρονί-

352 1944 466 2008 ζειν
477 1945 566 1997 τὸν
583 1946 807 2014 ἀδελφὸν
826 1949 899 2018 μὴ
913 1949 1120 2019 ἀποκνή
1131 1965 1330 2020 σῃς,μα
1339 1949 1552 2022 ρτύριόν
1572 1968 1653 2005 σοι
1673 1953 1827 2008 τοῦτό
1843 1958 1990 2008 ἐστιν
2005 1973 2020 1986 ·

353 2032 473 2084 ἐπεὶ
491 2035 584 2085 καὶ
609 2034 858 2105 Ἰωάννης
886 2035 1094 2104 μάρτυς
1115 2032 1202 2107 ἦν.
1237 2037 1426 2091 Καίτοι
1454 2054 1516 2107 γε
1532 2040 1591 2092 οὐ
1616 2039 1777 2094 θῦσαι
1807 2042 2026 2096 ἐκελεύ-

353 2122 474 2191 σθη.
494 2123 613 2175 οὐδὲ
628 2126 994 2195 προσκυνῆσαι
1009 2128 1244 2190 εἴδωλον,
1262 2128 1377 2181 ἀλλ’
1391 2129 1530 2200 ὑπὲρ
1553 2131 1658 2182 τῶν
1675 2132 1832 2202 ἱερῶν
1846 2132 2026 2203 νόμων

353 2210 724 2280 ὑϐριζομένων
746 2211 842 2283 τὴν
871 2214 1109 2285 κεφαλὴν
1140 2215 1375 2268 ἀπέθετο
1395 2231 1407 2243 ”
1449 2217 1543 2269 καὶ
1573 2218 1638 2271 σύ
1670 2218 1849 2272 τοίνυν
1876 2218 2026 2289 ἀγώ-

352 2315 498 2352 νισαι
554 2299 714 2369 μέχρι
761 2301 992 2355 θανάτου
1040 2303 1179 2376 ὑπὲρ
1226 2304 1326 2375 τῆς
1375 2305 1651 2376 ἀληθείας,
1688 2309 1780 2361 καὶ
1823 2308 2028 2380 Κύριος

353 2389 653 2460 πολεμήσει
682 2391 821 2462 ὑπὲρ
859 2391 972 2444 σοῦ.
1016 2393 1127 2446 Καὶ
1161 2395 1233 2464 μή
1269 2411 1358 2465 μοι
1387 2394 1511 2464 λέγε
1549 2397 1609 2449 τὸ
1644 2397 1848 2468 ψυχρὸν
1870 2397 2030 2452 τοῦτο

355 2477 531 2547 ῥῆμα.
567 2477 638 2531 Τί
684 2478 741 2532 δέ
775 2497 866 2550 μοι
897 2477 1086 2550 μέλει;
1139 2479 1292 2534 οὐδὲν
1319 2475 1496 2535 κοινδν
1544 2483 1651 2554 ἔχω
1684 2484 1820 2556 πρὸς
1845 2486 2025 2539 αὐτόν.

355 2565 499 2636 Πρὸς
527 2567 618 2620 τὸν
658 2566 901 2620 διάϐολον
929 2567 1080 2622 οὐδὶν
1111 2569 1307 2639 ἔχομεν
1351 2571 1529 2623 κοινὸν
1570 2569 1752 2641 μόνον,
1794 2573 1930 2644 πρὸς
1973 2574 2031 2626 δὲ

352 2653 482 2716 τούς
513 2652 832 2724 ἀνθρώπους
861 2656 1107 2720 ἅπαντας
1138 2655 1307 2710 πολλά
1343 2657 1538 2729 ἔχομεν
1576 2649 1750 2713 κοινά.
1788 2661 1899 2732 Τῆς
1921 2661 2031 2733 γάρ

355 2739 574 2808 φύσεως
602 2744 734 2814 ἡμῖν
764 2743 866 2814 τῆς
917 2744 1089 2815 αὐτῆς
1139 2745 1445 2816 μετέχουσι,
1477 2747 1576 2816 τὴν
1614 2747 1784 2819 αὐτὴν
1813 2750 1916 2819 γῆν
1952 2752 2032 2804 οί-

355 2829 538 2894 κοῦσι,
576 2833 672 2884 καὶ
707 2835 826 2896 ταῖς
877 2834 1068 2897 αὐταῖς
1104 2833 1395 2905 τρέφονται
1435 2839 1680 2906 τροφαῖς,
1725 2837 1817 2890 τὸν
1871 2839 2032 2892 αὐτὸν

353 2919 540 2991 έχουσι
568 2923 868 2995 Δεσπότην,
906 2925 1032 2986 τοὺς
1067 2924 1267 2988 αὐτοὺς
1307 2923 1555 2989 ἐδέξαντο
1590 2926 1809 2995 νόμους,
1850 2929 1942 2981 ἐπὶ
1964 2931 2031 2983 τά

355 3013 497 3065 αὐτά
536 3015 670 3084 ἡμῖν
705 3013 1150 3086 παρακαλοῦνται
1201 3014 1402 3082 ἀγαθά.
1439 3015 1529 3085 Μὴ
1556 3015 1736 3069 τοίνυν
1783 3015 2032 3088 λέγωμεν

354 3100 432 3164 ώς
457 3101 610 3155 οὐδὲν
651 3104 781 3172 ἡμῖν
813 3103 992 3156 κοινὸν
1029 3103 1165 3174 πρὸς
1200 3103 1396 3168 αὐτούς
1417 3119 1430 3133 °
1470 3105 1733 3175 σατανικὴ
1760 3105 1869 3178 γάρ
1893 3107 2031 3178 αὕτη

354 3187 391 3258 ἡ
436 3189 608 3260 φωνὴ,
646 3189 928 3260 διαϐολικὴ
963 3192 998 3262 ἡ
1047 3191 1445 3263 ἀπανθρωπία’
1509 3193 1583 3262 μὴ
1639 3192 1816 3245 τοίνυν
1862 3192 2032 3246 ταῦτα

2134 450 2416 520 λέγωμεν,
2481 450 2615 503 ἀλλά
2665 451 2763 522 τὴν
2819 452 3136 524 πρέπουσαν
3190 454 3436 523 ἀδελφοῖς
3486 455 3810 526 κηδεμονίαν

2137 535 2556 608 ἐπιδειξώμεθα.
2601 534 2742 606 Ἐγὼ
2764 539 2820 592 δὲ
2852 539 3011 592 τοῦτο
3049 539 3186 610 μετά
3229 543 3410 611 πάσης
3442 541 3811 612 ὑπισχνοῦμαι

2133 625 2440 696 ἀκριϐείας,
2485 630 2580 681 καὶ
2616 627 2901 697 ἐγγυῶμαι
2931 630 3098 682 πᾶσιν
3127 630 3273 700 ὑμῖν,
3307 630 3391 683 ὅτι
3423 633 3471 684 εἰ
3498 633 3656 694 ὑμεῖς
3686 631 3809 701 βου-

2133 712 2385 784 ληθείητε
2417 714 2619 778 πάντες
2649 716 2698 766 οἱ
2737 716 3002 786 παρόντες
3037 715 3271 770 ἐνταῦθα
3309 718 3687 789 διανείμασθαι
3710 718 3808 790 τὴν

2136 801 2412 872 σωτηρίαν
2439 801 2548 854 τῶν
2578 802 2676 871 τὴν
2705 802 2862 855 πόλιν
2883 802 3196 870 οἰκούντων,
3231 805 3438 875 ταχέως
3463 807 3594 876 ἡμῖν
3622 805 3810 861 ἅπασα

2134 887 2460 960 διορθοῦται.
2493 889 2686 943 Καίτοι
2715 906 2778 956 γε
2817 889 2877 941 τὸ
2925 889 3206 960 ἐλάχιστον
3247 892 3408 963 μέρος
3451 893 3550 962 τῆς
3602 893 3808 957 πόλεως

2135 975 2372 1030 ἐνταῦθά
2401 979 2572 1040 ἐστιν,
2619 977 2902 1048 ἐλάχιστον
2935 977 3078 1032 κατά
3111 978 3171 1031 τὸ
3195 979 3418 1049 πλῆθος,
3458 980 3518 1033 τὸ
3557 980 3614 1034 δὲ
3641 982 3810 1050 κεφά-

2134 1065 2284 1119 λαιον
2323 1065 2468 1119 κατὰ
2517 1067 2616 1136 τὴν
2668 1066 2973 1121 εὐσέϐειαν.
3026 1067 3445 1138 Διανειμώμεθα
3490 1067 3668 1122 τοίνυν
3709 1070 3810 1141 τὴν

2135 1153 2245 1208 τῶν
2270 1150 2518 1223 ἀδελφῶν
2541 1153 2701 1225 ήμῶν
2730 1156 3004 1226 σωτηρίαν
3021 1172 3034 1185 ·
3063 1156 3227 1226 ἀρκεῖ
3250 1150 3328 1219 εἷς
3355 1155 3639 1227 ἄνθρωπος
3666 1156 3813 1229 ζήλῳ

2134 1242 2532 1314 πεπυρωμένος
2559 1243 2852 1314 ὁλόκληρον
2898 1241 3294 1316 διορθώσασθαι
3326 1243 3515 1314 δῆμον.
3556 1245 3724 1297 Ὅταν
3753 1245 3813 1299 δέ

2136 1330 2211 1400 μὴ
2247 1323 2348 1392 εἷς,
2384 1329 2520 1399 μηδέ
2550 1329 2643 1383 δύο
2672 1330 2765 1383 καὶ
2793 1332 2963 1398 τρεῖς.
3009 1329 3145 1383 ἀλλά
3172 1330 3424 1384 τοσοῦτον
3517 1329 3580 1383 τδ
3607 1331 3810 1400 πλῆθος

2131 1417 2194 1467 τὸ
2236 1416 2528 1485 δυνάμενον
2545 1417 2644 1486 τῆς
2673 1415 2780 1468 τῶν
2813 1416 3171 1487 ἠμελημένων
3208 1416 3522 1488 ἐπιμελείας
3550 1416 3805 1487 ἅψασθαι,

2131 1502 2431 1574 οὐδαμόθεν
2455 1503 2744 1573 ἑτέρωθεν,
2769 1503 2905 1557 ἀλλά
2927 1499 3077 1576 παρά
3098 1505 3196 1576 τὴν
3216 1505 3492 1576 ἡμετέραν
3512 1505 3650 1577 ραθυ
3658 1506 3808 1576 μίαν,

2133 1591 2226 1643 καὶ
2275 1591 2337 1643 οὐ
2369 1590 2521 1660 παρά
2559 1590 2657 1661 τὴν
2687 1591 2971 1644 ἀσθένειαν
2999 1594 3048 1645 οἱ
3095 1592 3314 1656 πλείους
3348 1592 3675 1647 ἀπόλλυνται
3707 1593 3806 1647 καὶ

2134 1675 2558 1732 καταπίπτουσι.
2593 1678 2716 1742 Πῶς
2747 1677 2856 1750 γὰρ
2878 1680 2978 1732 οὐκ
3002 1679 3222 1743 ἄτοπον,
3257 1681 3306 1731 εί
3345 1680 3442 1750 μέν
3475 1680 3654 1751 μάχην
3685 1680 3812 1734 ἴδοι-δ

2139 1781 2238 1834 μεν
2268 1765 2361 1817 ἐπὶ
2388 1765 2485 1835 τῆς
2523 1766 2751 1838 ἀγορᾶς,
2798 1769 3101 1838 προσιέναι,
3137 1767 3232 1820 καὶ
3270 1765 3657 1821 καταλλάττειν
3683 1769 3812 1832 τοὺς

2140 1850 2479 1922 μαχομένους
2497 1866 2511 1879 ⁸
2549 1851 2602 1904 τί
2630 1852 2686 1905 δέ
2710 1853 2851 1920 λέγω
2884 1852 3097 1923 μάχην;
3130 1855 3178 1906 εί
3207 1853 3587 1906 καταπεσόντα
3612 1854 3811 1925 ἴδωμεν

2138 1938 2285 2002 δνον,
2319 1938 2520 2003 πάντες
2546 1942 2704 2010 χεῖρα
2732 1940 2943 2009 ὀρέγειν
2969 1941 3062 1992 καὶ
3088 1939 3458 2009 συνδιανιστᾷν
3483 1938 3806 2009 σπεύδομεν

2123 2025 2232 2079 τῶν
2245 2026 2300 2079 δὲ
2320 2026 2560 2096 ἀδελφῶν
2585 2027 2966 2097 ἀπολλυμένων
2983 2027 3232 2098 ἀμελεῖν;
3255 2027 3413 2089 Ὄνος
3431 2026 3579 2079 ἐστὶν
3598 2028 3626 2080 ὁ
3646 2027 3810 2097 βλάσ-

2130 2131 2203 2184 φη
2214 2132 2330 2183 μος,
2355 2116 2448 2167 καὶ
2477 2114 2647 2184 θυμοῦ
2685 2116 2903 2186 φορτίον
2920 2116 3020 2169 οὐκ
3049 2115 3304 2184 ἐνεγκὼν,
3318 2113 3621 2168 κατέπεσε·
3642 2117 3810 2186 πρόσ-

2125 2201 2266 2266 ελθε,
2302 2203 2392 2254 καὶ
2419 2201 2772 2272 διανάστησον
2789 2201 2881 2255 καὶ
2899 2201 2985 2255 διὰ
3013 2204 3289 2274 ῥημάτων,
3309 2205 3404 2258 καὶ
3434 2202 3522 2257 διὰ
3545 2207 3804 2274 πραγμά-

2137 2296 2266 2340 των,
2288 2279 2771 2340 καὶδι⁹ἐπιεικείας
2793 2279 2882 2329 καὶ
2898 2284 3253 2346 σφοδροτητος
3272 2281 3384 2350 ιθζυί
3407 2284 3649 2336 ποικίλον
3669 2288 3810 2337 ὲστω

2137 2369 2196 2420 τὸ
2214 2366 2523 2438 φάρμακον.
2549 2364 2646 2416 Ἂν
2670 2363 2812 2417 οὕτω
2829 2363 2894 2416 τὰ
2912 2363 3034 2418 καθ’
3059 2365 3284 2426 ἑαυτούς
3301 2369 3694 2439 οἱκονομῶμεν.
3715 2372 3808 2424 καὶ

2134 2453 2234 2522 τῆς
2252 2451 2359 2504 τῶν
2381 2449 2602 2518 πλησίον
2621 2449 2803 2502 ἀντιλα
2813 2446 3146 2518 μϐανώμεθα
3170 2451 3458 2521 σωτηρίας,
3487 2453 3667 2523 ταχέω
3677 2473 3694 2517 ;
3712 2459 3809 2507 zi-

2137 2540 2335 2598 κείνοις
2362 2537 2544 2599 αὐτοῖς
2574 2539 2683 2600 τοῖς
2711 2541 2808 2608 τῆς
2837 2535 3173 2608 διορθώσεως
3203 2539 3535 2594 ἀπολαύουσι
3565 2541 3808 2597 ποθεινοί.

2136 2625 2369 2696 ἐσόμεθα
2405 2627 2494 2677 καί
2529 2625 2840 2694 ἐπέραστοι·
2871 2627 2962 2680 καὶ
2994 2626 3023 2679 ὃ
3058 2627 3275 2682 πάντων
3306 2630 3423 2682 ἐστὶ
3455 2628 3660 2700 μεῖζον,
3691 2630 3804 2682 τῶν

2135 2715 2511 2786 ἀποκειμένων
2543 2715 2921 2787 ἀπολαύσομεν
2952 2717 3195 2786 ἀγαθῶν,
3236 2711 3312 2772 ὧν
3341 2720 3552 2788 γένοιτο
3596 2721 3806 2787 πάντας

2135 2803 2278 2872 ἡμᾶς
2295 2805 2587 2874 ἐπιτυχεῖν,
2612 2805 2790 2876 χάριτι
2806 2805 2898 2858 καί¹
2917 2807 3295 2880 φιλανθρωπίᾳ
3315 2808 3406 2862 τοῦ
3430 2809 3632 2881 Κυρίου
3649 2810 3808 2881 ήμῶν

2146 2889 2319 2958 Ἰησοῦ
2367 2889 2626 2961 Χριστοῦ,
2675 2892 2742 2944 δι’
2789 2887 2850 2946 οῦ
2896 2894 2990 2947 καὶ
3026 2897 3142 2964 μεθ’
3175 2889 3235 2947 οὐ
3265 2895 3342 2965 τῷ
3381 2897 3554 2968 Πατρὶ
3592 2896 3706 2966 ἄμα
3728 2897 3806 2966 τῷ

2133 2977 2272 3046 ἀγίῳ
2301 2977 2578 3045 Πνεύματι
2599 2978 2744 3045 δόξα,
2789 2981 3009 3052 κράτος,
3038 2983 3192 3054 τιμὴ,
3228 2983 3321 3035 νῦν
3350 2985 3440 3036 καὶ
3472 2985 3576 3043 ἀεὶ,
3608 3001 3698 3036 και
3724 2986 3802 3047 εἰς

2129 3066 2256 3127 τοὺς
2285 3064 2484 3130 αἰῶνας
2509 3067 2618 3120 τῶν
2650 3068 2879 3122 αἰώνων.
2925 3071 3114 3140 Ἀμήν.

2198 3159 2373 3218 δνιίτιιε
2413 3158 2494 3203 καὶ
2519 3157 2776 3218 ἐπέραστοι
2820 3159 2999 3218 desum
3047 3155 3095 3203 in
3139 3154 3334 3213 MOI-01.,
3374 3155 3463 3202 sed
3493 3151 3738 3202 habentur
3759 3148 3808 3198 in

2135 3217 2288 3266 Smil.
2313 3228 2366 3266 el
2383 3220 2431 3266 in
2455 3217 2677 3280 plurimis
2701 3217 2967 3268 codicibus.

939 3317 3712 3350 W—W

1727 3379 2016 3475 'ommu
2070 3419 2406 3489 ΑΕΥΤΕΡΑ,
2482 3431 2491 3443 ·

357 3537 656 3606 Δεχθεῖσα
687 3536 758 3589 ἐν
802 3535 1147 3604 Ἀντιοχείᾳ
1176 3536 1245 3587 ἐν
1280 3534 1352 3602 τῇ
1383 3534 1608 3614 παλαιᾷ
1640 3535 1936 3605 λεγομένῃ
1969 3538 2290 3605 ἐκκλησίᾳ,
2324 3539 2499 3606 ὄντος
2533 3539 2718 3592 αὐτοῦ
2749 3539 3178 3609 πρεσϐυτέρου,
3207 3539 3338 3607 περὶ
3368 3536 3476 3605 τῆς
3500 3536 3816 3608 συμϐάσης

434 3623 752 3694 συμφορᾶς
785 3623 854 3676 ἐν
877 3621 953 3690 τῇ
991 3623 1162 3674 πόλει
1195 3633 1244 3683 ι,
1276 3621 1375 3674 ἐπὶ
1398 3619 1470 3688 τῇ
1503 3617 1723 3688 ἀταξίᾳ
1750 3619 1861 3690 τῆς
1892 3623 2318 3692 καταστροφῆς
2351 3624 2472 3678 τῶν
2497 3625 2866 3693 ἀνδριάντων
2886 3627 2992 3680 τοῦ
3016 3627 3341 3684 Θεοδοσίου
3387 3631 3490 3685 τοῦ
3523 3631 3814 3697 εὐσεϐοῦς

430 3715 739 3780 ,ϐασιλέως
763 3714 872 3768 τοῦ
899 3711 1170 3783 μεγάλου
1199 3730 1212 3744 ·
1255 3712 1353 3766 καὶ
1381 3714 1466 3776 είς
1509 3712 1576 3763 τὸ
1598 3712 1790 3780 ῥητὸν
1815 3713 1922 3768 τοῦ
1959 3714 2341 3780 Ἀποστόλου,
2382 3716 2508 3782 Τοῖς
2531 3720 2850 3784 πλουσίοις
2873 3718 3250 3787 παράγγελλε
3284 3721 3354 3773 ἐν
3374 3721 3452 3787 τῷ
3490 3723 3607 3777 νῦν
3643 3722 3808 3776 αἰῶνι

433 3808 520 3876 μὴ
556 3806 1036 3873 ὑψηλοφρονεῖν·
1062 3804 1163 3858 καὶ
1199 3806 1348 3859 κατὰ
1381 3803 1760 3878 πλεονεξίας.

420 3992 486 4040 α’.
519 3985 583 4038 Τί
613 3986 751 4038 εῐπω
783 3981 874 4039 καὶ
897 3985 951 4039 τί
983 3985 1198 4058 λαλήσω
1221 4003 1234 4052 ;
1261 3989 1512 4060 δακρύων
1532 3990 1560 4040 6
1595 3989 1783 4062 παρὼν
1818 3992 2027 4063 καιρὸς,

353 4074 474 4144 οὐχὶ
503 4073 794 4144 ῥημάτων·
825 4073 1061 4144 θρήνων,
1098 4075 1219 4146 οὐχὶ
1250 4076 1422 4145 λόγων
1443 4095 1455 4107 -
1483 4078 1669 4148 εὐχῆς,
1695 4080 1758 4132 οὐ
1783 4079 2028 4151 δημηγο·

355 4162 508 4232 ρίας”
549 4162 789 4215 τοιοῦτον
831 4161 939 4216 τῶν
979 4163 1397 4236 τετολμημένων
1447 4166 1508 4220 τὸ
1563 4167 1812 4238 μέγεθος,
1855 4168 2029 4231 οὕτως

353 4248 564 4302 ἀνίατον
585 4249 644 4301 τὸ
675 4249 852 4313 ἕλκος,
882 4249 1024 4304 οὕτω
1057 4251 1201 4322 μέγα
1232 4252 1294 4304 τὸ
1331 4253 1572 4324 τραῦμα,
1613 4255 1708 4307 καὶ¹
1739 4256 1917 4326 πάσης
1948 4258 2028 4310 ία-

353 4338 539 4408 τρείας
565 4337 768 4407 μεῖζον,
809 4337 902 4391 καὶ
933 4339 1034 4410 τῆς
1057 4338 1262 4394 ἀνωθεν
1283 4340 1536 4410 δεόμενον
1565 4341 1838 4413 βοηθείας.
1867 4342 2026 4400 Οὕτω

357 4425 456 4494 μὲν
479 4427 508 4479 6
546 4425 663 4478 Ἰὼϐ
693 4427 910 4478 ἅπαντα
931 4425 1242 4490 ἀποϐαλὼν,
1273 4427 1365 4479 ἐπὶ
1388 4428 1488 4497 τῆς
1514 4431 1746 4500 κοπρίας
1768 4432 2024 4505 ἐκάθητο,

355 4514 451 4565 καὶ
495 4512 823 4577 ἀκούσαντες
855 4512 882 4553 ιι
911 4514 960 4565 οἱ
995 4511 1135 4580 φίλοι
1171 4515 1553 4584 παρεγένοντο,
1585 4518 1679 4570 καὶ
1713 4518 1912 4583 ἰδόντες
1932 4522 2029 4573 αὐ-

353 4600 446 4653 τὸν
473 4599 772 4672 πόρρωθεν,
800 4602 868 4654 τά
889 4601 1078 4672 ἱμάτια
1107 4601 1415 4674 διέρρηξαν,
1450 4607 1544 4658 καὶ
1567 4606 1760 4659 σποδὸν
1787 4609 2028 4663 κατεπά-

269 4731 279 4738 .
358 4703 549 4750 σαντο,
597 4687 690 4738 καὶ
750 4687 890 4756 μέγα
943 4681 1264 4758 ἀνῴμωξαν.
1323 4689 1439 4743 Νῦν
1488 4691 1648 4746 τοῦτο
1693 4692 1794 4757 τὰς
1847 4693 2029 4759 πόλεις

359 4774 575 4836 ἁπάσας
601 4773 703 4836 τὰς
751 4774 931 4846 κύκλῳ
954 4775 1178 4848 ποιῆσαι
1207 4780 1392 4849 ἐχρῆν,
1436 4781 1530 4834 καὶ
1563 4780 1698 4852 πρὸς
1741 4783 1841 4852 τὴν
1877 4784 2028 4836 πόλιν

358 4861 458 4930 τὴν
497 4859 772 4931 ἡμετέραν
797 4861 991 4926 ἐλθεῖν,
1016 4866 1108 4916 καὶ
1136 4864 1404 4935 θρηνῆσαι
1432 4868 1497 4920 τὰ
1525 4869 1865 4939 γεγενημένα
1891 4870 2030 4940 μετά

363 4946 708 5018 συμπαθείας
736 4948 977 5017 ἀπάσης.
1027 4949 1261 5013 Ἐκεῖνος
1293 4952 1386 5004 ἐπὶ
1413 4954 1511 5023 τῆς
1534 4955 1767 5023 κοπρίας
1797 4956 2030 5028 ἐκάθητο

359 5035 501 5096 τότε,
534 5030 670 5103 αὐτη
701 5035 758 5086 ἐν
781 5033 988 5104 μεγάλῃ
1020 5035 1206 5103 παγίδι
1231 5030 1460 5103 κάθηται
1487 5039 1599 5092 νῦν.
1635 5040 1899 5112 Καθάπερ
1921 5043 2030 5114 γὰρ

356 5123 476 5174 τότε
499 5123 528 5175 6
564 5121 808 5184 διάϐολος
834 5124 912 5185 είς
944 5121 1012 5175 τά
1044 5122 1268 5192 ποίμνια
1293 5126 1385 5176 καὶ
1410 5126 1475 5178 τὰ
1502 5127 1776 5196 βουκόλια,
1802 5131 1894 5183 καὶ
1927 5133 2031 5184 πᾶ-

359 5227 457 5263 σαν
508 5210 796 5280 ὠρχήσατο
842 5211 935 5262 τοῦ
969 5211 1178 5264 δικαίου
1211 5211 1308 5283 τήν
1341 5214 1528 5268 οὐσίαν
1561 5227 1581 5255 ε
1603 5234 1614 5246 ’
1652 5217 1793 5271 οὕτω
1820 5217 1914 5272 νῦν
1949 5221 2028 5281 είς

358 5298 455 5366 τὴν
479 5298 631 5351 πόλιν
657 5299 876 5352 ἃπασαν
906 5297 1257 5368 ἐϐάκχευσεν.
1301 5300 1439 5354 Ἀλλ’
1460 5305 1488 5355 6
1507 5302 1640 5367 Θεὸς
1671 5305 1762 5356 καὶ
1791 5305 1913 5357 τότε
1937 5307 2030 5358 καὶ

357 5384 451 5436 νῦν
490 5383 834 5455 συνεχώρησε
858 5399 869 5410 ·
893 5385 1012 5438 τότε
1041 5383 1160 5456 μὲν,
1189 5387 1275 5440 ἵνα
1299 5387 1388 5440 τὸν
1415 5390 1622 5443 δίκαιον
1651 5391 2030 5462 λαμπρότερον

359 5473 557 5544 ποιήσῃ
604 5471 679 5541 τῷ
719 5471 936 5542 μεγέθει
971 5473 1080 5524 τῶν
1113 5475 1457 5546 πειρασμῶν,
1492 5477 1586 5528 νῦν
1618 5477 1696 5540 δὲ,
1747 5479 1834 5533 ἵνα
1883 5480 2030 5550 ἡμᾶς

359 5558 832 5628 σωφρονεστέρους
891 5559 1194 5630 ἐργάσηται
1251 5563 1318 5632 τῇ
1376 5564 1474 5633 τῆς
1539 5563 1772 5634 θλίψεως
1825 5567 2028 5636 ταύτης

419 5695 454 5770 ⁸.
474 5694 555 5781 Sic
577 5696 804 5778 ὃτι-ρ..οι
825 5701 1020 5760 quidam
1049 5716 1189 5781 φεμ,
1211 5709 1367 5781 {ceu};
1415 5705 1466 5754 In
1499 5705 1670 5756 Morel.
1702 5708 1805 5756 haec
1829 5710 2028 5772 desum,

353 5764 458 5816 περὶ
481 5764 832 5826 τῆς-συμϐάσης
856 5770 1095 5836 συμφορᾶς
1116 5766 1163 5812 ἐν
1193 5771 1251 5827 τῇ
1287 5767 1370 5811 πο)
1381 5783 1435 5813 ει.
2017 5764 2025 5772 ’

360 5880 379 5892 .
418 5820 616 5892 ξὸςιν-ιι.
641 5832 851 5892 ριςιιιιέιε
875 5826 950 5892 ὅτυε
985 5843 1066 5885 μεν
1099 5827 1177 5874 οὐν
1212 5831 1237 5876 ὁ
1271 5827 1394 5875 Ἰὼϐ.
1426 5867 1435 5875 .
1473 5830 1689 5890 ἐκάθητο,
1726 5833 2025 5890 armaarma;

360 5880 481 5931 Infra
506 5881 652 5930 ildom
677 5881 755 5929 νῦν
784 5885 833 5930 δὲ
856 5880 1010 5936 τοῦτο.

421 5943 442 5973 ε
470 5944 569 5994 Alﬁ
601 5946 675 5997 ιὴι
699 5947 863 5994 οἶκίαν,

2143 3985 2438 4059 ὑπερϐολῇ.
2474 3985 2600 4041 Δότε
2634 4006 2722 4059 μοι
2752 3987 3115 4060 θρηνῆσαιτά
3139 3986 3402 4060 παρόντα.
3443 3989 3810 4060 Ἐσιγήσαμεν

2136 4077 2350 4147 ἡμέρας
2395 4075 2552 4140 ἐπτά,
2602 4075 2861 4147 ’καθάπερ
2911 4078 2960 4128 οί
3009 4075 3154 4145 φίλοι
3201 4076 3296 4128 τοῦ
3351 4075 3470 4128 Ἰώϐ
3495 4093 3508 4106 ·
3553 4075 3673 4130 δότε
3720 4088 3809 4146 μοι

2136 4164 2312 4230 στόμα
2337 4162 2521 4234 διᾶραι
2555 4163 2814 4233 σήμερον,
2833 4163 2926 4215 καὶ
2952 4161 3049 4233 τὴν
3078 4161 3264 4233 κοινήν
3291 4161 3493 4232 ταύτην
3513 4161 3809 4233 ὀδύρασθαι

2135 4250 2441 4322 συμφοράν.
2485 4250 2582 4312 Τίς
2617 4252 2748 4322 ἡμῖν
2791 4249 3093 4322 ὲϐάσκηνεν
3128 4249 3179 4314 ἀ,
3219 4251 3524 4320 ἀγαπητοί;
3557 4251 3642 4313 τίς
3675 4253 3807 4320 ἡμῖν

2132 4337 2428 4408 ἐφθόνησε;
2460 4336 2622 4390 πόθεν
2649 4337 2933 4409 ήτοσαύτη
2963 4337 3149 4406 γέγονε
3175 4337 3442 4408 μεταϐολή
3465 4355 3480 4402 ;
3517 4338 3682 4391 Οὐδὲν
3708 4339 3808 4407 τῆς

2134 4424 2342 4487 πόλεως
2392 4423 2492 4493 τῆς
2545 4423 2823 4495 ἡμετέρας
2877 4423 3200 4494 σεμνότερον
3247 4418 3315 4493 ἦν
3339 4436 3355 4454 ⁶
3407 4423 3558 4476 οὐδὲν
3611 4425 3805 4493 γέγονε

2130 4513 2484 4584 ἐλεεινότερον
2515 4512 2630 4566 νῦν.
2670 4513 2851 4583 Δῆμος
2879 4511 3139 4576 εὔτακτος
3173 4513 3314 4566 οὕτω
3342 4514 3434 4567 καὶ
3463 4515 3686 4587 ἥμερος,
3715 4515 3808 4568 καὶ

2133 4599 2382 4670 καθάπερ
2411 4601 2575 4662 ἵππος
2599 4601 2888 4671 χειροήθης
2910 4599 3002 4653 καὶ
3025 4600 3300 4664 τιθασοὺς,
3325 4603 3412 4654 ἀεὶ
3436 4605 3556 4666 ταῖς
3578 4602 3686 4656 τῶν
3710 4604 3807 4672 ἀρ-

2133 4687 2337 4756 χόντων
2367 4688 2530 4741 εἴκων
2567 4690 2774 4760 χερσὶν,
2810 4689 3068 4759 ἐξαίφνης
3086 4690 3338 4745 τοσοῦτον
3372 4693 3502 4761 ἡμῖν
3533 4691 3805 4762 ἀπεσκίρ-

2132 4791 2264 4842 τησε
2302 4773 2416 4836 νῦν,
2448 4775 2521 4838 ώς
2551 4777 2788 4828 τοσαῦτα
2819 4777 3152 4848 ἐργάσασθαι
3197 4778 3364 4842 κακὰ,
3391 4778 3426 4832 ἀ
3465 4779 3598 4848 μηδέ
3625 4781 3803 4834 εἰπεῖν

2133 4859 2311 4930 θέμις.
2343 4862 2632 4934 Ὀδύρομαι
2663 4864 2756 4916 καὶ
2783 4863 2964 4934 θρηνῶ
2993 4864 3106 4927 νῦν,
3143 4865 3204 4917 οὐ
3237 4865 3325 4918 διὰ
3352 4865 3412 4918 τὸ
3443 4867 3671 4936 μέγεθος
3701 4869 3804 4937 τῆς

2134 4947 2588 5018 προσδοκωμένης
2631 4949 2880 5020 ἀπειλῆς,
2921 4949 3056 5002 ἀλλά
3096 4951 3184 5004 διὰ
3229 4951 3324 5021 τὴν
3362 4953 3665 5024 ὑπερϐολήν
3704 4956 3803 5025 τῆς

2132 5036 2500 5106 γεγενημένης
2536 5038 2754 5104 μανίας.
2787 5039 2847 5090 Εί
2883 5038 2992 5107 γὰρ
3019 5037 3094 5109 μὴ
3124 5039 3480 5112 παροξυνθείη
3529 5041 3801 5111 βασιλεὺς,

2137 5121 2273 5191 μηδὲ
2311 5122 2626 5192 ὀργισθείη,
2656 5123 2790 5192 μηδέ
2836 5123 3082 5178 κολάσειε
3123 5126 3217 5178 καὶ
3258 5129 3634 5196 τιμωρήσαιτο
3677 5125 3795 5202 [21]

2129 5209 2243 5272 πῶς
2269 5211 2506 5279 οἴσομεν,
2525 5211 2645 5264 εἰπέ
2669 5229 2780 5282 μοι,
2799 5213 2899 5283 τὴν
2925 5211 3186 5282 αἰσχύνην
3199 5211 3297 5280 τὴν
3315 5212 3422 5265 ἀπὸ
3447 5213 3552 5266 τῶν
3574 5232 3800 5287 γεγενη-

2131 5298 2338 5365 μέν‹ι›ν;
2389 5296 2750 5351 Διακόπτεταί
2799 5316 2889 5367 μοι
2936 5301 3034 5369 τῆς
3075 5298 3423 5362 διδασκαλίας
3466 5302 3493 5352 6
3525 5300 3680 5370 λόγος
3719 5303 3798 5374 τῷ

2128 5384 2326 5455 θρήνῳ·
2365 5373 2534 5454 μόλις
2570 5385 2736 5453 ἰσχύω
2772 5387 2952 5452 διᾶραι
2987 5387 3176 5454 στόμα,
3229 5387 3322 5438 καλ⁸
3349 5387 3554 5453 ἀνοῖξαι
3597 5390 3751 5460 χείλη
3776 5432 3793 5455 ,

2134 5467 2228 5518 καὶ
2261 5465 2483 5536 κινῆσαι
2514 5467 2780 5536 γλῶτταν,
2805 5470 2897 5522 καὶ
2927 5471 3145 5540 ῥήματα
3185 5471 3470 5540 προέσθαισ
3505 5472 3647 5527 οῦτω
3675 5475 3806 5527 καθ-

2135 5555 2278 5626 άπερ
2315 5555 2532 5626 χαλινὸς
2559 5559 2588 5610 6
2610 5557 2708 5627 τῆς
2730 5556 2966 5626 ἀθυμίας
2993 5557 3154 5626 ὁγκος
3173 5560 3504 5630 ἀποστρέφει
3527 5579 3625 5631 μου
3658 5574 3680 5601 ε
3706 5565 3804 5634 τὴν

2132 5641 2396 5707 γλῶτταν,
2429 5643 2524 5695 καὶ
2566 5643 2672 5695 τῶν
2716 5645 2974 5714 ῥημάτων
3012 5645 3464 5716 ἐπιλαμϐάνεται.
3505 5649 3670 5701 Οὐδὲν
3709 5652 3806 5720 τῆς

2136 5729 2341 5792 πόλεως
2369 5731 2466 5800 τῆς
2489 5731 2764 5802 ἡμετέρας
2797 5733 3058 5802 πρότερον
3099 5733 3511 5804 μακαριώτερον
3537 5731 3624 5804 ἦν,
3656 5737 3807 5789 οὐδὲν

2145 5895 2154 5905 η
2197 5831 2243 5912 rd,
2269 5833 2726 5912 Sas'il.‘e‘l__qui£la[ll_
2763 5849 2878 5882 mss.
2905 5835 2972 5890 τίς
2998 5838 3108 5897 ἡμῖν
3135 5838 3410 5898 ἐϐάσκηνεν,
3453 5840 3550 5899 ἀγ.;
3599 5839 3668 5895 τίς
3699 5843 3810 5902 ἡμῖν

2139 5896 2390 5954 ἐφθόνησα
2419 5896 2514 5944 Alii
2537 5899 2662 5955 ἡμᾶς
2683 5896 2772 5944 bis.
3038 5896 3042 5897 ί
3400 5896 3405 5898 -
3495 5896 3502 5899 .
3541 5896 3545 5897 κ
3720 5896 3742 5902 κ.

2209 5969 2230 5995 e
2257 5955 2404 6005 SM“.
2433 5964 2481 6006 cl
2505 5958 2880 6021 aliiinoorpé;az
2903 5975 2997 6020 μοι.
3023 5959 3128 6008 Mox
3153 5961 3298 6022 aliqui
3335 5963 3542 6022 μέὶιτται
3569 5959 3742 6026 κηρίῳ.
