4072 6384
373 361 444 416 53
1334 357 1421 413 Al)
1460 356 1778 415 POPULUM
1820 355 2329 417 ANTIOCHENUM.
2376 357 2603 415 llOMlL.
2635 358 2696 416 ll.
3593 363 3662 420 31’.

373 488 423 532 et
456 472 620 533 Judzei
651 479 702 531 et
723 474 966 546 gentiles,
986 470 1319 529 Christianos
1337 488 1456 527 esse
1490 472 1717 526 civitatis
1740 486 1964 526 censen

371 581 605 631 vatorcs,
640 577 692 622 ct
721 576 1017 628 curatores,
1049 573 1104 619 et
1125 564 1379 632 prtesidcs
1407 606 1422 632 ,
1463 573 1516 618 et
1556 568 1837 634 magis-tros
1865 582 1877 618 :
1911 575 1966 618 et

375 663 516 714 idem
544 660 755 714 discant
780 658 1024 712 dissoluti
1052 666 1104 710 et
1126 657 1395 726 perversi,
1430 658 1690 711 timendos
1716 658 1813 713 sibi
1844 674 1965 711 esse

374 754 464 807 Dei
490 766 694 814 servos,
717 758 773 802 ut
800 750 916 803 etsi
943 747 1068 819 quid
1099 748 1201 801 tale
1221 747 1362 818 loqui
1388 764 1636 816 umquam
1654 749 1965 817 aggredian-

372 854 478 906 tur,
514 857 632 896 sese
660 842 890 909 undique
910 840 1342 910 circumspiciunt
1371 850 1426 894 et
1457 842 1667 894 umbras
1707 840 1959 901 timeant,

371 935 513 1001 anxii
538 949 601 988 ne
626 934 758 987 forte
779 934 1117 987 Christianus
1132 933 1353 986 audiens
1377 932 1587 996 insiliat,
1614 942 1666 985 et
1687 933 1967 985 vehemen-

372 1014 476 1080 tius
499 1026 703 1095 puniat.
749 1024 1072 1078 Nonaudisti
1095 1023 1216 1094 quid
1238 1024 1471 1077 Joannes
1506 1024 1730 1077 fecerit?
1755 1023 1962 1092 Tyran-

372 1137 500 1174 num
538 1120 950 1174 viditbomiuem
975 1119 1275 1187 nuptiarum
1298 1117 1443 1187 leges
1462 1117 1881 1177 subvertentcm,
1910 1122 1965 1169 et

370 1227 495 1264 cum
539 1210 726 1264 fiducia
760 1211 809 1263 itt
838 1210 1021 1264 medio’
1043 1208 1161 1262 foro
1190 1209 1350 1261 dicit:
1386 1206 1504 1261 Non
1536 1208 1648 1260 licet
1677 1208 1764 1260 tibi
1783 1207 1963 1259 habere

372 1318 579 1355 uxorem
610 1300 837 1370 Philippi
856 1302 1025 1373 fratris
1052 1302 1125 1354 tui
1142 1299 1512 1370 (Marc.6.l8).
1534 1300 1642 1368 l-Igo
1658 1308 1835 1352 autem
1856 1314 1960 1352 non

372 1395 441 1449 ad
467 1405 744 1463 tyrannum
787 1405 838 1451 te
874 1395 999 1449 duxi
1024 1436 1039 1461 ,
1065 1409 1238 1464 neque
1264 1394 1329 1447 ad
1362 1393 1629 1462 judicent,
1664 1407 1835 1462 neque
1867 1408 1963 1460 pro

370 1485 571 1553 nuptiis
605 1485 893 1555 illegitimis
923 1525 937 1548 ,
988 1500 1162 1553 neque
1207 1498 1302 1553 pro
1346 1487 1617 1538 conservis
1642 1482 1959 1535 contumelia

368 1578 595 1641 allectis,
624 1578 717 1629 Sed
758 1592 851 1643 pro
876 1575 1054 1629 furore
1078 1576 1130 1629 in
1162 1574 1461 1640 hominum,
1494 1572 1752 1641 aequalem
1786 1581 1841 1625 ut
1875 1587 1961 1625 ea-

366 1668 531 1734 stiges
560 1668 811 1735 deposco.
838 1666 1024 1721 Nonne
1053 1666 1098 1720 si
1114 1667 1204 1720 tibi
1228 1666 1503 1730 dixissem,
1538 1678 1690 1732 reges
1722 1664 1799 1717 vel
1818 1662 1961 1731 judi-

367 1773 459 1811 ces
487 1758 893 1826 pra-varicantcs
917 1758 1040 1825 puni
1068 1757 1150 1811 vel
1173 1756 1399 1825 corrige,
1431 1771 1518 1809 mc
1541 1754 1773 1807 insanire
1803 1754 1961 1807 dixis-

366 1850 499 1904 ses?
543 1851 605 1904 Et
648 1861 823 1904 tamen
851 1850 1084 1906 Joannes
1126 1850 1228 1905 hoc
1264 1851 1425 1903 fecit:
1477 1849 1611 1901 adeo
1654 1862 1760 1899 non
1800 1857 1883 1901 est
1909 1846 1958 1900 id

363 1958 525 2012 supra
562 1958 676 1997 nos.
707 1943 861 1997 Nunc
878 1959 1003 1998 vero
1024 1945 1211 1998 saltem
1234 1958 1573 2005 conservum,
1599 1941 1681 1995 vel
1699 1944 1957 2011 aequalem

362 2035 571 2104 Corrige
597 2076 612 2100 ,
643 2036 767 2089 etsi
813 2035 947 2089 mori
978 2051 1112 2105 opus
1155 2037 1257 2100 sit,
1312 2037 1575 2107 castigare
1627 2036 1845 2091 fratrem
1892 2052 1956 2091 t.e

365 2136 608 2194 torpens:
640 2128 951 2197 martyrium
978 2128 1069 2180 tibi
1099 2128 1198 2181 hoc
1222 2135 1305 2182 est
1325 2170 1338 2192 ,
1365 2129 1613 2198 quoniam
1644 2140 1695 2183 et
1715 2128 1954 2184 Joannes

364 2229 568 2287 martyr
597 2218 711 2271 fuit.
748 2220 860 2271 Non
888 2221 1382 2290 sacrificat-ejttssus
1403 2221 1520 2287 fuit,
1553 2237 1728 2291 neque
1750 2222 1951 2277 idolum

364 2311 590 2363 adorare
611 2352 625 2376 ,
653 2311 747 2364 sed
795 2328 890 2381 pro
930 2314 1095 2368 sacris
1143 2312 1345 2383 legibus
1378 2314 1651 2367 temeratis
1680 2325 1837 2383 caput
1866 2315 1957 2367 dc-

360 2409 569 2475 posuit:
592 2414 645 2459 et
665 2414 715 2456 ttt
748 2405 906 2474 igitur
926 2420 1023 2474 pro
1049 2406 1267 2460 veritate
1295 2420 1461 2475 usque
1491 2405 1554 2459 ad
1583 2417 1807 2460 mortem
1826 2422 1955 2459 con-

363 2501 603 2563 tende,et.
634 2500 771 2551 Deus
800 2497 1051 2567 pugnabit
1078 2511 1172 2564 pro
1193 2496 1375 2551 te.Nec
1394 2497 1520 2550 mihi
1545 2496 1668 2550 illud
1688 2497 1835 2551 dicas
1861 2497 1955 2550 fri-

359 2589 542 2659 gidum
559 2589 941 2655 verbum,Quid
964 2588 1091 2642 mihi
1107 2604 1249 2642 cura:
1262 2589 1376 2643 est?
1391 2605 1511 2643 cum
1532 2589 1644 2657 ipso
1675 2604 1956 2644 commune

360 2680 534 2735 habeo
552 2682 702 2736 nihil.
722 2680 852 2734 Cum
866 2682 1077 2736 diabolo
1093 2683 1207 2736 solo
1224 2698 1506 2736 cmnmunc
1524 2682 1654 2735 nihil
1673 2682 1953 2748 habemus,

366 2790 490 2828 cum
545 2775 797 2829 omnibus
857 2784 1034 2828 autem
1103 2774 1406 2828 hominibus
1470 2776 1631 2827 multa
1698 2775 1956 2829 habemus

355 2872 678 2922 communia.
733 2867 985 2936 Ejusdem
1037 2868 1179 2922 enim
1224 2868 1499 2921 nobiscum
1564 2878 1766 2921 natura:
1830 2882 1954 2936 par-

360 2961 549 3030 ticipes
606 2972 727 3015 sunt
770 3001 784 3024 ,
842 2962 1085 3013 eamdem
1141 2962 1380 3014 habitant
1424 2972 1617 3014 terram
1664 3001 1677 3023 ,
1741 2960 1956 3013 iisdem-

356 3069 461 3121 que
510 3052 724 3105 aluntur
779 3052 1117 3105 nutrimentis
1162 3093 1178 3114 ,
1220 3051 1464 3106 eumdem
1530 3051 1727 3105 habent
1781 3050 1957 3103 Domi-

357 3160 521 3202 num.
547 3144 760 3197 easdem
802 3153 1060 3212 ceperunt
1094 3144 1273 3212 leges,
1320 3142 1387 3196 ad
1435 3143 1622 3198 eadem
1673 3141 1948 3194 llOlterlllli

355 3275 554 3290 h—

2073 471 2210 525 bona
2257 472 2564 527 invitantur.
2612 472 2692 529 Ne
2749 473 2907 545 igitur
2934 474 3174 531 dicamus
3214 491 3312 533 nos
3339 475 3469 533 nihil
3509 493 3659 535 como

2075 579 2236 618 mune
2255 579 2374 618 cum
2407 566 2535 634 ipsis
2565 565 2763 621 habere
2788 585 2800 619 :
2831 569 3065 623 satanica
3086 582 3168 625 est
3195 574 3291 626 ista
3315 588 3439 634 vox,
3465 574 3656 627 diam.

2073 652 2172 706 lica
2221 654 2599 709 inhumanitas.
2655 656 2732 711 Nc
2770 657 2928 727 igitur
2970 658 3085 714 inec
3131 660 3391 728 dicamus,
3414 663 3509 718 sed
3534 678 3664 718 con-

2068 760 2254 815 gruam
2284 745 2534 802 fratribus
2562 763 2744 802 curam
2781 750 3147 805 exhibeamus.
3193 753 3305 823 Ego
3348 764 3527 809 autem
3558 755 3661 811 hoc

2068 851 2191 888 eum
2219 837 2363 889 omni
2403 837 2660 905 polliceor
2688 841 3027 896 aceuratione
3056 884 3070 905 ,
3115 852 3170 896 et
3210 843 3358 897 vobis
3407 846 3658 900 omnibus

2073 928 2343 995 spondeo:
2370 929 2511 999 quod
2534 930 2577 983 si
2602 945 2696 983 vos
2713 946 2899 986 omnes
2925 932 3010 987 hic
3041 946 3331 1003 prmseutes
3349 937 3542 991 civium
3567 952 3625 991 sa
3641 968 3657 977 -

2071 1018 2236 1073 hucm
2262 1034 2451 1075 curare
2481 1021 2754 1075 volueritis
2786 1064 2802 1089 ,
2829 1023 2977 1077 brevi
3006 1034 3119 1079 tota
3145 1025 3301 1079 nobis
3329 1027 3517 1080 civitas
3539 1042 3660 1081 cor-

2071 1111 2302 1179 rigetur:
2340 1113 2547 1167 tametsi
2571 1115 2914 1185 minimaejus
2933 1132 3054 1185 pars
3083 1117 3166 1171 hic
3188 1127 3288 1183 est,
3321 1120 3660 1177 multitudine

2073 1205 2290 1257 minima
2317 1247 2329 1268 ,
2363 1207 2455 1260 sed
2491 1208 2687 1277 pietate
2715 1225 2942 1263 summa.
2981 1210 3356 1280 liispensemus
3384 1214 3542 1284 igitur
3568 1229 3656 1269 sa-

2069 1296 2232 1349 lutem
2291 1300 2509 1353 fratrum
2550 1312 2885 1364 nostrorum;
2933 1303 3125 1358 sufficit
3164 1321 3299 1359 unus
3343 1306 3503 1363 homo
3534 1309 3656 1364 fidei

2070 1389 2183 1442 zelo
2213 1404 2504 1446 succensus
2531 1392 2597 1447 ad
2629 1402 2795 1447 tomm
2822 1395 3193 1464 corrigendum
3228 1400 3497 1468 pepulum.
3520 1404 3653 1455 Cum

2068 1497 2197 1534 vero
2226 1498 2327 1535 non
2360 1499 2497 1538 unus
2528 1494 2753 1548 tantum,
2779 1501 2950 1556 neque
2976 1486 3080 1540 duo
3111 1488 3191 1542 vel
3224 1498 3351 1552 tres,
3383 1490 3476 1544 sed
3507 1501 3652 1547 tanta

2065 1574 2135 1624 sit
2164 1574 2475 1639 multitudo,
2522 1592 2640 1645 qua:
2682 1578 3059 1647 negligentinm
3094 1595 3275 1634 curam
3304 1584 3468 1651 possit
3494 1585 3654 1638 attin-

2064 1681 2209 1734 gere,
2242 1684 2345 1721 non
2376 1668 2623 1734 aliunde,
2657 1686 2815 1738 quam
2844 1687 2937 1739 per
2961 1681 3227 1742 torporem
3257 1687 3491 1730 vestrum
3513 1720 3526 1739 ,
3557 1695 3657 1734 nec

2067 1772 2159 1826 per
2190 1758 2546 1815 inlirmilatcm
2573 1762 2750 1830 plures
2781 1774 3007 1832 pereunt
3059 1776 3114 1820 et
3160 1767 3428 1822 labuntur.
3456 1772 3649 1823 Annon

2065 1849 2355 1903 absurdum
2388 1892 2402 1916 ,
2435 1854 2477 1905 si
2508 1868 2736 1922 pugnam
2771 1854 2983 1924 quidem
3013 1857 3064 1909 in
3106 1855 3220 1911 foro
3252 1859 3557 1923 videamus,
3586 1876 3656 1915 eo

2062 1941 2321 1996 accedere
2340 1952 2394 1997 et
2442 1956 2738 2014 pugnantes
2790 1948 3113 2002 conciliare:
3178 1950 3303 2016 quid
3359 1967 3485 2005 vero
3531 1953 3655 2006 dico

2063 2035 2335 2104 pugnam?
2359 2037 2401 2089 si
2428 2038 2637 2091 asinum
2665 2039 2925 2094 cecidisse
2954 2040 3246 2095 viderimus
3274 2084 3289 2108 ,
3321 2059 3507 2098 omnes
3539 2061 3652 2098 tua-

2065 2144 2189 2180 tmtn
2223 2131 2511 2199 porrigere,
2544 2139 2598 2184 et
2622 2131 2819 2200 pariter
2849 2132 3095 2201 erigere:
3128 2133 3349 2188 fratrum
3381 2151 3507 2189 vero
3530 2151 3653 2205 per-

2060 2219 2298 2272 euntium
2329 2235 2511 2274 curam
2542 2222 2739 2275 habere
2766 2222 3003 2275 nullam?
3034 2224 3229 2277 Asinus
3274 2233 3355 2278 est
3399 2224 3650 2294 blasphe-

2063 2325 2212 2371 mus;
2244 2310 2533 2365 iracundia:
2560 2311 2768 2380 pondus
2801 2328 2906 2366 non
2936 2312 3146 2381 ferens,
3168 2316 3390 2370 cecidit:
3423 2316 3645 2384 accede,

2062 2402 2205 2468 erige
2228 2402 2423 2464 verbis,
2455 2401 2610 2456 factis
2639 2444 2657 2470 ,
2689 2403 2908 2458 lenitate
2930 2446 2944 2469 ,
2980 2404 3317 2460 vehementia
3349 2449 3363 2472 ,
3398 2408 3539 2460 varia
3580 2411 3651 2462 sit

2062 2492 2343 2546 medicina.
2368 2493 2519 2561 Quod
2550 2495 2591 2548 si
2624 2504 2805 2548 nostra
2849 2496 2925 2549 sic
2966 2497 3309 2563 disponanms
3334 2540 3351 2564 ,
3383 2508 3435 2552 et
3464 2514 3646 2567 pron-

2062 2600 2269 2637 murum
2302 2587 2526 2639 salutem
2569 2588 2940 2656 suscipiamus,
2970 2590 3076 2642 cito
3104 2601 3158 2644 et
3184 2590 3286 2643 illis
3314 2592 3441 2659 ipsis
3467 2607 3653 2647 corre-

2061 2677 2290 2729 ctionem
2315 2676 2718 2732 admittentibus
2743 2678 3124 2734 desiderabiles
3140 2682 3339 2737 erimus
3364 2693 3418 2737 et
3445 2685 3649 2739 amabi-

2064 2768 2165 2832 les,
2197 2776 2254 2820 et
2290 2768 2429 2836 quod
2480 2768 2728 2821 omnibus
2773 2769 2944 2837 majus
2964 2780 3044 2823 est
3070 2813 3085 2837 ,
3117 2772 3365 2840 repositis
3411 2772 3649 2827 fruemur

2064 2858 2218 2912 bonis
2250 2899 2265 2923 ,
2298 2876 2415 2927 quze
2452 2876 2549 2913 nos
2571 2874 2758 2913 omnes
2784 2862 3005 2929 adipisci
3034 2863 3309 2932 contingat
3336 2904 3351 2926 ,
3379 2865 3547 2933 gratia
3594 2874 3650 2918 et

2062 2950 2389 3020 benignitate
2422 2952 2628 3004 Domini
2664 2952 2829 3005 nostri
2861 2952 2987 3007 Jcsu
3024 2953 3217 3007 Christi
3249 2995 3263 3019 ,
3290 2970 3383 3023 per
3408 2972 3565 3023 quem
3593 2968 3649 3010 et

2061 3059 2181 3096 eum
2209 3060 2314 3113 quo
2339 3044 2478 3096 Patri
2501 3055 2551 3097 ct
2579 3045 2775 3098 Sancto
2799 3043 3020 3113 Spiritui
3045 3046 3232 3114 gloria,
3271 3057 3526 3114 potestas,
3553 3047 3649 3101 h0-

2064 3154 2183 3197 ltor,
2219 3152 2355 3189 nunc
2377 3147 2431 3189 et
2458 3153 2690 3202 semper,
2718 3147 2769 3191 et
2800 3139 2850 3190 itt
2869 3139 3061 3191 secula
3086 3141 3423 3194 surculorum.
3453 3142 3649 3196 Amen.

1612 3378 1960 3441 HOMlLlA
1998 3376 2378 3448 SECUNDA,

360 3574 718 3617 ANTIOCIII£
780 3573 1011 3615 ΠΛΒΙΤΔ
1070 3573 1134 3613 IN
1181 3570 1476 3613 ECCLESIA
1521 3570 1707 3613 DlCTA
1741 3570 1996 3625 VETERI,

2061 3569 2193 3612 CUM
2236 3569 2372 3611 IPSE
2417 3569 2781 3611 PRESBYTER
2820 3569 3030 3623 ESSET,
3068 3572 3149 3613 DE
3204 3572 3637 3628 CALAMITATE,

438 3677 579 3729 ρυιε
623 3674 770 3717 URBI
812 3673 1065 3716 ACCIDIT
1108 3672 1228 3713 PRO
1283 3670 1584 3713 TUMULTU
1654 3670 1956 3711 SUBVERSlt

2067 3670 2095 3713 S
2165 3669 2485 3711 IMAGINUM
2540 3669 2885 3712 THEODOSII
2949 3671 3149 3713 MAGNI
3206 3673 3632 3719 IMPERATORIS

440 3781 547 3829 PII,
596 3779 674 3820 ET
732 3777 793 3819 [Nl
840 3776 1081 3817 merum
1125 3772 1441 3827 APOSTOLI,
1488 3771 1808 3813 DIVITIBUS
1850 3771 2047 3813 news
2091 3770 2326 3813 secum
2372 3769 2655 3810 PILECIPE
2713 3770 2834 3811 NON
2904 3770 3174 3813 suaenam
3228 3773 3466 3817 SAPERE
3538 3758 3633 3837 (ι.

439 3863 591 3923 Tim.
637 3861 696 3919 6.
746 3859 819 3919 17
852 3858 912 3938 ):
964 3876 1043 3917 ET
1084 3875 1329 3917 conrna
1364 3872 1739 3915 AVABITIAM.

435 4145 486 4199 1.
518 4143 652 4211 Quid
679 4142 870 4203 dicato,
897 4149 986 4192 attt
1008 4138 1130 4207 quid
1160 4133 1387 4205 loquar?
1414 4134 1765 4203 laerytnarutn
1808 4148 1948 4199 prte-

363 4253 485 4292 scus
508 4247 848 4300 tctnpus,non
879 4232 1183 4287 verborum:
1205 4231 1573 4288 lucttlttm,nou
1597 4240 1900 4279 sermonum
1932 4243 1945 4276 :

368 4327 686 4400 precationis
718 4367 733 4391 ,
790 4341 894 4380 non
942 4322 1233 4377 concionis.
1283 4321 1447 4375 Tanta
1506 4326 1831 4388 patratorttm
1867 4326 1949 4371 Cal

365 4417 694 4488 magnitudo,
730 4426 833 4469 tam
852 4413 1239 4469 immedicabile
1256 4411 1463 4475 vulnus,
1485 4420 1587 4462 tam
1608 4418 1750 4461 vasta
1778 4407 1946 4476 plaga,

365 4521 418 4566 ct
444 4511 588 4564 omni
617 4508 969 4564 medicamine
995 4507 1165 4575 major
1186 4547 1201 4571 ,
1234 4514 1287 4559 et
1326 4518 1555 4573 superno
1583 4502 1825 4570 indigens
1850 4515 1946 4552 au-

369 4602 516 4656 tilio.
543 4602 633 4657 Sic
656 4603 798 4656 enim
831 4609 883 4654 ct
907 4599 1008 4654 Job
1037 4597 1285 4651 omnibus
1314 4595 1525 4649 amissis
1564 4596 1614 4647 in
1649 4595 1772 4646 linto
1799 4591 1950 4645 sede—

368 4691 592 4759 hat(.lob
619 4692 676 4746 2.
725 4696 805 4757 8),
847 4700 899 4745 ct
920 4689 1191 4744 audientes
1209 4687 1363 4741 amici
1386 4686 1950 4753 accesserunt,ipsum-

368 4800 469 4854 que
496 4783 677 4853 procul
704 4782 992 4852 conspicati
1026 4780 1353 4834 disciderunt
1386 4778 1696 4832 vestimenta
1722 4819 1734 4833 .
1765 4788 1815 4831 et
1838 4776 1939 4830 sibi

368 4876 601 4930 cinerem
652 4874 1055 4941 insperserunt,
1098 4878 1151 4925 et
1217 4869 1563 4924 vehementer
1624 4867 1946 4936 ingemuere.

372 4968 510 5021 Idem
542 4983 679 5020 nunc
709 4966 883 5019 facere
917 4965 1116 5018 vicinas
1145 4977 1330 5015 omnes
1363 4961 1604 5015 civitates
1630 4959 1905 5025 Oportebat
1933 4998 1946 5019 ,

368 5060 434 5113 ad
476 5059 656 5112 urbem
705 5065 940 5111 nostram
988 5054 1169 5107 venire
1195 5094 1208 5114 ,
1251 5063 1301 5106 cl
1348 5068 1464 5120 qua:
1500 5050 1799 5104 acciderant
1830 5066 1948 5105 eum

368 5151 515 5205 omni
558 5148 1022 5205 commiseratione
1060 5145 1278 5199 deflere.
1334 5144 1423 5196 llle
1469 5144 1519 5195 in
1556 5152 1791 5196 stereorc
1830 5152 1953 5197 luuc

369 5244 610 5306 sedebat,
638 5244 752 5297 hare
789 5241 839 5293 in
878 5254 1070 5309 magno
1099 5237 1288 5306 laqueo
1338 5251 1477 5288 nunc
1510 5234 1768 5288 considet.
1806 5235 1951 5289 Sient

369 5339 511 5393 enim
542 5347 668 5391 tunc
697 5336 938 5390 diabolus
966 5337 1014 5387 in
1044 5348 1231 5403 greges
1269 5341 1321 5385 et
1357 5340 1598 5385 armenta
1619 5374 1633 5395 ,
1662 5341 1708 5383 et
1740 5346 1951 5384 omnem

378 5431 499 5484 iusti
528 5429 876 5484 substantiam
910 5426 1127 5481 insiliit:
1160 5427 1236 5478 sic
1265 5441 1406 5477 nunc
1438 5424 1489 5477 in
1516 5438 1730 5477 omnem
1765 5423 1950 5476 civita-

375 5530 534 5576 tatem
558 5520 912 5575 debacchatus
931 5528 1029 5572 est.
1058 5517 1161 5572 Sed
1187 5518 1323 5570 Deus
1346 5525 1399 5569 et
1429 5525 1554 5569 tunc
1575 5523 1629 5568 et
1661 5531 1800 5568 nunc
1836 5530 1956 5583 pcr-

353 5615 547 5675 imisit:
595 5623 723 5668 tunc
764 5613 1012 5683 quidem,
1061 5622 1120 5665 ut
1156 5611 1356 5679 justum
1396 5609 1675 5664 clariorem
1713 5608 1957 5662 redderet

375 5708 725 5763 tentationum
757 5704 1149 5774 magnitudine;
1180 5718 1322 5756 nunc
1360 5716 1487 5755 vero
1517 5745 1530 5764 ,
1564 5710 1621 5755 ut
1646 5716 1743 5754 nos
1771 5700 1953 5754 mode-

376 5818 566 5858 sumes
596 5814 847 5854 mremna:
866 5797 1022 5867 hujus
1048 5794 1410 5866 magnitudine
1434 5794 1638 5848 reddat.
1663 5793 1789 5847 Date
1810 5792 1960 5857 mihi,

2057 4146 2112 4189 ut
2136 4136 2413 4204 prmsentia
2443 4136 2669 4205 lugeam.
2701 4136 2987 4192 Tacuitnus
3015 4138 3129 4193 dies
3160 4148 3364 4208 septem
3387 4182 3401 4205 ,
3425 4141 3563 4195 sicut
3587 4152 3643 4196 et

2056 4227 2209 4281 amici
2240 4228 2345 4281 Job
2369 4224 2488 4297 (Job
2506 4230 2561 4285 2.
2596 4231 2726 4298 13);
2756 4232 3031 4287 cenet-dite
3056 4233 3282 4286 hodiettt
3309 4248 3368 4286 os
3387 4237 3653 4304 aperiam,

2055 4328 2109 4370 et
2141 4316 2277 4371 hanc
2301 4335 2634 4375 communem
2664 4321 2870 4390 lugeam
2899 4323 3273 4378 calamitatem.
3320 4323 3448 4390 Quis
3490 4325 3651 4382 nobis

2060 4408 2757 4481 invidit,charissim?quis
2787 4412 2838 4465 in
2873 4429 2970 4467 nos
2997 4413 3165 4468 livore
3193 4426 3494 4471 commotus
3515 4428 3597 4472 est
3617 4421 3651 4472 ?'

2060 4501 2197 4555 unde
2226 4510 2369 4555 tanta
2397 4501 2530 4556 facta
2558 4511 2639 4556 est
2678 4505 2948 4558 mutatio?
2982 4505 3119 4559 Nihil
3148 4506 3319 4561 fuerat
3347 4516 3529 4563 nostra
3559 4510 3639 4563 ei-

2060 4596 2221 4651 )‘itale
2242 4595 2629 4649 venerabilius:
2658 4596 2785 4648 nihil
2805 4611 2943 4650 nunc
2961 4608 3043 4651 est
3060 4598 3434 4653 miserabilius.
3470 4600 3646 4667 l’Opu-

2059 4687 2139 4739 lus
2172 4696 2276 4739 tam
2307 4688 2634 4757 compositus
2671 4695 2725 4741 et
2779 4698 3085 4743 mansuetus
3114 4731 3129 4755 ,
3162 4691 3307 4745 velut
3333 4707 3499 4761 equus
3541 4702 3648 4747 tra-

2062 4781 2273 4833 ctabilis
2319 4792 2373 4834 et
2426 4781 2665 4849 placidus
2716 4784 3344 4849 setnperaccersentium
3398 4787 3648 4841 manibus

2057 4873 2286 4937 cedens,
2321 4883 2541 4940 repente
2581 4883 2781 4926 tantmn
2815 4889 2956 4926 nunc
2998 4874 3152 4928 nobis
3193 4877 3383 4931 resiliit
3411 4918 3427 4943 ,
3462 4888 3517 4932 ut
3566 4889 3644 4933 tot

2060 4966 2194 5018 tnala
2221 4963 2407 5020 fecerit
2431 5008 2446 5027 ,
2485 4975 2612 5034 quot
2638 4980 2809 5034 neque
2833 4965 3012 5019 dicere
3039 4965 3134 5020 fas.
3160 4966 3449 5022 Lameutor
3478 4981 3531 5023 et
3561 4970 3645 5023 lu-

2057 5070 2157 5123 geo
2205 5072 2343 5107 mme.
2374 5096 2389 5119 ,
2446 5072 2549 5108 non
2598 5066 2814 5122 propter
2862 5067 3188 5125 exspectata:
3215 5056 3649 5116 comminationis

2060 5146 2500 5215 magnitudinem,
2524 5146 2617 5200 sed
2650 5158 2867 5214 propter
2897 5147 3113 5200 nimiam
3145 5159 3472 5215 patratorum
3503 5151 3649 5205 insa-

2061 5238 2222 5289 niam.
2255 5236 2402 5290 Licet
2437 5238 2577 5291 cuitu
2626 5254 2728 5291 non
2773 5239 3069 5293 irritarctur
3100 5239 3395 5307 hnperator
3426 5283 3439 5306 ,
3474 5258 3651 5312 neque

2062 5330 2271 5396 puniret
2297 5337 2351 5382 ct
2378 5330 2681 5396 castigaret,
2709 5329 3000 5396 quomodo,
3031 5329 3117 5383 die
3148 5331 3273 5382 mihi
3301 5372 3315 5391 ,
3352 5332 3653 5387 facinorum

2062 5418 2741 5490 ignominiamferremus?
2789 5422 2954 5475 Luetu
3000 5422 3332 5476 intereiditur
3380 5424 3509 5477 mihi
3548 5425 3655 5480 do-

2061 5511 2246 5564 ctrinae
2288 5524 2487 5574 sermo,
2525 5509 2611 5563 vix
2636 5524 2697 5564 os
2740 5526 2982 5574 reserare
3006 5512 3153 5566 valeo
3180 5522 3230 5566 cl
3261 5512 3392 5565 labia
3415 5529 3652 5585 aperire,

2064 5604 2292 5673 linguam
2326 5619 2539 5658 movere
2560 5612 2614 5657 et
2640 5604 2884 5658 emittere
2910 5605 3099 5658 verba:
3146 5606 3223 5659 sic
3250 5617 3517 5675 tamquam
3542 5610 3649 5664 fre-

2064 5712 2188 5749 nutn
2215 5696 2415 5750 doloris
2442 5696 2523 5749 vis
2550 5694 2769 5764 impedit
2798 5694 3028 5764 linguam
3054 5711 3224 5749 meam
3250 5738 3266 5763 ,
3298 5708 3352 5752 ct
3383 5699 3542 5754 verba
3569 5699 3648 5756 in-

2066 5789 2293 5858 tercipit.
2325 5786 2466 5844 Nihil
2490 5788 2703 5843 civitate
2732 5794 2915 5842 nostra
2936 5786 3084 5858 prius
3108 5797 3222 5843 erat
3250 5790 3491 5858 beatius;
3519 5790 3656 5848 nihil
