4072 6384
419 373 489 431 35
1165 371 1224 428 S.
1247 372 1365 428 1οΛ
1376 371 1530 428 NNlS
1569 368 2039 426 CIIRYSUSTOMI
2063 367 2378 423 ARCHIEP.
2411 367 2942 427 CONSTANTINOP.
3623 378 3693 434 ω

423 498 563 540 nunc
593 482 948 552 iniucundius.
993 483 1453 550 Quemadmodum
1481 499 1606 553 apes
1637 482 2000 536 bombizantes

422 579 653 644 alveare,
682 576 759 632 sic
778 575 951 631 forum
981 593 1073 646 per
1098 575 1334 643 singulos
1360 576 1474 630 dies
1488 575 1632 630 cives
1655 574 2003 629 circumvola-

423 669 584 733 bant,
617 679 671 722 et
705 684 891 722 omnes
921 667 987 721 de
1029 667 1125 721 hac
1174 683 1270 721 uos
1318 667 1655 720 multitudine
1700 666 1883 720 beatos
1911 680 2006 717 vo-

420 776 480 813 ca
491 761 635 814 bant.

490 855 911 906 Antiochenam»:
933 853 1192 905 calamitas
1211 863 1319 923 post
1340 851 1558 920 dejectas
1577 861 1788 904 statuas.
1811 880 1877 890 -
1895 847 2001 904 Sed

419 961 546 999 ecce
572 960 708 998 nunc
736 944 836 998 hoc
856 944 1065 996 alveare
1083 941 1375 996 Solitariam
1399 942 1659 997 redditum
1678 951 1759 994 est
1784 958 1798 995 :
1819 953 2004 1009 quem-

419 1037 705 1091 admodum
745 1037 884 1089 enim
914 1051 1040 1104 apes
1071 1036 1184 1088 illas
1215 1034 1388 1088 fut-tus
1409 1076 1424 1095 ,
1459 1035 1537 1088 sic
1563 1034 1659 1087 bas
1683 1047 1812 1101 apes
1847 1031 2004 1084 timor

418 1127 616 1198 fugavit
651 1145 663 1180 :
697 1127 804 1180 imo
833 1128 1007 1195 potius
1037 1127 1174 1194 quod
1204 1126 1271 1179 de
1303 1125 1596 1180 Jerusalem
1634 1124 1889 1194 prolihcla
1923 1125 2004 1175 Iu-

419 1235 550 1287 gens
572 1219 738 1283 dixit,
767 1217 869 1272 hoc
898 1228 950 1272 et
981 1234 1077 1272 nos
1113 1217 1178 1272 ad
1222 1233 1454 1286 pnesens
1491 1225 1699 1286 tempus
1727 1216 1999 1278 dicemus,

419 1310 583 1366 Facta
620 1321 689 1366 est
730 1309 872 1364 nobis
909 1311 1082 1363 civitas
1112 1319 1166 1363 ut
1195 1309 1495 1363 terebinthus
1524 1309 1726 1379 objectis
1758 1309 1926 1376 foliis,
1959 1317 2005 1360 et

417 1413 671 1473 tamquam
700 1403 874 1456 hortus
898 1418 1079 1472 aquam
1101 1418 1200 1454 non
1227 1401 1410 1454 habens
1431 1399 1482 1470 (1
1489 1401 1580 1452 sai.
1607 1401 1653 1453 1.
1681 1398 1790 1468 50).
1811 1398 2006 1466 Quem-

417 1493 702 1550 admodum
725 1495 864 1547 cnim
893 1494 1076 1548 hortus
1101 1493 1380 1547 deficiente
1407 1492 1710 1561 irrigatione
1736 1491 1872 1545 foliis
1899 1491 2008 1560 pri-

417 1597 565 1641 vatas
603 1596 658 1640 et
699 1587 955 1642 fructibus.
998 1586 1166 1640 nudas
1211 1587 1429 1638 arbores
1474 1584 1687 1637 exhibet
1733 1601 1744 1636 :
1791 1583 1908 1636 talis
1952 1589 2006 1636 et

417 1679 604 1732 civitas
633 1678 788 1730 nobis
815 1678 944 1731 facta
975 1685 1074 1732 est.
1106 1677 1368 1744 Supremo
1403 1675 1544 1729 enim
1572 1674 1822 1729 destituta
1858 1674 2007 1727 auxi-

419 1768 522 1829 lio,
565 1768 798 1821 solitaria
849 1768 1138 1832 remansit,
1184 1766 1430 1820 omnibus
1469 1764 1580 1820 fere
1621 1765 2006 1819 habitatoribus

420 1861 634 1914 nudata.
676 1861 814 1914 Nihil
853 1862 1019 1928 patria
1045 1860 1279 1925 dulcius,
1312 1859 1404 1914 sed
1437 1874 1577 1913 nunc
1611 1858 1742 1912 nihil
1776 1858 2006 1912 amarius

419 1953 613 2007 factum
643 1964 744 2007 est.
785 1952 981 2008 Omnes
1013 1962 1204 2007 terram
1240 1969 1357 2022 qua:
1391 1968 1448 2007 se
1483 1953 1601 2009 tulit
1631 1960 1895 2022 tamquam
1927 1952 2006 2004 la-

419 2061 612 2114 queum
646 2045 882 2115 fugiunt,
916 2045 1170 2100 deserunt
1211 2055 1476 2114 tamquam
1506 2043 1832 2109 barathrum,
1867 2052 2005 2096 tam-

419 2154 577 2207 quam
608 2139 674 2192 ab
705 2140 822 2207 igne
864 2137 1127 2192 resiliunt.
1160 2136 1226 2190 Et
1263 2137 1398 2191 sicut
1423 2135 1583 2190 domo
1612 2136 1734 2204 igne
1762 2143 2004 2203 correpta

421 2246 524 2284 non
552 2240 755 2284 tantum
785 2230 1000 2285 domum
1035 2230 1348 2292 habitantes,
1375 2228 1468 2284 sed
1493 2238 1546 2283 ct
1573 2243 1758 2283 omnes
1781 2228 2006 2296 proximi

417 2337 538 2377 cum
580 2323 744 2376 multa
787 2337 846 2376 se
888 2321 1149 2390 recipiunt
1185 2319 1550 2381 festinatione,
1581 2318 1778 2372 nudum
1814 2333 2007 2388 corpus

418 2429 630 2469 servare
657 2414 929 2469 studentes
953 2431 965 2466 :
995 2415 1070 2468 sic
1089 2425 1140 2468 et
1165 2429 1302 2468 nunc
1321 2414 1446 2467 dum
1469 2412 1612 2483 regia
1641 2413 1715 2466 ira
1739 2421 2006 2482 tamquam

419 2505 630 2560 flamma
657 2505 897 2575 qutedam
921 2520 1149 2574 superne
1177 2514 1535 2574 exspectatur,
1563 2504 1870 2574 priusquam
1895 2517 2011 2558 sen-

419 2598 518 2651 sim
565 2596 912 2666 progrediens
953 2595 1018 2649 ad
1067 2597 1206 2665 ipsos
1259 2596 1530 2667 perveniat
1576 2596 1743 2666 ignis,
1788 2595 2010 2666 quilibet

419 2688 564 2758 prius
585 2689 752 2754 exire,
777 2696 830 2742 et
857 2689 1053 2741 nudum
1075 2703 1268 2757 corpus
1291 2703 1506 2752 servare
1528 2687 1740 2743 festinat
1763 2707 1776 2741 :
1804 2699 1856 2743 et
1881 2689 2011 2741 teni-

421 2793 540 2847 gma
564 2794 702 2832 nunc
725 2778 858 2833 facta
879 2791 960 2833 est
986 2779 1196 2834 miseria
1225 2790 1402 2834 nostra
1431 2797 1446 2834 :
1469 2779 1584 2834 sine
1605 2779 1842 2834 hostibus
1867 2779 2008 2849 fuga,

423 2869 538 2923 sine
561 2884 729 2940 pugna
753 2869 1165 2940 transmigratio,
1190 2879 1242 2923 et
1261 2870 1376 2924 sine
1397 2869 1542 2924 urbis
1561 2870 1770 2926 excidio
1792 2871 2012 2940 captivi-

425 2972 505 3015 tas
535 2979 549 3016 :
581 2977 684 3016 non
710 2962 939 3017 vidimus
977 2962 1309 3018 barbaricum
1341 2963 1544 3033 ignem,
1577 2979 1749 3032 neque
1779 2962 2009 3018 hostium

423 3056 598 3110 vultus
635 3055 1024 3124 spectavimus,
1062 3063 1115 3109 et
1154 3069 1214 3108 ea
1251 3069 1369 3124 quze
1403 3053 1543 3124 capti
1583 3054 1830 3123 patimur.
1859 3054 2011 3108 Nunc

421 3161 612 3201 omnes
639 3145 850 3200 discunt
880 3144 1206 3200 calamitates
1237 3151 1444 3199 nostras
1475 3162 1486 3198 :
1516 3153 1728 3199 nostros
1751 3145 1892 3199 enim
1920 3160 2011 3200 ex-

422 3237 564 3290 sules
591 3235 960 3305 suscipientes,
993 3235 1059 3289 ab
1091 3235 1192 3290 illis
1218 3234 1448 3290 civitatis
1471 3235 1676 3290 cladem
1707 3235 1944 3290 audiunt.

491 3327 548 3380 2.
580 3327 687 3382 Sed
729 3343 831 3381 non
875 3342 1034 3396 super
1077 3327 1177 3382 hoc
1214 3325 1540 3392 confundor,
1574 3340 1673 3380 nec
1705 3327 1962 3381 erubesco
1995 3345 2008 3379 :

425 3434 612 3473 nnmcs
640 3419 935 3488 intelligant
971 3418 1197 3472 civitatis
1225 3417 1488 3486 pericula,
1523 3425 1578 3470 ut
1614 3416 1769 3470 matri
1806 3418 2012 3472 condo-

426 3512 634 3571 lentes.
662 3524 998 3564 communem
1035 3509 1102 3562 ab
1137 3508 1281 3562 onmi
1323 3517 1462 3562 terra
1503 3507 1568 3562 ad
1618 3509 1782 3562 Deum
1828 3524 2011 3564 vocem

427 3603 703 3664 extollant,
734 3609 787 3655 et
815 3600 1136 3654 unanimiter
1157 3613 1492 3653 communem
1521 3599 1756 3654 omnium
1788 3608 2012 3656 matrem

425 3701 479 3746 ct
499 3693 735 3745 altricem
757 3705 784 3742 a
804 3690 1054 3745 ctelorum
1080 3689 1224 3758 Rege
1245 3689 1553 3759 deposcant.
1584 3689 1734 3745 Prius
1755 3706 2013 3747 concussa

426 3792 509 3838 cst
540 3782 690 3835 nobis
723 3780 881 3844 urbs,
912 3795 1052 3834 nunc
1093 3780 1220 3850 ἱρείη
1263 3781 1618 3836 habitatorum
1659 3783 1849 3838 animae
1880 3800 2014 3854 qua-

427 3875 627 3926 tiuntur
674 3887 690 3928 :
731 3881 858 3926 tunc
899 3870 1178 3926 domorum
1227 3871 1564 3927 fundamenta
1609 3873 2013 3943 qnatiebantur,

426 3979 568 4017 utine
594 3963 702 4032 ipsa
732 3961 988 4032 cujusque
1013 3961 1189 4016 cordis
1219 3962 1322 4016 ima
1349 3973 1775 4031 commoventur,
1804 3974 1857 4019 et
1883 3981 2015 4033 quo-

429 4053 557 4107 tidie
588 4063 711 4108 ante
736 4053 921 4107 oculos
957 4061 1168 4107 nostros
1201 4067 1386 4108 omnes
1427 4063 1652 4110 tnortem
1689 4055 1974 4125 aspicimus
1997 4097 2012 4121 ,

427 4145 480 4198 iu
509 4145 760 4198 continuo
789 4144 1017 4198 vivimus
1045 4143 1263 4209 timore,
1291 4154 1344 4199 et
1370 4143 1500 4199 Cain
1541 4160 1750 4215 postiam
1782 4148 2014 4202 sustine-

427 4252 566 4298 mus,
596 4237 722 4290 olim
752 4249 1025 4289 carcerem
1056 4233 1414 4290 habitantibus
1443 4237 1792 4291 miserabilius
1819 4237 2010 4303 affecti,

425 4337 482 4381 et
529 4325 835 4380 obsessione
879 4325 1125 4378 inusitata
1168 4325 1394 4394 quadam
1434 4333 1488 4380 et
1524 4341 1660 4380 nova
1697 4328 1936 4392 obsessi,
1965 4341 2017 4382 et

426 4433 584 4487 quam
615 4417 897 4486 cogitatum
927 4416 998 4471 sit
1025 4417 1286 4487 graviore.
1329 4418 1536 4472 Etenim
1567 4419 1644 4473 illi
1684 4419 1896 4490 quidem
1927 4422 2015 4490 qui

428 4509 497 4562 ab
535 4509 773 4561 hostibus
811 4507 911 4561 hoc
948 4508 1222 4577 patiuntur
1264 4508 1399 4562 intra
1441 4523 1620 4562 muros
1659 4518 1859 4562 tantum
1886 4525 2016 4563 con-

429 4601 714 4658 cluduntur
746 4619 759 4655 :
789 4601 940 4655 nobis
968 4616 1096 4656 vero
1123 4600 1294 4654 forum
1324 4617 1532 4672 quoque
1570 4602 1896 4657 inaccessum
1919 4645 1932 4667 ,
1965 4612 2019 4657 et

432 4695 486 4749 in
515 4694 676 4750 domo
709 4693 934 4762 quisque
963 4708 1058 4747 sua
1099 4691 1334 4747 inclusus
1358 4703 1472 4758 est;
1511 4708 1573 4747 ac
1611 4694 1748 4748 sicut
1785 4695 2018 4749 obsessis

429 4796 600 4840 tutum
641 4800 749 4838 non
789 4793 872 4838 est
909 4799 1090 4838 muros
1129 4785 1461 4853 transgredi,
1504 4785 1746 4839 hostibus
1785 4785 2018 4839 exterius

430 4874 968 4939 circumsidentibus,
1014 4875 1092 4929 sic
1133 4890 1305 4944 neque
1343 4875 1520 4928 llllllliS
1555 4875 1738 4929 urbem
1775 4875 2018 4929 habitan-

433 4970 561 5022 tium
590 4976 757 5021 tutum
784 4966 944 5020 domo
972 4967 1140 5033 exire,
1171 4981 1270 5020 nec
1299 4966 1351 5018 in
1392 4965 1568 5019 medio
1595 4981 1871 5035 apparere,
1899 4982 2019 5035 pro-

429 5072 547 5134 pter
572 5075 665 5114 eos
688 5061 776 5130 qni
806 5058 1040 5127 undique
1067 5066 1176 5111 tum
1214 5066 1395 5112 sontes
1421 5066 1530 5112 tum
1558 5057 1796 5113 insontes
1822 5073 2019 5113 venan-

429 5163 516 5208 tur
536 5196 551 5219 ,
584 5163 638 5208 ct
661 5169 727 5208 ex
755 5151 930 5206 medio
958 5151 1169 5222 rapiunt
1195 5149 1311 5204 foro
1329 5191 1345 5215 ,
1369 5159 1421 5202 et
1450 5150 1500 5203 in
1522 5149 1779 5219 judicium
1809 5165 2021 5220 quoquo

432 5247 591 5300 modo
621 5260 683 5300 ac
708 5255 908 5300 temere
939 5243 1174 5298 trahunt.
1205 5242 1490 5311 Propterea
1526 5242 1676 5297 liberi
1701 5258 1822 5298 cum
1853 5244 2021 5298 servis

429 5337 545 5390 suis
571 5334 852 5404 compediti
879 5334 1022 5388 intus
1045 5331 1266 5396 sedent,
1293 5331 1410 5400 quis
1440 5331 1860 5400 comprehensus
1887 5333 2016 5399 fuit,

431 5427 550 5495 quis
592 5425 848 5481 abductus
874 5465 889 5491 ,
921 5425 1040 5494 quis
1078 5423 1293 5493 punitus
1334 5420 1518 5487 hodie,
1549 5423 1815 5492 quomodo
1839 5433 1895 5479 et
1918 5440 2021 5494 qua

433 5521 660 5584 ratione,
693 5518 919 5574 sollicite
948 5527 1268 5588 quaerentes,
1299 5525 1350 5570 ct
1375 5515 1585 5571 curiose
1610 5515 1959 5580 sciscitantes,
1990 5531 2021 5572 a

445 5615 626 5686 puluis
660 5612 782 5668 talia
818 5627 1005 5668 secure
1045 5609 1252 5665 discere
1295 5619 1513 5679 possunt
1545 5627 1557 5663 :
1587 5618 1641 5664 et
1673 5609 1815 5663 omni
1850 5618 2022 5665 morte

450 5705 870 5760 miserabiliorem
911 5702 1111 5771 degunt
1153 5701 1312 5754 vitam
1338 5740 1353 5764 ,
1395 5701 1701 5771 alienasque
1742 5700 2019 5755 lamentari

454 5796 680 5852 niserias
706 5793 937 5860 quotidie
962 5791 1152 5857 coacti,
1185 5800 1236 5846 et
1267 5807 1362 5862 pro
1394 5791 1561 5848 salute
1589 5806 1679 5847 sua
1709 5799 2016 5854 trementes.

2114 488 2169 535 et
2195 480 2419 534 mortuis
2443 480 2574 536 nilul
2597 482 2782 536 melius
2811 483 3084 550 habentes,
3107 484 3246 554 quod
3275 484 3472 540 dudum
3503 487 3696 545 timore

2109 571 2302 626 mortui
2339 574 2464 628 sint.
2505 573 2559 629 Si
2596 576 2714 644 quis
2743 592 2867 630 vero
2891 577 2980 646 qui
3008 585 3153 631 extra
3183 579 3423 632 timorem
3450 589 3502 636 et
3525 594 3691 650 angu-

2108 663 2262 715 stiam
2290 661 2427 717 hanc
2447 664 2535 730 sit,
2568 663 2618 716 in
2643 663 2813 718 forum
2842 666 3131 734 procedere
3159 666 3404 733 voluerit,
3427 677 3532 721 tam
3557 670 3690 724 tristi

2108 765 2326 824 aspectu
2357 756 2535 809 statim
2567 756 2618 810 in
2645 755 2861 810 domum
2890 772 3038 811 suam
3079 759 3390 822 retruditur,
3420 759 3502 814 vix
3530 776 3690 814 unum

2108 844 2242 898 forte
2266 845 2349 900 vel
2378 846 2510 900 duos
2537 861 2762 902 cernens
2792 848 3088 912 inclinatm,
3116 858 3169 903 et
3196 864 3317 902 cum
3349 850 3511 903 multa
3543 849 3690 905 inee~

2106 936 2298 992 dentes
2320 939 2553 1006 tristitia,
2579 939 2665 995 ubi
2694 948 2817 995 ante
2845 955 3044 1011 paucos
3065 941 3179 996 dies
3205 940 3480 996 ﬂuviorum
3507 958 3694 998 cursus

2109 1027 2392 1083 multitudo
2432 1030 2742 1098 superabat,
2772 1031 2862 1086 sed
2895 1047 3035 1086 nunc
3078 1032 3232 1086 nobis
3264 1048 3450 1086 omnes
3491 1033 3561 1086 illi
3596 1049 3691 1087 ex-

2110 1119 2245 1186 pulsi
2275 1129 2416 1174 sunt.
2447 1121 2511 1174 Et
2539 1121 2677 1175 sicut
2705 1137 2824 1176 cum
2855 1137 2918 1177 ex
2950 1123 3094 1192 sylva
3124 1124 3304 1178 multte
3332 1125 3524 1194 passim
3552 1126 3692 1179 exci-

2108 1211 2304 1266 duntur
2330 1213 2570 1280 arbores,
2605 1215 2841 1284 ingratus
2870 1215 3108 1270 redditur
3133 1227 3396 1286 aspectus,
3426 1226 3690 1286 tamquam

2107 1305 2297 1374 capitis
2339 1306 2501 1360 multa
2539 1307 2746 1360 calvitia
2789 1307 3034 1362 habentis
3061 1325 3074 1360 :
3102 1309 3177 1362 sic
3217 1317 3270 1362 et
3300 1309 3444 1362 urbis
3485 1309 3694 1374 solum,

2109 1394 2414 1451 hominibus
2459 1397 2682 1464 ablatis,
2719 1405 2775 1452 et
2815 1399 2994 1467 paucis
3039 1395 3234 1468 passim
3281 1400 3692 1468 apparentibus,

2110 1488 2369 1558 ingratum
2400 1505 2540 1544 nunc
2566 1489 2760 1544 factum
2787 1498 2888 1558 est,
2917 1498 2971 1544 et
3000 1491 3218 1544 tnultatn
3243 1493 3581 1546 cernentibus
3604 1493 3697 1546 tri-

2111 1582 2266 1635 stitia:
2293 1583 2571 1652 caliginem
2600 1583 2841 1638 olfnntlit.
2885 1582 2996 1636 Non
3028 1592 3229 1636 tantutn
3261 1599 3385 1637 vero
3414 1593 3572 1647 terra,
3603 1585 3699 1638 sed

2110 1683 2164 1728 et
2205 1674 2316 1741 ipsa
2356 1675 2496 1728 acris
2532 1683 2715 1728 natura
2739 1717 2752 1740 ,
2785 1685 2838 1728 et
2883 1676 3134 1729 solarium
3173 1676 3438 1730 radiorum
3469 1676 3696 1731 circulus

2111 1781 2251 1819 nunc
2289 1766 2418 1818 mihi
2460 1781 2688 1820 mtererc
2732 1775 2785 1820 et
2827 1766 3067 1819 obtusior
3108 1765 3284 1821 lucere
3314 1763 3520 1820 videtur
3549 1784 3561 1818 ε
3590 1783 3695 1821 non

2110 1859 2388 1913 elementis
2412 1867 2650 1913 naturam
2679 1859 3022 1921 mutantibus,
3052 1858 3144 1913 sed
3177 1859 3369 1912 nostris
3393 1859 3577 1922 oculis,
3607 1859 3698 1928 qui

2111 1951 2336 2007 tristitia:
2367 1952 2506 2008 nube
2531 1951 2722 2006 turbati
2748 1961 2891 2016 sunt,
2921 1968 3023 2004 non
3052 1951 3348 2006 valentibus
3372 1967 3502 2021 pure
3530 1968 3699 2018 neque

2111 2059 2231 2100 cum
2253 2043 2440 2099 eodem
2463 2043 2651 2099 aﬂ'ectu
2674 2043 2941 2098 radiorum
2974 2045 3151 2097 lumen
3178 2043 3464 2113 suscipere.
3488 2043 3598 2098 Hoc
3621 2054 3700 2097 est

2111 2135 2250 2206 quod
2288 2136 2415 2190 olim
2457 2136 2713 2206 prepheta
2747 2137 2954 2206 lugebat
2985 2136 3168 2190 dicens
3198 2155 3212 2192 :
3245 2136 3445 2190 Occidet
3475 2137 3596 2206 ipsis
3625 2137 3701 2190 sol

2109 2230 2165 2283 in
2202 2230 2443 2294 meridie,
2474 2239 2523 2283 et
2561 2229 2960 2284 obtenebrabitur
2989 2230 3094 2283 dies
3146 2231 3337 2300 (Amos
3367 2231 3420 2285 8.
3463 2228 3552 2300 9).
3594 2229 3701 2285 lloc

2111 2330 2289 2376 autem
2334 2321 2574 2389 dicebat,
2617 2338 2721 2377 non
2765 2322 2904 2392 quod
2946 2331 3145 2376 astrum
3190 2323 3563 2386 occultaretur,
3604 2338 3700 2377 nec

2113 2412 2254 2483 quod
2283 2413 2399 2469 dies
2426 2423 2790 2479 evanesceret,
2816 2413 2908 2468 sed
2929 2414 3067 2485 quod
3096 2423 3383 2470 atterentes
3403 2432 3468 2468 ne
3488 2415 3700 2484 quidem

2113 2504 2165 2558 in
2210 2505 2431 2560 meridie
2474 2514 2692 2576 propter
2731 2505 2931 2560 doloris
2961 2505 3237 2576 caliginem
3280 2506 3450 2559 lucem
3481 2521 3703 2560 cernere

2115 2605 2331 2665 possent
2373 2597 2556 2667 :quod
2601 2606 2654 2651 et
2701 2612 2840 2651 nunc
2885 2596 3079 2650 factum
3125 2606 3206 2651 est
3239 2614 3253 2651 :
3285 2606 3336 2650 et
3372 2612 3705 2666 quocumque

2111 2688 2231 2758 quis
2252 2690 2574 2760 respexerit,
2606 2689 2718 2744 sive
2741 2690 2792 2743 in
2824 2699 3016 2744 terram
3035 2729 3050 2754 ,
3083 2689 3195 2744 sive
3225 2691 3274 2743 in
3305 2689 3529 2758 parietes
3549 2732 3562 2752 ,
3593 2687 3702 2742 sive

2115 2779 2166 2833 in
2195 2779 2341 2833 urbis
2364 2779 2636 2834 columnas
2658 2821 2672 2838 .
2705 2779 2817 2834 sive
2854 2780 2903 2833 in
2948 2780 3218 2850 proximos
3241 2822 3255 2842 ,
3285 2788 3493 2834 noctem
3521 2788 3576 2834 et
3603 2779 3701 2832 ob-

2113 2871 2420 2925 scuritatem
2463 2872 2773 2940 profundam
2823 2888 3045 2928 cernere
3091 2872 3300 2926 videtur
3345 2890 3360 2927 :
3407 2872 3485 2926 sic
3525 2871 3702 2926 omnia

2119 2961 2298 3015 multte
2328 2961 2484 3030 plena
2523 2970 2647 3016 sunt
2673 2961 2918 3016 tristitim.
2947 2962 3226 3018 Silentium
3265 2963 3460 3033 ubique
3486 2963 3704 3018 horrore

2116 3051 2331 3120 plenum
2363 3059 2417 3106 et
2457 3052 2717 3117 solitudo,
2749 3062 2802 3107 et
2831 3053 3196 3108 desiderabilis
3226 3052 3314 3108 ille
3349 3053 3704 3109 multitudinis

2117 3145 2372 3198 tumultus
2413 3144 2708 3200 exstinctus
2750 3155 2831 3200 est
2863 3163 2876 3198 :
2910 3155 3175 3215 tamquam
3219 3147 3465 3201 omnibus
3504 3156 3698 3202 terram

2115 3235 2488 3300 subeuntibus,
2522 3236 2591 3289 ita
2621 3251 2760 3290 nunc
2790 3237 3056 3291 civitatem
3086 3235 3416 3290 taciturnitas
3443 3237 3700 3305 continet,

2117 3327 2259 3379 saxis
2290 3341 2477 3382 omnes
2516 3328 2718 3382 similes
2763 3339 2887 3382 sunt
2909 3370 2923 3389 .
2956 3339 3009 3382 et
3044 3341 3308 3398 tamquam
3338 3330 3566 3399 quodam
3606 3330 3706 3384 lin-

2117 3433 2234 3488 glue
2259 3418 2469 3474 vinculo
2489 3419 2789 3475 calamitate
2817 3421 3053 3485 cohibiti,
3078 3419 3546 3489 profundissimam
3579 3421 3706 3475 reti-

2119 3517 2247 3564 nent
2291 3510 2594 3574 silentimn,
2641 3523 2894 3580 quantum
2940 3511 2985 3565 si
3031 3512 3209 3566 hostes
3251 3512 3610 3581 ingruissent,
3651 3521 3706 3567 et

2117 3615 2306 3656 omnes
2343 3601 2498 3656 simul
2539 3602 2658 3671 igne
2697 3613 2750 3656 et
2791 3603 2932 3658 ferro
2967 3603 3411 3674 absumpsissent.
3446 3603 3595 3659 Nunc
3621 3603 3705 3660 di-

2117 3691 2270 3746 cendi
2299 3701 2506 3762 tempus
2526 3703 2609 3748 est
2639 3711 2651 3746 :
2682 3693 2868 3748 Mittite
2889 3694 2957 3748 ad
2982 3695 3371 3762 lantcntatrices,
3397 3706 3441 3750 et
3466 3698 3664 3750 veniant
3687 3713 3707 3752 :

2119 3793 2166 3838 et
2193 3785 2261 3837 ad
2293 3801 2378 3839 eas
2398 3827 2412 3852 ,
2444 3802 2555 3855 qua:
2582 3787 2830 3855 sapientes
2858 3797 3000 3851 sunt,
3031 3798 3076 3842 et
3107 3790 3435 3859 vociferantur
3475 3789 3617 3858 (Jer.
3650 3791 3704 3845 9.

2120 3876 2231 3947 l7).
2264 3877 2535 3932 Deducant
2561 3879 2696 3932 oculi
2727 3880 2889 3934 vestri
2931 3880 3214 3950 lacrymas,
3247 3891 3301 3935 et
3332 3881 3593 3950 palpebrm
3619 3898 3700 3933 ve-

2119 3977 2244 4022 stra:
2269 3967 2502 4022 deﬂuant
2526 3970 2695 4038 aquis.
2719 3969 2916 4036 Colles,
2945 3971 3137 4025 sumite
3164 3970 3450 4040 planctum,
3477 3979 3530 4026 et
3555 3987 3701 4026 mon-

2121 4071 2221 4126 tes,
2252 4060 2471 4114 luctum.
2504 4061 2816 4116 Creaturam
2847 4077 3060 4117 omnem
3102 4064 3156 4117 in
3199 4064 3458 4118 malorum
3499 4075 3709 4119 nostro-

2121 4166 2236 4204 rum
2266 4151 2660 4205 miserationem
2700 4127 3339 4222 vocemus.iCivitaS'tam
3384 4170 3570 4225 magna
3596 4198 3610 4222 ,
3655 4167 3707 4210 et

2121 4241 2458 4296 orientalium
2487 4251 2645 4312 caput
2669 4284 2684 4307 ,
2717 4259 2747 4298 c
2773 4243 2949 4298 medio
2977 4245 3086 4300 tolli
3119 4255 3377 4300 terrarum
3408 4246 3538 4301 orbe
3567 4248 3706 4316 peri-

2121 4331 2332 4386 clitatur
2354 4351 2367 4388 :
2392 4348 2532 4388 nunc
2553 4349 2670 4404 qua:
2693 4336 2887 4390 multos
2912 4335 3138 4392 habebat
3165 4337 3321 4403 ﬁlios,
3351 4348 3567 4408 repente
3593 4340 3707 4394 sine

2124 4422 2244 4478 fitiis
2277 4423 2412 4478 facta
2452 4434 2532 4479 est
2552 4465 2567 4490 ,
2595 4434 2652 4480 et
2682 4426 2770 4495 qui
2811 4427 3118 4487 auxilietur.
3148 4445 3326 4484 nemo.
3357 4429 3539 4485 Lmsus
3566 4431 3706 4484 enim

2121 4509 2204 4568 e-t
2227 4515 2316 4584 qni
2346 4532 2449 4569 non
2481 4515 2643 4570 habet
2669 4531 2847 4585 parem
2879 4519 3038 4573 ullum
3070 4534 3232 4587 super
3264 4530 3456 4574 terram
3492 4539 3504 4574 :
3539 4522 3710 4592 impe-

2123 4615 2268 4658 rator
2289 4607 2431 4659 enim
2457 4615 2556 4671 est,
2587 4606 2849 4677 fastigium
2876 4618 2929 4663 et
2958 4619 3119 4678 caput
3155 4611 3390 4664 omnium
3418 4627 3578 4682 super
3599 4623 3706 4666 ter-

2123 4709 2235 4746 ram
2269 4693 2562 4750 hominum.
2591 4696 2876 4768 Propterea
2898 4698 2963 4752 ad
2985 4713 3273 4769 supernum
3298 4701 3492 4772 Regem
3515 4701 3707 4756 confu-

2122 4785 2346 4854 giamus,
2378 4786 2526 4839 illum
2557 4786 2606 4840 in
2637 4787 2889 4841 auxilium
2920 4787 3257 4853 invocemus;
3288 4791 3384 4843 nisi
3424 4805 3707 4860 supernam

2123 4893 2470 4948 assequamur
2510 4880 2766 4950 gratiam,
2805 4881 2946 4935 nulla
2996 4883 3400 4936 commisSornm
3447 4885 3710 4953 reparatio

2125 4969 2457 5037 relinquitur.

2197 5059 2249 5114 3.
2280 5057 2578 5114 Voluisscm
2609 5059 2696 5114 hic
2724 5062 3034 5115 concionem
3069 5062 3277 5118 solvere
3307 5081 3320 5117 :
3354 5065 3539 5118 nolunt
3567 5067 3707 5120 enim

2124 5152 2448 5221 gementium
2491 5152 2652 5206 animi
2701 5152 2888 5224 longos
2932 5155 3218 5210 extendere
3265 5171 3575 5218 sermones;
3617 5159 3708 5214 scd

2126 5246 2262 5298 sicut
2301 5243 2468 5299 nubes
2509 5243 2749 5313 quaedam
2786 5244 2948 5300 densa
2970 5287 2984 5313 ,
3013 5256 3067 5301 et
3101 5248 3201 5302 sub
3236 5247 3462 5301 solarcm
3505 5249 3708 5302 radium

2126 5352 2374 5400 currens,
2405 5350 2617 5389 omnem
2659 5347 2948 5392 retrorsum
2992 5337 3330 5408 splendorem
3369 5340 3559 5393 avertit
3588 5357 3600 5392 :
3634 5341 3712 5394 sie

2126 5439 2179 5482 et
2211 5427 2436 5481 tristitia:
2463 5427 2674 5489 nebula.
2705 5444 2826 5484 cum
2857 5439 2978 5484 ante
3009 5429 3244 5483 animum
3277 5442 3516 5485 nostrum
3547 5442 3710 5487 stete-

2129 5518 2215 5582 rit,
2247 5533 2350 5570 non
2383 5519 2508 5572 sinit
2537 5520 2740 5573 facilem
2773 5535 2890 5574 esse
2918 5520 3174 5574 orationis
3210 5535 3446 5587 cursum,
3477 5523 3568 5578 sed
3599 5523 3710 5578 suf-

2127 5607 2295 5671 focat,
2337 5616 2392 5662 et
2433 5624 2552 5662 cum
2590 5609 2753 5662 multa
2797 5609 2846 5662 vi
2895 5608 3034 5663 intus
3078 5611 3337 5679 reprimit.
3379 5611 3442 5665 Et
3478 5611 3578 5666 hoc
3605 5627 3709 5666 non

2127 5699 2424 5754 dicentibus
2457 5709 2658 5754 tantum
2681 5742 2695 5766 ,
2728 5701 2821 5756 sed
2863 5709 2917 5756 et
2948 5699 3283 5756 audientibus
3319 5702 3545 5764 accidit;
3575 5703 3713 5757 sicut

2131 5792 2272 5847 enim
2306 5791 2371 5847 ab
2410 5791 2588 5846 animo
2615 5791 2838 5848 dicentis
2869 5808 2971 5846 non
3000 5791 3243 5849 concedit
3285 5792 3450 5864 ipsam
3479 5808 3600 5848 cum
3630 5793 3712 5847 fa-
