4072 6384
279 348 356 407 35
1351 363 1440 417 Al)
1481 363 1810 424 PUI’ULUM
1857 367 2355 428 ANTIOCHENUM
2398 374 2629 432 HOMIL.
2666 376 2729 433 ll.
3647 374 3719 432 36

284 465 685 555 ἀτερπέστερον
705 471 895 542 γέγονε
914 471 1027 526 νῦν.
1058 475 1321 545 Καθάπερ
1354 479 1594 547 μέλιτται
1617 481 1807 551 κηρίον
1828 484 1960 555 βομ-

287 554 385 607 ϐοῦ
395 574 503 620 σει,
527 558 670 611 οῦτω
686 561 783 629 τὴν
808 560 1015 630 ἀγορὰν
1047 579 1110 614 πε
1123 563 1403 632 ριίπταντο
1423 566 1543 619 καθ’
1574 554 1960 641 ἐκάστηνήμέ-

287 656 388 709 ραν
418 647 465 695 οἱ
495 646 593 717 τὴν
627 646 779 699 πόλιν
824 648 1097 713 οἰκοῦντες
1134 663 1157 690 ο
1188 691 1201 713 ,
1239 652 1331 703 καί
1365 651 1563 717 πάντες
1587 657 1732 725 ήμᾶς
1763 659 1854 709 ἐπὶ
1882 656 1960 728 τῷ

284 728 483 798 πληθει
506 733 681 804 τούτῳ
704 735 969 804 πρότερον
1008 738 1360 809 ἐμακάριζον.

371 817 509 869 Ἀλλ’
538 819 645 873 ἰδοὺ
662 820 756 874 νῦν
778 822 838 875 τὸ
863 824 1053 893 κηρίον
1088 825 1246 878 τοῦτο
1298 826 1520 896 γέγονεν
1558 827 1764 900 ἔρημον
1784 847 1797 860 ·
1829 830 1962 884 καθ-

288 903 433 975 άπερ
467 906 575 978 γὰρ
620 909 720 974 τὰς
758 911 1013 980 μελίττας
1034 913 1245 977 ἐκείνας
1272 915 1498 979 καπνὸς,
1554 915 1697 969 οὕτω
1732 915 1831 980 τὰς
1868 935 1962 988 με·

284 989 474 1057 λίττας
496 995 697 1061 ταύτας
723 998 885 1066 φόϐος
910 999 1156 1070 ἀπήλασε
1177 1019 1190 1031 ’
1217 1003 1417 1071 μᾶλλον
1437 1000 1499 1056 δὲ
1524 1004 1616 1055 καὶ
1647 1003 1675 1055 ὃ
1707 1005 1835 1076 περὶ
1863 1007 1961 1075 τῆς

300 1080 660 1156 Ἰερουσαλήμ
696 1085 908 1157 θρηνῶν
935 1087 963 1138 ὁ
987 1090 1273 1159 προφήτης
1306 1090 1479 1159 ἔλεγε,
1504 1091 1657 1144 τοῦτο
1687 1092 1779 1145 καὶ
1805 1094 1962 1162 ἡμεῖς

284 1168 368 1230 εἰς
393 1170 585 1241 καιρὸν
625 1172 858 1243 ἐροῦμεν
892 1173 1016 1227 νῦν·
1058 1176 1344 1246 Ἐγενήθη
1377 1178 1520 1245 ἡμῖν
1555 1178 1593 1243 ἡ
1635 1179 1833 1242 πόλις,
1882 1176 1962 1241 ὡς

283 1257 620 1325 τερέϐινθος
666 1261 1108 1327 ἀποϐεϐληκυῖα
1156 1264 1225 1318 τὰ
1263 1266 1489 1333 φύλλα,
1521 1266 1618 1319 καί
1664 1265 1744 1330 ὡς
1778 1265 1963 1332 παρά-

284 1340 494 1410 δεισος
526 1345 683 1415 ὕδωρ
726 1347 813 1416 μὴ
846 1349 1021 1417 ἔχων.
1056 1352 1321 1423 Καθάπερ
1356 1353 1463 1422 γὰρ
1492 1352 1815 1424 παράδεισος
1865 1352 1962 1420 τῆς

284 1427 509 1499 ἀρδείας
534 1434 909 1506 ἐπιλιπούσης,
939 1437 1120 1508 ἔρημα
1150 1438 1256 1491 τῶν
1286 1438 1495 1508 φύλλων
1526 1440 1619 1492 καὶ
1644 1439 1824 1509 γυμνά
1856 1439 1961 1491 τῶν

286 1519 521 1587 καρπῶν
542 1521 610 1573 τὰ
628 1522 817 1595 δένδρα
844 1524 1134 1591 δείκνυσιν,
1179 1525 1319 1579 οῦτω
1342 1526 1405 1597 δὴ
1440 1526 1533 1579 καὶ
1565 1529 1597 1597 ἠ
1635 1526 1784 1589 πόλις
1807 1524 1962 1596 ἡμῶν

284 1608 479 1674 γέγονε
516 1609 610 1662 νῦν
634 1628 647 1641 ·
684 1613 781 1682 τῆς
820 1613 929 1685 γὰρ
960 1614 1167 1668 ἀνωθεν
1202 1614 1450 1687 βοηθείας
1494 1615 1962 1684 ἐγκαταλιπούσης

284 1696 478 1767 αὐτὴν,
500 1697 730 1768 ἔστηκεν
754 1700 979 1772 ἕρημος,
1018 1703 1199 1773 γυμνὴ
1228 1702 1336 1756 τῶν
1365 1703 1664 1775 οἰκητόρων
1693 1701 1961 1771 γενομένη

286 1782 474 1850 σχεδὸν
504 1785 776 1840 ἁπάντων.
806 1789 970 1842 Ούδέν
1004 1790 1261 1861 πατρίδος
1293 1790 1643 1858 γλυκύτερον.
1680 1788 1792 1842 ἀλλ’
1813 1788 1961 1841 οὐδὲν

283 1870 611 1943 πικρότερον
637 1873 732 1926 νῦν
775 1875 993 1944 γέγονεο
1021 1871 1222 1941 πάντες
1270 1876 1367 1947 τὴν
1420 1876 1745 1945 ὲνεγκοῦσαν
1774 1876 1962 1945 ῶσπερ

283 1957 492 2025 παγίδα
541 1949 852 2029 φεύγουσιν,
903 1963 1093 2035 ῶσπερ
1138 1964 1410 2036 βάραθρον
1454 1964 1963 2033 ἐγκαταλιμπὰνου-

286 2060 373 2097 σιν
419 2046 468 2108 δ,
516 2046 702 2122 ῶσπερ
751 2055 930 2122 πυρᾶς
972 2053 1325 2123 ἀποπηδῶσι·
1359 2054 1454 2106 καὶ
1498 2052 1748 2123 καθάπερ
1786 2051 1962 2113 οἰκίας

172 2214 173 2221 γ
286 2134 605 2206 ἁπτομένης
628 2139 725 2208 ούχ
751 2142 799 2193 οί
826 2142 925 2210 τὴν
953 2141 1130 2195 οἰκίαν
1161 2140 1439 2205 οἰκοῦντες
1485 2142 1663 2212 μόνον,
1694 2141 1830 2195 ἀλλά
1869 2142 1963 2193 καὶ

286 2222 491 2287 πάντες
528 2226 575 2277 οί
609 2226 835 2298 πλησίον
870 2230 1009 2300 μετὰ
1052 2230 1252 2301 πολλῆς
1294 2230 1616 2301 ἀποπηδῶσι
1653 2230 1754 2301 τῆς
1800 2247 1963 2283 σπου-

284 2308 405 2378 δῆς,
436 2314 643 2383 γυμνὸν
670 2315 730 2369 τὸ
771 2316 930 2387 σῶμα
972 2317 1233 2371 διασῶσαι
1267 2317 1687 2381 σπουδάζοντεςο
1728 2317 1871 2371 οὕτω
1898 2318 1962 2386 δὴ

288 2400 383 2450 καὶ
406 2399 501 2452 νῦν
525 2402 625 2473 τῆς
656 2403 939 2474 βασιλικῆς
969 2406 1139 2478 ὀργῆς
1170 2406 1420 2479 καθάπερ
1449 2407 1626 2478 πυρᾶς
1652 2424 1795 2469 τινος
1822 2406 1963 2459 ἄνω-

289 2485 383 2538 θεν
413 2488 562 2557 ἥξειν
600 2491 1076 2566 προσδοκωμένης,
1109 2496 1239 2567 πρὶν
1278 2496 1364 2548 ἐπ’
1398 2496 1596 2558 αὐτοὺς
1619 2494 1723 2565 ὀδῷ
1752 2491 1964 2564 βαδίζον

288 2576 421 2649 ἔλθῃ
468 2580 528 2632 τὸ
555 2579 687 2652 πῦρ,
721 2582 949 2648 ἕκαστος
977 2586 1257 2655 ἐπείγεται
1286 2585 1652 2657 προεξελθεῖν,
1724 2585 1819 2637 καὶ
1857 2601 1961 2652 γυ·-

291 2669 424 2737 μνὺν
455 2670 715 2726 διασῶσαι
750 2673 808 2727 τὸ
837 2674 1022 2746 σῶμα·
1046 2676 1142 2729 καὶ
1185 2676 1405 2745 γέγονεν
1431 2675 1587 2747 ήμῶν
1616 2674 1842 2745 αἴνιγμα
1870 2672 1964 2726 νῦν

287 2757 325 2826 ὴ
364 2760 636 2830 συμφορά.
665 2761 849 2832 Χωρίς
881 2762 1153 2833 πολεμίων
1183 2765 1352 2834 φυγὴ,
1380 2763 1550 2834 χωρὶς
1601 2762 1777 2833 μάχης
1841 2777 1967 2830 μετ-

289 2844 627 2909 ανάστασις,
661 2849 830 2919 χωρὶς
857 2848 1109 2914 ἁλώσεως
1162 2850 1544 2922 αἰχμαλωσία·
1601 2850 1700 2902 οὐκ
1755 2847 1966 2917 εἴδομεν

291 2927 629 3003 βαρϐαρικὸν
672 2934 803 3006 πῦρ,
841 2936 961 2990 οὐδὲ
1006 2937 1277 3007 πολεμίων
1306 2937 1427 3008 ὄψιν
1472 2935 1839 3006 ἐθεασάμεθα,
1874 2934 1967 2988 καὶ

288 3017 360 3072 τά
391 3019 498 3073 τῶν
519 3020 839 3076 ἑαλωκότων
870 3024 1171 3096 πάσχομεν.
1210 3026 1418 3089 Πάντες
1445 3024 1539 3093 νῦν
1566 3024 1663 3087 τὰς
1691 3023 1965 3094 ἡμετέρας

293 3107 625 3179 μανθάνουσι
650 3113 934 3184 συμφοράς
956 3129 968 3138 ·
996 3115 1122 3178 τοὺς
1138 3114 1246 3185 γὰρ
1262 3114 1559 3186 ἡμετέρους
1582 3113 1965 3183 ὑποδεχόμενοι

292 3197 535 3267 φυγάδας
556 3202 686 3269 παρ’
704 3202 925 3255 ἐκείνων
942 3201 1037 3272 τὴν
1052 3202 1150 3270 τῆς
1166 3202 1371 3264 πόλεως
1386 3201 1655 3272 μανθάνου
1666 3219 1714 3254 σι
1728 3202 1963 3271 πληγήν.

366 3284 432 3353 β’.
465 3287 603 3339 Ἀλλ’
628 3288 728 3340 ούκ
744 3288 1068 3360 αἰσχύνομαι
1082 3289 1173 3342 ἐπὶ
1189 3289 1385 3359 τούτῳ,
1400 3288 1518 3340 ούδέ
1536 3288 1791 3362 ἐρυθριῶ.
1818 3289 1969 3341 Μαν-

293 3370 605 3427 θανέτωσαν
635 3376 873 3438 ἅπαντες
898 3376 965 3428 τά
992 3376 1091 3447 τῆς
1130 3376 1336 3439 πόλεως
1374 3375 1542 3445 πάθη,
1587 3376 1671 3427 ἵνα
1700 3374 1967 3445 συναλγή-

297 3476 490 3523 σαντες
505 3464 568 3532 τῇ
594 3463 811 3534 μητέρι,
838 3464 1021 3534 κοινὴν
1036 3464 1143 3516 ἀπὸ
1163 3464 1260 3535 τῆς
1277 3464 1378 3534 γῆς
1394 3464 1613 3533 ἀπάσης
1637 3462 1968 3529 ἀνενέγκωσι

290 3545 375 3615 τῷ
413 3546 530 3617 Θεῷ
577 3548 782 3621 φωνὴν,
832 3550 926 3603 καὶ
964 3550 1305 3620 ὁμοθυμαδὸν
1342 3549 1440 3620 τὴν
1482 3550 1666 3620 κοινὴν
1716 3550 1969 3603 ἁπάντων

299 3634 514 3705 μητέρα
547 3637 641 3688 καί¹
668 3638 867 3707 τροφὸν
904 3638 1056 3708 παρά
1102 3638 1197 3691 τοῦ
1235 3638 1344 3691 τῶν
1370 3638 1612 3707 οὐρανῶν
1648 3634 1971 3708 ἐξαιτήσων-

294 3737 387 3773 ται
427 3721 707 3790 βασιλέως.
757 3725 1003 3795 Ἐσείσθη
1046 3724 1234 3796 πρῴην
1268 3727 1399 3796 ἡμῖν
1436 3727 1468 3795 ή
1504 3725 1678 3787 πόλις,
1714 3725 1848 3777 ἀλλά
1876 3725 1971 3778 νῦν

297 3808 463 3861 αὐταὶ
520 3810 833 3865 σαλεύονται
883 3813 992 3867 τῶν
1051 3813 1351 3884 οἰκητόρων
1402 3824 1423 3851 ο
1478 3813 1533 3865 αί
1592 3813 1793 3882 ψυχαίο
1848 3812 1969 3865 τότε

300 3896 507 3950 ἐσείετο
536 3898 603 3951 τὰ
639 3899 861 3969 θεμέλια
891 3900 999 3954 τῶν
1041 3902 1376 3971 οἰκημάτων,
1422 3900 1517 3954 νῦν
1548 3901 1604 3952 δὲ
1638 3900 1775 3953 αύτά
1806 3901 1971 3953 δονεῖ-

300 4002 393 4038 ται
414 3985 482 4038 τά
508 3985 731 4057 θεμέλια
764 3990 860 4059 τῆς
905 3990 1133 4042 ἑκάστου
1178 3990 1423 4060 καρδίας,
1467 3990 1562 4043 καί⁸
1590 3988 1709 4042 καθ’
1736 3989 1972 4060 ἑκάστην

300 4074 515 4145 ἡμέραν
547 4075 653 4145 πρὸ
683 4074 796 4128 τῶν
836 4077 1129 4148 ὀφθαλμῶν
1159 4077 1251 4130 τὸν
1287 4076 1514 4130 θάνατον
1548 4076 1745 4139 πάντες
1780 4076 1972 4146 βλέπο-

304 4181 426 4233 μεν,
455 4165 551 4217 καὶ
581 4164 732 4234 φόϐῳ
760 4164 1008 4235 συζῶμεν
1034 4166 1291 4236 διηνεκεῖ,
1322 4166 1415 4219 καὶ
1445 4166 1542 4228 τὴν
1570 4164 1662 4218 τοῦ
1690 4166 1828 4219 Κάῖν
1851 4166 1976 4218 ὑπο-

305 4252 541 4321 μένομεν
576 4253 842 4323 τιμωρίαν
876 4253 1234 4323 ἐλεεινότερον
1276 4252 1385 4305 τῶν
1420 4252 1550 4305 ποτὲ
1591 4251 1651 4305 τὸ
1688 4252 1974 4321 δεσμωτή-

305 4358 421 4410 ριον
451 4338 744 4391 οἰκούντων
773 4338 1127 4409 διακείμενοι,
1168 4337 1262 4391 καὶ
1308 4336 1627 4408 πολιορκίαν
1660 4335 1977 4407 πολιορκού-

302 4435 455 4487 μενοι
488 4418 646 4488 ξένην
667 4420 787 4473 τινὰ
816 4422 907 4475 καὶ
925 4421 1137 4491 καινὴν,
1163 4419 1374 4489 καὶτῆς
1396 4418 1795 4490 νενομισμένης
1812 4420 1839 4459 ἀ
1863 4421 1973 4473 δει-

299 4500 545 4570 νοτέραν.
562 4499 676 4573 [22]
704 4503 766 4554 υί
787 4502 884 4572 μὲν
903 4501 1008 4569 γὰρ
1025 4501 1131 4553 ὑπὸ
1152 4500 1258 4552 τῶν
1277 4499 1547 4571 πολεμίων
1566 4502 1724 4555 τοῦτο
1739 4503 1974 4573 πάσχονο

298 4600 410 4645 τες,
443 4583 550 4637 ἔσω
570 4584 765 4653 τειχῶν
796 4581 1165 4637 ἀποκλείονται
1198 4583 1377 4653 μόνον,
1403 4585 1531 4654 ἡμῖν
1550 4584 1605 4637 δὲ
1627 4585 1718 4637 καὶ
1743 4586 1775 4655 ή
1800 4586 1973 4656 ἀγορὰ

299 4672 501 4734 ἄϐατος
526 4670 717 4739 γέγονε
741 4710 754 4733 ,
795 4672 888 4723 καὶ
918 4673 1027 4731 τοῖς
1061 4670 1259 4741 τοίχοις
1293 4671 1519 4734 ἕκαστος
1547 4671 1648 4741 τῆς
1676 4672 1851 4735 οἰκίας
1883 4675 1970 4725 ὲν-

300 4753 721 4807 αποκέκλεισται
745 4754 842 4823 τῆς
867 4752 1081 4805 ἐαυτοῦ.
1113 4754 1222 4805 Καὶ
1244 4754 1493 4824 καθάπερ
1514 4754 1636 4817 τοὺς
1658 4755 1944 4826 πολιορκου

302 4842 496 4910 μένους
524 4843 624 4897 οὐκ
658 4841 897 4911 ἀσφαλὲς
930 4842 1029 4893 ύπε
1041 4841 1230 4911 ρϐῆναι
1256 4841 1317 4894 τὸ
1337 4844 1534 4911 τεῖχος,
1566 4842 1675 4894 τῶν
1699 4842 1971 4913 πολεμίων

299 4922 403 4994 ἔξω
441 4947 505 4981 πε
518 4928 917 5001 ρικαθημένωνο
948 4928 1119 4991 οὕτως
1152 4929 1270 4981 οὐδὲ
1303 4929 1515 4992 πολλοῖς
1543 4929 1651 4982 τῶν
1679 4929 1776 5000 τὴν
1818 4930 1971 4983 πόλιν

298 5012 589 5065 οἰκούντων
616 5012 853 5081 ἀσφαλὲς
878 5012 1129 5076 ἐξελθεῖν,
1161 5012 1281 5064 ούδέ
1313 5012 1372 5064 ἐν
1416 5010 1493 5081 τῷ
1526 5012 1676 5082 μέσῳ
1709 5012 1963 5082 φανῆναι,

297 5095 387 5147 διὰ
407 5096 531 5158 τοὺς
555 5094 817 5148 πάντοθεν
838 5094 1166 5166 θηρεύοντας
1185 5093 1455 5157 ἀναιτίους
1477 5096 1570 5147 καὶ
1590 5094 1796 5158 αἰτίους
1814 5106 1859 5159 ε,
1880 5096 1971 5147 καὶ

299 5180 365 5230 ἐκ
397 5180 567 5247 μέσης
596 5178 941 5249 ἁρπάζοντας
967 5178 1064 5247 τῆς
1088 5179 1316 5249 ἀγορᾶς,
1345 5178 1439 5231 καὶ
1466 5178 1601 5245 πρὸς
1627 5178 1687 5229 τὸ
1710 5177 1969 5249 δικαστή-

302 5278 415 5330 ριον
440 5261 625 5325 ἀπλῶς
645 5263 741 5314 καὶ
765 5263 840 5324 ὡς
870 5261 1058 5331 ἔτυχεν
1083 5261 1358 5322 ἕλκοντας.
1389 5261 1485 5313 Διά
1512 5259 1669 5312 τοῦτο
1696 5260 1969 5330 ἐλεύθεροι

302 5344 442 5412 μετά
483 5343 590 5395 τῶν
634 5343 860 5397 οἰκετῶν
886 5343 995 5396 τῶν
1026 5344 1236 5397 ἑαυτῶν
1283 5343 1429 5396 ἔνδον
1475 5342 1969 5413 συμπεποδισμένοι

298 5426 584 5485 κᾶθηνται,
610 5426 690 5488 τίς
726 5426 1053 5495 συνελήφθη,
1076 5426 1158 5489 τίς
1190 5425 1431 5495 ἀπήχθη,
1464 5426 1549 5487 τίς
1578 5424 1848 5495 ἐκολάσθη
1876 5426 1970 5497 σή-

298 5520 466 5575 μερον
490 5522 504 5568 ;
531 5504 647 5561 πῶς
674 5504 767 5555 καὶ
787 5503 890 5584 τίνι
919 5503 1136 5572 τρόπῳς
1162 5505 1531 5576 μεριμνῶντες
1554 5505 1647 5558 καὶ
1674 5523 1968 5578 περιεργα-

365 5680 393 5711 ⁸
417 5680 499 5729 Sic
517 5693 545 5745 ε
572 5680 719 5731 Savil.
758 5688 807 5731 et
847 5682 1035 5744 aliquot
1056 5683 1530 5745 mss.rcorr1eximus;
1559 5684 1703 5745 paulo
1727 5689 1835 5744 post
1857 5688 1975 5740 μᾶ).-

299 5744 383 5793 λον
408 5744 457 5791 δέ
482 5744 750 5798 adiecimus
774 5758 833 5792 ex
862 5732 1038 5792 eoaem
1062 5744 1245 5793 Savilio
1289 5732 1422 5793 Εοιτ.

367 5806 392 5845 δ
423 5804 516 5853 Alii
546 5806 968 5857 ἀπολιμπάνουσιν.

369 5872 388 5897 ε
422 5870 514 5915 Alii
541 5870 635 5914 τῶν
655 5868 925 5915 οἰκούντων.

354 5929 385 5969 d
420 5931 509 5978 Alii
532 5932 611 5976 καὶ
637 5931 798 5988 πο)λῷ
828 5936 909 5985 τῆς
932 5946 1021 5974 νεν.
1053 5927 1177 5976 Infra
1202 5927 1398 5987 quidam
1424 5928 1788 5980 {varro-Alﬁum.

358 5992 387 6023 ‘
418 5994 497 6043 Sic
521 5990 671 6042 Salil.
699 5996 751 6042 el
776 5992 877 6051 alii,
903 5991 952 6040 in
984 5988 1153 6052 Morel.
1180 5991 1258 6037 καὶ
1282 5989 1457 6046 αἰτίους
1478 5990 1634 6039 deest.

2067 485 2125 549 ξό
2133 504 2281 556 μενοι
2304 489 2435 557 παρ’
2461 481 2536 541 ὧν
2558 488 2626 541 τὰ
2646 489 2868 543 τοιαῦτα
2884 490 3108 545 δυνατὸν
3136 487 3421 561 μανθάνειν
3449 486 3727 556 ἀσφαλῶς,

2065 573 2160 627 καὶ
2191 572 2418 627 θανάτου
2461 575 2657 639 παντὸς
2687 576 3044 649 ἐλεεινότερον
3075 577 3208 642 ζῶσι
3240 575 3372 645 βίον,
3409 572 3507 635 τάς
3549 588 3606 624 τε
3632 572 3729 624 ἀλ-

2063 659 2277 731 λοτρίας
2309 660 2594 732 ὀδύρεσθαι
2631 663 2915 735 συμφορὰς
2961 662 3394 732 ἀναγκαζόμενοι
3441 658 3563 712 καθ’
3594 658 3732 728 ἠμέ-

2067 766 2186 818 ραν,
2210 748 2304 801 καὶ
2318 745 2563 816 ὺπέρτῆς
2578 747 2783 803 ἑαυτῶν
2794 748 3086 821 τρέμοντες
3101 745 3391 817 σωτηρίας,
3404 747 3499 800 καὶ
3521 745 3731 815 νεκρῶν

2060 835 2211 890 ούδὶν
2241 835 2459 905 ἄμεινον
2489 834 2821 903 διακείμενοι
2872 835 2947 905 τῷ
2988 835 3155 888 πάλαι
3185 833 3437 886 τεθνάναι
3481 842 3558 904 τῷ
3595 831 3727 886 δέει.

2062 924 2125 977 Εἰ
2160 922 2214 977 δέ
2242 940 2325 984 τις
2360 920 2568 975 καὶτοῦ
2609 922 2773 988 φόϐου
2825 922 3011 975 τούτου
3044 923 3137 975 καὶ
3163 922 3262 989 τῆς
3296 921 3533 987 ἀγωνίας
3571 920 3729 972 ἐκτδε

2060 1005 2134 1058 ὣν
2184 1007 2487 1079 ἐθελήσειεν
2512 1010 2590 1072 εἰς
2622 1007 2827 1078 ἀγορὰν
2853 1006 3126 1077 ἐμϐαλεῖν,
3158 1005 3264 1059 ὑπὸ
3297 1005 3397 1074 τῆς
3424 1003 3598 1074 ὂψεως
3628 999 3732 1071 τῆς

2061 1096 2331 1165 ἀτερποῦς
2372 1096 2571 1160 εύθέως
2610 1099 2688 1159 εἰς
2715 1095 2813 1165 τὴν
2865 1094 3042 1147 οἰκίαν
3086 1091 3449 1145 είσελαύνεται
3476 1091 3574 1143 τήν
3602 1089 3731 1141 ἐαυο

2061 1182 2175 1246 τοῦ,
2204 1184 2299 1236 ἕνα
2336 1202 2435 1237 που
2476 1184 2569 1236 καὶ
2621 1183 2713 1235 δύο
2779 1182 2929 1253 μόλις
2977 1180 3119 1252 ὀρῶν
3174 1178 3599 1247 συγκεκυφότας,
3638 1176 3731 1227 καὶ

2066 1271 2203 1340 μετά
2236 1271 2431 1342 πολλῆς
2455 1271 2767 1342 βαδίζοντας
2786 1271 2885 1341 τῆς
2908 1267 3228 1339 κατηφείας,
3256 1267 3383 1319 ἔνθα
3410 1265 3513 1336 πρὸ
3536 1264 3733 1330 ὀλίγων

2063 1357 2285 1429 ήμερῶν
2315 1358 2574 1429 ποταμῶν
2606 1358 2853 1429 ῥεύματα
2878 1357 2939 1410 τὸ
2965 1356 3168 1426 πλῆθος
3202 1355 3573 1425 ἀπέκρυπτεν,
3595 1349 3732 1404 ἀλλά

2064 1443 2157 1497 νῦν
2182 1445 2539 1516 ἀπηλάθησαν
2564 1447 2695 1516 ἡμῖν
2724 1446 2924 1508 πάντες
2952 1445 3164 1498 ἐκεῖνοι.
3196 1443 3305 1495 Καὶ
3323 1441 3572 1511 καθάπερ
3606 1438 3732 1511 δρυ-

2066 1530 2167 1601 μοῦ
2190 1532 2467 1601 συμφύτου
2494 1532 2703 1585 πολλῶν
2732 1531 3069 1602 πανταχόθεν
3103 1528 3449 1583 ἐκκοπέντων
3478 1525 3731 1596 δένδρων,

2062 1618 2301 1690 ἀτερπὴς
2331 1623 2364 1691 ή
2398 1620 2520 1690 ὄψις
2549 1621 2778 1689 γίνεται,
2809 1620 2842 1691 ἢ
2878 1619 3131 1689 καθάπερ
3160 1616 3401 1686 κεφαλῆς
3440 1612 3734 1684 φαλακρώ-

2066 1724 2209 1777 ματα
2233 1708 2460 1780 ἐχούσης
2482 1709 2670 1771 πολλὰ,
2687 1709 2828 1762 οὕτω
2860 1708 2925 1779 δὴ
2958 1710 3051 1761 καὶ
3076 1707 3136 1759 τὸ
3160 1706 3259 1776 τῆς
3285 1705 3489 1766 πόλεως
3512 1702 3732 1770 ἔδαφος,

2062 1794 2171 1848 τῶν
2198 1795 2499 1867 ἀνθρώπων
2520 1796 2949 1859 ἐλαττωθέντων,
2980 1796 3074 1849 καὶ
3099 1794 3294 1861 ὀλίγων
3319 1791 3589 1862 σποράδην
3613 1807 3735 1858 φαι-

2066 1883 2324 1952 νομένων,
2347 1886 2583 1957 ἀτερπὲς
2618 1885 2808 1953 γέγονε
2847 1884 2965 1950 νῦν,
2998 1885 3091 1937 καὶ
3120 1883 3320 1952 πολλὴν
3354 1880 3461 1933 τῶν
3487 1877 3737 1950 ὁρώντων

2066 1971 2319 2039 καταχέει
2353 1972 2450 2043 τῆς
2473 1972 2709 2043 ἀθυμίας
2732 1972 2828 2043 τὴν
2855 1970 3041 2042 ἀχλύν.
3078 1971 3150 2024 Οὐ
3172 1970 3233 2023 τὸ
3260 1969 3452 2037 ἔδαφος
3472 1967 3527 2019 δέ
3558 1966 3734 2036 μόνον,

2065 2055 2199 2109 ἀλλά
2239 2058 2332 2111 καὶ
2367 2059 2504 2130 αὐτὴ
2527 2058 2621 2112 τοῦ
2655 2059 2816 2130 ἀέρος
2848 2062 2879 2130 ἡ
2917 2059 3096 2127 φύσις,
3128 2058 3223 2111 καὶ
3257 2056 3417 2118 αὐτὸς
3445 2052 3552 2105 τῶν
3580 2052 3738 2122 ἡλια-

2066 2143 2177 2196 κῶν
2218 2145 2449 2198 ἀκτίνων
2486 2148 2514 2199 ὁ
2551 2146 2747 2210 κύκλος
2794 2146 3110 2215 στυγνάζειν
3161 2162 3248 2215 μοι
3288 2143 3434 2195 δοκεῖ
3488 2138 3606 2205 νῦν,
3644 2138 3740 2191 καὶ¹

2066 2232 2440 2304 ἀμαυρότερος
2459 2234 2767 2303 φαίνεσθαι,
2796 2236 2859 2288 ού
2888 2234 2996 2286 τῶν
3025 2231 3299 2303 στοιχείων
3328 2229 3424 2300 τὴν
3453 2226 3612 2297 φύσιν
3644 2242 3741 2295 με-

2065 2318 2455 2382 ταϐαλλόντων,
2492 2320 2628 2374 ἀλλά
2659 2321 2767 2374 τῶν
2812 2320 3096 2391 ἡμετέρων
3136 2316 3432 2388 ὀφθαλμῶν
3470 2313 3546 2384 τῷ
3588 2312 3741 2365 τεθο-

2064 2404 2265 2459 λῶσθαι
2303 2407 2402 2478 τῆς
2442 2408 2679 2480 ἀθυμίας
2708 2408 2784 2480 τῷ
2820 2409 2993 2477 νέφει,
3030 2408 3102 2478 μὴ
3141 2405 3451 2474 δυναμένων
3486 2398 3742 2470 καθαρῶς

2069 2493 2203 2563 μηδὲ
2240 2495 2375 2564 μετά
2412 2496 2511 2566 τῆς
2541 2497 2712 2567 αὐτῆς
2747 2496 3037 2558 διαθέσεως
3077 2495 3137 2547 τὸ
3173 2492 3322 2562 παρά
3360 2491 3465 2544 τῶν
3506 2488 3743 2543 ἀκτίνων

2065 2578 2314 2649 δέχεσθαι
2353 2581 2487 2650 φῶς.
2518 2582 2687 2637 Τοῦτό
2726 2586 2872 2637 ἐστιν
2907 2584 2935 2635 ὃ
2963 2583 3130 2636 πάλαι
3153 2582 3180 2634 ό
3210 2580 3491 2651 προφήτης
3524 2576 3741 2647 ἐθρήνει

2066 2666 2257 2735 λέγων·
2290 2671 2537 2724 Δύσεται
2571 2673 2773 2736 αὐτοῖς
2805 2675 2836 2725 ό
2874 2671 3047 2737 ἣλιος
3075 2668 3469 2739 μεσημϐρίας,
3501 2665 3598 2718 καί
3625 2677 3740 2716 συθ

2067 2756 2352 2809 σκοτάσει
2378 2758 2415 2824 ὴ
2447 2758 2655 2825 ἡμέρα.
2678 2759 2846 2812 Τοῦτο
2874 2759 2929 2812 δὲ
2962 2758 3163 2826 ἔλεγεν,
3192 2757 3286 2825 οὐχ
3314 2755 3388 2817 ὡς
3420 2752 3513 2807 τοῦ
3542 2751 3744 2820 ἄστρου

2068 2844 2465 2915 κρυπτομένου,
2499 2846 2620 2898 ούδέ
2668 2846 2744 2910 ὡς
2782 2848 2879 2917 τῆς
2911 2847 3124 2917 ἡμέρας
3169 2842 3588 2912 ἀφανιζομένης,
3626 2838 3740 2891 ἀλλ’

2066 2932 2141 2994 ὡς
2163 2931 2267 2985 τῶν
2300 2932 2652 3004 ἀθυμούντων
2684 2935 2804 2988 οὐδὲ
2842 2936 2899 2988 ἐν
2936 2933 3251 3005 μεσημϐρίᾳ
3273 2930 3586 3001 δυναμένων
3612 2928 3743 2996 ὁρᾷν

2068 3017 2129 3071 τδ
2167 3018 2282 3087 φῶς
2317 3020 2405 3074 διά
2446 3022 2537 3074 τὸν
2566 3022 2674 3075 ἀπὸ
2710 3022 2809 3092 τῆς
2855 3022 3047 3092 ὀδύνης
3088 3020 3247 3089 ζόφον
3271 3036 3285 3049 ο
3321 3019 3349 3071 ὃ
3395 3017 3458 3087 δὴ
3498 3016 3592 3069 καὶ
3647 3011 3745 3068 νῦν

2068 3108 2258 3177 γέγονε
2280 3126 2291 3138 ·
2330 3110 2425 3164 καὶ
2452 3112 2697 3183 ὅπουπερ
2736 3112 2802 3166 ἂν
2832 3112 2914 3183 ἴδῃ
2951 3130 3057 3175 τις,
3089 3112 3191 3164 κᾶν
3218 3112 3297 3173 εἰς
3327 3108 3386 3161 τὸ
3409 3107 3621 3176 ἔδαφος,
3641 3105 3744 3159 κᾶν

2070 3199 2149 3261 εἰς
2168 3199 2293 3262 τοὺς
2322 3200 2551 3269 τοίχους,
2578 3201 2680 3253 κᾶν
2704 3202 2783 3264 είς
2800 3202 2924 3263 τοὺς
2944 3202 3128 3264 κίονας
3151 3201 3246 3271 τῆς
3273 3197 3497 3259 πόλεως,
3532 3194 3633 3248 κᾶν
3663 3196 3747 3257 εις

2069 3285 2193 3349 τοῦς
2235 3286 2477 3356 πλησίον,
2520 3287 2689 3340 νύκτα
2724 3290 2857 3359 ὀρᾷν
2882 3288 3029 3341 δοκεῖ
3058 3288 3148 3341 καὶ
3186 3288 3345 3354 ζόφον
3376 3282 3540 3354 βαθύν
3562 3299 3574 3310 ·
3600 3280 3750 3335 οὕτω

2072 3374 2247 3427 πάντα
2268 3374 2467 3445 πολλῆς
2503 3376 2661 3446 γέμει
2689 3376 2787 3446 τῆς
2816 3376 3139 3446 κατηφείας.
3165 3374 3296 3442 Σιγὴ
3328 3369 3602 3439 πανταχοῦ
3624 3370 3746 3443 φρί-

2071 3478 2172 3531 κης
2210 3461 2453 3532 γέμουσα
2515 3463 2608 3516 καὶ
2646 3462 2871 3534 ἐρημία,
2912 3463 3006 3515 καὶ
3043 3464 3072 3514 ὀ
3120 3460 3363 3523 ποθεινὸς
3411 3460 3616 3521 ἐκεῖ.ος
3650 3457 3746 3511 τοῦ

2072 3548 2308 3620 πλήθους
2326 3550 2578 3604 ἔσϐεσται
2606 3550 2853 3621 θόρυϐος,
2884 3551 2978 3603 καὶ
3001 3550 3251 3619 καθάπερ
3274 3547 3527 3601 ἁπάντων
3551 3547 3630 3607 είς
3650 3544 3747 3615 τὴν

2071 3640 2174 3707 γῆν
2208 3638 2579 3691 καταδυόντων
2619 3638 2663 3700 ί,
2712 3639 2884 3702 οὓτως
2933 3638 3144 3707 ἀφωνία
3197 3636 3295 3709 τὴν
3334 3635 3487 3689 πόλιν
3527 3633 3747 3703 κατέχει

2071 3724 2186 3790 νῦν,
2226 3728 2319 3780 καὶ
2353 3730 2465 3791 τοῖς
2491 3727 2658 3791 λίθοις
2691 3728 2931 3781 ἐοίκασιν
2962 3727 3219 3791 ἅπαντες,
3270 3728 3362 3779 καὶ
3408 3724 3596 3795 ῶσπερ
3640 3722 3752 3777 τινὶι

2072 3813 2413 3887 γλωττοπέδῃ
2443 3818 2508 3886 τῇ
2557 3818 2812 3888 συμφορᾷ
2866 3817 3217 3888 κατεχόμενοι
3255 3816 3562 3888 βαρυτάτην
3616 3832 3748 3867 κατ-

2075 3902 2292 3973 ἔχουσιν
2320 3904 2567 3974 ἡσυχίαν,
2606 3905 2700 3957 καὶ
2731 3905 3017 3974 τοσαύτην,
3044 3907 3251 3975 δσηπερ
3286 3904 3351 3958 ἃν
3390 3905 3438 3956 εἰ
3478 3902 3751 3973 πολεμίων

2074 3990 2405 4044 ἐπελθόντων
2441 3993 2535 4045 καὶ
2570 3992 2777 4056 πάντας
2813 3991 2947 4063 όμοῦ
2982 3992 3114 4063 πυρί
3144 3993 3238 4045 καὶ
3274 3991 3475 4062 σιδήρῳ
3502 3990 3746 4059 δαπανη-

2077 4078 2283 4131 σάντων
2333 4079 2568 4145 ἐγένετο.
2623 4079 2890 4144 Εὔκαιρον
2938 4080 3034 4133 νῦν
3082 4081 3281 4132 εἰπεῖν·
3333 4079 3753 4132 Ἀποστείλατε

2077 4162 2227 4231 πρὸς
2254 4159 2359 4226 τὰς
2386 4162 2745 4229 θρηνούσας,
2772 4161 2887 4234 [ὲὸ]
2925 4162 3023 4216 καί
3064 4163 3425 4217 ἐλθέτωσαν.
3460 4163 3558 4215 καί
3597 4164 3749 4228 πρὸς

2076 4248 2181 4315 τὰς
2197 4246 2411 4316 σοφὰς,
2429 4248 2523 4300 καὶ
2543 4248 3038 4319 φθεγξάσθωσιιν.
3074 4249 3373 4303 Ῥεέτωσαν
3393 4250 3441 4301 οί
3471 4247 3746 4318 ὀφθαλμοὶ

2074 4338 2228 4409 ὑμῶν
2259 4338 2423 4407 ὕδωρ,
2451 4340 2545 4393 καὶ
2576 4340 2643 4393 τὰ
2680 4338 2925 4409 βλέφαρα
2954 4337 3105 4408 ὑμῶν
3135 4336 3417 4404 καταγέτω
3442 4335 3669 4407 δάκρυα·
3700 4337 3748 4388 οἰ

2077 4426 2271 4497 βουνοὶ,
2287 4426 2477 4479 λάϐετε
2506 4426 2751 4489 κοπετὸν,
2789 4428 2880 4479 καὶ
2908 4425 2976 4479 τὰ
3008 4424 3133 4496 ὅρη,
3160 4422 3374 4494 θρῆνον.
3411 4423 3746 4493 Καλέσωμεν

2074 4514 2170 4584 τὴν
2208 4514 2382 4567 κτίσιν
2423 4514 2637 4568 ἃπασαν
2680 4515 2759 4576 εἰς
2798 4512 3141 4583 συμπάθειαν
3176 4510 3283 4563 τῶν
3327 4510 3613 4581 ἡμετέρων
3651 4528 3749 4563 κα-

2074 4601 2235 4654 κῶνΑ
2249 4600 2409 4664 Πόλις
2431 4599 2572 4653 οὕτω
2609 4599 2817 4671 μεγάλη
2845 4600 2936 4652 καὶ
2969 4597 3077 4651 τῶν
3106 4597 3211 4651 ὑπὸ
3240 4598 3340 4668 τὴν
3369 4598 3444 4650 ἓω
3478 4597 3748 4668 κειμένων

2076 4686 2353 4758 ήκεφαλὴ,
2382 4690 2444 4740 ἐκ
2476 4687 2648 4757 μέσης
2676 4686 3091 4756 ἀναρπασθῆναι
3120 4685 3415 4739 κινδυνεύει
3446 4686 3544 4755 τῆς
3569 4687 3749 4737 οἰκου-

2078 4774 2245 4844 μένης
2264 4792 2294 4839 ’ς
2317 4774 2411 4827 νῦν
2443 4774 2474 4843 ἡ
2512 4772 2777 4844 πολύπαις
2810 4773 2976 4835 άπαις
3008 4771 3269 4842 ἐξαίφνης
3301 4772 3611 4841 γεγένηται,
3654 4771 3749 4824 καί⁸

2073 4842 2101 4913 ὀ
2132 4842 2411 4931 βοηθήσων
2451 4842 2657 4923 οὐδείς)
2673 4860 2747 4912 Οὐ
2770 4860 2877 4930 γάρ
2908 4862 3054 4912 ἐστιν
3094 4860 3122 4911 ὀ
3157 4858 3435 4928 ὑϐρισθεὶς
3486 4857 3747 4928 ὀμότιμόν

2074 4964 2193 4999 τινα
2234 4946 2371 5017 ἔχων
2408 4947 2499 4998 ἐπὶ
2534 4946 2634 5015 τῆς
2679 4946 2779 5015 γῆς
2802 4963 2813 4974 ⁸
2847 4945 3097 5015 βασιλεὺς
3129 4947 3238 5015 γάρ
3268 4946 3381 4997 ἐστι
3417 4942 3625 5015 κορυφὴ
3654 4944 3750 4999 καὶ

2076 5033 2285 5104 κεφαλὴ
2318 5032 2426 5084 τῶν
2460 5032 2552 5084 ἐπὶ
2578 5034 2674 5101 τῆς
2708 5032 2812 5101 γῆς
2843 5032 3143 5102 ἀνθρώπων
3168 5032 3440 5085 ἁπάντων.
3472 5032 3567 5082 Διά
3591 5030 3751 5083 τοῦτο

2074 5121 2137 5192 δὴ
2168 5121 2301 5189 πρὸς
2326 5120 2416 5173 τὸν
2448 5122 2559 5174 ἀνω
2592 5120 3023 5191 καταφεύγωμεν
3058 5120 3316 5190 βασιλέα·
3351 5121 3553 5172 ἐκεῖνον
3588 5116 3748 5171 καλέ-

2078 5225 2258 5275 σωμεν
2288 5210 2368 5269 εἰς
2399 5206 2648 5277 βοήθειαν
2667 5224 2681 5239 ⁸
2710 5209 2758 5259 εἰ
2796 5207 2871 5278 μὴ
2920 5207 3018 5276 τῆς
3054 5207 3260 5260 ἄνωθεν
3290 5205 3687 5273 ἀπολαύσοιμεν
3719 5206 3751 5249 3

2076 5295 2313 5358 εὐνοίας,
2334 5294 2560 5364 οὐδεμία
2586 5294 2829 5347 λείπεται
2854 5297 2965 5357 τοῖς
2991 5293 3378 5364 γεγενημένοις
3407 5294 3745 5362 παραμυθία.

2144 5390 2216 5452 γ’.
2256 5383 2583 5453 Ἐϐουλόμην
2620 5382 2852 5436 ἐνταῦθα
2899 5381 3200 5435 καταλῦσαι
3241 5380 3330 5433 τὸν
3351 5380 3522 5448 λόγον·
3550 5382 3609 5432 ού
3640 5380 3755 5452 γάρ

2078 5470 2318 5525 ἐθέλουσι
2364 5471 2473 5525 τῶν
2514 5470 2862 5539 ὀδυνωμένων
2907 5470 2961 5523 αἰ
3017 5468 3186 5539 ψυχαὶ
3246 5469 3487 5542 μακροὺς
3532 5468 3751 5526 ἀποτεί-

2077 5558 2188 5611 νειν
2223 5559 2429 5628 λόγουςο
2493 5558 2607 5612 ἀλλ’
2644 5558 2833 5627 ῶσπερ
2871 5556 3065 5627 νεφέλη
3120 5574 3204 5617 τις
3243 5554 3421 5622 πυκνὴ
3460 5555 3747 5631 γενομένη,

2077 5648 2170 5699 καὶ
2213 5646 2311 5718 τὴν
2344 5647 2575 5719 ἡλιακὴν
2619 5649 2812 5701 ἀκτῖνα
2856 5644 3283 5717 ύπεκδραμοῦσα
3321 5646 3382 5708 h,
3419 5644 3754 5715 ἀποστρέφει

2091 5873 2099 5881 _
2146 5808 2164 5847 ί
2214 5809 2309 5859 Alii
2342 5812 2657 5860 καταδύντων.
2704 5812 2826 5861 Infra
2859 5811 3011 5861 Savil.
3048 5818 3102 5862 et
3156 5826 3283 5862 unus
3327 5810 3590 5876 βαρυτάτην
3630 5825 3752 5875 παρ-

2078 5889 2098 5919 ε
2136 5888 2257 5918 ονσι.

2102 5888 2168 5996 χε
2200 5934 2294 5980 Alii
2323 5934 2377 5980 ἂν
2402 5936 2527 5995 μή...
2554 5934 2897 5996 ἀπολαύσωμεν

2140 5994 2169 6035 δ
2196 5996 2346 6044 Savil.
2370 5994 2421 6044 et
2454 5998 2649 6056 quidam
2678 6012 2788 6044 mss
2817 5994 3175 6060 ὒποέραιιοῦσα.
