4072 6384
349 360 422 414 37
1123 361 1182 416 S.
1217 360 1502 416 JOANNIS
1519 359 2010 418 CHRYSOSTOMI
2046 360 2368 418 ARCIIIEP.
2413 359 2956 421 CONSTANTINOP.
3734 360 3808 418 '53

352 477 453 548 τὴν
479 475 655 546 αὐγὴν
678 476 860 530 πᾶσαν
886 479 966 540 είς
987 476 1249 529 τοὺπίσω·
1272 476 1414 529 οὑτω
1437 477 1501 548 δὴ
1537 477 1630 530 καὶ
1660 477 1898 548 ἀθυμίας
1939 478 2028 531 νέε-

351 583 471 633 φος,
517 565 736 618 ἐπειδὰν
768 567 865 636 στῇ
911 565 1017 636 πρὸ
1057 565 1154 634 τῆς
1197 565 1376 635 ψυχῆς
1413 569 1512 636 τῆς
1567 567 1879 638 ἡμετέρας,
1929 568 2028 621 οὑκ

351 653 578 724 ἀφίησιν
605 652 824 706 εὑκολον
855 652 1108 720 γενέσθαι
1133 653 1230 724 τὴν
1259 652 1350 705 τοῦ
1381 653 1540 721 λόγου
1587 655 1857 714 διάϐασιν,
1912 655 2030 708 ἀλλ’

351 741 644 809 ἀποπνίγει
697 741 788 793 καὶ
821 740 1032 810 συνέχει
1065 739 1203 810 μετά
1233 740 1434 811 πολλῆς
1462 743 1562 813 τῆς
1590 743 1836 814 ἀνάγκης
1886 743 2032 796 ἔνδον

351 828 535 882 αὐτόν.
568 828 679 881 Καὶ
711 827 868 881 τοῦτο
894 828 994 880 οὑκ
1024 828 1115 880 ἐπὶ
1147 827 1258 881 τῶν
1285 829 1570 896 λεγόντων,
1619 831 1756 884 ἀλλά
1799 832 1895 884 καὶ
1939 832 2033 883 ἐπὶ

350 917 460 970 τῶν
491 917 798 970 ἀκουόντων
828 916 1056 980 γίνεται.
1084 917 1296 988 ’Ὠσπερ
1325 916 1434 988 γάρ
1455 917 1564 972 ἀπὸ
1588 918 1689 988 τῆς
1721 918 1816 971 106
1843 920 2029 986 λέγον-

351 1018 445 1066 τος
468 1004 646 1076 ψυχῆς
673 1005 771 1056 οὑκ
804 1001 1030 1072 ἀφίησιν
1076 1005 1238 1058 αὑτὸν
1277 1005 1582 1077 ἐκπηδῆσαι
1616 1009 1731 1078 μετ’
1757 1008 2030 1071 εὐκολίας,

352 1089 528 1155 οὑτως
565 1091 686 1144 οὑδέ
729 1093 808 1155 εἰς
857 1091 956 1162 τὴν
1000 1090 1107 1144 τῶν
1138 1093 1445 1146 ἀκουόντων
1486 1093 1725 1149 διάνοιαν
1771 1096 2032 1165 ἐμπεσεῖν

355 1183 631 1251 συγχωρεῖ
685 1180 822 1250 μετά
870 1181 968 1251 τῆς
1005 1181 1208 1245 οἰκείας
1233 1182 1536 1253 δυνάμεως.
1577 1181 1678 1236 Διά
1728 1183 1886 1236 τοῦτο
1939 1183 2034 1237 καί¹

368 1269 610 1321 Ἰουδαῖοί
636 1287 764 1322 ποτε
793 1269 868 1340 τῷ
1085 1272 1179 1325 καὶ
1225 1275 1291 1343 τῇ
1338 1273 1587 1344 πλινθείᾳ
1625 1273 1964 1337 δουλεύοντες
1981 1286 2033 1336 ⁸,

352 1355 450 1409 106
473 1356 715 1418 Μωσέως
745 1356 1006 1421 πολλάκις
1041 1359 1253 1429 μεγάλα
1277 1360 1407 1431 περὶ
1446 1363 1547 1432 τῆς
1578 1361 1756 1415 αὑτῶν
1785 1361 2034 1430 λέγοντος

356 1445 630 1515 σωτηρίας
679 1444 898 1498 ἀκούειν
926 1446 1026 1499 οὑκ
1065 1447 1361 1519 ἠνείχοντο,
1407 1449 1508 1519 τῆς
1549 1449 1786 1520 ἀθυμίας
1836 1449 2034 1503 ἄϐατον

353 1534 616 1604 ποιούσης
645 1533 724 1604 τῷ
755 1534 898 1606 λόγῳ
928 1537 1027 1607 τὴν
1050 1536 1310 1601 διάνοιαν,
1345 1538 1438 1590 καὶ
1463 1537 1560 1610 τὴν
1588 1539 1758 1609 ἀκοὴν
1787 1541 2036 1610 ἐμφρατ-

353 1622 572 1690 τούσης.
619 1623 956 1694 Ἥϐουλόμην
985 1625 1083 1695 μὲν
1112 1621 1204 1679 οὖν
1238 1627 1329 1679 καὶ
1358 1627 1519 1690 αὑτὸς
1543 1627 1772 1680 ἐνταῦθα
1798 1629 2034 1680 καταλῦ-

352 1709 537 1762 σαιτά
566 1710 850 1781 εἰρημένα·
884 1711 1001 1765 ἀλλ’
1017 1713 1276 1784 ἐννοήσας
1313 1715 1395 1767 ὅτι
1428 1715 1529 1767 οὑκ
1561 1715 1909 1786 ἀντιφράττει
1941 1716 2035 1784 μό-

353 1815 444 1850 νον
472 1799 700 1870 νεφέλης
728 1799 887 1868 φύσις
918 1800 1016 1872 τὴν
1049 1803 1126 1865 είς
1155 1803 1214 1855 τὸ
1242 1803 1429 1873 πρόσω
1458 1802 1629 1874 φορὰν
1657 1803 1760 1874 τῆς
1797 1805 2032 1866 ἀκτῖνος,

360 1887 498 1941 ἀλλά
529 1889 624 1941 καὶ
645 1888 953 1941 τοὺναντίον
982 1889 1120 1962 αὑτὴ
1150 1891 1347 1960 πάσχει
1372 1891 1652 1954 πολλάκις·
1694 1890 1910 1943 ἐπειδάν
1929 1895 2036 1959 γὰρ

359 1977 388 2027 ὀ
419 1976 568 2046 ἥλιος
594 1976 918 2048 θερμότερος
953 1977 1276 2048 προσπεσὼν
1297 1979 1559 2050 διηνεκῶς
1582 1979 1745 2051 τρίϐῃ
1774 1979 1834 2031 τὸ
1853 1978 2034 2046 νέφος,

363 2065 526 2134 μέσον
555 2083 612 2120 τε
646 2067 777 2120 αὐτὸ
810 2067 1062 2140 διέρῥηξε
1101 2068 1379 2133 πολλάκις,
1404 2071 1498 2123 καὶ
1532 2069 1726 2140 ἀθρόον
1752 2068 2036 2138 ἐκλάμψας

361 2156 586 2226 φαιδρὸς
614 2161 733 2221 ταῖς
763 2158 872 2212 τῶν
902 2159 1152 2230 ὁρώντων
1185 2161 1523 2232 προσέπεσεν
1550 2162 1722 2230 ὄψεσι·
1751 2161 1908 2215 τοῦτο
1943 2163 2036 2215 καὶ

359 2243 522 2306 αὑτὸς
553 2246 838 2315 προσδοκῶ
868 2249 1112 2317 ποιήσειν
1144 2250 1404 2320 σήμερον,
1441 2250 1537 2302 καὶ
1577 2249 1671 2304 τοῦ
1719 2249 1877 2317 λόγου
1913 2267 2037 2302 συν-

360 2332 500 2400 εχῶς
531 2332 844 2403 ὁμιλοῦντος
883 2336 1036 2406 ὑμῶν
1067 2340 1186 2400 ταῖς
1220 2337 1446 2408 ψυχαῖς,
1482 2340 1575 2392 καὶ
1599 2340 1690 2392 ἐπὶ
1733 2339 1914 2392 πλεῖον
1947 2341 2037 2392 ἐν-

359 2417 748 2490 διατρίϐοντος,
774 2423 1108 2493 ῥαγήσεσθαι
1132 2423 1334 2488 ἐλπίζω
1362 2425 1458 2496 τῆς
1492 2425 1729 2496 ἀθυμίας
1762 2427 1822 2478 τὸ
1855 2426 2035 2495 νέφος,

362 2505 457 2558 καὶ
496 2506 871 2578 καταλάμψειν
913 2508 1066 2578 ὑμῶν
1103 2509 1201 2581 τὴν
1235 2511 1473 2564 διάνοιαν
1515 2513 1580 2583 τῇ
1623 2511 1846 2583 εἰωθυίᾳ
1876 2512 2037 2566 πάλιν

361 2590 699 2664 διδασκαλίᾳ.
732 2594 870 2648 Ἀλλ’
897 2595 1109 2650 ἐπίδοτέ
1148 2615 1236 2668 μοι
1270 2598 1368 2668 τὴν
1396 2598 1573 2670 ψυχὴν
1613 2599 1709 2669 τὴν
1739 2601 2036 2670 ὑμετέραν,

363 2679 576 2733 ἐπίδοτέ
619 2698 709 2751 μοι
745 2681 843 2754 τὴν
876 2684 1048 2754 ἀκοὴν
1099 2684 1316 2756 μικρόν·
1348 2686 1746 2753 ἀποτινάξασθε
1773 2688 1872 2758 τὴν
1903 2686 2040 2740 ἀθυ-

367 2768 518 2837 μίαν·
568 2769 659 2821 ἐπὶ
705 2769 767 2822 τὸ
813 2769 1078 2840 πρότερον
1122 2770 1241 2834 ἔθος
1282 2772 1686 2842 ἐπανέλθωμεν.
1722 2775 1816 2826 καὶ
1848 2771 2038 2844 ὥσπερ

364 2851 637 2923 εἰώθαμεν
664 2855 751 2908 ἀεὶ
779 2855 893 2925 μετ’
919 2855 1183 2926 εὐθυμίας
1206 2857 1437 2910 ἐνταῦθα
1461 2859 1880 2928 παραγίνεσθαι,
1897 2858 2038 2913 οὑτω

365 2943 458 2994 καὶ
507 2940 602 2994 νῦν
645 2943 910 3013 ποιῶμεν,
935 2943 996 2998 τὸ
1034 2946 1142 2998 πᾶν
1167 2946 1258 2998 ἐπὶ
1285 2946 1376 2998 τὸν
1409 2945 1541 2998 Θεὸν
1567 2945 1840 3017 ῥίψαντες.
1871 2945 2041 3001 Τοῦτο

365 3029 462 3080 καὶ
491 3028 628 3100 πρὸς
655 3030 825 3102 αὑτὴν
860 3033 992 3101 ἡμῖν
1014 3032 1113 3103 τῆς
1141 3035 1426 3104 συμφορᾶς
1457 3033 1814 3103 συμϐαλεῖται
1843 3032 1937 3104 τὴν
1953 3033 2041 3087 λύ-

367 3133 470 3171 σιν.
494 3119 591 3170 Ἂν
612 3117 719 3190 γάρ
747 3119 832 3192 ἴδῃ
863 3119 1000 3188 μετὰ
1028 3120 1315 3192 ἀκριϐείας
1337 3121 1719 3192 ἀκροωμένους
1742 3121 1849 3176 τῶν
1873 3121 2039 3176 αὑτοῦ

365 3204 558 3272 λόγων,
590 3206 684 3259 καὶ
707 3205 805 3276 τὴν
836 3205 1152 3276 φιλοσοφίαν
1178 3209 1309 3278 ἡμῖν
1337 3208 1435 3262 οὑκ
1471 3209 1836 3281 ἐλεγχομένην
1855 3212 1920 3282 τῇ
1945 3210 2039 3263 τοῦ

367 3292 560 3363 καιροῦ
603 3292 877 3365 δυσκολίᾳ,
919 3294 1131 3365 ταχέως
1155 3295 1526 3366 ἀντιλήψεται,
1557 3297 1650 3350 καὶ
1694 3299 1908 3368 ποιήσει
1942 3297 2040 3368 τὴν

342 3399 346 3403 ·
365 3381 604 3451 γαλήνην
616 3381 711 3434 καὶ
725 3381 1021 3454 μεταϐολὴν
1035 3384 1242 3453 ἀγαθὴν
1254 3385 1362 3438 ἀπὸ
1372 3385 1464 3437 τοῦ
1479 3386 1740 3456 παρόντος
1751 3385 2039 3456 χειμῶνος.

435 3477 479 3526 Τ
481 3477 540 3528 ὸν
566 3474 676 3546 γάρ
697 3475 1021 3544 Χριστιανὸν
1039 3475 1136 3529 καὶ
1163 3475 1221 3527 ἐν
1247 3473 1420 3544 τούτῳ
1451 3473 1560 3526 τῶν
1581 3473 1826 3527 ἀπίστων
1849 3473 2038 3543 διαφέ-

367 3579 481 3632 ρειν
511 3565 639 3634 χρὴ,
668 3561 782 3634 [24]
801 3565 859 3616 ἐν
876 3562 956 3633 τῷ
979 3563 1165 3634 φέρειν
1184 3562 1448 3630 γενναίως
1465 3561 1702 3625 ἅπαντα,
1727 3562 1822 3616 καὶ
1843 3565 1911 3634 τῇ
1931 3561 2042 3619 τῶν

367 3655 669 3725 μελλόντων
714 3655 889 3708 ἐλπίδι
925 3657 1291 3727 πτερούμενον
1327 3655 1600 3728 ἀνώτερον
1631 3654 1770 3712 εἶναι
1802 3659 1900 3728 τῆς
1931 3657 2039 3711 τῶν

364 3741 721 3812 ἀνθρωπίνων
741 3741 930 3796 κακῶν
953 3741 1274 3815 προσϐολῆς.
1306 3744 1430 3796 Ἐπὶ
1457 3744 1555 3815 τῆς
1579 3744 1782 3816 πέτρας
1808 3745 2039 3816 ἕστηκεν

364 3831 395 3883 ὁ
425 3829 636 3894 πιστὸς,
666 3829 755 3883 διά
795 3828 954 3884 10610
979 3832 1100 3895 ταῖς
1127 3829 1235 3884 τῶν
1268 3831 1526 3902 κυμάτων
1573 3833 1868 3906 ἀχείρωτός
1921 3835 2038 3886 ἐστι

367 3917 738 3988 ιπροσϐολειῖςι³
769 3957 782 3971 .
821 3918 918 3970 Ἂν
954 3918 1062 3990 γάρ
1087 3919 1303 3991 ἐπαρθῇ
1334 3920 1404 3973 τά
1441 3920 1661 3991 κύματα
1699 3921 1809 3974 τῶν
1842 3939 2038 3993 πειρα-

366 4004 543 4074 σμῶν,
577 4006 679 4059 οὑκ
707 4001 1008 4074 ἐφικνεῖται
1036 4006 1146 4060 τῶν
1184 4007 1393 4061 ἐκείνου
1427 4007 1604 4061 ποδῶν
1623 4026 1636 4039 ·
1672 4003 1824 4073 οὗτος
1849 4009 2042 4080 ὑψηλό-

362 4110 520 4164 τερος
543 4095 641 4163 τῆς
662 4093 878 4165 ἀπάσης
898 4094 1152 4165 τοιαύτης
1173 4095 1403 4166 ἕστηκεν
1425 4095 1734 4168 ἐπιϐουλῆς.
1753 4097 1845 4168 Μὴ
1859 4097 2039 4150 τοίνυν

363 4182 782 4254 καταπέσωμεν,
823 4184 1117 4254 ἀγαπητοί.
1159 4184 1271 4254 υύχ
1301 4183 1474 4247 οὑτως
1497 4186 1658 4255 ἡμεῖς
1683 4185 2040 4258 φροντίζομεν

359 4271 462 4340 τῆς
477 4271 754 4342 ἡμετέρας
780 4271 1072 4342 σωτηρίας,
1090 4272 1166 4334 ὡς
1190 4273 1218 4324 ὁ
1238 4273 1468 4342 ποιήσας
1487 4274 1634 4343 ἡμᾶς
1655 4272 1806 4336 Θεός·
1826 4273 1924 4344 οὑχ
1951 4272 2040 4326 οὑ-

361 4375 470 4420 τως
485 4361 618 4428 ἡμῖν
643 4359 903 4428 μέλειτοῦ
927 4359 1094 4431 μηδὲν
1115 4358 1308 4414 παθεῖν
1327 4359 1520 4426 δεινὸν,
1539 4361 1615 4425 ώς
1633 4359 1712 4432 τῷ
1737 4363 1834 4433 τὴν
1861 4363 2039 4434 ψυχὴν

360 4450 496 4519 ημῖν
527 4449 898 4522 χαρισαμένῳ,
931 4450 1023 4502 καὶ
1043 4449 1280 4505 τοσαῦτα
1306 4450 1448 4504 δόντι
1479 4450 1616 4521 μετά
1641 4451 1813 4505 ταῦτα
1835 4453 2036 4520 ἀγαθά.

361 4537 603 4601 Ταύταις
629 4540 852 4596 ἐαυτοὺς
881 4538 1251 4610 πτερώσωμεν
1269 4541 1388 4603 ταῖς
1410 4540 1612 4605 ἐλπίσι,
1642 4539 1738 4594 καὶ
1766 4540 1873 4592 τῶν
1911 4539 2038 4610 μελ-

362 4623 565 4677 λόντων
597 4624 928 4696 ῥηθήσεσθαι
955 4625 1096 4696 μετὰ
1118 4625 1218 4694 τῆς
1245 4626 1499 4689 εἰωθυίας
1537 4625 1860 4696 ἀκούσωμεν
1902 4643 2037 4698 προ-

365 4711 584 4782 θυμίας.
638 4711 870 4778 Μακράν
919 4710 1109 4783 πρῴην
1151 4713 1411 4767 ἀπέτεινα
1449 4713 1585 4785 πρὸς
1625 4714 1723 4785 τὴν
1767 4714 2038 4785 ὑμετέραν

359 4801 584 4870 ἀγάπην
617 4799 978 4870 δημηγορίαν,
1019 4801 1110 4853 καὶ
1163 4800 1371 4864 πάντας
1405 4796 1539 4854 εἶδον
1573 4800 2038 4872 παρακολουθοῦν-

361 4903 482 4949 τας,
516 4886 608 4938 καὶ
629 4886 820 4940 οὐδένα
858 4889 922 4939 ἐκ
958 4887 1132 4958 μέσης
1177 4887 1592 4959 ὑποστρέψαντα
1623 4889 1722 4958 τῆς
1750 4887 1891 4942 ὁδοῦ.
1923 4889 2036 4941 Χά-

365 4991 452 5043 ριν
481 4974 608 5042 ὑμῖν
643 4975 765 5026 ἀντὶ
792 4975 891 5045 τῆς
922 4973 1229 5045 προθυμίας
1264 4974 1371 5045 ἔχω
1405 4977 1642 5045 ἐκείνης,
1673 4978 1768 5030 καὶ
1791 4976 1899 5030 τῶν
1938 4977 2035 5029 πό-

361 5080 468 5116 νων
496 5063 587 5114 τὸν
621 5063 808 5132 μισθὸν
833 5063 1285 5134 ἀπείληφα·ἀλλά
1319 5064 1412 5116 καὶ
1440 5064 1627 5137 ἕτερον
1669 5067 1784 5134 μετ’
1825 5065 2036 5120 ἐκείνου

360 5150 557 5220 μισθὸν
599 5151 741 5222 ὑμᾶς
764 5151 942 5222 ᾔτησα
971 5151 1114 5204 τότε·
1161 5153 1302 5222 τάχα
1333 5151 1447 5204 ἴστε
1477 5155 1573 5206 καὶ
1608 5153 1906 5224 μέμνησθε.
1942 5153 2038 5217 Τίς

357 5237 418 5290 δὲ
465 5233 532 5309 ἦν
569 5240 597 5292 ὁ
624 5237 844 5309 μισθός;
875 5239 1014 5302 Τοὺς
1043 5239 1397 5310 βλασφήμους
1421 5242 1546 5304 τοὺς
1579 5240 1720 5294 κατά
1751 5241 1850 5313 τὴν
1883 5240 2038 5294 πόλιν

361 5328 612 5394 κολάζειν
637 5330 730 5382 καὶ
757 5326 1132 5400 σωφρονίζειν,
1171 5330 1297 5391 τοὺς
1328 5330 1406 5394 εἰς
1433 5329 1525 5383 τὸν
1553 5329 1684 5383 Θεὸν
1718 5329 2036 5400 ὑϐρίζοντας

365 5418 459 5470 καὶ
491 5419 882 5491 παροινοῦντας
909 5431 930 5458 ο
956 5418 1228 5487 κατέχειν·
1255 5420 1353 5472 οὑκ
1372 5415 1522 5490 οἶμαι
1547 5419 1720 5472 ταῦτα
1748 5419 1842 5474 ἀπ’
1867 5422 2038 5490 ἐμαυ-

360 5507 459 5560 106
489 5508 609 5561 τότε
644 5508 947 5580 εἰρηκέναι,
983 5506 1228 5561 ἀλλάτοῦ
1245 5507 1380 5561 Θεοῦ
1406 5507 1475 5560 τά
1502 5507 1762 5578 μέλλοντα
1790 5508 2037 5580 προειδό-

361 5610 455 5658 τος
474 5596 554 5660 εἰς
569 5595 668 5668 τὴν
683 5597 922 5651 διάνοιαν
941 5597 1039 5668 τὴν
1053 5595 1329 5667 ἡμετέραν
1348 5595 1744 5667 ἐμϐεϐληκέναι
1766 5597 1834 5650 τὰ
1855 5598 1921 5668 ῥή
1931 5615 2034 5668 μα-

361 5701 452 5737 τα·
483 5687 532 5737 εἰ
560 5686 667 5756 γὰρ
695 5687 822 5749 τοὺς
856 5685 926 5738 τὰ
951 5683 1176 5738 τοιαῦτα
1204 5683 1516 5753 τολμῶντας
1557 5683 1906 5755 ἐκολάζομεν,
1937 5685 2038 5738 οὑκ

341 5773 430 5836 ,ἂν
458 5773 628 5829 ταῦτα
655 5773 817 5846 ἐξέϐη
844 5773 960 5838 νῦν,
980 5772 1125 5843 άπερ
1148 5771 1329 5842 ἐξέϐη.
1353 5772 1513 5844 Πόσῳ
1531 5773 1736 5843 βέλτιον
1764 5769 1855 5846 ἦν,
1875 5777 1922 5827 εἰ
1943 5777 2037 5829 καὶ

424 5945 448 6016 _‘
475 5947 711 6016 ngi!._et_
733 5949 883 6011 aliqui
903 5949 1123 6016 Δπλινθεία
1157 5951 1606 6016 ταλαιπωρούμενοι.

425 6008 449 6044 θ’
485 6009 754 6071 Ὶίμϐολαῖς,
776 6008 846 6058 siit
870 6013 970 6059 alii.

424 6075 434 6092 '
473 6074 550 6118 in:
576 6075 706 6120 Emi!
751 6081 798 6116 ιη
827 6077 1006 6126 :I‘i'zunl
1039 6089 1176 6128 mw.
1206 6077 1284 6122 alii
1314 6077 1696 6123 παρανουιιῖι-ιιηε

2138 476 2472 531 κινδυνεύειν
2509 467 2648 542 ἔδει,
2683 479 3082 550 σωφρονίζοντα
3108 478 3305 541 αὑτοὺς
3325 478 3419 532 καὶ
3448 477 3810 534 παιδεύονταιι

2139 566 2330 620 παθεῖν
2358 583 2434 630 τι,
2466 565 2495 618 ὃ
2520 567 2615 619 καὶ
2647 565 2948 638 μαρτυρίου
2980 565 3243 635 στέφανον
3287 568 3422 636 ἡμῖν
3468 567 3741 638 ἐκόμιζεν,
3772 565 3808 640 ἢ

2133 654 2228 708 νῦν
2247 654 2564 719 δεδοικέναι,
2599 654 2696 707 καὶ
2721 653 2966 724 τρέμειν,
3011 654 3106 707 καὶ
3135 653 3364 708 θάνατον
3411 656 3715 728 προσδοκᾷν
3743 658 3812 712 ἐκ

2132 742 2232 811 τῆς
2256 742 2478 795 ἐκείνων
2499 741 2757 807 ἀταξίαςς
2791 741 2921 796 Ἰδοὺ
2949 741 3010 794 τὸ
3025 741 3331 814 ἁμάρτημα
3349 743 3569 812 γέγονεν
3589 744 3807 814 ὀλίγων,

2133 831 2227 882 καὶ
2255 831 2315 883 τὸ
2337 831 2590 901 ἔγκλημα
2610 830 2818 899 γίνεται
2844 831 3041 884 κοινόν·
3075 831 3182 885 ἰδοὺ
3211 831 3280 884 δι’
3307 831 3546 897 ἐκείνους
3571 833 3811 900 ἀπαντες

2131 919 2449 991 δεδοίκαμεν
2489 919 2604 985 νῦν,
2646 919 2739 974 καί
2776 919 2887 974 τῶν
2924 921 3151 985 ἐκείνοις
3191 921 3610 993 τετολμημένων
3654 924 3811 978 αὑτοί⁵

2129 1007 2230 1070 τάς
2253 1008 2524 1079 τιμωρίας
2559 1008 2922 1080 ὑπομένομεν.
2976 1009 3038 1062 Εἰ
3090 1008 3147 1062 δὲ
3201 1009 3566 1080 προλαϐόντες
3611 1011 3820 1076 αὑτοὺς,

2133 1093 2464 1166 ἐξεϐάλομεν
2481 1096 2582 1166 τῆς
2607 1096 2835 1160 πόλεως,
2857 1096 2952 1149 καὶ
2974 1096 3440 1168 ἐσωφρονίσαμεν,
3467 1097 3643 1152 καὶτὸ
3663 1115 3811 1152 νενο-

2136 1183 2307 1253 σηκὸς
2335 1183 2726 1256 διωρθώσαμεν
2753 1184 2934 1255 μέλος,
2953 1185 3055 1238 οὑκ
3084 1184 3150 1238 ἂν
3183 1185 3276 1238 τὸν
3310 1186 3550 1256 παρόντα
3580 1185 3812 1256 ἐφοϐού-

2137 1273 2277 1343 μεθα
2301 1273 2483 1342 φόϐον.
2507 1269 2637 1328 Οἶδα
2663 1274 2744 1328 ὅτι
2767 1273 2868 1344 τῆς
2895 1272 3102 1338 πόλεως
3122 1273 3184 1327 τὸ
3209 1270 3342 1345 ἦθος
3365 1274 3570 1329 ἀνωθεν
3595 1274 3812 1332 ἐλεύθε-

2135 1379 2248 1432 ρον,
2301 1361 2441 1428 ξένοι
2477 1362 2534 1416 δέ
2566 1379 2708 1426 τινες
2737 1362 2832 1416 καὶ
2867 1362 3092 1434 μιγάδες
3145 1362 3439 1434 ἄνθρωποι,
3488 1365 3674 1434 μιαροί⁵
3715 1364 3813 1419 καὶ

2133 1449 2386 1520 ὀλέθριοι,
2409 1451 2502 1503 καὶ
2531 1451 2630 1520 τῆς
2659 1449 2864 1504 ἑαυτῶν
2884 1450 3263 1518 ἀπεγνωκότες
3290 1451 3561 1522 σωτηρίας
3584 1451 3813 1524 ἐτόλμη-

2138 1553 2259 1604 σαν,
2290 1537 2432 1608 άπερ
2454 1537 2774 1609 ἐτόλμησαν.
2808 1538 2908 1591 Διά
2934 1537 3110 1592 ταῦτα
3143 1536 3280 1607 βοῶν
3323 1539 3408 1591 ἀεὶ
3439 1539 3532 1592 καὶ
3574 1538 3811 1611 διαμαρ-

2133 1626 2432 1696 τυρόμενος
2451 1625 2512 1678 οὑ
2539 1625 2804 1680 διέλειπον
2824 1643 2838 1657 ·
2864 1625 3181 1697 κολάσωμεν
3207 1625 3316 1680 τῶν
3347 1625 3813 1698 βλασφημούντων

2133 1714 2233 1784 τὴν
2264 1715 2480 1784 μανίαν,
2514 1715 2936 1786 σωφρονίσωμεν
2951 1714 3130 1768 αὑτῶν
3160 1714 3258 1786 τὴν
3289 1714 3548 1779 διάνοιαν,
3580 1717 3812 1788 προνοή-

2138 1820 2320 1872 σωμεν
2355 1802 2534 1856 αὐτῶν
2573 1803 2673 1873 τῆς
2723 1803 3016 1874 σωτηρίας·
3053 1802 3158 1857 κᾶν
3195 1802 3484 1856 ἀποθανεῖν
3521 1803 3615 1875 δέῃ
3657 1803 3814 1856 τοῦτο

2137 1889 2442 1954 ποιοῦντας,
2476 1890 2618 1962 μέγα
2643 1892 2779 1961 ἡμῖν
2809 1891 2946 1944 οίσει
2980 1889 3041 1943 τὸ
3058 1891 3290 1963 πρᾶγμα
3321 1891 3528 1962 κέρδος·
3571 1891 3644 1963 μὴ
3675 1908 3814 1962 παρ-

2140 1977 2336 2046 ίδωμεν
2373 1977 2467 2030 τὸν
2499 1975 2678 2030 κοινὸν
2723 1975 3096 2048 ’ὑϐριζόμενον
3139 1978 3434 2046 Δεσπότην·
3467 1977 3611 2048 μέγα
3643 1995 3692 2030 τι
3725 1977 3815 2030 τέ-

2137 2067 2286 2132 ξεται
2307 2068 2373 2137 τῇ
2406 2065 2559 2119 πόλει
2582 2064 2752 2119 κακὸν
2787 2065 2848 2118 τὸ
2873 2066 2943 2120 τά
2975 2066 3202 2122 τοιαῦτα
3237 2069 3518 2139 περιορᾷν.

2206 2151 2268 2206 δ’.
2287 2153 2471 2206 Ταῦτα
2493 2153 2815 2225 προύλεγον,
2843 2151 3186 2224 ταῦταέξέϐη
3199 2152 3422 2218 νῦν,καὶ
3432 2154 3530 2225 τῆς
3544 2152 3814 2225 ῥᾳθυμίας

2138 2239 2352 2310 ἐκείνης
2374 2240 2593 2310 τίνομεν
2629 2240 2801 2304 δίκας.
2833 2240 2938 2294 Τὸν
2966 2240 3099 2295 Θεὸν
3135 2240 3488 2312 ὑϐριζόμενον
3521 2241 3810 2311 περιεῖδες·

2141 2327 2250 2381 ἰδοὺ
2277 2326 2654 2399 συνεχώρησεν
2671 2327 2992 2398 ὑϐρισθῆναι
3017 2328 3258 2398 βασιλέα·
3279 2327 3484 2382 καὶτὸν
3507 2328 3635 2400 περὶ
3659 2339 3683 2366 ο
3703 2326 3814 2380 τῶν

2139 2420 2382 2490 ἐσχάτων
2411 2419 2882 2491 ἐπικρεμασθῆναι
2912 2421 3047 2474 πᾶσι
3069 2420 3335 2488 κίνδυνον,
3370 2420 3456 2473 ἵνα
3490 2417 3642 2489 ἐντῷ
3664 2417 3813 2488 φόϐῳ

2136 2506 2310 2577 τούτῳ
2343 2507 2441 2578 τῆς
2470 2507 2744 2579 ῥᾳθυμίας
2765 2507 2980 2579 ἐκείνης
3005 2507 3184 2578 δῶμεν
3205 2507 3380 2579 δίκην.
3409 2501 3558 2577 Ἀρα
3603 2505 3676 2577 μὴ
3709 2505 3814 2575 μά·-

2135 2611 2257 2666 την,
2289 2596 2426 2666 μηδὲ
2454 2597 2574 2666 εἰκῆ
2607 2595 2779 2649 ταῦτα
2812 2595 3130 2668 προύλεγον,
3149 2597 3242 2649 καὶ
3273 2595 3512 2666 συνεχῶς
3540 2594 3816 2666 ἠνώχλουν

2139 2687 2202 2755 τῇ
2231 2685 2473 2755 ὑμετέρᾳ
2501 2684 2692 2757 ἀγάπῃ
2713 2703 2728 2751 ;
2747 2684 2886 2737 Ἀλλ’
2903 2684 3050 2756 ὅμως
3071 2683 3223 2737 οὐδὲν
3252 2683 3444 2754 γέγονε
3472 2683 3651 2745 πλέον,
3678 2682 3816 2737 ἀλλά

2139 2770 2381 2824 γενέσθω
2413 2770 2538 2836 νῦν,
2579 2772 2674 2824 καὶ
2721 2772 2827 2824 ἀπὸ
2867 2773 2965 2842 τῆς
3024 2771 3308 2844 παρούσης
3359 2770 3815 2842 σωφρονισθέντες

2141 2868 2448 2938 συμφορᾶς,
2477 2865 2595 2939 [ἳὸ]
2619 2865 2936 2935 ἐπίσχωμεν
2953 2861 3052 2932 τὴν
3077 2863 3312 2916 ἄτακτον
3343 2861 3566 2913 ἐκείνων
3595 2861 3810 2929 μανίαν.

2152 2952 2552 3024 Ἐμφράξωμεν
2581 2951 2759 3005 αὑτῶν
2783 2950 2854 3003 τά
2876 2948 3142 3020 στόματα,
3176 2946 3426 3017 καθάπερ
3452 2944 3635 3016 πηγὰς
3658 2944 3818 2998 θανα-

2137 3042 2276 3111 τηφό
2284 3058 2408 3113 ρους
2440 3040 2875 3111 ἀποκλείσωμεν,
2906 3043 3152 3111 καὶπρὸς
3168 3043 3228 3092 τὸ
3243 3042 3483 3093 ἐναντίον
3499 3036 3811 3109 μεταϐάλω-

2141 3147 2260 3200 μεν,
2277 3128 2370 3183 καί
2385 3128 2603 3192 πάντως
2617 3130 2874 3200 στήσεται
2887 3129 2958 3182 τά
2974 3128 3339 3197 κατειληφότα
3356 3125 3454 3198 τὴν
3472 3126 3625 3179 πόλιν
3641 3123 3808 3178 κακά.

2209 3218 2321 3270 υὺκ
2379 3215 2494 3269 ἔστι
2550 3215 2779 3287 θέατρον
2835 3217 2868 3286 ἡ
2927 3215 3235 3286 ἐκκλησία,
3286 3215 3372 3267 ἴνα
3425 3214 3563 3284 πρὸς
3620 3210 3812 3284 τέρψιν

2137 3305 2445 3376 ἀκούωμεν·
2475 3304 2854 3376 ὠφεληθέντας
2884 3303 3137 3358 ἐντεῦθεν
3175 3304 3392 3357 ἀπιέναι
3438 3303 3581 3374 χρὴ,
3615 3300 3812 3372 κερδά-

2138 3393 2336 3456 ναντάς
2365 3409 2418 3446 τι
2465 3391 2626 3446 πλέον
2669 3393 2766 3446 καί⁷
2808 3392 2972 3462 μέγα,
3003 3390 3179 3456 οὑτως
3221 3391 3526 3462 ἀναχωρεῖν
3555 3390 3663 3443 δεῖ·
3690 3390 3815 3442 ἐπε)⁸

2142 3482 2318 3553 μάτην
2347 3481 2441 3535 καὶ
2475 3481 2598 3551 εἰκῆ
2635 3477 3071 3550 παραγινόμεθα,
3109 3479 3157 3531 εἰ
3185 3479 3320 3550 πρὸς
3343 3477 3532 3548 καιρὸν
3557 3476 3813 3547 ψυχαγω-

2139 3569 2398 3641 γηθέντες
2418 3567 2590 3632 οὕτως
2613 3567 3049 3639 ἀναχωροίημεν,
3071 3567 3266 3638 ἔρημοι
3301 3568 3393 3620 καὶ
3421 3566 3566 3619 κενοί
3584 3565 3682 3635 τῆς
3706 3562 3816 3616 ἀπὸ

2137 3658 2246 3710 τῶν
2280 3657 2590 3729 λεγομένων
2621 3657 2888 3727 ὡφελείας
2922 3656 3224 3727 γενόμενοι.
3251 3656 3315 3708 Τί
3347 3673 3436 3726 μοι
3463 3652 3572 3706 τῶν
3605 3653 3813 3724 κρότων

2139 3744 2331 3815 ὖφελος
2361 3745 2602 3811 τούτων;
2647 3743 2700 3797 τί
2737 3744 2794 3796 δὲ
2832 3743 2939 3798 τῶν
2977 3744 3214 3796 ἐπαίνων
3260 3742 3354 3795 καὶ
3391 3741 3499 3794 τῶν
3531 3739 3811 3810 θορύϐων;

2142 3835 2402 3898 Ἐπαινος
2436 3833 2567 3905 ἐμὸς
2594 3833 2655 3886 τὸ
2683 3832 2771 3886 διά
2802 3833 2913 3885 τῶν
2941 3831 3116 3902 ἔργων
3157 3831 3301 3902 ὑμᾶς
3332 3829 3593 3894 ἐπιδεῖξαι
3621 3827 3689 3881 τά
3726 3826 3813 3879 λε-

2139 3921 2345 3991 γόμενα
2385 3921 2620 3974 ἅπαντα·
2664 3920 2787 3972 τότε
2826 3918 2938 3987 ἐγὼ
2973 3918 3211 3990 ζηλωτὸς
3243 3917 3338 3970 καὶ
3386 3917 3675 3988 μακάριος,
3713 3915 3816 3986 οὑχ

2135 4011 2266 4062 ὅταν
2294 4008 2649 4081 ἀποδέχησθε,
2669 4008 2782 4061 ἀλλ’
2807 4009 2936 4061 ὅταν
2962 4007 3150 4078 ποιῆτε
3178 4005 3316 4078 μετὰ
3338 4003 3645 4078 προθυμίας
3674 4004 3815 4058 ἀπά-

2141 4114 2259 4166 σης,
2292 4097 2436 4167 άπερ
2458 4095 2524 4150 ἂν
2553 4094 2826 4166 ἀκούσητε
2859 4095 2990 4166 παρ’
3022 4093 3200 4165 ἡμῶν.
3241 4094 3509 4157 Ἕκαστος
3546 4093 3638 4147 τὸν
3672 4092 3811 4163 πλη-

2139 4185 2251 4238 σίον
2283 4182 2631 4255 διορθούσθω·
2669 4181 3044 4252 οἰκοδομεῖτε
3073 4181 3180 4253 γὰρ
3219 4178 3308 4247 εἷς
3338 4181 3442 4235 τόν
3466 4181 3595 4246 ἕνα,
3624 4181 3810 4250 φησίν·

2137 4272 2202 4324 ἂν
2238 4271 2348 4344 γὰρ
2385 4272 2458 4344 μὴ
2501 4271 2661 4325 10610
2705 4270 2978 4341 ποιῶμεν,
3025 4270 3059 4340 ἡ
3102 4269 3232 4340 παρ’
3277 4270 3508 4323 ἑκάστου
3552 4270 3813 4340 γινομένη

2140 4360 2487 4431 πλημμέλεια
2513 4360 2698 4430 κοινήν
2730 4376 2854 4412 τινα
2892 4359 2987 4412 καὶ
3019 4358 3296 4430 ἀφόρητον
3317 4359 3452 4411 οἴσει
3477 4359 3576 4429 τὴν
3607 4358 3816 4429 βλάϐην

2135 4451 2201 4520 τῇ
2235 4449 2407 4502 πόλει.
2447 4448 2600 4514 Ἰδοὺ,
2629 4447 2795 4520 μηδὲν
2820 4447 3115 4510 συνειδότες
3153 4449 3264 4511 τοῖς
3295 4447 3679 4519 γεγενημένοις
3703 4447 3814 4501 τῶν

2135 4535 2544 4607 τετολμηκότων
2577 4536 2677 4590 οὑκ
2710 4535 2931 4589 ἔλαττον
2967 4533 3305 4604 δεδοίκαμεν,
3371 4535 3464 4588 καί
3492 4535 3810 4606 φρίττομεν,

2141 4625 2215 4696 μὴ
2250 4625 2459 4688 πάντας
2483 4624 2512 4676 ὁ
2532 4623 2626 4677 τοῦ
2658 4621 2925 4694 βασιλέως
2951 4621 3118 4691 θυμὸς
3145 4621 3445 4695 καταλάϐῃ·
3470 4623 3564 4676 καὶ
3591 4623 3690 4676 οὑκ
3709 4623 3810 4693 ἀρ-

2139 4714 2226 4765 κεῖ
2247 4713 2324 4775 είς
2353 4711 2650 4780 ἀπολογίαν
2681 4712 2814 4781 ἡμῖν
2840 4709 2901 4762 τὸ
2921 4709 3119 4777 λέγειν·
3149 4707 3226 4763 Οὐ
3255 4711 3540 4781 παρήμην,
3579 4712 3641 4763 οὑ
3683 4727 3812 4763 συν-

2136 4799 2305 4869 ᾔδειν,
2320 4799 2418 4851 οὑκ
2439 4796 2772 4867 ἐκοινώνησα
2790 4796 2896 4849 τῶν
2916 4797 3319 4866 γεγενημένων.
3338 4797 3416 4849 Δι’
3437 4795 3568 4849 αὐτὸ
3593 4797 3690 4867 μέν
3717 4792 3814 4849 οὖν

2135 4892 2293 4944 τοῦτο
2317 4888 2566 4953 κολάζου,
2595 4889 2750 4958 φησι,
2774 4887 2869 4939 καὶ
2887 4887 3030 4940 δίδου
3057 4887 3213 4956 δίκην
3229 4887 3327 4957 τὴν
3347 4886 3603 4956 ἐσχάτην,
3633 4887 3714 4940 ὅτι
3734 4887 3811 4958 μὴ

2138 4979 2343 5050 παρῆς,
2383 4975 2521 5047 μηδέ
2542 4974 2797 5036 ἐκώλυες,
2825 4973 2957 5044 μηδέ
2989 4974 3116 5036 τοὺς
3141 4972 3516 5042 ἀκοσμοῦντας
3540 4977 3809 5043 κατεῖχες,

2141 5065 2276 5136 μηδὲ
2324 5061 2660 5124 ἐκινδύνευες
2699 5061 2838 5127 ὑπὲρ
2874 5060 2973 5130 τῆς
3001 5063 3082 5123 εἰς
3112 5059 3201 5112 τὸν
3245 5058 3466 5129 βασιλέα
3503 5063 3686 5130 τιμῆς.
3734 5061 3810 5113 υὺ

2140 5152 2400 5224 μετέσχες
2419 5149 2525 5201 τῶν
2544 5145 2990 5218 τετολμημένων;
3019 5146 3225 5201 ἐπαινῶ
3256 5146 3412 5200 τοῦτο
3435 5147 3530 5199 καὶ
3551 5147 3810 5216 ἀποδέχο-

2141 5257 2259 5312 μαι·
2310 5238 2422 5293 ἀλλ’
2467 5236 2588 5290 οὑδέ
2612 5233 2924 5305 ἐπέσχεςτά
2947 5234 3206 5306 γινόμενα
3237 5252 3251 5266 ·
3275 5235 3436 5289 τοῦτο
3475 5234 3808 5306 κατηγορίας

2137 5327 2305 5395 ἀξιον.
2332 5325 2516 5380 Ταῦτα
2544 5326 2639 5378 καὶ
2662 5322 2814 5393 παρά
2834 5322 2928 5376 106
2951 5321 3086 5376 Θεοῦ
3109 5323 3176 5377 τά
3200 5324 3421 5395 ῥήματα
3442 5322 3807 5391 ἀκουσόμεθα,

2135 5418 2265 5471 ὅταν
2299 5417 2424 5485 σιγῇ
2455 5413 2710 5484 φέρωμεν
2734 5410 2834 5473 τὰς
2859 5412 2938 5474 είς
2967 5410 3128 5464 αὑτὸν
3161 5409 3346 5482 ὕϐρεις
3394 5410 3485 5464 καὶ
3524 5409 3812 5480 παροινίας

2137 5504 2454 5576 γενομένας·
2489 5502 2611 5554 ἐπεὶ
2635 5499 2732 5554 καὶ
2757 5499 2787 5552 ὁ
2806 5499 2866 5554 τὸ
2887 5499 3149 5553 τάλαντον
3170 5501 3345 5552 ἐκεῖνο
3373 5497 3692 5568 καταχώσας
3711 5500 3810 5570 οὐχ

2137 5592 2278 5662 ὑπὲρ
2309 5590 2418 5644 τῶν
2455 5587 2575 5642 καθ’
2600 5588 2792 5641 ἐαυτὸν
2841 5585 3148 5639 ἐνεκαλεῖτο
3175 5587 3295 5640 τότε
3349 5585 3660 5655 (ὁλόκληρον
3699 5586 3810 5658 γάρ

2135 5679 2234 5750 τὴν
2286 5674 2755 5748 παρακαταθήκην
2800 5673 3138 5742 ἀπέδωκεν),
3199 5671 3314 5726 ἀλλ’
3371 5672 3454 5724 ὃτι
3504 5673 3674 5743 αὑτὴν
3709 5675 3812 5728 οὑκ

2137 5766 2479 5830 ἐπλεόνασεν,
2498 5765 2579 5817 ὅτι
2609 5763 2829 5833 ἐτέρους
2851 5761 2950 5814 οὑκ
2979 5760 3320 5824 ἐπαίδευσεν,
3351 5761 3429 5814 ὅτι
3461 5761 3519 5812 τὸ
3548 5761 3816 5833 ἀργύριον

2197 5948 2224 5988 δ
2252 5948 2343 5998 Alii
2380 5939 3158 6011 6m:ppO‘J€CO‘IT¥Q-o_-“ﬂa‘fsgﬁoviag'
3197 5998 3205 6008 ,
3344 5996 3352 6007 ,
3392 5996 3401 6003 .
3450 5995 3456 6002 .
3497 5958 3499 5960 ’
3533 6010 3540 6011 γ
3599 6010 3602 6011 ν
3694 5995 3704 6008 ,
3766 5997 3776 6006 .

2205 6027 2226 6052 c
2250 6000 2792 6070 Quidam'Ihnnhscripﬁ
2811 6003 3012 6070 βασιλέα
3044 6000 3241 6061 φθαρτὸν
3281 6000 3356 6043 καὶ
3385 6000 3604 6053 ἐπίκηρον
3629 6000 3708 6042 καὶ
3733 6000 3812 6044 τὸυ

2140 6067 2394 6130 τεςεὶξλῖμλ
2420 6072 2501 6116 ιιιιί
2526 6073 2752 6118 Ξεέπσωιιξν
2777 6067 2924 6122 δίκην.
