4072 6384
322 368 390 425 57
1306 356 1395 412 AD
1422 355 1738 412 POI’ULUM
1770 352 2250 411 ANTIOCHENUM
2306 353 2533 411 HOMIL.
2574 356 2638 412 ll.
3521 356 3589 413 ω

326 482 525 536 cilitaie
551 478 765 533 exsilire
794 494 806 530 :
833 475 909 529 sic
940 489 1033 528 nec
1065 472 1116 526 in
1146 471 1470 525 audientium
1514 477 1744 523 mentem
1790 482 1911 536 per-

328 572 491 626 mittit
536 571 679 623 illabi
723 584 841 623 cum
890 567 1098 637 prppria
1147 566 1357 617 virtute.
1404 562 1607 616 idcirco
1647 570 1701 615 et
1741 557 1910 615 Judaei

328 662 595 730 quondam
629 663 739 715 luto
764 668 819 714 et
846 656 1077 712 lateritio
1102 654 1248 724 operi
1287 654 1579 709 servientes
1630 652 1820 723 (Exod.
1854 650 1907 704 6.

329 756 385 823 9)
406 796 420 817 ,
452 755 648 807 Mosctn
686 765 873 819 magna
901 749 965 803 de
995 749 1228 816 ipsorum
1266 747 1433 799 salute
1471 759 1612 813 saepe
1644 743 1908 797 dicentem

331 847 516 901 audire
553 860 655 900 non
686 851 946 913 poterant,
974 840 1177 894 tristitia
1206 839 1381 893 verbis
1408 838 1727 891 inaccessam
1756 849 1908 888 men-

333 949 439 991 tem
473 936 743 996 reddente,
773 943 826 987 et.
854 932 1088 985 auditum
1120 930 1448 982 obstrucute.
1480 927 1640 996 Igitur
1670 925 1908 979 volebam

330 1028 542 1096 quidem
570 1036 623 1080 et
651 1026 763 1095 ipse
791 1025 949 1078 ﬁnem
978 1022 1061 1076 hic
1085 1020 1292 1075 dicendi
1323 1017 1523 1081 facere;
1553 1016 1647 1072 sed
1674 1015 1908 1085 cogitans

328 1119 469 1187 quod
494 1136 597 1171 non
623 1118 793 1172 solum
820 1114 1024 1169 nebulae
1051 1120 1235 1167 natura
1264 1110 1393 1165 radii
1422 1110 1470 1162 in
1501 1110 1760 1162 anteriora
1790 1123 1911 1177 pro-

328 1224 541 1262 cessum
569 1206 806 1275 impedit,
834 1204 928 1259 sed
956 1212 1008 1257 et
1027 1202 1347 1256 contrarium
1371 1200 1480 1269 ipsa
1510 1214 1650 1268 smpe
1675 1198 1868 1267 patitur
1892 1216 1905 1251 :

330 1312 450 1349 ctttn
482 1296 623 1351 enim
664 1296 742 1349 sol
771 1294 991 1349 calidior
1019 1293 1268 1347 continue
1306 1290 1520 1358 illapsus
1560 1290 1752 1343 nubem
1780 1304 1910 1343 cou-

334 1388 555 1452 triverit,
579 1388 812 1442 medium
842 1387 1003 1455 ipsius
1026 1400 1169 1454 sa-pe
1194 1382 1487 1450 dissipavit,
1515 1391 1566 1436 et
1590 1390 1729 1435 totus
1754 1381 1908 1435 simul

332 1478 567 1541 elucens,
593 1477 901 1546 Splendidus
925 1474 1252 1529 cernentium
1278 1472 1546 1526 obtutibus
1567 1471 1747 1526 incidit
1772 1489 1785 1524 :
1812 1472 1911 1526 hoc

330 1580 384 1623 et
414 1572 523 1637 ipse
549 1569 709 1623 hodie
737 1584 819 1622 me
846 1568 1100 1621 facturum
1132 1580 1288 1634 spero
1318 1582 1330 1617 :
1364 1580 1427 1618 ac
1453 1579 1700 1619 sermone
1724 1564 1773 1616 in
1797 1564 1907 1617 aui-

334 1661 434 1714 mis
473 1662 665 1714 vestris
702 1660 911 1712 assidue
940 1667 1220 1720 versante,
1249 1665 1301 1710 et
1329 1655 1523 1709 diutius
1557 1655 1870 1710 itnmorantc
1892 1696 1905 1721 ,

331 1750 564 1803 solutum
605 1751 666 1803 iri
710 1765 867 1818 spero
907 1748 1128 1802 tristitiae
1163 1746 1440 1808 nebulam,
1473 1754 1525 1800 et
1554 1754 1785 1799 mentem
1807 1762 1909 1799 vc-

331 1853 496 1895 stram
527 1842 677 1895 solita
702 1856 910 1895 rursum
931 1838 1168 1893 doctrina
1200 1838 1525 1891 micaturam.
1549 1836 1653 1891 Sed
1680 1836 1911 1906 praebete

332 1935 462 1989 mihi
503 1936 731 1989 animam
784 1948 1048 1998 veSIram,
1093 1932 1324 2001 prmbete
1362 1930 1490 1984 mihi
1529 1930 1908 2000 aliquantulum

330 2041 510 2091 aures,
544 2026 807 2080 tristitiam
840 2026 1101 2089 excutite;
1132 2022 1196 2077 ad
1225 2024 1449 2092 priorem
1475 2022 1909 2077 consuetudinem

333 2117 611 2172 redeamus
633 2159 649 2184 ,
682 2128 733 2172 et
778 2116 912 2171 sicut
937 2116 1307 2171 consuevimus
1346 2129 1556 2181 semper
1583 2129 1701 2167 cum
1730 2114 1908 2167 laetitia

330 2209 436 2263 huc
461 2209 709 2263 advenire
729 2251 745 2277 ,
778 2210 853 2263 sic
878 2218 932 2264 et
962 2224 1099 2263 nunc
1130 2208 1380 2262 faciamus
1400 2248 1415 2273 ,
1445 2206 1622 2261 omnia
1653 2207 1704 2260 in
1744 2207 1907 2261 Deum

332 2301 650 2369 rejicicntes.
697 2301 806 2356 lloc
847 2310 900 2354 et
942 2301 1007 2354 ad
1049 2301 1213 2370 ipsam
1247 2300 1561 2354 calamitatis
1590 2299 1905 2355 solutionem

328 2392 483 2446 nobis
506 2391 762 2447 conferet.
788 2392 843 2447 Si
864 2392 1003 2447 enim
1030 2391 1282 2445 Dominus
1304 2406 1398 2443 nos
1421 2389 1608 2443 viderit
1634 2405 1909 2445 scrmoaes

326 2498 457 2536 suos
485 2499 602 2537 cum
632 2484 912 2537 sedulitate
937 2483 1234 2548 audientes,
1265 2492 1318 2535 et
1341 2481 1670 2549 disciplinam
1700 2498 1728 2535 a
1758 2483 1910 2537 nobis

330 2574 581 2642 temporis
616 2574 922 2629 difficultate
948 2590 1050 2628 non
1079 2574 1254 2643 respui
1276 2615 1289 2637 ,
1321 2572 1563 2626 celeriter
1605 2588 1701 2627 nos
1737 2574 1908 2627 susci-

329 2666 459 2732 piet,
492 2675 542 2719 et
576 2665 1005 2733 tranquillitatem
1039 2664 1194 2719 faciet
1219 2672 1271 2718 et
1294 2679 1357 2717 ex
1400 2663 1644 2732 prarsenti
1674 2662 1905 2733 procella

328 2755 520 2808 bonam
553 2756 915 2808 mutationem.

400 2845 710 2898 Christianus
729 2862 817 2914 spe
837 2848 1119 2916 futurorum
1140 2845 1308 2898 omnia
1332 2859 1565 2913 generose
1583 2848 1714 2914 ferre
1741 2844 1902 2898 debet.

327 2965 397 2974 —
422 2936 777 2989 Christianum
807 2936 945 2990 enim
972 2945 1027 2990 et
1065 2936 1114 2988 in
1147 2934 1247 2989 hoc
1276 2935 1343 2987 ab
1374 2934 1669 2988 infidelibus
1692 2935 1905 2991 differre

326 3035 563 3095 oportet,
597 3037 650 3080 ut
692 3026 865 3080 omnia
904 3040 1161 3096 generose
1196 3026 1359 3089 ferat,
1393 3034 1447 3079 et
1481 3041 1574 3094 spe
1612 3026 1902 3079 futurorum

322 3126 534 3170 erectus
571 3116 918 3170 humanorum
948 3116 1206 3169 malorum
1244 3116 1439 3185 impetu
1481 3130 1538 3169 se
1577 3116 1902 3184 superiorem

325 3208 592 3263 exhibeat.
613 3208 779 3276 Supra
808 3216 1013 3277 petram
1038 3214 1264 3260 statutus
1284 3216 1365 3260 est
1393 3206 1562 3261 fidelis
1587 3223 1599 3258 :
1629 3216 1902 3276 propterea

326 3308 381 3353 et
410 3300 668 3352 undarum
699 3298 887 3351 ictibus
916 3297 1331 3366 inexpugnabilis
1357 3305 1456 3351 est.
1485 3297 1537 3352 Si
1565 3299 1705 3352 enim
1737 3307 1904 3353 tenta-

329 3390 531 3441 tionum
559 3388 713 3441 unda:
738 3387 956 3441 elevatae
984 3385 1197 3453 fuerint,
1220 3386 1284 3441 ad
1312 3387 1447 3440 illius
1470 3387 1630 3456 pedes
1653 3403 1754 3439 non
1784 3403 1904 3456 per-

327 3480 549 3534 veniunt
574 3496 587 3532 :
613 3479 696 3532 hic
714 3479 858 3533 omni
887 3479 975 3532 tali
1000 3480 1211 3532 incursu
1238 3477 1512 3531 sublimior
1543 3476 1775 3531 ﬁrmatus
1799 3486 1899 3533 est.

327 3572 407 3626 Ne
436 3572 593 3640 igitur
617 3571 795 3624 animo
821 3570 1179 3633 concidamus,
1206 3568 1380 3623 dilecti
1411 3586 1423 3621 :
1449 3584 1553 3621 non
1579 3566 1654 3621 sic
1681 3567 1902 3622 salutem

324 3668 567 3713 nostram
586 3670 862 3718 curamus,
882 3657 1022 3709 sicut
1048 3657 1135 3723 qui
1176 3656 1299 3707 fecit
1327 3673 1423 3710 nos
1457 3656 1593 3709 Deus
1618 3675 1631 3710 :
1653 3673 1755 3710 non
1783 3666 1903 3710 tau-

325 3760 392 3803 ta:
416 3748 571 3801 nobis
601 3762 747 3801 cura:
770 3756 881 3812 est,
908 3748 1042 3801 nihil
1070 3763 1232 3817 grave
1264 3750 1398 3816 pati,
1429 3759 1644 3818 quanta:
1677 3752 1750 3804 illi
1805 3751 1898 3820 qui

323 3838 481 3892 nobis
506 3832 739 3891 animam
759 3836 999 3900 donavit,
1022 3847 1073 3890 et
1097 3846 1172 3890 tot
1197 3849 1318 3906 post
1342 3840 1454 3893 htec
1480 3840 1616 3893 bona
1650 3843 1895 3895 contulit.

320 3926 417 3982 llis
431 3929 540 3996 spei
558 3927 1075 3981 rationibusnostros
1086 3932 1297 3983 animos
1309 3931 1658 3998 erigamus,et
1671 3931 1898 3985 dicenda

320 4034 444 4073 cum
464 4018 740 4071 alacritate
762 4018 918 4071 solita
944 4018 1248 4073 audiamus.
1275 4018 1513 4090 Longam
1550 4036 1719 4090 nuper
1752 4020 1895 4088 apud

320 4112 451 4163 char
475 4119 636 4161 tatem
648 4117 879 4162 vestram
895 4109 1512 4173 extendiconciouem,et
1538 4115 1893 4166 omnesohse-

328 4206 551 4267 quentes
566 4196 869 4259 cernebam,
895 4198 1197 4265 nullumque
1214 4211 1276 4249 ex
1297 4195 1466 4250 media
1498 4211 1765 4250 reversum
1797 4197 1898 4249 via.

400 4287 585 4340 Contra
614 4287 944 4355 blasphemas.
977 4317 1044 4326 —
1068 4285 1300 4341 Gratiam
1330 4285 1478 4339 vobis
1512 4284 1578 4339 de
1619 4286 1708 4340 illo
1740 4287 1901 4341 animi

328 4379 504 4433 studio
543 4379 740 4440 habeo.
782 4389 834 4432 et
871 4378 1109 4432 laborum
1144 4377 1440 4431 mercedem
1471 4378 1689 4444 accepi;
1721 4378 1813 4431 sed
1850 4388 1904 4433 et

328 4470 486 4522 aliam
517 4486 545 4523 a
576 4470 724 4522 vobis
752 4481 873 4523 tunc
913 4468 1211 4523 mercedem
1250 4468 1420 4537 exegi.
1462 4466 1620 4520 Forte
1661 4468 1824 4521 nostis
1852 4476 1906 4521 et

328 4563 663 4617 meministis.
690 4563 817 4629 Qua:
844 4578 968 4615 vero
999 4577 1204 4615 merces
1224 4570 1333 4613 erat
1354 4560 1376 4612 Ἰ
1396 4558 1633 4613 Civitatis
1660 4560 1905 4629 blasphe-

328 4664 561 4708 matores
592 4653 812 4722 punire,
842 4664 891 4707 et
930 4653 1188 4721 castigare
1230 4651 1391 4704 Deum
1427 4651 1745 4704 contumelia
1785 4651 1903 4703 afti-

328 4748 565 4811 cientes,
595 4756 649 4799 et
679 4744 907 4799 furiosos
934 4744 1203 4798 cohibere.
1245 4742 1360 4797 Non
1400 4758 1465 4794 ex
1511 4757 1595 4794 me
1631 4743 1745 4810 ipso
1783 4742 1903 4794 talia

329 4853 413 4891 me
443 4838 639 4891 dixisse
668 4837 915 4899 arbitror,
947 4835 1038 4891 sed
1070 4836 1231 4889 Deum
1265 4834 1431 4887 futura
1463 4833 1820 4902 providentem
1852 4833 1903 4887 iu

328 4938 559 4981 mentem
605 4936 837 4981 nostram
883 4927 1039 4979 verba
1085 4926 1311 4979 misisse.
1347 4924 1399 4979 Si
1432 4925 1571 4978 enim
1601 4923 1719 4976 talia
1749 4939 1905 4976 ausos

330 5020 698 5087 punissemus,
729 5032 830 5069 non
859 5016 977 5069 talia
1004 5031 1144 5068 nunc
1172 5013 1518 5077 accidissent,
1549 5028 1666 5081 qua:
1695 5013 1903 5067 accide-

326 5120 471 5165 runt.
517 5110 724 5176 Quanto
771 5110 956 5162 melius
995 5116 1143 5166 erat,
1177 5108 1220 5161 si
1267 5103 1547 5173 periclitari
1586 5104 1901 5172 oportebat,

328 5202 473 5271 ipsos
516 5200 831 5269 castigantes
872 5208 927 5251 et
967 5198 1291 5266 corrigentes
1342 5194 1536 5263 aliquid
1584 5192 1900 5262 pertulisse,

326 5290 467 5359 quod
491 5300 542 5342 et
564 5290 798 5359 martyrii
826 5303 1074 5341 coronam
1104 5287 1254 5339 nobis
1277 5285 1556 5347 attulisset,
1584 5298 1741 5350 quam
1766 5296 1906 5337 nunc

327 5379 615 5434 formidare
645 5388 699 5432 et
729 5389 984 5441 tremere,
1012 5387 1062 5430 et
1094 5391 1156 5430 es
1199 5376 1402 5429 illorum
1446 5371 1728 5441 petulantia
1760 5386 1900 5423 mor-

327 5480 431 5523 tem
477 5468 819 5538 exspectare?
866 5468 1000 5521 Ecce
1039 5467 1238 5519 crimen
1278 5480 1305 5517 a
1348 5463 1525 5533 paucis
1563 5462 1903 5514 commissum

327 5571 448 5622 est,
475 5569 527 5612 et
555 5560 705 5628 culpa
747 5558 1041 5610 rmmnunis
1068 5556 1289 5609 efficitur
1320 5572 1332 5607 :
1365 5567 1490 5606 ecce
1536 5561 1750 5619 propter
1789 5551 1906 5603 illos

329 5667 470 5704 nunc
498 5664 684 5703 omnes
708 5649 1054 5717 pavescimtts,
1080 5646 1220 5700 etab
1243 5645 1342 5697 illis
1370 5653 1694 5713 patratorum
1721 5656 1903 5710 pmnas

329 5741 425 5810 ipsi
456 5742 796 5796 sustinemus.
826 5739 880 5794 Si
904 5748 1077 5792 autem
1110 5736 1491 5807 prmvcnientcs
1518 5734 1659 5803 ipsos
1687 5748 1751 5785 ex
1775 5730 1901 5785 urbe

2018 466 2406 536 expulissemus
2427 509 2441 533 ,
2474 478 2529 522 et
2556 470 2973 524 correxissemus
2992 512 3006 533 ,
3037 480 3089 525 et
3128 479 3380 540 :rgrotum
3410 487 3584 527 curas-

2018 571 2198 611 semus
2226 558 2521 612 membrum
2546 601 2559 621 ,
2594 576 2697 613 non
2731 562 2974 627 prmsenti
3021 570 3323 616 tenerentur
3373 579 3583 631 pavore.

2017 648 2150 704 Novi
2174 650 2398 704 civitatis
2427 665 2602 705 mores
2627 667 2656 705 a
2686 652 2971 720 majoribus
3004 654 3278 719 liberales,
3307 656 3399 709 sed
3430 672 3584 725 pere-

2016 741 2150 810 grini
2178 740 2389 811 quidam
2417 751 2471 795 et
2498 743 2775 810 promiscui
2806 743 3065 808 homines,
3095 747 3300 799 scelesti
3328 757 3380 799 et
3412 750 3582 815 perni-

2021 832 2173 897 ciosi,
2202 840 2256 886 et
2281 832 2348 885 de
2373 848 2463 885 sua
2486 833 2829 902 desperantes
2857 836 3045 894 salute,
3073 837 3185 889 ausi
3219 847 3339 889 sunt
3363 852 3444 897 ea.
3469 854 3583 908 qua:

2016 930 2220 989 patrata
2266 931 2407 975 sunt.
2453 923 2735 993 Propterea
2777 924 3009 979 clamare
3051 935 3105 978 et
3149 929 3431 981 contestari
3480 944 3581 982 non

2016 1013 2196 1069 destiti
2227 1032 2241 1069 :
2273 1014 2757 1085 BlaSphemantium
2804 1016 3032 1071 furorem
3081 1020 3392 1087 pttuianttts,
3444 1022 3582 1090 ipso-

2017 1120 2135 1158 rum
2153 1115 2380 1159 mentem
2402 1107 2738 1177 castigemus,
2764 1109 2994 1177 ipsorum
3019 1110 3171 1164 saluti
3194 1111 3579 1176 provideamus;

2017 1205 2071 1249 et
2096 1197 2140 1250 si
2172 1198 2271 1251 hoc
2296 1197 2547 1253 facientes
2580 1202 2711 1253 mori
2741 1210 3001 1269 Oporteat,
3030 1217 3273 1272 magnum
3306 1203 3456 1257 nobis
3485 1205 3581 1258 hoc

2016 1288 2201 1343 alTeret
2231 1290 2433 1345 lucrum
2460 1308 2475 1343 :
2509 1307 2574 1346 ne
2599 1307 2933 1347 communem
2959 1294 3227 1348 dmninum
3248 1300 3582 1351 contumeliis

2016 1380 2154 1435 afﬁci
2186 1382 2545 1452 negligamus;
2574 1400 2818 1455 magnum
2847 1387 3043 1441 civitati
3076 1389 3269 1441 malum
3313 1390 3477 1458 pariet
3505 1400 3581 1443 ta-

2017 1470 2083 1524 lia
2111 1472 2404 1541 despicere.

2086 1565 2139 1616 4.
2201 1564 2324 1618 llaec
2370 1565 2763 1634 prazdiccbam,
2810 1567 2924 1623 ha-c
2967 1585 3106 1624 nunc
3144 1571 3479 1633 acciderunt,
3524 1584 3576 1629 el

2018 1655 2248 1722 torporis
2288 1656 2431 1711 illius
2473 1674 2657 1726 ptrnas
2708 1661 3003 1728 pendimus.
3054 1662 3216 1716 Deum
3262 1668 3581 1721 contumelia

2016 1742 2262 1798 aﬁ'ectum
2314 1746 2645 1815 desp-xisti:
2692 1766 2816 1804 ecce
2868 1752 3105 1820 permisit
3164 1753 3534 1823 Imperatorem
3565 1759 3581 1789 ¹

2016 1835 2334 1889 contumelia
2360 1838 2496 1890 affici
2522 1878 2537 1903 ,
2566 1851 2617 1893 et
2648 1839 2713 1893 de
2738 1841 2988 1895 extremis
3010 1843 3301 1911 periculum
3339 1847 3583 1902 munibus

2017 1924 2341 1993 impendere,
2373 1939 2427 1983 ut
2455 1930 2504 1983 iu
2547 1933 2647 1985 hoc
2676 1934 2863 1987 timore
2887 1934 3024 1989 illius
3046 1937 3373 2006 negligentia:
3403 1955 3583 2007 pmuas

2015 2017 2220 2073 demus.
2250 2019 2385 2075 Num
2419 2024 2575 2091 igitur
2600 2023 2792 2079 frustra
2815 2066 2828 2087 ,
2853 2042 2975 2079 num
3008 2016 3207 2083 temere
3248 2028 3360 2082 lure
3396 2030 3585 2098 prmdi-

2015 2108 2222 2174 cebam,
2254 2118 2308 2164 et
2334 2113 2545 2167 assidue
2569 2116 3580 2186 vestramcharitateminterpellabant?

2015 2200 2119 2253 Sed
2144 2208 2317 2254 tamen
2351 2202 2479 2255 nihil
2510 2203 2737 2271 amplius
2773 2206 2962 2258 factum
2991 2216 3067 2259 est
3094 2224 3109 2270 ;
3141 2208 3233 2260 sed
3280 2208 3368 2260 fiat
3414 2225 3581 2273 nunc,

2014 2300 2069 2346 et
2098 2306 2128 2345 e
2155 2292 2404 2361 prmsenti
2433 2293 2736 2348 calamitate
2765 2297 3001 2365 castigati
3026 2338 3040 2359 ,
3070 2296 3425 2351 inordinatum
3469 2299 3582 2352 illo-

2016 2399 2131 2436 rum
2160 2383 2393 2440 furorem
2421 2384 2763 2440 cohibeamus
2793 2406 2805 2441 :
2839 2386 3177 2441 ohstruamus
3208 2390 3437 2456 ipstirum
3464 2408 3575 2454 ora,

2016 2483 2280 2544 antiquam
2323 2477 2491 2532 fontes
2521 2479 2823 2532 mortil'eros
2861 2480 3233 2543 occludamus,
3264 2491 3315 2535 et
3357 2483 3407 2535 in
3452 2497 3582 2535 eon-

2015 2551 2255 2622 trarium.
2275 2581 2557 2636 mutemus,
2584 2582 2637 2625 et
2670 2573 2880 2642 penitus
2912 2584 3227 2628 cv'auescent
3268 2575 3436 2639 mala,
3466 2591 3582 2643 qua:

2013 2660 2278 2714 civitatem
2308 2662 2846 2730 comprehenderunt.

2082 2750 2464 2821 Cltrysostomus
2498 2754 2704 2823 plausus
2741 2755 2900 2825 rejici!
2937 2785 3006 2795 —
3032 2754 3143 2809 Non
3186 2764 3267 2808 cst
3317 2754 3579 2810 theatrum

2011 2843 2278 2909 ecclesia,
2308 2853 2365 2897 ut
2412 2843 2479 2898 ad
2530 2844 2931 2901 delectationem
2977 2846 3260 2900 audiamus
3311 2863 3326 2900 :
3373 2847 3581 2915 adjutus

2012 2932 2135 2987 hinc
2163 2933 2412 2989 recedere
2440 2944 2683 3003 opertet,
2717 2935 2949 2991 lucratos
2973 2936 3219 3005 quiddam
3260 2935 3485 3005 amplius
3529 2946 3582 2991 et

2011 3040 2279 3095 magnum,
2310 3027 2387 3079 sic
2416 3026 2669 3080 recc-dere
2710 3026 2927 3096 expedit
2955 3045 2965 3077 :
3002 3028 3259 3097 siquidem
3291 3036 3490 3083 temere
3528 3037 3580 3081 et

2010 3114 2203 3169 fruSIra
2233 3116 2631 3177 accesserimus,
2660 3118 2703 3171 si
2729 3118 2793 3170 ad
2822 3126 3028 3186 tempus
3057 3118 3277 3171 instituti
3319 3118 3578 3172 dictorqu

2009 3216 2192 3277 postea
2236 3206 2458 3261 utilitate
2484 3206 2636 3261 vacui
2675 3207 3009 3262 recedamus.
3041 3208 3170 3275 Quae
3217 3208 3345 3261 mihi
3390 3208 3576 3262 hormn

2010 3298 2285 3367 plausuum
2305 3296 2671 3369 utilitas?qu:e
2698 3298 2907 3353 laudum
2953 3309 3005 3352 et
3045 3299 3403 3353 tumultuum?
3444 3299 3582 3357 Laus

2009 3405 2126 3445 mea
2157 3397 2241 3445 est
2258 3430 2274 3456 ,
2301 3399 2357 3443 ut
2382 3405 2477 3443 vos
2504 3390 2677 3445 omnia
2708 3405 2825 3459 qua:
2850 3389 3100 3443 dicuntur
3121 3431 3136 3453 ,
3159 3390 3407 3460 operibus
3433 3390 3582 3446 exhi-

2007 3483 2176 3537 beatis
2224 3499 2236 3533 :
2274 3492 2395 3535 tunc
2441 3496 2542 3551 ego
2595 3482 2714 3536 felix
2768 3482 3043 3536 habendus
3085 3491 3137 3537 et
3180 3483 3362 3537 beatus
3410 3502 3423 3538 :
3474 3501 3578 3538 nou

2006 3572 2218 3643 quando
2244 3587 2361 3627 cum
2399 3574 2656 3642 applausu
2693 3574 3007 3642 exceperitis
3028 3615 3041 3636 .
3071 3575 3163 3628 sed
3196 3576 3407 3644 quando
3436 3590 3501 3629 οτι
3528 3578 3578 3628 ni

2005 3679 2127 3719 cum
2170 3664 2444 3718 alacritate
2473 3663 2707 3718 feceritis
2737 3679 3084 3733 qua-cumque
3127 3680 3155 3717 a
3204 3665 3354 3719 nobis
3395 3666 3579 3719 audie—

2004 3755 2141 3808 ritis.
2189 3753 2422 3822 Quisque
2476 3755 2774 3823 proximum
2825 3755 3098 3824 corrigat:
3138 3753 3417 3823 .Edi/icme
3449 3758 3578 3809 enim

2006 3844 2133 3897 alter
2178 3847 2388 3897 alterum
2420 3843 2460 3915 (Ι
2490 3844 2662 3898 Thess.
2696 3846 2749 3900 5.
2785 3845 2896 3915 il),
2918 3847 3103 3916 inquit.
3136 3846 3246 3902 Nisi
3291 3847 3431 3901 enim
3482 3847 3581 3902 hoc

2006 3934 2295 3997 faciamus,
2324 3950 2353 3988 a
2398 3950 2732 4004 quocumque
2764 3936 3050 3991 admissum
3093 3938 3267 3991 scelus
3302 3954 3582 3993 commune

2009 4022 2271 4093 quoddam
2297 4035 2350 4079 et
2374 4024 2703 4080 intolerabile
2730 4025 2979 4079 damnum
3001 4026 3195 4082 civitati
3218 4028 3420 4083 atl‘erct.
3447 4029 3582 4085 Ecce

2008 4115 2205 4171 nullius
2232 4117 2431 4171 conscii
2461 4131 2566 4171 non
2611 4118 2785 4171 minus
2813 4118 2897 4185 iis,
2930 4121 3018 4190 qui
3061 4132 3443 4190 peccaverunt,
3478 4135 3584 4178 ter-

2008 4209 2094 4263 riti
2120 4224 2305 4263 sumus
2331 4219 2385 4263 et
2408 4211 2891 4276 contremiscimus,
2921 4228 2988 4267 ne
3012 4228 3203 4268 omnes
3241 4215 3582 4285 imperatoris

2010 4304 2086 4357 ira
2114 4304 2385 4372 corripiat.
2408 4302 2516 4358 Nec
2545 4304 2684 4358 enim
2713 4304 2763 4358 in
2791 4307 3185 4359 excusationem
3217 4308 3368 4360 nobis
3402 4308 3582 4363 dicere

2008 4393 2241 4449 sufﬁcit:
2265 4394 2378 4449 Non
2402 4394 2638 4460 aderam,
2669 4411 2771 4448 nou
2794 4397 3035 4451 conscius
3057 4411 3198 4449 eram
3218 4438 3232 4460 ,
3253 4414 3355 4451 nou
3386 4398 3584 4453 facino-

2009 4504 2124 4540 rum
2173 4504 2393 4542 cousors
2442 4489 2531 4541 l'ui.
2558 4489 2638 4543 0b
2671 4490 2770 4544 hoc
2800 4490 2972 4559 igitur,
3006 4490 3203 4558 inquit,
3229 4492 3462 4560 punieris
3482 4533 3496 4557 ,
3528 4506 3583 4550 et

2011 4580 2246 4633 ultimam
2272 4579 2469 4649 pendes
2496 4595 2727 4648 pinnam,
2755 4582 2876 4649 quia
2909 4596 3011 4633 non
3048 4579 3290 4646 adfuisti,
3329 4598 3426 4637 nec
3462 4601 3584 4653 pro-

2012 4671 2256 4733 hibuisti,
2281 4686 2384 4725 non
2413 4670 2695 4724 cohibuisti
2728 4670 3134 4734 tumultuantes,
3160 4687 3259 4724 nec
3283 4689 3378 4740 pro
3407 4674 3577 4742 Impe-

2013 4765 2203 4817 ratoris
2230 4766 2430 4818 honore
2455 4762 2781 4832 periclitatus
2824 4776 2903 4815 es.
2948 4760 3064 4814 Non
3112 4764 3332 4830 patratis
3371 4766 3585 4833 partici-

2012 4857 2184 4925 pasti?
2208 4855 2361 4908 laudo
2393 4853 2493 4908 hoc
2522 4862 2575 4907 et
2602 4862 2857 4922 accepto;
2886 4851 2979 4906 sed
3006 4866 3179 4921 neque
3224 4852 3355 4907 facta
3399 4856 3585 4924 prohi-

2014 4947 2206 5011 buisti;
2237 4946 2335 4999 hoc
2363 4945 2701 4999 accusatione
2724 4943 2961 5012 dignum.
3004 4942 3127 4996 Hmc
3158 4951 3211 4996 et
3244 4957 3274 4996 a
3295 4943 3402 4996 [leo
3427 4947 3583 5001 verba

2011 5037 2287 5090 audiemus
2307 5077 2320 5099 ,
2344 5034 2555 5103 quando
2576 5050 2696 5087 cum
2727 5033 2938 5087 silentio
2968 5033 3317 5088 contumelias
3360 5046 3413 5088 et
3445 5036 3581 5102 inju-

2013 5130 2119 5181 rias
2144 5129 2194 5181 in
2224 5127 2391 5195 ipsmn
2422 5127 2740 5181 commissas
2768 5126 3028 5193 patimur:
3055 5128 3303 5195 quoniam
3333 5138 3381 5181 et
3424 5129 3466 5181 is
3498 5128 3585 5196 qui

2015 5222 2265 5273 talentum
2297 5216 2498 5272 defodit
2524 5216 2738 5287 (.lfall/t.
2765 5217 2855 5270 95.
2879 5216 2969 5269 ‘25.
2999 5216 3113 5282 30),
3146 5232 3250 5270 non
3283 5231 3380 5286 pro
3420 5219 3582 5272 reati-

2012 5311 2108 5365 bus
2134 5311 2244 5362 suis
2268 5318 2392 5362 tunc
2416 5308 2798 5369 accusabatur;
2832 5307 3091 5374 integrum
3114 5306 3255 5360 enim
3285 5306 3584 5374 depositi]!!!

2012 5402 2275 5463 reddidit;
2307 5400 2399 5455 sed
2422 5401 2670 5469 quoniam
2700 5400 2866 5467 ipsum
2890 5414 2994 5451 non
3030 5398 3394 5466 multiplicavit
3414 5438 3429 5463 ,
3452 5413 3584 5465 quo.

2011 5497 2151 5551 uiam
2179 5510 2285 5549 non
2310 5492 2579 5559 castigavit
2626 5502 2871 5553 ca'teros,
2905 5490 3153 5559 quoniam
3194 5498 3468 5557 argentum
3515 5489 3579 5541 ad

2015 5586 2394 5641 nummularius
2420 5601 2524 5641 non
2551 5583 2759 5643 detulit.
2791 5584 2887 5635 hoc
2906 5592 3008 5645 est,
3038 5598 3139 5634 non
3166 5580 3457 5645 admonuit,
3478 5594 3582 5635 non

2079 5738 2092 5764 ι
2128 5732 2320 5792 quidam
2344 5726 2668 5787 manuscripti,
2694 5723 2940 5775 mortalem
2962 5729 3006 5774 et
3029 5720 3266 5787 fragilem.
