4072 6384
500 353 568 413 39
1198 360 1254 415 S.
1295 361 1572 419 JOANNIS
1598 362 2066 421 CIIRYSOSTOlll
2110 363 2404 420 ARCHIEP
2464 364 3001 427 CONSTANTINOP.
3708 378 3773 437 60

496 481 777 539 consilium
807 479 975 547 dedit,
1000 496 1103 534 nun
1154 479 1445 550 increpuit,
1480 494 1582 533 [ιο-ι
1626 480 1860 533 correxit
1904 477 2081 545 proxi-

498 592 615 631 mos
656 585 966 645 peccatores
1002 572 1373 638 inordinatos;
1402 572 1598 626 ideirco
1624 573 1825 641 absque
1866 572 2081 626 miseri-

497 667 677 723 cordia
710 668 761 721 in
794 665 909 720 illas
940 664 1301 719 intolerabiles
1339 679 1522 732 [uenas
1549 663 1876 717 mittebatur.
1902 662 2006 717 Sed
2034 663 2078 717 si

496 778 601 816 non
628 770 804 824 antea,
836 774 975 813 nunc
1003 759 1188 811 saltem
1230 773 1387 826 spero
1419 772 1514 811 vos
1559 756 1679 809 huic
1718 755 2077 810 emendationi

494 853 892 922 advigilatnros,
922 861 974 904 et
1006 851 1170 904 Deum
1195 849 1515 903 contumelia
1544 847 1788 900 allectum
1834 861 1939 901 non
1978 862 2067 900 ne-

493 947 781 1016 glecturos.
810 944 1039 997 Possunt
1078 943 1218 997 enim
1264 956 1382 1010 quae
1428 940 1757 1005 acciderunt,
1792 940 1913 993 licet
1964 956 2078 992 mo-

493 1046 653 1093 nente
700 1038 947 1099 nemine,
984 1036 1066 1089 vel
1106 1034 1390 1089 insensatis
1416 1034 1696 1103 deinceps,
1723 1041 1779 1086 ut
1806 1033 2074 1103 propriam

490 1139 733 1184 asserant
770 1128 1019 1191 salutem,
1050 1127 1390 1198 persuadere.
1431 1127 1594 1182 Nobis
1624 1138 1750 1182 Vero
1787 1126 1896 1196 jam
1942 1126 2073 1180 hora

490 1232 611 1283 est,
640 1222 848 1276 solitam
897 1221 1049 1274 vobis
1080 1231 1133 1273 ut
1160 1236 1189 1273 a
1219 1218 1381 1272 Paulo
1422 1233 1659 1274 mensam
1699 1233 2031 1289 apponamus
2056 1260 2069 1282 ,

423 1372 431 1379 _
492 1317 884 1382 lectionemque
913 1314 1221 1367 hodiernam
1253 1327 1580 1382 promamus,
1602 1323 1657 1366 et
1684 1313 1734 1366 in
1759 1312 1934 1366 medio
1958 1327 2074 1366 om-

490 1408 650 1463 nibus
682 1420 1064 1476 prOponamus.
1090 1404 1226 1472 Quid
1256 1406 1413 1474 igitur
1432 1413 1512 1456 est
1538 1403 1695 1457 hodie
1723 1403 1916 1457 lectum
1941 1403 1963 1453 ?
1991 1401 2074 1454 Di-

489 1499 669 1551 vitibus
686 1498 836 1563 Itujus
863 1497 1030 1549 swculi
1055 1497 1270 1564 μηνί-ἔμε
1296 1512 1393 1547 non
1415 1494 1622 1547 sublime
1642 1494 1849 1561 sapere(
1869 1496 1911 1546 ι.
1932 1492 2065 1546 Tim.

488 1590 540 1647 6.
578 1591 690 1659 l7).
720 1590 816 1655 Qui
841 1588 993 1655 dixit,
1029 1588 1270 1642 Divitibus
1298 1590 1448 1657 hujus
1469 1587 1659 1651 swculi,
1685 1588 2071 1641 demonstravit

486 1691 539 1735 et
565 1681 696 1734 alios
725 1680 884 1734 futuri
916 1683 1093 1735 smcnli
1119 1682 1307 1735 divites
1336 1694 1458 1734 esse
1492 1695 1504 1730 :
1537 1679 1707 1747 qualis
1729 1678 1817 1731 ille
1838 1677 2069 1731 Lazarus

486 1781 601 1824 erat
626 1811 640 1836 ,
673 1771 722 1824 in
756 1773 1003 1841 pra-senti
1026 1772 1239 1842 quidem
1271 1771 1375 1824 vita
1406 1784 1628 1839 pauper,
1661 1768 1712 1821 in
1741 1769 1914 1821 futura
1939 1783 2067 1821 vero

485 1860 631 1916 dives
657 1879 669 1914 :
701 1878 807 1916 non
836 1878 966 1915 auro
993 1872 1046 1916 et
1076 1871 1296 1931 argento
1325 1871 1376 1914 ct
1396 1861 1498 1913 ulla
1540 1859 1630 1913 tali
1660 1859 1990 1927 corruptibili
2014 1867 2068 1911 et

486 1955 841 2010 marcescibili
864 1957 1083 2010 materia
1106 1954 1350 2018 afﬂuens,
1370 1954 1459 2009 sed
1483 1954 1694 2007 arcanis
1715 1951 1817 2005 illis
1845 1952 1993 2005 li0nis
2024 1954 2062 2016 ί,

482 2064 601 2120 quae
633 2048 742 2103 Nec
763 2051 937 2103 oculus
959 2050 1100 2111 vidit,
1120 2066 1208 2102 nec
1237 2048 1375 2101 auris
1413 2047 1603 2100 audivit
1622 2087 1634 2107 ,
1660 2061 1750 2099 nec
1780 2045 1832 2097 in
1855 2061 1942 2097 cor
1965 2044 2062 2097 lio-

483 2140 629 2194 minis
657 2139 983 2192 ascenderunt
1011 2140 1086 2211 (l.
1118 2137 1234 2192 Cor.
1267 2137 1319 2190 2.
1349 2136 1427 2205 9).

565 2230 704 2284 Vera:
731 2232 918 2285 divitiae
939 2232 1173 2299 quw?—
1194 2231 1286 2284 lla:
1325 2244 1552 2298 namque
1581 2244 1720 2283 verm
1764 2228 1962 2282 divitiae
2010 2237 2064 2281 et

478 2322 783 2391 opulentia,
812 2322 1026 2392 quando
1066 2331 1121 2377 et
1153 2321 1615 2375 immarcescibilia
1655 2330 1780 2374 sunt
1814 2322 1986 2383 bona,
2010 2329 2064 2374 et

479 2413 675 2467 nullam
724 2414 939 2483 capiunt
984 2413 1445 2468 mutationem.At
1486 2427 1590 2465 non
1633 2410 1758 2465 talis
1800 2420 1917 2465 erat
1970 2411 2061 2466 ille

478 2516 815 2574 contemptor
842 2505 1010 2571 dives,
1039 2505 1131 2561 sed
1183 2505 1419 2558 omnium
1468 2504 1837 2573 pauperrimus
1890 2504 2061 2559 factus

477 2610 580 2653 est.
610 2599 734 2652 Post
761 2597 875 2651 hate
905 2599 1064 2667 igitur
1105 2599 1301 2652 stillam
1357 2598 1599 2651 obtinere
1645 2611 1890 2665 quaerens
1914 2638 1926 2656 .
1962 2610 2059 2649 nec

478 2689 644 2757 ipsius
687 2687 855 2742 factus
885 2698 968 2743 est
1009 2703 1269 2759 compos:
1301 2690 1351 2741 in
1399 2696 1503 2740 tam
1549 2697 1842 2741 extremam
1894 2686 2057 2741 deve-

479 2788 634 2835 nerat
661 2789 1047 2847 paupertatem.
1082 2778 1285 2832 Idcirco
1319 2778 1596 2847 prmsentis
1633 2776 1812 2833 δίνουιί
1858 2776 2059 2831 divites

475 2870 789 2938 appellavit,
820 2878 878 2922 ut
903 2870 1079 2924 discas
1102 2869 1243 2939 quod
1283 2882 1406 2923 cum
1473 2868 1580 2922 vita
1627 2868 1875 2937 praesenti
1920 2884 2056 2937 opu-

474 2958 634 3013 lentia
658 2959 965 3013 dissolvitur
1000 2974 1146 3014 :non
1172 2960 1412 3029 procedit
1452 2958 1703 3023 ulterius,
1743 2974 1847 3013 non
1896 2959 2055 3013 simul

476 3050 665 3118 migrat
684 3064 803 3102 cum
833 3050 1225 3117 possessoribus
1252 3048 1622 3119 migrantibus,
1651 3047 1747 3103 sed
1769 3048 1913 3117 ipsos
1956 3064 2058 3102 sa:-

474 3139 593 3208 pius
619 3147 671 3192 et
696 3148 820 3193 ante
848 3141 1005 3193 ﬁnem
1044 3139 1244 3194 deserit
1273 3156 1286 3192 :
1332 3138 1473 3208 quod
1502 3148 1556 3193 et
1606 3140 1778 3209 ipsum
1829 3139 2052 3193 demon-

477 3238 611 3282 strat
656 3230 860 3296 dicens,
898 3231 1073 3299 Neque
1111 3248 1313 3301 sperare
1340 3233 1394 3285 in
1439 3232 1627 3284 incerto
1664 3232 1950 3284 divitiarum
1978 3232 2050 3301 (l.

473 3317 609 3373 Tim.
624 3321 794 3389 6J7):
812 3320 942 3374 nihil
960 3322 1098 3375 enim
1114 3328 1220 3375 tam
1244 3320 1642 3390 inlidum,quam
1660 3321 1856 3375 divitia:
1880 3340 1892 3374 :
1912 3321 2053 3389 quod

472 3426 593 3465 cum
621 3426 761 3480 saepe
790 3411 1041 3476 dixerim,
1071 3412 1248 3465 dicere
1275 3412 1618 3465 noaccssaho
1642 3452 1655 3476 ,
1685 3412 1823 3480 quod
1874 3411 2051 3481 fugiti-

474 3518 576 3559 Vus
600 3513 762 3559 estet
794 3504 1029 3573 ingratus
1048 3519 1235 3558 servus
1278 3504 1435 3557 fidem
1488 3519 1592 3557 non
1630 3503 1849 3567 habens,
1880 3503 1965 3557 vel
2008 3504 2051 3557 si

473 3595 751 3649 innumera
781 3596 879 3663 ipsi
908 3596 1115 3649 vincula
1141 3595 1380 3665 injicias,
1409 3595 1486 3649 sic
1522 3610 1731 3665 quoque
1760 3611 1880 3649 cum
1923 3596 2051 3666 iper

472 3686 698 3740 vinculis
744 3686 965 3755 aufugit.
1012 3685 1219 3754 Saepius
1270 3685 1430 3755 igitur
1476 3686 1702 3755 pessulis
1745 3695 1799 3740 et
1851 3686 2051 3741 foribus

472 3775 645 3844 ipsum
675 3790 1011 3844 possessnres
1040 3775 1445 3847 com-luserunt,
1481 3792 1758 3831 servm-um
1816 3779 2047 3832 adhibita

471 3868 712 3922 custodia
738 3884 751 3920 :
783 3868 867 3922 ille
894 3882 1021 3922 vero
1050 3870 1221 3922 servis
1246 3868 1552 3924 subornatis
1588 3886 1707 3924 cum
1761 3872 1891 3940 ipsis
1922 3872 2051 3940 fugit

470 3957 801 4022 custodibus,
836 3967 1101 4027 tamquam
1148 3968 1388 4013 catenam
1439 3976 1534 4015 eos
1565 3962 1799 4025 trahens,
1825 3970 1880 4016 et
1918 3962 2046 4016 nihil

473 4047 670 4117 profuit
696 4048 955 4103 custodia.
980 4048 1117 4115 Quid
1160 4050 1261 4105 hoc
1292 4052 1597 4106 inlidelius?
1635 4052 1760 4122 quid
1784 4068 1913 4107 vero
1944 4054 2005 4108 iis
2030 4095 2045 4121 ,

469 4138 559 4207 qui
616 4141 756 4192 circa
811 4139 949 4194 hunc
1010 4140 1241 4195 studium
1307 4141 1604 4205 collocant,
1651 4144 2048 4199 miserabilius?

469 4227 683 4297 quando
708 4244 819 4283 rem
846 4239 951 4284 tam
979 4230 1188 4285 labilem
1215 4232 1360 4285 omni
1387 4232 1561 4287 studio
1589 4233 1839 4304 colligere
1862 4250 2048 4305 aggre-

469 4318 708 4385 dittntnr,
737 4336 839 4376 nec
862 4324 1172 4400 prophetam
1200 4324 1421 4378 audiunt
1443 4325 1730 4392 dicentem,
1767 4326 1853 4381 l’te
1873 4329 1933 4381 iis
1961 4329 2046 4397 qui

468 4411 726 4479 conﬁdunt
746 4412 798 4466 in
819 4412 997 4466 virtute
1015 4431 1128 4477 sua,
1149 4425 1193 4468 et
1215 4416 1267 4469 in
1286 4417 1604 4470 multitudine
1618 4418 1901 4471 divitiarum
1926 4437 2047 4471 sua-

468 4518 579 4555 rum
596 4505 877 4573 gloriantur
890 4507 907 4575 (
918 4503 1154 4562 PsalJS.
1165 4508 1240 4576 7).
1263 4509 1352 4562 Dic
1369 4509 1649 4577 quare,V:e
1661 4510 1683 4561 ?
1696 4509 2039 4577 Tltesaurizut,

469 4595 676 4661 inquit,
702 4606 748 4646 et
785 4595 1022 4664 ignorat,
1056 4597 1136 4649 cui
1190 4600 1509 4669 congregabit
1556 4617 1613 4652 ca
1639 4580 1810 4668 (Paul.
1839 4602 1927 4655 5S.
1953 4603 2040 4671 7):

466 4686 716 4755 quoniam
758 4687 907 4741 labor
933 4689 1149 4757 quidem
1177 4699 1375 4756 certus,
1408 4690 1607 4746 fructus
1634 4708 1758 4746 vero
1787 4691 2039 4747 incertus.

469 4777 675 4846 Saepius
697 4777 923 4832 inimicis
939 4780 1166 4845 laboras,
1188 4790 1242 4835 et
1261 4783 1512 4835 aerumnis
1527 4785 1801 4837 cunliceris
1818 4802 1832 4836 :
1851 4786 2043 4853 smpins

468 4874 591 4935 post
610 4878 833 4922 mortem
861 4880 1001 4923 tuam
1026 4871 1094 4925 ad
1124 4887 1217 4926 eos
1242 4873 1330 4942 qui
1361 4883 1411 4927 te
1437 4873 1726 4928 all‘ererunt
1752 4876 1962 4943 injuria,
1990 4886 2044 4931 et

465 4958 762 5013 innumeris
788 4961 1249 5016 circumvenerunt
1270 4963 1495 5031 insidiis,
1515 4963 1782 5019 hereditas
1800 4966 2038 5030 veniens,

466 5049 556 5103 tibi
588 5050 799 5121 quidem
822 5064 1056 5121 peccata,
1093 5056 1481 5123 possessionem
1508 5071 1635 5110 vero
1661 5058 1776 5111 aliis
1799 5058 2039 5126 prtebuit.

532 5140 586 5196 5.
630 5140 746 5194 Jam
792 5143 919 5197 illud
971 5145 1239 5213 inquirere
1296 5146 1510 5215 dignum
1563 5156 1676 5214 est,
1722 5164 1884 5217 quare
1935 5167 2038 5205 non

462 5232 887 5300 dixit,Divitibus
903 5241 1181 5307 praesentis
1196 5238 1373 5290 saeculi
1392 5239 1618 5306 praecipe
1636 5254 1739 5292 non
1755 5238 2035 5307 ditescere,

466 5326 695 5392 pra-cipe
724 5324 1095 5395 depanperari,
1124 5329 1349 5396 pra-cipe
1374 5343 1491 5395 qua:
1515 5328 1707 5380 habent
1729 5329 2037 5383 exhaurire:

463 5412 556 5467 Sed
573 5414 723 5477 dixit,
755 5413 984 5485 Prtecipe
1009 5433 1107 5468 non
1137 5415 1347 5469 sublime
1365 5416 1880 5485 sapere?Novitquod
1907 5419 2043 5472 divi-

466 5505 655 5559 tiannn
684 5507 828 5560 radix
850 5516 903 5562 et
927 5509 1142 5561 materia
1164 5508 1232 5560 sit
1257 5507 1500 5576 superbia
1526 5523 1539 5559 :
1562 5518 1613 5562 et
1635 5508 1677 5561 si
1698 5510 1813 5578 quis
1836 5510 2039 5564 modice

466 5598 643 5652 vivere
670 5600 879 5665 scierit,
913 5616 1017 5653 non
1064 5601 1280 5653 multam
1308 5614 1488 5653 earum
1530 5615 1708 5654 curam
1756 5610 1893 5671 aget.
1923 5601 2037 5669 Qua

465 5710 546 5822 by:
565 5716 710 5779 ‘Uuus
738 5712 898 5762 uales
924 5719 976 5765 et
996 5711 1134 5765 savii.
1153 5712 1203 5763 in
1238 5725 1412 5775 mai-3.,
1435 5725 1630 5769 .ircams
1651 5719 1696 5765 et
1726 5713 2038 5781 ine/[abimus

536 5787 610 5822 us.

536 5787 610 5822 ιιδ.

2190 482 2354 539 enim,
2380 478 2465 535 die
2494 480 2641 545 mihi,
2667 480 2732 537 de
2760 496 2918 538 causa
2944 485 3137 540 multos
3163 486 3517 543 circumducis
3542 504 3728 545 servos
3749 537 3767 557 ,

2189 571 2471 637 parasitos,
2498 572 2804 631 adulatores
2827 617 2842 642 ,
2866 585 2917 630 et
2940 578 3194 648 reliquam
3225 596 3437 634 omnem
3478 584 3771 652 pompam?

2184 659 2301 716 Non
2335 663 2577 719 utilitatis
2606 681 2764 721 causa
2785 709 2799 733 ,
2829 668 2923 722 sed
2958 671 3274 739 arrogantia:
3298 672 3485 738 solius,
3510 684 3565 727 ut
3596 689 3658 728 ex
3690 676 3770 729 his

2185 755 2539 810 venerabilior
2563 756 2680 811 aliis
2721 757 3022 814 hominibus
3055 776 3175 816 esse
3220 763 3465 818 videaris.
3508 766 3770 822 Praaterea

2186 845 2330 897 novit
2356 861 2458 898 non
2491 847 2782 914 prohibitas
2797 864 2915 903 esse
2936 851 3165 918 divitias,
3194 856 3236 907 si
3256 854 3375 923 quis
3400 858 3450 909 in
3480 859 3767 911 necessita-

2183 944 2289 987 tem
2326 937 2452 1004 ipsis
2483 953 2609 992 usus
2651 938 2827 993 fuerit.
2874 940 3021 996 Sicut
3057 945 3199 997 enim
3221 945 3350 1009 disi,
3381 962 3485 1001 non
3516 950 3648 1002 mala
3683 966 3768 1004 res

2183 1024 2382 1089 vinum,
2416 1026 2508 1081 sed
2542 1028 2675 1082 mala
2720 1030 2949 1085 ebrietas
2980 1049 2994 1084 :
3024 1033 3093 1087 ita
3121 1050 3225 1088 non
3256 1037 3391 1090 mala
3423 1053 3507 1092 res
3532 1039 3763 1105 divitim,

2179 1114 2272 1168 sed
2321 1117 2455 1169 mala
2504 1119 2744 1185 avaritia,
2768 1122 2904 1174 mala
2953 1123 3232 1191 cupiditas.
3269 1126 3425 1180 Aliud
3470 1143 3682 1195 avarus,
3710 1139 3765 1184 et

2178 1207 2318 1260 aliud
2345 1209 2493 1262 dives
2518 1226 2531 1263 :
2562 1226 2750 1265 avarus
2778 1228 2879 1267 non
2902 1225 2983 1268 est
3011 1214 3179 1281 dives,
3203 1233 3392 1273 avarus
3421 1220 3600 1274 multis
3630 1222 3765 1276 indi-

2178 1308 2285 1367 get,
2314 1300 2556 1370 indigens
2585 1312 2759 1357 autem
2792 1306 2970 1359 multis
2998 1323 3280 1378 numquam
3305 1310 3455 1365 dives
3485 1326 3603 1367 esse
3636 1329 3760 1382 pos-

2177 1390 2264 1444 sit.
2317 1394 2521 1447 Avarus
2572 1404 2751 1449 custos
2795 1404 3035 1463 est,non
3084 1397 3329 1453 dominus
3375 1404 3757 1471 pecuniarum;

2176 1498 2385 1548 servus,
2411 1500 2513 1538 non
2537 1501 2813 1553 possessor
2833 1507 2843 1540 :
2862 1489 3063 1544 facilius
3092 1493 3230 1545 enim
3255 1494 3409 1547 alicui
3434 1512 3497 1548 ex
3530 1499 3757 1565 propriis

2175 1575 2445 1639 carnibus,
2475 1591 2629 1644 quam
2653 1593 2715 1630 ex
2748 1579 2956 1633 defosso
2984 1596 3113 1635 auro
3142 1585 3577 1640 communicaret.
3604 1587 3763 1643 Velut

2175 1665 2318 1717 enim
2345 1666 2524 1733 jussus
2552 1667 2681 1721 nihil
2704 1668 2770 1723 de
2818 1672 3066 1739 repositis
3097 1681 3332 1742 tangere,
3362 1676 3437 1729 sic
3462 1693 3580 1731 cum
3611 1682 3757 1733 omni

2173 1755 2440 1825 diligentia
2470 1774 2532 1813 ea
2560 1770 2737 1814 servat
2766 1773 2819 1815 et
2849 1763 3068 1830 detinet,
3100 1780 3128 1817 a
3157 1766 3267 1820 suis
3298 1776 3544 1837 tanquam
3570 1770 3760 1826 alienis

2173 1846 2445 1901 abstinens
2479 1866 2492 1901 :
2524 1859 2574 1903 et
2601 1860 2747 1906 certe
2775 1861 2896 1906 sunt
2922 1854 3115 1909 aliena.
3146 1855 3275 1921 Quae
3312 1859 3453 1912 enim
3494 1860 3610 1913 aliis
3639 1878 3758 1915 cro-

2171 1951 2297 2004 gare
2339 1954 2625 2009 numquam
2673 1951 2958 2012 pateretur,
3001 1961 3171 2015 neque
3219 1948 3269 2001 in
3320 1964 3519 2019 egenos
3570 1951 3757 2007 distri-

2174 2029 2355 2097 buere,
2382 2034 2538 2087 etiam
2575 2035 2617 2089 si
2659 2035 2889 2091 infinitas
2918 2041 3203 2096 sustineret
3224 2057 3409 2111 pinnas
3438 2061 3451 2099 :
3487 2049 3755 2116 quomodo

2172 2119 2286 2175 haec
2331 2137 2450 2178 esse
2518 2127 2733 2195 propria
2778 2139 2966 2198 putare
3020 2133 3249 2201 posset?
3295 2135 3574 2204 Quomodo
3624 2155 3754 2195 vero

2168 2227 2353 2267 eorum
2410 2213 2568 2270 habet
2636 2222 3066 2288 possessionem,
3116 2241 3343 2294 quorum
3409 2244 3508 2283 nec
3574 2232 3750 2299 nsum,

2169 2318 2267 2356 nec
2298 2303 2520 2359 fructum
2555 2322 2674 2361 cum
2718 2309 2962 2366 libertate
2989 2312 3191 2368 habet?
3219 2316 3299 2369 Ad
3326 2316 3443 2371 lucc
3472 2334 3601 2374 vero
3645 2338 3754 2377 non

2167 2397 2413 2452 onmibns
2467 2401 2643 2454 omnia
2676 2401 2868 2457 Paulus
2908 2404 3174 2473 imperare
3215 2412 3515 2477 consuevit,
3563 2412 3655 2466 sed
3699 2424 3754 2469 et

2165 2489 2492 2544 audientium
2521 2492 2866 2549 imbecillitati
2893 2512 2951 2551 se
2979 2507 3313 2568 attemperat,
3350 2502 3487 2557 sicut
3512 2514 3566 2558 et
3590 2504 3756 2559 Chri.

2164 2590 2276 2636 stus
2315 2582 2457 2638 fecit.
2498 2585 2706 2639 Etenim
2758 2587 2830 2641 illi
2880 2589 3026 2643 diviti
3071 2592 3135 2645 ad
3176 2607 3235 2648 se
3262 2594 3563 2662 accedenti,
3595 2608 3648 2651 et
3684 2598 3752 2652 de

2164 2675 2269 2728 vita
2321 2673 2590 2746 loquenti,
2648 2695 2750 2733 non
2809 2680 2940 2735 dixit
2971 2700 2984 2735 :
3010 2682 3175 2746 Vade.
3207 2686 3377 2742 vende
3418 2689 3594 2743 omnia
3631 2705 3751 2759 qua:

2164 2763 2362 2832 habes;
2394 2768 2488 2822 sed
2538 2768 2639 2823 hoc
2686 2775 3121 2839 prietermittens,
3148 2776 3215 2832 de
3242 2778 3359 2832 aliis
3394 2777 3566 2849 ipsum
3600 2798 3753 2835 man-

2162 2855 2297 2910 datis
2325 2857 2555 2912 instruit.
2586 2860 2785 2915 Deinde
2822 2872 3095 2933 postquam
3129 2867 3216 2922 ille
3258 2869 3426 2937 ipsum
3470 2871 3745 2937 invitavit,

2165 2947 2406 3016 inquiens
2437 2968 2449 3004 :
2481 2951 2614 3014 Quid
2645 2953 2808 3006 adhuc
2833 2954 2952 3007 mihi
2981 2956 3115 3008 deest
3137 2956 3344 3026 (Matth.
3382 2959 3465 3014 l9.
3491 2960 3581 3032 20)
3600 2963 3625 3014 ‘l
3650 2976 3747 3017 ne.

2160 3055 2261 3108 que
2292 3050 2397 3093 tum
2428 3042 2741 3111 simpliciter
2769 3045 2939 3111 dixit,
2977 3047 3157 3103 Vende
3192 3052 3369 3104 omnia
3394 3069 3512 3121 qua:
3543 3054 3743 3122 habes;

2159 3131 2274 3195 sed,
2304 3130 2364 3186 Si
2396 3133 2466 3184 vis
2490 3138 2740 3204 perfectus
2768 3153 2893 3201 esse,
2923 3139 3076 3191 vende
3099 3157 3213 3209 qua:
3242 3142 3392 3196 habet
3419 3143 3467 3212 (1
3476 3144 3523 3197 b.
3548 3161 3594 3198 υ.
3614 3147 3707 3215 2i)
3729 3162 3744 3201 :

2160 3220 2261 3273 huc
2288 3220 2339 3274 in
2374 3232 2464 3277 tuo
2493 3238 2631 3292 pono
2651 3226 2891 3293 arbitrio,
2923 3236 2972 3282 te
3000 3229 3275 3285 electionis
3301 3232 3574 3288 dominum
3607 3253 3739 3290 con-

2158 3312 2353 3378 Slilut),
2410 3330 2513 3367 non
2568 3315 2622 3368 in
2676 3319 3045 3373 necessitatem
3114 3321 3286 3377 traho.
3350 3324 3636 3395 Propterea
3690 3337 3745 3382 et

2158 3400 2351 3456 Paulus
2378 3404 2505 3458 nihil
2534 3406 2599 3460 de
2627 3418 2936 3477 paupertate
2976 3411 3226 3469 divitibus
3271 3415 3583 3485 loquebatur
3602 3462 3615 3482 ,
3649 3420 3743 3474 sed

2156 3490 2222 3545 de
2251 3492 2567 3563 humilitate,
2588 3507 2696 3551 tum
2720 3510 2933 3569 propter
2953 3502 3279 3559 audientium
3305 3506 3742 3574 imbecillitatem,

2158 3592 2265 3638 tum
2310 3586 2430 3655 quia
2480 3589 2677 3657 optime
2730 3592 2948 3659 sciebat,
2972 3593 3018 3646 si
3060 3594 3304 3651 modeste
3348 3608 3588 3668 agerent,
3618 3609 3669 3653 ct
3712 3617 3743 3655 a

2156 3677 2403 3745 Superbia
2434 3678 2593 3733 alieni
2622 3691 2822 3747 essent,
2846 3682 2990 3738 brevi
3040 3684 3243 3740 futuros
3272 3702 3301 3742 a
3329 3689 3503 3743 studio
3528 3691 3741 3745 divitia-

2154 3782 2271 3822 rum
2299 3769 2512 3824 liberos.
2542 3771 2806 3827 Prmterea
2842 3789 2949 3829 non
2983 3776 3144 3830 altum
3204 3791 3392 3848 sapere
3421 3780 3739 3849 admonens,

2154 3870 2208 3914 et
2234 3862 2479 3927 modum,
2506 3880 2611 3933 quo
2658 3882 2762 3919 non
2806 3867 2969 3920 altum
3019 3884 3207 3938 sapere
3250 3872 3475 3938 possint,
3520 3873 3744 3928 demou-

2154 3952 2359 4009 stravit.
2407 3954 2535 4020 Quis
2586 3971 2712 4011 vero
2749 3956 2833 4011 hic
2874 3959 3001 4013 est?
3031 3959 3085 4013 Si
3144 3960 3442 4016 divitiarum
3495 3974 3741 4019 naturam

2151 4044 2660 4114 animadverterent,
2692 4066 2849 4117 quam
2881 4052 3093 4107 incertae
3121 4053 3228 4107 sint
3261 4063 3314 4108 et
3340 4055 3515 4111 infida:
3549 4075 3561 4111 :
3604 4074 3734 4128 qua-

2156 4145 2373 4205 propter
2414 4138 2608 4203 intulit,
2641 4139 2819 4211 Neque
2856 4160 3059 4212 sperare
3099 4146 3151 4198 in
3193 4147 3478 4201 divitiarum
3524 4150 3738 4205 incerto.

2155 4225 2311 4281 Dives
2335 4236 2435 4294 est,
2460 4244 2563 4283 non
2594 4232 2679 4299 qui
2713 4233 2875 4286 multa
2904 4234 3138 4302 possidet
3162 4277 3175 4298 ,
3201 4236 3293 4290 sed
3324 4239 3411 4306 qui
3439 4241 3602 4295 multa
3635 4241 3743 4295 lar-

2150 4317 2289 4385 gitur
2327 4318 2517 4372 :dives
2564 4330 2679 4373 erat
2720 4322 3017 4387 Abraham,
3069 4325 3161 4378 sed
3203 4341 3305 4380 non
3354 4344 3547 4385 avarus
3583 4348 3597 4384 :
3630 4348 3739 4388 non

2150 4407 2290 4459 enim
2314 4407 2468 4477 hujus
2496 4409 2711 4463 domum
2739 4412 3140 4481 considerabat,
3174 4431 3271 4471 nec
3302 4418 3443 4473 illius
3482 4421 3738 4476 substan-

2153 4497 2275 4550 tiam
2306 4498 2516 4553 curiose
2553 4502 2913 4567 scrutabatur;
2947 4504 3041 4557 sed
3064 4506 3345 4574 egrediens
3381 4511 3734 4581 explorabat,

2152 4601 2276 4638 num
2299 4586 2490 4642 alicubi
2517 4587 2728 4660 hospes,
2762 4605 2886 4643 num
2915 4591 3111 4647 alicubi
3153 4610 3358 4663 pauper
3377 4638 3389 4659 ,
3424 4607 3479 4651 ut
3506 4614 3742 4669 panper-

2152 4686 2314 4732 talem
2343 4681 2646 4744 resarciret,
2682 4691 2736 4734 ut
2766 4685 3100 4752 peregrinum
3134 4688 3401 4755 exciperet
3426 4708 3439 4743 :
3469 4707 3575 4745 non
3602 4709 3738 4749 auro

2152 4778 2347 4825 tectum
2372 4771 2560 4836 linivit,
2592 4772 2682 4825 sed
2713 4774 2849 4842 apud
2882 4790 3135 4843 quercum
3164 4777 3303 4831 illam
3333 4781 3735 4840 tabernaculum

2150 4859 2339 4929 figens,
2372 4861 2611 4915 foliorum
2638 4863 2818 4915 umbra
2844 4874 3124 4921 contentus
3149 4878 3261 4921 erat
3287 4887 3301 4922 :
3334 4878 3389 4922 et
3419 4880 3523 4923 tam
3550 4875 3740 4942 splen-

2149 4952 2329 5007 didum
2388 4953 2487 5023 ipsi
2539 4963 2653 5007 erat
2692 4956 3070 5025 diversorium,
3099 4969 3155 5013 ut
3195 4975 3294 5014 nec
3328 4965 3548 5031 angelos
3592 4971 3737 5036 apud

2149 5047 2319 5115 ipsum
2348 5064 2560 5103 manere
2589 5051 2842 5119 puderet;
2876 5069 2979 5108 non
3011 5059 3151 5111 enim
3177 5062 3493 5126 quaerebant
3536 5065 3739 5123 donius

2148 5138 2481 5207 Splendorem
2507 5182 2522 5204 ,
2554 5142 2645 5195 sed
2672 5144 2830 5196 animi
2861 5145 3128 5202 virtutem.
3167 5148 3323 5204 Hunc
3363 5161 3419 5206 et
3460 5170 3561 5209 nos
3608 5157 3736 5211 imi-

2150 5240 2340 5295 temur,
2356 5232 2687 5297 eharissimi,
2710 5240 2762 5286 et
2780 5248 2900 5302 qua:
2919 5235 3174 5291 habemus
3194 5278 3208 5304 ,
3243 5239 3295 5291 in
3328 5255 3597 5311 pauperes
3628 5247 3736 5301 im-

2147 5322 2457 5389 pendamus.
2490 5322 2627 5376 Rndi
2667 5322 2825 5378 modo
2873 5336 3109 5393 paratum
3144 5336 3260 5383 erat
3288 5330 3359 5385 ibi
3404 5332 3738 5393 tabernacu-

2146 5411 2277 5471 lum.
2308 5412 2401 5467 scd
2432 5413 2589 5481 regiis
2621 5414 2756 5467 aulis
2780 5415 3107 5484 splendidius
3130 5417 3244 5474 fuit.

2219 5501 2587 5573 Hospitalitatis
2612 5502 2721 5557 laus
2737 5514 2780 5557 et
2796 5508 3057 5575 praemium
3081 5508 3339 5566 —Nullus
3364 5528 3603 5584 unquam
3637 5537 3735 5576 rex

2143 5593 2358 5663 angelos
2394 5595 2623 5663 suscepit
2653 5613 2666 5648 :
2699 5594 2784 5648 hic
2823 5611 2948 5650 vero
2978 5598 3077 5652 sub
3122 5614 3320 5668 quercu
3358 5605 3558 5664 sedens
3602 5611 3694 5663 illa
3719 5655 3733 5677 ,

2142 5683 2439 5753 collumque
2462 5683 2643 5752 figens,
2664 5683 2764 5739 huc
2791 5685 2988 5740 honore
3015 5687 3201 5758 dignus
3228 5690 3442 5746 habitus
3469 5706 3553 5751 est
3574 5740 3589 5763 ,
3624 5716 3734 5756 non

2145 5784 2365 5844 pmptcr
2387 5775 2573 5829 domus
2595 5776 2840 5830 vilitatem
2869 5776 3175 5846 honoratus,
3198 5782 3291 5836 sed
3321 5796 3544 5856 propter
3561 5793 3732 5850 animi
