4072 6384
271 339 351 397 59
1341 339 1433 394 AD
1472 338 1802 396 POPULUM
1842 336 2343 396 ANTIOCHENUM
2382 336 2617 395 IIOMIL.
2660 336 2721 394 ll.
3668 338 3747 398 ιο

273 457 394 517 τοῖς
441 451 796 523 τραπεζίταις
851 466 877 494 ι
916 453 977 507 οὐ
1013 453 1299 517 κατέϐαλε,
1345 455 1657 520 τουτέστιν,
1699 455 1759 507 ού
1819 472 1959 526 παρ-

277 539 574 610 ῄνεσεν,ού
609 540 1162 603 συνεϐούλευσεν,οὑκ
1203 541 1553 612 ἐπετίμησεν,
1577 542 1635 594 οὐ
1682 540 1956 611 διώρθωσε

278 630 408 691 τοὺς
440 629 664 698 πλησίον
693 629 1069 699 ἀκοσμοῦντας
1103 628 1209 682 τῶν
1241 630 1508 700 πονηρῶν·
1543 629 1631 683 διὰ
1655 629 1813 683 τοῦτο
1846 648 1955 700 χω-

286 714 372 785 ρἰς
403 715 730 786 συγγνώμης
762 716 979 786 ἀπάσης
1003 719 1081 780 εἰς
1105 716 1202 780 τὰς
1233 717 1539 787 ἀφορήτους
1570 717 1847 786 ἐπέμπετο
1873 734 1963 770 κο-

282 801 473 866 λάσεις
511 804 743 867 ἐκείνας.
799 804 936 857 Ἀλλ’
970 804 1052 857 ὅτι
1087 804 1205 874 μὲν,
1240 806 1287 856 εἰ
1318 805 1412 856 καὶ
1446 804 1519 874 μὴ
1551 804 1835 875 πρότερον,
1867 805 1962 858 νῦν

282 889 418 956 γοῦν
459 889 661 960 ταύτην
706 890 1005 961 ἐργάσεσθε
1048 890 1144 962 τὴν
1191 889 1506 962 διόρθωσιν,
1559 891 1653 943 καὶ
1705 890 1794 943 τὸν
1831 890 1962 943 Θεὸν

286 976 643 1048 ὑϐριζόμενον
664 978 724 1030 οῦ
748 979 1095 1050 περιόψεσθε,
1135 979 1340 1050 σφῶρα
1374 978 1733 1033 πεπίστευκα.
1780 977 1963 1031 Ἱκανὰ

282 1064 396 1137 γάρ
423 1066 490 1118 τὰ
521 1066 928 1137 συμϐεϐηκότα,
969 1068 1017 1119 εἰ
1056 1067 1148 1120 καὶ
1185 1065 1371 1137 μηδεὶς
1400 1068 1428 1119 6
1461 1066 1741 1137 παραινῶν
1762 1062 1849 1138 ἦν,
1868 1069 1962 1120 καὶ

280 1156 413 1217 τοὺς
444 1154 643 1225 σφόδρα
669 1155 1006 1225 ἀναισθήτως
1038 1154 1413 1224 διακειμένους
1444 1156 1626 1207 πεῖσαι
1650 1154 1834 1207 λοιπὸν
1865 1157 1963 1227 τῆς

281 1240 492 1303 οἰκείας
536 1241 887 1294 ἐπιλαϐέσθαι
918 1242 946 1281 b
987 1241 1280 1311 σωτηρίας.
1331 1242 1492 1311 Ἦμῖν
1530 1242 1584 1294 δὲ
1631 1241 1750 1313 ὥρα
1777 1243 1961 1297 λοιπὸν

281 1327 382 1398 τὴν
403 1328 653 1381 εἰωθυῖαν
680 1330 805 1399 ὑμῖν
831 1328 939 1382 ἀπὸ
954 1327 1047 1381 τοῦ
1076 1327 1290 1381 Παύλου
1316 1329 1639 1398 παραθεῖναι
1660 1329 1960 1399 τράπεζαν,

279 1419 381 1490 τὴν
425 1421 660 1489 σήμερον
715 1418 1156 1487 ἀναγνωσθεῖσαν
1214 1419 1371 1489 ῥῆσιν
1414 1420 1957 1490 προχειρισαμένους,

282 1508 379 1560 καὶ
412 1509 491 1569 εἰς
534 1509 696 1578 μέσον
731 1507 1138 1577 καταθεμένους
1172 1505 1363 1559 ἅπασι.
1398 1506 1463 1557 Τί
1489 1508 1604 1558 ποτ’
1630 1502 1724 1559 οὖν
1752 1510 1867 1560 ἐστι
1902 1508 1962 1560 τὸ

283 1600 522 1665 σήμερον
550 1595 895 1662 ἀναγνωσθέν
916 1613 931 1661 ;
963 1594 1096 1657 Τοῖς
1117 1594 1438 1658 πλουσίοις
1459 1593 1529 1646 ὲν
1550 1590 1630 1657 τῷ
1648 1593 1766 1646 νῦν
1794 1593 1961 1648 αἰῶνι

280 1681 661 1751 παράγγελλε
706 1681 792 1750 μὴ
838 1680 1313 1750 ὑψηλοφρονεῖν.
1358 1678 1563 1743 Εἰπὼν,
1615 1679 1742 1745 Τοῖς
1775 1683 1963 1734 πλου-

277 1770 441 1834 σίοις
467 1771 536 1821 ὲν
560 1768 640 1835 τῷ
668 1767 787 1822 νῦν
811 1767 1001 1833 αἰῶνι,
1034 1768 1199 1833 ἔδειξε
1231 1768 1323 1820 καὶ
1355 1766 1572 1838 ἐτέρους
1604 1766 1765 1831 εντας
1795 1768 1961 1822 πλου-

279 1858 430 1919 σίους
458 1858 584 1919 τοὺς
611 1855 705 1909 τοῦ
743 1855 1025 1926 μέλλοντος
1052 1856 1268 1920 αἰῶνος·
1293 1850 1403 1918 οἶος
1430 1855 1633 1917 ἐκεῖνος
1661 1854 1689 1905 6
1713 1853 1962 1926 Λάζαρος

273 1941 366 2014 ῆν,
407 1945 547 1998 κατά
586 1945 685 2013 μὲν
706 1945 797 1998 τὸν
828 1945 1069 2015 παρόντα
1102 1945 1209 2015 βίον
1243 1946 1428 2014 πένης,
1464 1942 1608 1995 κατά
1633 1942 1690 1995 δέ
1710 1943 1802 1996 τὸν
1831 1944 1961 2015 μέλ-

272 2031 439 2085 λοντα
468 2033 744 2097 πλούσιος,
768 2033 830 2085 ού
860 2033 1062 2103 χρυσοῦ
1098 2035 1191 2087 καὶ
1220 2032 1459 2103 ἀργύρου
1486 2033 1579 2085 καὶ
1610 2032 1833 2102 τοιαύτῃ
1856 2035 1961 2084 τ;νί⁵

277 2116 496 2189 φθαρτῇ
530 2118 623 2170 καὶ
638 2118 885 2187 ἐπικήρῳ
915 2116 1159 2169 πλουτῶν
1193 2114 1314 2188 ὕλῃ,
1343 2113 1460 2188 [⁸26]
1490 2113 1623 2167 ἀλλά
1650 2114 1760 2174 τοῖς
1781 2111 1957 2183 ἀπορ-

278 2208 465 2276 ρήτοις
497 2205 726 2269 ἐκείνοις
745 2218 767 2244 ε
796 2206 1040 2272 ἀγαθοῖς,
1070 2205 1105 2258 ἀ
1127 2203 1289 2272 Μήτε
1318 2200 1625 2271 ὀφθαλμὸς
1646 2199 1786 2263 εἰδε,
1804 2195 1959 2268 μήτε

274 2286 387 2357 οὖς
411 2291 662 2359 ἤκουσε,
692 2290 847 2361 μήτε
883 2290 983 2343 ἐπὶ
1020 2290 1274 2358 καρδίαν
1304 2289 1616 2357 ἀνθρώπου
1644 2289 1845 2357 ἀνέϐη.

346 2380 520 2434 Τοῦτο
553 2379 663 2450 γὰρ
713 2378 931 2450 ἀληθῶς
984 2378 1211 2439 πλοῦτος
1260 2377 1355 2429 καὶ
1392 2375 1642 2446 εὐπορία,
1694 2376 1821 2428 ὅταν
1865 2376 1959 2430 καὶ

274 2468 533 2538 ἀκήρατα
638 2467 707 2521 τὰ
740 2466 902 2530 καλὰ,
938 2467 1030 2519 κα)⁵
1071 2464 1338 2536 μηδεμίαν
1370 2463 1590 2534 δέχηται
1632 2462 1954 2534 μεταϐολήν.

286 2556 427 2609 Ἀλλ’
454 2557 552 2626 οὐχ
581 2559 608 2610 6
636 2555 878 2626 παριδὼν
922 2554 949 2593 ἀ
998 2554 1158 2607 αὐτὸν
1214 2552 1462 2614 πλούσιος
1508 2551 1767 2615 τοιοῦτος,
1824 2551 1958 2604 ἀλλά

274 2644 495 2698 πάντων
529 2644 853 2714 πενέστερος
883 2643 1115 2711 ἐγένετο.
1146 2641 1300 2695 Μετά
1332 2640 1505 2694 ταῦτα
1537 2639 1666 2709 γοῦν
1703 2640 1959 2707 σταγόνος

275 2730 515 2796 ἀξιώσας
553 2733 866 2802 ἐπιτυχεῖν,
926 2730 1048 2783 οὔτε
1096 2730 1264 2799 αὐτῆς
1310 2728 1525 2796 ἐγένετο
1562 2728 1769 2799 κύριος·
1816 2726 1959 2780 οῦτω

273 2817 411 2890 πρὸς
436 2819 673 2889 ἐσχάτην
700 2818 953 2888 ἐληλάκει
982 2817 1193 2869 πενίαν.
1228 2816 1328 2868 Διά
1354 2812 1512 2867 τοῦτο
1546 2813 1834 2878 πλουσίους
1862 2814 1957 2868 τοῦ

273 2906 540 2975 παρόντος
569 2904 762 2968 αἰῶνος
790 2905 1068 2968 ἐκάλεσεν,
1089 2903 1175 2956 ἵνα
1195 2902 1392 2974 μάθῃς,
1425 2902 1506 2954 ὅτι
1529 2901 1665 2972 μετά
1695 2901 1791 2971 τῆς
1826 2918 1961 2972 παρ-

271 2991 439 3062 ούσης
483 2992 627 3063 ζωῆς
687 2993 781 3045 καὶ
812 2995 845 3062 ή
876 2990 1105 3061 εὐπορία
1153 2988 1606 3057 συγκαταλύεται·
1647 2990 1708 3041 οῦ
1746 2990 1958 3059 πρόεισι

271 3080 602 3151 περαιτέρω,
623 3080 744 3134 οὐδὲ
768 3097 829 3133 συ
840 3078 1202 3150 μμεθίσταται
1229 3077 1569 3148 ἀποδημοῦσι
1590 3080 1702 3141 τοῖς
1722 3078 1956 3147 ἔχουσιν,

271 3168 408 3222 ἀλλά
458 3168 717 3231 πολλάκις
762 3168 961 3231 αὐτοὺς
992 3168 1087 3220 καὶ
1142 3166 1248 3237 πρὸ
1288 3166 1387 3236 τῆς
1416 3164 1672 3235 τελευτῆς
1713 3165 1953 3235 ἀφίησιν·

270 3256 407 3325 ὅπερ
433 3251 526 3309 οῦν
568 3266 589 3293 ε
626 3257 718 3309 καὶ
742 3255 868 3308 αὐτὸ
890 3254 1063 3323 δηλῶν
1096 3252 1244 3320 ἔλεγε
1267 3289 1283 3315 ,
1317 3251 1480 3319 Μηδὲ
1508 3250 1824 3319 ἠλπικέναι
1857 3253 1957 3306 ἐπὶ

270 3344 539 3397 πλούτου
556 3340 1071 3409 ιὶδηλότητι.ούδέν
1090 3340 1159 3409 γά
1166 3358 1196 3412 ρ
1211 3338 1381 3403 οὕτως
1398 3340 1641 3403 ἄπιστον,
1661 3339 1736 3402 ὡς
1753 3340 1780 3390 ὁ
1798 3338 1959 3391 πλοῦ-

270 3449 382 3498 τος,
417 3432 446 3484 ὃ
478 3430 737 3493 πολλάκις
767 3426 943 3492 εἷπον,
971 3432 1063 3483 καὶ
1098 3429 1270 3496 λέγων
1304 3428 1362 3480 ού
1399 3428 1699 3499 παύσομαι,
1719 3428 1803 3480 ὅτι
1829 3428 1947 3499 δραι

271 3519 441 3590 πέτης
475 3519 619 3570 ἐστὶν
656 3516 944 3587 ἀγνώμων,
980 3517 1196 3587 οἰκέτης
1221 3516 1401 3568 πίστιν
1421 3516 1519 3567 οὐκ
1543 3515 1700 3584 ἔχων,
1735 3514 1835 3568 κᾶν
1854 3533 1957 3585 μυο

273 3604 394 3675 ρίας
421 3605 569 3675 αὐτῷ
595 3604 897 3676 περιϐάλῃς
930 3604 1118 3668 πέδας,
1154 3598 1306 3666 οὗτος
1336 3604 1429 3655 καὶ
1461 3601 1559 3664 τὰς
1592 3602 1759 3665 πέδας
1788 3601 1957 3665 αὑτάς

271 3695 664 3765 ἐπισυρόμενος
686 3692 892 3747 ἄπεισι.
921 3692 1187 3755 Πολλάκις
1216 3690 1348 3760 γοῦν
1384 3690 1600 3760 μοχλοῖς
1629 3690 1722 3743 καὶ
1765 3689 1955 3760 θύραις

269 3783 602 3836 ἀπέκλεισαν
630 3782 790 3836 αὐτὸν
817 3781 867 3834 οἰ
896 3780 1245 3851 κεκτημένοι,
1280 3779 1494 3841 οἰκέτας
1526 3779 1954 3849 περιστήσαντες

270 3872 537 3941 φύλακας·
571 3872 599 3923 6
627 3871 684 3923 δέ
708 3870 831 3933 τοὺς
861 3868 1077 3929 οἰκέτας
1104 3868 1301 3928 αὐτοὺς
1330 3865 1653 3930 ἀναπείσας,
1701 3866 1818 3936 μετ’
1858 3867 1954 3919 αῦ-

268 3959 380 4012 τῶν
400 3957 607 4029 ἀπέδρα
627 3956 735 4010 τῶν
752 3955 1149 4025 φυλαττόντων,
1173 3954 1425 4025 καθάπερ
1476 3953 1663 4007 ἀλυσιν
1685 3953 1811 4016 τοὺς
1858 3971 1954 4024 τη-

271 4046 501 4116 ροῦντας
549 4044 962 4115 ἐπισυρόμενος,
995 4044 1087 4096 καὶ
1118 4043 1280 4094 πλέον
1306 4042 1459 4095 οὐδὲν
1502 4042 1607 4094 ἀπὸ
1642 4042 1738 4112 τῆς
1784 4041 1953 4111 φυλα-

270 4133 374 4202 κῆς
405 4132 623 4200 ἐγένετο
652 4131 878 4200 ταύτης.
939 4130 1003 4182 Τί
1028 4129 1217 4183 τούτου
1242 4129 1441 4197 γένοιτ’
1465 4128 1530 4181 ἂν
1564 4129 1951 4199 ἀπιστότερον;

271 4217 323 4273 τί
361 4219 417 4271 δὲ
451 4219 559 4272 τῶν
594 4219 721 4289 περί
747 4218 909 4270 αὑτὸν
934 4216 1347 4271 ἐσπουδακότων
1374 4216 1766 4286 ἐλεεινότερον;
1828 4217 1955 4270 ὅταν

271 4306 507 4375 πρᾶγμα
534 4303 678 4357 οὕτω
714 4303 913 4375 σαθρὸν
947 4303 1040 4355 καὶ
1086 4301 1506 4371 εῦμετάπτωτον
1551 4299 1699 4370 πάσῃ
1752 4300 1952 4371 σπουδῇ

274 4390 549 4457 συλλέγειν
579 4389 919 4460 ἐπιχειρῶσι,
945 4387 1036 4441 καὶ
1062 4387 1135 4457 μὴ
1163 4385 1403 4439 ἀκούωσι
1438 4383 1531 4438 τοῦ
1564 4385 1843 4455 προφήτου
1867 4383 1956 4436 λέ-

270 4492 479 4543 γοντος·
533 4476 677 4529 Οὐαὶ
730 4477 783 4528 οἰ
815 4474 1165 4539 πεποιθότες
1196 4472 1294 4525 ἐπὶ
1325 4470 1397 4540 τῇ
1443 4469 1693 4539 δυνάμει
1733 4470 1952 4535 αὐτῶν,

271 4558 371 4611 καὶ
404 4559 500 4611 ἐπὶ
533 4558 613 4624 τῷ
653 4557 868 4624 πλήθει
898 4556 1004 4611 τοῦ
1038 4557 1304 4611 πλούτου
1335 4552 1533 4611 αὐτῶν
1562 4553 1951 4622 καυχώμενοι.

270 4642 428 4708 Εἰπὲ,
460 4642 606 4705 τίνος
634 4641 819 4695 ἐνεκεν
842 4640 997 4707 οὐαί;
1029 4637 1399 4708 Θησαυρίζει,
1430 4637 1583 4708 φησὶ,
1619 4637 1716 4689 καὶ
1760 4639 1830 4690 οὐ
1867 4656 1953 4707 γι-

268 4722 489 4777 νώσκει
523 4724 639 4777 τίνι
665 4722 918 4787 συνάξει
939 4720 1111 4776 αὐτά·
1144 4721 1223 4774 ὅτι
1250 4722 1278 4773 6
1307 4719 1405 4789 μὲν
1438 4720 1596 4781 πόνος
1632 4717 1811 4787 δῆλος,
1839 4720 1871 4787 ή
1900 4719 1954 4771 δέ

270 4805 572 4867 ἀπόλαυσις
600 4804 814 4874 ἄδηλος.
851 4804 1118 4866 Πολλάκις
1146 4802 1358 4873 ἐχθροῖς
1390 4802 1639 4871 κάμνεις,
1658 4802 1752 4854 καὶ
1771 4801 1957 4855 ταλαι-

271 4891 498 4960 πωρεῖς·
533 4887 791 4950 πολλάκις
825 4887 963 4959 μετά
990 4887 1088 4957 τὴν
1126 4886 1224 4957 σὴν
1256 4884 1510 4955 τελευτὴν
1553 4886 1632 4949 εἰς
1667 4884 1794 4947 τοὺς
1841 4884 1956 4953 ηδι-

271 4971 511 5039 κηκότας
539 4972 631 5024 καὶ
654 4971 822 5041 μυρία
847 4987 926 5022 σοι
952 4968 1467 5031 ἐπιϐουλεύσαντας,
1485 4970 1512 5021 ό
1534 4968 1734 5039 κλῆρος
1761 4966 1953 5031 ἐλθὼν,

274 5054 360 5106 σοὶ
384 5054 482 5123 μὲν
512 5054 577 5107 τὰ
598 5055 993 5126 ἁμαρτήματα,
1012 5053 1111 5124 τὴν
1131 5053 1187 5106 δέ
1213 5053 1513 5108 ἀπόλαυσιν
1538 5052 1812 5123 παρέσχεν
1843 5054 1957 5106 ἐτέ-

273 5154 411 5208 ροις.

343 5226 404 5273 ε’.
424 5219 564 5273 Ἀλλ’
576 5221 723 5287 ἄξιον
736 5223 911 5275 ἐκεῖνο
922 5220 1195 5288 ἐξετάσαι,
1208 5220 1353 5284 τίνος
1367 5222 1550 5275 ἕνεκεν
1561 5220 1661 5273 οὐκ
1673 5213 1794 5273 εἶπε
1803 5259 1818 5285 ,
1832 5218 1956 5281 Τοῖς

270 5304 330 5355 δὲ
365 5302 639 5366 πλουσίοις
670 5306 727 5357 ἐν
756 5303 833 5373 τῷ
872 5304 967 5357 νῦν
1004 5303 1158 5357 αἰῶνι
1194 5304 1537 5375 παράγγελλε
1571 5302 1646 5373 μὴ
1681 5302 1952 5363 πλουτεῖν,

272 5386 617 5458 παράγγελλε
641 5387 922 5449 πένεσθαι,
957 5387 1303 5458 παράγγελλε
1324 5390 1391 5441 τά
1416 5388 1546 5441 ὅντα
1567 5386 1784 5450 κενοῦν,
1817 5384 1953 5438 ἀλλά

270 5468 656 5540 Παράγγελλε
675 5469 761 5539 μὴ
796 5471 1269 5540 ὑψηλοφρονεῖν.
1305 5469 1457 5525 Οἶδεν
1500 5472 1581 5525 ὅτι
1606 5469 1625 5508 ί
1661 5469 1756 5525 τοῦ
1791 5469 1953 5523 πλού-

335 5610 363 5675 _‘
384 5610 537 5675 ξανίἰ.
560 5618 614 5675 οι
632 5611 714 5675 alii
742 5611 817 5675 ἐπὶ
840 5612 949 5667 τοῦς
973 5612 1265 5675 τραπεζίτας.

334 5671 361 5710 1³
384 5671 534 5736 ξενίη.
559 5673 910 5736 ἀντιλαϐέσθαι,
925 5671 1055 5736 alitis
1077 5674 1514 5736 ἀντιλαμϐάνεσθαι.

336 5736 358 5797 ξ
387 5733 525 5797 Unus
535 5734 690 5797 codex
704 5740 757 5781 et
767 5733 897 5797 Sayil
907 5772 916 5782 .
925 5733 988 5797 _in
1010 5749 1162 5797 marg.
1177 5733 1259 5797 ἆπζ
1282 5738 1363 5783 καὶ
1377 5736 1728 5797 ἅνεκδιηγήτοις
1740 5734 1947 5791 ἐκείνοις.

333 5792 361 5833 ἀ
384 5795 739 5858 ᾼΙὶἱγπεριιδών.
768 5794 895 5844 Infra
918 5795 1069 5844 Savil.
1107 5792 1160 5845 ἐι
1181 5795 1309 5845 alius
1328 5798 1435 5845 οὐδὲ
1460 5792 1631 5855 ταύτης
1657 5798 1855 5858 ἐγένετο.

342 5859 362 5921 ξ
386 5854 621 5921 Sg\'_il.__'el
644 5858 770 5921 alius
784 5859 1020 5921 idem;
1033 5859 1333 5921 ἐγκατέλιπεν
1350 5876 1363 5921 ζ
1383 5860 1497 5921 ὅπερ
1522 5858 1619 5908 οὖν.

276 5978 316 6029 ν
343 5914 362 5954 τ
387 5916 487 6025 Ailii
508 5917 863 6015 οἷδξνῖἀκριϐὧς
879 5914 1092 5967 ὅτιζΜοα
1108 5914 1363 5969 83γὶ1.κᾶν
1385 5914 1484 5981 εἰδῇ
1507 5921 1785 5979 mamlius
1804 5933 1949 5983 quam

306 5993 403 6027 .οῐ“’⁷
437 6016 445 6028 .
483 5996 569 6027 καν
590 5996 618 6029 72
634 5996 691 6027 ιει
716 5997 797 6029 τις.

306 5993 445 6028 δοτινι.
483 5996 569 6027 καν
590 5993 691 6042 ῃοει
716 5997 797 6035 τις.

2065 470 2161 507 του
2190 452 2313 525 ῥίζα
2340 454 2431 506 καὶ
2455 452 2711 517 ὑπόθεσίς
2741 455 2887 506 ἐστιν
2916 454 2949 522 ἡ
2980 452 3227 518 ἀπόνοια,
3258 452 3357 507 κᾶν
3388 454 3499 527 εἰδῇ
3533 471 3617 519 τις
3644 473 3743 527 με-

2066 544 2343 614 τριάζειν,
2372 546 2432 597 ού
2471 544 2671 615 πολλὴν
2713 545 2841 616 περὶ
2872 544 2932 597 τὸ
2976 545 3206 615 πρᾶγμα
3247 547 3531 616 ποιήσεται
3568 565 3731 599 σπουο

2068 630 2181 700 δήν.
2215 631 2370 695 Τίνος
2407 630 2515 702 γὰρ
2558 631 2764 691 ἕνεκεν,
2794 632 2911 684 εἰπέ
2949 648 3059 701 μοι,
3100 632 3224 695 τοὺς
3266 630 3492 696 πολλοὺς
3524 633 3739 694 οἰκέτας

2065 721 2377 790 περιάγεις,
2418 722 2546 784 τοὺς
2575 720 2908 791 παρασίτους
2930 759 2944 783 ,
2980 720 3106 783 τοὺς
3147 720 3403 784 κόλακας,
3447 719 3542 792 τὴν
3572 720 3736 791 ἀλλην

2064 808 2281 862 ἃπασαν
2310 807 2646 877 φαντασίαν;
2672 808 2745 861 Οῦ
2769 808 2957 878 χρείας
2982 806 3186 872 ἕνεκεν,
3218 808 3331 861 ἀλλ’
3360 809 3615 872 ἀπονοίας
3651 810 3740 879 μό-

2063 913 2161 966 νης
2183 938 2197 961 ,
2229 898 2314 949 ἵνα
2344 896 2450 949 ἀπὸ
2479 895 2682 949 τούτων
2716 897 3035 966 σεμνότερος
3074 895 3181 949 τῶν
3233 896 3406 950 ἄλλων
3434 896 3735 968 ἀνθρώπων

2064 977 2202 1036 εἶναι
2229 983 2411 1055 δοκῇς.
2451 982 2659 1046 Ἀλλως
2683 983 2737 1036 δέ
2771 979 2909 1035 οἶδεν
2944 984 3004 1035 οὐ
3040 983 3418 1054 κεκωλυμένον
3450 985 3540 1037 τὸν
3570 985 3736 1038 πλοῦ-

2061 1088 2176 1136 τον,
2217 1072 2310 1125 ἐάν
2347 1088 2431 1133 τις
2464 1071 2612 1141 αύτῷ
2656 1071 2735 1134 εἰς
2760 1070 2875 1123 δέον
2923 1067 3262 1141 κεχρημένος
3393 1072 3603 1144 Ὠσπερ
3626 1073 3735 1143 γάρ

2062 1155 2238 1225 εἷπον,
2270 1160 2330 1211 οὐ
2359 1158 2526 1213 κακὸν
2549 1160 2577 1211 6
2614 1154 2782 1223 οἰνος,
2816 1158 2950 1212 ἀλλά
2990 1159 3157 1212 κακὸν
3192 1160 3224 1229 ή
3263 1160 3433 1231 μέθη·
3468 1161 3640 1225 οὕτως
3673 1163 3733 1214 οῦ

2063 1246 2228 1300 κακὸν
2260 1249 2288 1299 6
2319 1247 2567 1311 πλοῦτος,
2601 1246 2736 1301 ἀλλά
2768 1246 2992 1317 κακὸνή
3025 1246 3325 1312 πλεονεξία,
3359 1248 3526 1301 κακὸν
3553 1251 3584 1320 ἡ
3612 1250 3735 1317 φιλ-

2062 1333 2321 1405 αργυρία.
2368 1333 2593 1404 Ἕτερον
2646 1333 3004 1405 φιλάργυρος,
3036 1334 3129 1387 καὶ
3171 1335 3355 1405 ἕτερον
3388 1335 3673 1401 πλούσιος·
3709 1340 3737 1391 6

2064 1408 2395 1492 φιλάργυρος
2440 1422 2541 1473 οὐκ
2589 1420 2705 1473 ἔστι
2744 1420 2998 1484 πλούσιος
3024 1460 3037 1484 ,
3087 1423 3114 1473 6
3154 1421 3483 1493 φιλάργυρος
3526 1424 3737 1478 πολλῶν

2060 1508 2258 1561 δεῖται·
2291 1510 2319 1559 6
2346 1508 2402 1561 δέ
2431 1506 2639 1561 πολλῶν
2676 1508 2926 1579 δεόμενος
2954 1509 3053 1561 ούκ
3082 1507 3147 1561 ἂν
3176 1510 3499 1582 εὐπορήσειέ
3527 1529 3653 1565 ποτε
3686 1515 3735 1566 ⁸.

2074 1596 2133 1649 Ὀ
2161 1596 2495 1669 φιλάργυρος
2523 1595 2715 1667 φύλαξ,
2747 1598 2807 1649 ού
2836 1597 3104 1667 δεσπότης
3139 1598 3256 1651 ἐστὶ
3282 1598 3387 1651 τῶν
3416 1600 3735 1669 χρημάτων,

2063 1686 2268 1752 δοῦλος,
2293 1691 2353 1741 οὐ
2383 1690 2568 1761 κύριος
2595 1690 2708 1763 [27]
2734 1691 3100 1762 εὐκολώτερον
3135 1692 3243 1763 γὰρ
3269 1692 3374 1744 τῶν
3404 1693 3565 1745 αὐτοῦ
3594 1710 3732 1763 σρα-

2063 1770 2176 1823 κῶν
2201 1773 2455 1843 μεταδοίη
2473 1776 2578 1827 τινὶ
2594 1774 2625 1845 ἢ
2641 1774 2731 1827 τοῦ
2757 1774 3177 1845 κατωρυγμένου
3201 1775 3444 1846 χρυσίου.
3477 1776 3585 1828 Καὶ
3602 1774 3734 1827 καθ-

2064 1854 2207 1924 άπερ
2236 1854 2377 1918 τινὸς
2404 1856 2779 1919 ἐπιτάττοντος
2801 1860 2892 1908 καὶ
2917 1857 3228 1922 κελεύοντος
3249 1858 3473 1929 μηδενὸς
3491 1858 3735 1928 ἅψασθαι

2064 1933 2172 1987 τῶν
2204 1937 2600 2007 ἀποκειμένων·
2650 1938 2792 1991 οῦτω
2845 1939 2983 2009 μετά
3033 1940 3213 2012 πάσης
3258 1942 3545 2011 ἀκριϐεὲας
3594 1940 3738 1995 αὐτὰ

2062 2020 2220 2087 τηρεῖ
2247 2019 2339 2071 καὶ
2368 2020 2589 2089 κατέχει
2623 2019 2876 2090 καθάπερ
2919 2020 3214 2091 ἀλλοτρίων
3249 2022 3586 2093 ἀπεχόμενος
3624 2023 3735 2077 τῶν

2062 2106 2275 2158 οἰκείων
2303 2106 2351 2161 ιι.
2397 2108 2505 2159 Καὶ
2549 2108 2656 2175 γάρ
2692 2109 2837 2160 ἐστιν
2880 2109 3048 2164 ὅντως
3095 2110 3370 2177 ἀλλότρια·
3407 2110 3442 2165 ὃ.
3491 2111 3599 2181 γάρ
3655 2114 3737 2176 εἰς

2058 2203 2277 2275 ἐτέρους
2301 2200 2583 2255 ἐκϐάλλειν
2602 2201 2703 2253 οὐκ
2729 2200 2794 2254 ἂν
2824 2199 3017 2265 ἕλοιτο,
3043 2200 3161 2253 ούδέ
3186 2203 3298 2264 τοῖς
3327 2200 3599 2268 δεομένοις
3625 2200 3740 2253 δια-

2057 2293 2260 2361 νεῖμαι,
2291 2290 2392 2342 κᾶν
2430 2288 2628 2359 μυρίας
2655 2286 2922 2358 ὑποσταίη
2953 2288 3245 2359 τιμωρίας,
3287 2286 3402 2351 πῶς
3431 2286 3496 2340 ἂν
3525 2287 3738 2340 δύναιτο

2054 2376 2227 2429 ταῦτα
2258 2375 2363 2429 ἴδια
2389 2373 2631 2445 νομίζειν
2659 2368 2834 2438 εἷναις
2873 2373 2994 2437 Πῶς
3042 2374 3097 2426 δὲ
3131 2374 3243 2444 ἔχει
3286 2374 3384 2445 τὴν
3420 2375 3631 2445 κτῆσιν,
3664 2369 3737 2426 ὢν

2057 2465 2155 2535 τὴν
2186 2463 2381 2534 χρῆσιν
2406 2462 2505 2514 οὐκ
2538 2460 2649 2531 ἔχει
2692 2459 2831 2531 μετά
2860 2460 3073 2523 ἀδείας,
3110 2460 3227 2513 ούδέ
3261 2460 3357 2531 τὴν
3400 2461 3736 2523 ἁπόλαυσιν;

2059 2552 2201 2624 Πρὸς
2234 2552 2289 2604 δὲ
2328 2550 2539 2613 τούτοις
2584 2549 2643 2601 οὑ
2694 2551 2827 2602 πᾶσι
2876 2548 3051 2602 πάντα
3104 2549 3412 2603 ἐπιτάττειν
3448 2552 3476 2603 ὁ
3529 2550 3741 2615 Παῦλος

2058 2644 2266 2705 εἴωθεν,
2294 2639 2430 2694 ἀλλὰ
2472 2641 2565 2693 καὶ
2602 2641 2668 2710 τῇ
2705 2638 2811 2692 τῶν
2842 2638 3147 2692 ἀκουόντων
3176 2638 3432 2710 ἀσθενείᾳ
3462 2656 3738 2707 συγκατα-

2058 2730 2255 2794 ϐαίνει,
2292 2728 2544 2800 καθάπερ
2581 2724 2673 2781 οῦν
2719 2726 2812 2780 καὶ
2851 2728 2878 2780 6
2914 2726 3148 2798 Χριστὸς
3193 2727 3438 2797 ἐποίησε.
3492 2728 3600 2782 Καὶ
3632 2729 3740 2798 γάρ

2057 2818 2251 2888 ἐκείνῳ
2296 2816 2374 2886 τῷ
2427 2814 2667 2885 πλουσίῳ
2714 2812 3085 2886 προσελθόντι,
3124 2813 3216 2867 καὶ
3258 2814 3387 2885 περὶ
3440 2814 3539 2883 τῆς
3595 2814 3740 2884 ζωῆς

2058 2904 2206 2975 αὐτῷ
2250 2903 2614 2973 διαλεγομένῳ
2643 2902 2742 2955 ούκ
2765 2896 2939 2961 εἶπεν,
2976 2901 3195 2969 ’Υπαγε
3216 2941 3230 2965 ,
3254 2901 3502 2972 πώλησόν
3539 2918 3632 2955 σου
3668 2904 3738 2955 τα

2060 2994 2393 3064 ὑπάρχοντα,
2423 2990 2537 3044 ἀλλ’
2556 2990 2713 3057 ἀφεὶς
2740 2990 2919 3054 τοῦτο,
2947 2990 3075 3059 περὶ
3101 2988 3303 3060 ἐτέρων
3333 2989 3482 3059 αύτῷ
3508 2989 3741 3045 ἐντολῶν

2058 3080 2326 3149 διελέγετο
2354 3095 2365 3107 ·
2402 3078 2521 3130 εἶτα
2552 3076 2738 3147 ἐπειδὴ
2760 3076 2965 3139 ἐκεῖνος
2997 3075 3160 3130 αὑτὸν
3190 3077 3617 3147 προεκαλέσατο,
3647 3077 3741 3132 καί

2061 3184 2223 3238 φησιν
2242 3184 2255 3196 ·
2286 3166 2349 3218 Τί
2381 3164 2460 3217 ἔτι
2508 3180 2597 3233 μοι
2623 3162 2833 3226 λείπει;
2868 3162 2988 3215 ούδέ
3033 3162 3154 3215 τότε
3202 3163 3390 3226 ἁπλῶς
3418 3160 3591 3230 εἶπεν,
3620 3165 3741 3217 [ἰώ-

2059 3254 2224 3325 λησὸν
2262 3270 2353 3306 σου
2378 3252 2445 3305 τὰ
2471 3251 2805 3321 ὑπάρχοντα,
2834 3250 2969 3315 ἀλλ’,
3000 3252 3071 3304 Εἰ
3100 3249 3293 3316 θέλεις
3318 3251 3546 3317 τέλειος
3565 3249 3738 3318 εἶναι,

2058 3344 2250 3412 ὕπαγε
2276 3382 2289 3402 ,
2323 3337 2614 3405 πώλησόν
2655 3352 2771 3390 σου
2822 3336 2894 3391 τὰ
2923 3335 3304 3406 ὑπάρχοντα·
3338 3338 3430 3390 ἐπὶ
3461 3342 3526 3409 τῇ
3558 3343 3621 3409 σῇ
3655 3340 3738 3392 τί-

2060 3431 2195 3500 θημι
2223 3427 2448 3499 γνώμῃ,
2500 3426 2559 3479 σέ
2589 3424 2777 3495 κύριον
2822 3424 2960 3477 ποιῶ
2997 3424 3097 3493 τῆς
3147 3426 3521 3496 προαιρέσεως
3566 3429 3609 3493 ί,
3642 3429 3741 3482 οὐκ

2060 3520 2139 3581 εἰς
2166 3518 2411 3585 ἀνάγκην
2444 3514 2582 3582 ἄγω.
2614 3513 2711 3567 Διά
2742 3512 2901 3567 τοῦτο
2932 3514 3025 3567 καὶ
3059 3513 3267 3578 Παῦλος
3294 3515 3446 3568 οὐδὲν
3479 3518 3607 3588 περὶ
3644 3533 3742 3570 πε-

2058 3607 2178 3669 νίας
2216 3608 2327 3668 τοῖς
2375 3601 2663 3655 πλουτοῦσι
2697 3602 2988 3670 διελέγετο,
3045 3601 3183 3654 6116
3226 3602 3353 3673 περὶ
3380 3620 3741 3676 ταπεινοφρο-

2061 3694 2248 3765 σύνης,
2280 3692 2369 3746 διά
2391 3709 2451 3745 τε
2476 3692 2574 3761 τὴν
2605 3688 2890 3744 ἀσθένειαν
2917 3689 3024 3742 τῶν
3055 3690 3380 3755 ἀκουόντων,
3409 3694 3505 3745 καὶ
3530 3692 3589 3744 τὸ
3614 3693 3744 3760 σφό-

2059 3782 2160 3853 δρα
2186 3780 2402 3843 εἰδέναι,
2436 3780 2516 3832 ὅτι
2550 3778 2612 3831 τὸ
2645 3777 2957 3848 μετριάζειν
2982 3778 3075 3830 καὶ
3107 3778 3365 3841 ἀπονοίας
3391 3779 3739 3850 ἀπηλλάχθαι

2061 3871 2277 3941 ποιήσει
2309 3867 2517 3939 ταχέως
2541 3867 2739 3930 αὐτοὺς
2764 3866 2858 3918 καὶ
2891 3866 2989 3936 τῆς
3015 3865 3145 3936 περὶ
3170 3864 3264 3918 τοῦ
3296 3866 3545 3919 πλουτεῖν
3570 3869 3745 3921 ἀπαλ-

2061 3958 2291 4027 λαγῆναι
2342 3956 2599 4025 σπουδῆς.
2637 3951 2770 4008 Εἶτα
2822 3954 3160 4025 παραινέσας
3206 3954 3281 4024 μὴ
3330 3954 3741 4027 ὑψηλοφρονεῖν,

2016 4084 2023 4089 -
2061 4043 2308 4111 ἐδίδαξεὶ
2352 4044 2445 4097 κα¹ι
2478 4043 2569 4096 τὸν
2598 4042 2820 4112 τρόπον,
2850 4040 2971 4093 καθ’
3020 4040 3078 4093 ὃν
3126 4040 3447 4111 δυνήσονται
3486 4044 3560 4112 μὴ
3606 4043 3742 4113 ὑιξη-

2059 4134 2357 4204 λοφρονεῖν.
2399 4131 2496 4193 Τίς
2526 4130 2583 4183 δέ
2620 4123 2773 4192 οῦτός
2816 4130 3001 4194 ἐστιν;
3038 4129 3100 4180 Εἰ
3130 4127 3224 4181 τοῦ
3260 4129 3488 4181 πλούτου
3522 4128 3618 4200 τὴν
3646 4132 3745 4199 φύ-

2063 4238 2145 4274 σιν
2176 4218 2563 4289 καταμάθοιεν,
2600 4218 2675 4281 ὼς
2706 4216 2898 4288 ἄδηλός
2942 4216 3024 4278 τίς
3066 4217 3181 4269 ἐστι
3219 4217 3311 4269 καὶ
3350 4217 3611 4281 ἄπιστος,
3658 4218 3744 4272 διὰ

2058 4307 2215 4361 τοῦτο
2256 4308 2522 4377 ἐπήγαγε·
2562 4304 2728 4373 Μηδέ
2768 4303 3085 4372 ἠλπικέναι
3129 4303 3227 4356 ἐπί
3278 4305 3546 4357 πλούτου
3582 4304 3743 4372 ἁδη-

2058 4397 2285 4463 λότητι.
2335 4394 2597 4457 Πλούσιός
2628 4394 2774 4446 ἐστιν
2799 4393 2897 4462 οὐχ
2926 4394 2953 4445 6
2984 4391 3153 4449 πολλά
3182 4392 3539 4462 κεκτημένος,
3575 4393 3688 4445 ἀλλ’
3715 4398 3743 4448 6

2060 4485 2231 4537 πολλὰ
2258 4483 2461 4547 διδούς·
2507 4482 2757 4544 πλούσιος
2806 4476 2873 4552 ἦν
2911 4482 2939 4533 6
2983 4482 3254 4552 Ἀϐραὰμ,
3291 4480 3403 4533 ἀλλ’
3444 4482 3504 4533 οὐ
3552 4483 3742 4555 φιλάρ-

2058 4590 2224 4645 γυρος
2250 4589 2264 4603 ·
2292 4574 2352 4624 οὐ
2399 4571 2506 4643 γὰρ
2538 4570 2891 4643 περιεσκόπει
2924 4570 3021 4639 τὴν
3065 4569 3155 4621 τοῦ
3198 4569 3366 4633 δεῖνος
3395 4570 3590 4637 οἰκίαν,
3623 4573 3741 4625 ούδέ

2059 4660 2473 4731 περιειργάζετο
2508 4660 2607 4730 τὴν
2637 4659 2732 4711 τοῦ
2780 4659 2949 4721 δεῖνος
2979 4658 3165 4710 οὐσίαν
3186 4673 3197 4686 ·
3232 4657 3346 4711 ἀλλ’
3396 4658 3554 4722 ἐξιὼν
3592 4677 3745 4731 περι-

2058 4742 2281 4795 εσκόπει
2318 4743 2391 4813 μή
2439 4759 2539 4794 που
2576 4741 2756 4808 ξένος,
2785 4743 2857 4811 μή
2895 4759 2994 4793 που
3025 4742 3193 4811 πένης
3217 4783 3231 4806 ,
3261 4740 3400 4795 ὥστε
3453 4742 3743 4814 διορθῶσαι

2057 4826 2157 4895 τὴν
2201 4824 2428 4887 πενίαν,
2479 4825 2619 4877 ὥστε
2665 4824 3025 4887 ὑποδέξασθαι
3071 4825 3163 4877 τὸν
3212 4825 3410 4895 όδίτην.
3452 4826 3526 4878 Οὐ
3558 4827 3743 4897 χρυσῷ

2059 4907 2149 4959 τὸν
2210 4908 2406 4978 ὄροφον
2436 4906 2676 4977 ήλειφεν,
2712 4905 2847 4958 ἀλλὰ
2889 4906 3038 4977 παρά
3075 4908 3174 4978 τὴν
3226 4907 3355 4977 δρῦν
3394 4908 3610 4978 ἐκείνην
3644 4909 3743 4979 τὴν

2060 4990 2303 5061 καλύϐην
2334 4990 2668 5061 πηξάμενος,
2695 4993 2759 5061 τῇ
2794 4991 2901 5044 τῶν
2936 4991 3150 5059 φύλλων
3181 4993 3404 5061 ἠρκεῖτο
3441 4993 3569 5062 σκιᾷ
3592 5010 3607 5022 ·
3649 4994 3744 5046 καὶ⁵

2058 5071 2202 5125 οὕτω
2231 5071 2485 5142 λαμπρὸν
2512 5066 2580 5142 ἦν
2616 5071 2765 5141 αὐτῷ
2798 5072 2859 5125 τὸ
2897 5072 3269 5140 καταγώγιον,
3300 5073 3376 5135 ὠς
3408 5072 3544 5143 μηδέ
3577 5074 3743 5143 ἀγγέ-

2057 5154 2185 5218 λους
2236 5156 2663 5226 ἐπαισχυνθῆναι
2710 5156 2810 5226 τὴν
2856 5159 2986 5227 παρ’
3030 5156 3224 5227 ἐκείνῳ
3271 5157 3438 5226 μονήν
3466 5172 3479 5185 ·
3534 5156 3593 5209 οὐ
3634 5157 3742 5227 γὰρ

2058 5237 2421 5309 λαμπρότητα
2479 5238 2657 5300 οἰκίας
2717 5237 3043 5308 ἐπεζήτουν,
3094 5237 3228 5291 6116
3290 5236 3467 5307 ψυχῆς
3514 5237 3736 5308 ἀρετήν.

2060 5320 2263 5374 Τοῦτον
2303 5321 2367 5392 δὴ
2417 5321 2511 5374 καὶ
2561 5323 2721 5391 ἡμεῖς
2762 5318 3150 5390 μιμησώμεθα,
3198 5318 3495 5388 ἀγαπητοὶ,
3529 5318 3626 5370 καὶ
3675 5322 3739 5371 τὰ

2057 5403 2187 5457 ὄντα
2211 5406 2291 5467 εἰς
2312 5406 2437 5467 τοὺς
2459 5403 2747 5474 δεομένους
2769 5402 3167 5472 ἀναλίσκωμεν.
3205 5401 3647 5472 Ἐσχεδιασμένον
3671 5396 3739 5471 ἦν

2058 5488 2235 5541 ἐκεῖνο
2271 5488 2332 5541 τὸ
2364 5486 2729 5557 καταγώγιον,
2760 5486 2895 5539 ἀλλά
2932 5485 3040 5540 τῶν
3069 5485 3365 5556 βασιλικῶν
3399 5485 3575 5541 αὐλῶν
3598 5484 3739 5556 λαμ-

2059 5572 2321 5642 πρότερον
2355 5565 2443 5640 ἦν.

1998 5674 2063 5739 ε
2130 5652 2392 5717 Βασιλεὺς
2407 5652 2582 5716 οὐδεὶς
2605 5653 2858 5707 οὐδέποτε
2882 5653 3149 5722 ἀγγέλους
3170 5651 3480 5719 ὑπεδέξατο,
3501 5655 3529 5707 6
3553 5653 3611 5708 δὲ
3637 5655 3744 5709 ὑπὸ

2124 5795 2149 5871 ξ
2179 5794 2417 5871 ξείνη-ἐι.
2430 5795 2517 5871 alii
2541 5794 2705 5871 ούκέιν
2726 5794 2921 5871 εῦπορος
2954 5796 3026 5871 diu
3050 5796 3183 5844 ποτέ.

2125 5855 2154 5919 ᾗ
2174 5855 2273 5919 Am
2291 5858 2386 5903 τῶν
2406 5857 2553 5905 ἰδίων.
2582 5854 2707 5905 Infra
2728 5854 2810 5919 alii
2836 5854 3040 5919 ὗποστῇ.

2132 5917 2148 5983 i_
2179 5917 2261 5983 Sjc
2279 5919 2488 5983 maxima
2505 5932 2617 5983 pars
2636 5931 2751 5965 mss.
2767 5917 2917 5983 Sa_\_'il.
2935 5917 3100 5983 splen!
3124 5917 3372 5983 90101-0].
3386 5925 3469 5976 τῆς
3492 5920 3740 5983 αἱρέσεως.

2135 5977 2152 6030 ἰ
2193 5978 2376 6029 Omnes
2401 5977 2595 6040 ἐδίδαξε,
2620 5986 2799 6043 praeter
2824 5980 2991 6028 Mure].
3021 5980 3103 6044 qui
3126 5980 3274 6031 habet
3300 5982 3462 6037 ἔδειξε.
