4072 6384
307 398 368 454 M
1049 391 1108 446 S.
1152 390 1438 446 JOANNES
1475 389 1968 446 (IHRYSOSTOMI
2010 387 2328 443 ARCIIIEP.
2375 383 2926 442 CONSTANTINOP.
3685 373 3758 429 ἐξ

306 512 406 581 τὴν
443 508 573 582 δρῦν
613 508 922 579 καθήμενος
969 507 1184 577 ἐκείνην
1229 509 1324 560 καὶ
1376 505 1618 576 καλύϐην
1668 505 1977 576 πηξάμενος

307 596 514 668 ἠξιώθη
545 596 644 668 τῆς
697 597 863 665 τιμῆς
913 593 1149 663 ταύτης,
1181 593 1241 646 οὐ
1289 593 1377 646 διά
1415 594 1515 663 τὴν
1564 593 1842 646 εὐτέλειαν
1881 593 1981 661 τῆς

309 685 485 750 οἰκίας
525 683 810 756 τιμηθεὶς,
851 682 986 737 ἀλλά
1023 681 1110 734 διὰ
1147 681 1246 751 τὴν
1296 681 1645 733 πολυτέλειαν
1676 682 1774 750 τῆς
1802 680 1977 751 ψυχῆς

309 774 405 828 καὶ
438 774 528 827 τὸν
558 772 976 842 ἐναποκείμενον
1015 769 1242 823 πλοῦτον
1269 770 1404 840 αὐτῇ
1440 769 1642 838 ταύτης
1667 768 1979 830 ἀπολαύσας

309 862 409 933 τῆς
436 861 665 932 δωρεᾶς.
695 859 804 912 Καὶ
851 859 1011 927 ἡμεῖς
1041 857 1217 910 τοίνυν
1258 858 1332 929 μὴ
1362 856 1459 920 τὰς
1487 857 1662 919 οἰκίας
1706 855 1978 909 καλλωπί-

310 948 512 1020 ζωμεν,
564 947 698 1002 ἀλλά
742 946 845 1017 πρὸ
874 946 972 1015 τῆς
999 946 1172 1008 οἰκίας
1206 944 1301 1015 τὴν
1336 945 1510 1016 ψυχὴν
1543 944 1640 1015 τὴν
1684 943 1975 1014 ἡμετέραν.

311 1037 435 1100 Πῶς
463 1036 572 1108 γάρ
599 1036 697 1088 οὐκ
743 1034 962 1105 αἰσχρὸν
995 1033 1305 1104 μαρμάροις
1337 1033 1432 1102 μὲν
1476 1033 1821 1103 περιϐάλλειν
1853 1032 1978 1094 τούς

309 1126 522 1196 τοίχους
543 1125 663 1194 εἰκῆ
701 1124 793 1176 καὶ
825 1124 1022 1193 μάτην,
1049 1122 1140 1174 τὸν
1169 1122 1225 1174 δὲ
1261 1121 1494 1192 Χριστὸν
1520 1121 1724 1191 γυμνὸν
1756 1137 1980 1192 περιερ-

310 1209 537 1279 χόμενον
568 1211 857 1280 περιορᾷν;
895 1210 960 1262 Τί
991 1225 1072 1261 σοι
1095 1209 1192 1277 τῆς
1226 1210 1399 1271 οἰκίας
1437 1209 1656 1275 ϐφελος,
1690 1207 1973 1274 άνθρωπε;

312 1290 386 1361 μὴ
410 1290 518 1360 γὰρ
546 1288 726 1342 λαϐὼν
752 1290 921 1358 αὐτὴν
943 1287 1218 1358 άπελεύσῃ
1248 1307 1262 1350 ;
1307 1285 1423 1359 [‘28]
1457 1289 1532 1340 Οὐ
1560 1287 1764 1357 ταύτην
1801 1286 1986 1341 λαϐὼν

307 1378 582 1449 ἀπελεύσῃ
605 1390 654 1440 ⁸,
679 1377 778 1446 τὴν
801 1377 859 1430 δέ
881 1377 1056 1447 ψυχὴν
1080 1376 1352 1448 ἀπελεύσῃ
1384 1377 1596 1439 πάντως
1611 1375 1806 1430 λαϐών.
1845 1377 1979 1430 Ἰδοὺ

309 1461 550 1524 τοιοῦτος
595 1459 835 1522 κίνδυνος
887 1460 1153 1512 κατέλαϐε
1197 1458 1312 1511 νῦν·
1363 1461 1797 1529 παραστήτωσαν
1851 1459 1982 1529 ἡμῖν

310 1549 366 1602 αἰ
401 1547 601 1610 οἰκίαι,
641 1546 958 1599 λυσάτωσαν
1003 1547 1138 1616 ἡμῖν
1171 1545 1259 1596 τὸν
1293 1544 1670 1615 ἐπηρτημένον
1717 1544 1978 1597 κίνδυνον·

311 1636 422 1689 ἀλλ’
451 1637 513 1689 οὑ
540 1635 880 1706 δυνήσονται.
916 1636 1024 1687 Καὶ
1056 1635 1331 1704 μάρτυρες
1360 1633 1517 1703 ὑμεῖς
1554 1633 1603 1685 οί
1634 1632 1981 1702 καταλιμπά-

310 1739 493 1784 νοντες
533 1723 700 1782 αὑτάς
743 1724 978 1793 ἐρήμους
1005 1761 1016 1781 ,
1050 1721 1142 1773 καὶ
1180 1721 1316 1790 πρὸς
1363 1720 1462 1792 τὴν
1507 1720 1742 1792 ἐρημίαν
1779 1721 1984 1790 ἀποτη-

306 1808 524 1875 δῶντες,
548 1810 798 1881 καθάπερ
839 1813 1072 1880 παγίδας
1124 1814 1219 1866 καὶ
1248 1814 1439 1867 δίκτυα
1476 1814 1789 1878 δεδοικότες.
1843 1815 1977 1885 Βοη-

306 1896 468 1949 θείτω
499 1897 569 1952 τά
597 1899 858 1968 χρήματα
880 1898 974 1952 νῦν
993 1915 1006 1929 ·
1032 1900 1148 1953 ἀλλ’
1171 1901 1271 1953 οὐκ
1295 1902 1405 1970 ἕχει
1436 1902 1644 1971 καιρόν.
1679 1903 1740 1953 Εἰ
1766 1903 1820 1954 δέ
1849 1901 1976 1954 ἑνθα

305 1981 593 2053 ἀνθρώπου
625 1985 799 2056 ὀργὴ,
837 1987 1135 2056 χρημάτων
1179 1987 1459 2058 ἐλέγχεται
1510 1987 1756 2059 δύναμις,
1800 1988 1976 2059 πολλῷ

309 2069 509 2138 μᾶλλον
542 2071 632 2122 ἐπὶ
663 2069 755 2123 τοῦ
787 2073 932 2124 θείου
964 2074 1057 2125 καὶ
1100 2073 1398 2126 ἀδεκάστου
1437 2074 1786 2146 δικαστηρίου
1820 2075 1977 2128 τοῦτο

303 2157 608 2226 γενήσεται.
629 2158 688 2210 Εἰ
713 2158 997 2229 ἄνθρωπός
1021 2162 1167 2212 ἐστιν
1190 2162 1217 2212 6
1246 2159 1676 2232 παροξυνόμενος
1702 2163 1796 2214 καὶ
1811 2164 1970 2231 ἀγαν⁹

303 2242 485 2295 ακτῶν
508 2283 523 2308 ,
560 2245 654 2297 καὶ
720 2245 870 2298 οὐδὲν
902 2247 1052 2316 ἡμᾶς
1086 2247 1147 2300 τὸ
1173 2249 1399 2318 χρυσίον
1435 2248 1633 2316 ώφελεῖ
1650 2248 1764 2314 νῦν,
1797 2249 1975 2320 πολλῷ

307 2329 509 2399 μᾶλλον
537 2331 891 2402 ὀργιζομένου
935 2333 1027 2386 τοῦ
1060 2335 1196 2387 Θεοῦ
1225 2335 1317 2388 τοῦ
1357 2335 1431 2407 μὴ
1472 2336 1727 2407 δεομένου
1757 2339 1974 2408 χρημά-

302 2433 441 2478 των,
473 2417 762 2488 ἀσθενήσει
793 2420 1010 2484 πάντως
1043 2421 1139 2474 τοῦ
1174 2425 1401 2494 χρυσίου
1431 2427 1463 2496 ἡ
1495 2424 1744 2495 δύναμις.
1783 2425 1976 2489 Οἰκίας

301 2504 752 2575 οίκοδομούμεθα,
798 2507 883 2560 ἵνα
911 2509 1169 2579 οἰκῶμεν,
1197 2511 1292 2580 οὐχ
1319 2511 1404 2564 ἵνα
1437 2511 1865 2582 φιλοτιμώμεθα.
1904 2514 1976 2565 Τὸ

303 2591 486 2659 μεῖζον
514 2592 614 2661 τῆς
645 2593 852 2664 χρείας,
884 2595 1138 2665 περιττὸν
1168 2598 1266 2662 τῆς
1297 2598 1487 2667 χρείας
1515 2599 1632 2650 ἐστὶ
1669 2598 1763 2650 καὶ
1803 2599 1975 2670 ἀχρη-

303 2695 447 2732 στον.
496 2680 790 2750 ’Υπόδησαι
840 2683 1092 2754 ὑπόδημα
1130 2683 1225 2737 τοῦ
1271 2686 1428 2748 ποδὸς
1473 2683 1691 2755 μεῖζον·
1728 2686 1843 2738 ἀλλ’
1875 2689 1975 2739 οὐκ

301 2765 465 2837 ἀνέξῃ
490 2782 503 2796 ·
547 2767 826 2838 ἐμποδίζει
852 2771 962 2841 γάρ
1000 2787 1082 2824 σοι
1114 2772 1251 2842 πρὸς
1292 2773 1390 2842 τὴν
1423 2771 1664 2841 βάδισιν·
1704 2773 1846 2826 οὑτω
1883 2776 1975 2828 καὶ

299 2855 448 2908 οἰκία
497 2857 697 2925 μείζων
743 2858 841 2928 τῆς
867 2859 1055 2927 χρείας
1087 2860 1368 2928 ἐμποδίζει
1408 2860 1546 2932 πρὸς
1573 2859 1672 2931 τὴν
1705 2864 1785 2924 εἰς
1812 2861 1976 2932 οὐρα-

301 2941 425 3004 νοὺς
461 2943 790 3014 ἀποδημίαν.
835 2945 1022 2998 Βούλει
1070 2946 1330 3017 λαμπράς
1362 2947 1456 3000 καὶ
1495 2947 1739 3017 μεγάλας
1772 2950 1975 3002 οἰκοδο-

301 3032 423 3100 μεῖν
453 3032 630 3096 οἰκίας
656 3051 669 3097 ;
699 3034 760 3086 οὐ
789 3034 1002 3098 κωλύω,
1041 3035 1176 3087 ἀλλά
1213 3035 1288 3106 μὴ
1319 3035 1413 3089 ἐπὶ
1440 3035 1545 3105 γῆς
1569 3053 1583 3066 ·
1618 3036 1975 3109 οἰκοδόμησον

301 3118 507 3189 σκηνάς
554 3121 612 3172 ἐν
641 3121 923 3192 οὐρανοῖς,
955 3123 1043 3174 ἵνα
1099 3123 1194 3175 καὶ
1238 3123 1461 3194 ἑτέρους
1491 3123 1851 3188 ὐποδέξασθαι
1880 3125 1975 3178 δυ-

298 3203 488 3276 νηθῇς,
540 3207 743 3278 σκηνὰς
798 3208 1053 3261 οὐδέποτε
1111 3209 1545 3280 καταλυομένας.
1604 3211 1670 3262 Τί
1725 3211 1976 3282 μέμηνας

300 3293 428 3364 περὶ
449 3292 519 3346 τά
549 3294 840 3363 φεύγοντα,
875 3296 970 3349 καὶ
995 3297 1062 3350 τά
1097 3297 1283 3351 ἐνθάδε
1323 3298 1584 3368 μένοντας
1629 3299 1796 3351 Οὐδὲν
1839 3316 1976 3370 σφα-

298 3380 599 3454 λερώτερον
632 3384 884 3449 πλούτου,
917 3389 1157 3457 σήμερον
1187 3388 1326 3458 μετὰ
1355 3388 1471 3454 σοῦ,
1497 3391 1592 3442 καὶ
1621 3389 1807 3462 αὔριον
1836 3392 1976 3445 κατά

299 3467 393 3522 σοῦ
417 3510 430 3530 ,
457 3473 583 3534 τοὺς
609 3471 718 3524 τῶν
763 3471 1051 3542 βασκάνων
1078 3475 1390 3546 ὀφθαλμοὺς
1419 3477 1629 3542 ὁπλίζει
1673 3479 1939 3532 πάντοθεν
1958 3497 1971 3512 ο

297 3557 557 3628 πολέμιός
608 3561 756 3612 ἐστιν
794 3561 1122 3631 ὁμόσκηνος,
1153 3564 1346 3633 ἐχθρὸς
1394 3564 1676 3630 σύνοικος·
1712 3568 1806 3620 καὶ
1832 3568 1974 3640 μάρ-

296 3661 459 3715 τυρες
487 3647 646 3716 ὑμεῖς
674 3649 722 3700 οἰ
755 3649 1104 3719 κεκτημένοι,
1125 3651 1174 3702 οί
1208 3653 1376 3704 παντὶ
1397 3653 1585 3725 τρόπῳ
1615 3655 1976 3726 κατορύττονο

296 3750 388 3796 τες
421 3733 583 3788 αὐτὸν
623 3737 718 3788 καὶ
746 3737 1196 3808 ἀποκρύπτοντες
1221 3755 1234 3770 ⁸
1266 3740 1390 3792 ἐπεὶ
1431 3742 1526 3794 καὶ
1561 3741 1656 3795 νῦν
1679 3743 1769 3796 τὸν
1795 3744 1976 3796 κίνδυ-

297 3837 388 3875 νον
413 3822 814 3894 ἀφορητότερον
859 3826 989 3894 ἡμῖν
1008 3826 1036 3878 6
1059 3825 1287 3890 πλοῦτος
1307 3829 1470 3880 ποιεῖ.
1511 3827 1674 3900 Ὁρᾷς
1696 3830 1826 3898 γοῦν
1850 3832 1976 3895 τοῦς

299 3909 402 3979 μὲν
437 3910 676 3979 πένητας
728 3909 998 3974 εὐζώνους
1037 3913 1132 3966 καὶ
1181 3913 1640 3986 ἀπολελυμένους,
1691 3918 1785 3971 καὶ
1840 3919 1976 3989 πρὸς

297 3999 515 4051 ἅπαντα
559 4001 1145 4071 παρεσκευασμένους·
1177 4003 1302 4066 τοὺς
1331 4003 1388 4056 δὲ
1434 4004 1723 4069 πλουσίους
1775 4006 1975 4078 πολλὴν

294 4085 521 4156 ἔχοντας
543 4086 831 4142 δυσκολίαν
853 4129 868 4154 ,
913 4090 1006 4142 καὶ
1033 4091 1345 4162 περιιόντας
1369 4131 1384 4156 ,
1418 4095 1510 4146 καὶ
1547 4091 1846 4163 ζητοῦντας
1872 4097 1973 4148 ποῦ

293 4175 356 4227 τὸ
381 4176 602 4246 χρυσίον
635 4174 998 4247 κατορύξωσι,
1029 4177 1328 4249 ζητοῦντας
1356 4179 1460 4233 τίνι
1487 4182 1806 4235 κατάθοιντο
1825 4183 1874 4235 ι).
1909 4183 1974 4235 Τί

295 4259 514 4334 ζητεῖς,
560 4262 832 4334 ἄνθρωπε,
863 4267 990 4329 τοὺς
1022 4267 1380 4337 ὁμοδούλους;
1413 4269 1644 4340 ἔστηκεν
1673 4271 1701 4322 6
1742 4269 1975 4340 Χριστὸς

293 4351 510 4420 ἕτοιμος
533 4352 919 4416 ὑποδέξασθαι,
953 4355 1049 4407 καὶ
1075 4355 1312 4426 τηρῆσαί
1341 4373 1423 4408 σοι
1451 4356 1548 4419 τάς
1584 4357 1973 4428 παρακαταθήο

294 4455 400 4501 κας
423 4478 438 4503 ,
467 4439 588 4507 οὐχὶ
619 4442 856 4511 τηρῆσαι
894 4440 950 4494 δὲ
990 4444 1173 4512 μόνον,
1215 4442 1355 4494 ἀλλά
1400 4443 1495 4496 καὶ
1529 4443 1841 4505 πλεονάσαι,
1879 4445 1972 4496 καὶ

293 4526 437 4596 μετὰ
467 4525 670 4594 πολλῆς
702 4526 1106 4598 άποδοῦναιτῆς
1137 4529 1455 4600 προσθήκης
1480 4547 1493 4560 ο
1536 4531 1601 4582 ἑκ
1629 4530 1726 4600 τῆς
1764 4531 1970 4584 ἐκείνου

291 4615 476 4686 χειρὸς
507 4614 682 4678 οὐδεὶς
709 4615 964 4686 ἁρπάζει.
997 4617 1071 4669 Οὐ
1088 4620 1248 4688 τηρεῖ
1265 4619 1321 4670 δὲ
1353 4619 1510 4688 μόνον
1528 4618 1628 4681 τὰς
1659 4637 1975 4690 παρακατα-

295 4702 490 4772 θήκας,
528 4701 668 4756 ἀλλά
699 4703 792 4755 καὶ
826 4704 964 4774 ὑπὲρ
997 4704 1163 4757 αὐτοῦ
1191 4705 1382 4760 τούτου
1415 4705 1531 4758 λύει
1563 4723 1643 4759 σοι
1694 4709 1820 4770 τοὺς
1851 4727 1970 4761 κιν-

288 4790 505 4854 δύνους.
556 4790 680 4845 Ἐπὶ
709 4791 808 4861 μὲν
838 4791 948 4863 γάρ
991 4791 1099 4846 τῶν
1143 4791 1447 4864 ἀνθρώπων
1489 4795 1538 4846 οἰ
1567 4793 1849 4864 δεξάμενοι
1875 4798 1972 4860 τάς

294 4877 768 4948 παρακαταθήκας
793 4879 952 4949 χάριν
980 4879 1109 4949 ήμῖν
1131 4879 1421 4934 δεδωκέναι
1447 4881 1746 4950 νομίζουσι,
1775 4883 1970 4949 φυλάτ-

292 4984 478 5030 τοντες
516 4966 660 5037 άπερ
703 4965 929 5020 ἑλαϐον·
981 4969 1074 5021 ἐπὶ
1106 4969 1161 5022 δὲ
1203 4970 1297 5022 τοῦ
1340 4969 1579 5040 Χριστοῦ
1628 4971 1968 5026 τούναντίον·

287 5055 356 5108 οὐ
388 5055 499 5125 γὰρ
547 5054 839 5108 δεδωκέναι
893 5056 1094 5131 χάριν,
1141 5056 1256 5110 ἀλλ’
1311 5057 1590 5128 εἰληφέναι
1628 5059 1808 5129 χάριν,
1844 5061 1971 5113 ὅταν

284 5141 516 5213 δέξηταί
543 5159 636 5195 σου
671 5143 769 5206 τὰς
816 5144 1310 5216 παρακαταθήκας,
1351 5147 1534 5212 φησιν,
1577 5146 1670 5197 καὶ
1704 5147 1843 5218 ὑπὲρ
1873 5149 1971 5217 τῆς

293 5229 542 5302 φυλακῆς
575 5231 770 5302 αὐτῆς,
804 5230 870 5301 ἢν
906 5233 1035 5302 περὶ
1072 5231 1140 5284 τά
1187 5233 1447 5302 χρήματα
1492 5232 1858 5288 ἐπιδείκνυται
1905 5235 1968 5290 τά

295 5317 390 5383 σά,
422 5319 524 5374 οὐκ
549 5319 771 5372 ἀπαιτεῖ
809 5336 868 5371 σε
897 5318 1108 5390 μισθὸν,
1138 5317 1281 5371 άλλά
1300 5317 1482 5372 δίδωσί
1515 5335 1595 5370 σοι
1617 5319 1829 5388 μισθόν.

368 5413 440 5470 ς’.
470 5408 535 5459 Ἀ
547 5423 614 5477 ρα
643 5405 788 5470 τίνος
809 5407 875 5460 ἂν
891 5409 1084 5477 εἴημεν
1095 5406 1390 5474 ἀπολογίας
1407 5406 1566 5471 ἄξιοι,
1594 5407 1811 5470 τίνοςδέ
1841 5427 1972 5477 συγ⁴

295 5493 518 5565 γνώμης
543 5535 558 5557 9
597 5494 732 5547 ὃταν
786 5495 1224 5568 παρατρέχοντες
1259 5494 1350 5546 τὸν
1399 5495 1492 5547 καὶ
1537 5495 1769 5564 φυλάξαι
1805 5498 1968 5550 δυνά--

295 5593 481 5646 μενον,
515 5577 610 5629 καὶ
637 5579 797 5648 χάριν
825 5579 963 5649 ὑπὲρ
994 5578 1094 5647 τῆς
1126 5577 1374 5646 φυλακῆς
1404 5577 1600 5643 εἰδότα,
1628 5580 1721 5631 καὶ
1745 5581 1970 5650 μισθοὺς

293 5661 640 5732 ἀπορρήτους
663 5662 755 5714 καὶ
784 5661 1054 5731 μεγάλους
1093 5659 1409 5715 ἀποδιδόντα
1439 5661 1560 5712 ἀντί
1593 5663 1689 5731 τῆς
1723 5663 1969 5733 φυλακῆς

292 5743 499 5812 ταύτης
544 5745 655 5806 τοῖς
692 5745 832 5798 κατά
860 5744 959 5816 τὴν
1010 5744 1258 5813 φυλακὴν
1291 5743 1493 5814 ταύτην
1527 5744 1841 5800 ἀσθενοῦσιν
1879 5746 1971 5797 ἀν-

356 5880 480 5949 ελγοὺ
503 5881 676 5949 ταύτην
698 5882 904 5949 λάπελ.
933 5881 1068 5941 Ηωο,
1091 5884 1139 5930 in
1162 5881 1344 5949 SaviAljo
1364 5896 1622 5949 pxpresga,
1647 5889 1701 5934 ut
1720 5899 1830 5949 quae
1853 5899 1968 5936 sen-

299 5947 656 6006 ιρῃιι-πινρτιτιρε
677 5945 864 6006 optime.
885 5950 1196 6005 conuectant,
1223 5943 1505 6006 adjocimixs.
1544 5946 1678 5996 Ευιτ.

358 6002 384 6041 ι-
409 6001 507 6051 Am
539 6001 942 6064 παρακατάθοιντο

2087 502 2347 574 θρώποις,
2395 504 2488 556 καὶ
2535 503 2692 571 χάριν
2737 502 2868 570 ἡμῖν
2901 497 3102 550 διδόναι
3147 495 3449 565 νομίζουσι,
3484 491 3577 544 καὶ
3619 489 3754 561 μόνα

2086 592 2226 644 αὐτά
2255 591 2322 644 τά
2347 591 2599 660 διδόμενα
2628 586 2965 642 ἀποδιδοῦσιν
3001 584 3125 637 ὑστε
3136 601 3244 654 ρον,
3273 583 3501 645 ἐκείνοις
3529 581 3596 634 τὰ
3620 579 3756 651 ἠμέν·

2078 694 2212 748 τερα
2260 677 2685 746 ἐγχειρίζωμεν;
2747 677 2909 737 Ξένος
2962 671 3014 728 εἷ
3066 676 3160 728 καὶ
3212 674 3591 744 παρεπίδημος
3643 676 3752 726 τῶν

2080 760 2310 815 ἐνταῦθα
2329 777 2342 825 ;
2369 759 2601 830 πατρίδα
2622 759 2767 828 ἑχεις
2787 761 2846 810 ἐν
2873 759 2932 810 οὐ
2942 761 3140 829 ρανοῖς,
3167 758 3344 811 πάντα
3365 757 3482 809 ἐκεῖ
3499 755 3750 826 μετάθες.

2080 847 2196 922 [29]
2239 849 2325 901 ἵνα
2353 847 2450 899 καὶ
2486 845 2593 918 πρὸ
2634 848 2734 916 τῆς
2765 845 3118 909 ἀπολαύσεως
3160 844 3389 900 ἐνταῦθα
3439 841 3756 916 ἀπολαύσῃς

2077 939 2178 1008 τῆς
2199 939 2455 1010 ἀμοιϐῆς.
2496 938 2554 990 ’0
2579 936 2687 1007 γάρ
2713 939 2978 1008 χρησταῖς
2999 936 3428 1006 συντρεφόμενος
3455 934 3639 988 ἐλπίσι
3661 933 3753 987 καὶ

2079 1028 2206 1098 περὶ
2253 1027 2361 1079 τῶν
2399 1025 2705 1096 μελλόντων
2739 1023 2993 1096 θαρρῶν,
3033 1022 3282 1076 ἐντεῦθεν
3319 1023 3420 1093 ’ήδη
3451 1022 3552 1091 τῆς
3595 1021 3754 1091 βασι-

2077 1113 2224 1177 λείας
2268 1113 2559 1181 ἐγεύσατο.
2594 1112 2759 1164 Οὐδὲν
2787 1112 2895 1181 γὰρ
2925 1110 3068 1163 οὑτω
3092 1109 3268 1181 ψυχὴν
3295 1110 3484 1162 εἴωθεν
3517 1109 3754 1170 ἀνακτᾶ-

2079 1202 2203 1256 σθαι
2238 1202 2331 1255 καὶ
2371 1202 2577 1272 ἀμείνω
2609 1202 2782 1253 ποιεῖν
2803 1241 2817 1265 ,
2866 1199 2942 1264 ὡς
2975 1202 3008 1270 ή
3059 1199 3271 1270 χρηστὴ
3309 1198 3418 1252 τῶν
3451 1197 3755 1270 μελλόντων

2077 1290 2249 1354 ἐλπὶς,
2275 1290 2368 1343 ἐὰν
2395 1292 2512 1342 ἐκεῖ
2536 1288 2777 1359 μεταθῇς
2797 1287 2890 1340 τὸν
2921 1286 3170 1353 πλοῦτον,
3197 1288 3289 1340 καὶ
3313 1287 3412 1358 τῆς
3435 1286 3614 1357 ψυχῆς
3637 1286 3757 1338 ἐπι-

2080 1376 2292 1450 μελήσῃ
2319 1379 2421 1447 τῆς
2453 1377 2683 1429 σεαυτοῦ
2724 1373 2860 1446 μετὰ
2893 1374 3088 1445 σχολῆς
3123 1375 3221 1444 τῆς
3255 1374 3656 1447 προσηκούσης.
3690 1375 3753 1428 Οἱ

2081 1463 2178 1532 μὲν
2207 1463 2315 1533 γάρ
2353 1464 2571 1518 ἃπασαν
2599 1463 2698 1533 τὴν
2732 1462 2966 1532 σπουδὴν
3010 1463 3089 1524 εἰς
3127 1461 3217 1514 τὸν
3246 1461 3632 1531 καλλωπισμὸν
3663 1477 3756 1513 κε-

2078 1551 2292 1614 νοῦντες
2345 1550 2446 1620 τῆς
2480 1550 2688 1604 ἑαυτῶν
2744 1551 2952 1617 οἰκίας,
2987 1555 3044 1603 ἐν
3073 1553 3184 1614 τοῖς
3223 1550 3326 1615 ἔξω
3376 1549 3755 1616 πλουτοῦντες,

2077 1638 2342 1708 ἀμελοῦσι
2368 1639 2476 1692 τῶν
2498 1638 2666 1701 ἔνδον,
2691 1638 2895 1710 ἔρημον
2924 1639 3016 1692 καὶ
3044 1638 3341 1708 αὐχμῶσαν
3364 1639 3458 1691 καὶ
3481 1639 3759 1709 ἀραχνίων

2087 1725 2364 1795 γέμουσαν
2394 1725 2759 1798 περιορῶντες
2791 1737 2812 1764 ε
2847 1725 2944 1795 τὴν
2982 1726 3188 1778 ἑαυτῶν
3225 1726 3402 1795 ψυχήν
3422 1742 3436 1756 ·
3465 1725 3531 1779 ἂν
3557 1725 3615 1778 δὲ
3648 1724 3759 1778 τῶν

2078 1813 2274 1878 ἔξωθεν
2312 1815 2707 1884 ἀμελήσαντες,
2734 1817 2812 1877 εἰς
2845 1815 2945 1884 τὴν
2976 1813 3182 1868 ἑαυτῶν
3213 1813 3452 1867 διάνοιαν
3494 1814 3593 1882 τὴν
3621 1830 3757 1884 προσ

2078 1898 2278 1970 θυμίαν
2303 1900 2760 1955 καταναλώσωσιν
2791 1902 3030 1964 ἃπασαν,
3063 1903 3403 1972 πανταχόθεν
3427 1902 3598 1974 αὐτὴν
3621 1901 3757 1954 καλ-

2076 1988 2424 2052 λωπίζοντες,
2484 1989 2823 2059 καταγώγιον
2855 1989 3010 2043 ἔσται
3055 1989 3134 2061 τῷ
3165 1989 3388 2062 Χριστῷ
3437 1990 3548 2044 τῶν
3581 1989 3757 2044 τοιού-

2077 2093 2185 2129 των
2239 2072 2546 2148 ἀνθρώπων
2594 2080 2627 2148 ή
2662 2077 2805 2148 ψυχή
2833 2095 2847 2108 ·
2889 2078 2981 2131 τοῦ
3029 2078 3086 2131 δέ
3134 2079 3225 2133 τὸν
3270 2077 3506 2148 Χριστὸν
3543 2077 3758 2149 ἔχοντος

2077 2163 2312 2225 ἔνοικον,
2346 2164 2399 2216 τί
2450 2165 2645 2233 γένοιτ’
2679 2165 2744 2218 ἂν
2787 2165 3204 2236 μακαριώτερον
3261 2166 3520 2232 πώποτε;
3571 2165 3758 2219 Βούλει

2078 2251 2327 2305 πλουτεῖν
2356 2269 2368 2313 ;
2393 2251 2482 2322 ἔχε
2514 2252 2666 2320 φίλον
2699 2252 2788 2306 τὸν
2813 2252 2967 2311 Θεὸν,
2999 2254 3094 2307 καὶ
3129 2253 3347 2306 πάντων
3380 2253 3761 2324 εὐπορώτερος

2077 2336 2192 2410 ἑσῃ.
2235 2337 2422 2392 Βούλει
2471 2339 2755 2405 πλουτείν;
2793 2339 2867 2411 μὴ
2897 2340 3038 2410 μέγα
3067 2341 3254 2411 φρόνει
3282 2358 3293 2370 ·
3327 2341 3486 2394 τοῦτο
3519 2342 3581 2393 οὐ
3620 2339 3785 2411 πρὸς·

2077 2425 2146 2478 τά
2193 2427 2488 2496 μέλλοντα,
2526 2427 2661 2481 ἀλλά
2711 2429 2803 2482 καὶ
2842 2430 2978 2500 πρὸς
3029 2429 3099 2482 τά
3148 2429 3390 2502 παρόντα
3418 2429 3756 2500 ἐπιτήδειον·

2075 2513 2229 2566 οὐδὲν
2288 2515 2396 2584 γάρ
2453 2514 2625 2578 οὑτως
2660 2514 2982 2584 ἐπίφθονον,
3027 2516 3103 2578 ὼς
3149 2516 3436 2588 ἄνθρωπος
3480 2516 3760 2569 πλουτῶν·

2075 2600 2203 2652 ὅταν
2229 2599 2284 2653 δὲ
2312 2601 2405 2653 καὶ
2434 2602 2662 2654 ἀπόνοια
2697 2604 2872 2672 προσῇ
2892 2642 2906 2664 ,
2940 2602 3162 2666 διπλοῦς
3198 2605 3226 2656 ὁ
3248 2604 3494 2674 κρημνὸς
3524 2603 3762 2672 γίνεται.

2075 2685 2452 2759 χαλεπώτερος
2489 2687 2642 2758 παρά
2665 2689 2883 2742 πάντων
2907 2691 2934 2741 ὁ
2960 2689 3216 2760 πόλεμος,
3240 2692 3336 2742 Ἂν
3359 2689 3416 2743 δὲ
3443 2687 3764 2760 μετριάζειν

2075 2773 2241 2844 εἰδῇς.
2288 2775 2569 2846 ὑποτέμνῃ
2602 2774 2628 2814 ἀ
2667 2779 2734 2846 τῇ
2785 2776 3260 2850 ταπεινοφροσύνῃ
3311 2777 3414 2847 τῆς
3459 2776 3764 2847 βασκανίας

2075 2861 2174 2933 τὴν
2201 2865 2514 2934 τυραννίδα,
2543 2867 2636 2918 καὶ
2667 2865 2806 2935 μετά
2831 2865 3133 2934 ἀσφαλείας
3158 2865 3306 2937 ἔχεις
3329 2867 3475 2938 άπερ
3513 2865 3582 2920 ἂν
3607 2865 3761 2938 ἑχῃς.

2077 2950 2313 3022 Τοιαύτη
2348 2952 2456 3022 γάρ
2486 2952 2588 3022 τῆς
2609 2952 2814 3024 ἀρετῆς
2845 2955 2878 3024 ή
2910 2953 3088 3022 φύσις,
3127 2954 3188 3006 οὐ
3223 2954 3359 3025 πρὸς
3395 2954 3464 3007 τά
3495 2953 3764 3024 μέλλοντα

2076 3039 2222 3108 ἡμᾶς
2257 3039 2460 3108 ὠφελεῖ
2487 3041 2646 3110 μόνον
2671 3081 2685 3103 ,
2721 3040 2854 3094 άλλά
2889 3042 2982 3094 καὶ
3025 3040 3277 3095 ἐντεῦθεν
3313 3042 3414 3112 ήδη
3453 3040 3639 3094 δίδωσι
3664 3039 3766 3104 τὰς

2077 3126 2330 3196 ἀμοιϐάς.
2365 3127 2456 3197 Μὴ
2494 3127 2674 3179 τοίνυν
2726 3128 2867 3198 μέγα
2925 3128 3212 3200 φρονῶμεν
3258 3130 3352 3182 ἐπὶ
3391 3129 3472 3200 τῷ
3520 3123 3776 3199 πλούτῳ,

2075 3213 2212 3266 ἀλλά
2247 3213 2383 3284 μηδέ
2412 3215 2497 3282 ἐφ’
2519 3214 2692 3285 ἑτέρῳ
2721 3215 2928 3284 μηδενί.
2965 3216 3027 3267 Εἰ
3053 3216 3163 3285 γάρ
3197 3215 3291 3269 ἐπὶ
3318 3217 3432 3278 τοῖς
3463 3232 3768 3286 πνευματιο

2076 3304 2190 3364 κοῖς
2221 3304 2248 3354 ό
2283 3303 2427 3372 μέγα
2475 3302 2686 3373 φρονῶν
2719 3303 2925 3374 οἴχεται
2955 3303 3048 3357 καὶ
3074 3303 3321 3356 ἀπόλωλε
3347 3343 3362 3366 ,
3398 3303 3578 3374 πολλῷ
3624 3302 3766 3372 μᾶλο

2075 3387 2165 3440 λον
2198 3389 2290 3441 ἐπὶ
2327 3391 2436 3452 τοῖς
2468 3392 2769 3460 σαρκικοῖς.
2816 3391 3204 3461 Ἐννοήσωμεν-
3237 3390 3395 3461 ήμῶν
3436 3391 3540 3462 τὴν
3575 3390 3764 3460 φύσιν,

2075 3475 2523 3546 ἀναλογισώμεθα
2566 3476 2724 3547 ήμῶν
2765 3477 2834 3531 τά
2861 3479 3268 3549 ἁμαρτήματα,
3318 3478 3584 3549 μάθωμεν
3617 3478 3769 3543 τίνες

2076 3563 2283 3634 ἑσμέν,
2339 3563 2433 3616 καὶ
2484 3565 2648 3634 ἀρκεῖ
2699 3563 2858 3618 τοῦτο
2891 3566 2971 3627 εἰς
3018 3567 3200 3631 πάσης
3250 3565 3769 3636 ταπεινοφροσύνης

2076 3651 2207 3720 ήμῖν
2238 3649 2513 3704 ὑπόθεσιν.
2547 3654 2636 3722 Μή
2672 3669 2761 3722 μοι
2791 3651 2936 3720 λέγε,
2969 3653 3050 3704 ὅτι
3082 3652 3266 3704 Τόσων
3294 3653 3390 3705 καὶ
3422 3653 3602 3706 τόσων
3626 3653 3768 3706 ἐτῶν

2076 3738 2368 3807 προσόδους
2401 3739 2773 3810 ἀποκειμένας
2817 3739 2960 3809 έχω,
3006 3739 3231 3809 χρυσίου
3276 3740 3518 3794 τάλαντα
3571 3741 3765 3811 μυρία,

2078 3830 2241 3901 κέρδη
2292 3829 2412 3883 καθ’
2448 3829 2684 3900 ἑκάστην
2724 3830 3127 3900 προσγινόμενα
3166 3828 3264 3900 τὴν
3295 3830 3536 3901 ἡμέραν.

2149 3919 2286 3971 Ὄσα
2313 3917 2379 3970 ἂν
2402 3918 2580 3990 εἴπῃς,
2618 3916 2791 3969 πάντα
2819 3917 2940 3986 είκῆ
2964 3917 3059 3970 καὶ
3086 3915 3262 3988 μάτην
3287 3919 3430 3988 ἐρεῖς
3448 3935 3462 3948 ·
3493 3917 3770 3982 πολλάκις

2077 4005 2134 4056 ἐν
2164 4003 2283 4074 ῶρςι
2319 4005 2438 4074 μιᾷ,
2463 4004 2555 4056 καὶ
2583 4003 2812 4074 βραχείᾳ
2838 4002 3031 4073 καιροῦ
3066 4005 3229 4074 ῥοπῇ.
3258 4003 3518 4075 καθάπερ
3553 4004 3768 4075 ἀνέμου

2077 4090 2477 4161 προσπεσόντος
2537 4089 2740 4142 ἀνωθεν
2796 4089 2944 4153 κόνις
2993 4089 3332 4160 εὐρίπιστος,
3387 4089 3538 4144 οὕτω
3587 4089 3771 4148 ταῦτα

2076 4177 2251 4230 πάντα
2282 4178 2580 4246 ἐκφυσᾶται
2605 4177 2703 4246 τῆς
2731 4177 2924 4239 οἰκίας.
2952 4175 3061 4228 Καὶ
3087 4175 3291 4229 τούτων
3334 4177 3559 4248 πλήρης
3596 4177 3701 4247 μὲν
3740 4179 3771 4230 6

2077 4264 2191 4334 βίος
2222 4266 2354 4333 ἡμῖν
2387 4263 2492 4317 τῶν
2531 4262 3006 4333 παραδειγμάτων,
3063 4263 3290 4334 πλήρεις
3339 4263 3398 4317 δέ
3439 4266 3498 4317 αἱ
3545 4265 3586 4316 Γ
3591 4265 3771 4336 ραφαὶ

2073 4346 2182 4398 τῶν
2205 4346 2566 4416 διδαγμάτων·
2592 4346 2620 4396 ὁ
2650 4346 2888 4415 σήμερον
2913 4343 3187 4408 πλούσιος,
3231 4344 3423 4419 αὔριον
3447 4346 3645 4417 πένης.
3674 4349 3772 4400 Διὸ

2076 4431 2170 4482 καὶ
2187 4427 2442 4490 πολλάκις
2467 4428 2703 4496 ἐγέλασα
2735 4425 2997 4496 διαθήκας
3027 4426 3423 4494 ἀναγινώσκων
3468 4428 3769 4497 λεγούσας·

2087 4513 2145 4564 Ὁ
2163 4511 2312 4563 δεῖνα
2368 4510 2466 4581 μὲν
2494 4509 2665 4578 ἐχέτω
2695 4509 2792 4580 τὴν
2819 4509 3136 4566 δεσποτείαν
3167 4509 3278 4562 τῶν
3325 4511 3540 4581 ἀγρῶν,
3593 4510 3628 4582 ἢ
3667 4512 3774 4577 τῆς

2073 4593 2268 4658 οἰκίας,
2313 4591 2413 4663 τὴν
2443 4591 2500 4643 δὲ
2542 4592 2734 4662 χρῆσιν
2776 4591 2963 4654 ἄλλος·
3007 4592 3209 4656 πάντες
3249 4591 3361 4664 γὰρ
3416 4594 3518 4664 τὴν
3562 4593 3773 4664 χρῆσιν

2075 4675 2289 4745 ἔχομεν,
2324 4675 2423 4744 τὴν
2449 4673 2760 4727 δεσποτείαν
2786 4673 2842 4726 δέ
2869 4673 3062 4736 οὐδείς.
3091 4675 3214 4728 Κᾶν
3242 4675 3354 4746 γάρ
3386 4677 3544 4745 παρά
3574 4679 3772 4729 πᾶσαν

2075 4761 2206 4829 ήμῖν
2226 4759 2324 4828 τὴν
2350 4755 2493 4827 ζωὴν
2525 4757 2814 4828 παραμένῃ
2841 4755 3110 4826 μηδεμίαν
3142 4756 3449 4827 μεταϐολὴν
3474 4761 3503 4811 ὁ
3528 4759 3775 4823 πλοῦτος

2073 4842 2381 4912 δεχόμενος,
2416 4841 2508 4894 καὶ
2541 4840 2755 4902 ἑκόντες
2794 4839 2888 4891 καὶ
2933 4839 3160 4903 ἄκοντες
3199 4841 3258 4893 ἐν
3284 4844 3351 4910 τῇ
3392 4842 3629 4913 τελευτῇ
3658 4860 3776 4895 παι

2076 4925 2466 4997 ραχωρήσομεν
2490 4923 2716 4993 ἑτέροις,
2752 4921 2850 4991 τὴν
2879 4922 3074 4991 χρῆσιν
3118 4923 3284 4975 αὑτοῦ
3320 4927 3774 4996 καρπωσάμενοι

2076 5005 2255 5074 μόνον,
2283 5005 2380 5075 τῆς
2409 5003 2724 5066 δεσποτείας
2755 5002 2811 5054 δέ
2841 5005 3040 5072 γυμνοὶ
3075 5006 3172 5056 καὶ
3211 5000 3410 5076 ἔρημοι
3437 5008 3583 5077 πρὸς
3621 5010 3776 5061 ἐκεί-

2072 5104 2170 5157 νην
2211 5087 2615 5159 ἀποδημοῦντες
2664 5086 2763 5156 τὴν
2810 5085 2977 5157 ζωήν.
3001 5087 3167 5142 Ὅθεν
3214 5088 3400 5158 δῆλον,
3432 5090 3518 5143 ὅτι
3555 5093 3774 5149 ἐκεῖνοι

2075 5169 2225 5240 μόνοι
2252 5170 2351 5241 τὴν
2381 5168 2693 5222 δεσποτείαν
2716 5168 2948 5239 ἔχουσιν,
2973 5170 3022 5223 οἱ
3049 5171 3142 5223 καὶ
3164 5172 3266 5240 τῆς
3291 5173 3550 5243 χρήσεως
3592 5177 3773 5232 αὑτοῦ

2071 5257 2598 5316 καταφρονήσαντες,
2644 5251 2737 5303 καὶ
2790 5252 2891 5318 τῆς
2945 5253 3296 5309 άπιλαύσεως
3341 5258 3773 5322 καταγελάσαν-

2066 5353 2177 5398 τες.
2238 5334 2296 5385 σο
2343 5332 2451 5400 γὰρ
2495 5329 2564 5381 τὰ
2612 5328 2740 5378 ὅντα
2791 5324 2990 5394 ῥίψας,
3037 5326 3131 5377 καὶ
3181 5329 3293 5390 τοῖς
3338 5328 3580 5400 πένησιν
3622 5335 3776 5392 αὐτὰ

2065 5417 2278 5479 διδοὺς,
2331 5409 2600 5481 ἐχρήσατό
2642 5426 2700 5460 τε
2733 5409 2812 5470 είς
2852 5406 2969 5459 δέον
3015 5409 3128 5469 τοῖς
3175 5403 3336 5476 οὖσι,
3382 5413 3484 5470 καὶ
3525 5415 3630 5485 τὴν
3681 5419 3777 5472 δε-

2071 5501 2328 5557 σποτείαν
2353 5497 2530 5553 αὐτῶν
2553 5496 2691 5566 ἔχων
2721 5492 2983 5564 ἀπῆλθεν,
3010 5492 3135 5576 οὑδέ
3158 5495 3217 5546 ἐν
3246 5496 3398 5568 αὑτῷ
3431 5499 3512 5570 τῷ
3536 5500 3774 5576 θανάτῳ

2068 5589 2166 5657 τῆς
2187 5585 2434 5654 κτήσεως
2457 5580 2736 5632 ἐκπίπτων
2751 5576 2987 5646 ἐκείνης,
3009 5574 3123 5646 [50]
3145 5576 3262 5630 ἀλλ’
3279 5580 3338 5633 ἐν
3355 5582 3559 5654 ἐκείνῳ
3581 5574 3777 5643 πάντα

2069 5668 2469 5739 ἀπολαμϐάνων
2497 5662 2575 5733 τῷ
2612 5659 2821 5730 καιρῷ,
2871 5660 2967 5713 καὶ
3009 5659 3192 5730 πολλῷ
3233 5663 3459 5718 πλείονα
3501 5669 3774 5734 ἐκείνων,

2060 5757 2198 5814 ,ὅταν
2231 5749 2411 5806 αὐτῶν
2445 5746 2678 5817 μάλιστα
2717 5744 2903 5812 δέηται
2934 5741 3034 5810 τῆς
3067 5746 3414 5812 προστασίας
3455 5750 3518 5804 ἑν
3547 5755 3619 5823 τῇ
3663 5755 3779 5824 τῆς

2135 5882 2159 5946 °_
2185 5856 2357 5946 MQfe-L
2378 5873 2700 5946 περιορῶντες,
2721 5868 2871 5917 Savil.
2909 5871 2964 5916 et
2984 5864 3066 5916 alii
3089 5870 3370 5932 περιορῶσι.

2135 5937 2162 5977 ἀ
2188 5936 2284 5986 Alii
2311 5936 2596 5992 ὑποτέμνεις.

2144 6003 2166 6023 ⁸
2200 5995 2347 6049 Savﬂ.
2373 6003 2420 6045 et
2437 5988 2633 6055 Quidam
2659 6003 2770 6038 mss.
2797 5988 2998 6044 διαδούς.
