4072 6384
309 394 371 456 ιθ
541 424 547 431 ·
1243 392 1335 454 AD
1375 390 1694 453 POPL'LUM
1727 389 1914 454 ANTK

2019 384 2220 454 [ENUM
2286 394 2512 453 uoutL.
2551 396 2616 453 ιι.
2878 391 2886 400 ·
3518 406 3587 459 4-2

311 521 556 570 ornatum
586 521 641 569 et
666 511 878 569 divitias
904 513 959 569 in
988 502 1392 584 ipso‘repositas
1420 512 1519 567 hoc
1551 526 1769 567 munere
1793 525 1891 582 po-
1938 566 1960 580 ο

315 607 460 659 titus.
492 605 558 660 Et
586 619 685 659 nos
714 605 872 675 igitur
909 618 980 659 ne
1024 604 1215 659 domos
1258 618 1510 659 ornemus
1534 644 1548 668 ,
1579 605 1671 658 sed
1721 602 1899 672 potius

311 712 472 766 quam
502 697 718 752 domum
747 698 979 752 animam
1018 705 1274 751 nostram.
1306 696 1583 765 Quomodo
1611 695 1752 750 enim
1793 709 1897 747 non

315 796 501 858 turpe,
532 787 887 841 marmoribus
920 776 1149 856 parietes
1175 785 1370 842 frustra
1410 796 1465 841 et
1493 796 1692 840 temere
1717 795 1901 839 conte-

312 891 463 945 gere,
488 877 755 931 Christum
782 891 909 931 vero
935 878 1132 932 nudum
1159 879 1573 931 circumeuntem
1597 874 1900 945 negligere?

313 984 434 1038 quae
461 969 551 1024 tibi
580 969 772 1024 domus
797 970 1015 1034 utilitas,
1049 969 1246 1025 homo?
1274 970 1526 1039 numquid
1560 970 1699 1023 enim
1732 970 1898 1038 ipsam

317 1069 491 1113 tecum
516 1060 718 1115 ducens
749 1061 962 1117 abibis?
986 1062 1101 1116 Non
1136 1062 1272 1115 hanc
1302 1072 1473 1116 tecum
1506 1060 1680 1115 ferens
1709 1061 1897 1127 abibis,

317 1153 549 1206 animam
568 1167 695 1207 vero
724 1154 943 1208 omnino
973 1154 1144 1209 ferens
1170 1153 1441 1222 migrahis.
1469 1153 1605 1207 Ecce
1632 1168 1770 1207 nunc
1800 1154 1903 1208 tale

318 1257 419 1297 nos
439 1245 650 1313 excepit
689 1246 979 1314 periculum
1008 1262 1024 1300 a
1054 1246 1306 1300 assistant
1349 1247 1501 1300 nobis
1535 1246 1724 1300 domus
1748 1288 1762 1312 ,
1790 1246 1903 1301 sol-

317 1343 446 1388 vant
475 1336 766 1403 periculum
810 1336 962 1391 nobis
992 1338 1310 1403 imminens;
1344 1338 1438 1393 sed
1483 1354 1586 1392 non
1632 1346 1899 1407 poterunt.

316 1423 428 1481 Vos
456 1426 555 1496 ipsi
577 1427 704 1481 mihi
735 1437 896 1483 testes
930 1430 1057 1484 estis
1077 1470 1090 1493 ,
1120 1430 1361 1485 desertas
1393 1446 1483 1486 eas
1526 1431 1901 1499 derelinquen-

321 1528 431 1581 tes,
463 1528 516 1571 et
544 1518 608 1572 ad
639 1519 978 1574 solitudinem
1015 1522 1351 1588 exsilientes,
1379 1532 1645 1592 tamquam
1684 1522 1903 1591 laqueos

318 1617 373 1661 et
413 1609 544 1663 retia
588 1624 679 1663 eas
705 1612 969 1667 timentes.
1000 1612 1339 1682 Opitulentur
1382 1629 1522 1669 nunc
1547 1614 1776 1677 divitiae;
1810 1613 1903 1668 sed

317 1699 769 1767 opportunitatem
799 1718 903 1756 non
928 1702 1146 1759 habent.
1168 1703 1318 1770 Quod
1347 1704 1391 1759 si
1415 1704 1499 1758 ubi
1533 1704 1759 1759 hominis
1787 1705 1862 1758 ira
1884 1746 1900 1771 ,

319 1792 664 1859 pecuniarum
700 1793 781 1846 vis
820 1803 1101 1863 superatur
1124 1836 1139 1861 ,
1163 1796 1329 1849 multo
1358 1796 1525 1865 magis
1563 1795 1615 1849 in
1644 1795 1824 1849 divino
1851 1804 1905 1849 et

320 1881 640 1951 implacabili
674 1884 873 1952 judicio
912 1887 1013 1940 hoc
1047 1886 1154 1941 fiet.
1183 1888 1240 1942 Si
1269 1886 1430 1941 homo
1458 1896 1539 1941 est
1568 1888 1653 1956 qui
1684 1902 1901 1942 exacer—

317 1971 505 2036 batur,
536 1984 589 2029 et
622 1990 761 2045 a‘gre
793 1976 922 2039 fert,
952 1987 1006 2031 et
1032 1977 1161 2033 nihil
1187 1979 1341 2033 nobis
1380 1994 1520 2033 nunc
1553 1994 1738 2033 aurum
1779 1994 1904 2048 pro-

320 2064 441 2119 dest
473 2083 486 2119 a
515 2066 685 2121 multo
718 2068 885 2137 magis
929 2070 1188 2125 irascente
1220 2070 1328 2125 Deo
1353 2111 1366 2132 ,
1397 2070 1487 2141 qui
1527 2071 1761 2140 pecuniis
1799 2086 1904 2124 non

323 2154 543 2225 indiget,
574 2158 689 2211 auri
716 2160 947 2228 potentia
991 2162 1199 2229 penitus
1223 2171 1524 2217 evanescet.
1557 2162 1750 2216 Domos
1774 2161 1904 2216 aedi-

322 2244 544 2300 ficamus
567 2286 583 2311 ,
618 2257 673 2301 ut
711 2247 1010 2304 habitamus
1033 2291 1047 2314 ,
1093 2267 1198 2307 non
1235 2260 1290 2305 ut
1332 2252 1721 2321 superbiamns.
1749 2251 1903 2319 Quod

324 2339 699 2394 necessitatem
734 2342 971 2405 excedit,
1002 2342 1329 2411 superﬂuum
1367 2352 1524 2399 estet
1553 2344 1745 2398 inutile.
1784 2343 1906 2397 Cai-

323 2444 481 2485 ccare
515 2432 749 2486 calceum
779 2433 911 2501 pede
940 2436 1229 2502 majorem,
1258 2436 1351 2491 sed
1389 2452 1493 2490 non
1538 2435 1825 2499 tolerabis;
1858 2444 1909 2491 te

321 2519 466 2572 enim
497 2520 560 2573 ad
600 2536 839 2588 gressum
871 2522 1089 2593 impedit
1116 2538 1132 2578 a
1163 2526 1239 2579 sic
1279 2532 1336 2581 et
1375 2526 1567 2580 domus
1598 2525 1910 2581 necessitate

325 2611 528 2677 major,
561 2611 613 2664 in
660 2612 822 2666 cados
861 2613 1137 2668 transitum
1189 2615 1429 2685 impedit.
1456 2615 1549 2670 Vis
1588 2630 1807 2685 magnas
1857 2626 1912 2669 et

325 2697 633 2766 splendidas
662 2700 849 2754 domos
877 2702 1179 2758 aediﬁcare?
1207 2720 1312 2759 non
1354 2703 1638 2773 prohibeo,
1668 2704 1762 2759 sed
1802 2719 1911 2759 non

325 2804 493 2859 super
534 2798 729 2846 terram
762 2808 776 2845 :
804 2792 1009 2849 aediﬁca
1059 2794 1395 2851 tabernacula
1436 2795 1491 2850 in
1528 2795 1674 2851 caelis
1698 2836 1712 2861 ,
1760 2804 1812 2849 ut
1858 2803 1912 2849 et

325 2879 463 2935 alios
488 2881 731 2951 excipere
761 2885 951 2953 possis,
975 2884 1311 2941 tabernacula
1340 2900 1628 2955 numquam
1655 2884 1932 2951 deﬁcien—_

330 2972 421 3024 tia.
449 2972 586 3037 Quid
630 2973 832 3029 insanis
869 2977 1010 3030 circa
1054 2975 1305 3046 fugientia
1328 3016 1345 3044 ,
1375 2985 1430 3033 et
1470 2977 1557 3033 hic
1598 2975 1912 3033 manentia?

327 3060 470 3117 Nihil
492 3064 689 3120 divitiis
714 3065 984 3122 fallacius:
1010 3067 1168 3123 hodie
1198 3076 1390 3131 tecum.
1409 3076 1464 3124 et
1490 3083 1608 3123 cras
1627 3077 1809 3122 contra
1838 3075 1909 3132 te,

330 3152 631 3211 invidorum
707 3156 890 3211 oculos
952 3167 1162 3215 armant
1216 3158 1451 3229 undique
1490 3175 1505 3212 a
1551 3159 1732 3213 hostes
1791 3165 1916 3213 sunt

328 3247 738 3301 contubernales
758 3289 772 3309 ,
808 3249 1003 3307 inimici
1030 3250 1307 3305 domestici
1340 3268 1354 3303 a
1381 3256 1436 3304 et
1463 3265 1555 3303 vos
1585 3248 1915 3318 possidentes

332 3346 495 3392 testes
514 3379 528 3401 ,
560 3339 649 3408 qui
679 3340 821 3393 omni
851 3340 1011 3395 modo
1037 3342 1177 3411 ipsas
1210 3342 1442 3397 infoditis
1469 3350 1525 3397 et
1551 3341 1911 3396 absconditis:

328 3430 581 3497 quouiam
612 3440 663 3484 et
704 3447 843 3485 nunc
870 3432 1023 3487 nobis
1055 3433 1346 3502 perieulum
1376 3432 1757 3489 intolerabilius
1777 3433 1910 3487 divi-

332 3520 421 3575 tia:
460 3520 677 3576 faciunt.
704 3521 837 3577 Nam
871 3524 1048 3581 cernis
1078 3540 1337 3594 pauperes
1370 3524 1582 3593 quidem
1618 3525 1916 3580 succinctos

331 3618 389 3663 et
415 3610 691 3679 expeditos
719 3612 784 3666 ad
806 3614 982 3667 omnia
1005 3625 1248 3682 paratos;
1274 3613 1467 3670 divites
1492 3622 1668 3669 autem
1694 3615 1914 3671 multam

332 3701 590 3756 habentes
614 3701 1002 3769 difﬁcultatem,
1033 3712 1087 3758 et
1105 3705 1516 3769 circumeuntes,
1540 3712 1594 3759 et
1618 3715 1917 3774 quaerentes

334 3790 422 3845 ubi
450 3808 636 3846 aurum
660 3791 936 3859 infodiam,
960 3802 1259 3863 quaerentes
1282 3793 1421 3863 apud
1446 3809 1603 3863 quem
1630 3793 1914 3863 deponant.

333 3882 471 3947 Quid
501 3882 716 3951 quaeris,
748 3882 929 3947 homo,
958 3883 1283 3938 conservos?
1308 3883 1550 3939 Christus
1571 3893 1673 3938 stat
1700 3883 1767 3938 ad
1795 3899 1916 3938 sus-
1942 3934 1945 3937 λ

334 3974 638 4042 cipiendum
664 3984 901 4045 paratus,
940 3983 996 4030 et
1031 3975 1096 4030 ad
1126 3974 1483 4045 depositatibi
1511 3975 1792 4040 servanda,
1820 3989 1919 4031 nec

338 4074 542 4125 tantum
591 4066 878 4133 servanda,
910 4066 1005 4122 sed
1043 4067 1202 4122 etiam
1246 4066 1675 4137 multiplicanda,
1701 4076 1756 4123 et
1797 4081 1918 4122 cum

336 4159 507 4213 nmlto
534 4158 738 4213 faenore
778 4158 1047 4214 reddenda
1076 4174 1089 4211 :
1121 4175 1185 4213 ex
1214 4159 1355 4214 illius
1381 4174 1538 4213 manu
1560 4174 1716 4213 nemo
1741 4158 1917 4228 eripit.

336 4247 455 4303 Non
496 4258 667 4303 servat
706 4259 882 4303 autem
916 4258 1119 4304 tantum
1146 4249 1387 4319 deposita
1405 4289 1421 4315 ,
1450 4249 1545 4304 sed
1574 4248 1735 4305 etiam
1761 4262 1922 4320 super

339 4339 440 4403 iis,
479 4354 726 4393 securum
770 4339 1125 4410 depositorcm
1165 4340 1307 4394 facit.
1349 4340 1405 4394 In
1436 4339 1739 4395 hominibus
1779 4340 1920 4395 enim

340 4431 430 4499 qui
472 4430 711 4500 deposita
751 4431 1079 4501 suscipiunt,
1109 4434 1332 4502 gratiam
1372 4446 1431 4486 se
1467 4432 1622 4487 nobis
1670 4442 1923 4501 praestare

341 4531 548 4589 putant,
572 4521 616 4574 si
642 4520 942 4575 custodiant
967 4537 1085 4590 qua:
1106 4531 1481 4591 susceperunt;
1512 4522 1563 4576 in
1594 4520 1806 4577 Christo
1830 4537 1925 4576 au-

342 4619 450 4663 tem
475 4611 798 4663 contrarium
826 4628 841 4665 a
870 4626 973 4665 non
1005 4612 1143 4667 enim
1169 4613 1390 4683 gratiam
1413 4613 1739 4682 praestitisse,
1758 4628 1818 4668 se
1836 4628 1925 4673 ac—

340 4702 550 4768 cepisse
582 4715 641 4754 se
685 4699 849 4767 dicit,
871 4716 992 4755 cum
1018 4702 1257 4770 deposita
1293 4704 1583 4771 susceperit
1608 4712 1726 4756 tua:
1751 4712 1805 4757 et
1830 4720 1925 4772 pro

343 4788 454 4855 ipsa
493 4789 755 4854 custodia,
785 4805 941 4859 quam
963 4793 1099 4845 circa
1133 4792 1381 4861 pecunias
1410 4801 1523 4846 tuas
1552 4790 1789 4857 exhibet,
1815 4808 1920 4846 non

342 4896 372 4932 a
420 4891 469 4934 te
510 4882 809 4944 mercedem
838 4883 1029 4951 repetit
1050 4925 1064 4948 ,
1087 4883 1181 4939 sed
1213 4885 1325 4951 ipse
1350 4883 1444 4937 tibi
1482 4884 1574 4938 dat
1600 4883 1920 4938 mercedem.

418 4971 470 5023 6.
506 4970 850 5042 lt'leemosyuw
869 4975 1078 5043 fructus.
1105 5003 1178 5030 -τ-
1199 4959 1311 5041 Qua
1358 4973 1513 5043 igitur
1550 4988 1734 5031 smnus
1766 4989 1927 5029 excu-

322 5062 552 5137 satione
578 5062 721 5133 digni
747 5105 762 5129 ,
793 5079 894 5131 qua
925 5066 1095 5130 venia,
1125 5066 1337 5135 quando
1364 5074 1420 5120 et
1446 5066 1711 5120 custodire
1738 5066 1925 5120 valen-

346 5162 452 5207 tem
471 5195 486 5218 ,
516 5165 567 5207 et
605 5170 699 5223 pro
724 5156 960 5211 custodia
990 5158 1183 5227 gratias
1217 5157 1497 5213 habentem
1517 5198 1534 5225 ,
1562 5166 1614 5213 et
1655 5173 1847 5214 arcana
1873 5166 1926 5215 et

346 5260 534 5312 magna
567 5246 779 5314 praemia
808 5262 905 5316 pro
949 5246 1049 5303 hac
1087 5249 1327 5304 custodia
1366 5248 1674 5305 reddentem
1704 5259 1925 5318 praeter-

345 5333 622 5387 mittentes
641 5375 655 5397 ,
690 5335 990 5399 hominibus
1013 5338 1152 5392 circa
1177 5337 1479 5408 hujusmodi
1508 5340 1800 5395 custodiam
1829 5339 1925 5394 dc-

344 5426 575 5493 bilibus,
598 5437 651 5481 et
696 5428 916 5498 gratiam
944 5430 1097 5486 nobis
1120 5431 1361 5487 conferre
1399 5447 1459 5488 se
1497 5432 1797 5502 potantibus
1818 5474 1833 5497 ,
1873 5442 1928 5487 et

343 5520 455 5571 sola
492 5519 604 5588 ipsa
633 5534 750 5589 quae
777 5519 972 5575 dantur
998 5531 1177 5590 postea
1206 5523 1577 5589 reddentibus,
1609 5531 1788 5578 nostra
1817 5532 1926 5577 tra-

344 5609 562 5663 dimus?
590 5610 795 5678 llospes
839 5626 899 5666 es
942 5612 1026 5666 hic
1056 5622 1110 5667 et
1146 5613 1493 5683 peregrinus?
1515 5614 1733 5685 patriam
1765 5612 1927 5668 habes

345 5697 397 5751 in
451 5699 599 5755 cmlis
628 5719 639 5753 a
672 5701 794 5756 illuc
840 5703 1016 5757 omnia
1071 5706 1401 5769 transmitte,
1435 5715 1495 5760 ut
1540 5715 1594 5760 et
1642 5715 1924 5775 antequam

348 5788 571 5850 buaris.
604 5792 689 5845 hic
725 5794 1121 5850 retributionem
1146 5797 1342 5856 canias.
1375 5798 1471 5867 Qui
1500 5799 1638 5854 enim
1661 5797 1795 5855 bona
1825 5811 1921 5868 spe

661 5889 930 5949 ΡΑτιιοι..
975 5890 1089 5949 Gn.
1140 5888 1360 5951 XLIX.

2006 508 2193 571 alitur,
2228 516 2281 561 et
2309 507 2375 562 de
2403 508 2593 565 futuris
2622 509 2839 568 confidit
2858 555 2873 581 ,
2902 511 2987 570 hic
3007 514 3117 585 jam
3156 529 3377 588 regnum
3401 531 3584 590 gusta-

2004 602 2096 652 vit.
2129 598 2268 654 Nihil
2303 604 2443 655 enim
2498 612 2699 658 tantum
2729 612 2958 660 animam
2998 622 3247 678 reparare
3286 614 3585 676 consuevit,

2004 700 2058 743 et
2081 692 2353 747 meliorem
2383 693 2575 759 facere,
2601 710 2758 765 quam
2787 696 2922 751 bona
2950 697 3245 755 futurorum
3273 715 3419 772 spes,
3448 704 3491 757 si
3522 718 3589 757 eo

2008 784 2368 837 transmittens
2386 784 2596 840 divitias
2621 788 2810 841 animae
2853 796 2954 843 tuae
2982 806 3161 846 curam
3187 807 3307 847 cum
3334 795 3443 850 otio
3467 811 3588 851 con-

2003 873 2213 940 gruenti
2241 875 2431 943 egeris.
2462 875 2591 930 Nam
2618 880 2706 947 qui
2735 879 2964 933 studium
2995 897 3153 937 omne
3184 884 3233 937 iu
3258 884 3449 940 domus
3479 903 3589 940 suae

2006 974 2248 1019 ornatum
2291 968 2618 1037 impendunt,
2644 971 2696 1025 in
2717 973 3066 1029 exterioribus
3094 975 3307 1043 divites,
3338 978 3589 1034 interiora

2007 1057 2309 1126 negligunt,
2341 1074 2403 1113 ac
2430 1059 2688 1114 desertam
2715 1103 2728 1126 ,
2771 1063 3099 1132 squalentem
3147 1076 3201 1120 et
3226 1069 3440 1123 araneis
3476 1071 3589 1138 ple-

2010 1163 2129 1199 naun
2159 1149 2391 1202 animam
2423 1164 2569 1203 suam
2597 1150 2893 1221 despiciunt
2921 1171 2933 1206 :
2964 1154 3009 1208 si
3044 1172 3169 1210 vero
3194 1159 3462 1213 exteriora
3492 1159 3587 1213 uel.

2006 1238 2267 1305 gligentes
2292 1239 2430 1293 circa
2462 1250 2692 1296 mentem
2730 1258 2879 1298 suam
2916 1260 3075 1301 omne
3115 1248 3346 1302 studium
3379 1250 3584 1320 impen-

2007 1328 2201 1395 derint,
2226 1330 2455 1400 undique
2478 1333 2642 1401 ipsam
2664 1344 2936 1403 ornantes,
2962 1338 3355 1394 tabernaculum
3378 1341 3591 1397 Chrism

2008 1421 2111 1474 erit
2150 1422 2330 1475 talium
2379 1424 2648 1479 hominum
2694 1427 2913 1481 anima:
2948 1428 3213 1484 Christum
3264 1441 3439 1486 autem
3491 1434 3578 1488 Iza-

2008 1514 2166 1567 bente
2194 1513 2617 1581 inhabitatorem,
2651 1518 2775 1587 quid
2801 1534 3050 1589 umquam
3089 1520 3295 1577 felicius
3326 1539 3443 1577 esse
3470 1540 3583 1593 pos-

2008 1602 2137 1654 set?
2165 1602 2251 1657 Vis
2294 1604 2495 1658 ditari?
2521 1608 2749 1660 amicum
2789 1608 2983 1664 habeas
3028 1611 3190 1666 Deum
3216 1653 3230 1677 ,
3258 1621 3312 1667 et
3354 1616 3587 1668 oaatnium

2009 1692 2299 1749 ditissimus
2338 1696 2464 1749 eris.
2493 1696 2583 1750 Vis
2609 1697 2803 1752 ditari?
2825 1714 2890 1753 ne
2918 1701 3081 1755 altum
3119 1703 3311 1771 sapias.
3347 1702 3457 1757 lloc
3486 1721 3589 1758 non

2009 1782 2075 1837 ad
2118 1784 2290 1839 futura
2319 1792 2543 1852 tantum,
2574 1787 2666 1842 sed
2689 1789 2847 1842 etiam
2881 1789 2947 1844 ad
2969 1792 3247 1859 praesentia
3276 1793 3421 1847 tttile.
3450 1793 3591 1848 Nahil

2009 1874 2150 1928 enim
2195 1884 2300 1929 tam
2342 1876 2692 1944 invidiosum,
2716 1894 2871 1948 quam
2901 1880 3061 1936 homo
3100 1882 3248 1937 dives
3280 1900 3293 1936 :
3322 1900 3441 1937 cum
3464 1900 3593 1938 vero

2010 1966 2256 2041 superbia
2282 1970 2599 2034 accesserit,
2630 1970 2818 2039 duplex
2847 1981 3061 2041 paratur
3088 1975 3457 2045 praecipitium,
3484 1977 3589 2030 dif-

2012 2055 2200 2111 ﬁcilius
2238 2058 2305 2112 ab
2331 2061 2574 2115 omnibus
2617 2062 2834 2116 bellum.
2867 2064 2923 2119 Si
2972 2079 3098 2119 vero
3144 2067 3383 2123 modeste
3415 2069 3591 2123 vivere

2012 2147 2231 2215 scieris,
2259 2150 2487 2205 succidis
2537 2152 2831 2209 humilitate
2878 2154 3090 2211 invidiae
3129 2159 3455 2228 tyrannidem
3483 2203 3497 2226 ,
3538 2172 3590 2217 et

2012 2251 2133 2292 cum
2161 2242 2443 2296 securitate
2485 2241 2648 2297 babes
2684 2260 3031 2315 quaecumque
3068 2246 3249 2303 habes.
3275 2248 3422 2307 Talis
3451 2252 3590 2305 enim

2013 2340 2097 2385 est
2117 2332 2325 2387 virtutis
2355 2343 2560 2399 natura,
2581 2351 2683 2389 non
2715 2337 2779 2391 ad
2804 2336 2976 2391 futura
3007 2353 3107 2392 nos
3133 2347 3331 2393 tantum
3359 2341 3591 2410 adjuvat,

2014 2422 2107 2475 sed
2137 2433 2188 2476 et
2216 2424 2301 2478 hic
2320 2424 2427 2493 jam
2458 2426 2830 2482 retributiones
2857 2430 3075 2497 praebet.
3102 2429 3177 2484 Ne
3200 2430 3356 2501 igitur
3378 2432 3427 2485 in
3459 2432 3595 2486 divi-

2016 2512 2102 2567 tiis
2125 2513 2289 2567 altum
2334 2516 2630 2584 sapiamus,
2662 2517 2754 2572 sed
2790 2533 2888 2574 nec
2918 2519 2969 2573 in
2999 2520 3103 2574 ulla
3141 2521 3240 2574 alia
3269 2538 3346 2577 re.
3374 2522 3429 2577 Si
3451 2525 3593 2578 enim

2016 2604 2069 2658 in
2096 2605 2458 2674 Spiritualibus
2484 2608 2646 2662 altum
2687 2611 2897 2679 sapiens
2932 2610 3125 2665 labitur
3148 2622 3201 2667 et
3229 2615 3391 2682 perit,
3430 2617 3597 2669 multo

2016 2696 2185 2765 magis
2203 2698 2252 2750 in
2274 2698 2591 2753 carnalibus.
2606 2698 2907 2769 Cogitemus
2927 2712 3169 2756 naturam
3196 2714 3450 2771 nostram,
3471 2722 3598 2775 pec-

2016 2796 2133 2839 cata
2159 2801 2527 2843 recenseamus
2550 2831 2565 2855 ,
2602 2789 2866 2845 discamus
2892 2792 2981 2861 qui
3011 2793 3205 2857 simus,
3238 2794 3416 2850 ethoc
3446 2797 3597 2851 nobis

2016 2875 2083 2929 ad
2108 2878 2280 2930 omnis
2298 2878 2607 2934 humilitatis
2633 2882 2905 2936 materiam
2933 2882 3142 2938 sufticit.
3168 2885 3244 2940 Ne
3260 2886 3406 2941 dicas
3428 2887 3555 2942 mihi
3582 2906 3595 2941 :

2019 2965 2121 3019 Tot
2138 2977 2191 3021 ct
2206 2976 2283 3021 tot
2301 2983 2558 3024 annorum
2579 2981 2865 3039 proventus
2889 2975 3150 3042 repositos
3172 2974 3361 3040 habeo,
3383 2977 3494 3031 auri
3517 2988 3598 3032 ta-
3672 2984 3675 2987 ’

2020 3055 2160 3111 lenta
2183 3058 2480 3127 innumera,
2502 3060 2642 3115 lucra
2671 3076 2765 3130 per
2790 3062 3022 3131 singulos
3046 3064 3265 3120 adaucta
3283 3064 3414 3121 dies.

2090 3143 2296 3200 Divitiae
2340 3163 2493 3217 quam
2545 3150 2720 3218 ﬂuxae.
2752 3181 2824 3192 —
2868 3151 3302 3224 Quantacumque
3360 3155 3598 3222 dixeris,

2020 3237 2197 3292 omnia
2235 3247 2434 3294 temere
2477 3240 2622 3295 dices
2660 3250 2714 3296 et
2753 3242 3055 3297 incassum:
3086 3260 3229 3314 saepe
3257 3260 3356 3299 una
3387 3245 3514 3299 hora
3544 3258 3600 3302 et

2020 3325 2169 3380 brevi
2210 3328 2464 3397 temporis
2512 3338 2816 3395 momento,
2860 3332 3004 3386 velut
3036 3343 3194 3387 vento
3245 3349 3473 3403 superne
3526 3336 3601 3388 ir-

2021 3426 2209 3470 ruente
2255 3416 2518 3486 jactabilis
2570 3420 2772 3488 pulvis,
2822 3421 2902 3475 sic
2944 3421 3058 3476 haec
3102 3423 3277 3477 omnia
3325 3439 3391 3479 ex
3440 3424 3600 3479 domo

2021 3507 2386 3564 exsufﬂantur.
2413 3509 2476 3563 Et
2507 3509 2693 3565 borum
2724 3512 2875 3566 nobis
2895 3514 3258 3583 exemplorum
3288 3515 3393 3571 vita
3421 3516 3597 3587 plena,

2022 3599 2194 3669 plenae
2236 3615 2365 3655 vero
2397 3601 2684 3672 Scriptum
2711 3602 3148 3661 documentorum
3174 3623 3186 3659 :
3215 3605 3373 3663 hodie
3418 3608 3600 3674 dives,

2022 3706 2142 3747 cras
2175 3707 2395 3762 pauper.
2430 3693 2629 3749 Idcirco
2673 3695 2869 3764 sacpius
2916 3696 3009 3750 risi
3056 3704 3370 3752 testamenta
3421 3698 3602 3770 legens

2023 3783 2251 3839 dicentia
2280 3802 2293 3838 a
2325 3784 2417 3839 lile
2441 3785 2652 3853 quidem
2687 3785 3152 3859 habeat‘agrorum
3179 3788 3260 3843 vel
3290 3788 3481 3845 domus
3505 3790 3603 3845 do-

2022 3877 2268 3944 minium,
2302 3892 2453 3931 usum
2482 3892 2607 3932 vero
2634 3877 2806 3932 alius:
2838 3892 3026 3933 omnes
3067 3879 3209 3933 enim
3250 3895 3402 3934 usum
3432 3880 3599 3935 habo'

2022 3984 2145 4024 mus
2170 4010 2185 4033 ,
2215 3968 2505 4024 dominium
2554 3978 2730 4025 autem
2775 3986 2951 4027 nemo.
2985 3972 3097 4026 Etsi
3126 3972 3267 4027 enim
3313 3973 3467 4028 nobis
3507 3988 3603 4043 per

2024 4075 2238 4117 omnem
2285 4071 2630 4131 permaneant
2670 4063 2831 4117 vitam
2881 4063 3081 4118 nullam
3129 4062 3384 4119 facientes
3408 4064 3604 4119 divitiae

2026 4154 2393 4219 mutationem,
2419 4152 2649 4208 velimus
2670 4154 2897 4213 nolimus
2919 4193 2935 4218 ,
2962 4154 3015 4208 in
3048 4152 3152 4207 ﬁne
3178 4153 3294 4209 aliis
3329 4153 3602 4219 cedemus,

2026 4243 2258 4313 ipsarum
2288 4258 2385 4297 usu
2414 4243 2531 4297 solo
2559 4253 2793 4313 recepto,
2822 4244 3060 4301 dominio
3084 4254 3261 4299 autem
3291 4243 3416 4298 nudi
3443 4252 3497 4298 et
3526 4259 3605 4298 or-

2028 4333 2137 4389 bati
2165 4334 2231 4388 ad
2260 4334 2403 4388 illam
2430 4335 2590 4388 vitam
2623 4335 2927 4403 migrantes.
2951 4334 3105 4392 Unde
3132 4334 3468 4390 manifestum
3488 4346 3569 4391 est
3586 4376 3603 4399 ,

2028 4424 2149 4480 illos
2175 4425 2318 4478 solos
2353 4424 2644 4479 dominium
2690 4425 2920 4491 habere,
2950 4427 3040 4495 qui
3086 4434 3140 4481 et
3186 4427 3418 4495 ipsarum
3450 4443 3603 4483 usum

2028 4526 2499 4587 contempserunt,
2528 4528 2583 4572 et
2624 4516 2851 4572 fructum
2877 4517 3197 4573 deriserunt.
3222 4518 3321 4586 Qui
3350 4520 3491 4575 enim
3523 4521 3605 4575 fa-

2028 4609 2309 4669 eultatibus
2346 4608 2602 4677 abiectis,
2652 4609 2794 4677 ipsas
2836 4610 3153 4680 pauperibus
3195 4621 3415 4681 erogat,
3448 4622 3607 4681 prout

2030 4702 2309 4771 oportebat
2340 4701 2672 4755 iheultatibus
2700 4715 2830 4755 usus
2856 4710 2961 4767 est,
2986 4711 3040 4756 et
3059 4701 3290 4771 ipsorum
3312 4702 3603 4758 dominium

2031 4793 2232 4846 habens
2261 4791 2419 4856 obiit,
2449 4806 2617 4860 neque
2648 4790 2700 4845 in
2730 4790 2842 4861 ipsa
2873 4799 3045 4845 morte
3086 4790 3171 4845 illa
3198 4791 3449 4847 excidens
3478 4806 3604 4862 pos-

2031 4883 2288 4944 sessione,
2321 4882 2414 4937 sed
2441 4882 2616 4936 omnia
2660 4882 2751 4936 illo
2794 4882 3058 4951 recipiens
3101 4892 3370 4953 tempore,
3402 4892 3460 4941 et
3505 4885 3608 4939 illis

2031 4974 2199 5027 multo
2224 4974 2369 5042 plura
2389 5014 2405 5040 ,
2434 4972 2644 5042 quando
2686 4974 2738 5027 in
2781 4973 2869 5028 die
2902 4974 3088 5043 judicii
3118 4974 3326 5029 illorum
3360 4976 3611 5046 praesidio

2029 5065 2262 5120 maxime
2290 5064 2484 5135 egebit,
2515 5074 2569 5118 et
2590 5063 2803 5134 quando
2826 5078 2857 5120 a
2891 5065 3046 5119 nobis
3074 5066 3317 5121 omnibus
3345 5065 3607 5121 factorum

2032 5155 2265 5210 rationes
2305 5163 2628 5225 repetentur.
2662 5154 2843 5225 Itaque
2870 5155 2916 5211 si
2945 5156 3065 5226 quis
3094 5155 3207 5211 vult
3232 5155 3531 5211 divitiarum
3555 5165 3610 5210 et

2031 5247 2423 5318 possessionem
2455 5255 2508 5301 et
2536 5262 2691 5300 usum
2718 5258 2771 5301 et
2796 5246 3088 5301 dominium
3118 5247 3334 5313 habere,
3362 5247 3610 5301 omnibus

2033 5339 2370 5395 facultatibus
2413 5340 2524 5394 suis
2565 5353 2627 5393 se
2672 5339 2917 5410 expediat
2947 5357 2961 5394 :
2989 5340 3240 5409 quoniam
3286 5340 3391 5394 hoc
3417 5339 3461 5393 si
3500 5355 3607 5393 non

2033 5430 2218 5496 faciat,
2249 5430 2301 5485 in
2330 5440 2501 5485 morte
2529 5430 2596 5484 ab
2624 5430 2750 5499 ipsis
2778 5431 2994 5485 omnino
3019 5430 3348 5500 separabitur
3376 5446 3392 5483 a
3418 5430 3607 5484 multo-

2035 5523 2135 5579 ties
2178 5537 2307 5579 vero
2354 5531 2409 5577 et
2451 5532 2575 5576 ante
2633 5524 2789 5577 finem
2841 5537 2961 5577 cum
3007 5523 3254 5592 periculis
3294 5530 3349 5576 et
3393 5520 3607 5577 infinitis

2034 5615 2189 5670 malis
2215 5614 2356 5684 ipsas
2392 5616 2602 5668 amittit.
2636 5613 2745 5669 Nec
2769 5614 2870 5670 hoc
2894 5615 3064 5669 solum
3105 5613 3298 5669 malum
3324 5622 3403 5669 est
3423 5656 3440 5682 ,
3468 5615 3605 5684 quod

2036 5706 2257 5760 mutatio
2284 5706 2341 5761 iit
2367 5715 2587 5776 repente
2615 5706 2877 5772 universa,
2908 5705 3000 5761 sed
3032 5704 3172 5774 quod
3199 5705 3597 5775 impraemedita-
3667 5720 3681 5738 ν

2038 5805 2123 5853 tus
2161 5796 2224 5853 ad
2271 5798 2592 5868 paupertatis
2622 5797 2952 5855 tolerantiam
2990 5796 3137 5852 dives
3169 5795 3464 5853 deducitur.
3504 5796 3603 5854 Sed

3254 5888 3293 5949 3
