4072 6384
494 384 563 441 ιδ
1205 376 1261 434 5'.
1302 374 1581 435 JOANNIS
1618 374 2081 434 CIIRYSOSTOMI

2187 375 2451 434 RCHIEP.
2489 375 3025 437 CONSTANTINOP.
3688 386 3772 442 ’δι

488 514 593 555 nun
624 494 745 551 talis
768 506 970 566 pauper
994 509 1007 547 :
1030 504 1135 546 non
1166 489 1307 546 enim
1335 504 1467 546 auro
1496 488 1716 544 confidit
1738 496 1792 544 et
1818 496 2041 560 argento
2059 531 2076 556 ,

491 586 797 642 inanimatis
826 582 1084 649 materiis,
1106 578 1200 635 sed
1222 579 1333 635 Deo
1354 580 1533 634 omnia
1558 580 1774 650 copiose
1801 577 2077 649 praebenti.

490 679 671 750 Itaque
708 677 860 733 dives
886 674 1055 744 magis
1087 674 1141 729 in
1171 673 1376 728 incerto
1399 686 1556 743 quam
1594 687 1795 743 pauper
1818 671 2081 727 constitu-

490 781 574 827 tus
599 778 712 835 est,
754 783 874 823 cum
910 766 1214 838 frequentes
1240 773 1294 821 et
1316 765 1593 821 continuas
1632 764 1955 819 mutationes
1991 778 2080 819 re-

490 861 671 929 cipiat.
704 857 840 927 Quid
872 870 1001 911 vero
1042 853 1173 910 illud
1198 862 1279 909 est
1303 893 1319 920 ,
1352 852 1451 921 Qui
1478 862 1684 923 prastat
1719 853 1861 908 nobis
1885 853 2083 908 abunde

493 952 662 1005 omnia
716 948 783 1002 ad
828 945 1101 1020 fruendum
1148 944 1241 1019 (1.
1271 943 1406 999 Tim.
1435 944 1490 999 6.
1524 944 1633 1017 l7)
1664 944 1689 999 i
1725 943 1912 1000 Omnia
1958 959 2080 998 cum

491 1042 735 1111 largitate
773 1038 866 1093 dat
906 1038 1080 1105 Deus,
1107 1052 1226 1108 qua:
1255 1044 1380 1093 sunt
1417 1036 1586 1091 multo
1610 1038 1779 1107 magis
1804 1050 1967 1107 quam
1989 1050 2084 1105 pe-

490 1133 661 1187 cuniae
687 1128 1010 1197 necessaria,
1041 1136 1098 1184 ut
1132 1142 1315 1191 aerem
1334 1169 1351 1195 ,
1373 1142 1562 1199 aquam
1584 1168 1602 1195 ,
1630 1126 1805 1198 ignem
1825 1169 1840 1193 ,
1871 1126 2038 1182 solem
2063 1168 2079 1194 ,

492 1223 673 1278 omnia
718 1221 862 1277 talia.
893 1221 1008 1275 Non
1055 1220 1182 1276 licet
1227 1219 1407 1277 dicere
1434 1218 1577 1291 quod
1606 1218 1775 1288 magis
1804 1218 1967 1273 radiis
1994 1216 2082 1273 di-

493 1331 587 1372 ves
606 1358 622 1381 ,
650 1315 827 1371 minus
861 1328 989 1369 vero
1033 1328 1233 1385 pauper
1277 1312 1483 1367 fruatur
1509 1329 1524 1368 :
1554 1325 1661 1367 non
1692 1310 1816 1367 licet
1852 1310 2034 1366 dicere
2062 1352 2079 1379 ,

497 1406 639 1477 quod
666 1404 1020 1475 copiosiorem
1049 1419 1228 1470 aerem
1255 1418 1416 1474 quam
1438 1418 1638 1474 pauper
1662 1401 1886 1473 reSpiret
1910 1402 2081 1468 dives,

494 1499 588 1554 sed
618 1499 797 1555 omnia
824 1498 968 1569 paria
995 1506 1050 1553 et
1078 1497 1382 1553 communia
1427 1495 1698 1567 proposita
1732 1503 1876 1551 sunt.
1907 1494 2083 1561 Quare

496 1593 657 1664 igitur
696 1591 898 1662 majora
921 1590 1135 1661 quidem
1180 1598 1235 1645 ct
1276 1590 1442 1660 magis
1473 1588 1807 1653 necessaria,
1841 1597 1895 1643 et
1918 1588 2081 1641 vitam

499 1693 734 1741 nostram
778 1682 1138 1747 continentia,
1165 1682 1467 1737 communia
1507 1683 1646 1736 Deus
1675 1680 1834 1747 fecit;
1879 1680 2083 1734 minora

494 1791 623 1831 vero
646 1784 701 1831 et
724 1776 907 1831 viliora
926 1789 1032 1829 non
1054 1781 1178 1829 sunt
1195 1772 1770 1843 communia,pecuni:e
1788 1772 2036 1826 nimirum
2058 1770 2083 1824 ?

495 1882 599 1938 qua
619 1866 687 1923 de
704 1867 900 1921 causa?
929 1865 1000 1923 Ut
1027 1866 1133 1921 vita
1170 1875 1351 1921 nostra
1386 1873 1761 1927 conservetur,
1790 1872 1843 1918 et
1875 1863 2083 1918 virtutis

495 1957 668 2012 stadia
697 1956 1006 2012 habeamus.
1036 1956 1093 2011 Si
1124 1956 1267 2010 enim
1297 1971 1404 2010 non
1432 1964 1614 2011 essent
1638 1954 1938 2010 necessaria
1968 1953 2083 2009 haec

494 2049 796 2106 communia
822 2089 839 2116 ,
870 2048 1006 2104 forte
1047 2048 1261 2110 divites,
1277 2048 1433 2103 solita
1460 2047 1540 2103 usi
1570 2047 2082 2116 avaritia,pauperes

494 2140 847 2195 suffocassent
874 2156 888 2193 :
918 2139 961 2194 si
991 2140 1136 2194 enim
1180 2139 1233 2194 in
1276 2137 1474 2193 divitiis
1504 2138 1607 2194 hoc
1633 2135 1865 2202 faciunt,
1913 2134 2082 2190 multo

496 2230 664 2301 magis
710 2230 765 2285 in
801 2230 907 2285 illis
936 2228 1206 2285 fecissent.
1238 2229 1469 2284 Rursum
1502 2228 1547 2283 si
1573 2235 1630 2284 et
1653 2227 1892 2298 pecuniae
1935 2240 2083 2282 eom-

495 2336 687 2377 muues
710 2331 913 2386 essent,
925 2328 981 2376 et
999 2320 1244 2375 similiter
1263 2319 1510 2375 omnibus
1525 2319 1832 2389 propositae,
1850 2317 2084 2373 eleemo-

496 2429 647 2486 syna:
687 2412 899 2467 occasio
918 2411 1125 2468 sublata
1138 2420 1307 2475 esset,
1327 2415 1377 2462 et
1393 2409 1669 2464 charitatis
1692 2410 2078 2480 opportunitas.

564 2505 620 2561 7.
645 2502 715 2560 Ut
741 2502 899 2574 igitur
925 2516 1115 2557 secure
1134 2500 1375 2557 vivamus
1397 2541 1414 2566 ,
1442 2514 1756 2555 communes
1783 2498 1935 2555 facta:
1959 2508 2084 2555 sunt

494 2596 649 2651 nubis
669 2595 789 2650 vita:
812 2609 987 2650 causae
1003 2610 1018 2661 ;
1037 2609 1270 2661 rursum,
1293 2601 1354 2649 ut
1372 2592 1666 2649 habeamus
1685 2607 2001 2649 coronarum
2028 2603 2084 2649 et

494 2686 709 2741 laudum
752 2684 1121 2751 occasionem,
1151 2700 1258 2740 non
1282 2698 1593 2740 communes
1636 2682 1788 2739 facta:
1822 2692 1947 2739 sunt
1985 2699 2083 2754 pe-

492 2780 687 2846 cuniae,
716 2787 773 2834 ut
805 2778 1083 2835 avaritiam
1104 2778 1275 2844 exosi,
1305 2786 1363 2835 et
1384 2778 1645 2849 justitiam
1674 2787 1959 2844 sectantes,
1984 2794 2082 2834 no-

493 2880 607 2925 stra
670 2869 1027 2941 indigentibus
1094 2879 1414 2941 erogantes,
1463 2869 1678 2940 aliquod
1738 2879 2082 2942 peccatorum

493 2971 799 3016 uostrormn
846 2960 1140 3016 remedium
1183 2975 1281 3031 per
1320 2961 1461 3016 viam
1504 2958 1644 3015 hanc
1670 2960 1963 3031 capiamus.
1989 2960 2083 3015 Di-

491 3056 651 3109 vitem
677 3063 731 3112 te
755 3054 877 3110 fecit
916 3054 1075 3120 Deus,
1104 3052 1233 3124 quid
1276 3062 1331 3109 te
1376 3052 1551 3124 ipsum
1594 3068 1882 3124 pauperem
1911 3052 2083 3107 lacis?

494 3145 722 3201 Divitem
750 3155 802 3200 te.
831 3146 982 3210 fecit,
1010 3154 1067 3199 ut
1093 3145 1276 3215 egenis
1300 3145 1605 3212 auxiliaris,
1632 3153 1689 3200 ut
1732 3154 1948 3215 peccata
1992 3153 2083 3201 tua

488 3239 669 3297 solvas
688 3252 785 3309 per
801 3238 1171 3294 liberalitatem
1197 3237 1317 3293 aliis
1341 3238 1631 3294 exhibitam
1657 3255 1671 3292 :
1692 3237 1840 3293 dedit
1866 3238 1959 3293 tibi
1991 3253 2082 3308 pe.

488 3332 677 3389 cuuias
700 3374 714 3397 ,
740 3346 844 3387 non
871 3343 929 3387 ttt
967 3331 1021 3386 iu
1058 3341 1286 3388 mortem
1325 3341 1468 3387 tuam
1517 3330 1771 3397 claudas,
1797 3331 1895 3387 sed
1927 3341 1984 3386 ut
2028 3331 2081 3386 in

490 3422 718 3480 salutem
748 3432 891 3478 tuam
918 3420 1186 3478 effundas.
1215 3423 1506 3491 Pr0pterea
1533 3430 1587 3477 et
1613 3423 1846 3492 ipsarum
1872 3436 2081 3492 posses-

489 3516 696 3572 siouem
723 3516 980 3570 incertam
1007 3524 1057 3569 et
1082 3529 1187 3569 non
1214 3513 1459 3569 stabilem
1490 3513 1634 3580 fecit,
1664 3523 1722 3567 ut
1750 3527 1846 3583 per
1875 3513 1976 3568 hoc
2001 3513 2082 3568 in-

492 3608 660 3663 sania:
684 3607 824 3662 circa
846 3607 990 3677 ipsas
1009 3606 1359 3662 intentionem
1386 3604 1723 3661 dissolveret.
1749 3604 1805 3660 Si
1828 3605 1969 3661 enim
1992 3604 2081 3675 qui

492 3714 634 3755 nunc
678 3696 985 3768 possident,
1010 3695 1102 3767 qui
1140 3696 1208 3752 de
1238 3696 1367 3767 ipsis
1401 3695 1675 3751 conlidere
1716 3712 1823 3751 non
1863 3695 2079 3761 valent,

489 3789 731 3861 quinimo
750 3787 944 3844 multas
971 3802 1037 3842 ex
1060 3786 1162 3843 hac
1182 3802 1242 3843 re
1269 3801 1463 3841 nasceu
1474 3794 1557 3841 tes
1584 3785 1805 3842 insidias
1831 3795 2079 3852 cernunt,

491 3881 571 3937 sic
589 3882 730 3936 circa
757 3879 967 3935 illarum
1004 3879 1328 3936 desiderium
1356 3878 1750 3934 succenduutur
1781 3896 1795 3934 :
1822 3878 1867 3932 si
1891 3890 1944 3933 et
1980 3878 2082 3933 hoc

490 3971 730 4027 additum
759 3979 934 4037 esset,
964 3979 1023 4025 ut
1065 3970 1287 4027 stabiles
1311 3978 1366 4026 et
1392 3970 1613 4026 minime
1639 3962 2076 4035 caducae'forent,

489 4062 582 4132 qui
622 4060 1020 4132 pepercissent?
1047 4075 1079 4116 a
1108 4074 1213 4133 quo
1240 4060 1666 4117 abstinuissent?
1689 4076 1719 4115 a
1748 4076 1851 4130 qua
1884 4061 2081 4117 vidua?

490 4169 523 4208 a
574 4153 767 4223 quibus
805 4151 1065 4225 pupillis?
1107 4166 1139 4206 a
1185 4151 1375 4223 quibus
1415 4150 1771 4222 pauperibus?
1792 4151 1870 4208 Ne
1921 4151 2082 4221 igitur

493 4260 745 4316 magnum
799 4253 1048 4316 putemus
1090 4243 1288 4299 bonum
1340 4257 1465 4299 esse
1509 4242 1721 4298 divitias
1773 4260 1788 4299 :
1830 4257 2079 4313 magnum

492 4336 635 4392 enim
665 4336 896 4402 bonum,
923 4350 1030 4391 non
1053 4334 1328 4405 possidere
1356 4334 1609 4404 pecunias
1632 4374 1647 4399 ,
1676 4334 1771 4390 sed
1804 4334 1896 4389 Dei
1923 4335 2082 4389 timo-

490 4444 605 4485 rem
626 4436 683 4484 et
704 4426 1059 4484 reverentiam
1087 4424 1381 4496 possidere.
1403 4424 1543 4480 Ecce
1569 4438 1710 4480 nunc
1729 4424 1772 4479 si
1799 4424 1918 4494 quis
1938 4434 2082 4480 esset

486 4521 691 4592 justus,
721 4527 779 4575 et
815 4517 958 4589 apud
988 4517 1159 4573 Deum
1195 4515 1402 4571 fiduciae
1441 4515 1645 4571 habens
1682 4514 1906 4570 multum
1931 4555 1945 4579 ,
1977 4515 2079 4571 etsi

490 4613 735 4670 omnium
782 4610 1060 4666 hominum
1128 4608 1502 4680 pauperrimus
1560 4614 1743 4675 esset,
1794 4608 2080 4677 prteseutia

492 4706 635 4763 mala
664 4703 872 4761 solvere
900 4710 1122 4775 posset;
1154 4701 1283 4758 satis
1312 4701 1456 4758 enim
1491 4710 1636 4757 esset
1662 4707 1865 4756 tantum
1895 4701 1948 4755 in
1978 4712 2084 4754 cte-

493 4798 603 4852 lum
629 4810 819 4852 manus
845 4793 1157 4857 extendere,
1188 4801 1242 4848 et
1266 4792 1432 4848 Deum
1462 4792 1729 4858 invocare,
1763 4799 1818 4847 et
1841 4791 1956 4847 haec
1986 4805 2081 4846 ne-

492 4889 615 4942 bula
662 4884 978 4957 praeteriret.
1007 4884 1211 4939 Aurum
1244 4898 1377 4938 vero
1402 4889 1607 4938 tantum
1634 4883 1925 4954 repositum
1968 4882 2081 4939 luto

490 4978 637 5033 otuni
665 4976 732 5031 ad
763 4973 1183 5045 impendentium
1212 4973 1471 5029 malorum
1502 4972 1825 5028 solutionem
1845 4972 2081 5029 inutilius

489 5080 574 5126 est
603 5088 617 5124 :
647 5081 749 5124 nec
776 5068 832 5123 in
868 5067 972 5123 hoc
1001 5074 1205 5121 tantum
1234 5065 1472 5135 periculo
1491 5104 1509 5131 ,
1551 5064 1647 5120 sed
1675 5073 1733 5120 et
1772 5065 1818 5120 si
1862 5066 2081 5123 morbus

491 5158 976 5234 comprehenderit,
1008 5160 1120 5215 sive
1139 5173 1306 5223 mors,
1330 5156 1442 5211 sive
1470 5156 1612 5213 aliud
1640 5158 1768 5230 quid
1788 5158 2079 5227 ejusmodi,

492 5252 832 5322 redarguitur
858 5248 1202 5321 pecuniarum
1234 5248 1316 5303 vis
1345 5248 1609 5318 impotens
1630 5289 1647 5314 ,
1669 5256 1724 5303 et
1750 5249 1947 5303 nullam
1986 5264 2081 5303 va-

493 5348 611 5401 lcus
652 5343 721 5399 de
757 5342 976 5413 proprio
1012 5339 1435 5396 consolationem
1477 5339 1531 5393 in
1576 5339 1820 5396 adversis
1861 5341 2077 5398 afferre.

495 5438 668 5494 Unum
694 5444 778 5492 est
818 5450 924 5504 quo
952 5440 1315 5505 paupertatem
1364 5431 1562 5488 divitiae
1598 5448 1853 5503 superare
1899 5435 2084 5490 viden-

496 5542 601 5597 tur,
633 5527 958 5600 quotidianis
986 5526 1230 5582 difﬂuere
1258 5525 1499 5594 deliciis,
1529 5534 1585 5581 et
1614 5505 1862 5583 multa'in
1900 5528 2084 5584 convi-

496 5624 595 5677 viis
634 5620 832 5691 repleri
865 5618 1155 5688 voluptate.
1190 5615 1302 5671 lluc
1349 5626 1525 5672 tamen
1578 5627 1633 5673 et
1687 5618 1738 5673 in
1790 5633 2083 5691 pauperum

498 5727 682 5768 mensa
708 5710 1022 5781 contingere
1054 5708 1282 5775 videtur,
1306 5707 1478 5765 ethos
1503 5709 1690 5780 majori
1712 5726 1870 5782 quam
1896 5726 2085 5768 omnes

496 5806 688 5863 divites
718 5804 985 5877 voluptate
1012 5800 1134 5858 frui.
1165 5800 1233 5857 Et
1260 5816 1326 5858 ne
1365 5800 1628 5857 miremini
1650 5843 1665 5872 ,
1697 5818 1829 5861 neve
1856 5804 2082 5862 incredi-

2192 490 2298 548 bile
2325 491 2523 563 putetis
2543 534 2558 560 ,
2599 493 2742 564 quod
2784 493 2985 549 dictum
3028 503 3111 550 est
3141 512 3154 551 :
3186 510 3250 550 ex
3282 493 3395 566 ipsa
3422 495 3564 552 enim
3594 513 3774 555 rerum

2188 585 2642 641 demonstratione
2672 586 2773 642 hoc
2809 587 2959 644 vobis
2987 587 3174 642 faciam
3205 589 3563 645 manifestum.
3595 589 3775 647 Nostis

2187 676 2384 746 quippe
2412 690 2600 733 omnes
2619 717 2634 741 ,
2663 685 2718 732 et
2761 676 2864 733 hoc
2885 678 3212 733 conﬁtemini
3231 719 3246 742 ,
3274 679 3417 748 quod
3446 679 3772 749 voluptatem

2189 769 2241 823 in
2268 768 2527 825 conviviis
2550 783 2653 824 non
2677 768 2995 825 ferculorum
3022 780 3232 837 natura,
3255 771 3350 826 sed
3379 772 3773 828 eonvivantium

2188 860 2471 933 dispositio
2514 861 2689 918 facere
2734 862 3054 918 consuevit:
3084 873 3208 934 puta
3234 904 3249 928 ,
3298 878 3421 919 eum
3473 864 3613 919 fame
3655 866 3777 935 quis

2189 969 2427 1009 mensam
2474 956 2739 1025 attingens
2759 996 2773 1021 ,
2804 954 2950 1010 omni
2987 954 3213 1009 obsonio
3235 965 3288 1011 et
3314 956 3688 1021 condimento,
3719 967 3776 1012 et

2189 1045 2486 1102 innumeris
2544 1046 2786 1101 ciborum
2847 1046 3109 1102 illecebris
3154 1046 3527 1117 iucundiorem
3596 1062 3774 1102 escam

2188 1139 2453 1208 gustabit,
2492 1139 2590 1193 etsi
2649 1140 2889 1193 omnium
2943 1139 3197 1194 vilissima
3244 1140 3358 1194 sit:
3402 1140 3774 1194 necessitatem

2186 1244 2317 1283 vero
2355 1236 2412 1284 et
2450 1227 2679 1284 esuriem
2734 1229 3098 1299 prazveuiens,
3124 1228 3267 1299 quod
3305 1228 3499 1285 divites
3537 1229 3733 1285 faciunt
3756 1269 3773 1294 ,

2188 1323 2232 1378 si
2276 1323 2435 1377 etiam
2464 1322 2735 1393 placentas
2780 1321 3045 1378 invenerit
3079 1320 3383 1393 appositas,
3428 1336 3533 1376 nou
3580 1324 3777 1377 sentiet

2190 1415 2550 1484 voluptatem,
2589 1415 2754 1485 ipsius
2801 1414 3038 1485 appetitu
3086 1429 3193 1469 non
3221 1415 3471 1471 excitato.
3505 1415 3569 1469 Et
3598 1425 3652 1469 ut
3693 1415 3778 1469 di-

2188 1523 2307 1564 scas
2336 1509 2435 1563 hoc
2455 1509 2527 1562 ita
2562 1522 2621 1563 se
2662 1507 2874 1571 habere,
2909 1515 3074 1562 testes
3102 1507 3318 1578 quidem
3346 1516 3398 1562 et
3431 1522 3526 1561 vos
3548 1522 3773 1571 omnes;

2188 1601 2465 1657 audiamus
2491 1610 2665 1656 autem
2696 1610 2750 1656 et
2778 1600 3104 1669 Scripturam
3134 1600 3237 1655 hoc
3264 1601 3433 1670 ipsum
3464 1602 3727 1656 dicentem
3756 1620 3771 1655 :

2186 1694 2373 1749 Anima
2397 1703 2625 1748 saturata
2665 1692 2794 1761 favis
2818 1693 3014 1755 illudit,
3039 1692 3225 1746 animi:
3244 1701 3412 1745 antem
3439 1693 3601 1762 egenti
3624 1692 3776 1746 etiam

2187 1804 2362 1842 amara
2414 1787 2586 1843 dulcia
2630 1788 2859 1841 videntur
2911 1786 3109 1856 (Prov.
3141 1787 3230 1841 27.
3265 1787 3341 1854 7).
3372 1785 3440 1841 Et
3476 1794 3624 1842 certe
3648 1787 3775 1855 quid

2188 1878 2323 1935 favis
2365 1879 2573 1935 dulcius
2605 1889 2660 1936 et
2702 1878 2905 1935 melle?
2930 1878 3036 1934 Sed
3065 1894 3169 1933 uon
3194 1878 3489 1949 jucundum
3514 1920 3531 1942 ,
3565 1879 3772 1948 inquit,

2188 1986 2294 2026 non
2344 1971 2619 2026 esurienti.
2644 1970 2782 2040 Quid
2834 1985 2962 2027 vero
3011 1970 3210 2026 amaris
3253 1970 3634 2039 iniucundius?
3679 1969 3775 2024 sed

2186 2060 2361 2117 dulcia
2387 2070 2510 2118 sunt
2540 2063 2591 2118 in
2622 2062 2877 2133 pauperie
2902 2061 3223 2117 constitutis.
3252 2061 3403 2129 Quod
3431 2071 3608 2116 autem
3640 2075 3773 2130 pau-

2188 2167 2345 2223 peres
2380 2167 2503 2207 cum
2547 2153 2865 2209 necessitate
2891 2160 2947 2209 et
2972 2151 3149 2208 esurie
3192 2151 3259 2206 ad
3297 2152 3475 2206 cibum
3515 2152 3730 2206 veniant
3753 2192 3769 2214 ,

2187 2243 2381 2301 divites
2408 2259 2535 2298 vero
2558 2259 2676 2299 eam
2703 2259 2809 2299 non
2849 2251 3194 2312 exspectent,
3228 2242 3330 2296 hoc
3371 2241 3566 2311 quique
3600 2241 3775 2295 maui-

2188 2337 2381 2394 festum
2409 2346 2493 2392 est
2520 2354 2534 2392 :
2566 2336 2707 2392 unde
2735 2335 3024 2407 legitimam
3067 2343 3123 2390 et
3159 2334 3421 2389 sinceram
3449 2333 3773 2401 voluptatem

2189 2442 2295 2482 non
2315 2427 2552 2497 capiunt.
2581 2426 2690 2482 Nec
2717 2426 2768 2481 in
2795 2425 2928 2481 cibis
2954 2433 3179 2492 tantum,
3208 2423 3302 2479 sed
3328 2433 3383 2479 et
3408 2424 3459 2478 in
3485 2434 3611 2492 potu
3633 2423 3773 2482 idem

2186 2518 2431 2574 accidere
2446 2517 2630 2573 videre
2659 2518 2779 2573 licet
2805 2534 2817 2570 :
2846 2525 2900 2573 et
2924 2517 3058 2573 sicut
3082 2516 3192 2571 illic
3210 2515 3416 2571 esuries
3436 2528 3591 2584 supra
3623 2529 3779 2568 esca-

2172 2626 2308 2666 rum
2336 2618 2579 2664 naturam
2621 2608 2944 2679 voluptatem
2974 2606 3206 2674 inducit,
3235 2607 3313 2663 sic
3336 2616 3391 2661 et
3433 2605 3518 2660 hic
3546 2606 3662 2660 sitis
3682 2605 3773 2674 ju-

2187 2704 2573 2760 cundissimum
2612 2711 2793 2772 potum
2824 2701 2999 2756 facere
3039 2700 3349 2766 consuevit,
3389 2699 3491 2753 etsi
3536 2713 3665 2767 pura
3706 2699 3778 2751 sit

2187 2811 2323 2868 aqua
2344 2812 2462 2866 qua:
2506 2794 2735 2849 bibatur.
2767 2792 2834 2847 Et
2882 2792 2986 2847 hoc
3032 2791 3205 2862 ipsum
3240 2788 3509 2859 Propheta
3552 2787 3777 2843 demou-

2187 2900 2362 2947 strans
2393 2929 2408 2954 ,
2460 2887 2672 2943 dicebat
2721 2902 2735 2939 :
2785 2884 2857 2939 Et
2903 2885 2967 2940 de
3010 2893 3153 2954 petra
3205 2881 3353 2936 melle
3402 2878 3648 2935 saturavit
3690 2894 3775 2931 eos

2188 2979 2378 3053 (Psal.
2412 2979 2499 3035 80.
2549 2980 2615 3035 l7
2643 2979 2686 3049 ).
2734 2976 2897 3047 Atqui
2942 2976 3043 3030 hoc
3094 2987 3354 3044 nusquam
3398 2971 3451 3026 in
3499 2969 3773 3039 Scriptura

2187 3073 2383 3128 lectum
2411 3082 2494 3127 est
2514 3113 2529 3137 ,
2562 3069 2705 3142 quod
2746 3069 2851 3124 mel
2895 3068 2962 3123 de
2997 3064 3146 3137 petra
3177 3064 3351 3119 Moses
3379 3061 3643 3125 eduxerit,
3675 3059 3771 3114 sed

2187 3165 2383 3235 ubique
2406 3162 2626 3229 ﬂuvios,
2653 3169 2711 3217 et
2735 3174 2900 3230 aquas
2918 3199 2935 3226 ,
2956 3166 3009 3213 et
3050 3155 3237 3227 frigida
3266 3155 3485 3210 fluenta.
3513 3150 3653 3221 Quid
3678 3153 3775 3220 igi-

2188 3266 2276 3314 tur
2305 3257 2520 3312 tandem
2568 3262 2653 3309 est
2693 3242 2837 3324 quod
2860 3250 3093 3306 dicitur?
3128 3263 3299 3318 neque
3327 3247 3469 3301 enim
3498 3244 3772 3314 Scriptura

2188 3351 2461 3405 mentitur.
2496 3348 2783 3417 Postquam
2812 3344 2954 3400 enim
2996 3342 3235 3397 sitientes
3274 3349 3326 3394 et
3358 3337 3643 3409 indigentia
3673 3335 3772 3391 de-

2188 3442 2388 3511 fatigati
2415 3442 2466 3494 in
2496 3438 2795 3510 frigidiores
2821 3450 2987 3507 aquas
3016 3434 3350 3498 inciderunt,
3373 3447 3438 3487 ex
3471 3440 3597 3500 potu
3623 3429 3774 3483 vuln-

2187 3543 2387 3607 ptatem
2421 3545 2663 3587 asserere
2700 3529 2920 3591 volens,
2960 3527 3065 3582 mel
3093 3540 3283 3595 aquam
3312 3520 3634 3591 appellavit,
3664 3534 3771 3572 non

2188 3636 2456 3697 tamquam
2485 3630 2684 3677 mutata
2712 3621 2765 3675 iu
2805 3621 2911 3675 mel
2956 3629 3165 3681 natura,
3205 3615 3299 3671 sed
3342 3613 3634 3668 bibentium
3662 3611 3774 3665 dis-

2193 3718 2459 3788 positione
2507 3714 2704 3770 ﬂuenta
2743 3712 2902 3767 melle
2940 3707 3257 3781 iucundiora
3303 3706 3547 3761 faciente.
3578 3702 3775 3758 Didici-

2186 3810 2291 3873 sti,
2314 3823 2423 3880 quo
2468 3806 2630 3862 modo
2663 3815 2718 3861 et
2761 3813 2944 3875 potum
2988 3817 3205 3858 suavem
3235 3800 3525 3856 sitientium
3556 3795 3772 3852 affectio

2185 3901 2414 3957 reddere
2437 3897 2765 3953 consuevit?
2809 3894 2955 3950 Multi
2985 3892 3143 3965 igitur
3169 3905 3428 3962 pauperes
3451 3904 3594 3959 sarpe
3619 3888 3771 3943 labo-

2185 4003 2366 4050 rantes
2395 4001 2447 4047 et
2475 3988 2780 4060 defatigati,
2808 3996 2862 4043 et
2888 3987 2974 4042 siti
2999 3985 3247 4040 ardentes
3265 4025 3282 4050 ,
3305 3997 3425 4039 cum
3448 3981 3588 4037 dicta
3614 3980 3771 4035 volu-

2187 4096 2331 4157 ptate
2354 4084 2477 4139 talia
2500 4082 2735 4139 libavere
2761 4080 2958 4135 ﬂuenta
2981 4095 2995 4133 :
3018 4077 3208 4133 divites
3228 4090 3358 4131 vero
3376 4075 3555 4129 vinum
3584 4087 3768 4140 suave,

2186 4187 2242 4235 et
2267 4177 2415 4233 floris
2439 4175 2684 4239 odorem,
2710 4184 2763 4230 et
2791 4188 3005 4229 omnem
3034 4171 3285 4226 virtutem
3318 4168 3539 4235 habens,
3568 4183 3687 4239 qua:
3715 4168 3768 4223 in

2185 4273 2311 4327 vino
2336 4269 2508 4341 optari
2538 4269 2704 4340 possit
2721 4310 2736 4335 ,
2770 4267 3075 4323 haurientes
3093 4306 3109 4334 ,
3136 4280 3241 4321 non
3279 4263 3523 4321 eamdem
3551 4277 3772 4321 sensere

2185 4362 2617 4418 delectationem.

2257 4456 2312 4512 8.
2347 4455 2459 4511 Hoc
2496 4463 2551 4510 et
2590 4454 2643 4509 in
2683 4466 2874 4509 somno
2901 4451 3013 4508 ﬁeri
3039 4450 3240 4505 videas.
3280 4448 3394 4505 Non
3428 4450 3569 4505 enim
3608 4449 3772 4505 molle

2185 4556 2411 4604 stratum
2435 4588 2451 4613 ,
2488 4561 2662 4617 neque
2703 4545 3079 4615 deargentatus
3108 4543 3275 4597 lectus
3294 4584 3307 4605 ,
3341 4556 3514 4612 neque
3536 4541 3686 4611 quies
3716 4541 3771 4596 in

2184 4638 2422 4695 conclavi
2468 4639 2634 4705 facta,
2677 4650 2847 4706 neque
2885 4633 3023 4689 aliud
3054 4632 3354 4703 hujusmudi
3382 4632 3648 4702 quidpiam
3678 4646 3772 4686 so-

2186 4745 2369 4786 mnum
2400 4728 2608 4784 dulcem
2636 4735 2691 4781 et
2717 4726 3002 4797 proclivem
3034 4725 3210 4780 facere
3244 4725 3420 4791 solet,
3448 4724 3585 4779 sicut
3624 4724 3774 4778 labo-

2185 4836 2308 4877 rare
2351 4828 2405 4876 et
2449 4819 2633 4875 lassari
2659 4858 2676 4886 ,
2718 4828 2773 4874 et
2802 4818 3146 4873 vehementer
3173 4831 3361 4871 somno
3389 4815 3682 4886 indigentes
3715 4824 3774 4872 et

2186 4913 2537 4970 dormitantes
2572 4910 2818 4967 reclinari
2847 4927 2862 4964 :
2893 4919 2949 4965 et
2976 4912 3078 4964 hoc
3115 4909 3327 4979 quidem
3358 4917 3582 4965 testatur
3609 4908 3770 4964 etiam

2186 5020 2366 5061 rerum
2393 5002 2718 5074 experientia
2749 5020 2763 5057 :
2785 5009 3011 5057 testatur
3033 5009 3211 5055 autem
3241 5007 3295 5055 et
3321 5009 3442 5055 ante
3468 5015 3646 5055 rerum
3673 5016 3774 5055 ex-

2189 5099 2499 5169 pcrientiam
2527 5095 2919 5167 Scripturarum
2944 5093 3227 5149 sententia.
3269 5093 3484 5148 Deliciis
3513 5094 3656 5148 enim
3689 5094 3771 5146 iu-

2188 5190 2418 5244 nutritus
2444 5188 2697 5244 Salomon
2726 5184 2866 5241 idem
2891 5184 3259 5240 demonstrare
3283 5183 3491 5248 volens,
3518 5181 3732 5237 dicebat
3757 5200 3771 5237 :

2188 5272 2460 5336 Iucundus
2484 5295 2686 5333 somnus
2714 5293 2875 5341 servo,
2902 5276 3005 5330 sive
3041 5290 3240 5346 parum,
3272 5273 3375 5327 sive
3402 5271 3615 5326 multum
3638 5288 3777 5325 com-

2191 5374 2306 5428 edat
2336 5371 2500 5444 (Eccl.
2525 5372 2578 5427 5.
2620 5370 2731 5443 Η).
2773 5368 2882 5426 Cur
2922 5368 3080 5439 igitur
3107 5366 3273 5433 addit,
3306 5366 3425 5422 Sive
3445 5382 3647 5435 parum,
3677 5367 3779 5418 sive

2190 5468 2406 5522 multum
2431 5466 2691 5520 comedat?
2713 5464 2883 5518 Ambo
2910 5462 3024 5515 haec
3044 5459 3273 5531 vigiliam
3306 5458 3559 5513 inducere
3580 5456 3775 5519 solent,

2192 5561 2479 5631 indigentia
2508 5569 2563 5614 et
2588 5550 2799 5628 crapula
2824 5573 2837 5611 :
2861 5554 2949 5610 illa
2972 5553 3183 5625 quidem
3205 5566 3398 5622 corpus
3415 5551 3433 5582 ⁸
3458 5547 3776 5612 arefacicns,

2191 5667 2245 5715 et
2275 5655 2554 5729 palpebras
2580 5667 2805 5710 corneas
2830 5650 3081 5718 reddens,
3107 5664 3205 5706 nec
3226 5648 3399 5704 claudi
3421 5646 3738 5718 permittens
3762 5658 3780 5699 :

2260 5816 2277 5848 ι
2301 5814 2383 5865 sic
2399 5812 2540 5878 juxta
2561 5808 2702 5861 Savil.
2725 5816 2790 5860 tn.
2817 5815 2890 5872 8.,
2913 5820 3020 5873 pro,
3044 5819 3238 5871 corpus,
3263 5804 3462 5869 legitur,
3488 5799 3733 5867 spiriium.
