4072 6384
280 350 359 450 ιι
1284 388 1377 447 AD
1415 386 1748 448 POPULUH
1786 384 1970 442 ANTN

2073 382 2294 441 IENUM
2334 380 2571 440 HOﬂlL.
2613 381 2682 439 ΙΙ.
3680 384 3752 441 Η

281 509 521 582 κρίσεως
562 508 769 580 ἡμέρᾳ,
792 508 887 563 καὶ
914 507 1043 562 ὅταν
1076 505 1183 559 τῶν
1217 504 1623 577 πεπραγμένων
1656 501 1757 566 τὰς
1801 500 1961 555 εὐθύ-

280 618 383 663 νας
410 598 770 669 ἀπαιτῶμεθα
809 598 1035 661 πάντες.
1072 595 1236 647 Ὥστε
1288 594 1342 646 εί
1376 609 1459 657 τις
1510 592 1684 644 ἐθέλοι
1731 591 1827 643 καὶ
1864 589 1963 660 τὴν

279 687 475 755 κτῆσιν
496 685 675 739 αὐτῶν
699 684 793 738 καὶ
818 682 917 755 τὴν
948 684 1143 753 χρῆσιν
1189 680 1335 751 ἔχειν
1365 680 1458 733 καὶ
1483 678 1582 748 τὴν
1616 677 1960 740 δεσποτείαν,

280 771 707 827 ἀπαλλαττέσθω
742 770 850 824 τῶν
883 770 1051 823 ὅντων
1092 768 1346 823 ἁπάντων
1363 784 1377 799 ο
1413 766 1488 831 ὡς
1518 766 1547 819 ὃ
1584 782 1648 833 γε
1693 766 1767 836 μὴ
1806 765 1965 819 τοῦτο

282 860 477 925 ποιῶν,
505 861 571 931 τῇ
597 859 821 930 τελευτῇ
848 858 947 929 μὲν
972 857 1151 911 αὐτῶν
1174 858 1542 926 ἀποστήσεται
1572 854 1812 918 πάντως,
1838 856 1968 910 πολ-

280 948 440 1010 λάκις
472 947 530 1001 66
555 947 650 1000 καὶ
686 947 791 1017 πρὸ
830 946 931 1015 τῆς
957 944 1214 1015 τελευτῆς
1248 944 1386 1015 μετά
1423 941 1686 997 κινδύνων
1729 944 1823 997 καὶ
1860 961 1963 1013 μυ-

283 1036 419 1106 ρξων
449 1033 589 1090 αύτά
614 1034 968 1089 άποϐαλεῖται
988 1032 1194 1086 κακῶν.
1220 1032 1333 1087 Kal
1362 1032 1425 1085 06
1463 1029 1622 1084 10610
1658 1030 1817 1102 μόνον
1844 1032 1967 1085 ἐστὶ

281 1125 346 1177 16
373 1123 566 1184 δεινὸν,
599 1123 682 1176 ὅτι
729 1120 1001 1193 μεταϐολὴ
1052 1120 1264 1190 γίνεται
1312 1118 1545 1190 ἀθρόως,
1589 1118 1704 1172 ἀλλ’
1749 1119 1833 1172 ὅτι
1872 1121 1966 1173 καὶ

282 1204 624 1277 ἀμελέτητος
660 1206 798 1276 πρὸς
823 1205 924 1276 τὴν
949 1204 1048 1275 τῆς
1075 1200 1268 1267 πενίας
1305 1198 1586 1273 ὑπομονὴν
1631 1203 1660 1255 6
1709 1202 1966 1267 πλούσιος

282 1289 525 1360 ἔρχεται·
566 1288 681 1343 ἀλλ’
715 1289 814 1359 οὐχ
840 1289 871 1340 6
902 1288 1073 1359 πένης
1101 1287 1375 1351 τοιοῦτος·
1415 1287 1476 1340 06
1506 1286 1613 1357 γὰρ
1638 1286 1848 1358 χρυσίῳ
1870 1285 1967 1339 καὶ

282 1371 535 1443 ἀργυρίῳ
560 1370 903 1443 τεθάρῤηκεν
935 1368 1163 1440 ἀψύχοις
1206 1367 1382 1433 ὕλαις,
1437 1368 1575 1422 ἀλλά
1596 1368 1673 1439 τῷ
1713 1367 1833 1438 Θεῷ
1885 1366 1965 1438 τῷ

285 1453 581 1525 παρέχοντι
607 1454 786 1508 πάντα
811 1452 1113 1516 πλουσίως
1153 1451 1296 1505 ὥστε
1329 1455 1357 1506 6
1392 1452 1644 1515 πλούσιος
1691 1453 1748 1504 ἐν
1784 1452 1966 1524 ἀδήλῳ

286 1536 491 1607 μᾶλλον
525 1537 757 1609 ἕστηκεν
786 1537 819 1607 ἡ
853 1538 883 1590 6
919 1536 1107 1605 πένης.
1145 1535 1355 1599 πυκνάς
1390 1535 1482 1588 καὶ
1510 1535 1846 1607 ἐπαλλήλους
1888 1536 1969 1590 δε-

289 1620 517 1690 χόμενος
542 1620 639 1684 τὰς
673 1620 993 1690 μεταϐολάς.
1018 1620 1083 1673 Τί
1112 1620 1169 1674 δέ
1192 1621 1329 1683 ἐστι,
1364 1617 1447 1684 Τῷ
1470 1618 1792 1687 παρέχοντι
1823 1618 1970 1689 ἡμῖν

288 1699 363 1754 τὰ
397 1699 596 1755 πάντα
641 1703 951 1769 πλουσίως
994 1703 1076 1766 είς
1128 1701 1427 1756 ἀπόλαυσιν
1477 1712 1539 1766 a;
1590 1702 1774 1755 Πάντα
1827 1701 1968 1771 μετά

283 1782 565 1852 δαψιλείας
608 1784 822 1838 δίδωσιν
874 1786 906 1838 6
958 1783 1115 1849 Θεὸς,
1167 1783 1240 1837 16
1293 1782 1473 1853 πολλῷ
1517 1784 1624 1837 τῶν
1668 1785 1969 1857 χρημάτων

286 1867 710 1939 ἀναγκαιότερα,
747 1861 860 1921 οἷον
908 1867 999 1921 τὸν
1048 1867 1210 1938 ἀέρα,
1256 1866 1319 1920 16
1370 1866 1536 1938 ὕδωρ,
1586 1867 1647 1920 τὸ
1695 1868 1829 1942 πῦρ,
1876 1868 1969 1923 16v

282 1950 459 2020 ῆλιον,
491 1951 708 2005 ἅπαντα
739 1950 807 2005 16
834 1949 1083 2006 101a61a.
1115 1952 1229 2006 Οὐκ
1261 1951 1408 2006 ἔστιν
1439 1954 1613 2006 εἰπεῖν
1651 1954 1733 2008 δτι
1779 1952 1969 2007 πλείο-

286 2050 378 2097 νος
424 2033 689 2088 ἀπολαύει
735 2035 836 2105 τῆς
882 2036 1099 2098 ἀκτῖνος
1138 2037 1167 2089 6
1205 2035 1476 2100 πλούσιος,
1517 2037 1798 2101 ἐλάττονος
1842 2038 1899 2093 δέ
1941 2038 1971 2091 6

286 2115 498 2187 πένης·
531 2118 632 2171 οὐκ
664 2116 813 2172 ἐστιν
852 2120 1046 2183 εἰπεῖν,
1090 2119 1171 2172 ὅτι
1212 2118 1593 2191 δαψιλέστερον
1638 2120 1777 2191 ἀέρα
1832 2121 1967 2174 άναο

288 2199 444 2253 πνέει
473 2200 568 2253 τοῦ
604 2201 837 2272 πένητος
862 2201 891 2253 6
920 2201 1183 2255 πλουτῶν·
1222 2200 1356 2255 ἀλλά
1373 2202 1550 2256 πάντα
1577 2202 1668 2257 ίσα
1688 2204 1783 2257 καὶ
1815 2203 1970 2257 κοινά

288 2282 598 2354 πρόκειται.
628 2283 785 2347 Τίνος
805 2280 899 2338 οὖν
922 2285 1110 2338 ἕνεκεν
1148 2284 1221 2338 τά
1265 2286 1364 2357 μὲν
1412 2286 1633 2357 μείζονα
1677 2289 1773 2342 καὶ
1809 2288 1971 2356 ἀναγ-

288 2364 550 2436 καιότερα
571 2366 666 2420 καὶ
687 2366 784 2439 τὴν
815 2366 958 2439 ζωὴν
1002 2367 1161 2439 ἡμῶν
1200 2369 1493 2440 συνέχοντα
1541 2371 1698 2425 κοινά
1740 2370 1971 2442 πεποίη-

288 2465 386 2502 κεν
418 2450 447 2501 ό
483 2448 637 2513 Θεὸς,
678 2451 747 2505 16
777 2451 833 2504 66
879 2451 1137 2506 ἐλάττονα
1179 2452 1273 2506 zeal
1315 2454 1672 2526 εὐτελέστερα
1716 2456 1817 2509 οὐκ
1851 2453 1969 2509 ἐστι

290 2531 447 2585 κοινά
481 2532 531 2595 δ,
569 2532 638 2586 τὰ
684 2534 942 2605 χρήματα
1002 2533 1182 2603 λέγω;
1219 2534 1365 2599 τίνος
1418 2532 1510 2591 06v
1561 2537 1786 2601 ἐνεκεν;
1850 2538 1969 2592 Ἵνα

290 2615 658 2686 συγκροτῆται
682 2616 894 2687 ἡμῶνὴ
927 2616 1065 2686 ζωὴ,
1100 2618 1196 2672 καὶ
1223 2618 1425 2690 ἀρετῆς
1464 2620 1677 2691 ἔχωμεν
1708 2619 1970 2692 σκάμμα-

288 2715 380 2751 τα.
418 2700 481 2751 Εἰ
515 2700 612 2768 μὲν
639 2700 749 2770 γὰρ
791 2700 866 2771 μὴ
905 2695 973 2771 ῆν
1020 2700 1089 2754 16
1121 2701 1394 2769 ἀναγκαῖα
1430 2702 1602 2757 ταῦτα
1632 2704 1806 2765 κοινά,
1836 2704 1970 2769 ἴσως

291 2782 359 2836 ἀν
377 2784 425 2836 οί
444 2782 819 2847 πλουτοῦντες,
836 2787 900 2855 τῇ
920 2785 1147 2857 είωθυίᾳ
1171 2786 1500 2857 κεχρημένοι
1528 2786 1827 2858 πλεονεξίᾳ,
1841 2791 1969 2854 τοὺς

290 2865 623 2936 πενομένους
663 2867 962 2933 ἀπέπνιξαν
984 2867 1082 2921 ἄν·
1117 2869 1166 2922 εί
1211 2871 1321 2941 γὰρ
1364 2871 1456 2924 ἐπὶ
1508 2870 1617 2925 τῶν
1668 2871 1969 2942 χρημάτων

289 2947 450 3002 τοῦτο
512 2948 726 3002 ποιοῦσι
745 2989 760 3013 ,
799 2950 980 3020 πολλῷ
1030 2952 1230 3021 μᾶλλον
1274 2953 1360 3006 ἐπ’
1408 2953 1635 3007 ἐκείνων
1685 2954 1843 3008 τοῦτο
1901 2954 1969 3009 ἂν

293 3032 586 3103 ἐποίησαν⁸
630 3032 791 3086 πάλιν
822 3035 870 3086 εἰ
909 3033 1005 3087 καὶ
1045 3035 1113 3089 16
1141 3041 1399 3107 χρήματα
1427 3031 1496 3108 ἦν
1521 3036 1698 3097 κοινά,
1740 3038 1833 3091 καὶ
1862 3040 1968 3091 πᾶς

296 3132 379 3169 σιν
414 3116 614 3186 ὁμοίως
648 3116 961 3188 προύκειτο,
990 3119 1360 3193 ἐλεημοσύνης
1396 3122 1636 3194 ἀνῄρητο
1668 3122 1966 3194 πρόφασις,

293 3202 389 3256 καί
413 3200 812 3273 φιλοφροσύνης
832 3202 1074 3275 ἀφορμή.

365 3286 431 3353 ξ’.
459 3287 580 3339 Ἵνα
607 3281 700 3340 06v
726 3284 896 3349 ἀδεῶς
930 3286 1134 3357 ζῶμεν,
1163 3286 1320 3341 κοινά
1349 3288 1570 3357 γέγονεν
1596 3290 1729 3361 ἡμῖν
1760 3288 1828 3344 τά
1867 3289 1971 3361 τῆς

294 3370 444 3442 ζωῆς
488 3370 668 3424 αἴτια·
704 3371 899 3434 πάλιν,
930 3371 1017 3424 ἵνα
1057 3370 1270 3441 ἔχωμεν
1314 3373 1594 3442 στεφάνων
1626 3374 1723 3429 καὶ
1756 3374 1969 3428 εὐδοκι-

297 3457 519 3527 μήσεων
572 3454 845 3527 ἀφορμὴν,
902 3454 964 3509 06
1013 3453 1169 3508 κοινά
1200 3454 1390 3523 γέγονε
1434 3456 1502 3508 16
1551 3458 1832 3528 χρήματα,
1882 3457 1971 3511 ῖνα

295 3537 612 3603 πλεονεξίαν
638 3537 942 3608 μισοῦντες,
964 3538 1059 3591 καὶ
1078 3536 1423 3608 δικαιοσύνην
1447 3536 1758 3602 διώκοντες,
1782 3539 1876 3592 καὶ
1903 3539 1972 3593 16

295 3621 424 3675 δντα
462 3623 573 3681 τοῖς
601 3619 874 3690 δεομένοις
925 3619 1263 3692 προϊέμενοι.
1315 3619 1669 3689 παραμυθίαν
1714 3619 1835 3673 τινά
1882 3620 1972 3674 616

295 3705 397 3775 τῆς
433 3704 658 3775 μεθόδου
698 3703 903 3774 ταύτης
932 3703 1041 3756 τῶν
1070 3701 1284 3757 οἰκείων
1318 3702 1687 3773 λαμϐάνωμεν
1720 3703 1973 3775 ἁμαρτη-

296 3788 511 3858 μάτων.
538 3785 800 3839 Πλούσιόν
838 3803 898 3839 σε
931 3786 1188 3855 ἐποίησεν
1216 3786 1245 3838 6
1285 3785 1438 3849 Θεὸς,
1469 3785 1519 3839 τί
1553 3785 1749 3840 σαυτὸν
1797 3789 1974 3851 ποιεῖς

299 3869 543 3940 πένητας
585 3867 845 3922 Πλούσιόν
885 3885 944 3921 σε
973 3867 1250 3938 ἐποίησεν,
1282 3868 1368 3921 l‘va
1399 3870 1510 3931 τοῖς
1539 3868 1811 3939 δεομένοις
1841 3870 1971 3942 βοη-

300 3950 421 4023 θῇς,
449 3951 537 4005 ῖνα
561 3951 630 4006 16
654 3952 1029 4023 ἁμαρτήματα
1066 3950 1238 4021 λύσῃς
1284 3950 1355 4004 τά
1404 3950 1603 4005 σαυτοῦ
1640 3952 1728 4006 διὰ
1754 3953 1855 4024 τῆς
1891 3956 1973 4012 είς

299 4035 520 4106 ἐτέρους
550 4033 856 4104 δαψιλείας·
895 4033 1098 4087 δέδωκέ
1130 4050 1212 4087 σοι
1243 4034 1524 4105 χρήματα,
1558 4035 1657 4105 οὐχ
1689 4034 1776 4089 ῖνα
1805 4054 1973 4090 κατα-

300 4119 524 4191 κλείσῃς
550 4119 635 4172 ἐπ’
657 4116 865 4189 ὀλέθρῳ
894 4116 972 4188 τῷ
1000 4116 1098 4188 σῷ,
1121 4116 1235 4170 ἀλλ’
1261 4117 1348 4171 ἵνα
1384 4116 1582 4189 ἐκχέῃς
1613 4118 1705 4171 ἐπὶ
1727 4118 1973 4193 σωτηρίᾳ

299 4207 369 4275 τῇ
414 4206 502 4273 σῇ.
530 4202 629 4256 Διά
660 4200 817 4255 τοῦτο
848 4200 942 4254 καὶ
979 4200 1078 4272 τὴν
1103 4199 1298 4270 κτῆσιν
1318 4200 1499 4253 αὐτῶν
1528 4199 1721 4271 ἀδηλον
1742 4201 1970 4272 ἐποίησε

301 4289 395 4343 καὶ
431 4286 491 4341 οὐ
538 4286 783 4358 μόνιμον,
816 4284 904 4337 ἶνα
948 4284 1043 4338 καὶ
1080 4285 1139 4337 ἐν
1174 4283 1351 4355 τούτῳ
1379 4284 1482 4354 τῆς
1522 4286 1652 4356 περὶ
1685 4285 1826 4338 αύτά
1868 4303 1973 4355 μα-

299 4374 420 4435 νίας
438 4368 720 4441 καταλύσῃ
733 4367 824 4422 τὸν
846 4367 1017 4421 τόνον.
1045 4367 1109 4420 Εί
1135 4366 1244 4438 γὰρ
1270 4366 1365 4420 νῦν
1385 4368 1486 4420 οὐκ
1510 4365 1727 4437 ἔχοντες
1748 4368 1972 4441 θαρρεῖν

299 4457 353 4510 οῖ
381 4453 711 4525 κεκτημένοι
734 4451 864 4523 περί
894 4450 1097 4512 αὐτῶν,
1132 4448 1267 4505 ἀλλά
1296 4450 1390 4503 καὶ
1412 4448 1609 4515 πολλὰς
1638 4451 1872 4522 ὁρῶντες
1906 4455 1973 4509 ἐκ

300 4536 396 4593 τοῦ
425 4536 751 4608 πράγματος
776 4534 1102 4605 τικτομένας
1126 4531 1437 4598 ἐπιϐουλὰς,
1462 4531 1637 4597 οὕτως
1661 4536 1972 4593 ἐκκαίονται

302 4620 433 4690 περὶ
447 4619 538 4673 τὸν
557 4617 781 4672 ἐκείνων
797 4614 980 4678 πόθον,
1002 4617 1051 4670 εί
1072 4614 1167 4670 καὶ
1186 4615 1341 4670 τοῦτο
1353 4615 1566 4687 προσῆν
1586 4616 1665 4688 τῷ
1680 4618 1893 4692 πλούτῳ
1912 4624 1973 4678 τὸ

306 4703 523 4776 βέϐαιον
542 4703 637 4756 καὶ
650 4700 1010 4766 ἀδιάπτωτον,
1029 4698 1175 4764 τίνος
1196 4698 1263 4754 ἃν
1284 4699 1598 4769 ἑφείσαντο;
1616 4699 1759 4766 τίνος
1779 4703 1846 4758 ἂν
1867 4706 1975 4760 ἀπ.

302 4787 555 4856 έσχοντο;
590 4784 753 4848 ποίας
778 4786 974 4857 χὴρας,
1014 4782 1183 4837 ποίων
1210 4781 1484 4854 ὀρφανῶν,
1510 4785 1677 4839 ποίων
1694 4788 1970 4855 πενήτων;

303 4874 417 4945 [5η
432 4876 522 4945 Μὴ
532 4874 712 4929 τοίνυν
726 4874 871 4946 μέγα
880 4872 1194 4945 νομίζωμεν
1204 4870 1407 4941 ἀγαθὸν
1415 4863 1554 4923 εἶναι
1573 4858 1821 4921 πλοῦτονο
1833 4863 1978 4936 μέγα

300 4960 410 5033 γάρ
439 4959 666 5029 ἀγαθὸν,
697 4961 758 5015 06
792 4962 854 5015 16
874 4959 1174 5032 κεκτῆσθαι
1204 4958 1486 5030 χρήματα,
1515 4953 1652 5009 ἀλλά
1682 4953 1745 5007 16
1784 4952 1979 5024 κεκτῆ-

305 5046 428 5103 σθαι
456 5046 621 5116 φόϐον
662 5046 797 5101 Θεοῦ
829 5048 923 5100 καὶ
966 5048 1148 5100 πᾶσαν
1171 5044 1475 5099 εὐλάϐειαν.
1528 5042 1661 5097 Ἰδοὺ
1684 5039 1781 5095 νῦν
1812 5040 1868 5093 εἴ
1891 5054 1981 5104 τις

302 5135 505 5197 δίκαιος
529 5129 600 5203 ἦν
635 5134 733 5198 καὶ
778 5134 1088 5203 παρρησίαν
1127 5132 1323 5201 πολλὴν
1350 5131 1488 5201 ἔχων
1518 5129 1653 5199 πρὸς
1682 5126 1774 5181 16v
1817 5124 1976 5191 Θεὸν,

303 5214 413 5268 κᾶν
435 5217 483 5267 εἱ
513 5214 730 5267 πάντων
758 5211 1058 5284 ἀνθρώπων
1080 5210 1403 5281 πενέστερος
1423 5208 1514 5281 ἦν,
1541 5210 1699 5282 ἡρκει
1724 5209 1883 5264 λῦσαι
1905 5213 1975 5267 16

305 5298 552 5370 παρόντα
571 5296 721 5350 δεινά
738 5312 751 5325 ·
782 5297 942 5367 ῆρκει
971 5294 1080 5365 γὰρ
1118 5292 1276 5363 μόνον
1299 5291 1400 5354 τὰς
1420 5293 1607 5362 χεῖρας
1630 5294 1862 5346 ἐκτεῖναι
1894 5296 1975 5359 είς

304 5378 398 5431 τδν
434 5378 661 5449 οὐρανὸν
690 5378 782 5431 καὶ
805 5376 1033 5430 καλέσαι
1058 5375 1150 5428 τὸν
1185 5374 1338 5437 Θεὸν,
1385 5374 1479 5428 καὶ
1523 5374 1584 5427 τὸ
1628 5375 1789 5444 νέφος
1817 5375 1975 5430 τοῦτο

305 5461 588 5533 παρῆλθεν
609 5460 693 5515 ἀν.
717 5460 952 5532 Χρυσίον
979 5459 1038 5513 δέ
1061 5457 1314 5512 τοσοῦτον
1341 5457 1652 5518 ἀπόκειται.
1683 5459 1778 5512 καὶ
1799 5460 1972 5532 πηλοῦ

305 5546 510 5609 παντός
535 5546 682 5598 ἐστιν
718 5544 1118 5616 ἀχρηστότερον
1147 5542 1283 5615 πρὸς
1300 5541 1400 5613 τὴν
1435 5542 1589 5596 λύσιν
1616 5542 1724 5595 τῶν
1762 5544 1971 5598 ἐπικει-

307 5629 487 5700 μένων
517 5628 703 5682 κακῶν
722 5643 736 5658 ·
766 5629 868 5682 οὐκ
894 5629 953 5682 ἐν
971 5626 1147 5698 τούτῳ
1183 5626 1243 5680 66
1267 5625 1346 5697 τῷ
1372 5626 1601 5697 κινδύνῳ
1627 5626 1806 5696 μόνον,
1838 5627 1975 5682 ἀλλὰ

306 5711 408 5768 κάν
431 5712 585 5776 νόσος
604 5711 907 5785 καταλάϐῃ,
924 5710 1027 5766 κᾶν
1052 5710 1301 5775 θάνατος,
1324 5709 1429 5763 κᾶν
1446 5709 1572 5764 ἀλλο
1594 5727 1645 5763 τι
1672 5709 1781 5763 τῶν
1801 5711 1974 5765 τοιού-

310 5812 438 5860 των,
467 5795 755 5866 ἐλέγχεται
790 5794 898 5849 τῶν
927 5794 1226 5869 χρημάτων
1260 5795 1296 5867 ή
1338 5791 1568 5867 δύναμις
1600 5794 1973 5867 ἀπορουμένη,

365 5929 396 5996 ξ
418 5930 498 5996 g1;
516 5929 943 5996 ἀπόλαυσινᾶθθςι
963 5933 1013 5981 in
1036 5932 1193 5996 εει-11.
1208 5938 1261 5981 et
1281 5935 1330 5983 in
1350 5931 1537 5996 aliquot
1556 5948 1669 5986 mss.

365 5987 393 6030 δ
416 5990 568 6040 Savil.
590 5998 641 6039 el
676 5995 873 6053 quidam
906 6008 1020 6042 mss.
1056 5995 1143 6042 0611
1174 5995 1273 6042 ἔστι
1299 5987 1451 6050 κοινάζ
1479 5996 1647 6045 Morel.
1677 6004 1725 6045 et
1751 6001 1831 6050 alii
1855 6000 1967 6051 οὐκ·

306 6066 373 6099 ετι
418 6052 571 6100 κοινά.
604 6052 713 6102 Μοκ
741 6054 893 6105 Ξανὶι.
921 6058 1043 6112 τίνος
1064 6056 1143 6106 οὖν
1167 6058 1345 6117 ἕνεκεν,
1374 6058 1491 6106 Mor.
1516 6060 1637 6115 τίνος
1672 6062 1758 6123 ἒν.;

2070 499 2165 553 καὶ
2201 498 2472 570 μηδεμίαν
2501 498 2701 569 ἔχουσα
2724 482 3216 569 παραμυθίαντοῖς
3252 498 3642 572 συμϐαίνουσιν
3670 502 3752 553 οτ-

2071 583 2231 637 κοθεν
2256 582 2645 649 ἐπιδείξασθαι.
2677 582 2777 635 Ἐν
2807 582 2955 636 ἐστιν
2987 582 3017 636 δ
3042 582 3190 637 δοκεῖ
3212 582 3318 653 τῆς
3341 584 3532 648 πενίας
3562 584 3752 638 πλεον-

2071 670 2250 720 εκτεῖν
2287 669 2316 720 6
2357 665 2607 729 πλοῦτος,
2640 664 2700 718 16
2727 666 2941 737 τρυφᾷν
2972 665 3093 719 καθ’
3132 666 3371 738 ἡμέραν,
3414 668 3512 722 καὶ
3550 668 3752 738 πολλῆς

2068 750 2428 822 ἐμφορεῖσθαι
2454 752 2511 803 ἐν
2532 752 2646 813 τοῖς
2670 750 2995 819 συμποσίοις
3018 750 3116 821 τῆς
3140 750 3351 823 ἡδονῆς.
3380 751 3548 806 Τοῦτο
3569 753 3752 825 μέντοι

2068 836 2164 888 καὶ
2202 837 2297 889 ἐπὶ
2349 835 2449 906 τῆς
2488 833 2594 887 τῶν
2632 835 2885 904 πενήτων
2938 834 3220 906 τραπέζης
3261 836 3559 906 συμϐαῖνον
3603 837 3751 891 ἐστιν

2071 922 2220 983 ίδεῖν,
2264 920 2360 974 καὶ
2408 918 2654 990 μείζονος
2703 916 2924 981 τούτους
2974 916 3347 983 ἀπολαύοντας
3392 919 3589 992 ἡδονῆς
3639 921 3751 975 τῶν

2068 1004 2441 1058 πλουτούντων
2483 1003 2759 1057 ἁπάντων.
2801 1001 2912 1054 Kal
2957 1000 3033 1070 μὴ
3080 1000 3421 1073 θαυμάσητε,
3468 1003 3604 1075 μηδὲ
3644 1022 3750 1057 πα-

2072 1088 2290 1160 ράδοξον
2318 1081 2458 1141 εἶναι
2480 1084 2740 1156 νομίσητε
2769 1084 2830 1138 16
2863 1083 3186 1155 λεγόμενον·
3215 1084 3326 1153 ἐγὼ
3355 1086 3465 1158 γὰρ
3492 1086 3550 1154 ἐξ
3580 1087 3751 1159 αὐτῆς

2068 1165 2197 1241 ύμῖν
2233 1170 2391 1224 τοῦτο
2420 1170 2518 1239 τῆς
2543 1168 2651 1222 τῶν
2688 1166 3031 1241 πραγμάτων
3058 1167 3384 1233 ἀποδείξεως
3413 1170 3624 1242 ποιήσω
3652 1164 3750 1241 δῆ-

2068 1255 2182 1309 λον.
2211 1256 2356 1308 Ἰστε
2400 1253 2509 1325 γὰρ
2531 1253 2704 1323 δήπου
2736 1250 2895 1306 τοῦτο
2929 1252 3022 1305 καὶ
3055 1252 3463 1323 συνομολογεῖτε
3514 1252 3749 1319 πάντες,

2068 1339 2150 1393 δτι
2182 1338 2278 1411 τὴν
2320 1338 2514 1409 ἡδονὴν
2542 1338 2599 1391 ἐν
2632 1338 2754 1400 ταῖς
2792 1336 3102 1391 ἑστιάσεσιν
3128 1336 3226 1408 οὐχ
3252 1338 3287 1409 ἡ
3318 1338 3478 1408 φύσις
3507 1338 3615 1392 τῶν
3636 1337 3751 1392 ἐδε-

2074 1422 2316 1494 σμάτων,
2353 1420 2467 1475 ἀλλ’
2490 1421 2524 1491 ἡ
2550 1418 2792 1482 διάθεσις
2817 1419 2928 1473 τῶν
2954 1416 3301 1491 ἑστιωμένων
3328 1419 3501 1475 ποιεῖν
3522 1419 3713 1476 εἴωθεν
3732 1438 3749 1456 ⁸

2068 1502 2182 1562 οἷόν
2207 1525 2260 1561 τι
2292 1506 2464 1575 λέγω·
2516 1504 2654 1575 μετὰ
2691 1502 2785 1556 τοῦ
2834 1502 3026 1574 πεινῆν
3070 1521 3156 1566 τις
3200 1500 3505 1575 ἁπτόμενος
3536 1506 3749 1576 τραπέ-

2071 1593 2195 1663 ζης.
2232 1590 2434 1654 παντὸς
2458 1588 2592 1658 ὄψου
2620 1587 2714 1641 καὶ
2747 1585 3060 1657 ἡδύσματος
3092 1587 3188 1641 καὶ
3230 1584 3439 1659 μυρίων
3476 1604 3751 1659 καρυκευ-

2073 1676 2257 1746 μάτων
2283 1675 2430 1747 ῆδιον
2460 1673 2657 1743 ἀψεται
2691 1672 2790 1742 τῆς
2843 1668 3075 1742 τροφῆς,
3108 1670 3213 1723 κᾶν
3254 1668 3508 1724 ἁπάντων
3536 1668 3751 1724 εὐτελε-

2074 1758 2239 1831 στέρα
2361 1760 2390 1811 6
2421 1756 2478 1809 66
2511 1754 2586 1826 μὴ
2605 1754 2704 1825 τὴν
2735 1752 2927 1824 χρείαν
2948 1750 3263 1821 ἀναμένων,
3299 1751 3433 1823 μηδέ
3463 1753 3749 1825 ὑπομένων

2070 1842 2324 1913 πεινῆσαι
2350 1839 2589 1912 πρῶτον,
2611 1837 2748 1908 ὅπερ
2781 1837 2831 1890 οί
2867 1834 3223 1898 πλουτοῦντες
3246 1834 3480 1900 ποιοῦσι,
3508 1834 3600 1890 καὶ
3628 1836 3750 1891 τότε

2074 1926 2166 1980 ἐπὶ
2202 1925 2303 1997 τὴν
2346 1921 2628 1996 τράπεζαν
2666 1920 2860 1983 ἐλθεῖν,
2893 1916 2996 1973 κᾶν
3024 1916 3367 1982 πλακοῦντας
3392 1915 3529 1994 εὕρῃ
3564 1920 3752 1991 κειμέ-

2070 2023 2218 2071 νους,
2251 2006 2353 2060 οὐκ
2377 2003 2703 2074 αἰσθήσεται
2732 2002 2832 2072 τῆς
2860 1999 3075 2071 ἡδονῆς,
3105 1999 3205 2071 τῆς
3229 1997 3462 2072 ὀρέξεως
3494 2001 3643 2073 αὖτῷ
3672 2003 3748 2075 μὴ

2070 2087 2520 2162 διεγηγερμένης.
2564 2084 2673 2139 Kal
2711 2084 2798 2137 ἴνα
2845 2080 3043 2154 μάθῃς,
3088 2080 3170 2135 ὅτι
3208 2080 3365 2136 τοῦτο
3406 2082 3595 2137 τοῦτον
3636 2084 3751 2155 εχει

2071 2171 2166 2226 16v
2194 2170 2416 2243 τρόπον,
2451 2170 2727 2241 μάρτυρες
2773 2165 2870 2237 μὲν
2899 2166 2994 2217 καί⁸
3029 2165 3189 2235 ὑμεῖς
3231 2163 3459 2229 πάντες·
3505 2164 3753 2220 ἀκούσω-

2075 2273 2177 2327 μεν
2223 2256 2281 2310 δέ
2316 2253 2534 2323 καὶτῆς
2581 2250 2805 2322 Γραφῆς
2851 2247 2985 2302 6616
3027 2247 3187 2301 10610
3226 2247 3526 2318 λεγούσης·
3579 2249 3750 2317 Ψυχὴ

2070 2337 2182 2407 γὰρ
2207 2334 2708 2406 έμπεπλησμένη,
2735 2331 2888 2403 φησὶ,
2918 2330 3154 2398 κηρίοις
3179 2327 3463 2399 ἐμπαίζει,
3481 2328 3653 2399 ψυχῇ
3681 2330 3753 2383 δὲ

2070 2415 2264 2471 ἐνδεεῖ
2292 2419 2390 2474 καὶ
2433 2419 2507 2473 τὰ
2529 2416 2712 2483 πικρὰ
2732 2412 3000 2483 γλυκερὰ
3023 2412 3316 2482 φαίνεται.
3344 2412 3536 2475 Καίτοι
3560 2413 3613 2467 τί
3645 2429 3748 2482 κη-

2074 2499 2191 2570 ρίου
2223 2500 2321 2554 καὶ
2346 2501 2567 2571 μέλιτος
2593 2497 2928 2569 γλυκύτερον
2955 2494 3154 2564 γένοιτ’
3185 2494 3281 2561 άν;
3314 2494 3429 2549 ἀλλ’
3464 2496 3564 2549 οὐκ
3600 2494 3750 2551 ἐστιν

2071 2583 2170 2654 ἡδὺ
2199 2583 2278 2653 τῷ
2310 2584 2386 2655 μὴ
2415 2582 2690 2646 πεινῶντι,
2734 2580 2899 2652 φησί’
2942 2578 2994 2633 τί
3022 2578 3079 2632 δέ
3106 2577 3216 2633 τῶν
3249 2577 3469 2650 πικρῶν
3492 2578 3751 2649 ἀηδέστε-

2074 2682 2200 2739 ρον;
2223 2665 2336 2719 ἀλλ’
2362 2665 2477 2719 ἐστι
2500 2664 2708 2732 γλυκέα
2728 2665 2839 2726 τοῖς
2867 2663 2925 2716 ἐν
2968 2661 3148 2732 ἐνδείᾳ
3176 2660 3595 2732 καθεστηκόσιν.
3624 2662 3749 2716 Ὅτι

2069 2747 2127 2801 66
2156 2749 2207 2802 0l
2234 2748 2463 2819 πένητες
2510 2746 2650 2818 μετά
2694 2746 2794 2815 τῆς
2835 2744 3027 2816 χρείας
3072 2744 3168 2797 καὶ
3210 2742 3306 2797 τοῦ
3350 2747 3542 2815 πεινῇν
3564 2745 3657 2800 ἐπὶ
3686 2745 3753 2799 16

2071 2832 2303 2903 πρᾶγμα
2343 2831 2624 2903 ἔρχονται,
2666 2830 2716 2882 οἱ
2759 2828 2816 2881 66
2864 2826 3225 2890 πλουτοῦντες
3267 2825 3368 2880 οὐκ
3413 2826 3748 2898 ἀναμένουσι

2069 2915 2247 2981 τοῦτο,
2279 2915 2442 2969 παντί
2466 2932 2566 2968 που
2590 2912 2753 2986 δῆλόν
2786 2914 2931 2966 ἐστιν
2951 2928 2964 2943 ⁸
2998 2910 3119 2964 ὅθεν
3154 2909 3275 2965 οὐδὲ
3295 2909 3523 2981 γνησίαν
3555 2910 3649 2964 καὶ
3670 2911 3750 2963 εί-

2071 2997 2289 3071 λικρινῆ
2319 2992 2656 3069 καρποῦνται
2684 2996 2783 3068 τῆν
2804 2995 3019 3066 ἡδονήν.
3051 2993 3166 3047 υύκ
3189 2992 3282 3046 ἐπὶ
3310 2992 3419 3046 τῶν
3435 2993 3753 3064 ἐδεσμάτων

2070 3081 2129 3136 δὲ
2166 3082 2345 3153 μόνον,
2366 3080 2502 3135 ἀλλὰ
2524 3080 2618 3135 καῖ
2638 3078 2731 3133 ἐπὶ
2757 3077 2866 3132 τῶν
2892 3076 3074 3131 ποτῶν
3109 3075 3267 3131 τοῦτο
3287 3076 3420 3131 a616
3444 3077 3745 3147 συμϐαῖνον

2074 3165 2172 3219 ῑδοι
2193 3182 2277 3229 τις
2309 3164 2374 3219 ἄν
2394 3180 2407 3195 ·
2439 3165 2533 3218 καὶ
2563 3163 2751 3233 ὥσπερ
2784 3163 2902 3216 ἐκεῖ
2931 3158 2992 3215 16
3022 3162 3212 3233 πεινῆν
3233 3160 3340 3233 1196
3364 3162 3463 3233 τῆς
3489 3159 3598 3214 τῶν
3632 3160 3747 3214 ἐδε-

2073 3248 2297 3319 σμάτων
2330 3246 2545 3318 φύσεως
2576 3246 2769 3318 ἡδονὴν
2795 3244 3086 3317 ἐργάζεται
3118 3254 3142 3283 ο
3163 3262 3179 3276 ·
3214 3243 3359 3297 οὕτω
3389 3244 3483 3297 καὶ
3510 3241 3748 3297 ἐνταῦθα

2070 3332 2133 3386 τὸ
2175 3331 2333 3404 διψῆν
2380 3332 2597 3404 ἥδιστον
2643 3331 2815 3384 ποιεῖν
2842 3329 3000 3383 είωθε
3031 3328 3093 3382 16
3116 3328 3298 3395 ποτὸν,
3326 3326 3431 3382 κᾶν
3461 3326 3603 3399 ὕδωρ
3630 3322 3663 3402 ᾗ
3688 3327 3749 3380 16

2072 3416 2361 3487 πινόμενον
2389 3414 2570 3485 μόνον.
2597 3413 2708 3467 Kal
2726 3412 2886 3466 10610
2922 3411 3053 3465 a616
3089 3414 3119 3467 6
3148 3411 3439 3482 προφήτης
3463 3409 3747 3480 ἐμφαίνων

2074 3497 2280 3567 ἔλεγενο
2323 3500 2425 3552 Ἐκ
2466 3497 2686 3565 πέτρας
2722 3496 2863 3566 μέλι
2898 3496 3232 3565 έχόρτασεν
3268 3493 3513 3559 αὐτούς.
3552 3491 3747 3547 Καίτοι

2073 3579 2217 3634 τοῦτ’
2239 3578 2476 3649 οὐδαμοῦ
2500 3580 2597 3649 τῆς
2619 3578 2837 3650 Γραφῆς
2862 3578 3198 3649 ἀνέγνωμεν,
3215 3577 3297 3631 ὅτι
3319 3575 3439 3647 μέλι
3457 3575 3521 3627 ἐκ
3540 3574 3748 3645 πέτρας

2074 3662 2341 3732 ἐξήγαγεν
2366 3663 2394 3714 6
2414 3660 2640 3730 Μωσῆς,
2663 3660 2798 3715 ἀλλά
2818 3659 3093 3730 πανταχοῦ
3115 3658 3395 3729 ποταμοὺς
3444 3658 3536 3711 καὶ
3577 3656 3747 3709 ῦδατα

2074 3747 2168 3800 καὶ
2202 3745 2387 3815 ψυχρὰ
2412 3745 2649 3815 νάματα.
2683 3744 2748 3797 Τί
2774 3744 2894 3797 ποτ’
2916 3740 3009 3797 06v
3037 3745 3153 3796 ἐστι
3173 3742 3234 3795 16
3265 3741 3595 3813 λεγόμενον;
3624 3741 3746 3794 0666

2073 3828 2184 3899 γάρ
2211 3827 2466 3897 ψεύδεται
2494 3829 2526 3897 ἡ
2563 3827 2752 3898 Γραφὴ
2777 3842 2788 3855 ο
2821 3825 3007 3896 ἐπειδὴ
3038 3824 3148 3896 γὰρ
3178 3822 3439 3894 διψῶντες
3468 3825 3559 3879 καὶ
3580 3840 3750 3877 κατα⁸

2074 3910 2398 3983 πονούμενοι
2438 3908 2463 3949 ἀ
2510 3912 2576 3980 τῇ
2622 3908 2823 3979 ἐνδείᾳ,
2846 3908 3198 3980 ψυχροτέροις
3230 3908 3598 3979 προσέπιπτον
3633 3909 3749 3970 τοῖς

2074 3995 2300 4066 νάμασι,
2332 3994 2430 4064 τὴν
2459 3992 2650 4063 ἡδονὴν
2681 3991 2780 4064 τὴν
2811 3993 2877 4045 ἐκ
2921 3991 3017 4046 τοῦ
3060 3990 3225 4046 ποτοῦ
3249 3990 3604 4062 παραστῆσαι
3630 3989 3746 4061 βου-

2073 4076 2320 4148 λόμενος,
2352 4074 2475 4146 μέλι
2499 4075 2561 4128 16
2587 4074 2731 4146 ὔδωρ
2752 4074 3030 4139 ἐκάλεσεν,
3052 4074 3150 4144 ούχ
3173 4074 3249 4138 ὡς
3276 4074 3377 4144 τῆς
3405 4072 3621 4143 φύσεως
3653 4090 3751 4144 με-

2072 4158 2433 4229 ταϐληθείσης
2463 4159 2542 4221 είς
2583 4156 2722 4228 μέλι,
2756 4157 2868 4210 ἀλλ’
2900 4157 2977 4220 ὡς
3008 4157 3106 4228 τῆς
3130 4155 3421 4221 διαθέσεως
3445 4155 3560 4228 [521
3598 4156 3749 4227 μέλι-

2072 4259 2163 4304 τος
2196 4240 2328 4306 ἡδίω
2354 4237 2613 4310 ποιούσης
2650 4240 2832 4293 ἐκεῖνα
2856 4239 2925 4292 16
2959 4240 3197 4311 νάματα.
3229 4238 3473 4310 Ἐμαθες
3502 4237 3623 4302 πῶς
3653 4242 3748 4292 καὶ

2074 4325 2236 4380 ποτὸν
2258 4325 2359 4395 ἡδὺ
2394 4325 2571 4377 ποιεῖν
2596 4322 2786 4377 εἴωθεν
2812 4324 2846 4394 ἡ
2868 4323 2975 4376 τῶν
2998 4321 3277 4391 διψώντων
3305 4321 3577 4387 διάθεσις;
3609 4321 3749 4375 Πολ-

2075 4408 2158 4462 λοὶ
2191 4408 2322 4477 γοῦν
2352 4406 2613 4470 πολλάκις
2642 4404 2874 4475 πένητες
2898 4403 3221 4475 κάμνοντες,
3256 4402 3353 4457 καὶ
3396 4403 3750 4475 ταλαιπωρη-

2074 4490 2275 4557 θέντες,
2306 4490 2401 4545 καὶ
2417 4489 2496 4559 τῷ
2521 4487 2667 4559 δίψει
2696 4486 3129 4557 καταφλεγέντες
3162 4497 3210 4552 ο,
3231 4486 3371 4557 μετά
3393 4486 3493 4558 τῆς
3517 4488 3747 4559 εἰρημέ-

2073 4591 2171 4645 νης
2192 4572 2387 4646 ἡδονῆς
2411 4572 2521 4625 τῶν
2542 4569 2798 4625 τοιούτων
2824 4570 3085 4642 μετέσχον
3111 4569 3370 4641 ναμάτων
3386 4586 3401 4600 ·
3426 4571 3477 4623 οί
3502 4570 3558 4623 δε
3584 4570 3751 4623 πλου-

2073 4659 2294 4724 τοῦντες
2327 4652 2469 4713 οἶνον
2506 4655 2658 4728 ἡδὺν,
2700 4656 2794 4709 καὶ
2835 4653 3155 4725 ἀνθοσμίαν,
3189 4652 3282 4707 καὶ
3323 4654 3506 4707 πᾶσαν
3544 4652 3747 4725 ἀρετὴν

2074 4742 2265 4814 έχοντα
2297 4740 2398 4813 τὴν
2433 4741 2491 4793 ἐν
2530 4737 2659 4810 οἴνῳ
2695 4737 2970 4803 λαϐόντες,
3004 4738 3107 4791 οὐκ
3147 4734 3374 4809 ⁴ᾔσθοντο
3426 4735 3527 4808 τῆς
3574 4737 3749 4810 αὐτῆς

2074 4823 2432 4897 εὐφροσύνης.

2142 4914 2214 4980 η’.
2255 4904 2426 4977 Τοῦτο
2453 4905 2548 4960 καὶ
2575 4904 2669 4959 ἐπὶ
2694 4903 2786 4960 106
2811 4903 2979 4958 ὕπνου
3007 4902 3289 4975 γινόμενον
3321 4903 3417 4958 ῖδοι
3437 4920 3520 4967 τις
3548 4904 3636 4959 άν.
3666 4904 3745 4959 O6

2072 4989 2182 5062 γάρ
2221 4989 2404 5061 ἀπαλὴ
2453 4987 2711 5062 στρωμνὴ
2732 5027 2748 5052 ,
2792 4987 2915 5042 0666
2969 4986 3359 5058 ἀργυρένδετος
3397 4986 3573 5055 κλίνη,
3620 4987 3743 5039 0666

2072 5072 2270 5144 ἡσυχία
2292 5071 2436 5128 κατά
2459 5072 2521 5125 16
2547 5072 2816 5143 δωμάτιον
2835 5071 3116 5142 γινομένη,
3143 5071 3263 5124 0666
3287 5070 3416 5124 ἀλλο
3435 5069 3541 5124 τῶν
3568 5070 3745 5124 τοιού-

2071 5173 2179 5210 των
2210 5156 2362 5210 ούδέν
2389 5156 2480 5209 16v
2512 5155 2679 5208 ὕπνον
2707 5155 2911 5223 γλυκὺν
2941 5154 3035 5207 καὶ
3057 5154 3300 5224 προσηνῆ
3325 5155 3498 5206 ποιεῖν
3529 5153 3744 5217 εἴωθεν,

2069 5240 2146 5303 ὡς
2189 5239 2248 5292 16
2278 5239 2556 5293 πονεῖσθαι
2586 5238 2680 5291 καὶ
2713 5237 2942 5307 κάμνειν
2971 5237 3064 5291 καὶ
3096 5236 3384 5307 δεομένους
3410 5233 3579 5288 ὕπνου
3608 5236 3743 5303 σφό-

2069 5322 2172 5393 δρα
2213 5323 2308 5381 καὶ
2341 5322 2705 5387 νυστάζοντας
2755 5320 3203 5375 κατακλίνεσθαι’
3257 5318 3351 5372 καὶ
3401 5317 3557 5371 τοῦτο
3611 5320 3746 5372 01616

2074 5408 2343 5477 μαρτυρεῖ
2370 5406 2468 5477 μὲν
2488 5406 2583 5459 καὶ
2612 5406 2646 5475 ἡ
2673 5404 2782 5457 τῶν
2811 5404 3154 5476 πραγμάτων
3183 5404 3368 5471 πεῖρα,
3399 5400 3747 5471 μαρτυρεῖδδ

2072 5490 2168 5543 καὶ
2203 5489 2310 5560 πρὸ
2333 5490 2433 5561 τῆς
2459 5488 2568 5542 τῶν
2595 5488 2938 5560 πραγμάτων
2965 5488 3160 5558 πείρας
3194 5488 3288 5540 καὶ
3312 5487 3347 5556 ἡ
3370 5485 3479 5538 τῶν
3506 5483 3749 5556 Γραφῶν

2070 5575 2363 5646 ἀπόφασις.
2396 5577 2457 5631 '0
2478 5577 2586 5646 γὰρ
2606 5579 2671 5648 τῇ
2689 5580 2869 5648 τρυφῇ
2889 5574 3354 5647 συναναστραφεὶς
3378 5571 3627 5645 Σολομὼν
3645 5574 3743 5631 a6—

2071 5659 2129 5712 16
2140 5659 2300 5713 10610
2314 5659 2551 5729 δηλῶσαι
2566 5659 2887 5731 βουλόμενος
2898 5659 3101 5728 ἔλεγεν·
3122 5658 3293 5724 Ἠδὺς
3307 5656 3501 5723 ὕπνος
3517 5657 3594 5723 τῷ
3614 5657 3744 5711 δού-

2072 5746 2179 5807 λῳ,
2208 5742 2284 5796 ἄν
2299 5760 2363 5797 τε
2378 5744 2585 5813 ὀλίγον
2605 5742 2682 5795 ἄν
2704 5759 2769 5796 τε
2797 5741 2956 5797 πολὺ
2982 5741 3162 5811 φάγῃ.
3185 5739 3341 5805 Τίνος
3361 5741 3546 5795 ἕνεκεν
3574 5757 3743 5810 προσ-

2075 5825 2292 5897 έθηκεν,
2330 5826 2433 5880 Ἂν
2485 5842 2549 5879 τε
2586 5826 2814 5896 ὀλίγον,
2839 5826 2918 5880 ἄν
2943 5840 3006 5880 τε
3024 5825 3185 5881 πολὺ
3205 5824 3401 5897 φάγω
3434 5824 3745 5897 Ἀμφότερα

2134 5941 2158 6003 ξ
2195 5938 2348 6003 δανὶι.
2381 5939 2635 6003 εἰργάζετο,

2133 5998 2160 6065 ξι
2184 5999 2339 6065 savii.
2369 5998 2644 6065 et‘dgnidam
2662 6014 2778 6052 mm.
2801 6001 3199 6065 κατατεινόμενοι.

2130 6062 2150 6085 ⁸
2177 6063 2326 6113 Savil.
2344 6068 2395 6111 el
2415 6061 2609 6124 quidam
2634 6076 2747 6113 mss.
2765 6061 3177 6128 καταφλεχῡέντες,
3195 6070 3247 6113 el
3267 6062 3351 6114 int.
3373 6063 3457 6120 τήν
3487 6061 3700 6114 ἆνοῖ-ιοις.
