4072 6384
333 401 409 461 ‘5
1081 391 1442 453 SJOANNIS
1479 390 1970 449 CHRYSOSTOMI
2006 391 2328 448 ABCUIEP.
2369 391 2923 450 CONSTANTINOP.
3705 390 3777 448 46

321 508 493 562 ταῦτα
513 509 820 581 ἀγρυπνίαν
861 508 1109 580 ἐμποιεῖν
1163 507 1373 574 εἴωθεν,
1420 507 1594 562 ἔνδεια
1626 508 1719 561 καὶ
1777 507 1989 578 ἀδηφαο

318 598 439 666 γία·
490 599 524 668 ἡ
577 599 676 669 μὲν
711 598 774 652 16
809 596 966 667 σῶμα
991 607 1008 628 ³
1039 595 1389 667 ξηραίνουσα,
1428 596 1522 650 καὶ
1567 595 1993 667 κερατοποιοῦσα

317 685 389 738 τά
416 683 678 755 βλέφαρα,
721 684 817 737 καὶ
847 683 948 738 οὑκ
995 685 1217 752 ἀφιεῖσα
1267 682 1761 737 καταστέλλεσθαι·
1797 684 1829 753 ἡ
1857 683 1913 736 δὲ
1935 683 1996 736 16

323 769 540 842 πνεῦμα
587 769 1016 840 στενοχωροῦσα,
1066 769 1163 822 καὶ
1208 769 1598 833 άποθλίϐουσα,
1652 770 1747 823 καὶ
1797 769 1999 834 πολλάς

321 859 639 930 παρέχουσα
661 858 760 921 τάς
787 856 996 921 ὀδύνας.
1045 857 1186 910 Ἀλλ’
1213 857 1364 929 ὅμως
1383 856 1618 928 τοσαύτη
1651 858 1800 910 ἐστὶν
1835 859 1866 928 ἡ
1889 856 1998 911 τῶν

326 947 501 1001 πόνων
529 945 869 1018 παραμυθία,
899 946 976 1008 ὡς
1008 947 1057 998 εί
1089 946 1184 1000 καὶ
1209 945 1378 998 ταῦτα
1405 947 1690 1017 ἀμφότερα
1714 946 1742 985 b
1767 945 1997 1016 προσγέο

325 1053 489 1100 νοιτο,
514 1035 770 1089 δύνασθαι
795 1033 886 1087 τὸν
911 1033 1128 1104 οἰκέτην
1148 1033 1448 1088 καθεύδειν.
1485 1031 1706 1102 Ἐπειδὴ
1725 1031 1834 1104 γάρ
1861 1030 2005 1085 κατὰ

323 1123 423 1196 τὴν
451 1122 663 1194 ἡμέραν
686 1121 907 1175 ἃπασαν
935 1119 1212 1192 πανταχοῦ
1237 1119 1619 1191 περιτρέχουσι
1650 1118 2003 1190 διακονούμε-

325 1229 406 1266 νοι
426 1214 538 1274 τοῖς
559 1209 737 1265 αὑτῶν
757 1208 1068 1277 δεσπόταις,
1087 1209 1436 1278 κοπτόμενοι,
1463 1207 1998 1280 ταλαιπωρούμενοι,

326 1298 421 1352 καὶ
456 1297 575 1350 οὑδὲ
603 1297 798 1367 μικρὸν
821 1297 1201 1360 ἀναπνέοντες,
1232 1295 1340 1350 τῶν
1373 1295 1637 1368 καμάτων
1661 1294 1887 1348 ἐκείνων
1908 1294 2004 1347 καὶ

325 1383 433 1438 τῶν
464 1385 641 1438 πόνων
694 1383 884 1453 ἱκανὴν
920 1382 1396 1452 ἀπολαμϐάνουσιν
1431 1380 1666 1452 ἀμοιϐὴν
1697 1381 1796 1451 τὴν
1839 1382 1896 1433 ἐν
1925 1379 2003 1452 τῷ

325 1471 608 1527 καθεύδειν
635 1471 848 1544 ἡδονήν.
882 1469 987 1524 Καὶ
1009 1471 1166 1525 τοῦτο
1185 1470 1287 1541 τῆς
1316 1468 1408 1522 τοῦ
1432 1469 1568 1522 Θεοῦ
1593 1467 2004 1540 φιλανθρωπίας

327 1560 488 1633 ἔργον
518 1560 754 1628 ἐγένετο,
790 1558 851 1612 16
884 1569 906 1598 ο
937 1557 1013 1630 μὴ
1040 1557 1226 1630 χρυσῷ
1258 1558 1352 1611 καὶ
1378 1555 1604 1628 ἀργύρῳ
1624 1555 1836 1628 ὠνητὰς
1865 1551 2004 1610 εἶναι

325 1649 426 1714 τάς
454 1648 666 1720 ἡδονὰς,
697 1647 832 1700 ἀλλά
862 1647 1009 1717 πόνῳ
1065 1645 1160 1700 καὶ
1197 1644 1386 1716 μόχθῳ
1421 1645 1516 1698 καὶ
1575 1643 1734 1716 χρείᾳ
1791 1643 1885 1696 καὶ
1918 1660 2006 1712 φι-

325 1738 553 1808 λοσοφία
597 1737 768 1808 πάσῃ.
821 1733 961 1788 Ἀλλ’
992 1733 1092 1805 οὑχ
1135 1734 1185 1786 οἱ
1231 1731 1588 1794 πλουτοῦντες
1632 1731 1842 1795 οὕτως·
1889 1730 2004 1784 ἀλλ’

327 1825 422 1878 ἐπὶ
465 1824 572 1876 τῶν
612 1821 950 1894 στρωμάτων
979 1821 1222 1891 κείμενοι
1263 1817 1524 1882 πολλάκις
1557 1818 1623 1872 δι’
1649 1818 1776 1888 ὅλης
1813 1816 2006 1881 νυκτὸς

327 1909 666 1983 ἀγρυπνοῦσι
706 1909 801 1962 καὶ
839 1907 1010 1961 πολλά
1048 1905 1433 1978 μηχανώμενοι
1467 1904 1724 1983 τοιαύτης
1745 1906 1844 1958 οὑκ
1866 1905 2004 1957 ἀπο-

328 1999 578 2052 λαύουσιν
635 1995 851 2068 ἡδονῆς.
921 1995 980 2048 Ὀ
1033 1995 1089 2048 δέ
1134 1995 1306 2064 πένης
1349 1995 1413 2046 ἐκ
1461 1992 1570 2046 τῶν
1629 1990 2006 2063 μεθημερινῶν

331 2085 568 2150 ἀναστὰς
595 2084 769 2138 πόνων
795 2082 1116 2154 κεκμηκότα
1148 2081 1285 2151 ἔχων
1314 2079 1383 2132 τά
1417 2080 1577 2150 μέλη,
1622 2080 1751 2150 πρὶν
1778 2079 1811 2148 ἢ
1839 2095 2008 2132 κατα-

330 2175 538 2235 πεσεῖν,
579 2171 776 2243 ἀθρόον
801 2170 894 2224 καὶ
924 2171 1054 2240 ἡδὺν
1089 2169 1183 2222 καὶ
1210 2169 1430 2239 γνήσιον
1459 2167 1550 2220 τὸν
1576 2166 1743 2219 ὕπνον
1771 2167 2005 2230 ἐδέξατο,

331 2260 390 2313 06
416 2257 608 2331 μικρὸν
629 2257 723 2311 καὶ
743 2255 902 2310 τοῦτο
917 2256 1025 2308 τῶν
1043 2254 1266 2308 δικαίων
1284 2253 1460 2307 πόνων
1478 2252 1772 2323 λαμϐάνων
1795 2252 2004 2322 μισθόν.

333 2347 504 2400 Ὅταν
534 2340 628 2398 οῦν
658 2342 798 2414 μετά
838 2341 1084 2406 πλείονος
1122 2341 1316 2412 ἡδονῆς
1347 2341 1376 2392 6
1411 2339 1582 2408 πένης
1622 2339 1717 2392 καὶ
1749 2337 2005 2411 καθεύδῃ,

332 2434 426 2486 καὶ
473 2430 638 2502 πίνῃ,
689 2429 784 2482 καὶ
839 2427 1018 2502 ἐσθίῃ,
1065 2427 1212 2490 τίνος
1267 2426 1422 2479 ἐσται
1475 2425 1662 2480 λοιπὸν
1699 2426 1728 2478 6
1783 2423 2010 2486 πλοῦτος

331 2519 508 2589 ἄξιος,
547 2516 577 2569 6
610 2517 759 2569 δοκεῖ
807 2514 952 2568 κατά
981 2515 1082 2584 τῆς
1131 2513 1323 2577 πενίας
1357 2513 1686 2584 προτέρημα
1713 2511 1880 2582 ἔχειν,
1914 2511 2008 2564 καὶ

331 2606 490 2660 τοῦτο
517 2603 904 2677 ἀφῃρημένος;
940 2600 1038 2655 Διά
1068 2600 1227 2654 τοῦτο
1265 2601 1359 2654 καὶ
1396 2599 1457 2666 ἐξ
1487 2599 1662 2671 ἀρχῆς
1691 2600 1721 2652 6
1749 2597 1881 2661 Θεὸς
1909 2596 2008 2650 πό-

332 2711 422 2748 νον
448 2694 527 2765 τῷ
559 2691 828 2764 ἀνθρώπῳ
851 2689 1190 2756 συνέζευξεν,
1221 2689 1342 2760 οὑχὶ
1371 2687 1782 2760 τιμωρούμενος
1820 2684 2009 2751 αὑτὸν,

331 2782 454 2836 οὑδέ
489 2780 755 2844 κολάζων,
799 2777 935 2831 ἀλλά
975 2776 1325 2847 σωφρονίζων
1387 2776 1482 2830 καὶ
1529 2773 1820 2828 παιδεύων.
1879 2774 2011 2828 Ὅτε

332 2869 530 2923 ἄπονον
559 2865 670 2937 βίον
696 2864 792 2935 ἐζη
815 2866 845 2917 6
884 2863 1074 2935 Ἀδάμ,
1122 2862 1345 2928 ἐξέπεσε
1394 2861 1489 2916 τοῦ
1526 2861 1890 2933 παραδείσου·
1919 2861 2009 2914 ὅτε

333 2954 392 3010 δέ
417 2954 676 3008 ἐπίπονον
701 2953 795 3006 καὶ
813 2950 1108 3022 ἐπίμοχθον
1134 2950 1522 3016 όἈπόστολος,
1552 2949 1645 3004 καὶ
1675 2950 1878 3018 ἔλεγεν,
1915 2949 2014 3004 Ἐν

335 3043 502 3105 κόπῳ
523 3039 622 3095 καί
643 3039 848 3108 μόχθῳ
873 3039 1064 3092 νύκτα
1093 3036 1190 3090 καί
1206 3035 1436 3108 ἡμέραν
1455 3034 1864 3107 ἐργαζόμενος,
1890 3035 2010 3089 τότε

335 3127 574 3199 ἀπῆλθεν
603 3126 682 3190 είς
709 3124 798 3178 16v
821 3124 1170 3196 παράδεισον,
1205 3123 1296 3177 καὶ
1330 3125 1410 3188 είς
1440 3124 1621 3196 τρίτον
1664 3123 1893 3195 ἀνῆλθεν
1918 3123 2011 3176 06-

338 3215 519 3288 ρανόν.
549 3212 641 3285 Μὴ
679 3213 856 3266 τοίνυν
901 3211 1218 3282 κακίζωμεν
1257 3210 1436 3271 πόνον,
1478 3209 1612 3282 μηδὲ
1662 3209 2013 3282 διαπτύωμεν

337 3301 634 3373 ἐργασίαν·
685 3299 780 3354 καὶ
831 3298 939 3369 γὰρ
978 3299 1084 3369 πρὸ
1138 3297 1239 3367 τῆς
1285 3297 1564 3369 βασιλείας
1615 3296 1724 3350 τῶν
1764 3295 2011 3368 οὐρανῶν

336 3388 585 3443 ἐντεῦθεν
628 3388 891 3459 μεγίστην
943 3384 1293 3457 λαμϐάνομεν
1342 3383 1612 3456 ἀμοιϐὴν,
1664 3383 1762 3455 τὴν
1811 3386 1875 3437 ἐκ
1914 3383 2011 3440 τοῦ

337 3478 668 3549 πράγματος
695 3474 887 3548 ἡδονὴν
915 3473 1031 3546 [55]
1062 3473 1462 3545 καρπούμενοι·
1493 3472 1592 3542 οὑχ
1618 3470 1808 3542 ἡδονὴν
1830 3473 1885 3527 δέ
1911 3471 2012 3544 μό-

335 3583 444 3629 νον,
463 3564 599 3619 ἀλλά
615 3566 730 3626 καὶ,
755 3563 784 3616 ὃ
809 3561 988 3633 πολλῷ
1016 3561 1199 3633 μεῖζόν
1231 3562 1378 3613 ἐστιν
1405 3559 1615 3632 ἡδονῆς,
1636 3558 1824 3627 ὑγείαν
1845 3558 2014 3614 καθα.

337 3653 606 3725 ρωτάτην.
669 3652 795 3713 Τοῖς
855 3649 955 3720 μὲν
1011 3647 1120 3718 γὰρ
1169 3645 1458 3701 πλουτοῦσι
1505 3647 1648 3718 μετά
1687 3646 1788 3717 τῆς
1819 3647 2012 3718 ἀηδίας

336 3739 528 3793 πολλά
567 3738 662 3793 καὶ
704 3736 779 3790 τὰ
819 3737 1102 3806 νοσήματα
1147 3735 1392 3812 ἐπιρρεῖ·
1439 3735 1489 3788 οί
1537 3734 1594 3787 δέ
1638 3735 1868 3804 πένητες
1905 3734 2013 3789 τῶν

338 3825 597 3898 ίατρικῶν
630 3826 766 3877 εἰσιν
800 3821 1207 3893 ἀπηλλαγμένοι
1240 3821 1442 3892 χειρῶν
1463 3837 1477 3852 ·
1510 3822 1558 3874 εί
1579 3820 1636 3874 δέ
1660 3838 1763 3873 που
1793 3821 1884 3874 καὶ
1915 3837 2012 3873 πε-

338 3913 616 3985 ριπέσοιεν
655 3910 1073 3982 ἀρῤωστὴματι,
1103 3907 1314 3978 ταχέως
1352 3907 1580 3970 ἑαυτοὺς
1620 3907 2008 3978 ἀνεκτήσαντο,

338 3995 597 4066 βλακείας
615 3993 834 4066 ἀπάσης
855 3991 1286 4063 ἀπηλλαγμένοι,
1308 3989 1402 4045 καὶ
1422 3989 1488 4044 τά
1512 3989 1740 4062 σώματα
1763 3989 2011 4061 εὕρωστα

335 4079 571 4142 ιχοντες.

366 4097 571 4231 1:62;:
593 4161 779 4233 κτῆμα
802 4159 962 4215 πενία
989 4161 1103 4223 τοῖς
1131 4157 1437 4228 φιλοσόφως
1460 4156 1630 4229 αὑτὴν
1647 4159 1894 4229 φέρουσι,
1924 4161 2012 4233 θη.

335 4243 538 4317 σαυρὸς
566 4244 782 4309 ἄσυλος,
807 4241 1080 4314 βακτηρία
1113 4243 1460 4312 ίσχυροτάτη,
1485 4243 1679 4314 κτῆσις
1703 4243 2012 4315 ἀνεπηρέα-
2104 4260 2111 4267 -

335 4344 481 4393 στος,
507 4326 850 4397 καταγώγιον
883 4325 1353 4382 ἀνεπιϐούλευτον.
1389 4323 1549 4378 Ἀλλά
1585 4325 2008 4392 πλεονεκτεῖται,

335 4413 536 4483 φησὶν,
567 4413 596 4466 6
627 4411 798 4482 πένης
825 4426 840 4443 ·
871 4408 986 4466 ἀλλ’
1042 4407 1448 4462 ἐπιϐουλεύεται
1477 4406 1741 4478 μειζόνως
1780 4408 1811 4460 ό
1843 4406 2012 4461 πλού-

339 4512 482 4560 σιος·
540 4496 963 4565 καταφρονεῖται
1020 4492 1050 4546 6
1103 4492 1273 4563 πένης
1342 4491 1438 4545 καὶ
1495 4490 1773 4561 ὑϐρίζεται
1797 4506 1810 4520 ·
1875 4490 2011 4545 ἀλλά

335 4579 610 4650 φθονεῖται
659 4581 690 4633 6
716 4577 970 4650 εὑπορος.
1001 4575 1117 4648 Οὑχ
1153 4575 1325 4640 οὕτως
1361 4575 1510 4629 ἐστὶν
1537 4571 2010 4643 εὑκαταγώνιστος

333 4663 366 4716 6
392 4662 584 4732 πένης,
621 4661 698 4726 ὣς
737 4661 884 4716 ἐστιν
933 4659 1402 4728 εὑκαταγώνιστος
1433 4661 1462 4712 6
1499 4657 1774 4723 πλούσιος,
1811 4657 2010 4729 μυρίας

335 4745 602 4801 πάντοθεν
635 4745 729 4801 καὶ
765 4743 844 4815 τῷ
880 4742 1110 4813 διαϐόλῳ
1136 4743 1231 4796 καὶ
1257 4744 1369 4804 τοῖς
1409 4739 1715 4803 ἐπιϐούλοις
1751 4739 2008 4811 παρέχων

334 4826 524 4892 λαϐὰς,
555 4827 650 4880 καὶ
676 4825 892 4879 πάντων
912 4823 987 4879 ὢν
1006 4824 1188 4888 δοῦλος
1219 4823 1308 4878 διά
1334 4825 1432 4894 τὴν
1481 4821 1680 4893 πολλὴν
1709 4821 1820 4876 τῶν
1867 4833 2008 4894 πραο

334 4910 564 4982 γμάτων
604 4908 933 4977 περιϐολήν·
961 4909 991 4962 6
1022 4906 1234 4962 πολλῶν
1275 4909 1334 4961 ἐν
1356 4906 1514 4979 χρείᾳ
1546 4904 1826 4970 καθεστὼς
1878 4906 2009 4959 πολ-

334 4992 461 5057 λοὺς
507 4990 879 5060 ἀναγκάζεται
920 4990 1258 5056 κολακεύειν,
1299 4991 1395 5044 καὶ
1431 4990 1570 5062 μετὰ
1615 4990 1817 5060 πολλῆς
1850 4988 2012 5060 θερα-

334 5074 524 5129 πεύειν
561 5073 985 5146 δουλοπρεπείας
1005 5091 1020 5104 ·
1043 5075 1073 5126 6
1116 5073 1175 5128 δὲ
1215 5073 1384 5145 πένης
1423 5075 1490 5129 ἂν
1531 5075 1646 5146 είδῇ
1677 5073 2008 5142 φιλοσοφεῖν,

335 5157 457 5212 όὺδέ
485 5157 577 5212 ὑπ’
611 5157 776 5212 αὑτοῦ
813 5156 908 5211 τοῦ
947 5156 1194 5212 διαϐόλου
1239 5155 1714 5227 καταγωνισθῆναι
1763 5155 2008 5210 δύναται.

347 5242 409 5295 '0
439 5237 547 5295 οῦν
596 5238 718 5294 Ἰὼϐ
767 5240 986 5312 ἰσχυρὸς
1027 5241 1102 5294 ὣν
1153 5240 1247 5294 καὶ
1299 5239 1408 5310 πρὸ
1457 5237 1672 5302 τούτου,
1720 5238 1886 5308 ἡνίκα
1944 5237 2014 5290 16

336 5324 518 5380 πάντα
560 5323 822 5386 ἀπέϐαλε,
869 5323 992 5376 τότε
1034 5323 1256 5392 γέγονεν
1305 5321 1685 5393 ίσχυρότερος,
1731 5320 1826 5373 καὶ
1868 5319 2010 5390 λαμ-

336 5406 480 5476 πράν
506 5408 678 5478 ἡρατο
698 5406 838 5460 κατά
860 5406 953 5459 τοῦ
975 5405 1219 5460 διαϐόλου
1244 5405 1343 5476 τὴν
1365 5404 1544 5472 νίκην.
1572 5402 1782 5466 ’Ἄλλως
1806 5401 1864 5455 δὲ
1889 5400 2012 5456 οὑδέ

337 5488 653 5560 ὑϐρίζεσθαι
686 5489 910 5543 δύναται
947 5492 976 5543 ὁ
1005 5488 1195 5560 πένης,
1225 5485 1292 5540 ἂν
1325 5486 1439 5556 εἰδῇ
1471 5484 1802 5553 φιλοσοφεῖν.
1835 5483 2011 5556 Ὅπερ

335 5570 444 5641 γὰρ
475 5570 611 5642 ἐφην
655 5571 786 5641 περὶ
823 5571 920 5643 τῆς
959 5569 1176 5641 ἡδονῆς,
1217 5569 1299 5622 ὅτι
1333 5571 1367 5640 ἡ
1405 5568 1570 5639 ἡδονὴ
1598 5567 1697 5620 οὑκ
1723 5567 1780 5621 ἐν
1807 5568 1873 5637 τῇ
1913 5582 2012 5618 που

333 5653 581 5726 λυτελεία
603 5654 712 5708 τῶν
735 5655 941 5722 σιτίων,
965 5654 1080 5710 ἀλλ’
1101 5656 1160 5709 ἐν
1184 5656 1252 5724 τῇ
1271 5650 1510 5707 διαθέσει
1529 5652 1636 5706 τῶν
1665 5650 2009 5721 ἑστιωμένων

401 5797 430 5861 Ρ
451 5799 530 5848 Sic
555 5811 583 5846 (ι
605 5797 805 5850 Savilio.
833 5799 1031 5861 Edilum
1054 5804 1159 5848 erat
1177 5795 1379 5861 πνεῦμα,
1408 5797 1660 5861 mendoso,
1686 5795 1820 5861 Εοιτ.

398 5858 427 5901 Ι)
455 5861 536 5908 Sic
559 5863 708 5922 Savril.
737 5868 791 5911 et
815 5860 1022 5922 maxima
1047 5873 1157 5922 pars
1181 5858 1306 5908 mss.‘
1323 5859 1495 5908 Morel.
1518 5861 1558 5906 εί
1580 5860 1661 5922 καὶ
1695 5859 1754 5905 τά
1777 5859 1894 5920 ἀμφ.

399 5925 421 5952 ο
463 5924 547 5971 \lii
577 5921 662 5984 τοῦ
687 5924 770 5984 μή,
794 5921 877 5984 alii
899 5923 954 5984 το
980 5918 1066 5984 μή,
1088 5922 1171 5971 alii
1191 5924 1260 5982 τῷ
1286 5923 1369 5982 μή,
1395 5935 1506 5984 quq:
1535 5920 1777 5984 lectiones;
1801 5918 2008 5984 périntye

332 5976 908 6046 quudnnl._lnio"tmica
929 5976 1068 6036 ίεὲιίο
1085 5985 1139 6032 τό
1173 5976 1486 6046 (ιιιὶιάνιιι,ἐὲ
1519 5976 1849 6046 grammatici:
1887 5976 2007 6042 legi-

333 6042 419 6092 ειη
442 6042 733 6095 cumulatur.
763 6046 896 6095 Εωτ.

2097 499 2296 572 κεῖται,
2326 507 2484 561 τοῦτο
2523 509 2618 562 καὶ
2664 508 2792 579 περὶ
2827 507 2929 577 τῆς
2963 505 3174 576 ὕϐρεως
3221 506 3396 576 λέγω·
3435 509 3518 562 ὄτι
3554 510 3585 578 ἡ
3623 507 3779 581 ὕϐρις

2099 595 2200 649 οὑκ
2237 595 2344 648 ἀπὸ
2381 595 2480 665 τῆς
2520 594 2748 666 γνώμης
2799 595 2907 648 τῶν
2954 593 3306 664 ὑϐριζόντων,
3355 594 3469 647 ἀλλ’
3518 595 3625 649 ἀπὸ
3677 595 3779 664 τῆς

2106 681 2398 745 διαθέσεως
2428 680 2537 734 τῶν
2586 681 2903 752 πασχόντων
2936 682 2969 750 ἢ
3024 681 3339 736 συνίσταται
3381 683 3416 756 ἡ
3448 682 3776 737 ἀπόλλυται·

2105 763 2216 823 οἷόν
2251 786 2304 822 τι
2341 768 2484 837 λέγω
2505 785 2520 800 ·
2553 767 2747 840 ὕϐρισέ
2781 785 2865 831 τις
2916 767 3085 821 πο).λά
3134 769 3273 840 ρητά
3309 770 3404 824 καὶ
3435 771 3683 842 άρῤητα;
3713 769 3781 824 ἂν

2109 857 2485 926 καταγελάσῃς
2515 855 2625 908 τῶν
2665 855 2897 927 ὕϐρεων,
2929 856 2996 909 ἀν
3025 855 3100 926 μὴ
3129 856 3405 928 παραδέξῃ
3433 857 3502 910 16
3538 859 3778 929 ῥήματα,

2109 947 2202 1000 καὶ
2227 945 2495 1016 ἀνώτερος
2517 943 2650 1018 γένῃ
2678 946 2777 1015 τῆς
2796 943 3028 1016 πληγῆς,
3047 945 3144 1014 οὑχ
3174 944 3457 1017 ὑϐρίσθης.
3510 947 3620 999 Καὶ
3651 945 3782 1000 καθ-

2109 1028 2251 1099 άπερ
2298 1029 2346 1080 εί
2395 1027 2556 1097 σῶμα
2608 1027 2967 1098 ἀδαμάντινον
3009 1026 3228 1098 εἴχομεν
3257 1067 3271 1088 ,
3322 1029 3371 1080 εἰ
3423 1028 3518 1082 καὶ
3570 1029 3782 1101 μυρίοις

2109 1109 2444 1180 πανταχόθεν
2470 1110 2806 1181 ἐϐαλλὸμεθα
2851 1110 3081 1180 βέλεσιν,
3111 1110 3212 1163 οὑκ
3242 1109 3308 1164 ἀν
3343 1109 3640 1181 ἐδεξάμεθα
3684 1109 3783 1174 τάς

2109 1195 2356 1265 πληγάς·
2384 1195 2445 1248 οὑ
2475 1197 2584 1266 γάρ
2623 1195 2731 1248 ἀπὸ
2758 1196 2857 1266 τῆς
2887 1194 3142 1265 ἀφιείσης
3167 1193 3236 1246 16
3275 1193 3404 1264 βέλη
3433 1193 3636 1265 χειρὸς,
3666 1192 3781 1247 ἀλλ’

2109 1278 2218 1353 ἀπὸ
2255 1278 2361 1330 τῶν
2408 1280 2728 1348 πασχόντων
2777 1277 3046 1347 σωμάτων
3093 1275 3163 1329 τά
3203 1274 3496 1347 τραύματα
3535 1276 3782 1343 γίνεται·

2109 1357 2251 1412 οὕτω
2270 1359 2332 1429 δὴ
2366 1361 2459 1414 καὶ
2485 1361 2722 1415 ἐνταῦθα
2755 1360 2856 1413 οὑκ
2894 1360 3002 1414 ἀπὸ
3030 1359 3129 1430 τῆς
3161 1359 3356 1429 μανίας
3383 1358 3491 1414 τῶν
3534 1356 3784 1428 ὑϐριζόν-

2109 1460 2237 1507 των,
2271 1444 2384 1497 ἀλλ’
2419 1445 2526 1499 ἀπὸ
2548 1447 2646 1514 τῆς
2672 1444 2955 1508 ἀσθενείας
2977 1442 3085 1515 τῶν
3111 1441 3480 1514 ὑϐριζομένων
3500 1445 3556 1496 αί
3578 1443 3784 1515 ὕϐρεις,

2111 1529 2206 1582 καὶ
2249 1531 2305 1583 αἱ
2355 1531 2464 1582 τῶν
2497 1529 2708 1601 ὕϐρεων
2731 1529 2946 1598 ἀτιμίαι
2971 1514 3333 1580 συνίστανται.
3370 1527 3467 1580 Ἂν
3498 1525 3608 1598 γὰρ
3636 1514 3786 1578 εἰδῶ-

2116 1629 2215 1681 μεν
2259 1612 2590 1681 φιλοσοφεῖν,
2644 1612 2766 1665 οὐδὲ
2812 1609 3131 1682 ὑϐρίζεσθαι
3173 1609 3469 1680 δυνάμεθα,
3514 1610 3634 1664 οὑδὲ
3682 1610 3786 1663 πά-

2115 1711 2266 1765 σχειν
2303 1695 2487 1749 τιτῶν
2517 1695 2722 1750 δεινῶν.
2753 1693 3018 1766 ’Υϐρισεν
3038 1695 3066 1747 ό
3089 1693 3257 1760 δεῖνα,
3291 1694 3407 1747 ἀλλ’
3441 1695 3540 1749 οὑκ
3586 1695 3787 1766 ⁴ᾐσθάν-

2113 1776 2213 1848 θης
2236 1777 2286 1843 ἀ,
2320 1780 2422 1831 οὑκ
2474 1778 2750 1850 ἡλγησας;
2784 1778 2881 1848 οὑχ
2925 1776 3210 1848 ὑϐρίσθης,
3268 1777 3403 1831 ἀλλά
3442 1779 3536 1831 καὶ
3589 1778 3787 1848 μᾶλλον

2112 1859 2349 1931 ἐπληξας
2375 1862 2409 1932 ἦ
2439 1862 2705 1932 ἐπλήγης.
2737 1861 2907 1914 Ὅταν
2954 1861 3062 1932 γὰρ
3084 1861 3113 1912 6
3145 1861 3373 1932 ὑϐρίσας
3407 1861 3492 1933 ίδῃ
3527 1861 3601 1932 μὴ
3655 1863 3789 1914 καθα

2115 1944 2434 2015 ικνουμένην
2487 1945 2652 1998 αὑτοῦ
2700 1944 2798 2016 τὴν
2845 1945 3060 2016 πληγὴν
3099 1945 3198 2018 τῆς
3233 1945 3341 1999 τῶν
3371 1945 3787 2018 λοιδορηθέντων

2115 2025 2313 2096 ψυχῆς,
2353 2027 2516 2091 αὑτὸς
2554 2027 2810 2082 δάκνεται
2847 2028 3126 2098 μειζόνως,
3163 2028 3394 2083 καὶτῶν
3419 2029 3788 2102 ὑϐριζομένων

2116 2107 2414 2175 σιγώντων,
2460 2111 2766 2182 αὑτόματος
2805 2113 2837 2182 ἡ
2888 2112 3069 2184 πληγὴ
3096 2111 3204 2166 τῶν
3244 2111 3454 2184 ὕϐρεων
3499 2115 3641 2167 κατά
3692 2112 3787 2167 τοῦ

2114 2191 2428 2262 πέμψαντος
2454 2195 2842 2266 ὑποστρέψασα
2872 2195 3118 2265 φέρεται.

2194 2273 2261 2333 θ’.
2279 2278 2660 2348 Φιλοσοφῶμεν
2673 2279 2851 2331 τοίνυν
2874 2279 2932 2332 ἐν
2966 2279 3189 2342 ἅπασιν,
3205 2278 3498 2348 ἀγαπητοὶ,
3527 2277 3617 2331 καὶ
3637 2277 3790 2332 οὐδὲν

2115 2362 2262 2432 ἡμᾶς
2307 2361 2470 2416 πενία
2520 2361 2876 2432 παραϐλάψαι
2916 2360 3225 2431 δυνήσεται,
3272 2361 3408 2414 ἀλλά
3445 2360 3540 2414 καὶ
3580 2360 3793 2432 ὠφεληο

2116 2460 2198 2496 σει
2231 2444 2299 2498 τά
2339 2444 2588 2515 μέγιστα,
2619 2445 2715 2498 καὶ
2750 2443 3163 2514 λαμπροτέρους
3201 2443 3514 2514 ἐργάσεται,
3537 2443 3630 2496 καὶ
3658 2445 3791 2499 πάν·

2113 2542 2222 2579 των
2243 2525 2352 2579 τῶν
2384 2525 2761 2579 πλουτούντων
2792 2525 3221 2597 εὐπορωτέρους.
3250 2525 3316 2579 Τί
3358 2525 3485 2596 γὰρ,
3517 2527 3639 2580 εἰπέ
3677 2544 3788 2597 μοι,
3905 2587 3912 2592 ,

2114 2607 2209 2662 τοῦ
2244 2607 2400 2662 Ἠλία
2430 2609 2758 2680 πενέστερον
2786 2604 2886 2680 ῆνς
2924 2608 3085 2663 Ἀλλά
3113 2609 3200 2662 διά
3222 2608 3380 2664 τοῦτο
3408 2609 3616 2673 πάντας
3638 2611 3792 2665 ἐνίκα

2113 2693 2241 2756 τοὺς
2281 2691 2670 2756 πλουτοῦντας,
2707 2691 2896 2763 ἐπειδὴ
2922 2690 3066 2745 οὕτω
3091 2691 3262 2762 πένης
3297 2688 3386 2764 ἦν,
3415 2694 3509 2746 καὶ
3537 2694 3705 2764 αὑτὴν
3733 2689 3792 2748 δέ

2113 2774 2214 2846 τὴν
2242 2775 2432 2828 πενίαν
2460 2775 2568 2829 ἀπὸ
2594 2775 2858 2838 πλουσίας
2887 2784 2910 2814 ε
2935 2774 3114 2827 εἵλετο
3136 2773 3394 2838 διανοίας.
3443 2776 3661 2844 Ἐπειδὴ
3681 2775 3792 2846 γάρ

2115 2858 2334 2914 ἃπαντα
2352 2858 2460 2911 τῶν
2481 2876 2586 2930 χρη
2596 2859 2778 2929 μάτων
2793 2858 2886 2911 τὸν
2905 2857 3020 2929 [54]
3036 2858 3264 2912 πλοῦτον
3281 2858 3536 2914 ἐλάττονα
3551 2861 3647 2932 τῆς
3665 2863 3792 2914 ἐαυ-

2115 2939 2213 2994 τοῦ
2243 2942 2648 3012 μεγαλοψυχίας
2689 2941 2938 3011 ἐνόμιζεν
2976 2937 3137 3007 εἶναι,
3171 2943 3268 2996 καὶ
3310 2943 3410 2996 οὑκ
3447 2943 3595 3008 ἀξιον
3627 2941 3792 3002 αὑτοῦ

2116 3023 2218 3094 τῆς
2253 3025 2592 3094 φιλοσοφίας,
2617 3024 2706 3078 διά
2731 3023 2890 3077 τοῦτο
2923 3024 3114 3078 πενίαν
3163 3023 3433 3096 τοσαύτην
3476 3027 3792 3094 ἠσπάσατο·

2118 3106 2196 3172 ὡς
2239 3109 2289 3162 εί
2331 3108 2542 3178 μεγάλα
2585 3107 2656 3161 τά
2688 3107 2933 3178 παρόντα
2963 3108 3215 3178 ἐνόμισεν
3250 3103 3410 3173 εἶναι,
3442 3111 3543 3163 οὑκ
3586 3109 3654 3164 ἂν
3691 3129 3793 3181 μη-

2118 3190 2296 3263 λωτὴν
2322 3192 2589 3262 ἐκτήσατο
2621 3191 2801 3262 μόνον,
2846 3191 2960 3246 ἀλλ’
3000 3190 3146 3245 οὕτω
3182 3191 3431 3261 κατέγνω
3457 3193 3559 3264 τῆς
3589 3195 3796 3265 napo-3-

2119 3292 2222 3348 σης
2268 3275 2626 3346 ματαιότητος
2656 3276 2896 3346 ἀπάσης,
2927 3274 3023 3328 καὶ
3051 3274 3130 3340 ώς
3159 3273 3330 3347 πηλὸν
3372 3277 3702 3349 ἐρριμμένον
3734 3278 3795 3332 τὸ

2119 3357 2341 3430 χρυσίον
2372 3357 2518 3412 ἅπαν
2556 3355 2722 3430 ἐώρα,
2769 3357 2846 3423 ὡς
2883 3358 2984 3428 τῆς
3031 3357 3328 3428 περιϐολῆς
3377 3359 3591 3430 ἐκείνης
3629 3361 3794 3431 μηδὲν

2120 3441 2424 3513 κτήσασθαι
2473 3442 2651 3497 πλέον.
2705 3441 2806 3496 Διά
2859 3441 3019 3495 τοῦτο
3058 3444 3087 3496 6
3125 3440 3378 3512 βασιλεὺς
3413 3441 3509 3496 τοῦ
3564 3445 3796 3515 πένητος

2120 3524 2306 3590 ἐδεῖτο,
2341 3526 2435 3580 καὶ
2486 3526 2624 3595 πρὸς
2671 3526 2733 3579 16
2767 3525 2944 3596 στόμα
2988 3525 3236 3597 ἐκεχήνει
3277 3524 3372 3578 τοῦ
3421 3525 3587 3596 μηδὲν
3633 3528 3796 3582 πλέον

2121 3607 2380 3679 μηλογιῆς
2413 3608 2646 3680 ἔχοντος,
2683 3612 2711 3662 6
2731 3609 2984 3663 τοσοῦτον
3015 3608 3238 3679 χρυσίον
3269 3607 3408 3679 έχων
3431 3621 3447 3639 ο
3477 3607 3620 3662 οὕτω
3657 3610 3796 3682 λαμ-

2121 3692 2362 3764 προτέρα
2385 3691 2488 3762 τῆς
2520 3693 2853 3764 πορφυρίδος
2885 3694 2919 3764 ἡ
2971 3691 3195 3763 μηλωτὴ
3224 3687 3313 3763 ἦν,
3360 3693 3454 3746 καὶ
3487 3691 3597 3746 τῶν
3636 3692 3794 3763 βασιο

2119 3773 2288 3828 λικῶν
2329 3775 2510 3829 αὑλῶν
2549 3775 2608 3828 16
2656 3775 2919 3846 σπήλαιον
2971 3773 3068 3827 τοῦ
3111 3773 3340 3828 δικαίου.
3377 3773 3477 3828 Διά
3511 3773 3670 3828 τοῦτο
3701 3777 3795 3830 καὶ

2119 3855 2200 3918 είς
2234 3855 2326 3909 τὸν
2349 3856 2574 3928 οὐρανὸν
2609 3856 2797 3921 ἀνιὼν,
2827 3857 2976 3912 οὑδέν
3016 3856 3225 3926 ἕτερον,
3269 3855 3384 3910 ἀλλ’
3414 3857 3448 3928 ἢ
3481 3856 3580 3929 τὴν
3609 3859 3794 3929 μηλωο

2118 3936 2218 4006 τὴν
2243 3937 2320 4008 τῷ
2362 3939 2576 4010 μαθητῇ
2612 3939 2890 3993 κατέλιπε.
2933 3938 3090 3993 Μετά
3122 3938 3350 4010 ταύτης,
3383 3940 3540 4010 φησὶ,
3574 3939 3652 4011 τῷ
3677 3941 3796 3995 δια-

2121 4019 2260 4090 ϐόλῳ
2283 4021 2574 4084 ἐπάλαισα,
2600 4020 2804 4092 ταύτην
2838 4019 2936 4073 καὶ
2959 4021 3022 4075 σὺ
3054 4019 3236 4074 λαϐὼν
3259 4019 3480 4086 ὁπλίζου
3503 4023 3624 4076 κατ’
3653 4021 3798 4076 ἐκεί-

2119 4118 2242 4157 νου·
2281 4103 2500 4175 ίσχυρὸν
2516 4103 2624 4176 γὰρ
2646 4104 2809 4159 ὅπλον
2834 4103 3213 4175 ἀκτημοσύνη,
3237 4105 3330 4158 καὶ
3354 4103 3797 4173 ἀκαταγώνιστον

2119 4187 2485 4256 καταγώγιον,
2518 4189 2614 4241 καὶ
2655 4189 2864 4258 πύργος
2905 4187 3223 4251 ἀσάλευτος.
3266 4187 3516 4253 Ἐδέξατο
3543 4187 3797 4262 καθάπερ

2122 4269 2386 4340 μεγίστην
2419 4269 2782 4341 κληρονομίαν
2827 4270 2926 4339 τὴν
2969 4269 3226 4342 μηλωτὴν
3253 4272 3282 4324 6
3322 4268 3656 4333 Ἐλισσαῖος·
3701 4269 3797 4322 καὶ

2118 4352 2228 4422 γάρ
2253 4348 2321 4424 ἦν
2349 4352 2566 4424 ἀληθῶς
2595 4354 2825 4425 μεγίστη
2858 4353 3212 4424 κληρονομία,
3245 4351 3444 4413 παντὸς
3473 4352 3697 4422 χρυσίου
3719 4369 3798 4404 1|.-

2121 4437 2367 4506 μιωτέρα
2399 4434 2442 4489 ί.
2470 4437 2578 4490 Καὶ
2607 4432 2676 4508 ἦν
2705 4440 2770 4490 ἐκ
2817 4437 2938 4490 τότε
2959 4435 3187 4500 διπλοῦς
3236 4435 3423 4499 Ἠλίας
3448 4436 3674 4500 ἐκεῖνος,
3702 4435 3797 4487 καὶ

2115 4514 2186 4590 ῆν
2210 4519 2326 4573 ἀνω
2362 4517 2568 4584 Ἠλίας,
2607 4521 2706 4574 καὶ
2744 4519 2895 4574 κάτω
2939 4520 3140 4583 Ἠλίας.
3184 4514 3315 4574 Οῐδα
3347 4519 3428 4573 δτι
3460 4517 3797 4590 μακαρίζετι

2115 4603 2208 4656 τὸν
2241 4601 2457 4656 δίκαιον
2486 4603 2714 4667 ἐκεῖνον,
2744 4603 2840 4656 καὶ
2881 4601 3167 4656 ἐϐούλεσθε
3197 4601 3361 4665 αὑτὸς
3389 4602 3619 4665 ἕκαστος
3656 4603 3798 4655 ἐκεῖ·

2118 4702 2207 4748 νος
2226 4679 2386 4739 εἶναι.
2418 4685 2482 4740 Τί
2503 4681 2596 4739 οὖν
2625 4687 2692 4739 ἂν
2712 4687 2838 4757 ὑμῖν
2859 4685 3124 4752 ὑποδείξω
3153 4687 3198 4751 ⁸,
3222 4686 3303 4738 ὃτι
3329 4685 3515 4756 ἕτερόν
3540 4701 3592 4738 τι
3616 4685 3798 4756 πολλῷ

2121 4769 2305 4838 μεῖζον
2353 4770 2562 4824 ἐκείνου
2593 4770 2792 4840 πάντες
2821 4768 3086 4839 ἐλάϐομεν
3122 4770 3171 4823 οί
3204 4769 3795 4840 μεμυσταγωγημένοι;

2203 4851 2264 4904 '0
2290 4851 2388 4922 μὲν
2419 4852 2529 4924 γὰρ
2567 4853 2750 4916 Ἠλίας
2785 4853 3042 4925 μηλωτὴν
3085 4852 3270 4923 ἀφῆκε
3302 4850 3382 4921 τῷ
3405 4851 3621 4922 μαθητῇ
3642 4867 3656 4881 ·
3682 4851 3711 4902 6
3738 4852 3798 4905 δὲ

2119 4932 2249 4996 Υίὸς
2281 4935 2376 4990 τοῦ
2403 4936 2538 4989 Θεοῦ
2587 4935 2893 4990 ἀναϐαίνων
2920 4935 3019 5006 τὴν
3044 4936 3220 5006 σάρκα
3255 4936 3385 5005 ἡμῖν
3416 4935 3673 4988 κατέλιπε
3695 4936 3797 5004 τὴν

2119 5014 2345 5069 ἐαυτοῦ·
2379 5017 2493 5070 ἀλλ’
2520 5019 2549 5070 6
2587 5017 2686 5088 μὲν
2731 5016 2918 5080 Ἠλίας
2946 5017 3379 5087 ἀποδυσάμενος,
3407 5019 3438 5070 6
3464 5016 3520 5070 δὲ
3561 5018 3797 5088 Χριστὸς

2119 5097 2211 5172 καί
2249 5099 2384 5168 ἡμῖν
2409 5099 2689 5162 κατέλιπε,
2711 5099 2806 5153 καὶ
2848 5097 2989 5169 ἔχων
3025 5099 3194 5169 αὑτὴν
3226 5098 3445 5169 ἀνῆλθε.
3475 5097 3569 5170 Μὴ
3616 5098 3797 5153 τοίνυν
3823 5151 3850 5177 σ

2119 5183 2572 5252 καταπίπτωμεν,
2623 5182 2757 5254 μηδέ
2808 5181 3148 5254 όδυρώμεθα,
3197 5183 3332 5252 μηδὲ
3365 5182 3653 5236 δυσκολίαν
3696 5199 3795 5251 φοο

2078 5322 2089 5331 ,
2118 5262 2343 5334 ϐώμεθα
2389 5266 2630 5337 καιρῶν·
2661 5269 2691 5320 6
2717 5267 2825 5338 γάρ
2867 5267 2930 5320 16
2970 5264 3111 5338 α’ίμα
3146 5266 3311 5320 αὑτοῦ
3343 5265 3417 5336 μὴ
3453 5267 3796 5337 παραιτησά-

2121 5363 2282 5417 μενος
2318 5348 2458 5419 ὑπὲρ
2490 5350 2747 5404 ἀπάντων
2788 5349 2994 5420 ἐκχέαι,
3030 5350 3124 5404 καὶ
3152 5349 3251 5420 τῆς
3279 5349 3482 5420 σαρκὸς
3513 5352 3648 5420 ἡμῖν
3699 5366 3797 5418 με-

2116 5427 2312 5492 ταδοὺς
2339 5430 2432 5483 καὶ
2469 5431 2634 5484 αὑτοῦ
2660 5433 2689 5472 ιι
2714 5431 2808 5484 τοῦ
2838 5432 3068 5502 αἵματος
3096 5430 3278 5497 πάλιν,
3315 5432 3366 5484 τί
3395 5433 3796 5503 παραιτήσεται

2118 5510 2344 5582 ποιῆσαι
2365 5513 2467 5584 τῆς
2495 5514 2772 5586 ἡμετέρας
2801 5514 2986 5569 ἐνεκεν
3019 5514 3290 5586 σωτηρίας
3309 5530 3324 5578 ς
3346 5512 3586 5578 Ταύταις
3612 5512 3797 5568 τοίνυν

2139 5671 2144 5676 ’
2179 5669 2207 5737 (ξ
2233 5671 2315 5737 §ic
2337 5670 2473 5737 61mm
2507 5673 2622 5737 Sav.
2644 5676 2825 5737 omisso
2857 5675 2960 5724 ἀλλ’
2989 5671 3141 5737 habet
3171 5673 3259 5722 οὐκ
3278 5674 3506 5737 ἠσθήθης.

2187 5732 2208 5796 ξ
2235 5734 2383 5796 Savil.
2411 5741 2464 5783 et
2489 5736 2682 5796 quidam
2707 5735 2788 5784 aiii
2813 5737 2906 5784 ά.πὸ
2931 5735 3242 5792 πλουτούσης.

2185 5791 2208 5860 ί
2364 5791 2562 5860 χρυσίου
2583 5799 2664 5852 καὶ
2683 5798 2810 5845 λίθου
2831 5800 2992 5860 τιμίου
3013 5791 3200 5859 τιμιωτ.

2183 5858 2209 5895 κ
2234 5857 2334 5905 Alii
2365 5857 2600 5912 ἐπιδείξω.

2177 5914 2204 5953 h
2227 5916 2323 5980 Alii
2349 5920 2575 5979 μεταδοὺς
2591 5925 2676 5977 τῆς
2699 5918 2888 5976 ἑαυτοῦ,
2907 5921 2988 5968 καὶ
3007 5917 3170 5968 αὑτοῦ.
3195 5916 3320 5968 Infra
3345 5926 3454 5980 post
3477 5916 3660 5966 ἐλπίσιν
3681 5919 3792 5979 qui-

2115 5978 2231 6087 εἰειῐί
2247 5978 2432 6049 ξιόόυιιῑ
2461 5981 2711 6041 ἀγαπητοί.
2742 5981 2864 6031 Infra
2895 5980 2977 6031 alii
3007 5983 3086 6028 καὶ
3115 5983 3210 6028 τῶν
3234 5978 3500 6042 μελλόντων
3519 5978 3794 6041 αιωθῶμιν

2115 6057 2206 6087 cura
2235 6057 2316 6086 ων.

2115 6057 2316 6099 αγαυων.
