4072 6384
357 389 424 444 ιδ
1032 434 1039 467 λ
1189 464 1196 470 θ
1303 391 1394 446 AD
1433 388 1754 450 POPULUM
1795 390 2287 451 ANTIOCIIENUM
2349 395 2580 454 IiOMlL.
2622 395 2687 455 ll.
3558 394 3628 453 86

361 502 473 556 haec
508 517 639 556 vero
665 500 958 557 anhelitum
987 517 1209 573 angens,
1234 512 1288 558 et
1316 504 1539 570 elidens,
1562 514 1615 560 et
1644 505 1839 560 multos
1864 507 1945 559 in.

362 590 540 645 ferens
568 590 812 657 dolores;
860 592 954 648 sed
1004 601 1145 647 tanta
1190 604 1271 649 est
1308 593 1549 649 laborum
1580 595 1857 662 medicina,
1889 604 1948 650 ut

358 681 566 737 etiamsi
594 680 710 737 hac
733 682 892 739 ambo
919 684 1115 752 adsint,
1138 700 1323 741 servus
1342 686 1575 742 dormire
1602 688 1787 757 possit.
1812 688 1946 754 Quia

360 771 506 826 enim
531 772 671 827 servi
718 781 824 827 tota
862 773 948 828 die
984 775 1179 845 ubique
1209 776 1687 840 circumcursitant,
1719 776 1949 832 dominis

361 863 474 917 suis
498 862 882 931 ministrantes,
909 868 1237 936 vapulantes,
1267 869 1589 935 laborantes,
1616 879 1670 925 et
1696 886 1763 926 ne
1787 870 1947 925 mini-

364 969 508 1008 mum
533 954 748 1025 quidem
770 957 1113 1028 respirantes,
1133 958 1863 1017 sul‘tieientemlassitudinem
1892 971 1949 1018 et

366 1045 605 1102 laborum
634 1047 847 1104 illorum
874 1050 1271 1105 retributionem
1300 1052 1534 1122 capiunt,
1561 1053 1610 1107 in
1633 1052 1949 1109 dormienda

366 1139 711 1209 voluptatem.
734 1140 805 1196 Et
828 1140 933 1197 hoc
959 1142 1049 1199 Dei
1076 1143 1401 1213 benignitate
1426 1144 1620 1199 factum
1642 1155 1743 1212 est,
1764 1153 1818 1199 ut
1841 1161 1947 1200 non

364 1244 498 1285 auro
516 1240 572 1286 et
592 1240 835 1301 argento,
857 1233 949 1288 sed
980 1234 1181 1298 labore,
1200 1244 1255 1290 et
1278 1251 1534 1302 mrumna,
1557 1246 1611 1291 et
1636 1230 1959 1293 necessitate

368 1330 423 1373 et
450 1323 594 1378 omni
618 1312 899 1393 disciplina
928 1325 1224 1393 voluptates
1250 1326 1355 1380 emi
1380 1327 1609 1382 valeant.
1651 1328 1720 1381 At
1746 1343 1849 1381 non
1882 1327 1950 1382 ita

368 1413 596 1468 divites:
625 1416 718 1470 Sctl
749 1417 929 1470 stratis
950 1416 1467 1487 mollibusjacentes,
1488 1418 1757 1474 multoties
1787 1426 1950 1472 totam

370 1513 581 1557 noctem
610 1505 808 1559 ducunt
838 1505 1172 1573 insomnem,
1203 1516 1257 1562 et
1283 1508 1444 1562 multa
1471 1507 1834 1564 machinantes
1861 1508 1953 1563 tali

373 1613 479 1650 non
509 1595 752 1653 fruuntur
777 1599 1066 1670 voluptate.
1099 1602 1306 1672 Pauper
1340 1610 1516 1658 autem
1547 1619 1614 1659 ex
1640 1604 1847 1659 diurnis
1871 1605 1954 1660 la-

371 1688 590 1743 boribus
619 1704 864 1761 surgens,
891 1690 1178 1763 defatigata
1223 1693 1426 1750 habens
1464 1694 1702 1750 membra
1724 1734 1741 1760 ,
1784 1697 1957 1765 prius-

371 1798 533 1850 quam
564 1784 883 1853 recubuerit,
916 1786 1175 1856 integrum
1214 1797 1268 1843 et
1308 1802 1524 1844 suavem
1564 1798 1618 1843 et
1662 1788 1955 1859 legitimum

372 1888 621 1930 somnum
659 1876 914 1947 suscipit,
941 1893 1049 1932 non
1079 1878 1320 1948 exiguam
1349 1887 1406 1934 et
1430 1879 1566 1935 hanc
1584 1879 1849 1951 justorum
1875 1880 1956 1934 la-

375 1965 563 2021 borum
602 1968 817 2038 capiens
859 1970 1185 2025 mercedem.
1237 1971 1367 2026 Cum
1412 1971 1569 2042 igitur
1601 1986 1721 2027 cum
1767 1970 1955 2042 majori

374 2058 646 2126 voluptate
672 2075 873 2131 pauper
890 2069 946 2115 et
969 2061 1198 2116 dormiat
1226 2073 1281 2117 et
1303 2062 1450 2118 bibat
1476 2073 1531 2118 et
1559 2063 1822 2128 comedat,
1853 2077 1956 2133 qua

374 2152 543 2220 gratia
566 2162 724 2206 erunt
752 2153 981 2223 amplius
1007 2154 1209 2210 divitia:
1231 2155 1427 2226 dignas,
1458 2170 1615 2226 quam
1643 2155 1961 2211 videbantur

375 2257 533 2311 supra
562 2252 921 2311 paupertatem
949 2245 1348 2314 prmrogativam
1396 2246 1590 2302 habere
1610 2288 1626 2313 ,
1665 2247 1763 2301 hac
1798 2247 1957 2301 etiam

376 2332 632 2402 privatae?
663 2332 946 2402 Propterea
977 2343 1031 2389 et
1060 2334 1127 2389 ab
1153 2335 1302 2389 initio
1326 2335 1463 2389 Deus
1494 2330 1694 2390 homini
1722 2336 1958 2391 laborem

377 2423 631 2493 alligavit,
661 2426 766 2478 n'nn
790 2425 1013 2494 puniens
1040 2440 1210 2495 neque
1232 2426 1402 2494 ipsum
1426 2426 1710 2497 castigans,
1726 2426 1821 2482 sed
1842 2441 1963 2481 eor-

380 2514 557 2584 rigeus
582 2515 891 2570 ac-docens.
921 2516 1145 2583 Quando
1166 2517 1522 2573 illaboriosam
1549 2519 1707 2573 vitam
1738 2518 1963 2590 degebat

378 2605 572 2673 Adam,
604 2606 851 2675 paradiso
887 2608 1084 2663 excidit
1111 2626 1126 2662 :
1155 2608 1368 2678 quando
1402 2608 1717 2663 laboriosam
1744 2618 1797 2664 et
1820 2624 1960 2664 teruc

381 2712 623 2751 mnosant
656 2698 848 2753 Paulus
869 2700 1058 2769 agebat
1080 2701 1265 2767 vitam,
1288 2716 1352 2756 ac
1379 2700 1606 2766 dicebat,
1633 2700 1697 2755 In
1728 2702 1897 2757 labore
1915 2710 1963 2757 et

381 2796 618 2835 erumna
632 2779 687 2848 ‘2
702 2776 921 2833 Cordi.
940 2778 1032 2849 27)
1056 2788 1201 2835 nocte
1228 2789 1278 2834 et
1306 2779 1394 2835 die
1420 2797 1642 2852 operans
1661 2782 1709 2853 (l
1724 2824 1736 2836 .
1759 2780 1940 2837 Thess.

382 2870 437 2924 6.
466 2870 545 2938 9),
568 2877 699 2924 tunc
743 2870 797 2923 in
830 2869 1139 2938 paradisum
1172 2880 1360 2941 raptus
1398 2881 1501 2939 est,
1529 2878 1584 2928 et
1627 2874 1846 2928 tertium
1888 2875 1943 2929 in

383 2959 581 3014 ciuium
606 2960 870 3013 ascendit.
902 2958 981 3012 Ne
1008 2960 1171 3029 igitur
1204 2961 1446 3016 laborem
1476 2978 1822 3033 respuamus,
1849 2979 1948 3019 nec

382 3050 752 3118 Operationem
788 3051 1173 3119 vituperemus.
1202 3050 1414 3107 Etenim
1432 3064 1558 3108 ante
1576 3055 1841 3109 caelorum
1858 3071 1946 3109 re-

382 3154 548 3208 gnum
567 3138 655 3194 hic
669 3141 966 3194 maximum
985 3142 1230 3209 capimus
1246 3145 1549 3210 praemium,
1564 3161 1630 3199 ex
1644 3147 1756 3213 ipsa
1783 3163 1839 3199 re
1854 3161 1949 3201 vo-

384 3228 642 3296 luptatem
664 3236 978 3286 sumentes:
1004 3246 1109 3284 non
1130 3240 1309 3285 autem
1335 3234 1666 3302 voluptatem
1710 3244 1945 3301 tantum,

383 3318 477 3372 sed
503 3326 576 3381 et,
598 3319 741 3388 quod
766 3320 935 3376 multo
957 3322 1231 3390 voluptate
1262 3324 1440 3393 majus
1465 3334 1567 3389 est,
1586 3327 1943 3395 purissimam

383 3411 692 3467 sanitatem.
711 3411 913 3469 Divites
942 3415 1086 3470 enim
1115 3426 1311 3485 praater
1340 3419 1723 3475 insuavitatem
1770 3422 1952 3476 multa:

382 3498 732 3566 :egritudines
761 3500 1040 3567 invadunt;
1060 3517 1326 3572 pauperes
1355 3514 1532 3560 autem
1555 3522 1584 3560 a
1609 3508 1945 3562 medicorum

383 3586 634 3659 manibus
656 3587 928 3644 immunes
959 3598 1104 3644 sunt.
1130 3590 1186 3645 Si
1217 3606 1344 3646 vero
1373 3608 1783 3665 nonnumquam
1812 3605 1867 3651 et
1892 3597 1947 3651 in

381 3675 755 3740 aegritudinem
776 3677 1036 3745 incidant,
1053 3680 1199 3735 brevi
1223 3682 1433 3751 seipsos
1457 3684 1784 3751 instaurant,
1801 3689 1944 3742 mol-

382 3761 494 3819 litie
517 3765 665 3818 omni
700 3766 874 3830 liberi,
895 3780 948 3823 et
975 3784 1205 3842 corpora
1235 3772 1456 3829 robusta
1491 3774 1771 3834 habentes.

463 3895 747 3968 Paupertas
784 3900 1037 3968 sapienter
1072 3903 1343 3973 ferentibus
1384 3920 1569 3974 magna
1615 3904 1875 3972 possessio.
1899 3936 1969 3947 -—-

387 3986 574 4057 Magna
597 3991 863 4059 possessio
878 4002 1162 4063 paupertas
1182 3995 1448 4063 sapienter
1468 3996 1634 4063 ipsam
1657 3995 1964 4064 ferentibus,

391 4079 669 4135 thesaurus
710 4082 799 4151 qui
837 4092 1065 4154 nequeat
1108 4083 1323 4151 auferri,
1355 4084 1570 4139 baculus
1613 4085 1966 4154 firmissimus,

388 4171 565 4225 damni
586 4189 779 4243 expers
801 4165 1084 4245 possessio,
1101 4176 1448 4231 diversorium
1468 4178 1534 4231 ab
1551 4178 1755 4233 insidiis
1776 4186 1967 4234 tutum.

391 4264 460 4317 At
497 4265 834 4334 opprimitur,
868 4268 1055 4337 inquit,
1087 4283 1318 4338 pauper;
1364 4268 1459 4323 sed
1501 4270 1733 4339 majores
1753 4269 1971 4326 insidias

389 4353 536 4409 dives
561 4356 777 4426 patitur.
803 4356 1175 4416 Contemnitur
1195 4375 1393 4430 pauper
1420 4368 1474 4415 et
1498 4362 1834 4417 contumeliis
1857 4361 1972 4417 afﬂ-

390 4445 556 4510 eitur;
602 4446 696 4502 sed
722 4447 868 4502 diviti
902 4450 1185 4505 invidetur.
1214 4450 1331 4505 Non
1362 4458 1468 4505 tam
1495 4452 1861 4521 expugnabilis
1888 4461 1972 4507 est

391 4551 592 4606 pauper
630 4554 789 4609 quam
831 4540 1002 4608 dives,
1033 4542 1267 4598 infinitas
1305 4543 1539 4613 undique
1572 4551 1627 4597 et
1668 4542 1879 4598 diabolo
1917 4552 1972 4598 et

391 4629 790 4686 insidiatoribus
830 4635 1138 4690 occasiones
1181 4635 1457 4703 praebens,
1507 4635 1743 4690 omnium
1787 4650 1972 4691 servus

391 4732 610 4791 propter
645 4723 867 4778 multam
908 4740 1088 4779 rerum
1133 4725 1550 4781 abundantiam:
1582 4726 1636 4780 in
1684 4726 1970 4797 multorum

394 4813 679 4883 indigentia
710 4816 1065 4882 constitutus,
1099 4825 1157 4871 et
1197 4816 1375 4871 multis
1416 4816 1621 4871 adulari
1663 4818 1888 4886 cogitur,
1920 4825 1973 4871 et

390 4918 512 4958 cum
556 4905 721 4959 multa
770 4905 1125 4963 illiberalitate
1169 4908 1404 4974 servire;
1460 4923 1663 4977 pauper
1705 4916 1880 4963 autem
1926 4909 1972 4964 si

393 4994 753 5065 philosOphari
783 4997 935 5064 sciat,
966 5013 1139 5068 neque
1173 4998 1241 5053 ab
1281 5000 1396 5069 ipso
1436 4998 1649 5053 diabolo
1686 4999 1973 5069 expugnari

395 5098 590 5157 potest.
634 5089 736 5144 Job
768 5090 925 5159 igitur
952 5099 1004 5146 et
1023 5099 1147 5146 ante
1177 5091 1276 5146 hoc
1303 5106 1422 5145 cum
1452 5091 1599 5145 [ortis
1628 5100 1789 5156 esset,
1823 5099 1970 5161 post-

389 5195 549 5249 quam
577 5181 754 5237 omnia
784 5181 980 5249 amisit,
1014 5191 1140 5237 tunc
1178 5181 1350 5238 factus
1381 5190 1465 5238 est
1504 5183 1708 5248 fortior,
1736 5190 1792 5236 et
1823 5197 1975 5252 egre—

393 5274 533 5342 giam
563 5283 747 5330 contra
768 5274 1036 5330 diabolum
1068 5274 1344 5330 victoriam
1373 5275 1680 5344 reportavit.
1707 5274 1972 5328 Praeterea

391 5382 519 5420 vero
550 5382 649 5423 nec
678 5369 923 5437 injuriam
951 5369 1058 5438 pati
1081 5383 1282 5439 pauper
1309 5376 1513 5437 potest,
1544 5367 1587 5421 si
1617 5365 1973 5435 philosophari

391 5457 591 5512 scierit.
622 5458 774 5526 Quod
801 5461 942 5516 enim
972 5461 1080 5516 dixi
1103 5461 1171 5516 de
1200 5461 1486 5530 voluptate,
1511 5460 1650 5529 quod
1685 5475 1747 5514 ea
1783 5474 1887 5513 non
1920 5459 1972 5513 in

392 5551 634 5604 ciborum
681 5563 958 5621 apparatu,
1004 5552 1101 5609 sed
1148 5553 1199 5607 in
1238 5551 1628 5607 comedentium
1673 5550 1742 5604 sit
1782 5548 1975 5603 affectu

392 5642 564 5711 posita
597 5662 611 5697 :
645 5642 747 5700 hoc
772 5654 825 5699 et
852 5645 919 5700 de
943 5645 1264 5701 contumelia
1294 5645 1448 5710 dico,
1478 5643 1621 5714 quod
1655 5640 1975 5696 contumelia

395 5750 502 5788 non
529 5733 598 5790 ab
622 5734 960 5792 inferentium
982 5737 1266 5803 sententia,
1290 5737 1383 5793 sed
1405 5751 1432 5789 a
1454 5733 1761 5806 patientium
1783 5732 1975 5788 atl'ectu

400 5830 753 5886 constituatur
782 5829 864 5885 vel
888 5828 1212 5887 destruatur.
1233 5828 1393 5885 Verbi
1420 5826 1613 5897 gratia,
1636 5826 1800 5880 multa
1826 5824 1973 5893 quis-

2057 508 2195 575 piam
2224 506 2275 561 in
2308 516 2357 561 te
2386 507 2540 562 fanda
2563 516 2719 577 atque
2736 505 2962 562 nefanda
2981 505 3219 561 convicia
3237 504 3410 561 dixit?
3438 508 3481 561 si
3506 524 3631 562 eor.-

2056 598 2299 655 tinuetias
2328 596 2601 663 deriseris,
2628 599 2670 651 si
2701 598 2858 651 verba
2886 611 2992 651 non
3016 596 3307 667 acceperis,
3337 604 3387 651 et
3413 597 3632 651 vulnere

2056 688 2299 757 superior
2318 689 2412 750 sis.
2429 689 2805 743 contumeliam
2836 702 2940 742 non
2965 702 3025 743 es
3051 702 3259 757 passus.
3290 688 3355 743 Et
3380 687 3635 759 quemad-

2055 780 2271 833 modum
2289 780 2335 835 si
2349 794 2543 849 corpus
2556 778 2957 835 adamantinum
2985 780 3322 847 haberemus,
3352 782 3452 835 etsi
3482 782 3639 835 innu-

2055 870 2218 925 meris
2266 870 2499 940 undique
2542 869 2664 924 telis
2701 878 3026 938 peteremur,
3069 885 3175 924 non
3214 879 3387 924 tamen
3419 870 3634 925 vulnera

2054 962 2414 1030 reciperemus
2437 977 2449 1013 :
2475 976 2581 1014 non
2611 960 2753 1015 enim
2781 975 2809 1013 a
2836 976 2996 1014 manu
3024 961 3123 1015 tela
3153 969 3450 1030 torquente,
3482 961 3573 1017 sed
3608 976 3637 1015 a

2055 1052 2367 1121 corporibus
2393 1050 2713 1122 patientibus
2740 1051 2959 1106 vulnera
2985 1052 3116 1106 ﬁunt
3147 1069 3159 1105 :
3187 1053 3262 1108 sic
3297 1062 3351 1107 et
3392 1053 3496 1115 hic,
3530 1069 3636 1105 non

2055 1159 2084 1197 a
2115 1143 2459 1213 petulantium
2494 1143 2700 1197 insania
2722 1183 2736 1207 ,
2765 1142 2858 1197 sed
2884 1157 2915 1197 a
2946 1141 3253 1212 patientium
3276 1144 3639 1199 imbecillitate

2056 1234 2266 1303 injurize
2291 1245 2345 1289 et
2368 1232 2705 1289 contumelia:
2728 1234 3143 1289 constituuntur.
3166 1234 3223 1290 Si
3241 1238 3383 1290 enim
3407 1221 3640 1305 philoso-

2058 1328 2209 1398 phari
2239 1330 2470 1384 sciamus
2488 1370 2503 1396 ,
2533 1344 2635 1384 nec
2660 1329 2984 1384 contumelia
3016 1328 3154 1385 allici
3187 1345 3466 1399 possumus
3489 1370 3505 1398 ,
3541 1345 3639 1385 nec

2060 1420 2348 1491 quidquam
2377 1435 2537 1491 grave
2568 1421 2694 1491 pati.
2738 1421 2944 1491 Aliquis
2989 1421 3236 1490 injuriam
3281 1421 3488 1486 intulit,
3531 1437 3639 1476 non

2060 1510 2273 1566 sensisti
2301 1526 2400 1565 nec
2424 1510 2674 1565 doluisti?
2704 1525 2824 1565 non
2850 1525 2909 1566 es
2940 1510 3186 1581 injuriam
3220 1525 3436 1581 passus,
3467 1512 3558 1567 sed
3585 1520 3645 1567 et

2063 1604 2231 1674 magis
2259 1603 2592 1673 percussisti,
2621 1617 2781 1674 quam
2815 1617 3099 1673 percussus
3120 1618 3200 1658 es.
3226 1603 3360 1658 Cum
3386 1604 3527 1657 enim
3550 1604 3639 1673 qui

2060 1694 2435 1751 contumeliam
2463 1694 2659 1762 intulit,
2689 1694 2892 1765 plagam
2927 1709 3078 1749 suam
3104 1694 3171 1749 ad
3201 1696 3506 1765 patientium
3528 1695 3642 1749 ani:

2062 1804 2202 1842 mam
2229 1804 2334 1844 non
2361 1790 2757 1860 pervenientem
2777 1786 2991 1853 viderit,
3016 1786 3130 1856 ipse
3156 1786 3411 1856 majorem
3436 1786 3490 1840 in
3521 1801 3640 1840 mo-

2062 1880 2187 1936 dum
2215 1880 2459 1936 roditur:
2489 1888 2545 1935 et
2572 1879 2869 1935 tacentibus
2890 1878 2974 1944 iis,
3005 1878 3093 1948 qui
3133 1877 3509 1933 contumeliam
3548 1894 3641 1947 pa-

2061 1974 2282 2036 tiuntur,
2308 1981 2497 2042 sponte
2512 1970 2954 2040 contumeliarum
2974 1970 3124 2040 plaga
3136 1977 3319 2025 contra
3344 1969 3641 2024 mittentem

2062 2079 2319 2121 conversa
2345 2063 2589 2119 infertur.

2133 2153 2189 2213 9.
2230 2155 2287 2211 In
2329 2155 2576 2210 omnibus
2610 2154 2768 2225 igitur
2804 2153 3263 2225 philosophemur,
3290 2149 3641 2216 dilectissimi,

2064 2256 2118 2303 et
2144 2245 2272 2300 nihil
2308 2260 2407 2301 nos
2444 2244 2619 2315 inopia
2658 2244 2852 2300 lmdere
2888 2246 3084 2321 poterit
3114 2260 3130 2299 :
3158 2244 3282 2313 quin
3324 2251 3378 2297 et
3415 2241 3645 2295 maxime

2064 2337 2333 2404 adjuvabit
2359 2345 2413 2392 et
2432 2336 2690 2391 clariores
2711 2335 2917 2402 reddet,
2946 2344 3001 2390 et
3020 2334 3267 2389 omnibus
3288 2332 3539 2387 divitibus
3564 2348 3649 2385 co-

2066 2428 2344 2498 piosiores.
2372 2426 2509 2493 Quid
2531 2427 2694 2493 enim,
2723 2426 2809 2482 die
2839 2426 2990 2491 mihi,
3014 2426 3163 2481 Helia
3187 2424 3509 2495 νευροτίυεῖ
3540 2424 3646 2477 Sed

2066 2528 2347 2590 propterea
2372 2532 2559 2572 omnes
2579 2518 2770 2573 divites
2792 2517 3055 2585 vincebat,
3078 2517 3327 2587 quoniam
3352 2516 3428 2569 sic
3450 2530 3649 2584 pauper

2066 2624 2187 2664 cum
2212 2614 2376 2672 esset,
2406 2608 2575 2677 ipsam
2616 2614 2984 2677 paupertatem
3027 2621 3091 2660 ex
3140 2605 3334 2659 mentis
3375 2604 3647 2673 Opulentia

2066 2701 2246 2772 elegit.
2288 2700 2555 2767 Quoniam
2603 2700 2748 2754 enim
2788 2712 3002 2754 omnem
3050 2697 3394 2769 pecuniarum
3440 2698 3647 2762 capiam

2067 2792 2229 2846 animi
2271 2792 2352 2846 sui
2404 2789 2771 2861 magnitudine
2809 2803 2929 2844 esse
2968 2788 3170 2859 putavit
3199 2785 3527 2853 inferiorem,
3550 2800 3651 2839 nec

2068 2884 2399 2955 philosophia
2428 2899 2521 2938 sua
2548 2883 2760 2954 dignam
2793 2898 2807 2936 :
2836 2882 2958 2938 ideo
2985 2890 3181 2936 tantam
3212 2879 3521 2951 pauperiem
3545 2892 3653 2931 ani-

2068 2976 2310 3045 plexatus
2337 2983 2439 3029 est.
2471 2973 2622 3041 Quod
2654 2976 2699 3028 si
2726 2988 2913 3043 magna
2944 2972 3225 3043 praesentia
3254 2979 3513 3041 putasset,
3544 2984 3650 3023 non

2066 3067 2236 3121 solam
2287 3065 2517 3119 meloten
2565 3064 2920 3134 possedisset;
2966 3062 3060 3117 sed
3106 3063 3173 3116 ita
3213 3062 3332 3115 vitae
3362 3061 3649 3114 vanitatem

2066 3156 2465 3221 condemnavit,
2510 3163 2564 3209 et
2603 3163 2870 3223 tamquam
2910 3153 3078 3207 lutum
3126 3153 3418 3221 projectum
3459 3166 3648 3204 aurum

2068 3262 2227 3303 omne
2248 3247 2510 3315 despexit,
2534 3255 2589 3300 ut
2614 3253 2805 3315 praeter
2824 3244 3073 3298 amictum
3102 3244 3246 3297 illum
3276 3241 3403 3296 nihil
3425 3240 3653 3309 amplius

2069 3340 2386 3411 possideret.
2433 3338 2634 3393 Idcirco
2659 3353 2749 3392 rex
2782 3350 3013 3407 paupere
3042 3334 3310 3404 indigebat
3333 3375 3348 3400 ,
3389 3342 3442 3387 et
3474 3332 3653 3386 verbis

2070 3431 2199 3487 nihil
2228 3430 2349 3501 plus
2377 3445 2535 3500 quam
2564 3426 2801 3484 meloten
2828 3426 3075 3481 habentis
3116 3425 3383 3491 inhiabat,
3410 3423 3499 3494 qui
3531 3434 3616 3476 tan
3634 3449 3650 3460 -

2072 3530 2183 3575 tum
2236 3519 2463 3575 habebat
2508 3518 2620 3571 auri
2650 3535 2666 3572 :
2693 3515 2831 3572 adeo
2872 3514 3201 3585 splendidior
3250 3529 3480 3583 purpura
3535 3522 3652 3567 erat

2070 3612 2299 3677 melote,
2340 3619 2394 3664 et
2430 3608 2696 3679 regalibus
2726 3607 2861 3662 aulis
2882 3606 3010 3677 justi
3042 3606 3313 3676 spelunca.
3364 3606 3652 3674 Propterea

2070 3716 2125 3763 et
2154 3706 2207 3760 in
2232 3705 2418 3759 coelum
2441 3701 2755 3768 ascendens,
2780 3700 2910 3754 nihil
2937 3699 3078 3754 aliud
3105 3715 3261 3769 quam
3311 3698 3540 3753 meloten
3571 3697 3655 3752 di-

2071 3796 2278 3867 seipulo
2299 3788 2514 3865 reliqdit
2543 3795 2616 3867 (4.
2640 3794 2765 3864 Reg.
2782 3792 2859 3864 2).
2884 3791 3014 3846 Cum
3040 3790 3160 3856 hac,
3193 3790 3377 3860 inquit,
3401 3806 3519 3846 cutn
3542 3792 3655 3844 dia-

2074 3886 2199 3940 bolo
2224 3887 2473 3958 pugnavi,
2501 3894 2556 3940 et
2582 3893 2634 3939 tu
2662 3892 2849 3939 contra
2875 3883 3020 3937 illum
3053 3883 3191 3937 hanc
3215 3890 3539 3936 armaturam
3566 3896 3657 3936 ca-

2074 3977 2207 4047 pies.
2240 3977 2482 4032 Validum
2512 3976 2655 4031 enim
2682 3976 2842 4030 telum
2872 3974 3047 4044 inopia
3068 4015 3081 4034 .
3116 3972 3521 4043 inexpugnabile
3557 3972 3655 4026 hac

2075 4067 2386 4133 bitaeulum,
2414 4078 2468 4122 et
2499 4068 2658 4121 turris
2684 4067 3022 4120 inconcussa.
3050 4064 3341 4134 Tamquam
3371 4065 3655 4119 maximam

2077 4158 2424 4212 hereditatem
2466 4157 2687 4212 Elisaeus
2724 4155 2956 4210 meloten
2994 4156 3225 4223 suscepit
3258 4171 3271 4208 :
3304 4156 3501 4209 etenim
3532 4171 3657 4209 vere

2075 4248 2305 4304 maxima
2326 4244 2745 4311 l‘nithtereditas,
2761 4244 2907 4301 omni
2930 4259 3062 4299 auro
3086 4245 3100 4277 ¹
3129 4244 3430 4314 pretiosior.
3454 4244 3522 4298 Et
3542 4255 3658 4298 erat

2078 4336 2298 4408 posthac
2339 4338 2530 4408 duplex
2570 4336 2749 4392 Helias
2790 4336 2901 4402 ille,
2931 4336 3000 4390 ita
3032 4345 3089 4390 ut
3123 4350 3333 4389 Sursum
3380 4334 3576 4399 Helias,
3604 4343 3659 4388 et

2075 4430 2325 4485 deorsum
2357 4430 2533 4484 llelias
2558 4437 2722 4484 esset.
2762 4427 2896 4484 Novi
2922 4442 3015 4482 vos
3038 4428 3237 4497 justum
3267 4427 3412 4481 illum
3442 4427 3656 4481 beatum

2077 4530 2282 4591 putare,
2306 4519 2646 4590 singulosque
2667 4534 2864 4588 cupere
2887 4532 3008 4573 eum
3038 4518 3209 4586 ipsum
3236 4532 3376 4572 esse.
3399 4517 3533 4585 Quid
3558 4518 3658 4588 igi-

2077 4624 2184 4677 tur,
2216 4612 2262 4667 si
2290 4611 2440 4666 vobis
2461 4611 2899 4665 demonstravero
2919 4608 3059 4677 quod
3085 4608 3223 4662 aliud
3248 4608 3338 4663 illo
3359 4609 3527 4663 multo
3552 4625 3660 4662 ma-

2076 4704 2165 4773 jus
2189 4718 2380 4759 omnes
2403 4702 2570 4757 sacris
2592 4701 2861 4771 mysteriis
2890 4699 3073 4755 imbuti
3103 4700 3502 4769 receperimus?
3596 4764 3599 4765 ν

2149 4792 2314 4847 Locus
2338 4792 2548 4863 insignis
2571 4793 2633 4846 de
2658 4791 2720 4846 S.
2755 4790 3093 4845 Eucharistite
3121 4792 3342 4845 veritate.
3371 4820 3441 4830 —
3481 4789 3660 4863 Helias
3740 4838 3746 4843 .

2080 4902 2271 4957 nempe
2297 4887 2527 4942 meloten
2554 4885 2817 4955 discipulo
2843 4885 3091 4954 reliquit;
3141 4884 3306 4939 Filius
3341 4895 3519 4939 autem
3566 4868 3659 4937 Dei

2080 4976 2405 5042 ascendens,
2438 4990 2587 5031 suam
2616 4977 2769 5031 nobis
2797 4991 3014 5030 carnem
3054 4976 3297 5042 reliquit;
3345 4975 3437 5030 sed
3483 4973 3661 5029 Helias

2080 5067 2293 5137 quidem
2323 5077 2515 5121 exutus
2540 5106 2555 5133 ,
2584 5066 2830 5121 Christus
2854 5075 3030 5120 autem
3071 5075 3125 5120 et
3164 5065 3317 5119 nobis
3343 5065 3575 5133 reliquit,
3607 5074 3662 5118 et

2082 5159 2250 5227 ipsam
2278 5158 2477 5212 habens
2502 5157 2756 5214 ascendit.
2788 5156 2865 5211 Ne
2892 5157 3051 5227 igitur
3074 5157 3254 5209 animo
3279 5154 3620 5209 concidamus
3647 5195 3660 5217 ,

2081 5264 2257 5320 neque
2296 5249 2687 5313 lamentemur,
2728 5261 2903 5317 neque
2950 5256 3248 5316 temporum
3296 5242 3661 5298 difﬁcultatem

2083 5342 2383 5395 timeamus.
2406 5338 2508 5407 Qui
2530 5337 2670 5393 enim
2691 5337 3000 5408 sanguinem
3022 5351 3175 5392 suum
3204 5348 3299 5404 pro
3317 5332 3566 5388 omnibus
3586 5333 3664 5387 er-

2084 5431 2306 5487 fundere
2352 5445 2456 5485 non
2499 5429 2787 5496 recusavit,
2817 5437 2872 5484 et
2916 5442 3137 5483 carnem
3176 5440 3347 5489 suam,
3379 5431 3435 5479 et
3479 5437 3663 5478 rursus

2084 5524 2254 5593 ipsum
2277 5522 2588 5593 sanguinem
2612 5520 2764 5575 nobis
2784 5517 3213 5581 communicavit,
3232 5514 3355 5586 quid
3379 5530 3474 5585 pro
3494 5515 3664 5569 salute

2085 5628 2265 5671 nostra
2289 5615 2467 5670 facere
2491 5613 2794 5669 recusabit?
2822 5612 2929 5667 Hac
2949 5611 3106 5682 igitur
3126 5624 3221 5678 spe
3247 5606 3469 5662 ﬁdentes
3492 5606 3664 5675 ipsum

2084 5712 2335 5766 continue
2382 5722 2649 5780 rogemus,
2690 5714 2747 5761 et
2796 5705 3042 5776 precibus
3085 5698 3666 5773 supplicationibusque

2152 5828 2168 5859 ⁸
2206 5827 2293 5876 Alii
2317 5839 2328 5872 :
2350 5830 2405 5876 Et
2430 5821 2589 5889 lapide
2606 5818 2825 5886 pretioso.
