4072 6384
403 390 472 446 ω
1072 394 1128 451 S.
1168 396 1445 455 JOANNIS
1481 396 1953 459 CHRYSOSTOMI
1990 403 2306 461 ARCHIEP.
2346 405 2888 467 CONSTANTINOP.
3602 422 3670 481 ιε

403 521 677 574 vacemus,
710 516 763 562 et
793 507 1009 579 reliqum
1036 510 1244 565 virtutis
1268 527 1388 567 cum
1417 514 1560 568 omni
1591 514 1859 586 diligentia
1886 532 1983 572 cu-

2089 520 2296 575 censeri
2327 521 2619 593 contingat,
2642 528 2807 595 gratia
2835 534 2889 581 et
2914 527 3239 599 benignitate
3262 529 3469 588 Domini
3501 537 3669 592 nostri

404 616 518 694 ram
546 598 857 667 habeamus,
887 611 945 655 ut
978 610 1032 694 et
1061 602 1265 656 instans
1296 604 1559 673 fugiamus
1587 606 1900 675 periculum.
1929 618 1985 664 et
2089 610 2219 666 Jesu
2244 612 2439 668 Christi
2463 656 2479 680 ,
2522 630 2614 683 per
2641 633 2798 685 quem
2823 626 2879 672 ct
2906 633 3027 673 cum
3048 598 3155 691 quo
3181 621 3322 677 Patri
3346 624 3537 694 gloria.
3568 643 3671 685 una

406 691 576 743 futura
609 705 955 762 assequamur
994 692 1128 747 bona
1161 712 1173 746 ε
1204 694 1396 763 quibus
1442 711 1539 750 nos
1572 713 1759 751 omnes
1797 700 1986 769 dignos
2086 718 2207 757 cum
2233 703 2430 774 Spiritu
2457 705 2675 773 Sancto,
2705 708 2756 761 in
2784 711 2979 763 saecula
3003 691 3562 771 seculorum—Amen.

405 820 2876 853 __________________________

2879 838 3139 850 ———

408 911 473 953 ΙΝ
506 912 988 960 ΡΒΟΓΕΟΤΙΟΝΕΜ
1031 918 1305 962 EPISCOPI
1333 921 1651 977 FLAVIANI,
1697 922 1817 966 PRO
1859 923 2153 973 CIVITATB.
2181 927 2265 969 ΔΙ)
2290 926 2749 974 IMPERATORI!!!
2776 931 3180 978 LEGATIONEM
3205 936 3515 981 OBEUNTIS
3545 941 3560 977 2
3595 941 3676 982 ΕΤ

488 1013 792 1066 ρυουωυ
842 1018 1061 1061 VERUM
1122 1020 1221 1063 SIT
1246 1021 1559 1068 JEJUNIUM

493 1216 742 1263 stamus
790 1218 1087 1265 INNOXIOS
1144 1221 1374 1266 carros
1417 1222 1561 1266 assa
1600 1206 1642 1264 ¹.

1605 1025 1619 1066 ἓ
1668 1024 1749 1067 ET
1789 1023 1958 1076 QUOD
2000 1026 2386 1071 DETBAHERE
2428 1030 2606 1083 QUAM
2658 1034 2981 1080 HUIARUI
3021 1036 3260 1083 COBPUS
3328 1040 3673 1087 COIBDBRB

492 1115 677 1159 PEJUS
721 1118 821 1162 ειτ
852 1120 867 1161 2
906 1119 984 1162 ΕΤ
1023 1120 1107 1162 DE
1145 1121 1485 1166 JUGULATIS
1544 1124 1831 1168 PROPTER
1891 1126 2279 1175 SEDITIONEM

2327 1134 2343 1173 :
2388 1133 2470 1177 ar
2509 1136 2833 1186 anvnsus
2869 1139 2983 1186 nos
3032 1140 3143 1196 om
3184 1142 3675 1205 ounnnnanrvn,

1828 1373 2244 1421 “Ws-+0—

1048 1494 1262 1534 ιιοιιιιιΑ
1302 1496 1380 1535 ΙΙΙ.

492 1569 540 1620 ι.
574 1566 848 1624 Flavianus
886 1567 1251 1639 Imperatorem
1291 1572 1585 1640 placaturus
1628 1572 1989 1632 Constantino-

423 1660 560 1726 polin
599 1660 1155 1729 petierat.—Quando
1190 1661 1258 1717 ad
1288 1662 1470 1718 sedem
1514 1664 1651 1719 hanc
1687 1665 1994 1723 derelictam

416 1764 473 1801 et
503 1748 758 1819 magistro
785 1765 1005 1805 vacuam
1038 1752 1288 1822 respicio,
1317 1752 1524 1823 gaudeo
1550 1754 1709 1809 simul
1738 1765 1791 1810 et
1818 1757 1996 1829 lacry-

416 1839 804 1911 nmzlacrymo
847 1840 1099 1910 quidem,
1144 1842 1285 1912 quod
1334 1854 1648 1913 praesentem
1692 1861 1800 1901 non
1844 1847 2000 1904 video

419 1937 661 1996 patrem;
699 1928 904 1999 gaudeo
941 1938 1118 1986 autem
1149 1931 1289 2001 quod
1322 1948 1418 2003 pro
1461 1934 1633 1990 salute
1659 1945 1841 1991 nostra
1869 1952 2015 2008 pro!

424 2017 621 2085 fectus,
667 2020 795 2075 abiit
838 2029 1040 2076 tantum
1078 2023 1328 2092 populum
1372 2038 1402 2077 a
1442 2024 1621 2081 furore
1664 2025 2001 2096 Imperatoris

418 2121 725 2180 erepturus.
754 2112 867 2168 Hoc
898 2123 953 2168 et
985 2113 1136 2173 vobis
1171 2124 1543 2173 ornamentum
1569 2125 1683 2184 est,
1728 2129 1782 2173 et
1810 2118 1885 2174 illi
1910 2135 2001 2177 co-

417 2216 579 2267 rona;
628 2213 1000 2258 ornamentum
1045 2203 1236 2271 vobis,
1284 2204 1425 2275 quod
1466 2206 1624 2261 talem
1672 2207 1788 2262 sitis
1829 2210 2000 2265 sortiti

418 2302 658 2362 patrem;
691 2303 745 2349 et
769 2293 846 2349 illi
876 2308 1096 2359 corona,
1120 2294 1261 2365 quod
1286 2295 1426 2350 circa
1459 2296 1594 2351 ﬁlios
1616 2306 1721 2351 tam
1745 2298 2003 2369 benignus

418 2383 509 2448 sit,
537 2390 591 2437 et
614 2398 643 2436 a
664 2381 881 2438 Christo
904 2382 1103 2438 dictum
1134 2398 1231 2455 per
1251 2398 1412 2454 opera
1439 2385 1854 2442 conﬁrmaverit.
1886 2391 1999 2442 Au-

417 2471 572 2527 diens
599 2473 742 2527 enim
773 2472 938 2541 illud,
987 2472 1173 2529 Pastor
1217 2473 1378 2529 bonus
1420 2475 1643 2530 animam
1680 2493 1823 2531 suout
1863 2479 2004 2546 ponit

427 2581 522 2635 pro
546 2565 719 2620 ovibus
748 2564 930 2634 (Joan.
965 2566 1052 2621 10.
1085 2565 1200 2635 Η),
1240 2566 1372 2621 abiit
1416 2581 1514 2636 pro
1547 2568 1698 2623 nobis
1723 2569 2003 2637 omnibus,

420 2653 653 2708 animam
680 2668 831 2713 suam
863 2654 1161 2724 positurus,
1193 2656 1291 2710 etsi
1322 2655 1485 2710 multa
1511 2666 1805 2728 erantqum
1832 2658 2004 2728 ipsum

421 2742 570 2798 abire
596 2743 975 2813 prohiberent,
1017 2754 1071 2800 et
1098 2759 1315 2800 manere
1343 2754 1597 2816 cogerent
1629 2764 1643 2801 :
1675 2748 1849 2816 primo
1874 2758 2006 2804 artas

421 2832 490 2887 ad
538 2833 777 2888 ultimam
821 2842 1068 2903 provecta
1118 2844 1486 2901 senectutem,
1530 2845 1715 2906 postea
1766 2839 2006 2907 corporis

423 2924 759 2983 imbecillitas
783 2966 799 2992 ,
828 2934 881 2980 et
907 2924 1030 2980 anni
1062 2934 1305 2999 tempus,
1353 2936 1408 2981 et
1447 2935 1645 2981 sanctte
1682 2927 2006 2984 celebritatis

424 3016 746 3081 necessitas,
772 3015 838 3071 ad
863 3016 978 3071 hac
1002 3016 1154 3072 unica
1180 3030 1334 3072 soror
1359 3016 1412 3072 in
1453 3026 1697 3072 extremo
1717 3019 2005 3072 constituta

424 3109 635 3180 spiritu.
663 3109 767 3165 Sed
796 3118 971 3164 tamen
1020 3118 1076 3166 et
1132 3109 1642 3181 consanguinitatem
1672 3109 1933 3179 despexit,
1953 3119 2008 3165 et

424 3209 773 3263 senectutem,
800 3208 855 3255 et
876 3199 1295 3261 imbecillitatem
1313 3239 1328 3265 ,
1358 3208 1413 3255 et
1441 3199 1696 3269 temporis
1722 3198 2007 3253 difﬁculta-

422 3299 556 3358 tem,
582 3301 635 3345 et
661 3290 863 3346 itineris
890 3290 1230 3361 asperitatem
1255 3308 1268 3344 :
1291 3299 1345 3345 et
1364 3290 1612 3345 omnibus
1633 3304 1728 3344 vos
1748 3299 2007 3345 vestram-

422 3395 528 3449 que
551 3381 774 3437 salutem
799 3395 1132 3455 prteponens,
1162 3379 1277 3435 haec
1302 3380 1481 3435 omnia
1508 3380 1713 3438 vincula
1742 3379 1969 3448 disrupit
1988 3419 2004 3445 ,

423 3481 479 3533 et
499 3487 596 3528 ceu
619 3472 831 3543 juvenis
855 3472 1023 3528 fertur
1044 3487 1231 3539 senex,
1257 3487 1399 3527 nunc
1422 3472 1592 3526 alatus
1616 3471 1778 3525 animi
1806 3470 2010 3542 magni-

426 3563 609 3619 tudine
639 3562 826 3619 l‘actus.
855 3563 910 3618 Si
947 3563 1091 3618 enim
1121 3563 1396 3629 Christus,
1427 3562 1626 3632 inquit,
1651 3562 1884 3631 seipsum
1911 3576 2008 3631 pro

426 3653 583 3707 nobis
621 3651 787 3719 dedit,
834 3667 937 3723 qua
982 3666 1224 3708 essemus
1260 3666 1360 3706 nos
1402 3651 1745 3706 excusatione
1772 3659 1827 3706 et
1854 3650 2006 3706 venia

427 3737 607 3812 digni,
641 3741 772 3795 tanti
798 3740 1095 3797 custodiam
1123 3740 1304 3813 populi
1340 3739 1596 3799 creditam
1624 3738 1881 3797 habentes
1902 3779 1919 3806 ,
1954 3748 2009 3795 et

426 3847 535 3887 non
560 3832 816 3902 eligentes
840 3832 1016 3886 omnia
1041 3841 1094 3887 et
1122 3830 1301 3893 facere
1330 3841 1384 3887 et
1419 3832 1526 3901 pati
1554 3846 1652 3902 pro
1680 3832 2007 3887 creditorum

425 3924 582 3978 nobis
607 3922 931 3980 securitate?
969 3922 1024 3979 Si
1065 3923 1208 3979 enim
1254 3923 1583 3993 patriarcha,
1613 3924 1815 3995 inquit,
1843 3923 2008 3980 Jacob

428 4012 720 4082 pecudibus
749 4013 1064 4084 praepositus
1091 4054 1108 4081 ,
1148 4027 1277 4072 oves
1304 4013 1638 4071 irrationales
1668 4029 1922 4083 pascens,
1953 4022 2009 4071 et

427 4102 628 4157 homini
651 4102 908 4157 rationem
927 4100 1250 4169 redditurus,
1271 4112 1451 4158 noctes
1470 4101 1699 4160 ducebat
1716 4103 2004 4169 insomnes,

428 4204 485 4248 et
508 4204 727 4261 testam,
756 4195 876 4265 gelu
900 4235 915 4259 ,
956 4209 1276 4265 omnemque
1305 4195 1444 4250 aeris
1469 4195 1837 4264 intemperiem
1866 4193 2008 4254 fere-

428 4285 553 4351 hat,
598 4297 658 4341 ut
695 4286 839 4343 nulla
883 4285 1092 4342 illarum
1136 4286 1397 4356 pecudum
1446 4287 1647 4355 periret
1690 4284 1842 4355 (Cen.
1870 4285 2004 4355 ‘39):

428 4378 600 4433 multo
623 4379 792 4449 magis
813 4393 911 4433 nos
938 4392 1044 4432 non
1076 4376 1492 4444 irrationalibus,
1528 4377 1621 4432 sed
1646 4377 2008 4446 spiritualibus

430 4470 618 4529 ovibus
635 4471 968 4542 praepositos,
986 4478 1168 4526 etnon
1190 4468 1416 4535 homini,
1442 4468 1536 4523 sed
1553 4469 1661 4523 Deo
1684 4469 2009 4538 praefecturae

430 4560 588 4631 hujus
613 4562 871 4617 rationem
900 4560 1200 4616 reddituros
1222 4600 1239 4627 ,
1278 4558 1346 4614 ad
1370 4558 1500 4613 nihil
1527 4566 1738 4627 torpere
1763 4566 1819 4614 et
1845 4558 2009 4629 tergi-

429 4651 634 4708 versari
663 4660 874 4722 oportet
897 4666 1080 4707 eorum
1104 4692 1121 4720 ,
1170 4666 1289 4721 qua:
1333 4664 1546 4721 gregem
1568 4648 1757 4719 juvare
1782 4649 2006 4719 possint.

430 4741 535 4798 Sed
559 4749 756 4813 quanto
784 4742 973 4798 melior
997 4756 1128 4816 grex
1158 4739 1257 4796 iste
1280 4754 1442 4810 grege
1471 4739 1563 4795 illo
1580 4780 1596 4806 ,
1623 4747 1677 4794 et
1701 4738 1870 4794 brutis
1889 4740 2009 4809 qui-

430 4832 553 4887 dem
597 4830 870 4896 homines,
903 4830 1207 4891 hominibus
1232 4845 1361 4885 vero
1386 4830 1527 4885 Deus
1550 4847 1562 4882 :
1584 4837 1730 4884 tanto
1758 4829 1928 4899 majus
1956 4837 2013 4884 et

430 4939 533 4979 nos
554 4924 1028 4999 vehementiusque
1063 4922 1296 4979 studium
1322 4931 1376 4978 et
1401 4922 1729 4993 diligentiam
1758 4921 2012 4978 exhibere

431 5023 662 5085 oportet.
693 5014 849 5070 Novit
872 5016 960 5071 ille
987 5015 1164 5086 plane,
1188 5029 1292 5069 non
1320 5030 1419 5085 pro
1446 5030 1550 5074 una
1575 5013 1677 5070 sibi
1708 5028 1847 5069 nunc
1874 5014 2009 5069 civi-

434 5115 542 5162 tate
584 5105 851 5175 negotium
893 5119 1047 5172 esse,
1080 5104 1175 5160 sed
1204 5120 1302 5175 pro
1326 5102 1542 5160 Oriente
1570 5114 1700 5164 toto.
1728 5104 2009 5160 Civitatum

430 5197 574 5252 enim
605 5196 705 5251 sub
731 5194 945 5253 Oriente
974 5195 1262 5267 positarum
1283 5206 1443 5273 caput
1460 5206 1514 5253 et
1536 5208 1706 5253 mater
1725 5206 1807 5253 est
1824 5197 2011 5253 civitas

499 5332 513 5361 ι
536 5330 735 5393 Titulus
757 5331 805 5380 lu
822 5330 964 5379 savii.
992 5330 1121 5393 etin
1148 5328 1435 5393 quibusdam
1472 5337 1581 5393 Mss.
1601 5328 1752 5381 habet
1776 5343 1791 5393 ς
1822 5339 1874 5393 In
1896 5343 2012 5393 prec

431 5390 683 5454 ﬁctionem
713 5404 859 5454 quam
878 5390 1083 5453 suscepit
1126 5389 1374 5454 eniscOpus
1401 5389 1712 5454 {antiochenns
1738 5389 2008 5454 Flavianus,

432 5450 521 5519 pro
543 5450 812 5519 ciritate'od
834 5450 1171 5514 imperatorem
1190 5450 1495 5519 Theudosium
1512 5450 1794 5519 legationem
1828 5451 2006 5519 obieris.

433 5512 729 5575 iniuriarum
751 5513 801 5563 in
832 5512 1013 5564 statuas
1045 5525 1227 5575 causa;
1257 5520 1302 5562 et
1326 5512 1473 5574 quod,
1506 5512 1641 5575 apud
1666 5520 1833 5570 Deum,
1860 5512 2011 5575 regite

433 5573 656 5643 dignitati
676 5575 932 5643 prwvateat
967 5572 1316 5643 sacerdotium;
1339 5571 1400 5643 :et
1437 5571 1554 5642 quid
1593 5572 1660 5643 sit
1685 5586 1854 5643 perum
1879 5571 2010 5643 jéju-

432 5632 583 5698 nium,
607 5632 841 5698 quamque
871 5636 927 5686 ob
961 5648 1157 5686 causam
1200 5632 1419 5698 amittitur
1587 5632 1727 5684 bruta
1747 5632 2010 5698 artiniantia

430 5694 651 5756 fcjunare
695 5694 999 5750 curaverint:
1037 5703 1083 5747 ει
1122 5694 1250 5757 quod
1288 5694 1541 5758 detrahere
1563 5708 1719 5758 quam
1748 5695 2010 5758 tinniturum

435 5770 617 5869 {smusl
630 5761 879 5810 comedere
901 5759 1036 5823 pejus
1057 5755 1143 5819 sit;
1161 5765 1205 5808 et
1237 5763 1469 5819 postremo
1491 5755 1552 5808 de
1573 5755 1889 5824 ﬂagitatis...
1916 5771 2008 5808 ca:-

491 5833 545 5869 ra
567 5833 598 5868 u
640 5833 802 5869 satira.

491 5833 545 5869 ra
567 5827 617 5868 ut
640 5833 802 5884 supra.

2091 1499 2606 1565 nostra:propterea
2653 1513 2812 1559 omne
2856 1501 3147 1570 periculum
3197 1504 3388 1571 subiit,
3445 1514 3501 1562 et
3548 1505 3684 1561 nihil

2103 1581 2250 1636 illum
2292 1583 2379 1639 hic
2416 1586 2648 1644 retinere
2688 1590 2877 1659 potuit.
2927 1590 3155 1662 Ideoque
3202 1594 3368 1649 bonas
3408 1594 3523 1650 fore
3568 1598 3684 1665 spei

2099 1677 2524 1744 opportunitates
2562 1694 2884 1750 speroznon
2931 1683 3073 1739 enim
3106 1694 3305 1740 tantam
3346 1685 3685 1742 sedulitatem

2103 1774 2159 1821 et
2182 1781 2364 1823 cuiam
2393 1770 2534 1826 Deus
2553 1771 2831 1844 despiciet,
2857 1791 3028 1845 neque
3056 1791 3272 1832 servum
3296 1792 3451 1832 suum
3478 1779 3689 1833 infectis

2102 1859 2266 1915 rebus
2304 1860 2483 1919 redire
2531 1866 2821 1933 permittet.
2869 1866 3003 1922 Novi
3055 1868 3196 1937 quod
3254 1878 3454 1923 tantum
3503 1884 3686 1923 coram

2105 1948 2340 2017 positus,
2371 1960 2426 2006 et
2454 1952 2758 2024 religiosum
2789 1956 3164 2027 Imperatorem
3195 1959 3566 2030 conspicatus,
3619 1974 3688 2015 ex

2104 2048 2323 2110 aspectu
2353 2043 2469 2099 solo
2508 2046 2685 2100 statim
2720 2046 2852 2101 iram
2889 2049 3247 2119 comprimere
3293 2052 3510 2123 poterit.
3548 2051 3689 2108 San-

2105 2141 2310 2187 ctorum
2338 2135 2481 2191 enim
2511 2152 2618 2192 non
2648 2145 2853 2194 tantum
2901 2141 3099 2210 verba,
3143 2142 3238 2198 sed
3278 2152 3332 2199 et
3378 2143 3477 2215 ipsi
3514 2144 3692 2201 vultus

2107 2223 2367 2294 spirituali
2392 2228 2557 2297 gratia
2575 2230 2716 2300 pleni
2742 2240 2885 2286 sunt.
2909 2231 3004 2288 llic
3023 2248 3153 2289 vero
3170 2243 3225 2290 et
3242 2234 3407 2290 multa
3427 2236 3685 2306 sapientia

2108 2316 2299 2385 plenus
2325 2327 2440 2387 est,
2472 2329 2527 2374 et
2564 2335 2684 2376 cum
2724 2322 3020 2378 divinarum
3049 2325 3223 2395 legum
3250 2326 3322 2380 sit
3347 2327 3553 2397 peritus
3574 2368 3588 2391 ,
3618 2325 3687 2380 ad

2109 2408 2280 2478 ipsum
2307 2410 2468 2479 dicet,
2494 2414 2634 2483 quod
2660 2424 2714 2470 et
2737 2415 2910 2473 Moses
2932 2416 2999 2471 ad
3029 2416 3193 2473 Deum
3216 2433 3231 2472 :
3252 2417 3315 2474 Si
3342 2418 3550 2473 dimittis
3576 2418 3690 2490 qui-

2109 2501 2222 2555 dem
2247 2502 2371 2571 ipsis
2398 2514 2654 2573 peccatum
2672 2547 2687 2572 ,
2719 2507 2950 2572 dimitte;
2984 2508 3030 2561 si
3067 2523 3169 2562 non
3194 2518 3391 2575 autem,
3419 2518 3466 2563 et
3493 2524 3573 2562 me
3595 2522 3689 2563 oe-

2108 2592 2227 2647 cide
2251 2608 2372 2647 cum
2401 2593 2530 2664 ipsis
2558 2594 2749 2667 (Exod.
2774 2596 2861 2653 52.
2887 2597 2977 2654 3i.
3000 2596 3112 2669 52).
3134 2597 3282 2654 Talia
3306 2599 3447 2654 enim
3476 2609 3690 2653 sancto-

2110 2696 2228 2735 rum
2256 2682 2490 2750 viscera;
2516 2700 2636 2740 cum
2666 2686 2787 2743 ﬁliis
2807 2694 3037 2744 mortem
3056 2703 3214 2760 quam
3235 2689 3351 2744 sine
3376 2689 3506 2758 ipsis
3528 2689 3692 2743 vitam

2110 2771 2401 2829 dulciorem
2446 2790 2567 2830 esse
2612 2786 2815 2845 putant.
2864 2777 3093 2849 Adjiciet
3118 2794 3150 2834 a
3179 2788 3419 2849 tempore
3462 2781 3692 2849 patroci-

2111 2863 2279 2929 nium,
2304 2873 2359 2920 et
2380 2880 2590 2920 sacrum
2619 2868 2813 2937 pascha
2842 2876 3118 2939 proponet,
3149 2870 3693 2939 commemorabith

2113 2964 2355 3027 tempus,
2386 2973 2493 3028 quo
2519 2959 2633 3015 orbi
2669 2969 2932 3016 terrarum
2965 2962 3059 3017 toti
3088 2960 3331 3018 Christus
3358 2969 3573 3034 peccata
3602 2974 3692 3017 re-

2111 3048 2289 3113 misit;
2332 3050 2613 3105 Dominum
2659 3051 2855 3106 imitari
2899 3051 3286 3120 exhortabitur,
3330 3060 3385 3109 et
3426 3051 3695 3122 parabolas

2110 3141 2252 3197 illius
2275 3141 2460 3197 decem
2500 3143 2722 3199 millium
2763 3143 3080 3200 talentorum
3110 3153 3165 3199 et
3190 3153 3402 3200 centum
3437 3143 3688 3200 denario-

2111 3246 2229 3285 rum
2259 3231 2432 3301 ipsum
2457 3232 2837 3287 eommonebit.
2862 3232 2994 3288 Novi
3023 3234 3192 3303 patris
3224 3234 3390 3289 nostri
3422 3233 3690 3299 ﬁduciam,

2110 3338 2219 3378 non
2247 3323 2508 3378 dubitabit
2551 3322 2728 3394 ipsum
2762 3340 2859 3394 per
2887 3324 3023 3381 hanc
3064 3325 3461 3381 similitudinem
3489 3335 3695 3382 terrere

2108 3426 2166 3470 et
2191 3414 2372 3470 dicere
2396 3434 2410 3470 :
2433 3415 2565 3471 Vide
2591 3430 2658 3471 ne
2692 3414 2829 3472 forte
2865 3424 2920 3472 et
2959 3425 3014 3472 tu
3057 3418 3149 3473 illo
3176 3417 3263 3473 die
3290 3418 3512 3472 audias:
3538 3417 3696 3473 Servs

2110 3522 2354 3574 nequam,
2386 3522 2534 3561 omne
2556 3506 2777 3562 debitum
2816 3505 2949 3563 illud
2986 3507 3156 3562 dimisi
3184 3508 3305 3575 tibi,
3344 3507 3582 3577 quoniam
3603 3523 3692 3563 ro-

2110 3600 2242 3670 gasti
2262 3615 2372 3663 me;
2394 3598 2654 3669 oportebat
2675 3608 2724 3653 et
2745 3608 2793 3654 te
2816 3599 3068 3654 dimittere
3087 3600 3337 3653 conservis
3358 3600 3456 3654 tuis
3474 3597 3689 3668 (Matth.

2112 3689 2202 3745 18.
2233 3689 2321 3743 52.
2352 3689 2465 3761 55).
2497 3689 2612 3744 Tibi
2643 3690 2740 3760 ipsi
2762 3690 2930 3760 magis
2953 3704 3111 3761 quam
3140 3690 3212 3745 illi
3240 3689 3452 3760 prodes,
3484 3690 3536 3744 in
3564 3703 3692 3759 pau-

2112 3798 2296 3839 corum
2322 3782 2633 3838 dimissione
2664 3791 3006 3854 peccatorum
3030 3822 3046 3849 ,
3076 3782 3337 3852 majorum
3367 3782 3690 3837 oblivionem

2111 3874 2396 3945 recipiens.
2428 3874 2603 3930 Addet
2627 3873 2892 3943 praedictis
2919 3882 2974 3928 et
2997 3873 3293 3928 orationem
3322 3872 3463 3927 illam
3482 3911 3500 3938 ,
3533 3886 3690 3942 quam

2111 3966 2201 4034 qui
2230 3966 2397 4021 sacris
2422 3964 2593 4035 ipsum
2621 3964 2895 4019 initiavere
2921 3962 3190 4032 mysteriis
3207 4003 3221 4028 ,
3248 3970 3487 4017 orantem
3514 3961 3695 4018 dicere

2110 4057 2406 4114 docuerunt
2430 4075 2443 4112 :
2466 4056 2675 4112 Dimitte
2716 4057 2859 4111 nobis
2899 4056 3063 4110 debita
3102 4064 3307 4121 nostra,
3356 4055 3483 4109 sicut
3526 4063 3572 4109 et
3602 4070 3695 4107 nos

2112 4151 2410 4205 dimittimus
2436 4149 2743 4204 debitoribus
2767 4148 2950 4202 nostris
2984 4146 3193 4215 (Matth.
3231 4146 3284 4202 6.
3326 4146 3438 4214 12).
3471 4145 3551 4200 Ad
3578 4145 3694 4200 hmc

2111 4242 2345 4306 docebit,
2371 4256 2476 4296 non
2501 4254 2784 4296 commune
2806 4238 3034 4296 civitatis
3058 4237 3222 4293 fuisse
3249 4246 3523 4308 peccatum
3543 4277 3558 4300 ,
3595 4234 3691 4291 sed

2112 4335 2388 4393 hominum
2441 4333 2794 4405 quorumdam
2841 4343 3183 4387 externorum
3230 4339 3287 4385 et
3333 4328 3690 4390 advenarum,

2111 4429 2245 4485 nihil
2283 4442 2404 4483 cum
2443 4428 2650 4483 ratione
2688 4425 3028 4489 iacientium,
3073 4422 3169 4478 sed
3211 4436 3333 4477 cum
3379 4420 3597 4475 audacia
3639 4427 3695 4473 et

2113 4522 2259 4578 omni
2298 4520 2503 4577 scelere
2526 4536 2539 4572 :
2564 4533 2665 4575 nec
2704 4518 2906 4587 justum
2936 4529 3057 4571 esse
3082 4528 3181 4584 pro
3208 4527 3495 4584 paucorum
3526 4521 3695 4565 teme-

2113 4614 2270 4671 ritate
2294 4622 2492 4669 tantam
2521 4612 2678 4681 diripi
2704 4608 2996 4674 civitatem,
3027 4616 3081 4663 et
3103 4620 3217 4671 eos,
3239 4604 3330 4675 qui
3352 4603 3480 4659 nihil
3502 4602 3696 4673 injuste

2114 4704 2373 4769 fecerunt,
2392 4718 2576 4774 poenas
2593 4702 2759 4759 luere.
2781 4699 3030 4770 Alioquin
3045 4697 3144 4753 etsi
3160 4710 3347 4751 omnes
3363 4704 3692 4765 peccassent,

2113 4796 2300 4866 dignas
2328 4794 2599 4850 dedissent
2628 4806 2841 4862 pinnas,
2888 4798 2965 4845 tot
3004 4788 3191 4844 diebus
3217 4789 3405 4842 timore
3439 4799 3695 4840 consum-

2114 4886 2225 4956 pti,
2264 4895 2319 4940 et
2360 4899 2456 4955 per
2495 4883 2731 4952 singulos
2770 4880 2905 4935 mori
2932 4878 3048 4935 dies
3090 4884 3487 4947 exspectantes.
3521 4873 3694 4944 pulsi,

2113 4978 2421 5034 exsulantes
2438 5018 2453 5041 ,
2478 4976 2587 5031 reis
2615 4973 2968 5031 miserabilius
2995 4971 3233 5026 viventes
3256 5011 3272 5037 ,
3303 4968 3613 5037 sanguinem
3642 4967 3694 5021 in

2113 5072 2359 5127 manibus
2382 5078 2648 5141 gestantes
2670 5109 2687 5133 ,
2734 5074 2790 5121 et
2830 5065 2899 5122 de
2940 5065 3047 5120 vita
3089 5078 3184 5119 sua
3212 5078 3315 5116 non
3344 5060 3692 5117 conﬁdentes.

2114 5163 2241 5219 Ilaec
2278 5162 2374 5217 tibi
2417 5174 2573 5231 pmna
2615 5156 2879 5213 sufﬁciat:
2907 5170 2975 5211 ne
3020 5154 3239 5209 ulterius
3279 5153 3355 5206 ira
3396 5150 3692 5221 procedas:

2113 5256 2296 5312 mitem
2342 5253 2433 5309 tibi
2476 5266 2766 5322 supernum
2809 5248 3049 5305 Judicem
3094 5262 3190 5316 per
3229 5243 3609 5299 humanitatem
3642 5240 3695 5294 in

2113 5360 2407 5404 conservos
2430 5342 2595 5400 redde
2620 5360 2634 5396 :
2657 5341 2830 5412 cogita
2854 5339 3001 5395 urbis
3022 5334 3461 5409 magnitudinem,
3478 5330 3694 5402 etquod

2114 5437 2316 5493 nonde
2341 5451 2479 5501 una,
2524 5433 2611 5490 vel
2638 5433 2707 5489 de
2731 5431 2972 5497 duabus,
3015 5429 3102 5484 vel
3143 5428 3348 5491 tribus,
3392 5426 3477 5480 vel
3505 5424 3694 5479 decem

2113 5529 2389 5586 animabus
2419 5541 2562 5583 nunc
2588 5525 2744 5582 nobis
2767 5532 2853 5580 est
2877 5520 3235 5579 consideratio
3252 5560 3271 5586 ,
3313 5517 3406 5574 sed
3432 5516 3502 5573 de
3528 5514 3692 5570 milli-

2113 5623 2214 5679 bus
2239 5632 2292 5678 ct
2318 5622 2556 5687 inﬁnitis,
2579 5619 2647 5674 de
2670 5619 2833 5673 totius
2855 5615 3001 5671 orbis
3017 5612 3211 5683 capite.
3234 5611 3360 5666 Haec
3380 5617 3463 5664 est
3481 5607 3690 5673 civitas,

2114 5715 2167 5771 in
2192 5731 2292 5785 qua
2319 5714 2544 5784 primum
2569 5709 2816 5780 appellati
2837 5704 3151 5763 Christiani:
3173 5702 3372 5756 honora
3394 5698 3689 5761 Christum,

2114 5820 2359 5863 reverere
2387 5818 2502 5860 eam
2525 5842 2539 5867 ,
2570 5816 2686 5873 σιυεε
2728 5800 2893 5871 prima
2925 5809 3117 5855 nomen
3147 5792 3249 5875 hoe
3275 5790 3520 5849 omnibus
3544 5786 3687 5843 desi-
