4072 6384
389 367 458 423 19
935 423 943 429 ,
1167 367 1222 422 S.
1261 364 1546 421 JOANNIS
1585 365 2079 422 CIIRYSOSTOMI
2120 365 2442 423 ARCHIEP.
2483 366 3032 426 CONSTANTINOP.
3739 366 3810 436 ὅθ

386 482 590 536 στιανιιί
611 500 623 512 ·
647 481 875 552 τίμησον
887 481 974 534 τὸν
997 481 1248 553 Χριστὸν,
1267 479 1545 548 αἱδέσθητι
1568 480 1666 550 τὴν
1679 478 1795 552 [5η
1819 479 2040 552 πρώτην

381 569 554 635 ἀνακη
565 565 800 634 ρύξασαν
815 563 875 617 τὸ
904 564 1147 616 ποθεινὸν
1175 563 1332 616 τοῦτο
1353 564 1447 615 καὶ
1468 563 1638 630 γλυκὺ
1661 565 1826 616 πᾶσιν
1847 563 2038 633 ὅνομα”

380 648 694 702 ἀποστόλων
729 647 908 718 ἐκείνη
944 647 1132 714 γέγονε
1169 644 1533 713 καταγώγιον,
1573 645 1796 698 δικαίων
1839 644 2039 698 ἐνδιαί-

379 723 702 801 τημαδΝῦν
742 728 900 782 τοῦτο
930 727 1142 799 πρῶτον
1175 727 1268 780 καὶ
1298 727 1457 797 μόνον
1479 726 1539 780 τὸ
1570 727 1828 796 τόλμημα
1851 726 2043 795 γέγονε
2077 735 2092 742 ’

380 816 461 876 εἱς
491 815 614 876 τοὺς
640 812 994 886 κρατοῦντας,
1028 813 1120 865 καί
1152 814 1418 884 μαρτυρεῖ
1453 811 1528 882 τῷ
1568 813 1666 880 τῆς
1695 811 1901 873 πόλεως
1924 810 2043 882 ήθει

311 955 317 960 κ
382 900 489 973 πᾶς
525 899 553 950 6
585 895 866 968 παρελθὼν
909 894 1117 965 χρόνος.
1152 895 1214 946 Εἰ
1255 893 1352 964 μέν
1382 893 1488 964 γὰρ
1517 893 1754 962 συνεχῶς
1789 892 2040 945 ἐστασία-

380 981 492 1046 ζον,
525 981 628 1033 ἔδει
669 979 1096 1046 καταγινώσκειν
1128 977 1226 1046 τῆς
1258 975 1520 1046 πονηρίας
1542 993 1555 1007 ο
1590 977 1638 1028 εἱ
1667 975 1722 1028 δὲ
1765 974 1912 1039 ἅπαξ
1947 974 2041 1028 τοῦ

379 1063 581 1123 παντὸς
609 1060 766 1114 τοῦτο
788 1059 984 1129 συνέϐη
1015 1059 1228 1130 χρόνου,
1269 1057 1490 1127 εὔδηλον
1511 1059 1592 1110 ὃτι
1619 1058 1679 1110 ού
1705 1057 1798 1110 τοῦ
1826 1058 1926 1128 τῆς
1947 1058 2044 1110 πό-

379 1144 513 1207 λεως
534 1143 693 1213 ήθους
710 1141 772 1194 τὸ
797 1141 1118 1213 ἁμάρτημα,
1137 1139 1272 1193 ἀλλά
1297 1139 1405 1192 τῶν
1421 1138 1606 1203 άπλῶς
1622 1141 1716 1193 καὶ
1737 1141 1858 1212 εἱκῆ
1883 1157 2043 1212 προσ-

379 1226 694 1298 φθαρέντων
721 1225 857 1295 αύτῇ
888 1224 952 1277 τὸ
989 1224 1359 1296 παρανόμημα
1384 1223 1574 1291 γέγονε
1597 1223 1773 1277 τοῦτο.

450 1310 634 1364 Ταῦτα
660 1311 688 1362 6
712 1310 890 1379 ἱερεὺς
927 1311 1060 1380 ἐρεῖ,
1093 1307 1186 1360 καὶ
1217 1307 1438 1359 πλείονα
1461 1306 1664 1359 τούτων
1690 1306 1826 1376 μετά
1859 1307 2040 1362 πλείο-

377 1410 466 1457 νος
496 1392 596 1462 τῆς
623 1391 931 1463 παρρησίας
951 1406 964 1420 ·
995 1389 1162 1442 ταῦτα
1191 1391 1218 1441 6
1249 1387 1499 1458 βασιλεὺς
1520 1387 1828 1446 ἀκούσεται·
1857 1393 2042 1442 κάκεῖ.

377 1495 466 1541 νος
489 1477 884 1549 φιλάνθρωπος,
911 1474 1005 1528 καὶ
1036 1466 1190 1536 οὗτος
1218 1473 1467 1535 πιστὸςα.
1496 1473 1635 1525 ὥστε
1657 1474 2042 1542 ἀμφοτέρωθεν

375 1561 620 1634 χρηστὰς
666 1560 860 1631 ἔχομεν
907 1557 1005 1621 τὰς
1041 1557 1280 1620 ἐλπίδας.
1328 1556 1542 1630 Μᾶλλον
1573 1555 1631 1608 δὲ
1681 1555 1776 1609 καὶ
1808 1556 1914 1627 πρὸ
1940 1554 2042 1624 τῆς

376 1644 608 1706 πίστεως
633 1643 727 1696 τοῦ
759 1641 1099 1706 διδασκάλου,
1126 1641 1220 1693 καὶ
1251 1638 1356 1711 πρὸ
1380 1638 1478 1709 τῆς
1512 1638 1918 1708 φιλανθρωπίας
1946 1635 2040 1691 τοῦ

272 1759 276 1761 »
379 1725 662 1798 βασιλέως,
692 1723 768 1794 τῷ
801 1723 938 1778 ἐλέει
968 1721 1275 1794 θαρροῦμεν
1313 1720 1404 1775 τοῦ
1439 1719 1605 1774 Θεοῦ·
1642 1720 1736 1772 καὶ
1772 1719 1880 1792 γάρ
1927 1719 2040 1773 ἱκε-

376 1809 666 1878 τευομένου
689 1807 781 1860 τοῦ
806 1804 1088 1877 βασιλέως,
1116 1805 1209 1860 καὶ¹
1232 1803 1563 1867 ἱκετεύοντος
1585 1802 1679 1856 τοῦ
1705 1803 1916 1873 ἱερέως,
1945 1804 2043 1855 αύ-

375 1892 466 1956 τὸς
499 1891 905 1962 παραστήσεται
951 1889 1134 1960 μέσος,
1176 1886 1270 1940 τοῦ
1315 1885 1576 1958 βασιλέως
1626 1884 1914 1955 μαλάσσων
1942 1883 2041 1955 τὴν

375 1975 624 2046 καρδίαν,
670 1977 763 2030 τοῦ
813 1973 1001 2044 ἱερέως
1046 1971 1324 2042 διεγείρων
1370 1971 1469 2040 τὴν
1511 1969 1784 2038 γλῶσσαν,
1844 1967 2040 2022 εὐοδῶν

373 2059 566 2112 τούτου
599 2057 668 2110 τὰ
702 2058 938 2128 ῥήματα,
978 2053 1413 2126 παρασκευάζων
1447 2053 1654 2106 ἐκείνου
1680 2053 1778 2123 τὴν
1805 2051 2041 2104 διάνοιαν

376 2140 732 2205 ὑποδέξασθαι
762 2140 830 2193 τά
863 2139 1149 2209 λεγόμενα,
1173 2139 1264 2192 καὶ
1294 2137 1430 2207 μετὰ
1456 2136 1653 2204 πολλῆς
1678 2136 1776 2204 τῆς
1798 2133 2042 2203 συγγνώ-

377 2242 484 2296 μης
506 2225 784 2279 ἐπινεῦσαι
807 2227 927 2286 ταῖς
959 2223 1194 2292 δεήσεσι.
1231 2222 1341 2275 Καὶ⁵
1373 2221 1480 2291 γὰρ
1502 2219 1578 2290 τῷ
1609 2218 1830 2290 Χριστῷ
1861 2219 2041 2272 ποθει-

373 2310 568 2381 νοτέρα
602 2308 787 2360 πασῶν
820 2308 852 2376 ή
882 2305 1089 2375 πόλιςή
1122 2304 1383 2374 ἡμετέρα,
1411 2301 1505 2355 καὶ
1531 2300 1619 2354 διά
1644 2301 1740 2369 τὴν
1762 2299 1871 2351 τῶν
1905 2317 2038 2371 προ-

373 2390 547 2458 γόνων
577 2390 670 2442 καὶ
703 2388 791 2441 διὰ
824 2387 924 2456 τὴν
959 2385 1110 2456 ὑμῶν
1137 2385 1314 2439 αὐτῶν
1345 2385 1562 2454 ἀρετήν.
1599 2383 1708 2434 Καὶ
1735 2381 1985 2451 καθάπερ
2011 2384 2040 2435 ό

374 2471 580 2541 Πέτρος
605 2473 660 2522 ἐν
687 2470 800 2529 τοῖς
825 2466 1141 2529 ἀποστόλοις
1171 2464 1386 2535 πρῶτος
1415 2462 1647 2534 ἐκήρυξε
1669 2463 1759 2516 τὸν
1786 2463 2037 2532 Χριστόνο

373 2551 546 2614 οὕτως
571 2553 626 2603 ἐν
652 2551 769 2612 ταῖς
793 2547 1000 2610 πόλεσι,
1031 2546 1284 2616 καθάπερ
1312 2545 1482 2615 ἔφθην
1505 2543 1691 2605 εἰπὼν,
1722 2542 1858 2612 αῦτη
1891 2542 2040 2613 πρώ-

371 2651 463 2706 τη,
497 2633 684 2703 ὥσπερ
711 2631 969 2699 στέφανόν
995 2647 1117 2683 τινα
1157 2628 1488 2698 θαυμαστὸν,
1519 2628 1614 2696 τὴν
1646 2625 1753 2678 τῶν
1782 2626 1822 2676 Χ
1833 2641 2040 2694 ριστια-

375 2703 480 2770 νῶν
537 2715 829 2784 ἀνεδήσατο
859 2710 1250 2782 προσηγορίαν.
1305 2710 1366 2761 Et
1403 2708 1460 2760 δὲ
1503 2706 1630 2759 ἔνθα
1667 2705 1862 2760 δίκαιοι
1907 2703 2040 2758 δέκα

378 2798 536 2868 μόνον
567 2791 724 2865 ἦσαν,
752 2792 1016 2862 ὑπέσχετο
1046 2792 1074 2843 6
1107 2790 1240 2853 Θεὸς
1275 2789 1467 2854 σώζειν
1511 2789 1635 2849 τοὺς
1696 2785 2038 2849 ἐνοικοῦντας

373 2880 646 2940 ἅπαντας·
685 2875 810 2928 ἔνθα
853 2876 912 2927 οὐ
945 2874 1075 2926 δέκα
1120 2875 1212 2927 καὶ
1252 2875 1473 2932 εἴκοσιν,
1507 2871 1627 2923 οῦδὲ
1679 2870 1760 2932 δ⁴ις
1797 2869 2036 2922 τοσοῦτοι

377 2963 556 3033 μόνον,
576 2959 708 3012 ἀλλὰ
733 2956 909 3028 πολλῷ
938 2957 1154 3019 πλείους
1180 2958 1229 3008 οἱ
1251 2955 1340 3008 τὸν
1362 2955 1493 3007 Θεόν
1516 2955 1621 3006 εἱσι
1649 2951 2038 3023 θεραπεύοντες

377 3044 515 3116 μετά
557 3040 840 3113 ἀκριϐείας
882 3040 1121 3110 ἀπάσης,
1161 3038 1276 3101 πῶς
1307 3039 1366 3091 οὐ
1399 3037 1503 3109 χρὴ
1532 3038 1600 3091 16
1633 3035 1845 3108 χρηστά
1878 3049 2039 3105 προσ-

371 3128 554 3197 δοκᾷν,
573 3125 666 3178 καὶ
685 3124 904 3195 θαρρεῖν
927 3122 1066 3192 ὑπὲρ
1085 3118 1185 3191 τῆς
1210 3121 1393 3190 κοινῆς
1415 3119 1569 3190 ήμῶν
1589 3119 1840 3172 ἁπάντων
1857 3117 1999 3187 ζωῆς
2018 3131 2032 3181 ;

375 3212 620 3264 Ἤκουσα
647 3207 910 3276 λεγόντων
939 3204 1168 3271 πολλῶν,
1196 3205 1276 3257 ὃτι
1294 3203 1524 3272 Ἀπειλὴ
1541 3201 1844 3267 ,ϐασιλέως
1865 3201 2038 3269 ὁμοία

372 3292 537 3361 θυμῷ
577 3290 858 3355 λέοντος,
896 3288 988 3342 καὶ
1027 3287 1472 3341 καταπιπτόντων
1524 3289 1615 3340 καὶ
1661 3285 2031 3356 ὁδυνωμένων.

371 3376 438 3428 Τί
469 3371 560 3429 οὖν
588 3375 653 3428 ἂν
679 3373 928 3442 εἴποιμεν
961 3371 1096 3441 πρὸς
1127 3370 1396 3434 ὲκείνουςς
1431 3371 1553 3422 Ὅτι
1579 3371 1607 3422 6
1640 3368 1830 3431 εἰπὼν,
1852 3367 2036 3422 Λύκοι

371 3459 468 3512 καὶ
501 3459 678 3526 ἄρνες
706 3456 827 3526 ἅμα
857 3453 1376 3519 βοσκηθήσονται,
1407 3452 1506 3504 καὶ
1553 3451 1843 3520 πάρδαλις
1887 3464 2035 3502 συν-

320 3566 326 3572 -
370 3543 780 3595 ἀναπαύσεται
795 3538 996 3607 ἐρίφῳ,
1019 3535 1116 3589 καὶ
1135 3534 1543 3598 λέωνώςβοῦς
1559 3532 1803 3602 φάγεται
1819 3531 2031 3599 ἄχυρα,

370 3624 653 3693 δυνήσεται
683 3623 776 3673 καὶ
809 3620 896 3672 τὸν
921 3619 1112 3670 λέοντα
1133 3615 1320 3668 τοῦτον
1353 3615 1576 3684 ποιῆσαι
1599 3614 1866 3685 πρόϐατον
1892 3614 1926 3681 ἦ
1936 3630 2032 3682 με-

373 3721 485 3776 ρον.
527 3701 939 3773 Παρακαλῶμεν
967 3699 1144 3760 τοίνυν
1171 3696 1356 3761 αὐτὸν,
1391 3697 1485 3751 καὶ
1515 3695 2033 3767 διαπρεσϐευώμεθα

371 3785 506 3857 πρὸς
533 3783 713 3847 αὑτὸν,
740 3782 836 3835 καὶ
865 3779 1184 3834 καταστελεῖ
1211 3779 1424 3842 πάντως
1448 3779 1539 3832 τὸν
1570 3776 1737 3848 θυμὸν
1767 3776 1859 3830 τοῦ
1884 3777 2035 3844 βασι-

369 3868 538 3930 λέως,
585 3866 679 3919 καὶ
724 3865 821 3934 τῆς
868 3862 1218 3932 ἐπικειμένης
1269 3863 1415 3932 ἡμᾶς
1464 3862 1700 3931 ἀγωνίας
1737 3857 2034 3921 ἀπαλλάξει

371 3949 571 4019 πάσης.
591 3946 650 4000 Ὀ
687 3946 866 4015 πατὴρ
889 3945 1005 3997 ἐκεῖ
1035 3943 1417 4015 πρεσϐεύεται,
1443 3942 1604 4012 ἡμεῖς
1629 3941 1876 3996 ἐντεῦθεν
1903 3957 2033 4010 πρε-

373 4029 726 4099 σϐευσώμεθα
752 4028 887 4098 πρὸς
910 4028 1001 4080 τὸν
1017 4027 1124 4079 τῶν
1139 4027 1384 4098 οὐρανῶν
1407 4025 1651 4096 βασιλέα,
1681 4023 2032 4094 βοηθήσωμεν

369 4113 516 4184 αύτῷ
544 4114 661 4176 ταῖς
687 4112 890 4181 εὐχαῖς.
921 4109 1079 4177 Μέγα
1101 4108 1162 4162 16
1189 4108 1365 4163 κοινὸν
1392 4111 1489 4179 τῆς
1527 4107 1849 4177 Ἐκκλησίας
1878 4105 2034 4157 δύνα-

368 4215 480 4259 ται,
508 4196 572 4250 ἂν
599 4193 713 4265 μετ’
741 4191 1081 4262 ὀδυνωμένης
1103 4190 1297 4261 ψυχῆς.
1317 4190 1380 4244 ἂν
1405 4189 1542 4261 μετὰ
1571 4188 2032 4257 συντετριμμένης

371 4277 594 4350 καρδίας
623 4275 722 4337 τὰς
745 4274 907 4344 εὐχὰς
932 4273 1329 4343 ἀνενέγκωμεν.
1364 4273 1478 4326 Ούκ
1507 4270 1620 4323 ἔστι
1653 4268 1902 4336 διαϐῆναι
1935 4267 2032 4319 πέ-

368 4363 553 4430 λαγος,
577 4359 675 4411 ούκ
704 4357 818 4408 ἐστι
856 4355 1066 4426 μακρὰν
1095 4355 1401 4424 ἀποδημίαν
1428 4351 1768 4406 στείλασθαι·
1805 4350 2032 4411 ἕκαστος

369 4444 462 4494 καὶ
507 4441 731 4508 ἐκάστη,
757 4438 849 4490 καὶ
879 4439 958 4499 εἱς
998 4436 1320 4505 Ἐκκλησίαν
1355 4434 1724 4496 ἀπαντῶντες,
1760 4431 1853 4484 καὶ
1893 4430 2030 4484 οἴκοι

372 4527 647 4595 μένοντες,
679 4521 929 4590 καλῶμεν
967 4518 1103 4590 μετά
1129 4519 1326 4589 πολλῆς
1359 4518 1594 4587 σπουδῆς
1623 4516 1712 4567 τὸν
1754 4514 1906 4577 Θεὸν,
1937 4513 2030 4567 καὶ

320 4659 323 4664 _
369 4608 584 4668 πάντως
610 4603 878 4662 ἐπινεύσει
907 4605 1026 4664 ταῖς
1059 4601 1293 4671 δεήσεσι.

441 4687 610 4741 Πόθεν
649 4683 806 4737 τοῦτο
851 4683 1041 4750 δῆλονς
1075 4682 1196 4735 Ὀτι
1245 4680 1449 4750 σφόδρα
1483 4677 1727 4748 βούλεται
1757 4677 1903 4753 ημᾶς
1943 4675 2029 4728 ἀεὶ

367 4773 506 4844 πρὸς
542 4768 703 4823 αὑτὸν
733 4765 1118 4835 καταφεύγειν,
1160 4765 1254 4817 καὶ
1297 4767 1354 4816 ὲν
1387 4763 1584 4816 ἀπασιν
1615 4759 1776 4813 αὐτοῦ
1801 4757 2025 4820 δεῖσθαι,

370 4839 462 4908 καὶ
493 4853 654 4924 μηδὲν
689 4851 856 4922 χωρὶς
893 4849 1055 4902 αὑτοῦ
1087 4846 1314 4916 ποιεῖνῆ
1347 4845 1545 4912 λέγειν.
1576 4842 1882 4924 Ἄνθρωποι
1911 4839 2027 4912 [38]

371 4937 469 5006 μὲν
494 4922 622 5006 γάρ,
649 4934 775 4986 ὅταν
797 4931 1031 5002 συνεχῶς
1061 4931 1256 4992 αὐτοὺς
1277 4926 1580 4998 ἐνοχλῶμεν
1600 4925 1739 4994 ύπέρ
1764 4922 1873 5006 τῶν
1898 4924 2030 5006 ἡμε-

365 5003 540 5090 τέρων
557 5003 584 5058 5
608 5017 964 5089 πραγμάτων,
990 5011 1231 5084 ναρκῶσι
1257 5012 1348 5064 καὶ
1369 5007 1705 5069 άναδύονται,
1737 5006 1832 5058 καὶ
1853 5003 2030 5073 ἀηδῶς

368 5086 503 5172 πρὸς
527 5086 672 5171 ἡμᾶς
697 5098 906 5168 ἔχουσιν
923 5113 935 5126 ·
965 5099 997 5172 '6
1023 5097 1080 5149 δέ
1105 5095 1236 5156 Θεὸς
1257 5091 1563 5146 τούναντίον
1590 5090 1755 5172 ἅπαν,
1779 5087 1876 5156 οὐχ
1902 5086 2029 5139 ὅταν

365 5169 514 5252 αύτῷ
539 5169 776 5251 συνεχῶς
803 5169 1216 5248 ἐντυγχάνωμεν
1244 5175 1384 5244 ὑπὲρ
1407 5171 1514 5224 τῶν
1543 5169 1827 5252 ἡμετέρων
1876 5185 2029 5252 ἔπρα-

322 5256 333 5260 ’
364 5250 611 5338 γμάτων,
640 5250 752 5318 ἀλλ’
775 5264 900 5316 ὅταν
926 5259 1000 5333 μὴ
1015 5259 1168 5312 τοῦτο
1193 5257 1455 5326 ποιῶμεν,
1477 5252 1595 5338 τότε
1615 5251 1847 5338 μάλιστα
1863 5250 2029 5338 ἀγαν-

365 5333 539 5402 άκτεῖ.
569 5350 832 5402 ’Ἄκουσον
853 5345 982 5414 γοῦν
1005 5343 1060 5396 τί
1114 5344 1226 5404 τοῖς
1267 5338 1540 5400 Ἰουδαίοις
1558 5335 1799 5403 ἐγκαλεῖ,
1831 5333 2020 5402 λέγων·

377 5430 724 5495 Ἐποιήσατε
746 5427 1010 5493 βουλὴν,
1039 5423 1138 5479 καὶ
1173 5424 1244 5475 οὐ
1270 5421 1342 5474 δι’
1365 5417 1533 5487 ἐμοῦ,
1569 5417 1668 5470 καί
1693 5414 2023 5481 συνθήκας,

362 5513 458 5566 καὶ
490 5513 562 5565 οὐ
583 5511 682 5564 διὰ
717 5509 821 5563 τοῦ
863 5505 1207 5574 Πνεύματός
1229 5519 1368 5571 μου.
1405 5497 1626 5552 Τοιοῦτο
1659 5498 1768 5568 γὰρ
1800 5496 1906 5548 τῶν
1933 5513 2020 5563 φι-

363 5594 596 5647 λούντων
621 5592 683 5644 16
719 5591 836 5654 ἐθος
856 5607 870 5621 ο
903 5589 1080 5642 πάντα
1111 5584 1180 5637 16
1211 5585 1318 5636 τῶν
1351 5581 1685 5652 φιλουμένων
1726 5578 2039 5649 πράγματα,

361 5676 428 5729 δι’
462 5675 640 5729 αὐτῶν
679 5672 936 5726 ἀνύεσθαι
972 5669 1265 5738 βούλονται,
1310 5667 1404 5718 καὶ
1440 5663 1606 5734 μηδὲν
1650 5663 1817 5732 χωρὶς
1847 5660 2024 5714 αὐτῶν

362 5758 602 5818 ἐκείνους
634 5755 667 5825 ἦ
697 5757 890 5816 ποιεῖν,
916 5754 949 5822 ἢ
975 5751 1215 5818 λέγεινσ.
1252 5749 1350 5802 Διά
1375 5746 1530 5800 τοῦτο
1553 5747 1644 5798 καὶ
1677 5747 1705 5797 6
1742 5744 1892 5808 Θεὸς,
1923 5745 2025 5796 ούκ

422 5897 450 5926 ⁸
483 5896 589 5959 Dup
607 5906 719 5941 mss.
747 5892 825 5940 καὶ
851 5890 984 5943 οὗτος
1003 5888 1217 5997 χρηστός.

422 5957 448 5997 δ
475 5959 572 5997 Am
596 5956 697 5997 mai
723 5956 812 5997 τῶν
834 5953 1002 5997 ἢμετέβ
1049 5968 1070 5995 ν
1098 5965 1172 5997 πρ.

420 5957 448 6002 δ
472 5955 573 6009 Am
596 5956 697 6003 mai
723 5956 812 6000 τῶν
834 5955 1070 6012 ἡμετέρων
1098 5965 1172 6014 πρ.

2146 480 2382 536 ἐνταῦθα
2410 483 2588 553 μόνον,
2634 483 2770 537 ἀλλά
2795 484 2890 537 καὶ
2917 480 3151 552 ἀλλαχοῦ
3179 480 3313 534 αὐτὸ
3338 481 3496 536 τοῦτο
3529 481 3686 536 πάλιν
3718 482 3809 548 ἐγ-

2147 565 2329 620 καλῶν
2351 565 2534 632 ἔλεγεν
2548 583 2562 599 ο
2604 568 3066 629 Ἐϐασίλευσαν,
3092 566 3190 620 καὶ
3215 567 3288 620 οὐ
3307 565 3382 619 δι’
3406 563 3572 634 ἐμοῦο
3595 559 3807 632 ἦρξαν,

2147 647 2247 701 καὶ
2274 650 2384 702 οὐκ
2423 647 2759 718 ἐγνώρισάν
2783 665 2904 717 μοι.
2953 648 3046 719 Μὴ
3076 648 3255 700 τοίνυν
3287 647 3532 717 ὀκνῶμεν
3570 645 3809 716 συνεχῶς

2143 731 2280 800 πρὸς
2312 731 2472 784 αὑτὸν
2497 731 2884 800 καταφεύγειν,
2917 732 3011 784 καὶ
3034 731 3170 802 ὅπερ
3220 729 3285 783 ἂν
3378 727 3569 791 δεινὸν,
3596 728 3810 791 πάντως

2143 812 2369 882 λήψεται
2411 813 2508 884 τὴν
2537 815 2917 884 προσήκουσαν
2953 814 3124 867 λύσιν.
3169 812 3462 882 Ἐφόϐησεν
3491 810 3809 881 ἀνθρωποςς

2141 895 2315 966 δράμε
2343 895 2480 966 πρὸς
2512 896 2601 950 τὸν
2632 897 2744 951 ἀνω
2771 896 3068 967 Δεσπότην,
3101 895 3194 950 καὶ
3226 895 3376 948 οὐδὲν
3417 894 3578 966 πείσῃ
3617 893 3807 946 δεινόν.

2144 978 2329 1042 Οὕτως
2373 979 2426 1032 οἱ
2459 978 2678 1032 παλαιοὶ
2715 979 2814 1042 τὰς
2864 980 3147 1050 συμφορὰς
3172 979 3343 1044 ἔλυον,
3377 979 3477 1030 οὐκ
3523 977 3714 1048 ἄνδρες
3755 975 3812 1034 δέ

2146 1061 2324 1131 μόνον,
2359 1061 2497 1116 ἀλλά
2535 1062 2632 1116 καὶ
2669 1066 2940 1130 γυναῖκες.
2962 1061 3205 1130 Ἐγένετό
3249 1077 3336 1123 τις
3381 1059 3605 1131 Ἐϐραία
3649 1059 3809 1129 γυνή,

2156 1143 2353 1214 Ἐσθήρ
2395 1139 2464 1214 ἦν
2503 1143 2564 1197 τὸ
2593 1145 2762 1216 ὄνομα
2804 1145 3010 1215 αὐτῆςο
3050 1143 3188 1214 αῦτη
3232 1145 3265 1214 ή
3317 1142 3512 1214 Ἐσθὴρ
3547 1143 3665 1195 ὅλον
3703 1140 3812 1197 τῶν

2155 1227 2423 1280 Ἰουδαίων
2443 1227 2531 1280 τὸν
2548 1227 2720 1298 δῆμον
2746 1227 3089 1300 πανωλεθρίᾳ
3108 1227 3495 1298 παραδίδοσθαι
3526 1226 3810 1297 μέλλοντα,

2141 1309 2316 1380 τούτῳ
2337 1311 2417 1382 τῷ
2437 1311 2620 1383 τρόπῳ
2633 1311 2658 1350 ιι
2683 1312 3010 1382 ἐξήρπασεν.
3037 1310 3252 1380 Ἐπειδὴ
3278 1309 3386 1381 γὰρ
3406 1311 3434 1363 6
3455 1309 3562 1362 τῶν
3587 1307 3812 1378 Περσῶν

2145 1393 2398 1463 βασιλεὺς
2429 1394 2636 1457 πάντας
2659 1393 2825 1464 ἄρδην
2855 1392 3191 1465 ἀναιρεῖσθαι
3212 1393 3339 1456 τοὺς
3382 1391 3668 1454 Ἰουδαίους
3692 1390 3814 1442 ἐκέ-ι

2142 1477 2322 1541 λευσε,
2355 1477 2449 1531 καὶ
2480 1477 2651 1540 οὐδεὶς
2685 1473 2752 1548 ἦν
2789 1478 2818 1529 6
2845 1476 2978 1548 πρὸς
3012 1468 3116 1546 τὴν
3145 1475 3314 1548 ὀργὴν
3359 1475 3573 1546 ἐκείνην
3619 1474 3811 1543 στῆναι

2148 1559 2460 1630 δυνάμενος,
2482 1559 2864 1629 άποδυσαμένη
2889 1558 2984 1628 τὴν
3005 1558 3362 1630 φαιδροτέραν
3385 1557 3623 1628 στολήνή
3646 1556 3806 1626 γυνή,

2144 1641 2238 1701 καὶ
2256 1642 2454 1696 σάκκον
2497 1640 2924 1712 περιβαλλομένη
2949 1651 2994 1704 ε,
3032 1639 3126 1693 καὶ
3153 1639 3346 1694 σποδὸν
3383 1637 3813 1710 ύποστρωσαμέ-

2143 1742 2230 1795 νη,
2267 1725 2563 1797 παρεκάλει
2595 1725 2686 1777 τὸν
2710 1721 3088 1793 φιλάνθρωπον
3112 1722 3244 1775 Θεὸν
3275 1721 3636 1775 συνεισελθεῖν
3667 1721 3806 1790 αὐτῇ

2144 1807 2281 1878 πρὸς
2312 1807 2400 1861 τὸν
2429 1807 2673 1878 βασιλέα,
2700 1805 2793 1860 καὶ
2825 1804 3050 1860 τοιαῦτα
3100 1803 3508 1876 προσευχομένη
3541 1801 3679 1873 πρὸς
3714 1801 3810 1855 αύ-

2141 1889 2233 1942 τὸν
2258 1891 2475 1959 ῥήματα
2499 1890 2649 1958 ἔλεγε
2669 1905 2683 1918 ο
2714 1889 3077 1956 Χαρίτωσον,
3104 1887 3298 1954 Κύριε,
3325 1887 3398 1938 τὰ
3411 1884 3649 1954 ῥήματά
3665 1901 3808 1953 μου,

2141 1969 2246 2036 δὸς
2284 1971 2472 2039 λόγον
2514 1973 2814 2039 εὔρυθμον
2853 1971 2940 2034 εις
2981 1969 3049 2023 τὸ
3089 1970 3285 2036 στόμα
3314 1985 3452 2036 μου.
3487 1966 3673 2021 Ταῦτα
3716 1965 3814 2027 καὶ

2142 2055 2269 2121 περὶ
2317 2055 2410 2107 τοῦ
2441 2054 2757 2110 διδασκάλου
2788 2051 3194 2123 παρακαλῶμεν
3229 2050 3324 2104 νῦν
3349 2051 3510 2120 ήμεῖς
3537 2049 3632 2103 τὸν
3653 2049 3807 2104 Θεόν.

2142 2136 2206 2189 EE
2237 2135 2345 2208 γὰρ
2376 2137 2512 2208 γυνή
2544 2138 2684 2208 ὑπὲρ
2719 2136 2985 2189 Ἰουδαίων
3027 2132 3448 2204 παρακαλοῦσα,
3477 2131 3811 2203 βαρϐαρικὸν

2142 2217 2260 2287 ῐσχυ
2270 2235 2328 2270 σε
2349 2218 2698 2273 καταστεῖλαι
2729 2218 2920 2288 θυμὸν,
2951 2215 3130 2286 πολλῷ
3156 2214 3357 2286 μᾶλλον
3382 2213 3411 2266 6
3436 2212 3754 2275 διδάσκαλος
3781 2213 3811 2266 6

2141 2299 2406 2370 ἡμέτερος
2425 2302 2562 2373 ὑπὲρ
2586 2301 2841 2370 τοιαύτης
2860 2298 3069 2370 πόλεως
3117 2297 3212 2350 καὶ
3236 2295 3376 2368 μετά
3395 2293 3664 2365 τοσαύτης
3691 2293 3817 2346 Ἐκ-

2140 2380 2367 2450 κλησίας
2391 2382 2673 2452 δεόμενος,
2703 2381 2793 2434 τὸν
2822 2380 3120 2452 πραότατον
3152 2379 3244 2434 καὶ
3273 2375 3622 2448 ἡμερώτατον
3657 2374 3810 2444 Bacu-

2139 2459 2236 2514 λέα
2264 2462 2450 2516 τοῦτον
2472 2467 2655 2518 πεῖσαι
2683 2463 2994 2531 δυνήσεται.
3021 2463 3085 2514 Εἰ
3110 2461 3217 2531 γάρ
3243 2460 3343 2522 τὰς
3362 2461 3443 2522 είς
3471 2458 3601 2511 Θεὸν
3627 2459 3810 2528 ἀμαρ-

2139 2545 2260 2608 τίας
2286 2545 2432 2600 λύειν
2470 2546 2660 2600 ἔλαϐεν
2689 2545 2958 2610 ἐξουσίαν,
3006 2543 3185 2614 πολλῷ
3223 2542 3422 2613 μᾶλλον
3458 2539 3558 2604 τάς
3589 2541 3676 2614 εἰς
3713 2541 3810 2594 ἀνευ

2141 2607 2354 2698 θρωπον
2385 2628 2681 2699 γενομένας
2709 2607 2920 2681 ἀνελεῖν
2945 2607 3038 2680 καὶ
3060 2607 3319 2694 ἀφανίσαι
3345 2607 3812 2691 δυνήσεταιρἊρ-

2139 2728 2248 2779 χων
2267 2710 2382 2762 ἐστὶ
2411 2712 2502 2763 καὶ
2524 2703 2677 2772 οὗτος
2699 2709 2745 2770 ί,
2776 2711 2870 2762 καὶ
2894 2709 3075 2780 ἄρχων
3104 2707 3312 2760 ἐκείνου
3340 2703 3680 2774 σεμνότερος.
3701 2703 3812 2758 Καὶ

2139 2792 2247 2862 γὰρ
2279 2793 2448 2862 αὐτὴν
2491 2793 2590 2863 τὴν
2631 2791 2911 2862 βασιλικὴν
2953 2788 3195 2860 κεφαλὴν
3229 2789 3278 2840 οἱ
3327 2787 3460 2856 ἱεροὶ
3492 2786 3648 2856 νόμοι
3687 2787 3814 2850 ταῖς

2138 2873 2326 2927 τούτου
2361 2875 2617 2944 φέροντες
2646 2875 2832 2945 χερσὶν
2861 2872 3132 2936 ὑπέταξαν
3151 2888 3164 2901 ·
3192 2872 3284 2924 καὶ
3314 2871 3442 2922 ὅταν
3491 2887 3544 2922 τι
3585 2869 3692 2921 δέοι
3717 2885 3812 2937 γε-

2138 2954 2324 3009 νέσθαι
2353 2957 2587 3028 χρηστὸν
2619 2957 2846 3018 ἀνωθεν,
2882 2959 2911 3010 6
2937 2955 3187 3026 βασιλεὺς
3221 2953 3358 3025 πρὸς
3380 2954 3472 3005 τὸν
3505 2952 3674 3022 ἱερέα,
3707 2953 3812 3024 οὐχ

2137 3039 2166 3091 6
2191 3042 2368 3111 ἱερεὺς
2390 3041 2524 3111 πρὸς
2549 3041 2640 3094 τὸν
2671 3040 2894 3109 βασιλέα
2918 3038 3282 3107 καταφεύγειν
3309 3037 3521 3093 εἴωθεν.
3545 3037 3696 3106 Ἔχει
3712 3041 3813 3094 καὶ

2137 3116 2291 3188 οὗτος
2317 3125 2538 3196 θώρακα
2565 3124 2655 3178 τὸν
2685 3126 2784 3195 τῆς
2816 3123 3183 3193 δικαιοσύνης,
3211 3121 3324 3191 ἔχει
3363 3121 3459 3174 καὶ
3487 3117 3665 3191 ζώνην
3709 3121 3813 3192 τὴν

2138 3207 2245 3261 ἀπὸ
2270 3208 2366 3277 τῆς
2388 3207 2665 3278 ἀληθείας,
2689 3207 2801 3276 ἔχει
2831 3207 2924 3260 καὶ
2951 3205 3272 3274 ὑποδήματα
3301 3201 3481 3270 πολλῷ
3505 3201 3815 3272 σεμνότερα

2136 3289 2206 3342 16
2233 3290 2340 3342 ἀπὸ
2371 3288 2464 3341 τοῦ
2492 3289 2818 3356 Εὑαγγελίου
2847 3289 2948 3358 τῆς
2971 3288 3214 3358 εἰρήνης,
3251 3286 3362 3356 ἔχει
3390 3286 3485 3339 καὶ
3511 3284 3814 3354 μάχαιραν,

2136 3372 2198 3425 ού
2226 3372 2324 3440 τὴν
2353 3371 2460 3424 ἀπὸ
2485 3371 2724 3440 σιδήρου,
2753 3369 2888 3423 ἀλλά
2914 3370 3014 3440 τήν
3042 3369 3149 3422 ἀπὸ
3176 3367 3269 3421 τοῦ
3305 3366 3616 3437 πνεύματος
3635 3381 3648 3396 ·
3696 3365 3816 3434 ἔχει

2136 3453 2231 3505 καὶ
2275 3453 2533 3521 στέφανον
2566 3452 2658 3504 ἐπὶ
2695 3451 2796 3520 τῆς
2844 3451 3086 3520 κεφαλῆς
3127 3450 3400 3520 κείμενον.
3435 3446 3816 3518 Λαμπροτέρα

2136 3535 2274 3604 αὕτη
2301 3537 2333 3605 ή
2361 3533 2679 3603 παντευχία,
2706 3533 3005 3603 σεμνότερα
3029 3533 3096 3584 16
3120 3531 3279 3594 ὅπλα,
3307 3529 3510 3600 μείζων
3530 3531 3564 3599 ή
3595 3528 3817 3599 παρρη-

2137 3617 2248 3678 σία,
2269 3616 2466 3668 πλείων
2491 3616 2523 3685 ή
2557 3614 2728 3684 ἰσχύς.
2750 3615 2912 3667 Ὥστε
2933 3615 3027 3667 καὶ
3053 3613 3160 3666 ἀπὸ
3182 3612 3274 3665 τοῦ
3297 3613 3396 3682 τῆς
3419 3611 3598 3681 ἀρχῆς
3618 3610 3813 3679 ὄγκου,

2137 3699 2230 3751 καὶ
2272 3696 2379 3750 ἀπὸ
2407 3697 2506 3765 τῆς
2543 3697 2749 3760 οἰκείας
2787 3694 3210 3766 μεγαλοψυχίας,
3241 3695 3335 3748 καὶ
3362 3693 3471 3764 πρὸ
3498 3693 3608 3744 τῶν
3635 3691 3818 3748 ἀλλων

2134 3781 2411 3844 ἁπάντων,
2433 3779 2539 3832 ἀπὸ
2558 3780 2654 3849 τῆς
2675 3781 2752 3842 είς
2768 3779 2898 3832 Θεὸν
2916 3778 3148 3840 ἐλπίδος,
3167 3778 3304 3846 μετά
3326 3775 3529 3844 πολλῆς
3545 3775 3648 3844 τῆς
3667 3777 3816 3844 παῤ-

2138 3863 2349 3933 ρησίας,
2383 3861 2520 3932 μετὰ
2536 3861 2738 3930 πολλῆς
2750 3861 2847 3930 τῆς
2864 3860 3130 3922 συνέσεως
3146 3858 3448 3922 διαλέξεται
3471 3857 3550 3927 τῷ
3577 3856 3812 3926 βασιλεῖ.

2137 3937 2176 4019 /
2206 3948 2297 4016 Μὴ
2323 3945 2500 3997 τοίνυν
2529 3943 2990 4014 ἀπογινώσκωμεν
3014 3943 3157 4013 ὑπὲρ
3187 3942 3284 4012 τῆς
3305 3940 3462 4012 ήμῶν
3493 3938 3675 3992 αὐτῶν
3705 3956 3817 3991 σω-

2133 4029 2348 4098 τηρίας,
2370 4027 2504 4080 ἀλλά
2527 4026 2797 4098 δεώμεθα,
2826 4025 3253 4095 παρακαλῶμεν,
3288 4022 3645 4092 ἱκετεύωμεν,
3675 4039 3814 4091 πρε·-

2138 4110 2455 4180 σϐευώμεθα
2503 4111 2637 4180 πρὸς
2678 4109 2768 4163 τὸν
2813 4109 2923 4162 ἄνω
2967 4107 3192 4177 βασιλέα
3239 4106 3382 4176 μετά
3441 4104 3656 4158 πολλῶν
3715 4104 3815 4157 δα-

2138 4194 2316 4264 κρύων
2338 4209 2349 4221 ³
2375 4192 2488 4265 [39]
2513 4193 2705 4262 ἔχομεν
2739 4191 2832 4245 καὶ
2861 4191 2959 4259 τὴν
2991 4189 3243 4260 νηστείαν
3280 4189 3487 4258 ταύτην
3519 4185 3814 4256 σύμμαχον

2135 4277 2229 4330 καὶ
2249 4277 2347 4346 τῆς
2379 4275 2546 4345 καλῆς
2573 4275 2775 4345 ταύτης
2813 4271 3295 4342 συνεφαπτομένην
3323 4273 3453 4341 ήμῖν
3484 4268 3812 4341 πρεσϐείας.

2134 4358 2402 4428 Καθάπερ
2429 4354 2520 4411 οὖν
2558 4358 2822 4427 χειμῶνος
2855 4355 3238 4426 παρελθόντος,
3272 4354 3366 4406 καὶ
3396 4351 3592 4419 θέρους
3613 4352 3817 4421 φανέν-

2133 4457 2243 4501 τος,
2270 4424 2414 4491 ’ἐλκὲι
2443 4439 2539 4508 μὲν
2559 4424 2704 4508 ’πρὸς
2728 4437 2786 4490 τὸ
2812 4424 3045 4504 πέλαγος
3063 4436 3124 4488 τὸ
3147 4434 3328 4488 πλοῖον
3355 4434 3383 4485 6
3408 4432 3636 4502 ναύτης,
3674 4433 3820 4486 ἀπο·
3907 4424 3910 4426 ⁷

2136 4524 2332 4590 σμήχει
2364 4522 2420 4574 δὲ
2445 4523 2474 4574 6
2507 4519 2842 4592 στρατιώτης
2869 4519 2940 4571 16
2964 4517 3124 4582 ὅπλα,
3155 4516 3251 4569 καὶ
3274 4513 3692 4585 παρασκευάζει
3721 4513 3818 4566 τὸν

2133 4606 2298 4658 ἵππον
2342 4606 2421 4666 είς
2466 4604 2718 4673 πόλεμον,
2761 4602 2856 4654 καὶ
2885 4600 3129 4670 γεωργὸς
3157 4599 3330 4669 ἀκονᾷ
3380 4597 3673 4667 δρέπανον,
3718 4597 3818 4652 καὶ

2131 4684 2408 4755 ὁδοιπόρος
2434 4685 2650 4755 θαρρῶν
2682 4683 2990 4752 ἀποδημίας
3018 4681 3252 4734 ἀπτεται
3287 4680 3642 4748 μακρᾶς,καὶ
3671 4679 3817 4749 πρὸς

2131 4767 2257 4829 τοὺς
2282 4767 2495 4834 ἀγῶνας
2517 4764 2749 4835 ἀθλητὴς
2773 4763 3062 4816 ἀποδύεται
3091 4762 3186 4814 καὶ
3215 4760 3543 4831 γυμνοῦται·
3575 4759 3722 4812 οὕτω
3748 4760 3818 4831 δὴ

2132 4853 2224 4905 καὶ
2256 4854 2414 4922 ήμεῖς
2435 4893 2450 4918 ,
2489 4851 2736 4920 καθάπερ
2761 4849 2950 4918 θέρους
2981 4845 3353 4917 πνευματικοῦ
3387 4863 3534 4908 τινος
3579 4846 3680 4916 τῆς
3703 4863 3822 4915 νη-

2134 4939 2312 5002 στείας
2340 4939 2620 5008 φανείσης,
2649 4935 2743 4988 καὶ
2762 4935 2836 4997 ὡς
2860 4934 3192 5004 στρατιῶται
3217 4933 3286 4985 τὰ
3306 4932 3449 4986 ὅπλα
3472 4932 3821 5003 ἀποσμήξωο

2135 5041 2254 5095 μεν,
2282 5027 2376 5078 καὶ
2393 5024 2470 5087 ώς
2496 5023 2728 5093 γεωργοὶ
2753 5021 2850 5091 τὴν
2876 5020 3148 5090 δρεπάνην
3177 5020 3562 5090 ἀκονήσωμεν,
3594 5019 3692 5072 καὶ
3737 5020 3817 5083 ώς

2132 5115 2460 5184 κυϐερνῆται
2507 5113 2644 5182 πρὸς
2706 5109 2773 5163 τὰ
2815 5109 3035 5179 κύματα
3078 5108 3185 5161 τῶν
3231 5107 3452 5160 ἀτόπων
3501 5105 3818 5176 ἐπιθυμιῶν

2130 5203 2256 5264 τοὺς
2278 5201 2566 5269 λογισμοὺς
2600 5195 2990 5266 ἀντιτάξωμεν,
3024 5196 3118 5249 καὶ
3144 5195 3220 5258 ὡς
3243 5191 3420 5245 ὁδῖται
3476 5192 3579 5261 τῆς
3612 5194 3696 5255 εἰς
3723 5192 3819 5245 τὸν

2129 5287 2355 5359 οὐρανὸν
2377 5283 2684 5354 ἀποδημίας
2708 5280 2993 5352 ἁψώμεθα,
3013 5283 3108 5335 καὶ
3129 5281 3206 5344 ὼς
3233 5279 3469 5349 ἀθληταὶ
3524 5279 3665 5349 πρὸς
3688 5278 3822 5343 τοῦς

2193 5452 2215 5479 ⁸⁵
2242 5448 2365 5496 Tres
2388 5460 2501 5495 mss.
2530 5443 2731 5499 ἐκείνους
2752 5443 3058 5506 μηδέγποιεῖν,
3084 5443 3203 5505 μηδὲ
3229 5442 3403 5502 λέγειν.

2191 5509 2216 5547 d
2244 5509 2350 5557 Duo
2375 5521 2473 5556 mss
2512 5506 2678 5554 τοῦτον
2698 5507 2776 5552 τὸν
2807 5505 2995 5567 τρόπον.

2193 5567 2215 5590 ⁸
2243 5586 2260 5614 ι
2285 5571 2366 5617 Sic
2385 5567 2531 5616 Savil.
2557 5574 2608 5615 οι
2654 5568 2748 5614 duo
2770 5561 2882 5613 ms's.
2907 5562 3063 5626 magis
3082 5562 3252 5612 Graece
3273 5575 3421 5626 quam
3446 5561 3621 5626 λίοηιίξ
3643 5561 3822 5622 σάκκῳ

2123 5633 2277 5706 περιρλ
2302 5630 2437 5706 E017;
2459 5644 2553 5706 '7"—
2577 5630 2857 5706 l’aplo‘posl
2883 5623 3094 5686 quafuor
3122 5637 3240 5672 mss.
3272 5623 3327 5672 et
3351 5623 3504 5672 Savil.
3535 5623 3662 5669 Θεὸν
3703 5639 3822 5670 συν·

2125 5691 2366 5744 εισελθεῖν.
2410 5691 2506 5738 Alii
2535 5691 2784 5738 συνελθεῖν.

2192 5752 2210 5790 ῐ
2243 5773 2266 5794 «ι
2289 5749 2369 5799 Sic
2385 5749 2531 5799 Savil.
2558 5757 2610 5798 et
2633 5759 2732 5796 tres
2753 5760 2851 5795 mss
2889 5746 3076 5794 rectius
3110 5758 3256 5806 quam
3283 5745 3420 5805 vulg.
3439 5744 3601 5795 αὐτὸς.
3631 5741 3770 5806 Eon.
3796 5761 3823 5785 ιι

2122 5841 2185 5879 :—
2221 5812 2343 5879 lbid.
2393 5817 2500 5879 p95!
2532 5811 2836 5879 ..σεμνότερος
2895 5806 3107 5878 quidam_
3132 5805 3336 5879 ’addu‘nl
3360 5806 3465 5878 ’καὶ
3514 5805 3823 5879 ξιιμιιιίιτερρς.

2124 5874 2277 5949 Ρριιιο
2301 5864 2409 5936 ροϐἱ
2432 5872 2580 5921 SaVil.
2605 5864 2656 5920 ἐι
2688 5864 3052 5932 quinque'mss.
3089 5869 3184 5929 ἔχει
3219 5867 3298 5914 καὶ
3328 5865 3482 5920 οὗτος.
3509 5866 3610 5914 Αιιὶ
3634 5865 3710 5926 ἐχ.
3730 5864 3827 5928 γὰρ

2127 5951 2280 5988 ουτος.
