4072 6384
364 382 436 437 ιε)
714 433 738 437 _
1272 357 1361 413 AI)
1396 355 1714 415 POPULUM
1754 346 2237 408 ANTIOCIIENUII
2300 351 2524 409 IiOIlIIL.
2566 352 2654 414 III.
2934 356 2937 357 ⁷
3550 360 3619 415 50

714 433 740 453 ν

359 485 600 543 detahile
642 491 697 539 et
739 479 894 536 dulce
934 472 1239 547 prmdicavit
1269 490 1282 525 :
1310 470 1671 542 apostolorum
1716 466 1803 520 illa
1846 462 1942 517 fuit

374 573 800 636 tabernaculum,
831 564 1186 623 habitaculum
1208 563 1491 631 justorum.
1522 558 1673 613 Nunc
1705 555 1804 609 hoc
1831 553 1941 623 pri—

366 685 513 726 mum
550 676 605 723 et
634 666 802 720 solum
843 661 897 716 in
939 656 1205 730 principes
1234 655 1436 709 facinus
1463 658 1723 721 patratum
1752 654 1861 711 est,
1890 652 1945 698 et

368 760 599 817 civitatis
624 756 801 812 mores
829 766 988 809 omne
1020 748 1346 820 praeteritum
1376 754 1587 813 tempus
1613 748 1855 795 testatur.
1887 734 1945 791 Si

368 852 510 907 enim
537 848 787 903 continue
814 842 1100 898 seditiones
1121 846 1377 901 moveret,
1400 832 1790 903 improbitatem
1814 843 1945 882 con-

369 941 625 995 demnare
650 942 953 1006 oporteret;
992 927 1036 985 si
1065 943 1192 984 vero
1218 926 1380 981 semel
1408 924 1511 979 hoc
1536 921 1677 978 omni
1708 929 1947 987 tempore

371 1035 596 1099 accidit,
641 1040 846 1086 eertum
886 1035 969 1083 est
1005 1023 1144 1095 quod
1193 1037 1296 1076 non
1344 1017 1576 1074 civitatis
1619 1028 1825 1069 morum
1868 1021 1952 1066 est

374 1133 645 1194 peccatum
669 1163 684 1186 ,
733 1120 826 1176 sed
870 1132 1055 1174 eorum
1093 1114 1182 1184 qui
1213 1109 1550 1181 impudenter
1573 1116 1628 1162 et
1659 1114 1859 1160 temere
1896 1103 1951 1156 in

374 1216 643 1270 civitatem
671 1212 995 1279 irruperunt,
1025 1207 1127 1261 ista
1158 1203 1358 1260 insania
1387 1200 1503 1255 fuit.

444 1306 499 1360 2.
548 1305 671 1358 Ilzce
714 1300 965 1357 sacerdos
1006 1308 1061 1352 et
1108 1297 1258 1367 plura
1305 1294 1387 1348 his
1430 1307 1552 1347 cum
1594 1289 1782 1359 majori
1816 1286 1957 1342 dicet

380 1395 568 1450 ﬁducia
603 1411 617 1446 :
651 1393 765 1446 lucc
810 1392 1103 1460 Imperator
1129 1387 1307 1441 audiet
1335 1402 1348 1438 :
1379 1392 1434 1437 et
1463 1383 1550 1437 ille
1593 1382 1875 1442 humanus,
1904 1384 1958 1433 et

379 1487 466 1541 hic
509 1486 711 1551 fidelis,
756 1482 897 1538 unde
938 1482 1205 1551 utrimque
1250 1479 1443 1533 bonam
1491 1475 1747 1529 habemus
1785 1487 1956 1542 spem.

380 1577 504 1631 Plus
544 1585 742 1639 autem,
787 1587 943 1644 quam
974 1570 1209 1642 magistri
1254 1568 1375 1623 ﬁdei
1417 1574 1575 1635 atque
1622 1562 1961 1633 Imperatoris

382 1668 717 1733 humanitati,
749 1666 838 1721 Dei
865 1661 1243 1718 misericordia:
1270 1658 1479 1713 ﬁdimus
1509 1674 1523 1710 :
1551 1671 1673 1711 nam
1700 1664 1753 1709 et
1778 1660 1962 1722 rogato

381 1760 712 1829 Imperatori,
740 1768 794 1813 et
829 1756 1035 1828 roganti
1065 1752 1324 1809 sacerdoti
1356 1752 1467 1821 ipse
1497 1746 1701 1803 medius
1729 1745 1959 1808 assistet,

384 1850 718 1916 Imperatoris
743 1863 837 1902 cor
870 1846 1168 1909 entolliens,
1211 1839 1501 1899 sacerdotis
1545 1838 1774 1907 linguam
1820 1833 1965 1887 exei-

383 1950 525 2002 tans,
563 1938 717 2008 hujus
756 1938 914 1991 verba
956 1932 1277 1997 secundans,
1320 1931 1458 1985 illius
1498 1938 1728 1983 mentem
1756 1940 1963 1995 praepa-

384 2044 528 2090 rans,
554 2037 629 2081 ut
672 2026 1002 2101 indulgenter
1041 2023 1181 2077 dicta
1230 2019 1483 2088 suscipiat
1524 2027 1577 2072 et
1622 2013 1962 2086 petitionibus

382 2126 602 2173 annuat.
651 2117 857 2170 Etenim
905 2114 1176 2168 civitatum
1239 2111 1476 2165 omnium
1534 2116 1711 2161 nostra
1755 2105 1966 2160 Christo

384 2205 726 2269 charissima,
752 2214 864 2260 tum
881 2213 1095 2275 propter
1139 2203 1552 2274 progenitorum,
1598 2208 1705 2253 tum
1755 2207 1968 2267 propter

386 2308 614 2352 vestram
661 2297 911 2350 virtutem
944 2312 958 2348 :
990 2304 1044 2349 et
1089 2295 1224 2347 sicut
1281 2292 1467 2346 Petrus
1518 2289 1654 2342 inter
1697 2286 1969 2356 apostolos

386 2388 589 2458 primus
615 2387 880 2441 Christum
912 2384 1217 2456 ptzedicavit
1242 2424 1255 2447 ,
1289 2384 1367 2436 sic
1397 2382 1533 2434 inter
1551 2379 1810 2441 civitates,
1833 2377 1987 2447 sicut,

384 2480 495 2549 jam
527 2480 653 2542 dixi,
690 2478 805 2532 haec
828 2478 994 2548 prima
1027 2488 1290 2544 tamquam
1321 2486 1572 2528 coronam
1607 2468 1968 2524 admirahilem

387 2560 809 2624 Christianorum
862 2567 979 2620 tulit
1020 2564 1445 2633 appellationem.
1480 2560 1536 2613 Si
1578 2573 1705 2613 vero
1750 2550 1836 2611 ubi
1876 2555 1971 2611 de-

388 2679 503 2719 cem
565 2672 766 2716 tantuut
822 2660 948 2729 justi
992 2668 1231 2722 essent,-
1259 2670 1446 2710 omnes
1490 2650 1788 2707 habitantes
1832 2649 1972 2703 Dens

388 2756 652 2809 salvos'se
685 2754 940 2807 facturum
974 2749 1211 2819 promisit
1262 2746 1412 2816 (Gen.
1460 2743 1545 2800 I8.
1587 2742 1677 2811 39)
1706 2760 1720 2796 :
1752 2741 1838 2796 ubi
1864 2754 1972 2795 non

389 2844 575 2899 decem
606 2853 659 2899 et
686 2843 889 2912 viginti.
918 2855 1087 2907 neque
1116 2838 1196 2892 bis
1227 2836 1443 2891 totidem
1470 2836 1663 2900 solum,
1690 2831 1784 2887 sed
1807 2832 1972 2886 multo

390 2938 570 3008 plures
594 2946 717 2990 sunt
749 2936 911 2989 Deum
942 2949 1062 2988 cum
1092 2930 1235 2987 onmi
1263 2928 1527 2999 diligentia
1553 2927 1808 2990 colentes,
1837 2938 1972 2993 quo-

391 3028 552 3082 modo
595 3044 700 3081 non
755 3017 962 3095 oportet
998 3024 1144 3099 bona
1198 3037 1444 3090 sperare,
1495 3028 1550 3074 et
1594 3018 1660 3073 de
1706 3016 1972 3071 communi

392 3129 573 3174 nostra
619 3119 854 3173 omnium
900 3117 1067 3171 salute
1093 3114 1402 3171 conﬁdere?
1440 3111 1629 3168 Audivi
1670 3111 1863 3165 multos
1888 3108 1973 3162 di-

350 3268 351 3271 η
395 3219 599 3275 centes,
631 3207 785 3261 Minae
807 3208 937 3277 regis
962 3207 1118 3261 leonis
1145 3207 1235 3260 ira:
1254 3205 1439 3258 similes
1464 3202 1645 3271 (Prov.
1671 3201 1756 3255 I9.
1789 3200 1899 3269 I2),
1922 3206 1977 3253 et

395 3299 573 3352 animo
603 3297 944 3352 concidentcs
969 3305 1021 3351 et
1048 3297 1414 3350 lamentantes.
1441 3291 1576 3359 Quid
1606 3291 1763 3361 igitur
1789 3289 1977 3343 adver-

393 3405 484 3444 sus
536 3374 656 3444 illos
707 3391 988 3445 dicemus?
1034 3388 1132 3455 Qui
1181 3388 1356 3441 dixit:
1386 3385 1521 3456 Lupi
1566 3393 1612 3438 et
1657 3384 1775 3454 agni
1828 3382 1977 3435 simul

396 3491 679 3550 pascentur,
707 3491 753 3534 et
776 3481 964 3551 pardus
988 3496 1101 3533 cum
1125 3479 1268 3532 Itde
1288 3477 1522 3544 quiescet,
1551 3485 1596 3528 et
1617 3473 1693 3528 leo
1717 3482 1972 3538 tamquam

396 3573 485 3627 bos
511 3573 683 3642 paleas
709 3573 928 3626 comedet
973 3569 1122 3639 (Isai.
1157 3569 1242 3622 II.
1288 3568 1342 3621 6.
1384 3566 1438 3637 7)
1471 3585 1482 3619 :
1512 3574 1564 3621 et
1588 3565 1727 3619 hunc
1766 3564 1975 3619 leonem

396 3662 621 3715 reddere
650 3677 800 3714 ovem
830 3660 1025 3729 poterit
1053 3666 1400 3711 mansuetam.
1428 3656 1794 3725 Snpplicemus
1819 3655 1978 3724 igitur

399 3754 521 3821 ipsi,
551 3763 606 3807 et
634 3753 698 3807 ad
729 3752 901 3821 ipsum
931 3752 1219 3821 legationes
1248 3750 1534 3811 mittamus,
1558 3757 1613 3802 et
1639 3746 1979 3816 Imperatoris

398 3844 630 3897 animum
658 3844 866 3912 penitus
885 3841 1155 3910 corripiet,
1189 3840 1325 3895 etab
1354 3842 1496 3895 omni
1521 3855 1616 3895 nos
1640 3839 1851 3893 instanti
1880 3852 1979 3890 an-

399 3934 566 4003 gustia
588 3932 849 3987 liberabit.
878 3932 1035 3986 Pater
1059 3931 1165 3985 illic
1194 3931 1511 4000 legationem
1553 3931 1682 3993 obit,
1728 3943 1825 3984 nos
1856 3928 1980 3985 hinc

399 4023 464 4075 ad
494 4023 742 4076 caelorum
780 4038 956 4092 regem
992 4021 1259 4075 mittamus
1291 4020 1628 4091 legationem,
1658 4022 1825 4089 ipsum
1854 4035 1978 4089 pre-

400 4112 550 4165 cibus
572 4111 900 4180 adjuvemus.
938 4111 1156 4165 Multum
1184 4111 1435 4164 Ecclesia:
1459 4110 1762 4164 communio
1785 4119 1976 4179 potest,

403 4200 448 4253 si
478 4201 650 4253 anima
679 4200 909 4263 dolente,
938 4200 980 4253 si
1003 4199 1162 4253 corde
1188 4199 1417 4253 contrito
1446 4213 1629 4267 preces
1655 4200 1976 4253 emittamus.

401 4292 517 4347 Non
549 4308 683 4361 opus
727 4301 809 4346 est
847 4307 995 4346 mare
1024 4292 1269 4353 transire,
1321 4306 1427 4345 non
1469 4305 1602 4359 opus
1644 4300 1725 4345 est
1769 4291 1977 4360 longam

401 4384 581 4438 siibire
632 4381 1104 4452 peregrinationem
1137 4401 1149 4436 :
1179 4382 1367 4453 singuli
1426 4398 1488 4438 ac
1540 4383 1761 4451 singulae
1810 4392 1865 4438 et
1914 4383 1981 4437 ad

396 4474 688 4531 ecclesiam
765 4484 1138 4538 occurrentes,
1193 4483 1248 4528 et
1298 4474 1440 4547 domi
1497 4484 1770 4529 manentes
1814 4475 1982 4529 multo

406 4566 569 4620 Deum
601 4564 777 4620 studio
820 4566 1142 4630 invocemus,
1176 4573 1230 4621 et
1253 4566 1470 4620 omnino
1513 4565 1983 4635 supplicationibus

402 4668 621 4714 annuet.

474 4749 617 4804 Deus
654 4750 963 4803 vehementer
989 4756 1125 4819 cupit
1154 4758 1206 4803 ut
1246 4750 1470 4804 homines
1495 4751 1561 4805 ad
1597 4751 1763 4822 ipsum
1806 4754 1983 4821 confu-

401 4843 562 4913 giant.
590 4872 659 4883 -
690 4841 842 4897 Unde
890 4843 990 4895 hoc
1032 4841 1411 4897 manifestum?
1448 4842 1596 4909 Quod
1642 4844 1985 4898 vehementer

403 4932 582 5001 cupiat
611 4946 711 4985 nos
736 4931 803 4985 ad
851 4931 1020 5001 ipsum
1067 4947 1280 5000 semper
1320 4933 1627 5001 confugere,
1658 4933 1709 4987 in
1739 4934 1984 4987 omnilnts

405 5022 578 5087 ipsum
607 5021 903 5089 deprecari,
936 5030 991 5076 et
1020 5022 1147 5076 nihil
1178 5022 1376 5093 absque
1421 5022 1535 5091 ipso
1562 5022 1643 5076 vel
1688 5022 1860 5077 facere
1903 5024 1983 5077 vel

404 5110 603 5164 dicere.
638 5111 892 5165 Ilomines
912 5112 1074 5179 enim,
1100 5113 1310 5181 quando
1341 5113 1467 5181 ipsis
1486 5111 1695 5167 assidue
1718 5114 1983 5182 negotium

407 5200 718 5255 incessimus
750 5217 846 5271 pro
877 5202 1034 5256 rebus
1060 5205 1274 5268 nostris,
1308 5212 1518 5273 torpent
1547 5212 1603 5259 et
1632 5205 1984 5274 tergiversan-

406 5301 513 5357 tur,
555 5300 613 5346 et
639 5306 779 5361 :egre
806 5290 1020 5354 ferunt;
1050 5293 1190 5347 Deus
1224 5302 1400 5348 autem
1445 5309 1661 5363 prorsus
1686 5296 1736 5349 in
1769 5306 1986 5350 contra-

406 5382 543 5435 rium
573 5399 587 5445 ;
619 5398 724 5437 non
764 5398 886 5438 cum
934 5384 1032 5454 ipsi
1058 5385 1306 5439 continue
1333 5386 1664 5440 occurrimus
1704 5402 1799 5456 pro
1828 5386 1989 5443 rebus

340 5464 343 5467 Α
409 5472 628 5539 nostris,
658 5473 753 5529 sed
782 5490 901 5529 eum
947 5490 1050 5530 non
1083 5470 1184 5531 hoc
1213 5475 1454 5539 facimus,
1484 5486 1607 5531 tunc
1643 5478 1874 5532 maxime
1904 5478 1986 5531 in-

408 5561 678 5633 dignatur.
726 5565 862 5620 Audi
903 5566 1059 5637 igitur
1083 5568 1207 5636 quid
1250 5568 1448 5623 Judreis
1476 5568 1711 5637 objiciat,
1755 5569 1987 5624 dicens:

414 5650 627 5706 Fecistis
650 5655 934 5720 consilium,
960 5666 1004 5710 et
1039 5674 1139 5711 non
1170 5674 1259 5726 per
1280 5675 1396 5722 me;
1421 5668 1467 5712 et
1502 5669 1667 5727 pacta,
1694 5659 1747 5713 "et
1773 5675 1871 5712 non
1903 5674 1992 5714 ver

412 5743 643 5811 Spiritum
685 5762 850 5801 meum
904 5745 1053 5817 (Isai.
1095 5748 1182 5804 50.
1216 5746 1293 5819 I).
1325 5746 1467 5803 Talis
1514 5747 1654 5803 enim
1700 5750 1987 5803 amantium

2045 470 2375 524 consuetudo
2405 489 2419 524 ε
2446 473 2621 527 omnia
2649 472 3010 528 adamatorum
3050 474 3257 544 negotia
3287 489 3378 543 per
3405 492 3463 531 se
3505 479 3613 531 ﬁeri

2049 561 2246 625 volunt,
2274 571 2326 615 ct
2360 560 2475 617 sine
2499 578 2556 617 se
2581 565 2697 617 illos
2721 580 2890 634 neque
2915 564 3091 621 facere
3115 567 3423 637 quidquam,
3451 583 3621 637 neque

2046 650 2243 706 dicere.
2268 651 2552 723 Propterea
2576 663 2629 710 et
2654 656 2793 711 Deus
2818 673 2923 711 non
2951 657 3037 713 hic
3059 667 3282 726 tantum,
3301 660 3394 715 sed
3419 669 3472 715 et
3497 660 3620 714 alibi

2048 741 2187 798 idem
2215 758 2398 799 rursus
2426 746 2758 815 exprobrans
2783 747 2990 804 dicebat
3018 766 3030 801 :
3059 747 3431 819 Regnaverant,
3454 760 3499 803 et
3524 767 3623 803 non

2055 845 2146 897 per
2163 845 2242 883 me
2257 843 2278 880 :
2293 837 2694 896 imperaverunt,
2713 839 2761 883 et
2784 848 2885 885 non
2904 834 3042 900 signi
3045 834 3329 900 ﬁcaverunt
3348 839 3475 891 mihi
3490 837 3589 909 (0s
3606 876 3622 892 .

2057 917 2108 971 8.
2126 918 2201 987 4).
2222 916 2297 972 Ne
2315 917 2799 989 igiturtorpeamus
2816 924 3068 979 continue
3080 926 3145 979 ad
3164 925 3341 995 ipsum
3359 929 3624 999 confuge-

2057 1023 2135 1070 re,
2153 1011 2359 1076 etquod
2380 1026 2542 1080 grave
2555 1008 2964 1074 fuerit,omnino
2978 1017 3271 1071 remedium
3286 1020 3618 1073 conveniens

2054 1108 2297 1174 accipiet.
2349 1104 2557 1161 Terruit
2603 1104 2987 1163 homoicurre
3029 1105 3095 1162 ad
3121 1120 3404 1177 supernum
3447 1106 3629 1162 Domi-

2054 1210 2203 1261 num,
2243 1203 2298 1249 et
2343 1195 2416 1250 nil
2458 1212 2618 1266 grave
2668 1198 2885 1266 patieris
2916 1214 2930 1251 :
2960 1198 3036 1252 sic
3076 1189 3271 1267 antiqui
3303 1199 3631 1252 calamitates

2055 1284 2385 1351 avertebant,
2430 1301 2535 1341 non
2582 1295 2784 1341 tantum
2830 1287 2946 1350 viri,
2994 1287 3087 1342 sed
3116 1299 3167 1342 et
3199 1289 3466 1343 mulieres.
3512 1287 3633 1343 Fuit

2057 1376 2299 1447 quaedam
2330 1379 2519 1434 mulier
2540 1379 2782 1445 Ilcbrara,
2814 1381 3001 1436 Esther
3022 1382 3273 1436 nomine:
3303 1383 3415 1437 hate
3442 1383 3633 1438 Esther

2058 1470 2363 1525 universum
2405 1470 2708 1526 Iudaeorum
2749 1472 2999 1541 populum
3052 1473 3413 1528 internecione
3452 1472 3633 1528 delen-

2059 1559 2184 1614 dum
2214 1560 2292 1615 sic
2318 1561 2527 1631 eripuit.
2573 1561 2856 1632 Postquam
2879 1563 3158 1618 Persarum
3186 1580 3279 1618 rex
3307 1580 3491 1618 omnes
3516 1580 3636 1633 pas-

2061 1655 2159 1708 sim
2187 1654 2399 1709 .Iudueos
2424 1654 2653 1709 interimi
2677 1654 2855 1724 jussit,
2886 1669 3006 1709 cum
3031 1655 3207 1709 nullus
3230 1666 3370 1709 esset
3397 1657 3483 1725 qui
3510 1671 3639 1710 cons

2063 1753 2142 1801 tra
2160 1747 2293 1799 iram
2312 1746 2449 1801 illius
2465 1746 2723 1801 obsistere
2744 1755 2938 1815 posset,
2961 1745 3371 1815 splendidiorem
3390 1750 3637 1802 vestitum

2063 1846 2219 1893 exuta
2265 1837 2475 1903 mulier,
2505 1846 2557 1892 et
2585 1852 2739 1891 sacco
2765 1838 2984 1903 amicta,
3014 1849 3066 1892 et
3110 1839 3291 1893 cinere
3327 1838 3592 1894 substrato
3619 1881 3637 1905 ,

2064 1930 2257 1983 divina:
2302 1929 2597 1984 clementiae
2641 1928 2986 1997 supplicabat,
3038 1939 3093 1983 ut
3138 1946 3316 1985 secum
3348 1931 3411 1984 ad
3461 1947 3638 2001 regem

2066 2019 2450 2087 ingrederetur,
2485 2028 2536 2073 et
2566 2020 2680 2072 hate
2707 2020 3252 2094 precabaturzﬂrata,
3298 2021 3526 2087 Domine,
3558 2027 3641 2094 [ac

2066 2109 2213 2161 verba
2241 2126 2371 2172 mea,
2404 2120 2448 2162 et
2471 2110 2537 2162 da
2562 2126 2837 2163 sermonem
2867 2119 3100 2164 ornatum
3126 2113 3177 2164 in
3204 2128 3259 2165 os
3286 2129 3445 2165 meum
3468 2110 3639 2183 (Est/1.

2068 2201 2155 2255 14.
2182 2200 2292 2271 15).
2320 2201 2442 2256 Ιίςῑιο
2464 2211 2517 2256 et
2546 2216 2638 2266 pro
2666 2203 2914 2272 magistro
2940 2217 3036 2256 nos
3058 2218 3195 2257 nunc
3226 2204 3384 2258 Deum
3406 2219 3640 2259 oremus.

2067 2291 2121 2348 Si
2167 2294 2310 2347 enim
2358 2293 2551 2347 mulier
2600 2309 2695 2362 pro
2737 2292 2936 2348 Iudaeis
2981 2294 3282 2363 supplicans
3312 2295 3644 2349 barbaricum

2068 2385 2318 2440 cohibere
2362 2384 2594 2440 furorem
2622 2386 2791 2456 potuit
2823 2405 2836 2441 :
2866 2386 3030 2441 multo
3059 2388 3226 2457 magis
3254 2387 3440 2442 doctor
3466 2399 3645 2442 noster

2070 2491 2167 2545 pro
2195 2485 2339 2531 tanta
2368 2476 2599 2541 civitate,
2629 2486 2684 2531 et
2711 2494 2829 2533 cum
2860 2487 3000 2533 tanta
3028 2479 3259 2533 Ecclesia
3300 2480 3601 2549 supplicans
3627 2520 3643 2545 ,

2070 2569 2505 2645 benignissimum
2534 2580 2585 2622 et
2616 2569 2951 2625 mitissimum
2982 2570 3123 2626 hunc
3150 2570 3521 2646 Imperatorem
3548 2571 3647 2627 Ile-

2071 2672 2214 2715 ctere
2255 2663 2461 2731 poterit.
2500 2660 2555 2715 Si
2592 2661 2731 2714 enim
2774 2666 2990 2731 peccata
3019 2662 3071 2715 in
3099 2662 3262 2715 Deum
3291 2661 3525 2716 solvendi
3554 2677 3646 2732 po-

2072 2759 2318 2807 testatem
2365 2753 2588 2821 accepit,
2622 2752 2787 2806 multo
2812 2752 2982 2822 magis
3028 2753 3081 2806 in
3116 2751 3395 2825 hominem
3444 2761 3648 2821 patrata

2071 2847 2346 2903 destruere
2371 2856 2424 2902 et
2451 2845 2630 2901 delere
2677 2832 3174 2915 poterit.‘Princeps
3197 2854 3280 2901 est
3303 2845 3387 2899 hic
3415 2862 3646 2915 quoque,

2072 2948 2127 2995 et
2151 2939 2362 3010 quidem
2408 2939 2498 2992 illo
2541 2938 2847 2992 honoratior
2875 2938 2937 2992 ις
2982 2938 3178 2993 etenim
3225 2939 3396 3006 ipsum
3445 2939 3647 3008 regium

2073 3040 2231 3103 caput
2275 3046 2441 3086 sacrrc
2470 3031 2616 3099 leges
2662 3030 2890 3085 ferentes
2921 3030 3075 3096 hujus
3122 3030 3364 3084 manibus
3411 3030 3651 3099 sulijece-

2072 3132 2197 3177 runt
2227 3140 2241 3176 :
2268 3131 2321 3176 et
2365 3120 2574 3190 quando
2602 3120 2801 3189 aliquid
2832 3119 2956 3174 boni
2990 3120 3202 3175 coalitus
3227 3120 3526 3189 requiritur,
3557 3136 3650 3174 rex

2072 3215 2138 3269 ad
2169 3213 2520 3277 sacerdotem,
2555 3227 2657 3266 non
2684 3211 2930 3268 sacerdos
2955 3211 3023 3266 ad
3048 3226 3225 3281 regem
3255 3211 3541 3280 confugere
3564 3227 3651 3265 sn-

2076 3308 2200 3361 litus
2228 3316 2327 3360 est.
2353 3304 2523 3359 IIabet
2552 3305 2637 3359 hic
2662 3318 2870 3375 quoque
2903 3303 3120 3373 justitiaa
3147 3302 3386 3366 loricam,
3416 3303 3573 3357 habet
3597 3312 3652 3356 et

2075 3397 2341 3467 cingulum
2383 3394 2640 3461 veritatis,
2692 3394 2852 3449 habet
2876 3404 2929 3449 et
2956 3394 3309 3449 calceamenta
3356 3395 3522 3447 multo
3551 3392 3653 3446 ho-

2077 3488 2312 3543 nestiora
2334 3485 2401 3539 ab
2430 3484 2702 3555 evangelio
2743 3484 2887 3554 pacis
2916 3502 2930 3537 :
2964 3482 3122 3539 habet
3163 3493 3217 3539 et
3244 3483 3501 3554 gladium,
3546 3499 3650 3538 non

2077 3595 2143 3636 ex
2162 3580 2319 3641 ferro,
2345 3576 2437 3631 sed
2462 3577 2709 3645 spiritus:
2732 3575 2887 3630 habet
2910 3584 2963 3630 et
2976 3590 3228 3629 coronam
3256 3576 3411 3643 capiti
3436 3574 3653 3643 imposi-

2080 3679 2206 3724 tam.
2223 3666 2561 3737 Splendidior
2582 3668 2695 3721 haec
2714 3676 3006 3731 armatura,
3027 3664 3334 3734 pretiosiora
3358 3664 3469 3717 lucc
3483 3679 3651 3728 arma,

2078 3761 2248 3828 major
2277 3758 2486 3823 fiducia,
2528 3757 2696 3827 major
2738 3758 2836 3810 vis.
2887 3757 3067 3825 Itaque
3096 3764 3149 3809 et
3192 3770 3288 3824 pro
3333 3753 3656 3824 principatus

2079 3851 2455 3922 magnitudine,
2488 3860 2541 3905 et
2565 3849 2777 3918 prepria
2820 3848 3268 3918 magnanimitate,
3293 3855 3344 3901 et
3381 3855 3503 3900 ante
3533 3844 3657 3899 reli-

2078 3960 2179 4015 qua
2201 3944 2398 4007 omnia,
2431 3956 2526 4009 pro
2554 3942 2699 3993 lirtna
2730 3939 2783 3992 in
2806 3939 2966 3993 Deum
2992 3953 3108 4007 spe,
3135 3953 3254 3991 cum
3276 3936 3441 3990 multa
3467 3934 3656 3991 ﬁducia

2079 4047 2133 4092 et
2164 4035 2439 4104 prudentia
2468 4032 2844 4102 Imperatorem
2872 4030 3189 4099 alloquetur.

2078 4128 2204 4227 /’5.
2235 4127 2310 4181 Ne
2340 4125 2496 4194 igitur
2521 4123 2588 4177 de
2616 4123 2785 4176 salute
2812 4129 2991 4174 nostra
3021 4119 3384 4187 desperemus,
3410 4116 3502 4172 sed
3533 4131 3660 4186 sup-

2083 4209 2355 4291 plicemus,
2385 4231 2683 4287 precemur,
2712 4226 2970 4282 petamus,
3000 4225 3234 4273 oremus,
3265 4209 3329 4264 ad
3371 4225 3658 4277 supernum

2082 4312 2278 4381 Regem
2324 4308 2502 4362 multis
2544 4322 2663 4361 cum
2709 4303 2959 4373 lacrymis
3000 4302 3313 4372 legationem
3342 4300 3655 4353 mittamus:

2083 4405 2339 4459 habemus
2378 4410 2431 4456 et
2453 4400 2710 4471 jejunium
2758 4398 2859 4451 hoc
2882 4409 3199 4465 cooperans,
3228 4392 3280 4446 in
3309 4392 3411 4447 hac
3440 4392 3658 4461 pulchra

2081 4496 2344 4568 legatione
2375 4494 2526 4549 nobis
2551 4491 2850 4548 adhaarens.
2875 4488 3019 4544 Sicut
3047 4489 3222 4556 itaque
3249 4485 3511 4554 prieterita
3555 4482 3661 4539 hic-

2081 4603 2187 4651 me,
2214 4595 2268 4640 et
2295 4594 2479 4640 instate
2504 4590 2810 4653 apparente,
2838 4588 2996 4633 nauta
3022 4578 3195 4631 navim
3227 4576 3278 4630 iu
3321 4590 3465 4629 mare
3491 4575 3659 4630 dedu-

2083 4679 2175 4742 cit,
2208 4678 2360 4733 miles
2385 4689 2529 4728 arma
2558 4673 2817 4741 deterget,
2846 4682 3145 4740 equumque
3173 4666 3239 4740 ad
3265 4667 3455 4721 bellum
3488 4674 3656 4736 parat,

2083 4769 2315 4839 agricola
2356 4766 2499 4820 acuit
2540 4764 2749 4828 falcem,
2780 4765 2949 4817 viator
2978 4760 3184 4817 ﬁducize
3214 4760 3402 4829 plenus
3448 4759 3661 4828 longum

2085 4862 2186 4915 iter
2221 4857 2545 4928 aggreditur,
2588 4864 2640 4910 et
2686 4855 2752 4909 ad
2793 4854 3080 4908 certamina
3113 4852 3252 4921 pugil
3296 4850 3663 4920 ex3poliatur,

2085 4968 2247 5023 seque
2289 4949 2521 5005 denudat
2554 4968 2565 5002 :
2598 4949 2676 5003 sic
2718 4956 2773 5002 et
2816 4961 2912 5001 nos
2932 4946 3133 5015 jejunio
3183 4955 3449 5014 tamquam
3480 4953 3664 4998 testate

2084 5045 2310 5114 quadam
2332 5042 2588 5111 Spirituali
2604 5050 2910 5110 apparente,
2938 5047 2993 5092 et
3015 5051 3159 5093 arma
3180 5045 3447 5105 tamquam
3472 5032 3663 5089 milites

2086 5139 2466 5205 abstergamus,
2514 5133 2700 5188 falcem
2748 5146 2998 5185 acuamus
3027 5139 3293 5199 tamquam
3320 5128 3583 5198 agricolae,
3610 5135 3664 5181 et
3699 5167 3705 5172 .

2089 5238 2355 5299 tamquam
2412 5236 2585 5282 nauta:
2645 5234 2831 5281 contra
2901 5222 3251 5279 absurdarum
3317 5220 3663 5290 cupiditatum

2031 5372 2036 5378 .
2088 5323 2280 5377 ﬁuctus
2309 5321 2654 5391 cogitationes
2695 5332 3046 5388 opponamus,
3088 5326 3142 5372 et
3184 5330 3283 5371 ceu
3327 5315 3557 5368 viatores
3596 5311 3665 5366 ad

2085 5414 2274 5472 caelum
2303 5414 2403 5468 iter
2429 5414 2778 5476 instituamus,
2808 5420 2862 5466 et
2887 5411 3033 5481 quasi
3062 5409 3263 5479 pugiles
3285 5406 3351 5461 ad
3378 5407 3666 5461 certamina

2030 5538 2033 5539 ν
2090 5507 2382 5585 spoliemnr
2410 5523 2425 5570 ;
2456 5506 2625 5560 ﬁdelis
2651 5506 2791 5558 enim
2816 5510 2871 5558 et
2897 5502 3147 5576 agricola,
3170 5509 3223 5556 et
3249 5499 3591 5567 gubernator,
3613 5506 3664 5551 et

2092 5599 2265 5665 miles,
2296 5607 2350 5653 et
2373 5597 2590 5664 athleta,
2614 5606 2666 5653 et
2688 5596 2857 5651 viator
2880 5603 2981 5649 est.
3011 5592 3213 5649 Idcirco
3241 5590 3437 5646 Paulus
3459 5602 3663 5660 quoque

2157 5762 2169 5787 ι
2209 5759 2331 5810 Ρυει,
2360 5749 2645 5810 honoratior,
2662 5748 2850 5815 quidam
2888 5746 3082 5807 addunt,
3114 5750 3159 5797 et
3182 5743 3333 5811 "mgis
3358 5720 3662 5795 reverendus.
