4072 6384
452 364 517 421 5!
1160 361 1219 421 S.
1257 359 1534 421 JOANNIS
1569 355 2043 416 CBllYSOSTOMI
2082 353 2398 412 ARClllEP.
2438 350 2971 411 CONS'I'AN‘I'INOP.
3665 357 3735 416 ω

454 474 585 529 dicit
611 492 625 529 :
651 472 772 531 Non
800 484 875 531 est
919 473 1061 529 uobfs
1091 474 1227 528 lucta
1265 472 1502 527 adversm
1539 470 1834 541 sanguinem
1859 477 1907 523 et
1933 485 2045 522 car-

457 581 590 633 nem,
622 569 710 623 sed
728 568 965 623 adversus
994 566 1303 636 principatus
1328 573 1373 619 et
1395 574 1660 632 potestates
1688 578 1707 617 :
1732 562 1923 616 induite
1948 562 2046 632 igi-

457 668 541 713 tur
573 670 884 713 armaturam
913 658 1003 712 Dei
1045 656 1259 728 (Ephes.
1292 656 1345 711 6.
1379 656 1488 726 12).
1534 654 1719 709 Vidisti
1749 653 2048 709 athletam?

459 748 638 804 vidisti
670 748 934 805 militem?
962 748 1016 802 Si
1048 745 1247 801 athleta
1279 760 1359 810 es,
1405 744 1605 799 nudum
1652 744 1703 798 in
1730 753 1998 798 certamen
2028 744 2046 776 ⁸

460 849 514 895 te
544 841 870 897 descendere
895 848 1140 909 oportet;
1172 839 1215 893 si
1240 837 1415 904 miles,
1438 846 1698 892 armatum
1725 835 1791 890 ad
1818 850 2047 906 pugnam

460 934 756 987 consistere
786 947 1004 987 necesse
1032 940 1114 986 est
1141 949 1153 985 :
1184 928 1450 1002 quomodo
1487 930 1647 1000 igitur
1686 928 1803 984 lucc
1827 938 2049 999 utraque

466 1024 625 1079 simul
654 1039 775 1079 esse
818 1025 1042 1095 possint,
1074 1032 1129 1077 et
1172 1022 1371 1076 nudum
1401 1036 1543 1086 esse,
1570 1029 1626 1077 et
1669 1035 1775 1075 non
1806 1020 2045 1075 nudum:

460 1124 517 1168 et
564 1112 825 1175 indutum,
869 1123 925 1169 et
972 1129 1078 1167 non
1125 1111 1550 1178 indutumIQuo
1594 1112 1806 1167 tandem
1849 1100 2049 1171 modJ,

460 1200 562 1275 ego
590 1205 786 1261 dicam.
818 1205 973 1261 Exue
1000 1206 1122 1259 vita:
1167 1204 1399 1274 negotia,
1428 1215 1482 1259 et
1510 1204 1707 1259 athleta
1753 1203 1919 1258 lactus
1945 1186 2047 1258 es‘.

463 1295 627 1351 indue
667 1304 813 1350 arma
861 1294 1178 1365 spiritualia,
1225 1303 1279 1348 et
1322 1294 1490 1347 factus
1513 1309 1573 1348 es
1593 1294 1766 1348 miles.
1798 1292 2049 1361 Teipsmn

464 1387 585 1440 vitae
631 1387 775 1440 curis
818 1384 1066 1449 denuda;
1117 1385 1273 1439 luctze
1314 1384 1455 1439 enim
1491 1392 1698 1454 tempus
1726 1392 1809 1438 est
1848 1401 1863 1436 :
1903 1399 2049 1437 arma

463 1475 682 1543 Spiritus
728 1474 921 1540 indue;
951 1474 1148 1529 bellum
1193 1474 1335 1528 enim
1375 1473 1532 1529 nobis
1568 1482 1755 1527 contra
1779 1472 2053 1529 dtemones

462 1567 749 1621 conﬂatum
778 1574 863 1621 est
890 1581 1069 1636 grave.
1117 1565 1404 1634 PrOpterea
1433 1574 1486 1619 et
1525 1564 1723 1619 nudum
1748 1579 1867 1620 esse
1892 1580 2053 1635 opor-

462 1666 560 1720 tet,
596 1666 649 1710 ut
678 1657 875 1711 nullam
905 1656 1118 1711 diabolo
1151 1656 1422 1711 nobiscum
1449 1655 1668 1710 luctanti
1697 1671 1881 1711 ansam
1911 1672 2051 1725 pra:-

466 1748 708 1816 hcamns,
760 1756 814 1802 ct
866 1748 1097 1818 undique
1152 1747 1371 1815 armari,
1421 1756 1481 1802 ut
1527 1763 1787 1818 nusquam
1840 1748 2052 1803 letalem

462 1842 673 1911 plagam
701 1840 1044 1909 accipiamus.
1094 1838 1292 1894 Excole
1334 1837 1563 1893 animam
1597 1848 1761 1905 tuam,
1791 1849 1844 1894 et
1872 1840 2054 1909 spinas

466 1931 654 1987 excide
678 1947 692 1985 :
716 1932 917 1987 semina
935 1932 1153 1985 verbum
1180 1931 1410 2001 pietatis,
1432 1930 1685 2001 pulchras
1700 1930 2054 2003 philosophia:

464 2023 676 2093 plantas
719 2024 911 2088 insere,
943 2032 999 2079 et
1025 2038 1144 2078 cum
1190 2023 1356 2077 multa
1386 2022 1656 2093 diligentia
1685 2023 1972 2091 repastina.
2000 2031 2057 2077 et

458 2116 693 2185 agricola
727 2114 896 2171 l‘actus
923 2131 1003 2182 es,
1049 2116 1248 2185 tibique
1277 2114 1419 2169 dicet
1444 2114 1640 2169 Paulus
1671 2132 1684 2169 :
1718 2112 2055 2168 Laborantem

461 2206 737 2277 agricolam
786 2216 981 2277 oportet
1022 2207 1239 2277 primum
1280 2209 1472 2277 fructus
1500 2206 1755 2277 percipere
1795 2204 1869 2275 (2.
1917 2204 2052 2259 Tim.

469 2297 524 2351 2.
556 2297 633 2369 6).
682 2298 829 2352 lianc
866 2306 920 2352 et
948 2298 1061 2365 ipse
1107 2305 1277 2350 artem
1306 2296 1568 2351 tractabat
1598 2311 1613 2349 :
1643 2294 1843 2349 idcirco
1871 2294 2057 2349 Corin-

468 2388 596 2442 thiis
643 2388 883 2443 scribens
905 2386 1116 2443 dicebat
1144 2405 1159 2441 :
1190 2384 1301 2457 Ego
1330 2384 1574 2455 plantavi,
1619 2384 1799 2454 Apollo
1834 2384 2054 2455 rigavit,

456 2479 601 2533 "Deus
644 2489 810 2533 autem
849 2480 1209 2533 incrementum
1237 2477 1376 2531 dedit
1418 2476 1497 2548 (ι.
1551 2476 1670 2530 Cor.
1699 2476 1753 2530 ὅ.
1786 2474 1866 2546 6).
1911 2477 2057 2530 Acue

466 2569 655 2626 falcem
686 2580 854 2637 luam,
892 2584 1049 2639 quam
1078 2583 1177 2639 per
1199 2567 1468 2637 crapulam
1498 2565 1780 2630 hebetasti,
1806 2580 1939 2621 acue
1962 2581 2058 2636 per

454 2661 742 2732 ‘jejunium,
764 2659 1051 2731 aggredere
1077 2661 1178 2715 iter
1207 2659 1257 2714 in
1283 2658 1472 2713 ctelum
1503 2658 1703 2724 ferens,
1730 2672 1973 2728 asperant
1997 2668 2053 2713 et

471 2762 747 2822 angustam
785 2752 926 2806 viam
969 2751 1170 2821 attinge
1186 2757 1253 2825 .et
1293 2748 1525 2804 ambula.
1557 2748 1837 2814 Quomodo
1881 2759 2056 2802 autem

469 2842 671 2914 poteris
716 2852 769 2895 et
797 2842 1058 2911 attingere
1103 2850 1159 2895 et
1201 2837 1827 2909 ambulare?Castigans
1865 2854 2058 2908 corpus

464 2941 697 2995 tnum,et
718 2930 770 2984 in
789 2930 1096 2985 servitutem
1122 2928 1373 2999 redigens
1396 2946 1408 2981 :
1432 2928 1518 2983 ubi
1540 2928 1680 2982 enim
1703 2928 1784 2981 via
1813 2940 2056 2998 angusta,

467 3039 716 3095 magnum
747 3024 1183 3093 impedimentum
1201 3031 1284 3078 est
1298 3021 1474 3076 carnis
1489 3036 1553 3077 ex
1568 3022 1780 3091 crapula
1802 3022 2054 3078 obesitas.

468 3114 741 3169 Absurdas
772 3114 939 3169 nudas
962 3113 1512 3184 concupiscentiarum
1561 3113 1815 3182 reprime,
1860 3115 2059 3183 repelle

450 3206 829 3278 improborum
887 3205 1122 3262 hiemem
1159 3205 1555 3276 cogitationum,
1588 3219 1739 3258 serva
1763 3204 2053 3274 navigium,

465 3301 685 3355 multam
712 3299 932 3353 ostende
953 3299 1219 3369 peritiam,
1245 3306 1299 3353 et
1323 3296 1493 3352 factus
1519 3312 1580 3352 es
1599 3298 1919 3366 gubernator
1943 3298 1985 3349 ⁸.

539 3389 741 3444 Horum
784 3397 963 3442 autem
1010 3389 1248 3442 omnium
1292 3388 1445 3441 nobis
1472 3387 1690 3441 materia
1722 3386 1980 3456 jejunium
2006 3394 2061 3441 et

468 3481 723 3547 magister
754 3488 857 3543 est,
896 3477 1155 3547 jejunium
1187 3486 1365 3533 autem
1395 3476 1516 3530 dico
1542 3491 1646 3530 non
1677 3477 1777 3530 hoc
1805 3477 2018 3545 vulgare
2041 3516 2059 3544 ,

446 3570 561 3624 sed
590 3579 893 3623 accuratum
917 3568 1179 3637 jejunium
1212 3582 1356 3621 :non
1388 3574 1589 3620 tantum
1630 3566 1868 3621 ciborum
1894 3566 2060 3620 absti-

471 3659 733 3723 nentiam,
760 3658 853 3713 sed
881 3669 935 3713 et
957 3667 1293 3729 peccatorum
1326 3674 1340 3711 :
1370 3673 1474 3711 non
1500 3658 1643 3711 enim
1664 3656 1849 3727 jejunii
1872 3666 2059 3711 natura

468 3752 774 3822 jejnnantes
802 3766 994 3806 eruere
1037 3751 1198 3817 valet,
1245 3750 1344 3805 nisi
1376 3764 1607 3819 congrua
1634 3766 1755 3804 cum
1786 3751 1901 3820 lege
1948 3749 2058 3803 liat.

476 3843 685 3898 Etenim
729 3842 947 3909 athleta,
997 3842 1188 3911 inquit,
1238 3840 1357 3894 Non
1386 3856 1677 3906 coronatur,
1724 3841 1819 3895 nisi
1847 3840 2063 3911 legitime

473 3934 734 3987 certaverit
764 3932 838 4003 (2.
876 3932 1008 3987 Tim.
1039 3933 1091 3986 2.
1129 3932 1208 4003 5).
1241 3931 1317 3987 Ne
1343 3931 1502 4002 igitur
1529 3930 1668 3986 inter
1687 3932 1872 4001 jejunii
1917 3931 2062 3986 labo-

473 4042 587 4081 rem
614 4043 643 4080 a
665 4025 854 4096 jejunii
884 4040 1081 4081 corona
1107 4023 1438 4090 excidamus,
1465 4022 1731 4078 discamus
1759 4023 1985 4092 qualiter
2008 4034 2064 4079 et

444 4116 744 4188 quomodo
788 4115 1091 4185 lmjusmodi
1146 4116 1413 4181 negotium
1462 4121 1689 4169 tractare
1729 4114 2061 4170 debeamus:

476 4208 728 4278 quoniam
757 4217 813 4262 et
843 4206 1143 4261 Pharismus
1188 4205 1278 4259 ille
1298 4204 1579 4274 jcjunavit,
1630 4203 1724 4258 sed
1772 4213 1892 4272 post
1926 4203 2063 4273 jeju-

477 4300 625 4355 nium
656 4298 782 4354 illud
819 4296 1096 4353 descendit
1124 4296 1316 4359 inanis,
1343 4305 1399 4349 et
1438 4294 1624 4364 jejunii
1669 4293 1928 4349 fructibus
1969 4309 2063 4348 va-

442 4402 443 4411 ‘
478 4406 612 4445 cuus
639 4408 653 4444 :
684 4390 995 4461 publicanus
1023 4403 1128 4443 non
1154 4387 1430 4457 jejnnavit,
1474 4396 1530 4442 et
1574 4386 1898 4441 Pharismum
1919 4385 2064 4456 jeju-

438 4490 443 4493 '
477 4492 694 4538 nantem
723 4481 990 4551 prmcessit
1036 4495 1141 4534 non
1168 4478 1417 4549 jejunans
1455 4476 1604 4548 (Luc.
1647 4477 1734 4533 18.
1769 4477 1981 4548 10-14),
2009 4485 2068 4532 ut

480 4574 657 4627 discas
682 4572 821 4642 quod
844 4571 1032 4643 jejunii
1056 4569 1255 4625 utilitas
1280 4570 1444 4631 nulla.
1469 4570 1567 4624 nisi
1588 4577 1643 4624 et
1667 4569 1868 4640 reliqua
1888 4569 2066 4624 omnia

443 4686 449 4693 ’
479 4674 895 4736 consequantur.

549 4755 749 4827 Jejunii
774 4755 965 4809 utilitas
988 4754 1152 4819 nulla,
1185 4754 1281 4808 nisi
1300 4770 1332 4807 a
1356 4753 1486 4808 vitiis
1511 4753 1947 4807 abstineamus.—
1971 4752 2068 4808 Je-

438 4868 443 4875 τ
477 4849 797 4917 jnnaverunt
818 4844 1084 4911 Ninivitae,
1102 4853 1157 4900 et
1177 4844 1268 4899 Dei
1290 4842 1711 4898 misericordiam
1731 4842 2065 4899 elicuerunt:

477 4938 854 5010 jejunaverunt
877 4946 929 4990 et
956 4934 1127 4990 .ludazi
1147 4975 1162 5001 ,
1191 4943 1246 4989 et
1270 4934 1399 4988 nihil
1425 4934 1798 5003 profecerunt,
1832 4933 1926 4990 sed
1956 4934 2071 4989 cul-

485 5030 592 5102 pati
632 5027 896 5083 abierunt.
941 5027 1074 5096 Quia
1116 5026 1273 5096 igitur
1315 5034 1517 5079 tantum
1543 5024 1733 5094 jejunii
1772 5023 2071 5095 periculum

482 5131 569 5177 cst
614 5120 974 5177 nescientibus
1013 5118 1281 5189 quomodo
1323 5117 1567 5187 jejunare
1607 5125 1856 5187 oportet,
1880 5116 2070 5187 jejunii

484 5217 628 5286 leges
651 5214 918 5269 discamus
936 5252 953 5276 ,
978 5227 1047 5267 ne
1071 5212 1124 5266 in
1151 5211 1410 5266 incertum
1440 5224 1717 5265 curramus
1737 5250 1750 5273 ,
1779 5225 1848 5264 ne
1892 5223 2071 5264 aerem

485 5307 830 5362 verberemus
850 5347 865 5371 ,
890 5320 996 5360 neu
1041 5311 1339 5375 pugnantes
1364 5316 1485 5356 cum
1516 5302 1702 5356 umbra
1736 5300 2069 5356 dimicemus.

484 5399 740 5455 Medicina
786 5406 871 5454 est
907 5396 1167 5467 jejunium
1193 5436 1209 5462 ,
1250 5393 1343 5450 sed
1395 5392 1652 5448 medicina
1703 5392 1829 5447 licet
1877 5392 2074 5449 millies

483 5494 628 5549 utilis
651 5494 740 5559 sit,
768 5507 864 5563 per
887 5491 1082 5545 utentis
1111 5489 1431 5559 imperitiam
1455 5485 1653 5541 inutilis
1678 5500 1821 5553 stupe
1846 5485 1921 5551 lit;
1950 5500 2072 5540 nam

487 5600 646 5641 nosse
688 5592 899 5655 oportet
938 5590 993 5637 et
1037 5589 1244 5650 tempus
1282 5594 1389 5649 quo
1434 5578 1602 5649 ipsam
1642 5576 1898 5633 adhibere
1939 5590 2075 5647 opus

553 5720 567 5750 ⁸
608 5724 735 5766 t'nus
760 5728 773 5765 :
800 5725 851 5765 In
872 5713 1099 5779 stadith.
1368 5771 1377 5779 ⁶

552 5782 573 5808 ⁸
607 5779 790 5842 Aliquot
816 5785 941 5836 Mss,
968 5778 1259 5825 Gubernator
1279 5778 1502 5837 optimus.

2154 468 2260 533 sit,
2292 475 2348 523 et
2395 468 2559 539 ipsius
2596 464 2966 523 medicamenti
3014 465 3360 537 quantitatem
3400 474 3455 523 et
3496 470 3734 539 corporis

2154 559 2495 628 temperiem,
2525 566 2580 613 et
2606 558 2839 629 regionis
2865 566 3105 612 naturam
3125 598 3141 626 ,
3171 566 3227 613 et
3251 558 3377 613 anni
3407 567 3616 629 tempus
3634 601 3649 622 ,
3681 570 3735 615 ct

2153 665 2443 721 congruum
2469 649 2686 717 victum,
2708 660 2762 704 et
2788 648 2952 705 multa
2978 648 3080 705 alia
3103 665 3117 702 :
3140 663 3364 720 quorum
3393 650 3437 705 si
3464 650 3735 721 quodlibet

2154 742 2569 814 pratermissum
2609 741 2801 805 fuerit,
2843 742 3066 812 reliquis
3117 742 3364 797 omnibus
3388 784 3404 808 ,
3431 758 3549 813 quae
3595 744 3735 798 dicta

2153 843 2275 890 sunt
2299 877 2314 899 ,
2346 834 2574 889 nocebit.
2606 834 2662 890 Si
2696 842 2874 888 autem
2914 834 3000 888 ubi
3028 833 3239 903 corpori
3265 833 3465 889 mederi
3489 843 3734 903 oportet,

2156 937 2298 984 tanta
2326 928 2479 984 nobis
2504 944 2639 1000 opus
2657 938 2740 984 est
2763 928 3034 1000 diligentia
3062 947 3076 983 :
3104 928 3270 983 multo
3296 930 3464 999 magis
3481 944 3602 983 cum
3623 930 3737 983 ani-

2154 1035 2297 1075 mam
2335 1034 2582 1075 curemus
2604 1061 2619 1085 ,
2645 1029 2701 1076 et
2738 1019 3145 1090 cogitationibus
3187 1019 3532 1085 medeamur,
3559 1020 3735 1074 omnia

2155 1112 2400 1179 scrutari,
2426 1120 2480 1167 et
2507 1126 2628 1167 cum
2657 1111 2803 1166 omni
2835 1111 3115 1168 sedulitate
3140 1110 3481 1168 considerare
3520 1125 3737 1166 necesse

2154 1210 2256 1257 est.

2225 1296 2280 1349 4.
2303 1293 2588 1349 Videamus
2617 1293 2775 1365 igitur
2793 1293 3060 1363 quomodo
3082 1293 3325 1348 Ninivita:
3340 1293 3734 1363 jejunaverunt,

2155 1393 2209 1440 et
2234 1384 2501 1455 quomodo
2532 1384 2601 1438 ab
2630 1384 2717 1439 illa
2748 1384 2951 1439 liberati
2980 1394 3105 1439 sunt
3131 1385 3228 1439 ira.
3262 1383 3507 1439 Homines
3528 1426 3542 1450 ,
3576 1395 3622 1438 et
3642 1386 3735 1454 ju-

2157 1487 2340 1541 menta,
2361 1487 2407 1531 et
2423 1492 2556 1543 oves,
2577 1488 2622 1531 et
2637 1476 2782 1532 boves
2802 1494 2863 1530 ne
2888 1487 3161 1547 pascantur
3187 1476 3328 1548 (Ion.
3359 1477 3412 1531 5.
3440 1477 3515 1547 7),
3545 1477 3735 1546 inquit.

2156 1569 2293 1636 Quid
2336 1568 2505 1624 dicis?
2533 1568 2620 1624 dic
2648 1568 2809 1633 mihi;
2838 1578 2892 1622 et
2933 1567 3083 1622 bruta
3115 1567 3378 1638 jejunant,
3402 1575 3457 1622 et
3490 1568 3611 1638 equi
3640 1585 3655 1621 :
3685 1577 3740 1623 et

2158 1662 2285 1715 muli
2327 1676 2483 1717 sacco
2531 1660 2868 1715 vestiuntur?
2898 1660 3102 1727 Etiam,
3135 1659 3303 1729 inquit
3332 1677 3346 1713 :
3372 1660 3512 1714 sicut
3550 1658 3695 1715 enim
3718 1700 3735 1725 ,

2157 1753 2317 1808 divite
2336 1752 2513 1823 aliquo
2542 1760 2770 1817 mortuo,
2792 1768 2895 1805 non
2923 1766 3105 1806 servos
3134 1751 3277 1807 solos
3305 1760 3359 1805 et
3383 1749 3621 1814 ancillas,
3644 1748 3739 1804 sed

2157 1855 2213 1899 et
2243 1858 2408 1913 equos
2449 1843 2734 1898 necessarii
2772 1856 2929 1897 sacco
2955 1841 3273 1896 amicientes
3294 1882 3310 1907 ,
3341 1850 3397 1897 et
3426 1840 3743 1910 agasonibus

2160 1935 2432 1991 tradentes
2455 1935 2521 1989 ad
2547 1934 2850 2005 sepulcrmn
2878 1933 3027 2004 sequi
3050 1932 3261 2003 jubent,
3293 1927 3609 1987 calamitatis
3631 1944 3743 1984 ma-

2157 2026 2487 2098 gnitudinem
2514 2035 2843 2080 ostentantes
2864 2066 2881 2092 ,
2907 2034 2961 2079 et
2986 2039 3174 2080 omnes
3212 2023 3279 2079 ad
3322 2021 3740 2077 misericordiam

2159 2118 2451 2173 allicientes
2485 2117 2606 2172 :sic
2648 2124 2701 2171 et
2739 2114 2952 2171 civitate
3001 2114 3089 2169 illa
3135 2113 3204 2170 de
3232 2113 3488 2169 extremis
3534 2112 3746 2182 pericli-

2162 2218 2339 2274 tante,
2371 2218 2426 2264 et
2466 2208 2675 2264 brutam
2720 2215 2962 2263 naturam
3009 2219 3166 2261 sacco
3207 2205 3658 2260 circumtexerunt
3690 2212 3746 2257 et

2156 2301 2344 2372 jejunii
2362 2301 2490 2372 jngo
2509 2299 2871 2369 subiecerunt.
2898 2295 3013 2351 Non
3037 2295 3162 2350 licet
3182 2295 3351 2350 brutis
3372 2308 3620 2349 sermone
3647 2292 3741 2347 Dei

2161 2396 2295 2451 iram
2332 2394 2573 2459 discere,
2599 2391 2808 2446 discant
2852 2389 3026 2455 fame,
3059 2387 3201 2458 quod
3235 2402 3265 2441 a
3322 2386 3433 2442 Deo
3482 2384 3747 2455 inlligatur

2163 2488 2312 2558 plaga
2347 2503 2361 2542 :
2393 2485 2591 2540 etenim
2621 2483 2667 2538 si
2691 2483 3011 2548 diruerctur,
3037 2479 3221 2550 inquit,
3246 2477 3455 2544 civitas,
3487 2492 3594 2531 non
3626 2487 3741 2529 tan-

2164 2588 2275 2633 tum
2312 2577 2478 2633 nostri
2515 2574 2921 2631 inhabitantium
2948 2614 2963 2638 ,
2989 2570 3085 2627 sed
3126 2578 3181 2626 et
3220 2569 3412 2625 horum
3460 2582 3565 2622 una
3604 2575 3747 2621 esset

2161 2669 2457 2726 communis
2484 2669 2773 2738 sepultura.
2805 2666 2933 2733 Quae
2964 2664 3123 2735 igitur
3146 2677 3317 2733 ptume
3356 2669 3558 2731 partem
3599 2658 3749 2712 habi-

2164 2772 2280 2818 tura
2309 2770 2467 2827 sunt,
2499 2776 2562 2815 ea
2586 2759 2773 2831 jejunii
2796 2771 3004 2828 quoque
3031 2765 3234 2825 partem
3260 2752 3492 2821 capiant.
3518 2750 3587 2805 Et
3605 2750 3746 2804 aliud

2163 2853 2413 2925 quiddam
2455 2861 2580 2907 tunc
2626 2850 2903 2915 fecerunt,
2932 2846 3072 2917 quod
3102 2853 3154 2901 et
3185 2842 3459 2915 propheta:
3500 2841 3698 2897 faciunt
3730 2858 3743 2893 :

2162 2945 2360 3001 etenim
2388 2943 2463 2998 illi
2489 2957 2609 2997 cum
2632 2940 2895 3011 ﬂagellum
2922 2937 3136 3009 aliquod
3167 2934 3494 2990 intolerabile
3513 2933 3580 2989 de
3604 2932 3748 2987 cmlis

2163 3036 2291 3092 ferri
2320 3035 2567 3100 viderint,
2593 3044 2750 3103 atque
2772 3031 3068 3102 puniendos
3095 3029 3209 3084 sine
3234 3026 3425 3083 ﬁducia
3450 3041 3590 3091 esse,
3613 3040 3747 3082 con-

2163 3130 2372 3185 fusione
2400 3128 2619 3199 plenos,
2652 3140 2824 3196 neque
2863 3124 3018 3180 venia
3059 3136 3232 3193 neque
3270 3119 3614 3175 excusatione
3639 3117 3745 3173 ulla

2163 3221 2371 3290 dignos,
2402 3234 2499 3273 nec
2523 3217 2753 3272 habeant
2778 3214 2905 3287 quid
2937 3215 3164 3279 faciant,
3194 3226 3292 3267 nec
3322 3210 3464 3265 unde
3492 3209 3749 3264 condem-

2163 3316 2302 3369 natis
2332 3313 2603 3385 praabeant
2632 3308 3007 3381 patrocinium,
3031 3306 3097 3361 ad
3136 3306 3291 3361 bruta
3317 3302 3664 3371 confugiunt,
3695 3308 3749 3356 et

2164 3404 2376 3460 illorum
2416 3411 2641 3456 mortem
2680 3398 3019 3468 deplorantes
3041 3438 3055 3460 ,
3080 3410 3146 3450 ex
3188 3393 3272 3449 his
3309 3391 3746 3463 supplicationem

2163 3495 2364 3551 faciunt
2384 3536 2399 3558 ,
2425 3491 2781 3549 miserabilem
2801 3498 2856 3545 et
2882 3491 3178 3545 luctuosam
3199 3487 3432 3556 ipsorum
3458 3483 3746 3556 perniciem

2165 3595 2543 3658 proponentes.
2573 3584 2707 3639 Cum
2735 3582 2892 3653 igitur
2912 3580 3080 3637 fames
3108 3581 3234 3635 olim
3255 3577 3469 3633 Judteos
3495 3590 3743 3645 compre-

2166 3681 2433 3737 hendisset
2463 3721 2478 3745 ,
2510 3688 2564 3734 et
2592 3679 2753 3733 multa
2796 3676 3066 3746 regionem
3112 3672 3323 3729 siccitas
3364 3679 3667 3742 premeret,
3693 3678 3750 3725 et

2163 3776 2343 3830 omnia
2379 3779 2820 3829 consumerentur
2849 3787 2861 3823 :
2892 3782 3028 3822 unus
3072 3764 3451 3836 prophetarum
3494 3762 3702 3817 dicebat
3730 3778 3745 3814 :

2166 3868 2473 3923 Resilierunt
2509 3867 2743 3936 juvenem
2781 3861 2921 3930 apud
2961 3859 3208 3929 prwsepia
3234 3873 3360 3920 sua,
3390 3856 3633 3926 ﬂeverunt
3660 3869 3749 3906 ar-

2166 3970 2334 4015 menta
2360 3960 2529 4020 boum,
2551 3958 2786 4027 quoniam
2804 3970 2903 4008 non
2929 3960 3070 4006 erant
3089 3966 3277 4021 pascua
3294 3966 3312 4003 :
3329 3948 3499 4003 omnia
3516 3948 3750 4018 jumenm

2166 4064 2313 4108 terra
2338 4058 2659 4121 respexerunt
2703 4050 2771 4102 ad
2812 4057 2886 4109 te,
2914 4045 3151 4117 quoniam
3180 4044 3440 4097 exsiccata:
3460 4050 3579 4094 sunt
3603 4040 3745 4093 emis-

2168 4147 2331 4201 siones
2359 4160 2605 4215 aquarum
2632 4141 2788 4212 (Joel.
2828 4141 2881 4194 ι.
2908 4137 3034 4210 17);
3064 4138 3201 4191 alter
3241 4150 3306 4191 ex
3346 4134 3585 4188 siccitate
3626 4140 3749 4185 nata

2168 4239 2305 4294 mala
2338 4240 2558 4309 lugens,
2588 4249 2799 4290 rursum
2843 4232 2922 4287 sic
2965 4230 3073 4285 fere
3117 4228 3285 4284 dicit:
3319 4226 3489 4281 Cerva:
3528 4225 3580 4277 in
3625 4239 3749 4293 agro

2170 4341 2469 4407 pepererunt
2506 4342 2552 4387 et
2587 4329 2959 4400 dereliquerunt
2984 4366 2999 4391 ,
3031 4321 3270 4394 quoniam
3302 4337 3403 4375 non
3443 4326 3550 4373 erat
3566 4316 3749 4407 herba;

2182 4403 2367 4489 onagri
2387 4420 2434 4472 in
2456 4417 2678 4471 saltibus
2695 4414 3060 4474 substiterunt,
3080 4414 3413 4465 attraxerant
3436 4414 3641 4459 ventum
3664 4403 3739 4455 si-

2185 4522 2274 4565 cut
2295 4512 2476 4564 draco:
2494 4508 2790 4579 defecerttnt
2808 4508 3044 4578 ipsorum
3059 4500 3218 4565 oculi,
3236 4497 3485 4569 quoniam
3505 4515 3606 4551 non
3626 4508 3741 4554 erat

2186 4604 2379 4672 [mnum
2397 4600 2628 4669 (λαμ.
2655 4599 2730 4669 5).
2756 4599 3043 4667 Propterea
3069 4606 3122 4649 et
3147 4594 3308 4647 hodie
3334 4591 3451 4645 Joel
3474 4590 3745 4645 dicentem

2186 4692 2435 4747 audistis:
2458 4691 2777 4762 Egrediatur
2795 4703 3015 4757 sponsus
3036 4701 3064 4738 e
3086 4682 3506 4744 cubiculosuo,et
3522 4696 3709 4749 sponso
3724 4695 3749 4731 e

2189 4781 2422 4835 thalamo
2432 4787 2859 4849 suo,congrcgate
2876 4775 3104 4843 infantes
3119 4781 3357 4842 sugentes
3371 4770 3528 4822 ubera
3546 4767 3682 4835 (Joel
3694 4766 3750 4819 Ξ.

2190 4871 2421 4942 16),Qua
2432 4873 2498 4927 de
2512 4869 2792 4936 causa,dic
2804 4866 3307 4929 mihi,immaturam
3323 4870 3529 4914 aetatem
3546 4859 3609 4912 ad
3625 4873 3755 4924 sup-

2171 4974 2512 5048 plicationem
2538 4965 2725 5022 vocat?
2748 4962 2935 5017 Nonne
2966 4962 3170 5011 certum
3198 4957 3281 5006 est
3319 4943 3459 5016 quod
3486 4943 3502 4973 ¹
3537 4945 3757 5039 propter

2173 5039 2421 5124 eamdem
2462 5062 2632 5131 ipsam
2674 5050 2926 5112 causam?
2954 5045 3214 5117 Quoniam
3256 5039 3407 5132 enini
3441 5043 3757 5132 omnesnvtrt

2174 5120 2331 5218 aetate
2358 5120 2575 5229 perfecti
2598 5146 3047 5208 exacerbavernnt
3063 5138 3251 5196 Deum,
3266 5141 3320 5186 et
3345 5126 3409 5183 ad
3435 5120 3758 5229 iracundiam

2175 5218 2595 5311 concitaverunt,
2620 5241 2792 5305 )Etas,
2816 5233 3006 5306 inquit,
3036 5236 3373 5313 peccatorum
3398 5230 3592 5313 expers
3621 5218 3761 5313 irato

2176 5308 2457 5415 supplicet.
2618 5343 2677 5389 ut
2690 5329 2952 5392 dicebant,
2979 5322 3254 5415 videamus
3274 5312 3398 5386 quid
3424 5308 3636 5414 tandem
3652 5308 3759 5415 sit,

2178 5402 2318 5510 quod
2348 5429 2703 5490 inevitabilem
2730 5425 2873 5481 illam
2904 5420 3035 5476 iram
3061 5411 3323 5510 solverit:
3350 5421 3475 5510 num
3500 5402 3757 5510 jejupiunt

2179 5496 2351 5585 solum
2378 5534 2430 5580 et
2454 5519 2675 5579 saccus?
2692 5516 3056 5584 Nequaquam,
3076 5503 3169 5560 sed
3200 5500 3359 5556 totius
3374 5496 3495 5549 vitm
3517 5496 3769 5585 mutatio-

2180 5578 2350 5680 iltit‘le—
2505 5578 2846 5669 manifestum
2864 5578 2996 5658 εἈι»
3037 5596 3165 5668 ipsis
3205 5586 3528 5664 propheticis
3563 5578 3769 5635 verbis.

2249 5762 2263 5793 ¹
2302 5766 2441 5808 Juxta
2459 5751 2679 5804 Sat-ilium
2695 5745 2960 5799 addidimus
2984 5754 2996 5790 :
3020 5747 3176 5791 Nonne
3193 5736 3378 5784 certum
3400 5733 3468 5777 est
3491 5720 3637 5787 qturd.
