4072 6384
455 351 529 406 8‘5
1128 387 1138 395 -
1232 347 1292 404 S.
1330 344 1614 416 JOANNlS
1653 344 2112 422 CHRYSOSTOM

2215 340 2512 402 LBCHIEP.
2549 341 3100 427 CONSTANTINQP.
3827 337 3900 396 α

456 461 563 520 Καὶ
600 457 724 516 εἶδε
765 462 838 517 τὰ
865 462 1010 534 ἔργα
1035 459 1235 517 αὐτῶν
1255 464 1289 516 ὀ
1318 462 1480 526 Θεός.
1501 461 1680 532 Ἔργα
1704 463 1864 527 nota;
1891 462 1971 515 ὃτι
1999 461 2123 530 ἐνή-

455 566 718 616 στευσανς
739 551 818 604 δτι
843 551 1047 605 σάκκον
1078 549 1496 621 περιεϐάλοντο;
1549 549 1716 602 υίρδὲν
1744 547 1968 611 τούτων,
1986 545 2123 600 ἀλλά

449 639 632 716 πάντα
699 639 873 694 ταῦτα
918 641 1148 709 σιγήσας
1200 638 1480 709 ἐπήγαγεν
1502 654 1514 666 ·
1566 639 1684 691 Ὅτι
1739 636 2124 704 ἀπέστρεψεν

445 724 706 794 ἕκαστος
735 727 856 782 ἀπὸ
894 724 1013 780 τῶν
1058 725 1215 781 ὁδῶν
1262 725 1454 781 αὐτοῦ
1499 724 1619 779 τῶν
1664 722 1974 792 πονηρῶν,
2023 724 2122 778 καί

444 811 813 886 μετενόησεν
837 814 936 870 αἰπί
966 815 1045 884 τῇ
1074 816 1250 883 κακίᾳ
1277 811 1318 887 ᾖ
1343 816 1609 884 ἐλὰλησε
1637 813 1887 882 ποιῆσαι
1920 812 2126 879 αὐτοῖς

445 902 482 954 δ
513 903 746 970 Κύριος.
781 903 942 974 Ὁρᾷς
969 904 1052 957 ὅτι
1081 904 1178 973 οὐχ
1206 905 1240 975 ἡ
1268 903 1492 973 νηστεία
1523 901 1798 972 ἐξήρπασε
1825 899 1921 954 τοῦ
1941 899 2107 953 κινδύ·

445 1000 563 1050 νου,
586 988 698 1041 ἀλλ’
725 991 758 1060 ἡ
791 990 1062 1062 μεταϐολὴ
1094 990 1187 1043 τοῦ
1220 990 1338 1060 βίου
1368 993 1457 1044 τὸν
1478 991 1608 1044 Θεὸν
1636 989 1966 1060 κατέστησεν
1998 987 2124 1042 ίλεω

445 1076 562 1137 τοῖς
591 1075 887 1146 βαρϐάροις
915 1077 1010 1130 καὶ
1038 1077 1242 1149 εὐμενῆ
1266 1095 1280 1144 ἱ

517 1161 704 1216 Ταῦτα
736 1161 908 1221 εἷπον.
945 1166 1042 1235 οὐχ
1072 1165 1156 1219 ἵνα
1185 1166 1439 1237 νηστείαν
1481 1165 1858 1236 ἀτιμάζωμεν,
1893 1161 2006 1218 ἀλλ’
2035 1163 2122 1217 ἵνα

443 1237 696 1323 νηστείαν
723 1252 866 1323 τιμῶ
878 1269 977 1323 μεν
994 1269 1008 1284 ·
1033 1253 1169 1324 τιμὴ
1191 1253 1299 1324 γὰρ
1323 1254 1598 1324 νηστείας,
1639 1253 1756 1322 οὐχὶ
1780 1251 1965 1305 σιτίων
1992 1251 2123 1305 ἀπο-

445 1337 537 1407 χὴ,
562 1335 676 1390 ἀλλ’
699 1337 1110 1409 ἁμαρτημάτων
1131 1339 1500 1412 ἀναχώρησις,
1525 1339 1600 1402 ώς
1624 1339 1651 1392 ὃ
1672 1355 1734 1407 γε
1760 1341 1824 1409 τῇ
1847 1337 1954 1390 τῶν
1981 1336 2121 1408 βρωα

447 1424 634 1494 μάτων
663 1426 842 1497 ἀποχῇ
886 1425 1045 1496 μόνον
1075 1428 1274 1499 ὁρίζων
1302 1428 1400 1499 τὴν
1429 1427 1708 1498 νηστείαν,
1735 1420 1890 1490 οὗτός
1917 1429 2064 1480 ἐστιν
2090 1427 2119 1478 ό

447 1511 684 1583 μάλιστα
708 1513 992 1586 ἀτιμάζων
1019 1516 1209 1582 αὐτήν.
1234 1516 1564 1588 Νηστεύεις;
1590 1513 1762 1582 δεῖξόν
1783 1532 1873 1586 μοι
1896 1515 1981 1568 διὰ
2009 1513 2117 1568 τῶν

443 1598 620 1670 ἔργων
650 1600 851 1656 αὐτῶν.
885 1602 1060 1656 Ποίων
1089 1603 1283 1675 ἔργων,
1322 1604 1521 1676 φησίν;
1562 1603 1688 1657 Ἐὰν
1729 1603 1845 1676 ἴδῃς
1885 1601 2114 1670 πένητα,

444 1686 699 1758 ἐλέησον·
763 1689 858 1743 ἐάν
927 1689 1040 1762 ἴδῃς
1093 1691 1320 1762 ἐχθρὸν,
1381 1690 1755 1762 καταλλάγηθι
1785 1707 1802 1722 ·
1856 1691 1952 1745 ἐὰν
2002 1688 2117 1760 ἴδῃς

442 1773 596 1840 φίλον
643 1773 1070 1846 εὐδοκιμοῦντα,
1107 1779 1184 1848 μὴ
1229 1779 1542 1852 βασκήνῃς·
1584 1778 1680 1832 ἐὰν
1724 1778 1841 1850 ἴδῃς
1879 1779 2116 1847 γυναῖκα

443 1861 735 1934 εὔμορφον,
773 1863 1068 1937 ὑπέρϐηθι·
1093 1867 1182 1937 Μὴ
1211 1867 1320 1939 γάρ
1355 1867 1418 1939 δὴ
1446 1867 1622 1938 στόμα
1659 1867 1969 1938 νηστευέτω
2007 1865 2114 1937 ’μὸ-

440 1967 564 2014 νον,
616 1949 752 2004 ἀλλά
794 1951 891 2004 καὶ
923 1953 1236 2024 ὀφθαλμὸς,
1287 1955 1383 2008 καὶ
1425 1955 1598 2026 ἀκοὴ,
1643 1955 1738 2009 καὶ
1787 1953 1980 2018 πόδες,
2019 1953 2114 2006 καὶ

439 2047 646 2108 χεῖρες,
679 2039 774 2093 καὶ
797 2038 976 2094 πάντα
997 2042 1066 2094 τά
1091 2041 1186 2095 τοῦ
1211 2041 1462 2113 σώματος
1485 2043 1646 2114 ⁴ἡμῶν
1669 2042 1804 2115 μέλη
1822 2056 1836 2070 ο
1859 2040 2114 2112 νηστευέ-

438 2140 620 2177 τωσαν
653 2127 854 2197 χεῖρες,
906 2129 1163 2200 ἁρπαγῆς
1193 2131 1286 2183 καὶ
1320 2129 1631 2196 πλεονεξίας
1681 2128 2108 2201 καθαρεύουσαν

437 2212 848 2280 νηστευέτωσαν
897 2217 1090 2280 πόδες,
1140 2216 1356 2288 δρόμων
1401 2217 1512 2270 τῶν
1558 2217 1652 2270 ἐπὶ
1705 2217 1775 2272 τὰ
1822 2217 2114 2286 παράνομα

439 2297 643 2370 θέατρα
675 2301 1070 2369 ἀφιστάμενοι·
1107 2305 1516 2374 νηστευέτωσαν
1548 2303 1839 2375 ὀφθαλμοὶ,
1864 2302 2112 2357 παιδευό-

441 2398 592 2455 μενοι
621 2387 894 2458 μηδέποτε
923 2389 1108 2458 ὄψεσιν
1140 2391 1437 2461 εὐμόρφοις
1465 2391 1755 2460 ἐπιπηδᾷν,
1789 2390 1925 2461 μηδὲ
1954 2389 2113 2443 ἀλλόο

434 2488 562 2542 τρια
585 2475 1044 2545 περιεργάζεσθαι
1075 2476 1267 2548 κάλλη.
1293 2477 1477 2549 Τροφὴ
1493 2477 1602 2550 γάρ
1627 2477 1942 2548 ὀφθαλμῶν,
1976 2475 2118 2537 θεων

441 2558 559 2630 ρία’
592 2558 726 2614 ἀλλά
751 2562 820 2615 ἀν
849 2562 946 2631 μέν
973 2563 1292 2634 παράνομος
1383 2565 1478 2618 καὶ
1511 2563 1888 2635 κεκωλυμένη,
1917 2562 2113 2633 λυμαί-

440 2659 588 2699 νεται
637 2649 703 2717 τῇ
755 2648 978 2720 νηστείᾳ
1000 2661 1049 2713 ι,
1105 2651 1201 2703 καὶ
1245 2653 1426 2704 πᾶσαν
1453 2651 1749 2722 ἀνατρέπει
1779 2651 1888 2722 ’τῆς
1932 2650 2112 2720 ψυχῆς

433 2731 532 2802 τὴν
565 2734 838 2806 σωτηρίαν
859 2751 873 2766 ·
910 2735 974 2790 ἄν
1016 2736 1074 2790 δέ
1113 2736 1334 2808 ἔννομος
1364 2740 1458 2792 καὶ
1488 2738 1752 2810 ἀσφαλὴς,
1789 2741 1982 2809 κοσμεί
2013 2739 2111 2808 τὴν

437 2812 707 2891 νηστείαν.
736 2823 845 2876 Καὶ
865 2823 973 2895 γὰρ
995 2823 1102 2878 τῶν
1119 2826 1484 2880 ἀτοπωτάτων
1508 2826 1572 2881 ἂν
1595 2827 1703 2897 εἴη,
1732 2828 1824 2879 ἐπὶ
1852 2828 1948 2897 μὲν
1978 2825 2113 2896 βρω·

439 2905 624 2975 μάτων
653 2908 871 2979 καὶτῆς
907 2913 1402 2984 συγκεχωρημένης
1434 2914 1762 2982 ἀφίστασθαι
1787 2915 1992 2987 τροφῆς
2021 2913 2111 2967 διὰ

433 2992 533 3064 τὴν
559 2995 837 3064 νηστείαν.
855 2998 948 3051 ἐπὶ
965 2997 1022 3052 δέ
1041 2998 1151 3051 τῶν
1175 2998 1470 3071 ὀφθαλμῶν
1493 3001 1700 3071 καὶτῆς
1725 3000 2112 3072 κεκωλυμένης

435 3079 726 3137 ἅπτεσθαι.
762 3082 873 3156 [42]
902 3085 1016 3140 Οὐκ
1047 3087 1248 3152 ἐσθίεις
1280 3089 1454 3160 κρέα;
1495 3089 1570 3161 μὴ
1610 3091 1789 3162 φάγῃς
1817 3089 2112 3145 ἀκολασίαν

438 3165 525 3219 διά
570 3168 677 3224 τῶν
717 3170 1033 3244 ὀφθαλμῶν.
1072 3175 1400 3247 Νηστευέτω
1436 3179 1530 3232 καὶ
1579 3179 1747 3249 ἀκοή·
1797 3181 2017 3249 νηστεία
2051 3180 2109 3234 δέ

435 3251 606 3324 ἀκοῆς
641 3256 715 3328 μὴ
763 3257 1014 3330 δέχεσθαι
1051 3264 1388 3334 κακηγορίας
1434 3266 1527 3318 καὶ
1575 3265 1862 3330 διαϐολάς·
1903 3267 2112 3336 Ἀκοὴν

436 3340 544 3412 γὰρ
571 3345 834 3410 ματαίαν
861 3345 948 3416 μὴ
984 3349 1316 3418 παραδέξῃ.
1354 3352 1509 3422 φησί.
1776 3361 1787 3375 ’

505 3428 831 3498 Νηστευέτω
855 3435 950 3488 καὶ
984 3437 1159 3506 στόμα
1186 3438 1295 3490 ἀπὸ
1325 3439 1589 3508 ῥημάτων
1614 3440 1854 3509 αἰσχρῶν
1883 3440 1976 3495 καὶ
2003 3441 2112 3494 λοι-

431 3513 634 3588 δορίας.
658 3520 722 3573 Τί
742 3521 851 3593 γὰρ
875 3523 1067 3592 ὄφελος
1095 3526 1223 3580 ὃταν
1249 3528 1347 3598 μὲν
1370 3525 1603 3599 ’ὀρνίθων
1627 3531 1722 3583 καὶ
1778 3530 1974 3601 ἰχθύων
2002 3532 2110 3585 ἀπ-

435 3603 708 3672 ἐχώμεθα,
723 3609 850 3672 τούς
881 3609 939 3663 δὲ
969 3611 1235 3676 ἀδελφοὺς
1264 3613 1550 3685 δάκνωμεν
1575 3617 1668 3670 καὶ
1699 3618 2107 3688 κατεσθίωμεν;

446 3689 504 3741 Ὀ
535 3693 861 3762 κακηγορῶν
892 3695 1152 3765 ἀδελφικά
1201 3699 1337 3770 κρέα
1368 3699 1592 3770 ἔφαγεν,
1621 3704 1720 3774 τὴν
1755 3706 1934 3775 σάρκα
1958 3707 1996 3772 ι).
2015 3705 2108 3759 τοῦ

435 3775 662 3845 πλησίον
691 3778 868 3835 ἔδακε.
889 3782 988 3835 Διά
1005 3783 1164 3837 τοῦτο
1186 3787 1279 3838 καὶ
1298 3787 1506 3851 Παῦλος
1532 3789 1797 3860 ἐφόϐησεν
1822 3791 1990 3845 εἰπών
2013 3809 2024 3821 ·
2041 3795 2110 3847 El

438 3861 508 3915 δὲ
535 3865 854 3934 ἀλλήλους
879 3868 1129 3926 δάκνετε
1168 3875 1267 3926 καί
1307 3877 1681 3941 κατεσθίετε,
1721 3879 1985 3943 βλέπετε
2017 3880 2107 3950 μὴ

436 3950 555 4038 ὐπὸ
582 3952 874 4022 αλλήλων
893 3956 1260 4029 ἀναλωθῆτε.
1280 3964 1394 4016 Οὐκ
1416 3963 1684 4034 ἐνέτι-ηξας
1705 3969 1771 4037 τῇ
1802 3969 1963 4038 σαρκὶ
1985 3971 2110 4033 τοὺς

436 4035 674 4127 ὀδόντας,
713 4039 828 4094 ἀλλ’
863 4044 1131 4116 ἐνέπηξας
1174 4051 1239 4121 τῇ
1290 4049 1434 4121 ψυχῇ
1475 4051 1574 4122 τὴν
1611 4035 1978 4126 κακηγορίαν,
2011 4055 2108 4127 τὴν

438 4126 683 4196 πονηρὰν
719 4128 985 4202 ὑπόληψιν
1023 4133 1286 4205 ἐτρωσας,
1323 4138 1490 4208 μυρία
1535 4141 1778 4212 εἰργάσω
1817 4144 1963 4197 κακά
2016 4126 2110 4198 καὶ

437 4215 636 4303 σαυτὸν
675 4218 770 4272 καὶ
811 4220 1014 4277 ἐκεῖνον
1048 4224 1142 4277 καὶ
1175 4225 1393 4297 ἐτέρους
1429 4225 1680 4293 πλείονας
1701 4245 1716 4260 ·
1753 4232 1846 4284 καί
1871 4232 1978 4303 γάρ
2015 4233 2108 4286 τὸν

435 4300 743 4359 ἀκούσαντα
764 4307 984 4379 χείρονα
1009 4312 1269 4382 εἰργάσω,
1296 4312 1596 4368 διαϐάλλων
1615 4316 1706 4369 τὸν
1737 4300 1982 4387 πλησίον.
2006 4321 2106 4373 "Av

433 4405 494 4442 τε
520 4390 627 4462 γὰρ
654 4392 1044 4467 ἀμαρτωλδςῇ,
1072 4398 1313 4470 ῥᾴθυμος
1340 4412 1362 4440 ε
1393 4401 1620 4470 γίνεται,
1649 4405 1903 4458 κοινωνὸν
1933 4405 2108 4476 εὐρὼν

436 4477 537 4558 τῆς
565 4480 838 4552 ἁμαρτίας
855 4498 869 4512 ·
895 4482 959 4538 ἀν
979 4501 1041 4537 τε
1067 4485 1274 4550 δίκαιος
1295 4483 1353 4560 ᾖ,
1375 4490 1454 4552 εἰς
1479 4488 1736 4543 ἀπόνοιαν
1758 4491 1990 4561 αίρεται,
2013 4494 2108 4546 καὶ

438 4567 677 4633 φυσᾶται
706 4569 772 4622 ἐκ
806 4569 906 4640 τῆς
938 4571 1140 4643 ἐτέρων
1168 4573 1464 4645 ἁμαρτίας,
1499 4576 1709 4645 μεγάλα
1738 4578 1866 4648 περὶ
1909 4577 2104 4631 ἐαυτοῦ

439 4651 808 4719 φαντάζεσθαι
840 4657 1236 4729 προαγόμενος.
1266 4660 1422 4714 Μετά
1453 4661 1659 4717 τούτων
1691 4663 1753 4716 τὸ
1796 4665 1971 4718 κοινὸν
2005 4665 2108 4736 τῆς

450 4742 776 4815 Ἑκκλησίας
815 4745 1084 4818 ἔϐλαψας·
1121 4751 1180 4803 οὐ
1217 4751 1326 4822 γάρ
1363 4751 1428 4823 δὴ
1469 4752 1562 4806 τὸν
1603 4755 1962 4826 ἡμαρτηκότα
1991 4756 2107 4809 δια-

436 4829 735 4916 ϐάλλουσιν
776 4833 1017 4900 ἅπαντες
1058 4838 1109 4890 οἰ
1146 4839 1468 4906 ἀκούοντες,
1517 4841 1654 4895 ἀλλά
1702 4842 1770 4896 τὰ
1806 4843 1982 4915 ὀνείδη
2030 4843 2108 4916 τῷ

436 4913 778 4982 Χριστιανῶν
815 4915 958 4973 ἔθνει
992 4917 1020 4958 ἀ
1054 4923 1482 4992 προστρίϐεται·
1518 4925 1638 4978 οὐδὲ
1685 4925 1828 4979 ἐστιν
1873 4913 2107 4981 ἀκοῦσαι

437 4995 680 5048 ἀπίστων
707 4996 992 5067 λεγόντων,
1034 5001 1116 5056 ὅτι
1148 5005 1177 5056 ό
1213 5003 1361 5057 δεῖνα
1401 5005 1598 5076 πόρνος
1628 5008 1744 5059 ἐστὶ
1775 5008 1866 5060 καὶ
1905 5010 2106 5062 ἀκόλα-

438 5093 584 5160 στος.
615 5076 731 5131 ἀλλ’
758 5081 878 5135 ἀντί
902 5083 994 5136 τοῦ
1024 5083 1571 5157 πεπλημμεληκότος,
1597 5091 1722 5153 τούς
1754 5092 2108 5160 Χριστιανοὺς

437 5159 682 5244 ἀπαντας
713 5161 1076 5221 διαϐάλλουσι.
1108 5168 1253 5238 Πρὸς
1280 5169 1488 5234 τούτοις
1515 5171 1609 5224 τοῦ
1652 5171 1788 5224 Θεοῦ
1807 5159 1919 5244 τὴν
1952 5173 2109 5240 δόξαν

437 5241 874 5327 βλασφημεῖσθαι
914 5250 1336 5320 παρεσκεύασας
1356 5269 1370 5283 ·
1397 5251 1585 5324 ὥσπερ
1615 5255 1724 5326 γὰρ
1757 5241 2107 5327 εὐδοκιμούν-

433 5326 731 5413 των-ὴμῶν
757 5328 820 5413 τὸ
851 5328 1025 5402 δνομα
1063 5331 1158 5384 τοῦ
1198 5333 1332 5386 Θεοῦ
1371 5334 1675 5402 δοξάζεται,
1718 5337 1889 5404 οὕτως
1924 5326 2107 5413 ἀμαρ-
2140 5327 2144 5338 ’

433 5408 705 5493 τανόντων
751 5410 1152 5486 βλασφημεῖται
1195 5417 1290 5470 καὶ
1319 5416 1620 5489 ὑϐρίζεται.
1669 5408 1976 5493 Τέταρτον,
2016 5408 2109 5478 τόν

434 5488 622 5578 κακῶς
680 5491 990 5552 ἀκούσαντα
1043 5488 1420 5570 κατῄσχυνας,
1481 5502 1577 5556 καὶ
1626 5488 2108 5578 ἀναισχυντότερον

434 5571 610 5645 ταύτῃ
632 5577 953 5649 πεποίηκας,
973 5580 1168 5654 ἐχθρὸν
1193 5583 1287 5636 καὶ
1303 5583 1557 5655 πολέμιον
1574 5571 1941 5660 καταστησας.
1959 5571 2108 5662 Πέμ-

501 5696 526 5761 _'
553 5695 678 5761 Tpﬁes
698 5712 816 5750 mss.
851 5704 937 5760 τὴν
955 5705 1190 5761 νηστείαν,

499 5753 528 5832 [ι
547 5757 825 5832 -ᾼΙὶίλτήν-δὲ
848 5753 1022 5832 σάρκα·2
1043 5766 1127 5832 1111μὶ
1152 5770 1236 5824 τήν
1258 5767 1346 5831 γὰρ
1379 5768 1551 5832 σάρκα.

497 5818 524 5891 ξ
547 5819 697 5891 δεινὶιε
723 5829 776 5870 ει
799 5818 1270 5891 υηυέᾼρᾳθυμότεροςξ

441 5875 859 5992 ἰθῐξοιεὶἓοξξεριε
905 5875 1074 5938 \i'siam'
1112 5875 1189 5942 esi
1230 5875 1338 5940 ἑυιη
1386 5892 1583 5956 Savilio,
1626 5906 1715 5959 pro
1747 5896 1876 5962 vulg.
1917 5897 1970 5948 τὸ
2007 5901 2096 5965 Χρ.

439 5957 576 5995 ωνος.
612 5957 746 5994 ινιτ.

2234 477 2388 526 πτον,
2409 460 2600 515 ἑαυτὸν
2623 460 2920 515 ὐπεύθυνον
2946 460 3164 515 κολάσει
3191 458 3283 512 καὶ
3310 455 3549 530 τιμωρία
3575 457 3896 527 πεποίηκας,

2229 547 2534 619 πράγματα
2565 548 2636 602 τά
2663 549 2828 621 μηδὲν
2857 548 3038 620 σαυτῴ
3066 550 3409 620 προσήκοντα
3434 548 3652 613 πλέξας.
3677 548 3767 615 Μὴ
3789 545 3898 615 γάρ

2231 653 2321 707 μοι
2351 637 2510 690 τοῦτο
2533 636 2740 705 λεγέτω
2767 655 2872 701 τις,
2891 637 2973 690 ὅτι
2997 637 3118 690 τότε
3143 634 3456 708 κακηγορῶ,
3487 633 3704 686 ἐπειδὰν
3729 631 3897 703 ψευδῆ

2225 723 2392 776 είπω·
2433 724 2528 778 ἐὰν
2569 724 2626 777 δέ
2680 723 2952 795 ἀληθεύω,
3006 724 3210 778 οὐκέτι.
3254 721 3372 777 Κᾶν
3419 720 3697 792 ἀληθεύων
3738 721 3901 790 εἴπῃς

2224 812 2431 875 κακῶς,
2459 811 2732 866 καὶτοῦτο
2759 812 2927 883 ἐγκλη
2935 830 3011 884 μα
3029 828 3044 843 ·
3073 813 3164 867 καί
3192 812 3302 884 γὰρ
3325 813 3355 865 6
3381 813 3674 883 Φαρισαῖος
3695 810 3900 872 ἐκεῖνος

2220 899 2311 950 τὸν
2332 898 2568 971 τελώνην
2609 897 2731 954 εἷπε
2767 899 2956 964 κακῶς
2987 900 3284 972 ἀληθεύων,
3317 901 3428 956 ἀλλ’
3452 901 3600 970 ὅμως
3633 899 3784 952 οὐδὲν
3802 897 3900 950 αὐ-

2222 983 2316 1036 τοῦ
2345 983 2503 1038 τοῦτο
2528 987 2788 1060 προέστη.
2813 988 2948 1041 Εἰπέ
2973 988 3083 1060 γάρ
3115 1006 3226 1058 μοι,
3249 987 3488 1057 τελώνης
3512 982 3580 1056 ἧν
3608 987 3637 1040 6
3662 983 3900 1053 τελώνης

2222 1071 2316 1122 καὶ
2339 1071 2372 1122 ἀ
2379 1089 2451 1140 μα
2459 1072 2692 1143 ρτωλός;
2714 1073 2882 1130 Παντί
2903 1090 3006 1127 που
3031 1073 3190 1144 δῆλον
3212 1075 3294 1127 ὅτι
3319 1071 3555 1141 τελώνης
3573 1088 3586 1101 ·
3609 1070 3726 1125 ἀλλ’
3749 1071 3900 1142 ὅμως

2221 1157 2406 1230 ἐπειδὴ
2458 1159 2621 1212 αὐτὸν
2665 1160 2921 1214 ἐκάκισεν
2962 1160 2992 1212 6
3025 1162 3348 1232 Φαρισαῖος.
3393 1159 3632 1230 ἀπῆλθεν
3683 1158 3900 1212 ἅπαντα

2221 1243 2512 1310 ἀπολέσας.
2564 1245 2750 1300 Βούλει
2790 1246 3082 1317 διορθῶσαι
3119 1247 3214 1300 τὸν
3263 1247 3534 1316 ἀδελφόν;
3604 1244 3896 1315 δάκρυσον,

2220 1327 2372 1396 εῦξαι
2421 1331 2500 1402 τῷ
2526 1331 2664 1404 Θεῷ,
2715 1336 2835 1386 κατ’
2875 1335 3009 1388 ἰδίαν
3040 1334 3221 1387 λαϐὼν
3262 1334 3613 1405 παραίνεσον,
3659 1331 3902 1402 συμϐού·

2220 1417 2429 1485 λευσον,
2458 1420 2861 1490 παρακάλεσον.
2884 1419 3042 1474 Οὕτω
3065 1421 3161 1476 καὶ
3184 1423 3212 1474 6
3227 1420 3436 1483 Παῦλος
3467 1419 3659 1472 ἐποίει·
3677 1417 3902 1484 Μήπως

2219 1505 2477 1559 ἐλθόντα
2501 1523 2599 1576 με,
2631 1508 2798 1579 φησὶ,
2831 1507 3172 1577 ταπεινώσῃ
3212 1510 3245 1563 ό
3275 1508 3443 1574 Θεὸς,
3478 1505 3576 1560 καί
3617 1505 3902 1570 πενθήσω

2219 1592 2486 1660 πολλοὺς
2515 1591 2634 1648 τῶν
2657 1597 3222 1665 προημαρτηκότων,
3249 1593 3348 1649 καί
3369 1593 3455 1665 μὴ
3480 1591 3900 1664 μετανοησάν-

2218 1695 2337 1733 των
2366 1679 2464 1733 ὲπί
2495 1679 2570 1750 τῇ
2602 1683 2958 1751 ἀκαθαρσίᾳ,
2993 1683 3091 1736 καί
3110 1683 3379 1752 πορνείᾳ,
3413 1681 3513 1735 καί
3542 1680 3826 1749 ἀσελγείᾳ
3857 1672 3900 1750 ᾖ

2216 1770 2506 1835 ἔπραξαν.
2539 1771 2720 1837 Δεῖξον
2746 1772 2969 1844 ἀγάπην
2999 1773 3128 1844 περί
3161 1773 3256 1826 τὸν
3282 1771 3641 1844 ἡμαρτηκότα
3661 1786 3675 1800 ο
3712 1771 3899 1822 πεῖσον

2217 1859 2376 1911 αὐτὸν
2409 1861 2492 1913 ὅτι
2535 1859 2836 1932 κηδόμενος
2877 1860 2972 1914 καὶ
3009 1859 3340 1933 φροντίζων,
3374 1861 3474 1912 οὐκ
3513 1855 3899 1928 ἐκπομπεῦσαι

2219 1944 2562 2017 βουλόμενος,
2591 1949 2721 2018 περί
2747 1959 2770 1987 ο
2801 1948 2901 2018 τῆς
2930 1948 3205 2020 ἁμαρτίας
3230 1947 3393 2002 αὐτὸν
3422 1946 3858 2018 ὑπομιμνήσκεις
3879 1958 3893 1971 ⁸

2215 2036 2455 2105 κάτασχε
2480 2036 2668 2101 πόδας,
2687 2037 3080 2108 καταφίλησον,
3100 2037 3175 2108 μὴ
3197 2035 3586 2107 ἐπαισχυνθῇς,
3609 2035 3660 2087 εἰ
3682 2050 3745 2101 γε
3768 2031 3900 2102 ἀλη-

2215 2123 2322 2187 θῶς
2353 2124 2634 2196 ἰατρεῦσαι
2667 2125 2865 2197 βούλει.
2890 2125 3078 2180 Ταῦτα
3112 2125 3208 2179 καὶ
3238 2125 3414 2196 ἰατροί
3451 2121 3663 2176 ποιοῦσι
3698 2120 3898 2173 πολλά-

2214 2229 2322 2276 κις·
2341 2213 2686 2284 δυσαρέστως
2701 2217 2808 2288 γὰρ
2823 2215 3046 2285 ἔχοντας
3059 2215 3186 2276 τοὺς
3203 2214 3516 2284 κάμνοντας
3537 2207 3898 2279 καταφιλοῦνη

2212 2315 2326 2364 τες,
2351 2300 2798 2372 παρακαλοῦντες
2829 2300 3310 2372 ἀναπείθουσιμὸ]
3345 2300 3610 2370 σωτήριον
3641 2294 3897 2360 δέξασθαι

2211 2388 2502 2459 φάρμακον
2517 2405 2531 2420 ·
2553 2388 2695 2442 οῦτω
2711 2390 2805 2444 καί
2823 2391 2888 2444 σὺ
2912 2390 3156 2460 ποίησον·
3173 2389 3252 2460 τῷ
3273 2389 3409 2459 ἰερεῖ
3433 2387 3604 2453 δεῖξον
3632 2384 3690 2438 τὸ
3716 2383 3893 2447 ἐλκος,

2211 2474 2369 2542 τοῦτό
2386 2477 2501 2528 ἐστι
2517 2476 2816 2546 κηδομένου
2827 2516 2840 2539 ,
2852 2476 3020 2544 τοῦτον
3030 2475 3403 2548 προνοοῦντος,
3417 2473 3575 2528 τοῦτο
3593 2468 3898 2544 φροντίζον-

2211 2578 2322 2626 τος.
2363 2563 2438 2616 Οὐ
2459 2565 2571 2626 τοῖς
2591 2564 2775 2627 κακῶς
2797 2564 2855 2617 δὲ
2887 2564 3047 2635 μόνον
3062 2564 3332 2633 λέγουσιν,
3346 2561 3484 2616 ἀλλά
3499 2561 3718 2622 καὶτοῖς
3733 2556 3898 2612 ἀκού-

2211 2666 2330 2703 ουσι
2351 2650 2536 2714 κακῶς
2561 2649 2886 2720 λεγομένους
2907 2651 3132 2721 ἐτέρους
3159 2648 3411 2722 παραινῶ
3439 2649 3538 2712 τὰς
3568 2647 3737 2710 ἀκοὰς
3761 2648 3897 2700 ἀπο·

2213 2738 2495 2809 φράττειν,
2519 2739 2613 2790 καὶ
2639 2738 2729 2791 τὸν
2753 2739 3041 2809 προφήτην
3073 2738 3358 2810 μιμεῖσθαι
3380 2737 3470 2791 τὸν
3490 2737 3716 2805 λέγοντα
3735 2751 3747 2764 ’
3784 2733 3896 2789 Τὸν

2212 2823 2672 2880 καταλαλοῦντα
2693 2825 2885 2892 λάθρα
2913 2825 3020 2878 τὸν
3043 2825 3312 2893 πλησίον
3331 2823 3539 2887 αὐτοῦ,
3562 2823 3775 2877 τοῦτον
3795 2819 3895 2885 ἐξ-

2211 2911 2477 2966 εδίωκον.
2509 2912 2643 2965 Εἰπὲ
2671 2912 2806 2984 πρὸς
2835 2912 2926 2965 τὸν
2961 2911 3213 2982 πλησίον·
3257 2912 3443 2982 Ἔχεις
3465 2909 3746 2964 ἐπαινέσαι
3771 2909 3896 2963 τινὰ

2222 2999 2320 3052 καὶ
2366 3000 2753 3071 ἐγκωμιάσαι;
2805 2999 3009 3068 ἀνοίγω
3053 2998 3154 3058 τὰς
3187 2997 3377 3063 ἀκοάς,
3420 2998 3508 3052 ἴνα
3549 2997 3788 3068 δὲξωμαι
3825 2995 3893 3050 τά

2216 3086 2364 3158 μύρα
2383 3105 2399 3119 ·
2421 3087 2488 3141 ἂν
2527 3087 2584 3141 δὲ
2625 3086 2812 3150 κακῶς
2843 3086 3034 3157 ἐθέλῃς
3067 3088 3262 3148 εἰπεῖν,
3298 3086 3630 3157 ἀποφράττω
3657 3085 3756 3156 τὴν
3781 3085 3894 3138 εῐσ-

2211 3173 2327 3226 οδον
2354 3176 2466 3237 τοῖς
2510 3175 2782 3245 ῥήμασιν·
2823 3175 2885 3226 οὐ
2934 3173 3044 3245 γὰρ
3095 3173 3358 3245 ἀνέχομαι
3401 3173 3603 3244 κόπρον
3637 3171 3733 3226 καὶ
3769 3172 3894 3242 βόρ-

2213 3261 2371 3331 ϐορον
2397 3261 2674 3332 δέχεσθαι.
2701 3262 2767 3315 Τί
2809 3278 2901 3332 μοι
2928 3261 2990 3314 τὸ
3014 3244 3215 3331 ἰκέρδός
3246 3262 3311 3314 ἐκ
3343 3259 3437 3313 τοῦ
3473 3259 3664 3330 μαθεῖν
3686 3259 3769 3312 ὅτι
3795 3277 3895 3313 που

2120 3370 2123 3372 ·
2211 3364 2274 3418 νη
2285 3347 2375 3416 ρὸς
2408 3350 2436 3400 ὀ
2467 3347 2649 3414 δεῖνα;
2689 3348 2947 3417 μέγιστον
2974 3347 3074 3418 μὲν
3103 3343 3198 3403 οὖν
3219 3347 3328 3402 ἀπὸ
3347 3346 3539 3401 τούτου
3565 3345 3761 3416 βλάϐος
3797 3346 3894 3402 καὶ

2213 3434 2414 3506 ἐσχάτη
2445 3434 2639 3505 ζημία.
2663 3435 2797 3488 Εἰπέ
2825 3435 2959 3506 πρὸς
2981 3434 3145 3489 αὐτόν
3167 3452 3180 3465 ·
3205 3433 3644 3508 Μεριμνήσωμεν
3665 3433 3735 3486 τὰ
3753 3433 3889 3504 ἡμέ-

2209 3537 2363 3590 τερα,
2393 3520 2512 3584 πῶς
2544 3520 2650 3574 τῶν
2686 3521 3243 3594 πεπλημμελημένων
3273 3523 3406 3593 ἡμῖν
3435 3519 3666 3584 εὐθύνας
3685 3520 3890 3592 δῶμεν,

2213 3607 2309 3660 καὶ
2354 3606 2453 3678 τὴν
2489 3609 2812 3680 περιεργίαν
2843 3609 3048 3679 ταύτην
3095 3609 3186 3662 καὶ
3225 3608 3325 3679 τὴν
3357 3607 3893 3679 πολυπραγμοσύνην

2212 3695 2292 3757 εἰς
2320 3693 2418 3764 τὴν
2452 3693 2597 3764 ζωὴν
2623 3695 2720 3766 τὴν
2745 3695 3022 3766 ἡμετέραν
3052 3695 3469 3767 ἐπιδειξώμεθα.
3497 3695 3664 3749 Ποίαν
3695 3693 3892 3766 ἕξομεν

2212 3781 2528 3850 ἀπολογίαν,
2553 3782 2676 3836 τίνα
2707 3782 3059 3854 συγγνώμην,
3086 3783 3214 3836 ὅταν
3239 3781 3309 3835 τὰ
3333 3782 3579 3854 ἡμέτερα
3621 3781 3720 3852 μὲν
3753 3782 3892 3853 μηδὲ

2211 3871 2291 3932 εἰς
2316 3869 2442 3922 νοῦν
2465 3869 2854 3941 λαμϐάνωμεν,
2886 3872 2954 3923 τά
2977 3870 3034 3922 δέ
3061 3869 3319 3940 ἀλλότρια
3339 3870 3481 3924 οὓτω
3504 3868 3893 3941 πολυπραγμο-

2211 3956 2389 4027 νῶμεν
2415 3973 2429 4022 ;
2459 3959 2568 4012 Καὶ
2602 3958 2793 4030 ῶσπερ
2821 3960 2901 4022 εἰς
2924 3959 3101 4012 οἰκίαν
3131 3958 3478 4031 παρακύψαι,
3519 3959 3612 4012 καί
3644 3961 3712 4012 τά
3741 3957 3891 4012 ἔνδον

2211 4046 2628 4115 κατασκοπῆσαι
2670 4045 2995 4117 ῐπαριόντα,
3031 4047 3255 4117 αἰσχρὸν
3277 4047 3370 4100 καὶ
3392 4045 3592 4116 πολλῆς
3626 4045 3892 4116 αἰσχύνης

2208 4133 2379 4202 γέμον
2394 4147 2407 4161 °
2437 4130 2582 4187 οὓτω
2605 4134 2698 4187 καὶ
2727 4134 2841 4204 βίον
2863 4133 3142 4206 ἀλλότριον
3165 4132 3643 4206 περιεργάζεσθαι,
3669 4133 3892 4188 ἀνελευ-

2218 4219 2410 4291 θερίας
2433 4222 2689 4292 ἐσχάτης.
2735 4223 2808 4276 Τὸ
2859 4223 2916 4276 δέ
2947 4223 3139 4277 τούτου
3193 4223 3748 4293 καταγελαστότερον,
3806 4222 3891 4277 ὅτι

2208 4308 2448 4361 τοιοῦτον
2470 4308 2686 4378 ἔχοντες
2714 4308 2847 4379 βίον,
2875 4311 2969 4364 καὶ
2987 4309 3096 4365 τῶν
3124 4311 3339 4364 οἰκείων
3359 4310 3705 4381 ἀμελοῦντες,
3737 4313 3890 4364 ἐπει-

2209 4393 2305 4446 δὰν
2333 4396 2528 4450 εἴπωσί
2561 4413 2614 4449 τι
2646 4396 2754 4452 τῶν
2783 4398 3130 4469 ἀπορρήτων,
3175 4397 3556 4470 παρακαλοῦσι
3591 4398 3684 4452 τὸν
3722 4397 3891 4452 ἀκού-

2211 4495 2399 4543 σαντα,
2429 4483 2522 4534 καὶ
2543 4481 2765 4554 ὁρκοῦσι
2798 4483 2988 4554 μηδενὶ
3020 4483 3204 4538 λοιπὸν
3233 4487 3410 4539 εἰπεῖν
3441 4486 3632 4557 ἑτέρῳ,
3661 4484 3891 4540 αὐτόθεν

2207 4566 2493 4637 δηλοῦντες
2525 4570 2607 4622 ὅτι
2651 4571 2888 4641 ’πρᾶγμα
2920 4570 3070 4636 ἀξιον
3104 4573 3438 4644 κατηγορίας
3487 4572 3768 4644 ἐποίησαν.
3826 4573 3890 4626 Εἰ

2209 4657 2318 4728 γάρ
2345 4660 2550 4710 ἐκεῖνον
2601 4658 2794 4728 μηδενὶ
2843 4659 3016 4711 εἰπεῖν
3067 4658 3240 4730 ἐτέρῳ
3271 4661 3648 4732 παρακαλεῖς,
3705 4659 3891 4732 πολλῷ

2213 4742 2411 4812 μᾶλλον
2432 4744 2491 4796 σὲ
2513 4745 2778 4816 πρότερον
2802 4745 2977 4815 τούτῳ
3003 4744 3179 4800 ταῦτα
3207 4748 3381 4800 εἰπεῖν
3407 4747 3506 4800 οὐκ
3522 4748 3711 4818 ἐχρῆν.
3740 4749 3892 4807 Κατ-

2209 4831 2355 4900 εῖχες
2419 4833 2476 4883 ἐν
2526 4831 2796 4902 ἀσφαλείᾳ
2849 4831 2940 4884 τὸν
2974 4830 3160 4901 λόγον’
3190 4833 3279 4886 ὅτε
3322 4832 3484 4886 αὐτὸν
3533 4833 3888 4904 προέδωκας,

2209 4917 2331 4971 τότε
2361 4919 2459 4989 τῆς
2509 4920 2783 4990 σωτηρίας
2817 4919 2981 4972 αὐτοῦ
3019 4919 3360 4991 φροντίζεις;
3407 4923 3456 4974 εἰ
3491 4920 3658 4994 βούλῃ
3687 4922 3762 4992 μὴ
3803 4923 3889 4988 ἐξ-

2211 5003 2495 5075 ενεχθῆναι
2534 5007 2612 5069 εἰς
2644 5005 2828 5076 ἕτερον
2849 5046 2863 5071 ,
2902 5005 3038 5076 μηδὲ
3087 5008 3248 5071 αὐτὸς
3279 5007 3439 5079 εἴπῃς
3459 5023 3473 5037 ο
3500 5008 3590 5060 ὅτε
3621 5007 3679 5062 δέ
3715 5009 3888 5080 ἐτέρῳ

2212 5090 2530 5162 προέδωκας
2559 5089 2653 5144 τοῦ
2692 5091 2850 5159 λόγου
2875 5092 2974 5164 τὴν
3017 5094 3284 5165 φυλακὴν,
3316 5094 3546 5167 περιττά
3585 5097 3758 5158 ποιεῖς
3795 5098 3887 5149 καὶ

2210 5177 2442 5248 ἀνόνητα
2468 5176 2883 5248 παραγγέλλων,
2910 5180 3004 5232 καί
3037 5180 3218 5251 ὁρκῶν
3248 5182 3388 5252 ὐπὲρ
3427 5182 3529 5253 τῆς
3576 5180 3688 5236 τῶν
3733 5184 3886 5252 εἰρη-

2213 5263 2389 5333 μένων
2425 5263 2692 5336 φυλακῆς.
2741 5264 2879 5318 Ἀλλ’
2904 5265 3004 5336 ήδύ
3034 5267 3095 5319 τὸ
3127 5271 3497 5338 κακηγορείνς
3531 5269 3630 5340 ἡδὺ
3662 5269 3761 5341 μὲν
3792 5267 3888 5324 οὖν

2209 5351 2270 5403 τὸ
2306 5353 2381 5423 μὴ
2413 5351 2590 5422 λέγειν
2629 5351 2836 5416 κακῶς.
2878 5353 2936 5407 Ὀ
2975 5354 3074 5425 μὲν
3107 5354 3215 5426 γάρ
3240 5355 3410 5409 εἰπὼν
3434 5356 3636 5420 κακῶς,
3678 5357 3889 5427 ἐναγώο

2210 5455 2322 5503 νιος
2355 5439 2539 5492 λοιπόν
2569 5440 2739 5500 ἐστιν.
2775 5441 3072 5496 ὑποπτεύει
3101 5461 3159 5496 τε
3196 5444 3288 5496 καὶ
3323 5443 3548 5506 δέδοικε,
3587 5445 3682 5497 καί.
3721 5463 3889 5515 μετα-

2209 5528 2338 5590 νοεῖ,
2389 5526 2483 5581 καὶ
2514 5527 2789 5582 κατεσθίει
2828 5527 2927 5600 τὴν
2974 5529 3171 5584 ἐαυτοῦ
3202 5529 3466 5599 γλῶτταν,
3505 5530 3764 5596 δεδοικὼς
3794 5535 3888 5588 καί

2209 5608 2448 5678 τρέμων,
2482 5610 2556 5681 μή
2593 5627 2723 5662 ποτε
2745 5612 2826 5674 εἰς
2860 5611 3082 5682 ἐτέρους
3110 5611 3385 5682 ἐξενεχθὲν
3413 5611 3473 5665 τό
3507 5613 3662 5682 ῥῆμα
3714 5617 3889 5685 μέγαν

2210 5691 2466 5764 ἐπαγάγῃ
2516 5693 2610 5745 τὸν
2641 5693 2908 5750 κίνδυνον.
2945 5695 3040 5747 καὶ
3085 5695 3348 5766 περιττὴν
3393 5693 3593 5766 ἔχθραν
3654 5698 3751 5750 καὶ
3795 5701 3889 5752 ἀν-

2208 5772 2398 5846 όνητον
2433 5775 2860 5847 ἐργάσηταιτοῖς
2885 5775 3166 5846 εἰρηκόσιν
3189 5795 3204 5809 ·
3240 5779 3268 5832 6
3294 5779 3351 5833 δὲ
3383 5781 3510 5852 παρ’
3538 5778 3722 5852 ἐαυτῷ
3757 5800 3889 5838 κατ-

2273 5905 2294 5966 ίξ
2337 5902 2385 5950 In
2411 5901 2519 5953 aliis
2541 5905 2646 5966 περί
2677 5905 2836 5954 deest.

2276 5961 2460 6016 'Savil.
2485 5973 2532 6014 et
2557 5961 2653 6015 ddo
2679 5980 2777 6014 mss
2823 5974 3207 6029 κατασκοπῆσαι.
3238 5969 3406 6020 Mure].
3438 5976 3486 6020 el
3512 5972 3596 6023 alii
3622 5990 3867 6034 σκοαησαι
