4072 6384
342 375 417 429 53

343 490 420 542 lie
464 488 557 542 Dei
596 487 739 542 enim
782 486 859 541 ira
903 485 1152 555 loquutus
1192 493 1246 538 ct
1279 484 1486 538 illorum
1514 479 1715 551 jejunio
1743 520 1758 545 ,
1790 476 1929 532 idem

336 579 768 633 eottciliationem
800 585 855 633 et
879 576 1267 632 conciliationis
1285 590 1499 630 causam
1519 574 1721 635 dicens,
1741 571 1817 624 sic
1845 570 1925 624 itt-

336 674 476 740 quit,
507 668 576 722 Et
597 670 719 722 uidit
748 668 883 723 Deus
912 684 1066 737 opera
1086 668 1309 735 ipsorum
1332 666 1501 738 (Jona'
1530 666 1580 719 5.
1607 661 1713 733 10).
1743 660 1929 729 Qualia

338 762 538 828 opera?
559 762 699 832 quod
730 761 1148 832 jejunaveruut?
1175 759 1318 829 quod
1345 774 1559 813 saccum
1601 753 1929 810 induerunt?

338 852 481 907 Nihil
511 853 723 920 horum,
751 852 844 908 sed
875 853 989 908 haec
1012 852 1189 906 omnia
1217 859 1399 905 tacens
1427 848 1601 903 intulit
1629 865 1641 900 :
1675 846 1927 915 Quoniam

336 960 606 1000 conversus
635 956 708 1002 est
736 947 943 1017 quisque
967 962 999 999 a
1023 947 1116 1000 viis
1143 946 1248 999 suis
1278 943 1425 998 malis
1450 986 1463 1007 ,
1497 952 1544 997 et
1566 943 1794 1014 paenituit
1819 939 1927 994 Do-

333 1036 534 1087 minum
558 1036 704 1093 mali.
724 1036 861 1104 quod
880 1036 1005 1103 ipsis
1030 1051 1083 1087 se
1102 1034 1367 1103 facturum
1387 1033 1595 1085 dixerat
1610 1030 1900 1101 (IbL).Cer-

333 1125 426 1177 nis
444 1124 591 1193 quod
611 1140 715 1178 non
735 1125 1002 1193 jejunium
1023 1124 1270 1193 periculo
1288 1124 1503 1193 eripuit,
1523 1125 1613 1177 seJ
1633 1124 1756 1176 vitm
1777 1139 1901 1176 mu-

329 1215 467 1268 tatio
485 1213 651 1268 Deum
668 1214 914 1268 barbaris
933 1215 1206 1283 placatum
1229 1222 1283 1267 et
1302 1215 1616 1268 benevolum
1638 1211 1900 1267 reddidit?

405 1299 599 1372 Jejunii
637 1317 756 1355 vera
788 1305 1039 1358 ratio.‘—-
1065 1303 1193 1360 Haec
1238 1304 1385 1369 dixi,
1418 1320 1525 1360 non
1560 1315 1617 1358 ut
1658 1304 1921 1373 jejunium

330 1393 855 1458 contemnamus,sed
875 1403 927 1448 ut
940 1392 1198 1464 jejunium
1221 1394 1575 1452 honoremus:
1596 1396 1766 1450 honor
1779 1395 1922 1450 enim

325 1478 519 1548 jejunii
547 1497 650 1535 non
677 1483 917 1538 ciborum
936 1485 1275 1553 abstinentia,
1300 1487 1391 1541 sed
1416 1497 1751 1556 peccatorum
1776 1486 1916 1557 fuga.

293 1577 299 1581 ‘
330 1567 409 1622 Ita
439 1580 493 1623 ut
516 1571 604 1639 qui
630 1572 871 1628 ciborum
898 1574 1218 1630 abstinentia
1261 1586 1462 1631 tantum
1526 1576 1786 1647 jejunium
1826 1577 1921 1632 de-

330 1659 500 1725 ﬁniat,
526 1662 569 1716 is
591 1665 821 1719 maxime
845 1668 1017 1735 ipsum
1043 1666 1591 1738 vituperetJejunas?
1612 1668 1917 1723 demonstra

329 1750 461 1804 mihi
508 1766 604 1820 per
627 1754 738 1823 ipsa
765 1770 947 1824 Opera.
980 1756 1161 1825 Qualia
1187 1799 1203 1825 ,
1234 1758 1431 1829 inquis.
1478 1760 1680 1830 opera?
1705 1760 1759 1815 Si
1789 1775 1919 1829 pau-

328 1856 512 1909 perem
541 1843 758 1912 videris,
782 1848 1039 1902 miserere
1069 1866 1083 1902 :
1115 1849 1159 1903 si
1192 1849 1465 1904 inimicum
1495 1850 1711 1917 videris,
1736 1851 1918 1906 conci-

328 1930 465 1986 liare
491 1950 504 1986 :
534 1934 580 1987 si
609 1935 837 1990 amicum
864 1936 1201 1994 laudabiliter
1225 1951 1469 2010 agentem
1495 1940 1712 2009 videris,
1745 1958 1812 1997 ne
1840 1943 1915 1997 in-

321 2021 547 2077 videas:
579 2024 623 2079 si
663 2026 942 2082 mulierem
984 2028 1181 2084 videris
1227 2016 1523 2100 speciosam
1549 2073 1564 2098 ,
1599 2043 1908 2103 praetereas.

323 2110 441 2166 Non
469 2115 610 2168 enim
642 2131 703 2171 os
733 2118 937 2172 tantum
960 2119 1165 2189 jejunet
1188 2162 1202 2187 ,
1230 2121 1323 2176 sed
1351 2131 1404 2176 et
1429 2123 1643 2189 oculus,
1676 2134 1731 2179 et
1757 2125 1911 2181 audi-

322 2211 411 2258 tus
440 2246 456 2268 ,
484 2215 539 2260 et
575 2206 738 2276 pedes
758 2249 773 2270 ,
805 2219 858 2264 et
888 2225 1077 2265 manus
1104 2252 1119 2278 ,
1151 2221 1206 2267 et
1247 2214 1424 2268 omnia
1458 2218 1700 2284 corporis
1742 2218 1910 2272 nostri

322 2298 563 2350 membra
581 2298 845 2367 jejnnent.
868 2300 1121 2370 Jejuuent
1144 2319 1330 2359 manus
1350 2321 1381 2361 a
1410 2308 1592 2377 rapina
1619 2319 1672 2365 et
1687 2311 1907 2369 avaritia

318 2387 534 2441 mundae
563 2389 841 2459 :jejunent
869 2393 1032 2469 pedes
1056 2394 1122 2449 ad
1154 2396 1332 2451 illicita
1360 2400 1658 2467 spectacula
1690 2417 1905 2459 cursum

315 2477 669 2545 reprimentes
698 2498 712 2533 :
735 2480 979 2550 jejunent
1015 2485 1156 2539 oculi
1182 2485 1450 2543 discentes
1475 2506 1765 2562 numquam
1793 2495 1904 2547 for--

316 2564 483 2621 mosiis
511 2569 783 2625 obtutibus
809 2571 1033 2640 insilire,
1065 2590 1163 2630 nec
1188 2576 1392 2632 alienas
1419 2579 1632 2636 curiose
1663 2583 1903 2651 pulchri-

315 2658 530 2713 tudines
584 2669 846 2730 spectare.
894 2662 1057 2719 Cibus
1101 2666 1242 2721 enim
1284 2670 1561 2724 oculorum
1597 2674 1899 2740 spectatio:

310 2749 407 2803 sed
452 2752 495 2805 si
542 2752 813 2823 illegititna
862 2757 932 2810 sit
966 2766 1019 2811 et
1044 2758 1576 2832 prohibita,jejunio
1626 2777 1819 2830 nocet,
1849 2778 1907 2824 et

309 2856 527 2898 omnem
557 2848 750 2900 anima:
788 2848 1011 2904 salutem
1042 2852 1300 2908 subvertit
1328 2873 1343 2910 :
1367 2856 1410 2910 si
1439 2873 1567 2913 vero
1593 2858 1824 2929 legitima
1847 2872 1901 2918 et

309 2948 610 3003 concessa,
655 2948 812 2993 ornat
858 2941 1143 3011 jejunium.
1194 2945 1401 3002 Etenim
1454 2949 1899 3010 absurdissimum

306 3035 493 3091 esset,
524 3029 700 3083 cibum
748 3033 1010 3088 sumendo
1057 3035 1217 3091 etiam
1260 3054 1291 3092 a
1334 3054 1588 3097 concessa
1629 3044 1897 3102 abstinere

305 3128 430 3169 esca
462 3132 557 3186 per
575 3118 836 3189 jejunium
857 3164 872 3188 ,
897 3124 1067 3179 oculis
1087 3135 1263 3182 autem
1289 3130 1489 3185 utendo
1515 3133 1675 3187 etiam
1709 3136 1892 3205 prohi-

301 3204 470 3260 bitam
497 3208 776 3279 attingere.
797 3211 923 3267 Non’
934 3215 1171 3273 comedis
1193 3220 1420 3275 carnes?
1436 3238 1606 3293 neque
1623 3204 1893 3284 lasciviam

303 3310 403 3365 per
442 3297 626 3355 oculos
654 3300 890 3359 haurias.
923 3304 1139 3377 Jejunet
1168 3317 1221 3363 et
1247 3311 1393 3366 auris
1419 3330 1434 3366 ;
1465 3315 1674 3369 aurium
1713 3328 1891 3373 autem

292 3387 561 3458 jejunium
607 3392 965 3451 detractiones
1006 3406 1061 3452 et
1110 3400 1404 3458 calumnias
1444 3421 1549 3459 non
1592 3409 1889 3477 suscipere.

298 3482 547 3574 Auditum
594 3487 726 3540 enim
770 3505 957 3555 uanum
1000 3507 1102 3546 non
1155 3496 1397 3566 suscipies
1424 3497 1617 3569 (Exod.
1658 3499 1747 3557 25.
1793 3503 1886 3574 1),

296 3573 488 3644 inquit.

369 3665 425 3719 5.
454 3664 665 3735 Jejunet
692 3684 903 3741 quoque
931 3686 992 3727 os
1013 3687 1042 3726 a
1072 3675 1249 3730 verbis
1278 3677 1519 3747 turpibus
1544 3688 1600 3735 et
1623 3682 1884 3740 convicio.

292 3754 425 3822 Qua:
452 3757 592 3812 enim
618 3760 814 3816 utilitas
833 3776 953 3817 cum
975 3764 1161 3820 avibus
1183 3767 1396 3836 quidem
1427 3779 1480 3825 et
1502 3771 1735 3840 piscibus
1764 3776 1887 3831 abs-

292 3847 579 3916 tineamus,
614 3850 806 3908 fratres
856 3869 983 3909 vero
1023 3856 1362 3913 mordeamus
1414 3868 1469 3915 et
1495 3863 1884 3921 comedamus?

294 3936 595 3995 Detrahens
625 3941 885 4023 fraternas
911 3960 1101 4002 carnes
1126 3949 1379 4017 comedit,
1410 3954 1639 4021 proximi
1666 3970 1882 4013 carnem

289 4031 611 4087 momordit:
653 4044 935 4107 propterea
986 4049 1041 4094 et
1084 4038 1280 4097 Paulus
1324 4045 1528 4111 terruit,
1562 4046 1788 4105 dicens:
1820 4050 1883 4105 Si

287 4132 459 4177 autem
494 4140 580 4179 vos
621 4126 835 4183 inuicem
872 4131 1110 4188 mordetis
1158 4143 1206 4188 et
1227 4136 1505 4204 comeditis,
1544 4140 1704 4195 videte
1727 4157 1790 4196 ne
1816 4143 1881 4198 ab

284 4212 495 4268 invicem
511 4222 877 4275 consumamini
895 4220 915 4294 (
935 4221 1051 4278 Gal.
1072 4224 1125 4281 5.
1155 4226 1223 4281 l5
1243 4226 1283 4297 ).
1309 4226 1424 4283 Non
1454 4228 1670 4287 infixisti
1691 4232 1879 4291 dentes

282 4305 453 4366 carui,
484 4306 576 4359 sed
597 4309 788 4363 anima:
815 4311 1493 4403 maledictumhimprobam
1517 4322 1874 4391 suiSpicionem

282 4392 525 4461 intixisti,
560 4398 882 4463 vulnerasti,
910 4392 1202 4460 innumeris
1225 4406 1449 4464 aifecisti
1472 4411 1626 4466 malis
1672 4422 1727 4468 et
1778 4416 1876 4469 tei-

277 4497 457 4553 psum,
479 4495 534 4541 et
560 4486 789 4554 illum,et
806 4490 940 4546 alios
958 4493 1170 4564 plures:
1193 4498 1388 4553 etenim
1412 4499 1713 4556 audientem
1736 4505 1876 4575 pejo-

277 4590 394 4630 rem
418 4577 607 4646 fecisti,
628 4581 925 4650 proximum
943 4585 1304 4644 calumnians:
1326 4590 1440 4646 sive
1460 4592 1602 4647 enim
1621 4606 1873 4665 peccator

199 4693 211 4710 ι
275 4666 367 4730 sit,
395 4676 508 4723 tum
532 4673 746 4741 segnior
780 4672 859 4739 fit,
889 4678 1090 4744 peccati
1112 4682 1619 4739 communicatorem
1647 4696 1866 4742 nactus:

273 4756 390 4812 sive
425 4757 602 4828 justus
631 4762 718 4827 sit,
754 4762 809 4817 in
839 4767 1196 4836 arrogantiam
1224 4770 1446 4839 tollitur,
1474 4782 1531 4829 et
1563 4774 1776 4832 inﬂatur
1802 4794 1868 4834 cx

272 4849 503 4905 aliorum
533 4862 773 4921 peccato,
816 4870 1005 4927 magna
1034 4858 1100 4913 de
1125 4860 1302 4931 seipso
1328 4866 1528 4921 sentire
1559 4881 1863 4936 persuasus.

271 4940 498 5014 Insuper
542 4960 883 5003 communem
934 4948 1188 5006 Ecclesiae
1238 4962 1436 5011 statum
1486 4957 1707 5013 laesisti:
1758 4976 1863 5017 non

270 5035 412 5089 enim
456 5049 645 5092 omnes
682 5037 965 5095 audientes
1015 5052 1352 5112 peccatorem
1390 5046 1559 5102 solum
1588 5059 1860 5117 accusant,

266 5126 360 5182 sed
401 5128 657 5196 opprobia
692 5128 1119 5188 Christianorum
1166 5136 1311 5206 genti
1360 5137 1708 5207 infliguntur:
1758 5158 1863 5199 nec

238 5218 452 5316 [audias
496 5217 737 5275 infideles
780 5221 986 5289 dicere,
1033 5224 1181 5279 illum
1224 5225 1597 5284 fornicatorem
1636 5246 1758 5288 esse
1805 5242 1861 5289 et

242 5309 245 5325 "
266 5309 606 5379 dissolutum,
629 5312 723 5368 sed
747 5329 842 5385 pro
857 5330 922 5370 eo
938 5317 1026 5387 qui
1046 5320 1303 5388 peccavit,
1327 5320 1654 5378 Christianos
1669 5338 1857 5381 omnes

263 5402 543 5458 calumniis
575 5404 844 5461 insectari.
874 5408 955 5463 Ad
982 5409 1098 5464 haec
1120 5410 1212 5466 Dei
1238 5412 1461 5482 gloriam
1492 5414 1855 5486 blasphemari

259 5492 432 5549 fecisti
470 5513 485 5552 :
514 5494 655 5552 sicut
680 5498 813 5555 enin
866 5500 1022 5560 nobis
1066 5502 1398 5561 laudabiliter
1430 5507 1729 5564 viventibus
1759 5510 1852 5565 Dei

258 5600 454 5640 nomen
482 5587 836 5657 gloriﬁcatur,
868 5592 946 5648 sic
983 5597 1326 5663 peccantibus
1377 5597 1772 5669 blasphematur
1796 5612 1850 5657 et

254 5681 576 5735 contumelia
593 5681 841 5738 aliieitur.
859 5683 1141 5755 Quartum,
1164 5689 1301 5743 male
1317 5690 1619 5745 audientem
1645 5693 1848 5763 pudore

253 5772 498 5843 effecisti,
517 5782 572 5831 et
598 5775 674 5832 sic
702 5776 1147 5848 impudentiorem
1164 5781 1460 5854 reddidisti,
1493 5782 1765 5842 inimicum
1794 5798 1845 5843 et

1305 367 1395 423 AD
1434 362 1752 421 POPULUM
1796 355 2281 417 ANTIOCHENUM
2322 356 2552 413 llOlllL.
2593 355 2679 413 lli.
3549 347 3620 410 56

2039 469 2249 528 hostem
2290 471 2508 527 faciens.
2540 473 2814 539 Quintum,
2848 471 3073 541 teipsum
3105 483 3275 541 ponte
3302 475 3355 525 et
3384 469 3617 539 castiga-

2036 565 2193 618 tionis
2213 580 2359 618 renm
2376 565 2565 631 fecisti,
2586 566 2795 635 negotia
2811 563 2879 619 ad
2898 574 2947 618 te
2965 564 3094 618 nihil
3111 563 3387 618 attineutia
3406 572 3614 615 u-xcns.

2034 658 2110 712 Nc
2131 658 2246 728 quis
2269 658 2409 713 enim
2428 658 2530 713 hoc
2559 658 2687 712 tnihi
2716 657 2877 721 dicat,
2906 655 3056 709 Tunc
3075 653 3316 719 detraho,
3339 668 3458 713 cum
3487 652 3616 707 falsa

2033 749 2184 813 dico;
2224 750 2270 804 si
2308 760 2485 805 autem
2527 765 2652 805 vera
2695 749 2835 811 dico,
2875 749 3113 802 minime.
3152 747 3283 802 Nam
3329 748 3453 801 licet
3486 760 3615 799 vera

2033 839 2256 911 loquens
2276 840 2413 895 male
2438 840 2656 904 dixeris,
2678 848 2733 894 et
2760 839 2862 893 hoc
2890 848 2972 895 est
2995 839 3196 894 crimen
3221 855 3236 893 :
3258 838 3452 892 etenim
3487 836 3618 890 Pha-

2030 931 2215 987 rismus
2245 933 2332 988 ille
2375 934 2654 1003 publicano
2692 932 2960 987 veridieus
3010 928 3326 999 maledixit(
3360 929 3485 983 Luc.
3523 928 3610 983 l8.

2030 1023 2092 1077 Η
2124 1023 2168 1094 ),
2199 1023 2292 1078 sed
2322 1033 2499 1079 tamen
2528 1023 2629 1079 hoc
2650 1024 2747 1094 ipsi
2766 1022 2895 1077 nihil
2919 1020 3134 1091 profuit.
3163 1020 3372 1085 Nonne,
3402 1034 3608 1088 quaeso,

2028 1113 2340 1183 publicanus
2364 1124 2479 1170 erat
2523 1100 2831 1185 publicanus
2856 1123 2907 1167 et
2940 1119 3184 1182 peccator
3208 1110 3231 1164 ‘i
3260 1108 3464 1178 Cuique
3494 1124 3613 1162 ccr-
3698 1116 3699 1119 ‘

2028 1215 2139 1260 tum
2193 1215 2276 1261 est
2320 1206 2461 1275 quod
2500 1206 2812 1275 publicanus
2843 1213 2994 1268 erat;
3017 1201 3112 1258 sed
3147 1202 3397 1272 quoniam
3435 1200 3607 1269 ipsum

2025 1295 2344 1366 vituperavit
2386 1296 2687 1351 Pbarismus
2720 1337 2735 1361 ,
2776 1295 2905 1349 abiit
2943 1293 3192 1348 omnibus
3233 1291 3462 1351 amissis.
3518 1287 3610 1342 Vis

2025 1389 2242 1443 fratrem
2269 1390 2536 1459 corrigere
2554 1389 2581 1442 ’ἴ
2606 1388 2886 1459 Lacryma,
2915 1400 3009 1439 ora
3033 1385 3220 1447 Deum,
3251 1396 3490 1439 seorsum
3509 1396 3607 1448 apo

2025 1482 2344 1550 prehensum
2373 1483 2620 1543 admone,
2652 1481 2889 1545 consule,
2928 1478 3212 1533 exhortare
3240 1494 3254 1529 :
3286 1475 3364 1529 sic
3386 1485 3434 1528 et
3465 1474 3604 1527 Pau-

2023 1573 2106 1627 lus
2150 1574 2417 1628 faciebat:
2450 1572 2531 1626 Ne
2556 1574 2731 1626 iterum
2758 1589 2874 1625 cum
2916 1585 3113 1634 uenero,
3146 1567 3334 1637 inquit,
3378 1565 3605 1618 humiliet

2022 1681 2103 1719 me
2143 1665 2281 1719 Deus
2322 1665 2462 1735 apud
2500 1681 2607 1728 vos,
2640 1673 2684 1719 et
2725 1664 2925 1734 lugeam
2951 1661 3134 1715 multos
3164 1674 3229 1713 ea:
3263 1658 3347 1725 iis,
3376 1657 3460 1726 qui
3486 1665 3604 1710 ante

2022 1767 2365 1827 peccaverunt,
2398 1766 2443 1811 et
2469 1773 2568 1810 non
2593 1764 2800 1827 egerunt
2825 1752 3166 1824 prenitentiam
3201 1765 3354 1820 super
3380 1750 3603 1800 immun-

2020 1850 2168 1915 ditia,
2194 1859 2240 1903 et
2261 1850 2614 1919 fornicatione,
2634 1858 2677 1900 et
2704 1844 3022 1915 impudicitia
3045 1858 3195 1913 quam
3217 1848 3473 1912 gesserunt
3518 1837 3599 1908 t2.

2018 1940 2137 1994 Cor.
2180 1940 2265 1995 t2.
2296 1940 2360 1994 2i
2411 1939 2451 2010 ).
2478 1939 2697 1995 Declara
2729 1937 3041 1991 eharitatem
3067 1949 3192 2005 erga
3220 1943 3554 2004 peccatorem
3582 1948 3595 1984 :

2017 2032 2275 2102 persuade
2308 2032 2425 2100 ipsi,
2447 2030 2588 2101 quod
2616 2030 2901 2084 consulens
2915 2038 2967 2084 et
2991 2043 3204 2091 curans,
3224 2042 3327 2081 non
3355 2024 3594 2079 traduce-

2017 2139 2078 2178 re
2100 2124 2303 2189 volens,
2334 2123 2538 2192 peccati
2561 2122 2729 2192 ipsum
2745 2121 3154 2177 commonefacis
3170 2137 3184 2174 :
3199 2118 3597 2190 comprehende

2016 2217 2197 2288 pedes,
2217 2217 2478 2281 osculare,
2498 2231 2563 2270 ne
2577 2215 2886 2280 erubescas,
2902 2216 2946 2269 si
2966 2214 3122 2268 modo
3140 2229 3261 2268 vere
3279 2212 3476 2266 mederi
3493 2212 3591 2265 vis.

2082 2308 2361 2379 Confessio.
2400 2336 2474 2348 —
2514 2306 2641 2362 ﬂare
2683 2316 2737 2362 et
2776 2306 2967 2362 medici
3006 2306 3202 2360 faciunt
3246 2308 3472 2375 saepius,
3501 2304 3592 2372 qui

2011 2399 2093 2455 dif
2093 2399 2256 2454 ficiles
2282 2407 2513 2470 mgrotos
2539 2398 2765 2463 habent;
2791 2397 3181 2470 deosculantes,
3203 2406 3451 2465 rogantes
3472 2410 3594 2464 per-

2009 2492 2231 2547 suadent
2270 2460 2558 2547 salutarem
2613 2460 2827 2545 sumerh
2880 2489 3195 2545 medicinam
3224 2504 3238 2542 :
3272 2488 3340 2540 ita
3373 2499 3424 2539 tu
3455 2501 3593 2555 quo-

2008 2599 2112 2653 que
2139 2582 2238 2647 fac,
2266 2582 2532 2637 sacerdoti
2553 2582 2743 2636 vulnus
2764 2580 3044 2635 manifesta
3071 2596 3084 2633 :
3114 2578 3214 2633 hec
3232 2590 3311 2633 est
3332 2577 3589 2643 curantis,

2009 2675 2113 2730 hoc
2140 2674 2489 2744 providentis,
2529 2674 2632 2729 hoc
2671 2673 3019 2729 consulentis.
3065 2671 3180 2727 Non
3225 2670 3371 2725 solos
3408 2677 3589 2723 autem

2005 2765 2317 2831 maledicos,
2351 2765 2445 2821 sed
2491 2774 2545 2820 et
2582 2763 2700 2819 aliis
2741 2763 2948 2819 detrahi
3006 2762 3282 2816 audientes
3327 2760 3589 2813 admoneo

1985 2870 2162 2912 .aures
2186 2856 2483 2920 obstruere,
2515 2864 2570 2911 et
2590 2853 2903 2925 prophetam
2930 2853 3124 2908 imitari
3150 2851 3414 2906 dicentem
3440 2865 3458 2902 :
3481 2848 3586 2903 Dc-

2003 2947 2280 3001 trahentem
2312 2956 2498 3001 secreto
2528 2946 2759 3016 proximo
2779 2945 3029 3012 suo,hunc
3052 2942 3413 3014 persequebar(
3438 2938 3584 2994 Psal.

2003 3039 2127 3095 100.
2155 3040 2251 3111 5).
2293 3039 2387 3093 Dic
2420 3040 2682 3109 proximo,
2717 3037 2893 3092 llabcs
2922 3037 3172 3107 aliquem,
3202 3051 3359 3105 quem
3398 3032 3580 3086 laudes

1999 3139 2053 3185 et
2071 3130 2458 3185 commendes?
2493 3128 2860 3198 auresaperio,
2891 3135 3227 3196 utunguenta
3259 3125 3581 3193 suscipiam;

1997 3221 2041 3276 si
2068 3237 2195 3276 vero
2243 3220 2381 3275 male
2404 3220 2533 3276 velis
2557 3220 2759 3287 dicere,
2783 3219 2962 3274 verbis
3012 3219 3309 3289 ingressum
3338 3217 3532 3270 obturo
3561 3232 3577 3269 :

1997 3328 2103 3368 non
2134 3312 2280 3368 enim
2307 3322 2513 3367 stercus
2543 3321 2598 3366 et
2625 3325 2837 3367 ctenum
2867 3310 3110 3379 accipere
3137 3308 3396 3363 sustineo.
3425 3303 3579 3373 Quod

1995 3403 2125 3458 mihi
2151 3404 2380 3471 lucrum,
2424 3404 2469 3458 si
2496 3403 2753 3469 didicero,
2783 3401 2933 3456 illum
2963 3415 3083 3455 esse
3108 3397 3403 3469 improbum
3424 3396 3448 3449 ἲ
3470 3395 3581 3449 ἰιηο

1993 3497 2283 3551 maximum
2315 3505 2692 3551 nocumentum
2723 3509 2789 3549 ex
2837 3492 2955 3559 hoc,
2987 3503 3040 3548 et
3074 3499 3315 3546 extrema
3346 3491 3575 3559 jactura.

1994 3586 2235 3656 Loquere
2260 3587 2325 3640 ad
2356 3586 2528 3657 ipsum
2562 3585 2856 3641 :Curemus
2884 3580 3364 3652 nostra,quomodo
3394 3594 3577 3650 pecca-

1991 3686 2166 3732 torum
2206 3678 2467 3733 rationem
2506 3674 2814 3741 reddamus,
2845 3682 2900 3729 et
2946 3673 3309 3729 curiositatem
3357 3673 3493 3750 lianc
3518 3679 3576 3724 et

1988 3784 2268 3838 operosam
2300 3767 2691 3838 indagationem
2712 3766 2855 3821 circa
2872 3767 3033 3820 vitam
3055 3772 3293 3820 nostram
3313 3763 3574 3820 exhibea-

1987 3874 2126 3915 mus.
2153 3859 2325 3927 Quam
2351 3859 2493 3916 enim
2515 3858 2831 3914 habebimus
2853 3857 3275 3924 excusationem,
3300 3871 3457 3927 quam
3479 3871 3574 3910 vc-

1986 3951 2151 4015 niam,
2182 3966 2306 4007 cum
2362 3958 2542 4005 nostra
2596 3964 2666 4005 ne
2711 3949 2763 4003 in
2805 3956 3039 4003 mentem
3072 3946 3287 4017 quidem
3332 3946 3568 4013 veniant,

1984 4041 2155 4095 aliena
2199 4055 2327 4096 vero
2352 4040 2563 4095 curiose
2591 4037 2936 4094 scrutemur?
2965 4022 3114 4093 Sicut
3142 4037 3194 4091 itt
3236 4036 3453 4090 domum
3506 4051 3571 4091 se

1984 4132 2265 4198 inclinare,
2297 4140 2351 4187 et
2380 4131 2636 4188 interiora
2666 4130 3010 4186 considerare
3039 4127 3386 4199 praetereunti
3412 4135 3569 4198 turpe

1982 4234 2084 4292 est,
2116 4232 2171 4280 et
2198 4224 2359 4279 multa
2388 4223 2676 4295 ignominia
2705 4224 2918 4294 plenum
2945 4241 2959 4278 :
2986 4224 3063 4277 sic
3088 4231 3139 4278 et
3165 4223 3306 4276 circa
3336 4223 3565 4303 alienam

1980 4316 2141 4370 vitam
2184 4324 2427 4386 satagere
2456 4314 2828 4372 illiberalitatis
2861 4325 3116 4370 extremae
3140 4326 3242 4370 est.
3274 4313 3388 4369 Hoc
3435 4329 3565 4370 vero

1979 4408 2261 4463 ridiculum
2302 4408 2469 4477 magis
2500 4416 2602 4476 est,
2629 4405 2771 4478 quod
2814 4407 2974 4462 talem
3007 4407 3263 4462 h’abentes
3288 4407 3475 4471 vitam,
3505 4416 3563 4463 et

1978 4512 2068 4554 res
2111 4514 2235 4554 suas
2277 4500 2624 4569 negligentes,
2654 4514 2774 4554 cum
2801 4498 3000 4569 aliquid
3026 4513 3279 4552 arcanum
3309 4496 3563 4565 dixerint,

1975 4598 2165 4658 rogant
2185 4588 2489 4644 audientem
2511 4596 2565 4644 et
2584 4587 2849 4658 adjurant,
2872 4603 2941 4643 ne
2956 4588 3202 4658 cuiquam
3224 4588 3374 4643 alteri
3395 4588 3561 4653 dicat,

1975 4679 2100 4734 hinc
2126 4679 2479 4746 declarantes,
2511 4695 2571 4735 se
2595 4694 2708 4735 rem
2731 4673 3147 4750 reprehensione
3172 4679 3385 4750 dignam
3411 4695 3563 4733 com-

1974 4772 2203 4827 n.isisse.
2236 4771 2291 4828 Si
2316 4773 2458 4826 enim
2488 4772 2656 4838 illum,
2681 4780 2738 4827 ut
2765 4773 2963 4827 nemini
2992 4771 3153 4838 dicat,
3180 4786 3357 4843 rogas,
3390 4773 3561 4826 multo

1972 4864 2141 4933 magis
2170 4872 2223 4918 te
2260 4862 2492 4933 priorem
2520 4863 2643 4919 huic
2671 4862 2851 4919 dicere
2876 4876 2983 4918 non
3009 4864 3305 4934 oportebat.
3356 4863 3411 4919 In
3440 4872 3559 4920 tute

1970 4969 2272 5011 sermonem
2301 4955 2539 5011 habebas
2564 4974 2577 5010 :
2607 4964 2885 5027 postquam
2905 4956 3077 5027 ipsum
3103 4956 3403 5027 prodidisti,
3428 4966 3555 5013 tunc

1969 5047 2196 5101 salutem
2230 5046 2399 5116 ipsius
2437 5061 2627 5111 curas;
2674 5048 2721 5102 si
2751 5061 2858 5102 non
2887 5048 2969 5102 vis
2996 5047 3173 5103 eil‘erri
3214 5049 3283 5104 ad
3325 5050 3549 5104 alterunt

1968 5152 2141 5207 neque
2191 5138 2306 5209 ipse
2353 5137 2502 5193 dicas
2533 5154 2549 5205 ;
2580 5149 2861 5210 poetquam
2910 5153 3041 5195 vero
3068 5140 3222 5195 alteri
3270 5141 3549 5209 prodidisti

1964 5228 2230 5283 sermonis
2254 5229 2573 5297 custodiam,
2601 5230 2865 5301 superﬂua
2888 5231 3019 5286 facis
3042 5239 3097 5288 et
3116 5231 3340 5298 inutilia,
3363 5232 3551 5286 admo-

1956 5337 2098 5377 nens
2118 5330 2172 5377 et
2186 5322 2457 5379 obtestans
2468 5338 2567 5393 pro
2591 5323 2854 5379 dictorum
2870 5322 3238 5379 custOdia.Sed
3251 5322 3547 5392 jucundum

1961 5414 2284 5470 detrahere?
2305 5416 2413 5470 imo
2429 5417 2719 5487 jucundum
2743 5434 2847 5473 non
2869 5418 3170 5475 detrahere.
3193 5418 3292 5486 Qui
3314 5416 3549 5471 detrahit

1960 5509 2103 5562 enim
2129 5508 2381 5578 deinceps
2404 5509 2593 5564 anxius
2620 5517 2722 5579 est,
2747 5511 3044 5580 suspicatur
3068 5519 3120 5565 et
3147 5510 3316 5571 timet,
3340 5518 3395 5563 et
3420 5523 3544 5563 eum

1960 5600 2203 5670 poenitet,
2238 5609 2288 5655 et
2322 5600 2554 5671 linguam
2581 5614 2730 5655 suam
2788 5601 3021 5668 mordet,
3051 5602 3242 5666 timens
3271 5611 3321 5655 et
3354 5601 3544 5655 tremi-

1956 5704 2135 5758 secus,
2159 5706 2224 5746 ne
2249 5691 2389 5747 forte
2410 5692 2529 5748 aliis
2556 5693 2888 5747 enuntiatum
2916 5693 3136 5752 verbum
3164 5707 3413 5763 magnum
3441 5693 3542 5749 sibi

1957 5786 2254 5859 periculum
2283 5785 2491 5855 aderat,
2521 5795 2575 5841 et
2611 5784 2935 5858 superﬂuam
2966 5797 3018 5853 et
3053 5787 3292 5845 inutilem
3358 5786 3541 5845 inimic
