  <div class='ocr_page' id='page_1' title='image "/cluster/home/n/w/nwhite01/storage/ocr_20150623/49/nnc1.0046978208/057.png"; bbox 0 0 4072 6384; ppageno 0'>
   <div class='ocr_carea' id='block_1_1' title="bbox 517 361 3774 428">
    <p class='ocr_par' dir='ltr' id='par_1_1' title="bbox 517 361 3774 428">
     <span class='ocr_line' id='line_1_1' title="bbox 517 361 3774 428; baseline -0.002 -2"><span class='ocrx_word' id='word_1_1' title='bbox 517 369 586 426; x_wconf 69' lang='grc' dir='ltr'><strong>εἴ.</strong></span> <span class='ocrx_word' id='word_1_2' title='bbox 1226 367 1279 425; x_wconf 85' lang='lat' dir='ltr'><strong>S.</strong></span> <span class='ocrx_word' id='word_1_3' title='bbox 1317 366 1593 425; x_wconf 72' lang='lat' dir='ltr'><strong>JOANNIS</strong></span> <span class='ocrx_word' id='word_1_4' title='bbox 1626 361 2096 425; x_wconf 73' lang='lat' dir='ltr'><strong>CIIRYSOSTOMI</strong></span> <span class='ocrx_word' id='word_1_5' title='bbox 2137 367 2451 424; x_wconf 75' lang='lat' dir='ltr'><strong>ARCIIIEP.</strong></span> <span class='ocrx_word' id='word_1_6' title='bbox 2492 368 3008 428; x_wconf 77' lang='lat' dir='ltr'><strong>CONSTANTINOP.</strong></span> <span class='ocrx_word' id='word_1_7' title='bbox 3706 366 3774 420; x_wconf 79' lang='lat'><strong>53</strong></span> 
     </span>
    </p>
   </div>
   <div class='ocr_carea' id='block_1_2' title="bbox 515 478 2092 550">
    <p class='ocr_par' dir='ltr' id='par_1_2' title="bbox 515 478 2092 550">
     <span class='ocr_line' id='line_1_2' title="bbox 515 478 2092 550; baseline 0 -14"><span class='ocrx_word' id='word_1_8' title='bbox 515 483 694 537; x_wconf 77' lang='lat' dir='ltr'><strong>citium</strong></span> <span class='ocrx_word' id='word_1_9' title='bbox 739 478 823 540; x_wconf 80' lang='lat' dir='ltr'><strong>iis.</strong></span> <span class='ocrx_word' id='word_1_10' title='bbox 863 478 951 550; x_wconf 90' lang='lat' dir='ltr'><strong>qni</strong></span> <span class='ocrx_word' id='word_1_11' title='bbox 993 479 1197 547; x_wconf 71' lang='lat' dir='ltr'><strong>dixere,</strong></span> <span class='ocrx_word' id='word_1_12' title='bbox 1229 489 1522 550; x_wconf 87' lang='lat' dir='ltr'><strong>operetur:</strong></span> <span class='ocrx_word' id='word_1_13' title='bbox 1558 481 1649 549; x_wconf 87' lang='lat' dir='ltr'><strong>qui</strong></span> <span class='ocrx_word' id='word_1_14' title='bbox 1692 481 1924 550; x_wconf 81' lang='lat' dir='ltr'><strong>seipsum</strong></span> <span class='ocrx_word' id='word_1_15' title='bbox 1963 494 2092 536; x_wconf 91' lang='lat' dir='ltr'><strong>vero</strong></span> 
     </span>
    </p>
   </div>
   <div class='ocr_carea' id='block_1_3' title="bbox 520 570 2095 641">
    <p class='ocr_par' dir='ltr' id='par_1_3' title="bbox 520 570 2095 641">
     <span class='ocr_line' id='line_1_3' title="bbox 520 570 2095 641; baseline 0.001 -16"><span class='ocrx_word' id='word_1_16' title='bbox 520 573 780 638; x_wconf 71' lang='lat' dir='ltr'><strong>continuet,</strong></span> <span class='ocrx_word' id='word_1_17' title='bbox 813 572 865 626; x_wconf 93' lang='lat' dir='ltr'><strong>in</strong></span> <span class='ocrx_word' id='word_1_18' title='bbox 896 571 1179 625; x_wconf 90' lang='lat' dir='ltr'><strong>securitate</strong></span> <span class='ocrx_word' id='word_1_19' title='bbox 1207 570 1433 641; x_wconf 87' lang='lat' dir='ltr'><strong>plurima</strong></span> <span class='ocrx_word' id='word_1_20' title='bbox 1460 585 1583 626; x_wconf 88' lang='lat' dir='ltr'><strong>cum</strong></span> <span class='ocrx_word' id='word_1_21' title='bbox 1612 570 1777 626; x_wconf 92' lang='lat' dir='ltr'><strong>multa</strong></span> <span class='ocrx_word' id='word_1_22' title='bbox 1809 572 1952 626; x_wconf 80' lang='lat' dir='ltr'><strong>vivet</strong></span> <span class='ocrx_word' id='word_1_23' title='bbox 1997 586 2095 627; x_wconf 79' lang='lat' dir='ltr'><strong>vo-</strong></span> 
     </span>
    </p>
   </div>
   <div class='ocr_carea' id='block_1_4' title="bbox 512 664 743 734">
    <p class='ocr_par' dir='ltr' id='par_1_4' title="bbox 512 664 743 734">
     <span class='ocr_line' id='line_1_4' title="bbox 512 664 743 734; baseline 0.009 -16"><span class='ocrx_word' id='word_1_24' title='bbox 512 664 566 718; x_wconf 89' lang='lat' dir='ltr'><strong>lu</strong></span> <span class='ocrx_word' id='word_1_25' title='bbox 578 673 743 734; x_wconf 88' lang='lat' dir='ltr'><strong>ptate.</strong></span> 
     </span>
    </p>
   </div>
   <div class='ocr_carea' id='block_1_5' title="bbox 589 752 2093 823">
    <p class='ocr_par' dir='ltr' id='par_1_5' title="bbox 589 752 2093 823">
     <span class='ocr_line' id='line_1_5' title="bbox 589 752 2093 823; baseline -0.001 -15"><span class='ocrx_word' id='word_1_26' title='bbox 589 754 847 808; x_wconf 85' lang='lat' dir='ltr'><strong>Detractio</strong></span> <span class='ocrx_word' id='word_1_27' title='bbox 898 752 1122 807; x_wconf 79' lang='lat' dir='ltr'><strong>vitanda.</strong></span> <span class='ocrx_word' id='word_1_28' title='bbox 1174 781 1246 794; x_wconf 92' lang='lat'><strong>—-</strong></span> <span class='ocrx_word' id='word_1_29' title='bbox 1287 752 1485 807; x_wconf 79' lang='lat' dir='ltr'><strong>Audisti</strong></span> <span class='ocrx_word' id='word_1_30' title='bbox 1532 753 1857 807; x_wconf 72' lang='lat' dir='ltr'><strong>sermonem?</strong></span> <span class='ocrx_word' id='word_1_31' title='bbox 1904 752 2093 823; x_wconf 88' lang='lat' dir='ltr'><strong>inquit.</strong></span> 
     </span>
    </p>
   </div>
   <div class='ocr_carea' id='block_1_6' title="bbox 521 844 2096 916">
    <p class='ocr_par' dir='ltr' id='par_1_6' title="bbox 521 844 2096 916">
     <span class='ocr_line' id='line_1_6' title="bbox 521 844 2096 916; baseline 0 -18"><span class='ocrx_word' id='word_1_32' title='bbox 521 847 766 899; x_wconf 79' lang='lat' dir='ltr'><strong>moriatur</strong></span> <span class='ocrx_word' id='word_1_33' title='bbox 784 846 837 898; x_wconf 81' lang='lat' dir='ltr'><strong>in</strong></span> <span class='ocrx_word' id='word_1_34' title='bbox 861 855 909 898; x_wconf 86' lang='lat' dir='ltr'><strong>te</strong></span> <span class='ocrx_word' id='word_1_35' title='bbox 935 860 953 899; x_wconf 91' lang='lat'><strong><em>:</em></strong></span> <span class='ocrx_word' id='word_1_36' title='bbox 979 844 1196 912; x_wconf 73' lang='lat' dir='ltr'><strong>con/ide,</strong></span> <span class='ocrx_word' id='word_1_37' title='bbox 1226 861 1326 899; x_wconf 79' lang='lat' dir='ltr'><strong>non</strong></span> <span class='ocrx_word' id='word_1_38' title='bbox 1357 854 1404 898; x_wconf 81' lang='lat' dir='ltr'><strong>te</strong></span> <span class='ocrx_word' id='word_1_39' title='bbox 1429 846 1705 913; x_wconf 78' lang='lat' dir='ltr'><strong>disrampet</strong></span> <span class='ocrx_word' id='word_1_40' title='bbox 1759 846 1778 916; x_wconf 95' lang='lat'>(</span> <span class='ocrx_word' id='word_1_41' title='bbox 1808 845 1969 899; x_wconf 84' lang='lat' dir='ltr'><strong>Eccli.</strong></span> <span class='ocrx_word' id='word_1_42' title='bbox 2000 846 2096 900; x_wconf 77' lang='lat' dir='ltr'><strong>l9.</strong></span> 
     </span>
    </p>
   </div>
   <div class='ocr_carea' id='block_1_7' title="bbox 520 933 2097 1004">
    <p class='ocr_par' dir='ltr' id='par_1_7' title="bbox 520 933 2097 1004">
     <span class='ocr_line' id='line_1_7' title="bbox 520 933 2097 1004; baseline 0.001 -16"><span class='ocrx_word' id='word_1_43' title='bbox 520 934 632 1002; x_wconf 67' lang='lat'><strong>£0).</strong></span> <span class='ocrx_word' id='word_1_44' title='bbox 659 933 794 999; x_wconf 86' lang='lat' dir='ltr'><strong>Quid</strong></span> <span class='ocrx_word' id='word_1_45' title='bbox 815 943 919 999; x_wconf 88' lang='lat' dir='ltr'><strong>est,</strong></span> <span class='ocrx_word' id='word_1_46' title='bbox 949 933 1201 987; x_wconf 72' lang='lat' dir='ltr'><strong>Moriatur</strong></span> <span class='ocrx_word' id='word_1_47' title='bbox 1226 934 1277 987; x_wconf 85' lang='lat' dir='ltr'><strong>in</strong></span> <span class='ocrx_word' id='word_1_48' title='bbox 1304 934 1392 987; x_wconf 78' lang='lat' dir='ltr'><strong>te?</strong></span> <span class='ocrx_word' id='word_1_49' title='bbox 1418 935 1705 1004; x_wconf 79' lang='lat' dir='ltr'><strong>Esstingue</strong></span> <span class='ocrx_word' id='word_1_50' title='bbox 1724 934 1919 1003; x_wconf 88' lang='lat' dir='ltr'><strong>ipsum,</strong></span> <span class='ocrx_word' id='word_1_51' title='bbox 1947 934 2097 990; x_wconf 86' lang='lat' dir='ltr'><strong>defo-</strong></span> 
     </span>
    </p>
   </div>
   <div class='ocr_carea' id='block_1_8' title="bbox 518 1024 2097 1095">
    <p class='ocr_par' dir='ltr' id='par_1_8' title="bbox 518 1024 2097 1095">
     <span class='ocr_line' id='line_1_8' title="bbox 518 1024 2097 1095; baseline 0.003 -18"><span class='ocrx_word' id='word_1_52' title='bbox 518 1024 650 1089; x_wconf 88' lang='lat' dir='ltr'><strong>dito,</strong></span> <span class='ocrx_word' id='word_1_53' title='bbox 681 1039 780 1079; x_wconf 90' lang='lat' dir='ltr'><strong>nec</strong></span> <span class='ocrx_word' id='word_1_54' title='bbox 807 1026 973 1090; x_wconf 78' lang='lat' dir='ltr'><strong>exire,</strong></span> <span class='ocrx_word' id='word_1_55' title='bbox 1003 1040 1176 1094; x_wconf 86' lang='lat' dir='ltr'><strong>neque</strong></span> <span class='ocrx_word' id='word_1_56' title='bbox 1208 1026 1415 1094; x_wconf 83' lang='lat' dir='ltr'><strong>penitus</strong></span> <span class='ocrx_word' id='word_1_57' title='bbox 1437 1026 1640 1081; x_wconf 83' lang='lat' dir='ltr'><strong>moveri</strong></span> <span class='ocrx_word' id='word_1_58' title='bbox 1662 1026 1972 1095; x_wconf 77' lang='lat' dir='ltr'><strong>permittas;</strong></span> <span class='ocrx_word' id='word_1_59' title='bbox 2002 1026 2097 1082; x_wconf 88' lang='lat' dir='ltr'><strong>sed</strong></span> 
     </span>
    </p>
   </div>
   <div class='ocr_carea' id='block_1_9' title="bbox 520 1118 2098 1189">
    <p class='ocr_par' dir='ltr' id='par_1_9' title="bbox 520 1118 2098 1189">
     <span class='ocr_line' id='line_1_9' title="bbox 520 1118 2098 1189; baseline 0.002 -17"><span class='ocrx_word' id='word_1_60' title='bbox 520 1119 756 1173; x_wconf 76' lang='lat' dir='ltr'><strong>maxime</strong></span> <span class='ocrx_word' id='word_1_61' title='bbox 782 1118 955 1184; x_wconf 89' lang='lat' dir='ltr'><strong>stude,</strong></span> <span class='ocrx_word' id='word_1_62' title='bbox 987 1133 1087 1176; x_wconf 86' lang='lat' dir='ltr'><strong>nec</strong></span> <span class='ocrx_word' id='word_1_63' title='bbox 1109 1120 1244 1174; x_wconf 91' lang='lat' dir='ltr'><strong>alios</strong></span> <span class='ocrx_word' id='word_1_64' title='bbox 1281 1120 1493 1189; x_wconf 84' lang='lat' dir='ltr'><strong>quidem</strong></span> <span class='ocrx_word' id='word_1_65' title='bbox 1524 1120 1663 1174; x_wconf 90' lang='lat' dir='ltr'><strong>male</strong></span> <span class='ocrx_word' id='word_1_66' title='bbox 1688 1120 1925 1175; x_wconf 87' lang='lat' dir='ltr'><strong>dicentes</strong></span> <span class='ocrx_word' id='word_1_67' title='bbox 1961 1120 2098 1175; x_wconf 88' lang='lat' dir='ltr'><strong>tole-</strong></span> 
     </span>
    </p>
   </div>
   <div class='ocr_carea' id='block_1_10' title="bbox 520 1208 2098 1277">
    <p class='ocr_par' dir='ltr' id='par_1_10' title="bbox 520 1208 2098 1277">
     <span class='ocr_line' id='line_1_10' title="bbox 520 1208 2098 1277; baseline 0.003 -15"><span class='ocrx_word' id='word_1_68' title='bbox 520 1222 661 1262; x_wconf 87' lang='lat' dir='ltr'><strong>rare.</strong></span> <span class='ocrx_word' id='word_1_69' title='bbox 683 1208 835 1276; x_wconf 84' lang='lat' dir='ltr'><strong>Quod</strong></span> <span class='ocrx_word' id='word_1_70' title='bbox 862 1209 906 1262; x_wconf 89' lang='lat' dir='ltr'><strong>si</strong></span> <span class='ocrx_word' id='word_1_71' title='bbox 935 1209 1143 1277; x_wconf 89' lang='lat' dir='ltr'><strong>quando</strong></span> <span class='ocrx_word' id='word_1_72' title='bbox 1168 1218 1222 1264; x_wconf 90' lang='lat' dir='ltr'><strong>et</strong></span> <span class='ocrx_word' id='word_1_73' title='bbox 1242 1211 1564 1277; x_wconf 84' lang='lat' dir='ltr'><strong>susceperis,</strong></span> <span class='ocrx_word' id='word_1_74' title='bbox 1584 1210 1827 1273; x_wconf 89' lang='lat' dir='ltr'><strong>iufodito,</strong></span> <span class='ocrx_word' id='word_1_75' title='bbox 1852 1211 2098 1266; x_wconf 81' lang='lat' dir='ltr'><strong>interimo</strong></span> 
     </span>
    </p>
   </div>
   <div class='ocr_carea' id='block_1_11' title="bbox 518 1298 2095 1371">
    <p class='ocr_par' dir='ltr' id='par_1_11' title="bbox 518 1298 2095 1371">
     <span class='ocr_line' id='line_1_11' title="bbox 518 1298 2095 1371; baseline 0.003 -19"><span class='ocrx_word' id='word_1_76' title='bbox 518 1298 742 1364; x_wconf 89' lang='lat' dir='ltr'><strong>dictum,</strong></span> <span class='ocrx_word' id='word_1_77' title='bbox 772 1300 1023 1353; x_wconf 79' lang='lat' dir='ltr'><strong>oblivioni</strong></span> <span class='ocrx_word' id='word_1_78' title='bbox 1052 1300 1220 1367; x_wconf 90' lang='lat' dir='ltr'><strong>trade,</strong></span> <span class='ocrx_word' id='word_1_79' title='bbox 1259 1311 1316 1354; x_wconf 92' lang='lat' dir='ltr'><strong>ut</strong></span> <span class='ocrx_word' id='word_1_80' title='bbox 1359 1300 1423 1354; x_wconf 92' lang='lat' dir='ltr'><strong>iis</strong></span> <span class='ocrx_word' id='word_1_81' title='bbox 1450 1301 1537 1371; x_wconf 88' lang='lat' dir='ltr'><strong>qui</strong></span> <span class='ocrx_word' id='word_1_82' title='bbox 1575 1316 1683 1355; x_wconf 91' lang='lat' dir='ltr'><strong>non</strong></span> <span class='ocrx_word' id='word_1_83' title='bbox 1722 1301 1986 1356; x_wconf 81' lang='lat' dir='ltr'><strong>audierint</strong></span> <span class='ocrx_word' id='word_1_84' title='bbox 2018 1301 2095 1356; x_wconf 88' lang='lat' dir='ltr'><strong>si-</strong></span> 
     </span>
    </p>
   </div>
   <div class='ocr_carea' id='block_1_12' title="bbox 522 1388 2097 1461">
    <p class='ocr_par' dir='ltr' id='par_1_12' title="bbox 522 1388 2097 1461">
     <span class='ocr_line' id='line_1_12' title="bbox 522 1388 2097 1461; baseline 0.003 -20"><span class='ocrx_word' id='word_1_85' title='bbox 522 1388 665 1443; x_wconf 83' lang='lat' dir='ltr'><strong>milis</strong></span> <span class='ocrx_word' id='word_1_86' title='bbox 690 1389 805 1455; x_wconf 88' lang='lat' dir='ltr'><strong>ﬁas,</strong></span> <span class='ocrx_word' id='word_1_87' title='bbox 828 1399 883 1445; x_wconf 90' lang='lat' dir='ltr'><strong>et</strong></span> <span class='ocrx_word' id='word_1_88' title='bbox 910 1405 1030 1444; x_wconf 91' lang='lat' dir='ltr'><strong>cum</strong></span> <span class='ocrx_word' id='word_1_89' title='bbox 1059 1393 1218 1444; x_wconf 90' lang='lat' dir='ltr'><strong>multa</strong></span> <span class='ocrx_word' id='word_1_90' title='bbox 1243 1405 1372 1460; x_wconf 83' lang='lat' dir='ltr'><strong>pace</strong></span> <span class='ocrx_word' id='word_1_91' title='bbox 1390 1399 1443 1445; x_wconf 92' lang='lat' dir='ltr'><strong>et</strong></span> <span class='ocrx_word' id='word_1_92' title='bbox 1474 1391 1758 1445; x_wconf 82' lang='lat' dir='ltr'><strong>securitate</strong></span> <span class='ocrx_word' id='word_1_93' title='bbox 1782 1399 2097 1461; x_wconf 65' lang='lat' dir='ltr'><strong>praesentem</strong></span> 
     </span>
    </p>
   </div>
   <div class='ocr_carea' id='block_1_13' title="bbox 522 1478 2099 1551">
    <p class='ocr_par' dir='ltr' id='par_1_13' title="bbox 522 1478 2099 1551">
     <span class='ocr_line' id='line_1_13' title="bbox 522 1478 2099 1551; baseline 0.004 -22"><span class='ocrx_word' id='word_1_94' title='bbox 522 1478 786 1548; x_wconf 73' lang='lat' dir='ltr'><strong>transigas</strong></span> <span class='ocrx_word' id='word_1_95' title='bbox 839 1479 1022 1534; x_wconf 85' lang='lat' dir='ltr'><strong>vitam.</strong></span> <span class='ocrx_word' id='word_1_96' title='bbox 1054 1479 1108 1535; x_wconf 85' lang='lat' dir='ltr'><strong>Si</strong></span> <span class='ocrx_word' id='word_1_97' title='bbox 1137 1479 1407 1535; x_wconf 81' lang='lat' dir='ltr'><strong>delatores</strong></span> <span class='ocrx_word' id='word_1_98' title='bbox 1453 1480 1755 1545; x_wconf 85' lang='lat' dir='ltr'><strong>didicerint,</strong></span> <span class='ocrx_word' id='word_1_99' title='bbox 1785 1481 1924 1551; x_wconf 90' lang='lat' dir='ltr'><strong>quod</strong></span> <span class='ocrx_word' id='word_1_100' title='bbox 1954 1483 2099 1551; x_wconf 85' lang='lat' dir='ltr'><strong>ipsos</strong></span> 
     </span>
    </p>
   </div>
   <div class='ocr_carea' id='block_1_14' title="bbox 524 1567 2101 1640">
    <p class='ocr_par' dir='ltr' id='par_1_14' title="bbox 524 1567 2101 1640">
     <span class='ocr_line' id='line_1_14' title="bbox 524 1567 2101 1640; baseline 0.004 -20"><span class='ocrx_word' id='word_1_101' title='bbox 524 1567 692 1637; x_wconf 88' lang='lat' dir='ltr'><strong>magis</strong></span> <span class='ocrx_word' id='word_1_102' title='bbox 712 1582 868 1636; x_wconf 90' lang='lat' dir='ltr'><strong>quam</strong></span> <span class='ocrx_word' id='word_1_103' title='bbox 908 1578 1186 1624; x_wconf 82' lang='lat' dir='ltr'><strong>accusatos</strong></span> <span class='ocrx_word' id='word_1_104' title='bbox 1212 1584 1542 1637; x_wconf 88' lang='lat' dir='ltr'><strong>aversemur,</strong></span> <span class='ocrx_word' id='word_1_105' title='bbox 1577 1580 1632 1625; x_wconf 92' lang='lat' dir='ltr'><strong>et</strong></span> <span class='ocrx_word' id='word_1_106' title='bbox 1660 1570 1759 1640; x_wconf 88' lang='lat' dir='ltr'><strong>ipsi</strong></span> <span class='ocrx_word' id='word_1_107' title='bbox 1790 1571 2001 1626; x_wconf 86' lang='lat' dir='ltr'><strong>tandem</strong></span> <span class='ocrx_word' id='word_1_108' title='bbox 2030 1572 2101 1627; x_wconf 91' lang='lat' dir='ltr'><strong>ab</strong></span> 
     </span>
    </p>
   </div>
   <div class='ocr_carea' id='block_1_15' title="bbox 523 1656 2101 1730">
    <p class='ocr_par' dir='ltr' id='par_1_15' title="bbox 523 1656 2101 1730">
     <span class='ocr_line' id='line_1_15' title="bbox 523 1656 2101 1730; baseline 0.004 -19"><span class='ocrx_word' id='word_1_109' title='bbox 523 1656 624 1712; x_wconf 83' lang='lat' dir='ltr'><strong>hac</strong></span> <span class='ocrx_word' id='word_1_110' title='bbox 653 1659 788 1713; x_wconf 90' lang='lat' dir='ltr'><strong>mala</strong></span> <span class='ocrx_word' id='word_1_111' title='bbox 836 1659 1217 1714; x_wconf 88' lang='lat' dir='ltr'><strong>consuetudine</strong></span> <span class='ocrx_word' id='word_1_112' title='bbox 1249 1660 1527 1725; x_wconf 74' lang='lat' dir='ltr'><strong>desistant,</strong></span> <span class='ocrx_word' id='word_1_113' title='bbox 1574 1670 1628 1715; x_wconf 91' lang='lat' dir='ltr'><strong>et</strong></span> <span class='ocrx_word' id='word_1_114' title='bbox 1656 1671 1928 1730; x_wconf 90' lang='lat' dir='ltr'><strong>peccatum</strong></span> <span class='ocrx_word' id='word_1_115' title='bbox 1973 1677 2101 1717; x_wconf 87' lang='lat' dir='ltr'><strong>cor-</strong></span> 
     </span>
    </p>
   </div>
   <div class='ocr_carea' id='block_1_16' title="bbox 523 1749 2100 1823">
    <p class='ocr_par' dir='ltr' id='par_1_16' title="bbox 523 1749 2100 1823">
     <span class='ocr_line' id='line_1_16' title="bbox 523 1749 2100 1823; baseline 0.004 -21"><span class='ocrx_word' id='word_1_116' title='bbox 523 1749 717 1819; x_wconf 91' lang='lat' dir='ltr'><strong>rigent,</strong></span> <span class='ocrx_word' id='word_1_117' title='bbox 745 1760 798 1804; x_wconf 91' lang='lat' dir='ltr'><strong>et</strong></span> <span class='ocrx_word' id='word_1_118' title='bbox 822 1750 1109 1805; x_wconf 89' lang='lat' dir='ltr'><strong>laudabunt</strong></span> <span class='ocrx_word' id='word_1_119' title='bbox 1142 1752 1398 1821; x_wconf 66' lang='lat' dir='ltr'><strong>posthaec,</strong></span> <span class='ocrx_word' id='word_1_120' title='bbox 1422 1761 1477 1807; x_wconf 91' lang='lat' dir='ltr'><strong>et</strong></span> <span class='ocrx_word' id='word_1_121' title='bbox 1496 1767 1593 1807; x_wconf 89' lang='lat' dir='ltr'><strong>nos</strong></span> <span class='ocrx_word' id='word_1_122' title='bbox 1617 1753 1761 1823; x_wconf 86' lang='lat' dir='ltr'><strong>ipsos</strong></span> <span class='ocrx_word' id='word_1_123' title='bbox 1788 1753 1939 1823; x_wconf 89' lang='lat' dir='ltr'><strong>quasi</strong></span> <span class='ocrx_word' id='word_1_124' title='bbox 1972 1768 2100 1809; x_wconf 91' lang='lat' dir='ltr'><strong>suos</strong></span> 
     </span>
    </p>
   </div>
   <div class='ocr_carea' id='block_1_17' title="bbox 522 1840 2096 1911">
    <p class='ocr_par' dir='ltr' id='par_1_17' title="bbox 522 1840 2096 1911">
     <span class='ocr_line' id='line_1_17' title="bbox 522 1840 2096 1911; baseline 0.005 -20"><span class='ocrx_word' id='word_1_125' title='bbox 522 1848 826 1895; x_wconf 88' lang='lat' dir='ltr'><strong>servatores</strong></span> <span class='ocrx_word' id='word_1_126' title='bbox 858 1851 913 1895; x_wconf 93' lang='lat' dir='ltr'><strong>et</strong></span> <span class='ocrx_word' id='word_1_127' title='bbox 941 1840 1306 1896; x_wconf 86' lang='lat' dir='ltr'><strong>benefactores</strong></span> <span class='ocrx_word' id='word_1_128' title='bbox 1353 1841 1737 1911; x_wconf 71' lang='lat' dir='ltr'><strong>prmdicabunt.</strong></span> <span class='ocrx_word' id='word_1_129' title='bbox 1781 1842 1930 1898; x_wconf 88' lang='lat' dir='ltr'><strong>Sicut</strong></span> <span class='ocrx_word' id='word_1_130' title='bbox 1954 1844 2096 1899; x_wconf 89' lang='lat' dir='ltr'><strong>enim</strong></span> 
     </span>
    </p>
   </div>
   <div class='ocr_carea' id='block_1_18' title="bbox 526 1927 2101 1998">
    <p class='ocr_par' dir='ltr' id='par_1_18' title="bbox 526 1927 2101 1998">
     <span class='ocr_line' id='line_1_18' title="bbox 526 1927 2101 1998; baseline 0.004 -15"><span class='ocrx_word' id='word_1_131' title='bbox 526 1927 839 1985; x_wconf 84' lang='lat' dir='ltr'><strong>benedicere</strong></span> <span class='ocrx_word' id='word_1_132' title='bbox 864 1941 918 1986; x_wconf 92' lang='lat' dir='ltr'><strong>et</strong></span> <span class='ocrx_word' id='word_1_133' title='bbox 962 1932 1178 1986; x_wconf 88' lang='lat' dir='ltr'><strong>laudare</strong></span> <span class='ocrx_word' id='word_1_134' title='bbox 1206 1933 1472 1998; x_wconf 82' lang='lat' dir='ltr'><strong>amicitiae,</strong></span> <span class='ocrx_word' id='word_1_135' title='bbox 1503 1934 1580 1993; x_wconf 81' lang='lat' dir='ltr'><strong>sit:</strong></span> <span class='ocrx_word' id='word_1_136' title='bbox 1605 1942 1660 1989; x_wconf 92' lang='lat' dir='ltr'><strong>et</strong></span> <span class='ocrx_word' id='word_1_137' title='bbox 1703 1935 2021 1990; x_wconf 89' lang='lat' dir='ltr'><strong>maledicere</strong></span> <span class='ocrx_word' id='word_1_138' title='bbox 2044 1942 2101 1992; x_wconf 89' lang='lat' dir='ltr'><strong>et</strong></span> 
     </span>
    </p>
   </div>
   <div class='ocr_carea' id='block_1_19' title="bbox 522 2018 2099 2096">
    <p class='ocr_par' dir='ltr' id='par_1_19' title="bbox 522 2018 2099 2096">
     <span class='ocr_line' id='line_1_19' title="bbox 522 2018 2099 2096; baseline 0.006 -23"><span class='ocrx_word' id='word_1_139' title='bbox 522 2018 833 2075; x_wconf 80' lang='lat' dir='ltr'><strong>Calumniari</strong></span> <span class='ocrx_word' id='word_1_140' title='bbox 857 2022 1142 2077; x_wconf 64' lang='lat' dir='ltr'><strong>inimicitiae</strong></span> <span class='ocrx_word' id='word_1_141' title='bbox 1159 2031 1213 2078; x_wconf 93' lang='lat' dir='ltr'><strong>et</strong></span> <span class='ocrx_word' id='word_1_142' title='bbox 1232 2023 1338 2078; x_wconf 91' lang='lat' dir='ltr'><strong>odii</strong></span> <span class='ocrx_word' id='word_1_143' title='bbox 1364 2034 1417 2079; x_wconf 91' lang='lat' dir='ltr'><strong>et</strong></span> <span class='ocrx_word' id='word_1_144' title='bbox 1439 2024 1748 2093; x_wconf 85' lang='lat' dir='ltr'><strong>injuriarum</strong></span> <span class='ocrx_word' id='word_1_145' title='bbox 1780 2026 2099 2096; x_wconf 87' lang='lat' dir='ltr'><strong>principium</strong></span> 
     </span>
    </p>
   </div>
   <div class='ocr_carea' id='block_1_20' title="bbox 523 2112 2102 2180">
    <p class='ocr_par' dir='ltr' id='par_1_20' title="bbox 523 2112 2102 2180">
     <span class='ocr_line' id='line_1_20' title="bbox 523 2112 2102 2180; baseline 0.006 -17"><span class='ocrx_word' id='word_1_146' title='bbox 523 2117 625 2172; x_wconf 89' lang='lat' dir='ltr'><strong>est,</strong></span> <span class='ocrx_word' id='word_1_147' title='bbox 644 2119 802 2180; x_wconf 90' lang='lat' dir='ltr'><strong>atque</strong></span> <span class='ocrx_word' id='word_1_148' title='bbox 828 2112 1150 2168; x_wconf 89' lang='lat' dir='ltr'><strong>inﬁnitarum</strong></span> <span class='ocrx_word' id='word_1_149' title='bbox 1182 2114 1567 2170; x_wconf 89' lang='lat' dir='ltr'><strong>discordiarum</strong></span> <span class='ocrx_word' id='word_1_150' title='bbox 1593 2117 1838 2172; x_wconf 86' lang='lat' dir='ltr'><strong>materia.</strong></span> <span class='ocrx_word' id='word_1_151' title='bbox 1865 2116 1978 2172; x_wconf 86' lang='lat' dir='ltr'><strong>Non</strong></span> <span class='ocrx_word' id='word_1_152' title='bbox 1999 2118 2102 2173; x_wconf 88' lang='lat' dir='ltr'><strong>ali-</strong></span> 
     </span>
    </p>
   </div>
   <div class='ocr_carea' id='block_1_21' title="bbox 529 2199 2101 2276">
    <p class='ocr_par' dir='ltr' id='par_1_21' title="bbox 529 2199 2101 2276">
     <span class='ocr_line' id='line_1_21' title="bbox 529 2199 2101 2276; baseline 0.006 -23"><span class='ocrx_word' id='word_1_153' title='bbox 529 2199 670 2255; x_wconf 89' lang='lat' dir='ltr'><strong>unde</strong></span> <span class='ocrx_word' id='word_1_154' title='bbox 720 2210 900 2257; x_wconf 89' lang='lat' dir='ltr'><strong>nostra</strong></span> <span class='ocrx_word' id='word_1_155' title='bbox 945 2204 1300 2273; x_wconf 88' lang='lat' dir='ltr'><strong>negliguntur,</strong></span> <span class='ocrx_word' id='word_1_156' title='bbox 1354 2220 1512 2275; x_wconf 91' lang='lat' dir='ltr'><strong>quam</strong></span> <span class='ocrx_word' id='word_1_157' title='bbox 1576 2206 1715 2276; x_wconf 92' lang='lat' dir='ltr'><strong>quod</strong></span> <span class='ocrx_word' id='word_1_158' title='bbox 1753 2206 1928 2262; x_wconf 88' lang='lat' dir='ltr'><strong>aliena</strong></span> <span class='ocrx_word' id='word_1_159' title='bbox 1953 2215 2101 2262; x_wconf 63' lang='lat' dir='ltr'><strong>sata-</strong></span> 
     </span>
    </p>
   </div>
   <div class='ocr_carea' id='block_1_22' title="bbox 526 2290 2100 2362">
    <p class='ocr_par' dir='ltr' id='par_1_22' title="bbox 526 2290 2100 2362">
     <span class='ocr_line' id='line_1_22' title="bbox 526 2290 2100 2362; baseline 0.006 -19"><span class='ocrx_word' id='word_1_160' title='bbox 526 2290 700 2359; x_wconf 89' lang='lat' dir='ltr'><strong>gimus</strong></span> <span class='ocrx_word' id='word_1_161' title='bbox 723 2293 1037 2362; x_wconf 89' lang='lat' dir='ltr'><strong>curioseque</strong></span> <span class='ocrx_word' id='word_1_162' title='bbox 1052 2303 1388 2349; x_wconf 87' lang='lat' dir='ltr'><strong>scrutamur:</strong></span> <span class='ocrx_word' id='word_1_163' title='bbox 1418 2310 1524 2349; x_wconf 91' lang='lat' dir='ltr'><strong>non</strong></span> <span class='ocrx_word' id='word_1_164' title='bbox 1550 2296 1692 2350; x_wconf 90' lang='lat' dir='ltr'><strong>enim</strong></span> <span class='ocrx_word' id='word_1_165' title='bbox 1718 2306 1871 2352; x_wconf 91' lang='lat' dir='ltr'><strong>vacat</strong></span> <span class='ocrx_word' id='word_1_166' title='bbox 1899 2297 2100 2353; x_wconf 83' lang='lat' dir='ltr'><strong>homini</strong></span> 
     </span>
    </p>
   </div>
   <div class='ocr_carea' id='block_1_23' title="bbox 528 2380 2105 2462">
    <p class='ocr_par' dir='ltr' id='par_1_23' title="bbox 528 2380 2105 2462">
     <span class='ocr_line' id='line_1_23' title="bbox 528 2380 2105 2462; baseline 0.008 -28"><span class='ocrx_word' id='word_1_167' title='bbox 528 2380 808 2450; x_wconf 88' lang='lat' dir='ltr'><strong>maledico,</strong></span> <span class='ocrx_word' id='word_1_168' title='bbox 831 2393 885 2439; x_wconf 91' lang='lat' dir='ltr'><strong>et</strong></span> <span class='ocrx_word' id='word_1_169' title='bbox 900 2384 1104 2441; x_wconf 87' lang='lat' dir='ltr'><strong>alienos</strong></span> <span class='ocrx_word' id='word_1_170' title='bbox 1119 2388 1416 2456; x_wconf 79' lang='lat' dir='ltr'><strong>exquirenti</strong></span> <span class='ocrx_word' id='word_1_171' title='bbox 1431 2402 1627 2454; x_wconf 90' lang='lat' dir='ltr'><strong>mores,</strong></span> <span class='ocrx_word' id='word_1_172' title='bbox 1651 2391 1918 2460; x_wconf 87' lang='lat' dir='ltr'><strong>propriam</strong></span> <span class='ocrx_word' id='word_1_173' title='bbox 1935 2407 2105 2462; x_wconf 85' lang='lat' dir='ltr'><strong>quan-</strong></span> 
     </span>
    </p>
   </div>
   <div class='ocr_carea' id='block_1_24' title="bbox 524 2473 2101 2544">
    <p class='ocr_par' dir='ltr' id='par_1_24' title="bbox 524 2473 2101 2544">
     <span class='ocr_line' id='line_1_24' title="bbox 524 2473 2101 2544; baseline 0.006 -16"><span class='ocrx_word' id='word_1_174' title='bbox 524 2473 702 2544; x_wconf 87' lang='lat' dir='ltr'><strong>doque</strong></span> <span class='ocrx_word' id='word_1_175' title='bbox 727 2476 889 2530; x_wconf 91' lang='lat' dir='ltr'><strong>vitam</strong></span> <span class='ocrx_word' id='word_1_176' title='bbox 916 2491 1106 2532; x_wconf 88' lang='lat' dir='ltr'><strong>curare</strong></span> <span class='ocrx_word' id='word_1_177' title='bbox 1134 2495 1148 2531; x_wconf 87' lang='lat'><strong>:</strong></span> <span class='ocrx_word' id='word_1_178' title='bbox 1178 2478 1355 2533; x_wconf 89' lang='lat' dir='ltr'><strong>studio</strong></span> <span class='ocrx_word' id='word_1_179' title='bbox 1378 2480 1519 2535; x_wconf 92' lang='lat' dir='ltr'><strong>enim</strong></span> <span class='ocrx_word' id='word_1_180' title='bbox 1548 2481 1690 2535; x_wconf 90' lang='lat' dir='ltr'><strong>omni</strong></span> <span class='ocrx_word' id='word_1_181' title='bbox 1723 2481 1774 2535; x_wconf 94' lang='lat' dir='ltr'><strong>in</strong></span> <span class='ocrx_word' id='word_1_182' title='bbox 1804 2482 2101 2537; x_wconf 87' lang='lat' dir='ltr'><strong>alienorum</strong></span> 
     </span>
    </p>
   </div>
   <div class='ocr_carea' id='block_1_25' title="bbox 524 2566 2103 2644">
    <p class='ocr_par' dir='ltr' id='par_1_25' title="bbox 524 2566 2103 2644">
     <span class='ocr_line' id='line_1_25' title="bbox 524 2566 2103 2644; baseline 0.007 -25"><span class='ocrx_word' id='word_1_183' title='bbox 524 2566 887 2622; x_wconf 85' lang='lat' dir='ltr'><strong>curiositatem</strong></span> <span class='ocrx_word' id='word_1_184' title='bbox 916 2569 1177 2641; x_wconf 71' lang='lat' dir='ltr'><strong>impenso,</strong></span> <span class='ocrx_word' id='word_1_185' title='bbox 1209 2585 1429 2627; x_wconf 86' lang='lat' dir='ltr'><strong>necesse</strong></span> <span class='ocrx_word' id='word_1_186' title='bbox 1453 2581 1537 2628; x_wconf 90' lang='lat' dir='ltr'><strong>est</strong></span> <span class='ocrx_word' id='word_1_187' title='bbox 1558 2574 1734 2628; x_wconf 87' lang='lat' dir='ltr'><strong>omnia</strong></span> <span class='ocrx_word' id='word_1_188' title='bbox 1762 2573 1876 2644; x_wconf 90' lang='lat' dir='ltr'><strong>ejus</strong></span> <span class='ocrx_word' id='word_1_189' title='bbox 1901 2581 2103 2630; x_wconf 89' lang='lat' dir='ltr'><strong>temere</strong></span> 
     </span>
    </p>
   </div>
   <div class='ocr_carea' id='block_1_26' title="bbox 525 2659 2101 2735">
    <p class='ocr_par' dir='ltr' id='par_1_26' title="bbox 525 2659 2101 2735">
     <span class='ocr_line' id='line_1_26' title="bbox 525 2659 2101 2735; baseline 0.004 -22"><span class='ocrx_word' id='word_1_190' title='bbox 525 2665 582 2713; x_wconf 90' lang='lat' dir='ltr'><strong>et</strong></span> <span class='ocrx_word' id='word_1_191' title='bbox 607 2659 937 2730; x_wconf 87' lang='lat' dir='ltr'><strong>negligenter</strong></span> <span class='ocrx_word' id='word_1_192' title='bbox 957 2661 1157 2730; x_wconf 89' lang='lat' dir='ltr'><strong>jacere.</strong></span> <span class='ocrx_word' id='word_1_193' title='bbox 1188 2662 1398 2718; x_wconf 90' lang='lat' dir='ltr'><strong>Etenim</strong></span> <span class='ocrx_word' id='word_1_194' title='bbox 1430 2663 1566 2718; x_wconf 88' lang='lat' dir='ltr'><strong>bene</strong></span> <span class='ocrx_word' id='word_1_195' title='bbox 1591 2664 1867 2719; x_wconf 86' lang='lat' dir='ltr'><strong>nobiscum</strong></span> <span class='ocrx_word' id='word_1_196' title='bbox 1892 2665 1974 2735; x_wconf 87' lang='lat' dir='ltr'><strong>agi</strong></span> <span class='ocrx_word' id='word_1_197' title='bbox 2000 2680 2101 2735; x_wconf 90' lang='lat' dir='ltr'><strong>pu-</strong></span> 
     </span>
    </p>
   </div>
   <div class='ocr_carea' id='block_1_27' title="bbox 528 2750 2101 2826">
    <p class='ocr_par' dir='ltr' id='par_1_27' title="bbox 528 2750 2101 2826">
     <span class='ocr_line' id='line_1_27' title="bbox 528 2750 2101 2826; baseline 0.004 -22"><span class='ocrx_word' id='word_1_198' title='bbox 528 2750 744 2807; x_wconf 90' lang='lat' dir='ltr'><strong>tandum</strong></span> <span class='ocrx_word' id='word_1_199' title='bbox 788 2762 891 2818; x_wconf 91' lang='lat' dir='ltr'><strong>est,</strong></span> <span class='ocrx_word' id='word_1_200' title='bbox 946 2754 990 2807; x_wconf 93' lang='lat' dir='ltr'><strong>si</strong></span> <span class='ocrx_word' id='word_1_201' title='bbox 1034 2769 1193 2810; x_wconf 92' lang='lat' dir='ltr'><strong>omne</strong></span> <span class='ocrx_word' id='word_1_202' title='bbox 1229 2756 1394 2810; x_wconf 93' lang='lat' dir='ltr'><strong>otium</strong></span> <span class='ocrx_word' id='word_1_203' title='bbox 1441 2755 1497 2810; x_wconf 90' lang='lat' dir='ltr'><strong>in</strong></span> <span class='ocrx_word' id='word_1_204' title='bbox 1549 2757 1883 2826; x_wconf 87' lang='lat' dir='ltr'><strong>propriorum</strong></span> <span class='ocrx_word' id='word_1_205' title='bbox 1918 2773 2101 2813; x_wconf 91' lang='lat' dir='ltr'><strong>curam</strong></span> 
     </span>
    </p>
   </div>
   <div class='ocr_carea' id='block_1_28' title="bbox 498 2844 2103 2918">
    <p class='ocr_par' dir='ltr' id='par_1_28' title="bbox 498 2844 2103 2918">
     <span class='ocr_line' id='line_1_28' title="bbox 498 2844 2103 2918; baseline 0.004 -23"><span class='ocrx_word' id='word_1_206' title='bbox 498 2880 503 2885; x_wconf 75' lang='lat'><strong>.</strong></span> <span class='ocrx_word' id='word_1_207' title='bbox 530 2851 867 2911; x_wconf 87' lang='lat' dir='ltr'><strong>peccatorum</strong></span> <span class='ocrx_word' id='word_1_208' title='bbox 892 2854 947 2899; x_wconf 91' lang='lat' dir='ltr'><strong>et</strong></span> <span class='ocrx_word' id='word_1_209' title='bbox 968 2844 1223 2914; x_wconf 90' lang='lat' dir='ltr'><strong>judicium</strong></span> <span class='ocrx_word' id='word_1_210' title='bbox 1254 2846 1618 2916; x_wconf 88' lang='lat' dir='ltr'><strong>impendentes</strong></span> <span class='ocrx_word' id='word_1_211' title='bbox 1645 2848 1903 2917; x_wconf 91' lang='lat' dir='ltr'><strong>proﬁcere</strong></span> <span class='ocrx_word' id='word_1_212' title='bbox 1928 2848 2103 2918; x_wconf 86' lang='lat' dir='ltr'><strong>possi-</strong></span> 
     </span>
    </p>
   </div>
   <div class='ocr_carea' id='block_1_29' title="bbox 499 2936 2104 3008">
    <p class='ocr_par' dir='ltr' id='par_1_29' title="bbox 499 2936 2104 3008">
     <span class='ocr_line' id='line_1_29' title="bbox 499 2936 2104 3008; baseline 0.004 -21"><span class='ocrx_word' id='word_1_213' title='bbox 499 2943 651 2987; x_wconf 89' lang='lat' dir='ltr'><strong>.mus</strong></span> <span class='ocrx_word' id='word_1_214' title='bbox 679 2948 837 2988; x_wconf 89' lang='lat' dir='ltr'><strong>:cum</strong></span> <span class='ocrx_word' id='word_1_215' title='bbox 865 2950 994 2989; x_wconf 92' lang='lat' dir='ltr'><strong>vero</strong></span> <span class='ocrx_word' id='word_1_216' title='bbox 1034 2950 1245 3006; x_wconf 87' lang='lat' dir='ltr'><strong>semper</strong></span> <span class='ocrx_word' id='word_1_217' title='bbox 1278 2938 1447 2991; x_wconf 88' lang='lat' dir='ltr'><strong>aliena</strong></span> <span class='ocrx_word' id='word_1_218' title='bbox 1469 2951 1643 3003; x_wconf 89' lang='lat' dir='ltr'><strong>cures,</strong></span> <span class='ocrx_word' id='word_1_219' title='bbox 1666 2936 1878 3008; x_wconf 90' lang='lat' dir='ltr'><strong>quando</strong></span> <span class='ocrx_word' id='word_1_220' title='bbox 1902 2936 1971 2993; x_wconf 89' lang='lat' dir='ltr'><strong>de</strong></span> <span class='ocrx_word' id='word_1_221' title='bbox 2000 2938 2104 2994; x_wconf 90' lang='lat' dir='ltr'><strong>tuis</strong></span> 
     </span>
    </p>
   </div>
   <div class='ocr_carea' id='block_1_30' title="bbox 526 3022 1136 3080">
    <p class='ocr_par' dir='ltr' id='par_1_30' title="bbox 526 3022 1136 3080">
     <span class='ocr_line' id='line_1_30' title="bbox 526 3022 1136 3080; baseline 0.007 -4"><span class='ocrx_word' id='word_1_222' title='bbox 526 3022 785 3078; x_wconf 89' lang='lat' dir='ltr'><strong>sollicitus</strong></span> <span class='ocrx_word' id='word_1_223' title='bbox 806 3024 913 3078; x_wconf 91' lang='lat' dir='ltr'><strong>eris</strong></span> <span class='ocrx_word' id='word_1_224' title='bbox 937 3026 1136 3080; x_wconf 80' lang='lat' dir='ltr'><strong>malis?</strong></span> 
     </span>
    </p>
   </div>
   <div class='ocr_carea' id='block_1_31' title="bbox 517 3079 2101 3189">
    <p class='ocr_par' dir='ltr' id='par_1_31' title="bbox 517 3079 2101 3189">
     <span class='ocr_line' id='line_1_31' title="bbox 517 3079 2101 3189; baseline 0.001 -18"><span class='ocrx_word' id='word_1_225' title='bbox 517 3079 587 3171; x_wconf 55' lang='grc' dir='ltr'><em>ί</em></span> <span class='ocrx_word' id='word_1_226' title='bbox 597 3114 651 3170; x_wconf 87' lang='lat'><strong>6.</strong></span> <span class='ocrx_word' id='word_1_227' title='bbox 694 3115 980 3187; x_wconf 84' lang='lat' dir='ltr'><strong>Fugiamus</strong></span> <span class='ocrx_word' id='word_1_228' title='bbox 1004 3118 1182 3188; x_wconf 91' lang='lat' dir='ltr'><strong>igitur,</strong></span> <span class='ocrx_word' id='word_1_229' title='bbox 1206 3117 1408 3184; x_wconf 88' lang='lat' dir='ltr'><strong>dilecti,</strong></span> <span class='ocrx_word' id='word_1_230' title='bbox 1437 3117 1700 3189; x_wconf 86' lang='lat' dir='ltr'><strong>fugiamus</strong></span> <span class='ocrx_word' id='word_1_231' title='bbox 1722 3118 2101 3187; x_wconf 89' lang='lat' dir='ltr'><strong>detractiones,</strong></span> 
     </span>
    </p>
   </div>
   <div class='ocr_carea' id='block_1_32' title="bbox 530 3204 2103 3264">
    <p class='ocr_par' dir='ltr' id='par_1_32' title="bbox 530 3204 2103 3264">
     <span class='ocr_line' id='line_1_32' title="bbox 530 3204 2103 3264; baseline 0.003 -5"><span class='ocrx_word' id='word_1_232' title='bbox 530 3204 672 3259; x_wconf 90' lang='lat' dir='ltr'><strong>docti</strong></span> <span class='ocrx_word' id='word_1_233' title='bbox 699 3205 749 3260; x_wconf 94' lang='lat' dir='ltr'><strong>id</strong></span> <span class='ocrx_word' id='word_1_234' title='bbox 779 3222 899 3261; x_wconf 88' lang='lat' dir='ltr'><strong>esse</strong></span> <span class='ocrx_word' id='word_1_235' title='bbox 921 3215 1089 3262; x_wconf 89' lang='lat' dir='ltr'><strong>totum</strong></span> <span class='ocrx_word' id='word_1_236' title='bbox 1129 3207 1325 3264; x_wconf 89' lang='lat' dir='ltr'><strong>diaboli</strong></span> <span class='ocrx_word' id='word_1_237' title='bbox 1368 3209 1677 3264; x_wconf 85' lang='lat' dir='ltr'><strong>barathrum</strong></span> <span class='ocrx_word' id='word_1_238' title='bbox 1707 3218 1762 3263; x_wconf 92' lang='lat' dir='ltr'><strong>et</strong></span> <span class='ocrx_word' id='word_1_239' title='bbox 1791 3209 2103 3263; x_wconf 86' lang='lat' dir='ltr'><strong>insidiarum</strong></span> 
     </span>
    </p>
   </div>
   <div class='ocr_carea' id='block_1_33' title="bbox 528 3297 2108 3370">
    <p class='ocr_par' dir='ltr' id='par_1_33' title="bbox 528 3297 2108 3370">
     <span class='ocr_line' id='line_1_33' title="bbox 528 3297 2108 3370; baseline 0.003 -20"><span class='ocrx_word' id='word_1_240' title='bbox 528 3297 645 3365; x_wconf 91' lang='lat' dir='ltr'><strong>ejus</strong></span> <span class='ocrx_word' id='word_1_241' title='bbox 688 3298 985 3355; x_wconf 85' lang='lat' dir='ltr'><strong>latibulum.</strong></span> <span class='ocrx_word' id='word_1_242' title='bbox 1018 3298 1089 3356; x_wconf 87' lang='lat' dir='ltr'><strong>Ut</strong></span> <span class='ocrx_word' id='word_1_243' title='bbox 1128 3301 1270 3355; x_wconf 89' lang='lat' dir='ltr'><strong>enim</strong></span> <span class='ocrx_word' id='word_1_244' title='bbox 1301 3309 1480 3356; x_wconf 87' lang='lat' dir='ltr'><strong>nostra</strong></span> <span class='ocrx_word' id='word_1_245' title='bbox 1511 3300 1860 3370; x_wconf 76' lang='lat' dir='ltr'><strong>negligemus,</strong></span> <span class='ocrx_word' id='word_1_246' title='bbox 1896 3310 1949 3355; x_wconf 90' lang='lat' dir='ltr'><strong>et</strong></span> <span class='ocrx_word' id='word_1_247' title='bbox 1983 3314 2108 3370; x_wconf 89' lang='lat' dir='ltr'><strong>gra-</strong></span> 
     </span>
    </p>
   </div>
   <div class='ocr_carea' id='block_1_34' title="bbox 528 3390 2105 3459">
    <p class='ocr_par' dir='ltr' id='par_1_34' title="bbox 528 3390 2105 3459">
     <span class='ocr_line' id='line_1_34' title="bbox 528 3390 2105 3459; baseline 0.001 -15"><span class='ocrx_word' id='word_1_248' title='bbox 528 3390 706 3445; x_wconf 79' lang='lat' dir='ltr'><strong>viores</strong></span> <span class='ocrx_word' id='word_1_249' title='bbox 732 3392 886 3447; x_wconf 90' lang='lat' dir='ltr'><strong>nobis</strong></span> <span class='ocrx_word' id='word_1_250' title='bbox 913 3401 1093 3449; x_wconf 89' lang='lat' dir='ltr'><strong>reatus</strong></span> <span class='ocrx_word' id='word_1_251' title='bbox 1116 3393 1522 3459; x_wconf 83' lang='lat' dir='ltr'><strong>constituamus,</strong></span> <span class='ocrx_word' id='word_1_252' title='bbox 1572 3393 1627 3447; x_wconf 92' lang='lat' dir='ltr'><strong>in</strong></span> <span class='ocrx_word' id='word_1_253' title='bbox 1672 3392 1810 3448; x_wconf 90' lang='lat' dir='ltr'><strong>banc</strong></span> <span class='ocrx_word' id='word_1_254' title='bbox 1853 3406 1951 3448; x_wconf 92' lang='lat' dir='ltr'><strong>nos</strong></span> <span class='ocrx_word' id='word_1_255' title='bbox 1975 3406 2105 3446; x_wconf 89' lang='lat' dir='ltr'><strong>con-</strong></span> 
     </span>
    </p>
   </div>
   <div class='ocr_carea' id='block_1_35' title="bbox 528 3475 2103 3545">
    <p class='ocr_par' dir='ltr' id='par_1_35' title="bbox 528 3475 2103 3545">
     <span class='ocr_line' id='line_1_35' title="bbox 528 3475 2103 3545; baseline 0.001 -11"><span class='ocrx_word' id='word_1_256' title='bbox 528 3475 859 3537; x_wconf 85' lang='lat' dir='ltr'><strong>suetudinem</strong></span> <span class='ocrx_word' id='word_1_257' title='bbox 875 3483 1117 3539; x_wconf 88' lang='lat' dir='ltr'><strong>diabolus</strong></span> <span class='ocrx_word' id='word_1_258' title='bbox 1137 3484 1315 3545; x_wconf 79' lang='lat' dir='ltr'><strong>duxit;</strong></span> <span class='ocrx_word' id='word_1_259' title='bbox 1340 3484 1445 3539; x_wconf 94' lang='lat' dir='ltr'><strong>imo</strong></span> <span class='ocrx_word' id='word_1_260' title='bbox 1459 3499 1585 3538; x_wconf 91' lang='lat' dir='ltr'><strong>vero</strong></span> <span class='ocrx_word' id='word_1_261' title='bbox 1612 3499 1716 3538; x_wconf 92' lang='lat' dir='ltr'><strong>non</strong></span> <span class='ocrx_word' id='word_1_262' title='bbox 1749 3483 1800 3538; x_wconf 90' lang='lat' dir='ltr'><strong>id</strong></span> <span class='ocrx_word' id='word_1_263' title='bbox 1831 3484 1901 3538; x_wconf 92' lang='lat' dir='ltr'><strong>ibi</strong></span> <span class='ocrx_word' id='word_1_264' title='bbox 1929 3483 2103 3537; x_wconf 89' lang='lat' dir='ltr'><strong>solum</strong></span> 
     </span>
    </p>
   </div>
   <div class='ocr_carea' id='block_1_36' title="bbox 502 3574 2105 3645">
    <p class='ocr_par' dir='ltr' id='par_1_36' title="bbox 502 3574 2105 3645">
     <span class='ocr_line' id='line_1_36' title="bbox 502 3574 2105 3645; baseline 0.002 -18"><span class='ocrx_word' id='word_1_265' title='bbox 502 3610 503 3613; x_wconf 60' lang='grc' dir='ltr'><strong>η</strong></span> <span class='ocrx_word' id='word_1_266' title='bbox 531 3574 671 3631; x_wconf 88' lang='lat' dir='ltr'><strong>inest</strong></span> <span class='ocrx_word' id='word_1_267' title='bbox 696 3576 842 3640; x_wconf 89' lang='lat' dir='ltr'><strong>mali,</strong></span> <span class='ocrx_word' id='word_1_268' title='bbox 866 3576 1006 3644; x_wconf 90' lang='lat' dir='ltr'><strong>quod</strong></span> <span class='ocrx_word' id='word_1_269' title='bbox 1033 3586 1158 3631; x_wconf 91' lang='lat' dir='ltr'><strong>tunc</strong></span> <span class='ocrx_word' id='word_1_270' title='bbox 1184 3576 1444 3631; x_wconf 88' lang='lat' dir='ltr'><strong>rationem</strong></span> <span class='ocrx_word' id='word_1_271' title='bbox 1488 3575 1733 3630; x_wconf 90' lang='lat' dir='ltr'><strong>dabimus</strong></span> <span class='ocrx_word' id='word_1_272' title='bbox 1762 3590 1946 3631; x_wconf 85' lang='lat' dir='ltr'><strong>eorum</strong></span> <span class='ocrx_word' id='word_1_273' title='bbox 1985 3590 2105 3645; x_wconf 62' lang='lat' dir='ltr'><strong>qua:</strong></span> 
     </span>
    </p>
   </div>
   <div class='ocr_carea' id='block_1_37' title="bbox 527 3662 2104 3737">
    <p class='ocr_par' dir='ltr' id='par_1_37' title="bbox 527 3662 2104 3737">
     <span class='ocr_line' id='line_1_37' title="bbox 527 3662 2104 3737; baseline 0.002 -20"><span class='ocrx_word' id='word_1_274' title='bbox 527 3662 780 3730; x_wconf 79' lang='lat' dir='ltr'><strong>diximus,</strong></span> <span class='ocrx_word' id='word_1_275' title='bbox 810 3664 906 3719; x_wconf 89' lang='lat' dir='ltr'><strong>sed</strong></span> <span class='ocrx_word' id='word_1_276' title='bbox 936 3665 1096 3719; x_wconf 90' lang='lat' dir='ltr'><strong>etiam</strong></span> <span class='ocrx_word' id='word_1_277' title='bbox 1125 3664 1267 3735; x_wconf 92' lang='lat' dir='ltr'><strong>quod</strong></span> <span class='ocrx_word' id='word_1_278' title='bbox 1302 3676 1518 3735; x_wconf 86' lang='lat' dir='ltr'><strong>peccata</strong></span> <span class='ocrx_word' id='word_1_279' title='bbox 1547 3674 1727 3721; x_wconf 88' lang='lat' dir='ltr'><strong>nostra</strong></span> <span class='ocrx_word' id='word_1_280' title='bbox 1756 3667 1834 3721; x_wconf 89' lang='lat' dir='ltr'><strong>sic</strong></span> <span class='ocrx_word' id='word_1_281' title='bbox 1858 3666 2104 3737; x_wconf 86' lang='lat' dir='ltr'><strong>graviora</strong></span> 
     </span>
    </p>
   </div>
   <div class='ocr_carea' id='block_1_38' title="bbox 530 3754 2103 3829">
    <p class='ocr_par' dir='ltr' id='par_1_38' title="bbox 530 3754 2103 3829">
     <span class='ocr_line' id='line_1_38' title="bbox 530 3754 2103 3829; baseline 0.002 -20"><span class='ocrx_word' id='word_1_282' title='bbox 530 3754 803 3822; x_wconf 88' lang='lat' dir='ltr'><strong>faciemus,</strong></span> <span class='ocrx_word' id='word_1_283' title='bbox 839 3756 984 3811; x_wconf 86' lang='lat' dir='ltr'><strong>omni</strong></span> <span class='ocrx_word' id='word_1_284' title='bbox 1013 3772 1114 3812; x_wconf 87' lang='lat' dir='ltr'><strong>nos</strong></span> <span class='ocrx_word' id='word_1_285' title='bbox 1139 3757 1491 3813; x_wconf 79' lang='lat' dir='ltr'><strong>excusatione</strong></span> <span class='ocrx_word' id='word_1_286' title='bbox 1519 3760 1787 3828; x_wconf 91' lang='lat' dir='ltr'><strong>privantes</strong></span> <span class='ocrx_word' id='word_1_287' title='bbox 1808 3775 1821 3811; x_wconf 88' lang='lat'><strong>:</strong></span> <span class='ocrx_word' id='word_1_288' title='bbox 1845 3759 1935 3829; x_wconf 93' lang='lat' dir='ltr'><strong>qui</strong></span> <span class='ocrx_word' id='word_1_289' title='bbox 1961 3758 2103 3812; x_wconf 92' lang='lat' dir='ltr'><strong>enim</strong></span> 
     </span>
    </p>
   </div>
   <div class='ocr_carea' id='block_1_39' title="bbox 528 3848 2104 3921">
    <p class='ocr_par' dir='ltr' id='par_1_39' title="bbox 528 3848 2104 3921">
     <span class='ocr_line' id='line_1_39' title="bbox 528 3848 2104 3921; baseline 0.002 -21"><span class='ocrx_word' id='word_1_290' title='bbox 528 3848 721 3903; x_wconf 87' lang='lat' dir='ltr'><strong>acerbe</strong></span> <span class='ocrx_word' id='word_1_291' title='bbox 743 3849 913 3904; x_wconf 88' lang='lat' dir='ltr'><strong>aliena</strong></span> <span class='ocrx_word' id='word_1_292' title='bbox 934 3850 1182 3921; x_wconf 84' lang='lat' dir='ltr'><strong>exquirit,</strong></span> <span class='ocrx_word' id='word_1_293' title='bbox 1210 3850 1264 3905; x_wconf 89' lang='lat' dir='ltr'><strong>in</strong></span> <span class='ocrx_word' id='word_1_294' title='bbox 1283 3850 1491 3906; x_wconf 91' lang='lat' dir='ltr'><strong>delictis</strong></span> <span class='ocrx_word' id='word_1_295' title='bbox 1503 3852 1614 3905; x_wconf 86' lang='lat' dir='ltr'><strong>suis</strong></span> <span class='ocrx_word' id='word_1_296' title='bbox 1633 3851 1831 3905; x_wconf 81' lang='lat' dir='ltr'><strong>nullam</strong></span> <span class='ocrx_word' id='word_1_297' title='bbox 1854 3864 2104 3920; x_wconf 83' lang='lat' dir='ltr'><strong>umquam</strong></span> 
     </span>
    </p>
   </div>
   <div class='ocr_carea' id='block_1_40' title="bbox 529 3937 2105 4012">
    <p class='ocr_par' dir='ltr' id='par_1_40' title="bbox 529 3937 2105 4012">
     <span class='ocr_line' id='line_1_40' title="bbox 529 3937 2105 4012; baseline 0.004 -22"><span class='ocrx_word' id='word_1_298' title='bbox 529 3937 738 3991; x_wconf 84' lang='lat' dir='ltr'><strong>veniam</strong></span> <span class='ocrx_word' id='word_1_299' title='bbox 762 3941 1116 3996; x_wconf 86' lang='lat' dir='ltr'><strong>nanciscetur.</strong></span> <span class='ocrx_word' id='word_1_300' title='bbox 1150 3940 1263 3997; x_wconf 88' lang='lat' dir='ltr'><strong>Non</strong></span> <span class='ocrx_word' id='word_1_301' title='bbox 1293 3942 1434 3997; x_wconf 91' lang='lat' dir='ltr'><strong>enim</strong></span> <span class='ocrx_word' id='word_1_302' title='bbox 1464 3950 1666 3996; x_wconf 91' lang='lat' dir='ltr'><strong>tantum</strong></span> <span class='ocrx_word' id='word_1_303' title='bbox 1696 3957 1725 3995; x_wconf 91' lang='lat' dir='ltr'><strong>a</strong></span> <span class='ocrx_word' id='word_1_304' title='bbox 1768 3953 2105 4012; x_wconf 85' lang='lat' dir='ltr'><strong>peccatorum</strong></span> 
     </span>
    </p>
   </div>
   <div class='ocr_carea' id='block_1_41' title="bbox 536 4035 2107 4107">
    <p class='ocr_par' dir='ltr' id='par_1_41' title="bbox 536 4035 2107 4107">
     <span class='ocr_line' id='line_1_41' title="bbox 536 4035 2107 4107; baseline 0.003 -21"><span class='ocrx_word' id='word_1_305' title='bbox 536 4039 838 4087; x_wconf 85' lang='lat' dir='ltr'><strong>nostrorum</strong></span> <span class='ocrx_word' id='word_1_306' title='bbox 882 4045 1091 4102; x_wconf 90' lang='lat' dir='ltr'><strong>natura,</strong></span> <span class='ocrx_word' id='word_1_307' title='bbox 1138 4035 1308 4091; x_wconf 88' lang='lat' dir='ltr'><strong>sedet</strong></span> <span class='ocrx_word' id='word_1_308' title='bbox 1335 4052 1399 4091; x_wconf 81' lang='lat' dir='ltr'><strong>ex</strong></span> <span class='ocrx_word' id='word_1_309' title='bbox 1426 4035 1625 4107; x_wconf 90' lang='lat' dir='ltr'><strong>judicio</strong></span> <span class='ocrx_word' id='word_1_310' title='bbox 1649 4036 1717 4091; x_wconf 91' lang='lat' dir='ltr'><strong>de</strong></span> <span class='ocrx_word' id='word_1_311' title='bbox 1761 4036 1881 4090; x_wconf 89' lang='lat' dir='ltr'><strong>aliis</strong></span> <span class='ocrx_word' id='word_1_312' title='bbox 1923 4044 2107 4090; x_wconf 87' lang='lat' dir='ltr'><strong>nostro</strong></span> 
     </span>
    </p>
   </div>
   <div class='ocr_carea' id='block_1_42' title="bbox 529 4124 2103 4195">
    <p class='ocr_par' dir='ltr' id='par_1_42' title="bbox 529 4124 2103 4195">
     <span class='ocr_line' id='line_1_42' title="bbox 529 4124 2103 4195; baseline 0.004 -19"><span class='ocrx_word' id='word_1_313' title='bbox 529 4124 847 4177; x_wconf 82' lang='lat' dir='ltr'><strong>sententiam</strong></span> <span class='ocrx_word' id='word_1_314' title='bbox 876 4124 1016 4179; x_wconf 86' lang='lat' dir='ltr'><strong>Deus</strong></span> <span class='ocrx_word' id='word_1_315' title='bbox 1047 4124 1281 4195; x_wconf 91' lang='lat' dir='ltr'><strong>proferet</strong></span> <span class='ocrx_word' id='word_1_316' title='bbox 1308 4145 1320 4180; x_wconf 92' lang='lat'><strong>:</strong></span> <span class='ocrx_word' id='word_1_317' title='bbox 1355 4126 1553 4181; x_wconf 90' lang='lat' dir='ltr'><strong>idcirco</strong></span> <span class='ocrx_word' id='word_1_318' title='bbox 1576 4124 1850 4180; x_wconf 90' lang='lat' dir='ltr'><strong>admonuit</strong></span> <span class='ocrx_word' id='word_1_319' title='bbox 1873 4125 2059 4180; x_wconf 89' lang='lat' dir='ltr'><strong>dicens</strong></span> <span class='ocrx_word' id='word_1_320' title='bbox 2088 4142 2103 4182; x_wconf 90' lang='lat'><strong>:</strong></span> 
     </span>
    </p>
   </div>
   <div class='ocr_carea' id='block_1_43' title="bbox 536 4210 2105 4287">
    <p class='ocr_par' dir='ltr' id='par_1_43' title="bbox 536 4210 2105 4287">
     <span class='ocr_line' id='line_1_43' title="bbox 536 4210 2105 4287; baseline 0.004 -23"><span class='ocrx_word' id='word_1_321' title='bbox 536 4210 714 4266; x_wconf 81' lang='lat' dir='ltr'><strong>Nolite</strong></span> <span class='ocrx_word' id='word_1_322' title='bbox 746 4214 1003 4283; x_wconf 82' lang='lat' dir='ltr'><strong>judicare,</strong></span> <span class='ocrx_word' id='word_1_323' title='bbox 1049 4230 1112 4269; x_wconf 82' lang='lat' dir='ltr'><strong>ne</strong></span> <span class='ocrx_word' id='word_1_324' title='bbox 1148 4216 1449 4285; x_wconf 83' lang='lat' dir='ltr'><strong>judicemini</strong></span> <span class='ocrx_word' id='word_1_325' title='bbox 1478 4215 1499 4287; x_wconf 95' lang='lat'>(</span> <span class='ocrx_word' id='word_1_326' title='bbox 1530 4215 1715 4268; x_wconf 84' lang='lat' dir='ltr'><strong>Matth.</strong></span> <span class='ocrx_word' id='word_1_327' title='bbox 1747 4216 1851 4270; x_wconf 70' lang='lat'><strong>7.1</strong></span> <span class='ocrx_word' id='word_1_328' title='bbox 1908 4212 1968 4285; x_wconf 91' lang='lat'><strong>):</strong></span> <span class='ocrx_word' id='word_1_329' title='bbox 1998 4229 2105 4271; x_wconf 92' lang='lat' dir='ltr'><strong>non</strong></span> 
     </span>
    </p>
   </div>
   <div class='ocr_carea' id='block_1_44' title="bbox 528 4302 2108 4376">
    <p class='ocr_par' dir='ltr' id='par_1_44' title="bbox 528 4302 2108 4376">
     <span class='ocr_line' id='line_1_44' title="bbox 528 4302 2108 4376; baseline 0.001 -18"><span class='ocrx_word' id='word_1_330' title='bbox 528 4304 672 4358; x_wconf 85' lang='lat' dir='ltr'><strong>enim</strong></span> <span class='ocrx_word' id='word_1_331' title='bbox 709 4304 864 4374; x_wconf 88' lang='lat' dir='ltr'><strong>quale</strong></span> <span class='ocrx_word' id='word_1_332' title='bbox 884 4302 981 4359; x_wconf 89' lang='lat' dir='ltr'><strong>fuit</strong></span> <span class='ocrx_word' id='word_1_333' title='bbox 1008 4316 1304 4374; x_wconf 88' lang='lat' dir='ltr'><strong>peccatum,</strong></span> <span class='ocrx_word' id='word_1_334' title='bbox 1338 4307 1443 4361; x_wconf 90' lang='lat' dir='ltr'><strong>tale</strong></span> <span class='ocrx_word' id='word_1_335' title='bbox 1470 4306 1577 4361; x_wconf 91' lang='lat' dir='ltr'><strong>illic</strong></span> <span class='ocrx_word' id='word_1_336' title='bbox 1603 4307 1655 4360; x_wconf 92' lang='lat' dir='ltr'><strong>in</strong></span> <span class='ocrx_word' id='word_1_337' title='bbox 1684 4306 1913 4360; x_wconf 90' lang='lat' dir='ltr'><strong>futurum</strong></span> <span class='ocrx_word' id='word_1_338' title='bbox 1940 4320 2108 4376; x_wconf 81' lang='lat' dir='ltr'><strong>appa-</strong></span> 
     </span>
    </p>
   </div>
   <div class='ocr_carea' id='block_1_45' title="bbox 530 4393 2110 4467">
    <p class='ocr_par' dir='ltr' id='par_1_45' title="bbox 530 4393 2110 4467">
     <span class='ocr_line' id='line_1_45' title="bbox 530 4393 2110 4467; baseline 0.003 -22"><span class='ocrx_word' id='word_1_339' title='bbox 530 4393 705 4460; x_wconf 90' lang='lat' dir='ltr'><strong>rebit;</strong></span> <span class='ocrx_word' id='word_1_340' title='bbox 752 4394 846 4449; x_wconf 86' lang='lat' dir='ltr'><strong>sed</strong></span> <span class='ocrx_word' id='word_1_341' title='bbox 872 4395 1155 4464; x_wconf 86' lang='lat' dir='ltr'><strong>quamdam</strong></span> <span class='ocrx_word' id='word_1_342' title='bbox 1203 4411 1447 4467; x_wconf 90' lang='lat' dir='ltr'><strong>magnam</strong></span> <span class='ocrx_word' id='word_1_343' title='bbox 1492 4406 1545 4452; x_wconf 89' lang='lat' dir='ltr'><strong>et</strong></span> <span class='ocrx_word' id='word_1_344' title='bbox 1578 4396 1931 4451; x_wconf 87' lang='lat' dir='ltr'><strong>inevitabilem</strong></span> <span class='ocrx_word' id='word_1_345' title='bbox 1959 4396 2110 4451; x_wconf 87' lang='lat' dir='ltr'><strong>addi-</strong></span> 
     </span>
    </p>
   </div>
   <div class='ocr_carea' id='block_1_46' title="bbox 530 4484 2110 4557">
    <p class='ocr_par' dir='ltr' id='par_1_46' title="bbox 530 4484 2110 4557">
     <span class='ocr_line' id='line_1_46' title="bbox 530 4484 2110 4557; baseline 0.003 -21"><span class='ocrx_word' id='word_1_346' title='bbox 530 4484 727 4539; x_wconf 90' lang='lat' dir='ltr'><strong>tionem</strong></span> <span class='ocrx_word' id='word_1_347' title='bbox 768 4500 800 4540; x_wconf 90' lang='lat' dir='ltr'><strong>a</strong></span> <span class='ocrx_word' id='word_1_348' title='bbox 846 4486 1046 4557; x_wconf 91' lang='lat' dir='ltr'><strong>judicio</strong></span> <span class='ocrx_word' id='word_1_349' title='bbox 1073 4487 1123 4542; x_wconf 93' lang='lat' dir='ltr'><strong>in</strong></span> <span class='ocrx_word' id='word_1_350' title='bbox 1150 4502 1467 4542; x_wconf 89' lang='lat' dir='ltr'><strong>conversum</strong></span> <span class='ocrx_word' id='word_1_351' title='bbox 1499 4488 1637 4542; x_wconf 89' lang='lat' dir='ltr'><strong>facto</strong></span> <span class='ocrx_word' id='word_1_352' title='bbox 1684 4488 1925 4557; x_wconf 89' lang='lat' dir='ltr'><strong>accipiet.</strong></span> <span class='ocrx_word' id='word_1_353' title='bbox 1961 4487 2110 4542; x_wconf 89' lang='lat' dir='ltr'><strong>Sicut</strong></span> 
     </span>
    </p>
   </div>
   <div class='ocr_carea' id='block_1_47' title="bbox 529 4574 2110 4645">
    <p class='ocr_par' dir='ltr' id='par_1_47' title="bbox 529 4574 2110 4645">
     <span class='ocr_line' id='line_1_47' title="bbox 529 4574 2110 4645; baseline 0.001 -16"><span class='ocrx_word' id='word_1_354' title='bbox 529 4574 672 4629; x_wconf 83' lang='lat' dir='ltr'><strong>enim</strong></span> <span class='ocrx_word' id='word_1_355' title='bbox 698 4575 961 4631; x_wconf 89' lang='lat' dir='ltr'><strong>humanus</strong></span> <span class='ocrx_word' id='word_1_356' title='bbox 990 4586 1046 4632; x_wconf 93' lang='lat' dir='ltr'><strong>et</strong></span> <span class='ocrx_word' id='word_1_357' title='bbox 1071 4578 1212 4631; x_wconf 90' lang='lat' dir='ltr'><strong>mitis</strong></span> <span class='ocrx_word' id='word_1_358' title='bbox 1240 4587 1293 4632; x_wconf 93' lang='lat' dir='ltr'><strong>et</strong></span> <span class='ocrx_word' id='word_1_359' title='bbox 1315 4578 1553 4632; x_wconf 88' lang='lat' dir='ltr'><strong>clemens</strong></span> <span class='ocrx_word' id='word_1_360' title='bbox 1580 4576 1835 4645; x_wconf 88' lang='lat' dir='ltr'><strong>majorem</strong></span> <span class='ocrx_word' id='word_1_361' title='bbox 1864 4584 2110 4645; x_wconf 90' lang='lat' dir='ltr'><strong>peccato-</strong></span> 
     </span>
    </p>
   </div>
   <div class='ocr_carea' id='block_1_48' title="bbox 531 4669 2110 4737">
    <p class='ocr_par' dir='ltr' id='par_1_48' title="bbox 531 4669 2110 4737">
     <span class='ocr_line' id='line_1_48' title="bbox 531 4669 2110 4737; baseline 0.001 -16"><span class='ocrx_word' id='word_1_362' title='bbox 531 4682 650 4721; x_wconf 91' lang='lat' dir='ltr'><strong>rum</strong></span> <span class='ocrx_word' id='word_1_363' title='bbox 690 4669 1004 4737; x_wconf 87' lang='lat' dir='ltr'><strong>gravitatem</strong></span> <span class='ocrx_word' id='word_1_364' title='bbox 1039 4671 1305 4725; x_wconf 89' lang='lat' dir='ltr'><strong>succidit:</strong></span> <span class='ocrx_word' id='word_1_365' title='bbox 1336 4671 1405 4724; x_wconf 91' lang='lat' dir='ltr'><strong>ita</strong></span> <span class='ocrx_word' id='word_1_366' title='bbox 1445 4670 1669 4725; x_wconf 88' lang='lat' dir='ltr'><strong>acerbus</strong></span> <span class='ocrx_word' id='word_1_367' title='bbox 1698 4678 1753 4725; x_wconf 93' lang='lat' dir='ltr'><strong>et</strong></span> <span class='ocrx_word' id='word_1_368' title='bbox 1793 4669 2026 4723; x_wconf 84' lang='lat' dir='ltr'><strong>crudelis</strong></span> <span class='ocrx_word' id='word_1_369' title='bbox 2053 4677 2110 4724; x_wconf 90' lang='lat' dir='ltr'><strong>et</strong></span> 
     </span>
    </p>
   </div>
   <div class='ocr_carea' id='block_1_49' title="bbox 530 4757 2107 4831">
    <p class='ocr_par' dir='ltr' id='par_1_49' title="bbox 530 4757 2107 4831">
     <span class='ocr_line' id='line_1_49' title="bbox 530 4757 2107 4831; baseline 0.001 -20"><span class='ocrx_word' id='word_1_370' title='bbox 530 4757 883 4826; x_wconf 88' lang='lat' dir='ltr'><strong>implacabilis</strong></span> <span class='ocrx_word' id='word_1_371' title='bbox 913 4774 1159 4830; x_wconf 89' lang='lat' dir='ltr'><strong>magnum</strong></span> <span class='ocrx_word' id='word_1_372' title='bbox 1191 4761 1417 4831; x_wconf 89' lang='lat' dir='ltr'><strong>propriis</strong></span> <span class='ocrx_word' id='word_1_373' title='bbox 1457 4762 1665 4830; x_wconf 89' lang='lat' dir='ltr'><strong>pondus</strong></span> <span class='ocrx_word' id='word_1_374' title='bbox 1691 4760 1921 4830; x_wconf 87' lang='lat' dir='ltr'><strong>peccatis</strong></span> <span class='ocrx_word' id='word_1_375' title='bbox 1940 4774 2107 4828; x_wconf 89' lang='lat' dir='ltr'><strong>appo-</strong></span> 
     </span>
    </p>
   </div>
   <div class='ocr_carea' id='block_1_50' title="bbox 527 4847 2108 4920">
    <p class='ocr_par' dir='ltr' id='par_1_50' title="bbox 527 4847 2108 4920">
     <span class='ocr_line' id='line_1_50' title="bbox 527 4847 2108 4920; baseline 0.001 -18"><span class='ocrx_word' id='word_1_376' title='bbox 527 4848 626 4903; x_wconf 88' lang='lat' dir='ltr'><strong>nit.</strong></span> <span class='ocrx_word' id='word_1_377' title='bbox 681 4847 1033 4903; x_wconf 85' lang='lat' dir='ltr'><strong>Eliminemus</strong></span> <span class='ocrx_word' id='word_1_378' title='bbox 1079 4850 1239 4920; x_wconf 87' lang='lat' dir='ltr'><strong>igitur</strong></span> <span class='ocrx_word' id='word_1_379' title='bbox 1262 4866 1473 4906; x_wconf 91' lang='lat' dir='ltr'><strong>omnem</strong></span> <span class='ocrx_word' id='word_1_380' title='bbox 1504 4867 1567 4905; x_wconf 79' lang='lat' dir='ltr'><strong>ex</strong></span> <span class='ocrx_word' id='word_1_381' title='bbox 1594 4866 1688 4906; x_wconf 92' lang='lat' dir='ltr'><strong>ore</strong></span> <span class='ocrx_word' id='word_1_382' title='bbox 1713 4858 1899 4905; x_wconf 90' lang='lat' dir='ltr'><strong>nostro</strong></span> <span class='ocrx_word' id='word_1_383' title='bbox 1925 4849 2108 4904; x_wconf 85' lang='lat' dir='ltr'><strong>detra-</strong></span> 
     </span>
    </p>
   </div>
   <div class='ocr_carea' id='block_1_51' title="bbox 524 4939 2109 5011">
    <p class='ocr_par' dir='ltr' id='par_1_51' title="bbox 524 4939 2109 5011">
     <span class='ocr_line' id='line_1_51' title="bbox 524 4939 2109 5011; baseline 0.003 -20"><span class='ocrx_word' id='word_1_384' title='bbox 524 4939 784 5003; x_wconf 88' lang='lat' dir='ltr'><strong>ctionem,</strong></span> <span class='ocrx_word' id='word_1_385' title='bbox 800 4940 1030 4996; x_wconf 88' lang='lat' dir='ltr'><strong>scientes</strong></span> <span class='ocrx_word' id='word_1_386' title='bbox 1049 4942 1188 5011; x_wconf 87' lang='lat' dir='ltr'><strong>quod</strong></span> <span class='ocrx_word' id='word_1_387' title='bbox 1210 4942 1310 4997; x_wconf 93' lang='lat' dir='ltr'><strong>etsi</strong></span> <span class='ocrx_word' id='word_1_388' title='bbox 1332 4942 1564 4997; x_wconf 88' lang='lat' dir='ltr'><strong>cinerem</strong></span> <span class='ocrx_word' id='word_1_389' title='bbox 1585 4942 1949 5004; x_wconf 85' lang='lat' dir='ltr'><strong>comedamus,</strong></span> <span class='ocrx_word' id='word_1_390' title='bbox 1963 4940 2109 4995; x_wconf 87' lang='lat' dir='ltr'><strong>nulla</strong></span> 
     </span>
    </p>
   </div>
   <div class='ocr_carea' id='block_1_52' title="bbox 530 5030 2109 5102">
    <p class='ocr_par' dir='ltr' id='par_1_52' title="bbox 530 5030 2109 5102">
     <span class='ocr_line' id='line_1_52' title="bbox 530 5030 2109 5102; baseline 0.001 -18"><span class='ocrx_word' id='word_1_391' title='bbox 530 5030 686 5086; x_wconf 88' lang='lat' dir='ltr'><strong>nobis</strong></span> <span class='ocrx_word' id='word_1_392' title='bbox 708 5045 914 5102; x_wconf 66' lang='lat' dir='ltr'><strong>aspera:</strong></span> <span class='ocrx_word' id='word_1_393' title='bbox 933 5031 1053 5088; x_wconf 69' lang='lat' dir='ltr'><strong>vita:</strong></span> <span class='ocrx_word' id='word_1_394' title='bbox 1076 5032 1230 5102; x_wconf 77' lang='lat' dir='ltr'><strong>hujus</strong></span> <span class='ocrx_word' id='word_1_395' title='bbox 1248 5034 1444 5087; x_wconf 89' lang='lat' dir='ltr'><strong>utilitas</strong></span> <span class='ocrx_word' id='word_1_396' title='bbox 1465 5034 1585 5096; x_wconf 88' lang='lat' dir='ltr'><strong>erit,</strong></span> <span class='ocrx_word' id='word_1_397' title='bbox 1612 5033 1711 5085; x_wconf 91' lang='lat' dir='ltr'><strong>nisi</strong></span> <span class='ocrx_word' id='word_1_398' title='bbox 1732 5048 1760 5083; x_wconf 84' lang='lat' dir='ltr'><strong>a</strong></span> <span class='ocrx_word' id='word_1_399' title='bbox 1777 5030 2109 5085; x_wconf 88' lang='lat' dir='ltr'><strong>detractione</strong></span> 
     </span>
    </p>
   </div>
   <div class='ocr_carea' id='block_1_53' title="bbox 528 5120 2107 5194">
    <p class='ocr_par' dir='ltr' id='par_1_53' title="bbox 528 5120 2107 5194">
     <span class='ocr_line' id='line_1_53' title="bbox 528 5120 2107 5194; baseline -0.001 -20"><span class='ocrx_word' id='word_1_400' title='bbox 528 5120 889 5177; x_wconf 76' lang='lat' dir='ltr'><strong>abstineamus</strong></span> <span class='ocrx_word' id='word_1_401' title='bbox 914 5138 928 5177; x_wconf 88' lang='lat'><strong>:</strong></span> <span class='ocrx_word' id='word_1_402' title='bbox 959 5137 1065 5176; x_wconf 91' lang='lat' dir='ltr'><strong>non</strong></span> <span class='ocrx_word' id='word_1_403' title='bbox 1085 5124 1228 5178; x_wconf 85' lang='lat' dir='ltr'><strong>enim</strong></span> <span class='ocrx_word' id='word_1_404' title='bbox 1253 5139 1371 5194; x_wconf 65' lang='lat' dir='ltr'><strong>qua:</strong></span> <span class='ocrx_word' id='word_1_405' title='bbox 1399 5124 1598 5178; x_wconf 89' lang='lat' dir='ltr'><strong>intrant</strong></span> <span class='ocrx_word' id='word_1_406' title='bbox 1636 5121 1980 5190; x_wconf 88' lang='lat' dir='ltr'><strong>coinquinant</strong></span> <span class='ocrx_word' id='word_1_407' title='bbox 2007 5120 2107 5173; x_wconf 89' lang='lat' dir='ltr'><strong>lto-</strong></span> 
     </span>
    </p>
   </div>
   <div class='ocr_carea' id='block_1_54' title="bbox 531 5210 2106 5284">
    <p class='ocr_par' dir='ltr' id='par_1_54' title="bbox 531 5210 2106 5284">
     <span class='ocr_line' id='line_1_54' title="bbox 531 5210 2106 5284; baseline -0.001 -18"><span class='ocrx_word' id='word_1_408' title='bbox 531 5210 754 5277; x_wconf 85' lang='lat' dir='ltr'><strong>tninem,</strong></span> <span class='ocrx_word' id='word_1_409' title='bbox 782 5210 877 5267; x_wconf 88' lang='lat' dir='ltr'><strong>sed</strong></span> <span class='ocrx_word' id='word_1_410' title='bbox 897 5227 1017 5284; x_wconf 75' lang='lat' dir='ltr'><strong>qua:</strong></span> <span class='ocrx_word' id='word_1_411' title='bbox 1044 5223 1241 5268; x_wconf 77' lang='lat' dir='ltr'><strong>exeunt</strong></span> <span class='ocrx_word' id='word_1_412' title='bbox 1266 5229 1331 5268; x_wconf 78' lang='lat' dir='ltr'><strong>ex</strong></span> <span class='ocrx_word' id='word_1_413' title='bbox 1354 5213 1487 5284; x_wconf 91' lang='lat' dir='ltr'><strong>ore(</strong></span> <span class='ocrx_word' id='word_1_414' title='bbox 1518 5211 1702 5265; x_wconf 79' lang='lat' dir='ltr'><strong>Matth.</strong></span> <span class='ocrx_word' id='word_1_415' title='bbox 1729 5212 1815 5266; x_wconf 72' lang='lat'><strong>15.</strong></span> <span class='ocrx_word' id='word_1_416' title='bbox 1850 5210 1937 5265; x_wconf 84' lang='lat' dir='ltr'><strong>l7.</strong></span> <span class='ocrx_word' id='word_1_417' title='bbox 1973 5211 2038 5265; x_wconf 83' lang='grc'><strong>13</strong></span> <span class='ocrx_word' id='word_1_418' title='bbox 2062 5210 2106 5282; x_wconf 87' lang='grc'><strong>).</strong></span> 
     </span>
    </p>
   </div>
   <div class='ocr_carea' id='block_1_55' title="bbox 527 5298 2105 5373">
    <p class='ocr_par' dir='ltr' id='par_1_55' title="bbox 527 5298 2105 5373">
     <span class='ocr_line' id='line_1_55' title="bbox 527 5298 2105 5373; baseline 0 -18"><span class='ocrx_word' id='word_1_419' title='bbox 527 5298 586 5356; x_wconf 87' lang='lat' dir='ltr'><strong>Si</strong></span> <span class='ocrx_word' id='word_1_420' title='bbox 615 5302 735 5373; x_wconf 88' lang='lat' dir='ltr'><strong>quis</strong></span> <span class='ocrx_word' id='word_1_421' title='bbox 773 5310 826 5357; x_wconf 93' lang='lat' dir='ltr'><strong>te</strong></span> <span class='ocrx_word' id='word_1_422' title='bbox 871 5312 1224 5373; x_wconf 73' lang='lat' dir='ltr'><strong>praztereunte</strong></span> <span class='ocrx_word' id='word_1_423' title='bbox 1257 5312 1464 5358; x_wconf 75' lang='lat' dir='ltr'><strong>stercus</strong></span> <span class='ocrx_word' id='word_1_424' title='bbox 1506 5310 1862 5367; x_wconf 89' lang='lat' dir='ltr'><strong>commoveat,</strong></span> <span class='ocrx_word' id='word_1_425' title='bbox 1905 5314 2105 5367; x_wconf 90' lang='lat' dir='ltr'><strong>nonne,</strong></span> 
     </span>
    </p>
   </div>
   <div class='ocr_carea' id='block_1_56' title="bbox 524 5390 2111 5462">
    <p class='ocr_par' dir='ltr' id='par_1_56' title="bbox 524 5390 2111 5462">
     <span class='ocr_line' id='line_1_56' title="bbox 524 5390 2111 5462; baseline -0.001 -15"><span class='ocrx_word' id='word_1_426' title='bbox 524 5407 731 5462; x_wconf 70' lang='lat' dir='ltr'><strong>qureso,</strong></span> <span class='ocrx_word' id='word_1_427' title='bbox 762 5393 910 5448; x_wconf 90' lang='lat' dir='ltr'><strong>illum</strong></span> <span class='ocrx_word' id='word_1_428' title='bbox 932 5395 1174 5449; x_wconf 89' lang='lat' dir='ltr'><strong>convicio</strong></span> <span class='ocrx_word' id='word_1_429' title='bbox 1198 5404 1253 5449; x_wconf 91' lang='lat' dir='ltr'><strong>et</strong></span> <span class='ocrx_word' id='word_1_430' title='bbox 1271 5394 1591 5449; x_wconf 88' lang='lat' dir='ltr'><strong>contumelia</strong></span> <span class='ocrx_word' id='word_1_431' title='bbox 1620 5392 1820 5447; x_wconf 82' lang='lat' dir='ltr'><strong>allicias</strong></span> <span class='ocrx_word' id='word_1_432' title='bbox 1845 5392 1867 5446; x_wconf 72' lang='grc' dir='ltr'><em>ἲ</em></span> <span class='ocrx_word' id='word_1_433' title='bbox 1893 5391 2004 5447; x_wconf 81' lang='lat' dir='ltr'><strong>Hoc</strong></span> <span class='ocrx_word' id='word_1_434' title='bbox 2025 5390 2111 5446; x_wconf 90' lang='lat' dir='ltr'><strong>fac</strong></span> 
     </span>
    </p>
   </div>
   <div class='ocr_carea' id='block_1_57' title="bbox 521 5483 2114 5554">
    <p class='ocr_par' dir='ltr' id='par_1_57' title="bbox 521 5483 2114 5554">
     <span class='ocr_line' id='line_1_57' title="bbox 521 5483 2114 5554; baseline 0.002 -18"><span class='ocrx_word' id='word_1_435' title='bbox 521 5493 576 5536; x_wconf 83' lang='lat' dir='ltr'><strong>et</strong></span> <span class='ocrx_word' id='word_1_436' title='bbox 604 5499 729 5554; x_wconf 87' lang='lat' dir='ltr'><strong>erga</strong></span> <span class='ocrx_word' id='word_1_437' title='bbox 752 5483 1111 5540; x_wconf 86' lang='lat' dir='ltr'><strong>detractores.</strong></span> <span class='ocrx_word' id='word_1_438' title='bbox 1140 5484 1256 5540; x_wconf 86' lang='lat' dir='ltr'><strong>Non</strong></span> <span class='ocrx_word' id='word_1_439' title='bbox 1286 5485 1428 5539; x_wconf 91' lang='lat' dir='ltr'><strong>enim</strong></span> <span class='ocrx_word' id='word_1_440' title='bbox 1447 5485 1525 5539; x_wconf 90' lang='lat' dir='ltr'><strong>sic</strong></span> <span class='ocrx_word' id='word_1_441' title='bbox 1552 5492 1877 5538; x_wconf 91' lang='lat' dir='ltr'><strong>commotum</strong></span> <span class='ocrx_word' id='word_1_442' title='bbox 1905 5491 2114 5539; x_wconf 85' lang='lat' dir='ltr'><strong>stercus</strong></span> 
     </span>
    </p>
   </div>
   <div class='ocr_carea' id='block_1_58' title="bbox 525 5573 2111 5646">
    <p class='ocr_par' dir='ltr' id='par_1_58' title="bbox 525 5573 2111 5646">
     <span class='ocr_line' id='line_1_58' title="bbox 525 5573 2111 5646; baseline 0.004 -23"><span class='ocrx_word' id='word_1_443' title='bbox 525 5573 669 5627; x_wconf 91' lang='lat' dir='ltr'><strong>illum</strong></span> <span class='ocrx_word' id='word_1_444' title='bbox 735 5574 972 5631; x_wconf 64' lang='lat' dir='ltr'><strong>faetorem</strong></span> <span class='ocrx_word' id='word_1_445' title='bbox 1041 5576 1443 5646; x_wconf 89' lang='lat' dir='ltr'><strong>suspicientium</strong></span> <span class='ocrx_word' id='word_1_446' title='bbox 1499 5575 1704 5630; x_wconf 83' lang='lat' dir='ltr'><strong>cerebri</strong></span> <span class='ocrx_word' id='word_1_447' title='bbox 1743 5574 2111 5630; x_wconf 86' lang='lat' dir='ltr'><strong>membranam</strong></span> 
     </span>
    </p>
   </div>
   <div class='ocr_carea' id='block_1_59' title="bbox 522 5665 2113 5739">
    <p class='ocr_par' dir='ltr' id='par_1_59' title="bbox 522 5665 2113 5739">
     <span class='ocr_line' id='line_1_59' title="bbox 522 5665 2113 5739; baseline 0.003 -23"><span class='ocrx_word' id='word_1_448' title='bbox 522 5665 781 5734; x_wconf 54' lang='lat' dir='ltr'><strong>percellit.</strong></span> <span class='ocrx_word' id='word_1_449' title='bbox 819 5667 957 5721; x_wconf 83' lang='lat' dir='ltr'><strong>sicut</strong></span> <span class='ocrx_word' id='word_1_450' title='bbox 984 5668 1156 5723; x_wconf 89' lang='lat' dir='ltr'><strong>aliena</strong></span> <span class='ocrx_word' id='word_1_451' title='bbox 1186 5676 1402 5739; x_wconf 85' lang='lat' dir='ltr'><strong>peccata</strong></span> <span class='ocrx_word' id='word_1_452' title='bbox 1425 5681 1670 5731; x_wconf 78' lang='lat' dir='ltr'><strong>excussa,</strong></span> <span class='ocrx_word' id='word_1_453' title='bbox 1693 5675 1747 5722; x_wconf 91' lang='lat' dir='ltr'><strong>et</strong></span> <span class='ocrx_word' id='word_1_454' title='bbox 1773 5666 1878 5721; x_wconf 89' lang='lat' dir='ltr'><strong>vita</strong></span> <span class='ocrx_word' id='word_1_455' title='bbox 1906 5667 2113 5733; x_wconf 76' lang='lat' dir='ltr'><strong>impura</strong></span> 
     </span>
    </p>
   </div>
   <div class='ocr_carea' id='block_1_60' title="bbox 522 5744 2111 5830">
    <p class='ocr_par' dir='ltr' id='par_1_60' title="bbox 522 5744 2111 5830">
     <span class='ocr_line' id='line_1_60' title="bbox 522 5744 2111 5830; baseline 0.003 -20"><span class='ocrx_word' id='word_1_456' title='bbox 522 5744 808 5825; x_wconf 83' lang='lat' dir='ltr'><strong>patefacta,</strong></span> <span class='ocrx_word' id='word_1_457' title='bbox 831 5758 1155 5815; x_wconf 88' lang='lat' dir='ltr'><strong>auuieutimu</strong></span> <span class='ocrx_word' id='word_1_458' title='bbox 1172 5760 1709 5817; x_wconf 80' lang='lat' dir='ltr'><strong>animoscontristare</strong></span> <span class='ocrx_word' id='word_1_459' title='bbox 1725 5768 1779 5815; x_wconf 90' lang='lat' dir='ltr'><strong>et</strong></span> <span class='ocrx_word' id='word_1_460' title='bbox 1800 5756 2111 5830; x_wconf 79' lang='lat' dir='ltr'><strong>perturbare</strong></span> 
     </span>
    </p>
   </div>
   <div class='ocr_carea' id='block_1_61' title="bbox 2200 478 3779 556">
    <p class='ocr_par' dir='ltr' id='par_1_61' title="bbox 2200 478 3779 556">
     <span class='ocr_line' id='line_1_61' title="bbox 2200 478 3779 556; baseline 0.003 -20"><span class='ocrx_word' id='word_1_461' title='bbox 2200 478 2396 536; x_wconf 88' lang='lat' dir='ltr'><strong>solent.</strong></span> <span class='ocrx_word' id='word_1_462' title='bbox 2419 481 2793 536; x_wconf 83' lang='lat' dir='ltr'><strong>Abstineamus</strong></span> <span class='ocrx_word' id='word_1_463' title='bbox 2814 483 2973 553; x_wconf 86' lang='lat' dir='ltr'><strong>igitur</strong></span> <span class='ocrx_word' id='word_1_464' title='bbox 2992 498 3020 535; x_wconf 89' lang='lat' dir='ltr'><strong>a</strong></span> <span class='ocrx_word' id='word_1_465' title='bbox 3050 481 3400 549; x_wconf 78' lang='lat' dir='ltr'><strong>detractione,</strong></span> <span class='ocrx_word' id='word_1_466' title='bbox 3431 485 3779 556; x_wconf 79' lang='lat' dir='ltr'><strong>turpiloqmo,</strong></span> 
     </span>
    </p>
   </div>
   <div class='ocr_carea' id='block_1_62' title="bbox 2206 569 3765 643">
    <p class='ocr_par' dir='ltr' id='par_1_62' title="bbox 2206 569 3765 643">
     <span class='ocr_line' id='line_1_62' title="bbox 2206 569 3765 643; baseline 0.003 -19"><span class='ocrx_word' id='word_1_467' title='bbox 2206 569 2556 639; x_wconf 85' lang='lat' dir='ltr'><strong>blasphemia,</strong></span> <span class='ocrx_word' id='word_1_468' title='bbox 2580 579 2634 625; x_wconf 92' lang='lat' dir='ltr'><strong>et</strong></span> <span class='ocrx_word' id='word_1_469' title='bbox 2663 587 2834 642; x_wconf 83' lang='lat' dir='ltr'><strong>neque</strong></span> <span class='ocrx_word' id='word_1_470' title='bbox 2864 572 3129 643; x_wconf 77' lang='lat' dir='ltr'><strong>proximo,</strong></span> <span class='ocrx_word' id='word_1_471' title='bbox 3153 589 3325 642; x_wconf 88' lang='lat' dir='ltr'><strong>neque</strong></span> <span class='ocrx_word' id='word_1_472' title='bbox 3355 574 3462 627; x_wconf 91' lang='lat' dir='ltr'><strong>Deo</strong></span> <span class='ocrx_word' id='word_1_473' title='bbox 3488 575 3765 628; x_wconf 74' lang='lat' dir='ltr'><strong>maledica-</strong></span> 
     </span>
    </p>
   </div>
   <div class='ocr_carea' id='block_1_63' title="bbox 2201 661 3775 734">
    <p class='ocr_par' dir='ltr' id='par_1_63' title="bbox 2201 661 3775 734">
     <span class='ocr_line' id='line_1_63' title="bbox 2201 661 3775 734; baseline 0.002 -18"><span class='ocrx_word' id='word_1_474' title='bbox 2201 675 2320 716; x_wconf 87' lang='lat' dir='ltr'><strong>ntus</strong></span> <span class='ocrx_word' id='word_1_475' title='bbox 2348 676 2363 715; x_wconf 73' lang='grc' dir='ltr'><strong>ε</strong></span> <span class='ocrx_word' id='word_1_476' title='bbox 2392 661 2538 716; x_wconf 89' lang='lat' dir='ltr'><strong>multi</strong></span> <span class='ocrx_word' id='word_1_477' title='bbox 2556 663 2697 717; x_wconf 92' lang='lat' dir='ltr'><strong>enim</strong></span> <span class='ocrx_word' id='word_1_478' title='bbox 2719 663 3136 717; x_wconf 88' lang='lat' dir='ltr'><strong>obtrectatorum</strong></span> <span class='ocrx_word' id='word_1_479' title='bbox 3165 680 3230 717; x_wconf 90' lang='lat' dir='ltr'><strong>co</strong></span> <span class='ocrx_word' id='word_1_480' title='bbox 3256 663 3452 718; x_wconf 89' lang='lat' dir='ltr'><strong>furoris</strong></span> <span class='ocrx_word' id='word_1_481' title='bbox 3479 666 3607 734; x_wconf 86' lang='lat' dir='ltr'><strong>lapsi</strong></span> <span class='ocrx_word' id='word_1_482' title='bbox 3630 677 3775 730; x_wconf 89' lang='lat' dir='ltr'><strong>sunt,</strong></span> 
     </span>
    </p>
   </div>
   <div class='ocr_carea' id='block_1_64' title="bbox 2202 752 3776 823">
    <p class='ocr_par' dir='ltr' id='par_1_64' title="bbox 2202 752 3776 823">
     <span class='ocr_line' id='line_1_64' title="bbox 2202 752 3776 823; baseline 0.003 -19"><span class='ocrx_word' id='word_1_483' title='bbox 2202 760 2260 804; x_wconf 92' lang='lat' dir='ltr'><strong>ut</strong></span> <span class='ocrx_word' id='word_1_484' title='bbox 2294 766 2325 806; x_wconf 91' lang='lat' dir='ltr'><strong>a</strong></span> <span class='ocrx_word' id='word_1_485' title='bbox 2350 753 2624 807; x_wconf 83' lang='lat' dir='ltr'><strong>conservis</strong></span> <span class='ocrx_word' id='word_1_486' title='bbox 2650 752 2701 806; x_wconf 91' lang='lat' dir='ltr'><strong>in</strong></span> <span class='ocrx_word' id='word_1_487' title='bbox 2746 752 2910 807; x_wconf 92' lang='lat' dir='ltr'><strong>Deum</strong></span> <span class='ocrx_word' id='word_1_488' title='bbox 2943 753 3172 823; x_wconf 83' lang='lat' dir='ltr'><strong>linguam</strong></span> <span class='ocrx_word' id='word_1_489' title='bbox 3202 769 3354 808; x_wconf 84' lang='lat' dir='ltr'><strong>suam</strong></span> <span class='ocrx_word' id='word_1_490' title='bbox 3384 756 3776 810; x_wconf 87' lang='lat' dir='ltr'><strong>revocaverint.</strong></span> 
     </span>
    </p>
   </div>
   <div class='ocr_carea' id='block_1_65' title="bbox 2201 842 3781 911">
    <p class='ocr_par' dir='ltr' id='par_1_65' title="bbox 2201 842 3781 911">
     <span class='ocr_line' id='line_1_65' title="bbox 2201 842 3781 911; baseline 0.003 -16"><span class='ocrx_word' id='word_1_491' title='bbox 2201 842 2465 910; x_wconf 85' lang='lat' dir='ltr'><strong>Quantum</strong></span> <span class='ocrx_word' id='word_1_492' title='bbox 2494 859 2622 899; x_wconf 91' lang='lat' dir='ltr'><strong>vero</strong></span> <span class='ocrx_word' id='word_1_493' title='bbox 2643 845 2712 898; x_wconf 87' lang='lat' dir='ltr'><strong>sit</strong></span> <span class='ocrx_word' id='word_1_494' title='bbox 2742 844 2845 900; x_wconf 87' lang='lat' dir='ltr'><strong>hoc</strong></span> <span class='ocrx_word' id='word_1_495' title='bbox 2869 845 3088 911; x_wconf 90' lang='lat' dir='ltr'><strong>malum,</strong></span> <span class='ocrx_word' id='word_1_496' title='bbox 3119 860 3186 900; x_wconf 81' lang='lat' dir='ltr'><strong>ex</strong></span> <span class='ocrx_word' id='word_1_497' title='bbox 3211 847 3369 900; x_wconf 90' lang='lat' dir='ltr'><strong>rebus</strong></span> <span class='ocrx_word' id='word_1_498' title='bbox 3399 861 3540 902; x_wconf 90' lang='lat' dir='ltr'><strong>nunc</strong></span> <span class='ocrx_word' id='word_1_499' title='bbox 3566 862 3664 901; x_wconf 86' lang='lat' dir='ltr'><strong>nos</strong></span> <span class='ocrx_word' id='word_1_500' title='bbox 3692 862 3781 900; x_wconf 84' lang='lat' dir='ltr'><strong>ur-</strong></span> 
     </span>
    </p>
   </div>
   <div class='ocr_carea' id='block_1_66' title="bbox 2201 932 3775 1005">
    <p class='ocr_par' dir='ltr' id='par_1_66' title="bbox 2201 932 3775 1005">
     <span class='ocr_line' id='line_1_66' title="bbox 2201 932 3775 1005; baseline 0.002 -20"><span class='ocrx_word' id='word_1_501' title='bbox 2201 932 2447 1002; x_wconf 91' lang='lat' dir='ltr'><strong>gentibus</strong></span> <span class='ocrx_word' id='word_1_502' title='bbox 2468 933 2633 988; x_wconf 89' lang='lat' dir='ltr'><strong>disce.</strong></span> <span class='ocrx_word' id='word_1_503' title='bbox 2667 933 2807 989; x_wconf 88' lang='lat' dir='ltr'><strong>Ecce</strong></span> <span class='ocrx_word' id='word_1_504' title='bbox 2830 934 2972 988; x_wconf 90' lang='lat' dir='ltr'><strong>enim</strong></span> <span class='ocrx_word' id='word_1_505' title='bbox 2999 934 3160 989; x_wconf 88' lang='lat' dir='ltr'><strong>homo</strong></span> <span class='ocrx_word' id='word_1_506' title='bbox 3190 934 3433 1004; x_wconf 88' lang='lat' dir='ltr'><strong>injuriam</strong></span> <span class='ocrx_word' id='word_1_507' title='bbox 3454 949 3645 1005; x_wconf 85' lang='lat' dir='ltr'><strong>passus</strong></span> <span class='ocrx_word' id='word_1_508' title='bbox 3673 946 3775 1000; x_wconf 88' lang='lat' dir='ltr'><strong>est,</strong></span> 
     </span>
    </p>
   </div>
   <div class='ocr_carea' id='block_1_67' title="bbox 2201 1022 3775 1096">
    <p class='ocr_par' dir='ltr' id='par_1_67' title="bbox 2201 1022 3775 1096">
     <span class='ocr_line' id='line_1_67' title="bbox 2201 1022 3775 1096; baseline 0.002 -19"><span class='ocrx_word' id='word_1_509' title='bbox 2201 1031 2256 1077; x_wconf 88' lang='lat' dir='ltr'><strong>et</strong></span> <span class='ocrx_word' id='word_1_510' title='bbox 2273 1037 2461 1079; x_wconf 89' lang='lat' dir='ltr'><strong>omnes</strong></span> <span class='ocrx_word' id='word_1_511' title='bbox 2485 1022 2733 1079; x_wconf 89' lang='lat' dir='ltr'><strong>timemus</strong></span> <span class='ocrx_word' id='word_1_512' title='bbox 2760 1032 2812 1079; x_wconf 91' lang='lat' dir='ltr'><strong>et</strong></span> <span class='ocrx_word' id='word_1_513' title='bbox 2841 1025 3141 1091; x_wconf 90' lang='lat' dir='ltr'><strong>tremimus,</strong></span> <span class='ocrx_word' id='word_1_514' title='bbox 3171 1034 3226 1080; x_wconf 90' lang='lat' dir='ltr'><strong>et</strong></span> <span class='ocrx_word' id='word_1_515' title='bbox 3245 1027 3333 1096; x_wconf 89' lang='lat' dir='ltr'><strong>qui</strong></span> <span class='ocrx_word' id='word_1_516' title='bbox 3366 1026 3659 1081; x_wconf 90' lang='lat' dir='ltr'><strong>intulerunt</strong></span> <span class='ocrx_word' id='word_1_517' title='bbox 3690 1029 3775 1080; x_wconf 88' lang='lat' dir='ltr'><strong>in-</strong></span> 
     </span>
    </p>
   </div>
   <div class='ocr_carea' id='block_1_68' title="bbox 2197 1112 3774 1185">
    <p class='ocr_par' dir='ltr' id='par_1_68' title="bbox 2197 1112 3774 1185">
     <span class='ocr_line' id='line_1_68' title="bbox 2197 1112 3774 1185; baseline 0.003 -21"><span class='ocrx_word' id='word_1_518' title='bbox 2197 1112 2415 1183; x_wconf 91' lang='lat' dir='ltr'><strong>juriam,</strong></span> <span class='ocrx_word' id='word_1_519' title='bbox 2441 1122 2497 1168; x_wconf 89' lang='lat' dir='ltr'><strong>et</strong></span> <span class='ocrx_word' id='word_1_520' title='bbox 2518 1114 2606 1184; x_wconf 93' lang='lat' dir='ltr'><strong>qui</strong></span> <span class='ocrx_word' id='word_1_521' title='bbox 2623 1114 2691 1170; x_wconf 89' lang='lat' dir='ltr'><strong>de</strong></span> <span class='ocrx_word' id='word_1_522' title='bbox 2712 1116 2854 1169; x_wconf 87' lang='lat' dir='ltr'><strong>nulla</strong></span> <span class='ocrx_word' id='word_1_523' title='bbox 2876 1114 3179 1185; x_wconf 90' lang='lat' dir='ltr'><strong>bujusmodi</strong></span> <span class='ocrx_word' id='word_1_524' title='bbox 3202 1131 3260 1171; x_wconf 91' lang='lat' dir='ltr'><strong>re</strong></span> <span class='ocrx_word' id='word_1_525' title='bbox 3279 1116 3375 1170; x_wconf 89' lang='lat' dir='ltr'><strong>sibi</strong></span> <span class='ocrx_word' id='word_1_526' title='bbox 3401 1124 3527 1171; x_wconf 90' lang='lat' dir='ltr'><strong>sunt</strong></span> <span class='ocrx_word' id='word_1_527' title='bbox 3545 1118 3742 1171; x_wconf 90' lang='lat' dir='ltr'><strong>conscii</strong></span> <span class='ocrx_word' id='word_1_528' title='bbox 3760 1159 3774 1181; x_wconf 90' lang='lat'><strong>,</strong></span> 
     </span>
    </p>
   </div>
   <div class='ocr_carea' id='block_1_69' title="bbox 2206 1203 3778 1277">
    <p class='ocr_par' dir='ltr' id='par_1_69' title="bbox 2206 1203 3778 1277">
     <span class='ocr_line' id='line_1_69' title="bbox 2206 1203 3778 1277; baseline 0.002 -19"><span class='ocrx_word' id='word_1_529' title='bbox 2206 1203 2345 1260; x_wconf 90' lang='lat' dir='ltr'><strong>Deus</strong></span> <span class='ocrx_word' id='word_1_530' title='bbox 2370 1214 2548 1260; x_wconf 90' lang='lat' dir='ltr'><strong>autem</strong></span> <span class='ocrx_word' id='word_1_531' title='bbox 2591 1221 2687 1276; x_wconf 91' lang='lat' dir='ltr'><strong>per</strong></span> <span class='ocrx_word' id='word_1_532' title='bbox 2714 1206 2952 1277; x_wconf 85' lang='lat' dir='ltr'><strong>singulos</strong></span> <span class='ocrx_word' id='word_1_533' title='bbox 2977 1206 3092 1261; x_wconf 90' lang='lat' dir='ltr'><strong>dies</strong></span> <span class='ocrx_word' id='word_1_534' title='bbox 3122 1207 3315 1276; x_wconf 91' lang='lat' dir='ltr'><strong>injuria</strong></span> <span class='ocrx_word' id='word_1_535' title='bbox 3344 1207 3575 1262; x_wconf 89' lang='lat' dir='ltr'><strong>afﬁcitur</strong></span> <span class='ocrx_word' id='word_1_536' title='bbox 3606 1226 3619 1261; x_wconf 90' lang='lat'><strong>:</strong></span> <span class='ocrx_word' id='word_1_537' title='bbox 3652 1209 3778 1277; x_wconf 84' lang='lat' dir='ltr'><strong>quid</strong></span> 
     </span>
    </p>
   </div>
   <div class='ocr_carea' id='block_1_70' title="bbox 2202 1293 3776 1367">
    <p class='ocr_par' dir='ltr' id='par_1_70' title="bbox 2202 1293 3776 1367">
     <span class='ocr_line' id='line_1_70' title="bbox 2202 1293 3776 1367; baseline 0.002 -20"><span class='ocrx_word' id='word_1_538' title='bbox 2202 1293 2324 1347; x_wconf 91' lang='lat' dir='ltr'><strong>dico</strong></span> <span class='ocrx_word' id='word_1_539' title='bbox 2354 1309 2449 1363; x_wconf 91' lang='lat' dir='ltr'><strong>per</strong></span> <span class='ocrx_word' id='word_1_540' title='bbox 2476 1295 2713 1365; x_wconf 87' lang='lat' dir='ltr'><strong>singulos</strong></span> <span class='ocrx_word' id='word_1_541' title='bbox 2740 1295 2895 1351; x_wconf 77' lang='lat' dir='ltr'><strong>dies?</strong></span> <span class='ocrx_word' id='word_1_542' title='bbox 2926 1297 3033 1352; x_wconf 90' lang='lat' dir='ltr'><strong>imo</strong></span> <span class='ocrx_word' id='word_1_543' title='bbox 3054 1312 3181 1352; x_wconf 87' lang='lat' dir='ltr'><strong>vero</strong></span> <span class='ocrx_word' id='word_1_544' title='bbox 3207 1312 3302 1367; x_wconf 86' lang='lat' dir='ltr'><strong>per</strong></span> <span class='ocrx_word' id='word_1_545' title='bbox 3329 1298 3566 1367; x_wconf 88' lang='lat' dir='ltr'><strong>singulas</strong></span> <span class='ocrx_word' id='word_1_546' title='bbox 3594 1297 3776 1362; x_wconf 84' lang='lat' dir='ltr'><strong>horas,</strong></span> 
     </span>
    </p>
   </div>
   <div class='ocr_carea' id='block_1_71' title="bbox 2202 1384 3779 1459">
    <p class='ocr_par' dir='ltr' id='par_1_71' title="bbox 2202 1384 3779 1459">
     <span class='ocr_line' id='line_1_71' title="bbox 2202 1384 3779 1459; baseline 0.003 -21"><span class='ocrx_word' id='word_1_547' title='bbox 2202 1400 2233 1439; x_wconf 89' lang='lat' dir='ltr'><strong>a</strong></span> <span class='ocrx_word' id='word_1_548' title='bbox 2263 1384 2533 1453; x_wconf 90' lang='lat' dir='ltr'><strong>divitibus,</strong></span> <span class='ocrx_word' id='word_1_549' title='bbox 2564 1403 2595 1441; x_wconf 92' lang='lat' dir='ltr'><strong>a</strong></span> <span class='ocrx_word' id='word_1_550' title='bbox 2637 1388 2979 1459; x_wconf 88' lang='lat' dir='ltr'><strong>pauperibus,</strong></span> <span class='ocrx_word' id='word_1_551' title='bbox 3018 1404 3048 1443; x_wconf 93' lang='lat' dir='ltr'><strong>a</strong></span> <span class='ocrx_word' id='word_1_552' title='bbox 3094 1390 3309 1459; x_wconf 87' lang='lat' dir='ltr'><strong>quietis,</strong></span> <span class='ocrx_word' id='word_1_553' title='bbox 3355 1389 3424 1443; x_wconf 90' lang='lat' dir='ltr'><strong>ab</strong></span> <span class='ocrx_word' id='word_1_554' title='bbox 3467 1391 3694 1454; x_wconf 86' lang='lat' dir='ltr'><strong>afﬂictis,</strong></span> <span class='ocrx_word' id='word_1_555' title='bbox 3747 1405 3779 1443; x_wconf 90' lang='lat' dir='ltr'><strong>a</strong></span> 
     </span>
    </p>
   </div>
   <div class='ocr_carea' id='block_1_72' title="bbox 2206 1476 3780 1551">
    <p class='ocr_par' dir='ltr' id='par_1_72' title="bbox 2206 1476 3780 1551">
     <span class='ocr_line' id='line_1_72' title="bbox 2206 1476 3780 1551; baseline 0.003 -21"><span class='ocrx_word' id='word_1_556' title='bbox 2206 1476 2669 1540; x_wconf 84' lang='lat' dir='ltr'><strong>calumniantibus.</strong></span> <span class='ocrx_word' id='word_1_557' title='bbox 2694 1494 2724 1533; x_wconf 86' lang='lat' dir='ltr'><strong>a</strong></span> <span class='ocrx_word' id='word_1_558' title='bbox 2749 1479 3067 1535; x_wconf 87' lang='lat' dir='ltr'><strong>calumniam</strong></span> <span class='ocrx_word' id='word_1_559' title='bbox 3091 1479 3400 1546; x_wconf 84' lang='lat' dir='ltr'><strong>ferentibus,</strong></span> <span class='ocrx_word' id='word_1_560' title='bbox 3445 1497 3614 1551; x_wconf 88' lang='lat' dir='ltr'><strong>neque</strong></span> <span class='ocrx_word' id='word_1_561' title='bbox 3642 1482 3780 1535; x_wconf 89' lang='lat' dir='ltr'><strong>ullus</strong></span> 
     </span>
    </p>
   </div>
   <div class='ocr_carea' id='block_1_73' title="bbox 2205 1569 3781 1642">
    <p class='ocr_par' dir='ltr' id='par_1_73' title="bbox 2205 1569 3781 1642">
     <span class='ocr_line' id='line_1_73' title="bbox 2205 1569 3781 1642; baseline 0.004 -22"><span class='ocrx_word' id='word_1_562' title='bbox 2205 1583 2425 1637; x_wconf 87' lang='lat' dir='ltr'><strong>usquam</strong></span> <span class='ocrx_word' id='word_1_563' title='bbox 2454 1569 2504 1623; x_wconf 90' lang='lat' dir='ltr'><strong>id</strong></span> <span class='ocrx_word' id='word_1_564' title='bbox 2525 1579 2695 1625; x_wconf 89' lang='lat' dir='ltr'><strong>curat.</strong></span> <span class='ocrx_word' id='word_1_565' title='bbox 2728 1571 2852 1626; x_wconf 92' lang='lat' dir='ltr'><strong>Ideo</strong></span> <span class='ocrx_word' id='word_1_566' title='bbox 2879 1586 3194 1628; x_wconf 86' lang='lat' dir='ltr'><strong>conservum</strong></span> <span class='ocrx_word' id='word_1_567' title='bbox 3222 1573 3403 1627; x_wconf 90' lang='lat' dir='ltr'><strong>violari</strong></span> <span class='ocrx_word' id='word_1_568' title='bbox 3435 1573 3694 1642; x_wconf 87' lang='lat' dir='ltr'><strong>permisit,</strong></span> <span class='ocrx_word' id='word_1_569' title='bbox 3724 1585 3781 1627; x_wconf 95' lang='lat' dir='ltr'><strong>ut</strong></span> 
     </span>
    </p>
   </div>
   <div class='ocr_carea' id='block_1_74' title="bbox 2202 1659 3784 1729">
    <p class='ocr_par' dir='ltr' id='par_1_74' title="bbox 2202 1659 3784 1729">
     <span class='ocr_line' id='line_1_74' title="bbox 2202 1659 3784 1729; baseline 0.003 -16"><span class='ocrx_word' id='word_1_570' title='bbox 2202 1674 2266 1713; x_wconf 81' lang='lat' dir='ltr'><strong>ex</strong></span> <span class='ocrx_word' id='word_1_571' title='bbox 2294 1659 2530 1728; x_wconf 90' lang='lat' dir='ltr'><strong>periculo</strong></span> <span class='ocrx_word' id='word_1_572' title='bbox 2561 1676 2655 1729; x_wconf 92' lang='lat' dir='ltr'><strong>per</strong></span> <span class='ocrx_word' id='word_1_573' title='bbox 2666 1664 3040 1717; x_wconf 91' lang='lat' dir='ltr'><strong>contumeliam</strong></span> <span class='ocrx_word' id='word_1_574' title='bbox 3062 1672 3249 1718; x_wconf 81' lang='lat' dir='ltr'><strong>exorto</strong></span> <span class='ocrx_word' id='word_1_575' title='bbox 3269 1663 3443 1718; x_wconf 84' lang='lat' dir='ltr'><strong>discas</strong></span> <span class='ocrx_word' id='word_1_576' title='bbox 3460 1663 3668 1715; x_wconf 88' lang='lat' dir='ltr'><strong>Domini</strong></span> <span class='ocrx_word' id='word_1_577' title='bbox 3690 1663 3784 1717; x_wconf 62' lang='lat' dir='ltr'><strong>beo</strong></span> 
     </span>
    </p>
   </div>
   <div class='ocr_carea' id='block_1_75' title="bbox 2204 1750 3783 1825">
    <p class='ocr_par' dir='ltr' id='par_1_75' title="bbox 2204 1750 3783 1825">
     <span class='ocr_line' id='line_1_75' title="bbox 2204 1750 3783 1825; baseline 0.002 -21"><span class='ocrx_word' id='word_1_578' title='bbox 2204 1750 2541 1819; x_wconf 87' lang='lat' dir='ltr'><strong>nignitatem.</strong></span> <span class='ocrx_word' id='word_1_579' title='bbox 2571 1755 2733 1825; x_wconf 83' lang='lat' dir='ltr'><strong>Atqui</strong></span> <span class='ocrx_word' id='word_1_580' title='bbox 2775 1753 2876 1809; x_wconf 88' lang='lat' dir='ltr'><strong>hoc</strong></span> <span class='ocrx_word' id='word_1_581' title='bbox 2909 1770 3049 1809; x_wconf 91' lang='lat' dir='ltr'><strong>nunc</strong></span> <span class='ocrx_word' id='word_1_582' title='bbox 3093 1755 3322 1824; x_wconf 90' lang='lat' dir='ltr'><strong>primum</strong></span> <span class='ocrx_word' id='word_1_583' title='bbox 3363 1754 3559 1809; x_wconf 90' lang='lat' dir='ltr'><strong>factum</strong></span> <span class='ocrx_word' id='word_1_584' title='bbox 3596 1764 3696 1818; x_wconf 88' lang='lat' dir='ltr'><strong>est,</strong></span> <span class='ocrx_word' id='word_1_585' title='bbox 3727 1764 3783 1808; x_wconf 91' lang='lat' dir='ltr'><strong>et</strong></span> 
     </span>
    </p>
   </div>
   <div class='ocr_carea' id='block_1_76' title="bbox 2203 1843 3782 1916">
    <p class='ocr_par' dir='ltr' id='par_1_76' title="bbox 2203 1843 3782 1916">
     <span class='ocr_line' id='line_1_76' title="bbox 2203 1843 3782 1916; baseline 0.003 -20"><span class='ocrx_word' id='word_1_586' title='bbox 2203 1843 2374 1898; x_wconf 88' lang='lat' dir='ltr'><strong>solum</strong></span> <span class='ocrx_word' id='word_1_587' title='bbox 2394 1861 2409 1909; x_wconf 94' lang='lat'><strong>;</strong></span> <span class='ocrx_word' id='word_1_588' title='bbox 2438 1859 2537 1900; x_wconf 90' lang='lat' dir='ltr'><strong>nec</strong></span> <span class='ocrx_word' id='word_1_589' title='bbox 2558 1853 2731 1901; x_wconf 88' lang='lat' dir='ltr'><strong>tamen</strong></span> <span class='ocrx_word' id='word_1_590' title='bbox 2759 1854 2974 1916; x_wconf 91' lang='lat' dir='ltr'><strong>propter</strong></span> <span class='ocrx_word' id='word_1_591' title='bbox 2991 1846 3092 1902; x_wconf 87' lang='lat' dir='ltr'><strong>hoc</strong></span> <span class='ocrx_word' id='word_1_592' title='bbox 3107 1862 3204 1901; x_wconf 92' lang='lat' dir='ltr'><strong>nos</strong></span> <span class='ocrx_word' id='word_1_593' title='bbox 3221 1847 3380 1901; x_wconf 89' lang='lat' dir='ltr'><strong>ullam</strong></span> <span class='ocrx_word' id='word_1_594' title='bbox 3402 1856 3782 1915; x_wconf 85' lang='lat' dir='ltr'><strong>assequuturos</strong></span> 
     </span>
    </p>
   </div>
   <div class='ocr_carea' id='block_1_77' title="bbox 2202 1935 3780 2008">
    <p class='ocr_par' dir='ltr' id='par_1_77' title="bbox 2202 1935 3780 2008">
     <span class='ocr_line' id='line_1_77' title="bbox 2202 1935 3780 2008; baseline 0.001 -19"><span class='ocrx_word' id='word_1_595' title='bbox 2202 1948 2325 1990; x_wconf 77' lang='lat' dir='ltr'><strong>esse</strong></span> <span class='ocrx_word' id='word_1_596' title='bbox 2352 1935 2562 1993; x_wconf 91' lang='lat' dir='ltr'><strong>veniam</strong></span> <span class='ocrx_word' id='word_1_597' title='bbox 2591 1938 2679 1992; x_wconf 90' lang='lat' dir='ltr'><strong>vel</strong></span> <span class='ocrx_word' id='word_1_598' title='bbox 2708 1940 3107 1994; x_wconf 75' lang='lat' dir='ltr'><strong>excusationem</strong></span> <span class='ocrx_word' id='word_1_599' title='bbox 3143 1947 3518 2008; x_wconf 78' lang='lat' dir='ltr'><strong>exspectamus</strong></span> <span class='ocrx_word' id='word_1_600' title='bbox 3546 1955 3561 2003; x_wconf 88' lang='lat'><strong>;</strong></span> <span class='ocrx_word' id='word_1_601' title='bbox 3616 1938 3780 1992; x_wconf 87' lang='lat' dir='ltr'><strong>Deum</strong></span> 
     </span>
    </p>
   </div>
   <div class='ocr_carea' id='block_1_78' title="bbox 2204 2029 3784 2098">
    <p class='ocr_par' dir='ltr' id='par_1_78' title="bbox 2204 2029 3784 2098">
     <span class='ocr_line' id='line_1_78' title="bbox 2204 2029 3784 2098; baseline 0.003 -18"><span class='ocrx_word' id='word_1_602' title='bbox 2204 2041 2335 2081; x_wconf 88' lang='lat' dir='ltr'><strong>vero</strong></span> <span class='ocrx_word' id='word_1_603' title='bbox 2359 2029 2595 2098; x_wconf 91' lang='lat' dir='ltr'><strong>quotidie</strong></span> <span class='ocrx_word' id='word_1_604' title='bbox 2623 2029 2915 2097; x_wconf 88' lang='lat' dir='ltr'><strong>irritamus,</strong></span> <span class='ocrx_word' id='word_1_605' title='bbox 2932 2039 2987 2085; x_wconf 91' lang='lat' dir='ltr'><strong>et</strong></span> <span class='ocrx_word' id='word_1_606' title='bbox 3007 2030 3210 2086; x_wconf 89' lang='lat' dir='ltr'><strong>nullam</strong></span> <span class='ocrx_word' id='word_1_607' title='bbox 3242 2030 3465 2085; x_wconf 90' lang='lat' dir='ltr'><strong>facimus</strong></span> <span class='ocrx_word' id='word_1_608' title='bbox 3480 2030 3784 2085; x_wconf 81' lang='lat' dir='ltr'><strong>conversio-</strong></span> 
     </span>
    </p>
   </div>
   <div class='ocr_carea' id='block_1_79' title="bbox 2206 2119 3782 2192">
    <p class='ocr_par' dir='ltr' id='par_1_79' title="bbox 2206 2119 3782 2192">
     <span class='ocr_line' id='line_1_79' title="bbox 2206 2119 3782 2192; baseline 0.002 -20"><span class='ocrx_word' id='word_1_609' title='bbox 2206 2132 2351 2186; x_wconf 91' lang='lat' dir='ltr'><strong>nem,</strong></span> <span class='ocrx_word' id='word_1_610' title='bbox 2382 2129 2436 2175; x_wconf 92' lang='lat' dir='ltr'><strong>et</strong></span> <span class='ocrx_word' id='word_1_611' title='bbox 2464 2119 2640 2176; x_wconf 91' lang='lat' dir='ltr'><strong>adhuc</strong></span> <span class='ocrx_word' id='word_1_612' title='bbox 2664 2136 2786 2177; x_wconf 88' lang='lat' dir='ltr'><strong>cum</strong></span> <span class='ocrx_word' id='word_1_613' title='bbox 2811 2123 2955 2177; x_wconf 91' lang='lat' dir='ltr'><strong>omni</strong></span> <span class='ocrx_word' id='word_1_614' title='bbox 2986 2122 3385 2192; x_wconf 82' lang='lat' dir='ltr'><strong>longanimitate</strong></span> <span class='ocrx_word' id='word_1_615' title='bbox 3413 2123 3656 2178; x_wconf 88' lang='lat' dir='ltr'><strong>sustinet.</strong></span> <span class='ocrx_word' id='word_1_616' title='bbox 3692 2121 3782 2176; x_wconf 84' lang='lat' dir='ltr'><strong>Vi-</strong></span> 
     </span>
    </p>
   </div>
   <div class='ocr_carea' id='block_1_80' title="bbox 2205 2208 3781 2283">
    <p class='ocr_par' dir='ltr' id='par_1_80' title="bbox 2205 2208 3781 2283">
     <span class='ocr_line' id='line_1_80' title="bbox 2205 2208 3781 2283; baseline 0 -18"><span class='ocrx_word' id='word_1_617' title='bbox 2205 2208 2330 2265; x_wconf 90' lang='lat' dir='ltr'><strong>disti</strong></span> <span class='ocrx_word' id='word_1_618' title='bbox 2351 2219 2545 2280; x_wconf 91' lang='lat' dir='ltr'><strong>quanta</strong></span> <span class='ocrx_word' id='word_1_619' title='bbox 2584 2211 2793 2267; x_wconf 91' lang='lat' dir='ltr'><strong>Domini</strong></span> <span class='ocrx_word' id='word_1_620' title='bbox 2820 2212 2891 2267; x_wconf 86' lang='lat' dir='ltr'><strong>sit</strong></span> <span class='ocrx_word' id='word_1_621' title='bbox 2918 2212 3248 2269; x_wconf 83' lang='lat' dir='ltr'><strong>clementia?</strong></span> <span class='ocrx_word' id='word_1_622' title='bbox 3278 2212 3348 2267; x_wconf 84' lang='lat' dir='ltr'><strong>Et</strong></span> <span class='ocrx_word' id='word_1_623' title='bbox 3373 2214 3426 2267; x_wconf 94' lang='lat' dir='ltr'><strong>in</strong></span> <span class='ocrx_word' id='word_1_624' title='bbox 3452 2212 3552 2269; x_wconf 92' lang='lat' dir='ltr'><strong>bac</strong></span> <span class='ocrx_word' id='word_1_625' title='bbox 3568 2211 3781 2283; x_wconf 86' lang='lat' dir='ltr'><strong>quidem</strong></span> 
     </span>
    </p>
   </div>
   <div class='ocr_carea' id='block_1_81' title="bbox 2208 2301 3787 2374">
    <p class='ocr_par' dir='ltr' id='par_1_81' title="bbox 2208 2301 3787 2374">
     <span class='ocr_line' id='line_1_81' title="bbox 2208 2301 3787 2374; baseline 0.001 -20"><span class='ocrx_word' id='word_1_626' title='bbox 2208 2301 2643 2372; x_wconf 66' lang='lat' dir='ltr'><strong>praevaricatione</strong></span> <span class='ocrx_word' id='word_1_627' title='bbox 2662 2303 2753 2372; x_wconf 92' lang='lat' dir='ltr'><strong>qui</strong></span> <span class='ocrx_word' id='word_1_628' title='bbox 2780 2312 3159 2374; x_wconf 89' lang='lat' dir='ltr'><strong>peccaverunt,</strong></span> <span class='ocrx_word' id='word_1_629' title='bbox 3187 2303 3326 2373; x_wconf 89' lang='lat' dir='ltr'><strong>capti</strong></span> <span class='ocrx_word' id='word_1_630' title='bbox 3356 2312 3497 2369; x_wconf 89' lang='lat' dir='ltr'><strong>sunt,</strong></span> <span class='ocrx_word' id='word_1_631' title='bbox 3522 2311 3575 2359; x_wconf 90' lang='lat' dir='ltr'><strong>et</strong></span> <span class='ocrx_word' id='word_1_632' title='bbox 3603 2305 3655 2357; x_wconf 91' lang='lat' dir='ltr'><strong>in</strong></span> <span class='ocrx_word' id='word_1_633' title='bbox 3674 2318 3787 2358; x_wconf 82' lang='lat' dir='ltr'><strong>car-</strong></span> 
     </span>
    </p>
   </div>
   <div class='ocr_carea' id='block_1_82' title="bbox 2206 2393 3785 2466">
    <p class='ocr_par' dir='ltr' id='par_1_82' title="bbox 2206 2393 3785 2466">
     <span class='ocr_line' id='line_1_82' title="bbox 2206 2393 3785 2466; baseline 0 -18"><span class='ocrx_word' id='word_1_634' title='bbox 2206 2408 2386 2449; x_wconf 91' lang='lat' dir='ltr'><strong>cerem</strong></span> <span class='ocrx_word' id='word_1_635' title='bbox 2412 2393 2635 2460; x_wconf 89' lang='lat' dir='ltr'><strong>detrusi,</strong></span> <span class='ocrx_word' id='word_1_636' title='bbox 2653 2410 2945 2466; x_wconf 63' lang='lat' dir='ltr'><strong>poenasque</strong></span> <span class='ocrx_word' id='word_1_637' title='bbox 2968 2394 3264 2461; x_wconf 87' lang='lat' dir='ltr'><strong>dederunt;</strong></span> <span class='ocrx_word' id='word_1_638' title='bbox 3288 2395 3385 2451; x_wconf 85' lang='lat' dir='ltr'><strong>sed</strong></span> <span class='ocrx_word' id='word_1_639' title='bbox 3412 2406 3589 2450; x_wconf 90' lang='lat' dir='ltr'><strong>tamen</strong></span> <span class='ocrx_word' id='word_1_640' title='bbox 3611 2394 3785 2449; x_wconf 83' lang='lat' dir='ltr'><strong>adhuc</strong></span> 
     </span>
    </p>
   </div>
   <div class='ocr_carea' id='block_1_83' title="bbox 2207 2483 3785 2553">
    <p class='ocr_par' dir='ltr' id='par_1_83' title="bbox 2207 2483 3785 2553">
     <span class='ocr_line' id='line_1_83' title="bbox 2207 2483 3785 2553; baseline 0 -15"><span class='ocrx_word' id='word_1_641' title='bbox 2207 2483 2494 2539; x_wconf 88' lang='lat' dir='ltr'><strong>timemus:</strong></span> <span class='ocrx_word' id='word_1_642' title='bbox 2525 2484 2750 2540; x_wconf 90' lang='lat' dir='ltr'><strong>necdum</strong></span> <span class='ocrx_word' id='word_1_643' title='bbox 2794 2486 2942 2540; x_wconf 92' lang='lat' dir='ltr'><strong>enim</strong></span> <span class='ocrx_word' id='word_1_644' title='bbox 2984 2485 3120 2541; x_wconf 88' lang='lat' dir='ltr'><strong>facta</strong></span> <span class='ocrx_word' id='word_1_645' title='bbox 3152 2485 3312 2540; x_wconf 66' lang='lat' dir='ltr'><strong>laesus</strong></span> <span class='ocrx_word' id='word_1_646' title='bbox 3339 2484 3562 2549; x_wconf 87' lang='lat' dir='ltr'><strong>audivit,</strong></span> <span class='ocrx_word' id='word_1_647' title='bbox 3613 2499 3785 2553; x_wconf 88' lang='lat' dir='ltr'><strong>neque</strong></span> 
     </span>
    </p>
   </div>
   <div class='ocr_carea' id='block_1_84' title="bbox 2207 2573 3785 2641">
    <p class='ocr_par' dir='ltr' id='par_1_84' title="bbox 2207 2573 3785 2641">
     <span class='ocr_line' id='line_1_84' title="bbox 2207 2573 3785 2641; baseline -0.003 -12"><span class='ocrx_word' id='word_1_648' title='bbox 2207 2573 2527 2629; x_wconf 89' lang='lat' dir='ltr'><strong>sententiam</strong></span> <span class='ocrx_word' id='word_1_649' title='bbox 2577 2575 2894 2641; x_wconf 89' lang='lat' dir='ltr'><strong>enuntiavit,</strong></span> <span class='ocrx_word' id='word_1_650' title='bbox 2946 2583 3002 2630; x_wconf 92' lang='lat' dir='ltr'><strong>et</strong></span> <span class='ocrx_word' id='word_1_651' title='bbox 3048 2588 3233 2630; x_wconf 90' lang='lat' dir='ltr'><strong>omnes</strong></span> <span class='ocrx_word' id='word_1_652' title='bbox 3274 2575 3589 2638; x_wconf 88' lang='lat' dir='ltr'><strong>tremimus;</strong></span> <span class='ocrx_word' id='word_1_653' title='bbox 3642 2573 3785 2628; x_wconf 85' lang='lat' dir='ltr'><strong>Deus</strong></span> 
     </span>
    </p>
   </div>
   <div class='ocr_carea' id='block_1_85' title="bbox 2206 2664 3788 2735">
    <p class='ocr_par' dir='ltr' id='par_1_85' title="bbox 2206 2664 3788 2735">
     <span class='ocr_line' id='line_1_85' title="bbox 2206 2664 3788 2735; baseline -0.003 -18"><span class='ocrx_word' id='word_1_654' title='bbox 2206 2679 2335 2719; x_wconf 89' lang='lat' dir='ltr'><strong>vero</strong></span> <span class='ocrx_word' id='word_1_655' title='bbox 2354 2664 2594 2735; x_wconf 88' lang='lat' dir='ltr'><strong>quotidie</strong></span> <span class='ocrx_word' id='word_1_656' title='bbox 2616 2665 2970 2721; x_wconf 90' lang='lat' dir='ltr'><strong>contumelias</strong></span> <span class='ocrx_word' id='word_1_657' title='bbox 3001 2665 3054 2720; x_wconf 91' lang='lat' dir='ltr'><strong>in</strong></span> <span class='ocrx_word' id='word_1_658' title='bbox 3083 2679 3142 2719; x_wconf 91' lang='lat' dir='ltr'><strong>se</strong></span> <span class='ocrx_word' id='word_1_659' title='bbox 3166 2664 3335 2719; x_wconf 84' lang='lat' dir='ltr'><strong>factas</strong></span> <span class='ocrx_word' id='word_1_660' title='bbox 3349 2664 3520 2729; x_wconf 89' lang='lat' dir='ltr'><strong>audit,</strong></span> <span class='ocrx_word' id='word_1_661' title='bbox 3544 2672 3599 2718; x_wconf 92' lang='lat' dir='ltr'><strong>et</strong></span> <span class='ocrx_word' id='word_1_662' title='bbox 3628 2679 3788 2717; x_wconf 90' lang='lat' dir='ltr'><strong>nemo</strong></span> 
     </span>
    </p>
   </div>
   <div class='ocr_carea' id='block_1_86' title="bbox 2164 2753 3785 2833">
    <p class='ocr_par' dir='ltr' id='par_1_86' title="bbox 2164 2753 3785 2833">
     <span class='ocr_line' id='line_1_86' title="bbox 2164 2753 3785 2833; baseline -0.002 -24"><span class='ocrx_word' id='word_1_663' title='bbox 2164 2814 2181 2833; x_wconf 53' lang='lat'>.</span> <span class='ocrx_word' id='word_1_664' title='bbox 2206 2753 2555 2819; x_wconf 86' lang='lat' dir='ltr'><strong>convertitur,</strong></span> <span class='ocrx_word' id='word_1_665' title='bbox 2605 2753 2732 2809; x_wconf 89' lang='lat' dir='ltr'><strong>licet</strong></span> <span class='ocrx_word' id='word_1_666' title='bbox 2771 2754 2863 2809; x_wconf 90' lang='lat' dir='ltr'><strong>ille</strong></span> <span class='ocrx_word' id='word_1_667' title='bbox 2914 2754 2984 2809; x_wconf 91' lang='lat' dir='ltr'><strong>sit</strong></span> <span class='ocrx_word' id='word_1_668' title='bbox 3008 2762 3114 2809; x_wconf 89' lang='lat' dir='ltr'><strong>tam</strong></span> <span class='ocrx_word' id='word_1_669' title='bbox 3146 2754 3386 2808; x_wconf 89' lang='lat' dir='ltr'><strong>clemens</strong></span> <span class='ocrx_word' id='word_1_670' title='bbox 3410 2761 3466 2809; x_wconf 92' lang='lat' dir='ltr'><strong>et</strong></span> <span class='ocrx_word' id='word_1_671' title='bbox 3500 2754 3661 2808; x_wconf 90' lang='lat' dir='ltr'><strong>mitis.</strong></span> <span class='ocrx_word' id='word_1_672' title='bbox 3709 2753 3785 2806; x_wconf 72' lang='lat' dir='ltr'><strong>fili</strong></span> 
     </span>
    </p>
   </div>
   <div class='ocr_carea' id='block_1_87' title="bbox 2208 2843 3787 2912">
    <p class='ocr_par' dir='ltr' id='par_1_87' title="bbox 2208 2843 3787 2912">
     <span class='ocr_line' id='line_1_87' title="bbox 2208 2843 3787 2912; baseline -0.001 -15"><span class='ocrx_word' id='word_1_673' title='bbox 2208 2850 2485 2912; x_wconf 86' lang='lat' dir='ltr'><strong>peccatum</strong></span> <span class='ocrx_word' id='word_1_674' title='bbox 2515 2843 2696 2899; x_wconf 88' lang='lat' dir='ltr'><strong>dicere</strong></span> <span class='ocrx_word' id='word_1_675' title='bbox 2735 2844 2952 2909; x_wconf 83' lang='lat' dir='ltr'><strong>sufﬁcit,</strong></span> <span class='ocrx_word' id='word_1_676' title='bbox 2984 2852 3038 2898; x_wconf 90' lang='lat' dir='ltr'><strong>et</strong></span> <span class='ocrx_word' id='word_1_677' title='bbox 3065 2844 3266 2898; x_wconf 87' lang='lat' dir='ltr'><strong>crimen</strong></span> <span class='ocrx_word' id='word_1_678' title='bbox 3296 2843 3559 2908; x_wconf 86' lang='lat' dir='ltr'><strong>solvitur;</strong></span> <span class='ocrx_word' id='word_1_679' title='bbox 3602 2843 3654 2896; x_wconf 92' lang='lat' dir='ltr'><strong>in</strong></span> <span class='ocrx_word' id='word_1_680' title='bbox 3685 2843 3787 2896; x_wconf 78' lang='lat' dir='ltr'><strong>lio-</strong></span> 
     </span>
    </p>
   </div>
   <div class='ocr_carea' id='block_1_88' title="bbox 2208 2932 3789 3003">
    <p class='ocr_par' dir='ltr' id='par_1_88' title="bbox 2208 2932 3789 3003">
     <span class='ocr_line' id='line_1_88' title="bbox 2208 2932 3789 3003; baseline 0 -17"><span class='ocrx_word' id='word_1_681' title='bbox 2208 2932 2442 2987; x_wconf 91' lang='lat' dir='ltr'><strong>minibus</strong></span> <span class='ocrx_word' id='word_1_682' title='bbox 2481 2947 2612 2989; x_wconf 90' lang='lat' dir='ltr'><strong>vero</strong></span> <span class='ocrx_word' id='word_1_683' title='bbox 2653 2934 2981 2988; x_wconf 89' lang='lat' dir='ltr'><strong>contrarium</strong></span> <span class='ocrx_word' id='word_1_684' title='bbox 3030 2934 3261 3003; x_wconf 80' lang='lat' dir='ltr'><strong>penitus,</strong></span> <span class='ocrx_word' id='word_1_685' title='bbox 3312 2948 3435 2987; x_wconf 92' lang='lat' dir='ltr'><strong>cum</strong></span> <span class='ocrx_word' id='word_1_686' title='bbox 3479 2942 3789 3003; x_wconf 88' lang='lat' dir='ltr'><strong>peccatores</strong></span> 
     </span>
    </p>
   </div>
   <div class='ocr_carea' id='block_1_89' title="bbox 2207 3023 3788 3095">
    <p class='ocr_par' dir='ltr' id='par_1_89' title="bbox 2207 3023 3788 3095">
     <span class='ocr_line' id='line_1_89' title="bbox 2207 3023 3788 3095; baseline 0 -18"><span class='ocrx_word' id='word_1_687' title='bbox 2207 3023 2438 3079; x_wconf 81' lang='lat' dir='ltr'><strong>confessi</strong></span> <span class='ocrx_word' id='word_1_688' title='bbox 2461 3023 2678 3091; x_wconf 90' lang='lat' dir='ltr'><strong>fuerint,</strong></span> <span class='ocrx_word' id='word_1_689' title='bbox 2707 3032 2833 3079; x_wconf 92' lang='lat' dir='ltr'><strong>tunc</strong></span> <span class='ocrx_word' id='word_1_690' title='bbox 2859 3024 3028 3095; x_wconf 87' lang='lat' dir='ltr'><strong>magis</strong></span> <span class='ocrx_word' id='word_1_691' title='bbox 3054 3024 3382 3095; x_wconf 90' lang='lat' dir='ltr'><strong>puniuntur:</strong></span> <span class='ocrx_word' id='word_1_692' title='bbox 3406 3023 3550 3094; x_wconf 91' lang='lat' dir='ltr'><strong>quod</strong></span> <span class='ocrx_word' id='word_1_693' title='bbox 3570 3023 3788 3094; x_wconf 88' lang='lat' dir='ltr'><strong>quidem</strong></span> 
     </span>
    </p>
   </div>
   <div class='ocr_carea' id='block_1_90' title="bbox 2208 3114 2785 3171">
    <p class='ocr_par' dir='ltr' id='par_1_90' title="bbox 2208 3114 2785 3171">
     <span class='ocr_line' id='line_1_90' title="bbox 2208 3114 2785 3171; baseline 0 0"><span class='ocrx_word' id='word_1_694' title='bbox 2208 3124 2265 3171; x_wconf 87' lang='lat' dir='ltr'><strong>et</strong></span> <span class='ocrx_word' id='word_1_695' title='bbox 2288 3131 2430 3171; x_wconf 90' lang='lat' dir='ltr'><strong>nunc</strong></span> <span class='ocrx_word' id='word_1_696' title='bbox 2457 3114 2653 3171; x_wconf 91' lang='lat' dir='ltr'><strong>factum</strong></span> <span class='ocrx_word' id='word_1_697' title='bbox 2681 3125 2785 3171; x_wconf 91' lang='lat' dir='ltr'><strong>est.</strong></span> 
     </span>
    </p>
   </div>
   <div class='ocr_carea' id='block_1_91' title="bbox 2280 3187 3789 3276">
    <p class='ocr_par' dir='ltr' id='par_1_91' title="bbox 2280 3187 3789 3276">
     <span class='ocr_line' id='line_1_91' title="bbox 2280 3187 3789 3276; baseline -0.001 -17"><span class='ocrx_word' id='word_1_698' title='bbox 2280 3205 2554 3261; x_wconf 74' lang='lat' dir='ltr'><strong>Prwsentis</strong></span> <span class='ocrx_word' id='word_1_699' title='bbox 2579 3206 2881 3261; x_wconf 80' lang='lat' dir='ltr'><strong>calamitatis</strong></span> <span class='ocrx_word' id='word_1_700' title='bbox 2906 3205 3195 3276; x_wconf 78' lang='lat' dir='ltr'><strong>descriptio.</strong></span> <span class='ocrx_word' id='word_1_701' title='bbox 3223 3187 3295 3260; x_wconf 66' lang='grc' dir='ltr'><strong>-Ιι</strong></span> <span class='ocrx_word' id='word_1_702' title='bbox 3323 3204 3457 3259; x_wconf 88' lang='lat' dir='ltr'><strong>Nam</strong></span> <span class='ocrx_word' id='word_1_703' title='bbox 3489 3203 3541 3259; x_wconf 88' lang='lat' dir='ltr'><strong>hi</strong></span> <span class='ocrx_word' id='word_1_704' title='bbox 3571 3203 3789 3275; x_wconf 89' lang='lat' dir='ltr'><strong>quidem</strong></span> 
     </span>
    </p>
   </div>
   <div class='ocr_carea' id='block_1_92' title="bbox 2208 3294 3793 3367">
    <p class='ocr_par' dir='ltr' id='par_1_92' title="bbox 2208 3294 3793 3367">
     <span class='ocr_line' id='line_1_92' title="bbox 2208 3294 3793 3367; baseline -0.001 -17"><span class='ocrx_word' id='word_1_705' title='bbox 2208 3294 2369 3362; x_wconf 87' lang='lat' dir='ltr'><strong>ferro,</strong></span> <span class='ocrx_word' id='word_1_706' title='bbox 2391 3296 2466 3350; x_wconf 90' lang='lat' dir='ltr'><strong>illi</strong></span> <span class='ocrx_word' id='word_1_707' title='bbox 2496 3312 2622 3351; x_wconf 89' lang='lat' dir='ltr'><strong>vero</strong></span> <span class='ocrx_word' id='word_1_708' title='bbox 2648 3296 2773 3367; x_wconf 91' lang='lat' dir='ltr'><strong>igni,</strong></span> <span class='ocrx_word' id='word_1_709' title='bbox 2800 3296 3014 3366; x_wconf 88' lang='lat' dir='ltr'><strong>quidam</strong></span> <span class='ocrx_word' id='word_1_710' title='bbox 3040 3303 3216 3350; x_wconf 88' lang='lat' dir='ltr'><strong>autem</strong></span> <span class='ocrx_word' id='word_1_711' title='bbox 3247 3295 3431 3350; x_wconf 86' lang='lat' dir='ltr'><strong>bestiis</strong></span> <span class='ocrx_word' id='word_1_712' title='bbox 3460 3294 3637 3349; x_wconf 89' lang='lat' dir='ltr'><strong>traditi</strong></span> <span class='ocrx_word' id='word_1_713' title='bbox 3668 3310 3793 3364; x_wconf 85' lang='lat' dir='ltr'><strong>per-</strong></span> 
     </span>
    </p>
   </div>
   <div class='ocr_carea' id='block_1_93' title="bbox 2210 3384 3795 3456">
    <p class='ocr_par' dir='ltr' id='par_1_93' title="bbox 2210 3384 3795 3456">
     <span class='ocr_line' id='line_1_93' title="bbox 2210 3384 3795 3456; baseline -0.003 -16"><span class='ocrx_word' id='word_1_714' title='bbox 2210 3386 2419 3451; x_wconf 87' lang='lat' dir='ltr'><strong>ierunt,</strong></span> <span class='ocrx_word' id='word_1_715' title='bbox 2465 3400 2571 3441; x_wconf 91' lang='lat' dir='ltr'><strong>non</strong></span> <span class='ocrx_word' id='word_1_716' title='bbox 2599 3387 2694 3441; x_wconf 89' lang='lat' dir='ltr'><strong>viri</strong></span> <span class='ocrx_word' id='word_1_717' title='bbox 2726 3394 2927 3441; x_wconf 88' lang='lat' dir='ltr'><strong>tantum</strong></span> <span class='ocrx_word' id='word_1_718' title='bbox 2949 3426 2966 3451; x_wconf 93' lang='lat'><strong>,</strong></span> <span class='ocrx_word' id='word_1_719' title='bbox 2997 3384 3092 3440; x_wconf 86' lang='lat' dir='ltr'><strong>sed</strong></span> <span class='ocrx_word' id='word_1_720' title='bbox 3148 3394 3203 3440; x_wconf 90' lang='lat' dir='ltr'><strong>et</strong></span> <span class='ocrx_word' id='word_1_721' title='bbox 3249 3384 3400 3456; x_wconf 91' lang='lat' dir='ltr'><strong>pueri</strong></span> <span class='ocrx_word' id='word_1_722' title='bbox 3432 3402 3447 3441; x_wconf 89' lang='lat'><strong>:</strong></span> <span class='ocrx_word' id='word_1_723' title='bbox 3479 3398 3579 3441; x_wconf 90' lang='lat' dir='ltr'><strong>nec</strong></span> <span class='ocrx_word' id='word_1_724' title='bbox 3618 3386 3795 3439; x_wconf 63' lang='lat' dir='ltr'><strong>aetatis</strong></span> 
     </span>
    </p>
   </div>
   <div class='ocr_carea' id='block_1_94' title="bbox 2209 3472 3795 3546">
    <p class='ocr_par' dir='ltr' id='par_1_94' title="bbox 2209 3472 3795 3546">
     <span class='ocr_line' id='line_1_94' title="bbox 2209 3472 3795 3546; baseline -0.003 -16"><span class='ocrx_word' id='word_1_725' title='bbox 2209 3475 2583 3542; x_wconf 89' lang='lat' dir='ltr'><strong>immaturitas,</strong></span> <span class='ocrx_word' id='word_1_726' title='bbox 2628 3489 2728 3530; x_wconf 90' lang='lat' dir='ltr'><strong>nec</strong></span> <span class='ocrx_word' id='word_1_727' title='bbox 2767 3474 2946 3546; x_wconf 89' lang='lat' dir='ltr'><strong>populi</strong></span> <span class='ocrx_word' id='word_1_728' title='bbox 2977 3474 3263 3539; x_wconf 91' lang='lat' dir='ltr'><strong>tumultus,</strong></span> <span class='ocrx_word' id='word_1_729' title='bbox 3310 3488 3409 3529; x_wconf 91' lang='lat' dir='ltr'><strong>nec</strong></span> <span class='ocrx_word' id='word_1_730' title='bbox 3434 3472 3577 3544; x_wconf 89' lang='lat' dir='ltr'><strong>quod</strong></span> <span class='ocrx_word' id='word_1_731' title='bbox 3613 3473 3795 3527; x_wconf 88' lang='lat' dir='ltr'><strong>furore</strong></span> 
     </span>
    </p>
   </div>
   <div class='ocr_carea' id='block_1_95' title="bbox 2207 3565 3794 3647">
    <p class='ocr_par' dir='ltr' id='par_1_95' title="bbox 2207 3565 3794 3647">
     <span class='ocr_line' id='line_1_95' title="bbox 2207 3565 3794 3647; baseline -0.003 -26"><span class='ocrx_word' id='word_1_732' title='bbox 2207 3565 2471 3623; x_wconf 86' lang='lat' dir='ltr'><strong>diabolico</strong></span> <span class='ocrx_word' id='word_1_733' title='bbox 2499 3567 2678 3638; x_wconf 87' lang='lat' dir='ltr'><strong>perciti</strong></span> <span class='ocrx_word' id='word_1_734' title='bbox 2702 3567 2918 3637; x_wconf 89' lang='lat' dir='ltr'><strong>quidam</strong></span> <span class='ocrx_word' id='word_1_735' title='bbox 2949 3566 3063 3621; x_wconf 76' lang='lat' dir='ltr'><strong>bzec</strong></span> <span class='ocrx_word' id='word_1_736' title='bbox 3090 3566 3314 3622; x_wconf 85' lang='lat' dir='ltr'><strong>fecerint</strong></span> <span class='ocrx_word' id='word_1_737' title='bbox 3324 3608 3344 3647; x_wconf 62' lang='grc' dir='ltr'><strong><em>ι</em></strong></span> <span class='ocrx_word' id='word_1_738' title='bbox 3371 3581 3471 3621; x_wconf 91' lang='lat' dir='ltr'><strong>nec</strong></span> <span class='ocrx_word' id='word_1_739' title='bbox 3493 3565 3638 3637; x_wconf 89' lang='lat' dir='ltr'><strong>quod</strong></span> <span class='ocrx_word' id='word_1_740' title='bbox 3664 3581 3794 3619; x_wconf 77' lang='lat' dir='ltr'><strong>exa-</strong></span> 
     </span>
    </p>
   </div>
   <div class='ocr_carea' id='block_1_96' title="bbox 2208 3654 3794 3726">
    <p class='ocr_par' dir='ltr' id='par_1_96' title="bbox 2208 3654 3794 3726">
     <span class='ocr_line' id='line_1_96' title="bbox 2208 3654 3794 3726; baseline -0.003 -15"><span class='ocrx_word' id='word_1_741' title='bbox 2208 3656 2316 3712; x_wconf 90' lang='lat' dir='ltr'><strong>ctio</strong></span> <span class='ocrx_word' id='word_1_742' title='bbox 2360 3657 2706 3712; x_wconf 88' lang='lat' dir='ltr'><strong>intolerabilis</strong></span> <span class='ocrx_word' id='word_1_743' title='bbox 2752 3666 2897 3712; x_wconf 89' lang='lat' dir='ltr'><strong>esset</strong></span> <span class='ocrx_word' id='word_1_744' title='bbox 2920 3697 2939 3723; x_wconf 95' lang='lat'><strong>,</strong></span> <span class='ocrx_word' id='word_1_745' title='bbox 2990 3671 3099 3712; x_wconf 90' lang='lat' dir='ltr'><strong>non</strong></span> <span class='ocrx_word' id='word_1_746' title='bbox 3143 3664 3459 3726; x_wconf 88' lang='lat' dir='ltr'><strong>paupertas,</strong></span> <span class='ocrx_word' id='word_1_747' title='bbox 3499 3670 3606 3710; x_wconf 93' lang='lat' dir='ltr'><strong>non</strong></span> <span class='ocrx_word' id='word_1_748' title='bbox 3651 3654 3794 3724; x_wconf 84' lang='lat' dir='ltr'><strong>quod</strong></span> 
     </span>
    </p>
   </div>
   <div class='ocr_carea' id='block_1_97' title="bbox 2208 3744 3795 3817">
    <p class='ocr_par' dir='ltr' id='par_1_97' title="bbox 2208 3744 3795 3817">
     <span class='ocr_line' id='line_1_97' title="bbox 2208 3744 3795 3817; baseline -0.002 -17"><span class='ocrx_word' id='word_1_749' title='bbox 2208 3761 2494 3801; x_wconf 90' lang='lat' dir='ltr'><strong>commune</strong></span> <span class='ocrx_word' id='word_1_750' title='bbox 2539 3754 2815 3817; x_wconf 86' lang='lat' dir='ltr'><strong>peccatum</strong></span> <span class='ocrx_word' id='word_1_751' title='bbox 2864 3746 3042 3813; x_wconf 90' lang='lat' dir='ltr'><strong>fuerit,</strong></span> <span class='ocrx_word' id='word_1_752' title='bbox 3085 3760 3192 3800; x_wconf 93' lang='lat' dir='ltr'><strong>non</strong></span> <span class='ocrx_word' id='word_1_753' title='bbox 3239 3744 3384 3815; x_wconf 88' lang='lat' dir='ltr'><strong>quod</strong></span> <span class='ocrx_word' id='word_1_754' title='bbox 3427 3744 3795 3816; x_wconf 82' lang='lat' dir='ltr'><strong>promiserint,</strong></span> 
     </span>
    </p>
   </div>
   <div class='ocr_carea' id='block_1_98' title="bbox 2210 3836 3798 3909">
    <p class='ocr_par' dir='ltr' id='par_1_98' title="bbox 2210 3836 3798 3909">
     <span class='ocr_line' id='line_1_98' title="bbox 2210 3836 3798 3909; baseline -0.003 -17"><span class='ocrx_word' id='word_1_755' title='bbox 2210 3853 2498 3908; x_wconf 92' lang='lat' dir='ltr'><strong>numquam</strong></span> <span class='ocrx_word' id='word_1_756' title='bbox 2540 3852 2601 3893; x_wconf 89' lang='lat' dir='ltr'><strong>se</strong></span> <span class='ocrx_word' id='word_1_757' title='bbox 2627 3837 2854 3909; x_wconf 89' lang='lat' dir='ltr'><strong>amplius</strong></span> <span class='ocrx_word' id='word_1_758' title='bbox 2882 3838 3005 3893; x_wconf 88' lang='lat' dir='ltr'><strong>talia</strong></span> <span class='ocrx_word' id='word_1_759' title='bbox 3050 3850 3297 3904; x_wconf 89' lang='lat' dir='ltr'><strong>ausuros,</strong></span> <span class='ocrx_word' id='word_1_760' title='bbox 3332 3851 3438 3892; x_wconf 91' lang='lat' dir='ltr'><strong>non</strong></span> <span class='ocrx_word' id='word_1_761' title='bbox 3465 3836 3609 3891; x_wconf 89' lang='lat' dir='ltr'><strong>aliud</strong></span> <span class='ocrx_word' id='word_1_762' title='bbox 3638 3836 3798 3906; x_wconf 87' lang='lat' dir='ltr'><strong>quid-</strong></span> 
     </span>
    </p>
   </div>
   <div class='ocr_carea' id='block_1_99' title="bbox 2209 3926 3797 3997">
    <p class='ocr_par' dir='ltr' id='par_1_99' title="bbox 2209 3926 3797 3997">
     <span class='ocr_line' id='line_1_99' title="bbox 2209 3926 3797 3997; baseline -0.003 -15"><span class='ocrx_word' id='word_1_763' title='bbox 2209 3943 2366 3996; x_wconf 90' lang='lat' dir='ltr'><strong>quam</strong></span> <span class='ocrx_word' id='word_1_764' title='bbox 2397 3928 2615 3982; x_wconf 93' lang='lat' dir='ltr'><strong>omnino</strong></span> <span class='ocrx_word' id='word_1_765' title='bbox 2656 3928 2800 3997; x_wconf 87' lang='lat' dir='ltr'><strong>ipsos</strong></span> <span class='ocrx_word' id='word_1_766' title='bbox 2827 3927 3057 3997; x_wconf 89' lang='lat' dir='ltr'><strong>eripuit;</strong></span> <span class='ocrx_word' id='word_1_767' title='bbox 3101 3926 3197 3982; x_wconf 90' lang='lat' dir='ltr'><strong>sed</strong></span> <span class='ocrx_word' id='word_1_768' title='bbox 3235 3927 3437 3997; x_wconf 88' lang='lat' dir='ltr'><strong>absque</strong></span> <span class='ocrx_word' id='word_1_769' title='bbox 3464 3926 3611 3980; x_wconf 91' lang='lat' dir='ltr'><strong>omni</strong></span> <span class='ocrx_word' id='word_1_770' title='bbox 3642 3926 3797 3980; x_wconf 77' lang='lat' dir='ltr'><strong>venia</strong></span> 
     </span>
    </p>
   </div>
   <div class='ocr_carea' id='block_1_100' title="bbox 2211 4018 3801 4085">
    <p class='ocr_par' dir='ltr' id='par_1_100' title="bbox 2211 4018 3801 4085">
     <span class='ocr_line' id='line_1_100' title="bbox 2211 4018 3801 4085; baseline -0.004 -9"><span class='ocrx_word' id='word_1_771' title='bbox 2211 4021 2277 4076; x_wconf 91' lang='lat' dir='ltr'><strong>ad</strong></span> <span class='ocrx_word' id='word_1_772' title='bbox 2299 4020 2606 4076; x_wconf 84' lang='lat' dir='ltr'><strong>barathrum</strong></span> <span class='ocrx_word' id='word_1_773' title='bbox 2624 4020 3042 4085; x_wconf 89' lang='lat' dir='ltr'><strong>abducebantur,</strong></span> <span class='ocrx_word' id='word_1_774' title='bbox 3074 4019 3330 4073; x_wconf 89' lang='lat' dir='ltr'><strong>militibus</strong></span> <span class='ocrx_word' id='word_1_775' title='bbox 3358 4018 3578 4072; x_wconf 89' lang='lat' dir='ltr'><strong>armatis</strong></span> <span class='ocrx_word' id='word_1_776' title='bbox 3608 4018 3801 4072; x_wconf 86' lang='lat' dir='ltr'><strong>utrim-</strong></span> 
     </span>
    </p>
   </div>
   <div class='ocr_carea' id='block_1_101' title="bbox 2210 4109 3803 4183">
    <p class='ocr_par' dir='ltr' id='par_1_101' title="bbox 2210 4109 3803 4183">
     <span class='ocr_line' id='line_1_101' title="bbox 2210 4109 3803 4183; baseline -0.004 -16"><span class='ocrx_word' id='word_1_777' title='bbox 2210 4128 2313 4183; x_wconf 93' lang='lat' dir='ltr'><strong>que</strong></span> <span class='ocrx_word' id='word_1_778' title='bbox 2360 4115 2505 4183; x_wconf 87' lang='lat' dir='ltr'><strong>ipsos</strong></span> <span class='ocrx_word' id='word_1_779' title='bbox 2549 4112 2825 4183; x_wconf 89' lang='lat' dir='ltr'><strong>agentibus</strong></span> <span class='ocrx_word' id='word_1_780' title='bbox 2853 4121 2907 4166; x_wconf 90' lang='lat' dir='ltr'><strong>et</strong></span> <span class='ocrx_word' id='word_1_781' title='bbox 2934 4110 3346 4166; x_wconf 86' lang='lat' dir='ltr'><strong>observantibus</strong></span> <span class='ocrx_word' id='word_1_782' title='bbox 3368 4149 3385 4173; x_wconf 92' lang='lat'><strong>,</strong></span> <span class='ocrx_word' id='word_1_783' title='bbox 3428 4125 3497 4164; x_wconf 91' lang='lat' dir='ltr'><strong>ne</strong></span> <span class='ocrx_word' id='word_1_784' title='bbox 3525 4109 3647 4178; x_wconf 89' lang='lat' dir='ltr'><strong>quis</strong></span> <span class='ocrx_word' id='word_1_785' title='bbox 3676 4121 3803 4161; x_wconf 81' lang='lat' dir='ltr'><strong>reos</strong></span> 
     </span>
    </p>
   </div>
   <div class='ocr_carea' id='block_1_102' title="bbox 2212 4196 3804 4273">
    <p class='ocr_par' dir='ltr' id='par_1_102' title="bbox 2212 4196 3804 4273">
     <span class='ocr_line' id='line_1_102' title="bbox 2212 4196 3804 4273; baseline -0.006 -15"><span class='ocrx_word' id='word_1_786' title='bbox 2212 4204 2443 4273; x_wconf 90' lang='lat' dir='ltr'><strong>eriperet</strong></span> <span class='ocrx_word' id='word_1_787' title='bbox 2466 4220 2480 4257; x_wconf 89' lang='lat'><strong>:</strong></span> <span class='ocrx_word' id='word_1_788' title='bbox 2503 4212 2558 4258; x_wconf 91' lang='lat' dir='ltr'><strong>et</strong></span> <span class='ocrx_word' id='word_1_789' title='bbox 2584 4202 2944 4272; x_wconf 88' lang='lat' dir='ltr'><strong>sequebantur</strong></span> <span class='ocrx_word' id='word_1_790' title='bbox 2965 4210 3182 4266; x_wconf 88' lang='lat' dir='ltr'><strong>matres,</strong></span> <span class='ocrx_word' id='word_1_791' title='bbox 3209 4199 3393 4271; x_wconf 89' lang='lat' dir='ltr'><strong>procul</strong></span> <span class='ocrx_word' id='word_1_792' title='bbox 3412 4199 3631 4269; x_wconf 86' lang='lat' dir='ltr'><strong>quidem</strong></span> <span class='ocrx_word' id='word_1_793' title='bbox 3661 4196 3804 4251; x_wconf 91' lang='lat' dir='ltr'><strong>ﬁlios</strong></span> 
     </span>
    </p>
   </div>
   <div class='ocr_carea' id='block_1_103' title="bbox 2211 4285 3804 4361">
    <p class='ocr_par' dir='ltr' id='par_1_103' title="bbox 2211 4285 3804 4361">
     <span class='ocr_line' id='line_1_103' title="bbox 2211 4285 3804 4361; baseline -0.004 -14"><span class='ocrx_word' id='word_1_794' title='bbox 2211 4293 2600 4361; x_wconf 90' lang='lat' dir='ltr'><strong>conspicientes</strong></span> <span class='ocrx_word' id='word_1_795' title='bbox 2622 4291 2944 4357; x_wconf 87' lang='lat' dir='ltr'><strong>abstractos,</strong></span> <span class='ocrx_word' id='word_1_796' title='bbox 2966 4289 3320 4344; x_wconf 85' lang='lat' dir='ltr'><strong>calamitatem</strong></span> <span class='ocrx_word' id='word_1_797' title='bbox 3344 4296 3521 4342; x_wconf 92' lang='lat' dir='ltr'><strong>autem</strong></span> <span class='ocrx_word' id='word_1_798' title='bbox 3542 4285 3804 4356; x_wconf 88' lang='lat' dir='ltr'><strong>conqueri</strong></span> 
     </span>
    </p>
   </div>
   <div class='ocr_carea' id='block_1_104' title="bbox 2212 4376 3805 4448">
    <p class='ocr_par' dir='ltr' id='par_1_104' title="bbox 2212 4376 3805 4448">
     <span class='ocr_line' id='line_1_104' title="bbox 2212 4376 3805 4448; baseline -0.006 -9"><span class='ocrx_word' id='word_1_799' title='bbox 2212 4398 2318 4439; x_wconf 91' lang='lat' dir='ltr'><strong>non</strong></span> <span class='ocrx_word' id='word_1_800' title='bbox 2348 4383 2638 4448; x_wconf 88' lang='lat' dir='ltr'><strong>audentes;</strong></span> <span class='ocrx_word' id='word_1_801' title='bbox 2688 4381 2938 4437; x_wconf 83' lang='lat' dir='ltr'><strong>affectum</strong></span> <span class='ocrx_word' id='word_1_802' title='bbox 2983 4381 3125 4435; x_wconf 94' lang='lat' dir='ltr'><strong>enim</strong></span> <span class='ocrx_word' id='word_1_803' title='bbox 3156 4377 3401 4433; x_wconf 90' lang='lat' dir='ltr'><strong>vincebat</strong></span> <span class='ocrx_word' id='word_1_804' title='bbox 3448 4376 3701 4441; x_wconf 89' lang='lat' dir='ltr'><strong>formido,</strong></span> <span class='ocrx_word' id='word_1_805' title='bbox 3748 4385 3805 4430; x_wconf 92' lang='lat' dir='ltr'><strong>et</strong></span> 
     </span>
    </p>
   </div>
   <div class='ocr_carea' id='block_1_105' title="bbox 2213 4468 3805 4545">
    <p class='ocr_par' dir='ltr' id='par_1_105' title="bbox 2213 4468 3805 4545">
     <span class='ocr_line' id='line_1_105' title="bbox 2213 4468 3805 4545; baseline -0.004 -15"><span class='ocrx_word' id='word_1_806' title='bbox 2213 4483 2456 4531; x_wconf 89' lang='lat' dir='ltr'><strong>naturam</strong></span> <span class='ocrx_word' id='word_1_807' title='bbox 2485 4474 2771 4545; x_wconf 90' lang='lat' dir='ltr'><strong>superabat</strong></span> <span class='ocrx_word' id='word_1_808' title='bbox 2798 4483 2995 4528; x_wconf 87' lang='lat' dir='ltr'><strong>metus.</strong></span> <span class='ocrx_word' id='word_1_809' title='bbox 3026 4471 3094 4526; x_wconf 89' lang='lat' dir='ltr'><strong>Et</strong></span> <span class='ocrx_word' id='word_1_810' title='bbox 3118 4470 3256 4525; x_wconf 89' lang='lat' dir='ltr'><strong>sicut</strong></span> <span class='ocrx_word' id='word_1_811' title='bbox 3280 4468 3567 4538; x_wconf 78' lang='lat' dir='ltr'><strong>naufragos</strong></span> <span class='ocrx_word' id='word_1_812' title='bbox 3594 4484 3625 4522; x_wconf 89' lang='lat' dir='ltr'><strong>a</strong></span> <span class='ocrx_word' id='word_1_813' title='bbox 3656 4476 3805 4524; x_wconf 77' lang='lat' dir='ltr'><strong>terra</strong></span> 
     </span>
    </p>
   </div>
   <div class='ocr_carea' id='block_1_106' title="bbox 2212 4560 3804 4632">
    <p class='ocr_par' dir='ltr' id='par_1_106' title="bbox 2212 4560 3804 4632">
     <span class='ocr_line' id='line_1_106' title="bbox 2212 4560 3804 4632; baseline -0.006 -10"><span class='ocrx_word' id='word_1_814' title='bbox 2212 4574 2529 4622; x_wconf 90' lang='lat' dir='ltr'><strong>contuentes</strong></span> <span class='ocrx_word' id='word_1_815' title='bbox 2556 4565 2797 4619; x_wconf 89' lang='lat' dir='ltr'><strong>homines</strong></span> <span class='ocrx_word' id='word_1_816' title='bbox 2821 4562 3003 4618; x_wconf 90' lang='lat' dir='ltr'><strong>dolent</strong></span> <span class='ocrx_word' id='word_1_817' title='bbox 3029 4561 3242 4632; x_wconf 91' lang='lat' dir='ltr'><strong>quidem</strong></span> <span class='ocrx_word' id='word_1_818' title='bbox 3262 4601 3277 4625; x_wconf 91' lang='lat'><strong>,</strong></span> <span class='ocrx_word' id='word_1_819' title='bbox 3324 4560 3585 4615; x_wconf 88' lang='lat' dir='ltr'><strong>accedere</strong></span> <span class='ocrx_word' id='word_1_820' title='bbox 3622 4570 3804 4614; x_wconf 85' lang='lat' dir='ltr'><strong>autem</strong></span> 
     </span>
    </p>
   </div>
   <div class='ocr_carea' id='block_1_107' title="bbox 2212 4650 3807 4725">
    <p class='ocr_par' dir='ltr' id='par_1_107' title="bbox 2212 4650 3807 4725">
     <span class='ocr_line' id='line_1_107' title="bbox 2212 4650 3807 4725; baseline -0.005 -13"><span class='ocrx_word' id='word_1_821' title='bbox 2212 4667 2266 4712; x_wconf 90' lang='lat' dir='ltr'><strong>et</strong></span> <span class='ocrx_word' id='word_1_822' title='bbox 2293 4658 2600 4713; x_wconf 90' lang='lat' dir='ltr'><strong>submersos</strong></span> <span class='ocrx_word' id='word_1_823' title='bbox 2626 4657 2833 4725; x_wconf 91' lang='lat' dir='ltr'><strong>eripere</strong></span> <span class='ocrx_word' id='word_1_824' title='bbox 2876 4668 2982 4707; x_wconf 92' lang='lat' dir='ltr'><strong>non</strong></span> <span class='ocrx_word' id='word_1_825' title='bbox 3008 4653 3185 4707; x_wconf 89' lang='lat' dir='ltr'><strong>valent</strong></span> <span class='ocrx_word' id='word_1_826' title='bbox 3211 4669 3224 4705; x_wconf 94' lang='lat'>:</span> <span class='ocrx_word' id='word_1_827' title='bbox 3253 4652 3323 4706; x_wconf 90' lang='lat' dir='ltr'><strong>ita</strong></span> <span class='ocrx_word' id='word_1_828' title='bbox 3366 4652 3583 4721; x_wconf 91' lang='lat' dir='ltr'><strong>quidem</strong></span> <span class='ocrx_word' id='word_1_829' title='bbox 3610 4659 3669 4705; x_wconf 86' lang='lat' dir='ltr'><strong>et</strong></span> <span class='ocrx_word' id='word_1_830' title='bbox 3695 4650 3807 4718; x_wconf 86' lang='lat' dir='ltr'><strong>hic,</strong></span> 
     </span>
    </p>
   </div>
   <div class='ocr_carea' id='block_1_108' title="bbox 2214 4740 3811 4820">
    <p class='ocr_par' dir='ltr' id='par_1_108' title="bbox 2214 4740 3811 4820">
     <span class='ocr_line' id='line_1_108' title="bbox 2214 4740 3811 4820; baseline -0.005 -16"><span class='ocrx_word' id='word_1_831' title='bbox 2214 4758 2481 4820; x_wconf 89' lang='lat' dir='ltr'><strong>tamquam</strong></span> <span class='ocrx_word' id='word_1_832' title='bbox 2508 4748 2663 4803; x_wconf 91' lang='lat' dir='ltr'><strong>undis</strong></span> <span class='ocrx_word' id='word_1_833' title='bbox 2685 4744 3020 4817; x_wconf 89' lang='lat' dir='ltr'><strong>quibusdam,</strong></span> <span class='ocrx_word' id='word_1_834' title='bbox 3049 4743 3275 4798; x_wconf 88' lang='lat' dir='ltr'><strong>militum</strong></span> <span class='ocrx_word' id='word_1_835' title='bbox 3302 4743 3495 4797; x_wconf 91' lang='lat' dir='ltr'><strong>timore</strong></span> <span class='ocrx_word' id='word_1_836' title='bbox 3521 4740 3811 4811; x_wconf 77' lang='lat' dir='ltr'><strong>prohibita:</strong></span> 
     </span>
    </p>
   </div>
   <div class='ocr_carea' id='block_1_109' title="bbox 2216 4834 3812 4908">
    <p class='ocr_par' dir='ltr' id='par_1_109' title="bbox 2216 4834 3812 4908">
     <span class='ocr_line' id='line_1_109' title="bbox 2216 4834 3812 4908; baseline -0.003 -13"><span class='ocrx_word' id='word_1_837' title='bbox 2216 4849 2414 4896; x_wconf 88' lang='lat' dir='ltr'><strong>matres</strong></span> <span class='ocrx_word' id='word_1_838' title='bbox 2433 4882 2449 4908; x_wconf 88' lang='lat'><strong>,</strong></span> <span class='ocrx_word' id='word_1_839' title='bbox 2476 4855 2583 4895; x_wconf 90' lang='lat' dir='ltr'><strong>non</strong></span> <span class='ocrx_word' id='word_1_840' title='bbox 2616 4848 2815 4893; x_wconf 89' lang='lat' dir='ltr'><strong>tantum</strong></span> <span class='ocrx_word' id='word_1_841' title='bbox 2841 4836 3096 4892; x_wconf 87' lang='lat' dir='ltr'><strong>accedere</strong></span> <span class='ocrx_word' id='word_1_842' title='bbox 3113 4877 3128 4900; x_wconf 92' lang='lat'><strong>,</strong></span> <span class='ocrx_word' id='word_1_843' title='bbox 3155 4844 3209 4890; x_wconf 92' lang='lat' dir='ltr'><strong>et</strong></span> <span class='ocrx_word' id='word_1_844' title='bbox 3234 4835 3379 4904; x_wconf 84' lang='lat' dir='ltr'><strong>ipsos</strong></span> <span class='ocrx_word' id='word_1_845' title='bbox 3403 4849 3434 4888; x_wconf 84' lang='lat' dir='ltr'><strong>a</strong></span> <span class='ocrx_word' id='word_1_846' title='bbox 3459 4834 3812 4908; x_wconf 68' lang='lat' dir='ltr'><strong>damnatione</strong></span> 
     </span>
    </p>
   </div>
   <div class='ocr_carea' id='block_1_110' title="bbox 2215 4923 3810 4993">
    <p class='ocr_par' dir='ltr' id='par_1_110' title="bbox 2215 4923 3810 4993">
     <span class='ocr_line' id='line_1_110' title="bbox 2215 4923 3810 4993; baseline -0.005 -8"><span class='ocrx_word' id='word_1_847' title='bbox 2215 4947 2404 4987; x_wconf 86' lang='lat' dir='ltr'><strong>eruere</strong></span> <span class='ocrx_word' id='word_1_848' title='bbox 2432 4946 2537 4986; x_wconf 89' lang='lat' dir='ltr'><strong>non</strong></span> <span class='ocrx_word' id='word_1_849' title='bbox 2563 4929 2861 4993; x_wconf 88' lang='lat' dir='ltr'><strong>audebant,</strong></span> <span class='ocrx_word' id='word_1_850' title='bbox 2890 4926 2985 4981; x_wconf 91' lang='lat' dir='ltr'><strong>sed</strong></span> <span class='ocrx_word' id='word_1_851' title='bbox 3014 4934 3068 4981; x_wconf 93' lang='lat' dir='ltr'><strong>et</strong></span> <span class='ocrx_word' id='word_1_852' title='bbox 3101 4924 3356 4979; x_wconf 89' lang='lat' dir='ltr'><strong>timebant</strong></span> <span class='ocrx_word' id='word_1_853' title='bbox 3382 4923 3810 4993; x_wconf 53' lang='lat' dir='ltr'><strong>deplorarq/An</strong></span> 
     </span>
    </p>
   </div>
   <div class='ocr_carea' id='block_1_111' title="bbox 2218 5013 3815 5086">
    <p class='ocr_par' dir='ltr' id='par_1_111' title="bbox 2218 5013 3815 5086">
     <span class='ocr_line' id='line_1_111' title="bbox 2218 5013 3815 5086; baseline -0.005 -10"><span class='ocrx_word' id='word_1_854' title='bbox 2218 5022 2343 5077; x_wconf 87' lang='lat' dir='ltr'><strong>hinc</strong></span> <span class='ocrx_word' id='word_1_855' title='bbox 2365 5022 2456 5076; x_wconf 90' lang='lat' dir='ltr'><strong>Dei</strong></span> <span class='ocrx_word' id='word_1_856' title='bbox 2481 5019 2896 5076; x_wconf 89' lang='lat' dir='ltr'><strong>misericordiam</strong></span> <span class='ocrx_word' id='word_1_857' title='bbox 2924 5016 3187 5086; x_wconf 91' lang='lat' dir='ltr'><strong>conjicitis</strong></span> <span class='ocrx_word' id='word_1_858' title='bbox 3206 5030 3365 5085; x_wconf 87' lang='lat' dir='ltr'><strong>quam</strong></span> <span class='ocrx_word' id='word_1_859' title='bbox 3394 5013 3683 5069; x_wconf 66' lang='lat' dir='ltr'><strong>ineﬁ‘abilis</strong></span> <span class='ocrx_word' id='word_1_860' title='bbox 3706 5014 3815 5069; x_wconf 80' lang='lat' dir='ltr'><strong>sit?</strong></span> 
     </span>
    </p>
   </div>
   <div class='ocr_carea' id='block_1_112' title="bbox 2215 5104 3813 5183">
    <p class='ocr_par' dir='ltr' id='par_1_112' title="bbox 2215 5104 3813 5183">
     <span class='ocr_line' id='line_1_112' title="bbox 2215 5104 3813 5183; baseline -0.006 -18"><span class='ocrx_word' id='word_1_861' title='bbox 2215 5127 2373 5183; x_wconf 90' lang='lat' dir='ltr'><strong>quam</strong></span> <span class='ocrx_word' id='word_1_862' title='bbox 2402 5108 2651 5165; x_wconf 74' lang='lat' dir='ltr'><strong>inﬁnita?</strong></span> <span class='ocrx_word' id='word_1_863' title='bbox 2687 5106 2955 5179; x_wconf 90' lang='lat' dir='ltr'><strong>quomodo</strong></span> <span class='ocrx_word' id='word_1_864' title='bbox 2979 5121 3193 5160; x_wconf 92' lang='lat' dir='ltr'><strong>omnem</strong></span> <span class='ocrx_word' id='word_1_865' title='bbox 3235 5105 3580 5159; x_wconf 88' lang='lat' dir='ltr'><strong>transcendat</strong></span> <span class='ocrx_word' id='word_1_866' title='bbox 3604 5104 3813 5159; x_wconf 83' lang='lat' dir='ltr'><strong>oratio-</strong></span> 
     </span>
    </p>
   </div>
   <div class='ocr_carea' id='block_1_113' title="bbox 2218 5196 3818 5273">
    <p class='ocr_par' dir='ltr' id='par_1_113' title="bbox 2218 5196 3818 5273">
     <span class='ocr_line' id='line_1_113' title="bbox 2218 5196 3818 5273; baseline -0.008 -11"><span class='ocrx_word' id='word_1_867' title='bbox 2218 5205 2387 5263; x_wconf 79' lang='lat' dir='ltr'><strong>nem?</strong></span> <span class='ocrx_word' id='word_1_868' title='bbox 2412 5204 2509 5259; x_wconf 82' lang='lat' dir='ltr'><strong>llic</strong></span> <span class='ocrx_word' id='word_1_869' title='bbox 2532 5202 2744 5273; x_wconf 90' lang='lat' dir='ltr'><strong>quidem</strong></span> <span class='ocrx_word' id='word_1_870' title='bbox 2772 5201 2840 5267; x_wconf 87' lang='lat' dir='ltr'><strong>is,</strong></span> <span class='ocrx_word' id='word_1_871' title='bbox 2867 5199 2958 5270; x_wconf 91' lang='lat' dir='ltr'><strong>qui</strong></span> <span class='ocrx_word' id='word_1_872' title='bbox 2986 5199 3144 5253; x_wconf 60' lang='lat' dir='ltr'><strong>laesus</strong></span> <span class='ocrx_word' id='word_1_873' title='bbox 3169 5205 3273 5261; x_wconf 90' lang='lat' dir='ltr'><strong>est,</strong></span> <span class='ocrx_word' id='word_1_874' title='bbox 3300 5204 3357 5253; x_wconf 90' lang='lat' dir='ltr'><strong>et</strong></span> <span class='ocrx_word' id='word_1_875' title='bbox 3383 5196 3634 5265; x_wconf 89' lang='lat' dir='ltr'><strong>ejusdem</strong></span> <span class='ocrx_word' id='word_1_876' title='bbox 3657 5209 3818 5251; x_wconf 83' lang='lat' dir='ltr'><strong>natu-</strong></span> 
     </span>
    </p>
   </div>
   <div class='ocr_carea' id='block_1_114' title="bbox 2214 5289 3818 5363">
    <p class='ocr_par' dir='ltr' id='par_1_114' title="bbox 2214 5289 3818 5363">
     <span class='ocr_line' id='line_1_114' title="bbox 2214 5289 3818 5363; baseline -0.007 -10"><span class='ocrx_word' id='word_1_877' title='bbox 2214 5312 2315 5363; x_wconf 69' lang='lat' dir='ltr'><strong>rae,</strong></span> <span class='ocrx_word' id='word_1_878' title='bbox 2341 5304 2396 5351; x_wconf 91' lang='lat' dir='ltr'><strong>et</strong></span> <span class='ocrx_word' id='word_1_879' title='bbox 2420 5295 2586 5351; x_wconf 87' lang='lat' dir='ltr'><strong>semel</strong></span> <span class='ocrx_word' id='word_1_880' title='bbox 2606 5308 2677 5349; x_wconf 78' lang='lat' dir='ltr'><strong>ex</strong></span> <span class='ocrx_word' id='word_1_881' title='bbox 2699 5292 2843 5347; x_wconf 89' lang='lat' dir='ltr'><strong>omni</strong></span> <span class='ocrx_word' id='word_1_882' title='bbox 2872 5301 3114 5361; x_wconf 88' lang='lat' dir='ltr'><strong>tempore</strong></span> <span class='ocrx_word' id='word_1_883' title='bbox 3140 5289 3243 5343; x_wconf 84' lang='lat' dir='ltr'><strong>hoc</strong></span> <span class='ocrx_word' id='word_1_884' title='bbox 3266 5302 3459 5359; x_wconf 90' lang='lat' dir='ltr'><strong>passus</strong></span> <span class='ocrx_word' id='word_1_885' title='bbox 3485 5296 3592 5354; x_wconf 90' lang='lat' dir='ltr'><strong>est,</strong></span> <span class='ocrx_word' id='word_1_886' title='bbox 3622 5297 3678 5342; x_wconf 87' lang='lat' dir='ltr'><strong>et</strong></span> <span class='ocrx_word' id='word_1_887' title='bbox 3709 5302 3818 5341; x_wconf 88' lang='lat' dir='ltr'><strong>non</strong></span> 
     </span>
    </p>
   </div>
   <div class='ocr_carea' id='block_1_115' title="bbox 2212 5376 3821 5456">
    <p class='ocr_par' dir='ltr' id='par_1_115' title="bbox 2212 5376 3821 5456">
     <span class='ocr_line' id='line_1_115' title="bbox 2212 5376 3821 5456; baseline -0.009 -13"><span class='ocrx_word' id='word_1_888' title='bbox 2212 5402 2396 5444; x_wconf 89' lang='lat' dir='ltr'><strong>coram</strong></span> <span class='ocrx_word' id='word_1_889' title='bbox 2418 5426 2436 5453; x_wconf 91' lang='lat'><strong>,</strong></span> <span class='ocrx_word' id='word_1_890' title='bbox 2467 5399 2642 5456; x_wconf 85' lang='lat' dir='ltr'><strong>neque</strong></span> <span class='ocrx_word' id='word_1_891' title='bbox 2670 5389 2984 5455; x_wconf 55' lang='lat' dir='ltr'><strong>praesens,“</strong></span> <span class='ocrx_word' id='word_1_892' title='bbox 3008 5386 3311 5442; x_wconf 85' lang='lat' dir='ltr'><strong>cernens,et</strong></span> <span class='ocrx_word' id='word_1_893' title='bbox 3348 5376 3577 5432; x_wconf 89' lang='lat' dir='ltr'><strong>audiens</strong></span> <span class='ocrx_word' id='word_1_894' title='bbox 3601 5417 3617 5442; x_wconf 94' lang='lat'><strong>,</strong></span> <span class='ocrx_word' id='word_1_895' title='bbox 3651 5384 3707 5431; x_wconf 90' lang='lat' dir='ltr'><strong>et</strong></span> <span class='ocrx_word' id='word_1_896' title='bbox 3741 5385 3821 5429; x_wconf 83' lang='lat' dir='ltr'><strong>tn-</strong></span> 
     </span>
    </p>
   </div>
   <div class='ocr_carea' id='block_1_116' title="bbox 2216 5467 3821 5539">
    <p class='ocr_par' dir='ltr' id='par_1_116' title="bbox 2216 5467 3821 5539">
     <span class='ocr_line' id='line_1_116' title="bbox 2216 5467 3821 5539; baseline -0.011 -4"><span class='ocrx_word' id='word_1_897' title='bbox 2216 5494 2340 5536; x_wconf 88' lang='lat' dir='ltr'><strong>men</strong></span> <span class='ocrx_word' id='word_1_898' title='bbox 2385 5490 2545 5532; x_wconf 89' lang='lat' dir='ltr'><strong>nemo</strong></span> <span class='ocrx_word' id='word_1_899' title='bbox 2583 5489 2796 5529; x_wconf 91' lang='lat' dir='ltr'><strong>reorum</strong></span> <span class='ocrx_word' id='word_1_900' title='bbox 2828 5472 3047 5526; x_wconf 79' lang='lat' dir='ltr'><strong>veniam</strong></span> <span class='ocrx_word' id='word_1_901' title='bbox 3089 5477 3410 5539; x_wconf 84' lang='lat' dir='ltr'><strong>assequutus</strong></span> <span class='ocrx_word' id='word_1_902' title='bbox 3440 5477 3527 5523; x_wconf 89' lang='lat' dir='ltr'><strong>est</strong></span> <span class='ocrx_word' id='word_1_903' title='bbox 3559 5485 3573 5521; x_wconf 90' lang='lat'><strong>:</strong></span> <span class='ocrx_word' id='word_1_904' title='bbox 3607 5467 3679 5521; x_wconf 91' lang='lat' dir='ltr'><strong>de</strong></span> <span class='ocrx_word' id='word_1_905' title='bbox 3706 5467 3821 5519; x_wconf 83' lang='lat' dir='ltr'><strong>Deo</strong></span> 
     </span>
    </p>
   </div>
   <div class='ocr_carea' id='block_1_117' title="bbox 2217 5560 3825 5626">
    <p class='ocr_par' dir='ltr' id='par_1_117' title="bbox 2217 5560 3825 5626">
     <span class='ocr_line' id='line_1_117' title="bbox 2217 5560 3825 5626; baseline -0.009 -1"><span class='ocrx_word' id='word_1_906' title='bbox 2217 5578 2399 5626; x_wconf 90' lang='lat' dir='ltr'><strong>autem</strong></span> <span class='ocrx_word' id='word_1_907' title='bbox 2430 5567 2558 5622; x_wconf 86' lang='lat' dir='ltr'><strong>nihil</strong></span> <span class='ocrx_word' id='word_1_908' title='bbox 2587 5565 2775 5620; x_wconf 90' lang='lat' dir='ltr'><strong>horum</strong></span> <span class='ocrx_word' id='word_1_909' title='bbox 2809 5563 2987 5618; x_wconf 88' lang='lat' dir='ltr'><strong>dicere</strong></span> <span class='ocrx_word' id='word_1_910' title='bbox 3025 5562 3148 5616; x_wconf 92' lang='lat' dir='ltr'><strong>licet</strong></span> <span class='ocrx_word' id='word_1_911' title='bbox 3194 5579 3207 5614; x_wconf 91' lang='lat'><strong>:</strong></span> <span class='ocrx_word' id='word_1_912' title='bbox 3236 5560 3435 5617; x_wconf 90' lang='lat' dir='ltr'><strong>etenim</strong></span> <span class='ocrx_word' id='word_1_913' title='bbox 3485 5566 3691 5617; x_wconf 83' lang='lat' dir='ltr'><strong>tantum</strong></span> <span class='ocrx_word' id='word_1_914' title='bbox 3738 5566 3825 5611; x_wconf 67' lang='lat' dir='ltr'><strong>est</strong></span> 
     </span>
    </p>
   </div>
   <div class='ocr_carea' id='block_1_118' title="bbox 2219 5650 3825 5721">
    <p class='ocr_par' dir='ltr' id='par_1_118' title="bbox 2219 5650 3825 5721">
     <span class='ocr_line' id='line_1_118' title="bbox 2219 5650 3825 5721; baseline -0.009 -5"><span class='ocrx_word' id='word_1_915' title='bbox 2219 5661 2319 5719; x_wconf 87' lang='lat' dir='ltr'><strong>Dei</strong></span> <span class='ocrx_word' id='word_1_916' title='bbox 2364 5670 2420 5715; x_wconf 92' lang='lat' dir='ltr'><strong>et</strong></span> <span class='ocrx_word' id='word_1_917' title='bbox 2465 5658 2691 5712; x_wconf 88' lang='lat' dir='ltr'><strong>hominis</strong></span> <span class='ocrx_word' id='word_1_918' title='bbox 2734 5655 3075 5720; x_wconf 90' lang='lat' dir='ltr'><strong>discrimem,</strong></span> <span class='ocrx_word' id='word_1_919' title='bbox 3123 5661 3383 5721; x_wconf 90' lang='lat' dir='ltr'><strong>quantum</strong></span> <span class='ocrx_word' id='word_1_920' title='bbox 3430 5667 3594 5705; x_wconf 89' lang='lat' dir='ltr'><strong>nemo</strong></span> <span class='ocrx_word' id='word_1_921' title='bbox 3637 5650 3825 5703; x_wconf 78' lang='lat' dir='ltr'><strong>verbis</strong></span> 
     </span>
    </p>
   </div>
   <div class='ocr_carea' id='block_1_119' title="bbox 2222 5740 3823 5824">
    <p class='ocr_par' dir='ltr' id='par_1_119' title="bbox 2222 5740 3823 5824">
     <span class='ocr_line' id='line_1_119' title="bbox 2222 5740 3823 5824; baseline -0.01 -16"><span class='ocrx_word' id='word_1_922' title='bbox 2222 5758 2403 5824; x_wconf 84' lang='lat' dir='ltr'><strong>posset</strong></span> <span class='ocrx_word' id='word_1_923' title='bbox 2433 5750 2733 5823; x_wconf 79' lang='lat' dir='ltr'><strong>exprimere</strong></span> <span class='ocrx_word' id='word_1_924' title='bbox 2762 5764 2775 5802; x_wconf 88' lang='lat'><strong>:</strong></span> <span class='ocrx_word' id='word_1_925' title='bbox 2805 5744 3044 5817; x_wconf 87' lang='lat' dir='ltr'><strong>quotidie</strong></span> <span class='ocrx_word' id='word_1_926' title='bbox 3067 5741 3393 5800; x_wconf 85' lang='lat' dir='ltr'><strong>contumelia</strong></span> <span class='ocrx_word' id='word_1_927' title='bbox 3417 5740 3655 5797; x_wconf 80' lang='lat' dir='ltr'><strong>afficitur</strong></span> <span class='ocrx_word' id='word_1_928' title='bbox 3684 5755 3823 5810; x_wconf 72' lang='lat' dir='ltr'><strong>pra:-</strong></span> 
     </span>
    </p>
   </div>
  </div>
