4072 6384
240 382 337 445 εει·
1238 391 1332 447 AD
1372 392 1708 451 POPULUM
1770 392 2277 452 ANTIOCHENUM
2318 393 2553 451 IIOMIL.
2597 392 2685 449 Ill.
2822 394 2833 402 ’
2931 404 2937 411 ’
3630 394 3709 451 ιο

241 509 424 581 έχων,
455 506 514 561 ἐν
558 505 830 580 ἀσφαλείᾳ
873 505 1041 581 πολλῇ
1077 508 1215 580 μετὰ
1266 508 1471 581 πολλῆς
1521 507 1777 581 βιώσεται
1824 509 1926 580 τῆς
2035 509 2351 581 κινούμενα,
2392 510 2488 564 καὶ
2532 508 2651 581 βίος
2692 505 3007 580 ἀκάθαρτος
3048 505 3519 579 ἐκκαλυπτόμενος
3549 507 3715 565 λυπεῖ

241 596 459 669 ἡδονῆς-

315 685 617 751 Ἤκουσας
638 683 843 755 λόγον,
875 682 1068 753 φησίν;
1090 680 1504 738 ἐναποθανέτω
1523 699 1623 739 σοι
1641 699 1656 715 ·
1680 684 1913 753 θάρσει,

240 772 317 827 οὐ
347 770 431 841 μή
456 785 530 825 σε
552 770 749 839 ῥήξει.
783 769 850 823 Τί
879 770 1047 830 ἐστιν.
1078 770 1520 826 Ἐναποθανέτω
1547 784 1683 834 σοις
1716 769 1920 825 Σϐέσον

242 860 427 923 αὐτὸν,
459 859 800 929 κατάχωσον,
828 857 904 929 μὴ
932 857 1297 929 συγχωρήσῃς
1320 855 1575 923 ἐξελθεῖν,
1608 858 1741 929 μηδὲ
1765 874 1921 927 κινη-

244 945 406 1016 θῆναι
432 946 494 999 τὸ
536 947 830 1016 παράπαν·
880 944 1016 1000 ἀλλά
1063 945 1296 1016 μάλιστα
1348 946 1447 1017 μὲν
1508 943 1601 1000 οὖν
1653 945 1918 1009 σπούδαζε

247 1034 384 1103 μηδὲ
406 1033 695 1103 ἀνέχεσθαι
720 1032 829 1086 τῶν
848 1033 1117 1101 λεγόντων
1146 1033 1365 1105 ἐτέρους
1386 1033 1590 1097 κακῶς.
1621 1034 1719 1087 Ἂν
1739 1033 1785 1087 δ’
1812 1034 1921 1102 ἀρα

244 1137 379 1173 ποτε
414 1121 509 1173 καὶ
542 1120 689 1192 δέξῃ,
724 1121 1061 1192 κατάχωσον,
1098 1120 1420 1174 ἀπόκτεινον
1451 1121 1513 1174 τὸ
1540 1120 1751 1191 λεχθὲν,
1780 1119 1919 1192 λήθῃ

245 1209 523 1280 παράδος,
561 1208 648 1261 ἵνα
681 1210 793 1273 τοῖς
826 1208 901 1279 μὴ
928 1207 1219 1279 ἀκηκοόσιν
1245 1208 1428 1279 ὅμοιος
1469 1208 1621 1281 γένῃ,
1657 1208 1750 1260 καὶ
1783 1207 1922 1277 μετά

247 1296 451 1367 πολλῆς
478 1297 578 1366 τῆς
603 1296 827 1367 εἰρήνης
851 1296 945 1349 καὶ
975 1296 1077 1366 τῆς
1098 1295 1398 1365 ἀσφαλείας
1435 1297 1528 1349 τὸν
1584 1294 1828 1366 παρόντα
1851 1293 1923 1347 δι-

246 1382 388 1457 άγῃς
416 1382 547 1453 βίον.
577 1385 674 1436 Ἂν
707 1382 952 1454 μάθωσιν
973 1385 1021 1436 οἰ
1054 1385 1372 1456 κακήγοροι,
1402 1385 1483 1437 ὃτι
1506 1384 1614 1437 τῶν
1637 1382 1923 1436 διαϐαλλο-

250 1471 428 1540 μένων
470 1470 672 1542 μᾶλλον
701 1472 861 1542 ἡμεῖς
888 1471 1085 1535 αὐτοὺς
1107 1470 1585 1542 ἀποστρεφόμεθα,
1626 1470 1922 1525 παύσονται

248 1558 344 1611 καὶ
364 1557 518 1611 αὐτοί
554 1574 684 1611 ποτε
712 1557 815 1626 τῆς
846 1558 1089 1628 πονηρᾶς
1113 1556 1402 1628 συνηθείας
1422 1556 1647 1628 ταύτης,
1667 1558 1761 1611 καὶ
1777 1557 1922 1628 8:09-

249 1644 512 1699 θώσονται
532 1645 592 1698 τὸ
613 1644 832 1716 ἀμάρτη
842 1662 936 1715 μα,
951 1644 1046 1697 καὶ
1068 1645 1442 1698 ἐπαινέσονται
1461 1643 1601 1715 μετά
1619 1644 1811 1709 ταῦτα,
1829 1645 1924 1698 καὶ

249 1732 397 1803 ἡμᾶς
418 1731 615 1795 αὐτοὺς
640 1731 716 1794 ώς
745 1731 997 1803 σωτῆρας
1036 1730 1214 1785 αὐτῶν
1236 1730 1558 1802 γενομένους
1585 1732 1680 1785 καὶ
1703 1731 1925 1801 εὐεργέ-

247 1836 351 1883 τας
394 1819 842 1892 ἀνακηρύξουσιν.
898 1820 1110 1891 Ὠσπερ
1158 1818 1267 1891 γὰρ
1294 1818 1356 1873 τό
1401 1818 1582 1883 καλῶς
1622 1818 1801 1887 λέγειν
1830 1818 1923 1872 καὶ

249 1906 619 1977 ἐγκωμιάζειν
634 1906 777 1978 ἀρχὴ
793 1906 973 1975 φιλίας
996 1907 1164 1971 ἐστὶν,
1187 1906 1331 1960 οὕτω
1348 1906 1409 1960 τὸ
1427 1906 1613 1969 κακῶς
1632 1904 1811 1975 λέγειν
1831 1906 1926 1959 καί¹

247 1994 554 2048 διαϐάλλειν
577 1994 689 2067 [41]
732 1994 950 2067 ἔχθρας,
987 1995 1082 2048 καὶ
1115 1994 1432 2065 ἀπεχθείας,
1474 1995 1568 2047 καὶ
1586 1995 1694 2048 τῶν
1718 1994 1928 2066 μυρίων

250 2083 506 2154 πολέμων
543 2084 686 2155 ἀρχὴ
738 2083 835 2137 καὶ
880 2082 1137 2146 ὑπόθεσις
1174 2083 1419 2151 γέγονεν.
1461 2083 1772 2153 Οὐδαμόθεν
1818 2081 1927 2153 7&9

250 2170 524 2242 ἑτέρωθεν
556 2170 825 2242 ἠμέληται
854 2169 925 2223 τὰ
952 2169 1218 2241 ἡμέτερα,
1245 2171 1360 2224 ἀλλ’
1390 2171 1424 2242 ἡ
1458 2173 1523 2224 ἐκ
1554 2170 1649 2225 τοῦ
1679 2171 1746 2226 τά
1775 2170 1930 2225 ἀλλό-

250 2274 380 2329 τρια
403 2257 881 2329 πολυπραγμονεῖν
903 2258 999 2311 καὶ
1036 2255 1528 2329 περιεργάζεσθαι·
1556 2258 1618 2310 οὐ
1642 2257 1745 2327 γὰρ
1783 2253 1927 2310 ἐστιν

247 2346 539 2418 ἄνθρωπον
570 2343 1010 2418 κακηγοροῦντα,
1038 2346 1131 2400 καὶ
1166 2346 1292 2410 τοὺς
1322 2345 1635 2417 ἀλλοτρίους
1658 2344 1931 2415 πολυπρα-

247 2434 557 2505 γμονοῦντα
588 2434 757 2505 βίους,
785 2434 885 2506 τῆς
912 2434 1046 2498 ἰδίας
1066 2432 1465 2505 ἐπιμεληθῆναί
1489 2450 1618 2487 ποτε
1636 2433 1801 2505 ζωῆς.
1816 2433 1929 2502 Τῆς

246 2522 363 2593 γὰρ
392 2523 630 2592 σπουδῆς
653 2521 874 2592 ἀπάσης
900 2521 1049 2592 αὐτῷ
1098 2523 1176 2585 εἰς
1193 2520 1291 2592 τὴν
1316 2521 1517 2591 ἑτέρων
1539 2519 1930 2592 πολυπραγμο-

249 2609 421 2679 σύνην
463 2609 912 2679 ἀναλισκομένης,
958 2607 1170 2679 ἀνάγκη
1201 2608 1269 2662 τά
1299 2608 1465 2661 αὐτοῦ
1509 2610 1689 2662 πάντα
1742 2607 1931 2671 ἁπλῶς

250 2696 468 2749 κεῖσθαι
490 2697 583 2749 καὶ
604 2695 987 2767 ἠμελημένως.
1026 2695 1136 2748 Kal
1156 2695 1263 2766 7&9
1292 2695 1575 2767 ἀγαπητὸν
1613 2695 1714 2767 τὴν
1750 2697 1930 2748 πᾶσαν

252 2783 451 2855 σχολήν
492 2786 572 2847 εἰς
610 2784 710 2855 τὴν
756 2782 1074 2853 ἐπιμέλειαν
1117 2781 1225 2835 τῶν
1264 2783 1481 2836 οἰκείων
1514 2782 1931 2854 ἁμαρτημάτων

252 2872 349 2928 καὶ
373 2872 472 2939 τὴν
497 2870 677 2941 κρίσιν
696 2869 1076 2932 ἀναλίσκοντα,
1098 2868 1394 2939 δυνηθῆναί
1416 2886 1470 2922 τι
1494 2870 1717 2939 ποιῆσαι
1737 2869 1897 2922 πλέον
1912 2886 1927 2901 ·

249 2958 380 3011 όταν
405 2958 463 3012 δὲ
488 2958 777 3021 διαπαντὸς
809 2956 877 3010 τά
898 2956 1154 3027 ἀλλότρια
1179 2956 1493 3029 φροντίζῃς,
1527 2956 1658 3009 πότε
1683 2956 1791 3010 τῶν
1824 2957 1930 3009 σῶν

251 3045 566 3120 ἐπιμελήσῃ
591 3044 813 3110 κακῶν;

220 3136 275 3200 ί,
323 3134 590 3203 Φύγωμεν
604 3133 805 3197 τοίνυν,
822 3132 1118 3202 ἀγαπητοὶ,
1135 3132 1396 3202 φύγωμεν
1411 3142 1438 3172 ι
1454 3130 1553 3194 τάς
1572 3130 1930 3201 κακηγορίας,

255 3221 522 3292 μαθόντες
549 3222 625 3285 ὡς
648 3220 949 3275 διαϐολικόν
986 3221 1135 3273 ἐστιν
1163 3220 1283 3272 ὅλον
1304 3217 1365 3272 τὺ
1402 3216 1695 3290 βάραθρον,
1724 3217 1820 3270 καὶ
1834 3217 1932 3287 τῆς

252 3309 551 3379 ἐπιϐουλῆς
583 3310 683 3381 τῆς
710 3309 923 3363 ἐκείνου
947 3307 1088 3380 αὕτη
1118 3309 1155 3380 ἡ
1188 3307 1401 3378 ἐνέδρα,
1424 3306 1543 3360 Ἵνα
1566 3304 1675 3377 7&9
1707 3306 1803 3359 καὶ
1824 3305 1933 3360 τῶν

251 3398 542 3471 ἡμετέρων
567 3397 952 3469 ἀμελήσωμεν,
979 3398 1075 3451 καὶ
1106 3394 1491 3466 χαλεπωτέρας
1516 3395 1733 3457 ἑαυτοῖς
1766 3410 1935 3448 κατα-

255 3488 545 3557 στήσωμεν
569 3486 666 3550 τάς
690 3484 941 3549 εὐθύνας,
960 3486 1039 3548 εἰς
1066 3483 1267 3553 ταύτην
1295 3486 1328 3552 ἡ
1339 3483 1443 3551 μᾶς
1475 3479 1575 3551 τὴν
1605 3481 1935 3551 συνήθειανό

252 3573 505 3637 διάϐολος
551 3573 725 3643 ἡγαγε
745 3589 761 3604 ·
791 3573 991 3643 μᾶλλον
1015 3572 1092 3637 δέ,
1114 3572 1176 3625 οὐ
1201 3570 1360 3623 τοῦτο
1391 3569 1549 3639 μόνον
1583 3568 1701 3621 ἐστὶ
1733 3568 1795 3622 τὸ
1836 3586 1937 3639 χα-

252 3662 445 3727 λεπὸν,
486 3663 570 3715 ὅτι
614 3661 772 3731 λόγον
805 3661 1070 3733 δώσομεν,
1104 3652 1179 3714 ὧν
1210 3660 1514 3730 εἰρήκαμεν
1537 3658 1679 3722 τότε,
1709 3657 1824 3713 ἀλλ’
1849 3659 1934 3712 ὅτι

254 3752 354 3807 xal
386 3750 453 3804 τά
476 3749 719 3821 ἡμέτερα
747 3750 1127 3821 ἁμαρτήματα
1169 3747 1529 3819 χαλεπώτερα
1571 3746 1745 3819 ταύτῃ
1780 3748 1936 3817 ποιή-

258 3854 445 3909 σομεν,
472 3836 653 3906 πάσης
682 3836 908 3900 ἐαυτούς
934 3834 1367 3907 ἀποστεροῦντες
1392 3834 1706 3903 ἀπολογίας.
1744 3835 1803 3887 '0
1826 3833 1935 3905 7&9

256 3924 476 3995 πικρῶς
496 3924 563 3978 τά
588 3923 847 3994 ἀλλότρια
869 3921 1160 3988 ἐξετάζων,
1185 3923 1243 3975 ἐν
1268 3925 1381 3987 τοῖς
1402 3922 1523 3976 καθ’
1548 3921 1741 3976 ἐαυτὸν
1763 3921 1869 3991 πλη
1879 3939 1937 3991 μ-

260 4012 399 4083 μελή
408 4028 573 4081 μασιν
593 4011 849 4081 οὐδεμιᾶς
876 4009 1245 4064 ἀπολαύσεται
1270 4008 1601 4080 συγγνώμης
1625 4008 1775 4062 ποτέ.
1801 4008 1935 4061 Οὐδὲ

256 4100 365 4171 7&9
389 4098 497 4152 ἀπὸ
520 4101 618 4170 τῆς
640 4098 856 4167 φύσεως
876 4097 985 4151 τῶν
1015 4097 1570 4173 πεπλημμελημένων
1591 4099 1721 4168 ἡμῖν
1753 4096 1933 4167 μόνον,

258 4185 397 4239 ἀλλά
422 4185 516 4239 καὶ
537 4185 644 4239 ἀπὸ
669 4185 769 4255 τῆς
794 4184 1031 4257 κρίσεως
1051 4185 1149 4256 τῆς
1181 4184 1281 4255 σῆς
1304 4186 1431 4256 περὶ
1458 4183 1658 4255 ἐτέρων
1679 4184 1815 4237 οίσει
1838 4184 1936 4255 τὴν

258 4273 442 4342 ψῆφον
470 4275 499 4326 6
522 4272 672 4335 Θεός.
709 4271 808 4325 Διά
833 4272 994 4326 τοῦτο
1022 4272 1299 4343 παρῄνεσε
1328 4270 1524 4341 λέγων·
1560 4271 1654 4339 Μὴ
1680 4271 1934 4339 κρίνετε,

261 4362 366 4414 ἵνα
378 4360 464 4428 μὴ
488 4358 730 4428 κριθῆτε
747 4374 765 4391 ·
782 4360 843 4413 ού
862 4359 972 4431 γάρ
995 4353 1108 4413 οἷον
1126 4358 1319 4429 γέγονε
1340 4360 1402 4413 τὸ
1425 4358 1749 4430 ἁμάρτημα,
1770 4360 1940 4413 τοιοῦο

260 4465 356 4502 τον
387 4450 504 4501 ἐκεῖ
533 4450 781 4517 φανεῖται
810 4447 1016 4511 λοιπὸν,
1044 4447 1178 4501 ἀλλά
1208 4446 1411 4518 πολλήν
1443 4464 1563 4501 τινα
1584 4447 1678 4501 καὶ
1702 4446 1940 4519 ἀπαραί-

261 4552 425 4606 τητον
454 4534 779 4606 προσθήκην
810 4534 1041 4605 λήψεται
1065 4534 1173 4588 ἀπὸ
1193 4534 1296 4604 τῆς
1318 4534 1399 4597 εἰς
1428 4534 1518 4587 τὸν
1542 4533 1821 4588 σύνδουλόν
1844 4551 1938 4587 σου

261 4622 416 4695 παρά
458 4621 553 4676 σοῦ
584 4621 960 4693 γεγενημένης
998 4622 1255 4695 κρίσεως.
1298 4624 1511 4694 ’Ὠσπερ
1550 4623 1659 4695 7&9
1687 4624 1716 4676 6
1751 4623 1941 4693 φιλάν-

262 4709 851 4782 θρωπος,καὶῆμερος,
882 4707 977 4762 καὶ
1003 4709 1440 4779 συγγνωμονικδς
1467 4708 1827 4780 ὑποτέμνεται
1848 4710 1940 4763 τὸν

262 4798 485 4851 πλείονα
516 4798 623 4851 τῶν
654 4796 1068 4867 ἁμαρτημάτων
1094 4797 1257 4866 ὄγκον
1281 4811 1298 4829 ο
1328 4796 1501 4861 οὕτως
1531 4800 1561 4851 6
1600 4798 1813 4870 πικρὸς,
1846 4798 1941 4853 καὶ

260 4884 437 4955 ώμδς,
467 4886 561 4938 καὶ
596 4886 971 4959 ἀπαραίτητος
1014 4885 1147 4939 πολύ
1180 4887 1295 4948 τοῖς
1332 4885 1555 4949 οἰκείοις
1582 4886 1941 4957 ἀμαρτήμασι

264 4975 591 5047 προστίθησι
613 4974 863 5047 μέγεθος.
895 4975 1258 5047 Ἐξορίσωμεν
1280 4976 1459 5029 τοίνυν
1484 4975 1596 5028 ἀπὸ
1621 4976 1712 5029 τοῦ
1734 4976 1940 5047 στόμα-

262 5079 357 5125 τος
391 5062 549 5133 ἡμῶν
580 5062 920 5135 κακηγορίαν
951 5063 1191 5128 ἃπασαν,
1224 5064 1425 5126 εἰδότες
1465 5065 1546 5117 ὅτι
1592 5062 1693 5117 κᾶν
1738 5064 1943 5135 τέφραν

264 5145 560 5217 ἐσθίωμεν,
589 5147 742 5201 οὐδὲν
768 5147 960 5217 δφελος
979 5150 1113 5219 ἡμῖν
1135 5147 1237 5217 τῆς
1268 5147 1690 5220 σκληραγωγίας
1716 5148 1940 5219 ταύτης,

265 5230 336 5284 ἂν
362 5229 699 5301 κακηγορίας
730 5231 805 5303 μὴ
836 5230 1227 5306 ἀποσχώμεθα.
1258 5232 1333 5284 Οὐ
1360 5234 1467 5304 γὰρ
1494 5232 1562 5285 τά
1590 5232 1944 5305 εἰσερχόμενα

264 5314 443 5367 κοινοῖ
473 5312 565 5365 τὸν
604 5312 914 5383 ἄνθρωπον,
946 5313 1083 5367 ἀλλά
1110 5314 1180 5367 τά
1206 5314 1537 5386 ἐξερχόμενα
1570 5316 1678 5369 ἀπὸ
1710 5315 1803 5369 τοῦ
1827 5315 1947 5367 στό-

267 5410 464 5465 ματος.
496 5394 564 5447 Εἰ
579 5412 663 5458 τις
689 5396 1039 5467 ἀνακινήσειε
1072 5396 1331 5468 βόρϐορον
1359 5397 1453 5451 σοῦ
1485 5398 1795 5469 παριόντος,
1824 5398 1944 5452 εἰπέ

267 5493 381 5547 μοι,
407 5476 469 5529 οὐ
499 5476 779 5549 λοιδορεῖς,
805 5480 897 5531 καὶ
925 5479 1167 5551 ὑϐρίζεις
1182 5481 1273 5533 τὸν
1292 5481 1450 5534 τοῦτο
1473 5484 1727 5535 ποιοῦντα
1744 5500 1757 5547 ;
1776 5483 1946 5536 Τοῦτο

264 5558 362 5613 καὶ
391 5558 485 5613 ἐπὶ
508 5558 619 5612 τῶν
652 5561 979 5633 κακηγόρων
1013 5563 1040 5601 δ
1072 5562 1319 5633 ποίησον.
1351 5564 1425 5616 Οὐ
1466 5564 1573 5635 7&9
1607 5564 1779 5628 οῦτως
1816 5565 1947 5618 ἀνα-

264 5638 581 5711 κινούμενος
608 5641 861 5716 βόρϐορος
890 5644 1114 5715 πλήττει
1142 5648 1240 5714 τὴν
1261 5647 1501 5717 μήνιγγα
1523 5647 1632 5699 τῶν
1687 5648 1785 5718 τὴν
1828 5648 1943 5701 δυσ-

263 5720 432 5776 ωδίαν
459 5723 762 5796 δεχομένων
793 5726 1117 5797 ἐκείνην,ώς
1136 5727 1505 5800 ἁμαρτήματα
1535 5729 1789 5802 ἀλλότρια
1815 5731 1947 5783 ἀνα-

329 5858 359 5962 .‘.
383 5862 483 5974 212‘s
512 5866 869 5974 ἰῗτῖγΐὲῗνκῖἒὲ

330 5921 483 5993 '{Alji
518 5921 727 5993 ἐπὶτῶν
759 5926 1058 5993 κακηγόρων.
1098 5929 1180 5993 alii
1207 5928 1504 5993 κατηγόρων,
1528 5935 1663 5983 notat
1696 5930 1864 5984 Montf.
1896 5933 1943 5983 in

273 5988 419 6036 lexlu
439 5987 609 6049 legens
631 5989 705 6036 ἐπὶ
728 5991 796 6051 τῷ
820 5987 1088 6052 κατηγόρῳ,
1112 5992 1270 6041 minus
1289 5987 1442 6041 τεαὶ.
1469 5992 1602 6041 Enn.

2023 598 2136 651 τῶν
2180 597 2492 653 ἀκουόντων
2517 598 2617 667 τὴν
2655 595 2836 668 ψυχὴν
2873 596 2969 649 καὶ
3000 594 3299 667 ἐξίστησιν.
3350 596 3713 667 Ἀπεχώμεθα

2023 685 2205 739 τοίνυν
2225 684 2589 757 κακηγορίας,
2616 682 3018 755 αἰσχρολογίας,
3045 681 3416 753 βλασφημίας,
3439 684 3535 737 xal
3570 684 3713 754 μήτε

2023 773 2118 829 τὸν
2150 773 2401 845 πλησίον,
2432 774 2571 845 μήτε
2602 772 2695 826 τὸν
2715 770 2849 825 Θεὸν
2875 770 3126 841 λέγωμεν
3147 769 3357 834 κακῶς.
3387 770 3581 824 Πολλοί
3602 770 3714 844 γάρ

2026 865 2108 927 εἰς
2130 863 2291 916 τοῦτο
2320 862 2519 933 μανίας
2545 860 2842 927 ἐξώκειλαν
2870 860 2981 914 τῶν
3002 859 3354 931 κακηγόρων,
3380 859 3458 923 ὡς
3478 860 3587 913 ἀπὸ
3602 860 3715 915 τῶν

2027 948 2328 1003 συνδούλων
2351 949 2445 1003 ἐπὶ
2465 948 2560 1002 τὸν
2582 948 2863 1018 Δεσπότην
2890 946 3194 1017 ἀναστῆσαι
3219 946 3318 1018 τὴν
3343 946 3590 1015 γλῶτταν
3613 946 3715 1019 τὴν

2027 1038 2254 1092 ἑαυτῶν.
2287 1038 2452 1092 Ὅσον
2476 1038 2533 1091 δέ
2561 1037 2721 1092 τοῦτό
2748 1038 2864 1091 ἐστι
2891 1035 3083 1098 κακὸν,
3108 1034 3219 1089 ἀπὸ
3242 1034 3350 1087 τῶν
3374 1035 3716 1105 κατεχόντων

2026 1126 2121 1180 νῦν
2135 1126 2283 1196 ἡμᾶς
2303 1124 2539 1197 μάνθανε
2556 1124 2919 1198 πραγμάτων.
2949 1122 3080 1176 ’1δού
3103 1121 3235 1191 γοῦν
3254 1120 3540 1193 ἄνθρωπος
3562 1120 3716 1190 ὑϐρί-

2029 1214 2152 1285 σθη,
2174 1216 2269 1269 καὶ
2290 1216 2488 1279 πάντες
2508 1214 2822 1284 δεδοίκαμεν
2835 1212 2929 1267 καὶ
2946 1212 3244 1285 τρέμομεν,
3269 1209 3324 1262 οῖ
3345 1226 3404 1262 τε
3430 1208 3717 1279 ὐϐρικότες

2027 1301 2083 1355 οῖ
2120 1320 2181 1355 τε
2217 1302 2382 1373 μηδὲν
2414 1303 2626 1364 ἑαυτοῖς
2664 1299 2965 1362 συνειδότες
2990 1298 3262 1353 τοιοῦτον·
3284 1299 3313 1351 6
3346 1297 3403 1351 δέ
3439 1297 3573 1360 Θεὸς
3591 1296 3713 1351 καθ’

2028 1388 2265 1459 ἑκάστην
2285 1388 2495 1459 ἡμέραν
2512 1386 2811 1459 ὑϐρίζεται·
2825 1385 2877 1439 τί
2898 1386 3040 1454 λέγω
3055 1384 3179 1439 καθ’
3201 1383 3441 1454 ἐκάστην
3460 1385 3675 1456 ἡμέραν
3692 1400 3711 1451 ς

2028 1475 2155 1530 καθ’
2190 1474 2430 1546 ἑκάστην
2468 1473 2568 1546 μὲν
2617 1472 2737 1546 [45]
2778 1468 2872 1528 οὖν
2901 1472 3073 1545 ὤραν,
3115 1471 3271 1544 παρά
3315 1471 3715 1535 πλουτούντων,

2029 1562 2183 1635 παρά
2210 1564 2480 1633 πενήτων,
2510 1560 2665 1632 παρά
2690 1560 2800 1614 τῶν
2830 1561 2888 1614 ἐν
2921 1560 3129 1625 ἀνέσει,
3171 1558 3325 1630 παρὰ
3364 1558 3472 1612 τῶν
3498 1560 3558 1611 ἐν
3596 1557 3717 1611 θλί-

2028 1650 2141 1721 ψει,
2161 1651 2312 1723 παρά
2330 1650 2441 1704 τῶν
2469 1649 2907 1722 ἐπηρεαζόντων,
2926 1647 3081 1720 παρά
3104 1646 3212 1701 τῶν
3235 1645 3716 1717 ἐπηρεαζομένων,

2030 1740 2125 1794 καὶ
2157 1740 2332 1802 οὐδεὶς
2356 1737 2595 1809 οὐδαμοῦ
2628 1738 2803 1807 λόγος.
2840 1737 2941 1792 Διά
2963 1736 3123 1790 τοῦτο
3149 1734 3530 1807 συνεχώρησεν
3561 1735 3721 1808 669c-

2033 1827 2227 1897 σθῆναι
2256 1826 2349 1880 τὸν
2378 1826 2689 1896 ὁμόδουλον,
2723 1825 2812 1879 ἵνα
2839 1824 2949 1879 ἀπὸ
2972 1824 3067 1878 τοῦ
3095 1822 3343 1878 κινδύνου
3368 1822 3465 1877 τοῦ
3501 1823 3589 1877 διά
3616 1823 3719 1894 τὴν

2032 1896 2191 1986 ὕϐριν
2218 1896 2736 1984 ᾗῖῐένόἷξῖύτῆν
2756 1910 2851 1967 τοῦ
2874 1911 3146 1965 Δεσπότου
3168 1909 3267 1982 τὴν
3292 1910 3709 1982 φιλανθρωπίαν

2036 2002 2232 2073 μάθῃς.
2250 2000 2444 2053 Καίτοι
2470 1999 2629 2053 τοῦτο
2656 1999 2752 2054 νῦν
2777 1999 2996 2071 πρῶτον
3027 1999 3121 2052 καὶ
3146 1998 3307 2070 μόνον
3331 1997 3577 2066 γέγονεν,
3602 1994 3722 2051 ἀλλ’

2031 2091 2183 2162 ὅμως
2224 2090 2345 2144 οὐδὲ
2394 2088 2480 2142 διά
2514 2089 2673 2142 τοῦτο
2712 2088 3102 2160 προσδοκῶμεν
3142 2086 3549 2141 ἀπολαύσεσθαι
3586 2099 3720 2153 συγ-

2033 2177 2260 2249 γνώμης
2284 2177 2430 2240 τινὸς
2455 2176 2576 2230 οὐδέ
2603 2176 2929 2245 ἀπολογίας·
2959 2176 3051 2229 τὸν
3078 2175 3135 2229 δέ
3164 2174 3297 2229 Θεὸν
3321 2175 3446 2229 καθ’
3477 2173 3720 2243 ἐκάστην

2036 2265 2441 2339 παροργίξομεν
2461 2264 2559 2337 τὴν
2585 2265 2821 2337 ἡμέραν,
2863 2266 2958 2318 καὶ
2989 2264 3247 2335 οὐδεμίαν
3281 2262 3585 2335 ποιούμεθα
3618 2261 3719 2333 τὴν

2034 2356 2392 2428 ἐπιστροφὴν,
2442 2356 2538 2410 καὶ
2567 2354 2647 2408 ἔτι
2690 2356 2846 2426 φέρει
2887 2354 3026 2426 μετά
3062 2354 3448 2427 μακροθυμίας
3478 2352 3718 2421 ἀπάσης.

2035 2438 2190 2507 Εἶδες
2219 2443 2361 2514 πόση
2385 2442 2418 2513 ἡ
2451 2440 2835 2513 φιλανθρωπία
2854 2440 2948 2495 τοῦ
2970 2440 3243 2494 Δεσπότου
3274 2458 3289 2507 ;
3321 2439 3514 2493 Καίτοι
3543 2454 3607 2507 γε
3630 2438 3724 2492 ἐπὶ

2034 2532 2136 2601 τῆς
2168 2530 2512 2603 παρανομίας
2538 2528 2743 2600 ταύτης
2778 2530 2829 2582 οἰ
2876 2527 3408 2601 πεπλημμεληκότες
3445 2526 3719 2586 ἑάλωσαν,

2036 2621 2129 2673 καὶ
2154 2620 2236 2683 εἰς
2284 2618 2661 2690 δεσμωτήριον
2700 2618 2981 2682 ἐνέπεσον,
3017 2617 3111 2671 καὶ
3155 2615 3312 2687 δίκην
3346 2615 3560 2677 ἔδοσαν,
3604 2612 3725 2667 ἀλλ’

2036 2706 2187 2776 ὅμως
2220 2704 2301 2759 ἔτι
2334 2704 2688 2775 δεδοίκαμεν·
2730 2706 2825 2758 καὶ
2873 2702 2984 2776 7&9
3020 2703 3175 2757 ούπω
3212 2704 3415 2774 ήκουσε
3455 2700 3526 2755 τά
3563 2716 3726 2769 γεγε-

2036 2792 2246 2864 νημένα
2274 2795 2304 2846 ό
2347 2792 2653 2864 ὑϐρισθεὶς,
2683 2791 2805 2845 ούδέ
2837 2791 3019 2862 ψῆφον
3052 2791 3339 2859 ἐξήνεγκε,
3382 2790 3479 2843 καὶ
3521 2788 3725 2867 πάντες

2038 2879 2353 2951 τρέμομεν·
2383 2881 2412 2932 6
2448 2878 2505 2931 δὲ
2551 2878 2686 2943 Θεὸς
2724 2878 2847 2932 καθ’
2878 2879 3119 2949 ἐκάστην
3158 2876 3346 2931 ἀκούει
3382 2876 3483 2948 τὴν
3506 2874 3727 2947 ἡμέραν

2037 2967 2137 3030 τὰς
2163 2969 2245 3031 εἰς
2276 2967 2442 3020 αὐτὸν
2469 2966 2766 3037 γινομένας
2814 2966 3021 3039 ῦϐρεις,
3055 2966 3150 3020 καὶ
3179 2965 3358 3028 οὐδεὶς
3398 2962 3729 3035 ἐπιστρέφει·

2037 3071 2150 3115 ται,
2178 3054 2273 3108 καὶ
2315 3053 2490 3108 ταῦτα
2532 3053 2707 3118 οὕτως
2751 3053 2905 3117 ὄντος
2949 3053 3160 3125 ἡμέρου
3195 3054 3291 3107 καὶ
3336 3050 3727 3122 φιλανθρώπου

2039 3139 2134 3193 τοῦ
2164 3139 2322 3195 Θεοῦ.
2362 3140 2513 3193 Ἐκεῖ
2538 3139 2638 3211 μὲν
2677 3139 2787 3210 γὰρ
2816 3140 2978 3211 ἀρκεῖ
3003 3138 3066 3192 τὸ
3106 3138 3414 3210 ἁμάρτημα
3446 3136 3608 3207 μόνον
3646 3136 3728 3189 εἰι-

2040 3230 2189 3291 πεῖν,
2218 3227 2314 3282 καὶ
2342 3227 2500 3281 λῦσαι
2533 3227 2595 3280 τὸ
2619 3225 2875 3297 ἔγκλημα
2894 3243 2909 3257 ·
2938 3226 3032 3279 ἐπί
3051 3226 3106 3279 δέ
3137 3226 3246 3279 τῶν
3273 3224 3578 3297 ἀνθρώπων
3601 3222 3728 3277 τού-

2040 3316 2256 3370 ναντίον
2285 3316 2463 3369 ἀπαν·
2498 3314 2628 3367 ὃταν
2649 3314 3061 3385 ὁμολογήσωσιν
3087 3313 3135 3366 οἰ
3171 3311 3577 3384 ἡμαρτηκότες,
3602 3310 3728 3364 τότε

2043 3402 2306 3475 μειζόνως
2334 3400 2651 3466 κολάζονται
2673 3418 2689 3434 ο
2728 3400 2757 3453 δ
2788 3396 2856 3469 δὴ
2885 3400 2980 3455 καὶ
3006 3400 3102 3453 νῦν
3136 3399 3349 3468 γέγονε.

2111 3489 2223 3542 Kal
2248 3490 2298 3542 οί
2335 3488 2434 3560 μὲν
2463 3486 2687 3560 σιδήρῳ,
2719 3487 2769 3540 οἰ
2820 3486 2880 3540 δέ
2915 3487 3069 3557 πυρὶ,
3113 3486 3163 3539 οί
3201 3485 3259 3538 δέ
3291 3484 3504 3556 θηρίοις
3548 3500 3731 3555 παρα-

2040 3575 2289 3640 δοθέντες
2325 3574 2624 3639 ἀπώλοντο,
2666 3575 2768 3627 οὐκ
2801 3573 2996 3646 ἄνδρες
3025 3572 3082 3626 δέ
3110 3572 3294 3644 μόνον,
3320 3572 3457 3625 ἀλλά
3478 3572 3573 3626 καὶ
3604 3573 3732 3624 παῖ-

2039 3665 2149 3729 δες.
2180 3665 2291 3718 Kal
2315 3664 2375 3717 οὐ
2398 3662 2460 3717 τὺ
2477 3663 2576 3733 τῆς
2598 3661 2813 3733 ἡλικίας
2833 3661 3033 3731 ἄωρον,
3055 3660 3154 3731 οὐχ
3177 3661 3211 3731 ἡ
3232 3659 3326 3714 τοῦ
3352 3659 3523 3729 δήμου
3558 3657 3732 3732 ῥύμη,

2040 3752 2103 3805 οὐ
2132 3750 2193 3805 τδ
2229 3750 2396 3822 μανίᾳ
2434 3747 2706 3820 δαιμόνων
2743 3746 3160 3819 ἐμπλησθέντας
3201 3757 3225 3786 ο
3258 3745 3431 3801 ταῦτα
3482 3745 3730 3816 ποιῆσαι,

2041 3838 2142 3909 οὐχ
2171 3839 2204 3909 ή
2232 3836 2466 3891 δοκοῦσα
2503 3835 2802 3906 ἀπαίτησις
2841 3835 3118 3906 ἀφόρητος
3157 3830 3317 3895 εἶναι,
3347 3833 3407 3886 οὐ
3448 3832 3633 3896 πενία,
3668 3832 3732 3885 οὐ

2042 3924 2104 3977 τὸ
2136 3926 2288 3995 κοινῇ
2317 3922 2457 3994 μετά
2482 3923 2701 3978 πάντων
2739 3923 3026 3992 ἁμαρτεῖν,
3065 3922 3127 3977 οὐ
3160 3922 3221 3977 τὸ
3254 3920 3592 3991 ὑποσχέσθαι
3627 3937 3735 3991 μη-

2042 4009 2235 4064 δέποτε
2261 4008 2488 4063 τοιαῦτα
2515 4009 2809 4080 τολμήσειν
2833 4007 3040 4074 λοιπὸν,
3061 4008 3161 4063 οὐκ
3189 4007 3319 4065 ἄλλο
3347 4007 3499 4060 οὐδὲν
3532 4005 3734 4068 αὐτοὺς

2043 4096 2181 4160 ὅλως
2210 4095 2461 4160 ἐξείλετο·
2500 4095 2639 4149 ἀλλά
2693 4092 3024 4165 συγγνώμης
3062 4093 3233 4167 χωρὶς
3272 4093 3494 4164 ἀπάσης
3528 4092 3624 4145 ἐπὶ
3671 4090 3735 4144 τὸ

2047 4183 2320 4255 βάραθρον
2364 4182 2661 4254 ἀπήγοντο,
2698 4182 3047 4254 στρατιωτῶν
3093 4181 3337 4237 ἐνόπλων
3384 4179 3735 4252 ἑκατέρωθεν

2044 4269 2245 4332 αὐτοὺς
2275 4268 2649 4341 περιαγόντων
2667 4267 2695 4307 δ
2721 4268 2817 4322 καί¹
2842 4267 3331 4339 παρατηρούντων,
3364 4267 3439 4338 μή
3463 4283 3547 4330 τις
3570 4264 3734 4337 ἐξαρ-

2046 4356 2196 4429 πάσῃ
2244 4356 2371 4419 τοὺς
2422 4355 2777 4418 καταδίκους·
2844 4355 2940 4408 καὶ
2991 4352 3436 4428 παρηκολούθουν
3497 4352 3736 4424 μητέρες

2047 4440 2330 4514 πόρρωθεν
2356 4440 2455 4511 μὲν
2487 4439 2693 4512 δρῶσαι
2722 4440 2849 4504 τούς
2878 4440 3075 4503 παῖδας
3098 4438 3597 4510 ἀποτεμνομένους,
3620 4437 3737 4490 ὀδύ-

2050 4529 2236 4599 ρεσθαι
2260 4528 2317 4581 δέ
2347 4528 2448 4600 τὴν
2478 4527 2767 4599 συμφοράν
2796 4527 2855 4580 οὐ
2886 4526 3191 4596 τολμῶσαι·
3218 4525 3374 4580 ἐνίκα
3402 4524 3513 4597 γὰρ
3540 4525 3601 4578 τὸ
3632 4524 3737 4579 πά-

2047 4613 2138 4677 θος
2169 4616 2197 4667 ό
2232 4612 2415 4683 φόϐος,
2445 4612 2538 4667 καί
2566 4613 2666 4683 τῆς
2688 4611 2902 4681 φύσεως
2927 4610 3219 4683 ἐκράτειτδ
3242 4610 3380 4676 δέος.
3414 4612 3525 4665 Kal
3561 4609 3736 4665 καθά-

2048 4718 2153 4773 περ
2182 4702 2232 4755 οἰ
2262 4702 2388 4764 τοὺς
2442 4700 2814 4769 ναυαγοῦντας
2868 4700 2976 4754 ἀπὸ
3023 4700 3126 4770 γῆς
3149 4698 3389 4772 ὁρῶντες
3420 4698 3732 4771 ἄνθρωποι,

2048 4787 2340 4842 όδυνῶνται
2375 4787 2496 4858 μὲν,
2528 4785 2846 4858 προσελθεῖν
2877 4786 2935 4839 δὲ
2957 4786 3052 4839 καὶ
3082 4784 3361 4850 ἐξελέσθαι
3393 4786 3521 4849 τοὺς
3558 4801 3733 4840 κατα·
3822 4832 3827 4837 .

2050 4873 2472 4945 ποντιξομένους
2508 4872 2610 4926 οὐκ
2665 4871 2912 4944 ἔχουσιν·
2971 4870 3114 4925 οὕτω
3170 4872 3235 4944 δὴ
3305 4871 3405 4943 καί
3475 4871 3733 4937 ἐνταῦθα,

2046 4960 2300 5033 καθάπερ
2352 4959 2459 5013 ὐπὸ
2514 4958 2775 5031 κυμάτων
2831 4958 2996 5013 τινῶν
3050 4958 3127 5030 τῷ
3183 4959 3335 5031 φόϐῳ
3385 4959 3495 5015 τῶν
3572 4976 3739 5031 στρα-

2050 5047 2259 5102 τιωτῶν
2306 5047 2690 5118 ἀνειργόμεναι
2720 5048 2775 5100 αἰ
2820 5046 3073 5117 μητέρες,
3105 5047 3167 5099 οὐ
3202 5048 3362 5118 μόνον
3416 5046 3737 5118 προσελθεῖν

2049 5135 2145 5189 καὶ
2194 5133 2468 5198 ἐξελέσθαι
2506 5135 2605 5204 τῆς
2649 5132 2946 5204 καταδίκης
2994 5134 3193 5197 αὐτοὺς
3246 5133 3348 5187 οὐκ
3397 5133 3731 5204 ἐτόλμησαν,

2050 5216 2187 5271 ἀλλά
2220 5216 2314 5269 καὶ
2352 5213 2622 5284 δακρῦσαι
2671 5215 2903 5269 ἔδεισαν.
2931 5209 3079 5286 τΑρα
3108 5214 3436 5285 στοχάζεσθε
3482 5214 3738 5269 ἐντεῦθεν

2050 5298 2146 5351 τοῦ
2177 5297 2315 5353 Θεοῦ
2342 5298 2440 5369 τὴν
2465 5297 2656 5367 φιλανθ
2668 5298 2898 5368 ρωπίαν,
2930 5296 3051 5361 πῶς
3082 5297 3311 5366 ἀφατος,
3346 5297 3463 5362 πῶς
3484 5298 3734 5371 ἄπειρος,

2053 5383 2170 5447 πῶς
2213 5383 2430 5437 ἅπαντα
2459 5380 2776 5452 ὑπερϐαίνει
2821 5380 3014 5449 λόγον;
3058 5379 3325 5434 Ἐνταῦθα
3368 5380 3468 5451 μὲν
3502 5381 3610 5453 γὰρ
3642 5382 3736 5435 καὶ

2050 5466 2151 5535 τῆς
2177 5465 2349 5536 αὐτῆς
2377 5464 2564 5526 οὐσίας
2588 5466 2617 5517 6
2644 5462 2943 5534 ὑϐρισθεὶς,
2968 5462 3062 5516 καί⁵
3092 5463 3240 5528 ἅπαξ
3262 5462 3356 5516 τοῦ
3384 5463 3584 5526 παντὸς
3604 5466 3735 5535 χρόα

2051 5566 2143 5601 νου
2176 5547 2335 5601 τοῦτο
2369 5547 2625 5613 πέπονθε,
2657 5547 2752 5599 καὶ
2795 5547 2858 5599 οὐ
2909 5547 3031 5599 κατ’
3067 5545 3192 5615 δψιν
3234 5545 3356 5599 οὐδέ
3403 5544 3595 5618 παρὼν
3641 5546 3736 5602 καὶ

2052 5631 2192 5703 ὁρῶν
2226 5630 2323 5683 καὶ
2369 5628 2604 5693 ἀκούων,
2649 5629 2745 5681 καί⁸
2787 5630 2937 5699 ὅμως
2973 5629 3149 5693 οὐδεὶς
3196 5628 3358 5699 ἐτυχε
3402 5627 3737 5701 συγγνώμης

2050 5715 2158 5766 τῶν
2181 5711 2620 5782 τετολμηκότων·
2656 5710 2748 5762 ἐπὶ
2772 5711 2829 5763 δὲ
2864 5708 2957 5764 τοῦ
2985 5708 3118 5763 Θεοῦ
3146 5710 3298 5764 οὐδὲν
3337 5710 3544 5764 τούτων
3588 5710 3739 5767 ἐστιν

2052 5798 2245 5852 εἰπεῖν.
2284 5795 2396 5851 Kal
2429 5794 2538 5866 7&9
2568 5793 2823 5847 τοσοῦτόν
2863 5795 2979 5847 ἐστι
3008 5791 3070 5847 τὸ
3117 5792 3286 5867 μέσον
3314 5791 3605 5870 ἀνθρώπου
3636 5794 3731 5849 καὶ

2115 5933 2141 5963 ο
2167 5931 2293 5980 Tres
2316 5942 2429 5979 mss.
2461 5928 2826 5991 έμπρησθιίντας,

2118 5991 2145 6032 ἀ
2169 5994 2265 6043 Alii
2290 5988 2608 6053 προαγόντων,
2634 5988 2716 6040 alii
2739 5989 2967 6050 ἀγόντων.
