4072 6384
358 393 423 455 87
1127 386 1185 443 S.
1224 383 1514 443 JUANNiS
1545 378 2040 439 CHRYSOSTOMI
2072 371 2391 435 ARCIIIEP.
2425 365 2969 428 CONSTANTINOP.
3005 362 3023 370 ”
3720 352 3787 415 58

356 511 517 575 Θεοῦ,
547 511 669 565 ὅσον
696 505 816 562 οὐδέ
854 499 1011 573 λόγος
1044 500 1388 571 παραστῆσαι
1415 498 1724 569 δυνήσεται,
1767 497 1861 551 καὶ
1895 494 2028 549 καθ’

2122 494 2171 546 εἰ
2204 487 2417 556 καὶτῆς
2451 483 2729 556 παρούσης
2764 481 3005 543 στάσεως
3038 475 3275 541 ἀναίτιος
3298 472 3364 548 ἦν
3390 475 3419 528 6
3452 474 3642 538 ἁλοὺς,
3676 472 3790 526 ἀλλ’

355 556 1049 669 ῐκάστηννῄύϐρνίξεταιιτήν
1077 556 1292 660 ἡμέραν
1343 556 1557 658 παρὼν,
1598 556 1885 654 καὶνόρῶν,
1923 583 2018 636 καὶ
2124 577 2315 646 ἑτέραν
2342 570 2616 669 ἁμαρτίαν
2646 565 2940 669 εἰργάσατό
2960 581 3090 665 ποτε
3126 562 3535 669 χαλεπωῗραν,
3556 556 3688 669 ,εἶτα
3717 558 3792 669 μὴ

354 686 588 748 ἀκούων,
618 683 715 738 καὶ
756 679 879 733 οὔτε
913 677 1153 747 σκηπτὸν
1196 675 1429 744 ἀφῆκεν,
1460 671 1585 727 οὔτε
1612 672 1710 742 τὴν
1754 671 2025 725 θάλατταν

355 776 424 844 τῇ
472 775 542 842 γῇ
577 770 897 841 ἐπιδραμεῖν
928 765 1182 817 ἐκέλευσε
1232 765 1325 817 καὶ
1362 759 1753 817 καταποντίσαι
1797 757 2031 819 πάντας,

357 843 479 913 οὐτε
506 860 572 928 τῇ
603 859 674 927 γῇ
717 853 1018 922 διαστῆναι,
1047 852 1144 903 καὶ
1178 849 1430 913 δέξασθαι
1469 847 1676 909 πάντας
1706 846 1829 907 τούς
1877 843 2031 912 ὑϐρι-

359 944 524 1007 κότας
550 927 901 1013 προσέταξεν,
940 937 1054 992 ἀλλ’
1084 936 1359 1005 ἀνέχεται,
1387 934 1483 991 καὶ
1523 931 1884 1003 μακροθυμεῖ,
1911 927 2026 1000 [46]

360 1030 457 1083 καὶ
491 1025 897 1097 συγγνώσεσθαι
926 1022 1319 1091 ἐπαγγέλλεται
1346 1023 1459 1083 τοῖς
1498 1017 1801 1089 ὐϐρικόσιν,
1833 1016 1898 1069 ἂν
1929 1032 2027 1084 με-

360 1117 660 1186 τανοήσωσι
694 1113 852 1184 μόνον
907 1111 1003 1165 καὶ
1031 1110 1371 1179 ὑπόσχωνται
1407 1106 1602 1177 μηκέτι
1632 1104 1806 1157 ταῦτα
1835 1104 2026 1156 ποιεῖν.

375 1202 614 1271 Ἀληθῶς
654 1214 679 1240 ι
718 1198 970 1269 εὔκαιρον
1016 1196 1111 1251 νῦν
1161 1194 1588 1265 ἀνακηρύττεινο
1629 1192 1727 1257 Τίς
1770 1190 2033 1258 λαλήσει

362 1292 468 1355 τὰς
493 1287 857 1351 δυναστείας
884 1285 990 1339 τοῦ
1021 1284 1278 1351 Κυρίου;
1314 1280 1622 1345 ἀκουστάς
1644 1277 1882 1347 ποιήσει
1918 1275 2032 1329 πά-

367 1393 482 1442 σας
511 1375 615 1440 τὰς
647 1373 910 1437 αἱνέσεις
940 1371 1166 1433 αὑτοῦ;
1221 1370 1382 1427 Πόσοι
1408 1367 1502 1422 τοῦ
1531 1367 1664 1419 Θεοῦ
1699 1366 1797 1428 τὰς
1821 1365 2035 1427 εἰκόνας

364 1464 488 1533 οὐχὶ
532 1462 875 1530 κατήνεγκαν
922 1459 1100 1529 μόνον,
1146 1456 1281 1513 ἀλλά
1320 1456 1411 1510 καὶ
1454 1454 1873 1523 κατεπάτησανς
1906 1453 2035 1504 ὃταν

364 1552 474 1620 γὰρ
510 1550 681 1618 ἀγχης
711 1546 803 1601 τὸν
847 1545 1167 1606 ὑπεύθυνον,
1198 1545 1326 1596 ὅταν
1366 1542 1627 1614 ἀποδύῃς,
1676 1542 1805 1594 ὅταν
1847 1540 2032 1608 ἕλκῃς,

369 1635 460 1689 τοῦ
484 1634 616 1688 Θεοῦ
643 1633 739 1704 τὴν
762 1632 944 1689 εἰκόνα
968 1634 1324 1692 καταπατείς.
1340 1630 1608 1682 Ἄκουσον
1630 1626 1758 1695 γοῦν
1777 1625 1871 1679 τοῦ
1896 1624 2037 1679 Παύ-

372 1721 460 1775 λου
500 1720 768 1787 λέγοντος,
801 1719 882 1771 ὅτι
910 1716 1197 1786 ἄνθρωπος
1234 1716 1335 1768 οὐκ
1374 1714 1576 1782 ὀφείλει
1620 1712 2034 1766 κατακαλύπτε-

371 1805 495 1859 σθαι
537 1804 634 1876 τὴν
661 1804 922 1873 κεφαλὴν,
958 1802 1120 1857 εἰκὼν
1147 1804 1242 1856 καὶ
1279 1802 1405 1867 δόξα
1439 1800 1574 1855 Θεοῦ
1613 1800 1873 1871 ὑπάρχων
1895 1814 1909 1828 ·
1942 1797 2037 1850 καὶ

371 1891 532 1944 πάλιν
566 1890 728 1944 αὐτοῦ
750 1889 844 1943 τοῦ
873 1889 1007 1943 Θεοῦ
1041 1889 1307 1958 λέγοντος
1348 1887 1699 1956 Ποιήσωμεν
1726 1887 2039 1951 ἄνθρωπον

370 1978 497 2031 κατ’
522 1978 722 2031 εἰκόνα
742 1976 1033 2045 ἡμετέραν
1051 1976 1147 2030 καί
1170 1976 1298 2029 καθ’
1326 1974 1629 2043 ὁμοίωσιν.
1651 1974 1745 2025 Ἂν
1777 1972 1833 2024 δὲ
1849 1971 2036 2043 λέγῃς,

373 2065 453 2117 δτι
469 2064 589 2133 οὐχὶ
615 2064 715 2135 τῆς
732 2064 901 2133 αὐτῆς
920 2064 1107 2127 οὐσίας
1133 2064 1161 2116 6
1176 2061 1455 2133 ἄνθρωπός
1474 2058 1681 2128 ἐστιτῷ
1708 2058 1848 2129 Θεῷ,
1867 2059 1962 2112 καί
1984 2058 2038 2113 τί

371 2150 558 2215 τοῦτο;
590 2150 725 2203 Οὐδὲ
747 2149 855 2222 γάρ
879 2152 908 2202 6
937 2149 1136 2220 χαλκὸς
1163 2148 1257 2201 τοῦ
1290 2147 1603 2216 ἀνδριάντος
1630 2146 1728 2217 τῆς
1751 2145 1921 2213 αὐτῆς
1950 2144 2041 2197 οὐ·

378 2237 499 2300 σίας
533 2232 600 2308 ἦν
629 2236 708 2308 τῷ
745 2236 976 2306 βασιλεῖ,
1006 2236 1119 2289 ἀλλ’
1158 2236 1309 2305 ὅμως
1347 2235 1503 2304 δίκην
1538 2233 1725 2286 ἔδοσαν
1762 2234 1810 2284 οἱ
1840 2232 2042 2302 τολμή-

375 2340 600 2385 σαντες·
634 2324 774 2378 ὥστε
822 2323 915 2378 καὶ
954 2323 1046 2379 ἐπὶ
1084 2323 1193 2376 τῶν
1235 2320 1561 2393 ἀνθρώπων,
1600 2322 1648 2374 εἰ
1694 2320 1789 2379 καὶ
1830 2319 1905 2391 μὴ
1945 2321 2043 2389 τῆς

375 2411 547 2481 αὐτῆς
577 2410 763 2473 οὐσίας
789 2410 895 2465 εἰσὶ
922 2409 999 2481 τῷ
1030 2409 1148 2479 Θεῷ
1176 2411 1224 2463 οἰ
1260 2409 1553 2480 ἄνθρωποι,
1577 2407 1765 2475 ῶσπερ
1794 2403 1887 2459 οὖν
1918 2405 2043 2462 οὐδέ

376 2497 536 2561 εἰσιν,
573 2496 687 2551 ἀλλ’
717 2497 865 2566 ὅμως
902 2496 1063 2550 εἰκὼν
1096 2496 1424 2567 ἐκλήθησαν,
1456 2495 1550 2549 καὶ
1584 2494 1673 2547 διά
1730 2495 1828 2565 τὴν
1879 2509 2048 2563 προσ-

378 2584 610 2655 ηγορίαν
635 2582 743 2637 ἔδει
776 2583 939 2653 τιμῆς
962 2582 1253 2639 ἀπολαύειν
1282 2581 1506 2645 αὐτούς·
1531 2583 1592 2634 σὺ
1624 2580 1680 2634 δὲ
1703 2580 1841 2650 ὑπὲρ
1867 2578 2045 2647 ὀλίγου

378 2668 604 2738 χρυσίου
645 2670 997 2731 καταπατεῖς,
1035 2668 1246 2737 ἄγχεις,
1276 2666 1483 2738 σύρεις,
1528 2666 1624 2721 καὶ⁴
1667 2665 1926 2735 οὐδεμίαν
1958 2665 2049 2717 οὐ·

377 2753 524 2806 δέπω
550 2754 705 2825 δίκην
731 2755 933 2817 ἔδωκας
954 2754 1214 2825 τήμερον.

316 2834 379 2924 β
449 2840 490 2891 Γ
493 2840 665 2893 ένοιτο
695 2841 795 2909 μὲν
817 2837 907 2893 οῦν
933 2858 1053 2899 τινα
1081 2840 1323 2924 χρηστὴν
1346 2839 1442 2899 καὶ
1466 2838 1645 2903 δεξιάν
1671 2837 1923 2908 γενέσθαι
1954 2855 2049 2909 με⁸

379 2924 634 2995 ταϐολήν.
678 2926 882 2978 Ἐκεῖνο
930 2926 1110 2994 μέντοι
1159 2923 1407 2994 προλέγω
1452 2925 1543 2984 καὶ
1587 2924 2046 2995 διαμαρτύρομαι,

381 3011 464 3066 ὃτι
498 3013 599 3066 κᾶν
626 3012 783 3066 τοῦτο
815 3014 1057 3086 παρέλθῃ
1081 3014 1141 3067 τὸ
1182 3013 1361 3083 νέφος,
1403 3014 1563 3083 ἡμεῖς
1599 3012 1656 3064 δέ
1698 3013 1791 3065 ἐπὶ
1819 3011 1920 3081 τῆς
1955 3013 2050 3067 αύ-

380 3100 480 3169 τῆς
511 3099 760 3170 μένωμεν
803 3100 1096 3171 ῥᾳθυμίας,
1129 3100 1293 3154 πάλιν
1327 3099 1507 3170 πολλῷ
1537 3098 1892 3169 χαλεπώτερα
1934 3116 2053 3152 πει-

360 3254 363 3257 ἰ
384 3185 587 3254 σόμεθα
608 3186 716 3239 τῶν
737 3186 830 3239 νῦν
862 3187 1326 3257 προσδοκωμένων
1344 3205 1356 3217 ο
1388 3187 1511 3240 ἐπεὶ
1547 3179 1641 3241 καὶ
1667 3186 1761 3239 νῦν
1787 3186 1885 3256 οὐχ
1910 3185 2052 3245 οὕτω

381 3271 595 3327 δέδοικα
608 3274 701 3325 τοῦ
730 3274 991 3343 βασιλέως
1005 3274 1104 3342 τὴν
1121 3274 1311 3346 ὀργὴν,
1339 3274 1414 3338 ὡς
1434 3273 1531 3344 τήν
1555 3274 1824 3345 ὑμετέραν
1843 3272 2053 3331 δέδοικα

385 3358 678 3430 ρᾳθυμίαν.
702 3361 776 3412 Οὐ
802 3359 910 3429 γὰρ
932 3360 995 3430 δὴ
1025 3360 1086 3414 τὸ
1109 3359 1417 3413 λιτανεῦσαι
1439 3358 1531 3412 δύο
1554 3360 1647 3412 καὶ
1669 3362 1816 3430 τρεῖς
1841 3360 2053 3430 ἡμέρας

383 3446 547 3516 ἀρκεῖ
574 3448 652 3509 είς
694 3444 988 3515 ἀπολογίαν
1020 3449 1177 3516 ἡμῖν,
1211 3447 1325 3501 ἀλλ’
1359 3446 1651 3517 ὁλοκλήρου
1690 3446 1772 3499 δεῖ
1810 3445 1904 3498 τοῦ
1934 3446 2051 3517 βίου

384 3530 712 3602 ποιήσασθαι
738 3532 838 3601 τὴν
880 3531 1202 3602 μεταϐολὴν,
1233 3533 1328 3585 καὶ
1353 3532 1452 3600 τῆς
1495 3532 1759 3601 πονηρίας
1784 3532 2056 3585 ἀποστάν-

386 3632 486 3679 τας
528 3617 711 3687 μένειν
740 3618 834 3669 ἐπὶ
861 3618 961 3687 τῆς
1003 3612 1204 3688 ἀρετῆς
1246 3616 1528 3687 διηνεκῶς.
1564 3616 1832 3686 Καθάπερ
1861 3617 1968 3688 γάρ
2003 3619 2052 3670 οί

384 3702 686 3767 νοσοῦντες,
726 3702 791 3756 ἂν
821 3701 895 3773 μὴ
938 3701 1230 3765 διαπαντὸς
1282 3701 1634 3765 εὐτακτῶσιν,
1678 3702 1829 3756 οὐδὲν
1870 3703 2070 3769 αὐτοῖς’

384 3788 577 3858 δφελος
601 3789 702 3860 τῆς
720 3790 880 3861 μέχρι
900 3789 1067 3860 τριῶν
1095 3790 1129 3861 ἢ
1156 3790 1435 3861 τεσσάρων
1456 3790 1676 3861 ἡμερῶν
1704 3790 2019 3860 φιλοσοφίας
2035 3807 2050 3821 ⁸

386 3875 531 3929 οὕτω
568 3877 661 3929 καὶ
690 3878 737 3930 oi
769 3876 1194 3947 ἁμαρτάνοντες,
1233 3875 1298 3931 ἂν
1336 3876 1411 3949 μὴ
1441 3877 1730 3940 διαπαντὸς
1761 3878 2054 3949 σωφρονῶ-

389 3978 496 4027 σιν,
528 3963 678 4015 οὐδέν
706 3963 887 4025 αὐτοῖς
926 3961 1076 4015 ἔσται
1106 3963 1268 4016 πλέον
1308 3964 1415 4017 ἀπὸ
1441 3965 1544 4035 τῆς
1568 3962 1905 4035 διορθώσεως
1944 3965 2054 4022 τῶν

384 4050 481 4104 δύο
510 4051 600 4104 καὶ
626 4051 792 4122 τριῶν
832 4049 1073 4121 ἡμερῶν.
1108 4050 1318 4123 Ὠσπερ
1348 4052 1475 4123 γάρ,
1520 4053 1707 4123 φησὶν,
1733 4055 1761 4106 6
1788 4053 2053 4123 βαπτιζόο

392 4155 570 4203 μενος,
611 4133 729 4191 εἷτα
782 4139 838 4189 ἐν
868 4135 946 4206 τῷ
989 4135 1232 4207 βορϐόρῳ
1274 4137 1633 4209 μολυνόμενος
1682 4140 1863 4203 πάλιν,
1903 4141 2054 4196 οὐδὲν

391 4220 664 4290 ὠφέλησεν
681 4237 694 4250 °
729 4222 901 4285 οὕτως
927 4224 955 4275 6
979 4224 1127 4292 τρεῖς
1148 4223 1362 4292 ἡμέρας
1388 4228 1744 4296 μετανοήσας,
1773 4227 1868 4279 καὶ
1891 4227 2054 4282 πάλιν

388 4304 483 4357 ἐπὶ
506 4305 572 4357 τά
604 4306 843 4379 πρότερα
871 4306 1198 4373 ἐπανελθὼν,
1231 4308 1381 4375 οὐδὲν
1412 4311 1703 4379 εἰργάσατο
1727 4312 1908 4365 πλέον.

458 4391 551 4460 Μὴ
579 4391 755 4445 τοίνυν
787 4393 922 4464 ὅπερ
951 4392 1038 4446 ἀεὶ
1067 4392 1349 4463 ποιοῦμεν,
1379 4394 1537 4447 τοῦτο
1567 4396 1660 4449 καὶ
1683 4395 1778 4449 νῦν
1820 4397 2055 4467 ποιήσω-

389 4493 514 4548 μενο
568 4477 661 4531 καὶ⁵
717 4476 827 4548 γάρ
880 4477 1119 4550 σεισμῶν
1170 4477 1430 4544 πολλάκις
1491 4481 1905 4534 καταλαϐόντων
1958 4480 2054 4535 καὶ

389 4561 548 4633 λιμοῦ
586 4563 679 4617 καὶ
718 4562 951 4634 αὐχμοῦ,
989 4566 1141 4634 τρεῖς
1171 4565 1265 4618 καί¹
1290 4568 1561 4637 τέσσαρας
1594 4566 1810 4638 ἡμέρας
1842 4585 2053 4639 σωφρο-

389 4650 661 4714 νισθέντες
706 4651 800 4703 καὶ
844 4651 1238 4722 ἐπιεικέστεροι
1284 4653 1602 4724 γενόμενοι,
1641 4654 1801 4709 πάλιν
1852 4656 1945 4707 ἐπὶ
1985 4654 2055 4708 τά

300 4778 303 4779 ν
390 4735 631 4808 πρότερα
673 4736 1071 4808 ἐπανήλθομεν·
1102 4737 1194 4792 νδιά
1214 4739 1371 4793 τοῦτο
1410 4740 1701 4794 καὶταῦτα
1738 4742 2050 4812 γεγένηται.

391 4823 532 4876 Ἀλλ’
549 4825 597 4876 εἰ
623 4825 715 4876 καὶ
738 4823 812 4895 μὴ
839 4824 1121 4895 πρότερον,
1147 4824 1241 4879 νῦν
1262 4826 1391 4895 γοῦν
1418 4828 1511 4881 ἐπὶ
1530 4829 1629 4898 τῆς
1654 4828 1827 4898 αὐτῆς
1860 4828 2055 4898 μείνω-

393 4926 496 4981 μεν
522 4909 824 4976 εὐλαϐείας,
856 4912 949 4964 καὶ
973 4911 1071 4982 τὴν
1091 4912 1261 4983 αὐτὴν
1288 4912 1587 4967 ἐπιείκειαν
1613 4906 2052 4988 διατηρήσωμεν,

392 4996 481 5050 ῖνα
528 4996 602 5067 μὴ
644 4994 801 5048 πάλιν
847 4996 1039 5068 ἐτέρας
1076 4997 1356 5069 δεηθῶμεν
1402 5000 1633 5071 πληγῆς.
1682 5001 1773 5071 Μὴ
1802 5003 1909 5074 γάρ
1957 5005 2056 5057 οὐκ

388 5078 621 5148 ἠδύνατο
651 5079 890 5134 κωλῦσαι
924 5081 993 5133 τά
1023 5082 1364 5153 γεγενημένα
1397 5083 1427 5135 6
1453 5083 1618 5149 Θεός;
1646 5082 1787 5137 Ἀλλ’
1820 5085 2052 5156 ἀφῆκεν,

388 5161 479 5215 ῖνα
520 5163 646 5224 τοὺς
695 5163 1169 5233 καταφρονοῦντας
1216 5164 1380 5218 αὐτοῦ
1420 5166 1478 5219 ἐν
1518 5165 1596 5236 τῷ
1634 5165 1729 5219 τοῦ
1770 5167 2053 5222 συνδούλου

390 5244 541 5316 φόϐῳ
576 5247 1048 5318 σωφρονεστέρους
1097 5248 1420 5320 ἐργάσηται.
1467 5249 1579 5303 Καὶ
1615 5250 1688 5321 μή
1731 5266 1820 5320 μοι
1851 5251 2056 5320 λεγέτω

387 5342 491 5389 τις,
536 5328 619 5380 ὅτι
656 5328 840 5383 πολλοὶ
884 5328 994 5382 τῶν
1019 5329 1046 5368 ι
1074 5331 1266 5385 αἰτίων
1312 5330 1588 5400 διέφυγον,
1634 5331 1817 5385 πολλοὶ
1845 5333 1902 5386 δὲ
1946 5334 2055 5387 τῶν

388 5407 645 5463 ἀναιτίων
699 5411 984 5467 ἐνέπεσον’
1032 5415 1125 5466 καὶ
1170 5412 1280 5484 γάρ
1333 5412 1493 5466 τοῦτο
1542 5411 1754 5465 πολλῶν
1795 5414 2055 5481 πολλάκις
2096 5415 2108 5427 ’

388 5487 571 5541 ἀκούω
599 5490 885 5560 λεγόντων,
915 5494 1015 5548 οὐκ
1049 5495 1141 5547 ἐπὶ
1160 5495 1261 5566 τῆς
1291 5494 1575 5567 παρούσης
1598 5497 1838 5560 στάσεως
1871 5497 2050 5567 μόνον,

390 5569 645 5650 ἀλλάῂκαί
671 5575 729 5626 ἐν
761 5575 976 5646 ἑτέραις
1004 5576 1123 5650 [47]
1141 5577 1358 5642 πολλαῖς
1380 5577 1659 5642 τοιαύταις
1677 5580 2052 5649 περιστάσεσι.

390 5651 455 5705 Τί
491 5649 582 5707 οὗν
602 5654 667 5709 ἀν
689 5657 899 5729 εῐποιμι
935 5660 1068 5732 πρὸς
1101 5649 1226 5725 τοὺς
1254 5661 1321 5715 τά
1349 5661 1574 5716 τοιαῦτα
1608 5662 1897 5731 λέγοντας;
1932 5665 2056 5718 Ὅτι

452 5777 479 5806 ⁸
499 5779 647 5846 Savil:
668 5784 727 5846 ej.
749 5794 877 5846 [lpus
905 5782 1119 5846 εὔκαιρον
1154 5782 1235 5831 νῦν
1280 5785 1561 5846 ἀνακραγεῖν
1600 5782 1650 5846 (σ-
1682 5784 1808 5837 forte
1848 5785 2054 5837 rectius.

454 5801 647 5827 “vanu.
668 5801 727 5829 eL
749 5801 877 5830 unus
905 5801 1119 5846 ευκαιρον
1154 5801 1235 5831 νυν
1280 5801 1402 5832 ανακ
1494 5802 1561 5834 ειν
1600 5801 1644 5843 μ
1682 5801 1737 5835 lo}

390 5837 531 5911 Ῑὶιξιηζ
560 5842 897 5911 ﬂaminum!
917 5844 1073 5911 ἕλκῃς,
1096 5801 1551 5911 ὅταν-ῃταὸἔλῖῃς,
1570 5844 1656 5911 τοῦ
1680 5849 1737 5895 Θ.

450 5899 651 5972 ﬁSavil.
673 5908 726 5972 ei.
748 5903 919 5972 More]:
937 5899 1122 5972 αῖτίῖᾠν,
1141 5908 1225 5972 _a|ii
1243 5899 1624 5971 ὐπαιτίωνξὲίυε
1647 5910 1885 5961 lectiones
1904 5908 2057 5959 ambae

391 5962 576 6027 optime
597 5964 843 6025 quadram.
877 5963 1000 6015 Ibid.
1025 5962 1115 6015 alii
1135 5968 1374 6019 ἑνέπεσαν.

2130 644 2615 734 μεταϐαλλόμενος,
2654 658 2711 709 ἐν
2757 656 2823 724 τῇ
2852 651 3103 723 παρούσῃ
3137 651 3292 720 δίκην
3326 647 3516 701 ἔδωκε.
3553 647 3660 734 καὶ
3688 644 3795 734 γάρ

2127 732 2244 812 ἔθος
2280 748 2358 817 τῷ
2388 746 2507 815 Θεῷ
2548 742 2707 797 τοῦτο
2748 743 2941 796 ποιεῖν·
2977 740 3105 792 ὅταν
3153 737 3491 807 ἀμάρτωμεν
3512 772 3527 798 ,
3561 733 3662 787 οὐκ
3704 732 3796 783 εὐ·-

2128 836 2263 899 θέως
2296 834 2647 904 ἐπεξέρχεται
2679 842 2700 868 ο
2738 832 2848 892 τοῖς
2889 824 3390 896 πλημμελήμασιν,
3424 820 3539 874 ἀλλ’
3578 819 3792 889 ἀνίησι,

2129 923 2303 985 διδοὺς
2345 923 2474 992 ήμῖν
2502 918 2840 990 προθεσμίαν
2886 912 3192 985 μετανοίαςδ
3223 910 3365 964 ὥστε
3401 906 3796 979 διορθώσασθαι

2131 1013 2224 1067 καὶ
2275 1006 2684 1080 μεταϐαλέσθαι·
2745 1005 2811 1057 ἂν
2865 1002 2919 1055 δὲ
2967 1000 3053 1053 διὰ
3090 999 3150 1052 τὸ
3175 998 3251 1068 μὴ
3295 996 3478 1051 δοῦναι
3514 994 3688 1064 δίκην,
3714 1010 3799 1046 νο-

2136 1099 2391 1168 μίσαντες
2431 1094 2525 1148 καὶ
2569 1093 2630 1146 τὸ
2673 1090 2974 1162 ἁμάρτημα
3014 1085 3347 1159 ἐξηλεῖφθαι.
3379 1081 3801 1168 καταφρονήσω-

2138 1165 2258 1256 μεν,
2288 1184 2418 1236 ἔνθα
2446 1182 2543 1250 οὐχ
2572 1177 2925 1245 ὑπονοοῦμεν,
2961 1177 3076 1228 ἐκεῖ
3112 1172 3247 1243 μετὰ
3281 1171 3454 1224 ταῦτα
3484 1165 3805 1236 ἀλωσόμεθα.

2135 1252 2373 1333 πάντως.
2398 1268 2567 1321 Τοῦτο
2605 1266 2662 1319 δὲ
2686 1265 2915 1333 γίνεται,
2941 1262 3029 1314 ἴνα
3060 1261 3186 1314 ὅταν
3217 1259 3571 1329 ἀμάρτωμεν,
3603 1254 3697 1307 καὶ
3728 1252 3802 1323 μὴ

2137 1355 2509 1425 κολασθῶμεν,
2556 1354 2630 1423 μὴ
2676 1351 3059 1421 θαρσήσωμεν,
3110 1345 3176 1400 ἂν
3227 1346 3301 1416 μὴ
3349 1340 3797 1414 μεταϐαλώμεθα,

2136 1444 2331 1507 εἰδότες
2379 1442 2461 1495 ὃτι
2507 1439 2632 1492 ἔνθα
2683 1438 2743 1490 οὐ
2779 1433 3187 1506 προσδοκῶμεν,
3232 1426 3624 1502 ἐμπεσούμεθα
3668 1426 3802 1485 πάν-

2135 1546 2263 1592 τως.
2296 1529 2482 1589 Ὦστε,
2530 1525 2595 1578 ἂν
2648 1523 2973 1593 άμαρτήσῃς
3011 1523 3072 1581 ι’,
3119 1519 3214 1572 καὶ
3255 1517 3328 1587 μὴ
3376 1513 3669 1584 κολασθῇς,
3730 1511 3803 1582 μὴ

2137 1614 2587 1685 καταφρονήσῃς,
2615 1608 2894 1678 ἀγαπητέ·
2927 1606 3062 1659 ἀλλά
3100 1605 3164 1658 δι’
3198 1603 3328 1657 αὐτὸ
3353 1601 3511 1655 τοῦτο
3545 1599 3803 1669 μειζόνως

2137 1701 2423 1771 φοϐήθητι,
2454 1697 2607 1767 εἰδὼς
2636 1698 2714 1750 ὅτι
2748 1694 2944 1761 κοῦφον
2973 1692 3048 1762 τῷ
3064 1691 3201 1762 Θεῷ,
3236 1692 3363 1744 ὅταν
3397 1688 3547 1763 θέλῃ,
3582 1688 3808 1741 ἀνταπο·

2136 1786 2317 1841 δοῦναι
2370 1785 2551 1840 πάλιν.
2619 1783 2717 1836 Διά
2761 1780 2917 1845 τοῦτο
2980 1779 3088 1850 γάρ
3126 1778 3243 1832 τότε
3279 1794 3337 1829 σε
3383 1777 3483 1829 οὐκ
3526 1773 3803 1833 ἐκόλασεν,

2140 1874 2228 1929 ἵνα
2270 1872 2441 1943 λάϐῃς
2490 1868 2826 1943 προθεσμίαν
2862 1866 3169 1938 μετανοίας..
3207 1863 3298 1934 Μὴ
3324 1863 3501 1916 τοίνυν
3536 1861 3804 1943 λέγωμεν,

2138 1961 2220 2016 ὅτι
2254 1942 2489 2020 ἀναίτιος
2519 1956 2594 2011 ὣν
2624 1954 2879 2008 ἐνέπεσεν
2921 1952 2949 2003 ὁ
2986 1952 3133 2005 δεῖνα
3157 1991 3171 2015 ,
3206 1949 3392 2021 ἕτερος
3425 1947 3480 2000 δέ
3518 1945 3688 2007 αἴτιος
3731 1942 3807 1996 ὣν

2139 2046 2410 2115 διέφυγεν’
2451 2045 2479 2097 ὅ
2507 2060 2566 2096 τε
2594 2042 2700 2112 γάρ
2730 2039 2966 2103 ἀναίτιος
2993 2037 3266 2108 ἐμπεσὼν,
3291 2035 3480 2105 ὥσπερ
3504 2033 3660 2101 ἔφην,
3692 2029 3808 2085 ἐτέ-

2145 2152 2251 2206 ρων
2297 2131 2706 2204 ἁμαρτημάτων
2753 2128 2919 2181 έδωκε
2941 2126 3118 2196 δίκην,
3165 2125 3193 2177 ὅ
3232 2141 3293 2177 τε
3324 2121 3419 2176 νῦν
3450 2133 3471 2160 θ
3504 2116 3806 2206 διαφυγών,

2143 2205 2235 2274 ἐάν
2268 2220 2342 2290 μὴ
2378 2216 2767 2290 μεταϐάληται,
2797 2214 2876 2276 είς
2922 2211 3113 2284 ἑτέραν
3141 2209 3409 2264 ἁλώσεται
3451 2207 3676 2275 παγίδα,
3711 2205 3809 2290 Ἂν

2142 2308 2283 2361 οὓτω
2312 2289 2742 2374 διακεισώμεθα,
2783 2300 3037 2357 οὐδέποτε
3076 2297 3184 2352 τῶν
3231 2297 3442 2351 οἰκείων
3481 2289 3810 2363 ἁμαρτημά-

2143 2411 2250 2447 των
2289 2391 2683 2462 ἐπιλησόμεθα,
2733 2387 2848 2441 ἀλλ¹
2888 2386 2974 2440 ἀεὶ
3007 2384 3325 2446 δεδοικότες,
3364 2380 3681 2452 τρέμοντες,
3736 2376 3809 2462 μή

2144 2496 2274 2532 ποτε
2293 2476 2615 2547 ὑπόσχωμεν
2630 2474 2804 2545 δίκην,
2817 2468 3359 2543 ἀναμνησθησώμεθα
3375 2466 3582 2537 ταχέως
3612 2461 3808 2518 αὐτῶν.

2146 2570 2310 2623 Οὐδὲν
2365 2567 2475 2637 γάρ
2500 2565 2671 2629 οὕτως
2702 2563 2975 2635 ἁμαρτίας
3012 2559 3445 2636 ἀναμιμνήσκειν
3479 2553 3670 2608 εἴωθεν
3691 2591 3705 2615 ,
3735 2550 3811 2613 ὡς

2144 2631 2494 2729 τιμωρία-καὶ
2514 2631 2753 2714 κόλασιςλ
2773 2631 3040 2703 καὶτοῦτο
3060 2646 3215 2716 δῆλον
3238 2631 3353 2698 ἀπδ
3368 2642 3474 2696 τῶν
3503 2639 3595 2702 τοῦ
3614 2637 3812 2729 Ἰωσὴφ

2146 2722 2414 2812 ἀδελφῶν.
2442 2739 2665 2810 Ἐπειδὴ
2697 2736 2804 2809 γὰρ
2844 2735 3102 2788 ἀπέδοντο
3130 2730 3326 2786 ἐκεῖνοι
3354 2730 3443 2809 τὸν
3471 2722 3815 2812 δίκαιον,-καὶ

2149 2830 2243 2902 ἔτη
2273 2806 2399 2901 τρία
2426 2828 2519 2881 καὶ
2540 2806 2673 2880 δέκα
2696 2806 2996 2895 παρῆλθεν,
3032 2806 3427 2879 ὑποπτεύοντες
3471 2810 3812 2902 κολάζεσθαι,

2149 2897 2244 2973 καί
2294 2897 2557 2991 περὶτῶν
2612 2914 2855 2985 ἐσχάτων
2898 2909 3228 2973 δεδοικότες,
3260 2903 3677 2991 ἀνεμνήσθησαν
3712 2897 3816 2991 τῆς

2148 2985 2438 3075 ἁμαρτίας,
2469 3003 2563 3056 καὶ
2589 3002 2723 3073 πρὸς
2746 2998 3008 3068 ἀλλήλους
3032 2996 3235 3063 ἔλεγον·
3261 2993 3395 3054 Ναί,
3422 2990 3490 3043 ἐν
3511 2985 3818 3075 ἁμαρτίαις

2148 3074 2260 3163 γάρ
2275 3093 2460 3161 ἐσμεν
2483 3090 2615 3158 περὶ
2641 3089 2747 3141 τοῦ
2773 3085 3038 3154 ἀδελφοῦ
3065 3082 3233 3153 ήμᾶψ
3255 3080 3360 3135 τοῦ
3386 3077 3626 3163 Ἰωσήφ.
3657 3074 3818 3163 Ὁρᾷς

2151 3160 2267 3240 πῶς
2295 3178 2323 3229 ὁ
2348 3160 2516 3243 φόϐος
2549 3173 2849 3244 ἀνέμνησεν
2889 3170 3086 3233 αὐτοὺς
3127 3168 3228 3237 τῆς
3271 3161 3647 3235 πλημμελείας
3676 3160 3819 3212 ἐκεί-

2151 3278 2278 3332 νης;
2317 3260 2426 3315 Καὶ
2466 3260 2555 3313 ὅτε
2601 3260 2699 3329 μὲν
2740 3256 3072 3328 ἡμάρτανον,
3118 3256 3220 3306 οὐκ
3265 3250 3578 3321 ᾐσθάνοντο·
3625 3248 3717 3300 ὅτε
3764 3245 3820 3298 δέ

2152 3346 2476 3411 κολάζεσθαι
2514 3344 2943 3416 προσεδόκησαν,
2982 3341 3103 3415 τότε
3137 3336 3578 3408 ἀνεμνήσθησαν.

2224 3433 2388 3487 Ταῦτ’
2411 3429 2504 3487 οὖν
2537 3432 2737 3495 εἰδότες
2778 3430 3012 3493 ἅπαντα,
3051 3423 3403 3496 ποιησώμεθα
3448 3421 3542 3474 τοῦ
3585 3418 3699 3490 βίου
3728 3433 3821 3488 με-

2151 3520 2380 3593 ταϐολὴν
2416 3520 2511 3574 καλ¹
2533 3519 2836 3591 διόρθωσιν,
2862 3516 2956 3571 καὶ
2982 3514 3088 3587 πρὸ
3109 3514 3205 3584 τῆς
3228 3509 3549 3593 ἀπαλλαγῆς
3578 3506 3676 3576 τῆς
3704 3508 3822 3558 ἐπι-

2154 3588 2411 3679 κειμένης
2468 3588 2703 3674 ἀγωνίας
2758 3603 2896 3675 ὑπὲρ
2951 3599 3236 3661 εὐλαϐείας
3291 3597 3385 3651 καὶ
3436 3588 3634 3667 ἀρετῆς
3656 3609 3820 3662 φρον-

2152 3696 2408 3765 τίσωμεν.
2450 3693 2561 3746 Καὶ
2593 3692 2729 3756 τέως
2757 3694 2905 3762 τρεῖς
2934 3686 3149 3750 ἐντολάς
3181 3686 3311 3756 ὑμῖν
3338 3680 3821 3753 παρακαταθέσθαι

2156 3781 2435 3853 βούλομαι,
2470 3782 2554 3833 ἴνα
2605 3796 2695 3850 μοι
2742 3777 2945 3840 ταύτας
2983 3775 3076 3828 ἐπὶ
3102 3773 3201 3844 τῆς
3237 3769 3490 3842 νηστείας
3542 3766 3822 3839 κατορθώι

2156 3884 2307 3938 σητεο
2342 3867 2402 3919 τὸ
2431 3862 2634 3936 μηδένα
2662 3863 2847 3924 κακῶς
2878 3862 3077 3931 λέγειν,
3101 3860 3162 3912 τὸ
3198 3858 3402 3929 μηδένα
3427 3855 3620 3934 ἐχθρὸν
3655 3855 3820 3924 ἔχειν,

2152 3956 2213 4010 τὸ
2239 3954 2468 4009 καθόλου
2498 3955 2677 4006 πᾶσαν
2707 3954 2771 4005 ἐκ
2803 3949 2897 4004 τοῦ
2939 3948 3203 4019 στόματος
3229 3944 3498 3999 ἀπελάσαι
3534 3942 3633 4011 τὴν
3658 3957 3824 4011 πονη-

2156 4036 2257 4108 ράν
2301 4035 2410 4089 τῶν
2444 4035 2623 4106 ὅρκων
2669 4032 2975 4103 συνήθειαν.
3009 4028 3120 4082 Καὶ
3159 4026 3410 4097 καθάπερ
3442 4024 3662 4108 ἐπειδάν
3699 4040 3825 4095 χρυο

2132 4107 2270 4171 ’σίον
2326 4114 2613 4185 ἐπιϐληθέν
2641 4112 2961 4183 ἀκούσωμεν
2984 4152 3000 4178 ,
3029 4109 3205 4165 ἀπιὼν
3232 4109 3413 4162 οἴκαδε
3450 4107 3700 4170 ἕκαστος,
3730 4108 3824 4160 καὶ

2153 4199 2251 4271 τὴν
2278 4201 2509 4268 γυναῖκα
2548 4196 2783 4259 καλέσας
2814 4196 2905 4248 καὶ
2939 4194 3008 4247 τά
3033 4194 3202 4247 τέκνα
3231 4191 3252 4231 ί
3278 4192 3374 4245 καὶ
3410 4190 3539 4253 τοὺς
3584 4189 3823 4254 οἰκέτας,

2157 4285 2350 4336 σκοπεῖ
2368 4282 2485 4351 μετ’
2508 4280 2730 4333 ἐκείνων
2758 4279 2851 4331 καὶ
2888 4276 3219 4347 βουλεύεται,
3251 4274 3413 4328 πόθεν
3442 4273 3542 4344 τὴν
3563 4272 3825 4342 εἰσφοράν

2155 4364 2434 4434 καταϐάλῃ
2462 4361 2686 4431 ταύτηνο
2708 4360 2850 4413 οὕτω
2882 4360 2977 4412 καὶ
3004 4358 3098 4412 ἐπὶ
3123 4356 3232 4411 τῶν
3254 4354 3480 4409 ἐντολῶν
3505 4357 3820 4424 ποιήσωμεν

2153 4447 2355 4500 τούτων
2379 4446 2486 4498 τῶν
2519 4440 2918 4513 πνευματικῶν.
2948 4439 3333 4510 Ἀναχωρήσας
3376 4436 3557 4490 οἴκαδε
3591 4436 3824 4498 ἕκαστος

2154 4527 2387 4580 καλείτω
2423 4526 2519 4596 τὴν
2566 4527 2796 4593 γυναῖκα
2834 4522 2928 4576 καὶ
2977 4521 3047 4573 τά
3092 4520 3306 4583 παιδία,
3339 4519 3431 4571 καὶ
3481 4516 3684 4584 λεγέτω
3732 4518 3816 4570 ὅτι

2155 4609 2385 4680 εἰσφορά
2412 4607 2684 4678 ἐπεϐλήθη
2723 4602 3070 4674 πνευματικὴ
3101 4602 3339 4671 τήμερον
3357 4642 3371 4665 ,
3402 4599 3630 4669 εἰσφορά
3654 4599 3718 4651 δι’
3746 4596 3816 4672 ἧς

2156 4692 2306 4746 ἔσται
2326 4710 2408 4757 τις
2426 4692 2577 4755 λύσις
2603 4690 2709 4744 τῶν
2728 4687 2912 4742 δεινῶν
2932 4684 3135 4738 τούτων
3158 4683 3249 4737 καὶ
3270 4681 3577 4752 ἀπαλλαγὴ,
3597 4683 3826 4753 εἰσφορά

2155 4777 2276 4847 οὐχὶ
2303 4776 2539 4846 πένητας
2571 4775 2697 4835 τοὺς
2727 4768 3164 4829 καταϐάλλοντας
3184 4805 3197 4830 ,
3235 4764 3372 4818 ἀλλά
3395 4764 3826 4833 πλουσιωτέρους

2156 4858 2404 4922 ποιοῦσα,
2429 4856 2546 4929 [48]
2570 4855 2709 4908 ὥστε.
2746 4853 2950 4924 μηδένα
2979 4850 3171 4920 ἐχθρὸν
3212 4849 3379 4919 ἔχειν,
3405 4848 3610 4919 μηδένα
3639 4848 3826 4914 κακῶς

2155 4940 2355 5009 λέγειν,
2393 4939 2526 5011 μηδὲ
2560 4936 2785 5008 ὀμνύναι
2818 4934 3068 4988 καθόλου.
3095 4933 3490 5001 Σκοπήσωμεν,
3523 4931 3824 5001 φροντίσω-

2159 5040 2283 5095 μεν,
2326 5019 2762 5095 βουλευσώμεθα,
2812 5018 2959 5082 ὃπως
3010 5013 3454 5095 ἐκπληρώσωμεν
3478 5012 3583 5095 τὰς
3606 5013 3825 5076 ἐντολάς

2155 5093 2376 5169 ταύτας
2408 5106 2585 5158 πᾶσαν
2622 5098 3058 5169 εἰσενεγκώμεθα
3095 5095 3327 5166 σπουδὴν
3347 5133 3363 5159 ,
3405 5093 3670 5165 ἀλλήλους
3700 5095 3826 5148 61:0-

2160 5188 2469 5259 μνήσωμεν,
2507 5184 2765 5256 ἀλλήλους
2801 5178 3242 5252 διορθωσώμεθα,
3281 5177 3369 5259 ἵνα
3400 5175 3476 5259 μὴ
3516 5176 3823 5259 ὀφείλοντες

2157 5257 2481 5340 ἀπέλθωμεν
2520 5270 2654 5331 ἐκεῖ,
2712 5262 2831 5318 εἶτα
2882 5263 3123 5332 δεόμενοι
3174 5257 3519 5340 δανείσασθαι
3554 5258 3684 5329 παρ’
3716 5257 3822 5310 ἐτέ-

2162 5368 2288 5415 οων,
2316 5338 2395 5421 μή
2423 5350 2484 5403 τὸ
2506 5350 2611 5403 τῶν
2635 5347 2918 5418 παρθένων
2946 5344 3204 5414 πάθωμεν
3225 5339 3333 5394 τῶν
3359 5338 3581 5410 μωρῶν,
3608 5340 3701 5401 καὶ
3723 5340 3822 5409 τῆς

2157 5433 2426 5487 ἀθανάτου
2452 5432 2722 5503 σωτηρίας
2744 5431 3083 5499 ἐκπέσωμεν.
3105 5428 3201 5480 Ἂν
3224 5424 3366 5478 οῦτω
3386 5423 3476 5477 τὸν
3500 5423 3705 5477 ἑαυτῶν
3729 5424 3824 5492 ῥυ·

2158 5515 2440 5587 θμίζωμεν
2484 5501 2617 5585 βίον,
2653 5512 2899 5565 ἐντεῦθεν
2934 5513 3060 5582 ὑμῖν
3087 5508 3372 5578 ἐγγυῶμαι
3406 5505 3500 5559 καὶ
3534 5501 3823 5573 ὑπισχνοῦ-

2160 5616 2279 5669 μαι,
2315 5586 2397 5653 ὅτι
2437 5601 2531 5652 καὶ
2556 5600 2580 5638 8
2602 5596 2699 5666 τῆς
2728 5594 3005 5666 παρούσης
3040 5591 3324 5663 συμφορᾶς
3360 5588 3509 5642 ἔσται
3530 5604 3612 5650 τις
3646 5586 3823 5652 λύσις,

2222 5724 2245 5752 ο
2269 5720 2352 5771 Sic
2375 5728 2476 5771 tres
2496 5735 2607 5769 mss.
2637 5720 2768 5770 Editi
2788 5731 2904 5767 vero
2922 5717 3237 5777 ὑπεξέρχεται.

2225 5781 2252 5845 ‘1
2275 5785 2369 5833 Αιίί
2394 5784 2620 5845 ἁμάρτῃςε

2229 5836 2252 5863 °
2269 5845 2367 5893 Alii
2393 5836 2678 5892 δ’τέδὲνῡν.

2225 5903 2246 5941 ῐ
2272 5903 2423 5953 Savil.
2446 5910 2499 5952 et,
2522 5905 2715 5965 quidam
2750 5902 2830 5949 alii
2855 5901 2933 5965 mi
2957 5899 3016 5945 τὰ.
3037 5896 3215 5965 παιδία.
3248 5956 3259 5965 _
3342 5957 3352 5965 Α
3398 5902 3462 5965 ’1η

2226 5967 2252 6007 ι
2272 5948 2738 6027 ‘s'éi-ii.'éfpii;}ami
2753 5948 2877 6011 θυι...
2903 5963 2966 6015 ὡς
2987 5958 3085 6017 καί,
3111 5956 3279 6006 Morel.
3308 5957 3359 6004 el.
3380 5948 3463 6002 am
3491 5952 3559 6003 an
3582 5948 3686 5999 καί.
