4072 6384
352 398 422 450 37
1277 395 1367 447 AD
1413 391 1732 450 POPULUM
1765 391 1930 449 ANTIt

2040 389 2247 447 IENUM
2290 388 2517 445 ιιοδιιι.
2579 388 2661 443 III.
3557 388 3625 443 53

353 524 478 562 sens
503 516 557 561 et
590 506 770 560 ridens
796 514 848 560 et
875 504 1099 559 audiens
1118 546 1132 571 ,
1160 512 1215 559 et
1254 519 1425 573 neque
1454 503 1652 559 fulmen
1695 504 1929 562 immisit.

356 614 528 670 neque
552 613 699 652 mare
720 597 880 667 jussit
906 607 1098 651 terram
1129 596 1386 650 inundare
1411 604 1465 651 et
1487 610 1674 650 omnes
1699 596 1938 649 submer-

353 704 482 760 gere
501 730 514 752 ,
553 702 723 757 neque
752 698 948 741 terram
982 685 1128 741 hiare
1149 727 1162 749 ,
1195 695 1247 741 et
1279 693 1625 740 temeratores
1652 684 1940 739 absorbere

356 780 645 843 mandavit,
674 779 767 833 sed
800 779 1005 841 tolerat,
1034 789 1086 833 et
1112 778 1481 849 longanimiter
1506 779 1630 847 agit,
1653 786 1706 831 et
1732 777 1937 832 veniam

352 887 413 924 se
444 870 688 923 daturum
724 871 983 938 promittit
1010 870 1347 925 contumeliae
1376 869 1684 923 auctoribus
1705 909 1718 932 ,
1747 869 1790 922 si
1826 877 1939 921 tan-

356 970 465 1015 tum
497 961 861 1032 paenitentiam
890 970 1066 1029 agant,
1089 970 1140 1015 et
1169 976 1227 1015 se
1255 976 1357 1015 non
1386 961 1609 1030 amplius
1632 960 1744 1014 haec
1776 959 1941 1014 factu-

357 1068 448 1106 ros
502 1054 871 1121 polliceantur.
920 1053 1057 1107 Vere
1121 1068 1259 1106 nunc
1306 1053 1633 1107 exclamandi
1685 1060 1934 1121 tempus:

359 1141 483 1207 Quis
522 1142 753 1211 loquetur
794 1143 1038 1212 potentias
1072 1142 1318 1196 Domini?
1355 1142 1553 1197 auditas
1582 1142 1731 1212 faciet
1768 1158 1939 1196 omnes

356 1238 533 1291 laudes
562 1239 669 1308 ejus
700 1238 870 1309 (Psal.
898 1240 1001 1295 105
1050 1240 1169 1309 2)?
1214 1239 1363 1307 Quod
1397 1240 1488 1293 Dei
1537 1238 1791 1307 imagines
1832 1248 1937 1288 non

318 1324 319 1327 “
358 1336 558 1382 tantum
590 1329 939 1399 dejeccrunt,
972 1330 1064 1384 sed
1097 1332 1254 1385 etiam
1284 1326 1772 1383 conculcaverunt?
1818 1340 1936 1380 cum

355 1422 496 1475 enim
528 1437 674 1475 reum
705 1438 905 1492 angas,
934 1438 1052 1476 cum
1080 1422 1332 1491 dispolies
1352 1462 1365 1484 ,
1404 1436 1523 1475 cum
1556 1418 1766 1482 trahas,
1815 1432 1935 1472 cum

357 1510 594 1580 dejicias,
629 1512 718 1566 Dei
748 1512 1030 1582 imaginem
1056 1514 1360 1567 conculcas.
1389 1511 1522 1565 Audi
1546 1520 1691 1566 certe
1715 1511 1935 1564 Paulum

355 1600 619 1655 dicentem
649 1604 788 1671 quod
821 1604 978 1659 homo
1010 1620 1113 1659 non
1137 1604 1294 1659 debet
1322 1604 1531 1674 Operirc
1559 1613 1736 1671 caput,
1765 1603 1938 1672 imago

355 1692 568 1746 enimet
592 1693 759 1762 gloria
784 1695 871 1749 Dei
898 1704 975 1749 est
1007 1696 1079 1766 (ι.
1101 1694 1218 1749 Cor.
1242 1696 1325 1749 II.
1357 1696 1412 1764 7)
1438 1712 1451 1748 :
1475 1702 1528 1749 et
1555 1710 1736 1748 rursus
1766 1694 1935 1762 ipsum

360 1783 521 1837 Deum
553 1784 817 1839 dicentem
851 1803 863 1838 :
898 1786 1170 1841 Faciamus
1211 1787 1461 1839 hominem
1488 1784 1760 1839 secundum
1804 1785 1935 1837 inta-

355 1875 519 1943 ginem
547 1884 593 1927 et
622 1876 1001 1929 similitudinem
1044 1888 1267 1930 nostram
1298 1876 1458 1946 (Gen.
1487 1878 1535 1930 I.
1563 1874 1692 1947 26).
1727 1876 1782 1930 Si
1810 1890 1937 1929 vero

355 1963 500 2021 dicas
520 2004 537 2031 ,
580 1981 685 2018 non
716 1981 834 2019 esse
874 1965 1110 2035 ejusdem
1141 1967 1451 2020 substantia:
1483 1967 1749 2020 hominem
1780 1974 1938 2035 atque

359 2053 563 2117 Deum,
608 2055 731 2123 quid
776 2054 928 2108 tum?
972 2054 1157 2125 Neque
1187 2057 1328 2110 enim
1358 2072 1431 2109 ais
1472 2066 1659 2109 statua:
1696 2055 1935 2124 ejusdem

356 2154 439 2197 est
468 2154 624 2213 atque
650 2144 943 2214 Imperator
970 2148 1307 2214 substantia),
1336 2147 1428 2200 sed
1460 2155 1633 2200 tamen
1663 2146 1799 2202 hanc
1821 2146 1935 2200 ausi

358 2236 550 2291 liedere
595 2252 779 2306 ptenas
823 2238 1129 2292 dederunt:
1164 2239 1240 2292 sic
1287 2248 1341 2294 et
1384 2239 1435 2292 in
1482 2238 1804 2303 hominibus,
1836 2237 1935 2293 etsi

357 2340 461 2378 non
494 2326 733 2394 ejusdem
765 2343 883 2382 cum
916 2328 1026 2383 Deo
1050 2329 1358 2383 δυὺειῦιιιίιιε
1388 2340 1506 2383 sunt
1540 2328 1802 2395 homines,
1833 2329 1936 2383 sic-

356 2426 412 2470 ut
442 2433 609 2486 neque
637 2436 821 2474 revera
866 2430 1023 2485 sunt,
1070 2430 1246 2476 tamen
1292 2423 1464 2493 imago
1496 2423 1665 2477 vocati
1694 2433 1850 2488 sunt,
1882 2431 1938 2477 ct

356 2517 571 2577 propter
596 2508 1005 2580 appellationem
1035 2513 1178 2581 ipsos
1210 2513 1465 2568 honorem
1506 2515 1746 2583 recipere
1771 2529 1933 2585 opor-

356 2597 515 2651 tebat.
569 2599 646 2653 Tu
700 2617 827 2656 vero
876 2612 1098 2673 propter
1143 2605 1409 2673 paululum
1462 2606 1575 2658 auri
1629 2606 1930 2673 conculcas,

355 2689 523 2756 augis,
554 2690 741 2757 trahis,
774 2700 827 2746 et
853 2694 1051 2747 nullam
1080 2694 1253 2748 adlmc
1280 2710 1489 2763 poenam
1521 2695 1731 2750 dedisti.

426 2779 478 2832 7.
510 2781 791 2852 Contingat
822 2784 977 2854 igitur
1009 2784 1164 2839 hodie
1192 2785 1474 2855 quamdam
1503 2787 1695 2841 bonam
1726 2796 1778 2843 et
1805 2787 1935 2843 dex-

354 2882 520 2927 teram
563 2874 677 2928 ﬁeri
723 2878 1091 2931 mutationem.
1146 2877 1274 2932 Illud
1310 2888 1453 2933 certe
1485 2879 1635 2934 vobis
1681 2881 1930 2949 praidico,

352 2972 406 3017 et
436 2974 707 3019 contestor
726 3007 741 3031 ,
789 2967 931 3037 quod
961 2969 1059 3023 etsi
1092 2968 1205 3023 haec
1236 2970 1554 3038 pncterierit
1583 2971 1750 3026 nubes
1775 3013 1788 3033 ,
1835 2986 1933 3025 nos

352 3064 529 3110 autem
559 3058 608 3111 in
639 3058 825 3112 eodem
855 3061 1205 3114 manserimus
1246 3069 1459 3131 torpore
1481 3103 1496 3128 ,
1528 3078 1735 3117 rursum
1766 3062 1933 3117 multo

355 3147 457 3211 bis,
490 3165 609 3216 qua:
637 3150 688 3203 in
722 3153 1124 3220 pra‘scnliarum
1157 3160 1532 3222 exspectantur
1554 3192 1568 3215 ,
1612 3154 1789 3221 pejora
1836 3169 1930 3221 pa-

354 3241 549 3295 tiemur
579 3258 594 3295 :
622 3243 871 3311 quoniam
904 3252 957 3297 et
1003 3259 1145 3299 nunc
1190 3259 1295 3298 non
1342 3252 1544 3298 tantum
1593 3243 1931 3313 Imperatoris

353 3330 519 3395 iram,
561 3342 813 3400 quantum
855 3335 1129 3403 segnitiem
1162 3345 1391 3389 vestram
1421 3336 1602 3391 timeo.
1644 3334 1757 3390 Non
1788 3338 1930 3391 enim

350 3420 556 3476 duobus
585 3430 676 3477 aut
706 3424 873 3477 tribus
900 3425 1085 3480 diebus
1122 3427 1446 3495 supplicasse
1475 3428 1628 3482 nobis
1657 3429 1720 3482 ad
1749 3428 1933 3483 defen-

350 3512 554 3566 sionem
577 3513 790 3576 sufﬁcit,
820 3515 914 3569 sed
938 3518 1096 3571 totius
1121 3517 1241 3572 vita:
1264 3518 1605 3574 mutationem
1634 3520 1747 3575 fieri
1775 3534 1931 3589 opor-

352 3612 452 3667 tet,
502 3612 554 3657 et
601 3618 630 3657 a
672 3606 869 3659 malitia
917 3607 1237 3663 desistentcs
1281 3609 1331 3662 in
1379 3610 1574 3665 virtute
1616 3627 1930 3680 permanere

348 3692 619 3747 continue.
652 3694 799 3749 Sicut
844 3697 987 3751 enim
1027 3707 1378 3767 :rgrotantcs,
1412 3700 1510 3753 nisi
1548 3714 1758 3771 semper
1782 3702 1929 3757 ordi-

351 3794 473 3838 nate
498 3785 743 3851 vixerint,
773 3787 914 3841 nulla
944 3788 1070 3856 ipsis
1096 3788 1390 3859 disciplitne
1419 3806 1513 3859 per
1542 3801 1648 3846 tres
1678 3801 1769 3846 aut
1796 3807 1929 3862 qua-

354 3886 471 3929 tuor
496 3876 614 3931 dies
640 3888 862 3933 servatae
888 3880 1089 3934 utilitas
1120 3897 1132 3933 :
1167 3881 1243 3934 sic
1267 3889 1319 3935 et
1352 3890 1629 3950 peccantes
1659 3883 1756 3937 nisi
1784 3898 1929 3939 sem-

351 3980 442 4035 pcr
471 3966 635 4021 sobrii
666 3968 792 4031 sint,
822 3969 950 4022 nihil
986 3969 1217 4038 proderit
1245 3971 1372 4041 ipsis
1401 3972 1628 4026 duorum
1658 3972 1741 4028 vel
1771 3973 1927 4029 trium

347 4055 551 4110 dierum
580 4059 861 4112 correctio.
897 4058 963 4114 Ut
990 4061 1154 4125 enim,
1197 4061 1426 4129 dicitur,
1474 4062 1613 4117 lotus
1655 4076 1838 4133 postea
1876 4066 1927 4120 in

350 4147 459 4200 luto
489 4164 699 4205 rursum
730 4152 1035 4221 inquinatus
1055 4194 1071 4221 ,
1117 4154 1247 4208 nihil
1290 4156 1509 4225 profecit
1538 4173 1551 4207 :
1582 4157 1659 4211 sic
1689 4174 1783 4224 per
1821 4168 1929 4215 tres

348 4238 463 4293 dies
490 4255 652 4310 agens
686 4245 1082 4313 penitentiam,
1112 4256 1165 4303 et
1194 4263 1404 4303 rursum
1435 4249 1501 4304 ad
1532 4250 1709 4319 priora
1741 4268 1927 4309 rever-

350 4338 488 4395 tens,
516 4332 648 4386 nihil
682 4334 914 4390 lucratus
943 4346 1043 4391 est.

421 4420 462 4474 Τ
465 4435 592 4476 ενι-ω
612 4434 773 4478 motus
800 4430 1078 4498 frequentes
1101 4429 1397 4485 Antiochiw.
1418 4463 1485 4473 —
1506 4432 1581 4488 Ne
1610 4434 1766 4505 igitur
1786 4436 1926 4506 quod

348 4525 561 4582 semper
586 4515 826 4583 facinms,
851 4518 951 4574 hoc
971 4529 1024 4575 et
1045 4538 1183 4576 nunc
1209 4521 1480 4579 faciamus.
1513 4526 1720 4581 Etenim
1744 4536 1929 4583 terrm—

349 4604 577 4658 mottbus
604 4607 800 4676 sacpius
828 4613 1400 4679 comprehendentibus
1419 4656 1433 4678 ,
1477 4626 1531 4671 et
1570 4616 1711 4674 fame
1739 4629 1791 4674 ct
1819 4620 1927 4674 sic-

347 4694 540 4759 citate,
584 4697 751 4752 tribus
778 4701 859 4754 vel
889 4711 1115 4771 quatuor
1157 4705 1343 4760 diebus
1384 4708 1644 4765 moderati
1672 4720 1726 4766 et
1772 4729 1924 4768 man-

347 4787 607 4842 suetiores
636 4789 754 4843 facti
780 4832 794 4855 ,
827 4807 1012 4848 rursus
1035 4795 1099 4849 ad
1129 4798 1301 4865 priora
1334 4799 1649 4865 redivimus,
1682 4815 1926 4875 propter—

344 4891 513 4946 eaque
540 4876 654 4933 lucc
680 4882 1008 4939 acciderunt.
1043 4885 1150 4941 Sed
1190 4887 1232 4942 si
1266 4904 1372 4942 non
1407 4890 1551 4958 prius
1574 4934 1587 4956 ,
1636 4909 1776 4947 nunc
1820 4896 1924 4949 sal-

345 4975 451 5020 tem
500 4968 551 5022 in
601 4970 787 5027 eadem
837 4989 1245 5043 permaneamus
1294 4981 1525 5047 pietate,
1578 4991 1631 5037 et
1680 4985 1921 5040 eamdem

344 5061 803 5118 mansuetudinem
832 5079 1127 5136 servemus,
1156 5085 1222 5125 ne
1250 5086 1459 5127 rursum
1485 5074 1654 5130 altero
1684 5076 1921 5147 indigea-

346 5164 463 5203 mus
490 5150 715 5220 ﬂagello.
743 5156 932 5211 Annon
954 5170 1162 5228 poterat
1184 5161 1321 5217 Deus
1346 5180 1426 5229 ea,
1451 5180 1568 5235 qua:
1592 5168 1919 5236 acciderunt,

344 5242 675 5311 prohibere?
724 5248 830 5303 Sed
876 5252 1136 5319 permisit,
1184 5261 1240 5307 ut
1285 5269 1342 5309 se
1380 5266 1783 5313 contemnentes
1828 5276 1921 5330 per

341 5337 585 5390 conservi
614 5348 812 5393 metum
842 5342 1194 5399 modestiores
1219 5344 1473 5403 efficeret.
1508 5348 1620 5403 Non
1652 5350 1777 5403 mihi
1804 5352 1921 5421 quis

341 5425 518 5490 dicat,
559 5428 700 5494 quod
748 5431 899 5486 tnulti
944 5436 1176 5489 sontium
1222 5436 1559 5507 effugerunt,
1604 5441 1754 5494 mttlti
1794 5457 1920 5497 vero

345 5514 630 5570 insontium
682 5534 889 5587 ptenam
942 5524 1216 5580 subierunt
1254 5544 1265 5579 :
1299 5529 1492 5582 etenim
1542 5529 1642 5584 hoc
1683 5530 1919 5586 dicentes

342 5606 538 5661 multos
567 5607 761 5676 smpius
802 5611 992 5677 audio,
1024 5630 1127 5668 non
1173 5616 1222 5669 in
1264 5619 1511 5687 prmsenti
1544 5627 1746 5674 tantum
1773 5622 1916 5675 sedi-

344 5696 504 5761 tione,
540 5700 715 5761 sed.et
750 5702 799 5753 in
828 5705 943 5757 aliis
972 5706 1151 5759 multis
1181 5707 1479 5777 Itujusmodi
1511 5713 1752 5782 negotiis.
1783 5713 1916 5779 Quid

345 5786 501 5852 igitur
553 5790 672 5842 cilia
722 5792 1092 5857 objicientihus
1145 5796 1473 5854 dicendum?
1523 5803 1672 5871 Quod
1719 5806 1816 5860 etsi
1866 5805 1915 5858 in

651 5891 730 5947 Pa
744 5907 917 5948 l‘ltUL.
968 5893 1010 5949 ti
1026 5911 1081 5949 ιι.
1135 5892 1352 5954 XLIX.

2049 501 2295 572 praesenti
2348 500 2607 554 seditione
2656 502 2836 555 insons
2884 508 2995 553 erat
3048 498 3092 552 is
3150 499 3237 568 qui
3284 509 3470 569 raptus
3519 510 3626 564 est,

2050 604 2224 646 tamen
2255 592 2396 645 aliud
2430 601 2704 660 peceatum
2751 592 3035 660 aliquando
3078 592 3291 659 gravius
3333 593 3625 656 commisit,

2046 681 2244 736 deinde
2273 697 2377 736 non
2425 692 2676 742 mutatus,
2709 697 2851 737 nunc
2881 697 3061 749 punias
3090 682 3251 735 dedit.
3288 683 3495 736 Etenim
3528 684 3628 737 hoc

2048 773 2218 828 facere
2248 774 2387 827 Dens
2408 774 2683 826 consuevit
2711 790 2724 827 :
2755 789 2873 826 cum
2908 775 3303 843 peccaverimus
3325 814 3340 838 ,
3383 788 3488 826 non
3514 781 3622 826 sta-

2046 865 2138 918 tim
2167 874 2378 934 peccata
2410 865 2696 927 ulciscitur,
2725 864 2818 920 sed
2848 864 3089 930 remittit,
3114 864 3245 918 dans
3273 865 3427 919 nobis
3455 864 3623 933 pumi-

2048 956 2224 1008 tentize
2253 962 2462 1022 tempus
2487 994 2502 1019 ,
2547 964 2603 1008 ut
2648 956 2978 1025 corrigamur
3004 964 3057 1009 et
3084 963 3382 1019 mutentur;
3429 955 3471 1007 si
3500 969 3624 1006 vero

2045 1046 2186 1116 quod
2217 1062 2321 1101 non
2353 1061 2536 1115 poenas
2568 1045 2904 1110 dederimus,
2941 1054 3211 1115 peccatum
3242 1044 3474 1099 deletum
3504 1058 3624 1097 esse

2044 1139 2426 1202 existimantes,
2455 1138 2963 1206 contempserimus,
2996 1138 3083 1191 ubi
3115 1151 3220 1190 non
3250 1147 3513 1205 putanms,
3545 1136 3620 1189 ibi

2046 1238 2163 1298 post
2193 1230 2308 1283 hmc
2348 1230 2566 1283 omnino
2595 1229 2890 1298 capiemur.
2938 1228 3051 1282 lloc
3091 1235 3265 1281 autem
3297 1226 3383 1289 fit,
3418 1235 3471 1279 ut
3500 1241 3619 1279 eum

2046 1322 2475 1391 peccaverimus,
2510 1331 2562 1376 et
2594 1336 2699 1375 non
2744 1320 3001 1375 fuerimus
3028 1320 3213 1390 puniti,
3247 1336 3350 1372 non
3383 1320 3622 1373 confida-

2046 1429 2191 1480 mus,
2244 1414 2346 1468 nisi
2393 1414 2646 1468 fuerimus
2676 1412 2883 1479 mut‘ati,
2927 1412 3158 1467 scientes
3202 1411 3339 1481 quod
3385 1411 3471 1463 ubi
3516 1427 3619 1464 non

2045 1515 2290 1575 putamus
2316 1505 2532 1559 omnino
2574 1505 2845 1559 cademus.
2892 1502 3072 1573 Itaque
3114 1503 3155 1558 si
3200 1502 3520 1570 peccaveris,
3569 1510 3621 1555 et

2043 1597 2258 1668 punitus
2285 1612 2388 1651 non
2420 1596 2621 1665 fueris,
2653 1611 2721 1650 ne
2748 1604 3057 1651 contemnas
3079 1637 3091 1654 ,
3121 1594 3344 1657 dilecte;
3379 1592 3469 1645 sed
3502 1608 3615 1660 pro-

2044 1699 2161 1758 pier
2203 1687 2304 1741 hoc
2347 1688 2519 1756 ipsum
2551 1686 2716 1755 magis
2763 1687 2909 1751 time,
2957 1687 3129 1740 sciens
3159 1684 3298 1753 quod
3330 1682 3481 1736 facile
3514 1683 3616 1735 Deo

2045 1790 2145 1842 est.
2180 1780 2392 1850 quando
2423 1780 2567 1844 velit,
2601 1780 2789 1833 iterum
2836 1779 3147 1832 retribuere.
3183 1776 3304 1830 Ideo
3331 1775 3472 1829 enim
3512 1782 3616 1826 tum

2046 1880 2099 1927 te
2138 1888 2243 1926 non
2288 1870 2518 1941 punivit,
2568 1878 2627 1924 ut
2668 1869 2869 1923 habeas
2911 1868 3234 1937 ptenitcntiae
3281 1876 3506 1934 tempus.
3544 1863 3617 1917 Νι·

2045 1963 2203 2033 igitur
2245 1961 2503 2025 dicamus,
2547 1959 2688 2031 quod
2732 1961 2955 2014 crimine
3001 1972 3190 2011 carens
3233 1956 3320 2010 ille
3348 1953 3618 2018 ceciderit,

2043 2056 2178 2111 alter
2205 2069 2332 2109 vero
2360 2054 2610 2109 facinoris
2634 2062 2821 2107 auctor
2844 2051 3107 2121 effugerit.
3142 2050 3398 2103 Innoccns
3425 2048 3618 2101 ctenim

2044 2148 2278 2216 punitus,
2323 2154 2384 2200 ut
2428 2152 2550 2199 ante
2594 2143 2738 2209 dixi,
2788 2143 3011 2196 aliorum
3057 2151 3389 2210 peccatorum
3436 2149 3619 2206 pinnas

2046 2236 2141 2290 luit
2173 2253 2186 2288 :
2218 2245 2273 2291 et
2301 2235 2391 2305 qui
2421 2249 2562 2289 nunc
2592 2232 2791 2303 eﬂugit,
2823 2233 2921 2286 nisi
2954 2240 3185 2285 mutatus
3214 2230 3403 2292 fuerit,
3437 2229 3488 2282 in
3517 2226 3622 2280 alio

2042 2328 2280 2398 capietur
2323 2327 2532 2396 laqueo.
2581 2325 2637 2380 Si
2681 2324 2758 2378 sic
2800 2322 3043 2392 dispositi
3086 2322 3287 2384 simus,
3333 2332 3620 2387 numquam

2044 2420 2378 2489 propriorum
2429 2417 2803 2472 obliviscemur
2844 2425 3219 2484 peccatorum,
3264 2410 3358 2466 sed
3407 2425 3622 2479 semper

2044 2510 2311 2573 timentes,
2346 2516 2634 2562 trementes
2652 2549 2666 2572 ,
2698 2522 2767 2560 ne
2794 2504 3005 2576 quando
3033 2504 3318 2559 subeamus
3343 2501 3617 2571 judicium,

2041 2602 2148 2658 cito
2176 2602 2410 2671 ipsorum
2440 2599 2857 2655 recordabimur.
2882 2596 3027 2651 Nihil
3056 2596 3194 2651 enim
3222 2594 3298 2650 sic
3327 2603 3538 2663 peccata
3565 2592 3621 2646 in

2044 2693 2361 2749 memoriam
2387 2706 2637 2747 revocare
2661 2688 2953 2751 consuevit,
2977 2697 3036 2742 ut
3060 2701 3214 2757 poma
3236 2695 3292 2740 et
3309 2684 3582 2753 castigatio
3601 2680 3621 2737 ε’

2040 2795 2094 2839 ct
2139 2785 2241 2839 hoc
2286 2782 2620 2838 manifestum
2647 2797 2717 2837 ex
2762 2778 3009 2834 fratribus
3038 2775 3258 2847 Joseph.
3303 2774 3435 2829 Cum
3476 2773 3620 2829 enim

2042 2876 2115 2930 illi
2143 2876 2345 2945 justum
2376 2873 2771 2938 vendidissent,
2802 2882 2857 2925 et
2896 2869 3149 2924 tredecim
3179 2867 3303 2922 anni
3329 2866 3620 2936 praeteriis-

2041 2977 2193 3033 sent,
2226 2967 2403 3036 puniri
2433 2975 2729 3021 metuentes
2750 3005 2764 3031 ,
2796 2973 2849 3019 et
2876 2963 2942 3018 de
2972 2964 3076 3017 vita
3104 2962 3350 3017 timentes
3371 3002 3386 3027 ,
3419 2959 3620 3030 peccati

2041 3058 2303 3113 recordati
2334 3066 2478 3122 sunt,
2509 3065 2566 3110 et
2592 3056 2729 3110 inter
2753 3070 2811 3109 se
2835 3053 3083 3108 dicebant
3110 3069 3124 3106 :
3151 3051 3296 3107 Certe
3319 3066 3338 3105 :
3366 3051 3418 3104 in
3445 3065 3621 3118 perca-

2039 3152 2103 3205 tis
2127 3151 2259 3204 enim
2289 3165 2462 3202 sumus
2506 3157 2708 3217 prapter
2744 3150 2952 3216 fratrem
2993 3152 3219 3197 nostrum
3242 3141 3435 3211 Ioseph
3463 3138 3617 3211 (Gen.

2037 3240 2127 3295 42.
2154 3240 2269 3311 2i).
2299 3239 2458 3293 Vides
2482 3236 2745 3309 quomodo
2792 3236 2948 3290 timur
2977 3234 3065 3289 ille
3109 3234 3253 3304 ipsos
3289 3232 3490 3301 peccati
3529 3229 3614 3283 sui

2038 3331 2486 3388 commonefecit?
2533 3331 2600 3385 Et
2643 3328 2859 3400 quando
2907 3325 3198 3397 pcccabant
3248 3324 3463 3394 quidem
3511 3337 3619 3378 non

2038 3426 2340 3483 sentiebant
2371 3443 2385 3479 :
2414 3423 2628 3495 quando
2656 3436 2783 3478 vero
2808 3421 2983 3492 puniri
3009 3418 3346 3483 metuebant,
3377 3426 3499 3473 tunc
3526 3430 3618 3471 rc-

2037 3519 2239 3577 cordati
2273 3526 2414 3573 sunt.

2112 3609 2327 3664 Moralis
2355 3608 2659 3663 exhortatio.
2685 3634 2757 3649 -—
2796 3606 2921 3662 llaec
2959 3604 3118 3676 igitur
3144 3602 3323 3659 omnia
3364 3603 3614 3665 scientes,

2035 3700 2198 3754 vitam
2229 3707 2435 3754 nmtare
2464 3698 2688 3753 velimus
2728 3707 2780 3751 et
2808 3697 3073 3764 corrigere
3093 3736 3109 3762 ,
3141 3703 3196 3750 et
3220 3702 3346 3749 ante
3373 3692 3620 3751 instantis

2036 3792 2293 3863 angustia:
2319 3791 2688 3846 liberationem
2730 3789 2800 3845 de
2840 3789 3091 3859 religione
3119 3795 3173 3842 et
3202 3787 3398 3841 virtute
3422 3784 3618 3854 cogite-

2036 3900 2175 3939 mus.
2227 3884 2295 3938 Et
2342 3882 2555 3939 interim
2605 3882 2702 3936 tria
2747 3880 2899 3935 vobis
2944 3878 3191 3934 mandata
3242 3874 3618 3932 commendare

2036 3977 2178 4041 volo,
2208 3985 2265 4030 ut
2292 3976 2405 4030 lucc
2431 3974 2560 4029 mihi
2585 3973 2637 4028 in
2659 3973 2860 4043 jejunio
2889 3970 3150 4041 praistetis
3175 3987 3187 4021 :
3217 3968 3416 4025 nemini
3441 3966 3618 4022 detra-

2037 4068 2195 4132 hatis,
2246 4067 2513 4123 inimicum
2561 4066 2800 4122 habeatis
2827 4064 3117 4127 neminem,
3148 4071 3199 4116 et
3224 4075 3436 4116 omnem
3467 4074 3619 4129 pror-

2035 4175 2125 4215 sus
2152 4175 2217 4216 ex
2244 4174 2338 4214 ore
2366 4159 2560 4213 malam
2594 4157 3017 4227 juramentorum
3060 4153 3495 4209 consuetudinem
3525 4165 3617 4206 ex-

2040 4253 2267 4322 pellatis.
2299 4251 2366 4306 Et
2396 4250 2533 4305 sicut
2558 4264 2678 4305 cum
2708 4264 2896 4303 aurum
2928 4248 3237 4317 imperatum
3268 4244 3613 4307 audierimus,

2035 4347 2217 4402 abiens
2246 4346 2468 4417 quisque
2511 4344 2727 4398 domum
2766 4353 2821 4397 et
2847 4356 3066 4397 uxorem
3094 4354 3324 4404 vocans,
3356 4345 3411 4393 et
3454 4336 3611 4400 filios,

2034 4446 2087 4493 et
2112 4452 2323 4503 servos,
2358 4436 2660 4491 considerat
2686 4449 2805 4488 cum
2835 4433 2937 4487 illis
2965 4440 3019 4487 et
3058 4430 3322 4486 consultat
3351 4428 3491 4483 unde
3522 4428 3617 4481 tri-

2036 4531 2219 4585 butum
2250 4529 2376 4583 illud
2404 4536 2587 4597 eroget
2616 4544 2629 4580 :
2661 4525 2740 4580 sic
2769 4532 2823 4579 et
2853 4523 2904 4577 in
2932 4521 3197 4577 mandatis
3220 4519 3303 4574 his
3328 4517 3615 4588 spirituali-

2035 4623 2133 4677 bus
2170 4620 2444 4675 faciamus.
2481 4620 2700 4673 Domum
2728 4617 2950 4686 quisque
2977 4628 3249 4683 regressus
3268 4654 3284 4679 ,
3311 4626 3532 4666 uxorem
3560 4618 3616 4665 et

2034 4713 2172 4767 ﬁlios
2201 4720 2355 4765 vocet
2377 4719 2433 4765 et
2457 4709 2597 4763 dicat
2624 4726 2637 4763 :
2666 4708 2944 4762 Tribulutn
2970 4704 3241 4776 spirituale
3259 4703 3416 4758 hodie
3446 4703 3617 4772 impo-

2032 4804 2191 4857 situm
2219 4810 2322 4868 est,
2356 4800 2632 4864 tributum,
2675 4798 2889 4868 inquam
2910 4838 2924 4862 ,
2955 4812 3048 4866 per
3075 4794 3216 4866 quod
3242 4795 3344 4849 erit
3369 4794 3613 4864 quaedam

2033 4893 2221 4948 horum
2251 4892 2507 4947 malorum
2536 4890 2728 4945 solutio
2755 4898 2809 4944 et
2835 4889 3105 4954 liberatio,
3149 4886 3402 4941 tributum
3423 4926 3440 4951 ,
3468 4883 3611 4953 quod

2030 4985 2365 5040 conferentes
2391 4999 2494 5037 non
2524 4998 2799 5052 pauperes,
2827 4980 2921 5036 sed
2945 4980 3163 5035 ditiores
3191 4978 3337 5041 facit,
3360 4986 3418 5031 nt
3442 4977 3611 5031 nemi-

2031 5092 2152 5131 nem
2185 5076 2452 5129 inimicum
2502 5073 2827 5138 habeamus,
2856 5072 3200 5126 detrahamus
3240 5069 3439 5124 nemini
3462 5108 3478 5131 ,
3512 5081 3612 5121 nec

2029 5169 2247 5223 omnino
2270 5167 2530 5236 juremus.
2559 5165 2989 5228 Consideremus,
3011 5177 3192 5218 curam
3217 5176 3454 5230 agamus,
3482 5173 3610 5213 con-

2029 5259 2304 5322 sultemus,
2334 5256 2599 5326 quomodo
2628 5254 2743 5311 haec
2772 5255 3087 5325 impleamus
3125 5252 3405 5315 mandata;
3450 5263 3610 5303 omne

2029 5348 2395 5418 impendamus
2423 5348 2651 5402 studium
2671 5387 2687 5415 ,
2729 5360 2824 5400 nos
2857 5346 2994 5400 alter
3017 5345 3240 5399 alterum
3269 5355 3609 5395 commonea-

2028 5456 2166 5506 mus,
2198 5441 2333 5495 alter
2355 5440 2581 5495 alterum
2608 5438 2935 5507 corrigamus
2955 5477 2969 5500 ,
2999 5446 3056 5489 ut
3084 5448 3187 5489 non
3217 5432 3484 5488 debitores
3512 5430 3609 5482 ab-

2026 5547 2210 5586 eamus
2254 5531 2414 5596 illuc,
2456 5529 2650 5585 deinde
2698 5528 2925 5583 mutuari
2967 5526 3035 5580 ab
3079 5525 3197 5579 aliis
3239 5522 3430 5586 coacti,
3475 5520 3603 5575 illud

2026 5621 2165 5691 quod
2194 5622 2424 5691 virgines
2464 5620 2622 5675 fatua:
2666 5619 2963 5690 patiamur,
3008 5625 3060 5670 ct
3104 5612 3385 5670 immortali
3434 5612 3607 5665 salute

2026 5715 2350 5769 excidamus.
2381 5715 2434 5770 Si
2466 5714 2543 5768 sic
2571 5722 2765 5767 nostra:
2804 5710 3140 5764 instituamus
3168 5705 3289 5759 vitae
3320 5702 3600 5765 rationem,

2029 5805 2151 5861 hinc
2183 5806 2335 5861 vobis
2364 5811 2600 5876 spondeo
2646 5812 2700 5858 et
2743 5802 2994 5872 polliceor
3017 5838 3033 5868 ,
3065 5796 3203 5869 quod
3235 5804 3287 5851 et
3328 5795 3606 5867 praesentis:

3214 5890 3248 5947 [ι
