4072 6384
496 351 565 408 59
1214 357 1266 414 Β.
1303 356 1579 415 JOANNIS
1616 359 2087 420 CIIRYSOSTOMI
2124 366 2438 424 ARCIHEP.
2478 369 3014 428 CONSTANTINOP.
3690 377 3763 433 60

493 470 808 525 calamitatis
830 471 1003 542 aliqua
1025 473 1219 528 solutio
1239 474 1470 538 dabitur,
1499 487 1553 531 et
1575 478 1792 531 istorum
1818 480 2073 532 malorum

492 562 778 616 liberatio:
819 572 874 616 ct
916 563 1054 630 quod
1100 566 1347 620 onmibus
1396 568 1565 637 majus
1609 578 1728 634 cst,
1781 570 2076 625 futurorum

494 650 698 706 fructus
745 654 1025 708 bonorum.
1075 653 1366 724 Oportebat
1411 659 1622 728 quidem
1669 676 1882 714 onmem
1928 662 2082 717 Vobis

498 743 754 799 mandare
784 746 1052 809 virtutem,
1103 747 1195 802 sed
1229 748 1367 803 hunc
1413 765 1532 805 esse
1557 752 1908 808 correctionis
1941 754 2083 823 epti-

500 851 644 889 mum
692 837 907 891 modum
958 847 1102 906 puto,
1151 849 1206 893 ttt
1249 856 1348 909 per
1391 853 1568 910 partes
1613 843 1782 912 legem
1812 856 2083 914 acceptam

500 928 853 997 impleamus,
899 939 952 983 et
983 939 1091 983 tum
1135 931 1201 985 ad
1241 932 1374 987 alias
1405 948 1707 1002 pergamus.
1753 934 1902 990 Sicut
1943 935 2085 990 enim

505 1035 633 1090 agro
677 1021 986 1089 proposito,
1033 1024 1262 1092 agricola
1309 1025 1558 1093 paulatim
1610 1026 1852 1090 fodiens,
1899 1028 1981 1082 sic
2023 1026 2089 1082 ad

505 1111 662 1165 ﬁnem
686 1112 828 1165 venit
853 1129 866 1164 :
892 1111 970 1167 sic
997 1122 1052 1168 et
1076 1128 1173 1167 nos
1199 1115 1242 1168 si
1271 1114 1442 1184 legem
1467 1114 1604 1170 hanc
1633 1117 1784 1170 nobis
1811 1131 2091 1185 ponamus,

503 1210 560 1254 ut
586 1217 683 1271 per
710 1201 1182 1272 Quadragesimam
1219 1215 1537 1274 praesentem
1571 1207 1684 1260 hate
1712 1208 1810 1260 tria
1843 1208 2091 1262 mandata

508 1294 789 1363 diligenter
826 1303 1198 1361 exerceamus,
1231 1299 1414 1367 procul
1443 1298 1602 1353 dubio
1631 1315 1750 1353 cum
1782 1300 1936 1354 bonaa
1961 1315 2090 1354 con-

2180 485 2475 540 suetudinis
2515 487 2809 542 custodiam
2849 487 3142 557 prudenter
3179 487 3614 552 exhibuerimus.
3645 506 3767 545 cum

2187 576 2387 645 majore
2417 577 2666 634 facilitate
2690 587 2744 634 et
2771 579 2837 634 ad
2865 579 3067 648 reliqua
3093 581 3390 644 veniemus,
3423 590 3476 634 et
3503 579 3569 634 ad
3598 581 3769 650 ipsum

2183 667 2477 736 disciplima
2522 671 2776 725 verticem
2830 671 3238 740 pervenientes,
3293 682 3402 731 tum
3452 683 3770 742 pnesentem

2187 759 2344 812 vitam
2366 759 2502 814 bona
2524 775 2644 814 cum
2669 777 2761 831 spe
2784 765 3153 833 transigemus,
3177 773 3287 818 tum
3305 774 3360 818 et
3382 764 3432 818 in
3456 762 3628 818 futura
3651 779 3772 819 cum

2190 852 2352 906 Inulta
2390 851 2603 908 Christo
2647 854 2836 910 ﬁducia
2865 857 3178 912 assistemus
3205 867 3260 912 et
3287 858 3496 912 arcanis
3539 858 3778 912 fruemur

2191 944 2346 999 bouis
2374 963 2388 999 :
2420 962 2538 1015 qua:
2567 963 2662 1001 nos
2693 948 2905 1018 assequi
2945 949 3131 1015 detur,
3163 949 3330 1017 gratia
3373 957 3427 1004 et
3455 948 3780 1020 benignitate

2196 1037 2403 1092 Domini
2436 1040 2601 1093 nostri
2649 1039 2774 1095 Jcsu
2817 1041 3052 1107 Christi,
3105 1057 3200 1110 per
3227 1057 3383 1111 quem
3427 1049 3630 1095 etcum
3674 1055 3782 1110 quo

2193 1128 2362 1197 gloria
2394 1129 2535 1184 Patri
2567 1146 2668 1184 una
2695 1146 2818 1186 cum
2849 1141 3036 1186 sancto
3059 1132 3281 1202 Spiritu,
3313 1132 3367 1186 in
3395 1132 3590 1188 stecula
3615 1147 3785 1188 δεῖ-αι-

2197 1219 2390 1274 lorum.
2419 1222 2608 1275 Amen.

508 1423 3782 1449 ——_——___..—___.._—________—__________________

509 1519 917 1563 EXHORTATIO
946 1521 1028 1564 ΔΙ)
1056 1520 1348 1564 POPULUM
1375 1521 1458 1563 DE
1487 1521 1822 1564 PATIENTIA
1854 1523 1935 1565 ET
1963 1519 2387 1580 TOLERANTIA,
2421 1528 2497 1570 ΔΒ
2527 1528 2838 1572 EXEMPLIS
2866 1529 2979 1573 JOB
3022 1531 3102 1574 ET
3142 1531 3346 1576 TRIUM
3388 1531 3731 1577 PUERORUH
3768 1557 3785 1575 ο

1618 1621 1699 1664 ΕΤ
1740 1621 1824 1663 DE
1876 1622 2293 1668 ABSTINENTIA
2335 1629 2374 1670 Α
2416 1627 2835 1675 JURAMENTIS.

1957 1745 2327 1806 mssa-ee:

1059 1888 1270 1928 HOHILIA
1309 1887 1514 1937 QUABTA
1526 1915 1539 1930 .

584 1964 635 2018 l.
668 1963 983 2019 Benedictus
1028 1966 1172 2020 Deus
1194 2007 1209 2029 ,
1239 1967 1328 2036 qui
1371 1966 1615 2021 dolentes
1642 1965 1849 2020 animas
1889 1975 2098 2022 vestras

512 2056 973 2121 consolatus-test,
1019 2066 1074 2111 et
1117 2056 1427 2112 vacillantes
1471 2067 1677 2112 mentes
1725 2057 2097 2114 conﬁrmavit:

511 2149 652 2218 quod
694 2151 834 2204 enim
886 2165 1174 2220 congruam
1220 2151 1472 2220 ceperitis
1512 2151 1970 2216 consolationem,
2006 2168 2104 2223 per

515 2238 748 2293 Studium
780 2239 881 2294 hoc
903 2249 958 2294 et
986 2239 1234 2294 audiendi
1265 2240 1735 2310 promptitudinem
1766 2240 2103 2296 demonstra-

517 2331 606 2385 tis.
637 2329 752 2385 Non
784 2331 926 2385 enim
968 2331 1145 2396 datur,
1178 2333 1411 2385 animam
1459 2333 1730 2387 dolentem
1775 2341 1829 2388 et
1878 2334 2106 2388 tristitiae

519 2420 660 2475 nube
689 2435 926 2489 pressam
947 2435 1106 2491 posse
1127 2437 1245 2491 qua:
1272 2421 1521 2476 dicuntur
1544 2437 1663 2476 cum
1688 2423 2106 2492 promptitudine

517 2511 737 2576 audire;
771 2526 865 2565 vos
893 2521 1070 2566 autem
1102 2511 1260 2566 video
1285 2528 1408 2567 cum
1437 2512 1605 2567 multa
1658 2513 2027 2568 benevolentia
2055 2524 2109 2570 et

516 2603 629 2656 acri
659 2602 1019 2659 studionobis
1048 2605 1387 2659 attendentes
1431 2605 1684 2660 omnibus
1728 2606 1970 2662 tristibus
2016 2623 2110 2662 ex-

519 2694 724 2759 cussis,
770 2703 824 2748 et
865 2694 1114 2749 audiendi
1163 2695 1431 2752 desiderio
1484 2697 1767 2750 instantem
1811 2697 2107 2767 angustiam

518 2784 805 2853 repulisse.
835 2784 1125 2854 Propterea
1158 2785 1268 2841 Deo
1290 2787 1562 2840 vobiscum
1590 2788 1790 2856 gratias
1816 2802 1935 2857 ago,
1967 2789 2108 2858 quod

521 2875 911 2945 philosophiam
944 2886 1176 2932 vestram
1207 2878 1420 2933 miseria
1452 2895 1556 2932 non
1585 2879 1804 2942 vicerit,
1837 2895 1936 2935 nec
1963 2882 2112 2951 vigo-

520 2983 634 3024 rem
657 2977 890 3024 vestrum
920 2970 1080 3024 timor
1098 2971 1391 3036 remiserit,
1417 2987 1514 3025 nec
1531 2971 1860 3026 alacritatem
1877 2981 2108 3027 vestram

520 3060 834 3114 exstinxerit
863 3060 1133 3115 tribulatio
1151 3103 1164 3126 ,
1201 3077 1300 3115 nec
1325 3060 1639 3117 labefecerit
1667 3063 2110 3118 zelum-vestrum

521 3153 741 3220 periculi
772 3153 1096 3222 magnitudo,
1123 3169 1220 3208 nec
1247 3155 1576 3222 superaverit
1601 3168 1838 3209 amorem
1865 3156 1918 3210 in
1946 3156 2111 3210 Deum

527 3241 803 3297 hominum
833 3245 991 3298 timor
1010 3285 1025 3310 ,
1057 3259 1157 3300 nec
1185 3244 1418 3298 studium
1447 3254 1687 3299 vestrum
1719 3246 1976 3315 temporis
2003 3247 2110 3300 itii-

524 3337 698 3404 qnitas
727 3335 981 3404 dejecerit
1011 3354 1024 3390 :
1050 3351 1153 3390 non
1187 3343 1390 3390 tantum
1421 3351 1526 3390 non
1558 3336 1772 3406 dejecit,
1796 3336 1890 3391 sed
1910 3345 1964 3390 et
1987 3351 2113 3390 con-

532 3425 763 3482 firmavit
791 3445 804 3481 :
837 3443 941 3481 non
982 3436 1185 3481 tantum
1218 3442 1322 3482 non
1354 3427 1587 3492 remisit,
1618 3427 1710 3483 sed
1749 3436 1804 3482 et
1840 3427 2068 3482 intendit
2097 3445 2110 3480 :

530 3535 634 3572 non
666 3528 870 3574 tantum
896 3535 1004 3574 non
1031 3519 1316 3584 exstinxit,
1348 3519 1444 3575 sed
1489 3528 1543 3574 et
1581 3520 1810 3590 amplius
1848 3520 2112 3575 accendit.

526 3610 853 3666 Evacuatum
872 3611 1085 3681 quidem
1113 3611 1285 3665 forum
1303 3620 1404 3678 est,
1423 3611 1517 3666 sed
1533 3613 1758 3667 ecclesia
1779 3612 1978 3681 repleta
2004 3612 2080 3683 (a)
2099 3630 2112 3666 :

529 3701 657 3754 illud
689 3701 860 3754 luctus
883 3701 1128 3764 materia,
1160 3701 1279 3756 hate
1307 3700 1486 3771 gaudii
1513 3710 1566 3756 et
1591 3701 1790 3756 ltetitize
1825 3702 2116 3771 spiritualis

527 3791 758 3846 occasio.
785 3791 914 3845 Cum
949 3791 1108 3860 igitur
1135 3791 1185 3845 in
1213 3790 1387 3846 forum
1413 3800 1464 3847 te
1487 3791 1795 3858 contuleris,
1824 3791 2036 3857 dilecte,
2063 3801 2118 3846 et

530 3882 872 3937 solitudinem
898 3883 1240 3952 conspicatus
1279 3883 1624 3953 ingemueris,
1650 3885 1877 3955 confuge
1901 3884 1969 3938 ad
2005 3899 2120 3938 ma-

530 3985 697 4038 trem,
744 3983 799 4030 et
840 3977 1017 4030 statim
1065 3985 1114 4031 te
1149 3977 1485 4046 propriorum
1524 3976 1751 4031 ﬁliorum
1782 3976 2120 4032 multitudine

531 4065 912 4134 consolabitur,
945 4075 999 4122 et
1025 4066 1316 4138 perfectum
1349 4067 1594 4122 ostendet
1623 4069 1715 4122 tibi
1744 4068 1962 4122 fratrum
1990 4067 2120 4122 cho-

532 4173 685 4225 rum,
717 4165 772 4212 et
798 4171 1010 4212 onmem
1045 4157 1314 4213 tristitiam
1356 4159 1601 4228 repellet.
1635 4159 1691 4212 In
1737 4159 1866 4212 urbe
1906 4157 2120 4227 quidem

532 4248 676 4302 viros
705 4263 927 4302 cernere
951 4247 1320 4302 desideramus
1342 4257 1610 4318 tamquam
1638 4249 1853 4303 deserta
1885 4247 2124 4302 habitan-

535 4349 650 4405 tes;
683 4340 734 4394 in
766 4340 1044 4395 ecclesiam
1077 4355 1202 4394 vero
1228 4339 1593 4410 confugientes
1620 4341 1955 4396 multitudine
1981 4356 2124 4395 com-

534 4428 832 4498 primimur.
855 4429 922 4482 Et
940 4428 1387 4499 quemadmodum
1411 4430 1542 4484 mari
1569 4440 1844 4497 aestuante,
1868 4441 1920 4486 et
1942 4431 2124 4486 multis

535 4521 784 4591 procellis
826 4519 1036 4577 furente
1057 4564 1072 4589 ,
1111 4523 1175 4576 ad
1207 4533 1414 4592 portum
1442 4522 1729 4593 confugere
1753 4524 1912 4577 timor
1939 4538 2126 4579 omnes

537 4612 823 4681 cogitzsic
864 4621 918 4668 et
961 4629 1102 4668 nunc
1151 4613 1250 4668 fori
1299 4614 1547 4683 procellas
1576 4624 1630 4669 et
1669 4616 1895 4669 civitatis
1954 4615 2126 4671 hiems

539 4720 729 4760 omnes
765 4707 816 4760 in
845 4706 1123 4761 ecclesiam
1155 4706 1383 4781 undique
1419 4704 2128 4776 compellunt,etcharitatis

538 4798 751 4852 vinculo
770 4799 1007 4852 membra
1025 4799 1162 4852 inter
1183 4813 1240 4853 se
1263 4801 1652 4868 constringunt.
1672 4797 1880 4853 Gratias
1910 4812 2128 4866 agamus

543 4888 705 4958 igitur
733 4897 787 4942 et
814 4899 1030 4957 propter
1059 4890 1174 4943 lucc
1204 4889 1318 4943 Deo
1341 4929 1355 4953 ,
1384 4887 1524 4958 quod
1556 4895 1760 4942 tantum
1805 4903 1870 4942 ex
1911 4888 2130 4942 tribula-

543 4982 688 5036 tione
716 4982 1013 5049 carpsimus
1040 4981 1458 5035 emolumentum
1477 5022 1492 5047 ,
1519 4980 1660 5050 quod
1690 4987 1888 5034 tantam
1928 4996 1994 5033 ex
2024 4988 2132 5034 ten-

543 5071 744 5126 tatione
775 5071 1051 5127 utilitatem
1080 5073 1338 5141 cepimus.
1367 5071 1474 5125 Nisi
1506 5070 1749 5134 tentatio,
1774 5086 1872 5124 nec
1891 5085 2088 5124 corona
2113 5088 2125 5124 :

545 5165 646 5219 nisi
689 5164 975 5219 certamina
997 5205 1012 5231 ,
1041 5178 1141 5218 nec
1170 5163 1386 5233 prtemia
1417 5181 1430 5218 :
1463 5160 1575 5217 nisi
1593 5162 1793 5229 stadia,
1827 5177 1925 5216 nec
1958 5161 2131 5216 hono-

545 5269 634 5310 res
677 5272 691 5308 :
738 5253 839 5308 nisi
889 5253 1194 5319 tribulatio,
1241 5269 1342 5308 nec
1392 5254 1636 5308 remissio
1685 5270 1700 5307 :
1747 5252 1850 5307 nisi
1900 5252 2085 5323 hyems
2113 5292 2128 5317 ,

547 5347 717 5401 hiems
756 5348 796 5414 ¹,
821 5361 920 5401 nec
945 5356 1122 5402 aestas.
1149 5346 1218 5401 Et
1243 5346 1344 5400 hoc
1371 5361 1474 5400 non
1498 5347 1549 5400 in
1577 5345 1880 5400 hominibus
1907 5357 2129 5407 tantum,

545 5436 640 5492 sed
667 5438 718 5490 in
748 5436 1040 5492 seminibus
1067 5452 1280 5507 quoque
1322 5437 1449 5506 ipsis
1485 5437 1675 5492 intueri
1703 5437 1847 5492 licet.
1880 5437 1946 5491 Et
1969 5437 2020 5490 in
2051 5436 2134 5490 his

544 5527 692 5582 enim
719 5526 940 5581 multam
968 5527 1180 5596 quidem
1210 5528 1438 5596 pluviam
1459 5567 1474 5590 ,
1507 5527 1728 5581 multam
1757 5542 1887 5581 vero
1915 5527 2132 5581 nubium

613 5660 631 5730 ξ
666 5665 863 5717 Vocem,
889 5656 1058 5718 hiems,
1078 5659 1339 5721 repetitam
1359 5656 1438 5708 hic
1461 5664 1512 5708 et
1529 5657 1651 5708 infra
1677 5659 1818 5722 juxta
1840 5654 1980 5706 Savil.
2007 5657 2135 5706 inse-

549 5732 752 5770 ruimus.

615 5781 691 5844 (a)
721 5787 773 5831 tn
795 5779 1066 5832 calamitate
1089 5779 1370 5832 Antiocheni
1393 5780 1452 5832 ad
1477 5779 1735 5833 ecclesiam
1767 5779 2115 5844 confugiebant

2205 1888 2560 1960 collisioncm,
2589 1895 2807 1950 multam
2837 1895 3067 1968 denique
3093 1898 3316 1968 glaciem
3344 1898 3456 1954 ﬁeri
3485 1907 3715 1970 Oportet,
3747 1915 3792 1958 sn

2207 1997 2434 2038 vernans
2476 1987 2621 2055 spica
2659 2003 2948 2057 exsurgere
2994 1989 3183 2052 debet;
3233 1990 3320 2046 ubi
3365 2007 3493 2045 vero
3540 1993 3797 2047 sementis

2211 2083 2450 2144 tempus,
2484 2088 2692 2148 tempus
2722 2088 2777 2133 et
2808 2080 3025 2150 pluvize.
3057 2080 3345 2151 Postquam
3386 2081 3546 2152 igitur
3573 2091 3628 2138 et
3653 2098 3796 2138 nune

2208 2167 2406 2238 ingruit
2446 2168 2639 2234 hiems,
2679 2171 2851 2227 hiems
2871 2173 3190 2240 animarum,
3215 2189 3320 2228 non
3341 2175 3484 2229 acris
3512 2193 3525 2229 :
3555 2191 3798 2229 seramus

2209 2269 2262 2313 et
2288 2273 2386 2314 nos
2417 2259 2469 2314 in
2500 2259 2602 2316 hac
2649 2259 2840 2330 hieme,
2873 2265 3008 2320 utin
3033 2274 3218 2322 aestate
3242 2279 3540 2322 metamus:
3566 2268 3788 2322 semine-

2211 2365 2331 2406 mus
2357 2352 2619 2424 lacrymas
2639 2394 2654 2420 ,
2682 2362 2737 2408 ut
2768 2355 3176 2410 exsultationem
3199 2367 3478 2412 metamus.
3499 2357 3614 2412 Non
3646 2373 3799 2412 meus

2213 2442 2299 2497 hic
2326 2459 2505 2498 sermo
2524 2486 2539 2510 ,
2585 2446 2896 2516 prophetica
2922 2447 3254 2504 denuntiatio
3280 2459 3361 2505 est
3385 2467 3398 2503 :
3427 2450 3528 2515 Qui
3551 2451 3800 2505 semimmt

2211 2535 2265 2589 in
2295 2535 2550 2607 lacrymis,
2585 2539 2774 2608 inquit,
2808 2540 2859 2593 in
2889 2541 3226 2596 exsultatione
3251 2550 3436 2596 metent
3467 2541 3637 2613 (Psal.
3669 2541 3797 2597 123.

2211 2630 2288 2700 5).
2318 2629 2432 2684 Non
2460 2632 2538 2686 sic
2563 2632 2767 2686 semina
2796 2632 3059 2688 demissus
3085 2632 3256 2688 imher
3283 2636 3583 2704 germinare
3605 2644 3657 2690 et
3682 2650 3798 2689 ere-

2211 2737 2368 2777 scere
2396 2722 2542 2789 facit,
2574 2733 2631 2777 ut
2663 2724 2874 2792 pietatis
2897 2739 3078 2780 semen
3110 2726 3309 2780 excitat
3333 2736 3387 2780 et
3418 2742 3644 2781 vernare
3678 2726 3801 2782 lacit

2214 2829 2278 2869 ex
2306 2815 2556 2886 lacrymis
2579 2832 2738 2871 ruens
2764 2817 2932 2872 imber
2961 2834 2975 2869 :
3005 2816 3091 2872 hic
3119 2819 3350 2872 animam
3381 2818 3640 2888 deterget,
3673 2818 3784 2872 irri-

2213 2916 2302 2977 gat
2328 2917 2560 2962 meutem
2581 2949 2595 2972 ,
2627 2909 2882 2964 doctrina:
2912 2925 3131 2980 germen
3174 2911 3322 2966 brevi
3363 2912 3608 2981 progredi
3638 2911 3761 2965 facit
3795 2952 3803 2964 .

2215 3010 2494 3072 propterea
2521 3012 2574 3056 et
2601 3002 2915 3072 profundum
2938 3003 3142 3058 sulcum
3173 3003 3516 3074 proscindere
3545 3018 3800 3058 necessa-

2217 3094 2353 3147 rium
2383 3112 2395 3148 :
2423 3094 2618 3148 etenim
2646 3104 2696 3148 et
2728 3094 2829 3149 hoc
2857 3095 3113 3164 propheta
3152 3094 3429 3149 admonuit
3470 3095 3541 3148 ita
3577 3094 3760 3148 dicens
3799 3115 3802 3146 ;

2220 3181 2419 3237 Novate
2440 3184 2575 3237 vobis
2602 3185 2802 3238 novalia
2825 3225 2840 3251 ,
2870 3194 2916 3238 et
2946 3185 3098 3238 nolite
3118 3185 3367 3239 seminare
3389 3186 3441 3237 in
3466 3184 3624 3254 spinis
3655 3182 3802 3255 (Jer.

2217 3275 2270 3329 4.
2298 3275 2375 3342 5).
2406 3275 2860 3342 Quemadmodum
2888 3275 3047 3346 igitur
3073 3275 3163 3344 qui
3189 3285 3426 3330 aratrum
3456 3276 3691 3329 immittit
3717 3275 3800 3329 itt-

2221 3363 2370 3419 ferne
2398 3373 2590 3419 terram
2622 3365 2822 3430 sulcat,
2857 3374 3018 3419 tutam
3065 3367 3356 3421 seminibus
3384 3365 3677 3420 custodiam
3705 3379 3802 3433 pa-

2218 3470 2364 3524 rans,
2397 3471 2464 3510 ne
2485 3456 2625 3524 jacta
2654 3457 2704 3510 in
2733 3456 3013 3525 superﬁcie
3039 3467 3384 3520 remaneant,
3425 3456 3518 3511 sed
3563 3457 3614 3510 in
3661 3456 3806 3526 ipsos

2221 3552 2537 3603 termesinus
2557 3548 2869 3614 condantur,
2890 3558 2941 3604 et
2970 3549 3020 3603 in
3040 3558 3151 3604 tuto
3181 3550 3387 3604 radices
3417 3548 3578 3619 ﬁgant
3606 3565 3620 3600 :
3650 3549 3726 3602 sic
3750 3557 3805 3602 et

2220 3657 2320 3697 nos
2339 3643 2510 3698 facere
2528 3644 2968 3711 necessarium,et
2986 3653 3250 3712 tamquam
3274 3651 3451 3698 aratro
3469 3640 3805 3696 tribulatione

2222 3745 2463 3801 utentes,
2515 3736 2692 3790 cordis
2740 3736 3058 3805 profundum
3098 3735 3341 3791 scindere
3375 3753 3387 3789 :
3423 3735 3525 3791 hoc
3569 3735 3711 3790 enim
3753 3743 3806 3788 et

2223 3829 2356 3883 alius
2383 3827 2640 3898 prepheta
2662 3828 2932 3894 admonet,
2958 3829 3174 3883 dicens:
3201 3828 3428 3883 Scindite
3452 3827 3607 3881 corda
3623 3836 3802 3893 vestra,

2224 3930 2272 3975 et
2300 3937 2400 3975 non
2429 3921 2721 3975 vestimenta
2764 3931 2928 3974 vestra
2971 3919 3122 3990 (Joel
3182 3919 3238 3973 2.
3270 3917 3399 3991 l5).
3428 3918 3600 3974 Corda
3650 3919 3808 3988 igitur

2225 4012 2550 4079 scindamus,
2585 4021 2641 4067 ut
2662 4013 2704 4067 si
2735 4028 2837 4084 qua
2867 4013 3002 4067 mala
3032 4012 3216 4076 herba,
3250 4023 3305 4067 et
3333 4012 3516 4067 dolosa
3557 4013 3808 4082 cogitatio

2227 4106 2379 4160 nobis
2422 4106 2580 4169 inest,
2613 4103 2866 4158 radicitus
2886 4119 3004 4159 eam
3025 4104 3301 4169 vellamus,
3329 4114 3379 4158 et
3408 4117 3569 4174 puras
3599 4103 3811 4173 pietatis

2227 4198 2521 4254 seminibus
2565 4207 2736 4254 terras
2765 4197 3129 4253 exhibeamus.
3158 4197 3268 4250 Nisi
3302 4195 3442 4251 enim
3484 4209 3626 4249 nunc
3653 4208 3812 4249 reno-

2227 4305 2447 4355 vetnus,
2481 4290 2580 4344 nisi
2614 4306 2756 4345 nunc
2794 4290 3155 4356 seminemus,
3201 4288 3300 4342 nisi
3341 4302 3482 4342 nunc
3528 4285 3813 4341 fundamus

2229 4383 2509 4455 lacrymas,
2544 4393 2664 4435 cum
2689 4381 2838 4435 adest
2873 4380 3143 4436 tribulatio
3185 4388 3239 4434 et
3274 4378 3571 4448 jejunium,
3600 4375 3816 4447 quando

2231 4487 2479 4540 umquam
2518 4472 2569 4524 in
2609 4471 3074 4538 compunctionem
3101 4468 3412 4525 veniemus?
3441 4483 3563 4521 num
3596 4465 3812 4535 quando

2230 4562 2477 4617 remissio
2500 4570 2555 4616 et
2578 4561 2783 4615 deliciae
2809 4560 3038 4614 fuerint?
3059 4558 3167 4614 Sed
3197 4559 3298 4613 hoc
3328 4558 3442 4612 ﬁeri
3473 4573 3576 4611 non
3606 4564 3815 4626 potest:

2232 4652 2480 4708 remissio
2509 4652 2653 4708 enim
2685 4662 2738 4706 et
2765 4651 2972 4706 deliciae
3005 4651 3056 4704 in
3088 4649 3369 4720 segnitiem
3399 4647 3654 4703 inducere
3682 4662 3819 4702 con-

2234 4753 2554 4812 suevcrunt,
2583 4746 2719 4799 sicut
2748 4744 3020 4799 tribulatio
3043 4743 3108 4797 ad
3151 4742 3384 4797 studium
3427 4756 3677 4796 revocare
3700 4778 3717 4804 ,
3763 4748 3820 4792 et

2235 4849 2467 4896 mentem
2495 4839 2729 4894 exterius
2752 4839 2889 4893 circa
2919 4836 3085 4891 multa
3115 4844 3394 4905 vagantem
3422 4845 3479 4889 et
3505 4843 3818 4902 occupatam

2235 4933 2302 4988 ad
2331 4948 2450 4988 sese
2482 4939 2818 4986 convertere.
2847 4929 2923 4984 Ne
2963 4929 3121 4999 igitur
3160 4929 3227 4984 dc
3256 4926 3357 4982 hac
3391 4926 3601 4984 tristitia
3629 4924 3820 4979 dolea—

2235 5039 2376 5087 mus,
2409 5023 2502 5078 scd
2533 5023 2641 5077 Deo
2667 5021 2867 5091 gratias
2905 5033 3124 5090 agamus
3152 5036 3167 5075 :
3197 5017 3419 5072 multum
3457 5016 3598 5072 enim
3627 5030 3692 5069 ex
3723 5014 3822 5067 tri-

2239 5115 2509 5170 bulatione
2539 5115 2768 5168 lucrum.
2795 5111 2927 5166 Nam
2967 5118 3018 5165 et
3059 5124 3178 5164 cum
3211 5107 3439 5178 agricola
3469 5107 3671 5161 semina
3699 5121 3820 5159 cum

2239 5211 2407 5265 multo
2429 5210 2611 5264 labore
2631 5207 2854 5263 collecta
2881 5204 3242 5268 seminaverit,
3269 5210 3329 5257 ut
3352 5201 3602 5256 adveniat
3630 5199 3820 5262 imber,

2239 5310 2492 5370 exoptat:
2523 5309 2578 5354 et
2607 5299 2822 5370 ignarus
2861 5296 3124 5368 quispiam
3169 5295 3348 5350 omnia
3389 5308 3507 5363 qua:
3539 5291 3667 5346 ﬁunt
3706 5305 3826 5344 cer.

2241 5409 2411 5459 nens,
2466 5391 2833 5456 admirabitur,
2887 5387 3128 5457 forteque
3182 5385 3322 5455 apud
3365 5386 3596 5453 seipsum
3642 5381 3822 5436 dicet:

2240 5487 2377 5552 Quid
2425 5485 2511 5539 hic
2555 5484 2717 5537 homo
2758 5479 2969 5536 tandem
3000 5479 3160 5534 facit?
3186 5478 3405 5533 collecta
3435 5475 3692 5544 dissipat,
3725 5488 3828 5528 nec

2243 5578 2465 5646 dissipat
2493 5585 2694 5630 tantum
2717 5614 2732 5638 ,
2764 5572 2858 5626 sed
2888 5580 2941 5626 et
2968 5581 3122 5625 terra:
3147 5583 3265 5623 cum
3299 5567 3463 5620 multa
3501 5581 3626 5621 cura
3671 5578 3825 5618 com-

2243 5672 2451 5733 miscet,
2479 5682 2545 5722 nc
2571 5667 2722 5723 facile
2752 5665 2928 5733 colligi
2958 5661 3194 5732 possint;
3225 5674 3323 5713 uec
3355 5658 3664 5712 commiscet
3709 5666 3827 5709 tau—

2245 5774 2352 5820 tum
2395 5773 2584 5828 terrm,
2631 5757 2723 5813 sed
2769 5765 2820 5811 et
2861 5763 3007 5826 optat
3037 5754 3405 5809 vehementem
3447 5748 3714 5820 pluviam,
3769 5755 3828 5802 ut
