4072 6384
382 429 448 484 σί
1173 423 1229 476 S.
1273 420 1563 477 JO.\NN|S
1603 419 2094 476 CHRYSOSTOMI
2138 419 2459 478 ARCHIEP.
2503 423 3049 483 CONSTANTINOP.
3761 432 3832 489 σε

380 541 685 614 θορυϐεῖται
703 539 911 611 βλέπων
927 535 1150 608 βροντάς
1166 536 1710 608 καταρρηγνυμένας,
1738 536 1830 588 καὶ
1847 536 2047 606 ἀστρα-

381 631 487 693 πάς
514 626 975 697 καταφερομένοις·
997 625 1025 676 6
1040 625 1095 676 δὲ
1109 623 1344 692 γηπόνος
1374 624 1472 692 ούχ
1495 621 1686 685 οὕτως,
1714 621 1849 674 άλλά
1869 621 2046 690 χαίρει

380 722 475 773 καὶ
496 717 786 786 ἀγάλλεται
811 713 1055 783 χειμῶνα
1075 712 1214 782 ὁρῶν
1230 729 1246 743 ο
1275 713 1336 764 ού
1359 712 1467 784 γὰρ
1491 711 1558 764 τά
1583 711 1824 782 παρόντα
1843 710 2047 780 βλέπει,

379 806 514 860 ἀλλὰ
537 805 606 857 τά
640 802 898 874 μέλλοντα
917 799 1174 869 ἀναμένει
1197 815 1210 827 ·
1261 801 1323 852 οὑ
1365 801 1498 870 1:96;
1527 799 1625 861 τὰς
1663 799 1888 867 βροντὰς
1925 798 2048 868 ὁρᾷ,

379 892 514 945 ἀλλά
541 891 608 942 τὰ
649 889 936 959 δράγματα
962 883 1357 954 ἀναλογίζεταιο
1385 885 1446 937 οῦ
1472 886 1541 938 τὰ
1570 884 1851 954 σηπόμενα
1879 885 2050 954 σπέρ-

384 997 550 1050 ματα,
579 976 712 1030 ἀλλά
735 976 859 1037 τοὺς
883 973 1165 1043 κομῶντας
1192 973 1449 1042 στάχυας
1481 971 1540 1023 οὔ
1564 971 1653 1023 τὸν
1683 971 1936 1042 φορτικὸν
1962 972 2052 1022 6s-

377 1069 488 1123 τον.
522 1065 657 1118 άλλά
683 1063 774 1115 τὸν
791 1063 1008 1131 ἥδιστον
1034 1062 1132 1130 τῆς
1169 1060 1281 1113 ἆλω
1313 1059 1611 1130 κονιορτόν.
1660 1058 1817 1111 Οὑτω
1857 1059 1919 1128 δὴ
1957 1058 2050 1110 καὶ

376 1156 537 1224 ήμεῖς
568 1151 640 1223 μὴ
663 1150 761 1221 τὴν
784 1149 960 1218 θλῖψιν
986 1147 1201 1218 όρῶμεν
1218 1146 1314 1216 τὴν
1337 1145 1636 1216 παροῦσαν,
1660 1146 1793 1215 μηδὲ
1817 1144 1915 1216 τὴν
1933 1145 2051 1198 66'3-

378 1257 496 1309 νην,
525 1238 660 1292 ἀλλά
692 1238 789 1307 τὴν
823 1235 884 1300 ἐξ
905 1235 1072 1302 αὑτῆς
1097 1233 1390 1303 γινομένην
1425 1232 1715 1301 ὠφέλειαν,
1747 1232 1836 1284 τὸν
1869 1231 1927 1296 ὲξ
1952 1233 2049 1284 αύ-

376 1327 476 1396 τῆς
507 1324 821 1394 τικτόμενον
862 1321 1074 1392 καρπόν
1101 1337 1114 1350 ο
1151 1321 1535 1390 ἀναμείνωμεν
1558 1320 1657 1388 τῆς
1687 1317 1798 1372 ἀλω
1820 1318 1888 1371 τά
1919 1319 2049 1389 δρά-

378 1430 564 1484 γματα
584 1429 596 1441 ·
652 1411 747 1463 καὶ
789 1411 896 1480 γὰρ
922 1410 1018 1462 ἔάν
1059 1409 1318 1478 νήφωμεν
1337 1447 1352 1471 ,
1404 1409 1570 1462 πολὺν
1605 1407 1711 1460 ἀπὸ
1738 1406 1832 1459 τοῦ
1857 1406 2046 1478 καιροῦ

376 1501 564 1556 τούτου
594 1497 934 1568 δυνησόμεθα
965 1499 1290 1564 συναγαγεῖν
1317 1495 1408 1548 τὸν
1451 1495 1683 1566 καρπὸν,
1711 1495 1805 1546 καὶ
1829 1494 2049 1566 πληρῶ-

379 1607 469 1643 σαι
501 1587 569 1640 τὰ
599 1588 822 1655 ταμιεῖα
851 1583 949 1653 τῆς
977 1584 1211 1645 διανοίας
1226 1583 1322 1652 τῆς
1355 1583 1626 1652 ἡμετέρας
1646 1599 1659 1612 ·
1679 1582 1745 1635 ἂν
1765 1582 2044 1651 νήφωμεν,

376 1677 437 1728 ού
473 1675 631 1746 μόνον
663 1671 817 1724 οῦδὲν
849 1669 1150 1740 πεισόμεθα
1179 1669 1286 1721 ἀπὸ
1313 1668 1412 1736 τῆς
1445 1667 1672 1737 θλίψεως
1699 1667 1901 1738 ταύτης
1939 1668 2048 1721 δει-

375 1764 487 1827 νὸν,
514 1760 650 1815 ἀλλά
693 1759 784 1812 καὶ
825 1756 992 1828 μυρία
1021 1755 1425 1826 καρπωσόμεθα
1453 1755 1666 1824 ἀγαθά-
1700 1756 1766 1809 ἂν
1793 1756 1847 1808 δὲ
1883 1753 2046 1826 ῥᾳθυ-

381 1851 592 1921 μῶμεν,
619 1850 712 1900 καὶ
741 1847 774 1916 ή
797 1845 979 1906 ἄνεσις
998 1844 1144 1913 ήμᾶς
1164 1841 1354 1895 ἀπολεῖ
1373 1860 1384 1872 '
1420 1842 1510 1895 τὸν
1542 1842 1638 1912 μὲν
1659 1843 1768 1911 γάρ
1789 1842 1862 1913 μὴ
1881 1859 2046 1912 προσ-

376 1941 570 2007 έχοντα
615 1935 851 2004 ἑκάτερα
895 1931 1142 2001 βλάπτει,
1176 1929 1338 1996 τὸνρὲ
1368 1929 1506 2000 μετὰ
1548 1929 1829 2000 ἀκριϐείας
1868 1929 2044 1994 ζῶντα

375 2026 660 2098 ἀμφότερα
690 2023 910 2091 ὠφελεῖ.
949 2021 1059 2073 Καὶ
1086 2020 1339 2090 καθάπερ
1365 2019 1429 2072 τὸ
1449 2020 1692 2090 χρυσίον,
1728 2020 1826 2073 κᾶν
1860 2019 2044 2073 ὕδασιν

373 2117 630 2187 ὁμιλήσῃ,
652 2115 749 2183 τήν
775 2111 980 2165 οἰκείαν
1005 2109 1338 2179 εὐπρέπειαν
1379 2108 1746 2160 ἐπιδείκνυται
1765 2141 1782 2168 ,
1810 2107 1914 2160 κᾶν
1964 2109 2044 2171 εἰς

373 2204 736 2275 χωνευτήριον
753 2198 988 2269 ἐμπέσῃ.
1010 2196 1356 2266 φαιδρότερον
1375 2194 1576 2262 γίνεται
1605 2194 1782 2248 πάλινο
1810 2197 1838 2247 6
1867 2195 1922 2246 δὲ
1947 2211 2046 2264 πη·

371 2291 460 2354 λὸς
486 2292 578 2343 καὶ
603 2293 630 2342 6
655 2288 867 2359 χόρτος,
902 2284 1004 2338 κᾶν
1027 2284 1213 2336 ὕδασιν
1227 2281 1546 2352 ἀναμιχθεὶς
1567 2281 1726 2352 τύχῃ,
1747 2282 1774 2334 6
1809 2281 1908 2352 μὲν
1925 2281 2038 2335 δια·

371 2378 577 2441 λύεται,
616 2377 645 2429 6
672 2375 731 2428 δὲ
759 2375 991 2444 σήπεται
1011 2387 1025 2402 ο
1049 2369 1148 2423 κᾶν
1177 2369 1257 2431 είς
1295 2367 1405 2438 πῦρ
1438 2368 1675 2440 ἐμπέσῃ.
1707 2369 1735 2419 ὁ
1773 2367 1872 2437 μὲν
1903 2368 2044 2438 φρύ..

370 2481 552 2534 γεται,
585 2465 614 2516 6
641 2463 698 2514 δὲ
738 2458 1132 2515 κατακαίεται·
1165 2454 1306 2508 οῦτω
1343 2455 1406 2525 δὴ
1445 2455 1539 2507 καὶ
1569 2455 1597 2506 6
1634 2455 1860 2518 δίκαιος,
1893 2455 1986 2508 καὶ
2015 2458 2043 2509 6

371 2549 690 2622 ἁμαρτωλός
711 2566 724 2580 ο
748 2550 776 2600 6
799 2547 895 2617 μὲν
917 2543 1154 2614 γὰρ,κΞιν
1179 2542 1412 2605 ἀνέσεως
1435 2541 1702 2612 ἀπολαύῃ,
1732 2541 1881 2612 μένει
1906 2542 2043 2612 λαμ-

370 2639 527 2712 πρὸς,
549 2636 796 2705 καθάπερ
819 2633 878 2686 :6
903 2630 1123 2702 χρυσίον
1141 2627 1598 2699 περικλυζόμενον
1628 2627 1778 2680 ῦδατι
1799 2644 1810 2656 ·
1841 2627 1941 2681 κᾶν
1962 2631 2041 2692 εἰς

370 2724 676 2797 πειρασμὸν
729 2721 982 2792 ἐμπέσῃ,
1025 2716 1370 2787 φαιδρότερος
1421 2716 1650 2783 γίνεται,
1701 2716 1949 2786 καθάπερ
1982 2716 2042 2768 :6

373 2811 594 2884 χρυσίον
623 2807 1040 2880 βασανιζόμενον
1069 2803 1173 2855 ὑπὸ
1206 2803 1298 2855 τοῦ
1323 2803 1488 2873 πυρός
1513 2819 1524 2831 ο
1549 2804 1577 2855 6
1602 2803 1658 2856 δὲ
1697 2803 2040 2874 ἀμαρτωλος,

374 2903 478 2954 κᾶν
506 2899 742 2960 ἀνέσεως
777 2894 916 2966 τύχῃ
935 2906 984 2958 θ,
1011 2891 1284 2945 διαλύεται
1308 2891 1399 2943 καὶ
1431 2891 1827 2959 κατασήπεται,
1868 2891 2040 2944 καθὰ-

373 3005 478 3059 περ
503 2989 532 3040 6
553 2986 742 3057 χόρτος
770 2983 865 3036 καὶ
897 2984 924 3036 6
955 2979 1123 3052 πηλὸς
1150 2978 1352 3050 ὁμιλῶν
1390 2977 1541 3030 ῦδατι
1568 2991 1581 3005 ‘
1612 2977 1714 3030 κᾶν
1741 2977 2041 3048 πειρασμὸν

371 3074 660 3146 ὑπομείνῃ,
687 3066 1151 3124 κατακαίεταικαὶ
1179 3064 1494 3129 ἀπόλλυται,
1519 3062 1764 3135 καθάπερ
1783 3065 1811 3118 6
1848 3064 2039 3135 χόρτος

370 3163 464 3215 καί
498 3158 665 3229 πηλὸς
693 3157 796 3210 ὑπὸ
828 3153 922 3206 τοῦ
952 3151 1142 3222 πυρός.

440 3247 532 3319 Μή
559 3246 734 3299 τοίνυν
759 3242 1009 3312 ἀλύωμεν
1035 3241 1126 3292 ἐπὶ
1151 3241 1260 3302 τοῖς
1294 3238 1527 3310 παροῦσι
1547 3239 1738 3302 δεινοῖς
1759 3255 1772 3270 ο
1815 3241 1909 3293 ἐὰν
1929 3240 2040 3312 γὰρ

371 3335 644 3406 ἁμαρτίας
687 3332 838 3404 ἔχῃς,
884 3328 1239 3397 ἀφανίζονται
1285 3327 1378 3379 καὶ
1422 3327 1808 3381 κατακαίονται
1843 3329 2042 3400 ῥᾳδίως

370 3428 475 3481 ὑπὸ
491 3427 589 3494 τῆς
611 3424 842 3492 θλίψεως
859 3437 873 3451 ο
895 3419 989 3472 ἔάν
1011 3418 1067 3471 δὲ
1081 3416 1277 3488 ἀρετὴν
1299 3415 1449 3486 ἔχῃς,
1478 3416 1774 3488 λαμπρύνῃ
1809 3419 1902 3470 καὶ
1923 3436 2042 3486 φαι.

366 3516 534 3588 δρύνῃ
567 3516 658 3567 ὑπ’
682 3511 880 3580 αὐτ-ἧς’
916 3508 1010 3561 ὲάν
1043 3506 1151 3576 γὰρ
1183 3506 1465 3575 ἀγρυπνῇς
1499 3505 1761 3574 διηνεκῶς
1795 3505 1912 3577 [51]
1947 3507 2041 3560 καὶ

370 3607 568 3675 νήφῃς,
601 3600 870 3671 ἀνῶτερος
899 3595 996 3664 ἔσῃ
1047 3593 1250 3662 βλάϐης
1293 3593 1532 3661 ἀπάσης.
1573 3593 1648 3645 Οὐ
1694 3593 1802 3663 γὰρ
1847 3595 1880 3664 ή
1931 3595 2039 3648 τῶν

369 3689 691 3763 πειρασμῶν
717 3687 895 3754 φύσις,
934 3680 1047 3735 ἀλλ’
1077 3682 1109 3749 ή
1146 3680 1254 3732 τῶν
1287 3679 1690 3751 πειραζομένων
1715 3680 1954 3752 ῥᾳθυμία
1974 3685 2041 3739 τὰ

370 3782 636 3850 πτώματα
665 3771 991 3846 ἐργάζεσθαι
1035 3771 1296 3837 πέφυκεν.
1334 3769 1494 3821 Ὥστε
1534 3768 1581 3819 εί
1615 3765 1792 3835 βούλει
1829 3773 2040 3841 τρυφᾷν

369 3869 463 3920 καὶ
498 3863 733 3923 ἀνέσεως
781 3855 1073 3912 ἀπολαύειν
1113 3856 1208 3908 καὶ
1261 3853 1477 3924 ήδονῆς,
1537 3853 1612 3923 μὴ
1646 3853 1800 3923 ζήτει
1847 3856 2040 3926 ἡδονὴν

372 3957 510 4026 μήτε
548 3953 750 4010 ἄνεσιν,
790 3945 926 3999 άλλά
951 3944 1100 4013 ζήτει
1123 3941 1300 4013 ψυχὴν
1338 3942 1616 4012 ὑπομονῆς
1638 3941 1920 4012 γέμουσαν
1945 3947 2039 3997 καὶ

369 4038 664 4113 καρτερίαν
716 4030 1085 4094 ἐπιδείξασθαι
1124 4028 1459 4099 δυναμένην
1502 4027 1576 4092 ῶς
1630 4028 1724 4081 ἐὰν
1772 4029 1846 4100 μὴ
1881 4030 2039 4086 τοῦτο

369 4129 518 4202 ἔχῃς,
552 4124 671 4192 οὐχὶ
704 4117 1006 4190 πειρασμός
1033 4134 1090 4170 σε
1114 4116 1320 4184 ἐλέγξει
1354 4116 1538 4186 μόνον,
1569 4115 1706 4170 ἀλλά
1735 4119 1828 4171 καὶ
1856 4119 2039 4184 ἀνεσίς

372 4234 432 4270 σε
461 4212 652 4268 ἀπολεῖ
685 4209 776 4263 καὶ
802 4204 1098 4259 καταϐαλεῖ
1129 4203 1410 4274 μειζόνως.
1445 4204 1568 4256 ’Ότι
1601 4202 1708 4274 γὰρ
1741 4206 1839 4275 οὐχ
1866 4207 1898 4276 ή
1930 4207 2038 4260 τῶν

367 4301 554 4357 δεινῶν
571 4299 598 4338 b
617 4294 912 4366 προσϐολὴ,
934 4291 1097 4362 ἀλλ’ἢ
1121 4291 1219 4360 τῆς
1248 4291 1519 4361 ἡμετέρας
1542 4291 1776 4354 διανοίας
1797 4293 2038 4364 ῥᾳθυμία

367 4387 662 4458 ἀνατρέπει
691 4383 785 4451 τὴν
805 4380 1078 4450 σωτηρίαν
1109 4378 1286 4448 ήμῶν,
1317 4379 1548 4432 ἄκουσον
1583 4377 1636 4430 τί
1662 4395 1826 4448 φησιν
1859 4381 2036 4453 ὀΧρι-

367 4475 524 4537 στός·
560 4470 684 4536 Πᾶς
720 4468 887 4532 ὅστις
936 4466 1138 4520 ἀκούει
1176 4483 1295 4533 μου
1338 4463 1478 4529 τοὺς
1505 4464 1726 4533 λόγους
1762 4465 2031 4534 τούτους,

367 4561 467 4616 καὶ
493 4557 646 4612 ποιεῖ
661 4553 902 4618 αὐτοὺς,
926 4550 1348 4620 ὁμοιωθήσεται
1378 4551 1550 4618 ἀνδρὶ
1565 4552 1847 4620 φρονίμῳ.
1866 4553 2035 4622 ὅστις

363 4646 710 4713 ᾠκοδόμησε
757 4641 869 4706 τὴν
921 4640 1118 4692 οὶκίαν
1164 4639 1352 4692 αὑτοῦ
1384 4638 1479 4690 ἐπὶ
1514 4637 1627 4705 τὴν
1656 4638 1900 4705 πέτραν,
1934 4643 2032 4696 καὶ

365 4731 578 4797 κατέϐη
601 4730 638 4795 ἡ
655 4726 876 4794 βροχὴ,
895 4725 993 4778 καὶ
1015 4720 1205 4793 ἦλθον
1229 4726 1282 4776 οἱ
1305 4723 1577 4792 ποταμοὶ,
1609 4725 1704 4777 καὶ
1725 4725 2035 4782 ἔπνευσαν

363 4822 416 4872 οί
442 4817 664 4883 ἄνεμοι,
695 4811 790 4865 καὶ
829 4808 1246 4878 προσέρῤηξαν
1265 4808 1339 4877 τῇ
1362 4809 1518 4874 οἰκίᾳ
1539 4809 1766 4876 ἐκείνῃ,
1797 4811 1897 4864 καὶ
1921 4817 2031 4868 οὐκ

362 4907 543 4958 ἔπεσε
568 4912 590 4938 ο
613 4917 624 4930 ·
653 4897 1033 4966 τεθεμελίωτο
1053 4896 1161 4966 γὰρ
1181 4896 1278 4949 ἐπὶ
1296 4895 1410 4963 τὴν
1431 4894 1654 4963 πέτραν
1674 4911 1688 4926 ⁶
1712 4897 1807 4950 καὶ
1833 4899 2000 4954 πάλιν
2015 4919 2030 4934 ι

365 4993 573 5053 ’Ὅστις
605 4985 804 5040 ἀκούει
822 5001 941 5052 μου
965 4982 1106 5048 τοὺς
1130 4982 1353 5051 λόγους
1375 4982 1646 5047 τούτους,
1669 4983 1767 5035 καὶ
1789 4986 1860 5038 οὐ
1879 4990 2042 5043 ποιεῖ

361 5074 603 5139 αὐτοὺς.
625 5069 1046 5140 ὁμοιωθήσεται
1064 5069 1233 5136 ἀνδρὶ
1251 5067 1444 5138 μωρῷ,
1465 5068 1632 5134 ὅστις
1646 5069 2033 5141 ᾠκοδόμησεν

361 5157 546 5214 αὑτοῦ
561 5157 674 5222 τὴν
686 5153 883 5208 οὶκίαν
892 5153 990 5205 ἐπὶ
1004 5152 1120 5221 τὴν
1134 5151 1398 5221 ψάμμον,
1413 5152 1508 5204 καὶ
1525 5152 1742 5220 κατέϐη
1761 5153 1797 5219 ἡ
1807 5156 2026 5226 βροχὴ,

362 5242 459 5295 καὶ
494 5237 682 5308 ἦλθον
702 5239 756 5290 οὶ
782 5237 1054 5302 ποταμοὶ,
1105 5235 1202 5286 καί
1235 5234 1544 5286 ἔπνευσαν
1583 5238 1634 5287 οἱ
1663 5234 1888 5304 ἄνεμοι,
1931 5243 2029 5294 καὶ

362 5321 781 5392 προσέρῤηξαν
813 5318 886 5386 τῇ
909 5320 1066 5384 οἰκίᾳ
1101 5319 1323 5384 ἐκείνῃ,
1354 5319 1449 5369 καὶ
1474 5317 1787 5385 κατέπεσε,
1820 5322 1918 5374 καὶ
1952 5318 2031 5391 ἦν

362 5406 400 5471 ἠ
435 5401 659 5466 πτῶσις
678 5400 867 5467 αὐτῆς
895 5399 1148 5468 μεγάλη.
1190 5400 1354 5469 Ὁρᾷς
1386 5401 1468 5450 δτι
1493 5401 1592 5470 οὐχ
1619 5403 1675 5453 αἱ
1705 5401 1812 5456 τῶν
1842 5421 2029 5474 πειρα-

362 5486 512 5554 σμῶν
548 5484 860 5555 προσϐολαὶ,
904 5483 1021 5535 ἀλλ’
1063 5485 1096 5551 ὴ
1121 5481 1228 5534 τῶν
1269 5481 1699 5553 οἰκοδομούντων
1739 5487 1891 5540 ἄνοια
1929 5489 2028 5560 τὴν

361 5567 568 5620 πτῶσιν
585 5567 835 5636 ἐποίησεν
851 5583 866 5629 ;
884 5567 995 5619 Καὶ
1010 5564 1118 5635 γὰρ
1134 5568 1247 5618 έκεῖ
1265 5566 1452 5636 βροχὴ,
1471 5569 1564 5621 καὶ
1585 5569 1816 5623 ἐνταῦθα
1837 5571 2023 5644 βροχή·

361 5652 523 5703 κάκεῖ
553 5651 808 5719 ποταμοὶ,
837 5651 931 5702 καὶ
963 5647 1196 5702 ἐνταῦθα
1224 5651 1488 5718 ποταμοί·
1521 5653 1681 5705 κάκεῖ
1704 5657 2026 5724 πνευμάτων

362 5731 676 5800 προσϐολαὶ,
722 5733 816 5786 καὶ
862 5732 1096 5786 ἐνταῦθα
1125 5732 1184 5784 :6
1223 5732 1355 5785 αὐτὸ
1383 5731 1574 5787 τοῦτο·
1603 5737 1854 5801 κάκεῖνος
1887 5739 2026 5808 ᾠκο-

421 5868 447 5932 _‘
471 5866 640 5932 yol-gl.
663 5875 713 5932 e_l
737 5868 884 5932 Savil,
911 5870 959 5915 in
983 5882 1132 5929 marg.
1158 5870 1532 5932 ἀνέσεωςτύχοι.

420 5927 446 5992 lg
474 5929 726 5992 §ic§anL
752 5935 805 5992 ει
823 5931 1007 5979 aliquot
1027 5927 1142 5977 mss.
1166 5937 1318 5979 recte.
1344 5927 1514 5982 Mofél.
1539 5936 1635 5982 τῶν
1662 5935 1863 5992 ἡδονῶν.

422 5989 445 6018 θ
462 5987 620 6042 .Savil.
647 5989 896 6036 κατέπεσε.

2152 536 2377 607 δόμησε,
2409 538 2501 591 καὶ
2532 532 2684 604 οὗτος
2725 541 3040 614 ᾠκοδόμησε
3059 560 3070 574 ·
3099 543 3192 597 καὶ
3225 542 3414 614 ήαύτὴ
3436 542 3713 614 οἰκοδομὴ,
3736 558 3833 600 και

2153 622 2201 672 οἱ
2232 622 2386 675 αὑτοὶ
2415 625 2740 696 πειρασμοίο
2776 626 2967 679 ἀλλὀὐ
2992 627 3053 680 τὸ
3086 627 3218 680 αὐτὸ
3249 629 3422 692 τέλος,
3467 629 3656 700 ἐπειδὴ
3681 630 3777 700 οὑχ
3800 633 3833 684 6

2156 708 2319 771 αὐτὸς
2355 709 2624 780 θεμέλιος.
2658 713 2734 765 Οὑ
2775 713 2882 784 γὰρ
2915 714 3021 767 τῶν
3048 715 3370 785 πειρασμῶν
3409 717 3441 784 ἠ
3487 714 3668 783 φύσις,
3695 716 3835 768 ἀλλὰ

2151 793 2244 846 τοῦ
2290 795 2737 866 οἰκοδομήσαντος
2776 800 2808 870 ή
2838 799 2987 852 ἄνοια
3021 799 3120 871 τὴν
3161 801 3368 853 πτῶσιν
3398 802 3680 870 ἐποίησεν·
3706 803 3832 856 ἐπεὶ

2153 879 2261 933 ἔδει
2289 883 2381 935 καὶ
2401 883 2498 954 τὴν
2515 883 2541 922 ἀ
2577 885 2668 937 ἐπὶ
2695 885 2796 954 τῆς
2819 887 3022 956 πέτρας
3048 887 3490 958 οἰκοδομηθεῖσαν
3505 891 3834 940 καταπεσεῖν

2152 968 2349 1030 οἰκίαν,
2379 969 2472 1022 νῦν
2499 970 2554 1024 δὲ
2582 972 2732 1024 οὐδὲν
2767 974 3004 1028 τοιοῦτον
3040 973 3259 1026 ἔπαθεν.
3296 973 3457 1026 Ἀλλά
3487 973 3564 1044 μὴ
3594 974 3722 1044 περὶ
3753 977 3833 1027 ol-

2153 1056 2276 1118 κίας
2305 1056 2554 1126 είρῆσθαι
2581 1059 2754 1113 ταῦτα
2788 1060 3039 1130 νομίζετε
3062 1078 3075 1092 ·
3126 1062 3254 1133 περὶ
3278 1062 3386 1133 γάρ
3412 1061 3591 1131 ψυχῆς
3620 1064 3766 1114 ἔστιν
3798 1064 3830 1114 6

2152 1141 2440 1214 λόγος,τὴν
2472 1145 2580 1199 τῶν
2616 1146 2774 1199 θείων
2789 1147 2961 1215 λόγων
2978 1147 3238 1219 ἀκρόασιν
3265 1149 3354 1202 διὰ
3375 1148 3482 1201 τῶν
3511 1149 3688 1219 ἔργων
3708 1151 3832 1201 έπι-

2151 1228 2328 1282 δεικνυ
2338 1231 2503 1302 μένης
2523 1233 2557 1302 ἢ
2576 1233 3018 1304 διακροδομένης.
3050 1234 3235 1298 Οὕτως
3258 1235 3608 1306 ᾠκοδόμησεν
3629 1235 3827 1288 ἑαυτοῦ

2150 1316 2247 1386 τὴν
2272 1318 2447 1389 ψυχήν
2473 1322 2502 1372 6
2538 1320 2652 1372 Ἰώϐ
2673 1337 2685 1348 ’
2722 1321 2926 1392 κατέϐη
2950 1325 2982 1391 ἠ
3014 1321 3202 1393 βροχὴ,
3239 1324 3353 1394 πῦρ
3392 1323 3503 1394 γάρ
3529 1324 3728 1377 ἔπεσεν
3759 1327 3828 1378 ἐκ

2150 1403 2240 1456 τοῦ
2268 1405 2517 1474 ούρανοῦ,
2553 1408 2647 1459 καὶ
2678 1407 2954 1477 κατέφαγε
2988 1411 3162 1464 πάντα
3192 1410 3261 1463 τά
3293 1411 3519 1482 ποίμνια
3539 1427 3553 1442 °
3583 1407 3752 1481 ἦλθον
3775 1415 3828 1465 οἱ

2152 1494 2404 1562 ποταμοὶ,
2440 1496 2487 1546 οἱ
2511 1497 2703 1548 πυκνοὶ
2736 1498 2827 1549 καὶ
2857 1502 3097 1568 συνεχεῖς
3119 1500 3211 1551 καὶ
3234 1499 3523 1568 ἐπάλληλοι
3551 1501 3661 1554 τῶν
3685 1518 3829 1571 συμ-

2149 1578 2329 1648 φορῶν
2362 1581 2603 1650 ἄγγελοι,
2637 1585 2664 1636 6
2694 1584 2792 1654 μὲν
2816 1583 2924 1638 τῶν
2955 1587 3236 1651 αἱπολίων,
3265 1590 3294 1640 6
3313 1587 3369 1640 δὲ
3400 1587 3506 1642 τῶν
3539 1589 3825 1659 καμήλων,

2147 1666 2176 1716 6
2207 1665 2262 1718 δὲ
2293 1666 2402 1720 τῶν
2437 1669 2642 1722 παίδων
2671 1669 2844 1739 λέγων
2876 1670 2974 1742 τὴν
3000 1671 3304 1726 ἀπώλειανο
3329 1674 3598 1727 ἔπνευσαν
3633 1677 3682 1728 οί
3705 1675 3831 1730 ἄνε-

2152 1769 2261 1821 μοι,
2283 1754 2349 1806 τά
2366 1756 2538 1823 πικρά
2557 1758 2655 1826 τῆς
2680 1759 2937 1826 γυναικὸς
2955 1761 3194 1830 ῥήματα·
3219 1761 3410 1814 Είπὸν
3438 1761 3546 1831 γάρ
3571 1779 3651 1825 τι,
3667 1763 3822 1832 φησὶ,

2140 1839 2305 1906 ῥῆμα
2318 1840 2466 1908 πρὸς
2480 1843 2715 1908 Κύριον,
2741 1843 2839 1896 καὶ
2859 1846 3106 1898 τελεύτα
3127 1863 3139 1876 ’
3159 1846 3253 1899 καὶ
3273 1847 3371 1899 οὑκ
3395 1846 3590 1899 ἔπεσεν
3607 1849 3639 1916 ή
3654 1849 3824 1910 οἰκία,

2147 1925 2244 1994 οὑχ
2291 1927 2650 1998 ύπεσκελίσθη
2691 1931 2723 1999 ή
2769 1929 2935 2001 ψυχὴ,
2965 1931 3066 1984 οὑκ
3091 1931 3514 2002 ἐϐλασφήμησεν
3535 1935 3564 1986 6
3593 1933 3827 1999 δίκαιος,

2148 2011 2282 2064 ἀλλά
2315 2013 2408 2065 καλ⁵
2443 2015 2844 2086 ηὑχαρίστησεν
2884 2015 3057 2081 οὕτως
3099 2019 3295 2071 είπῶνο
3337 2021 3399 2072 '0
3428 2020 3646 2086 Κιίριος
3677 2018 3825 2073 ἔδω-

2149 2104 2326 2163 κεν,ὀ
2363 2102 2575 2168 Κύριος
2607 2103 2906 2172 ἀφείλετο,
2937 2105 3016 2170 ὠς
3056 2104 3135 2170 τῷ
3167 2108 3364 2173 Kvpltp
3401 2106 3636 2170 ἔδοξεν,
3672 2107 3830 2160 οὕτω

2149 2192 2248 2245 καὶ
2294 2192 2553 2262 ἐγένετο.
2603 2195 2768 2266 Ὀρᾷς
2795 2197 2877 2248 ὅτι
2929 2196 3048 2264 οὐχ).
3083 2196 3192 2249 τῶν
3221 2197 3542 2268 πειρασμῶν
3573 2198 3607 2267 ή
3643 2195 3827 2265 φύσις,

2147 2278 2260 2330 ἀλλ’
2310 2281 2342 2350 ή
2395 2281 2501 2333 τῶν
2544 2281 2925 2351 ῥᾳθυμούντων
2963 2282 3225 2354 ὀλιγωρία
3271 2283 3370 2354 τὴν
3401 2283 3612 2335 πτῶσιν
3643 2285 3819 2334 ποιεῖν

2147 2367 2364 2431 εἴωθενς
2401 2369 2476 2430 ῶς
2499 2369 2588 2420 τόν
2614 2385 2677 2436 γε
2717 2370 2934 2438 ἰσχυρὸν
2961 2369 3055 2422 καὶ
3085 2369 3430 2440 ίσχυρότερον
3458 2372 3490 2439 ή
3521 2368 3698 2438 θλῖψις
3726 2371 3826 2442 ἐρ-

2146 2453 2394 2520 γάζεται.
2456 2455 2551 2516 Τίς
2597 2453 2768 2508 ταῦτά
2807 2472 3003 2526 φησινς
3034 2457 3090 2508 Ὀ
3125 2457 3182 2508 ὲν
3216 2459 3282 2527 τῇ
3317 2455 3491 2525 θλίψει
3512 2457 3760 2527 τραφεὶς,
3795 2457 3827 2508 6

2149 2539 2416 2609 μακάριος
2446 2539 2678 2603 Παῦλος.
2709 2540 2850 2594 οὕτω
2895 2541 3100 2609 λέγων’
3147 2543 3219 2596 Ἠ
3261 2542 3467 2610 θλῖψις
3506 2543 3830 2611 ὑπομονὴν

2145 2626 2572 2695 κατεργάζεται,
2609 2631 2646 2695 ἠ
2686 2627 2754 2680 δὲ
2799 2628 3080 2697 ὑπομονὴ
3119 2628 3398 2697 δοκιμὴν.
3428 2630 3465 2695 ἡ
3501 2629 3570 2682 δὲ
3605 2629 3828 2698 δοκιμὴ

2144 2713 2380 2766 ἐλπίδα.
2410 2715 2520 2768 Καὶ
2548 2713 2878 2784 καθάπερτά
2907 2714 3102 2786 ίσχυρά
3125 2715 3234 2767 τῶν
3255 2715 3488 2786 δένδρων
3510 2717 3542 2786 ή
3578 2715 3684 2768 τῶν
3704 2716 3832 2769 ἀνέ-

2149 2817 2262 2868 μων
2294 2799 2438 2870 ῥύμη
2491 2800 2906 2870 προσπίπτουσα
2945 2803 3040 2855 καὶ
3076 2800 3339 2854 πάντοθεν
3388 2803 3680 2873 ῥιπίζουσα
3725 2802 3832 2855 οὑκ

2144 2887 2382 2956 ἀνασπᾷ,
2413 2885 2546 2940 ἀλλά
2588 2888 2916 2958 στερρότερα
2957 2889 3052 2942 καὶ
3087 2890 3408 2961 ἰσχυρότερα
3429 2892 3550 2952 ταῖς
3579 2888 3829 2951 προσϐο-

2145 2972 2262 3036 λαῖς
2287 2974 2510 3038 ταύταις
2533 2976 2930 3038 κατασκευάζει
2949 2991 2964 3005 ο
2999 2974 3143 3030 οὕτω
3169 2978 3263 3030 καὶ
3292 2977 3469 3047 ψυχὴν
3505 2977 3690 3044 ἁγίαν,
3726 2978 3828 3031 καὶ

2146 3061 2400 3132 εὐλαϐείᾳ
2448 3059 2716 3125 συζῶσαν,
2758 3061 2874 3132 [52]
2921 3064 2975 3115 αί
3022 3063 3126 3118 τῶν
3170 3065 3494 3134 πειρασμῶν
3534 3066 3828 3132 ἔπαγωγαὶ

2144 3146 2240 3199 καὶ
2266 3147 2373 3200 τῶν
2405 3147 2634 3217 θλίψεων
2662 3148 2758 3216 οὐχ
2780 3149 3243 3213 ὑποσκελίζουσιν,
3265 3149 3400 3202 ἀλλὰ
3442 3151 3578 3220 πρὸς
3601 3151 3828 3205 πλείονα

2145 3233 2420 3304 ὑπομονὴν
2444 3233 2740 3302 ἀλείφουσι,
2760 3233 3007 3305 καθάπερ
3025 3236 3116 3288 καὶ
3136 3235 3227 3289 τὸν
3247 3236 3519 3308 μακάριον
3548 3237 3669 3290 Ἰὼϐ
3687 3237 3828 3308 λαμ-

2144 3321 2406 3390 πρότερον
2448 3321 2706 3384 ἐποίησαν
2745 3331 2768 3358 ο
2811 3322 2905 3374 καὶ
2939 3321 3279 3393 σεμνότερον.
3314 3322 3430 3374 Νῦν
3464 3323 3564 3393 μὲν
3592 3320 3688 3376 οὖν
3726 3325 3823 3379 ἀν.

2145 3407 2360 3478 θρωπος
2381 3409 2510 3478 ἡμῖν
2543 3408 2838 3477 ὀργίζεται,
2887 3407 3170 3479 ἄνθρωπος
3195 3411 3532 3481 ὁμοιοπαθὴς
3563 3412 3658 3464 καὶ
3691 3413 3826 3481 ὁμόσ-

2141 3495 2330 3566 ψυχος,
2365 3497 2458 3549 καὶ
2487 3495 2803 3566 δεδοίκαμεν
2828 3513 2841 3527 ο
2871 3497 2991 3549 τότε
3034 3497 3090 3549 δὲ
3118 3497 3308 3568 ἐκείνῳ
3339 3498 3550 3568 δαίμων
3579 3501 3824 3570 πονηρὸς

2144 3583 2238 3636 καὶ
2283 3584 2470 3652 ἄγριος
2492 3578 2560 3653 ἦν
2586 3584 2614 3634 6
2635 3581 3004 3653 ὀργιζόμενος,
3034 3586 3126 3637 καὶ
3158 3585 3256 3654 οὑχ
3297 3585 3488 3648 ἁπλῶς
3517 3585 3817 3655 ὠργίζετο,

2144 3668 2277 3722 ἀλλά
2303 3669 2480 3722 πάντα
2500 3669 2666 3721 ἐκίνει
2685 3670 2752 3721 τά
2781 3671 3168 3738 μηχανήματα,
3194 3671 3288 3722 καὶ
3318 3672 3499 3722 πᾶσαν
3539 3671 3823 3742 προσῆγεν

2148 3755 2502 3824 μαγγανείαν,
2531 3756 2624 3807 καὶ
2655 3755 2776 3807 οὑδὲ
2797 3755 2968 3818 οὑτως
3009 3756 3201 3827 ήλεγξε
3236 3756 3330 3808 τοῦ
3356 3757 3567 3809 δικαίου
3592 3757 3691 3828 τήν
3725 3759 3824 3811 ἀνο

2142 3841 2344 3911 δρείαν.
2365 3841 2473 3894 Καὶ
2496 3835 2648 3904 οὗτος
2677 3842 2772 3912 μὲν
2800 3842 2894 3896 ἄνθ
2905 3859 3085 3912 ρωπος
3109 3841 3205 3908 ῶν,
3239 3843 3334 3895 νῦν
3376 3843 3476 3913 μὲν
3512 3843 3818 3915 ὀργίζεται,

2143 3927 2238 3980 νῦν
2257 3927 2313 3980 δὲ
2335 3927 2775 3991 καταλλάττεται,
2803 3929 2896 3981 καὶ
2920 3930 3067 3999 ὅμως
3095 3929 3551 4000 ἀποτεθνήκαμεν
3580 3930 3661 4001 τῷ
3677 3931 3788 3984 δέει
3803 3949 3818 3963 ο

2141 4013 2262 4066 τότε
2298 4013 2353 4066 δὲ
2375 4012 2616 4076 διάϐολος
2643 4009 2711 4084 ἦν
2745 4015 2774 4066 6
2814 4013 3063 4084 πολεμῶν
3104 4015 3122 4053 τ
3154 4017 3182 4068 6
3213 4016 3483 4085 μηδέποτε
3518 4015 3821 4070 καταλλατ-

2139 4099 2363 4171 τόμενος
2385 4103 2450 4170 τῇ
2479 4100 2588 4154 τῶν
2620 4100 2919 4172 ἀνθρώπων
2962 4101 3143 4170 φύσει,
3174 4101 3309 4158 ἀλλά
3340 4102 3578 4172 πόλεμον
3611 4103 3818 4158 ἄσπον-

2139 4187 2226 4240 δον
2266 4188 2356 4240 καὶ
2381 4187 2557 4258 μάχην
2572 4189 2878 4258 ἀκήρυκτον
2898 4188 3031 4258 πρὸς
3054 4188 3114 4241 :6
3139 4189 3295 4256 γένος
3316 4190 3348 4259 ή
3358 4189 3475 4259 μῶν
3500 4191 3778 4261 ἀράμενος
3797 4208 3812 4223 ·

2140 4271 2254 4324 ἀλλ’
2281 4273 2428 4342 ὅμως
2449 4273 2810 4340 κατεγέλασεν
2844 4273 3006 4326 αὑτοῦ
3043 4273 3152 4327 τῶν
3179 4273 3350 4343 βελῶν
3376 4278 3404 4327 6
3425 4275 3658 4339 δίκαιος.
3683 4277 3818 4329 Τίνα

2139 4355 2228 4412 οὖν
2267 4359 2330 4412 ἂν
2381 4359 2596 4430 ἔχοιμεν
2639 4359 2952 4426 ἀπολογίαν,
2991 4359 3022 4430 ἢ
3057 4360 3214 4414 ποίαν
3260 4362 3618 4434 συγγνώμην,
3643 4363 3820 4426 οὕτως

2139 4446 2480 4517 ἀνθρώπινον
2531 4447 2832 4517 πειρασμὸν
2873 4448 2933 4499 οὐ
2965 4449 3220 4519 φέροντες
3247 4451 3296 4502 οἱ
3326 4450 3566 4504 τοσαῦτα
3600 4451 3819 4521 φιλοσο-

2140 4533 2362 4602 φοῦντες
2393 4537 2450 4587 έν
2478 4537 2542 4605 τῇ
2569 4535 2768 4606 χάριτι,
2799 4535 2889 4586 τοῦ
2933 4535 3038 4604 πρὸ
3067 4537 3162 4606 τῆς
3191 4535 3414 4608 χάριτος
3443 4539 3539 4592 καὶ
3571 4539 3675 4610 τῆς
3705 4541 3820 4593 Πα-

2137 4620 2293 4683 λαιᾶς
2346 4620 2618 4692 Διαθήκης
2658 4621 2799 4674 οὕτω
2853 4621 2946 4673 τὸν
2993 4622 3265 4694 ἀφόρητον
3319 4625 3557 4695 πόλεμον
3605 4628 3817 4681 ἐκεῖνον

2137 4707 2384 4775 ὲνεγκόντ
2392 4725 2448 4770 ος
2478 4709 2734 4776 γενναίως
2757 4725 2771 4772 ;

2207 4794 2390 4848 Ταῦτα
2410 4791 2501 4846 οῦν
2524 4795 2608 4847 ἀεὶ
2627 4794 3022 4864 διαλεγώμεθα,
3043 4797 3340 4869 ἀγαπητοὶ,
3363 4800 3502 4870 πρὸς
3522 4802 3813 4873 ἀλλήλους,

2137 4882 2229 4934 καὶ
2256 4879 2344 4933 διά
2369 4879 2572 4933 τούτων
2605 4882 2829 4944 ἑαυτοὺς
2862 4883 3272 4954 παρακαλῶμεν
3305 4886 3416 4940 τῶν
3449 4887 3654 4956 λόγων.
3706 4891 3816 4943 Καὶ

2135 4968 2244 5036 γὰρ
2276 4966 2431 5035 ὑμεῖς
2466 4967 2758 5038 μάρτυρες,
2805 4969 2897 5020 καὶ
2930 4968 2990 5021 :6
3025 4972 3263 5036 συνειδὸς
3283 4973 3344 5025 :6
3367 4975 3660 5045 ὑμέτερον,
3691 4977 3816 5032 ὅσον

2134 5055 2240 5106 ἀπὸ
2272 5054 2364 5106 τοῦ
2393 5054 2695 5124 πειρασμοῦ
2721 5054 2909 5108 τούτου
2941 5056 3001 5109 :6
3023 5059 3212 5129 κέρδος
3239 5061 3559 5134 ἐσχήκαμεν
3579 5081 3593 5093 ·
3626 5069 3656 5120 6
3681 5069 3813 5121 ἀκό-

2134 5139 2324 5202 λαστος
2367 5139 2597 5210 σώφρων
2640 5141 2854 5208 ἐγένετο
2885 5142 3000 5206 νῦν,
3025 5147 3053 5197 6
3074 5145 3277 5215 θρασὺς
3319 5150 3761 5224 ἐπιεικέστερος,
3785 5156 3814 5208 6

2137 5227 2376 5298 ῥᾴθυμος
2423 5227 2727 5291 σπουδαῖος,
2762 5230 2812 5280 οἱ
2857 5231 3128 5300 μηδέποτε
3182 5235 3532 5306 έκκλησίανε
3586 5241 3806 5307 ἰδόντες,

2133 5310 2244 5396 ἀλλ’
2301 5311 2358 5360 ὲν
2400 5309 2646 5396 θεάτροις
2682 5312 3154 5396 προσεδρεύοντες,
3203 5319 3262 5370 έν
3293 5322 3565 5394 ἐκκλησία
3615 5326 3804 5396 διημε-

2137 5391 2348 5462 ρεύουσι
2376 5392 2488 5444 νῦν.
2513 5389 2608 5445 Διά
2629 5394 2798 5446 ταῦτα
2810 5390 2900 5448 οῦν
2924 5395 3128 5463 ἀλγεῖς,
3158 5403 3279 5454 εἰπέ
3307 5420 3421 5472 μοι,
3446 5389 3610 5458 δτι-σε
3643 5389 3807 5460 σπου-

2129 5475 2272 5528 δαῖον
2318 5473 2396 5543 τῷ
2427 5473 2574 5542 φόϐῳ
2614 5477 2867 5546 ἐποίησεν
2895 5480 2922 5530 6
2946 5478 3112 5544 Θεός;
3141 5483 3223 5534 δτι
3256 5501 3315 5536 σε
3357 5489 3422 5556 τῇ
3462 5487 3642 5556 θλίψει
3673 5490 3806 5559 πρὸς

2131 5557 2379 5627 αἴσθησιν
2403 5557 2500 5626 τῆς
2529 5559 2754 5611 σεαυτοῦ
2793 5562 3064 5632 σωτηρίας
3093 5566 3300 5636 ἢγαγεν
3325 5585 3340 5633 ;
3379 5571 3519 5624 Ἀλλ’
3550 5557 3806 5627 ὀδυνᾶταί

2169 5693 2218 5780 ‘11
2243 5694 2323 5742 Sic
2345 5694 2494 5743 Savil.
2526 5701 2578 5745 et.
2608 5697 2801 5759 plurimi
2827 5713 2941 5749 mss.
2968 5701 3142 5752 Morel.
3172 5718 3293 5755 vero
3315 5709 3564 5772 ἐποίησεν,
3606 5714 3702 5764 ἔδει
3723 5717 3811 5780 γὰρ

2127 5771 2336 5880 τηῖίᾼιὶἱ
2358 5817 2437 5863 καὶ
2461 5819 2776 5880 φαιδρότερον.

2193 5873 2217 5954 ξ
2241 5876 2408 5954 tunc“)
2431 5873 2895 5954 ῖτὸλξιίῶνρδρνοηι,
2917 5883 3004 5929 sed
3029 5885 3266 5954 e_Savjli0
3285 5895 3584 5954 weepimus.
3607 5895 3741 5950 Enn.

2131 5941 2229 6048 ms:
2241 5937 2418 5986 Locum
2442 5941 2489 5986 in
2515 5937 2682 5989 Morel.
2708 5950 3008 6006 corruptum,
3030 5950 3102 5995 sic
3126 5937 3810 6028 ριῙετυιινινδένῖ-ίῖέι’έῖιῖξίιοι
