4072 6384
338 370 400 426 5|
1301 351 1389 405 AD
1430 346 1749 404 POPL'LUM
1788 340 2277 401 ANTIOCHENUM
2342 338 2569 396 llOlllL.
2615 338 2699 395 IV.
3554 334 3625 393 οἳ

337 485 575 557 projects
606 477 785 535 omnia
816 475 1167 534 marcescant,
1200 474 1253 521 et
1278 465 1445 519 lutum
1472 463 1619 519 fiant.
1651 460 1717 514 Et
1741 458 1921 513 turba-

337 550 424 631 lur
436 550 671 628 cernens
699 578 980 635 erumpere
1008 561 1223 615 fulmina
1250 566 1305 612 et
1330 553 1727 611 coruscationes
1746 550 1927 605 defer.

338 670 381 723 ri
406 686 420 733 ;
447 662 679 737 agricola
706 673 833 714 vero
864 671 967 711 non
995 656 1064 710 ita
1088 694 1103 719 ,
1133 650 1228 706 sed
1254 649 1461 703 lrctatur
1484 655 1536 701 et
1565 643 1759 715 gaudet
1789 651 1927 697 tem-

340 732 604 830 pestatem
629 765 858 809 cernens
884 768 896 803 :
926 762 1032 802 non
1064 745 1205 799 enim
1237 738 1520 811 praesentia
1550 734 1803 805 respicit,
1833 732 1928 789 sed

346 826 519 905 futura
544 852 751 917 spectat
780 860 793 896 :
826 855 933 896 non
961 836 1179 907 respicit
1207 834 1270 887 ad
1303 831 1544 897 fulmina,
1567 827 1661 882 sed
1687 826 1931 894 manipu-

343 1142 481 1181 areae
511 1124 798 1194 pulverem.
829 1116 1013 1173 Itidem
1043 1122 1097 1169 et
1124 1126 1221 1167 nos
1246 1124 1351 1165 non
1378 1113 1694 1179 praiseutem
1722 1111 1931 1172 specte-

344 1236 465 1276 mus
494 1214 908 1276 tribulationem,
932 1218 1023 1265 aut
1042 1207 1306 1270 dolorem,
1331 1202 1425 1258 sed
1446 1200 1704 1255 orientem
1733 1212 1797 1251 ex
1821 1196 1932 1264 ipsa

345 1314 628 1368 utilitatem
653 1350 668 1375 ,
699 1323 765 1363 ex
791 1306 905 1375 ipsa
936 1308 1242 1357 nascentem
1270 1296 1497 1350 fructum
1522 1309 1537 1346 :
1564 1297 1935 1359 exspectemus

345 1420 486 1460 area:
516 1398 812 1469 manipulos
840 1414 854 1450 :
877 1395 922 1449 si
948 1391 1144 1448 etenim
1168 1388 1464 1459 vigilemus,
1495 1382 1719 1438 multum
1742 1395 1808 1436 ex
1835 1378 1937 1432 hoc

348 1508 587 1563 tempore
611 1492 840 1548 fructum
865 1496 1209 1555 congregare,
1229 1490 1282 1535 et
1304 1476 1498 1533 mentis
1518 1482 1716 1530 nostrae
1743 1485 1935 1542 penum

346 1559 571 1656 implere
608 1580 937 1652 poterimus:
967 1576 1012 1630 si
1057 1571 1369 1643 vigilemus,
1415 1581 1521 1622 non
1562 1573 1765 1619 tantum
1808 1559 1938 1615 nihil

346 1655 506 1748 grave
534 1690 601 1729 ex
629 1674 727 1727 hac
758 1669 1024 1740 patiemur
1050 1663 1389 1719 tribulatione
1411 1700 1428 1726 ,
1456 1657 1551 1713 sed
1577 1663 1631 1711 et
1659 1655 1939 1710 innumera

345 1747 489 1826 bona
535 1765 837 1835 capiemus;
887 1760 969 1814 sin
1018 1771 1147 1813 vero
1198 1764 1536 1823 torpeamus,
1570 1747 1813 1804 remissio
1843 1758 1941 1799 nos

348 1861 555 1933 perdet.
583 1858 699 1914 Non
729 1856 1099 1910 advertentem
1133 1848 1275 1902 enim
1302 1852 1526 1913 utraque
1555 1839 1757 1895 laedunt
1775 1879 1791 1903 ,
1819 1850 1941 1889 eum

350 1930 635 2010 sedulitate
660 1963 787 2003 vero
820 1944 1022 1999 viventi
1061 1949 1283 2008 utraque
1319 1942 1560 2005 prosunt.
1588 1933 1653 1987 Et
1676 1930 1814 1985 sicut
1843 1942 1940 1981 au-

350 2062 469 2103 rum
489 2042 589 2099 etsi
610 2040 761 2110 aquis
786 2039 1117 2098 immoretur,
1138 2029 1406 2100 prepriam
1434 2023 1649 2095 praefert
1670 2020 1903 2093 speciem
1926 2032 1940 2069 :

351 2140 465 2194 sive
507 2137 558 2191 in
603 2131 974 2188 conflatorium
1023 2124 1316 2187 ceciderit,
1358 2117 1685 2190 Splendidius
1732 2126 1942 2170 rursum

351 2236 605 2301 apparet;
638 2226 809 2280 lutum
834 2229 1014 2275 autem
1036 2228 1087 2272 et
1108 2217 1333 2280 fatuum,
1357 2214 1470 2267 sive
1490 2209 1642 2280 aquis
1658 2204 1945 2262 immisceri

352 2298 577 2383 accidat,
608 2317 709 2371 hoc
733 2313 945 2384 quidem
969 2307 1270 2371 marcescit,
1300 2303 1428 2359 illud
1452 2317 1577 2357 vero
1599 2298 1903 2355 dissolvitur
1928 2314 1941 2350 :

352 2413 466 2467 sive
490 2411 541 2463 in
569 2409 746 2477 ignem
770 2401 1051 2465 ceciderit,
1075 2398 1177 2452 hoc
1206 2395 1421 2466 quidem
1451 2392 1679 2462 frigitur,
1695 2388 1820 2443 illud
1854 2402 1948 2440 au-

356 2518 465 2561 tem
491 2500 820 2558 comburitur
846 2514 860 2550 :
890 2496 970 2550 sic
1006 2500 1154 2547 certe
1182 2499 1235 2544 et
1258 2489 1435 2558 justus
1461 2493 1515 2541 et
1540 2490 1790 2555 peccator
1820 2498 1833 2533 :
1860 2479 1948 2533 ille

354 2597 571 2653 auidem
616 2593 729 2646 sive
775 2587 1093 2643 remissione
1133 2583 1359 2643 fruatur,
1400 2585 1582 2632 manet
1606 2570 1944 2641 Splendidus,

357 2655 497 2743 sicut
544 2699 732 2741 aurum
773 2694 924 2749 aqua:
969 2678 1280 2731 immersum
1307 2688 1321 2723 :
1351 2670 1464 2725 sive
1505 2669 1557 2721 in
1602 2664 1949 2720 teutationem

356 2778 633 2842 ceciderit,
662 2770 990 2845 splendidior
1017 2767 1075 2822 fit
1094 2810 1108 2833 ,
1142 2766 1281 2821 sicut
1310 2776 1500 2818 aurum
1528 2760 1650 2830 igne
1673 2756 1950 2813 examina-

359 2882 505 2933 tum;
554 2876 802 2938 peccator
839 2877 969 2918 vero
1013 2862 1126 2915 sive
1170 2856 1542 2912 remissionem
1585 2851 1946 2914 nanciscatur,

365 2964 667 3021 dissolvitur
690 2969 744 3013 et
768 2954 1069 3019 marcescit,
1110 2953 1246 3007 sicut
1272 2949 1471 3006 foenum
1510 2953 1566 3002 et
1607 2944 1773 2999 lutum
1802 2956 1954 3011 aqua:

365 3062 697 3115 inimorans:
731 3053 843 3107 sive
872 3048 1219 3103 tentationem
1257 3042 1557 3105 sustineat,
1598 3033 1953 3098 comburitur,

362 3162 419 3206 et
444 3149 697 3220 perditur,
725 3145 863 3199 sicut
890 3143 1056 3196 lutum
1087 3147 1141 3194 et
1164 3137 1364 3193 faenum
1394 3132 1462 3186 ab
1487 3131 1627 3201 igne.

433 3217 492 3293 ἐ.
526 3237 899 3293 immnan
933 3237 1149 3303 fructus.
1175 3257 1247 3268 —
1274 3225 1392 3281 Non
1423 3223 1584 3293 igitur
1610 3217 1958 3275 conﬁciamur

364 3328 720 3403 praesentibus
757 3324 909 3380 malis
949 3342 965 3378 :
1012 3321 1057 3376 si
1095 3319 1234 3375 enim
1270 3319 1321 3371 in
1360 3313 1596 3387 peccatis
1624 3310 1730 3375 sis,
1757 3323 1820 3363 ea
1866 3306 1957 3361 de-

366 3397 642 3479 struuntur
663 3428 719 3473 ct
740 3415 1124 3471 comburuntur
1150 3409 1302 3465 facile
1326 3421 1423 3476 per
1454 3402 1850 3458 tribulationem
1880 3397 1956 3453 :si

367 3528 500 3572 vero
536 3513 734 3567 virtute
778 3508 853 3563 sis
891 3504 1176 3577 praeditus,
1222 3497 1508 3554 illustraris
1536 3504 1591 3551 et
1631 3491 1960 3563 splendescis

369 3624 469 3681 per
512 3605 679 3675 ipsam
723 3619 736 3654 :
779 3601 823 3655 si
868 3597 1121 3654 continue
1146 3593 1332 3664 vigiles
1366 3598 1420 3646 et
1458 3587 1669 3671 sobrius
1712 3586 1808 3650 sis,
1852 3582 1961 3638 eris

370 3680 516 3756 omni
545 3698 741 3753 damno
766 3692 1029 3762 superior.
1060 3688 1176 3743 Non
1200 3686 1341 3741 enim
1372 3680 1723 3740 tentationum
1749 3684 1959 3739 natura,

372 3792 465 3846 sed
490 3796 812 3844 tentatorum
856 3781 1106 3852 segnities
1129 3779 1312 3832 ruinas
1336 3774 1554 3830 efficere
1579 3771 1735 3826 solet.
1784 3768 1965 3835 Itaque

374 3883 420 3937 si
467 3881 548 3935 vis
591 3877 843 3948 gaudere,
890 3883 945 3929 et
982 3869 1296 3927 remissione
1334 3874 1389 3921 et
1434 3864 1705 3933 voluptate
1761 3859 1959 3929 potiri,

374 3987 549 4042 neque
577 3946 921 4036 voluptatem,
968 3975 1141 4032 neque
1178 3956 1548 4013 remissionem
1587 3964 1825 4022 qua‘ras;
1868 3946 1964 4003 sed

376 4065 607 4120 animam
634 4057 884 4131 patientia
915 4055 1123 4125 plenam
1153 4065 1353 4122 qurere,
1397 4056 1452 4102 et
1491 4046 1827 4101 tolerantiam
1864 4057 1962 4097 cx-

378 4157 564 4212 hibcre
592 4153 853 4206 valentem
884 4165 897 4202 :
929 4145 1069 4217 quod
1101 4144 1144 4197 si
1175 4143 1276 4197 hoc
1306 4156 1412 4195 non
1440 4137 1661 4202 habeas,
1707 4150 1814 4189 non
1847 4142 1963 4187 tan-

380 4258 490 4303 tum
519 4243 741 4300 tentatio
769 4251 819 4295 te
844 4236 1136 4307 superabit,
1159 4232 1252 4288 sed
1291 4244 1345 4287 et
1379 4228 1625 4286 remissio
1661 4225 1870 4297 perdet,
1914 4230 1970 4277 et

378 4337 549 4407 magis
598 4334 831 4403 dejiciet.
893 4327 1044 4397 Quod
1099 4327 1241 4381 enim
1286 4339 1392 4378 non
1442 4320 1679 4391 gravium
1724 4318 1968 4373 incursus

380 4443 623 4494 casuum,
664 4424 756 4480 sed
799 4422 991 4476 mentis
1036 4429 1233 4473 nostra:
1263 4424 1443 4484 torpor
1471 4411 1695 4467 salutem
1734 4417 1968 4463 nostram

380 4524 676 4584 subvertat,
704 4517 825 4572 audi
856 4513 981 4585 quid
1011 4512 1150 4566 dicat
1175 4509 1420 4564 Christus
1463 4524 1475 4561 :
1502 4505 1810 4572 Quicumque
1829 4500 1972 4555 audit

384 4617 531 4669 verba
560 4628 671 4666 mea
700 4612 827 4671 lucc,
860 4618 904 4661 et
934 4608 1053 4678 facit
1074 4620 1152 4666 ca,
1189 4599 1548 4655 assimilabitur
1579 4597 1685 4650 viro
1714 4592 1971 4664 prudenti,

383 4710 468 4779 qui
497 4704 765 4775 wdiﬁcavit
795 4700 999 4754 domum
1028 4712 1172 4750 suam
1200 4708 1351 4763 super
1378 4697 1592 4759 petram,
1635 4696 1681 4740 et
1723 4682 1975 4739 descendit

386 4774 577 4867 pluvia,
600 4774 649 4848 et
686 4799 922 4847 uenerunt
951 4788 1187 4860 ﬂumina,
1231 4795 1277 4838 et
1320 4784 1567 4853 ﬂaverant
1615 4777 1764 4840 venti,
1825 4782 1871 4829 et
1910 4774 1977 4827 ir-

386 4866 595 4944 ruerunt
632 4887 690 4940 in
715 4885 922 4937 domum
946 4880 1119 4945 illam,
1151 4888 1197 4933 et
1223 4892 1324 4931 non
1348 4872 1527 4929 cecidit
1558 4886 1577 4925 :
1605 4869 1820 4942 fundata
1846 4866 1978 4920 enim

389 4992 497 5037 erat
520 4995 672 5048 super
702 4986 893 5048 petram
923 4990 941 5027 :
968 4982 1022 5027 et
1061 4986 1270 5024 rursum
1299 4986 1312 5021 :
1348 4966 1526 5021 Omnis
1551 4963 1637 5034 qui
1664 4961 1805 5015 audit
1831 4959 1980 5014 verba

390 5091 503 5129 mea
547 5076 674 5138 haec,
721 5080 765 5124 et
813 5085 913 5122 non
950 5066 1068 5137 facit
1096 5080 1174 5128 ea,
1212 5062 1387 5116 similis
1429 5058 1518 5113 erit
1546 5057 1650 5110 viro
1675 5053 1849 5118 stulto,
1891 5051 1978 5122 qui

390 5164 659 5233 traiﬁcavit
707 5163 911 5215 domum
955 5174 1099 5213 suam
1150 5171 1302 5224 super
1345 5168 1570 5215 arenam,
1632 5158 1677 5203 et
1729 5144 1983 5202 descendit

392 5258 583 5327 pluvia,
634 5263 680 5307 et
723 5260 957 5306 venerunt
997 5248 1231 5319 flumina,
1255 5254 1301 5299 et
1339 5246 1586 5314 ﬂaverant
1644 5241 1791 5305 renti,
1834 5249 1880 5293 et
1908 5239 1983 5291 ir-

394 5358 607 5406 ruenth
646 5348 701 5401 in
739 5348 941 5399 domum
970 5343 1133 5405 illaut,
1184 5350 1231 5394 et
1259 5338 1456 5401 cecidit,
1505 5346 1552 5388 et
1582 5335 1675 5403 fuit
1702 5333 1851 5388 ruina
1873 5332 1983 5403 ejus

392 5458 580 5513 niagna
632 5438 847 5510 (Matth.
891 5437 942 5490 7.
987 5432 1205 5501 24-27).
1262 5429 1419 5484 Vides
1471 5427 1612 5497 quod
1657 5440 1761 5480 non
1807 5432 1984 5479 tenta-

398 5538 599 5589 tionum
648 5533 898 5593 inflictos,
951 5527 1045 5583 sed
1091 5523 1468 5582 adiﬁcantium
1516 5518 1734 5575 stultitia
1776 5517 1984 5571 ruinam

399 5625 627 5681 fecerit?
670 5623 881 5678 Etenim
927 5620 1034 5675 illic
1072 5617 1269 5687 pluvia,
1319 5622 1373 5669 et
1412 5612 1499 5668 hic
1544 5611 1717 5681 pluvia
1752 5625 1765 5663 :
1797 5618 1853 5664 et
1880 5609 1987 5663 illic

400 5718 642 5782 flumina,
670 5724 723 5770 et
765 5714 849 5769 hic
881 5712 1095 5768 flumina
1130 5728 1143 5763 :
1178 5710 1287 5764 illic
1314 5714 1595 5762 ventorum
1623 5704 1887 5769 incursus,
1933 5712 1987 5758 et

402 5808 487 5866 hic
530 5810 671 5866 idem
701 5825 714 5861 :
749 5807 836 5863 ille
880 5802 1181 5870 aedificavit,
1220 5810 1279 5857 et
1313 5800 1399 5856 hic
1436 5797 1716 5854 aedificavit
1749 5813 1761 5850 :
1795 5794 1980 5852 eadem

2036 454 2337 520 aedificatio,
2410 464 2465 508 et
2524 454 2726 508 eaedem
2790 461 3133 517 tentationes,
3185 453 3276 508 sed
3326 466 3430 509 non
3481 453 3621 509 idem

2035 546 2177 614 finis,
2224 546 2475 616 quoniam
2519 560 2625 601 non
2666 545 2806 601 idem
2861 546 3304 614 fundamentum;
3347 565 3451 603 non
3484 551 3626 607 enim

2037 641 2388 695 tentationum
2459 648 2669 706 natura,
2735 640 2828 695 sed
2893 640 3206 694 mdiﬁcantis
3275 642 3628 711 imprudentia

2036 733 2243 788 ruinam
2284 731 2408 787 fecit
2449 750 2464 788 :
2507 732 2704 801 alioqui
2748 732 3075 801 oportuisset
3115 742 3169 787 et
3209 732 3426 788 domum
3468 749 3628 807 supra

2038 833 2243 894 petram
2301 822 2615 878 aedificatam
2669 823 2897 888 cadere;
2961 838 3103 879 nunc
3157 839 3287 878 vero
3337 825 3469 880 nihil
3526 827 3630 880 tale

2039 935 2190 989 passa
2230 928 2329 974 est.
2372 920 2476 975 Sed
2517 934 2584 974 ne
2619 919 2686 974 de
2719 919 2880 974 domo
2914 919 3028 974 haec
3072 920 3209 974 dicta
3244 936 3363 976 esse
3394 923 3588 990 putetis
3616 940 3631 976 :

2039 1011 2107 1066 de
2162 1012 2338 1065 anima
2387 1011 2530 1066 enim
2600 1025 2781 1065 sermo
2838 1022 2921 1065 est
2980 1010 3279 1065 divinorum
3348 1013 3631 1066 verborum

2038 1101 2275 1156 auditum
2331 1116 2425 1171 per
2485 1117 2647 1170 opera
2709 1101 3130 1169 demonstrante,
3186 1102 3270 1157 vel
3315 1102 3628 1172 repellente.

2039 1191 2129 1248 Sic
2170 1191 2401 1245 animam
2449 1206 2598 1251 suam
2644 1191 2745 1247 Job
2797 1192 3077 1247 mdificavit
3124 1210 3143 1250 ;
3193 1192 3471 1247 descendit
3517 1192 3634 1262 plu-

2040 1284 2142 1347 via,
2199 1283 2336 1353 ignis
2390 1284 2531 1337 enim
2564 1283 2631 1337 de
2681 1281 2812 1337 cmlo
2865 1284 3081 1348 cecidit,
3129 1294 3179 1338 et
3220 1299 3409 1338 omnes
3445 1299 3639 1355 greges

2041 1376 2337 1446 absumpsit
2371 1374 2489 1446 (Job
2546 1376 2595 1430 l.
2660 1374 2851 1449 lli-l9)
2880 1394 2893 1431 :
2926 1385 3188 1431 venerunt
3227 1378 3475 1444 flumina,
3528 1378 3636 1433 fre-

2043 1477 2268 1537 quentes
2308 1483 2523 1538 nempe,
2567 1469 2825 1532 continui,
2873 1478 2926 1522 et
2962 1469 3062 1523 sibi
3100 1469 3446 1524 succedentes
3488 1470 3634 1524 cala-

2046 1560 2285 1613 mitatum
2344 1559 2512 1613 nuntii
2573 1575 2586 1611 :
2646 1559 2732 1613 hic
2772 1559 2986 1630 quidem
3034 1575 3292 1629 gregum,
3355 1562 3443 1616 ille
3507 1576 3640 1617 vero

2045 1650 2393 1712 camelorum,
2440 1650 2529 1705 ille
2580 1666 2766 1706 rursus
2818 1650 3044 1705 filiorqu
3089 1653 3358 1707 interitum
3403 1654 3587 1708 dicens
3619 1671 3637 1707 :

2045 1738 2305 1795 [laverunt
2358 1744 2522 1807 venti,
2570 1757 2749 1796 amara
2807 1744 2987 1798 uxoris
3026 1744 3234 1798 verba:
3274 1742 3396 1811 Dic,
3446 1745 3634 1814 inquit,

2046 1831 2248 1886 uerbum
2300 1840 2475 1886 contra
2530 1832 2845 1900 Dominum,
2908 1844 2955 1887 et
3011 1852 3205 1889 morere
3242 1835 3364 1905 (Job
3405 1836 3457 1891 2.
3502 1837 3574 1907 9)
3620 1853 3637 1889 :

2049 1931 2104 1976 et
2150 1938 2253 1977 non
2296 1923 2489 1979 cecidit
2526 1925 2739 1989 domus,
2787 1941 2891 1980 non
2938 1935 3020 1981 est
3059 1927 3392 1996 supplantata
3439 1930 3641 1993 anima,

2049 2029 2154 2067 non
2200 2013 2588 2082 blasphemavit
2619 2014 2796 2084 justus
2847 2033 2860 2069 :
2911 2016 3005 2071 sed
3052 2026 3107 2071 et
3140 2018 3338 2087 gratias
3382 2020 3507 2090 egit,
3563 2010 3663 2075 sie‘

2049 2104 2234 2159 dicens
2268 2122 2280 2158 :
2316 2104 2568 2160 Dominus
2617 2108 2775 2173 dedit,
2818 2107 3065 2162 Dominus
3109 2110 3337 2175 abstulit,
3371 2112 3498 2165 sicut
3538 2112 3645 2167 Do-

2050 2197 2187 2251 mino
2227 2198 2435 2267 placuit,
2469 2199 2539 2251 ita
2566 2202 2759 2269 factum
2788 2210 2857 2254 est
2930 2200 3049 2270 (Job
3078 2201 3129 2255 1.
3158 2200 3272 2271 2|).
3302 2202 3465 2257 Vides
3501 2206 3646 2275 quod

2051 2304 2159 2343 non
2209 2290 2557 2345 tentationum
2621 2298 2841 2358 natura,
2895 2291 2990 2345 sed
3055 2294 3379 2361 torpentium
3440 2294 3653 2365 ignavia

2051 2383 2259 2436 ruinam
2308 2381 2484 2437 facere
2511 2382 2721 2438 soleat?
2763 2398 2882 2437 nam
2930 2382 3124 2438 fortem
3160 2387 3333 2442 virum
3378 2384 3648 2442 tribulatio

2052 2476 2326 2531 fortiorem
2368 2475 2558 2531 reddit.
2589 2475 2719 2542 Quis
2762 2475 2863 2530 hnc
2906 2477 3017 2530 ait?
3065 2477 3120 2530 ln
3162 2478 3504 2532 tribulatione
3546 2494 3646 2531 nu-

2056 2568 2209 2622 tritus
2236 2568 2421 2623 beatus
2452 2568 2647 2621 Paulus
2675 2568 2746 2621 ita
2774 2566 2959 2623 dicens
2988 2584 3003 2624 :
3035 2566 3324 2622 Tribulatio
3355 2569 3650 2638 patientiam

2054 2668 2331 2730 operatur,
2383 2659 2625 2727 patientia
2670 2674 2785 2712 vero
2829 2657 3193 2729 probationem,
3254 2659 3483 2730 probatio
3535 2675 3657 2713 vero

2054 2768 2195 2820 spem
2268 2750 2444 2821 (Rom.
2479 2750 2532 2806 5.
2563 2751 2616 2806 5.
2649 2751 2728 2823 4).
2778 2750 2845 2805 Ει
2883 2749 3021 2805 sicut
3058 2749 3242 2805 firmas
3267 2751 3487 2805 arbores
3524 2765 3653 2805 ven-

2059 2852 2232 2899 torum
2260 2844 2487 2913 impetus
2514 2843 2719 2898 irruens
2743 2852 2797 2898 et
2823 2842 3055 2913 undique
3079 2844 3287 2912 jactans
3316 2859 3425 2897 non
3451 2843 3657 2909 evellit,

2057 2935 2151 2992 md
2200 2934 2484 2989 solidiores
2528 2944 2582 2990 et
2635 2935 2898 2989 firmiores
2937 2934 3023 2988 his
3072 2934 3372 2989 incursibus
3418 2933 3594 2989 reddit
3635 2951 3652 2989 :

2059 3028 2135 3083 sic
2164 3037 2219 3083 et
2258 3027 2495 3082 animam
2534 3036 2771 3082 sanctam
2801 3034 2857 3081 et
2884 3027 2971 3096 pie
2999 3027 3271 3081 viventem
3299 3028 3665 3081 tentationuut

2060 3119 2319 3196 incursus.
2348 3128 2403 3173 et
2448 3118 2870 3183 tribulationum,
2930 3135 3035 3173 non
3087 3120 3452 3189 supplantant,
3495 3130 3657 3189 atque

2061 3214 2226 3268 etiam
2263 3211 2330 3266 ad
2368 3211 2622 3281 majorem
2657 3211 2962 3281 patientiam
2990 3212 3212 3267 incitant
3243 3230 3257 3265 :
3288 3212 3424 3267 sicut
3454 3221 3507 3267 et
3532 3212 3655 3265 bea-

2063 3314 2173 3360 tum
2216 3304 2318 3359 Job
2362 3303 2778 3373 splendidiorem
2823 3313 2878 3359 et
2918 3304 3367 3360 venerabiliorem
3405 3303 3654 3359 reddide-

2064 3408 2207 3452 runt.
2256 3396 2411 3451 Nunc
2458 3395 2616 3466 igitur
2655 3395 2810 3451 nobis
2856 3396 3069 3466 quidem
3107 3396 3270 3450 homo
3305 3396 3572 3461 irascitur,
3603 3405 3669 3450 es

2066 3488 2226 3543 homo
2262 3488 2449 3543 iisdem
2488 3487 2823 3557 passionibus
2854 3487 3137 3552 obnoxius,
3182 3488 3449 3557 similique
3478 3488 3669 3541 anima

2066 3580 2340 3651 prteditus,
2380 3589 2434 3635 et
2471 3580 2774 3645 timuimus;
2820 3588 2945 3635 tunc
2970 3589 3146 3635 autem
3187 3579 3275 3635 ille
3307 3579 3517 3633 dcc-mon
3548 3594 3668 3633 ma-

2068 3672 2242 3742 lignus
2283 3682 2337 3726 et
2375 3671 2520 3726 ferus
2567 3680 2683 3726 erat
2725 3671 2915 3735 iratus,
2960 3685 3061 3724 nec
3110 3670 3422 3740 simpliciter
3458 3670 3659 3725 irasce-

2068 3763 2243 3829 batur,
2296 3763 2397 3820 sed
2441 3779 2630 3819 omnes
2678 3764 2929 3819 movebat
2980 3775 3149 3829 artes,
3200 3780 3518 3834 omnemque
3563 3765 3660 3819 ads

2070 3855 2287 3911 bibebat
2336 3856 2648 3921 versutiam,
2685 3864 2738 3909 et
2780 3871 2878 3910 nec
2918 3856 2988 3910 ita
3030 3856 3242 3925 quidem
3278 3857 3403 3925 justi
3450 3855 3662 3912 fortitu-

2069 3947 2249 4002 dinem
2281 3947 2568 4017 superavit.
2602 3948 2667 4000 Et
2692 3946 2777 4001 hie
2802 3946 3014 4017 quidem
3042 3962 3163 4002 cum
3191 3948 3350 4001 homo
3380 3949 3479 4013 sit,
3515 3964 3671 4003 nunc

2072 4041 2343 4104 irascitur,
2386 4055 2527 4095 nunc
2566 4040 2900 4105 conciliatur,
2948 4048 3003 4095 et
3039 4048 3213 4094 tamen
3245 4041 3433 4096 timore
3468 4042 3675 4096 mortui.

2072 4146 2277 4187 sumus.
2343 4130 2493 4187 Tunc
2544 4145 2674 4185 vero
2717 4130 2962 4185 diabolus
3003 4140 3119 4185 erat
3170 4132 3505 4201 impugnans,
3571 4133 3671 4201 qui

2073 4237 2361 4293 numquam
2414 4221 2691 4277 hominum
2735 4230 2937 4276 natura:
2975 4221 3309 4288 conciliatur,
3338 4220 3431 4276 sed
3465 4221 3673 4276 bellum.

2074 4314 2190 4369 sine
2234 4313 2460 4379 fuadere,
2491 4322 2546 4368 et
2577 4328 2805 4383 pugnam
2842 4313 2957 4367 sine
2989 4312 3217 4367 induciis
3252 4311 3434 4381 generi
3480 4320 3673 4367 nostro

2076 4408 2285 4473 indixit,
2313 4415 2368 4462 et
2399 4415 2574 4461 tamen
2605 4405 2771 4475 ipsius
2797 4408 3019 4475 sagittas
3038 4405 3215 4475 justus
3244 4404 3451 4459 derisit.
3493 4404 3677 4470 Quam.

2078 4501 2238 4570 igitur
2268 4514 2366 4554 nos
2400 4498 2823 4561 excusationem,
2864 4497 2949 4551 vel
2985 4496 3194 4566 qualem
3222 4497 3429 4550 veniam
3469 4496 3669 4551 habere

2077 4607 2385 4662 possumus,
2430 4590 2719 4643 humanam
2766 4582 3252 4672 tcntationemmon
3294 4588 3545 4655 ferentes,
3578 4589 3667 4657 qui

2081 4691 2357 4751 tantopere
2406 4681 2456 4735 in
2505 4681 2673 4751 gratia
2719 4665 3175 4750 philosopliainu'r,
3225 4694 3345 4734 cum
3398 4680 3487 4734 ille
3538 4688 3663 4734 ante

2084 4777 2331 4846 gratiam,
2375 4786 2430 4829 et
2478 4774 2528 4828 in
2566 4773 2731 4829 veteri
2771 4772 3117 4828 Testamento
3144 4772 3276 4826 illud
3326 4781 3433 4827 tam
3482 4772 3687 4827 intole—~

2082 4868 2250 4925 rabile
2277 4867 2478 4923 bellum
2509 4880 2768 4937 generose
2799 4864 3021 4920 tulerit?

2155 4960 2301 5016 Bona
2338 4959 2550 5014 mutatio
2590 4974 2655 5012 ea:
2696 4958 2984 5012 calamitate
3023 4965 3199 5027 parta.
3224 4987 3294 4995 —
3319 4955 3447 5011 lbrc
3492 4957 3675 5027 igitur,

2084 5053 2283 5119 dilecti,
2318 5066 2530 5121 semper
2566 5050 2704 5105 inter
2726 5063 2823 5103 nos
2851 5048 3196 5113 disseramus,
3236 5058 3289 5100 ct
3310 5062 3405 5117 per
3436 5046 3533 5101 hos
3563 5061 3674 5102 ser-

2087 5160 2274 5199 mones
2316 5158 2415 5198 nos
2461 5143 2607 5213 ipsos
2646 5140 3011 5197 exhortemur.
3077 5138 3286 5192 Etenim
3342 5152 3440 5192 vos
3487 5147 3671 5201 testes,

2087 5238 2518 5306 conscientiaque
2562 5244 2770 5299 vestra,
2820 5242 3073 5304 quantum
3121 5248 3194 5287 ex.
3231 5233 3331 5285 hac
3383 5231 3675 5285 tentationc

2088 5330 2328 5385 utilitatis
2367 5329 2732 5384 habuerimus.
2768 5326 3067 5381 Dissolutns
3116 5325 3259 5378 enim
3293 5323 3569 5377 modestus
3600 5322 3677 5376 fa-

2089 5432 2206 5479 ctus
2234 5431 2337 5485 est,
2368 5420 2520 5476 ferox
2548 5419 2850 5484 humanior,
2880 5416 3057 5488 segnis
3082 5414 3382 5470 studiosus:
3413 5413 3498 5482 qui
3524 5429 3677 5466 num-

2088 5530 2247 5586 quam
2276 5512 2557 5569 ecclesiam
2584 5510 2845 5574 viderant,
2874 5508 2966 5563 sed
3003 5515 3141 5563 totos
3164 5507 3215 5560 in
3243 5505 3463 5559 theatris
3489 5519 3676 5574 erige.

2088 5610 2217 5665 bant
2241 5608 2377 5675 dies,
2418 5606 2639 5661 nuncin
2664 5603 2885 5659 ecclesia
2918 5612 3035 5657 tota»
3066 5600 3152 5656 die
3194 5607 3490 5655 morantur.
3539 5598 3671 5653 Pro-

2090 5710 2346 5771 ptereane
2398 5697 2557 5767 igitur
2582 5695 2750 5760 doles,
2793 5693 2935 5764 quod
2965 5703 3015 5747 te
3055 5690 3277 5761 probum
3309 5691 3497 5744 timore
3537 5688 3683 5743 Deus

2091 5791 2363 5849 reddidit?
2406 5789 2548 5861 quod
2595 5796 2648 5844 te
2693 5803 2787 5859 per
2822 5786 3218 5843 tribulationem
3262 5783 3337 5839 ad
3358 5793 3459 5839 tute
3490 5783 3681 5839 salutis
