4072 6384
520 361 592 416 63
1229 365 1288 419 S.
1317 361 1594 423 JO.\NNIS
1631 366 2111 422 (IllRYSOS‘TOMI
2150 367 2466 424 ARCHIEP.
2509 354 3038 434 CONSTANTINOP.
3740 391 3814 448 σι

520 489 737 529 sensum
783 474 1075 544 perduxit?
1123 475 1228 533 Sed
1287 487 1567 548 torquetur
1613 479 1936 533 conscientia
1989 484 2114 534 tua?

521 569 617 621 sed
641 567 876 637 quotidie
905 568 1210 638 percellitur
1235 585 1385 626 mens
1411 579 1497 625 tua
1535 582 1765 627 mortem
1795 583 2112 644 exspectans

521 666 576 712 et
613 659 786 712 minas
815 660 1116 714 maximas?
1154 663 1224 716 At
1253 661 1376 717 hinc
1397 677 1608 733 quoque
1635 665 1787 720 nobis
1818 680 2004 734 magna
2045 665 2112 720 ad

520 749 770 803 virtutem
795 751 1031 804 accessio
1061 753 1184 817 erit,
1213 763 1490 809 crescente
1520 755 1671 809 nobis
1700 771 1793 825 per
1815 756 2112 826 angustiam

518 837 798 907 religione.
843 839 1023 894 Potest
1062 843 1203 896 enim
1251 844 1390 899 Deus
1425 847 1605 899 omnia
1641 847 1820 916 gravia
1863 846 1962 902 hac
1998 848 2110 918 ipsa

518 928 606 983 die
655 931 883 996 solvere,
927 933 1020 986 sed
1054 934 1226 990 donec
1256 952 1354 990 nos
1392 946 1643 1007 purgatos
1689 938 1890 1005 videat,
1935 939 2108 996 donec

516 1019 694 1075 videat
738 1021 929 1077 factam
963 1027 1388 1091 conversionem,
1420 1036 1473 1082 et
1500 1029 1867 1097 paenitentiam
1903 1032 2107 1086 ﬁrmam

515 1121 570 1167 et
597 1114 986 1182 inconcussam,
1030 1133 1135 1171 non
1174 1119 1416 1174 dissolvit
1455 1121 1870 1178 tribulationem.
1898 1123 2107 1180 Etenim

515 1205 716 1260 aurifex
744 1205 914 1262 donec
939 1222 1125 1262 aurum
1154 1210 1292 1266 bene
1319 1223 1597 1282 purgatum
1628 1213 1838 1276 viderit,
1878 1215 1945 1270 de
1979 1230 2108 1271 con-

516 1293 728 1352 ﬁatorio
753 1312 857 1351 non
885 1300 1121 1354 extrahit
1151 1317 1164 1354 :
1198 1301 1276 1356 sic
1303 1310 1357 1356 et
1397 1301 1540 1358 Deus
1583 1318 1686 1358 non
1716 1305 1934 1360 abducit
1970 1305 2108 1362 hanc

515 1386 733 1458 nubem,
775 1387 948 1443 donec
988 1404 1084 1447 nos
1130 1392 1342 1460 penitus
1380 1393 1761 1450 emendaverit.
1813 1396 1913 1465 Qui
1960 1399 2102 1454 enim

515 1479 860 1534 tentationcm
893 1480 1155 1549 permisit,
1205 1482 1318 1552 ipse
1359 1484 1506 1539 novit
1547 1495 1602 1540 et
1646 1488 1952 1543 tentatiouis
1990 1489 2105 1544 sol-

519 1570 706 1626 vendm
758 1580 988 1642 tempus.
1031 1573 1099 1627 Et
1139 1573 1274 1629 sicut
1304 1574 1630 1632 citltarmdus
1677 1593 1850 1649 neque
1882 1596 2104 1636 nervum

511 1661 758 1729 intendit,
799 1671 861 1718 ut
887 1678 994 1718 non
1020 1664 1318 1736 abrumpat,
1366 1683 1536 1738 neque
1561 1669 1785 1724 remittit
1815 1670 1950 1724 ultra
1990 1687 2106 1726 mo.

514 1753 663 1820 dum,
728 1769 798 1810 ne
839 1753 1133 1811 harmonia:
1172 1768 1489 1813 concentum
1538 1760 1698 1814 laedat
1731 1777 1745 1815 :
1773 1745 1852 1816 sic
1880 1770 1934 1816 et
1963 1762 2104 1818 Deus

511 1847 638 1916 agit,
671 1861 844 1916 neque
867 1846 920 1900 in
950 1847 1269 1904 remissione
1297 1850 1571 1915 continua,
1616 1866 1715 1906 nec
1742 1851 1792 1906 in
1821 1853 1975 1923 longa
2011 1853 2104 1907 tri-

511 1935 783 1992 bulatione
834 1946 1070 1991 nostram
1139 1940 1417 1994 constituit
1467 1941 1732 2009 animam,
1806 1943 2101 1998 secundum

508 2045 658 2083 suam
698 2028 1030 2100 prudentiam
1082 2039 1366 2102 utrumque
1396 2031 1596 2088 faciens
1627 2050 1642 2087 :
1669 2049 1774 2088 non
1803 2035 1930 2090 sinit
1957 2037 2100 2091 cnim

509 2137 608 2176 nos
631 2124 879 2178 continua
909 2125 1063 2194 potiri
1091 2127 1428 2191 remissione,
1477 2142 1544 2182 ne
1571 2129 1844 2198 segniores
1877 2129 2098 2197 ﬁamus;

508 2229 613 2268 non
644 2215 770 2268 sinit
789 2224 965 2270 autem
996 2228 1206 2270 rursum
1238 2217 1289 2270 in
1314 2218 1562 2272 continua
1587 2233 1706 2276 esse
1736 2220 2097 2290 tribulatione,

507 2319 574 2359 ne
600 2305 1104 2373 concidamus,neve
1127 2305 1490 2376 desperemus.

580 2399 634 2452 5.
662 2396 761 2466 lpsi
793 2398 950 2468 igitur
977 2399 1312 2455 adversitatis
1336 2400 1580 2456 ﬁnienda:
1598 2410 1808 2475 tempus
1829 2406 2101 2477 relinqua-

504 2504 646 2555 mus,
669 2504 767 2544 nos
788 2505 914 2545 vero
934 2499 1135 2546 tantum
1155 2507 1454 2562 precemur,
1471 2508 1569 2549 nos
1589 2495 1644 2550 in
1664 2498 1940 2554 sanctitate
1956 2499 2100 2554 viva-

503 2594 643 2633 mus.
671 2577 816 2650 Opus
835 2580 977 2635 enim
1003 2590 1240 2636 nostrum
1257 2582 1324 2636 ad
1351 2583 1600 2639 virtutem
1621 2588 1834 2653 mutari,
1856 2588 1946 2644 Dei
1969 2605 2098 2644 vero

502 2686 660 2742 opus,
693 2673 846 2728 malis
885 2674 1195 2745 urgentibus
1233 2677 1393 2732 ﬁnem
1431 2677 1727 2749 imponere.
1752 2680 1960 2736 Etenim
1983 2682 2098 2752 ipse

503 2763 695 2832 magis,
738 2779 896 2834 quam
937 2776 989 2820 tu
1009 2767 1097 2836 qui
1122 2769 1362 2834 tentaris,
1412 2767 1513 2823 hoc
1547 2770 1847 2825 incendium
1887 2773 2094 2850 exstin-

509 2871 674 2927 guere
714 2857 846 2921 vult,
876 2858 968 2912 sed
1013 2860 1239 2915 salutem
1262 2869 1404 2915 tuam
1427 2871 1716 2932 exspectat.
1747 2862 1896 2919 Sicut
1937 2866 2096 2936 igitur

501 2963 568 3002 ex
586 2949 898 3014 reu‘tissione
916 2949 1184 3005 tribulatio
1203 2952 1336 3006 facta
1353 2961 1456 3020 est,
1480 2954 1557 3010 sic
1569 2969 1632 3009 ex
1654 2955 1989 3013 tribulatione
2010 2973 2095 3014 re-

507 3041 816 3097 missionem
844 3052 1155 3112 exspectare
1183 3048 1449 3101 convenit.
1481 3045 1662 3117 Neque
1690 3050 1832 3103 enim
1877 3065 2090 3122 semper

498 3129 693 3196 hiems,
740 3146 914 3202 neque
941 3147 1154 3204 semper
1177 3143 1354 3202 uastas,
1402 3151 1575 3208 neque
1604 3153 1816 3208 semper
1840 3141 2090 3209 procella,

497 3238 670 3294 neque
700 3239 912 3299 semper
950 3227 1327 3296 tranquillitas,
1374 3243 1477 3282 non
1518 3244 1734 3300 semper
1763 3247 1890 3298 nox,
1919 3248 2092 3302 neque

493 3330 710 3387 setuper
747 3317 905 3374 dies:
937 3319 1015 3374 sic
1049 3334 1222 3390 neque
1259 3335 1473 3390 semper
1512 3321 1802 3390 tribulatio,
1849 3323 1943 3379 sed
1987 3327 2092 3384 erit

492 3419 548 3466 et
589 3408 856 3477 remissio,
904 3410 949 3464 si
996 3417 1200 3465 tantum
1249 3411 1300 3464 in
1348 3410 1687 3468 tribulatione
1736 3414 1845 3469 Deo
1891 3416 2089 3485 gratias

493 3517 706 3572 semper
731 3515 970 3572 agamus.
1003 3499 1138 3554 Nam
1166 3511 1273 3555 tres
1301 3503 1353 3555 in
1381 3503 1646 3557 fornacem
1681 3505 1826 3572 pueri
1858 3506 2086 3574 conjecti

493 3602 658 3646 sunt:
691 3600 746 3647 et
767 3606 866 3646 nec
891 3591 962 3645 ita
993 3590 1264 3660 religionis
1305 3591 1456 3645 obliti
1490 3600 1634 3657 sunt,
1670 3607 1770 3648 nec
1808 3594 1950 3663 ipsos
1977 3604 2085 3650 ter-

494 3684 602 3738 ruit
629 3683 863 3748 flamma,
889 3681 982 3736 sed
1011 3681 1098 3748 iis,
1125 3681 1214 3751 qui
1240 3681 1292 3735 in
1315 3681 1560 3736 cubiculo
1581 3683 1850 3748 sederent,
1879 3695 1933 3740 et
1953 3685 2085 3740 nihil

493 3791 656 3848 grave
697 3783 1026 3844 paterentur,
1073 3772 1383 3841 studiosius,
1436 3775 1556 3844 igne
1596 3775 1720 3830 licet
1748 3776 2078 3843 circumdati,

494 3881 676 3922 sacras
703 3865 819 3919 illas
837 3879 1020 3936 preces
1040 3862 1373 3919 emittebant.
1403 3864 1528 3920 ideo
1545 3881 1726 3920 murus
1758 3867 1887 3937 ipsis
1910 3867 2082 3925 factus

494 3965 579 4012 est
607 3956 761 4026 ignis,
791 3964 844 4009 et
870 3955 1033 4009 vestis
1061 3954 1296 4020 flamma,
1329 3965 1383 4010 et
1409 3955 1526 4010 fons
1554 3955 1738 4011 fornax
1769 3974 1782 4009 :
1815 3967 1868 4011 et
1893 3957 2082 4028 ligatos

492 4059 745 4119 acceptos
773 4047 979 4102 solutos
999 4047 1248 4116 reddidit,
1294 4048 1535 4104 mortalia
1572 4049 1806 4119 suscepit
1833 4065 2078 4120 corpora,

493 4147 549 4194 et
607 4149 875 4208 tamquam
917 4139 1306 4194 immortalibus
1357 4139 1642 4206 abstinuit;
1703 4156 1810 4194 non
1867 4142 2083 4211 agnovit

496 4239 770 4297 naturam,
819 4229 913 4285 sed
955 4231 1135 4300 pietati
1181 4231 1537 4286 reverentiam
1587 4230 1872 4286 exhibuit:
1913 4233 2082 4288 vinxit

493 4320 656 4390 pedes
685 4329 964 4391 tyrannus,
995 4329 1050 4375 et
1075 4318 1210 4391 ignis
1237 4321 1342 4375 vim
1371 4321 1534 4390 pedes
1559 4322 1861 4376 vinxerunt.
1894 4320 1940 4378 0
1965 4337 2077 4376 rem

491 4413 887 4470 admirabilem!
909 4414 1116 4470 vinctos
1131 4415 1287 4469 solvit
1305 4413 1539 4480 ﬂamma,
1567 4424 1622 4470 et
1647 4416 1760 4486 ipsa
1780 4417 1848 4472 de
1874 4419 2079 4488 reliquo

492 4521 522 4558 a
551 4506 739 4560 vinctis
776 4507 951 4560 vincta
1002 4513 1086 4562 est
1116 4521 1131 4560 :
1163 4505 1387 4560 mutavit
1427 4506 1570 4560 enim
1611 4522 1788 4562 rerum
1833 4516 2076 4564 naturam

490 4597 1008 4652 adolescentulorum
1058 4597 1260 4666 pietas;
1319 4597 1429 4652 imo
1485 4611 1614 4652 vero
1666 4614 1772 4652 non
1834 4608 2077 4654 naturam

489 4689 732 4755 mutavit,
778 4686 872 4742 sed
915 4687 1056 4758 quod
1103 4696 1218 4743 erat
1241 4688 1553 4753 mirabilius,
1585 4690 1943 4759 permanentis
1979 4706 2076 4745 ua-

491 4791 624 4836 tura:
660 4781 766 4835 vim
794 4782 1084 4851 repressit:
1115 4795 1219 4836 non
1249 4782 1392 4836 enim
1430 4781 1605 4852 ignem
1651 4782 1938 4850 exstinxit,
1981 4783 2077 4840 sed

488 4874 763 4930 ardentem
808 4872 1132 4928 inefﬁcacem
1173 4873 1442 4928 reddidit:
1470 4881 1528 4929 et
1549 4873 1689 4943 quod
1716 4882 1800 4929 est
1833 4874 2076 4931 mirabile

491 4979 555 5018 ac
575 4962 916 5034 stupendum,
945 4978 1052 5018 non
1083 4964 1136 5018 in
1166 4964 1362 5020 sanctis
1400 4973 1601 5019 tantum
1632 4965 1948 5034 corporibus
1974 4966 2077 5024 hoc

487 5054 684 5110 factum
723 5063 825 5120 est,
870 5054 964 5110 sed
991 5063 1045 5110 et
1073 5055 1126 5110 in
1155 5055 1486 5110 vestimentis
1517 5057 1753 5127 ipsorum
1780 5066 1834 5114 et
1866 5058 2075 5114 calcea-

487 5149 684 5202 mentis
709 5165 722 5202 :
753 5155 810 5202 et
851 5147 988 5202 sicut
1018 5147 1069 5202 in
1096 5148 1369 5218 apostolis,
1400 5149 1714 5204 vestimenta
1740 5149 1886 5205 Pauli
1921 5151 2077 5222 mgri-

485 5239 696 5293 tudines
713 5247 767 5293 et
789 5237 1059 5293 daemones
1085 5237 1373 5308 pellebant,
1393 5246 1447 5293 et
1469 5239 1609 5294 Petri
1631 5239 1815 5295 umbra
1843 5251 2073 5296 mortem

485 5328 701 5400 fugabat
729 5346 743 5386 :
772 5329 852 5385 sic
888 5330 1050 5385 etiam
1093 5329 1180 5383 hic
1221 5343 1508 5399 puerorum
1537 5330 1897 5386 calceamenta
1937 5331 2074 5402 ignis

487 5423 736 5476 virtutem
752 5421 1140 5476 exstinxerunt.
1155 5419 1346 5475 Nescio
1361 5420 1627 5489 quomodo
1637 5419 1834 5476 dicam:
1853 5421 2077 5476 miracu-

485 5511 596 5566 lum
626 5527 838 5567 omnem
855 5510 1140 5566 verborum
1159 5510 1519 5564 narrationem
1559 5511 1904 5567 transcendit.
1939 5511 2071 5567 Nam

484 5603 566 5656 vis
593 5611 708 5658 erat
732 5603 1020 5671 exstincta,
1052 5611 1108 5657 et
1136 5617 1243 5656 non
1269 5602 1565 5657 exstincta:
1596 5618 1716 5657 cum
1759 5603 1901 5658 enim
1928 5603 2072 5659 circa

487 5705 788 5748 sanctorum
809 5695 1017 5749 illorum
1045 5708 1268 5763 corpora
1289 5694 1615 5762 versabatur,
1634 5705 1748 5750 erat
1773 5695 2068 5752 exstincta:

488 5798 610 5840 cum
639 5799 766 5840 vero
807 5785 1012 5841 vincula
1060 5785 1364 5856 dirumpere
1404 5786 1656 5857 oportuit,
1690 5801 1794 5844 non
1823 5795 1939 5843 erat
1965 5802 2066 5843 cx-

2224 483 2415 536 stincta
2446 501 2458 536 :
2488 487 2773 556 compedes
2800 490 2956 559 igitur
2984 492 3202 563 dirupit,
3231 503 3286 549 et
3315 495 3450 552 talos
3479 513 3584 555 non
3616 503 3802 573 tetigit.

2220 571 2410 628 Vidisti
2447 585 2641 644 quanta
2689 581 3091 650 propinquitas?
3135 584 3316 654 Neque
3360 589 3409 640 vi
3441 605 3533 643 sua
3573 571 3809 661 privatus

2217 671 2299 716 est
2343 665 2500 734 ignis,
2533 681 2704 736 neque
2744 669 2880 722 ultra
2927 673 3131 725 vincula
3166 675 3455 742 procedere
3498 696 3658 735 ausus
3688 683 3804 738 fuit.

2218 752 2400 809 Vinxit
2442 765 2719 827 tyrannus,
2767 770 2822 815 et
2862 759 3074 817 flamma
3123 766 3364 834 resolvit,
3399 777 3456 821 ut
3497 779 3552 824 et
3589 769 3806 827 barbari

2214 843 2586 901 crudelitatem
2622 846 2819 916 discas,
2868 858 2924 906 et
2964 851 3213 907 elementi
3257 855 3634 913 obedientiam.
3691 862 3804 928 Qua

2216 948 2342 987 vero
2363 949 2522 990 causa
2551 935 2602 990 in
2632 937 2806 1007 ignem
2837 939 3099 998 missurus
3123 958 3217 999 eos
3243 944 3460 1014 ligavit?
3484 947 3550 1003 Ut
3569 949 3805 1004 miracu-

2215 1022 2323 1078 lum
2354 1025 2505 1081 ﬁeret
2534 1028 2726 1097 majus,
2773 1038 2831 1084 ut
2873 1032 3170 1088 mirabilius
3212 1035 3540 1105 signum,he
3586 1050 3802 1109 putares

2213 1129 2336 1171 esse
2361 1117 2636 1173 oculorum
2653 1135 2893 1178 errorem
2919 1138 2978 1178 ea
3005 1139 3124 1194 qua:
3147 1126 3500 1184 videbantur:
3535 1131 3634 1185 nisi
3660 1133 3800 1186 enim

2213 1208 2350 1278 ignis
2378 1209 2467 1266 ille
2489 1210 2623 1281 ignis
2653 1212 2858 1278 fuisset,
2889 1217 3098 1270 vincula
3125 1232 3231 1272 non
3261 1219 3666 1292 absumpsisset,
3692 1239 3800 1280 non

2211 1302 2450 1357 exterius
2494 1303 2744 1359 sedentes
2788 1305 3004 1374 milites,
3049 1308 3190 1378 quod
3240 1310 3408 1365 multo
3463 1314 3630 1382 tmgis
3681 1315 3799 1382 fuit,

2209 1393 2474 1463 rapuisset
2511 1413 2525 1450 :
2577 1411 2719 1451 nunc
2761 1406 2938 1452 autem
2992 1400 3348 1456 exterioribus
3387 1402 3602 1473 quidem
3651 1406 3797 1473 vim,

2209 1483 2552 1540 interioribus
2574 1501 2703 1540 vero
2731 1487 3090 1543 obedientiam
3123 1489 3389 1546 exhibuit.
3415 1491 3496 1547 Tu
3518 1509 3649 1548 vero
3671 1495 3798 1551 mihi

2209 1575 2488 1631 considera
2536 1576 2751 1648 ubique,
2797 1579 3068 1650 quomodo
3109 1580 3352 1636 diabolus
3395 1597 3494 1652 per
3534 1599 3655 1654 qua:
3703 1586 3797 1642 Dei

2207 1679 2396 1720 servos
2439 1666 2732 1738 impugnat,
2775 1685 2870 1739 per
2911 1669 3024 1724 haec
3070 1673 3339 1742 propriam
3383 1675 3489 1729 vim
3534 1675 3794 1743 destruat,

2208 1770 2318 1810 non
2343 1757 2531 1812 volens
2571 1757 2810 1829 quidem,
2845 1761 2937 1815 sed
2962 1760 3055 1817 Dei
3092 1763 3352 1832 sapientia
3381 1775 3434 1820 et
3464 1767 3794 1836 providentia

2206 1847 2347 1903 illius
2393 1849 2557 1905 armis
2593 1859 2645 1904 et
2670 1851 2873 1906 artibus
2911 1852 2963 1907 in
3009 1853 3173 1924 ipsius
3201 1864 3358 1925 caput
3397 1866 3580 1913 utente
3609 1877 3622 1913 :
3653 1861 3792 1929 quod

2205 1938 2421 2008 quidem
2466 1948 2522 1995 et
2558 1939 2646 1996 hic
2687 1941 2882 1998 factum
2929 1953 3032 1999 est.
3064 1944 3316 2000 Diabolus
3357 1948 3501 2003 enim
3532 1948 3641 2005 illic
3671 1959 3794 2006 tunc

2207 2041 2432 2102 tyranno
2459 2046 2520 2088 se
2557 2033 2855 2102 insinuans,
2902 2053 3075 2107 neque
3122 2038 3264 2095 ferro
3291 2049 3594 2096 sanctorum
3621 2043 3791 2114 capita

2203 2124 2441 2178 abscindi
2472 2126 2732 2195 permisit,
2764 2142 2937 2197 neque
2966 2130 3150 2184 bestiis
3173 2131 3328 2195 tradi,
3357 2147 3528 2201 neque
3556 2133 3666 2188 ullo
3685 2134 3792 2189 alio

2205 2216 2294 2270 tali
2320 2217 2479 2272 modo
2510 2218 2684 2287 puniri
2711 2236 2724 2274 :
2757 2220 2850 2275 sed
2881 2221 2933 2276 in
2962 2221 3137 2292 ignem
3162 2223 3304 2293 injiei
3327 2227 3513 2292 suasit,
3539 2234 3598 2281 ut
3619 2242 3792 2297 neque

2204 2307 2445 2376 reliquia:
2490 2308 2702 2363 illorum
2738 2320 3045 2366 sanctorum
3094 2323 3454 2381 remanerent,
3496 2317 3625 2386 ipsis
3663 2333 3788 2372 cor-

2203 2398 2422 2467 poribns
2446 2401 2798 2469 consumatis,
2830 2411 2886 2456 et
2926 2403 3160 2472 ipsorum
3188 2404 3369 2460 cinere
3397 2421 3516 2460 cum
3541 2421 3789 2463 sarmen-

2201 2497 2378 2544 torum
2426 2490 2606 2546 cinere
2653 2493 2984 2548 commixto:
3018 2495 3156 2549 Deus
3202 2507 3380 2552 autem
3429 2497 3530 2554 hoc
3573 2501 3690 2570 ipso
3721 2502 3789 2556 ad

2201 2579 2488 2650 impietatis
2517 2582 2930 2638 destructionem
2960 2599 3086 2640 usus
3111 2595 3213 2654 est,
3248 2599 3304 2643 et
3339 2603 3405 2643 eo
3433 2591 3594 2646 modo
3629 2608 3787 2663 quem

2199 2687 2298 2743 ego
2321 2689 2445 2728 mox
2479 2675 2652 2729 dicam

2268 2761 2416 2835 Ignis
2439 2765 2577 2836 apud
2607 2765 2794 2820 Persas
2819 2767 2942 2820 deus
2970 2778 3197 2838 putatur.
3223 2799 3290 2809 —
3332 2769 3472 2826 Dens
3497 2771 3633 2841 apud
3658 2771 3788 2828 Per-

2198 2867 2288 2910 sas
2320 2855 2456 2925 ignis
2494 2871 2614 2912 essc
2642 2867 2891 2927 putatur,
2929 2858 3210 2931 ipsumque
3247 2862 3418 2917 multo
3442 2863 3586 2917 cultu
3628 2880 3787 2920 vene-

2197 2955 2382 3000 rantur
2402 2946 2560 3001 etiam
2590 2962 2728 3002 nunc
2755 2947 2963 3004 barbari
2993 2950 3261 3020 regionem
3290 2952 3432 3006 illaut
3464 2953 3782 3010 habitantes.

2195 3036 2396 3093 Volens
2448 3039 2606 3108 igitur
2658 3040 2796 3095 Deus
2860 3041 3114 3097 radicitus
3167 3042 3454 3114 impietatis
3506 3047 3781 3101 materiam

2194 3127 2432 3192 auferre,
2465 3131 2730 3184 concessit
2760 3130 3059 3200 lmjusmodi
3099 3147 3273 3203 paena:
3303 3134 3516 3188 modum
3536 3176 3552 3201 ,
3581 3146 3640 3190 ut
3673 3152 3782 3206 pra:

2194 3220 2365 3274 oculis
2380 3220 2618 3274 omnium
2643 3221 2813 3290 ipsum
2833 3221 3120 3276 colentium
3141 3263 3156 3286 ,
3181 3223 3352 3278 servis
3375 3225 3486 3279 suis
3507 3226 3779 3280 victoriam

2193 3311 2460 3366 conferret
2487 3329 2500 3364 :
2532 3328 2626 3381 per
2667 3313 2777 3382 ipsa
2823 3327 2981 3382 opera
3023 3313 3152 3383 ipsis
3196 3315 3516 3383 persuadere
3560 3318 3778 3382 volens,

2193 3403 2334 3473 quod
2373 3404 2645 3474 gentilium
2694 3404 2765 3458 dii
2814 3420 2917 3460 non
2963 3404 3131 3460 Deum
3182 3415 3415 3474 tantum,
3461 3407 3556 3463 sed
3604 3417 3659 3463 et
3687 3409 3776 3464 Dei

2191 3509 2378 3550 servos
2409 3495 2647 3549 timeant.

2265 3587 2317 3642 4.
2340 3586 2407 3641 Et
2428 3588 2706 3642 considera
2737 3587 2972 3643 victoriae
3001 3603 3252 3644 coronam
3272 3605 3367 3660 per
3380 3594 3646 3646 contraria
3666 3602 3777 3649 tex-

2189 3685 2320 3744 tam,
2353 3686 2406 3732 ct
2427 3676 2593 3732 factos
2610 3679 2793 3747 trepmi
2827 3687 2994 3734 testes
3018 3679 3162 3749 ipsos
3185 3681 3446 3736 inimicos.
3470 3682 3607 3736 Misit
3623 3685 3773 3750 enim,

2190 3769 2378 3840 inquit,
2402 3769 2870 3824 Nabuchodonosor
2886 3787 2976 3824 rex
2985 3771 3053 3824 ad
3067 3773 3473 3843 congregandum
3490 3791 3659 3829 omnes
3676 3793 3776 3829 ma-

2187 3861 2445 3930 gistratus,
2475 3870 2521 3913 et
2541 3860 2710 3925 duces,
2733 3872 2777 3914 et
2805 3860 3062 3929 praesides,
3091 3863 3342 3932 principes
3377 3872 3421 3917 et
3441 3872 3704 3934 tyrannos,
3729 3876 3775 3920 et

2185 3951 2238 4004 in
2269 3950 2590 4021 potestatibus
2617 3962 2929 4016 constitutos,
2956 3962 3002 4005 et
3022 3967 3193 4006 omnes
3208 3954 3467 4024 regionum
3488 3959 3771 4027 prazfectos.

2185 4051 2240 4096 ut
2271 4043 2490 4096 venirent
2506 4042 2574 4095 ad
2611 4057 2751 4096 nova:
2779 4042 3142 4096 dedicationem
3173 4053 3374 4111 statuae,
3411 4053 3456 4098 et
3483 4046 3772 4116 congregati

2184 4144 2301 4187 sunt
2328 4150 2497 4188 omnes
2540 4133 2700 4204 (Dan.
2729 4136 2764 4188 3
2812 4134 2891 4204 2).
2925 4133 3172 4189 Inimicus
3201 4134 3467 4189 theatrum
3513 4147 3681 4205 parat,
3709 4151 3774 4192 ac

2184 4232 2514 4293 spectatores
2536 4224 2696 4294 cogit.
2725 4225 2954 4278 stadium
2972 4224 3235 4294 proponit,
3266 4223 3381 4295 ipse
3409 4227 3769 4296 spectaculum

2183 4325 2465 4384 convocat,
2497 4325 2551 4372 et
2583 4317 2844 4372 theatrum
2867 4332 2975 4372 non
2996 4317 3291 4387 vulgarium
3323 4319 3617 4384 hominum,
3663 4336 3769 4375 non

2184 4412 2543 4480 privatorum,
2590 4419 2682 4466 seu
2728 4413 2963 4466 omnium
3012 4411 3391 4466 honoratorum
3435 4423 3489 4467 ct
3531 4414 3768 4468 omnium

2183 4507 2604 4575 magistratuum,
2650 4516 2710 4561 ut
2751 4515 2807 4562 et
2846 4505 3207 4560 testimonium
3249 4505 3389 4574 apud
3438 4505 3633 4560 multos
3665 4505 3770 4562 ﬁde

2181 4597 2398 4666 dignum
2426 4596 2534 4651 ﬁat.
2551 4595 2686 4651 Vent
2703 4605 2822 4651 rant
2845 4595 2911 4649 ad
2937 4595 3079 4650 aliud
3108 4595 3277 4650 vocati
3304 4595 3684 4665 spectaculum,
3715 4605 3770 4650 et

2179 4690 2282 4744 alia
2328 4689 2640 4759 conSpicati,
2684 4703 2874 4744 tuxnnes
2905 4688 3170 4743 abierunt.
3217 4687 3490 4743 Venerunt
3535 4696 3765 4742 statuam

2179 4779 2482 4843 adoraturi,
2527 4788 2582 4834 et
2619 4789 2847 4834 statuam
2885 4777 3099 4849 quidem
3142 4777 3476 4843 deriserunt;
3521 4779 3768 4834 abierunt

2179 4885 2310 4926 vero
2339 4871 2430 4926 Dei
2475 4871 2761 4940 potentiam
2809 4869 3054 4924 admirati
3083 4884 3180 4939 per
3205 4871 3354 4940 signa
3381 4870 3434 4924 in
3463 4870 3641 4940 pueris
3667 4885 3766 4926 ex-

2181 4959 2368 5014 hibita.
2387 4959 2454 5014 Et
2477 4959 2596 5014 vide
2615 4961 2704 5015 ubi
2721 4957 2948 5013 stadium
2971 4957 3075 5014 hoc
3097 4966 3386 5015 statuerat:
3409 4959 3586 5014 nonin
3609 4959 3759 5024 urbe,

2179 5067 2281 5107 nec
2310 5053 2362 5106 in
2393 5053 2501 5107 ullo
2525 5067 2674 5122 agro,
2713 5051 2810 5107 sed
2857 5051 2996 5124 pL'tni
3041 5061 3097 5107 et
3124 5051 3249 5106 nudi
3275 5052 3446 5122 campi
3492 5053 3594 5108 hoc
3617 5053 3765 5108 orbis

2179 5142 2445 5198 theatrum
2491 5143 2832 5212 suscipiunt:
2873 5142 2926 5197 in
2979 5157 3169 5212 campo
3210 5144 3353 5198 enim
3405 5143 3560 5198 Deira
3611 5155 3761 5198 extra

2177 5234 2444 5290 civitatem
2474 5236 2700 5306 efﬁgiem
2732 5236 2924 5300 erexit,
2955 5244 3011 5291 et
3046 5250 3220 5306 praeco
3264 5236 3622 5304 pertransiens
3649 5237 3762 5291 cla-

2178 5329 2400 5383 mabat:
2441 5327 2594 5382 Vobis
2635 5327 2842 5394 dicitur,
2870 5337 3064 5399 gentes,
3110 5328 3288 5393 tribus,
3317 5329 3512 5399 papuli,
3553 5329 3759 5398 (iugum,

2177 5437 2488 5492 quacumque
2499 5422 2624 5476 hora
2639 5421 2898 5475 audieritis
2913 5437 3079 5475 vocem
3095 5419 3456 5488 tubae,ﬁstuIat,
3475 5429 3520 5473 et
3533 5420 3758 5485 rithartr,

2175 5512 2537 5583 sambucteque,
2560 5521 2606 5566 et
2631 5512 2878 5582 psalterii,
2905 5520 2952 5565 et
2979 5510 3296 5582 symphoniw
3320 5519 3367 5564 et
3391 5510 3556 5564 omnis
3570 5511 3764 5579 generis

2176 5607 2500 5673 musicorum,
2518 5606 2748 5660 cadentes
2763 5607 2970 5660 adorata
2983 5615 3201 5658 statuant
3227 5619 3432 5658 auream
3457 5604 3604 5674 (vere
3618 5602 3760 5656 enim

2175 5697 2366 5752 cadere
2382 5705 2497 5751 erat
2516 5698 2856 5751 simulacrum
2877 5695 3144 5764 adorare):
3163 5703 3210 5748 et
3233 5709 3533 5762 quicumque
3551 5709 3650 5746 non
3671 5708 3760 5745 ca-

2175 5785 2297 5842 dens
2323 5788 2624 5857 adoraverit,
2656 5789 2709 5842 in
2737 5787 2910 5844 eadem
2945 5787 3072 5842 liora
3118 5787 3409 5858 projieietnr
3433 5787 3486 5842 in
3507 5784 3766 5842 caminum
