4072 6384
281 339 355 398 63
1284 339 1376 394 AD
1411 335 1744 394 PUPULUM
1785 335 2284 393 ANTIOCHENUM
2327 335 2565 392 HOMIL.
2609 337 2693 391 IV.
3637 352 3706 407 δι

279 472 378 508 σου
419 455 481 508 τὸ
529 454 793 520 συνειδός;
837 454 972 510 ἀλλά
1025 452 1382 524 τιτρώσκεταί
1423 470 1516 506 σου
1564 453 1684 508 καθ’
1714 452 1949 520 ἑκάστην

271 543 490 612 ἡμέραν
519 544 553 612 ἡ
572 543 778 596 διάνοια
807 542 1032 596 θάνατον
1061 539 1436 612 προσδοκῶσα,
1466 540 1561 592 καὶ
1593 538 1821 609 ἀπειλὴν
1854 556 1950 608 με-

272 629 504 696 γίστην;
551 627 709 682 Ἀλλά
753 631 846 681 καὶ
889 627 1135 681 ἐντεῦθεν
1181 628 1313 697 ἡμῖν
1356 626 1525 696 πολλὴ
1573 628 1708 697 πρὸς
1739 626 1939 698 ἀρετὴν

271 715 513 779 ἐπίδοσις
535 715 707 778 ἔσται,
726 714 1132 786 ἐπιτεινομένης
1154 716 1285 785 ἡμῖν
1305 714 1403 784 τῆς
1424 711 1709 776 εὐλαϐείας
1734 712 1822 765 διὰ
1841 712 1943 781 τῆς

271 803 536 869 ἀγωνίας.
561 804 794 866 Δυνατὸς
823 803 921 873 μὲν
945 802 1053 872 γάρ
1072 804 1101 855 6
1125 801 1256 864 Θεὸς
1279 801 1493 855 ἅπαντα
1521 800 1680 853 λῦσαι
1704 800 1943 870 σήμερον

269 889 345 941 τά
373 889 549 944 δεινά·
579 890 692 943 ἀλλ’
721 890 824 953 ἔως
840 889 905 944 ἂν
925 889 1006 961 ῖδῃ
1025 888 1398 960 καθαρθέντας
1431 889 1599 960 ἡμᾶς,
1629 885 1734 950 ἕως
1766 887 1832 942 ἂν
1860 885 1944 957 ἴδῃ

269 978 573 1048 γενομένην
615 977 968 1049 ἐπιστροφὴν,
1023 978 1115 1030 καὶ
1140 977 1423 1048 μετάνοιαν
1452 977 1656 1045 παγίαν
1677 976 1772 1030 καὶ
1797 975 1945 1028 ἀσειο

274 1080 421 1125 στον,
445 1065 504 1116 οὐ
527 1065 785 1119 καταλύει
805 1065 906 1136 τὴν
931 1064 1126 1133 θλίψιν.
1162 1063 1268 1117 Καὶ
1291 1064 1398 1136 γάρ
1432 1066 1461 1118 6
1491 1063 1802 1135 χρυσοχόος,
1842 1061 1946 1124 ἕως

275 1150 344 1202 ἂν
371 1150 457 1223 ἴδῃ
485 1151 546 1204 τὸ
579 1153 799 1221 χρυσίον
844 1151 1027 1216 καλῶς
1066 1150 1425 1222 ἐκκαθαρθέν,
1455 1152 1553 1204 οὐκ
1594 1151 1812 1220 ἀνασπᾷ
1850 1147 1945 1202 τοῦ

271 1240 641 1310 χωνευτηρίου
661 1257 674 1268 ·
705 1241 845 1294 οὕτω
877 1242 968 1294 καὶ
1002 1243 1031 1294 6
1062 1241 1193 1304 Θεὸς
1233 1241 1291 1294 οὐ
1317 1242 1554 1312 παράγει
1583 1241 1741 1293 τοῦτο
1773 1240 1832 1292 τὸ
1859 1240 1945 1292 νέ-

274 1343 395 1393 φος,
439 1327 543 1390 ἕως
590 1327 655 1381 ἂν
701 1330 849 1399 ἡμᾶς
881 1329 1188 1400 σωφρονίσῃ
1223 1329 1497 1392 καλῶς.’0
1524 1329 1632 1399 γὰρ
1663 1329 1946 1398 συγχωρή-

275 1431 376 1478 σας
402 1415 493 1467 τὸν
515 1417 837 1487 πειρασμὸν,
862 1417 1024 1480 αὐτὸς
1047 1412 1154 1470 οἶδε
1180 1417 1272 1469 καὶ
1294 1417 1383 1469 τὸν
1405 1416 1593 1488 καιρὸν
1621 1416 1719 1487 τῆς
1741 1415 1947 1478 λύσεως

272 1503 369 1555 τοῦ
410 1503 740 1574 πειρασμοῦ.
774 1504 930 1558 Οὐτω
978 1505 1072 1557 καὶ
1115 1505 1144 1556 6
1177 1502 1476 1575 κιθαρῳδὸς
1523 1502 1645 1556 οὐτε
1691 1502 1948 1556 ἐπιτείνει

269 1591 372 1659 τὴν
404 1590 622 1660 νευράν,
647 1591 734 1644 ἵνα
766 1590 841 1662 μὴ
870 1590 1159 1663 διαρῤήξῃ.
1185 1589 1309 1643 οὐτε
1346 1589 1485 1661 χαλᾷ
1533 1590 1674 1661 πέρα
1726 1589 1820 1642 τοῦ
1855 1589 1951 1659 μέ-

273 1693 431 1746 τρου,
462 1677 548 1729 ἵνα
583 1677 658 1747 μὴ
683 1676 987 1748 λυμήνηται
1034 1677 1131 1748 τὴν
1176 1678 1494 1748 συμφωνίαν
1521 1677 1620 1748 τῆς
1652 1676 1944 1749 ἁρμονίας·

274 1761 420 1815 οῦτω
451 1764 542 1815 καὶ
567 1752 744 1828 ὁΘεὸς
765 1766 929 1827 ποιεῖ,
961 1763 1084 1817 οὐτε
1127 1765 1184 1816 ἐν
1231 1765 1412 1817 ἀνέσει
1439 1764 1698 1833 διηνεκεῖ.
1733 1763 1856 1817 οὐτε
1892 1766 1949 1816 ἐν

276 1848 454 1917 θλίψει
493 1852 681 1922 μακρᾷ
704 1852 802 1920 τὴν
836 1851 1108 1922 ἡμετέραν
1140 1851 1430 1922 καθίστησι
1461 1850 1659 1922 ψυχὴν,
1687 1851 1828 1905 κατά
1852 1849 1950 1921 τὴν

276 1936 444 1988 αὐτοῦ
481 1936 695 1990 σύνεσιν
741 1939 1024 2009 ἀμφότερα
1050 1941 1221 1992 ταῦτα
1257 1939 1443 1992 ποιῶν.
1472 1940 1586 1992 Οὐκ
1624 1939 1815 2008 ἀφίησι
1850 1939 1950 2010 μὲν

275 2024 388 2091 γὰρ
407 2022 688 2093 διηνεκοῦς
715 2025 950 2090 ἀνέσεως
974 2025 1285 2091 ἀπολαύειν,
1312 2027 1398 2080 ἵνα
1431 2027 1507 2097 μὴ
1542 2025 1825 2096 γενώμεθα
1853 2029 1950 2097 ρᾳ-

288 2106 601 2180 θυμότεροι·
634 2111 733 2164 οὐκ
762 2112 953 2183 ἀφίησι
980 2113 1036 2166 δὲ
1066 2115 1123 2166 ἐν
1151 2112 1326 2183 θλίψει
1361 2115 1574 2183 συνεχεῖ
1606 2109 1745 2166 εἶναι
1769 2113 1948 2180 πάλιν,

284 2197 377 2250 ῖνα
413 2197 485 2267 μὴ
525 2200 920 2272 καταπέσωμεν
957 2201 1091 2274 μηδὲ
1119 2202 1614 2274 ἀπαγορεύσωμεν.

360 2285 431 2353 γ’.
449 2287 606 2357 Αὐτῷ
624 2289 803 2342 τοίνυν
825 2289 1246 2362 παραχωρῶμεν
1269 2292 1360 2344 τὸν
1385 2291 1573 2362 καιρὸν
1595 2293 1949 2364 τῆςάπαλλα-

281 2374 388 2444 γῆς
413 2373 522 2426 τῶν
545 2375 753 2440 δεινῶν,
785 2378 946 2447 ἡμεῖς
971 2377 1026 2429 δὲ
1059 2377 1345 2448 εὐχώμεθα
1381 2378 1560 2449 μόνον,
1592 2381 1751 2449 ἡμεῖς
1784 2383 1840 2433 ἐν
1865 2381 1953 2434 εὐ-

281 2459 478 2528 λαϐείᾳ
506 2459 778 2532 ζήσωμεν.
795 2463 857 2515 Ἦ
866 2463 980 2533 μῶν
1009 2464 1107 2533 μὲν
1139 2464 1246 2536 γὰρ
1280 2465 1439 2536 ἔργον
1459 2466 1520 2518 τὸ
1564 2466 1679 2540 [55]
1717 2470 1952 2538 μεταϐα-

279 2546 470 2600 λέσθαι
495 2548 632 2620 πρὸς
652 2550 872 2621 ἀρετὴν,
895 2550 987 2604 τοῦ
1005 2552 1138 2604 Θεοῦ
1160 2553 1216 2604 δὲ
1243 2552 1402 2624 ἔργον
1425 2554 1485 2606 τὸ
1503 2554 1663 2608 λῦσαι
1687 2556 1754 2608 τὰ
1769 2556 1917 2610 δεινά
1936 2574 1949 2588 ·

280 2635 379 2685 καὶ
420 2634 529 2705 γάρ
559 2635 654 2689 σοῦ
701 2635 796 2689 τοῦ
839 2636 1232 2708 πειραζομένου
1267 2640 1465 2709 μᾶλλον
1510 2641 1672 2706 αὐτὸς
1707 2643 1954 2712 βούλεται

282 2720 474 2774 σϐέσαι
510 2721 610 2793 τὴν
634 2725 810 2796 πυράν
837 2725 1062 2797 ταύτην,
1088 2725 1202 2778 ἀλλ’
1225 2728 1484 2798 ἀναμένει
1515 2746 1609 2782 σου
1645 2731 1742 2800 τὴν
1778 2749 1953 2797 σωτη-

286 2808 411 2877 ρίαν
437 2808 648 2882 Ὥσπερ
691 2807 783 2864 οὖν
832 2811 890 2879 ἐξ
939 2813 1172 2877 ἀνέσεως
1214 2815 1430 2882 ἐγένετο
1457 2816 1656 2886 θλίψις,
1691 2819 1833 2872 οὕτω
1861 2821 1956 2872 καὶ

285 2894 397 2946 ἀπὸ
429 2894 658 2964 θλίψεως
701 2897 882 2952 ἄνεσιν
931 2898 1036 2970 χρὴ
1082 2901 1403 2973 προσδοκᾷν.
1437 2904 1570 2956 Οὐδὲ
1600 2905 1706 2976 γὰρ
1735 2907 1821 2958 ἀεὶ
1847 2925 1956 2976 χει-

289 2981 406 3050 μὼν
458 2983 578 3036 οὐδὲ
610 2984 698 3037 ἀεὶ
723 2985 901 3056 θέρος,
935 2989 1032 3041 οὐκ
1059 2990 1146 3042 ἀεὶ
1178 2990 1394 3061 κύματα
1422 2993 1542 3046 οὐδέ
1585 2994 1671 3047 ἀεὶ
1720 2995 1952 3065 γαλήνη.

284 3072 386 3122 οὐκ
412 3071 497 3124 ἀεὶ
529 3072 625 3136 νῦξ
667 3074 786 3126 οὐδὲ
813 3075 898 3127 ἀεὶ
921 3075 1104 3148 ἡμέρα
1124 3094 1138 3108 ·
1171 3077 1343 3141 οὕτως
1365 3079 1486 3132 οὐδὲ
1511 3080 1596 3134 ἀεὶ
1619 3081 1815 3152 θλῖψις,
1841 3083 1955 3136 ἀλλ’

287 3157 441 3211 ἔσται
488 3160 580 3212 καὶ
625 3161 825 3225 ἄνεσις,
863 3163 1022 3232 μόνον
1050 3163 1145 3217 ἐὰν
1171 3166 1228 3218 ἐν
1254 3169 1318 3236 τῇ
1350 3165 1522 3236 θλίψει
1549 3167 1838 3232 διαπαντὸς
1864 3169 1956 3222 εὐ-

285 3247 631 3318 χαριστῶμεν
660 3249 737 3320 τῷ
768 3250 886 3323 Θεῷ
932 3252 1042 3306 Καὶ
1078 3253 1186 3324 γάρ
1217 3256 1267 3306 οἰ
1297 3256 1445 3324 τρεῖς
1473 3255 1660 3320 παῖδες
1688 3258 1765 3319 εἰς
1793 3258 1958 3328 κάμι-

285 3355 376 3389 νον
416 3339 804 3410 ὲνεϐλήθησαν,
841 3341 934 3395 καὶ
965 3342 1083 3396 οὐδὲ
1113 3342 1286 3406 οὕτως
1325 3344 1648 3398 ἐπελάθοντο
1675 3345 1774 3415 τῆς
1802 3345 1956 3400 εὐλαο

287 3424 463 3489 ϐείας,
490 3427 607 3479 οὐδὲ
640 3427 905 3498 ἐφόϐησεν
933 3430 1129 3494 αὐτοὺς
1155 3432 1187 3501 ή
1215 3430 1365 3499 φλὸξ,
1401 3431 1535 3484 ἀλλά
1564 3431 1672 3484 τῶν
1703 3434 1760 3486 ὲν
1793 3431 1958 3486 θαλά-

292 3528 380 3581 μῳ
408 3512 751 3583 καθημένων,
781 3516 873 3568 καὶ
904 3516 1069 3586 μηδὲν
1097 3518 1414 3588 πασχόντων
1444 3518 1633 3583 δεινὸν,
1670 3521 1960 3574 σπουδαιό-

288 3615 447 3669 τερον
463 3599 540 3670 τῷ
556 3602 686 3672 πυρὶ
712 3603 1089 3672 κυκλούμενοι,
1113 3605 1210 3668 τὰς
1235 3605 1386 3676 ἱεράς
1405 3606 1620 3670 ἐκείνας
1645 3607 1959 3678 ἀνέπεμπον

291 3688 476 3757 εὐχάς.
518 3689 614 3741 Διά
650 3690 808 3742 τοῦτο
849 3694 1026 3760 τεῖχος
1075 3696 1259 3756 αὐτοῖς
1310 3693 1526 3762 ἐγένετο
1572 3694 1634 3747 τὸ
1684 3696 1817 3766 πῦρ.
1868 3697 1960 3748 καὶ

294 3776 453 3846 στολὴ
483 3778 515 3845 ή
548 3777 699 3844 φλὸξ,
735 3779 828 3830 καὶ
867 3779 1016 3848 πηγὴ
1043 3781 1074 3848 ἡ
1106 3780 1354 3849 κάμινος,
1390 3784 1483 3834 καὶ
1525 3781 1841 3852 δεδεμένους
1868 3782 1961 3835 λαο

293 3861 462 3914 ϐὀῦσα
487 3862 810 3932 λελυμένους
847 3865 1152 3917 ἀπέδωκεν·
1196 3866 1355 3919 ἔλαϐε
1385 3867 1554 3938 θνητὰ
1592 3867 1841 3939 σώματα,
1868 3872 1961 3924 καὶ

291 3950 366 4011 ὡς
397 3949 679 4003 ἀθανάτων
705 3953 1004 4020 ἀπέσχετο·
1033 3953 1132 4006 οὐκ
1159 3952 1339 4020 ἕγνωι
1368 3955 1466 4025 τὴν
1496 3955 1676 4023 φύσιν,
1705 3957 1818 4009 ἀλλ’
1841 3958 1964 4028 ᾐδέα

297 4039 396 4108 σθη
424 4039 521 4110 τὴν
548 4039 831 4093 εὐλάϐειαν
855 4057 868 4071 ·
907 4040 1062 4110 ἔδησε
1109 4042 1234 4105 τοὺς
1278 4042 1442 4106 πόδας
1483 4045 1511 4096 6
1543 4043 1824 4114 τύραννος,
1867 4049 1960 4100 καὶ

294 4127 490 4195 ἔδησαν
517 4127 567 4180 of.
599 4127 758 4190 πόδες
786 4125 880 4179 τοῦ
922 4127 1091 4198 πυρὸς
1123 4128 1222 4198 τὴν
1259 4129 1628 4201 ἐνέργειαν.Ὦ
1659 4132 1960 4202 παραδόξου

295 4213 656 4283 πράγματοςί
693 4215 819 4275 τοὺς
856 4213 1170 4284 δεδεμένους
1206 4215 1454 4287 ἔλυσενὴ
1490 4217 1638 4286 φλὸξ.
1682 4220 1777 4272 καὶ
1823 4220 1961 4291 αὐτὴ

293 4300 478 4354 λοιπὸν
511 4299 617 4353 ὑπὸ
651 4298 760 4352 τῶν
786 4299 1082 4370 δεδεμένων
1127 4301 1361 4356 ἐδέδετο·
1408 4305 1670 4373 μετέϐαλε
1710 4307 1818 4379 γάρ
1852 4308 1961 4362 τῶν

296 4387 637 4461 πραγμάτων
671 4387 771 4451 τὴν
807 4387 969 4456 φύσιν
1000 4387 1106 4440 τῶν
1133 4390 1428 4443 νεανίσκων
1456 4392 1490 4460 ἠ
1516 4392 1792 4458 εὐλάϐεια,
1827 4397 1960 4465 μᾶλ-

295 4476 385 4529 λον
417 4476 473 4528 δὲ
503 4477 564 4528 οὐ
597 4475 695 4546 τὴν
725 4474 884 4544 φύσιν
917 4475 1229 4546 μετέϐαλεν,
1260 4476 1374 4530 ἀλλ’
1405 4478 1432 4531 ὃ
1453 4479 1631 4550 πολλῷ
1651 4481 1960 4552 θαυμαστό-

293 4581 451 4634 τερον
492 4560 579 4634 ἦν,
621 4562 886 4634 μενούσης
921 4564 1020 4634 τῆς
1049 4565 1261 4633 φύσεως
1281 4564 1378 4635 τὴν
1407 4566 1683 4636 ἐνέργειαν
1712 4568 1956 4639 ἔστησεν.

295 4652 370 4703 οὐ
398 4650 508 4721 γάρ
550 4649 738 4702 ἔσϐεσε
765 4649 828 4703 τὸ
867 4651 997 4721 πῦρ,
1025 4650 1160 4703 ἀλλά
1185 4651 1472 4720 καιόμενον
1503 4655 1670 4724 ἀργὸν
1702 4657 1925 4728 ἐποίησε
1944 4676 1956 4692 σ

295 4744 390 4796 καὶ
430 4743 491 4795 τὸ
513 4742 578 4811 δή
608 4740 920 4810 θαυμαστὸν
957 4740 1048 4794 καὶ
1093 4740 1417 4812 παράδοξον,
1448 4743 1547 4795 οὐκ
1593 4745 1683 4797 ἐπὶ
1713 4747 1822 4800 τῶν
1853 4765 1960 4801 σω-

299 4831 484 4900 μάτων
504 4829 658 4881 τοῦτο
691 4829 800 4880 τῶν
831 4829 1000 4896 ἁγίων
1016 4829 1231 4896 ἐγένετο
1266 4829 1446 4900 μόνον,
1463 4831 1599 4885 ἀλλά
1627 4833 1719 4885 καὶ
1742 4835 1832 4887 ἐπὶ
1853 4835 1962 4888 τῶν

300 4917 528 4987 ἰματῖων
549 4917 749 4978 αὐτῶν,
774 4919 869 4970 καὶ
895 4918 1002 4969 -ὲπὶ
1030 4917 1137 4970 τῶν
1165 4918 1526 4988 ὑποδημάτων
1545 4937 1558 4950 ·
1591 4923 1684 4974 καὶ
1711 4922 1961 4995 καθάπερ

297 5007 390 5056 ἐπὶ
433 5004 540 5058 τῶν
589 5005 921 5067 ἀποστόλων,
959 5005 1029 5058 τά
1067 5006 1258 5076 ἰμάτια
1291 5007 1502 5060 Παύλου
1546 5011 1826 5079 νοσήμα“α
1870 5013 1963 5064 καὶ

295 5093 555 5162 δαίμονας
603 5093 818 5163 ἤλαυνε,
863 5095 956 5145 καὶ
995 5095 1049 5146 αί
1094 5094 1242 5147 σκιαὶ
1269 5096 1471 5166 Πέτρου
1502 5095 1729 5151 θάνατον
1758 5099 1963 5167 ἐφυγά-

295 5181 519 5234 δευονδ·
567 5181 710 5234 οῦτω
751 5181 816 5253 δὴ
858 5183 952 5234 καὶ
997 5182 1232 5236 ἐνταῦθα
1265 5183 1373 5235 τῶν
1407 5184 1610 5238 παίδων
1645 5185 1847 5240 τούτων
1893 5187 1963 5241 τὰ

297 5269 620 5338 ὑποδήματα
667 5270 766 5341 τὴν
807 5269 899 5322 τοῦ
949 5269 1118 5340 πυρὸς
1166 5269 1391 5339 δύναμιν
1437 5271 1675 5326 ἔσϐεσεν.
1702 5274 1814 5327 υύκ
1849 5271 1962 5328 οῖδα

296 5356 417 5418 πῶς
455 5355 628 5407 εἴπω·
661 5356 721 5408 τὸ
755 5356 862 5427 γὰρ
901 5355 1083 5426 θαῦμα
1123 5358 1300 5410 πᾶσαν
1338 5358 1654 5429 ὑπερϐαίνει
1697 5360 1855 5429 λόγου
1887 5362 1964 5416 δι-

295 5449 516 5522 ήγησιν.
545 5446 651 5501 Καὶ
687 5448 796 5518 γὰρ
821 5447 1044 5501 ἕσϐεστο
1084 5450 1116 5518 ή
1162 5448 1430 5516 ἐνέργεια,
1460 5450 1552 5502 καὶ
1580 5451 1678 5503 οὐκ
1704 5451 1928 5506 ἔσϐεστο
1947 5471 1960 5483 ·

295 5537 384 5588 ὅτε
418 5537 516 5606 μὲν
555 5537 662 5606 γὰρ
693 5538 804 5598 τοῖς
843 5535 1088 5606 σώμασιν
1133 5536 1325 5605 ὡμίλει
1367 5535 1471 5589 τῶν
1520 5537 1688 5607 ἁγίων
1720 5541 1961 5606 ἐκείνων,

297 5622 522 5674 ἕσϐεστο
547 5639 560 5651 ·
596 5623 684 5674 ὅτε
727 5622 782 5674 δὲ
810 5623 876 5676 τά
904 5622 1079 5692 δεσμά
1109 5623 1396 5694 διαρρῆξαι
1429 5623 1554 5683 ἔδει,
1585 5625 1926 5683 οὐκέσϐεστο
1947 5647 1959 5659 ·

297 5710 365 5762 τά
388 5709 516 5776 γοῦν
537 5711 710 5778 δεσμά
731 5710 1000 5781 διέρρηξε,
1023 5710 1118 5763 καὶ
1136 5709 1242 5764 τῶν
1268 5711 1623 5782 ἀστραγάλων
1652 5715 1748 5784 οὐχ
1769 5715 1963 5786 ἥψατο.

365 5865 390 5932 ξι
415 5863 560 5932 Ξαχὶι.
591 5863 679 5932 οὐκ
702 5865 863 5932 ἔγνων,
901 5866 1072 5932 Μοῖρ’,
1103 5868 1238 5928 ἔγνω,
1261 5870 1435 5919 omissa
1463 5871 1726 5932 negatione

362 5921 389 5965 b
413 5928 509 5975 Adi
537 5929 615 5974 καὶ
639 5930 666 5983 ἡ
704 5921 829 5975 σκιά.
864 5921 1191 5990 ,έῖυγάδε

2057 446 2212 513 Εἶδες
2241 451 2382 522 πόση
2417 453 2450 522 ή
2484 451 2752 520 ἐγγύτης;
2801 451 2911 504 Καὶ
2952 450 3051 503 οὐκ
3075 449 3328 522 ἠπατήθη
3359 451 3418 505 τὸ
3444 451 3576 523 πῦρ,
3603 455 3723 509 οὐδὲ

2055 539 2319 610 ἐνδοτέρω
2363 540 2468 592 τῶν
2519 539 2734 610 δεσμῶν
2779 539 3059 610 προελθεῖν
3113 541 3668 613 ἐτόλμησεν.Ἕδησεν
3694 547 3725 597 6

2049 631 2332 701 τύραννος,
2351 630 2447 684 καὶ
2479 629 2665 682 ἔλυσεν
2694 631 2727 700 ή
2757 629 2908 698 φλὸξ,
2944 630 3028 682 ἵνα
3063 629 3239 702 μάθῃς
3268 631 3360 684 καὶ
3388 630 3483 684 τοῦ
3513 631 3722 704 βαρϐά-

2048 735 2144 788 ρου
2175 717 2272 787 τὴν
2305 717 2562 786 ώμότητα
2591 718 2683 769 καὶ
2725 715 2817 768 τοῦ
2863 716 3125 786 στοιχείου
3151 717 3246 787 τὴν
3271 718 3539 788 ὑπακοήν.
3568 718 3724 781 Τίνος

2045 806 2102 859 δὲ
2123 805 2306 858 ἕνεκεν
2324 805 2532 873 ἔδησεν,
2553 805 2632 867 εἰς
2657 803 2766 874 πῦρ
2787 804 3042 873 ἐμϐαλεῖν
3065 804 3301 874 μέλλων;
3327 806 3444 858 Ἵνα
3458 807 3518 858 τὸ
3541 805 3727 878 θαῦμα

2050 890 2234 962 μεῖζον
2255 891 2500 960 γένηται,
2523 891 2608 943 ἵνα
2629 889 3053 960 παραδοξότερον
3076 891 3136 943 τὸ
3160 893 3408 961 σημεῖον,
3432 892 3520 946 ῖνα
3545 892 3619 964 μὴ
3641 911 3729 947 νο-

2051 977 2216 1048 μίσῃς
2235 975 2529 1047 ὀφθαλμῶν
2575 977 2792 1048 ἀπάτην
2822 973 2962 1030 εἶναι
3004 977 3072 1032 τὰ
3111 975 3384 1048 ὁρώμενα.
3419 979 3482 1032 Εἰ
3513 978 3620 1050 γὰρ
3649 978 3725 1051 μὴ

2049 1063 2160 1131 πῦρ
2189 1059 2256 1133 ἦν
2284 1065 2459 1116 ἐκεῖνο
2487 1063 2546 1116 τὸ
2582 1061 2716 1133 πῦρ,
2741 1065 2840 1116 οὐκ
2872 1063 2937 1118 ἂν
2961 1063 3028 1116 τά
3047 1063 3220 1134 δεσμὰ
3245 1063 3555 1133 κατέφαγεν
3573 1080 3588 1094 ·
3632 1066 3729 1120 καὶ

2047 1151 2076 1204 6
2127 1150 2304 1220 πολλῷ
2355 1153 2538 1221 μεῖξον
2584 1147 2673 1220 ἦν,
2724 1153 2824 1203 οὐκ
2865 1151 2929 1204 ἂν
2966 1152 3091 1214 τοὺς
3143 1151 3340 1215 ἔξωθεν
3389 1153 3727 1223 στρατιώτας

2049 1238 2386 1309 καθημένους
2408 1239 2654 1308 ἥρπασεν
2677 1255 2689 1268 ·
2723 1239 2817 1291 νῦν
2838 1237 2925 1302 δὲ,
2961 1241 3017 1290 ἐν
3047 1241 3142 1308 μὲν
3168 1243 3280 1303 τοῖς
3306 1241 3409 1306 ἔξω
3441 1240 3538 1311 τὴν
3570 1241 3730 1294 δύνα-

2052 1341 2143 1394 μιν
2189 1323 2516 1388 ἐπεδείξατο,
2546 1327 2602 1376 ἐν
2636 1325 2691 1377 δὲ
2720 1328 2828 1387 τοῖς
2863 1325 3009 1378 ἔνδον
3038 1326 3133 1396 τὴν
3163 1328 3408 1396 ὑπακοὴν
3438 1328 3621 1394 ἔδειξε.
3653 1329 3726 1382 Σὺ

2047 1411 2104 1464 δέ
2137 1429 2226 1481 μοι
2273 1411 2460 1464 σκόπει
2503 1413 2802 1482 πανταχοῦ,
2840 1413 2956 1474 πῶς
2981 1415 3008 1465 6
3037 1413 3280 1478 διάϐολος
3303 1414 3370 1467 δι’
3396 1409 3471 1468 ὧν
3500 1416 3726 1486 πολεμεῖ

2050 1501 2162 1561 τοῖς
2189 1497 2284 1551 τοῦ
2313 1498 2447 1550 Θεοῦ
2475 1498 2700 1561 δούλοις,
2743 1499 2830 1551 διὰ
2872 1499 3077 1551 τούτων
3118 1500 3216 1571 τὴν
3255 1501 3458 1554 οἰκείαν
3498 1501 3726 1573 δύναμιν

2050 1585 2321 1656 καθαιρεῖ,
2357 1587 2453 1655 οὐχ
2479 1585 2641 1651 ἐκὼν,
2665 1585 2802 1639 ἀλλά
2833 1586 2924 1638 τοῦ
2958 1585 3093 1639 Θεοῦ
3114 1587 3207 1640 τοῦ
3239 1588 3402 1657 σοφοῦ
3439 1590 3531 1642 καὶ
3553 1590 3727 1661 εὐμη-

2049 1673 2212 1743 χάνου
2242 1676 2354 1735 τοῖς
2385 1673 2570 1736 ὅπλοις
2605 1676 2714 1734 τοῖς
2736 1673 2944 1726 ἐκείνου
2980 1674 3074 1726 καὶ⁴
3101 1677 3222 1737 ταῖς
3255 1675 3554 1745 μεθοδείαις
3583 1677 3725 1731 κατά

2047 1760 2148 1829 τῆς
2186 1758 2301 1831 [54]
2328 1759 2535 1812 ἐκείνου
2563 1760 2902 1830 κεχρημένου
2927 1760 3186 1831 κεφαλῆς.
3199 1763 3263 1814 Ὃ
3291 1761 3355 1833 δὴ
3377 1763 3467 1815 καὶ
3495 1763 3728 1817 ἐνταῦθα

2049 1845 2291 1913 γέγονεν.
2311 1845 2367 1898 Ὀ
2396 1846 2492 1916 μὲν
2511 1845 2619 1916 γάρ
2645 1846 2887 1908 διάϐολος
2910 1846 3220 1915 ἐμπνεύσας
3242 1849 3319 1918 τῷ
3339 1849 3586 1920 τυράννῳ
3606 1851 3726 1904 τότε

2052 1932 2265 2002 ἐκείνῳ,
2304 1930 2427 1985 οὐτε
2457 1933 2658 2002 σιδήρῳ
2677 1932 2774 1995 τάς
2803 1933 2910 1985 τῶν
2939 1933 3106 2000 ἁγίων
3137 1934 3520 2005 ἀποτμηθῆναι
3554 1953 3729 2005 κεφα-

2052 2017 2151 2082 λάς
2193 2019 2426 2088 ἀφῆκεν,
2464 2017 2586 2072 οὐτε
2639 2020 2847 2090 θηρίοις
2877 2019 3268 2092 παραδοθῆναι,
3301 2021 3423 2076 οὐτε
3451 2023 3593 2093 ἄλλῳ
3620 2024 3728 2078 τινὶ

2051 2104 2277 2174 τοιούτῳ
2305 2108 2491 2176 τρόπῳ
2519 2105 2876 2177 κολασθῆναι·
2903 2107 3017 2160 ἀλλ’
3040 2107 3119 2172 εἰς
3143 2107 3203 2160 τὸ
3231 2108 3340 2180 πῦρ
3367 2109 3726 2181 ἐμϐληθῆναι,

2053 2191 2138 2244 ἵνα
2172 2191 2305 2262 μηδέ
2333 2191 2405 2244 τὰ
2436 2192 2662 2261 λείψανα
2688 2193 2846 2266 μείνῃ
2875 2193 2982 2246 τῶν
3003 2194 3172 2263 ἁγίων
3197 2196 3462 2260 ἐκείνων,·
3483 2197 3592 2249 τῶν
3623 2217 3728 2253 σω-

2056 2278 2242 2348 μάτων
2271 2277 2453 2342 αὐτοῖς
2477 2279 2901 2348 ἀφανισθέντων,
2949 2282 3043 2334 καὶ
3075 2281 3174 2350 τῆς
3206 2282 3409 2354 τέφρας
3451 2283 3632 2336 αὐτῶν
3659 2287 3726 2356 τῇ

2053 2367 2228 2438 τέφρᾳ⁴
2254 2366 2361 2419 τῶν
2393 2367 2737 2438 κληματίδων
2765 2369 3144 2440 ἀναμιγείσης.
3163 2369 3222 2422 '0
3254 2369 3309 2422 δὲ
3336 2370 3466 2434 Θεὸς
3491 2371 3639 2443 αὐτῷ
3663 2373 3728 2446 δὴ

2052 2455 2226 2524 τούτῳ
2257 2454 2393 2525 πρὸς
2419 2455 2698 2526 ἀναίρεσιν
2720 2456 2820 2526 τῆς
2861 2456 3116 2521 ἀσεϐείας
3146 2458 3435 2528 ἐχρήσατο,
3468 2461 3560 2513 καὶ
3588 2461 3729 2527 πῶς,

2055 2539 2166 2610 ἐγὼ
2192 2541 2358 2609 λέγω.

2123 2629 2255 2692 Θεὸς
2289 2628 2439 2699 παρά
2475 2631 2586 2693 τοῖς
2615 2629 2853 2702 Πέρσαις
2891 2624 3028 2684 εἶναι
3057 2630 3330 2701 νομίζεται
3374 2631 3435 2685 τὸ
3482 2632 3611 2704 πῦρ,
3638 2633 3730 2687 καὶ

2053 2715 2285 2786 τιμῶσιν
2309 2716 2439 2768 αὐτὸ
2470 2716 2608 2786 μετά
2633 2716 2833 2786 πολλῆς
2858 2718 2957 2789 τῆς
2983 2716 3277 2789 θεραπείας
3307 2720 3355 2772 οἰ
3383 2720 3646 2793 βάρϐαροι
3679 2724 3730 2777 οί

2055 2801 2154 2871 τὴν
2199 2800 2382 2872 χώραν
2424 2803 2638 2872 ἐκείνην
2685 2803 2960 2868 οἰκοῦντες
2999 2803 3085 2858 ἔτι.
3123 2805 3218 2858 καὶ
3258 2806 3372 2862 νῦν.
3400 2808 3731 2880 Βουλόμενος

2053 2887 2232 2941 τοίνυν
2257 2891 2285 2942 6
2315 2888 2445 2953 Θεὸς
2480 2888 2776 2962 πρόρριζον
2802 2891 3008 2944 ἀνελεῖν
3046 2893 3145 2962 τῆς
3187 2893 3440 2958 ἀσεϐείας
3471 2897 3568 2967 τὴν
3598 2896 3731 2950 ὑπό-

2056 2974 2228 3036 θεσιν,
2263 2975 2636 3048 συνεχώρησεν
2669 2978 2818 3048 αὐτῷ
2844 2978 2922 3050 τῷ
2951 2979 3134 3051 τρόπῳ
3165 2983 3264 3052 τῆς
3293 2982 3566 3046 κολάσεως
3598 2985 3728 3038 ταύ-

2055 3079 2176 3133 της,
2195 3063 2281 3116 ῖνα
2298 3065 2418 3117 κατ’
2437 3063 2746 3135 ὀφθαλμοὺς
2764 3065 2871 3118 τῶν
2896 3065 3304 3137 θεραπευόντων
3325 3068 3454 3122 αὐτὸ
3514 3072 3731 3126 πάντων

2055 3153 2168 3214 τοῖς
2195 3150 2360 3204 αὐτοῦ
2385 3151 2588 3215 δούλοις
2617 3151 2684 3204 τά
2715 3154 3007 3224 νικητήρια
3037 3154 3132 3223 δῷ,
3163 3153 3254 3208 διά
3284 3154 3391 3208 τῶν
3424 3157 3600 3228 ἔργων
3628 3161 3731 3214 αὐ-

2055 3236 2165 3290 τῶν
2192 3237 2385 3300 πείσας
2413 3238 2628 3298 αὐτοὺς,
2673 3238 2755 3291 ὅτι
2793 3240 2841 3292 οἰ
2877 3239 2984 3291 τῶν
3016 3236 3284 3311 Ἑλλήνων
3334 3241 3446 3296 θεοὶ
3491 3245 3611 3315 οὐχὶ
3637 3245 3732 3301 τὸν

2058 3323 2190 3377 Θεὸν
2225 3323 2404 3394 μόνον,
2427 3323 2563 3377 άλλά
2595 3325 2831 3387 καὶτοὺς
2854 3325 2946 3377 τοῦ
2969 3324 3104 3378 Θεοῦ
3127 3327 3342 3392 δούλους
3366 3329 3657 3386 δεδοίκασι.

2127 3409 2189 3464 δ’.
2218 3410 2327 3463 Καὶ
2351 3409 2540 3462 σκόπει
2566 3409 2651 3462 διὰ
2673 3409 2780 3463 τῶν
2805 3411 3060 3464 ἐναντίων
3083 3413 3415 3484 πλεκόμενον
3442 3418 3542 3488 τῆς
3575 3418 3732 3492 νίκης

2059 3497 2153 3550 τὸν
2177 3497 2459 3565 στέφανον,
2484 3498 2579 3550 καὶ
2603 3497 2881 3567 μάρτυρας
2900 3499 2996 3552 τοῦ
3016 3501 3277 3571 τροπαίου
3295 3504 3620 3574 γενομένους
3639 3507 3734 3561 αὐ-

2060 3586 2186 3647 τοῦς
2210 3585 2333 3647 τοὺς
2352 3583 2597 3655 ἐχθρούς.
2629 3584 2964 3640 Ἀπέστειλε
2981 3589 3108 3660 γάρ,
3130 3592 3280 3659 φησὶ,
3295 3593 3733 3664 Ναϐουχοδονό-

2060 3686 2172 3738 σορ
2191 3674 2222 3724 ό
2235 3671 2534 3736 βασιλεὺς
2551 3673 2917 3743 συναγαγεῖν
2926 3675 3155 3743 πάντας
3177 3678 3318 3745 τοὺς
3330 3681 3617 3749 ὑπάτους,
3631 3683 3734 3737 καὶ

2061 3757 2454 3827 στρατηγοὺς,
2483 3758 2580 3811 καὶ
2610 3760 2936 3829 τοπάρχας,
2970 3763 3366 3833 ἡγουμένους,
3395 3770 3492 3821 καὶ
3521 3771 3733 3840 τυράν-

2061 3863 2242 3911 νους,
2302 3845 2399 3897 καὶ
2461 3845 2602 3911 τοὺς
2647 3847 2738 3899 ἐπ’
2769 3847 3104 3914 ἐξουσιῶν,
3159 3852 3259 3906 καὶ
3305 3853 3534 3922 πάντας
3589 3858 3729 3925 τοῦς

2061 3931 2354 4002 ἄρχοντας
2384 3932 2501 3986 τῶν
2528 3933 2736 4002 χωρῶν
2771 3936 2971 3990 ἐλθεῖν
3001 3941 3088 4004 εἰς
3116 3940 3188 3993 τὰ
3213 3941 3485 4010 ἐγκαίνια
3514 3942 3621 4013 τῆς
3649 3949 3738 3998 εἰει

2062 4023 2265 4086 κόν-ος·
2292 4021 2388 4073 καὶ
2419 4020 2824 4090 συνήχθησαν
2849 4022 3091 4090 πάντες.
3110 4025 3166 4079 '0
3199 4026 3394 4099 ἐχθρὸς
3426 4031 3648 4100 συνάγει
3669 4032 3734 4084 τὸ

2063 4106 2308 4178 θέατρον,
2330 4107 2423 4159 καὶ
2467 4107 2626 4170 αὐτὸς
2674 4112 2963 4180 συγκροτεῖ
3009 4113 3134 4175 τοὺς
3177 4112 3408 4178 θεατάς·
3457 4117 3617 4182 αὐτὸς
3661 4119 3740 4174 τὰ

2063 4194 2360 4264 σκάμματα
2396 4193 2598 4262 τίθησι,
2629 4195 2722 4248 καὶ
2757 4196 2980 4267 θέατρον
3002 4199 3062 4250 οὐ
3087 4200 3196 4253 τῶν
3221 4203 3490 4272 τυχόντων
3522 4205 3729 4278 avem.

2063 4301 2198 4347 πων,
2225 4284 2324 4336 οὐκ
2353 4283 2574 4336 ἰδιωτῶν
2602 4301 2782 4348 τινων,
2818 4285 2952 4339 ἀλλὰ
2989 4287 3094 4339 τῶν
3130 4289 3360 4359 ἐντίμων
3396 4293 3489 4344 καὶ
3513 4294 3740 4348 πάντων

2060 4372 2167 4424 τῶν
2199 4373 2255 4424 ἐν
2281 4372 2492 4442 ἀρχαῖς.
2532 4373 2621 4426 ἵνα
2651 4374 2743 4425 καὶ
2781 4374 2812 4443 ἡ
2845 4375 3118 4445 μαρτυρία
3151 4376 3459 4442 ἀξιόπιστος
3503 4380 3732 4452 γένηται

2061 4459 2214 4528 παρά
2249 4461 2362 4520 τοῖς
2406 4458 2637 4521 πολλοῖς.
2661 4453 2862 4510 Ἦλθον
2910 4461 2994 4528 ἐφ’
3023 4461 3183 4530 ἑτέρᾳ
3221 4463 3506 4533 κληθέντες
3536 4467 3733 4520 ὑποθέ-

2064 4561 2165 4607 σει,
2188 4543 2282 4596 κα¹ι
2308 4543 2471 4614 ἔτερα
2501 4544 2826 4614 θεασάμενοι
2855 4545 3054 4610 πάντες
3073 4545 3540 4619 ἀπῆλθονΠὶλθον
3563 4571 3732 4626 προσ-

2063 4630 2384 4700 κυνήσοντες
2415 4632 2514 4700 τὴν
2541 4631 2742 4696 εἰκόνα,
2768 4633 2861 4684 καὶ
2899 4634 2998 4702 τῆς
3046 4635 3142 4704 μὲν
3188 4637 3398 4703 εἰκόνος
3429 4643 3730 4711 καταγελά-

2065 4731 2271 4778 σαντες.
2299 4716 2662 4784 ἐκπλαγέντες
2706 4718 2761 4770 δὲ
2805 4719 2898 4771 τοῦ
2931 4720 3065 4774 Θεοῦ
3090 4722 3188 4792 τὴν
3213 4723 3460 4795 δύναμιν,
3498 4728 3585 4783 διὰ
3621 4731 3730 4786 τῶν

2062 4803 2140 4864 εἰς
2178 4803 2305 4864 τοὺς
2346 4803 2537 4865 παῖδας
2577 4803 2796 4867 τούτους
2830 4807 3134 4876 γενομένων
3174 4812 3435 4881 σημείων,
3467 4817 3726 4888 ἀπῆλθον.

2063 4888 2172 4941 Καὶ
2201 4889 2302 4958 ὅρα
2332 4888 2436 4941 ποῦ
2479 4888 2540 4941 τὸ
2583 4889 2792 4944 στάδιον
2831 4893 3061 4963 ἀνεῴγει
3101 4896 3284 4951 τοῦτο·
3313 4901 3412 4954 οὐκ
3449 4904 3507 4957 ὲν
3555 4907 3726 4965 πόλει.

2061 4973 2180 5026 οὐδὲ
2230 4976 2288 5026 ἐν
2332 4974 2485 5046 χώρει
2523 4977 2648 5038 τινὶ,
2684 4977 2796 5029 ἀλλ’
2823 4978 2991 5032 ὐπτια
3039 4983 3132 5037 καὶ
3176 4984 3309 5054 ψιλά
3334 4989 3490 5044 πεδία
3515 4991 3726 5062 δέχεται

2063 5060 2220 5114 τοῦτο
2252 5062 2348 5131 τῆς
2374 5063 2694 5153 οἰκουμένης
2717 5066 2776 5117 16
2809 5065 3053 5139 θέατρον.
3072 5070 3158 5126 Ἐν
3183 5073 3290 5145 γὰρ
3331 5077 3494 5148 πεδίῳ
3525 5060 3724 5153 Δεηρᾷ,

2063 5148 2160 5239 της
2194 5148 2400 5239 πόλεως
2429 5148 2550 5239 ἔξω,
2579 5151 2674 5222 τὴν
2704 5154 2884 5206 εἰκόνα
2910 5155 3126 5228 ἔστησε,
3157 5162 3248 5213 καὶ
3267 5165 3305 5215 6-
3323 5165 3509 5233 κήρυξ’
3529 5148 3728 5239 παρ-ελο

2065 5233 2172 5286 θὼν
2188 5235 2349 5320 ἐϐόα·
2385 5236 2544 5305 Ὑμῖν
2561 5241 2812 5307 λέγεται,
2838 5241 3004 5310 ἕθνηι,
3022 5247 3229 5313 φυλαὶ,
3252 5250 3407 5313 λαοὶ,
3430 5233 3721 5320 γλῶσσαι,

2063 5321 2133 5374 ἐν
2174 5316 2214 5393 ᾖ
2254 5322 2333 5379 ἂν
2371 5321 2491 5392 ὥρᾳ
2531 5327 2832 5393 ἀκούσητε
2859 5327 2965 5394 τῆς
2993 5332 3197 5400 φωνῆς
3229 5332 3338 5400 τῆς
3369 5316 3724 5408 σάλπιγγος,

2064 5410 2345 5479 σύριγ-γεῖς
2376 5427 2437 5464 τε
2498 5416 2594 5465 καὶ
2637 5413 2900 5481 κιθάρας,
2929 5419 3239 5486 σαμϐύκης
3263 5437 3324 5474 τε
3373 5425 3470 5476 καὶ
3499 5429 3729 5496 ψάλτῃ-

2057 5499 2215 5565 ρίου,
2243 5500 2339 5551 καὶ
2367 5500 2737 5569 συμφωνίας.
2767 5503 2865 5555 καὶ
2903 5507 3128 5566 παντὸς
3158 5509 3371 5578 γένους
3396 5516 3743 5582 ﬂaventi»;

2067 5588 2357 5651 πεσόντες
2389 5587 2852 5671 ,προσκυνήσατε
2882 5588 2954 5658 τῇ
2979 5593 3164 5647 εἰκόνι
3194 5593 3268 5664 τῇ
3297 5598 3504 5668 χρυσῆ
3524 5607 3540 5670 (
3558 5602 3745 5671 ὅντως

2067 5672 2175 5743 γὰρ
2199 5676 2385 5725 πεσεῖν
2413 5669 2479 5744 ἦν
2509 5675 2569 5728 τὸ
2612 5676 2981 5747 προσκυνῆσαι
3021 5681 3085 5732 16
3113 5683 3368 5754 εῖδωλον)·
3400 5687 3498 5741 καί
3522 5669 3588 5756 ὃς
3618 5669 3737 5749 ait;

2061 5759 2148 5828 μὴ
2182 5762 2581 5832 προσκυνήσῃ
2612 5764 2835 5829 πεσὼν,
2874 5767 2945 5818 ἐν
2989 5767 3145 5837 αὐτῇ
3166 5771 3244 5840 τῇ
3279 5771 3396 5841 ὥρᾳ
3427 5775 3734 5849 ἐμᾶιηθδξα

2069 5863 2234 5902 σεται
2258 5863 2277 5887 υ
2318 5853 2404 5916 εἰς
2446 5849 2556 5918 τὴν
2583 5849 2826 5918 κάμινον
2873 5851 2977 5906 τοῦ
3014 5853 3203 5923 ,ιυρὸς
3231 5857 3343 5926 τ-ἧγ
3392 5866 3726 5938 νιιίομένιυχ

2139 5939 2158 5966 ε
2185 5936 2277 5985 Alii
2306 5939 2595 5997 ἐμπεπῗται,
2616 5940 2774 5985 minus
2800 5943 2951 5985 reclc.
3279 5939 3293 5974 ἕ
