4072 6384
403 281 474 336 65
1186 285 1244 336 S.
1280 282 1563 338 JOANNIS
1596 285 2095 344 CHRYSOSTOMI
2133 292 2453 351 ARCHIEP.
2495 299 3048 362 CONSTAN'TINOP.
3754 320 3826 375 66

395 391 548 459 Εἶδες
568 395 682 461 πῶς
705 395 916 468 χαλεπά
944 396 1011 449 τὰ
1056 396 1404 466 παλαίσματα
1426 398 1653 465 γίνεται,
1687 400 1780 453 καὶ
1807 402 1925 455 ὅσαι
1958 401 2058 472 τῆς

393 482 680 552 ἐπιϐουλῆς
713 485 768 536 αἱ
805 484 1060 551 ἀνάγκαι,
1097 485 1187 536 καὶ
1231 484 1348 547 πῶς
1392 484 1527 553 βαθὺ
1555 487 1615 539 τὸ
1645 486 1933 560 βάραθρον,
1967 490 2056 542 καὶ

393 570 635 638 κρημνὸς
662 570 1033 641 έκατέρωθεν;
1077 569 1231 622 Ἀλλὰ
1260 570 1332 640 μὴ
1370 571 1552 644 δείσῃς
1573 590 1586 604 ο
1624 574 1843 645 ὅσῳπερ
1872 577 1938 628 ἂν
1961 577 2057 631 αὐ-

393 654 532 728 ξήσῃ
549 656 616 709 τὰ
651 658 1012 728 μηχανήματα
1040 657 1068 708 ὁ
1098 656 1307 726 ἐχθρὸς,
1335 658 1571 728 τοσούτῳ
1593 660 1790 730 μᾶλλον
1819 661 2056 716 δείκνυσι

389 739 500 792 τῶν
530 743 732 796 παίδων
758 744 854 813 τὴν
882 742 1152 812 ἀνδρείαν.
1174 743 1270 796 Διά
1297 747 1402 814 γάρ
1429 744 1585 797 τοῦτο
1609 747 1894 816 συμφωνία
1927 766 2056 818 μουφ

393 828 561 882 σικῶν
607 829 892 893 τοσούτων,
929 829 1017 882 διὰ
1046 828 1204 883 τοῦτο
1252 832 1284 900 ἡ
1328 832 1558 902 κάμινος
1591 835 1623 903 ἡ
1657 834 1943 906 καιομένη,
1969 835 2055 888 ἵνα

391 916 485 969 καὶ
509 916 665 988 ἡδονὴ
699 918 792 970 καὶ
821 915 982 983 φόϐος
1013 917 1272 988 πολιορκῇ
1298 919 1396 982 τάς
1421 918 1528 972 τῶν
1552 919 1834 989 παρόντων
1855 921 2050 991 ψυχάς.

388 1003 590 1071 Πικρός
628 1003 752 1066 τίςιι
801 1004 916 1056 ἐστι
969 1001 1077 1056 τῶν
1117 1004 1397 1074 παρόντων
1439 1006 1531 1058 καὶ
1564 1005 1677 1078 [55]
1703 1006 2050 1074 δυσένδοτος;

389 1089 728 1160 μαλαττέτω,
758 1091 941 1161 φησὶν,
979 1090 1140 1143 αὐτὸν
1173 1091 1504 1161 γοητεύουσά
1541 1093 1640 1163 τῆς
1684 1095 2050 1167 παναρμονίου

389 1175 656 1244 μουσικῆς
685 1177 718 1246 ἡ
746 1176 998 1246 μελῳδία.
1017 1176 1154 1229 Ἀλλ’
1181 1176 1452 1248 ἀνώτερος
1485 1179 1686 1250 ταύτης
1715 1181 1921 1248 γίνεται
1953 1182 2052 1252 τῆς

385 1262 713 1332 ἐπιϐουλῆςς
756 1261 988 1331 φοϐείτω
1025 1263 1120 1316 καὶ
1157 1265 1582 1334 καταπληττέτω
1628 1266 1729 1336 τῆς
1780 1267 1974 1336 φλογὸς
2015 1270 2049 1340 ἡ

382 1347 526 1418 δψις.
555 1349 664 1402 Καὶ
693 1343 761 1418 ἦν
792 1349 955 1418 φόϐος
991 1350 1084 1402 καὶ
1111 1349 1295 1420 ἡδονὴ,
1322 1352 1355 1420 ἡ
1385 1351 1480 1421 μὲν
1505 1351 1590 1404 διὰ
1610 1351 1717 1404 τῶν
1746 1351 1921 1419 ὤτων,
1943 1354 1971 1405 6
1993 1353 2050 1406 δέ

381 1434 472 1489 διά
493 1433 601 1487 τῶν
647 1434 938 1505 ὀφθαλμῶν
970 1436 1226 1489 ἐπεισιὼν
1257 1439 1323 1508 τῇ
1355 1437 1497 1508 ψυχῇ
1517 1454 1530 1468 ’
1568 1438 1702 1492 ἀλλὰ
1727 1439 1784 1492 τὸ
1807 1443 2048 1508 γενναῖον

383 1523 492 1577 τῶν
542 1523 838 1577 νεανίσκων
892 1524 1116 1578 ἐκείνων
1170 1526 1320 1579 οὐδὲν
1374 1527 1577 1580 τούτων
1629 1528 1887 1599 ἤλεγξεν·
1935 1530 2048 1583 ἀλλ’

381 1607 571 1682 ὥσπερ
608 1612 686 1673 εἰς
722 1610 782 1663 τὸ
821 1609 932 1681 πῦρ
962 1611 1290 1681 ἐμπεσόντες
1334 1613 1646 1685 ἐκράτησαν
1679 1615 1776 1685 τῆς
1818 1615 2044 1685 φλογὸς,

379 1693 522 1748 υῦτω
552 1696 731 1766 πάσης
753 1697 1044 1767 ἐπιθυμίας
1072 1698 1164 1751 καὶ
1187 1698 1422 1766 ἀγωνίας
1451 1702 1838 1769 κατεγέλασαν.
1863 1704 2046 1757 Πάντα

379 1783 489 1854 γάρ
522 1783 694 1836 ταῦτα
724 1783 792 1836 δι’
809 1784 1047 1848 ἐκείνους
1077 1786 1105 1836 6
1142 1784 1384 1848 διάϐολος
1403 1789 1923 1856 προπαρεσκεύασεν
1945 1809 1956 1822 ·
1983 1792 2044 1845 οὑ

377 1870 487 1941 γάρ
522 1871 650 1942 περὶ
683 1871 790 1924 τῶν
830 1872 1084 1940 ὑπηκόων
1123 1873 1454 1944 ἡμφισϐήτει
1478 1915 1493 1940 ,
1534 1874 1670 1928 ἀλλὰ
1707 1876 1800 1928 καὶ
1841 1877 2044 1950 σφόδρα

376 1955 638 2028 ἐθάρρει,
684 1957 764 2010 ὅτι
815 1958 987 2022 οὐδεὶς
1041 1960 1408 2012 ἀντιπεσεῖται
1444 1961 1522 2030 τῷ
1561 1961 1708 2032 νόμῳ
1746 1961 1841 2016 τοῦ
1890 1963 2046 2034 βασις

375 2042 537 2106 λέως’
575 2044 833 2113 ἐπειδὴδὲ
862 2045 1098 2108 ἅπαντες
1121 2044 1313 2098 ἔπεσον
1336 2047 1429 2100 καὶ
1450 2046 1781 2118 ἡττήθησαν,
1814 2050 1931 2103 τότε
1964 2053 2043 2115 είς

377 2128 540 2198 μέσον
586 2131 635 2182 οἱ
683 2131 867 2193 παῖδες
905 2131 1125 2199 ἄγονται
1169 2131 1337 2202 μόνοι,
1371 2133 1455 2185 ἵνα
1512 2135 1606 2186 καὶ
1650 2135 1822 2210 ταύτῃ
1855 2138 1886 2208 ἡ
1918 2137 2042 2208 νίκη

372 2214 724 2288 λαμπροτέρα
755 2218 998 2286 γένηται,
1032 2219 1090 2270 ἐν
1127 2219 1366 2290 τοσούτῳ
1400 2220 1596 2292 πλήθει
1640 2222 1914 2278 νικώντων
1953 2227 2043 2278 καὶ

371 2303 892 2374 άνακηρυττομένων
924 2304 1121 2358 αὐτῶν.
1148 2305 1281 2359 Οὐδέ
1310 2307 1414 2379 γὰρ
1445 2303 1511 2378 ἦν
1539 2308 1680 2362 οὕτω
1709 2309 2037 2381 θαυμαστὸν,

370 2391 421 2441 εἰ
459 2391 684 2462 μηδενὸς
740 2391 1215 2456 ὑποσκελισθέντος
1257 2386 1400 2447 οῦτοι
1453 2396 1811 2466 παρελθόντες
1860 2397 2042 2468 ἡνδρί-

373 2492 533 2530 σαντο
566 2478 791 2548 πρῶτοι.
824 2479 898 2531 Τὸ
938 2479 994 2532 δὲ
1027 2479 1280 2547 μέγιστον
1318 2482 1410 2534 καὶ
1448 2482 1768 2553 παράδοξον,
1813 2485 1894 2536 ὅτι
1926 2485 2040 2539 τῶν

370 2565 737 2619 πεπτωκότων
772 2565 831 2618 τὸ
868 2564 1068 2635 πλῆθος
1118 2567 1216 2618 οὐκ
1251 2567 1513 2638 ἐφόϐησεν
1556 2571 1770 2632 αὐτοὺς,
1803 2571 1924 2624 οὐδέ
1954 2571 2039 2637 ἐξ·

371 2647 578 2714 έλυσεν,
610 2649 728 2703 οὐδὲ
775 2646 924 2702 εἷπον
960 2650 1092 2720 πρὸς
1131 2651 1356 2715 ἑαυτούς
1397 2669 1450 2704 τι
1488 2653 1748 2715 τοιοῦτον,
1787 2653 1816 2706 ὃ
1856 2655 2039 2710 πολλοὶ

369 2734 626 2799 πολλάκις
658 2735 836 2804 λέγειν
878 2735 1160 2788 εἰώθασιν*
1192 2737 1254 2789 Εἰ
1292 2738 1389 2808 μὲν
1421 2738 1530 2810 γὰρ
1563 2739 1767 2810 πρῶτοι
1801 2745 1892 2795 καὶ
1942 2745 2038 2815 μό-

369 2839 448 2876 νοι
482 2827 805 2894 προσκυνεῖν
838 2827 998 2896 ἡμεῖς
1031 2824 1326 2895 ἐμέλλομεν
1357 2827 1456 2898 τὴν
1487 2828 1670 2882 εἰκόνα
1701 2829 1750 2895 h,
1788 2829 2039 2904 ἔγκλημα

366 2907 429 2960 τὸ
473 2909 754 2980 γινόμενον
793 2904 859 2980 ῆν
881 2927 892 2941 ·
929 2912 978 2963 εί
1008 2910 1064 2962 δέ
1096 2910 1232 2980 μετά
1267 2914 1536 2966 τοσούτων
1570 2915 1844 2984 μυριάδων
1881 2919 2038 2973 τοῦτο

368 2996 651 3068 ποιοῦμεν,
689 2997 770 3059 τίς
815 2998 876 3050 οὐ
909 2998 1067 3052 δώσει
1105 2999 1465 3072 συγγνώμηνς
1500 3004 1580 3066 τίς
1614 3004 1906 3074 ἀπολογίας
1938 3011 2038 3063 οὐκ

366 3084 622 3152 άξιώσει;
669 3087 806 3140 Ἀλλ’
863 3089 1014 3141 οὐδὲν
1072 3089 1195 3142 οὐτε
1264 3087 1437 3157 εἷπον,
1481 3093 1605 3147 οὐτε
1650 3097 1937 3169 ἐνενόησάν
1982 3118 2035 3154 τι

365 3173 605 3227 τοιοῦτον
634 3176 849 3240 ἐκεῖνοι,
884 3175 950 3230 τά
983 3177 1247 3248 πτώματα
1275 3179 1382 3232 τῶν
1415 3186 1682 3237 τοσούτων
1723 3185 1917 3249 ἰδόντες
1945 3205 2036 3240 τυ-

371 3264 593 3335 ράννων.
627 3266 698 3318 Σὺ
727 3266 783 3320 δέ
823 3284 912 3337 μοι
951 3269 1142 3321 σκόπει
1169 3271 1263 3323 καὶ
1295 3270 1403 3324 τῶν
1425 3272 1817 3328 διαϐαλλόντων
1840 3279 2035 3344 αὐτοὺς

363 3352 463 3416 τὴν
489 3353 841 3426 κακουργίαν,
874 3355 990 3418 πῶς
1025 3357 1118 3408 καὶ
1151 3358 1436 3428 κακοήθως
1478 3360 1656 3413 αὐτῶν
1694 3364 1786 3415 καὶ
1824 3367 2034 3436 πικρῶς

365 3441 746 3510 κατηγόρησαν
791 3443 1006 3495 ἐκεῖνοι.
1055 3445 1188 3498 Εἰσὶ
1242 3444 1370 3516 γὰρ,
1418 3447 1599 3516 φησὶν,
1641 3446 1856 3518 ἄνδρες
1895 3452 2032 3506 Ἰου-

364 3523 540 3588 δαῖοι,
572 3527 679 3592 οὓς
707 3528 1083 3596 κατέστησας
1132 3530 1229 3583 ἐπὶ
1269 3533 1338 3583 τὰ
1371 3532 1512 3599 ἔργα
1549 3531 1655 3600 τῆς
1695 3534 1890 3603 χώρας
1922 3540 2034 3591 Ba-

365 3611 633 3679 ϐυλῶνος
653 3630 665 3644 ’
690 3614 750 3666 οὐ
781 3615 888 3685 γάρ
920 3615 1104 3679 ἁπλῶς
1124 3618 1533 3687 ἐμνημόνευσαν
1555 3620 1647 3672 τοῦ
1672 3621 1876 3688 ἔθνους,
1901 3624 2033 3679 ἀλλά

364 3698 580 3769 καὶτῆς
608 3700 774 3770 τιμῆς
808 3701 1135 3771 ἀνέμνησαν,
1169 3703 1256 3755 ἵνα
1289 3703 1598 3757 ἐκκαύσωσι
1624 3707 1720 3777 τὴν
1752 3708 1846 3762 τοῦ
1883 3709 2034 3780 βασι-

363 3786 498 3852 λέως
523 3789 710 3860 ὀργὴν,
747 3791 1026 3860 μονονουχὶ
1066 3790 1330 3859 λέγοντες,
1368 3794 1448 3846 ὅτι
1485 3799 1608 3858 τοὺς
1638 3795 1876 3862 δούλους,
1907 3801 2032 3865 τοὺς

363 3875 739 3946 αἰχμαλώτους
757 3869 918 3957 ,τοὺς
947 3878 1221 3943 ἀπόλιδας,
1265 3881 1529 3950 ἄρχοντας
1557 3883 1712 3954 ἡμῶν
1739 3886 2025 3957 ἐποίησας·

361 3964 410 4014 οί
441 3963 496 4015 δὲ
531 3963 623 4017 καὶ
662 3963 758 4036 τὴν
777 3956 1053 4036 ’τοσαύτην
1099 3965 1260 4036 τιμὴν
1287 3967 1584 4038 ὑϐρίζουσι,
1621 3971 1713 4022 καὶ
1743 3956 2031 4042 παροινοῦ-

359 4066 450 4103 σιν
488 4053 567 4114 είς
611 4051 700 4103 τὸν
732 4052 1079 4122 τετιμηκότα.
1132 4053 1229 4104 Διὰ
1285 4052 1442 4107 τοῦτο
1480 4055 1746 4123 λέγουσιν·
1782 4057 1846 4112 Οί
1891 4059 2028 4113 Ἰου-

361 4136 534 4203 δαῖοι,
563 4137 670 4204 οὓς
698 4139 1078 4207 κατέστησας
1108 4141 1205 4194 ἐπὶ
1241 4141 1311 4195 τὰ
1349 4141 1494 4211 ἔργα
1533 4143 1644 4211 τῆς
1674 4143 1871 4214 χώρας
1917 4149 2028 4202 Βα-

362 4223 662 4290 ϐυλῶνος,
707 4228 818 4296 οὐχ
874 4226 1232 4296 ὑπήκουσαν
1283 4227 1364 4295 τῷ
1424 4228 1669 4300 δόγματί
1727 4248 1878 4300 σου,
1929 4235 2028 4290 καί

360 4311 485 4376 τοῖς
533 4311 688 4378 θεοῖς
733 4327 848 4366 σου
887 4315 958 4367 οὐ
997 4315 1376 4382 λατρεύουσα
1417 4317 1687 4385 Μέγιστος
1733 4319 1951 4384 ἔπαινος
1993 4324 2025 4394 ἡ

360 4397 684 4468 κατηγορία,
713 4399 806 4451 καὶ
835 4399 902 4454 τά
935 4399 1256 4471 ἐγκλήματα
1292 4401 1540 4473 ἐγκώμια
1573 4405 1810 4472 γίνεται,
1861 4409 1954 4462 καὶ
1989 4412 2021 4480 ἡ

363 4487 635 4558 μαρτυρία
654 4486 978 4553 ἀνύποπτος,
1018 4488 1127 4542 τῶν
1169 4488 1377 4561 ἐχθρῶν
1411 4491 1577 4565 αὐτὴν
1615 4495 2021 4564 παρεχομένων.

359 4576 425 4624 Τί
454 4569 544 4626 οῦν
566 4574 594 4624 ό
618 4574 900 4643 βασιλεύς;
938 4575 1248 4629 Ἐκέλευσεν
1278 4579 1358 4644 είς
1384 4579 1545 4648 μέσον
1570 4580 1800 4654 ἀχθῆναι
1829 4583 2024 4647 αὐτοὺς

359 4659 498 4712 ὥστε
532 4661 789 4717 πάντοθεν
825 4664 1018 4726 αὐτοὺς
1050 4663 1303 4734 φοϐῆσαι.
1340 4666 1476 4717 Ἀλλ’
1504 4667 1653 4720 οὐδὲν
1681 4667 1920 4732 ἐκείνους
1947 4669 2024 4735 ἐξ·

359 4747 608 4820 ἐπληξεν,
646 4750 743 4820 οὐχ
786 4752 814 4803 6
861 4749 1025 4820 θυμὸς
1059 4751 1151 4803 τοῦ
1198 4751 1479 4822 βασιλέως,
1522 4755 1582 4806 οὐ
1625 4755 1685 4808 τὸ
1729 4756 1921 4824 μόνους
1967 4759 2022 4808 ἐν

360 4838 510 4908 μέσῳ
544 4839 808 4892 τοσούτων
855 4839 1206 4909 ἀπειλῆφθαι,
1239 4841 1299 4893 οὐ
1342 4840 1402 4894 τὸ
1450 4842 1562 4912 πῦρ
1601 4841 1896 4914 ὁρώμενον,
1926 4845 2022 4917 οὐχ

356 4925 412 4975 αἱ
447 4924 738 4994 σάλπιγγες
776 4925 1022 4996 ἡχοῦσαι,
1061 4928 1121 4978 οὐ
1171 4928 1370 4991 πάντες
1413 4921 1491 4992 εἰς
1523 4931 1718 4993 αὐτοὺς
1761 4929 1868 5002 πῦρ
1903 4929 2022 5000 βλέ-

355 5027 564 5074 ποντες,
614 5011 748 5065 ἀλλά
786 5012 1000 5065 πάντων
1050 5013 1251 5066 τούτων
1303 5015 1790 5084 καταγελάσαντες,
1823 5017 1897 5079 ώς
1941 5018 2020 5080 είς

351 5097 566 5169 ψυχράν
616 5098 795 5171 πηγὴν
839 5098 1044 5152 ὑδάτων
1086 5101 1378 5171 ἐμπίπτειν
1424 5102 1740 5172 μέλλοντες,
1780 5103 1872 5155 ἐπὶ
1923 5103 2019 5174 τὴν

351 5187 578 5256 κάμινον
623 5189 873 5258 εἰσῄεσαν
915 5198 961 5252 ο,
1011 5187 1109 5258 τῆν
1159 5191 1432 5262 μακαρίαν
1488 5191 1702 5261 ἐκείνην
1767 5189 2020 5260 ἀφιέντες

352 5275 555 5344 φωνὴν,
577 5275 657 5328 ὅτι
690 5275 815 5340 Τοῖς
840 5275 995 5340 θεοῖς
1022 5291 1137 5329 σου
1180 5279 1251 5331 οὑ
1281 5281 1667 5349 λατρεύομεν,
1703 5279 1800 5334 καὶ
1832 5277 1906 5347 τῇ
1935 5282 2016 5331 εἱ-

349 5360 481 5414 κόνι
527 5360 602 5430 τῇ
642 5360 842 5430 χρυσῇ
885 5357 925 5434 ᾗ
958 5361 1226 5430 ἕστησίις
1274 5367 1345 5418 οὺ
1392 5365 1873 5434 προσκυνοῦμεν.
1909 5367 2016 5420 Καὶ

346 5446 548 5517 ταύτην
576 5448 673 5518 οὐχ
716 5448 900 5512 ἁπλῶς
932 5449 1153 5520 ἐκίνησα
1191 5451 1291 5521 τὴν
1331 5452 1586 5522 ἱστορίαν,
1632 5452 1745 5506 ἀλλ’
1785 5452 1872 5506 ἵνα
1912 5452 2012 5522 μά·

349 5533 497 5603 θητε,
527 5535 609 5588 ὃτι
638 5535 739 5588 κᾶν
769 5535 936 5607 θυμὸς
1021 5536 1312 5605 βασιλικὸς,
1342 5539 1443 5592 κᾶν
1470 5539 1726 5609 ἐπιϐουλὴ
1753 5556 2014 5612 στρατιω-

343 5623 471 5684 τὼν,
505 5620 605 5676 κᾶν
635 5621 823 5691 φθόνος
863 5621 1090 5694 ἐχθρῶν,
1117 5623 1222 5676 κᾶν
1247 5625 1611 5698 αἰχμαλωσία,
1647 5627 1748 5680 κᾶν
1785 5626 2009 5697 ἐρημία,

407 5725 433 5789 f’
457 5725 552 5789 ᾼιὶί
575 5726 778 5789 σκληρός
798 5743 886 5782 τις.

403 5785 433 5825 ὶι
459 5784 593 5835 Unus
633 5784 712 5850 τῇ
731 5789 894 5836 εἰκόνι.
943 5785 1052 5837 Mox
1091 5787 1188 5838 duo
1210 5801 1324 5838 mss.
1349 5790 1585 5854 μυριάδων
1619 5793 1702 5841 καὶ
1724 5793 1851 5841 λαῶν
1875 5790 2010 5842 ἀπεί-

345 5861 538 5960 ρωέέὶο
558 5907 706 5960 Savll.
730 5912 782 5958 et
805 5909 990 5973 aliquot
1011 5923 1126 5961 mss.
1156 5908 1328 5961 Morel.
1352 5899 1469 5963 vero
1498 5914 1664 5976 ᾔεσαν.

2164 407 2268 460 κᾶν
2309 410 2439 482 πῦρ,
2477 413 2578 466 κᾶν
2618 416 2880 486 κάμινος,
2921 420 3024 474 κᾶν
3073 423 3242 494 μυρία
3285 424 3454 486 δεινά.
3500 429 3589 483 τὸν
3624 430 3830 486 δίκαιον

2162 496 2318 588 οὐδὲν.
2352 499 2568 588 ἐλέγξαι
2618 503 2739 556 οὑδέ
2789 505 3023 574 φοϐῆσαι
3065 509 3371 582 δυνήσεται.
3421 514 3484 568 Et
3531 515 3658 588 γὰρ,
3700 519 3830 574 ἔνθα

2164 583 2363 670 ἀσεϐὴς
2395 581 2462 656 ἦν
2494 590 2522 640 6
2556 588 2826 657 βασιλεὺς,
2848 595 2946 646 οὐκ
2969 581 3344 670 ἐξεπλάγησαν
3370 602 3417 655 οἱ
3444 581 3710 660 νεανίσκοι
3737 606 3830 660 τὸν

2161 669 2255 763 τοῦ
2302 673 2562 763 τυράννου
2593 673 2760 745 θυμὸν
2794 677 2932 750 [56],
2965 682 3141 754 πολλῷ
3181 686 3377 755 μᾶλλον
3416 690 3562 758 ἡμᾶς
3605 691 3829 763 θαρρεῖν

2163 761 2286 832 χρὴ,
2319 761 2698 834 φιλάνθρωπον
2728 768 2821 820 καὶ
2853 769 3058 839 ἥμερον
3095 771 3314 840 ἔχοντας
3351 761 3830 847 βασιλέα,καίίχά-

2163 866 2247 920 ριν
2281 849 2478 903 εἰδέναι
2500 851 2576 922 τῷ
2601 852 2717 922 Θεῷ
2742 854 2840 924 τῆς
2867 856 3093 923 θλίψεως
3134 860 3352 931 ταύτης,
3390 863 3496 915 ἀπὸ
3528 863 3634 916 τῶν
3672 865 3828 935 είρη-

2163 935 2338 1006 μένων
2379 938 2666 1008 μαθόντας,
2705 942 2786 994 ὅτι
2825 943 2879 994 αἱ
2920 942 3123 1012 θλίψεις
3152 944 3560 1019 λαμπροτέρους
3591 949 3828 1015 ποιοῦσι,

2159 1025 2254 1076 καὶ
2290 1027 2437 1095 παρὰ
2475 1025 2612 1099 Θεῷ,
2654 1027 2748 1080 καὶ
2783 1029 2932 1101 παρὰ
2968 1030 3295 1102 ἀνθρώποις,
3323 1036 3448 1098 τοὺς
3492 1035 3694 1100 εἰδότας
3725 1038 3829 1090 αὐ-

2157 1111 2256 1173 τὰς
2297 1112 2481 1184 φέρειν
2516 1115 2795 1182 γενναίως.
2845 1118 2954 1170 Καὶ
2994 1119 3124 1189 γάρ,
3164 1122 3213 1174 εἰ
3267 1121 3340 1194 μὴ
3386 1121 3632 1190 ἐγένοντο
3677 1119 3826 1178 οῦτοι

2157 1196 2352 1261 δοῦλοι,
2392 1200 2490 1253 οὐκ
2535 1201 2600 1254 ἂν
2635 1201 2878 1272 ἔγνωμεν
2923 1204 3102 1258 αὐτῶν
3141 1204 3239 1276 τὴν
3269 1207 3609 1279 ἐλευθερίαν·
3653 1211 3700 1263 εί
3745 1211 3824 1282 μὴ

2156 1285 2491 1353 αἰχμάλωτοι
2525 1287 2789 1355 ἐγένοντο,
2828 1290 2928 1343 οὑκ
2967 1290 3032 1343 ἂν
3064 1291 3244 1344 αὐτῶν
3285 1292 3558 1364 ἐμάθομεν
3608 1297 3704 1366 τὴν
3731 1297 3826 1349 εὐ-

2157 1373 2369 1439 γένειαν
2395 1375 2489 1446 τῆς
2509 1375 2686 1445 ψυχῆς
2705 1393 2718 1407 ·
2741 1379 2788 1429 εί
2811 1377 2884 1448 μὴ
2907 1377 3005 1447 τῆς
3034 1379 3184 1432 κάτω
3209 1381 3462 1450 πατρίδος
3493 1383 3746 1448 ἐξέπεσον
3768 1384 3822 1452 ά,

2155 1459 2254 1512 οὐκ
2280 1458 2345 1513 ἂν
2370 1460 2612 1532 ἔγνωμεν
2647 1463 2743 1533 τῆς
2784 1464 2896 1518 ἄνω
2938 1465 3210 1530 πολιτείας
3237 1467 3414 1520 αὐτῶν
3456 1468 3552 1540 τὴν
3585 1472 3782 1542 ἀρετήν
3804 1490 3821 1505 ·

2154 1547 2203 1599 εί
2255 1547 2328 1617 μὴ
2372 1547 2612 1620 ώργίσθη
2655 1550 2835 1613 αὐτοῖς
2879 1553 2907 1606 ὁ
2953 1555 3010 1606 ἐν
3053 1557 3117 1624 τῇ
3159 1558 3228 1626 γῇ
3275 1553 3554 1624 βασιλεὺς,
3608 1559 3707 1612 οὐκ
3751 1559 3824 1614 ἂν

2154 1637 2428 1708 ἐμάθομεν
2459 1638 2555 1710 τὴν
2592 1638 2822 1705 εὔνοιαν,
2850 1642 2914 1712 ἢν
2957 1636 3071 1712 εἶχε
3111 1643 3238 1715 περὶ
3281 1645 3476 1709 αὐτοὺς
3510 1648 3538 1700 6
3583 1648 3822 1720 ἐπουρά-

2155 1742 2265 1790 νιος
2295 1727 2564 1794 βασιλεύς.
3401 1748 3405 1752 ·

2225 1821 2286 1866 ε’.
2306 1815 2415 1867 Καὶ
2450 1817 2514 1868 σὺ
2543 1816 2719 1869 τοίνυν
2740 1816 2835 1870 ἐὰν
2855 1815 2981 1888 ἔχῃς
3008 1819 3214 1870 ἐκεῖνον
3240 1818 3462 1888 εὐμενῆ,
3491 1817 3590 1872 κᾶν
3613 1821 3691 1884 εἰς
3723 1819 3814 1874 κάο

2155 1917 2305 1970 μινον
2332 1901 2593 1974 ἐμπέσῃς,
2625 1903 2699 1974 μὴ
2741 1903 3020 1973 ἁπογνῷς*
3053 1904 3239 1976 ὥσπερ
3279 1905 3344 1958 ἂν
3384 1905 3684 1975 όργίζηται,
3715 1907 3821 1960 κᾶν

2151 1989 2208 2042 ἐν
2230 1989 2540 2060 παραδείσῳ
2567 1986 2650 2064 ᾗς,
2686 1992 2758 2062 μὴ
2793 1991 3093 2063 θαρρήσῃς.
3124 1994 3231 2045 Καὶ
3269 1993 3376 2064 γὰρ
3417 1995 3473 2045 ἐν
3508 1993 3820 2065 παραδείσῳ

2149 2071 2216 2147 ἦν
2257 2079 2286 2130 ό
2334 2076 2518 2148 Ἀδὰμ,
2555 2080 2648 2132 καὶ
2699 2079 2886 2150 ἐπειδὴ
2926 2079 3056 2133 Θεὸν
3101 2079 3475 2151 παρώργισεν,
3504 2081 3652 2134 οὐδὲν
3675 2081 3820 2151 ὠφέ-

2149 2162 2310 2232 λησεν
2340 2168 2368 2218 ὁ
2399 2165 2720 2236 παράδεισος
2740 2183 2751 2195 ·
2792 2168 2850 2219 ἐν
2892 2167 3105 2238 καμίνῳ
3140 2163 3278 2239 ἦσαν
3308 2162 3473 2234 οῦτοι,
3505 2170 3597 2223 καὶ
3628 2169 3815 2240 ἐπειδὴ

2151 2251 2532 2323 εὐδοκίμησαν,
2563 2253 2714 2306 οὐδὲν
2741 2253 2971 2323 ἔϐλαψεν
2997 2257 3029 2325 ἡ
3053 2255 3278 2327 κάμινος
3295 2271 3308 2285 ·
3335 2257 3392 2308 ἐν
3418 2256 3725 2327 παραδείσῳ
3747 2253 3816 2327 ῆν

2147 2342 2175 2394 6
2216 2342 2404 2413 Ἀδὰμ,
2451 2345 2544 2396 καὶ
2577 2343 2764 2415 ἐπειδὴ
2804 2345 3044 2415 ῥᾴθυμος
3077 2341 3164 2416 ἦν,
3205 2347 3597 2418 ὑπεσκελίσθηο
3639 2350 3695 2401 ἐν
3723 2366 3811 2403 κοι-

2149 2428 2284 2500 πρίᾳ
2315 2430 2547 2500 ἐκάθητο
2576 2434 2604 2485 6
2643 2431 2783 2497 Ἰὼϐ,
2818 2434 2910 2485 καὶ
2937 2434 3122 2504 ἐπειδὴ
3151 2434 3369 2504 ἐνηφεν,
3398 2436 3636 2504 ἐκράτει.
3672 2437 3813 2490 Καί-

2145 2530 2227 2566 τοι
2259 2515 2408 2586 πόσῳ
2441 2515 2663 2584 βελτίων
2695 2517 3017 2588 παράδεισος
3039 2520 3304 2589 κοπρίαςί
3349 2520 3462 2573 ἀλλ’
3503 2519 3652 2574 οὐδὲν
3677 2521 3814 2591 ὠφέ-

2146 2599 2308 2669 λησεν
2341 2604 2372 2672 ἡ
2407 2604 2576 2674 ἀρετὴ
2601 2602 2695 2655 τοῦ
2719 2605 2919 2674 χωρίου
2949 2606 3038 2658 τὸν
3061 2606 3388 2660 ἐιοκοῦντα.
3417 2608 3600 2680 ἐπειδὴ
3638 2608 3809 2680 πρού-

2145 2689 2313 2742 δωκεν
2344 2690 2530 2743 ἑαυτὸν
2553 2693 2754 2755 ἐκεῖνος
2778 2708 2792 2721 ·
2819 2693 3006 2764 ὥσπερ
3030 2688 3121 2746 οῦν
3150 2694 3300 2748 οὐδὲν
3332 2693 3561 2764 ἔϐλαψεν
3590 2697 3623 2765 ἡ
3657 2696 3810 2748 εὐτέ-

2144 2776 2264 2830 λεια
2295 2775 2386 2830 τοῦ
2425 2777 2590 2831 τόπου
2618 2777 2709 2831 τὸν
2748 2781 2915 2851 ἀρετῇ
2956 2780 3214 2834 πάντοθεν
3249 2783 3662 2853 τετειχισμένον.
3699 2785 3808 2837 Καὶ

2144 2863 2303 2934 ἡμεῖς
2339 2864 2515 2918 τοίνυν
2559 2865 2656 2938 τὴν
2700 2865 2877 2937 ψυχὴν
2912 2866 3337 2938 ἀσφαλισώμεθα
3365 2868 3461 2939 τὴν
3502 2871 3804 2940 ἡμετέραν

2144 2951 2244 3003 κᾶν
2271 2950 2378 3022 γάρ
2407 2950 2577 3022 ζημία
2602 2953 2898 3023 χρημάτων
2929 2953 3076 3025 ἐπίῃ,
3107 2954 3207 3007 κᾶν
3241 2955 3489 3020 θάνατος,
3511 2956 3605 3027 τὴν
3628 2957 3686 3009 δὲ
3718 2957 3806 3010 εὐ-

2145 3039 2358 3092 σέϐειαν
2399 3040 2584 3111 μηδεὶς
2621 3043 2770 3112 ἡμᾶς
2809 3041 3108 3112 ἀφέληται,
3151 3042 3552 3116 μακαριώτεροι
3591 3044 3805 3098 πάντων

2142 3126 2327 3196 ἐσμέν.
2359 3127 2528 3182 Τοῦτο
2548 3129 2638 3180 καὶ
2675 3129 2702 3181 6
2729 3129 2962 3200 Χριστὸς
2984 3128 3248 3194 ἐπέταξεν
3280 3141 3303 3170 ε
3332 3131 3520 3184 εἰπών’
3552 3133 3804 3186 Γίνεσθε

2141 3209 2252 3267 οὖν
2284 3216 2553 3282 φρόνιμοι
2595 3216 2676 3280 ὠς
2707 3219 2760 3268 οὶ
2813 3217 2995 3285 ὄφεις.
3048 3217 3311 3290 Καθάπερ
3338 3217 3446 3288 γάρ
3494 3220 3695 3281 ἐκεῖνος
3742 3218 3803 3272 τό

2141 3301 2320 3355 λοιπὸν
2347 3305 2591 3373 προΐεται
2632 3305 2774 3358 ἆπαν
2811 3305 2988 3374 σῶμα,
3023 3304 3161 3358 ὥστε
3203 3306 3464 3359 διασῶσαι
3509 3307 3605 3376 τὴν
3637 3323 3804 3376 κεφα-

2140 3387 2269 3459 λήνο
2309 3388 2450 3442 οὕτω
2495 3391 2583 3444 καὶ
2623 3391 2709 3456 σὺ,
2756 3392 2859 3445 κᾶν
2899 3393 3176 3463 χρήματα,
3211 3393 3312 3447 κᾶν
3352 3393 3529 3465 σῶμα,
3563 3394 3666 3448 κᾶν
3705 3397 3803 3465 τὴν

2141 3475 2414 3548 παροῦσαν
2447 3476 2611 3548 ζωὴν,
2641 3477 2742 3531 κᾶν
2785 3479 2959 3532 πάντα
2997 3480 3258 3552 προέσθαι
3294 3480 3409 3552 δέῃ,
3448 3480 3588 3533 ὥστε
3623 3480 3802 3551 διατη-

2142 3563 2303 3634 ρῆσαι
2334 3564 2430 3636 τὴν
2463 3565 2775 3631 εὐσέϐειαν,
2802 3565 2876 3637 μὴ
2905 3566 3122 3636 ἀθύμει.
3153 3569 3248 3619 "Av
3278 3569 3384 3638 γάρ
3428 3568 3637 3638 ἐκείνην
3665 3568 3801 3637 ἔχων

2139 3650 2396 3722 ἀπέλθῃς,
2431 3651 2606 3704 πάντα
2651 3668 2730 3704 σοι
2773 3653 2909 3721 μετά
2949 3652 3190 3716 πλείονος
3217 3653 3484 3706 ἀποδώσει
3525 3655 3622 3723 τῆς
3665 3653 3801 3724 λαμ-

2141 3738 2404 3807 πρότητος
2425 3739 2452 3790 6
2479 3737 2628 3802 Θεὸς,
2660 3736 2754 3790 καὶ
2788 3737 2847 3790 τὺ
2876 3738 3034 3808 σῶμα
3062 3739 3200 3810 μετὰ
3224 3739 3464 3809 μείζονος
3487 3739 3638 3811 δόξης
3668 3741 3798 3794 ἀνα-

2139 3825 2325 3894 στήσει
2352 3823 2531 3888 πάλιν,
2563 3826 2658 3878 καὶ
2701 3825 2821 3878 ἀντὶ
2860 3826 3155 3897 χρημάτων
3194 3827 3261 3880 τά
3297 3827 3475 3896 ἀγαθά
3503 3827 3572 3881 τὰ
3619 3829 3800 3882 πᾶσαν

2139 3911 2527 3981 ὑπερϐαίνοντα
2567 3911 2722 3980 λόγου
2757 3912 3000 3984 δύναμιν.
3049 3915 3181 3983 Οὐχὶ
3215 3915 3416 3983 γυμνὸς
3448 3915 3539 3967 ἐπί
3569 3914 3668 3985 τῆς
3704 3931 3797 3967 κο-

2137 3998 2301 4068 πρίας
2353 3999 2585 4071 ἐκάθητο
2637 4001 2665 4052 6
2709 3999 2845 4060 Ἰὼϐ,
2880 4002 3085 4072 μυρίων
3129 4002 3370 4055 θανάτων
3414 4001 3796 4072 χαλεπωτέραν

2137 4086 2418 4156 ὑπομένων
2459 4085 2638 4158 ζωήν;
2670 4087 2806 4139 Ἀλλ’
2851 4088 3035 4159 ἐπειδὴ
3081 4089 3204 4160 τὴν
3229 4089 3512 4142 εὐσέϐειαν
3550 4091 3650 4143 οὐκ
3692 4092 3796 4143 άπ-

2135 4171 2315 4236 έϐαλε,
2347 4172 2520 4226 πάντα
2567 4173 2700 4244 μετὰ
2747 4173 2983 4238 πλείονος
3017 4175 3166 4246 αὐτῷ
3199 4175 3467 4244 ἐπανῆλθε
3503 4176 3601 4245 τῆς
3639 4192 3793 4248 περι-

2133 4259 2320 4322 ουσίας
2351 4259 2420 4313 τὰ
2444 4259 2701 4333 πρότερα,
2728 4260 2978 4331 σώματος
3003 4263 3158 4330 ὑγεία
3185 4264 3278 4316 καὶ
3309 4261 3519 4325 κάλλος.
3546 4261 3653 4315 τῶν
3678 4263 3796 4316 παί-

2133 4343 2236 4398 δων
2263 4347 2290 4398 6
2315 4343 2471 4416 χορὸς
2494 4347 2657 4410 άπας,
2687 4348 2755 4399 τά
2786 4349 3056 4420 κτήματα,
3089 4351 3181 4402 καὶ
3219 4350 3280 4402 τὸ
3315 4350 3380 4421 δὴ
3416 4350 3595 4420 μεῖζον
3623 4350 3793 4404 ἀπάν-

2132 4449 2258 4497 των,
2293 4435 2321 4486 ό
2354 4433 2600 4506 λαμπρὸς
2627 4435 2726 4504 τῆς
2765 4437 3037 4508 ὑπομονῆς
3072 4438 3350 4507 στέφανος.
3390 4437 3655 4508 Καθάπερ
3684 4437 3792 4509 γὰρ

2130 4521 2222 4572 ἐπὶ
2258 4521 2365 4574 τῶν
2400 4521 2627 4592 δένδρων
2659 4523 2886 4591 γίνεται,
2916 4526 3018 4579 κᾶν
3053 4525 3143 4578 τὸν
3177 4525 3385 4597 καρπόν
3419 4544 3500 4590 τις
3530 4527 3790 4597 ἀφέληται

2135 4607 2271 4675 μετά
2315 4609 2421 4660 τῶν
2460 4609 2692 4678 φύλλων,
2733 4611 2838 4664 κᾶν
2873 4615 2999 4675 τοὺς
3047 4612 3274 4677 κλάδους
3315 4615 3518 4678 πάντας
3565 4615 3788 4686 ἐκκόψῃ.

2129 4695 2227 4764 τῆς
2256 4694 2411 4766 ῥίζης
2446 4696 2730 4767 μενούσης,
2775 4698 3062 4770 ὁλόκληρον
3096 4701 3188 4753 καὶ
3231 4700 3368 4770 μετά
3418 4701 3660 4765 πλείονος
3699 4703 3788 4754 άν·

2133 4781 2344 4836 ίσταται
2370 4784 2469 4854 τῆς
2515 4771 2846 4855 εὐπρεπείας
2886 4788 2945 4840 τὸ
2991 4787 3230 4860 δένδρον’
3273 4789 3413 4842 οὕτω
3465 4789 3528 4860 δὴ
3570 4790 3665 4844 καὶ
3703 4789 3788 4860 ἐφ’

2127 4868 2304 4938 ἡμῶν,
2338 4869 2431 4923 ἐὰν
2464 4872 2496 4940 ἡ
2535 4871 2658 4941 ῥίζα
2688 4873 2822 4945 μένῃ
2853 4877 2950 4945 τῆς
2997 4874 3294 4940 εὐσεϐείας,
3340 4876 3443 4930 κάν
3491 4880 3518 4929 ὁ
3563 4876 3790 4940 πλοῦτος

2127 4957 2429 5029 ἀφαιρεθῇ,
2471 4958 2570 5012 κᾶν
2606 4959 2666 5012 τὸ
2706 4959 2864 5030 σῶμα
2908 4960 3196 5033 διαφθαρῇ,
3242 4963 3414 5016 πάντα
3457 4962 3614 5016 πάλιν
3652 4967 3788 5034 μετὰ

2129 5043 2372 5112 μείζονος
2403 5049 2530 5116 ἡμῖν
2565 5048 2807 5101 ἐπάνεισι
2846 5047 2945 5118 τῆς
2981 5048 3156 5118 δόξης.
3194 5051 3379 5102 Πᾶσαν
3411 5050 3588 5104 τοίνυν
3633 5053 3786 5123 μέρι-

2128 5147 2262 5199 μναν
2284 5131 2382 5203 τῆς
2400 5132 2574 5204 ψυχῆς
2604 5133 2920 5199 ἐκϐαλόντες
2941 5135 3032 5188 καὶ
3060 5137 3314 5207 φροντίδα
3345 5138 3622 5208 περιττὴν,
3653 5139 3787 5208 πρὸς

2125 5216 2349 5280 ἑαυτοὺς
2375 5220 2774 5290 ἐπανέλθωμεν,
2801 5223 2892 5274 καὶ
2923 5222 2983 5274 τὸ
3014 5222 3190 5291 σῶμα,
3223 5224 3317 5276 καὶ
3347 5223 3443 5294 τὴν
3469 5222 3645 5295 ψυχὴν
3666 5225 3787 5279 καλ·

2123 5301 2447 5373 λωπίσωμεν
2487 5306 2565 5376 τῷ
2607 5307 2792 5378 κόσμῳ
2833 5307 2932 5378 τῆς
2979 5309 3195 5381 ἀρετῆς,
3236 5309 3376 5363 ὅπλα
3423 5309 3781 5382 δικαιοσύνης,

2123 5387 2258 5441 ἀλλὰ
2285 5389 2358 5460 μὴ
2386 5391 2525 5468 ὅπλα
2550 5393 2823 5465 ἁμαρτίας
2849 5397 2916 5448 τά
2939 5395 3070 5466 μέλη
3099 5395 3188 5448 τοῦ
3222 5395 3470 5466 σώματος
3497 5398 3654 5467 ἡμῶν
3687 5415 3785 5450 κα-

2121 5477 2542 5542 τασκευάζοντες
2561 5496 2574 5511 ο
2603 5482 2696 5533 καὶ
2741 5482 2953 5553 πρῶτον
2989 5484 3239 5536 ἁπάντων
3277 5485 3375 5553 τὴν
3400 5483 3512 5557 [57]
3541 5485 3784 5552 γλῶτταν

2121 5561 2495 5634 παιδεύσωμεν
2524 5561 2662 5620 εἶναι
2688 5567 2930 5622 διάκονον
2948 5570 3048 5640 ’τῆς
3077 5569 3170 5623 τοῦ
3198 5569 3502 5640 πνεύματος
3542 5570 3781 5642 χάριτος,

2121 5647 2294 5701 πάντα
2331 5649 2405 5702 ίὸν
2438 5651 2532 5704 καὶ
2564 5655 2826 5725 πονηρίαν
2870 5657 2933 5707 ἐκ
2972 5655 3066 5707 τοῦ
3113 5656 3375 5726 στόματος
3412 5656 3781 5724 ἐκϐάλλοντες,

2119 5735 2211 5787 καὶ
2253 5736 2512 5806 ῥημάτων
2549 5741 2785 5811 αἰσχρῶν
2825 5743 3073 5814 μελέτην.
3112 5744 3222 5797 Καὶ
3265 5744 3373 5819 γὰρ
3415 5745 3576 5815 ἡμεῖς
3615 5745 3785 5816 ἐσμεν

2178 5855 2205 5920 εξ
2230 5860 2455 5920 Quinque
2481 5874 2594 5909 mss.
2623 5863 2863 5917 ἐξέπεσαν.

2183 5918 2206 5950 ⁸
2237 5917 2688 5985 υηυέπροσέταξεν.
2722 5925 2828 5975 Mox
2853 5929 3046 5988 quidam
3073 5943 3184 5980 mss.
3214 5934 3277 5991 ἀς
3303 5935 3327 5980 6
3353 5933 3470 5992 ὀφιςο
