4072 6384
405 264 479 317 55
1362 260 1451 318 AD
1489 256 1811 314 POPULUM
1851 252 2355 311 ANTlOUIIENUM.
2401 252 2626 307 llOMll..
2665 253 2748 307 iV.
3617 271 3689 327 66

401 386 530 455 ignis
558 384 816 435 ardentem
881 376 1040 451 (Dan.
1075 376 1128 431 5.
1155 373 1300 445 4-6).
1327 372 1517 426 Vidisti
1560 386 1717 441 quam
1757 368 1988 423 difficilia

401 474 689 531 ecrctmiua
714 480 892 541 parata
912 470 1040 533 sint,
1065 477 1117 522 ct
1146 477 1274 538 quot
1299 465 1604 519 insidiatum
1626 464 1988 529 necessitates,

401 582 557 639 quam
582 563 838 636 profunda
866 577 1079 631 vorago,
1112 570 1163 615 et
1186 558 1530 629 praecipitium
1558 556 1857 626 utrimque?
1885 554 1991 609 Sed

402 675 471 715 ne
515 657 792 713 timueris:
836 661 1034 725 quanto
1078 651 1246 723 magis
1278 648 1701 703 machinamenta
1747 644 1990 700 inimicus

401 750 637 814 auxerit,
686 756 834 800 tanto
878 747 1044 815 magis
1072 756 1353 812 puerorum
1385 738 1744 793 fortitudinem
1773 737 1995 791 demon-

404 849 559 895 strat.
596 839 717 893 Ideo
742 837 884 893 enim
915 845 991 889 tot
1019 834 1343 889 musicorum
1375 840 1662 887 concentus
1684 871 1696 894 ,
1751 828 1870 882 ideo
1902 843 1993 882 ca-

406 932 584 985 minus
623 930 839 994 ardcns,
886 937 942 981 ιιι
974 936 1026 981 et
1065 925 1305 995 voluptas
1346 933 1400 978 et
1436 926 1594 976 timor
1628 920 1992 975 assistentium

406 1025 611 1077 animas
638 1020 923 1076 obsideret.
950 1021 1119 1089 Asper
1163 1017 1484 1071 adstantium
1512 1014 1771 1085 quispiam
1800 1022 1899 1075 est,
1941 1020 1994 1065 et

407 1112 643 1184 rigidus?
691 1110 890 1166 Molliat
920 1113 1110 1179 ipsum,
1163 1108 1351 1177 inquit,
1399 1105 1668 1160 delectans
1704 1103 1995 1157 omnisona:

410 1207 626 1261 musicas
648 1203 895 1259 melodia.
922 1202 1028 1258 Sed
1055 1201 1134 1255 his
1156 1199 1361 1253 insidiis
1390 1197 1631 1267 superior
1652 1194 1772 1250 est?
1799 1200 1997 1249 terreat

408 1308 464 1354 ct
494 1297 745 1368 percellat
769 1295 995 1351 flamma:
1022 1302 1289 1362 aspectus.
1324 1290 1392 1344 Et
1421 1298 1536 1343 erat
1579 1287 1737 1341 timor
1758 1294 1810 1339 et
1845 1284 1995 1338 volu-

415 1402 550 1459 ptas,
572 1388 685 1442 haec
707 1402 798 1455 per
820 1400 997 1450 aures,
1026 1384 1113 1437 ille
1142 1397 1237 1452 per
1261 1381 1443 1435 oculos
1463 1378 1655 1433 anima:
1676 1376 1989 1445 subrepens.

413 1481 789 1535 Verumtamen
812 1474 1326 1531 adolescentulorum
1356 1472 1563 1526 illorum
1584 1469 1996 1540 generositatem

414 1571 605 1624 horum
646 1567 773 1624 nihil
822 1564 1127 1635 superavit;
1177 1562 1273 1618 sed
1319 1561 1457 1615 sicut
1483 1560 1534 1614 in
1574 1560 1747 1629 ignem
1775 1557 1996 1628 projecti

414 1660 682 1717 flammam
729 1659 987 1721 vicerunt,
1041 1655 1120 1709 sic
1161 1667 1376 1707 omnem
1419 1649 1902 1719 concupiscentiam
1944 1655 2000 1701 et

413 1753 731 1808 anxietatem
759 1748 1077 1803 deriserunt.
1103 1744 1227 1799 [hec
1249 1743 1391 1797 enim
1412 1741 1587 1795 omnia
1618 1748 1831 1809 pmpter
1856 1738 1999 1808 ipsos

414 1844 656 1898 diabolus
685 1845 1071 1910 praeparaverat
1103 1854 1116 1891 :
1148 1851 1254 1889 non
1281 1835 1421 1888 enim
1448 1832 1514 1886 de
1543 1830 1766 1885 subditis
1793 1828 2002 1883 dubita-

416 1936 527 2001 bat,
566 1935 659 1989 sed
688 1933 860 2003 potius
891 1930 1113 1984 multum
1141 1926 1463 1992 confidebat,
1495 1924 1696 1978 nullum
1734 1922 1873 1992 regis
1900 1921 1998 1991 legi

414 2037 828 2097 repugnaturqu
850 2037 968 2079 esse
992 2040 1005 2075 :
1026 2028 1298 2091 postquam
1318 2034 1445 2073 vero
1462 2017 1768 2071 ceciderunt
1792 2030 1998 2080 omnes,

416 2127 471 2173 et
517 2117 641 2171 victi
666 2123 810 2180 sunt,
855 2122 979 2168 tunc
1018 2112 1070 2166 in
1097 2110 1327 2165 medium
1358 2108 1506 2179 pueri
1544 2108 1638 2162 soli
1666 2116 1913 2177 aguntur,
1946 2116 2004 2161 ut

418 2209 498 2265 sic
525 2222 734 2277 quoque
776 2206 994 2259 victoria
1041 2204 1129 2256 liat
1158 2202 1370 2265 clarior,
1400 2216 1520 2254 cum
1552 2199 1602 2253 in
1637 2208 1778 2253 tanta
1823 2198 2002 2251 multi-

420 2301 600 2356 tudine
630 2300 726 2370 ipsi
752 2299 985 2362 vincant,
1027 2304 1083 2350 et
1110 2297 1339 2349 victores
1369 2293 1740 2347 renunticntur
1776 2309 1789 2345 :
1832 2306 2004 2359 neque

420 2393 560 2447 enim
595 2402 697 2444 tam
729 2388 970 2443 mirabile
990 2386 1193 2452 fuisset,
1220 2384 1263 2439 si
1292 2384 1436 2438 nullo
1464 2384 1817 2452 supplantato,
1848 2381 2004 2453 primi

420 2482 641 2536 viriliter
666 2481 914 2550 egissent.
968 2477 1081 2533 lloc
1126 2485 1300 2530 autem
1349 2475 1638 2528 maximum
1672 2482 1726 2528 et
1762 2472 2006 2527 mirabile

422 2584 525 2636 est,
548 2572 686 2641 quod
713 2571 1012 2625 cadentium
1041 2566 1323 2622 multitudo
1352 2566 1494 2635 ipsos
1522 2580 1626 2619 non
1659 2565 1864 2631 terruit,
1898 2579 2004 2619 non

423 2665 598 2721 solvit.
648 2664 759 2717 Non
807 2663 943 2718 intra
982 2676 1040 2715 se
1079 2660 1183 2715 tale
1213 2658 1337 2729 quid
1381 2658 1653 2722 dixerunt,
1684 2655 1824 2727 quod
1854 2654 2004 2709 rnuiti

422 2772 565 2827 saepe
605 2756 782 2809 dicere
829 2761 1218 2809 consueverunt
1250 2768 1262 2803 :
1290 2751 1343 2806 Si
1384 2750 1537 2821 primi
1585 2763 1684 2803 nos
1723 2748 2005 2818 imaginem

422 2848 785 2909 adoraremus,
819 2845 870 2899 id
902 2855 1172 2915 peccatum
1198 2850 1372 2907 esset;
1404 2841 1449 2895 si
1480 2856 1607 2895 vero
1630 2856 1753 2896 eum
1785 2848 1861 2894 tot
1891 2838 2008 2893 mil—

424 2940 561 2995 libus
591 2940 691 2994 hoc
727 2939 1003 3001 faciamus,
1036 2936 1152 3006 quis
1178 2936 1383 2989 veniam
1412 2949 1516 2988 non
1542 2932 1729 2988 dabit?
1767 2933 1883 3003 quis
1912 2948 2006 2987 ex.

426 3030 701 3084 cusatione
724 3029 912 3098 dignos
934 3045 1039 3082 non
1078 3026 1312 3081 censebit
1339 3026 1361 3080 ?
1392 3025 1497 3081 Sed
1522 3025 1654 3079 nihil
1682 3024 1756 3078 illi
1787 3024 1889 3079 tale
1917 3032 2009 3078 aut

425 3122 693 3183 dixerunt,
738 3128 828 3173 aut
873 3121 1267 3188 cogitaverunt,
1318 3126 1394 3171 tot
1438 3128 1783 3188 tyrannorum
1829 3116 2009 3183 lapsus

425 3215 618 3269 intuiti.
649 3214 726 3268 'l‘u
754 3228 880 3267 vero
922 3212 1055 3267 mihi
1093 3222 1145 3265 et
1184 3211 1620 3267 calumniantium
1670 3210 1813 3278 ipsos
1852 3207 2007 3261 mali-

424 3308 679 3376 gnitatem
706 3306 1005 3368 considera,
1037 3314 1089 3357 ct
1118 3319 1275 3374 quam
1302 3302 1541 3371 improbe
1570 3310 1624 3355 et
1650 3299 1841 3355 acerbe
1866 3300 2009 3369 ipsos

426 3397 813 3457 :tttcusaverittt.
850 3396 1004 3461 Sunt,
1032 3396 1219 3464 inquit,
1238 3396 1331 3449 viri
1350 3394 1542 3457 Juda’i,
1567 3408 1692 3463 quos
1712 3390 2012 3445 constituisti

426 3510 578 3563 super
604 3504 756 3562 opera
783 3486 1001 3557 regionis
1025 3485 1298 3555 Babylonis
1328 3483 1486 3556 (Dan.
1510 3482 1695 3551 5.12).
1724 3481 1837 3536 Nott
1865 3481 2006 3536 enim

428 3586 601 3639 solum
641 3589 852 3654 gentem
892 3587 1398 3642 commemorarunt,
1450 3578 1542 3633 sed
1572 3588 1627 3633 et
1666 3576 1925 3631 honorem
1956 3575 2007 3630 in

428 3678 739 3732 memoriam
782 3679 1184 3735 revocaverunt,
1227 3681 1280 3723 ιιι
1303 3669 1440 3740 regis
1470 3669 1599 3724 iram
1632 3666 2006 3732 accenderent,

432 3778 634 3823 tantum
690 3782 795 3821 non
839 3768 1076 3820 dicentes
1119 3778 1137 3815 :
1178 3761 1405 3823 Servos,
1463 3760 1676 3814 civitate
1730 3767 2005 3822 carentes,

428 3859 667 3928 captivos
695 3858 961 3927 principes
1007 3861 1216 3908 nostros
1245 3852 1450 3916 fecisti;
1484 3850 1536 3905 lti
1568 3866 1692 3905 vero
1722 3860 1774 3904 et
1807 3858 2008 3903 tantum

432 3951 687 4006 honorem
714 3948 1034 4004 contumelia
1058 3948 1313 4013 afficiunt,
1345 3954 1395 3999 ct
1423 3946 1472 3998 in
1500 3960 1619 3999 eum
1647 3944 1812 4012 quise
1839 3943 2009 3996 Itono-

434 4045 587 4107 ravit,
613 4043 901 4097 insolenter
946 4049 1127 4110 agunt.
1157 4039 1279 4093 Ideo
1309 4039 1510 4099 dicunt,
1540 4035 1712 4089 Judwi
1738 4052 1860 4104 quos
1883 4051 2009 4088 con-

427 4131 654 4184 stituisti
673 4148 828 4199 super
847 4148 1003 4200 opera
1022 4133 1245 4201 regionis
1262 4131 1408 4199 Rabg
1422 4132 1570 4187 ’onis,
1590 4142 1691 4178 non
1711 4135 1995 4193 paruerunt

430 4223 641 4276 decreto
671 4232 781 4288 tuo,
805 4233 855 4277 et
886 4224 988 4276 diis
1022 4224 1126 4277 tuis
1150 4239 1255 4277 non
1294 4215 1738 4285 δρτιίιιιιι.(1ιιὲά.)
1767 4213 1996 4267 Maxima

432 4313 550 4366 laus
564 4313 862 4375 accusatio,
882 4323 933 4367 et
947 4313 1172 4367 crimina
1194 4312 1382 4366 laudes
1397 4310 1608 4371 fiunt,et
1628 4306 1996 4361 testimonium

436 4404 783 4459 indubitatum
812 4404 1035 4460 inimicis
1059 4402 1228 4471 ipsum
1251 4400 1665 4469 perhibentibus.
1691 4396 1825 4467 Quid
1857 4397 2013 4466 igitur

436 4496 566 4550 rex?
586 4494 750 4550 Jussit
769 4495 911 4563 ipsos
936 4494 1230 4548 inmedium
1261 4493 1367 4562 agi,
1397 4502 1455 4545 ut
1485 4492 1627 4559 ipsos
1655 4490 1884 4558 undique
1908 4497 2015 4541 ter-

436 4596 594 4642 reret.
618 4586 721 4641 Sed
745 4586 877 4640 nihil
900 4587 1014 4640 illos
1034 4584 1411 4649 consternavit,
1440 4599 1543 4636 non
1567 4582 1705 4652 regis
1722 4581 1886 4647 furor,
1906 4594 2010 4634 non

435 4679 575 4746 quod
615 4679 712 4733 soli
754 4679 807 4732 in
834 4688 990 4732 tautae
1022 4678 1189 4731 turbre
1212 4676 1384 4731 medio
1406 4674 1642 4729 derelicti
1674 4682 1873 4738 essent,
1905 4686 2011 4724 non

438 4769 572 4838 ignis
596 4778 885 4837 spectatus,
918 4783 1018 4821 non
1047 4774 1296 4820 canentes
1323 4765 1479 4829 tubze,
1518 4779 1623 4816 non
1653 4778 1839 4817 omnes
1870 4761 2013 4830 ipsos

436 4858 745 4913 ardentibus
771 4856 939 4911 oculis
977 4858 1261 4922 intuentes,
1288 4856 1380 4910 sed
1409 4854 1525 4908 haec
1550 4855 1621 4907 illi
1658 4854 1834 4907 omnia
1866 4853 2010 4909 deri-

436 4948 643 5012 dentes,
665 4955 928 5015 tamquam
947 4947 996 4999 in
1011 4945 1255 5015 frigidum
1287 4960 1541 5014 aquarum
1571 4945 1765 4999 fontem
1796 4946 2012 4999 mitten-

436 5040 509 5105 di,
542 5040 593 5092 in
619 5040 884 5092 fornacem
912 5038 1132 5106 ingressi
1153 5045 1293 5101 sttnt,
1316 5037 1520 5090 beatam
1548 5037 1691 5089 illam
1709 5038 2013 5091 emittentes

437 5142 621 5181 vocem
653 5146 665 5181 :
696 5126 808 5179 Diis
849 5128 946 5179 tuis
990 5143 1089 5180 non
1135 5128 1395 5189 servimus,
1448 5135 1493 5179 et
1538 5137 1754 5178 statuam
1782 5143 2009 5192 auream,

436 5234 585 5286 qnam
613 5217 831 5281 nexisti,
865 5232 963 5268 non
1002 5215 1273 5267 adoramus
1295 5214 1451 5287 (Dan.
1487 5216 1538 5269 5.
1572 5215 1682 5285 18).
1729 5216 1875 5269 llanc
1907 5232 2009 5269 non

440 5317 640 5360 temere
688 5306 900 5360 recitavi
931 5304 1228 5370 historiam,
1256 5304 1348 5358 sed
1378 5313 1431 5357 ut
1460 5304 1695 5369 discatis,
1725 5306 1863 5376 quod
1892 5307 2014 5360 licet

439 5399 585 5451 furor
610 5398 770 5451 instet
794 5396 993 5465 regius,
1048 5397 1146 5449 etsi
1179 5396 1404 5450 militum
1435 5398 1656 5461 insidia},
1712 5398 1810 5451 etsi
1840 5398 2014 5451 inimi-

437 5506 624 5544 corum
671 5488 910 5556 invidia,
961 5490 1060 5543 etsi
1114 5490 1421 5558 captivitas,
1468 5491 1567 5543 etsi
1622 5491 1859 5556 orbitas,
1912 5490 2011 5544 etsi

438 5581 595 5650 ignis,
625 5582 724 5634 etsi
749 5581 953 5644 lornax,
984 5580 1079 5634 etsi
1105 5580 1380 5634 innumera
1408 5581 1527 5642 alta,
1554 5580 1753 5649 justum
1780 5581 2012 5636 nihilsu-

435 5687 625 5742 perare
667 5681 755 5726 aut
799 5680 1001 5729 terrere
1040 5670 1253 5744 peterit.
1296 5671 1350 5727 Si
1378 5674 1518 5727 enim
1563 5674 1651 5729 ubi
1677 5674 1870 5746 impius
1897 5686 2011 5733 erat

2101 383 2214 434 rex,
2256 382 2360 421 non
2405 366 2821 421 formidaverunt
2865 367 3239 425 ado'esccntuh'
3287 373 3495 443 tyranni
3542 372 3685 427 τιιιυρ

2098 474 2233 522 rem,
2264 458 2428 512 multo
2451 460 2616 527 magis
2642 474 2738 512 nos
2763 461 3033 515 conlidere
3064 472 3289 531 oportet,
3315 463 3604 519 humanum
3632 473 3686 521 ct

2099 551 2280 605 mitem
2329 550 2586 605 habentes
2612 551 3013 620 Imperatorem,
3042 564 3095 607 et
3120 553 3186 608 de
3216 554 3315 609 bac
3347 556 3685 611 tribulatione

2101 642 2210 696 Deo
2230 642 2426 710 gratias
2467 657 2643 711 agere,
2685 658 2753 696 ex
2784 645 3050 712 prmdictis
3070 646 3272 711 doctos,
3307 649 3560 703 aerumnis
3588 664 3685 703 nos

2098 732 2351 786 clariores
2389 732 2527 785 effici
2572 741 2625 787 et
2653 733 2793 800 apud
2833 734 3019 798 Deum,
3061 746 3115 789 et
3158 736 3295 805 apud
3342 736 3607 804 homines,
3639 741 3685 794 si

2101 824 2241 891 ipsas
2305 838 2564 892 generose
2618 823 2757 879 ferre
2817 826 3066 880 sciamus.
3136 827 3343 881 Etenim
3395 829 3496 884 ttisi
3546 832 3685 884 servi

2100 916 2323 971 fuissent
2367 916 2438 981 hi,
2474 917 2710 984 ipsorum
2738 918 3033 973 libertatem
3074 935 3176 973 non
3204 923 3636 991 cognovissemus
3671 940 3684 976 :

2101 1010 2202 1062 nisi
2251 1009 2444 1079 captivi
2492 1009 2736 1076 fuissent,
2782 1027 2886 1064 non
2927 1027 3111 1065 eorum
3156 1014 3316 1067 animi
3355 1015 3684 1070 nobilitatem

2100 1100 2474 1155 didicissernus
2506 1120 2520 1155 :
2552 1102 2651 1156 nisi
2696 1102 2929 1156 inferiori
2981 1104 3146 1172 patria
3189 1105 3529 1173 excidissent,
3581 1124 3684 1162 non

2100 1192 2534 1263 cognovissemus
2572 1209 2815 1264 superum
2836 1195 3067 1251 civitatis
3097 1212 3214 1252 esse
3251 1198 3483 1267 ipsorum
3514 1199 3683 1254 virtu-

2104 1294 2210 1339 tem
2246 1304 2258 1339 :
2292 1287 2391 1340 nisi
2420 1296 2661 1341 terrenus
2706 1303 2796 1342 rex
2842 1288 2969 1358 ipsis
3009 1288 3196 1344 fuisset
3225 1290 3411 1354 iratus,
3456 1308 3558 1346 nou
3588 1310 3685 1347 au-

2101 1378 2365 1433 dissemus
2411 1379 2860 1447 benevolentiam,
2911 1396 3070 1451 quam
3110 1382 3340 1438 cmlcstis
3395 1384 3504 1439 ltex
3563 1402 3686 1454 erga

2103 1467 2247 1538 ipsos
2279 1468 2517 1539 gerebat.

2175 1559 2228 1614 5.
2273 1559 2339 1613 Et
2365 1569 2419 1614 tu
2449 1561 2608 1630 igitur
2637 1561 2678 1615 si
2704 1561 2846 1616 illum
2878 1562 3193 1617 benevolum
3225 1563 3441 1629 habeas,
3482 1566 3607 1621 licet
3637 1568 3686 1621 in

2103 1651 2373 1706 fornacem
2423 1652 2603 1719 cadas,
2655 1668 2721 1708 ne
2761 1654 3057 1723 deSperes:
3091 1656 3227 1710 sicut
3266 1656 3309 1710 si
3357 1668 3686 1723 succenseat,

2103 1740 2228 1805 licet
2256 1741 2308 1794 in
2340 1742 2585 1810 paradiso
2613 1742 2706 1805 sis,
2738 1759 2804 1799 ne
2824 1744 3081 1798 confidas.
3122 1744 3335 1800 Etenim
3367 1748 3416 1800 in
3448 1748 3690 1816 paradiso

2103 1840 2219 1886 erat
2247 1833 2434 1898 Adam,
2459 1843 2512 1887 et
2538 1844 2813 1904 postquam
2846 1835 3008 1889 Deum
3051 1837 3299 1903 irritavit,
3340 1837 3468 1892 nihil
3500 1840 3693 1907 profuit

2104 1925 2380 1994 paradisus
2408 1944 2420 1980 :
2455 1925 2507 1980 in
2540 1926 2752 1981 fornace
2782 1936 2932 1982 erant
2962 1928 3069 1993 isti,
3101 1938 3153 1983 et
3181 1942 3456 1999 postquam
3479 1946 3536 1984 se
3559 1931 3692 1985 bene

2104 2024 2402 2085 gesserunt,
2438 2017 2569 2072 nihil
2594 2017 2763 2072 obfuit
2790 2018 2996 2077 fornax.
3025 2018 3080 2073 lu
3108 2020 3351 2089 paradiso
3368 2030 3479 2074 erat
3500 2021 3688 2085 Adam,

2105 2116 2159 2160 et
2188 2106 2312 2177 quia
2342 2108 2523 2178 segnis
2549 2117 2686 2173 erat,
2716 2109 3083 2179 supplantatus
3114 2110 3209 2165 fuit
3235 2130 3247 2164 :
3281 2112 3406 2166 fimo
3434 2112 3693 2167 insidebat

2104 2196 2246 2264 Job,
2308 2206 2362 2253 et
2415 2200 2537 2269 quia
2587 2200 2876 2269 vigi!ahat,
2940 2204 3230 2272 superavit.
3288 2204 3445 2273 Atqui
3495 2215 3692 2274 quanto

2110 2290 2389 2359 paradisus
2433 2300 2516 2347 est
2554 2290 2680 2347 ftmo
2724 2292 2955 2348 melior?
2995 2294 3088 2349 sed
3132 2294 3260 2349 nihil
3291 2294 3393 2349 loci
3421 2296 3588 2350 virtus
3613 2296 3693 2349 itt—

2109 2379 2364 2435 babitanti
2414 2380 2632 2451 profuit,
2675 2394 2953 2453 postquam
2994 2385 3227 2454 seipsum
3280 2386 3368 2441 ille
3417 2387 3690 2456 prodidit:

2108 2471 2243 2524 sicut
2270 2485 2369 2525 nec
2398 2470 2499 2526 loci
2532 2472 2707 2527 vilitas
2736 2473 2932 2529 virtute
2960 2474 3192 2545 undique
3231 2476 3490 2531 munitum
3537 2476 3692 2532 laesit.

2110 2562 2176 2617 Et
2202 2578 2299 2617 nos
2321 2562 2479 2632 igitur
2508 2565 2739 2618 animam
2767 2574 3003 2619 nostram
3035 2567 3374 2622 muniamus:
3406 2568 3517 2622 sive
3553 2567 3695 2623 enim

2111 2658 2454 2725 pecuniarum
2504 2659 2696 2713 mulcta
2740 2658 3036 2726 immineat,
3083 2660 3195 2715 sive
3235 2674 3399 2726 mors,
3445 2661 3697 2730 pietatem

2111 2763 2240 2802 vero
2267 2747 2475 2803 auferat
2504 2765 2683 2815 nemo,
2712 2766 2898 2805 sumus
2922 2752 3168 2807 omnibus
3200 2752 3482 2809 beatiores.
3515 2752 3625 2808 Hoc.
3645 2762 3699 2809 et

2109 2838 2354 2893 Christus
2406 2840 2675 2896 mandavit
2722 2841 2904 2897 dicens
2942 2860 2956 2897 :
3006 2841 3185 2897 Estote
3224 2844 3379 2915 igitur
3430 2845 3700 2912 prudentrs

2110 2928 2238 2982 sicut
2278 2940 2529 2998 serpentes
2568 2930 2779 3001 (Matth.
2815 2932 2902 2989 10.
2952 2934 3062 3003 16).
3109 2934 3255 2989 Sicut
3278 2937 3419 2990 enim
3450 2937 3540 2994 ille
3576 2940 3699 2992 reli-

2110 3034 2272 3090 quum
2295 3020 2479 3090 objicit
2506 3036 2721 3090 corpus,
2754 3031 2810 3077 ιιι
2838 3031 2998 3092 caput
3038 3035 3239 3089 servet,
3272 3026 3349 3081 sic
3380 3036 3432 3081 et
3465 3037 3555 3081 ttt:
3587 3030 3700 3085 sive

2113 3111 2385 3181 pecunias,
2423 3112 2535 3167 sive
2573 3128 2787 3181 corpus,
2831 3114 2944 3170 sive
2983 3126 3302 3184 pnesentcm
3344 3119 3538 3186 vitam,
3585 3121 3697 3176 sive

2111 3199 2293 3254 omnia
2325 3202 2569 3255 amittere
2599 3212 2863 3270 oporteat,
2889 3212 2945 3257 ut
2975 3204 3221 3273 pietatem
3249 3221 3551 3274 conserves,
3588 3210 3693 3263 noli

2112 3293 2331 3347 tristari.
2363 3292 2417 3348 Si
2446 3293 2587 3347 enim
2618 3293 2762 3348 illam
2803 3294 3002 3349 habens
3034 3297 3364 3365 migraveris,
3398 3306 3573 3356 omna
3605 3303 3696 3358 tibi

2112 3398 2233 3437 cum
2280 3383 2465 3452 majori
2500 3383 2639 3439 Deus
2680 3384 2920 3440 claritate
2964 3388 3241 3453 retribuet,
3278 3400 3330 3443 et
3356 3405 3548 3457 corpus
3577 3407 3697 3446 cum

2113 3474 2298 3544 majori
2326 3489 2535 3529 rursum
2581 3474 2749 3545 gloria
2789 3478 3051 3543 restituet,
3086 3489 3138 3532 et
3164 3494 3259 3549 pro
3288 3482 3527 3550 pecuniis
3564 3482 3699 3537 bona

2112 3581 2231 3633 qua:
2273 3565 2415 3620 nulla
2460 3565 2744 3621 verborum
2792 3567 2841 3620 vi
2890 3577 3111 3637 possunt
3153 3571 3400 3639 exprimi.
3432 3571 3620 3628 Nonne
3647 3563 3698 3628 iit

2115 3656 2239 3711 fimo
2271 3656 2444 3712 nudus
2497 3657 2715 3713 sedebat
2740 3658 2861 3724 Job,
2895 3660 3188 3715 innumeris
3215 3663 3475 3718 mortibus
3494 3665 3702 3736 gravio-

2116 3764 2228 3802 rem
2258 3750 2529 3805 sustinens
2559 3750 2762 3804 vitam?
2793 3750 2897 3806 Sed
2921 3752 3041 3821 quia
3071 3754 3321 3823 pietatem
3351 3770 3456 3811 non
3486 3757 3697 3828 ahjecit,

2114 3841 2291 3895 omnia
2342 3856 2462 3895 cum
2512 3842 2699 3912 majori
2745 3843 2894 3912 c0pia
2944 3844 3153 3900 rediere
3200 3846 3407 3915 priora,
3461 3851 3702 3920 corporis

2116 3932 2313 3985 sanitas
2333 3940 2385 3985 et
2409 3932 2633 4000 species,
2664 3934 2838 3989 omnis
2860 3934 3087 3990 liliorum
3112 3946 3303 4003 cattus,
3335 3941 3700 4009 possessiones

2115 4038 2322 4089 omnes,
2346 4033 2400 4077 et
2428 4023 2569 4094 quod
2594 4026 2828 4080 omnium
2853 4029 3161 4096 maximum,
3192 4031 3466 4101 splendida
3492 4032 3700 4101 patien-

2119 4113 2203 4166 tiae
2232 4128 2449 4168 corona.
2482 4115 2629 4170 Sicut
2658 4116 2801 4171 enim
2830 4118 2880 4171 in
2901 4118 3181 4175 arboribus
3204 4122 3413 4188 accidit,
3440 4132 3495 4177 ut
3518 4124 3561 4177 si
3584 4125 3703 4194 quis

2116 4204 2344 4260 fructum
2372 4222 2491 4261 cum
2518 4206 2658 4262 foliis
2686 4208 2910 4274 auferat,
2941 4219 2996 4265 et
3022 4226 3200 4266 ramos
3222 4228 3406 4268 omnes
3440 4224 3699 4284 amputet,

2119 4298 2294 4353 radice
2338 4308 2604 4366 manente,
2639 4309 2747 4355 tota
2770 4316 2890 4356 cum
2922 4300 3108 4371 majori
3138 4302 3296 4357 etiam
3321 4314 3513 4359 ornatu
3540 4306 3704 4363 arbor

2119 4398 2363 4459 resurgat
2391 4408 2404 4443 :
2432 4390 2510 4445 sic
2552 4392 2764 4460 quidem
2805 4399 2859 4446 et
2895 4391 2947 4445 in
2996 4393 3173 4458 nobis,
3220 4395 3265 4449 si
3304 4397 3517 4465 pietatis
3544 4399 3699 4455 radix

2120 4490 2447 4549 permaneat,
2492 4484 2591 4537 etsi
2636 4482 2835 4537 divitia:
2873 4483 3201 4554 auferantur,
3249 4495 3304 4542 et
3331 4501 3525 4557 corpus
3573 4504 3699 4545 cor-

2118 4583 2427 4641 rumpatur,
2475 4574 2651 4629 omnia
2700 4590 2885 4631 rursus
2929 4577 3083 4634 nobis
3126 4592 3246 4632 cum
3287 4580 3474 4649 majori
3531 4582 3701 4653 gloria

2120 4663 2363 4717 redeunt.
2390 4664 2612 4718 Omnem
2650 4665 2807 4735 igitur
2844 4667 3035 4721 anima:
3076 4669 3485 4726 sollicitudinem
3528 4684 3582 4727 et
3607 4690 3700 4727 su-

2122 4755 2374 4826 perfluam
2419 4773 2601 4812 curam
2632 4759 2962 4828 abjtcientes,
3007 4762 3071 4815 ad
3103 4778 3199 4817 nos
3230 4764 3372 4834 ipsos
3398 4765 3700 4835 redeamus,

2118 4863 2310 4917 Corpus
2324 4857 2376 4904 et
2397 4849 2626 4904 animam
2645 4866 2896 4905 ornemtts
2913 4853 3117 4907 virtutis
3134 4864 3466 4923 ornamento,
3485 4857 3703 4927 justitiat

2118 4955 2288 5007 arma,
2316 4940 2409 4995 sed
2432 4956 2533 4995 non
2565 4957 2712 4997 arma
2736 4944 2969 5011 peccati;
3000 4946 3240 5014 corporis
3268 4948 3434 5002 nostri
3463 4949 3701 5004 membra

2120 5033 2470 5088 exhibentes:
2502 5042 2555 5088 et
2594 5043 2718 5089 ante
2759 5036 2935 5089 omnia
2980 5035 3215 5106 linguam
3256 5047 3314 5092 ut
3341 5039 3387 5092 si
3414 5040 3703 5109 spiritualis

2118 5125 2300 5194 gratim
2330 5125 2568 5179 ministra
2596 5126 2953 5192 instituamus,
2977 5142 3137 5183 omne
3153 5129 3297 5185 virus
3324 5138 3376 5184 et
3404 5130 3704 5200 tnalignita.

2123 5227 2225 5270 tem
2257 5232 2319 5271 ex
2348 5231 2442 5271 ore
2481 5217 2821 5286 projicientes
2863 5226 2918 5272 et
2949 5220 3179 5288 turpium
3217 5221 3499 5275 verborum
3530 5223 3701 5278 medi-

2123 5307 2397 5362 tationem.
2422 5308 2628 5361 Etenim
2650 5308 2699 5361 in
2729 5318 2908 5363 nostra
2941 5319 3204 5379 p0testate
3231 5320 3333 5375 est,
3363 5314 3701 5383 unumquod-

2120 5413 2223 5467 que
2246 5398 2602 5453 membrorum
2628 5409 2928 5455 nostrorum
2955 5402 3066 5455 sive
3094 5403 3326 5467 malitia}.
3356 5404 3703 5473 sivejustitias

2122 5491 2531 5545 instrumentum
2563 5491 2751 5546 facere.
2784 5492 2923 5546 Audi
2966 5492 3123 5563 igitur
3150 5494 3416 5563 quomodo
3446 5494 3699 5566 linguam,

2121 5584 2173 5639 hi
2213 5585 2424 5655 quidem
2476 5586 2698 5655 peccati,
2746 5585 2820 5639 illi
2854 5587 3224 5655 verojustitire
3263 5601 3412 5643 arma
3440 5586 3698 5646 fecerunt.

2124 5673 2322 5747 Lingua
2364 5676 2584 5747 ipsorum
2633 5676 2834 5747 gladius
2876 5677 3268 5748 acntusll’sal.
3315 5678 3403 5735 56.
3432 5678 3509 5750 5}.
3556 5682 3704 5737 Alter
