4072 6384
369 315 437 371 67
1082 299 1138 356 s.
1177 298 1452 354 JO.\NNlS
1489 294 1958 353 cunvsosrostt
1999 296 2316 354 ARClllEP.
2358 299 2887 356 CONSTANTINOP.
3560 306 3631 364 σε

372 431 498 469 vero
521 414 732 484 quidam
759 411 826 468 de
851 426 944 466 sua
971 411 1096 465 dicit
1123 411 1297 478 lingua
1320 427 1332 462 :
1358 408 1555 479 Lingua
1584 426 1693 461 nica
1719 407 1943 460 calamus

369 507 547 558 scriba:
582 504 814 557 uelociter
854 502 1110 556 scribentis
1153 501 1319 569 (Psal.
1361 499 1448 553 44.
1494 499 1574 566 9.).
1625 499 1714 551 Illa
1743 497 1942 551 caedem

370 607 584 666 operata
612 605 714 662 est,
743 595 856 650 hare
878 595 1107 648 divinam
1134 594 1302 661 legem
1330 593 1593 646 scribebat
1622 609 1636 644 :
1665 583 1941 660 propterea

371 689 454 740 illa
483 687 692 757 quidem
738 686 960 755 gladius,
1003 685 1238 738 calamus
1280 692 1454 735 autem
1501 682 1614 736 haec
1655 691 1789 741 erat.
1839 698 1942 736 non

369 777 658 833 secundum
686 777 948 846 pr0priam
968 784 1230 836 naturam,
1249 772 1340 826 sed
1367 771 1655 826 secundum
1684 771 1944 825 utentium

367 868 700 920 electionem.
751 864 967 934 Lingua:
1009 863 1150 918 enim
1197 873 1382 915 natura
1427 869 1481 914 et
1528 861 1683 929 hujus
1709 869 1761 914 et
1805 860 1946 914 illius

367 974 467 1011 una
501 966 635 1020 erat,
662 955 898 1024 operatio
925 962 1102 1007 autem
1133 968 1237 1006 non
1284 967 1406 1006 una.
1443 951 1506 1005 Et
1535 951 1602 1005 de
1631 965 1725 1004 ore
1763 965 1946 1004 rursus

366 1049 505 1103 idem
551 1062 777 1102 cernere
820 1044 1204 1100 licet:etenim
1252 1043 1306 1096 hi
1352 1043 1565 1113 quidem
1593 1041 1853 1094 habebant
1883 1055 1946 1094 os

366 1138 516 1191 sanie
561 1146 615 1190 et
655 1135 992 1204 improbitate
1038 1133 1290 1204 plenum;
1338 1139 1616 1202 pmpterea
1650 1129 1938 1184 incusando

365 1227 579 1282 diccbat
626 1242 641 1279 :
693 1225 764 1280 οε
817 1226 1042 1292 ipsorum
1099 1223 1446 1276 maledictione
1501 1231 1548 1274 et
1611 1220 1948 1273 amaritudine

366 1317 569 1391 plenum
620 1327 692 1372 est
728 1315 896 1388 (Psal.
923 1316 1010 1370 15.
1041 1315 1093 1372 3)
1128 1331 1142 1369 :
1172 1315 1336 1384 ipsius
1385 1329 1514 1368 vero
1562 1328 1666 1366 non
1699 1312 1821 1374 tale,
1850 1311 1944 1366 sed

370 1410 442 1465 0s
478 1427 663 1474 meum,
720 1409 907 1478 inquit,
948 1405 1173 1476 loquetur
1217 1406 1534 1476 sapientiam,
1592 1413 1638 1458 et
1689 1405 1944 1458 meditatio

369 1501 534 1554 cordis
563 1499 658 1552 mei
685 1499 997 1567 prudentiam
1027 1495 1193 1565 (I’sul.
1221 1495 1310 1550 48.
1342 1495 1416 1565 ι).
1442 1495 1544 1549 Alii
1574 1508 1700 1548 vero
1749 1509 1934 1548 rursus

366 1606 553 1647 manus
591 1589 858 1643 habebant
901 1587 1186 1656 iniquitatis
1216 1585 1417 1654 plenas,
1465 1594 1519 1639 et
1567 1584 1662 1638 hos
1687 1597 1941 1638 accusans

367 1696 553 1737 rursus
593 1679 843 1735 dicebat:
890 1677 957 1732 In
997 1677 1226 1730 manibus
1270 1678 1493 1744 ipsorum
1541 1677 1844 1746 iniquitates,
1894 1683 1942 1728 et

368 1773 545 1827 dextra
569 1788 738 1825 eorum
768 1771 954 1839 repleta
979 1780 1048 1821 est
1073 1767 1355 1821 muneribus
1380 1766 1546 1840 (Psal.
1565 1768 1655 1822 25.
1689 1767 1801 1838 10).
1825 1766 1945 1835 Ipse

367 1879 497 1920 vero
527 1879 711 1917 manus
749 1861 878 1916 nihil
909 1861 1047 1915 aliud
1077 1859 1272 1926 facere,
1303 1875 1458 1929 quam
1487 1859 1540 1914 in
1573 1857 1761 1916 cmlum
1790 1858 1941 1928 erigi,

368 1964 607 2008 assuetas
639 1953 894 2017 habebat;
928 1952 1126 2006 idcirco
1151 1960 1204 2006 et
1231 1951 1295 2005 de
1327 1951 1408 2005 his
1435 1950 1643 2005 dicebat
1671 1969 1684 2004 :
1714 1949 1944 2004 Elevatio

369 2061 608 2097 manuum
648 2061 871 2096 mearum
909 2043 1211 2111 sacriﬁcium
1258 2043 1588 2112 vespertinum
1616 2040 1786 2111 (Psal.
1817 2043 1939 2096 140.

367 2134 442 2205 2).
474 2133 529 2188 1η
567 2133 727 2189 corde
769 2148 978 2204 quoque
1016 2134 1137 2186 licet
1177 2133 1314 2186 idem
1354 2131 1568 2199 videre;
1596 2132 1944 2202 quorumdam

370 2228 510 2282 enim
537 2240 632 2279 cor
658 2242 848 2280 vanum
875 2234 976 2289 est,
1020 2224 1174 2294 hujus
1212 2235 1386 2279 autem
1412 2241 1630 2291 verum;
1660 2234 1942 2296 pmpterea

369 2317 437 2372 de
467 2317 568 2371 illis
593 2317 755 2371 dicit:
788 2315 887 2370 Cor
907 2333 1077 2370 eorum
1105 2332 1286 2368 uanum
1315 2326 1386 2370 est
1416 2314 1587 2384 (Psal.
1617 2317 1670 2370 5.
1707 2315 1798 2382 10)
1823 2332 1837 2379 ;
1877 2314 1945 2369 de

370 2421 469 2461 suo
496 2416 694 2473 autem,
726 2405 987 2459 Eructavit
1023 2422 1110 2459 cor
1142 2422 1303 2460 meum
1340 2407 1540 2459 uerbum
1563 2407 1744 2460 bonum
1770 2405 1941 2476 (Psat.

370 2497 459 2552 44.
489 2498 567 2566 2).
596 2497 660 2551 Ει
701 2497 767 2551 de
812 2496 991 2550 auditu
1040 2511 1247 2550 rursum
1289 2497 1429 2550 idem
1459 2496 1638 2553 videre
1667 2497 1809 2552 licet.
1838 2496 1941 2550 Alii

369 2602 596 2658 namque
642 2588 926 2642 bestiarum
973 2587 1207 2640 auditum
1266 2586 1534 2642 habebant
1579 2588 1833 2642 immitem
1889 2596 1944 2641 et

369 2679 774 2750 implacabilem,
824 2688 878 2735 et
917 2681 1058 2749 ipsos
1081 2680 1386 2749 vituperans
1411 2681 1488 2734 sic
1516 2680 1725 2734 dicebat
1754 2698 1765 2731 :
1798 2680 1945 2734 Sicut

369 2773 561 2842 aspidis
585 2772 770 2836 surdw,
801 2780 846 2825 et
887 2770 1164 2824 obturantis
1203 2787 1348 2824 aures
1384 2787 1500 2824 suns
1531 2769 1698 2842 (Psal.
1725 2771 1813 2825 57.
1843 2770 1898 2839 5)
1926 2787 1942 2824 :

369 2863 535 2932 ipsius
571 2873 746 2916 autem
776 2861 986 2916 auditus
1014 2861 1316 2916 divinorum
1365 2872 1481 2916 erat
1521 2862 1802 2916 verborum
1856 2879 1942 2916 re-

368 2953 730 3024 ceptaculum,
788 2963 842 3007 et
889 2953 990 3007 hoc
1049 2954 1220 3022 ipsum
1275 2952 1664 3018 manifestavit,
1713 2953 1942 3007 dicens:

370 3042 636 3098 lnclinabo
664 3043 717 3096 in
745 3044 1038 3112 parabolam
1063 3059 1235 3098 aurem
1261 3059 1440 3107 meam,
1470 3043 1691 3115 aperiam
1718 3043 1768 3096 in
1809 3044 1948 3113 psal-

371 3135 494 3189 terio
524 3136 911 3204 propositionem
936 3151 1092 3187 meam
1118 3128 1292 3192 (Psal.
1323 3128 1411 3184 48.
1443 3128 1519 3200 5).

440 3227 493 3280 6.
506 3225 713 3281 Muralis
733 3226 1108 3281 exltortatio.——
1130 3225 1253 3279 llzec
1277 3226 1432 3294 igitur
1448 3227 1697 3292 scientes,
1729 3243 1828 3282 nos
1848 3242 1949 3281 un-

374 3316 532 3388 dique
558 3318 751 3372 virtute
788 3319 1105 3382 muniamus,
1123 3325 1180 3372 ct
1207 3318 1283 3371 sic
1314 3317 1408 3371 Dei
1427 3318 1558 3372 iram
1583 3317 1900 3388 refellemus
1931 3336 1945 3373 :

380 3419 435 3464 et
458 3409 697 3478 corporis
719 3409 882 3463 nostri
910 3409 1145 3464 membra
1168 3410 1385 3479 jnstitim
1410 3425 1554 3464 arma
1580 3408 1833 3465 faciamus
1849 3452 1862 3474 ,
1893 3421 1948 3465 et

381 3500 590 3564 oculos,
621 3514 829 3561 manus,
849 3499 1027 3568 pedes,
1059 3514 1174 3565 cor,
1203 3499 1434 3569 linguam
1477 3510 1528 3554 et
1568 3515 1726 3553 onme
1754 3515 1946 3569 corpus

375 3597 615 3644 nostrum
647 3599 703 3643 ut
734 3590 831 3644 soli
859 3589 1036 3643 virtuti
1062 3590 1189 3645 utile
1230 3592 1299 3644 sit
1325 3591 1659 3646 instituamus
1690 3609 1704 3646 :
1733 3602 1788 3647 et
1826 3593 1946 3647 illo-

375 3696 493 3734 rum
543 3680 697 3733 trium
722 3680 738 3710 ¹
771 3679 1142 3744 recordemur,
1187 3679 1255 3734 de
1282 3681 1471 3750 quibus
1503 3683 1567 3735 ad
1596 3684 1963 3740 vestramcha-

371 3769 581 3824 ritatem
607 3769 766 3823 verba
793 3768 914 3835 feci,
945 3783 1135 3839 rogans
1164 3777 1221 3824 ut
1262 3770 1532 3826 inimicum
1554 3771 1817 3828 haberetis
1847 3791 1944 3829 ne-

380 3861 602 3927 minem,
619 3875 791 3930 neque
819 3861 1062 3931 cuiquam
1085 3877 1267 3916 eorum
1292 3863 1381 3932 qui
1407 3877 1502 3918 vos
1522 3863 1731 3918 tristitia
1757 3865 1947 3920 affece-

377 3954 506 4019 rint,
535 3952 941 4017 maledicatis,et
966 3954 1256 4022 improbam
1272 3954 1692 4025 juramentorum
1723 3972 1948 4014 consuc-

371 4045 610 4100 tudinem
638 4061 700 4100 ex
717 4061 811 4101 ore
835 4056 1014 4101 vestro
1043 4046 1284 4116 ejiciatis.
1313 4048 1376 4102 Et
1413 4056 1462 4102 te
1485 4048 1690 4104 duobus
1729 4051 1942 4120 quidem

370 4136 632 4191 mandatis
673 4135 730 4192 in
753 4136 858 4191 alio
884 4145 1120 4206 tempore
1144 4137 1465 4194 disseremus
1491 4155 1505 4192 :
1539 4155 1632 4209 per
1651 4139 1789 4196 hanc
1819 4157 1946 4197 vero

372 4226 753 4282 hebdomadam
793 4236 955 4283 totam
1000 4229 1067 4284 de
1090 4229 1406 4298 juramentis
1439 4229 1589 4285 vobis
1619 4232 1876 4296 dicemus,
1910 4249 1939 4286 a

374 4315 595 4372 faciliori
622 4317 869 4373 mandato
916 4318 1124 4373 initium
1170 4319 1423 4374 facientes
1449 4335 1463 4372 :
1488 4335 1588 4376 nec
1623 4322 1765 4376 enim
1798 4323 1948 4377 labor

375 4408 514 4462 ullus
533 4416 613 4464 est
639 4410 1062 4480 jurameutorum
1103 4411 1542 4466 consuetudinem
1594 4411 1810 4470 vincere
1835 4455 1853 4482 ,
1899 4416 1945 4470 si

435 4583 453 4614 ¹
487 4588 590 4631 sav.
612 4588 664 4632 et
684 4595 811 4633 unus
831 4582 986 4633 codex
1011 4597 1024 4632 :
1050 4583 1224 4650 legion.

374 4723 1666 4747 ————-———————————_—

2049 410 2271 464 velimus
2290 410 2371 465 vel
2395 425 2576 479 parum
2593 411 2896 479 impendere
2917 410 3095 474 stmlii,
3119 426 3216 465 nos
3238 411 3462 469 invicem
3486 430 3632 470 com-

2057 499 2509 566 monefacientes,
2541 501 2885 555 admonentes
2905 543 2919 562 ,
2950 500 3328 568 observantes,
3367 507 3629 562 rationem

2048 599 2100 642 et
2120 604 2300 658 poenas
2316 591 2475 655 abiis,
2495 593 2581 660 qtti
2598 592 2743 646 obliti
2760 593 2969 656 fuerint,
2988 602 3305 662 repetentes.
3320 595 3447 662 Quae
3465 597 3631 664 enim,

2049 698 2252 752 qumso,
2271 684 2508 738 ciborum
2530 684 2864 739 abstinentiae
2883 684 3100 748 utilitas.
3123 686 3218 740 nisi
3236 687 3502 756 improbas
3517 689 3632 742 ani-

2051 773 2120 826 mi
2143 772 2554 828 consuetudines
2578 774 2936 842 eXpellautus?
2958 774 3096 829 Ecce
3115 774 3270 828 hodie
3297 784 3459 829 totam
3483 775 3625 844 jeju-

2051 863 2122 917 nii
2145 863 2284 917 diem
2311 865 2602 934 exegimus,
2626 875 2680 918 et
2708 880 2944 919 mensam
2969 866 3020 919 in
3047 882 3266 935 vespera
3279 883 3626 936 apponemus,

2049 969 2155 1008 non
2189 953 2452 1008 hesterna:
2478 954 2726 1020 similem,
2763 955 2857 1010 sed
2881 961 3209 1010 immutatam
3257 967 3311 1011 et
3355 956 3630 1012 honestio-

2051 1060 2183 1098 rem.
2209 1044 2475 1114 Numquid
2504 1045 2661 1116 igitur
2688 1047 2806 1115 quis
2826 1056 3064 1100 nostrum
3091 1047 3269 1102 dicere
3294 1049 3452 1113 valet,
3473 1063 3532 1103 se
3553 1049 3632 1102 vi.

2053 1146 2158 1190 tam
2180 1151 2329 1190 suam
2358 1135 2514 1192 hodie
2533 1138 2669 1192 sicut
2699 1148 2753 1192 et
2774 1153 3010 1194 mensam
3041 1151 3294 1207 mutasse,
3337 1156 3397 1196 se.
3425 1143 3625 1210 impro-

2051 1225 2170 1280 bam
2196 1228 2631 1282 consuetudinem
2657 1231 2792 1283 sicut
2815 1239 2869 1284 et
2888 1245 3060 1285 escam
3083 1233 3444 1286 convertisse?
3468 1233 3627 1302 Equi-

2050 1315 2172 1370 dem
2195 1332 2302 1370 non
2329 1326 2477 1386 puto.
2503 1318 2631 1385 Quae
2660 1319 2818 1388 igitur
2849 1320 3000 1378 nobis
3022 1321 3208 1390 jejunii
3239 1324 3467 1376 utilitas?
3506 1325 3630 1380 Ideo

2050 1405 2324 1472 exhortor,
2356 1417 2410 1462 et
2437 1407 2704 1463 exhortari
2759 1427 2863 1464 non
2890 1411 3152 1477 desinam,
3207 1423 3264 1466 ut
3292 1415 3623 1484 unumquod-

2051 1513 2156 1566 que
2176 1499 2480 1553 mandatum
2535 1500 2803 1568 sigillatim
2833 1512 3194 1567 assumentes,
3224 1502 3360 1556 duos
3391 1504 3472 1558 vel
3520 1514 3626 1558 tres

2049 1587 2164 1643 dies
2187 1588 2252 1642 ad
2276 1588 2446 1658 ipsum
2469 1589 2792 1659 implendum
2817 1591 3148 1660 impendatis.
3167 1593 3230 1646 Et
3258 1593 3393 1647 sicut
3411 1593 3624 1662 quidam

2048 1691 2172 1736 sunt
2198 1683 2335 1738 inter
2355 1699 2412 1738 se
2434 1684 2671 1739 ciborum
2700 1684 3014 1739 abstinentia
3035 1685 3363 1746 :emulentes,
3389 1695 3439 1738 et
3462 1685 3624 1739 mira-

2049 1771 2210 1826 bilem
2229 1773 2624 1827 contentionem
2657 1773 2949 1828 facientes:
2982 1782 3035 1828 et
3061 1773 3113 1828 hi
3139 1774 3352 1843 quidem
3391 1775 3626 1844 integros

2047 1859 2184 1915 duos
2202 1860 2317 1916 dies
2347 1861 2642 1932 transigunt
2673 1863 2870 1932 jejuni,
2921 1862 2974 1916 hi
3001 1877 3128 1916 vero
3150 1879 3258 1916 non
3289 1863 3394 1916 vini
3421 1872 3622 1916 tantum

2049 1959 2103 2006 et
2140 1951 2266 2016 olei,
2289 1951 2383 2007 sed
2409 1961 2462 2006 et
2491 1953 2663 2008 omnis
2708 1953 2889 2007 ferculi
2918 1969 3069 2006 usum
3125 1969 3153 2005 a
3176 1969 3268 2007 sua
3291 1969 3474 2008 mensa
3497 1953 3624 2020 reji-

2048 2041 2270 2108 cientes,
2301 2057 2439 2113 pane
2467 2053 2522 2098 et
2547 2059 2679 2113 aqua
2710 2052 2922 2099 utentes
2949 2044 3242 2111 dumtaxat,
3271 2044 3624 2113 Quadragesi-

2047 2150 2188 2189 mam
2217 2150 2428 2189 omnem
2450 2136 2770 2204 expediunt:
2800 2137 2878 2190 sic
2896 2144 2950 2190 et
2990 2151 3088 2190 nos
3117 2145 3300 2190 mutuo
3326 2135 3624 2191 contenda-
3697 2189 3700 2192 .

2051 2241 2191 2293 mus,
2241 2235 2299 2281 ut
2335 2227 2754 2295 juramentorum
2805 2226 3152 2296 frequentiam
3209 2227 3454 2281 tollamus
3486 2225 3626 2280 :hoc

2049 2318 2191 2372 enim
2221 2317 2364 2370 omni
2389 2316 2590 2386 jejunio
2620 2317 2819 2382 utilius,
2866 2317 2967 2370 hoc
2994 2317 3135 2370 omni
3167 2316 3292 2370 vita:
3343 2317 3627 2384 asperitate

2051 2405 2408 2462 fructuosius:
2435 2415 2490 2461 et
2518 2406 2746 2461 studium
2767 2406 2906 2476 quod
2931 2407 3070 2461 circa
3091 2408 3327 2462 ciborum
3353 2407 3624 2461 abstinen-

2054 2498 2179 2552 tiam
2203 2498 2478 2565 habemus,
2513 2498 2616 2554 boc
2641 2500 2778 2553 circa
2803 2502 3221 2567 juramentorum
3252 2499 3623 2555 abstinentiam

2049 2590 2676 2660 cxhibeamus:quoniam
2698 2599 2950 2646 extrema:
2966 2591 3247 2646 dementia:
3271 2591 3471 2646 crimen
3491 2591 3626 2646 sub-

2048 2683 2205 2747 imus,
2237 2680 2499 2752 proltibita
2541 2681 2752 2751 quidem
2801 2691 3224 2747 contemnentes,
3248 2682 3384 2736 circa
3415 2681 3625 2736 indilfe-

2053 2774 2224 2829 rentia
2275 2788 2400 2828 vero
2451 2788 2610 2828 omne
2653 2773 2885 2828 studium
2939 2773 3295 2828 adhibentes:
3346 2773 3627 2827 comedere

2056 2866 2200 2920 enim
2227 2881 2329 2919 non
2357 2873 2435 2919 est
2466 2865 2765 2928 inhibitum,
2791 2863 2972 2934 jurare
2996 2880 3121 2919 vero
3162 2863 3481 2933 prohibitum
3509 2873 3610 2928 est;

2050 2971 2149 3012 nos
2168 2965 2342 3011 autem
2360 2971 2388 3009 a
2414 2956 2682 3011 concessis
2699 2955 3050 3019 abstinentes,
3067 2954 3327 3024 prohibita
3345 2953 3620 3008 audemus.

2051 3046 2897 3116 Proptereacharitatemvestram
2916 3044 3188 3110 exhortor,
3213 3053 3267 3098 ut
3288 3044 3516 3114 aliquam
3543 3045 3625 3098 fa-

2050 3136 2202 3190 ciatis
2225 3137 2590 3197 mutationem,
2618 3143 2672 3188 et
2701 3134 2824 3189 hinc
2853 3135 3169 3205 principium
3203 3135 3354 3190 nobis
3381 3133 3628 3190 ostenda-

2051 3225 2137 3279 tis.
2159 3224 2214 3280 Si
2235 3225 2374 3278 euim
2396 3239 2516 3277 cum
2539 3233 2686 3278 tanto
2715 3240 2950 3293 praesens
2973 3225 3225 3295 jejunium
3255 3227 3432 3282 studio
3449 3236 3630 3281 trans-

2050 3318 2334 3386 egerimus,
2366 3316 2464 3370 hac
2494 3316 2704 3386 quidem
2746 3317 3098 3383 hebdomade,
3126 3327 3184 3372 ut
3212 3334 3279 3374 ne
3298 3320 3513 3372 omnino
3542 3319 3630 3388 ju-

2051 3422 2252 3472 remus,
2274 3405 2586 3473 efficientes,
2611 3408 2848 3476 sequenti
2876 3422 3001 3462 vero
3030 3408 3159 3462 iram
3196 3409 3588 3479 exstinguentes
3606 3448 3624 3475 ,

2053 3497 2289 3552 ulteriori
2334 3508 2514 3552 autem
2543 3497 2923 3553 detractionem
2961 3498 3214 3554 radicitus
3262 3501 3626 3568 destruentes,

2051 3596 2105 3640 et
2127 3595 2246 3657 post
2272 3587 2438 3658 ipsam
2455 3587 2555 3642 alia
2577 3603 2761 3643 rursus
2782 3590 2931 3660 plura
2947 3591 3272 3660 corrigentes
3294 3608 3308 3656 ;
3339 3593 3405 3646 ita
3427 3593 3624 3648 sensim

2054 3677 2473 3748 progredientes,
2497 3678 2748 3748 paulatim
2775 3679 2839 3732 ad
2872 3679 3042 3749 ipsum
3073 3681 3280 3736 virtutis
3303 3683 3509 3737 culmen
3533 3699 3628 3737 ve-

2054 3767 2283 3832 niemus,
2307 3782 2544 3838 przesens
2572 3767 2830 3838 fugiemus
2848 3769 3158 3838 periculum,
3185 3771 3347 3826 Deum
3367 3771 3628 3841 placatum

2050 3859 2335 3914 reddemus
2364 3877 2377 3912 :
2407 3868 2460 3913 et
2484 3859 2764 3914 multitudo
2789 3875 2972 3914 rursus
3009 3862 3074 3915 ad
3105 3877 3202 3916 nos
3233 3871 3289 3917 et
3332 3863 3398 3917 ad
3444 3865 3628 3917 urbem

2051 3949 2388 4020 regredietur
2416 3968 2430 4004 :
2465 3959 2589 4005 tunc
2619 3951 2736 4020 fuga
2759 3952 2934 4020 lapsos
2963 3952 3300 4019 docebimus,
3349 3969 3458 4009 non
3488 3955 3632 4008 loco—

2051 4056 2170 4094 rum
2198 4040 2496 4107 munimini,
2517 4056 2617 4096 nec
2636 4041 2838 4113 refugio
2860 4053 2910 4096 et
2941 4044 3188 4107 recessui,
3210 4044 3302 4097 sed
3324 4045 3484 4097 animi
3517 4046 3628 4114 pie-

2057 4132 2147 4185 tati
2173 4139 2228 4186 ct
2247 4147 2452 4185 morum
2475 4131 2654 4185 virtuti
2673 4133 2859 4186 salutis
2881 4142 3074 4187 nostra:
3105 4147 3251 4202 spem
3273 4135 3625 4188 committere.

2053 4221 2231 4292 Atque
2259 4223 2328 4276 ita
2361 4222 2470 4290 fiet,
2498 4233 2553 4277 ut
2581 4233 2635 4278 et
2660 4223 2815 4293 hujus
2839 4225 2960 4278 vita:
2980 4233 3030 4278 et
3069 4225 3210 4278 illius
3257 4225 3444 4278 futura:
3496 4226 3626 4277 bona

2051 4327 2432 4382 assequamur,
2468 4314 2657 4383 quibus
2713 4329 2810 4368 nos
2837 4329 3022 4368 omnes
3067 4313 3255 4382 dignos
3298 4313 3408 4367 fieri
3456 4314 3625 4379 detur,

2052 4403 2221 4472 gratia
2252 4413 2306 4457 et
2335 4403 2657 4475 benignitate
2701 4405 2908 4458 Domini
2940 4405 3102 4458 nostri
3129 4405 3254 4458 Jesu
3276 4404 3473 4458 Christi
3494 4445 3508 4468 ,
3541 4419 3634 4472 per

2050 4505 2207 4562 quem
2234 4501 2433 4549 etcum
2467 4509 2572 4564 quo
2617 4495 2758 4548 Patri
2801 4495 2963 4564 gloria
3004 4509 3107 4548 una
3150 4509 3268 4547 cum
3307 4508 3489 4548 sancto
3515 4493 3630 4562 Spi-
3672 4545 3674 4549 .

2051 4583 2155 4639 ritu
2179 4599 2319 4639 nunc
2345 4594 2398 4639 et
2416 4600 2648 4654 semper,
2679 4595 2734 4640 et
2774 4585 2825 4640 in
2848 4587 3038 4640 smcula
3065 4588 3399 4640 saeculorum.
3442 4587 3627 4641 Amen.

376 4845 604 4891 ITIDEM
645 4843 1055 4888 EXHORTATIO
1095 4845 1180 4888 AD
1222 4846 1517 4892 POPULUM
1560 4849 1642 4891 DE
1683 4851 2010 4896 GENEROSE
2053 4853 2363 4896 FERENDIS
2430 4855 2896 4898 IMMINENTIBUS
2937 4854 3138 4908 MINIS,
3195 4855 3325 4899 CUM
3380 4855 3627 4898 HABFAT

453 4945 627 4990 SATIS
670 4945 884 4990 MULTA
925 4946 1224 4990 EXEMPLA
1287 4948 1375 4991 EX
1415 4948 1494 4992 IIS
1537 4949 1682 5002 QUE
1723 4952 2017 4996 EVENERE
2061 4954 2143 4996 ET
2183 4955 2296 4997 JOB
2367 4956 2448 4997 ET
2487 4955 2790 4999 NINIVITIS
2841 4958 2856 4997 ε
2905 4957 3074 5009 QUOD
3117 4958 3229 5000 NOV
3307 4958 3628 5000 ΟΡΟΒΤΕΑὙ

453 5046 695 5091 TIMBBE
736 5044 1026 5102 HORTEM,
1071 5045 1186 5093 εει)
1222 5048 1554 5094 PECCATUM
1600 5052 1616 5092 ζ
1661 5049 1815 5104 QUID
1857 5052 1944 5097 SH

2051 5053 2156 5096 ηε
2197 5054 2357 5098 MOI“
2403 5057 2420 5112 ;
2467 5057 2546 5098 ΕΤ
2597 5057 2680 5098 DE
2733 5057 3129 5101 JURAMENTIS
3173 5059 3331 5103 ΟΜΝῙ
3400 5059 3632 5102 ετυωο

457 5146 795 5193 Ευαιιςκῡιε
827 5147 844 5189 3
875 5146 957 5190 ET
997 5146 1062 5190 IN
1105 5147 1331 5192 TERBB
1374 5149 1624 5193 MOTUM.

1667 5316 2353 5359 -εοοοω-

1023 5455 1240 5496 ΕΟΙΠᾸΑ
1276 5454 1334 5494 ν.

456 5577 507 5631 1.
549 5575 731 5632 Trium
762 5588 1050 5644 puerorum
1088 5580 1142 5627 et
1168 5570 1504 5642 Babylonica:
1547 5571 1774 5629 fornacis
1797 5590 1958 5630 enar-

389 5672 521 5724 ratio
551 5668 902 5738 aliquatenus,
931 5674 988 5722 ut
1007 5665 1233 5730 videtur,
1262 5671 1488 5719 vestram
1510 5661 1956 5723 hcricharitatem

2063 5445 2333 5499 consolata
2357 5443 2473 5510 fuit,
2498 5443 2717 5514 insuper
2730 5451 2903 5498 autem
2921 5453 2974 5500 et
3001 5443 3066 5499 dc
3079 5444 3178 5500 Joh
3198 5447 3500 5516 exemplum
3521 5450 3566 5513 ‘,
3590 5459 3636 5502 et

2065 5537 2221 5592 fimus
2247 5539 2391 5592 omni
2411 5537 2603 5592 throno
2620 5538 2765 5608 regio
2793 5537 3162 5593 venerabilior.
3183 5539 3259 5593 Ex
3285 5538 3459 5594 throni
3492 5556 3630 5594 nant-

2124 5679 2141 5711 ⁸
2175 5677 2367 5738 Quidam
2387 5686 2511 5743 post,
2553 5678 2638 5730 Job
2658 5676 2950 5742 exemplum,
2969 5678 3150 5730 addunt
3174 5693 3187 5729 :
3208 5679 3263 5730 Et
3284 5680 3482 5729 vulnera
3491 5675 3639 5742 justi.
