4072 6384
326 350 396 404 69
1107 350 1164 404 S.
1205 347 1490 405 JOANNIS
1529 346 2024 405 CHRYSOSTOMI
2065 345 2389 402 ARCHIEP.
2429 344 2980 402 CONSTANTINOP.
3697 339 3765 392 70

325 463 553 535 κοπρίαν
603 463 729 516 ίδεῖν
765 463 858 518 τοῦ
909 465 1029 518 Ἰὼϐ
1082 466 1260 519 πᾶσάν
1306 482 1390 527 τις
1444 463 1656 530 δέξεται
1703 463 1992 534 ὠφέλειαν,

324 551 416 604 καὶ
447 551 762 619 φιλοσοφίαν
800 552 1000 622 πολλὴν
1023 592 1037 614 ,
1077 553 1173 604 καὶ
1208 551 1554 623 παράκλησιν
1592 553 1672 614 είς
1715 551 1996 620 ὑπομονῆς

321 637 498 706 λόγον.
532 637 632 691 Διά
679 637 831 692 τοῦτο
863 639 1046 691 ’πολλοὶ⁵
1089 638 1186 693 νῦν
1234 639 1447 710 μακράν
1479 655 1599 692 τινα
1644 639 1738 691 καὶ
1767 637 1987 691 διαπόν-

319 743 434 780 τιον
478 726 783 797 ἀποδημίαν
829 727 1136 780 στέλλονται
1168 727 1276 780 ἀπὸ
1301 726 1410 781 τῶν
1449 725 1703 797 περάτων
1739 725 1839 796 τῆς
1886 724 1992 794 γῆς

319 814 398 876 είς
434 813 533 884 τὴν
573 814 826 886 Ἀραϐίαν
858 814 1174 884 τρέχοντες,
1221 815 1310 867 ’ίνα
1345 815 1444 885 τὴν
1493 815 1726 884 κοπρίαν
1776 811 1992 882 ἐκείνην

321 901 504 965 ίδωσι,
543 903 635 955 καὶ
666 902 992 972 θεασάμενοι
1041 901 1455 972 καταφιλήσωσι
1493 901 1592 972 τὴν
1635 900 1736 970 γῆν
1781 899 1882 968 τὴν
1924 897 1992 950 τά

319 989 616 1060 σκάμματα
667 989 762 1041 τοῦ
810 990 1125 1058 στεφανίτθυ
1175 988 1475 1060 δεξαμένην
1515 987 1757 1050 ἐκείνου,
1797 987 1890 1040 καὶ
1929 985 1992 1038 τὸ

315 1074 538 1144 χρυσίου
570 1075 770 1138 παντὸς
800 1075 1125 1146 τιμιώτερον
1147 1070 1307 1146 αἷμα.
1346 1074 1480 1128 Οὐδέ
1513 1074 1622 1145 γὰρ
1647 1072 1818 1135 οὑτως
1842 1071 1990 1124 ἐστὶν

315 1165 570 1236 ἁλουργὶς
598 1165 825 1236 λαμπρά
844 1205 858 1227 ,
893 1167 970 1229 ὼς
993 1167 1054 1218 τὸ
1076 1165 1235 1236 σῶμα
1264 1167 1443 1218 ἐκεῖνο
1473 1164 1593 1217 τότε
1624 1162 1949 1216 ἀπέστιλϐεν
1970 1202 1986 1227 ,

313 1253 414 1306 οὐκ
442 1252 736 1325 ἀλλοτρίῳ,
789 1253 903 1306 ἀλλ’
953 1252 1140 1323 οἰκείῳ
1182 1250 1575 1322 βαπτιζόμενον
1631 1250 1847 1320 αἵματι.
1881 1251 1990 1303 Καὶ

312 1343 380 1396 τὰ
413 1342 701 1413 τραύματα
747 1343 805 1395 δέ
855 1344 1036 1395 ἐκεῖνα
1072 1341 1325 1395 ἀπάντων
1358 1340 1518 1394 λίθων
1549 1335 1618 1410 ἦν
1665 1337 1984 1410 τιμιώτερα.

310 1429 682 1501 Μαργαριτῶν
729 1430 828 1500 μὲν
857 1430 966 1501 7&9
999 1429 1162 1500 φύσις
1189 1429 1342 1482 οὐδὲν
1371 1427 1462 1481 τὸν
1503 1427 1614 1497 βίον
1659 1425 1861 1495 ώφελεῖ
1895 1425 1988 1479 τὸν

311 1517 581 1590 ἡμέτερον
601 1560 615 1583 ,
654 1517 775 1570 οὐδὲ
805 1518 994 1588 χρείαν
1027 1517 1151 1570 τινὰ
1198 1515 1399 1587 πληροῖ
1435 1517 1548 1578 τοῖς
1573 1514 1787 1584 έχουσιν
1822 1515 1988 1582 ἀναγ·

312 1604 506 1658 καίαψ
543 1604 614 1657 τά
659 1605 716 1658 δέ
771 1604 1061 1676 τραύματα
1111 1606 1294 1658 ἐκεῖνα
1347 1603 1527 1674 πάσης
1581 1601 1819 1673 ἀθυμίας
1873 1602 1987 1655 ἐστὶ

311 1693 677 1764 παράκλησις.
715 1695 824 1748 Καὶ
875 1694 959 1746 ἵνα
1005 1693 1219 1764 μάθῃς,
1257 1693 1339 1746 ὅτι
1376 1690 1533 1746 τοῦτό
1583 1693 1730 1743 ἐστιν
1768 1689 1985 1760 ἀληθὲς,

310 1780 404 1833 ἐὰν
436 1781 682 1852 ἀποϐάλῃ
709 1798 790 1844 τις
820 1781 934 1834 υἱὸν
961 1783 1181 1852 γνήσιον
1213 1781 1308 1834 καὶ
1341 1779 1624 1852 μονογενῆ,
1646 1777 1817 1844 δεῖξον
1839 1776 1988 1849 αὑτῷ

312 1869 540 1940 μυρίους
593 1869 968 1941 μαργαρίτας,
1016 1870 1110 1924 καὶ
1167 1869 1226 1922 οὐ
1265 1867 1638 1940 παραμυθήσῃ
1683 1866 1743 1919 τὸ
1792 1865 1984 1930 πάθος,

307 1957 431 2008 οὐδὲ
466 1955 822 2027 θεραπεύσεις
856 1957 956 2028 τὴν
980 1957 1170 2028 ὀδύνην
1195 1975 1208 1988 ο
1241 1958 1560 2029 ἀναμνήσας
1590 1956 1647 2008 δέ
1686 1955 1846 2009 αὑτὸν
1878 1954 1986 2008 τῶν

306 2044 637 2114 τραυμάτων
663 2045 755 2096 τοῦ
802 2043 921 2099 Ἰὼϐ
942 2084 955 2107 ,
993 2045 1188 2116 ῥαδίως
1219 2043 1424 2116 δυνήσῃ
1464 2042 1818 2113 θεραπεῦσαι,
1843 2040 1986 2094 οὕτω

305 2130 479 2200 λέγων
505 2149 516 2162 ·
553 2133 618 2185 Τί
656 2132 870 2196 πενθεῖς
898 2133 946 2194 ⁸,
984 2131 1277 2204 ἀνθρωπε;
1311 2133 1374 2185 σὺ
1415 2131 1514 2202 μέν
1548 2130 1738 2183 τέκνον
1777 2129 1986 2183 ἀπέϐα-

305 2219 395 2284 λες
423 2221 510 2284 ἓν,
541 2223 568 2274 6
607 2221 662 2274 δέ
695 2223 964 2292 μακάριος
997 2223 1202 2284 ἐκεῖνος
1238 2221 1376 2291 μετά
1406 2221 1467 2273 τὸ
1501 2221 1610 2272 τῶν
1638 2220 1841 2273 παίδων
1868 2220 1987 2272 ὁλό-

305 2308 506 2378 κληρον
544 2309 908 2380 ἀφαιρεθῆναι
937 2309 1028 2368 τὸν
1075 2308 1239 2384 χορὸν
1287 2308 1380 2360 καὶ
1411 2307 1548 2377 αὐτῇ
1583 2310 1648 2378 τῇ
1679 2307 1840 2378 σαρκὶ
1883 2308 1984 2379 τὴν

305 2395 518 2468 πληγὴν
550 2397 794 2461 ἐδέξατο,
827 2399 920 2450 καὶ
948 2398 1156 2468 γυμνὸς
1206 2397 1300 2450 ἐπὶ
1343 2397 1440 2468 τῆς
1490 2396 1724 2466 κοπρίας
1750 2395 1985 2468 ἐκάθητο

308 2483 462 2554 ίχῶρι
488 2483 750 2538 πάντοθεν
775 2484 1216 2555 καταρρεόμενος
1234 2523 1249 2548 ,
1281 2483 1418 2536 κατά
1462 2483 1665 2554 μικρὸν.
1705 2482 1855 2553 αὐτῷ
1884 2487 1982 2555 τῆς

310 2571 514 2640 σαρκὸς
544 2570 942 2640 δαπανωμένης
962 2611 978 2637 ,
1009 2571 1038 2622 6
1069 2570 1276 2633 δίκαιος
1300 2611 1315 2635 ,
1345 2573 1375 2625 6
1415 2571 1667 2639 ἀληθινὸς
1691 2611 1705 2634 ,
1744 2573 1772 2624 6
1802 2570 1984 2624 θεοσε-

304 2658 435 2728 ϐὴς,
471 2658 499 2709 6
539 2656 878 2728 ἀπεχόμενος
923 2655 1032 2710 ἀπὸ
1065 2656 1265 2720 παντὸς
1303 2655 1541 2728 πονηροῦ
1569 2657 1924 2728 πράγματος,
1955 2659 1984 2712 6

303 2746 398 2798 καὶ
440 2745 572 2797 Θεὸν
629 2743 882 2814 μάρτυρα
923 2743 1024 2813 τῆς
1074 2743 1274 2814 ἀρετῆς
1322 2743 1481 2814 ἔχων.
1520 2745 1617 2796 Ἂν
1654 2743 1762 2814 7&9
1809 2743 1982 2798 ταῦτα

302 2831 464 2900 είπῃς
493 2829 562 2882 τά
595 2830 814 2900 ῥήματα
839 2867 854 2891 ,
900 2830 1080 2882 πᾶσαν
1127 2829 1356 2893 ἔσϐεσας
1399 2829 1493 2881 τοῦ
1531 2829 1851 2892 πενθοῦντος
1883 2830 1982 2900 τὴν

301 2916 579 2986 ἀθυμίαν,
620 2917 714 2968 καὶ
765 2918 942 2969 πᾶσαν
994 2915 1200 2981 ἀνεῖλες
1243 2919 1342 2990 τὴν
1369 2916 1562 2987 ὀδύνην
1587 2959 1600 2972 .
1649 2917 1980 2986 καὶγίνεται

301 3002 444 3057 οὕτω
472 3003 864 3074 χρησιμώτερα
916 3003 1270 3075 μαργαριτῶν
1313 3004 1382 3056 τά
1433 3004 1722 3075 τραύματα
1756 3006 1850 3060 τοῦ
1898 3005 1980 3059 δι-

303 3090 482 3144 καίου.
542 3091 922 3162 Ὑπογράψατε
978 3091 1155 3144 τοίνυν
1211 3092 1426 3154 ἑαυτοῖς
1477 3091 1565 3144 τὸν
1617 3091 1855 3163 ἀθλητήν
1889 3093 1982 3146 καὶ

303 3176 492 3246 ὑμεῖς,
532 3177 626 3230 καὶ
658 3175 909 3248 νομίζετε
959 3176 1176 3247 βλέπειν
1225 3177 1323 3248 τὴν
1351 3178 1585 3248 κοπρίαν
1611 3177 1843 3249 ἐκείνην,
1887 3179 1981 3232 καὶ

301 3263 462 3316 αὐτὸν
488 3265 544 3316 ἐν
578 3264 726 3336 μέσῳ
752 3265 1059 3335 καθήμενον
1085 3264 1111 3304 h
1154 3264 1250 3334 τῆς
1278 3265 1510 3335 κοπρίας
1531 3305 1546 3328 ,
1579 3263 1670 3317 τὸν
1692 3265 1980 3336 ἀνδριάντα

301 3349 392 3402 τὸν
421 3351 678 3422 χρυσοῦν,
709 3351 802 3404 τὸν
826 3350 1064 3404 διάλιθον
1085 3391 1098 3413 ,
1125 3351 1214 3403 τὸν
1244 3351 1361 3414 πῶς
1390 3351 1530 3404 εἴπω
1552 3353 1650 3406 οὑκ
1684 3347 1800 3405 οἶδα
1820 3370 1833 3384 ο
1861 3353 1981 3406 οὐδὲ

301 3438 408 3508 γὰρ
453 3439 562 3509 ἔχω
603 3440 790 3510 τιμίαν
839 3439 1011 3500 οὕτως
1054 3439 1187 3510 ὓλην
1215 3439 1430 3510 εὑρεῖν,
1477 3439 1552 3502 ὡς
1589 3439 1883 3511 δυνηθῆναι
1919 3445 1981 3496 τὸ

300 3526 618 3596 ᾑμαγμένον
665 3528 840 3579 ἐκεῖνο
887 3524 1044 3595 σῶμα
1088 3525 1420 3596 παραϐαλεῖν
1451 3542 1463 3556 ’
1498 3525 1639 3579 οὓτω
1671 3528 1763 3580 καὶ
1802 3531 1980 3598 πάσης

302 3611 416 3683 [60]
451 3611 581 3680 ὑλης
607 3611 1053 3682 τιμαλφεστάτης
1091 3613 1156 3664 ἐκ
1189 3611 1385 3665 πολλοῦ
1423 3611 1518 3664 τοῦ
1560 3613 1844 3682 περιόντος
1881 3615 1981 3684 τῆς

303 3699 503 3769 σαρκὸς
555 3699 770 3769 ἐκείνης
813 3701 847 3768 ή
890 3698 1050 3766 φύσις
1093 3693 1162 3768 ῆν
1201 3698 1532 3769 τιμιωτέρα,
1568 3699 1662 3751 καὶ
1704 3699 1774 3752 τά
1810 3701 1978 3772 τραύ-

304 3804 448 3856 ματα
480 3785 588 3838 τῶν
617 3785 859 3854 ἡλιακῶν
888 3784 1121 3838 ἀκτίνων
1155 3785 1513 3857 φαιδρότεραο
1546 3783 1705 3840 αὗται
1742 3789 1840 3858 μὲν
1873 3789 1981 3861 γὰρ

300 3874 398 3938 τὰς
449 3871 542 3925 τοῦ
605 3871 855 3942 σώματος
888 3870 1327 3940 καταυγάζουσιν
1359 3873 1528 3942 ὄψεις,
1572 3875 1754 3926 ἐκεῖνα
1798 3874 1854 3928 δὲ
1884 3876 1981 3946 τῆς

299 3961 539 4023 διανοίας
579 3960 735 4030 ήμῶν
773 3958 997 4028 φωτίζει
1027 3960 1094 4013 τά
1119 3959 1364 4030 ὄμματα,
1399 3961 1581 4015 ἐκεῖνα
1613 3961 1867 4028 καθάπαξ
1889 3963 1981 4015 τὸν

299 4050 544 4104 διάϐολον
573 4048 951 4116 ἀπετύφλωσε.
988 4047 1088 4100 Διά
1109 4047 1238 4116 γοῦν
1264 4047 1442 4110 τοῦτο,
1474 4049 1614 4119 μετά
1637 4050 1735 4120 τὴν
1765 4049 1980 4121 πληγὴν

301 4138 517 4207 ἐκείνην
545 4136 866 4207 ἀπεπήδησε
895 4175 908 4198 ,
963 4137 1057 4188 καὶ
1087 4136 1186 4188 οὐκ
1219 4135 1389 4206 ἐφάνη
1434 4136 1638 4189 λοιπόν.
1685 4138 1758 4189 Σὺ
1801 4137 1860 4190 δέ
1893 4154 1980 4206 μοι

303 4223 628 4285 κάντεῦθεν,
658 4221 946 4292 ἀγαπητέκ
987 4220 1223 4290 μάνθανε
1274 4221 1333 4273 τὸ
1379 4221 1479 4290 τῆς
1531 4221 1760 4290 θλίψεως
1793 4221 1981 4292 κέρδος

302 4310 468 4364 πόσον
512 4310 679 4364 ἐστίν.
741 4309 933 4362 Ἦνίκα
993 4308 1091 4377 μέν
1126 4309 1234 4378 7&9
1291 4308 1539 4361 ἐπλούτει
1601 4309 1695 4362 καὶ
1743 4311 1980 4376 ἀνέσεως

300 4399 580 4471 ἀπήλαυεν
631 4399 659 4450 6
693 4397 934 4461 δίκαιος,
971 4397 1276 4450 διαϐάλλειν
1335 4397 1488 4466 ἔσχεν
1536 4397 1698 4451 αὐτὸν
1723 4439 1737 4460 ,
1771 4398 1980 4468 ψευδῶς

303 4487 422 4556 μὲν,
457 4487 582 4556 ἔσχε
623 4485 667 4538 δ’
702 4481 794 4539 οὖν
828 4485 976 4555 ὅμως
1011 4486 1184 4538 εἰπεῖν
1211 4502 1223 4515 ·
1258 4482 1353 4549 Μὴ
1390 4483 1616 4554 δωρεὰν
1643 4486 1883 4540 σέϐεταί
1907 4504 1982 4542 σε

301 4575 334 4627 ό
380 4572 539 4636 ’1ὡϐ;
577 4571 794 4642 Ἐπειδὴ
836 4573 892 4624 δὲ
927 4572 1086 4625 αὑτὸν
1121 4571 1404 4642 ἐγύμνωσε
1436 4573 1530 4625 καὶ
1560 4572 1780 4643 ἐποίησε
1813 4574 1981 4646 πένη-

299 4677 369 4715 τα
394 4703 407 4725 ,
443 4659 564 4712 οὐδέ
615 4659 812 4730 γρῦξαι
843 4658 1027 4711 λοιπὸν
1053 4659 1318 4729 ἐτόλμησε
1338 4675 1350 4689 ·
1376 4659 1467 4712 καὶ
1488 4660 1574 4712 ὅτε
1607 4660 1704 4728 μὲν
1730 4660 1980 4726 πλούσιος

297 4743 366 4821 ἦν
392 4789 406 4812 ,
437 4749 746 4818 ὑπισχνεῖτο
780 4746 1031 4800 παλαίειν
1065 4747 1214 4818 αὐτῷ
1240 4789 1252 4812 ,
1289 4747 1384 4800 καὶ
1414 4747 1790 4813 ὑποσκελίζειν
1821 4751 1980 4818 ἠπεί-

298 4835 411 4892 λει·
448 4836 636 4906 ἐπειδὴ
675 4836 732 4889 δὲ
761 4836 968 4906 πένητα
1001 4837 1327 4907 εἰργάσατο,
1369 4838 1462 4890 καὶ
1495 4838 1712 4891 πάντων
1746 4839 1978 4894 ἀπεστέο

301 4939 469 4996 ρησε,
528 4924 624 4976 καὶ
672 4924 751 4986 εἰς
790 4921 1024 4992 ἐσχάτην
1077 4923 1268 4994 ὀδύνην
1325 4923 1541 4976 ἐνέϐαλε
1569 4964 1582 4986 ,
1631 4925 1752 4978 τότε
1791 4938 1812 4964 ε
1867 4927 1977 4980 ἀπ-

297 5010 538 5080 επήδησε
563 5026 578 5040 ·
631 5009 728 5062 καὶ
772 5009 858 5061 ὅτε
912 5009 1009 5079 μὲν
1039 5009 1190 5077 ὑγιὲς
1246 5010 1412 5064 αὐτοῦ
1450 5011 1509 5062 τὸ
1550 5011 1706 5081 σῶμα
1743 5007 1840 5082 ἦν,
1880 5015 1977 5076 τάς

297 5099 484 5166 χεῖρας
522 5097 772 5168 ἀντῆρεν,
801 5096 890 5149 ὅτε
915 5096 970 5149 δὲ
993 5097 1158 5151 αὐτοῦ
1195 5097 1464 5166 κατέκοψε
1496 5097 1592 5168 τὴν
1629 5099 1828 5171 σάρκα,
1855 5101 1974 5154 τότε

297 5183 498 5252 ἔφυγεν
527 5184 804 5254 ἡττηθείς.
1759 5235 1770 5242 .

371 5268 523 5335 Εἶδες
549 5272 713 5325 πόσον
751 5273 911 5325 πενία
944 5271 1172 5324 πλούτου
1195 5313 1207 5335 ,
1241 5273 1333 5325 καὶ
1361 5272 1644 5344 ἀρρωστία
1691 5275 1784 5326 καὶ
1819 5275 1974 5338 νόσος

294 5359 485 5427 ὑγείας
508 5399 523 5426 ,
559 5360 652 5413 καὶ
688 5361 992 5431 πειρασμὸς
1032 5361 1269 5423 ἀνέσεως
1321 5360 1527 5430 βέλτιον
1565 5364 1676 5426 τοῖς
1716 5364 1973 5432 νήφουσίν

294 5448 411 5501 ἐστι
437 5449 530 5501 καὶ
553 5447 1098 5519 χρησιμώτερον,καὶ
1123 5448 1536 5519 λαμπροτέρους
1564 5450 1656 5501 καὶ
1684 5450 1974 5504 εὐτονωτέ-

299 5551 425 5607 ρους
470 5537 595 5598 τοὺς
625 5535 923 5599 ἀθλοῦντας
955 5538 1126 5599 ποιεῖ;
1164 5535 1260 5598 Τίς
1294 5531 1397 5588 εἶδε
1425 5577 1439 5595 ,
1470 5537 1553 5600 τίς
1583 5538 1813 5606 ήκουσεν
1832 5539 1974 5593 οὕτω

295 5622 580 5692 θαυμαστὰ
612 5623 1000 5694 παλαίσματα;
1032 5624 1094 5677 Οἱ
1122 5622 1231 5676 τῶν
1256 5621 1455 5689 ἔξωθεν
1481 5624 1706 5691 ἀγώνων
1747 5626 1970 5694 πύκται,

358 5778 385 5807 ⁸
416 5774 511 5825 Alii
533 5775 578 5822 τί
603 5777 796 5825 θρηνεῖς.

358 5791 385 5807 -
416 5791 511 5825 Αιιι
533 5791 578 5822 τι
603 5791 625 5824 ο
689 5793 754 5824 νει
785 5812 796 5823 .

355 5838 384 5906 if
408 5837 615 5906 Quidam
631 5791 973 5906 p.rﬂnfl[inscripti
1000 5840 1046 5906 ἐν
1071 5839 1198 5906 μέσῃ,
1229 5845 1286 5904 tr]
1315 5840 1488 5906 κοπρία
1527 5841 1802 5903 καθήμενον.
1842 5840 1970 5892 Infra

295 5901 379 5954 alii
402 5901 669 5960 ᾑμαγμένον
695 5899 843 5946 έκεῖνο
863 5902 941 5946 καὶ
965 5899 1118 5959 τίμιον
1139 5899 1297 5961 σῶμα.

355 5963 380 5995 ⁸
409 5963 610 6018 Qunam
635 5973 746 6009 mss.
780 5961 946 6015 ὀδύνην
971 5963 1160 6022 ἤγαγεν,
1189 5979 1311 6012 τοτε.

2101 461 2323 515 ἐπειδάν
2362 462 2711 527 κατακόψωσι
2746 462 2844 525 τάς
2872 460 3112 530 κεφαλὰς
3136 459 3244 513 τῶν
3274 457 3578 513 ἀντιπάλων
3599 495 3613 520 ,
3645 454 3767 510 τότε

2100 549 2294 604 νικῶσι
2345 549 2440 602 καὶ
2479 549 2862 618 στεφανοῦνται
2887 568 2899 579 ·
2935 541 3090 613 οὗτος
3139 547 3230 614 δὲ,
3266 547 3353 600 ὅτε
3391 541 3661 612 κατέκοψε
3705 541 3770 595 τδ

2101 635 2262 704 σῶμα
2290 635 2382 689 τοῦ
2412 635 2643 700 δικαίου,
2674 635 3033 697 παντοδαποῖς
3061 635 3272 688 ἕλκεσιν
3303 632 3432 686 αὐτὸ
3451 630 3767 700 διατρήσας,

2099 723 2195 774 καὶ
2249 723 2639 794 ἀσθενέστερον
2691 721 2952 792 ἐποίησε,
3001 723 3121 776 τότε
3155 720 3382 791 ἐνικήθη
3419 721 3515 774 καὶ
3566 715 3768 787 ἀνεχώ-

2103 825 2266 880 ρησε·
2299 811 2394 862 καὶ
2434 808 2622 879 ἐπειδὴ
2665 808 2925 880 διώρυξεν
2968 809 3133 862 αὐτοῦ
3173 807 3436 863 πάντοθεν
3465 807 3563 870 τάς
3607 807 3771 860 πλευ-

2100 896 2226 968 ράς,
2274 895 2422 966 αὐτῷ
2471 895 2570 966 μὲν
2603 895 2761 948 πλέον
2786 896 2936 949 οὐδὲν
2965 895 3208 966 ἐγένετο.
3233 895 3325 949 τὸν
3347 895 3454 965 γάρ
3489 893 3771 947 ἐναποκεί-

2099 999 2262 1052 μενον
2304 981 2577 1052 θησαυρὸν
2610 982 2708 1035 οὐκ
2737 982 3100 1052 ἀπεσύλησεν,
3130 985 3263 1054 ήμῖν
3297 982 3354 1036 δέ
3397 979 3770 1053 φανερώτερον

2096 1068 2259 1121 αὐτὸν
2288 1068 2510 1140 ἐποίησε
2539 1108 2554 1133 ,
2585 1068 2678 1122 καὶ
2730 1068 2819 1120 διά
2860 1072 2959 1140 τῆς
3008 1069 3279 1140 διωρυγῆς
3312 1067 3525 1138 ἐκείνης
3569 1066 3770 1120 έδωκεν

2097 1152 2298 1208 ἅπασιν
2325 1157 2406 1218 είς
2435 1155 2496 1208 τὸ
2527 1154 2674 1208 ἔνδον
2705 1154 2921 1224 βλέπειν
2945 1197 2960 1220 ,
3002 1156 3097 1210 καὶ
3126 1154 3563 1226 καταμανθάνειν
3601 1152 3768 1206 αὐτοῦ

2095 1241 2186 1294 τὸν
2236 1241 2464 1296 πλοῦτον
2519 1242 2734 1297 ἅπαντα
2776 1257 2790 1270 ⁸
2839 1243 2932 1298 καὶ
2975 1244 3063 1296 ὅτε
3110 1246 3331 1316 κρατεῖν
3378 1242 3769 1314 προσεδόκησε,

2095 1329 2216 1382 τότε
2261 1331 2379 1399 μετ’
2413 1329 2674 1400 αἰσχύνης
2723 1329 2925 1401 πολλῆς
2965 1330 3317 1402 ἀνεχώρησε,
3370 1331 3465 1385 καὶ
3514 1329 3771 1401 οὐδεμίαν

2095 1417 2278 1471 οὐκέτι
2321 1418 2505 1488 φωνὴν
2558 1417 2758 1488 ἀφῆκε.
2803 1418 2868 1470 Τί
2920 1419 3183 1486 γέγονεν,
3226 1415 3270 1472 ὦ
3322 1417 3580 1482 διάϐολε;
3625 1418 3771 1483 τίνος

2095 1503 2280 1558 ἕνεκεν
2318 1505 2656 1574 ἀναχωρεῖς;
2689 1505 2790 1558 οὐκ
2841 1505 3056 1573 ἐγένετο
3088 1504 3266 1558 πάντα
3305 1506 3405 1560 ὃσα
3457 1505 3768 1575 ὴθέλησας;

2096 1591 2194 1644 οὐκ
2225 1591 2434 1654 ἀνεῖλες
2466 1589 2632 1643 αὑτοῦ
2669 1591 2737 1645 τά
2765 1592 3012 1663 ποίμνια,
3041 1592 3108 1645 τὰ
3139 1592 3411 1662 βουκόλια,
3441 1594 3537 1657 τάς
3571 1592 3771 1661 ἀγέλας

2094 1677 2202 1731 τῶν
2229 1679 2410 1731 ἵππων
2434 1716 2449 1742 ,
2475 1677 2584 1730 τῶν
2620 1678 2893 1748 ήμιόνωνς
2919 1679 3042 1749 οὐχὶ
3075 1680 3170 1732 καὶ
3204 1679 3294 1734 τὸν
3328 1680 3486 1752 χορὸν
3511 1681 3620 1734 τῶν
3650 1683 3773 1734 παί-

2092 1764 2196 1818 δων
2221 1764 2528 1828 ἀπώλεσας,
2555 1766 2647 1818 καὶ
2674 1765 2772 1836 τήν
2797 1766 2972 1836 σάρκα
3008 1766 3312 1836 κατέκοψας
3337 1768 3550 1820 ἃπασαν
3574 1783 3590 1831 ς
3626 1767 3772 1830 τίνος

2092 1853 2279 1908 ’ένεκεν
2316 1853 2707 1924 ἀνεχώρησας;
2744 1854 2865 1907 Ὅτι
2892 1854 3109 1922 ἐγένετο
3159 1855 3258 1925 μὲν
3289 1855 3489 1920 πάντα,
3519 1856 3621 1910 ὅσα
3643 1855 3770 1924 ήθέ-

2092 1941 2255 2010 λησα,
2291 1940 2454 2012 φησίν
2474 1955 2487 1968 ·
2520 1940 2548 1992 δ
2585 1939 2642 1992 δὲ
2681 1939 2935 2008 γενέσθαι
2967 1941 3202 2010 μάλιστα
3232 1943 3550 2012 ἐϐουλόμην,
3581 1943 3674 1994 καὶ
3701 1941 3770 1996 δι’

2091 2026 2120 2080 ὃ
2155 2027 2332 2080 πάντα
2387 2029 2568 2081 ἐκεῖνα
2599 2027 2830 2098 ἐποίησα
2855 2068 2869 2092 ,
2906 2027 3060 2081 τοῦτο
3099 2030 3199 2082 οὐκ
3248 2028 3483 2097 ἐγένετο·
3508 2030 3627 2084 οὐδέ
3662 2032 3772 2102 γάρ

2092 2115 2482 2185 ἐϐλασφήμησε
2509 2130 2523 2144 ⁶
2553 2113 2640 2167 διὰ
2678 2115 2787 2184 7&9
2820 2115 2978 2168 τοῦτο
3016 2117 3194 2170 πάντα
3219 2115 3244 2156 ἀ
3298 2117 3481 2169 ἐκεῖνα
3520 2117 3766 2181 ἐποίουν,

2093 2202 2257 2272 φησὶν
2278 2241 2291 2263 ,
2318 2202 2404 2254 ἵνα
2427 2200 2586 2255 τοῦτο
2611 2201 2821 2275 ἐξέλθῃ.
2851 2201 3052 2256 Τούτου
3078 2202 3135 2256 δὲ
3171 2202 3245 2274 μή
3275 2203 3590 2273 γενομένου,
3618 2203 3769 2257 οὐδέν

2094 2305 2185 2357 μοι
2230 2288 2394 2341 πλέον
2422 2288 2531 2341 ἀπὺ
2571 2288 2672 2358 τῆς
2709 2287 2910 2359 ζημίας
2931 2289 3040 2342 τῶν
3070 2291 3368 2361 χρημάτων
3396 2291 3614 2358 ἐγένετο
3632 2331 3646 2352 ,
3675 2292 3770 2344 καὶ

2089 2375 2189 2444 τῆς
2239 2374 2346 2428 τῶν
2397 2374 2602 2428 παίδων
2641 2375 2936 2439 ἀπωλείας,
2971 2377 3193 2447 καὶτῆς
3226 2377 3317 2431 τοῦ
3350 2376 3600 2447 σώματος
3633 2377 3769 2449 πλη-

2089 2461 2222 2532 γῆς,
2252 2461 2387 2515 ἀλλά
2437 2462 2746 2516 τούναντίον
2781 2464 2924 2534 ήπερ
2971 2463 3272 2535 ἐϐουλόμην
3308 2463 3495 2536 ἐξέϐη,
3523 2465 3769 2536 λαμπρό-

2087 2565 2247 2620 τερον
2273 2548 2510 2619 ἐποίησα
2541 2549 2631 2602 τὸν
2663 2550 2874 2619 ἐχθρὸν,
2907 2550 3000 2603 καὶ
3023 2550 3372 2622 φαιδρότερον
3401 2552 3764 2623 εἰργασάμην.

2093 2636 2304 2704 Ἐγνως
2337 2637 2460 2690 ὅσον
2499 2639 2598 2706 τῆς
2641 2636 2871 2706 θλίψεως
2903 2637 2963 2690 τὸ
3005 2637 3226 2709 κέρδος,
3259 2639 3545 2710 ἀγαπητέ;
3587 2639 3767 2692 Καλὸν

2093 2723 2189 2792 μὲν
2220 2723 2328 2794 7&9
2357 2723 2417 2776 τὸ
2456 2723 2613 2793 σῶμα
2685 2724 2779 2776 καὶ
2813 2724 3051 2792 ὑγιαῖνον
3082 2719 3185 2795 ῆν,
3241 2724 3420 2796 πολλῷ
3466 2725 3523 2778 δὲ
3568 2725 3764 2796 σεμνό-

2089 2829 2245 2884 τερον
2273 2812 2463 2880 γέγονε
2513 2812 2860 2883 κατατμηθέν
2888 2813 2991 2866 ὑπὸ
3018 2813 3125 2867 τῶν
3149 2815 3481 2885 τραυμάτων
3509 2815 3760 2868 ἐκείνων·

2089 2899 2212 2952 ἐπεὶ
2233 2902 2325 2954 καὶ
2353 2900 2474 2971 ἔρια
2514 2901 2656 2954 καλά
2689 2901 2785 2970 μὲν
2816 2901 2907 2954 καὶ
2934 2901 3038 2971 πρὸ
3070 2902 3170 2972 τῆς
3217 2903 3424 2972 βαφῆς,
3463 2903 3679 2956 ἐπειδάν
3707 2903 3764 2957 δὲ

2089 2988 2328 3059 ἁλουργὰ
2361 2999 2384 3026 θ
2411 2987 2655 3058 γένηται,
2687 2987 2890 3056 ἄφατον
2915 2989 3321 3058 προσλαμϐάνει
3344 2989 3402 3041 τὸ
3430 2989 3643 3052 κάλλος,
3671 2995 3768 3044 καὶ

2089 3076 2288 3148 πολλὴν
2318 3075 2416 3146 τήν
2446 3076 2796 3147 εὐπρέπειαν.
2836 3075 2897 3128 Εἰ
2925 3077 2981 3130 δέ
3027 3077 3101 3147 μὴ
3135 3077 3403 3130 ἀπέδυσεν
3448 3078 3632 3138 αὑτὸν,
3667 3078 3770 3130 οὐκ

2089 3163 2155 3216 ἂν
2193 3161 2434 3234 ἔγνωμεν
2457 3161 2550 3215 τοῦ
2587 3162 2905 3232 στεφανίτου
2937 3162 3035 3234 τὴν
3073 3164 3287 3229 εὐεξίαν
3311 3181 3324 3195 ·
3362 3165 3410 3218 εἰ
3447 3165 3521 3236 μὴ
3559 3165 3771 3236 διέτρη-

2090 3267 2180 3304 σεν
2228 3251 2392 3304 αὑτοῦ
2437 3250 2497 3303 τὸ
2547 3250 2659 3323 [61]
2692 3251 2850 3321 σῶμα
2901 3255 3024 3315 ταῖς
3065 3252 3342 3315 ὠτειλαῖς,
3398 3253 3499 3305 οὐκ
3538 3253 3604 3306 ἂν
3636 3255 3765 3306 ἀντ-

2088 3339 2338 3409 έλαμψαν
2363 3338 2575 3392 ἔνδοθεν
2606 3341 2660 3392 αἱ
2691 3340 2939 3402 ἀκτῖνες·
2975 3341 3022 3392 εί
3056 3339 3130 3410 μὴ
3175 3339 3426 3394 ἐκάθισεν
3467 3341 3628 3396 αὐτὸν
3675 3341 3770 3394 ἐπὶ

2086 3432 2185 3501 τῆς
2238 3429 2472 3500 κοπρίας
2509 3471 2524 3495 ,
2581 3429 2683 3481 οὐκ
2745 3429 2810 3483 ἂν
2870 3429 3115 3500 ἔγνωμεν
3155 3431 3319 3484 αὐτοῦ
3375 3431 3465 3484 τὸν
3517 3431 3764 3486 πλοῦτον.

2088 3517 2220 3570 Οὐδέ
2269 3517 2378 3587 γάρ
2426 3515 2568 3569 οὕτω
2613 3515 2862 3589 λαμπρὸς
2890 3519 2983 3570 ἐπὶ
3023 3518 3212 3588 θρόνου
3257 3519 3563 3589 καθήμενος
3615 3520 3770 3590 βασι-

2087 3604 2251 3669 λεὺς,
2308 3605 2384 3666 ὼς
2436 3604 2642 3666 ἐκεῖνος
2692 3604 2785 3656 ἐπὶ
2834 3605 2932 3675 τῆς
2989 3607 3223 3678 κοπρίας
3288 3607 3407 3660 τότε
3460 3608 3768 3678 καθήμενος

2089 3691 2357 3762 ἐπίσημος
2404 3686 2472 3761 ἦν
2509 3691 2599 3743 καὶ
2640 3693 2978 3762 περιφανής·
3024 3693 3163 3762 μετά
3206 3694 3302 3763 μὲν
3334 3695 3443 3764 γάρ
3476 3697 3565 3747 τὸν
3613 3696 3766 3765 βασι-

2087 3779 2236 3832 λικὸν
2297 3777 2487 3849 θρόνον
2537 3777 2804 3842 θάνατος,
2847 3779 2985 3850 μετά
3027 3779 3085 3833 δὲ
3130 3781 3228 3851 τὴν
3275 3783 3507 3852 κοπρίαν
3550 3783 3765 3854 ἐκείνην

2086 3865 2331 3936 οὐρανῶν
2361 3863 2626 3935 βασιλεία.

2161 3952 2227 4022 β’.
2251 3953 2435 4006 Ταῦτα
2456 3949 2548 4006 οὖν
2571 3952 2786 4007 ἅπαντα
2812 3954 3252 4026 ἀναλογιζόμενοι
3277 3957 3660 4029 ἀνενέγκωμεν
3697 3963 3764 4014 ἐκ

2086 4039 2187 4109 τῆς
2237 4041 2574 4111 κατεχούσης
2611 4041 2852 4113 ἀθυμίας
2895 4045 3063 4114 ἡμᾶς.
3114 4044 3225 4097 Καὶ
3269 4044 3378 4115 7&9
3407 4045 3609 4110 ταύτας
3639 4049 3769 4118 ὑμῖν

2089 4129 2431 4200 παρατίθημι
2478 4131 2580 4192 τάς
2631 4133 2868 4204 ἱστορίας
2892 4173 2907 4197 ,
2947 4134 3044 4204 οὐχ
3074 4135 3162 4187 ἵνα
3217 4135 3478 4205 ἐπαινῆτε
3511 4138 3580 4190 τά
3613 4137 3769 4206 λεγό-

2092 4235 2257 4288 μενα,
2293 4219 2407 4270 ἀλλ’
2450 4219 2536 4272 ἵνα
2587 4221 2900 4292 μιμήσησθε
2942 4221 3040 4291 τὴν
3079 4223 3279 4294 ἀρετὴν
3314 4226 3406 4278 καὶ
3435 4225 3532 4295 τήν
3565 4227 3769 4296 ὑπομο-

2089 4303 2183 4374 νὴν
2227 4303 2334 4357 τῶν
2361 4307 2622 4372 γενναίων
2669 4307 2891 4359 ἐκείνων
2921 4308 3131 4380 ἀνδρῶν
3150 4349 3164 4372 ,
3202 4310 3286 4362 ἶνα
3315 4309 3402 4364 διὰ
3433 4311 3543 4366 τῶν
3589 4313 3768 4384 ἔργων

2089 4390 2268 4444 αὐτῶν
2325 4391 2530 4462 μάθητε
2557 4432 2571 4455 ,
2622 4393 2703 4446 ὅτι
2754 4393 2905 4446 οὐδὲν
2941 4395 3111 4448 δεινὸν
3140 4398 3248 4449 τῶν
3281 4397 3634 4468 ἀνθρωπίνων
3661 4400 3768 4454 δει-

2089 4479 2225 4542 νῶν,
2277 4479 2391 4533 ἀλλ’
2427 4480 2460 4550 ἢ
2504 4481 2748 4555 ἁμαρτία
2785 4483 2978 4552 μόνονν
3015 4485 3075 4536 οὺ
3111 4485 3306 4547 πενίαν
3347 4487 3408 4540 οὐ
3449 4488 3639 4551 Vm"
3669 4488 3766 4559 οὐκ

2089 4567 2246 4638 ὕϐρις
2271 4605 2286 4631 ,
2331 4568 2432 4622 οὑκ
2465 4571 2699 4640 ἐπήρεια
2721 4609 2735 4633 ,
2770 4572 2870 4623 οὑκ
2900 4572 3117 4642 ἀτιμία,
3146 4573 3207 4625 οὐ
3237 4573 3299 4626 τὸ
3334 4573 3551 4628 πάντων
3575 4575 3764 4629 δοκοῦν

2087 4655 2315 4725 ἔσχατον
2365 4653 2505 4710 εἶναι
2543 4657 2650 4711 τῶν
2715 4657 2900 4712 κακῶν
2956 4661 2984 4711 ὁ
3035 4659 3283 4725 θάνατος.
3336 4661 3606 4731 Ὀνόματα
3655 4663 3763 4734 γάρ

2084 4743 2259 4798 ταῦτά
2307 4745 2423 4796 ἐστι
2475 4745 2636 4814 μόνον
2683 4749 2795 4808 τοῖς
2829 4745 3199 4814 φιλοσοφοῦσι,
3233 4749 3526 4820 συμφορῶν
3565 4750 3764 4820 ὀνόμα-

2084 4847 2192 4892 τα,
2257 4833 2596 4902 πραγμάτων
2661 4832 2844 4904 ἔρημα
2879 4851 2890 4863 ·
2947 4835 2979 4903 ή
3029 4833 3074 4885 δ’
3126 4834 3334 4906 ἀληθής
3387 4837 3642 4908 συμφορά
3705 4836 3767 4890 τὸ

2086 4919 2461 4988 προσκροῦσαι
2501 4919 2650 4990 Θεῷ,
2701 4921 2794 4973 καὶ
2831 4921 3055 4990 ποιῆσαί
3103 4939 3156 4974 τι
3199 4922 3307 4974 τῶν
3357 4923 3431 4993 μὴ
3466 4924 3763 4976 δοκούντων

2082 5005 2251 5074 αὐτῷ.
2292 5005 2356 5057 Τί
2404 5005 2510 5078 γάρ
2544 5007 2654 5076 ἔχει
2693 5007 2863 5060 δεινὸν
2905 5009 2932 5060 6
2963 5007 3228 5072 θάνατος,
3269 5009 3387 5061 εἰπέ
3425 5027 3546 5080 μοις
3582 5011 3656 5064 ὅτι
3703 5029 3761 5064 σε

2081 5091 2378 5164 ταχύτερον
2442 5094 2535 5146 ἐπὶ
2587 5095 2677 5148 τὸν
2731 5094 2902 5148 εὖδιον
2981 5096 3176 5166 λιμένα
3238 5100 3598 5168 παραπέμπει
3667 5101 3762 5153 καὶ

2082 5179 2179 5250 τὴν
2223 5181 2496 5252 ἀτάραχον
2549 5181 2766 5253 ἐκείνην
2816 5183 2996 5254 ζωήν;
3047 5183 3150 5238 κᾶν
3193 5185 3302 5256 7&9
3346 5185 3632 5256 ἄνθρωπος
3686 5189 3759 5257 μὴ

2083 5271 2412 5343 ἀποκτείνῃ,
2465 5273 2626 5334 αὐτὸς
2664 5273 2761 5342 τῆς
2812 5273 3026 5341 φύσεως
3067 5275 3095 5326 6
3149 5274 3314 5344 νόμος
3373 5275 3655 5336 ἐπελθὼν,
3699 5277 3760 5328 οὐ

2079 5357 2321 5412 διαλύσει
2343 5360 2404 5411 τὸ
2432 5359 2591 5429 σῶμα
2623 5361 2730 5412 ἀπὸ
2752 5361 2852 5429 τῆς
2871 5360 3066 5431 ψυχῆς;
3098 5360 3200 5414 κάν
3233 5361 3343 5432 γὰρ
3371 5363 3444 5433 μὴ
3475 5363 3569 5415 νῦν
3602 5363 3761 5433 γένη-

2080 5464 2168 5498 ται
2217 5446 2408 5511 τοῦτο,
2463 5446 2617 5501 ἔσται
2675 5449 2872 5519 μικρὸν
2908 5447 3172 5520 ὓστερον,
3211 5449 3240 5502 ὃ
3285 5449 3379 5502 νῦν
3423 5450 3754 5519 δεδοίκαμεν,

2079 5535 2188 5586 Καὶ
2220 5534 2395 5589 ταῦτα
2426 5534 2569 5602 λέγω
2606 5536 2666 5588 οὐ
2695 5537 3009 5607 προσδοκῶν
3037 5554 3090 5589 τι
3110 5537 3304 5601 δεινὸν,
3339 5538 3460 5590 οὐδέ
3487 5538 3757 5608 λυπηρόν·

2081 5622 2156 5692 μὴ
2211 5622 2455 5688 γένοιτο·
2492 5623 2626 5676 ἀλλά
2681 5624 2821 5694 ὑπὲρ
2878 5623 2986 5677 τῶν
3045 5623 3360 5676 δεδοικότων
3397 5625 3488 5677 τὸν
3531 5625 3760 5678 θάνατον

2078 5711 2482 5781 αἰσχυνόμενος.
2515 5711 2762 5765 Τοσαῦτα
2797 5712 3132 5784 προσδοκῶν,
3164 5712 3285 5765 είπέ
3319 5729 3429 5783 μοι,
3462 5712 3675 5781 ἀγαθά,
3721 5713 3760 5767 ἃ

2080 5800 2214 5869 μήτε
2238 5799 2512 5869 ὀφθαλμὸς
2537 5794 2693 5864 εἶδεν,
2723 5801 2857 5872 μήτε
2880 5795 2971 5863 οῦς
2996 5800 3216 5870 ἢκουσε,
3243 5800 3380 5872 μήτε
3409 5800 3500 5853 ἐπὶ
3522 5798 3753 5872 καρδίαν

2140 5903 2166 5944 d
2195 5905 2477 5954 Adzlidimus
2501 5907 2649 5953 πάντα
2674 5919 2700 5953 c
2730 5908 2928 5956 Savilio.
2957 5906 3093 5956 Enn.

2149 5968 2160 5985 '
2191 5967 2355 6016 (Iudex
2380 5982 2505 6017 unus
2527 5970 2756 6029 ἀὶουργῐς.
