4072 6384
382 394 452 450 ὐθ
592 394 595 397 ’
1300 384 1389 439 AD
1430 380 1748 439 l‘Ol‘ULUM
1790 373 2278 431 .iNTlOCllENUM
2342 373 2567 429 ilO.\lil..
2609 374 2663 428 ν.
3586 375 3656 429 Ἷι)

380 525 485 580 que
501 507 628 577 regii
652 514 870 576 aspectu
900 502 1100 557 nullum
1117 502 1216 556 erit
1244 501 1604 570 spectantibus
1625 499 1848 557 lucrum,
1873 488 1967 545 sed

387 598 693 668 temporalis
719 597 994 650 dumtaxat
1020 593 1327 659 delectatio,
1361 591 1558 645 iiullam
1599 588 1800 643 habens
1828 584 1970 639 utili-

384 700 544 744 tatem
578 703 681 743 :ex
713 686 837 741 fimo
869 685 971 739 Job
1013 694 1190 739 autem
1213 685 1348 749 viso,
1386 697 1599 738 omnem
1645 680 1765 750 quis
1797 677 1973 747 capiet

388 783 694 847 utilitatem,
723 788 777 834 et
797 778 1128 847 disciplinam
1160 777 1417 839 multam,
1462 784 1515 829 et
1542 770 1969 827 exhortationem

383 873 448 927 ad
480 872 744 942 patientia:
766 871 1049 925 rationem.
1089 869 1271 938 itaque
1303 866 1452 920 multi
1493 880 1634 919 nunc
1677 864 1887 932 longam
1918 869 1974 916 et

387 965 790 1019 transmarinam
860 962 1335 1033 peregrinationem
1383 976 1412 1013 a
1466 969 1622 1013 terra:
1668 956 1859 1012 finibus
1918 956 1971 1010 in

390 1060 636 1114 Arabiam
680 1058 1017 1129 suscipiunt,
1081 1066 1142 1110 ut
1195 1057 1373 1110 limum
1405 1056 1549 1109 illum
1604 1060 1863 1114 cernant,
1919 1058 1974 1104 et

387 1150 679 1220 conspicati
706 1158 902 1205 terram
942 1148 1353 1213 deosculentur,
1406 1161 1523 1215 qua:
1569 1144 1710 1198 iilius
1756 1142 1973 1197 victoris

386 1244 674 1298 certamina
706 1251 759 1297 et
785 1257 1027 1297 cruorem
1057 1240 1199 1295 omni
1226 1255 1357 1293 auro
1389 1238 1757 1308 pretiosiorem
1785 1249 1971 1289 susce-

389 1337 465 1405 pit
495 1334 589 1404 (a).
621 1334 802 1403 Neque
824 1333 965 1388 enim
996 1339 1198 1386 tantum
1227 1329 1460 1385 radiaret
1514 1342 1743 1397 purpura
1763 1367 1776 1389 ,
1804 1339 1975 1396 quan-

390 1436 499 1481 tum
530 1426 656 1482 illud
676 1440 867 1494 corpus
896 1435 1021 1479 tunc
1051 1421 1449 1493 resplendebat,
1482 1434 1585 1474 non
1636 1419 1844 1484 alieno,
1879 1417 1973 1472 sed

388 1516 604 1587 proprio
650 1516 870 1571 tinctum
909 1514 1186 1585 sanguine.
1230 1511 1420 1567 Ulcera
1449 1526 1573 1565 vero
1620 1509 1707 1563 illa
1751 1507 1975 1579 gemmis

391 1603 1490 1673 omnibuserantchariora.Margaritarum
1515 1603 1656 1656 enim
1680 1610 1866 1654 natura
1896 1599 1975 1652 nio

391 1699 600 1753 hilvita:
619 1708 814 1752 nostra:
845 1697 1083 1766 prodest,
1113 1711 1211 1749 nec
1255 1694 1417 1748 ullum
1459 1708 1613 1747 usum
1660 1690 1976 1745 habentibus

394 1790 756 1846 necessarium
794 1789 971 1858 explet
1004 1806 1015 1840 :
1045 1789 1222 1842 ulcera
1248 1800 1378 1840 vero
1408 1783 1491 1838 illa
1523 1792 1646 1837 sunt
1679 1781 1855 1835 omnis
1885 1780 1978 1834 tri-

390 1884 547 1938 stitiae
577 1883 888 1938 consolatio.
922 1878 992 1935 Et
1018 1887 1077 1933 ut
1097 1878 1268 1935 discas
1292 1877 1393 1932 hoc
1421 1891 1604 1930 verum
1632 1889 1766 1938 esse,
1789 1873 1830 1927 si
1857 1871 1976 1943 quis

392 1974 557 2030 filium
589 1971 970 2028 charissimum
996 1980 1051 2027 et
1092 1970 1423 2039 unigenitum
1476 1965 1699 2029 amittat,
1754 1960 1976 2018 ostende

396 2065 632 2120 infinitas
659 2065 758 2133 ipsi
790 2077 1049 2133 gemmas,
1072 2070 1124 2115 et
1153 2076 1257 2113 non
1301 2056 1666 2113 consolaberis
1695 2053 1936 2108 dolorem
1957 2093 1972 2117 ,

394 2172 567 2226 neque
589 2170 842 2226 angorem
876 2153 1042 2207 lenies
1075 2168 1087 2204 :
1131 2151 1374 2205 siautem
1403 2148 1521 2203 Jobi
1554 2145 1772 2199 vulnera
1825 2142 1874 2197 ci
1924 2143 1976 2197 in

394 2247 705 2301 memoriam
737 2258 976 2309 revoces,
1008 2240 1157 2297 facile
1185 2239 1386 2294 mederi
1414 2238 1633 2307 poteris,
1654 2237 1729 2290 sic
1755 2234 1973 2290 dicens:

392 2339 527 2405 Quid
574 2336 740 2406 luges,
793 2334 993 2389 homo?
1020 2343 1075 2387 tu
1116 2331 1328 2402 quidem
1361 2330 1522 2383 filium
1541 2343 1703 2381 unum
1731 2325 1975 2391 amisisti;

394 2430 579 2484 beatus
600 2439 776 2481 autem
802 2427 911 2493 ille,
944 2441 1063 2481 cum
1088 2425 1262 2479 omnis
1294 2422 1521 2476 ﬁliorum
1552 2428 1725 2476 caelus
1770 2419 1979 2473 ablatus

395 2518 597 2581 fuisset,
620 2517 674 2571 in
706 2518 817 2587 ipsa
844 2530 1052 2586 quoque
1073 2529 1231 2569 carne
1244 2514 1450 2583 plagam
1477 2512 1698 2580 accepit,
1726 2518 1781 2566 et
1807 2508 1980 2564 nudus

397 2609 448 2663 in
477 2609 601 2663 limo
629 2608 874 2674 sedebat,
907 2607 1140 2676 undique
1167 2606 1314 2660 sanie
1343 2603 1609 2667 diffluens,
1637 2603 1762 2657 dum
1797 2600 1981 2671 paula-

396 2702 487 2756 tim
518 2701 679 2771 ipsius
702 2716 827 2755 caro
857 2706 1280 2763 consumeretur,
1300 2696 1496 2765 justus,
1527 2708 1704 2759 verax,
1741 2693 1792 2747 in
1812 2693 1979 2748 Deum

397 2794 537 2863 pius,
566 2792 713 2847 omni
744 2792 878 2845 mala
910 2807 968 2846 re
1004 2791 1298 2854 abstinens,
1348 2786 1513 2842 Deum
1543 2785 1749 2840 virtutis
1789 2790 1978 2838 testem

400 2884 619 2940 habens.
653 2884 708 2939 Si
735 2884 874 2937 enim
910 2882 1023 2936 haac
1054 2881 1211 2936 verba
1246 2878 1465 2945 dixeris,
1514 2891 1726 2932 onmem
1754 2874 1981 2945 lugentis

399 2975 668 3029 tristitiam
698 2974 1043 3037 exstinxeris,
1067 2980 1121 3025 ct
1142 2984 1355 3024 omnem
1386 2969 1628 3023 dolorem
1659 2964 1935 3023 sustuleris
1964 2981 1980 3019 :

398 3076 452 3120 et
475 3068 551 3122 sie
566 3067 695 3136 justi
723 3067 940 3121 vulnera
966 3064 1265 3136 margaritis
1285 3062 1498 3116 utiliora
1538 3060 1688 3114 ﬁunt.
1718 3058 1980 3128 Imagina-

398 3160 525 3213 mini
564 3160 723 3229 igitur
750 3167 805 3211 et
839 3172 935 3211 vos
960 3156 1210 3210 athletam
1242 3155 1412 3221 illum,
1445 3162 1498 3207 et
1535 3152 1841 3206 existimate
1888 3162 1983 3203 vos

397 3249 828 3305 cernere'fimum
858 3250 1030 3314 illum,
1062 3255 1117 3303 et
1138 3248 1311 3316 ipsum
1341 3245 1392 3299 in
1420 3243 1594 3298 medio
1615 3242 1865 3298 stercoris
1899 3253 1986 3294 se-

399 3341 611 3395 dentem
640 3355 654 3392 :
680 3349 906 3393 statuam
935 3353 1173 3402 auream,
1198 3344 1545 3406 gemmatam,
1569 3332 1778 3403 qualem
1802 3331 1983 3385 dicere

400 3446 505 3484 non
538 3431 656 3485 novi
703 3448 717 3482 :
758 3445 933 3500 neque
963 3428 1104 3483 enim
1132 3438 1238 3481 tam
1285 3428 1569 3497 pretiosam
1617 3425 1768 3480 valeo
1810 3432 1982 3478 mate-

402 3521 534 3575 riam
583 3522 842 3586 invenire,
885 3530 940 3573 ut
997 3520 1070 3574 illi
1097 3529 1373 3574 cruentato
1422 3516 1633 3585 corpori
1685 3515 1981 3585 comparari

404 3611 585 3681 possit.
619 3610 707 3666 Sic
736 3610 880 3664 omni
936 3611 1155 3665 materia
1188 3608 1571 3679 pretiosissima
1621 3608 1797 3661 carnis
1844 3607 1984 3660 illius

406 3713 594 3757 natura
626 3712 740 3759 crat
783 3703 950 3757 multo
989 3702 1375 3766 venerabilior,
1404 3709 1457 3755 et
1500 3702 1675 3755 ulcera
1719 3701 1984 3755 solaribus

404 3796 564 3847 radiis
609 3794 967 3863 splendidiora
995 3812 1006 3845 :
1038 3793 1089 3846 hi
1132 3792 1274 3847 enim
1304 3792 1543 3860 corporis
1572 3791 1756 3844 oculos
1793 3790 1985 3844 illumio

403 3895 557 3950 nant;
594 3887 678 3940 illa
731 3903 859 3941 vero
902 3886 1093 3940 mentis
1130 3897 1327 3939 nostra:
1369 3883 1553 3937 oculos
1584 3882 1867 3944 illustrant,
1899 3882 1984 3936 illa

405 3975 671 4030 diabolum
721 3978 927 4044 penitus
963 3983 1386 4031 exciecaverunt.
1422 3974 1709 4043 Propterea
1758 3989 1987 4042 namque

406 4076 524 4135 post
554 4067 697 4120 illam
729 4067 934 4136 plagam
962 4066 1204 4131 resilivit,
1237 4080 1333 4119 nec
1349 4063 1598 4133 deinceps
1624 4063 1885 4132 apparuit.
1907 4063 1988 4117 Tu

405 4170 556 4221 vero,
582 4155 796 4221 dilecte,
826 4164 878 4209 et
900 4156 1024 4210 hinc
1045 4156 1190 4209 disce
1216 4154 1789 4209 tribulationislucrum
1817 4168 1987 4222 quan-

408 4256 516 4301 tum
545 4256 647 4301 est.
681 4247 889 4302 Etenim
915 4246 1128 4317 quando
1158 4246 1305 4301 dives
1333 4256 1468 4309 erat,
1501 4256 1553 4300 et
1581 4247 1689 4300 otio
1716 4246 1989 4300 fruebatur

403 4339 599 4408 justus,
625 4339 763 4393 unde
785 4349 1057 4394 accusaret
1080 4339 1249 4408 ipsum
1285 4337 1485 4400 habuit,
1513 4337 1838 4391 mendaciter
1866 4338 1988 4406 qui-

407 4430 526 4483 dem
550 4448 563 4494 ;
590 4446 772 4485 verum
816 4429 998 4484 habuit
1016 4430 1155 4483 unde
1180 4429 1401 4494 diceret,
1427 4428 1567 4481 Nam
1594 4439 1640 4482 te
1684 4430 1839 4498 gratis
1874 4430 1990 4482 colit

404 4520 502 4574 Job
536 4518 653 4591 (Job
676 4520 727 4574 l.
756 4520 852 4589 9)?
885 4520 1171 4589 Postquam
1201 4535 1327 4573 vero
1352 4520 1521 4589 ipsum
1544 4520 1807 4588 spoliavit,
1828 4529 1880 4574 et
1909 4520 1989 4576 fe-

406 4616 479 4668 cit
512 4628 821 4684 pauperem,
848 4629 913 4666 ne
946 4611 1152 4666 hiscere
1182 4614 1393 4681 quidem
1423 4613 1650 4680 amplius
1676 4627 1834 4666 ausus
1861 4622 1942 4666 est
1974 4630 1987 4666 :

408 4714 463 4757 et
490 4720 609 4759 cum
633 4704 783 4758 dives
809 4703 1021 4773 quidem
1048 4712 1212 4766 esset,
1246 4717 1366 4757 cum
1417 4704 1531 4770 ipso
1561 4716 1794 4770 pugnare
1836 4717 1989 4770 para-

409 4798 517 4859 bat,
551 4794 960 4863 etsupplantare
1011 4793 1342 4857 minabatur;
1394 4803 1669 4863 postquam
1709 4806 1836 4846 vero
1868 4807 1995 4859 pau«

411 4881 593 4954 p'erem
619 4884 741 4938 fecit
766 4886 1050 4953 omniaque
1082 4883 1300 4938 abstulit
1339 4892 1395 4938 et
1422 4886 1472 4936 in
1500 4893 1798 4938 extremum
1842 4882 1993 4936 dolo-

409 4994 522 5032 rem
553 4977 777 5044 induxit,
808 4986 932 5032 tunc
960 4978 1146 5031 resiliat
1175 4992 1189 5028 :
1218 4985 1270 5029 et
1309 4975 1518 5044 quando
1547 4990 1733 5028 sanum
1778 4975 1990 5044 quidem

410 5071 577 5138 ipsius
606 5078 723 5124 erat
749 5085 979 5137 corpus,
1012 5083 1202 5123 manus
1228 5067 1557 5137 apponebat;
1586 5078 1642 5120 ut
1669 5083 1796 5121 vero
1829 5069 1991 5137 ipsius

406 5175 625 5214 carnem
647 5160 953 5214 vulneribus
985 5159 1239 5229 implevit,
1290 5168 1415 5212 tunc
1446 5158 1847 5227 aufugitvictus.

484 5248 766 5304 £rumnas
779 5252 863 5319 qui
880 5251 1123 5320 patienter
1140 5250 1570 5319 fertmt,cluriores
1587 5250 1891 5303 evadunt.-—
1905 5249 1964 5304 Vi

411 5340 537 5395 disti
566 5350 763 5411 qttanto
780 5350 1060 5410 paupertas
1077 5340 1296 5405 divitiis,
1318 5340 1652 5394 imbecillitas
1669 5350 1722 5394 et
1735 5340 1957 5410 :I‘gritud

410 5432 660 5495 sanitate,
687 5431 906 5485 tentatio
934 5430 1113 5499 quiete
1141 5430 1329 5484 melior
1356 5430 1691 5499 vigilantibus
1720 5439 1772 5484 et
1817 5430 1983 5483 utilio.

412 5522 482 5576 sit
525 5531 578 5576 et
603 5522 859 5577 clariores
904 5522 1257 5590 fortioresque
1299 5531 1592 5591 pugnantes
1638 5521 1826 5576 faciat?
1865 5522 1993 5588 Quis

413 5612 563 5677 vidit,
590 5612 707 5683 quis
731 5610 931 5665 audivit
954 5621 1057 5665 tam
1087 5611 1355 5665 mirabiles
1380 5611 1615 5681 pugnas?
1644 5610 1989 5666 Profanorum

471 5809 547 5874 (a)
580 5811 704 5860 Multi
731 5812 779 5859 iu
798 5811 1011 5859 Arabiam
1038 5810 1168 5860 ibant
1185 5817 1237 5859 ut
1260 5810 1420 5859 ﬁnium
1443 5812 1530 5861 Job
1550 5811 1790 5863 viderent.

2072 494 2421 546 certaminum
2449 495 2668 563 pugiles,
2689 510 2806 549 cum
2829 494 3256 550 adversariorum
3276 496 3447 566 capita
3470 496 3664 550 vulne—

2075 582 2262 649 rarint,
2288 592 2411 639 tunc
2438 584 2669 640 victores
2714 595 2869 652 sunt,
2922 594 2976 641 et
3013 597 3379 651 coronantur:
3417 588 3501 642 hic
3528 602 3658 643 vero

2073 689 2195 730 cum
2216 676 2345 746 justi
2376 691 2570 747 corpus
2591 677 2946 744 vulnerasset,
2976 679 3297 734 omnimodis
3333 680 3547 749 replens
3573 679 3657 733 ul-

2074 766 2305 831 ceribus,
2338 775 2393 823 et
2422 768 2736 824 imbecillius
2771 770 3004 835 fecisset,
3043 780 3167 824 tunc
3188 770 3359 825 victus
3386 779 3468 825 est
3493 778 3547 825 et
3575 784 3660 826 re-

2077 858 2322 912 troccssit
2348 874 2360 911 :
2388 867 2441 913 et
2463 870 2740 929 postquam
2768 860 2932 929 ipsius
2958 861 3121 915 latera
3149 862 3378 932 undique
3399 860 3660 929 confodit,

2077 947 2190 1017 ipse
2238 949 2451 1019 quidem
2484 951 2615 1005 nihil
2656 951 2877 1022 profecit
2904 971 2917 1007 :
2948 953 3239 1022 repositum
3265 956 3407 1009 enim
3440 956 3661 1010 thesau-

2076 1055 2192 1094 rum
2218 1056 2322 1095 non
2354 1042 2571 1097 abstulit
2600 1062 2613 1097 :
2647 1044 2799 1098 nobis
2821 1053 2998 1100 autem
3026 1046 3198 1115 ipsum
3224 1048 3501 1103 clariorem
3534 1047 3661 1103 red-

2076 1129 2231 1194 didit,
2264 1139 2318 1185 et
2347 1145 2441 1200 per
2469 1132 2611 1186 illam
2640 1134 3057 1199 confossioncm,
3087 1145 3143 1189 ut
3171 1152 3359 1193 omnes
3389 1137 3661 1194 hominem

2079 1223 2388 1278 interiorem
2409 1225 2730 1294 aSpicerent,
2762 1227 2904 1294 fecit,
2943 1236 2997 1283 et
3024 1244 3213 1284 omnes
3243 1231 3409 1299 ipsius
3448 1232 3662 1286 divitias

2077 1315 2345 1369 discerent
2374 1335 2386 1369 :
2420 1325 2472 1371 et
2503 1332 2623 1371 cum
2650 1318 2864 1374 vincere
2893 1321 3143 1390 speravit,
3177 1330 3301 1377 tunc
3330 1322 3492 1377 multa
3538 1340 3661 1380 cum

2080 1405 2368 1474 ignominia
2399 1408 2639 1473 recessit,
2675 1416 2728 1464 et
2769 1409 2966 1464 nullam
2997 1411 3222 1481 amplius
3252 1428 3434 1468 vocem
3462 1414 3658 1469 emisit.

2077 1496 2214 1563 Quid
2243 1507 2419 1552 actum
2445 1509 2545 1565 est,
2578 1499 2829 1556 diabolo?
2857 1517 3022 1571 quare
3045 1502 3287 1573 refugis?
3312 1504 3499 1559 Nonne
3523 1503 3661 1560 facta

2079 1597 2203 1642 sunt
2232 1605 2581 1658 qua‘cumque
2609 1591 2863 1646 volebas?
2891 1610 2993 1647 non
3019 1594 3334 1650 interemisti
3364 1595 3525 1665 ipsius
3551 1597 3663 1649 ovi-

2081 1682 2171 1748 lia,
2204 1694 2465 1750 armenta,
2489 1700 2746 1755 equorum
2776 1701 2964 1757 greges
2990 1696 3043 1741 et
3070 1689 3374 1743 mulorum?
3401 1705 3501 1744 non
3522 1690 3663 1743 lilio-

2080 1790 2197 1828 rum
2226 1783 2421 1829 ctutum
2455 1775 2753 1845 perdidisti,
2779 1785 2833 1831 et
2859 1792 3071 1833 carnem
3100 1796 3311 1835 omnem
3339 1782 3665 1839 vulnerasti?

2079 1879 2244 1933 quare
2274 1867 2582 1920 recessisti?
2620 1867 2880 1933 Quoniam
2906 1867 3043 1923 facta
3071 1871 3282 1940 quidem
3313 1884 3436 1927 sunt
3462 1876 3663 1938 omnia.

2080 1970 2199 2024 qua:
2220 1957 2379 2021 volui,
2404 1957 2594 2026 inquit,
2619 1959 2761 2027 quod
2783 1975 2908 2013 vero
2933 1960 3046 2015 fieri
3074 1963 3304 2018 maxime
3330 1965 3589 2033 volebam,
3612 1976 3667 2020 et

2085 2056 2301 2116 pr0pter
2328 2048 2470 2118 quod
2498 2049 2675 2103 omnia
2700 2048 2823 2116 feci,
2852 2050 2954 2106 hoc
2999 2052 3191 2107 factum
3222 2069 3326 2109 non
3350 2063 3466 2110 est:
3493 2071 3667 2126 nequo

2085 2137 2227 2190 enim
2256 2138 2645 2207 blasphemavit
2674 2157 2687 2192 :
2720 2151 2938 2210 propter
2966 2141 3066 2197 hoc
3095 2144 3236 2197 enim
3265 2146 3440 2200 omnia
3470 2146 3555 2199 illa
3584 2147 3666 2199 fa-

2083 2226 2309 2293 ciebam,
2332 2227 2520 2298 inquit,
2544 2239 2601 2283 ut
2627 2229 2727 2283 hoc
2746 2231 3075 2299 procederet.
3101 2231 3211 2288 Hoc
3238 2248 3342 2289 non
3368 2235 3506 2291 facto
3533 2236 3666 2291 nihil

2081 2318 2319 2374 lucrifeci
2349 2335 2413 2375 ex
2442 2320 2785 2389 pecuniarum
2811 2322 3040 2390 jactura,
3072 2333 3123 2378 et
3152 2322 3380 2379 filiorum
3426 2327 3663 2392 interitu,

2084 2418 2138 2463 et
2160 2410 2399 2479 corporis
2428 2411 2610 2479 plaga,
2638 2410 2731 2465 sed
2758 2413 3079 2467 contrarium
3103 2456 3118 2481 ,
3170 2430 3328 2483 quam
3387 2415 3665 2480 volebam,

2084 2501 2278 2564 evenit,
2310 2500 2725 2569 Splendidiorcm
2750 2501 2955 2557 reddidi
2986 2503 3276 2571 inimicum,
3314 2517 3366 2561 et
3387 2507 3665 2562 clariorem

2084 2591 2259 2647 effeci.
2293 2592 2622 2662 Cognovisti,
2652 2603 2907 2663 quantum
2936 2594 3005 2648 sit
3028 2595 3382 2651 tribulationis
3423 2596 3628 2651 lucrum
3650 2637 3665 2662 ,

2081 2681 2715 2739 charissime?Pulchrum
2736 2684 2948 2754 quidem
2972 2694 3026 2741 et
3055 2687 3315 2757 integrum
3344 2703 3534 2758 corpus
3556 2689 3671 2745 fue-

2087 2781 2193 2838 rat,
2218 2773 2385 2827 multo
2401 2789 2530 2828 vero
2554 2775 2911 2829 venerabilius
2933 2775 3126 2830 factum
3158 2788 3259 2840 est.
3303 2780 3407 2834 illis
3436 2781 3670 2836 vulneri-

2085 2863 2186 2917 bus
2212 2865 2508 2933 perfossum
2540 2884 2552 2918 :
2582 2867 2832 2936 quoniam
2863 2876 2916 2921 et
2944 2867 3079 2922 lana:
3110 2870 3343 2938 pulchra:
3364 2871 3599 2942 quidem,
3618 2881 3675 2929 et

2086 2966 2368 3026 antequam
2389 2956 2690 3028 tinguntur;
2721 2968 2997 3030 postquam
3039 2977 3166 3017 vero
3193 2979 3471 3034 purpurea:
3517 2965 3669 3022 factae

2086 3048 2308 3116 fuerint,
2337 3050 2658 3106 ineffabilem
2689 3062 2906 3108 sumunt
2934 3054 3381 3124 pulchritudinem
3414 3059 3669 3112 multum-

2087 3155 2190 3208 que
2214 3140 2484 3195 decorem.
2523 3140 2631 3195 Nisi
2666 3157 2790 3197 vcro
2840 3144 3011 3213 ipsum
3050 3145 3430 3215 eXSpoliasset,
3477 3147 3669 3203 bonam

2089 3231 2303 3286 victoris
2331 3230 2697 3289 habitudinem
2728 3249 2832 3288 non
2865 3237 3300 3305 cognovissemus
3328 3256 3342 3291 :
3380 3237 3481 3292 nisi
3510 3238 3674 3307 ipsius

2090 3335 2288 3390 corpus
2312 3321 2481 3392 plagis
2504 3324 2843 3392 perforaSSet,
2873 3326 3005 3379 radii
3038 3328 3356 3383 intrinsecus
3382 3345 3485 3384 non
3530 3333 3675 3387 relu-

2090 3414 2296 3469 xissent
2324 3431 2337 3468 :
2371 3416 2470 3469 nisi
2499 3417 2671 3485 ipsum
2700 3418 2750 3472 in
2774 3420 2902 3472 limo
2931 3422 3312 3484 constituisset,
3354 3423 3520 3492 ipsius
3535 3424 3675 3478 divi-

2092 3506 2193 3562 tias
2216 3522 2322 3561 non
2348 3510 2803 3579 cognovissemus.
2843 3511 3026 3581 Neque
3060 3513 3202 3567 enim
3227 3524 3331 3568 tam
3366 3516 3676 3583 splendidus

2092 3599 2144 3653 in
2161 3601 2296 3654 solio
2326 3616 2418 3656 rex
2449 3601 2678 3667 sedens,
2711 3619 2867 3673 quam
2900 3605 3121 3675 insignis
3160 3614 3277 3661 erat
3332 3607 3422 3663 ille
3458 3618 3512 3663 et
3554 3609 3677 3664 illu-

2093 3695 2215 3748 stris
2236 3696 2286 3748 in
2313 3694 2437 3749 fimo
2456 3712 2469 3748 :
2490 3696 2685 3751 ctenim
2713 3698 3040 3768 postregium
3060 3699 3272 3769 quidem
3296 3701 3485 3755 solium
3507 3716 3673 3770 mors,

2092 3795 2212 3855 post
2234 3786 2414 3840 limum
2442 3795 2617 3841 autem
2646 3788 2792 3841 illum
2823 3791 3069 3843 caelorum
3099 3806 3343 3862 regnum.

2160 3880 2215 3933 2.
2239 3880 2539 3934 Auditorum
2562 3880 2838 3950 applausus
2862 3882 3021 3950 rejici!
3041 3882 3443 3953 Chrysostomus.
3462 3914 3533 3924 —-
3548 3883 3675 3943 Ilaec

2093 3970 2250 4039 igitur
2272 3971 2448 4024 omnia
2475 3971 2875 4035 ratiocinantes,
2904 3984 2966 4025 ex
2996 3974 3328 4041 opprimente
3346 3976 3557 4031 tristitia
3578 3993 3675 4032 nos

2094 4061 2407 4115 relevemus.
2438 4062 2541 4115 llas
2572 4064 2767 4117 etenim
2810 4063 2960 4118 vobis
2995 4063 3244 4119 historias
3286 4081 3528 4136 appono,
3567 4084 3675 4124 non

2096 4150 2309 4205 utdicta
2342 4152 2587 4216 laudetis,
2617 4152 2710 4207 sed
2735 4164 2793 4206 ut
2813 4154 3059 4208 virtutem
3086 4154 3365 4209 imitemini
3388 4167 3440 4211 et
3469 4159 3677 4227 patien-

2096 4243 2221 4296 tiam
2263 4257 2645 4312 generosorum
2691 4243 2992 4312 hujusmodi
3035 4244 3268 4298 virorum
3302 4264 3315 4298 :
3344 4256 3398 4301 ut
3438 4264 3532 4316 per
3560 4248 3675 4317 ipsa

2094 4334 2312 4390 discatis
2350 4349 2545 4405 opera,
2589 4335 2731 4405 quod
2777 4336 3126 4391 humanorum
3168 4340 3369 4394 nullum
3411 4342 3480 4396 sit
3517 4358 3677 4413 grave

2097 4430 2355 4482 malorum
2377 4470 2392 4496 ,
2424 4430 2524 4483 nisi
2563 4439 2871 4498 peccatum;
2903 4447 3006 4485 non
3040 4444 3320 4502 paupertas
3343 4477 3356 4499 ,
3385 4451 3489 4490 non
3517 4439 3677 4508 :egri-

2100 4521 2253 4585 tudo,
2286 4537 2388 4573 non
2411 4523 2726 4575 contumelia
2748 4564 2762 4589 ,
2790 4538 2893 4575 non
2920 4523 3205 4589 calumnia,
3231 4540 3333 4579 non
3364 4526 3672 4598 ignominia,

2098 4626 2201 4666 non
2232 4628 2374 4667 mors
2401 4630 2516 4682 qua:
2545 4615 2781 4668 omnium
2813 4617 3073 4671 malorum
3114 4625 3418 4673 extremum
3447 4636 3566 4676 esse
3593 4625 3675 4677 vi-

2096 4703 2270 4758 detur.
2306 4704 2428 4758 lliec
2455 4704 2597 4758 enim
2625 4705 2983 4759 calamitatum
3011 4707 3225 4761 nomina
3245 4748 3259 4770 ,
3294 4709 3675 4781 philosophan-

2098 4795 2235 4847 tibus
2262 4804 2381 4847 sunt
2406 4805 2604 4849 tantum
2632 4796 2843 4849 nomina
2872 4796 3029 4851 rebus
3051 4798 3320 4865 carentia;
3348 4816 3467 4855 vera
3498 4814 3676 4859 autem

2097 4884 2389 4949 calamitas,
2440 4885 2603 4939 Deum
2633 4884 2902 4941 offendere
2926 4928 2940 4952 ,
2985 4896 3040 4941 et
3081 4902 3265 4942 eorum
3291 4906 3410 4960 qua:
3442 4892 3540 4962 ipsi
3573 4911 3677 4949 non

2100 4976 2327 5044 placent,
2352 4976 2545 5045 aliquid
2572 4976 2765 5031 facere.
2789 4976 2925 5043 Quid
2947 4979 3110 5045 enim,
3134 4995 3332 5049 quaeso,
3351 4998 3512 5052 grave
3534 5001 3677 5040 mors

2099 5067 2294 5123 habet?
2321 5084 2444 5122 num
2471 5070 2610 5138 quod
2653 5080 2703 5124 te
2737 5071 2963 5125 celerius
2986 5071 3052 5126 ad
3082 5074 3425 5143 tranquillum
3469 5086 3676 5145 portum

2096 5169 2150 5214 et
2199 5169 2436 5229 pacatam
2482 5161 2620 5214 illam
2663 5164 2972 5217 transmittit
3014 5163 3223 5219 vitam?
3263 5167 3504 5235 quamvis
3535 5170 3675 5223 enim

2100 5249 2259 5305 homo
2303 5262 2409 5305 non
2446 5251 2692 5320 occidat,
2741 5252 2853 5321 ipsa
2884 5262 3086 5308 natura:
3117 5255 3199 5309 lex
3229 5255 3469 5325 irrepens
3501 5274 3674 5315 nonne

2098 5360 2289 5413 corpus
2312 5344 2380 5399 ab
2410 5344 2582 5398 anima
2627 5345 2902 5400 resolvet?
2941 5347 3063 5401 licet
3086 5346 3226 5401 enim
3262 5347 3363 5402 hoc
3402 5364 3543 5404 nunc
3573 5352 3676 5404 mi-

2099 5438 2241 5489 nime
2272 5436 2394 5501 fiat,
2435 5435 2537 5489 erit
2576 5437 2732 5504 paulo
2759 5445 2907 5505 post,
2938 5437 3078 5506 quod
3122 5452 3261 5491 nunc
3302 5438 3566 5494 timemus.
3612 5441 3673 5497 Et

2098 5528 2211 5583 hare
2232 5528 2372 5594 dico,
2396 5543 2500 5581 non
2522 5543 2683 5597 grave
2705 5528 2829 5597 quid
2856 5539 3171 5597 exspectans
3200 5541 3288 5584 aut
3317 5531 3488 5600 triste,
3513 5534 3674 5601 absit,

2097 5620 2189 5675 sed
2218 5619 2541 5674 erubescens
2569 5630 2793 5673 mortem
2829 5619 3123 5673 timentium
3151 5636 3329 5676 causa.
3357 5622 3457 5677 Tot
3483 5640 3677 5695 exspe-

2097 5722 2247 5766 ctans
2275 5711 2409 5766 bona
2428 5726 2545 5782 quae
2563 5727 2661 5766 nec
2677 5712 2862 5766 oculus
2879 5711 3028 5776 vidit,
3050 5728 3145 5767 nec
3169 5714 3314 5770 auris
3334 5715 3554 5783 audivit,
3579 5733 3681 5775 nec

2102 5809 2153 5863 in
2175 5824 2265 5865 cor
2287 5807 2516 5863 hominis
2531 5804 2882 5860 ascenderunt
2904 5804 2977 5876 (l.
3009 5804 3124 5861 Cor.
3154 5804 3208 5864 2.
3236 5805 3314 5882 9),
3337 5808 3422 5865 dic
3442 5810 3680 5880 mihi,“
