4072 6384
455 321 518 380 71
1203 326 1260 382 S.
1300 325 1578 381 JOANNIS
1605 322 2076 380 CIIRYSOSTOMI
2115 325 2430 387 ARCHIEP.
2471 333 3001 399 CONSTANTINOP.
3656 360 3722 414 ἠ

455 431 735 490 fruendum
765 433 946 491 differs
972 442 1026 490 et
1046 433 1264 505 negligis
1279 445 1330 489 et
1353 437 1680 506 torpes?ncc
1703 445 1904 492 tantum
1923 445 2031 490 tor-

454 541 569 596 pes,
592 525 685 581 sed
707 535 760 581 et
783 526 936 581 times
954 535 1008 580 et
1030 525 1246 580 horres?
1267 525 1335 580 Et
1351 527 1617 596 quomodo
1638 541 1740 580 non
1764 526 1857 581 tibi
1881 539 2033 595 turpe

453 627 670 689 pr0pter
686 627 908 673 mortem
921 617 1123 682 dolere,
1139 634 1256 671 cum
1273 618 1466 672 Paulus
1484 628 1699 688 propter
1717 627 2029 687 prmsentem

449 714 714 782 gemuerit
736 711 895 765 vitam
922 751 938 778 ,
968 721 1021 765 et
1060 710 1312 765 Romanis
1351 711 1590 765 scribens
1615 712 1807 766 dixerit
1835 729 1848 766 :
1879 710 2030 765 Crea-

451 810 564 854 tura
586 801 909 872 congemiscit
926 840 941 864 ,
972 811 1020 854 et
1047 817 1139 854 nos
1164 803 1261 868 ipsi
1292 802 1497 871 spiritus
1522 803 1771 872 primitias
1796 802 2029 856 habentes

447 893 691 962 gemimus
713 891 888 963 (Rom.
923 893 975 946 8.
1004 891 1094 945 22.
1121 891 1192 946 25
1212 892 1272 960 )?
1301 892 1369 946 Et
1391 894 1504 947 lucc
1529 893 1737 947 dicebat
1763 908 1869 946 non
1893 907 2025 946 con-

447 983 706 1037 demnatis
733 985 1011 1051 prarsentia
1033 1023 1048 1047 ,
1085 984 1181 1039 sed
1218 982 1393 1037 futura
1423 983 1752 1038 desiderans.
1781 984 2022 1048 Guslavi,

446 1075 554 1140 ait,
586 1074 805 1144 gratiam
829 1114 844 1140 ,
872 1083 927 1128 et
961 1089 1161 1129 moram
1189 1089 1294 1128 non
1326 1073 1438 1128 fero
1467 1091 1479 1128 :
1508 1075 1725 1143 spiritus
1764 1073 2024 1144 primitias

447 1165 656 1232 habeo,
699 1174 754 1219 et
792 1165 857 1219 ad
897 1165 1160 1234 integrum
1202 1165 1436 1219 festino:
1465 1165 1678 1219 ascendi
1716 1165 1767 1218 in
1810 1165 2022 1220 tertium

442 1257 632 1312 czelum
653 1298 670 1323 ,
701 1257 807 1311 vidi
835 1256 1056 1326 gloriam
1097 1256 1240 1309 illam
1284 1255 1605 1310 ineffabilem
1628 1298 1642 1319 ,
1675 1255 1778 1310 vidi
1825 1255 2022 1323 regiam

442 1348 833 1418 splendentem,
865 1346 1025 1402 didici
1053 1347 1244 1416 quibus
1286 1346 1373 1401 hic
1418 1346 1713 1400 immorans
1758 1345 1910 1399 bonis
1937 1359 2024 1399 ca-

443 1453 611 1504 ream,
642 1446 919 1508 propterea
944 1452 1122 1508 gemo.
1153 1436 1248 1491 Dic
1271 1437 1467 1491 etenim
1501 1435 1652 1504 mihi,
1679 1435 1724 1490 si
1745 1436 1862 1506 quis
1893 1443 1943 1490 te
1968 1435 2022 1490 in

444 1531 617 1602 regias
636 1531 875 1586 duxisset
898 1531 1068 1596 aulas,
1090 1539 1146 1585 et
1168 1529 1234 1585 de
1263 1530 1554 1600 parietibus
1575 1545 1765 1585 aurum
1791 1530 2022 1600 undique

442 1620 671 1691 fulgens,
698 1631 753 1676 et
777 1636 991 1676 omnem
1014 1621 1176 1675 alium
1194 1631 1438 1676 ornatum
1462 1621 1552 1675 tibi
1571 1620 2022 1686 demonstrasset;

443 1720 626 1781 postea
654 1720 706 1765 te
734 1711 858 1766 inde
885 1711 936 1765 in
965 1711 1211 1782 pauperis
1235 1726 1414 1766 casam
1455 1712 1790 1779 induxisset,
1826 1723 1880 1768 et
1901 1721 2022 1782 post

443 1803 603 1858 breve
626 1812 832 1872 tempus
856 1803 908 1857 in
932 1804 1104 1873 regias
1123 1803 1462 1859 reducturum
1495 1805 1631 1872 illas,
1653 1814 1708 1860 et
1729 1820 2019 1875 perennem

442 1895 514 1950 ibi
534 1895 860 1949 mansionem
882 1911 942 1950 se
959 1895 1053 1950 tibi
1073 1894 1319 1950 daturum
1341 1910 1460 1951 esse
1483 1897 1844 1965 promisisset:
1866 1913 2019 1952 num-

439 1985 565 2056 quid
595 2002 700 2040 non
728 1986 956 2042 deberes
980 1987 1118 2042 afﬁci
1142 1987 1409 2043 desiderio
1429 2029 1444 2054 ,
1474 1997 1528 2044 et
1549 1989 1629 2043 vel
1656 1988 1800 2058 ipsos
1826 2004 2022 2059 paucos

438 2079 554 2134 dies
574 2093 716 2150 a‘gre
740 2078 923 2134 ferre?
952 2080 1064 2135 Hoc
1085 2095 1295 2150 quoque
1324 2079 1390 2135 de
1415 2080 1560 2136 caelis
1585 2091 1638 2136 et
1662 2081 1730 2136 de
1757 2091 1893 2136 terra
1924 2096 2020 2136 co-

438 2171 596 2240 gites,
623 2181 675 2225 et
701 2171 988 2241 ingemisce
1015 2185 1135 2226 cum
1167 2170 1353 2236 Paulo,
1384 2186 1488 2226 non
1523 2179 1739 2242 propter
1767 2181 2015 2237 mortem,

439 2260 533 2316 sed
559 2271 774 2330 propter
794 2271 1108 2332 praesentem
1134 2262 1314 2316 vitam.
1349 2263 1417 2317 At
1441 2262 1508 2317 da
1534 2263 1662 2316 mihi
1679 2305 1694 2329 ,
1726 2263 1900 2333 inquis
1920 2305 1936 2330 ,
1962 2272 2021 2318 ut

439 2350 605 2405 Paulo
634 2352 821 2406 similis
850 2353 971 2406 fiam
997 2393 1012 2418 ,
1045 2362 1101 2408 et
1130 2368 1414 2423 numquam
1445 2364 1672 2408 mortem
1700 2355 1916 2410 timebo.
1952 2356 2020 2410 Et

437 2440 563 2512 quid
595 2451 646 2496 te
675 2441 837 2496 Paulo
864 2441 1092 2498 similem
1131 2443 1242 2498 ﬁeri
1287 2443 1574 2512 prohibet?
1607 2459 1784 2500 nonne
1820 2460 2020 2514 pauper

436 2543 552 2588 erat
595 2533 724 2588 ille?
759 2548 937 2590 nonne
975 2535 1322 2589 tentoriorum
1357 2534 1549 2589 sutor?
1592 2549 1769 2590 nonne
1813 2535 2019 2590 idiota?

438 2626 493 2682 Si
514 2627 655 2682 enim
677 2626 829 2682 dives
855 2626 1038 2682 fuisset
1061 2642 1124 2681 ac
1153 2627 1366 2694 nobilis,
1399 2626 1706 2682 habuissent
1730 2627 1867 2683 forte
1889 2642 2019 2696 pau-

437 2734 592 2789 peres
620 2719 686 2773 ad
716 2719 880 2789 ipsius
907 2719 1252 2775 imitationem
1280 2720 1450 2774 vocati
1475 2730 1840 2791 paupertatem
1868 2736 2017 2775 suam

437 2809 759 2866 ohtendendi
785 2825 1041 2876 causam;
1072 2825 1214 2865 nunc
1237 2819 1414 2866 autem
1455 2813 1643 2866 borum
1673 2812 1803 2866 nihil
1839 2812 2019 2868 dicere

438 2910 632 2969 potes:
660 2901 859 2955 etenim
903 2901 1180 2970 operarius
1224 2905 1383 2956 homo
1421 2911 1536 2956 erat
1559 2944 1575 2968 ,
1607 2910 1660 2957 et
1698 2904 2019 2974 quotidianis

439 2991 752 3058 pascebatur
777 2991 1065 3048 laboribus.
1099 2994 1162 3047 Et
1191 3003 1242 3047 tu
1263 2991 1474 3063 quidem
1504 2992 1573 3047 ab
1602 2993 1752 3047 initio
1769 2994 2015 3063 pietatem

435 3097 464 3136 a
494 3083 798 3152 parentibus
823 3073 1119 3154 suscepisti,
1145 3102 1174 3138 a
1198 3087 1366 3155 prima
1383 3095 1538 3140 actate
1558 3086 1722 3140 sacris
1743 3101 1801 3140 es
1828 3087 2019 3140 litteris

437 3172 763 3240 innutritus;
811 3174 901 3231 ille
941 3190 1069 3232 vero
1105 3186 1159 3232 et
1199 3176 1540 3246 blasphemus
1585 3177 1716 3242 fuit,
1747 3188 1800 3231 et
1837 3192 2020 3247 persc-

437 3274 652 3338 quutor,
680 3275 734 3322 et
760 3269 1199 3336 contumeliosus,
1223 3279 1276 3324 et
1302 3269 1595 3324 Ecclesium
1621 3271 1850 3325 vastavit
1879 3287 1893 3335 ;
1923 3271 2016 3325 sed

440 3365 616 3413 tamen
645 3358 716 3411 ita
745 3359 921 3413 subito
949 3367 1184 3414 mutatus
1204 3368 1306 3426 cst,
1335 3367 1393 3413 ut
1411 3375 1598 3416 omnes
1622 3360 1800 3415 studio
1823 3370 1874 3416 et
1905 3361 2016 3416 fer-

436 3463 566 3503 vore
603 3449 967 3517 superaverit,
1004 3456 1060 3504 et
1096 3450 1290 3504 clamat
1325 3449 1543 3516 dicens,
1582 3449 1875 3506 Imitatores
1920 3453 2018 3506 mei

435 3551 608 3603 estote,
631 3542 756 3594 sicut
785 3550 831 3595 et
859 3557 949 3612 ego
971 3541 1158 3596 Christi
1186 3542 1260 3610 (1.
1278 3540 1394 3598 Cor.
1415 3545 1594 3615 11.1).
1616 3545 1706 3601 Ille
1734 3547 2016 3601 Dominum

439 3635 675 3689 imitatus
699 3643 820 3701 est,
854 3645 908 3689 tu
950 3649 1268 3689 conservum
1305 3651 1410 3690 non
1449 3637 1674 3692 imitaris
1697 3680 1711 3705 ,
1745 3648 1798 3693 tu
1822 3680 1838 3705 ,
1869 3639 1957 3709 qui
1985 3654 2015 3693 a

438 3729 698 3799 principio
727 3728 780 3782 in
811 3729 1008 3799 pietate
1032 3728 1286 3783 educatus
1307 3744 1394 3794 es,
1423 3745 1566 3796 eum,
1595 3733 1683 3799 qui
1715 3741 1894 3801 postea
1924 3749 2018 3802 per

437 3822 783 3876 mutationem
825 3820 893 3875 ad
931 3819 1088 3875 ﬁdem
1116 3821 1383 3876 accessit?
1407 3821 1524 3876 Non
1553 3824 1690 3877 nosti
1715 3864 1730 3888 ,
1758 3824 1898 3894 quod
1925 3826 2013 3894 qui

436 3913 489 3967 in
520 3913 748 3982 peccatis
776 3920 901 3968 sunt
927 3952 943 3978 ,
973 3911 1074 3967 etsi
1102 3912 1320 3978 vivunt,
1351 3914 1547 3968 mortui
1573 3917 1737 3970 sunt?
1765 3916 1853 3985 qui
1885 3931 2015 3971 vero

437 4005 488 4059 iu
510 4003 714 4074 justitia
743 4011 906 4071 sunt,
936 4005 1037 4060 etsi
1066 4005 1260 4059 mortui
1288 4015 1448 4073 sunt,
1475 4007 1700 4064 vivunt?
1727 4009 1836 4065 Nec
1865 4025 2015 4067 meus

439 4096 528 4151 hic
554 4111 764 4160 sermo;
813 4096 1075 4151 sententia
1101 4107 1182 4152 est
1217 4096 1414 4153 ChriSti
1448 4099 1664 4156 Martha:
1693 4103 1711 4134 ί
1741 4102 1967 4159 dicentis
1998 4121 2011 4158 :

441 4186 616 4240 Omnis
637 4187 724 4254 qui
749 4186 909 4241 credit
935 4187 987 4240 in
1017 4203 1095 4242 nte
1118 4229 1133 4254 ,
1163 4190 1310 4242 etiam
1338 4191 1381 4243 si
1407 4200 1632 4246 mortuus
1665 4193 1854 4262 fuerit,
1889 4194 2013 4248 vivet

435 4279 612 4351 (Joan.
650 4275 736 4334 1|.
767 4280 838 4334 ‘25
861 4279 899 4347 ).
929 4280 1065 4336 Num
1091 4282 1231 4336 enim
1263 4280 1453 4337 fabulae
1491 4293 1614 4338 sunt
1647 4284 1892 4354 dogmata
1921 4301 2016 4340 no-

435 4382 544 4425 stra
560 4372 584 4425 ?
603 4372 660 4426 Si
680 4371 1008 4440 Christianus
1034 4388 1113 4438 es,
1139 4373 1349 4428 Christo
1376 4375 1534 4430 crede
1559 4393 1571 4428 :
1600 4377 1644 4430 si
1666 4376 1877 4431 Christo
1899 4392 2017 4432 cre-

435 4462 540 4530 dis,
575 4479 668 4533 pcr
693 4479 852 4532 opera
880 4463 1009 4518 mihi
1040 4463 1199 4520 ﬁdem
1225 4465 1553 4521 demonstra.
1583 4468 1860 4536 Quomodo
1888 4484 2015 4524 vero

438 4571 532 4624 per
547 4571 708 4624 Opera
733 4555 888 4611 ﬁdem
905 4555 1332 4612 demonstrahis?
1351 4557 1406 4613 Si
1429 4567 1654 4614 mortem
1677 4568 2012 4616 contemnas.

436 4645 503 4700 Et
530 4646 580 4699 in
613 4646 714 4700 hoc
737 4647 880 4700 enim
906 4647 972 4701 ab
998 4646 1300 4703 inﬁdelibus
1325 4648 1638 4704 differimus.

507 4735 650 4790 Mors
679 4751 778 4789 non
813 4737 1032 4791 timenda
1059 4737 1112 4792 in
1139 4739 1290 4792 vitam
1325 4742 1548 4810 futuram
1577 4742 1911 4810 sperantibus.
1943 4771 2015 4784 —-

438 4825 644 4881 Etenim
672 4825 744 4880 illi
771 4826 986 4896 quidem
1017 4828 1208 4882 merito
1235 4830 1425 4885 timent
1459 4841 1684 4886 mortem
1713 4873 1728 4898 ,
1769 4848 2013 4889 resurre-

435 4916 628 4971 cti0uis
652 4917 793 4970 enim
824 4931 972 4985 spem
1000 4932 1106 4972 non
1137 4917 1366 4986 habent;
1397 4930 1451 4975 tu
1490 4937 1622 4977 vero
1651 4923 1856 4979 meliori
1897 4941 2016 4994 per-

435 5020 567 5076 gens
589 5007 672 5060 via
695 5047 710 5072 ,
753 5016 806 5061 ct
832 5007 899 5062 de
928 5008 1224 5065 futurorum
1256 5026 1351 5081 spe
1385 5013 1746 5084 philosophari
1788 5016 1972 5073 valens
1995 5059 2012 5086 ,

436 5113 538 5167 qua
567 5097 758 5168 dignus
787 5114 845 5154 es
871 5101 1022 5154 venia
1045 5142 1060 5166 ,
1089 5101 1158 5157 de
1191 5105 1580 5162 resurrectione
1605 5107 1817 5176 quidem
1843 5110 2012 5164 conﬁ-

436 5191 572 5246 dens
595 5232 609 5255 ,
639 5192 708 5246 ita
739 5206 867 5246 vero
893 5205 1117 5249 mortem
1149 5197 1345 5251 timens
1371 5207 1427 5253 ut
1461 5198 1494 5252 ii
1533 5200 1621 5269 qui
1654 5215 1762 5256 non
1791 5203 2016 5258 credunt

439 5283 856 5361 resurrectioni?
895 5283 1000 5340 Sed
1031 5295 1279 5354 mortem,
1309 5287 1513 5357 inquit,
1543 5306 1649 5345 non
1682 5291 1841 5347 timeo
1868 5310 1881 5346 :
1915 5309 2013 5348 ne-

439 5388 542 5442 que
567 5373 736 5438 mori,
768 5375 864 5429 sed
906 5377 1044 5432 male
1079 5379 1213 5433 mori
1242 5419 1258 5446 ,
1286 5389 1337 5432 et
1366 5381 1540 5450 capite
1571 5385 1822 5438 truncari.
1853 5385 2010 5456 Igitur

437 5461 669 5518 Joannes
706 5465 847 5520 male
884 5475 1126 5521 mortuus
1153 5469 1282 5522 est?
1321 5467 1421 5524 fuit
1459 5471 1600 5526 enim
1645 5473 2008 5532 obtruncatus.

436 5551 600 5622 Igitur
635 5553 936 5626 Stephanus
973 5559 1112 5614 male
1146 5568 1386 5617 mortuus
1423 5563 1549 5618 est?
1579 5563 1674 5620 fuit
1701 5566 1842 5623 enim
1884 5567 2014 5647 lapi-

503 5709 521 5742 ι
556 5708 659 5771 Alii,
684 5709 868 5762 uaria.

2143 438 2344 507 datus;
2393 454 2448 500 et
2493 458 2755 521 martyres
2804 456 2982 511 cuncti
3037 458 3232 515 misere
3279 467 3573 525 secundum
3626 489 3720 530 vos

2141 531 2323 620 obiere
2349 575 2362 598 ,
2397 539 2647 606 quoniam
2679 542 2800 612 igne
2834 553 2926 598 aut
2964 545 3108 604 ferro
3135 551 3294 607 vitam
3343 555 3596 616 finierunt
3623 581 3637 618 :
3666 577 3721 620 et

2139 617 2193 711 bi
2223 623 2432 691 quidem
2464 627 2514 679 in
2546 643 2711 694 mare,
2740 631 2792 685 hi
2824 649 2948 688 vero
2976 636 3031 690 in
3057 641 3428 711 prtecipitium,
3463 647 3515 701 hi
3539 663 3715 708 autem

2139 709 2192 764 in
2218 711 2402 768 dentes
2431 715 2714 773 bestiarum
2745 721 3038 781 incidentes
3060 769 3076 794 ,
3104 730 3182 785 sic
3207 709 3573 795 mortuiﬁsunt.
3602 744 3715 801 Non

2137 799 2240 856 hoc
2269 813 2352 858 est
2379 807 2517 862 male
2544 811 2675 863 mori
2702 852 2716 875 ,
2749 812 2819 866 mi
2853 813 3013 870 homo
3036 859 3051 881 ,
3081 819 3310 878 violenta
3343 839 3516 885 morte
3544 799 3713 898 ﬁniri,

2136 893 2229 984 sed
2253 894 2305 948 in
2331 899 2559 963 peccatis
2585 902 2739 956 mori.
2769 905 2903 960 Audi
2934 923 3160 980 namque
3181 916 3497 984 Prophetam
3524 919 3591 976 de
3616 893 3716 976 hoc

2135 981 2252 1052 ipso
2295 985 2754 1058 phiIOSOphantem
2785 1004 2836 1048 et
2873 995 3136 1053 dicentem
3167 1019 3180 1052 :
3213 981 3356 1058 Mors
3403 1020 3717 1075 peccatorum

2135 1077 2352 1173 pessima
2379 1077 2548 1173 (_PsuI.
2578 1082 2664 1136 55.
2693 1084 2808 1154 9.2).
2839 1086 2952 1141 Non
2978 1089 3129 1156 dixit,
3160 1108 3304 1150 mors
3331 1099 3558 1155 violenta
3590 1119 3714 1173 pes-

2132 1166 2288 1234 sima,
2313 1169 2404 1223 sed
2427 1171 2592 1240 quid?
2615 1173 2668 1226 Μ
2674 1191 2758 1228 ors
2781 1189 3097 1245 peccatorum
3123 1185 3358 1253 pessima.
3378 1187 3529 1246 Juste
3548 1166 3677 1248 sane
3697 1211 3711 1259 ;

2132 1267 2412 1328 postquam
2439 1263 2582 1317 cnim
2610 1264 2734 1320 hinc
2764 1267 3131 1339 migraverint,
3161 1289 3315 1342 paena
3341 1281 3711 1352 lntolerabilis,

2133 1353 2390 1401 tormenta
2407 1364 2519 1404 sem
2527 1353 2959 1422 piterna,vcrmis
2975 1361 3174 1417 viruleu
3183 1373 3285 1433 tus,
3310 1368 3444 1437 ignis
3461 1371 3714 1430 inexstin-

2131 1436 2365 1504 guihilis,
2392 1441 2623 1496 leuehrze
2648 1446 2962 1514 exteriores,
2990 1450 3196 1507 vincula
3223 1436 3542 1525 insolubilia,
3581 1462 3714 1518 dcn-

2133 1527 2265 1582 tium
2279 1531 2496 1597 stridor,
2514 1534 2781 1592 tribulatio
2792 1547 2845 1593 et
2865 1543 3125 1610 angustia,
3139 1555 3192 1599 et
3207 1556 3405 1604 aeterna
3418 1551 3708 1610 damnatio.

2200 1621 2253 1674 5.
2285 1621 2414 1676 Cum
2439 1624 2598 1694 igitur
2625 1629 2749 1683 talia
2778 1643 3028 1688 maneant
3057 1647 3365 1704 peccatores
3391 1643 3527 1698 mala
3549 1686 3565 1712 ,
3592 1662 3713 1714 qua:

2129 1711 2298 1778 possit
2333 1727 2453 1768 esse
2493 1715 2690 1771 utilitas
2713 1759 2728 1782 ,
2767 1719 2879 1775 sive
2916 1721 3095 1789 domi,
3137 1726 3249 1782 sive
3283 1729 3336 1782 in
3378 1731 3513 1786 lecto
3549 1711 3712 1790 vitam

2128 1800 2312 1855 liniant
2337 1802 2360 1856 ?
2385 1804 2526 1860 sicut
2546 1816 2732 1862 contra
2757 1809 2917 1879 justis
2944 1814 3147 1870 nullum
3174 1817 3422 1874 damnum
3450 1838 3569 1878 esse
3598 1841 3713 1895 pos-

2127 1889 2231 1954 sit,
2255 1893 2393 1983 quod
2425 1911 2555 1953 ense
2593 1899 2676 1954 vel
2713 1901 2836 1970 igne
2876 1915 3196 1972 pmsentem
3229 1910 3390 1965 vitam
3419 1889 3670 1971 claudant
3692 1960 3709 1983 ,

2125 1995 2245 2036 cum
2267 1982 2332 2037 ad
2361 1984 2677 2042 immortalia
2703 1991 2934 2061 migrare
2961 1993 3098 2050 bona
3126 1997 3374 2054 debeant.
3406 2001 3541 2059 Vere
3569 1982 3712 2062 Mors

2127 2081 2444 2138 peccatorum
2473 2077 2710 2144 pessima.
2736 2079 2881 2135 Talis
2909 2091 3028 2138 erat
3053 2085 3233 2142 divitis
3261 2089 3403 2144 illius
3431 2107 3594 2160 mors,
3617 2097 3711 2164 qui

2124 2159 2381 2218 Lazarum
2403 2165 2744 2237 despexerat,
2773 2173 2860 2240 qui
2893 2172 3035 2228 domi
3063 2185 3116 2231 et
3143 2177 3195 2231 in
3222 2179 3359 2235 lecto
3387 2193 3440 2236 et
3466 2159 3711 2241 necessa—

2126 2254 2220 2307 riis
2248 2256 2620 2313 assistentibus
2662 2261 2769 2316 vita
2808 2279 2903 2332 per
2949 2268 3219 2336 propriam
3261 2271 3431 2326 soluta
3480 2288 3710 2331 mortem

2125 2344 2407 2402 defunctus
2438 2352 2761 2417 torrebatur,
2791 2369 2858 2408 ne
2885 2369 3101 2424 parvam
3132 2361 3347 2428 quidem
3381 2370 3709 2421 consolatio-

2125 2452 2246 2490 nem
2276 2452 2339 2492 ex
2371 2441 2648 2506 prresentis
2678 2444 2799 2497 vitae
2843 2449 3193 2516 prosperitate
3226 2455 3462 2508 nancisci
3500 2458 3704 2512 valens.

2125 2527 2191 2580 At
2234 2543 2338 2581 non
2377 2528 2448 2582 ita
2477 2529 2708 2587 Lazarus
2736 2550 2751 2598 ;
2781 2549 2962 2589 verum
2995 2537 3046 2591 in
3081 2539 3194 2607 ipso
3225 2543 3531 2611 pavimento
3559 2549 3708 2602 cani-

2125 2615 2226 2670 bus
2253 2617 2586 2675 adstantibus
2612 2631 2665 2676 et
2697 2623 2872 2679 ulcera
2900 2626 3220 2698 lingenlihus
3246 2633 3533 2690 violentam
3561 2654 3709 2692 mor-

2125 2715 2232 2760 tem
2264 2723 2484 2777 passus;
2512 2711 2638 2780 quid
2668 2714 2809 2767 enim
2853 2714 2992 2772 fame
3035 2718 3303 2778 difﬁcilius
3343 2739 3464 2780 esse
3502 2729 3709 2795 possit?

2124 2796 2394 2866 digressus
2422 2799 2566 2854 illinc
2591 2805 2807 2858 mtcrnis
2838 2808 3036 2875 potitus
3062 2821 3143 2864 est
3169 2811 3325 2867 bonis
3347 2855 3361 2878 ,
3396 2815 3447 2869 in
3478 2817 3707 2874 Abrahae

2123 2890 2244 2944 sinu
2272 2893 2527 2961 gaudens.
2563 2895 2696 2961 Quid
2723 2896 2883 2967 igitur
2913 2901 3084 2970 ipsum
3116 2903 3254 2958 laesit
3299 2908 3562 2964 violenter
3589 2927 3704 2966 mo-

2123 2981 2212 3034 ri?
2235 2983 2361 3051 quid
2391 2999 2514 3038 vero
2535 2985 2684 3040 diviti
2718 2991 2911 3056 profuit
2938 3003 3107 3048 morte
3131 3011 3236 3048 non
3268 2997 3499 3053 violenta
3526 3003 3705 3056 mori?

2194 3069 2337 3126 Mors
2360 3074 2551 3142 injusta
2575 3077 2742 3129 minus
2772 3078 2994 3132 timenda
3011 3121 3024 3145 ,
3049 3098 3202 3152 quant
3220 3085 3385 3154 justa.
3409 3117 3480 3126 —
3503 3091 3571 3142 At
3597 3106 3705 3146 non

2121 3163 2398 3230 violenter,
2431 3165 2619 3236 inquit,
2650 3169 2744 3222 sed
2776 3170 2969 3239 injuste
3001 3175 3136 3227 mori
3171 3175 3414 3233 timemus
3444 3197 3458 3233 :
3489 3189 3542 3234 et
3563 3182 3704 3250 quod

2121 3252 2236 3306 ausi
2263 3253 2395 3307 nihil
2421 3270 2606 3310 eorum
2638 3257 2704 3312 dc
2735 3259 2931 3328 quibus
2961 3260 3013 3315 in
3046 3264 3401 3332 suspicionem
3430 3283 3698 3336 vocamur,

2121 3355 2242 3395 cum
2273 3344 2516 3399 sontibus
2543 3347 2740 3414 pariter
2767 3352 3063 3417 puniamur.
3089 3352 3222 3420 Quid
3252 3357 3352 3423 ais,
3379 3374 3558 3428 quaeso
3583 3361 3606 3413 ?
3630 3362 3704 3416 in-

2117 3430 2261 3500 juste
2287 3435 2420 3487 mori
2451 3437 2606 3491 times
2632 3437 2654 3490 ?
2679 3453 2745 3491 an
2768 3439 2912 3508 juste
2937 3442 3137 3497 velles?
3169 3445 3231 3498 Et
3259 3447 3379 3514 quis
3411 3457 3515 3502 tam
3541 3451 3705 3507 miser

2121 3534 2175 3577 et
2201 3540 2531 3579 :erumnosus
2551 3568 2565 3592 ,
2596 3536 2653 3582 ut
2676 3544 2797 3583 cum
2829 3531 3022 3600 injuste
3051 3536 3188 3589 mori
3214 3537 3523 3606 immineat,
3554 3541 3703 3596 malit

2117 3611 2259 3682 juste
2290 3615 2468 3669 mori?
2509 3616 2563 3672 Si
2593 3619 2734 3673 enim
2767 3632 2991 3676 mortem
3023 3635 3260 3681 metuere
3285 3638 3529 3697 oportet,
3555 3629 3701 3700 juste

2121 3704 2272 3758 nobis
2304 3705 2636 3774 ingruentem
2681 3709 2869 3765 timere
2908 3717 3160 3768 convenit
3188 3733 3201 3768 :
3228 3715 3478 3786 quoniam
3505 3720 3701 3790 injuste

2121 3795 2334 3864 quidem
2363 3808 2620 3865 mortuus,
2646 3817 2739 3869 per
2763 3801 2864 3857 hoc
2886 3803 3057 3873 ipsum
3085 3820 3204 3860 cum
3229 3811 3428 3865 sanctis
3449 3812 3701 3868 omnibus

2120 3889 2494 3944 communicat.
2526 3891 2680 3960 Apud
2711 3893 2873 3947 Deum
2913 3897 3054 3949 enim
3101 3899 3440 3966 probatorum
3483 3911 3536 3956 et
3581 3904 3702 3959 illu-

2120 3979 2308 4032 strium
2347 3980 2528 4050 plures
2558 3981 2805 4050 injustam
2852 3985 3152 4042 sustinuere
3196 3999 3420 4044 mortem
3447 4032 3462 4057 ,
3491 4003 3546 4048 et
3571 4003 3699 4051 ante

2120 4082 2306 4124 omnes
2338 4071 2469 4124 Abel
2501 4089 2513 4125 :
2546 4087 2652 4126 non
2675 4075 2814 4127 enim
2843 4074 2894 4128 in
2923 4073 3140 4131 fratrem
3170 4094 3414 4147 peccans,
3443 4098 3540 4138 nec
3567 4084 3697 4140 Cain

2121 4158 2250 4214 lwso
2269 4201 2283 4224 ,
2313 4161 2405 4215 sed
2435 4163 2683 4231 quoniam
2717 4164 2881 4218 Deum
2912 4165 3211 4223 honorabat
3235 4211 3247 4234 ,
3281 4171 3404 4226 ideo
3427 4172 3698 4243 jugulatus

2120 4260 2203 4305 est
2230 4253 2246 4318 (
2275 4251 2400 4307 Gen.
2433 4254 2466 4307 4
2490 4255 2529 4324 ).
2563 4254 2702 4310 Deus
2729 4267 2904 4310 autem
2936 4260 3207 4328 permisit,
3237 4264 3491 4333 numquid
3523 4265 3695 4335 ipsmn

2120 4359 2306 4400 amans
2330 4389 2344 4412 ,
2375 4363 2444 4402 an
2471 4348 2594 4402 odio
2621 4351 2824 4407 habens
2845 4351 2868 4404 ?
2889 4365 3093 4409 certum
3121 4365 3203 4410 est
3227 4358 3368 4427 quod
3389 4375 3573 4415 amans
3592 4403 3607 4426 ,
3639 4371 3697 4417 ut

2120 4437 2400 4492 clariorem
2431 4440 2530 4510 ipsi
2556 4455 2807 4495 coronam
2837 4442 3037 4500 faceret
3063 4461 3128 4501 ex
3156 4448 3498 4516 injustissima
3525 4452 3693 4508 carde.

2121 4529 2282 4584 Vides
2308 4545 2480 4601 neque
2505 4532 2814 4599 violentam,
2847 4551 3020 4606 neque
3046 4537 3295 4608 injustam
3324 4553 3548 4598 mortem
3577 4559 3698 4600 esse

2120 4621 2457 4677 metuendam
2483 4664 2498 4690 ,
2527 4624 2620 4678 sed
2664 4635 2890 4680 mortem
2929 4627 2981 4680 in
3021 4629 3294 4696 peccatis?
3330 4633 3463 4687 Abel
3505 4634 3697 4702 injuste

2119 4723 2358 4766 mortuus
2383 4722 2485 4777 est,
2514 4713 2640 4768 Cain
2669 4715 2799 4769 vixit
2825 4731 3042 4785 gemens
3065 4727 3119 4772 et
3147 4729 3378 4776 tremens
3407 4738 3422 4786 ;
3455 4734 3572 4778 uter
3598 4725 3698 4794 igi-

2121 4811 2226 4867 tur,
2255 4801 2342 4856 dic
2366 4802 2518 4870 mihi,
2549 4805 2755 4860 beatior
2784 4805 2898 4872 fuit,
2927 4807 3016 4877 qui
3044 4824 3163 4863 cum
3188 4809 3394 4879 justitia
3421 4816 3699 4884 requieve-

2120 4907 2222 4962 rat,
2246 4910 2312 4950 an
2338 4895 2428 4966 qui
2457 4898 2688 4966 peccatis
2712 4898 2962 4954 vivebat?
2990 4901 3080 4969 qui
3105 4910 3346 4956 mortuus
3372 4915 3453 4958 est
3479 4906 3696 4974 injuste,

2121 5001 2187 5040 an
2237 4987 2328 5056 qui
2373 4987 2515 5055 juste
2554 4989 2911 5057 puuicbatur?
2945 4991 3108 5047 Vultis
3125 4989 3581 5050 charitativestrae
3617 4997 3698 5051 di-

2120 5090 2259 5144 cam,
2291 5078 2431 5134 unde
2457 5079 2704 5135 timemus
2735 5090 2957 5136 mortem
2981 5083 3005 5136 ‘l
3029 5083 3145 5138 Non
3166 5086 3408 5141 vulnerat
3431 5102 3530 5142 nos
3551 5091 3697 5158 regni

2119 5187 2302 5237 amor,
2342 5189 2447 5228 non
2485 5189 2582 5228 nos
2619 5173 2918 5230 futurorum
2957 5192 3108 5230 amor
3144 5179 3387 5234 accendit
3419 5197 3434 5233 :
3464 5182 3698 5251 alioquin

2123 5265 2404 5332 praesentia
2425 5263 2818 5334 dcspiccremus
2843 5267 3018 5320 omnia
3039 5308 3055 5332 ,
3081 5268 3218 5323 sicut
3255 5269 3444 5326 beatus
3485 5272 3696 5326 Paulus.

2122 5354 2202 5407 Ad
2231 5354 2344 5409 lucc
2369 5371 2472 5409 non
2505 5358 2754 5412 timemus
2777 5357 3075 5427 gehennam
3099 5403 3114 5427 ,
3144 5361 3265 5416 ideo
3291 5374 3518 5419 mortem
3548 5366 3703 5420 timeo

2124 5462 2282 5501 mus:
2325 5448 2566 5517 supplicii
2611 5449 2752 5503 illius
2799 5450 3188 5507 intolerabilem
3235 5456 3547 5523 gravitatem
3592 5470 3699 5510 non

2123 5540 2368 5593 novimus
2392 5581 2406 5603 ,
2438 5551 2714 5608 propterea
2754 5556 2849 5610 pro
2891 5551 3110 5610 peccato
3144 5555 3369 5598 mortem
3413 5547 3696 5602 timemus;

2123 5635 2265 5698 quod
2303 5631 2346 5684 si
2386 5631 2472 5686 ille
2496 5633 2725 5686 animam
2764 5643 2998 5687 nostram
3035 5634 3198 5704 timor
3223 5645 3570 5706 occupasset,
3600 5639 3702 5693 iste

2128 5720 2415 5792 subrepere
2439 5736 2542 5777 non
2569 5730 2847 5791 p0tutssct.
2880 5722 2945 5777 Et
2984 5723 3083 5777 hoc
3112 5740 3218 5780 non
3249 5726 3430 5795 procul
3454 5769 3470 5798 ,
3511 5727 3605 5782 sed
3632 5743 3699 5784 ex
