4072 6384
255 352 319 408 71
1241 359 1332 414 AD
1351 354 1701 414 'POPULUM
1742 354 1917 410 ANTE

2021 351 2247 410 IENUM
2303 355 2535 412 IIOMIL.
2595 358 2661 414 ν.
3619 351 3693 406 73

252 441 542 541 ἀνθρώπου
565 469 754 542 ἀνέϐη,
781 471 986 544 ἀναδύῃ
1043 472 1180 544 πρὸς
1221 473 1321 545 τὴν
1378 472 1676 527 ἀπόλαυσιν
1711 483 1774 536 ιι,
1829 470 1924 524 xal

253 553 481 624 ἀμελεῖς
529 559 624 611 xal
669 559 883 625 ὀκνεῖς;
937 561 1029 614 xal
1067 561 1166 614 οὐκ
1199 561 1376 624 ὀκνεῖς
1412 561 1594 629 μόνον,
1640 559 1775 613 ἀλλά
1830 559 1924 612 xal

253 639 497 708 δέδοικας
536 645 628 699 xal
683 646 958 717 φρίττεις;
990 648 1099 701 Kal
1147 648 1266 712 πῶς
1309 649 1409 702 οὐκ
1435 648 1658 718 αἰσχρὸν
1682 689 1696 713 ,
1741 648 1820 701 ὅτι
1855 648 1919 701 σὺ

172 786 178 790 _
253 727 341 780 διά
371 729 595 784 θάνατον
619 734 891 798 ὀδυνᾶσαι,
908 735 1185 799 Παῦλοςδέ
1205 735 1293 790 διὰ
1317 737 1415 807 τὴν
1439 754 1512 789 πα
1523 735 1716 806 ροῦσαν
1741 735 1921 788 ἔστενε

257 813 435 885 ζωήνς
473 818 566 870 καὶ
606 820 896 890 Ῥωμαίοις
929 822 1156 892 γράφων
1185 822 1392 890 ἔλεγεν,
1411 823 1492 876 ὃτι
1527 822 1635 874 Kal
1660 823 1697 888 ἠ
1726 821 1922 887 κτίσις

255 905 632 969 συστενάζει,
659 909 754 961 καὶ
774 909 945 979 ἡμεῖς
971 910 1141 964 αὐτοὶ
1161 910 1274 978 τὴν
1301 910 1586 980 ἀπαρχὴν
1606 908 1713 962 τοῦ
1740 909 1920 961 πνεύ-

250 1006 442 1056 ματος
463 994 711 1060 ἔχοντες
733 995 1113 1066 στενάζομεν.
1139 997 1248 1050 Kal
1267 997 1439 1051 ταῦτα
1456 997 1638 1066 ἔλεγεν
1665 995 1784 1064 οὐχὶ
1815 994 1924 1047 τῶν

256 1077 540 1144 παρόντων
591 1081 1017 1149 καταγινώσκων
1040 1121 1056 1145 ,
1109 1083 1244 1136 ἀλλά
1294 1083 1364 1136 τὰ
1418 1083 1676 1152 μέλλοντα
1721 1080 1920 1134 ποθῶν.

271 1165 646 1241 Ἐγευσάμην,
703 1172 870 1242 φησὶ,
903 1173 1006 1242 τῆς
1062 1175 1322 1245 χάριτος,
1371 1175 1465 1227 xal
1518 1173 1578 1227 οὐ
1624 1172 1799 1241 στέγω
1826 1172 1924 1242 τήν

256 1252 525 1325 ἀναϐολήν
549 1272 562 1284 ·
588 1259 687 1327 τὴν
724 1260 976 1331 ἀπαρχὴν
1023 1259 1130 1332 ἔχω
1160 1260 1255 1314 τοῦ
1289 1261 1596 1332 πνεύματος
1615 1301 1629 1325 ,
1661 1261 1756 1314 xal
1788 1261 1924 1331 πρὸς

255 1339 315 1391 16
361 1343 468 1393 πᾶν
500 1342 818 1414 ἐπείγομαι·
863 1347 1063 1418 ἀνέϐην
1115 1350 1196 1410 εἰς
1241 1346 1422 1418 τρίτον
1474 1347 1734 1418 οὐρανὸν,
1786 1343 1923 1398 εἶδον

254 1425 354 1496 τὴν
387 1427 542 1492 δόξαν
570 1431 784 1503 ἐκείνην
822 1433 918 1504 τὴν
947 1433 1182 1505 ἄρρητον
1206 1474 1221 1497 ,
1260 1430 1398 1488 εἶδον
1435 1434 1503 1488 τά
1562 1433 1806 1504 βασίλεια
1855 1433 1922 1486 τὰ

255 1514 484 1588 λαμπρά
502 1557 517 1582 ,
543 1517 742 1589 ἔμαθον
767 1521 928 1576 τίνων
953 1523 1330 1594 ἀπεστέρημαι
1357 1523 1645 1594 διατρίϐων
1671 1520 1920 1584 ἐνταῦθα,

255 1604 351 1657 καὶ
375 1605 464 1658 διά
485 1606 661 1662 ταῦτα
693 1609 951 1674 στενάζω.
984 1611 1119 1665 Εἰπὲ
1141 1612 1250 1683 γάρ
1283 1629 1395 1683 μοι,
1424 1613 1476 1665 εί
1495 1611 1578 1675 τίς
1609 1628 1669 1664 σε
1713 1612 1792 1674 εἰς
1825 1610 1922 1680 βα·

256 1691 470 1757 σιλικάς
502 1695 797 1764 εἰσήγαγεν
827 1697 994 1761 αὐλὰς
1017 1740 1032 1764 ,
1062 1699 1156 1752 καὶ
1185 1699 1387 1770 χρυσὸν
1411 1699 1579 1764 ἐδειξε
1601 1739 1616 1764 ,
1662 1698 1924 1752 πάντοθεν

252 1779 363 1834 ἀπὸ
407 1781 516 1835 τῶν
548 1783 742 1853 τοίχων
787 1784 1204 1854 ἀστράπτοντα,
1245 1791 1338 1840 καὶ
1387 1786 1484 1857 τὴν
1528 1786 1691 1856 ἀλλην
1728 1785 1926 1858 εὐπρέ-

253 1885 418 1921 πειαν
467 1870 683 1925 ἃπασαν
709 1911 725 1936 ,
773 1870 891 1926 εἶτά
932 1890 992 1926 σε
1041 1875 1248 1928 ἐκεῖθεν
1293 1876 1372 1939 είς
1406 1875 1645 1946 καλύϐην
1695 1876 1923 1945 πένητος

252 1957 535 2027 εἰσήγαγε,
569 1960 664 2012 xal
700 1959 837 2030 μετά
878 1961 1067 2031 χρόνον
1096 1961 1298 2033 βραχὺν
1327 1962 1590 2032 ὑπέσχετο
1617 1964 1694 2026 είς
1717 1963 1786 2016 τά
1829 1962 1926 2034 βα-

254 2045 429 2098 σίλεια
481 2047 770 2112 ἐπανάξειν
806 2049 833 2088 ἓν
871 2051 1092 2114 ἐκεῖνα,
1143 2052 1240 2105 xal
1295 2051 1516 2122 διηνεκῆ
1571 2050 1764 2106 δώσειν
1810 2053 1926 2106 ἐκεῖ

257 2133 424 2203 μονήν
448 2149 462 2163 ο
489 2129 599 2205 ἆρα
621 2137 724 2190 οὐκ
751 2135 973 2206 ἔμελλες
1001 2137 1204 2202 ἀλύειν,
1232 2140 1326 2192 xal
1351 2139 1764 2210 δυσανασχετεῖν
1781 2181 1794 2203 ,
1831 2141 1924 2195 καὶ

253 2219 393 2287 πρὸς
431 2219 599 2284 αὐτάς
625 2222 725 2285 τάς
770 2223 953 2291 ὀλίγας
983 2224 1230 2296 ἡμέρας;
1255 2225 1424 2278 Τοῦτο
1449 2225 1513 2296 δὴ
1559 2226 1653 2280 xal
1699 2227 1791 2280 ἐπὶ
1816 2226 1923 2280 τῶν

250 2307 496 2377 οὐρανῶν
549 2309 764 2377 λογίζου
790 2349 805 2373 ,
839 2311 934 2364 καὶ
987 2311 1082 2364 ἐπὶ
1136 2313 1238 2382 τῆς
1270 2313 1406 2383 γῆς,
1459 2315 1551 2367 xal
1585 2313 1736 2366 στένε
1786 2314 1924 2383 μετά

253 2393 467 2448 Παύλου
489 2436 504 2455 ,
538 2396 611 2466 μὴ
649 2397 737 2450 διὰ
775 2396 866 2450 τὸν
913 2397 1171 2462 θάνατον,
1215 2399 1350 2453 ἀλλά
1381 2400 1470 2453 διά
1497 2400 1594 2470 τὴν
1641 2401 1923 2472 παροῦσαν

252 2479 418 2551 ζωήν.
450 2481 558 2534 Kal
593 2482 681 2546 66;
722 2499 812 2552 μοι
867 2482 1010 2536 κατά
1047 2484 1257 2538 Παῦλον
1296 2485 1579 2554 γενέσθαι,
1628 2487 1790 2556 φησὶ,
1829 2489 1923 2540 xal

250 2569 508 2621 οὐδέποτε
541 2569 919 2641 φοϐηθήσομαι
949 2571 1199 2626 θάνατον.
1237 2574 1346 2626 Kal
1379 2574 1430 2626 τί
1455 2575 1514 2626 τὸ
1549 2574 1754 2628 κωλύον
1782 2576 1922 2629 κατά

249 2652 463 2707 Παῦλον
512 2654 760 2723 γενέσθαι
796 2673 876 2718 σε,
916 2657 1197 2728 ἀνθρωπε;
1242 2659 1361 2728 οὐχὶ
1388 2660 1554 2730 πένης
1592 2655 1660 2730 ἦν
1684 2661 1918 2724 ἐκεῖνος;

248 2740 368 2808 οὐχὶ
409 2740 756 2809 σκηνοποιόςς
782 2741 882 2795 οὐκ
918 2742 1163 2808 ἰδιώτηςς
1194 2743 1258 2797 Εἰ
1293 2743 1390 2813 μὲν
1434 2743 1540 2815 γὰρ
1575 2743 1824 2808 πλούσιος
1853 2740 1921 2816 ἦν

249 2827 346 2878 xal
374 2825 488 2898 [6i]
523 2827 778 2898 εὐγενὴς,
811 2824 956 2898 εἶχον
1003 2828 1128 2892 ῐσως
1174 2832 1222 2882 οί
1261 2830 1488 2900 πένητες
1537 2830 1674 2901 πρὸς
1704 2831 1793 2884 τὸν
1825 2833 1921 2884 αὐ-

248 2913 340 2966 τὸν
369 2913 692 2984 καλούμενοι
721 2915 901 2985 ζῆλον,
921 2916 1017 2984 τὴν
1048 2916 1254 2969 ἑαυτῶν
1283 2917 1680 2987 προϐάλλεσθαι
1707 2919 1918 2973 πενίαν⁹

250 3002 368 3054 νυνὶ
386 3002 443 3054 δὲ
473 3001 622 3055 οὐδὲν
648 3003 854 3056 τούτων
904 3003 1046 3074 ἔχεις
1079 3005 1253 3057 εἰπεῖν
1277 3023 1290 3035 ο
1323 3005 1413 3058 xal
1438 3006 1545 3077 γάρ
1576 3007 1918 3078 χειροτέχνης

248 3090 278 3142 6
326 3090 608 3160 ἄνθρωπος
635 3087 702 3162 ἦν
727 3130 741 3154 ,
777 3092 871 3144 xal
917 3094 980 3145 ἐκ
1016 3092 1124 3145 τῶν
1170 3093 1552 3165 καθημερινῶν
1582 3095 1917 3165 ἀπετρέφετο

251 3176 462 3228 πόνων·
505 3177 597 3229 xal
646 3179 710 3230 σὺ
769 3177 869 3247 μὲν
926 3179 985 3244 ἐξ
1035 3178 1208 3249 ἀρχῆς
1245 3178 1341 3249 τὴν
1385 3180 1663 3233 εὐσέϐειαν
1701 3181 1918 3246 διεδέξω

250 3263 403 3333 παρά
444 3264 729 3334 πατέρων,
791 3264 885 3317 xal
942 3266 1006 3317 ἐκ
1063 3265 1284 3336 πρώτης
1321 3265 1536 3335 ἡλικίας
1590 3270 1703 3330 τοῖς
1757 3269 1919 3338 ἱεροῖς

249 3351 572 3420 γράμμασιν
593 3351 896 3420 ἐνετράφης
914 3367 926 3380 ·
949 3351 1151 3414 ἐκεῖνος
1177 3351 1232 3404 δὲ
1256 3352 1348 3404 καὶ
1369 3353 1686 3424 βλάσφημος
1707 3355 1916 3423 γέγονε,

249 3438 345 3488 καὶ
377 3435 639 3506 διώκτης,
678 3439 772 3490 καὶ
817 3437 1105 3508 ὑϐριστὴς,
1145 3439 1239 3492 καὶ
1272 3438 1369 3510 τὴν
1394 3439 1717 3511 Ἐκκλησίαν
1751 3442 1918 3512 ἑπόρ-
1948 3459 1955 3465 ·

249 3521 415 3592 θησεν
438 3563 452 3584 ,
501 3523 612 3575 ἀλλ’
641 3525 790 3592 ὅμως
819 3523 988 3586 οὑτως
1030 3522 1225 3594 ἀθρόον
1258 3525 1606 3594 μετεϐάλετο,
1639 3525 1714 3589 ώς
1744 3527 1917 3581 ἃπαν-

246 3627 347 3672 τας
375 3611 774 3680 ὑπερϐαλέσθαι
800 3613 865 3681 τῇ
891 3611 988 3680 τῆς
1001 3611 1306 3682 προθυμίας
1327 3611 1666 3682 σφοδρότητι,
1699 3614 1792 3666 καὶ
1822 3614 1919 3685 βοᾷ

248 3698 455 3766 λέγων’
490 3699 747 3767 Μιμηταί
768 3715 887 3766 μου
921 3698 1161 3766 γίνεσθε
1181 3739 1196 3764 ,
1227 3699 1418 3764 καθὼς
1447 3699 1608 3770 κάγὼ
1636 3703 1912 3770 Χριστοῦ.

262 3787 500 3851 Ἐκεῖνος
529 3788 618 3841 τὸν
648 3789 922 3858 Δεσπότην
967 3790 1304 3860 ἐμιμήσατο,
1339 3791 1403 3843 σὺ
1433 3789 1489 3843 δὲ
1517 3791 1605 3844 τὸν
1639 3792 1916 3848 σύνδουλον

247 3875 310 3927 οὐ
350 3879 512 3946 μιμῇ,
546 3877 574 3928 6
614 3874 673 3940 ἑξ
697 3878 872 3947 ἀρχῆς
904 3879 961 3929 ἐν
991 3877 1241 3948 εὐσεϐείᾳ
1269 3882 1496 3949 τραφεὶς
1523 3892 1546 3919 ο
1574 3881 1665 3934 τὸν
1694 3881 1917 3953 ὕστερον

249 3963 315 4014 ἐκ
369 3962 667 4033 μεταϐολῆς
702 3964 1064 4034 προσελθόντα
1100 3967 1164 4035 τῇ
1199 3966 1408 4031 πίστεις
1444 3968 1557 4020 Οὐκ
1605 3964 1794 4033 οἶσθα,
1834 3971 1915 4023 ὅτι

250 4051 297 4101 οἱ
329 4049 386 4100 ἐν
420 4050 715 4119 ἁμαρτίαις
742 4050 894 4114 ὄντες
918 4092 932 4116 ,
961 4050 1062 4104 κᾶν
1098 4049 1291 4115 ζῶσιν,
1340 4053 1606 4106 ἀπέθανον
1629 4071 1641 4084 ·
1673 4055 1722 4108 οί
1767 4055 1822 4108 δὲ
1857 4058 1915 4110 ἐν

249 4134 570 4206 δικαιοσύνῃ
599 4135 819 4201 ζῶντες,
843 4136 946 4190 κᾶν
977 4137 1308 4201 ἀποθάνωσι,
1340 4139 1474 4202 ζῶσι
1497 4158 1510 4205 ;
1534 4141 1644 4193 Kal
1665 4142 1764 4194 οὐκ
1785 4143 1916 4213 ἐμὸς

249 4217 403 4285 οἶκος
437 4225 466 4276 6
508 4222 698 4290 λόγος’
748 4223 1019 4291 ἀπόφασίς
1069 4224 1186 4276 ἐστι
1217 4225 1312 4277 τοῦ
1348 4227 1583 4296 Χριστοῦ
1633 4229 1768 4298 πρὸς
1815 4231 1913 4301 τὴν

249 4308 482 4377 Μάρθαν
512 4307 781 4376 λέγοντος
803 4307 926 4373 Πὰς
948 4311 982 4362 ό
1007 4311 1308 4364 πιστεύων
1334 4313 1422 4377 εὶς
1451 4311 1587 4380 ἐμὲ,
1622 4313 1738 4366 κᾶν
1764 4315 1910 4368 ἀπο-

250 4395 430 4463 θάνῃ,
455 4394 711 4460 ζήσεται.
743 4396 832 4464 Μὴ
882 4396 990 4465 γὰρ
1030 4394 1196 4466 μῦθός
1255 4397 1371 4450 ἐστι
1422 4398 1491 4451 τά
1532 4399 1808 4470 ήμέτερα;
1846 4402 1910 4455 El

250 4483 573 4552 Χριστιανὸς
619 4479 702 4543 εἴ,
741 4481 961 4535 πίστευε
1007 4482 1086 4554 τῷ
1135 4484 1393 4556 Χριστῷ·
1454 4489 1501 4538 εἰ
1535 4487 1806 4552 πιστεύεις
1836 4489 1912 4559 τῷ

249 4567 514 4639 Χριστῷ,
577 4568 666 4621 διά
722 4568 832 4621 τῶν
887 4573 1062 4640 ἔργων
1104 4570 1366 4636 ἐπίδειξόν
1418 4589 1508 4642 μοι
1557 4573 1657 4644 τὴν
1708 4575 1910 4630 πίστιν.

249 4655 374 4717 Πῶς
416 4654 474 4709 δὲ
516 4653 757 4728 ἐπιδείξῃ
791 4655 877 4708 διὰ
910 4657 1016 4708 τῶν
1046 4655 1219 4728 ἔργων
1251 4658 1348 4727 τὴν
1388 4658 1610 4725 πίστιν;
1662 4662 1786 4715 Ἐἀν
1817 4681 1914 4717 κα-

247 4742 522 4813 ταφρονῇς
559 4740 814 4795 θανάτου.
844 4741 952 4795 Kal
983 4741 1090 4813 γὰρ
1112 4742 1205 4795 καὶ
1228 4743 1400 4818 ταύτῃ
1420 4743 1780 4818 διεστήκαμεν
1804 4749 1912 4803 τῶν

246 4843 514 4884 απιστων.

331 4917 559 4971 Ἐκεῖνοι
601 4915 698 4988 μὲν
731 4915 840 4988 γὰρ
867 4916 1046 4981 καλῶς
1071 4917 1358 4988 φοϐοῦνται
1396 4919 1486 4972 τὸν
1518 4920 1763 4988 θάνατον,
1783 4925 1914 4978 ἀνα-

246 5002 493 5064 στάσεως
539 5002 646 5074 γάρ
681 5003 873 5057 ἐλπίδα
902 5005 1002 5057 οὐκ
1023 5003 1202 5075 ἔχουσι
1222 5022 1237 5034 ·
1264 5006 1327 5059 σὺ
1359 5005 1416 5058 δὲ
1450 5008 1478 5059 ὁ
1514 5007 1649 5076 πρὸς
1672 5007 1912 5078 βελτίονα

243 5089 445 5142 ὁδεύων
476 5089 613 5156 ὁδὸν,
643 5091 737 5144 xal
771 5092 899 5160 περὶ
944 5091 1043 5160 τῆς
1077 5091 1290 5155 ἐλπίδος
1321 5092 1419 5162 τῆς
1457 5095 1572 5147 ἐκεῖ
1604 5095 1912 5166 φιλοσοφεῖν

244 5174 405 5244 ἔχων,
439 5174 597 5228 ποίαν
623 5174 689 5228 ἂν
730 5175 873 5246 ἐχοις
903 5176 1250 5248 συγγνώμην,
1291 5178 1416 5249 περὶ
1440 5179 1782 5246 ἀναστάσεως
1813 5183 1912 5253 μὲν

246 5260 491 5333 θαρρῶν,
545 5261 746 5332 ὁμοίως
791 5263 846 5316 δέ
895 5265 1007 5326 τοῖς
1040 5265 1327 5318 ἀπιστοῦσι
1368 5268 1432 5336 τῇ
1477 5266 1769 5322 ἀναστάσει
1820 5269 1912 5324 τὸν

245 5351 476 5405 θάνατον
495 5351 778 5418 δεδοικώς;
810 5352 948 5406 Ἀλλ’
982 5353 1043 5406 οὐ
1075 5354 1165 5406 τὸν
1193 5354 1422 5408 θάνατον
1456 5355 1688 5420 δέδοικα,
1723 5359 1908 5429 φησὶν,

244 5439 367 5491 οὐδὲ
392 5438 453 5492 τὸ
488 5439 799 5506 ἀποθανεῖν,
852 5441 989 5494 ἀλλά
1015 5440 1076 5494 16
1103 5442 1288 5504 κακῶς
1329 5441 1641 5507 ἀποθανεῖν,
1686 5443 1746 5497 τὸ
1777 5448 1912 5500 ἀπο-

244 5524 520 5595 τμηθῆναι
546 5527 644 5596 τὴν
667 5527 928 5598 κεφαλήν.
967 5529 1176 5582 Οὐκοῦν
1206 5532 1234 5582 6
1279 5529 1530 5600 Ἰωάννης
1585 5531 1770 5596 κακῶς
1803 5533 1911 5587 ἀπ-

245 5615 474 5679 έθανεν;
515 5611 808 5686 ἀπετμήθη
849 5618 988 5688 γάρ·
1029 5617 1222 5672 οὐκοῦν
1250 5622 1277 5673 6
1297 5621 1566 5688 Στέφανος
1589 5622 1770 5686 κακῶς
1801 5623 1910 5677 ἁπ-

307 5755 334 5825 ξ
359 5754 905 5825 ῖέπυξιιιιρειάπᾷδυσιν.
946 5757 1055 5806 Mox
1078 5759 1350 5825 {inqnlng
1374 5761 1578 5825 dgestin
1594 5763 1906 5825 aliquolmss.

303 5814 336 5855 b
363 5815 616 5881 Sigﬁavil.
641 5819 815 5881 melius
838 5831 984 5879 quam
1013 5820 1143 5881 vulg.
1166 5821 1374 5874 ἀπάξειν.
1404 5821 1548 5870 Enn.

309 5887 329 5946 ξ
366 5875 461 5948 Al‘ii
486 5878 739 5948 ἐντραφείς,
760 5886 817 5948 ,ει
838 5875 948 5948 mox
976 5881 1023 5948 ἐν
1046 5875 1318 5948 δικαιοσύνῃ
1344 5883 1486 5939 ὄντες.
1520 5885 1671 5935 Paulo
1691 5893 1800 5948 post
1823 5884 1906 5936 alii

236 5938 353 5993 πρὸς
381 5940 465 5995 τὴν
497 5938 700 6001 Μαρίαν,
727 5938 808 5988 alii
831 5941 945 5996 πρὸς
977 5944 1060 5998 τὴν
1087 5943 1294 6001 Μάρθαν.

2029 471 2220 537 έθανε;
2271 473 2604 544 κατελεύσθη
2662 473 2804 543 γάρ’
2831 471 2926 525 καὶ
2974 469 3248 541 μάρτυρες
3297 467 3344 519 οἱ
3389 466 3446 519 δὲ
3494 465 3693 526 πάντες

2029 556 2228 622 ἀθλίως
2257 559 2485 613 τὸ’καθ’
2541 561 2686 630 ὑμᾶς
2721 557 3110 627 ἐτελεύτησανο
3149 553 3335 623 ἐπειδὴ
3385 554 3437 605 οἱ
3480 552 3579 623 μέν
3633 554 3693 604 ἐν

2028 645 2179 714 πυρὶ,
2213 647 2260 698 οί
2294 646 2350 699 δὲ
2382 647 2584 717 σιδήρῳ
2610 647 2698 698 τὸν
2731 646 2844 714 βίον
2887 644 3214 698 κατέλυσαν·
3268 641 3363 694 καὶ
3393 640 3445 691 οι
3489 638 3586 708 μὲν
3614 642 3694 701 είς

2026 731 2283 800 πέλαγος,
2333 735 2381 785 οἱ
2433 734 2488 786 δὲ
2541 736 2622 796 εἰς
2658 733 2920 804 κρημνὸν,
2966 733 3014 784 οἱ
3040 731 3106 796 ίδὲ
3147 731 3227 791 εἰς
3265 728 3480 790 ὀδόντας
3530 728 3696 796 ἐμπε-

2027 818 2210 882 σόντες
2239 819 2460 890 θηρίων,
2489 821 2659 882 οῦτως
2687 820 2977 872 ἀπέθανον.
3007 819 3081 870 Οὐ
3131 815 3286 869 τοῦτό
3335 816 3450 867 ἐστι
3498 813 3559 866 τὸ
3591 831 3693 866 xa-

2026 904 2138 968 κῶς
2172 907 2487 968 ἀποθανεῖν,
2519 907 2790 978 ἄνθρωπε,
2825 907 2886 958 τὸ
2917 905 3075 975 βιαίῳ
3102 903 3420 973 τελευτῆσαι
3455 901 3692 970 θανάτῳ,

2025 991 2160 1044 ἀλλά
2210 993 2270 1045 16
2319 996 2376 1047 ἐν
2416 995 2712 1065 ἁμαρτίαις
2759 993 3069 1046 ἀποθανεῖν.
3127 992 3392 1043 Ἀκουσον
3425 988 3556 1058 γοῦν
3597 987 3692 1042 τοῦ

2026 1079 2306 1149 προφήτου
2342 1080 2469 1150 περὶ
2498 1080 2678 1134 αὐτῶν
2706 1079 2910 1133 τούτων
2943 1077 3358 1148 φιλοσοφοῦντος
3385 1077 3479 1127 xal
3505 1075 3694 1141 λέξον-

2024 1179 2133 1226 τος·
2172 1164 2435 1232 Θάνατος
2472 1165 2834 1235 ἁμαρτωλῶν
2877 1165 3136 1231 πονηρός
3161 1178 3174 1192 °
3230 1164 3331 1215 οὐκ
3379 1157 3520 1214 εἶπε·
3583 1160 3693 1213 Θά-

2024 1270 2182 1318 νατος
2215 1254 2388 1325 βίαιος
2416 1256 2651 1327 πονηρός
2674 1273 2688 1287 ο
2719 1255 2857 1308 ἀλλά
2888 1254 2975 1317 τί;
3031 1252 3294 1317 Θάνατος
3335 1249 3696 1319 ἁμαρτωλῶν

2025 1343 2308 1410 πονηρός.
2358 1343 2620 1407 Δικαίως·
2667 1342 2804 1413 μετά
2827 1341 2935 1414 γὰρ
2979 1341 3078 1411 τὴν
3107 1337 3352 1391 ἐντεῦθεν
3386 1336 3695 1407 ἀποδημίαν

2024 1428 2244 1492 κόλασις
2293 1429 2587 1500 ἀφόρητος,
2646 1428 2908 1499 τιμωρίαι
2963 1426 3253 1487 ἀθάνατοι,
3299 1427 3326 1477 6
3388 1422 3604 1493 σκώληξ
3667 1424 3696 1474 6

2030 1513 2250 1580 ίοϐόλος,
2277 1514 2338 1568 τὸ
2369 1515 2479 1586 πῦρ
2508 1515 2568 1568 τὸ
2598 1515 2881 1580 ἄσϐεστον,
2919 1513 2980 1565 τὸ
3008 1513 3196 1574 σκότος
3228 1511 3289 1563 τὸ
3314 1509 3594 1579 ἐξώτερον,
3625 1507 3696 1562 τὰ

2029 1600 2206 1671 δεσμά
2246 1602 2314 1655 τὰ
2356 1601 2546 1658 ἄλυτα.
2589 1604 2617 1655 ὁ
2649 1602 2754 1654 τῶν
2788 1601 3013 1654 ὀδόντων
3058 1598 3384 1671 βρυγμὸς,ἠ
3437 1595 3634 1666 Θλῐψις,
3660 1595 3696 1666 ἡ

2026 1687 2377 1758 στενοχωρία,
2406 1688 2500 1742 xal
2538 1689 2571 1758 ή
2600 1688 2815 1751 αἰώνιος
2841 1687 2987 1757 δίκη,

2093 1783 2162 1845 γ’.
2191 1779 2358 1831 Ὅταν
2381 1773 2472 1831 οὖν
2492 1778 2715 1833 τοιαῦτα
2735 1781 2862 1841 τοὺς
2883 1777 3240 1849 ἁμαρτωλοὺς
3255 1775 3501 1849 ἀναμένῃ
3528 1775 3691 1838 κακὰ,

2023 1862 2074 1916 τί
2089 1864 2282 1932 γένοιτ’
2305 1864 2371 1917 ἂν
2400 1866 2581 1928 αὐτοῖς
2600 1865 2810 1936 ὄφελος,
2837 1864 2938 1918 κᾶν
2967 1866 3123 1924 οἴκοι,
3141 1865 3244 1916 κᾶν
3268 1862 3360 1916 ἐπὶ
3371 1863 3469 1932 τῆς
3485 1862 3695 1916 ἑαυτῶν

2023 1955 2211 2027 κλίνης
2255 1955 2600 2009 καταλύσωσι
2631 1957 2728 2026 τὴν
2754 1955 2936 2027 ζωήνς
2971 1955 3159 2026 ὥσπερ
3190 1949 3282 2009 οὖν
3310 1955 3422 2016 τοῖς
3467 1952 3696 2013 δικαίοις

2021 2041 2172 2094 οὐδὲν
2218 2041 2284 2094 ἂν
2322 2044 2530 2110 γένοιτο
2569 2041 2764 2111 βλάϐος
2800 2043 2865 2095 ἐκ
2901 2040 2994 2094 τοῦ
3045 2039 3186 2110 ξίφει
3234 2039 3331 2094 xal
3369 2039 3572 2111 σιδήρῳ
3602 2039 3697 2092 xal

2023 2128 2156 2199 πυρὶ
2182 2129 2282 2198 τὴν
2311 2129 2593 2199 παροῦσαν
2616 2129 2913 2183 ἀποθέσθαι
2947 2127 3112 2199 ζωήν,
3150 2130 3277 2181 ὅταν
3311 2126 3448 2197 πρὸς
3473 2126 3540 2178 τά
3571 2123 3698 2178 ἀθά-

2022 2231 2160 2269 νατα
2227 2215 2493 2286 μέλλωσιν
2546 2217 2848 2286 ἀποδημεῖν
2894 2215 3093 2284 ἀγαθά.
3151 2213 3392 2284 Ἀληθῶς
3433 2211 3698 2279 Θάνατος

2023 2303 2387 2372 ἁμαρτωλῶν
2410 2307 2695 2373 πονηρός.
2729 2304 2980 2367 Τοιοῦτος
3004 2300 3073 2375 ἦν
3096 2306 3123 2357 6
3170 2303 3264 2356 τοῦ
3318 2302 3569 2355 πλουσίου
3597 2300 3696 2353 θά-

2023 2407 2181 2453 νατος
2227 2392 2434 2445 ἐκείνου
2481 2392 2575 2445 τοῦ
2625 2391 2716 2444 τὸν
2749 2392 2998 2462 Λάζαρον
3058 2391 3420 2461 ὐπεριδόντος,
3455 2389 3513 2452 ὃς
3557 2388 3696 2442 οἴκοι

2023 2475 2117 2529 καὶ
2152 2477 2242 2528 ἐπὶ
2267 2477 2364 2545 τῆς
2392 2477 2574 2548 κλίνης
2610 2477 2702 2529 xal
2728 2477 2836 2528 τῶν
2861 2476 3180 2546 ἐπιτηδείων
3206 2475 3486 2547 παρόντων
3519 2475 3697 2545 οἰκεία

2019 2561 2239 2632 τελευτῇ
2272 2562 2579 2626 καταλύσας
2613 2564 2707 2615 τὸν
2745 2561 2858 2634 [651
2888 2561 3021 2631 βίον,
3060 2561 3309 2616 ἀπελθὼν
3333 2563 3449 2614 ἐκεῖ
3479 2561 3684 2630 ἀπετη-

2020 2647 2291 2714 γανίζετο,
2323 2648 2444 2701 οὐδὲ
2461 2647 2661 2719 μικρὰν
2691 2648 3042 2720 παραμυθίαν
3058 2649 3122 2702 ἐκ
3144 2648 3240 2717 τῆς
3267 2646 3409 2702 κατά
3431 2647 3521 2700 τὸν
3548 2663 3692 2717 παρ-

2019 2733 2148 2787 όντα
2189 2735 2301 2804 βίον
2332 2736 2632 2805 εὐημερίας
2677 2736 2857 2804 εὑρεῖν
2899 2734 3146 2806 δυνηθεὶς
3177 2737 3312 2788 ἐκεῖ.
3367 2733 3504 2787 Ἀλλ’
3540 2734 3640 2804 οὐχ
3666 2735 3695 2787 6

2021 2821 2268 2891 Λάζαρος
2297 2819 2497 2884 οὕτως·
2530 2821 2642 2875 ἀλλ’
2673 2822 2758 2874 ἐπ’
2788 2821 2953 2874 αὐτοῦ
2981 2821 3076 2874 τοῦ
3120 2820 3349 2889 ἐδάφους
3384 2820 3494 2874 τῶν
3519 2819 3694 2873 κυνῶν

2022 2907 2299 2978 παρόντων
2325 2910 2416 2961 καὶ
2446 2908 2771 2978 λειχομένων
2797 2909 2863 2961 τὰ
2891 2909 3198 2979 τραύματα,
3249 2909 3423 2978 βίαιον
3459 2907 3694 2962 θάνατον

2022 2994 2282 3058 ὑποστάς,
2313 2995 2383 3064 (τί
2423 2995 2529 3065 γάρ
2561 2995 2719 3065 λιμοῦ
2752 2996 2950 3062 γένοιτ’
2984 2997 3048 3048 ἂν
3077 2996 3696 3066 ὀδυνηρότερον;)ἀπελ-

2022 3079 2127 3132 θὼν
2170 3084 2285 3134 ἐκεῖ
2324 3080 2431 3132 τῶν
2476 3081 2709 3134 αἰωνίων
2742 3081 3055 3151 ἀπήλαυσεν
3113 3081 3355 3148 ἀγαθῶν,
3416 3081 3692 3152 ἐντρυφῶν

2020 3170 2130 3229 τοῖς
2151 3165 2368 3228 κόλποις
2408 3165 2501 3218 τοῦ
2555 3166 2822 3238 Ἀϐραάμ.
2858 3168 2922 3219 Τί
2949 3167 3127 3220 τοίνυν
3156 3167 3504 3238 παρέϐλαψεν
3529 3169 3692 3222 αὐτὸν

2019 3253 2079 3306 τὸ
2116 3252 2303 3323 βιαίως
2332 3252 2655 3314 ἀποθανεῖν;
2706 3254 2758 3306 τί
2804 3254 2861 3307 δὲ
2889 3255 2980 3306 τὸν
3023 3253 3277 3307 πλούσιον
3317 3253 3492 3326 ὢνησε
3525 3255 3586 3307 τὸ
3617 3255 3693 3326 μὴ

2021 3340 2210 3410 βιαίως
2251 3339 2544 3393 ἀποθανεῖν
2565 3357 2580 3405 ;

2103 3427 2243 3479 Ἀλλ’
2273 3429 2334 3481 οὐ
2361 3427 2420 3480 16
2456 3427 2664 3497 βιαίως,
2696 3427 2882 3497 φησὶν,
2927 3426 3062 3480 ἀλλά
3088 3427 3147 3480 τὸ
3177 3427 3376 3490 ἀδίκως
3404 3428 3692 3482 ἀποθανεῖν

2017 3515 2354 3586 δεδοίκαμεν,
2402 3517 2496 3569 καὶ
2543 3516 2603 3568 τὸ
2653 3515 2818 3585 μηδὲν
2846 3515 3257 3586 τετολμηκότες,
3291 3510 3364 3568 ὧν
3395 3517 3696 3570 ὑποπτευόο

2021 3602 2177 3673 μεθα,
2201 3607 2312 3666 τοῖς
2363 3602 2622 3656 ἑαλωκόσι
2668 3602 2995 3672 κολασθῆναι
3050 3603 3467 3674 παραπλησίως.
3509 3605 3573 3657 Τί
3604 3605 3693 3657 λέ-

2017 3704 2156 3755 γεις,
2187 3689 2306 3740 εἰπέ
2341 3705 2463 3756 μοι;
2494 3689 2556 3740 16
2598 3687 2798 3750 ἀδίκως
2829 3688 3116 3741 ἀποθανεῖν
3154 3688 3430 3752 δέδοικας;
3456 3688 3588 3741 ἀλλά
3613 3688 3692 3742 διο

2017 3773 2188 3836 καίως
2218 3772 2476 3837 ἐϐούλου;
2511 3774 2620 3826 Kal
2654 3774 2737 3836 τίς
2774 3773 2944 3836 οὕτως
2975 3773 3157 3836 ἄθλιος
3188 3774 3283 3826 καὶ
3327 3773 3688 3846 ταλαίπωρος,

2016 3860 2092 3924 ώς
2123 3860 2298 3931 παρὸν
2329 3860 2529 3923 ἀδίκως
2561 3861 2874 3926 ἀποθανεῖν,
2926 3860 3149 3924 δικαίως
3189 3858 3409 3913 ἑλέσθαι
3454 3862 3687 3931 μᾶλλονς

2018 3946 2081 3997 Εἰ
2134 3947 2243 4015 γάρ
2301 3945 2528 3998 θάνατον
2591 3946 2889 3998 δεδοικέναι
2947 3945 3073 4016 χρὴ,
3128 3945 3219 3997 τὸν
3276 3945 3495 4008 δικαίως
3548 3949 3683 4016 ήμῖν

2017 4033 2238 4085 ἐπιόντα
2256 4031 2552 4085 δεδοικέναι
2584 4032 2712 4102 χρὴ,
2744 4031 2818 4094 ὡς
2845 4033 2872 4083 ὅ
2904 4049 2966 4100 γε
3009 4030 3208 4095 ἀδίκως
3252 4031 3537 4085 ἀποθανὼν
3566 4035 3688 4086 κατ’

2016 4121 2148 4172 αὐτὸ
2179 4119 2337 4172 τοῦτο
2363 4123 2606 4172 κοινωνεῖ
2638 4121 2751 4182 τοῖς
2777 4118 2951 4187 ἁγίοις
2981 4119 3201 4171 ἅπασιν.
3239 4121 3299 4171 υί
3331 4118 3439 4190 γὰρ
3472 4119 3690 4185 πλείους

2014 4207 2124 4260 τῶν
2171 4207 2610 4277 εὐδοκιμηκότων
2641 4205 2794 4277 παρά
2817 4205 2896 4276 τῷ
2936 4204 3055 4276 Θεῷ
3082 4206 3174 4258 καὶ
3197 4204 3546 4275 λαμψάντων,
3575 4205 3688 4260 ἀδι-

2016 4312 2110 4348 κον
2135 4295 2450 4363 ὑπέστησαν
2489 4293 2763 4363 τελευτήν,
2788 4293 2881 4345 xal
2913 4293 3126 4363 πρῶτος
3159 4294 3187 4345 6
3228 4291 3395 4344 Ἀϐελ
3415 4309 3428 4322 ·
3478 4292 3538 4345 οὐ
3577 4293 3686 4365 γὰρ

2014 4381 2078 4452 δὴ
2129 4381 2526 4451 πλημμελήσας
2570 4382 2650 4444 είς
2681 4380 2770 4432 16v
2807 4379 3050 4448 ἀδελφὸν,
3086 4379 3205 4432 οὐδὲ
3242 4379 3486 4452 λυπήσας
3519 4397 3571 4433 τι
3596 4381 3684 4435 τὸν

2016 4469 2174 4530 Κάῐν,
2215 4469 2328 4520 ἀλλ’
2353 4468 2541 4537 ἐπειδὴ
2569 4467 2659 4520 τὸν
2693 4466 2824 4519 Θεὸν
2857 4465 3101 4536 ἐτίμησε,
3133 4464 3219 4518 διὰ
3245 4465 3404 4519 τοῦτο
3429 4467 3643 4538 ἐσφάγη
3663 4485 3678 4500 ·

2013 4557 2040 4608 ὁ
2071 4555 2126 4608 δὲ
2164 4555 2292 4618 Θεὸς
2331 4552 2730 4626 συνεχώρησεν,
2756 4549 2863 4623 ἆρα
2903 4552 3070 4620 φιλῶν
3100 4552 3318 4624 αὑτὸνῆ
3354 4554 3561 4624 μισῶν;
3593 4553 3684 4608 εὖ·

2011 4641 2169 4710 δηλον
2224 4643 2302 4694 ’ότι
2347 4640 2536 4709 φιλῶν,
2588 4640 2683 4692 xal
2706 4639 3083 4709 λαμπρότερον
3125 4639 3272 4709 αὐτῷ
3299 4640 3390 4692 τὸν
3408 4641 3685 4711 »στέφανον

2013 4728 2233 4797 ποιῆσαι
2267 4726 2587 4797 βουλόμενος
2619 4724 2726 4778 ἀπὸ
2754 4725 2851 4794 τῆς
2877 4723 3212 4794 ἀδικωτάτης
3241 4725 3477 4795 σφαγῆς.
3525 4726 3686 4799 Ὀρᾷς

2012 4815 2093 4868 ὅτι
2125 4814 2185 4867 οὐ
2210 4815 2271 4866 16
2306 4813 2495 4885 βιαίως
2529 4811 2842 4876 ἀποθανεῖν,
2882 4809 3006 4863 οὔτε
3039 4810 3102 4862 τὸ
3147 4810 3347 4875 ἀδίκως
3397 4813 3684 4871 ἀποθανεῖν

2011 4899 2306 4952 δεδοικέναι
2348 4898 2473 4970 χρὴ,
2520 4896 2654 4950 ἀλλά
2686 4896 2747 4949 16
2796 4899 2854 4950 ἐν
2902 4893 3196 4966 ἁμαρτίαις
3241 4895 3566 4964 ἀποθανεῖν;
3623 4900 3683 4954 Ὀ

2015 4987 2180 5040 Ἀϐελ
2200 4985 2466 5040 ἀπέθανεν
2494 4985 2712 5048 ἀδίκως,
2740 4987 2768 5038 6
2797 4984 2935 5037 Κάῖν
2963 4983 3060 5052 ἔζη
3085 4983 3284 5036 στένων
3305 4986 3397 5038 καὶ
3426 4986 3644 5057 τρέμων
3663 5004 3678 5020 ο

2011 5075 2094 5137 τίς
2133 5070 2244 5136 οὖν,
2286 5073 2406 5125 εἰπέ
2432 5088 2540 5141 μοι,
2578 5069 2987 5142 μακαριώτερος
3001 5066 3089 5140 ἦν,
3121 5071 3149 5122 6
3181 5071 3319 5140 μετὰ
3339 5071 3682 5142 δικαιοσύνης

2012 5160 2485 5230 ἀναπαυσάμενος,
2522 5157 2555 5228 ἢ
2594 5157 2623 5209 6
2656 5159 2713 5210 ἐν
2749 5157 3040 5230 ἁμαρτίαις
3084 5155 3227 5222 (GN;
3257 5157 3286 5208 6
3322 5157 3518 5223 ἀδίκως
3549 5159 3683 5212 ἀπο-

2013 5247 2208 5312 θανὼν,
2235 5248 2269 5318 ἦ
2309 5249 2338 5300 6
2367 5245 2592 5308 δικαίως
2627 5243 3016 5315 κολαζόμενος;
3076 5243 3340 5296 Βούλεσθε
3373 5245 3515 5297 εἴπω
3544 5247 3682 5316 πρὸς

2011 5334 2109 5404 τὴν
2138 5334 2408 5404 ὑμετέραν
2438 5331 2682 5402 ἀγάπην,
2719 5331 2882 5385 πόθεν
2928 5330 3241 5400 δεδοίκαμεν
3269 5329 3536 5396 θάνατον;
3567 5331 3683 5387 Οὐκ

2012 5419 2248 5491 ἔτρωσεν
2278 5420 2425 5490 ἡμᾶς
2461 5418 2734 5488 βασιλείας
2766 5417 2926 5488 ἑρως,
2957 5417 3076 5470 οὐδὲ
3108 5414 3312 5485 ἀνῆψεν
3338 5418 3484 5487 ἡμᾶς
3515 5419 3543 5471 6
3571 5419 3684 5474 τῶν

2015 5505 2312 5576 μελλόντων
2338 5505 2520 5569 πόθος,
2549 5504 2670 5556 ἐπεὶ
2700 5504 2917 5557 πάντων
2934 5503 3000 5557 ἂν
3026 5503 3378 5574 ὑπερείδομεν
3404 5505 3512 5557 τῶν
3543 5522 3683 5578 παρ-

2009 5593 2198 5656 όντων,
2263 5591 2516 5663 καθάπερ
2557 5593 2586 5643 6
2623 5592 2891 5661 μακάριος
2919 5590 3146 5652 Παῦλος.
3173 5591 3282 5644 Kal
3316 5591 3452 5662 πρὸς
3473 5591 3683 5657 τούτοις

2011 5678 2171 5731 πάλιν
2195 5679 2254 5730 οὐ
2288 5677 2598 5747 φοϐούμεθα
2640 5678 2883 5746 γέενναν,
2917 5677 3003 5730 διά
3048 5676 3202 5729 τοῦτο
3250 5677 3563 5748 φοϐούμεθα
3595 5679 3684 5733 θά-

2010 5781 2198 5819 νατον·
2239 5765 2338 5818 οὐκ
2384 5765 2541 5835 ίσμεν
2573 5765 2673 5835 τῆς
2705 5766 2824 5818 ἐκεῖ
2853 5764 3126 5828 κολάσεως
3170 5762 3230 5816 16
3266 5765 3558 5836 ἀφόρητον,
3593 5767 3680 5822 διὰ

2008 5851 2164 5904 τοῦτο
2190 5850 2443 5922 τελευτὴν
2465 5851 2584 5904 ἀντὶ
2612 5852 2887 5922 ἁμαρτίας
2911 5851 3226 5921 δεδοίκαμεν
3248 5867 3260 5880 ·
3293 5851 3365 5915 ὡς
3387 5854 3436 5905 εί
3469 5855 3676 5919 ἐκεῖνος

2014 5942 2226 6006 κατεῖχε
2251 5939 2345 5996 τὴν
2382 5939 2556 6008 ψυχὴν
2591 5940 2744 6010 ήμῶν
2763 5941 2792 5992 6
2812 5940 2994 6009 φόϐος,
3020 5941 3135 5994 οὐδέ
3166 5940 3492 5996 ἐπεισελθεῖν
3524 5937 3678 6009 οὗτος
