4072 6384
416 361 483 417 73
1198 361 1255 414 S.
1296 357 1580 415 JUANNIS
1615 357 2113 415 CIIRYSOSTOMI
2151 354 2474 413 ARCHIEP.
2515 353 3080 416 CONSTANTINOP._
3807 345 3876 399 τι

411 475 659 547 ἠδύνατο.
718 475 827 528 Καὶ
866 472 1023 528 τοῦτο
1066 475 1127 528 οὐ
1180 475 1461 546 πόρρωθέν
1498 475 1682 537 ποθεν,
1725 475 1840 529 ἀλλ’
1874 473 2084 528 οἴκοθεν

411 563 505 615 καὶ
547 563 604 629 ἐξ
633 562 814 616 αὐτῶν
846 564 954 616 τῶν
999 563 1424 634 συμϐεϐηκότων
1453 566 1584 634 ἡμῖν
1611 566 1668 617 ἐν
1705 562 1822 627 ταῖς
1850 564 2086 634 ἡμέραις

407 651 635 716 ταύταις
665 654 996 724 πειράσομαι
1023 653 1247 723 ποιῆσαι
1278 653 1528 724 φανερόν.
1575 651 1790 723 Ἐπειδὴ
1823 653 1932 724 γὰρ
1958 649 2090 724 ἦλθε

411 740 560 811 παρά
600 741 864 811 βασιλέως
896 743 964 794 τα
989 742 1292 811 γράμματα
1325 742 1423 811 τὴν
1465 741 1724 813 είσφοράν
1755 739 1958 810 ταύτην
1992 741 2091 811 τὴν

408 827 683 899 ἀφόρητον
725 825 863 880 εἶναι
903 827 1164 881 δοκοῦσαν
1198 828 1486 881 κελεύοντα
1520 827 1855 890 καταθεῖναι,
1892 827 2092 892 πάντες

409 914 755 978 ἐστασίαζον,
785 914 985 978 πάντες
1023 915 1410 985 ἐφιλονείκουν,
1455 916 1855 986 ἐδυσχέραινον,
1884 917 2090 984 ἠγανά-

409 1018 591 1066 κτουν,
650 1002 788 1073 πρὸς
819 1002 1080 1074 ἀλλήλους
1134 1004 1480 1068 ἀπαντῶντες
1535 1004 1750 1072 ἔλεγον·
1831 1003 2089 1066 Ἀϐίωτος

408 1090 540 1158 ἡμῖν
569 1101 594 1128 ι
626 1091 654 1142 6
689 1089 824 1158 βίος,
863 1091 1145 1160 ἀνετράπη
1185 1094 1217 1162 ἡ
1256 1091 1429 1155 πόλις,
1468 1092 1644 1155 οὐδεὶς
1666 1091 1959 1162 ὑποστῆναι
1996 1091 2089 1143 δυ-

407 1181 626 1246 νήσεται
652 1177 754 1246 τῆς
782 1179 1042 1248 εἰσφορᾶς
1069 1178 1274 1248 ταύτης
1310 1179 1370 1231 τὸ
1401 1177 1660 1249 μέγεθος·
1697 1179 1791 1231 καὶ
1823 1177 2089 1248 ἤσχαλλον

407 1261 610 1326 πάντες
660 1263 736 1327 ὡς
781 1266 909 1335 περὶ
973 1264 1082 1316 τῶν
1133 1265 1377 1335 ἐσχάτων
1430 1265 1610 1318 αὐτῶν
1665 1265 2085 1327 κινδυνεύοντες.

409 1348 558 1402 Μετά
611 1350 806 1414 ταῦτα,
851 1352 1037 1423 ἐπειδὴ
1074 1353 1270 1425 συνέϐη
1315 1352 1382 1405 τὰ
1423 1352 1780 1424 τολμηθέντα,
1817 1353 1910 1405 καί
1943 1370 2088 1416 τινες

410 1439 600 1509 μιαροὶ
644 1438 740 1491 καὶ
796 1439 1105 1510 παμμίαροι
1154 1442 1278 1504 τοὺς
1329 1442 1524 1512 νόμους
1579 1443 2085 1512 καταπατήσαντες,

406 1525 532 1589 τοὺς
576 1526 902 1596 ἀνδριάντας
947 1527 1216 1592 καθεῖλον,
1249 1531 1342 1582 καὶ
1395 1530 1486 1582 τὸν
1523 1530 1650 1600 περὶ
1688 1529 1797 1583 τῶν
1844 1530 2086 1599 ἐσχάτων

406 1613 574 1666 πᾶσιν
619 1615 1008 1686 ἐπεκρέμασαν
1045 1617 1308 1679 κίνδυνον,
1372 1618 1464 1670 καὶ
1514 1617 1608 1669 νῦν
1657 1619 1786 1686 περὶ
1815 1617 1916 1686 τῆς
1941 1618 2086 1688 ζωῆς

405 1697 581 1768 αὐτῆς
614 1699 935 1770 δεδοίκαμεν
989 1702 1393 1774 παροξύναντες
1440 1703 1531 1756 τὸν
1567 1705 1792 1774 βασιλέα
1818 1723 1829 1734 ·
1872 1705 1971 1758 οὐκ
2005 1706 2085 1758 ἔτι

405 1783 592 1838 λοιπὸν
621 1788 766 1857 ἡμᾶς
801 1790 834 1858 ὴ
865 1788 973 1840 τῶν
997 1791 1297 1860 χρημάτων
1328 1791 1513 1844 δάκνει
1544 1791 1738 1863 ζημία.
1783 1792 1895 1845 ἀλλ’
1921 1792 2084 1862 ἕτερα

402 1871 518 1924 ἀντ’
543 1871 765 1926 ἐκείνων
781 1872 892 1945 [64]
932 1876 1147 1931 πάντων
1181 1878 1361 1932 ἀκούω
1394 1879 1696 1948 λεγόντωνε
1729 1871 1953 1932 Λαϐέτω
1986 1881 2086 1948 τὴν

403 1957 594 2014 οὐσίαν
631 1962 660 2013 6
703 1960 976 2030 βασιλεὺς,
1014 1965 1433 2038 ἀποστησόμεθα
1483 1969 1576 2020 καὶ
1621 1967 1732 2018 τῶν
1771 1967 1956 2038 ἀγρῶν
1992 1968 2084 2020 καὶ

404 2042 515 2096 τῶν
551 2045 748 2100 οὐσιῶν
780 2047 806 2086 δ
846 2048 1168 2119 ἀγαπητῶς,
1199 2051 1357 2120 μόνον
1387 2051 1454 2104 ἂν
1499 2052 1560 2105 τὸ
1591 2052 1749 2122 σῶμα
1771 2053 1976 2122 γυμνόν
2001 2069 2085 2117 τις

404 2136 538 2204 ἡμῖν
583 2137 888 2210 ὑπόσχηται
938 2139 1245 2204 διασώζειν.
1307 2144 1517 2213 Ὥσπερ
1566 2139 1659 2196 οὖν
1714 2144 1842 2213 πρὶν
1905 2144 1938 2215 ἦ
1991 2144 2084 2195 τὸν

405 2223 500 2276 τοῦ
530 2225 760 2278 θανάτου
797 2227 960 2296 φόϐον
988 2230 1118 2299 ἡμῖν
1151 2231 1459 2299 ἐπιστῆναι,
1495 2232 1715 2286 ἔδακνεν
1746 2235 1895 2303 ἡμᾶς
1925 2237 1956 2304 ἡ
1987 2235 2083 2304 ζη-

408 2311 508 2382 μία
545 2313 652 2366 τῶν
691 2317 1008 2385 χρημάτων,
1035 2318 1221 2388 ἐπειδὴ
1266 2319 1323 2371 δέ
1351 2320 1624 2390 ἐτολμήθη
1675 2321 1744 2374 τά
1791 2323 2083 2392 παράνομα

401 2399 574 2454 ταῦτα
607 2401 950 2473 τολμήματα,
976 2404 1004 2456 6
1040 2405 1134 2457 τοῦ
1170 2405 1398 2460 θανάτου
1434 2407 1596 2476 φόϐος
1629 2409 1958 2462 ἐπεισελθὼν
1984 2412 2082 2481 τὴν

399 2485 593 2557 ὀδύνην
635 2489 737 2559 τῆς
781 2491 985 2561 ζημίας
1031 2493 1350 2563 ἀπὼθησεν·
1381 2494 1555 2559 οὓτως
1585 2499 1634 2548 εἰ
1661 2499 1689 2549 6
1728 2498 1826 2566 τῆς
1855 2498 2082 2570 γεέννης

403 2575 566 2644 φόϐος
601 2581 849 2648 κατεῖχεν
890 2580 1044 2650 ήμῶν
1086 2581 1185 2646 τὰς
1209 2583 1404 2652 ψυχὰς,
1440 2585 1540 2637 οὐκ
1570 2585 1636 2639 ἂν
1663 2588 1692 2638 6
1723 2587 1816 2638 τοῦ
1850 2587 2079 2639 θανάτου

403 2661 568 2729 φόϐος
615 2666 915 2736 κατέσχεν·
962 2667 1077 2720 ἀλλ’
1124 2670 1311 2741 ῶσπερ
1346 2673 1438 2724 ἐπὶ
1474 2671 1584 2725 τῶν
1633 2675 1920 2744 σωμάτων,
1952 2675 2080 2728 ὅταν

399 2750 492 2804 δύο
517 2754 668 2822 ἡμᾶς
698 2755 1045 2826 κατάσχωσιν
1079 2757 1282 2821 ὀδύναι,
1309 2762 1341 2828 ἡ
1379 2759 1722 2830 δυνατωτέρα
1772 2763 1871 2832 τὴν
1911 2779 2080 2816 κατα-

398 2837 688 2911 δεεστέραν
724 2852 746 2879 ε
780 2842 1155 2913 ἀποκρύπτειν
1178 2846 1370 2898 εἴωθεν
1395 2862 1407 2874 ·
1441 2846 1584 2901 οὕτω
1609 2849 1702 2900 καὶ
1735 2848 1829 2902 νῦν
1863 2850 2079 2916 ἐγένετο

399 2923 466 2980 ἄν
487 2942 501 2958 ·
537 2928 585 2980 εί
625 2927 685 2980 τὸ
723 2928 820 2999 τῆς
862 2929 1163 3003 μελλούσης
1193 2933 1462 2998 κολάσεως
1491 2935 1608 2998 δέος
1641 2935 1831 3005 ἔμενεν
1862 2938 1952 2989 ἐπὶ
1981 2937 2079 3007 τῆς

397 3013 596 3085 ψυχῆς,
623 3016 800 3070 πάντα
829 3017 1168 3088 ἀνθρώπινον
1189 3020 1472 3090 ἀπέκρυψε
1503 3022 1686 3090 φόϐον.
1727 3025 1886 3075 ’Ὠστε
1919 3024 1971 3075 εί
1994 3041 2078 3086 τις

399 3103 690 3168 σπουδάζει
721 3105 808 3158 διὰ
848 3107 1048 3170 παντὸς
1081 3108 1387 3180 μεμνῆσθαι
1423 3111 1665 3180 γεέννης,
1703 3114 1884 3183 πάσης
1911 3130 2078 3166 κατα-

397 3190 689 3260 γελάσεται
714 3195 968 3266 τελευτῆς
989 3211 1004 3227 ·
1045 3197 1139 3248 καὶ
1183 3197 1340 3249 τοῦτο
1371 3199 1430 3251 οὐ
1477 3200 1576 3269 τῆς
1609 3201 1887 3272 παρούσης
1915 3203 2076 3254 αὑτὸν

397 3279 696 3344 ἀπαλλάξει
736 3283 896 3352 μόνον
939 3284 1202 3351 ἀγωνίας,
1253 3284 1389 3338 ἀλλά
1440 3286 1700 3357 κάκείνης
1731 3287 2075 3358 ἐξαιρήσεται

395 3369 496 3439 τῆς
533 3370 753 3439 φλογός.
795 3371 852 3423 '0
882 3371 992 3443 γὰρ
1020 3373 1108 3426 διὰ
1138 3373 1339 3437 παντὸς
1381 3375 1605 3441 γέενναν
1632 3375 1902 3440 δεδοικὼς,
1923 3379 2074 3430 οὐδέ-

397 3457 518 3510 ποτ’
561 3460 641 3521 εἰς
686 3458 747 3510 τὸ
789 3460 889 3529 τῆς
934 3460 1159 3531 γεέννης
1191 3461 1512 3530 ἐμπεσεῖται
1548 3462 1678 3533 πῦρ,
1710 3463 1786 3533 τῷ
1838 3463 2078 3534 διηνεκεῖ

396 3545 572 3616 τούτῳ
590 3546 1058 3618 σωφρονιζόμενος
1085 3549 1252 3620 φόϐῳ.
1284 3551 1412 3602 Δότε
1445 3568 1534 3620 μοι
1564 3553 1701 3622 πρὸς
1725 3553 1868 3622 ὑμᾶς
1894 3555 2075 3607 εὐκαί-

399 3647 510 3702 ρως
553 3635 728 3686 εἰπεῖν
780 3634 908 3686 νῦν·
956 3633 1252 3703 Ἀδελφοί,
1292 3635 1378 3705 μὴ
1418 3636 1627 3691 παιδία
1658 3641 1901 3708 γίνεσθε
1945 3641 2076 3709 ταῖς

395 3718 632 3787 φρεσὶν,
663 3719 822 3774 ἀλλὰ
848 3719 922 3788 τῇ
956 3721 1136 3788 κακίᾳ
1166 3720 1492 3788 νηπιάζετε.

469 3801 576 3861 Καὶ
636 3803 742 3874 γὰρ
832 3807 1077 3860 παιδικὸν
1118 3807 1428 3878 φοϐούμεθα
1457 3808 1621 3877 φόϐον
1651 3808 1876 3864 θάνατον
1903 3813 2071 3866 δεδοι-

395 3890 575 3954 κότες,
602 3893 877 3963 ἁμαρτίαν
901 3894 956 3946 δέ
988 3893 1062 3964 μὴ
1085 3894 1399 3960 δεδοικότες.
1429 3897 1539 3949 Καὶ
1562 3895 1670 3968 γάρ
1691 3898 1758 3950 τά
1787 3899 1970 3951 παιδία
2004 3900 2071 3953 τὰ

397 3978 571 4048 μικρά
592 3983 908 4048 προσωπεῖα
949 3982 1045 4052 μὲν
1077 3981 1303 4046 δέδοικε,
1339 3982 1450 4055 πῦρ
1490 3985 1534 4036 δ’
1560 3984 1620 4036 οὐ
1653 3984 1912 4036 δέδοικεν·
1954 3986 2071 4039 ἀλλ’

394 4065 491 4120 ἐὰν
540 4065 918 4138 βασταζόμενα
965 4069 1102 4140 τύχῃ
1137 4071 1287 4142 παρά
1331 4071 1552 4140 λυχνίαν
1598 4070 1787 4139 λύχνον
1817 4071 2067 4142 ἔχουσαν,

393 4154 820 4225 ἀπερισκέπτως
862 4156 961 4228 τὴν
1011 4161 1170 4227 χεῖρα
1213 4159 1479 4227 ἐπαφίησι
1526 4159 1594 4227 τῇ
1625 4156 1815 4228 λυχνίᾳ
1857 4161 1951 4212 καὶ
2001 4164 2066 4233 τῇ

394 4240 587 4310 φλογί·
645 4243 738 4294 καὶ
801 4242 862 4295 τὺ
939 4243 1037 4313 μὲν
1093 4243 1567 4313 εὐκαταφρόνητον
1633 4244 1842 4313 φρίττει
1903 4263 2071 4318 προσ-

391 4332 610 4392 ωπεῖον,
643 4331 704 4382 τὸ
731 4330 775 4382 δ’
803 4330 1018 4402 ἀληθῶς
1053 4330 1281 4402 φοϐερὸν
1312 4332 1371 4384 οὐ
1404 4329 1608 4383 δέδοικε
1641 4330 1753 4402 πῦρ
1773 4348 1786 4361 ·
1819 4332 1960 4387 οὕτω
2002 4336 2065 4407 δὴ

392 4417 489 4470 καὶ
525 4419 684 4488 ἡμεῖς
736 4417 964 4470 θάνατον
1018 4418 1115 4487 μὲν
1160 4418 1500 4489 δεδοίκαμεν,
1548 4419 1686 4489 ὅπερ
1723 4421 1869 4473 ἐστὶν
1901 4424 2067 4477 εὐκα-

389 4504 726 4572 ταφρόνητον
775 4506 1147 4575 προσωπεῖον,
1200 4505 1476 4575 ἁμαρτίαν
1518 4505 1563 4557 δ’
1618 4506 1679 4558 οὐ
1726 4506 2064 4580 δεδοίκαμεν,

390 4591 530 4660 ὅπερ
555 4593 702 4643 ἐστὶν
735 4591 951 4660 ἀληθῶς
987 4591 1235 4664 φοϐερὸν,
1276 4593 1372 4645 καὶ
1405 4592 1574 4662 πυρὸς
1607 4592 1762 4663 δίκην
1790 4598 2065 4652 κατεσθίει

387 4678 450 4730 τὺ
483 4677 742 4744 συνειδός.
776 4680 885 4732 Καὶ
933 4678 1107 4732 ταῦτα
1153 4680 1251 4733 οὐκ
1300 4679 1409 4733 ἀπὸ
1465 4679 1564 4750 τῆς
1592 4680 1699 4733 τῶν
1722 4685 2064 4754 πραγμάτων

390 4765 626 4832 φύσεως,
670 4765 786 4820 ἀλλ’
819 4765 878 4830 ἐξ
933 4765 1117 4819 ἀνοία-τ
1178 4767 1308 4836 ἡμῖν
1346 4766 1660 4838 συμϐαίνειν
1707 4769 1930 4824 εἴωθεν·
1988 4773 2066 4836 ῶς

389 4853 484 4905 ἐάν
510 4851 876 4924 λογιζώμεθα,
908 4853 959 4905 τί
993 4853 1114 4907 ποτ’
1156 4853 1272 4908 ἐστι
1303 4855 1554 4920 θάνατος,
1611 4855 1856 4910 οὐδέποτ’
1900 4860 2062 4914 αὐτὸν

387 4940 657 5012 δείσομεν.
719 4940 784 4994 Τί
846 4943 963 4994 ποτ’
1017 4937 1110 4996 οὖν
1177 4945 1294 4996 ἐστι
1362 4943 1625 5008 θάνατος;
1683 4945 1859 5016 Ὅπερ
1914 4949 2062 5002 ἐστὶν

389 5030 604 5098 ίμάτιον
643 5029 1047 5084 ἀποδύσασθαι·
1107 5031 1358 5102 καθάπερ
1403 5031 1513 5103 γάρ
1549 5031 1782 5102 ἱμάτιον,
1813 5033 1874 5087 τὸ
1901 5035 2062 5106 σῶμα

383 5118 449 5186 τῇ
479 5116 624 5188 ψυχῇ
658 5119 989 5188 περίκειται,
1021 5119 1114 5172 καὶ
1141 5118 1298 5172 τοῦτο
1347 5119 1486 5189 πρὸς
1517 5119 1690 5190 βραχὺ
1731 5119 1818 5174 διὰ
1852 5121 1953 5192 τῆς
1977 5141 2064 5176 τε-

384 5204 579 5275 λευτῆς
608 5206 933 5277 ἀποθέμενοι
959 5207 1338 5278 λαμπρότερον
1364 5207 1756 5278 ἀποληψόμεθα
1780 5210 1963 5264 πάλιν.
1996 5212 2062 5264 Τί

386 5293 513 5344 ποτέ
541 5294 657 5346 ἐστι
686 5293 946 5359 θάνατος;
1011 5294 1316 5365 Ἀποδημία
1361 5295 1718 5366 πρόσκαιρος,
1753 5295 1920 5362 ὕπνος
1952 5316 2061 5369 μα-

383 5377 642 5448 κρότερος
678 5382 772 5434 τοῦ
816 5381 1108 5453 συνήθους·
1141 5383 1281 5436 ὥστε
1325 5384 1372 5435 εί
1411 5382 1654 5446 δέδοικας
1682 5382 1930 5448 θάνατον,
1961 5403 2059 5454 φο-

383 5464 480 5518 ϐοῦ
525 5469 616 5520 καὶ
649 5468 849 5522 ὕπνον·
909 5473 958 5522 εί
995 5470 1082 5526 διὰ
1127 5471 1254 5534 τοὺς
1300 5471 1664 5533 τελευτῶντας
1711 5471 1918 5539 ἀλγεῖς,
1968 5473 2061 5528 άλ-

381 5568 550 5622 γησον
603 5558 696 5609 καὶ
738 5558 828 5610 διὰ
869 5560 994 5621 τούς
1033 5559 1309 5623 ἐσθίοντας
1340 5563 1435 5614 καὶ
1466 5562 1554 5615 διά
1597 5565 1722 5626 τοὺς
1769 5563 2054 5626 πίνοντας·

380 5639 567 5712 ὥσπερ
614 5643 719 5716 γὰρ
752 5646 910 5699 τοῦτο
950 5648 1198 5715 φυσικὸν,
1230 5647 1372 5701 οὕτω
1402 5650 1638 5704 κάκεῖνο.
1687 5651 1777 5721 Μὴ
1818 5652 2057 5704 λυπείτω

444 5796 684 5870 :S_:}v§|.v_l
701 5803 879 5870 aligngl
897 5804 1580 5870 ηιαξ.ᾁϐίωτοςὴμῖν,ὶιοιιρ1,ει
1597 5807 1677 5856 alii
1691 5808 2055 5870 ἀϐίωτοςὴμῶν.

447 5856 476 5894 b
501 5861 714 5933 ,Καί-τῶν
737 5856 1104 5933 σίκιῶνψιίιίατῃ
1126 5856 1412 5933 ῐηξέιξίδκιιίο
1427 5879 1533 5928 post
1553 5872 1748 5923 quidam
1764 5856 2057 5933 ιηυείῶὶτπερ

381 5920 473 5990 σῦχ
493 5920 689 5990 ἐγταῦθα
711 5927 816 5990 πρὶν
838 5929 867 5982 ἢ
889 5920 969 5972 τόν
995 5930 1100 5990 περὶ
1119 5927 1204 5975 τοῦ
1227 5920 1443 5976 θανάτουῖ

450 5981 473 6010 ο
502 5981 598 6028 ALi
623 5981 976 6046 ὑποδέεστεραν.

2193 489 2252 525 σε
2316 471 2384 524 τά
2451 474 2550 542 τῆς
2584 470 2820 540 φύσεως,
2851 459 2855 462 ’
2884 469 3125 522 λυπείτω
3161 483 3219 522 σε
3281 465 3483 536 μᾶλλον
3533 464 3602 518 τὰ
3641 463 3741 531 τῆς
3776 479 3878 516 πο-

2193 562 2365 628 νηρᾶς
2426 559 2820 630 προαιρέσεως,
2880 557 3016 627 μηδὲ
3053 556 3145 609 τὸν
3183 553 3519 608 τελευτῶντα
3577 550 3876 623 πενθήσεις,

2202 649 2338 702 ἀλλὰ
2361 649 2628 719 πένθησον
2655 648 2746 700 τὸν
2775 649 2832 700 ἐν
2869 646 3164 717 ἁμαρτίαις
3188 645 3389 710 ζῶντα.

2273 733 2788 788 δ¹.Βούλειείπωκαὶ
2805 733 2998 805 ἑτέραν
3041 733 3242 797 αἰτίαν,
3295 732 3361 786 δι’
3395 731 3463 802 ἢν
3510 730 3600 784 τὸν
3647 729 3881 784 θάνατον

2201 822 2552 892 δεδοίκαμεν;
2583 821 2656 872 Οὐ
2687 820 2868 891 ζῶμεν
2908 822 3025 891 μετ’
3058 821 3366 892 ἀκριϐείας,
3394 821 3494 872 οὐκ
3519 819 3712 890 ἔχομεν
3752 836 3882 872 συν-

2201 909 2340 972 ειδὸς
2374 908 2604 976 ἀγαθόν·
2652 908 2728 971 ὡς
2762 911 2809 960 εί
2842 909 3000 961 τοῦτο
3027 905 3115 980 ἦν,
3137 908 3288 961 οὐδὲν
3318 909 3462 978 ἡμᾶς
3498 908 3563 961 ἂν
3587 906 3881 976 ἐφόϐησεν,

2200 997 2260 1049 οὐ
2293 997 2542 1059 θάνατος,
2580 996 2642 1048 οὐ
2673 995 2854 1065 λιμὸς,
2878 997 2939 1048 οὐ
2980 995 3151 1066 ζημία
3189 996 3514 1068 χρημάτων,
3540 995 3639 1047 οὐκ
3671 995 3800 1049 ἀλλο
3826 1012 3877 1046 τι

2199 1083 2306 1136 τῶν
2331 1082 2589 1136 τοιούτων
2616 1082 2787 1136 οὐδέν.
2826 1082 2927 1133 Τὸν
2949 1081 3056 1152 γὰρ
3090 1084 3146 1134 ἐν
3179 1083 3344 1152 ἀρετῇ
3374 1081 3554 1146 ζῶντα
3583 1081 3736 1134 οὐδὲν
3757 1081 3849 1132 τού

2197 1189 2307 1224 των
2343 1171 2698 1242 παραϐλάψαι
2740 1170 3046 1240 δυνήσεται,
3083 1169 3192 1222 οὐδ’
3237 1170 3536 1238 ἀφελέσθαι
3586 1170 3686 1240 τὴν
3733 1169 3875 1222 ἔνδοτ

2199 1259 2392 1330 ἡδονήν
2413 1274 2425 1287 ·
2462 1258 2552 1312 τὸν
2581 1259 2690 1329 γάρ
2723 1260 2989 1329 χρησταῖς
3019 1259 3447 1328 συντρεφόμενον
3488 1257 3700 1310 ἐλπίσιν
3727 1257 3879 1310 οὐδὲν

2198 1347 2278 1409 εἰς
2309 1345 2546 1416 ἀθυμίαν
2574 1346 2830 1414 ἐμϐαλεῖν
2862 1343 3170 1413 δυνήσεται.
3217 1344 3280 1396 Τί
3325 1345 3434 1414 γὰρ
3470 1345 3760 1418 ἐργάσαιτό
3796 1360 3879 1404 τις

2198 1433 2432 1495 τοιοῦτο,
2480 1433 2547 1486 δι’
2597 1429 2657 1487 οὗ
2686 1433 2777 1486 τὸν
2818 1435 3061 1502 γενναῖον
3098 1432 3267 1502 ἄνδρα
3300 1432 3713 1504 παρασκευάσει
3761 1430 3880 1502 [65‘

2198 1521 2517 1586 λυπεῖσθαι;
2577 1523 2830 1594 Χρήματ⁶
2875 1523 3275 1592 ἀφαιρήσεται;
3331 1521 3444 1573 ἀλλ’
3484 1520 3597 1590 ἔχει
3648 1520 3878 1573 πλοῦτον

2195 1611 2287 1663 τὸν
2325 1613 2380 1663 ἐν
2411 1614 2521 1673 τοῖς
2553 1611 2821 1681 οὐρανοῖς.
2870 1610 3030 1663 Ἀλλά
3063 1612 3161 1680 τῆς
3189 1609 3448 1682 πατρίδος
3481 1609 3733 1673 ἐκϐαλεῖς
3763 1609 3880 1662 ἀλλ’

2197 1701 2277 1762 εἰς
2324 1700 2424 1768 τὴν
2455 1699 2566 1752 ἀνω
2617 1699 2770 1752 πόλιν
2808 1699 2984 1752 στελεῖ
3025 1698 3074 1751 ά.
3126 1698 3286 1751 Ἀλλά
3335 1698 3508 1767 δεσμά
3552 1698 3881 1768 περιθήσει;

2195 1787 2311 1840 ἀλλ’
2347 1786 2459 1857 ἔχει
2506 1787 2569 1840 τὸ
2605 1787 2845 1850 συνειδὸς
2887 1786 3193 1855 λελυμένον,
3230 1788 3324 1840 καὶ
3367 1787 3465 1856 τῆς
3512 1786 3711 1852 ἔξωθεν
3749 1785 3884 1839 ἀλύ-

2197 1891 2334 1938 σεως
2384 1875 2483 1927 οὐκ
2529 1874 2866 1928 αἰσθάνεται.
2916 1874 3055 1926 Ἀλλ’
3087 1873 3372 1944 ἀναιρήσει
3413 1873 3472 1925 τὸ
3520 1873 3712 1941 σῶμα;
3760 1871 3882 1928 ἀλλ’

2194 1964 2560 2033 ἀναστήσεται
2595 1963 2757 2017 πάλιν
2779 1980 2794 1995 ·
2832 1965 2928 2017 καὶ
2963 1963 3216 2034 καθάπερ
3252 1964 3280 2015 6
3313 1965 3440 2034 σκιᾷ
3463 1963 3750 2017 πυκτεύων
3781 1963 3881 2016 καὶ

2193 2051 2286 2104 τὸν
2331 2051 2470 2122 ἀέρα
2507 2051 2681 2123 δέρων
2710 2051 2900 2105 οὐδένα
2931 2051 3132 2122 πλῆξαι
3171 2052 3483 2122 δυνήσεται,
3530 2053 3704 2116 οὓτως
3737 2054 3767 2106 6
3796 2051 3880 2122 τῷ

2192 2139 2386 2209 δικαίῳ
2417 2139 2665 2210 πολεμῶν
2697 2143 2995 2210 σκιαμαχεῖ
3027 2140 3208 2209 μόνον,
3240 2141 3332 2193 καὶ
3364 2139 3462 2211 τὴν
3500 2140 3666 2194 αὐτοῦ
3699 2157 3875 2193 καταο

2192 2224 2662 2297 λύειδύναμιν,είς
2684 2229 2886 2280 ἐκεῖνον
2905 2227 2960 2279 δὲ
2988 2227 3245 2298 οὐδεμίαν
3281 2228 3495 2300 πληγὴν
3522 2231 3877 2298 ἐναπερεῖσαι

2190 2313 2495 2384 δυνήσεται.
2537 2315 2635 2377 Δός
2673 2332 2763 2385 μοι
2791 2316 2971 2368 τοίνυν
2991 2315 3266 2386 θαρρῆσαι
3292 2316 3419 2387 περὶ
3456 2317 3554 2385 τῆς
3591 2317 3878 2387 βασιλείας

2189 2401 2298 2454 τῶν
2313 2402 2576 2471 οὐρανῶν,
2601 2401 2694 2456 καὶ
2722 2405 2770 2455 εἰ
2807 2402 3007 2472 βούλει,
3030 2405 3270 2475 σήμερόν
3299 2421 3366 2471 με
3396 2405 3876 2473 κατάσφαξον,καὶ

2191 2489 2347 2559 χάριν
2369 2491 2582 2560 εἵσομαί
2618 2507 2699 2542 σοι
2723 2492 2822 2561 τῆς
2851 2491 3084 2561 σφαγῆς,
3123 2493 3205 2546 ὃτι
3242 2510 3310 2563 με
3339 2492 3550 2563 ταχέως
3576 2495 3656 2556 είς
3686 2494 3875 2546 ἐκεῖνα

2190 2579 2427 2648 πέμπεις
2451 2579 2518 2632 τά
2549 2580 2748 2648 ἀγαθά.
2766 2581 2935 2634 Τοῦτο
2954 2583 3062 2652 γάρ
3107 2583 3255 2635 ἐστιν
3276 2581 3304 2634 δ
3324 2583 3558 2652 μάλιστα
3587 2583 3684 2636 καὶ⁵
3711 2585 3876 2653 ἡμεῖς

2195 2675 2214 2702 ε
2267 2665 2595 2735 θρηνοῦμεν,
2629 2668 2812 2736 φησὶν,
2844 2667 2925 2720 ὅτι
2953 2667 3030 2738 τῷ
3065 2668 3260 2739 πλήθει
3289 2669 3397 2722 τῶν
3425 2669 3712 2740 ἁμαρτιῶν
3759 2686 3871 2721 κως

2189 2751 2468 2822 λυόμενοι,
2523 2754 2621 2824 τῆς
2671 2755 2785 2806 ἐκεῖ
2825 2754 3100 2824 βασιλείας
3146 2756 3246 2808 οὐκ
3294 2756 3708 2826 ἐπιτευξόμεθα.
3728 2757 3843 2808 Οὐκ

2187 2840 2280 2893 οῦν
2349 2841 2507 2908 ἀφεὶς
2539 2841 2600 2893 τὸ
2633 2840 2852 2912 θρηνεῖν
2893 2843 2986 2895 τὸν
3025 2843 3276 2909 θάνατον,
3324 2844 3512 2914 θρήνει
3553 2844 3651 2907 τὰς
3685 2844 3839 2914 ἁμαρ

2187 2928 2308 2991 τίας
2347 2945 2463 2995 σου,
2500 2929 2585 2982 ἵνα
2634 2930 2804 2993 αὐτάς
2837 2931 3168 3003 καταλύσῃς.
3215 2935 3324 2986 Καὶ
3375 2933 3482 3005 γάρ
3514 2933 3602 2986 διὰ
3644 2933 3804 2986 τοῦτο
3836 2935 3857 2983 ί

2186 3017 2330 3085 λύπη
2357 3019 2669 3089 γεγένηται,
2705 3019 2802 3089 οὐχ
2832 3019 2918 3072 ἵνα
2955 3021 3048 3074 ἐπὶ
3083 3021 3258 3092 ζημία
3303 3023 3625 3093 χρημάτων,
3656 3022 3753 3091 οὐχ
3782 3022 3858 3074 Eva

2186 3106 2280 3158 ἐπὶ
2308 3105 2540 3176 θανάτῳ,
2571 3107 2681 3160 οὐδ’
2713 3109 2798 3160 ἵνα
2829 3109 2915 3160 ἐπ’
2945 3108 3089 3180 ἄλλῳ
3117 3111 3225 3162 τινί¹
3254 3109 3362 3162 τῶν
3395 3111 3654 3164 τοιούτων
3687 3110 3861 3175 ἀλγῶ-

2189 3209 2309 3262 μεν,
2352 3195 2463 3247 ἀλλ’
2496 3196 2582 3247 ἵνα
2610 3197 2689 3258 εἰς
2716 3197 2812 3266 τὴν
2843 3195 2950 3248 τῶν
2979 3198 3201 3268 ἀμαρτη
3211 3197 3395 3267 μάτων
3419 3198 3699 3266 ἀναίρεσιν
3727 3198 3868 3266 αὐτῇ

2185 3282 2609 3352 καταχρώμεθα.
2662 3285 2770 3336 Καὶ
2815 3285 2897 3336 ὅτι
2940 3285 3096 3338 τοῦτό
3139 3288 3288 3338 ἐστιν
3319 3286 3536 3354 ἀληθὲς,
3573 3286 3638 3338 ἐκ
3685 3302 3867 3356 παραυ

2183 3368 2470 3439 δείγματος
2509 3372 2635 3441 ὑμῖν
2677 3371 2810 3424 αὐτὸ
2841 3374 3053 3443 ποιήσω
3089 3374 3341 3443 φανερόν.
3388 3374 3469 3424 Τά
3495 3374 3768 3444 φάρμακα
3801 3373 3871 3426 τά

2188 3458 2402 3530 ίατρικά
2423 3459 2490 3510 δι’
2525 3461 2708 3512 ἐκεῖνα
2740 3460 3031 3530 γεγένηται
3054 3461 3120 3514 τὰ
3148 3462 3293 3532 πάθη
3334 3461 3353 3499 ί
3389 3462 3548 3531 μόνον
3577 3461 3724 3532 άπερ
3775 3462 3873 3513 ἀν-

2183 3546 2323 3599 ελεῖν
2351 3547 2592 3611 δύναται,
2630 3549 2689 3598 οὐ
2721 3548 2788 3600 δι’
2818 3550 3002 3602 ἐκεῖνα
3032 3549 3101 3602 τὰ
3141 3550 3307 3620 μηδὲν
3344 3549 3701 3620 ὠφελούμενοι
3735 3553 3874 3622 παρ’

2182 3633 2380 3687 αὐτῶν.
2413 3629 2538 3687 Οἷόν
2567 3651 2618 3686 τι
2644 3635 2786 3701 λέγω
2805 3653 2817 3666 ·
2861 3635 2943 3688 ἐτι
2971 3636 3081 3706 γὰρ
3111 3637 3444 3708 σαφέστερον
3479 3637 3704 3707 ποιῆσαι
3739 3637 3871 3707 βού-

2181 3719 2342 3789 λομαι
2370 3721 2460 3773 τὸν
2503 3720 2690 3788 λόγον·
2725 3722 2787 3774 τὸ
2818 3723 3108 3793 φάρμακον
3137 3725 3196 3776 τὸ
3235 3724 3531 3794 δυνάμενον
3554 3725 3873 3795 ὀφθαλμοὺς

2180 3807 2467 3872 νοσοῦντας
2499 3808 2730 3876 ὠφελεῖν
2777 3811 2959 3880 μόνον,
2991 3811 3178 3882 ἕτερον
3222 3809 3283 3864 δὲ
3323 3812 3492 3875 πάθος
3538 3813 3727 3882 μηδὲν,
3779 3811 3873 3866 διὰ

2179 3894 2274 3964 τὴν
2301 3894 2410 3948 τῶν
2456 3895 2748 3966 ὀφθαλμῶν
2777 3897 2930 3950 νόσον
2975 3897 3200 3961 δικαίως
3237 3898 3304 3952 άν
3334 3917 3419 3963 τις
3451 3901 3597 3952 εἴποι
3628 3901 3870 3970 γεγενῆ-

2181 3981 2302 4033 σθαι
2352 3981 2531 4050 μόνον,
2573 3983 2634 4034 οὐ
2679 3981 2768 4036 διὰ
2821 3983 3109 4054 στόμαχον,
3155 3985 3216 4037 οὐ
3261 3984 3350 4038 διά
3395 3989 3605 4056 χεῖρας,
3637 3987 3760 4040 οὐδέ
3799 3987 3870 4040 δι’

2177 4067 2364 4138 ἔτερόν
2413 4085 2466 4120 τι
2504 4068 2684 4138 μέλος.
2736 4070 3156 4140 Μεταγάγωμεν
3214 4071 3389 4124 τοίνυν
3438 4071 3532 4124 τὸν
3563 4071 3723 4139 λόγον
3773 4075 3871 4126 ἐπὶ

2175 4152 2273 4222 τὴν
2311 4152 2508 4222 λύπην,
2564 4155 2658 4208 καὶ
2685 4155 3013 4226 εὑρήσομεν,
3053 4157 3137 4210 ὅτι
3183 4156 3292 4209 τῶν
3337 4156 3514 4210 ἄλλων
3564 4162 3664 4224 μὲν
3707 4159 3870 4211 οὐδὲν

2176 4240 2283 4292 τῶν
2312 4241 2717 4311 συμϐαινόντων
2751 4243 2882 4312 ἡμῖν
2931 4241 3154 4311 ὠφελεῖ,
3190 4243 3465 4314 ἁμαρτίαν
3508 4243 3566 4295 δὲ
3611 4244 3868 4316 διορθοῦ-

2175 4346 2264 4382 ται
2301 4331 2488 4400 μόνην,
2513 4329 2734 4401 εὔδηλον
2758 4331 2840 4383 ὅτι
2865 4331 2952 4385 διά
2971 4333 3070 4403 τὴν
3099 4331 3302 4402 ταύτης
3321 4332 3602 4404 ἀναίρεσιν
3628 4334 3868 4405 γεγένη-

2175 4434 2264 4469 ται
2289 4417 2468 4488 μόνον.
2487 4419 2832 4488 Ἐπέλθωμεν
2847 4419 3027 4472 τοίνυν
3049 4419 3280 4473 ἕκαστον
3301 4420 3410 4473 τῶν
3437 4422 3870 4491 συμπιπτόντων

2175 4505 2304 4575 ἡμῖν
2327 4505 2534 4571 δεινῶν,
2566 4506 2660 4559 καὶ
2687 4507 3055 4577 ἐπαγάγωμεν
3089 4507 3186 4578 τὴν
3229 4507 3488 4577 ἀθυμίαν,
3526 4508 3625 4561 καὶ
3657 4509 3870 4581 ἴδωμεν

2171 4592 2225 4644 τί
2249 4593 2438 4662 κέρδος
2465 4594 2573 4647 ἀπὸ
2599 4593 2800 4664 ταύτης
2839 4594 3068 4662 γίνεται.
3113 4593 3424 4665 Ἐζημιώθη
3460 4612 3544 4658 τις
3564 4597 3866 4667 χρήματας

2175 4679 2437 4750 ἐλυπήθη,
2482 4682 2542 4733 οὐ
2577 4680 2853 4751 διώρθωσε
2888 4681 2986 4751 τὴν
3015 4680 3240 4750 ζημίαν.
3291 4681 3560 4737 Ἀπέϐαλέ
3594 4699 3680 4746 τις
3711 4685 3865 4749 υίόνς

2171 4766 2430 4836 ἤλγησεν,
2464 4767 2564 4820 οὐκ
2601 4766 2865 4836 ἀνέστησε
2897 4767 2989 4818 τὸν
3025 4768 3240 4838 νεκρὸν,
3280 4768 3399 4820 οὐδὲ
3428 4769 3518 4821 τὸν
3550 4769 3870 4825 ἀπελθόντα.

2170 4851 2470 4922 ὠφέλησεν.
2517 4851 2899 4922 Ἐμαστιγὼθη
2923 4869 3030 4917 τις,
3063 4854 3394 4925 ἐρραπίσθη,
3425 4854 3696 4928 ὑϐρίσθη;
3733 4857 3867 4911 ἐλυ-

2172 4940 2340 5010 πήθη,
2375 4939 2476 5011 τὴν
2503 4940 2658 5010 ὓϐριν
2687 4940 2786 4992 οὐκ
2815 4939 3198 4994 ἀνεκαλέσατο.
3230 4941 3536 5012 Ἀρῤωστία
3567 4961 3650 5006 τις
3696 4962 3866 5016 περι-

2171 5027 2355 5092 έπεσε,
2391 5026 2486 5079 καὶ
2531 5026 2670 5096 νόσῳ
2703 5025 3092 5100 χαλεπωτάτῃ;
3125 5028 3400 5098 ἠθύμησε,
3434 5028 3534 5098 τὴν
3568 5031 3727 5083 νόσον
3757 5033 3865 5086 οὐκ

2169 5114 2398 5176 ἀνεῖλεν,
2428 5113 2561 5166 ἀλλὰ
2587 5114 2680 5166 καὶ
2712 5113 3096 5186 χαλεπωτέραν
3123 5116 3400 5186 ἐποίησεν.
3450 5117 3615 5188 Ὁρᾷς
3647 5120 3734 5172 ἐπ’
3762 5121 3864 5173 οὐ·-

2169 5201 2279 5253 δενὶ
2307 5200 2510 5254 τούτων
2538 5200 2852 5270 ὠφελοῦσαν
2886 5220 2936 5254 τι
2966 5203 3062 5271 τὴν
3090 5202 3268 5273 λύπην
3288 5221 3303 5269 ;
3324 5205 3581 5276 Ἦμαρτέ
3607 5223 3714 5270 τις,
3734 5207 3864 5261 ἐλυ-

2169 5287 2316 5358 πήθη
2339 5304 2352 5353 ;
2381 5288 2478 5350 τὴν
2507 5287 2781 5359 ἁμαρτίαν
2809 5288 3150 5359 ἐξηφάνισεν,
3168 5289 3326 5342 έλυσε
3351 5291 3413 5343 τὸ
3446 5292 3858 5365 πλημμέλημα.

2169 5376 2338 5430 Πόθεν
2369 5375 2525 5428 τοῦτο
2563 5375 2753 5445 δῆλον;
2813 5377 2944 5428 Ἀπὸ
2985 5378 3082 5448 τῆς
3117 5379 3447 5446 ἀποφάσεως
3479 5379 3574 5432 τοῦ
3613 5382 3856 5453 Κυρίου·

2169 5467 2296 5536 περὶ
2339 5466 2448 5536 γάρ
2493 5480 2637 5526 τινος
2675 5465 3056 5535 ἡμαρτηκότος
3097 5465 3482 5537 διαλεγόμενος
3516 5467 3672 5536 ἔλεγε
3696 5484 3708 5498 ·
3772 5472 3860 5523 Δι’

2167 5555 2457 5622 ἁμαρτίαν
2489 5552 2692 5620 ,ϐραχύ
2731 5568 2784 5604 τι
2833 5552 3112 5619 ἐλύπησα
3151 5553 3360 5619 αὺτὸν,
3407 5555 3504 5607 καὶ
3554 5553 3724 5609 εἶδον
3766 5557 3862 5611 ὅτι

2166 5642 2458 5708 ἐλυπήθη,
2494 5641 2593 5694 καὶ
2636 5641 2928 5710 ἐπορεύθη
2963 5641 3248 5719 στυγνὸς,
3291 5643 3387 5696 καί
3431 5644 3703 5714 ἰασάμην
3753 5649 3861 5717 τὰς

2229 5804 2254 5842 ά
2283 5804 2428 5852 Savil.
2454 5804 2624 5851 στελιῖ,
2659 5803 2834 5852 Morel.
2863 5805 3005 5861 τελεῖ,
3029 5807 3126 5853 (1υο
3152 5820 3266 5854 ῐῐιςε.
3290 5808 3593 5856 ἀποστέλλει.

2231 5870 2253 5931 °_
2279 5861 2600 5931 είιιίιιητοῦτο
2615 5866 2702 5927 γάρ
2727 5867 2827 5913 ἐστι
2853 5868 3075 5928 μάλιστα,
3100 5866 3243 5916 τοῦτό
3266 5870 3396 5917 ἐστιν
3426 5872 3452 5916 ὃ
3472 5872 3552 5916 καὶ
3577 5867 3740 5931 ἡμεῖς.

2234 5926 2253 5965 ῐ
2284 5928 2379 5976 Alii
2401 5926 2460 5972 τά
2485 5925 2754 5986 παθήματα.
