4072 6384
308 349 377 403 73
1248 349 1338 403 AD
1380 345 1699 404 POPULUM
1729 339 2228 400 ANTIOCIIENUM
2292 344 2521 402 HOMIL.
2567 348 2628 403 γ.
3521 354 3582 413 τι

305 466 635 530 domesticis,
664 473 719 522 et
744 479 805 520 ex
840 464 902 517 iis
924 476 1040 533 quze
1062 461 1218 517 nobis
1244 460 1551 517 acciderunt
1576 459 1659 514 his
1680 458 1886 520 diebus,

308 558 647 615 manifestum
669 558 843 613 facere
866 555 1119 611 conabor.
1154 554 1439 623 Postquam
1465 554 1606 607 enim
1633 550 1700 605 ab
1732 550 1899 618 Impe-

311 661 490 705 ratorc
515 649 655 704 datae
674 649 1005 704 suntlitterte
1023 646 1280 701 tributum
1310 646 1439 709 hoc,
1461 644 1602 715 quod
1649 644 1897 699 intolera-

310 743 417 799 bile
455 756 577 798 esse
614 741 926 803 videbatur,
967 738 1211 794 conferre
1250 737 1498 805 jnbentes
1526 777 1541 800 ,
1583 749 1770 789 omnes
1810 742 1895 788 tu-

308 836 740 898 multuahantur,
769 849 959 889 omnes
981 820 1414 896 contendebant,
1442 845 1583 900 :egre
1616 828 1856 883 furebant
1879 866 1893 890 ,

308 926 721 996 indignabantur
743 966 757 987 ,
804 925 948 979 inter
974 938 1034 978 se
1061 930 1406 977 occurrentes
1428 921 1713 976 dicebant:
1745 918 1895 972 llaud

307 1019 483 1074 vitalis
522 1018 677 1073 nobis
715 1018 817 1072 vita
846 1059 861 1080 ,
892 1017 1147 1071 subversa
1177 1015 1366 1071 civitas
1392 1022 1493 1077 est,
1524 1010 1683 1080 hujus
1713 1010 1895 1065 tributi

307 1109 731 1181 magnitudinem
762 1109 1026 1165 sustinere
1053 1107 1251 1177 poterit
1280 1119 1439 1161 nemo
1472 1124 1483 1158 :
1511 1113 1566 1159 et
1590 1118 1778 1157 omnes
1801 1117 1897 1155 an-

306 1203 589 1272 gebantur,
640 1210 890 1270 tanquam
933 1198 1001 1253 de
1041 1196 1296 1252 extremis
1339 1196 1470 1265 ipsis
1511 1194 1890 1263 periclitantes.

306 1295 426 1350 Mox
452 1310 580 1349 vero
604 1302 884 1362 postquam
911 1299 1211 1361 perpetrata
1243 1287 1573 1351 acciderunt,
1603 1293 1658 1337 ct
1681 1283 1893 1354 quidam

310 1386 497 1440 nefarii
528 1394 581 1440 et
611 1383 1031 1449 sceleratissimi,
1063 1382 1268 1452 legibus
1296 1379 1626 1435 conculcatis
1648 1420 1662 1440 ,
1692 1385 1895 1431 statuas

308 1478 621 1546 dejeccrunt
647 1517 660 1539 ,
709 1484 763 1530 et
806 1475 993 1529 mortis
1023 1472 1316 1544 periculum
1348 1470 1600 1525 omnibus
1628 1469 1895 1537 imposue—

308 1578 455 1634 runt,
486 1578 540 1624 et
564 1568 675 1638 jam
703 1567 770 1622 de
797 1566 911 1637 ipsa
938 1566 1044 1619 vita
1074 1565 1343 1629 timemus,
1374 1562 1693 1618 cxacerhato
1722 1559 1895 1629 impe-

308 1670 487 1715 ratorc
512 1677 527 1723 ;
560 1676 666 1714 non
697 1674 793 1713 nos
814 1657 1043 1727 amplius
1069 1654 1637 1726 pecuniarumjactura
1662 1652 1891 1715 mordet,

307 1751 402 1806 sed
445 1751 545 1803 alia
583 1765 683 1818 pro
724 1750 827 1803 illis
866 1761 1055 1803 omnes
1094 1746 1255 1802 audio
1290 1745 1528 1801 dicentes
1563 1763 1575 1797 :
1607 1743 1795 1813 Capiat
1841 1752 1895 1797 et

306 1841 659 1896 substantiam
701 1839 1013 1909 imperator,
1044 1846 1098 1893 et
1127 1837 1269 1907 agris
1293 1846 1348 1892 et
1376 1834 1798 1905 supellectilibus
1826 1833 1892 1887 li-

308 1931 502 1986 beutcr
526 1930 846 1993 carebimus,
873 1930 1155 1984 dumtaxat
1182 1943 1377 1997 corpus
1404 1927 1607 1981 salvum
1638 1926 1751 1981 lore
1776 1927 1896 1995 quis

308 2024 590 2093 Spondeat.
620 2023 767 2078 Sicut
793 2024 972 2091 itaque
1001 2022 1305 2092 priusquam
1337 2021 1489 2076 nobis
1517 2021 1706 2076 mortis
1735 2020 1894 2075 timor

222 2156 223 2161 η
309 2116 614 2169 immineret
638 2156 654 2182 ,
684 2128 781 2168 nos
810 2114 1153 2183 pecuniarum
1181 2112 1375 2166 mulcta
1402 2110 1709 2176 cruciabat;
1743 2118 1894 2179 post-

307 2221 468 2276 quam
516 2222 647 2262 vero
685 2204 915 2260 nefanda
964 2212 1262 2274 perpetrata
1305 2210 1467 2269 sunt,
1510 2202 1698 2256 mortis
1737 2201 1895 2256 tintor

306 2298 620 2361 Succedens,
640 2298 850 2352 mulctie
867 2296 1106 2351 dolorem
1129 2295 1328 2365 expulit
1350 2294 1458 2350 :sic
1483 2303 1536 2348 et
1565 2292 1610 2347 si
1636 2293 1895 2363 gehenuce

309 2392 473 2446 timor
505 2389 1002 2460 comprehendisset
1037 2390 1242 2443 animas
1282 2396 1492 2441 nostras
1517 2427 1532 2452 ,
1566 2403 1673 2440 non
1708 2386 1896 2440 mortis

308 2486 473 2539 timor
496 2492 841 2552 occupasset;
870 2480 963 2537 sed
990 2480 1441 2551 quemadmodum
1474 2479 1525 2532 in
1555 2478 1892 2547 corporibus,

306 2575 524 2646 quando
551 2589 647 2629 nos
673 2573 782 2629 duo
810 2574 1026 2629 dolores
1054 2572 1439 2642 oppresserint,
1464 2569 1772 2626 inferiorem
1798 2582 1896 2638 po-

307 2668 508 2722 tentior
546 2664 881 2721 abscondere
919 2664 1199 2719 consuevit
1241 2681 1253 2717 :
1299 2664 1378 2717 sic
1413 2671 1467 2716 et
1507 2676 1647 2716 nunc
1697 2660 1895 2716 factum

308 2766 453 2814 esset
482 2775 497 2823 ;
527 2758 571 2813 si
604 2756 766 2813 futuri
793 2758 1037 2827 supplicii
1061 2757 1221 2811 timor
1244 2756 1295 2810 in
1322 2756 1499 2810 anima
1526 2758 1893 2821 remansisset,

310 2866 523 2906 omnem
571 2852 820 2906 timorem
869 2849 1159 2905 humanum
1208 2849 1568 2904 obscurasset.
1622 2848 1805 2919 Itaque
1852 2849 1897 2903 si

309 2941 429 3011 quis
469 2940 730 3010 gehenna:
777 2955 991 3010 semper
1029 2940 1341 2995 meminisse
1388 2938 1628 3003 laboret,
1668 2950 1895 2994 mortem

310 3033 575 3089 deridehit
601 3076 615 3100 ,
645 3043 697 3088 et
728 3049 835 3089 non
866 3033 1117 3104 prmsenti
1145 3040 1348 3088 tantum
1377 3032 1618 3101 angustia
1648 3030 1898 3085 liberabi-

313 3134 419 3190 tur,
454 3125 550 3181 sed
575 3135 630 3181 et
652 3127 721 3181 ab
749 3125 836 3179 illa
864 3125 1076 3179 ﬂamma
1098 3124 1374 3193 eripietur.
1403 3123 1503 3191 Qui
1526 3123 1668 3177 enim
1697 3122 1897 3192 gehen-

313 3232 437 3271 nam
476 3218 731 3272 continue
774 3218 965 3283 timet,
999 3231 1288 3285 numquam
1331 3216 1383 3270 in
1422 3215 1681 3284 gehennae
1725 3216 1898 3283 ignem

312 3308 544 3373 decidet,
564 3308 665 3363 hoc
686 3308 903 3363 assiduo
924 3309 1212 3378 castigatus
1235 3317 1399 3362 metu.
1423 3306 1711 3362 Concedite
1739 3321 1900 3372 nunc,

314 3410 375 3455 ut
412 3410 713 3469 opportune
740 3399 891 3453 vobis
918 3399 1093 3453 dicam
1129 3416 1141 3450 :
1173 3397 1386 3451 Fratres
1410 3441 1424 3462 ,
1456 3415 1519 3450 ne
1544 3398 1686 3465 pueri
1714 3397 1900 3466 efﬁciu-

314 3490 441 3544 mini
467 3489 712 3553 sensibus,
739 3490 827 3544 sed
844 3490 1038 3543 malitia
1062 3490 1285 3559 infantes
1308 3490 1415 3544 sitis
1437 3491 1481 3559 (l
1498 3529 1511 3542 .
1536 3488 1653 3544 Cor.
1687 3489 1901 3559 14.20).

389 3582 531 3636 Mors
553 3599 643 3636 cur
669 3582 1009 3652 despicienda.
1028 3612 1099 3621 —
1120 3581 1333 3637 Etenim
1360 3582 1618 3650 puerilem
1649 3582 1898 3635 timemus

316 3689 590 3745 pavorem,
622 3682 848 3728 mortem
876 3674 1145 3738 timentes,
1165 3682 1441 3742 peccatum
1469 3681 1647 3727 autcvn
1688 3688 1792 3725 non
1840 3673 1905 3725 li—

317 3776 545 3821 mentes.
568 3766 724 3821 Pucri
752 3766 893 3822 enim
920 3766 1069 3837 parvi
1115 3767 1290 3819 larvas
1319 3767 1506 3819 timent
1526 3807 1542 3832 ,
1575 3763 1747 3833 ignem
1797 3782 1901 3819 non

319 3857 541 3921 timent;
570 3857 665 3911 sed
703 3858 749 3911 si
771 3858 836 3911 ad
872 3858 1141 3912 lucernam
1179 3857 1359 3912 lumen
1392 3856 1672 3911 habentem
1704 3859 1900 3925 portari

314 3947 607 4016 contingat,
648 3947 1035 4003 inconsiderate
1079 3964 1292 4002 manum
1338 3948 1635 4002 immittunt
1666 3948 1893 4002 lucerna:

322 4046 377 4092 et
408 4038 635 4091 ﬂammae
666 4055 678 4089 :
710 4038 836 4091 dum
862 4037 1305 4093 contemnendam
1333 4037 1531 4091 larvam
1571 4037 1904 4103 horrescunt,

316 4144 443 4185 vere
472 4129 760 4184 timendum
784 4130 956 4200 ignem
990 4146 1096 4185 non
1129 4131 1350 4196 timent;
1383 4131 1459 4184 sic
1485 4129 1698 4199 quidem
1730 4140 1782 4187 et
1810 4146 1906 4186 nos

318 4220 567 4274 timemus
604 4232 995 4291 mortem,qu;e
1040 4230 1126 4275 est
1170 4222 1313 4275 larva
1368 4230 1674 4290 contemptu
1726 4222 1903 4291 digna,

317 4322 596 4383 peccatum
622 4328 749 4367 vero
780 4328 883 4367 non
938 4314 1220 4375 timemus,
1245 4313 1388 4383 quod
1418 4325 1499 4367 est
1544 4328 1669 4368 vere
1712 4314 1905 4368 timen-

315 4406 465 4469 dum,
489 4415 543 4459 et
564 4406 698 4475 ignis
724 4422 873 4460 more
900 4406 1279 4459 conscientiam
1300 4404 1538 4459 devorat.
1565 4405 1632 4459 Et
1663 4406 1777 4459 haec
1800 4420 1904 4460 non

316 4512 382 4551 cx
416 4512 593 4553 rerum
644 4506 851 4561 natura,
880 4496 975 4552 sed
1016 4512 1083 4550 ex
1128 4496 1423 4565 ignorantia
1466 4497 1620 4550 nobis
1663 4496 1907 4552 accidere

280 4572 283 4573 ν
316 4599 711 4641 consueverunt
742 4604 755 4640 :
784 4587 922 4656 quod
963 4588 1007 4641 si
1043 4588 1356 4656 cogitemus,
1389 4587 1513 4657 quid
1571 4587 1784 4642 tandem
1837 4588 1906 4641 sit

316 4693 497 4743 mors,
527 4694 816 4747 utunquam
851 4679 1016 4746 ipsam
1058 4679 1385 4733 timebimus.
1419 4678 1555 4743 Quid
1596 4678 1755 4748 igitur
1786 4687 1903 4732 tan-

315 4770 440 4825 dem
471 4784 616 4824 mors
653 4770 777 4824 est?
805 4769 1035 4838 ldipsnm
1080 4769 1221 4838 quod
1270 4770 1641 4823 vestimentum
1681 4784 1903 4824 exuere.

317 4862 612 4932 Tamquam
634 4862 1007 4917 vestimentum
1036 4862 1178 4917 enim
1221 4877 1415 4930 corpus
1449 4862 1639 4916 animae
1688 4862 1907 4915 cireum-

316 4953 497 5008 datnnt
530 4962 632 5019 est,
660 4964 710 5007 ct
735 4952 837 5006 hoc
880 4952 946 5007 ad
983 4953 1146 5007 breve
1171 4961 1382 5020 tempus
1408 4967 1503 5020 per
1544 4961 1769 5006 mortem
1809 4951 1902 5006 de-

320 5046 572 5113 positum,
592 5045 785 5097 clarius
804 5044 992 5098 iterum
1009 5059 1358 5099 resumemus.
1380 5044 1517 5110 Quid
1532 5044 1742 5099 tandem
1764 5059 1906 5097 nn:rs

318 5134 821 5203 est?Percgrinatio
861 5134 927 5188 ad
960 5143 1187 5203 tempus.
1234 5150 1453 5187 stnnnus
1494 5144 1750 5188 consueto
1793 5135 1907 5188 luu-

320 5227 454 5296 gior.
483 5227 662 5296 Itaque
707 5227 751 5280 si
794 5238 1017 5281 mortem
1071 5229 1247 5290 times,
1274 5229 1399 5281 time
1443 5238 1495 5281 ct
1539 5243 1784 5281 somnum
1817 5247 1827 5281 :
1862 5229 1904 5280 si

321 5326 540 5387 propter
578 5319 868 5372 morientes
915 5320 1144 5385 angeris,
1178 5329 1229 5371 et
1281 5327 1495 5387 propter
1523 5318 1863 5373 Comedenles
1887 5359 1901 5383 ,

322 5419 377 5464 et
408 5420 628 5479 propter
648 5410 889 5464 bibentes
916 5425 1111 5480 angere
1146 5427 1157 5462 :
1185 5411 1324 5463 sicut
1347 5411 1487 5463 enim
1517 5410 1615 5464 hoc
1644 5410 1904 5473 naturale,

323 5503 400 5557 sic
444 5511 499 5556 et
542 5502 690 5556 illud.
714 5502 791 5556 Ne
832 5511 881 5555 te
910 5503 1165 5556 naturalia
1203 5503 1559 5569 contristent,
1590 5502 1907 5557 contristent

326 5607 378 5648 te
417 5593 597 5661 potius
618 5609 734 5661 quie
764 5603 887 5646 sunt
931 5609 996 5647 ex
1044 5594 1182 5646 mala
1231 5594 1498 5648 voluntate
1532 5612 1543 5646 :
1574 5610 1747 5664 neque
1794 5609 1906 5648 mo-

317 5684 549 5736 rienti-in
610 5682 891 5752 lnge,sed
948 5683 998 5735 in
1059 5684 1289 5752 peccatis
1335 5684 1617 5739 viventem.

396 5774 449 5823 4.
491 5772 583 5825 V'is
626 5787 1039 5826 commemorem
1082 5782 1137 5825 et
1182 5773 1342 5827 aliam
1389 5788 1637 5843 causam,
1687 5785 1903 5845 propter

644 5866 918 5927 PATROL.
966 5867 1084 5929 Gn.
1124 5869 1182 5928 Χ
1198 5868 1352 5931 LIX.

2016 473 2172 527 quam
2196 471 2423 518 mortem
2456 466 2735 521 timemus?
2761 467 2875 522 Non
2905 468 3130 524 vivimus
3156 485 3274 525 cum
3300 471 3593 540 diligentia,

2010 566 2114 606 non
2167 553 2424 610 habemus
2488 558 2871 612 conscientiam
2921 574 3155 629 puram:
3195 563 3337 631 quod
3388 565 3433 617 si
3489 564 3593 620 hoc

2004 651 2168 709 esset,
2198 643 2330 700 nihil
2371 661 2471 701 nos
2500 664 2645 703 mors
2676 650 2968 713 terruisset,
2998 666 3102 706 non
3133 652 3318 720 faines,
3351 668 3455 708 non
3496 671 3594 724 pe-

2003 736 2277 790 cuniarum
2311 737 2539 808 jactura,
2575 755 2681 795 non
2708 742 2848 796 aliud
2888 743 3013 812 quid
3045 743 3327 813 ejusmodi.
3384 746 3442 801 In
3482 749 3596 803 vir-

2005 835 2117 881 tute
2137 829 2278 882 enim
2300 830 2566 887 viventem
2616 831 2805 886 horum
2853 834 2983 888 nihil
3013 834 3204 891 laedere
3239 840 3465 905 poterit,
3495 855 3594 895 nec

2006 918 2212 975 interna
2268 924 2479 991 privare
2521 925 2831 994 voluptate:
2881 928 3037 983 home
3078 929 3220 983 enim
3276 931 3591 987 innutritum

2002 1013 2118 1083 spei
2147 1013 2279 1067 nihil
2322 1016 2373 1067 in
2408 1015 2675 1070 tristitiam
2719 1016 2951 1086 dejicere
3002 1021 3215 1088 poterit.
3264 1021 3401 1087 Quid
3447 1025 3591 1077 enim

2000 1105 2259 1174 quispiam
2281 1106 2454 1161 facere
2482 1109 2668 1175 possit,
2696 1123 2800 1177 quo
2830 1108 3021 1164 fortem
3040 1111 3209 1164 virum
3238 1112 3290 1165 in
3323 1114 3590 1169 tristitiam

2001 1196 2290 1265 conjiciat?
2321 1196 2543 1252 Auferet
2570 1199 2857 1267 pecunias?
2883 1201 2974 1254 sed
3015 1201 3171 1255 habet
3214 1202 3264 1256 in
3295 1204 3440 1257 ca'lis
3466 1205 3593 1258 divi-

2003 1286 2123 1339 tias.
2156 1286 2327 1339 Patria
2347 1287 2560 1355 ejiciet?
2588 1289 2681 1342 sed
2706 1289 2757 1342 in
2788 1305 3075 1357 supernam
3100 1291 3366 1346 civitatem
3395 1294 3588 1347 mittet.

2003 1375 2223 1429 Vincula
2253 1376 2496 1445 injiciet?
2527 1377 2619 1431 sed
2648 1378 2806 1433 habet
2838 1381 3219 1435 conscientiam
3245 1382 3506 1448 solutam,
3536 1394 3591 1437 et

2000 1467 2326 1521 exteriorem
2357 1482 2460 1521 non
2481 1469 2645 1522 sentit
2664 1478 2926 1523 catenam.
2959 1473 3024 1522 At
3046 1470 3328 1525 interliciet
3348 1475 3588 1543 corpus?

2000 1558 2094 1611 sed
2141 1558 2329 1611 iterum
2373 1569 2657 1628 resurget:
2693 1568 2745 1611 et
2780 1560 2917 1613 sicut
2960 1560 3049 1629 qui
3099 1576 3218 1613 cmn
3262 1562 3446 1616 umbra
3487 1579 3589 1633 pu-

2001 1660 2150 1717 gnat,
2184 1658 2238 1703 et
2276 1664 2455 1703 aerem
2481 1650 2749 1715 verberat,
2774 1658 3053 1718 percutere
3073 1652 3269 1720 poterit
3296 1654 3590 1709 nemiuem:

2000 1740 2077 1793 sic
2106 1748 2159 1792 et
2185 1739 2419 1807 quicum
2445 1739 2591 1808 justo
2622 1749 2841 1810 pugnat,
2868 1757 2989 1795 cum
3025 1744 3208 1798 umbra
3241 1753 3444 1799 tantum
3491 1762 3593 1815 pu.

1998 1836 2143 1898 gnat,
2174 1839 2227 1883 et
2254 1830 2392 1884 vires
2417 1845 2540 1884 suas
2568 1831 2828 1899 dissolvit,
2850 1833 3047 1888 nullam
3072 1834 3146 1888 illi
3175 1834 3381 1906 plagam
3406 1837 3591 1893 valens

2000 1921 2256 1992 inﬂigere.
2282 1921 2463 1993 Itaque
2489 1924 2555 1978 da
2579 1925 2706 1979 mihi
2734 1925 2801 1980 de
2828 1926 3078 1981 caelorum
3103 1943 3268 1997 regno
3296 1929 3588 1996 conlidere,

1997 2023 2051 2069 et
2076 2016 2120 2069 si
2152 2015 2234 2071 vis
2260 2015 2416 2071 hodie
2441 2017 2724 2087 mejugula
2750 2034 2762 2069 :
2795 2018 2958 2073 credis
2983 2020 3205 2088 gratiam
3231 2020 3321 2075 tibi
3356 2020 3586 2086 habebo,

1998 2108 2140 2178 quod
2169 2124 2253 2164 me
2274 2109 2523 2165 celeriter
2558 2109 2625 2164 ad
2654 2112 2741 2165 illa
2778 2112 2915 2166 bona
2952 2113 3302 2167 transmittas.
3349 2113 3462 2168 Hoc
3506 2126 3590 2169 est

2000 2201 2231 2255 maxime
2260 2201 2399 2270 quod
2441 2211 2496 2256 et
2538 2217 2638 2257 nos
2666 2203 2910 2273 lugemus
2941 2205 2981 2270 ¹,
3012 2204 3198 2273 inquit,
3224 2205 3365 2274 quod
3396 2220 3586 2275 pecco.

2001 2302 2175 2348 torum
2208 2295 2544 2351 multitudine
2572 2296 2861 2365 prohibiti,
2891 2312 3113 2371 regnum
3151 2298 3279 2351 illud
3307 2313 3409 2352 non
3442 2312 3587 2353 assc-

2000 2401 2246 2455 quemnr.
2282 2387 2444 2456 lgitttr
2493 2397 2719 2442 mortem
2766 2387 2949 2458 lugere
2986 2390 3267 2454 amittens,
3299 2390 3422 2459 luge
3462 2404 3589 2459 pec-

2000 2487 2142 2543 cata,
2176 2488 2235 2532 ut
2267 2479 2378 2548 ipsa
2406 2479 2608 2533 deleas.
2639 2480 2861 2549 Propter
2891 2479 2991 2534 hoc
3035 2482 3176 2535 enim
3215 2482 3425 2536 tristitia
3456 2482 3589 2536 facta

1999 2576 2105 2633 est,
2135 2584 2241 2623 non
2287 2579 2343 2622 ut
2379 2571 2449 2623 oh
2487 2571 2749 2639 jacturam
2810 2572 3179 2641 pecuniarum,
3211 2589 3317 2627 non
3344 2573 3413 2628 ob
3449 2588 3593 2627 mor-

2000 2668 2106 2716 tem
2132 2703 2146 2727 ,
2176 2676 2275 2717 nec
2301 2662 2371 2716 ob
2392 2663 2551 2718 ullam
2580 2663 2738 2718 aliam
2762 2679 2872 2718 rem
2905 2663 3063 2718 talem
3087 2664 3383 2726 doleamus,
3413 2662 3505 2718 sed
3533 2674 3590 2717 ut

2000 2751 2115 2820 ipsa
2136 2752 2201 2807 ad
2230 2753 2457 2808 delenda
2487 2762 2703 2809 utamur
2734 2764 2989 2825 peccata;
3022 2764 3076 2810 et
3102 2755 3244 2825 quod
3284 2756 3384 2809 hoc
3406 2770 3590 2810 verum

2000 2842 2090 2905 sit,
2113 2843 2360 2911 exemplo
2388 2842 2526 2899 facio
2556 2846 2918 2901 manifestum.
2957 2846 3211 2901 Remedia
3256 2846 3592 2902 medicinalia

2004 2942 2222 3001 propter
2241 2933 2357 2987 illos
2384 2942 2587 2989 tantum
2610 2937 2828 2991 morbos
2863 2936 2997 2991 facta
3044 2945 3189 3003 sunt,
3219 2952 3356 3007 quos
3406 2938 3595 2993 tollere

2002 3032 2224 3093 queunt,
2255 3039 2362 3079 non
2409 3034 2631 3095 propter
2657 3026 2775 3080 illos
2796 3068 2811 3088 ,
2837 3042 2969 3096 quos
3013 3028 3141 3081 nihil
3184 3029 3436 3095 adjuvare
3464 3044 3593 3097 pos-

2005 3124 2149 3170 sunt.
2184 3117 2313 3171 Puta
2346 3135 2360 3170 :
2390 3118 2566 3173 adhuc
2586 3121 2727 3173 enim
2762 3120 3177 3175 tuauil'estinrcm
3216 3122 3340 3175 volo
3386 3135 3594 3175 sermo-

2005 3222 2125 3261 nem
2158 3206 2383 3263 reddere
2411 3226 2426 3262 :
2459 3208 2905 3265 medicamentum
2934 3211 3118 3265 oculos
3143 3211 3364 3266 aﬂ'cctos
3390 3221 3592 3267 tantum

2000 3298 2188 3367 juvare
2216 3298 2421 3364 valens,
2453 3300 2657 3354 nullum
2698 3316 2825 3354 vero
2851 3301 3011 3354 alium
3060 3301 3306 3356 morbum
3331 3344 3345 3367 ,
3376 3313 3595 3373 propter

2004 3390 2285 3444 oculorum
2330 3392 2701 3461 :egritudinem
2756 3403 2956 3447 tantmn
3003 3392 3195 3448 factum
3240 3409 3361 3449 esse
3415 3394 3596 3451 dicere

2005 3485 2124 3553 quis
2148 3492 2328 3553 posset
2359 3502 2372 3538 :
2403 3501 2508 3539 non
2540 3495 2757 3555 propter
2791 3487 3149 3551 stomachum,
3182 3503 3355 3557 neque
3379 3498 3595 3558 propter

2008 3592 2216 3640 manus,
2248 3592 2422 3646 neque
2450 3586 2665 3647 propter
2683 3577 2846 3631 ullum
2878 3578 3018 3631 aliud
3052 3578 3370 3633 membrum.
3391 3580 3591 3633 Trans-

2009 3666 2242 3720 feramus
2284 3668 2446 3736 igitur
2484 3669 2780 3722 orationem
2830 3668 2895 3722 ad
2936 3669 3224 3734 tristitiam,
3256 3680 3310 3724 et
3356 3670 3596 3726 invenie-

2009 3774 2149 3824 mus,
2181 3760 2323 3829 quod
2357 3760 2407 3813 in
2439 3761 2585 3813 nullo
2613 3775 2822 3823 eorum,
2856 3776 2973 3829 qua:
3008 3762 3160 3815 nobis
3191 3762 3469 3827 accidunt,
3500 3779 3597 3818 nos

2009 3850 2247 3920 adjuvet,
2276 3862 2551 3920 peccatum
2585 3867 2714 3906 vero
2748 3853 2922 3906 solum
2950 3855 3223 3925 corrigat:
3257 3865 3461 3909 certum
3495 3855 3595 3925 igi-

2012 3950 2097 3996 tur
2121 3959 2238 3997 eam
2262 3942 2327 3997 ad
2354 3943 2482 3999 illud
2513 3951 2715 3999 tantum
2738 3944 3089 4000 auferendum
3120 3961 3428 4001 concessam
3455 3962 3595 4003 esse.

2012 4034 2390 4088 Percurramus
2420 4034 2778 4104 ingruentium
2803 4036 2957 4090 nobis
2983 4021 3247 4091 malorum
3277 4037 3554 4106 quodlibet
3576 4082 3593 4103 ,

2011 4131 2065 4176 et
2110 4123 2378 4179 tristitiam
2422 4126 2927 4193 superadducamus,
2959 4137 3015 4180 et
3048 4127 3325 4183 videamus
3357 4128 3483 4198 quid
3529 4145 3595 4184 ex

2012 4213 2113 4269 hac
2139 4214 2232 4269 ﬂat
2275 4215 2535 4269 utilitatis.
2570 4216 2853 4273 Mulctatus
2882 4227 2963 4272 est
3005 4218 3266 4288 quiSpiam
3312 4222 3594 4289 pecuniis?

2014 4306 2249 4361 tris-tatus
2270 4314 2371 4373 est,
2399 4307 2652 4361 mulctam
2680 4324 2785 4363 non
2812 4309 3133 4364 emendavit.
3167 4311 3358 4365 Filium
3379 4313 3593 4367 amisit!

2012 4397 2221 4465 doluit,
2277 4410 2545 4455 mortuum
2595 4416 2698 4454 non
2782 4401 3138 4464 resuscitavit,
3189 4417 3288 4457 nec
3341 4402 3596 4459 defuncto

2011 4486 2230 4558 proluit.
2277 4488 2601 4559 Flagellatus
2647 4500 2730 4544 est
2780 4490 2935 4559 quis,
2976 4491 3143 4559 alapis
3184 4506 3377 4560 caesus,
3403 4503 3597 4548 c0utu-

2012 4580 2188 4634 meliis
2237 4578 2497 4636 aﬂ'ectus?
2520 4579 2711 4641 doluit,
2744 4596 2849 4634 non
2879 4583 3155 4637 rcsareivit
3196 4584 3594 4640 contumeliam.

2013 4673 2069 4727 In
2120 4674 2364 4728 morbum
2415 4675 2534 4744 quis
2577 4674 2782 4740 incidit,
2815 4686 2871 4730 et
2918 4676 3287 4745 aegritudinem
3346 4679 3596 4748 graviSsi-

2012 4765 2198 4818 mam?
2222 4764 2407 4825 doluit.
2442 4765 2810 4835 aegritudinem
2836 4781 2942 4821 non
2970 4767 3221 4835 sustulit,
3248 4768 3341 4823 sed
3370 4778 3425 4825 et
3459 4770 3599 4825 difﬂ-

2012 4859 2252 4912 ciliorcm
2283 4858 2537 4913 reddidit.
2566 4857 2727 4913 Vides
2754 4860 2945 4914 horum
2979 4860 3110 4915 nulli
3146 4861 3404 4931 prodesse
3433 4864 3604 4918 tristi-

2013 4953 2184 5005 tiam?
2210 4952 2458 5007 Peccavit
2481 4952 2619 5021 quis,
2653 4952 2891 5007 tristatus
2912 4954 3031 5007 est?
3059 4963 3331 5023 peccatum
3363 4955 3563 5011 delevit
3596 5000 3609 5020 ,

2011 5042 2253 5096 dissolvit
2280 5042 2536 5097 debitum.
2570 5041 2722 5097 Unde
2749 5043 2850 5097 hoc
2885 5044 3359 5099 manifestnm‘lEx
3390 5046 3606 5101 Domini

2014 5134 2279 5187 sententia
2315 5151 2326 5186 ε
2358 5133 2426 5186 de
2466 5135 2693 5203 quodam
2741 5135 2884 5189 enim
2939 5136 3286 5203 praevaricato
3333 5135 3556 5205 loquens
3591 5176 3602 5195 ν

2012 5226 2220 5279 dicebat
2252 5243 2265 5278 :
2292 5224 2510 5297 Propter
2537 5236 2795 5296 peccatum
2816 5227 3073 5296 paulisper
3096 5229 3260 5297 ipsum
3285 5230 3593 5291 contristari.

2013 5329 2058 5368 et
2085 5316 2187 5369 vidi
2226 5316 2362 5386 quod
2405 5319 2635 5371 tristatus
2664 5326 2754 5382 est,
2787 5328 2832 5370 et
2860 5319 3063 5371 incessit
3101 5330 3304 5372 mwstus
3324 5360 3339 5386 ,
3364 5328 3410 5373 et
3440 5321 3597 5390 ipsius

2012 5407 2118 5458 vias
2171 5408 2366 5460 correxi
2392 5406 2551 5477 (lani.
2596 5409 2683 5463 57.
2720 5410 2804 5462 l7.
2848 5409 2973 5479 i8).
3006 5409 3292 5477 Propterea
3322 5418 3378 5464 et
3404 5411 3596 5466 Paulus

2013 5498 2183 5552 dicit:
2219 5499 2345 5563 Quae
2363 5501 2494 5553 enim
2541 5503 2815 5555 secundum
2861 5501 3024 5556 Deum
3061 5502 3266 5554 tristitia
3312 5512 3404 5566 est,
3440 5508 3590 5573 patui-

2014 5591 2221 5644 tentiam
2269 5592 2322 5644 in
2363 5593 2577 5647 salutem
2617 5594 2843 5648 stabilem
2888 5603 3125 5664 opertmtr
3157 5595 3233 5665 (Ξ.
3258 5595 3447 5650 Cor.7.
3486 5597 3600 5668 10).

2076 5724 2092 5754 ί
2128 5730 2232 5773 sav.
2256 5736 2274 5772 :
2302 5730 2399 5772 Hoc
2416 5729 2487 5773 est
2504 5724 2629 5775 enim
2667 5724 2893 5786 maxime,
2920 5725 3006 5776 hoc
3045 5732 3114 5776 (sl
3137 5726 3264 5786 quod
3288 5733 3333 5777 et
3358 5740 3440 5777 nos
3464 5726 3591 5793 luge-

2010 5800 2131 5837 mus.
