4072 6384
482 366 548 421 75
1204 357 1260 413 S.
1302 354 1580 412 JOANNIS
1608 354 2083 415 CHRYSOSTOMI
2124 354 2439 411 ARCIIIEP.
2481 357 3016 418 CONSTANTINOP.
3699 369 3769 425 76

486 478 646 552 Igitur
686 487 964 548 postquam
1002 473 1282 530 manifeste
1310 474 1480 528 oratio
1522 471 1940 537 demonstravit,
1972 487 2072 527 ne-

484 588 589 643 que
618 570 959 642 pecuniarum
981 567 1256 632 mulctam,
1277 579 1449 634 neque
1475 562 1873 628 contumeliam,
1901 577 2074 632 neque

481 663 839 726 calumniam,
872 672 1043 728 neque
1096 655 1322 725 ﬂagella,
1360 669 1533 723 neque
1579 653 1847 721 morbum,
1902 667 2073 720 neque

486 768 733 820 mortem,
771 768 939 824 neque
968 750 1110 805 aliud
1153 748 1454 817 huiusmodi
1501 747 1760 803 resarcire
1807 745 2071 800 tristitiam

390 896 405 903 ,
484 864 668 921 posse,
697 847 789 901 sed
830 846 999 899 solum
1039 843 1223 897 delere
1271 849 1569 910 peccatum,
1609 850 1661 892 et
1714 838 1780 892 ad
1834 835 1936 890 hoc
1982 836 2075 890 de-

482 939 796 995 struendum
838 936 1015 990 valere
1050 952 1063 985 :
1098 940 1303 987 certum
1352 939 1437 984 est
1483 928 1625 999 quod
1670 936 1885 997 propter
1934 926 2072 979 hanc

479 1034 649 1087 solam
680 1044 896 1084 causam
920 1027 1055 1081 facta
1080 1028 1163 1080 sit.
1192 1024 1269 1080 Ne
1297 1023 1521 1093 amplius
1545 1023 1704 1092 igitur
1727 1020 2069 1091 pecuniarum

477 1123 737 1190 jacturam
769 1120 1064 1182 doleamus,
1095 1115 1188 1170 sed
1227 1130 1348 1169 cum
1398 1128 1680 1182 peccamus
1723 1122 1926 1166 tantum
1974 1108 2069 1163 do-

487 1213 728 1276 leamus;
761 1210 925 1264 multa
952 1210 1094 1264 enim
1126 1207 1212 1262 hic
1237 1221 1301 1262 ex
1337 1205 1548 1259 tristitia
1583 1204 1798 1257 utilitas.
1851 1203 2074 1257 Mulcta-

483 1315 569 1359 tus
595 1304 696 1359 es?
722 1318 790 1357 ne
816 1302 1034 1365 doleas;
1069 1314 1239 1369 neque
1280 1298 1421 1351 enim
1476 1295 1734 1366 proderit.
1784 1295 2072 1350 Peccasti?

483 1396 629 1463 dole,
663 1396 790 1450 utile
816 1408 1048 1463 namque
1069 1400 1183 1455 est;
1217 1400 1270 1445 ct
1302 1391 1393 1444 Dei
1417 1388 1756 1460 prudentiam
1783 1396 1835 1441 et
1854 1389 2071 1455 sapien-

486 1487 613 1541 tiam
649 1484 943 1540 considera.
971 1482 1083 1537 Duo
1125 1482 1237 1535 haec
1282 1480 1437 1534 nobis
1494 1480 1699 1548 peperit
1748 1488 2024 1546 peccatum
2052 1521 2066 1545 ,

487 1577 757 1632 tristitiam
787 1583 841 1630 et
869 1584 1096 1628 mortem
1128 1590 1141 1626 :
1177 1571 1502 1640 Quacumque
1540 1569 1669 1622 enim
1698 1569 1779 1622 die
1820 1569 2068 1633 comedes,

484 1666 676 1735 inquit,
710 1674 871 1719 morte
912 1662 1142 1716 morieris
1160 1659 1383 1731 ((101.2.
1410 1660 1498 1729 17)
1525 1676 1537 1723 ;
1566 1666 1621 1712 et
1648 1658 1715 1711 ad
1754 1659 2066 1723 mulierem,

483 1756 549 1810 In
572 1755 833 1810 doloribus
862 1754 1025 1823 paries
1047 1753 1180 1821 ﬁlios
1212 1751 1433 1824 (συιδ.
1457 1749 1563 1820 16);
1592 1758 1647 1803 et
1674 1764 1769 1818 per
1791 1748 1904 1803 bznc
1926 1757 2071 1803 utra-

482 1865 585 1919 que
609 1857 882 1918 peocatum
914 1845 1151 1911 sustulit,
1186 1851 1239 1898 et
1271 1858 1300 1896 a
1345 1842 1468 1897 filiis
1512 1849 1739 1896 matrem
1784 1841 1954 1896 deleri
1977 1856 2069 1896 cu-

483 1942 638 1995 ravit.
662 1938 814 2007 Quod
844 1938 987 1992 enim
1032 1952 1157 1991 cum
1206 1934 1417 1989 tristitia
1470 1948 1616 1988 mors
1652 1942 1928 2003 peccatum
1976 1933 2070 1988 de-

481 2042 673 2095 struat,
703 2032 1039 2085 manifestum
1061 2027 1274 2097 quidem
1304 2034 1360 2080 et
1404 2041 1467 2080 ex
1513 2024 1870 2095 martyribus:
1896 2025 2069 2079 mani-

483 2125 674 2180 festum
706 2124 831 2179 item
858 2138 923 2177 ex
966 2122 1060 2186 iis,
1092 2136 1210 2190 quae
1232 2119 1368 2174 dixit
1389 2118 1584 2173 Paulus
1621 2118 1687 2171 ad
1719 2126 2028 2187 peccatores
2050 2160 2064 2182 ,

483 2216 563 2268 sic
590 2215 834 2285 inquiens
865 2230 879 2266 :
911 2210 1036 2266 Ideo
1065 2211 1208 2264 multi
1242 2211 1295 2262 in
1321 2210 1458 2264 vobis
1487 2209 1677 2278 inﬁrmi
1697 2217 1745 2262 et
1770 2208 2065 2275 imbecilles,

482 2317 527 2360 et
567 2306 819 2359 dormiunt
845 2302 1095 2371 multi“.
1124 2300 1242 2355 Cor.
1278 2301 1364 2354 ιι.
1391 2297 1481 2370 '50)
1503 2342 1517 2365 ,
1540 2299 1663 2369 quia
1693 2313 1787 2353 vos
1816 2299 2066 2369 peccatis,

481 2397 672 2467 inquit,
693 2394 984 2457 morimiui,
1015 2402 1072 2447 ut
1099 2403 1272 2447 morte
1303 2401 1516 2460 peccata
1547 2390 1843 2446 solvantur.
1890 2390 2071 2445 Intulit

485 2489 648 2559 igitur
700 2486 921 2551 dicens,
956 2484 1017 2540 Si
1069 2484 1201 2538 enim
1253 2498 1343 2535 nos
1391 2483 1529 2550 ipsos
1566 2482 1937 2552 judicaremus,
1967 2498 2070 2537 non

480 2581 647 2648 utique
658 2578 1015 2650 judicaremur
1042 2593 1059 2629 :
1085 2576 1205 2629 dum
1234 2575 1533 2645 judicamur
1558 2584 1725 2628 autem
1750 2591 1782 2627 a
1810 2574 2033 2629 Domino
2050 2618 2065 2643 ,

478 2670 804 2737 eorripimur,
834 2677 889 2721 ut
928 2683 1027 2721 non
1053 2682 1171 2719 cum
1217 2664 1406 2719 mundo
1451 2663 1873 2735 damnemur(Ib.
1896 2682 1945 2720 ν.
1974 2667 2064 2721 51.

459 2762 596 2832 ιὸἳ).
628 2760 698 2815 Et
727 2761 864 2814 sicut
889 2758 1086 2812 vermis
1111 2772 1175 2812 ex
1209 2758 1348 2827 ligno
1380 2756 1636 2821 nascitur,
1659 2765 1713 2811 et
1739 2755 1865 2810 illud
1895 2756 2065 2827 rodit;,

480 2860 537 2906 ct
563 2852 703 2906 tinea
736 2850 911 2904 lanam
937 2848 1189 2913 comedit,
1212 2863 1362 2902 suam
1406 2847 1475 2901 ab
1522 2847 1634 2917 ipsa
1671 2846 1933 2917 originem
1976 2846 2069 2900 ha-

474 2942 615 2997 bens
644 2958 657 2994 :
684 2940 763 2995 sic
789 2949 844 2994 et
883 2939 1093 2993 tristitia
1123 2948 1176 2992 et
1198 2953 1343 2993 mors
1361 2937 1429 2993 de
1452 2946 1669 3007 peccato
1697 2947 1835 2993 natae
1852 2948 1995 3005 sunt,
2016 2949 2069 2994 et

484 3042 757 3102 peccatum
784 3032 1091 3087 absumunt.
1122 3030 1283 3099 Igitur
1303 3047 1371 3084 ne
1391 3031 1676 3086 timeamus
1706 3041 1953 3097 mortem,
1973 3032 2066 3086 sed

480 3135 753 3195 peccatum
785 3124 1067 3178 timeamus
1091 3123 1385 3189 dumtaxat,
1416 3131 1470 3178 et
1495 3132 1712 3192 pr0pter
1744 3124 1869 3178 illud
1889 3124 2070 3179 dolea-

480 3234 619 3274 mus.
649 3217 720 3273 Et
749 3218 862 3272 lucc
886 3216 1009 3271 dico
1042 3230 1147 3270 non
1194 3230 1353 3285 grave
1381 3215 1667 3285 quidquam
1713 3226 2031 3285 exspectans
2050 3258 2064 3281 ,

482 3312 642 3378 absit,
670 3310 764 3366 sed
802 3312 1049 3365 timentes
1079 3324 1175 3363 vos
1219 3310 1295 3361 sic
1338 3324 1550 3378 semper
1577 3308 1715 3362 allici
1746 3309 1934 3362 volens
1954 3349 1968 3373 ,
2016 3320 2065 3362 et

480 3400 679 3457 Christi
709 3400 879 3471 legem
910 3415 1004 3469 per
1041 3413 1202 3467 opera
1236 3398 1457 3467 implere
1490 3417 1503 3452 :
1538 3397 1598 3452 Si
1641 3398 1751 3467 quis
1789 3400 1921 3451 enim
1966 3414 2064 3451 non

477 3495 621 3550 tollit
648 3512 847 3549 crucem
876 3511 1042 3561 suam,
1072 3503 1116 3547 et
1140 3495 1360 3561 sequitur
1388 3510 1486 3557 me,
1517 3509 1615 3547 non
1644 3502 1714 3548 est
1741 3511 1818 3547 me
1842 3494 2025 3564 dignus
2046 3534 2062 3557 ,

476 3587 655 3658 inquit
694 3586 904 3657 (Matth.
931 3585 1017 3640 10.
1064 3585 1177 3652 58).
1208 3584 1320 3638 line
1367 3594 1541 3637 autem
1582 3584 1823 3649 dicebat,
1854 3600 1957 3639 non
2009 3594 2067 3638 ut

484 3680 685 3750 lignum
732 3679 971 3732 humeris
1018 3677 1286 3738 feramus,
1333 3677 1425 3731 sed
1476 3687 1535 3731 ut
1581 3687 1804 3732 mortem
1855 3692 2067 3747 semper

474 3779 603 3825 ante
623 3770 806 3826 oculos
836 3768 1143 3831 habeamus,
1165 3769 1299 3821 sicut
1326 3778 1378 3821 et
1400 3768 1594 3822 Paulus
1615 3768 1851 3838 quotidie
1874 3772 2066 3824 morie-

482 3863 634 3917 batur
663 3860 880 3934 (l.Cor.
915 3861 1000 3915 15.
1034 3860 1150 3932 3i),
1200 3868 1252 3914 et
1298 3872 1523 3915 mortem
1570 3860 1875 3927 deridebat,
1918 3876 2057 3929 prte-

479 3962 795 4022 sentemque
821 3952 982 4006 vitam
1011 3951 1413 4007 contemnebat.
1447 3951 1519 4005 Es
1552 3951 1694 4005 enim
1718 3952 1893 4017 miles,
1926 3965 2065 4006 sem-

481 4058 579 4113 per
609 4044 662 4098 in
692 4044 808 4098 acie
827 4042 1183 4104 constitutus;
1217 4042 1370 4096 miles
1406 4056 1534 4096 vero
1574 4052 1800 4097 mortem
1832 4042 2025 4097 timens
2046 4084 2059 4105 ,

481 4151 768 4203 numquam
792 4144 1005 4189 strenue
1037 4149 1093 4188 se
1113 4141 1263 4203 geret
1293 4150 1305 4186 :
1329 4133 1412 4188 sic
1434 4132 1594 4202 igitur
1620 4147 1794 4201 neque
1811 4131 2065 4187 Christia-

475 4242 582 4282 nus
613 4227 772 4281 homo
800 4225 1032 4293 pericula
1052 4225 1277 4287 timens,
1313 4238 1559 4293 magnum
1601 4223 1726 4291 quid
1750 4231 1803 4277 et
1831 4222 2061 4277 admira-

474 4318 588 4373 bile
616 4316 904 4381 exhibebit,
936 4315 1045 4370 imo
1081 4315 1234 4369 facile
1264 4314 1633 4383 expugnabilis
1669 4314 1810 4379 erit;
1846 4314 2064 4383 intrepi-

474 4409 578 4465 dus
607 4418 788 4465 contra
831 4416 886 4461 et
930 4406 1317 4476 magnanimus,
1350 4405 1738 4475 inexpugnatus
1783 4412 1962 4458 manet
2010 4415 2061 4459 et

477 4501 722 4557 invictus.
748 4499 891 4553 Sicut
924 4498 1081 4567 igitur
1107 4498 1250 4566 pueri
1282 4506 1407 4563 tres,
1440 4497 1612 4567 ignem
1640 4513 1743 4549 non
1777 4497 2022 4552 timentes
2042 4539 2056 4563 ,

482 4593 655 4661 ignem
678 4590 975 4661 effugerunt
1008 4607 1020 4642 ε
1056 4589 1135 4643 sic
1170 4598 1224 4643 et
1248 4604 1367 4654 nos,
1399 4589 1440 4642 si
1472 4597 1698 4642 mortem
1728 4603 1832 4642 non
1876 4589 2063 4643 timea-

480 4700 619 4747 mus,
646 4693 869 4737 morlem
902 4682 1233 4751 elfugiemus.
1264 4680 1439 4749 ignem
1471 4694 1598 4734 vero
1625 4679 1840 4734 minime
1866 4679 2060 4735 timue-

482 4785 640 4841 runt;
672 4790 775 4827 non
816 4775 957 4828 enim
1007 4783 1090 4826 est
1138 4772 1343 4826 crimen
1380 4770 1624 4835 incendi;
1663 4771 1756 4825 sed
1788 4779 2059 4840 peccatum

483 4870 774 4922 timuerunt
806 4882 818 4917 :
852 4866 1052 4919 crimen
1083 4864 1224 4918 enim
1266 4871 1348 4918 est
1387 4864 1712 4932 impietatem
1752 4862 1922 4930 sequi.
1952 4861 2061 4916 llos

482 4966 536 5013 et
560 4971 658 5012 nos
689 4956 975 5019 imitemur,
1005 4965 1060 5010 et
1085 4970 1271 5009 omnes
1311 4954 1417 5008 illis
1455 4953 1701 5008 similes:
1731 4962 1785 5006 ct
1821 4968 1888 5007 ne
1922 4953 2060 5021 peri-

478 5048 597 5103 cula
623 5050 922 5112 timeamus,
949 5056 1005 5101 et
1028 5045 1339 5116 effugiemus
1362 5045 1612 5113 pericula.

554 5140 607 5195 5.
651 5137 773 5193 Non
821 5154 931 5191 sum
976 5136 1207 5206 equidem
1251 5136 1531 5205 propheta,
1560 5150 1714 5201 neque
1757 5134 1896 5200 ﬁlius
1941 5152 2059 5202 pro-

458 5208 643 5301 Vplsetaz
667 5228 840 5300 (Amos
890 5229 941 5281 7.
979 5228 1100 5297 id);
1132 5226 1361 5280 futurum
1402 5236 1575 5278 tamen
1603 5224 1881 5278 mauil'este
1909 5227 2019 5279 scio
2040 5268 2054 5290 ,

479 5331 533 5375 et
563 5335 752 5390 magna
781 5330 835 5373 et
867 5320 1008 5373 clara
1040 5332 1168 5371 voce
1205 5317 1493 5384 proclamo,
1524 5314 1665 5384 quod
1694 5316 1735 5367 si
1768 5328 2053 5380 mutemur,

478 5421 532 5466 et
581 5412 810 5480 aliquam
858 5409 1048 5462 anima:
1108 5416 1304 5461 nostrae
1356 5421 1536 5460 curam
1593 5417 1931 5475 agamus,et
1992 5408 2060 5461 ab

485 5504 821 5575 improbitate
866 5502 1183 5556 absistamus
1209 5542 1222 5565 ,
1256 5499 1387 5553 nihil
1438 5499 1717 5555 molestum
1762 5501 1968 5571 ingruet
2008 5510 2061 5555 et

478 5596 640 5650 triste
670 5612 685 5649 :
711 5603 868 5664 atque
887 5593 990 5647 hoe
1018 5589 1299 5647 manifeste
1324 5591 1443 5645 novi
1471 5607 1537 5645 ex
1565 5592 1656 5645 Dei
1685 5592 1988 5657 clementia,
2012 5600 2066 5646 et

487 5699 553 5738 ex
579 5682 663 5741 bis
690 5698 809 5754 qua:
835 5684 889 5738 in
919 5683 1081 5746 viros,
1114 5692 1164 5736 et
1187 5681 1449 5746 civitates,
1480 5690 1533 5737 ct
1566 5689 1752 5751 gentes
1772 5722 1785 5744 ,
1815 5690 1868 5735 et
1893 5696 2060 5751 popu-

481 5774 568 5830 los
590 5775 816 5840 integros
840 5774 984 5831 fecit.
1004 5772 1213 5828 Etenim
1235 5771 1582 5828 Ninivitarum
1609 5774 1811 5828 civitati
1833 5774 2060 5829 minatus

2182 482 2263 527 cst
2290 474 2306 504 ¹
2334 515 2347 537 ,
2377 484 2431 529 et
2453 475 2584 531 dixit
2619 495 2631 531 :
2663 477 2841 532 Adhuc
2870 491 2969 533 tres
2994 480 3120 547 dies,
3160 491 3207 537 et
3244 482 3428 538 Ninive
3459 485 3766 541 subvertemr

2180 564 2325 631 (Jan.
2357 566 2409 621 5.
2433 565 2517 639 4).
2545 568 2680 634 Quid
2728 570 2912 638 igitur,
2941 571 3029 626 die
3073 573 3239 629 mihi?
3267 574 3455 631 Ninive
3510 578 3764 634 subversa

2178 664 2288 721 est,
2317 665 2371 711 et
2396 659 2524 713 urbs
2551 661 2819 715 destructa
2860 664 2997 718 fuit?
3022 665 3218 720 Contra
3276 683 3497 738 prorsus
3537 670 3764 725 accidit.

2179 757 2233 801 et
2273 751 2524 817 surrexit,
2557 761 2611 806 et
2657 753 2852 808 clarior
2888 754 3025 809 faeta
3078 766 3179 820 est,
3209 768 3264 813 et
3315 769 3516 813 tantum
3560 771 3766 832 tempus

2180 840 2505 907 prasteritum
2551 843 2715 911 ipsius
2742 844 2965 914 gloriam
2988 862 3091 901 non
3119 848 3419 916 destruxit,
3451 852 3541 905 sed
3577 868 3768 908 omnes

2180 944 2299 984 eam
2324 932 2657 989 celebramus
2683 935 2857 991 adhuc
2885 953 3116 1008 quoque,
3151 950 3204 995 et
3230 957 3371 996 nunc
3398 943 3724 998 admiramur
3750 962 3765 1001 :

2180 1025 2428 1092 quoniam
2486 1035 2670 1095 portus
2718 1029 2931 1097 quidam
2978 1033 3215 1101 optimus
3262 1049 3326 1087 ex
3380 1035 3470 1089 illo
3526 1045 3765 1106 tempore

2178 1116 2521 1183 peccantibus
2550 1120 2797 1177 omnibus
2836 1124 3061 1191 exstitit,
3093 1126 3142 1179 in
3188 1120 3612 1197 desperationem
3669 1146 3763 1185 ca-

2181 1206 2308 1262 dere
2356 1224 2461 1263 non
2510 1212 2856 1282 permittens,
2906 1216 3001 1269 sed
3045 1232 3233 1273 omnes
3282 1220 3349 1275 ad
3396 1222 3763 1291 paenitentiam

2179 1314 2410 1368 vocans,
2466 1312 2520 1358 et
2553 1319 2649 1373 per
2693 1321 2755 1361 ea
2795 1323 2913 1377 quae
2944 1308 3088 1377 fecit,
3119 1321 3170 1364 ct
3215 1327 3309 1381 per
3348 1329 3467 1384 qua:
3501 1315 3592 1370 Dei
3644 1334 3767 1386 pro-

2178 1392 2462 1449 videntiam
2519 1408 2600 1451 est
2634 1409 2948 1468 assequuta,
2994 1405 3319 1472 persuadens
3363 1422 3648 1477 numquam
3697 1411 3766 1465 de

2180 1487 2389 1554 propria
2413 1487 2583 1544 salute
2608 1489 2913 1560 desperare,
2941 1495 3033 1549 sed
3062 1498 3222 1550 vitam
3259 1507 3505 1567 gerentes
3534 1501 3725 1556 bonam
3745 1542 3763 1565 ,

2177 1586 2235 1630 et
2259 1579 2513 1646 Optimam
2557 1595 2706 1650 Spem
2739 1596 3119 1654 proponentes,
3142 1589 3210 1644 de
3240 1590 3344 1646 line
3373 1601 3640 1663 tamquam
3674 1611 3765 1664 pe-

2177 1669 2319 1723 nitus
2345 1669 2483 1725 bono
2513 1670 2689 1729 futuro
2717 1676 3009 1733 conlidere.
3036 1678 3166 1747 Quis
3202 1682 3345 1736 enim
3370 1698 3473 1738 non
3500 1686 3765 1741 excitetur

2178 1759 2389 1816 illorum
2416 1765 2720 1834 exemplum
2744 1768 2986 1837 audiens,
3019 1771 3142 1826 licet
3168 1774 3402 1828 omnium
3438 1777 3508 1831 sit
3528 1777 3761 1847 ignavis-

2176 1852 2387 1907 simus?
2415 1854 2589 1925 Elegit
2619 1858 2796 1929 itaque
2840 1859 2982 1916 Deus
3020 1863 3353 1933 prOphetiam
3394 1870 3572 1937 potius
3612 1885 3761 1924 suam

2178 1941 2382 1997 irritam
2419 1946 2632 2015 cadere,
2656 1964 2815 2019 quam
2866 1952 3132 2010 civitatem
3178 1972 3428 2014 corruere
3460 1979 3473 2014 :
3501 1960 3609 2014 imo
3632 1977 3763 2016 vero

2176 2047 2349 2103 neque
2375 2037 2648 2106 prophetia
2675 2042 2884 2097 cecidit.
2913 2043 2968 2098 Si
2989 2046 3134 2100 enim
3165 2049 3465 2105 hominibus
3492 2051 3543 2105 in
3574 2056 3759 2108 eadem

2178 2124 2375 2178 malitia
2408 2133 2845 2196 permanentibus
2869 2150 2973 2188 non
3005 2138 3055 2191 in
3086 2153 3220 2209 OpllS
3261 2143 3520 2196 sententia
3546 2159 3761 2213 proces-

2180 2217 2357 2284 sisset,
2392 2234 2574 2292 posset
2619 2227 2739 2295 quis
2776 2227 2909 2283 fortc
2947 2229 3086 2284 dicta
3124 2234 3395 2288 criminari
3425 2252 3437 2288 :
3469 2237 3609 2306 quod
3636 2254 3762 2292 vero

2174 2319 2392 2372 mutatis
2418 2318 2567 2387 ipsis,
2600 2329 2655 2374 et
2692 2335 2721 2374 a
2765 2324 2962 2378 malitia
3008 2325 3419 2395 desisteutibus,
3442 2331 3601 2385 etiam
3626 2333 3762 2386 Deus

2175 2408 2243 2462 ab
2281 2410 2357 2463 ira
2399 2409 2680 2478 destiterit,
2717 2414 2837 2484 quis
2881 2416 3110 2485 amplius
3155 2418 3487 2487 prophetiam
3536 2437 3761 2491 carpere

2174 2500 2389 2567 poterit,
2414 2508 2468 2555 et
2487 2500 2625 2555 dicta
2648 2504 2912 2559 mendacii
2929 2507 3323 2564 condemnare?
3341 2510 3548 2566 Etenim
3563 2514 3756 2583 legem,

2173 2604 2330 2659 quam
2349 2591 2416 2645 ab
2435 2592 2586 2649 initio
2614 2593 2754 2649 Deus
2782 2598 2991 2652 cunctis
3011 2597 3317 2656 hominibus
3336 2604 3507 2671 posuit
3530 2619 3624 2673 per
3642 2621 3762 2675 pro-

2175 2682 2389 2751 phetam
2416 2684 2658 2753 loquens,
2693 2687 2830 2743 hanc
2849 2698 2902 2743 et
2930 2698 3055 2746 tunc
3080 2694 3433 2749 conservavit.
3463 2695 3630 2764 Quam
3659 2713 3759 2753 au-

2174 2779 2280 2825 tem
2304 2773 2515 2843 legem?
2541 2775 2622 2828 Ad
2640 2792 2889 2831 summam
2928 2780 3136 2850 loquar,
3170 2781 3359 2853 inquit,
3385 2786 3453 2838 ad
3488 2797 3684 2856 gentem
3715 2800 3761 2842 et

2172 2879 2404 2935 regnum,
2434 2876 2488 2919 ut
2515 2867 2787 2936 eradicem,
2820 2880 2866 2924 et
2903 2870 3198 2940 suﬂ'odiam,
3219 2884 3267 2929 et
3294 2877 3502 2946 perdam
3525 2893 3545 2932 :
3570 2889 3619 2932 et
3642 2882 3757 2945 erit,

2172 2958 2217 3010 si
2256 2961 2600 3027 paenitentiam
2648 2965 2838 3033 egerint
2884 2966 3224 3030 malitiw,me
3265 2984 3460 3039 quoque
3502 2973 3758 3040 paenitebit

2172 3049 2281 3111 irce,
2317 3067 2470 3119 quam
2510 3052 2744 3123 loquutus
2784 3057 2981 3125 fueram
3007 3060 3177 3128 facere
3205 3057 3311 3113 illis
3336 3059 3548 3131 (Jerem.
3584 3062 3670 3118 18.
3702 3064 3754 3117 7.

2173 3142 2249 3211 8).
2275 3142 2423 3198 Hanc
2452 3145 2610 3214 igitur
2639 3147 2807 3217 legem
2839 3149 3145 3204 custodiens
3168 3153 3484 3221 poeniteutes
3510 3155 3756 3223 salvavit,

2172 3245 2225 3287 et
2250 3250 2279 3289 a
2308 3236 2434 3289 vitio
2465 3237 2806 3295 discedentes
2832 3240 2901 3294 ab
2927 3241 2999 3295 ira
3030 3243 3294 3298 liberavit.
3313 3245 3544 3302 Noverat
3569 3249 3759 3303 barba-

2175 3342 2352 3379 rorum
2386 3328 2634 3383 virtutem
2656 3371 2671 3396 ,
2705 3338 2759 3385 ct
2786 3330 2905 3385 ideo
2936 3335 3250 3403 prophetam
3299 3337 3520 3408 urgebat
3552 3356 3565 3392 :
3597 3341 3674 3393 sic
3701 3351 3759 3395 et

2175 3426 2299 3473 tunc
2324 3421 2622 3489 agitabatur
2644 3423 2827 3477 civitas
2857 3426 3033 3479 audita
3063 3442 3194 3482 voce
3222 3430 3549 3498 prophetica,
3578 3432 3670 3487 sed
3705 3434 3754 3485 in

2175 3510 2322 3564 nullo
2354 3512 2474 3566 l:esa
2504 3521 2606 3577 est,
2636 3514 2761 3585 quin
2790 3530 2818 3568 a
2850 3517 3038 3572 timore
3061 3520 3260 3588 adjuta.
3293 3522 3475 3577 Timor
3500 3526 3639 3579 enim
3668 3527 3757 3581 ille

2173 3602 2395 3655 salutem
2419 3605 2646 3673 peperit,
2677 3608 3022 3661 comminatio
3061 3610 3295 3677 periculo
3338 3614 3609 3681 liberavit,
3640 3619 3756 3669 sub-

2172 3696 2430 3749 versionis
2474 3699 2733 3751 sententia
2774 3700 3172 3757 subversionem
3211 3703 3465 3759 cohibuit.
3490 3705 3536 3761 O
3564 3722 3753 3762 novam

2173 3800 2286 3839 rem
2332 3796 2385 3840 ct
2415 3787 2819 3844 admirabilem!
2861 3791 3195 3851 denuntiatio
3234 3806 3461 3853 mortem
3540 3797 3755 3852 minans

2173 3876 2331 3930 vitam
2382 3879 2606 3948 peperit.
2670 3880 2945 3947 Sententia
2990 3896 3271 3956 postquam
3318 3890 3421 3944 lata
3473 3893 3599 3958 luit,
3631 3903 3755 3949 tunc

2173 3964 2399 4020 invalida
2434 3966 2573 4022 facta
2603 3981 2703 4036 est,
2736 3982 2920 4026 contra
2950 3988 3108 4044 quam
3140 3977 3277 4045 apud
3308 3981 3590 4037 saeculares
3614 3983 3755 4052 judi-

2170 4074 2260 4115 ccs
2291 4079 2305 4115 :
2332 4063 2470 4131 apud
2500 4064 2597 4118 hos
2621 4066 2762 4119 enim
2791 4066 2842 4120 iu
2867 4070 3100 4125 medium
3130 4074 3330 4141 prolata
3351 4116 3364 4138 ,
3402 4085 3513 4129 rata
3551 4076 3608 4130 fit
3633 4091 3755 4132 sen-

2173 4154 2370 4216 tentia;
2400 4156 2539 4225 apud
2581 4157 2747 4213 Deum
2772 4170 2977 4229 contra,
3009 4164 3231 4233 proferri
3276 4169 3590 4223 sententiam
3634 4186 3752 4224 eam

2173 4243 2455 4299 invalidam
2495 4248 2619 4302 facit
2644 4268 2656 4303 :
2686 4251 2786 4304 nisi
2815 4253 2955 4306 enim
3002 4254 3206 4324 prolata
3253 4257 3472 4322 luisset,
3503 4274 3607 4313 non
3649 4262 3756 4315 uti-

2170 4349 2273 4402 que
2327 4346 2634 4405 peccatores
2687 4341 2989 4410 audissent;
3022 4345 3068 4399 si
3122 4361 3249 4401 vero
3296 4363 3400 4403 non
3442 4350 3751 4418 audissent,

2172 4442 2343 4499 neque
2389 4432 2619 4500 egissent
2666 4436 3053 4504 pmnitentiam,
3103 4454 3277 4509 neque
3316 4456 3526 4510 paenam
3593 4460 3753 4513 repu-

2171 4524 2375 4588 lissent,
2409 4541 2506 4580 nec
2555 4525 2775 4582 fuissent
2826 4529 2911 4583 illa
2946 4530 3174 4586 mirabili
3201 4536 3371 4591 salute
3412 4540 3581 4607 potiti.
3612 4540 3755 4606 Quu-

2172 4622 2331 4676 modo
2379 4623 2521 4677 enim
2575 4640 2679 4678 non
2736 4626 3031 4693 mirabilis,
3063 4645 3184 4683 cum
3224 4632 3389 4700 judex
3433 4635 3751 4689 sententiam

2171 4714 2382 4777 tulerit,
2422 4715 2495 4768 rei
2535 4731 2661 4768 vero
2694 4732 2787 4785 per
2832 4721 3195 4786 pmnitentiam
3236 4725 3553 4780 sententiam
3580 4727 3755 4782 solve-

2172 4805 2452 4859 rint?non
2506 4807 2646 4860 enim
2705 4808 2891 4862 urbem
2950 4810 3217 4881 fugerunt,
3253 4820 3392 4869 sicut
3447 4833 3544 4871 nos
3589 4835 3753 4885 nunc,

2170 4897 2262 4949 sed
2315 4907 2623 4965 manentes,
2656 4899 2820 4967 ipsnm
2866 4913 3138 4958 nutantem
3169 4904 3466 4961 firmarunt.
3507 4907 3756 4977 Laqueus

2169 5001 2316 5059 erat,
2381 5003 2434 5048 et
2499 4996 2770 5050 munimen
2856 4997 3024 5066 ipsam
3098 5000 3441 5059 reddiderunt
3498 5023 3511 5059 :
3560 5020 3755 5074 vorago

2168 5095 2283 5139 erat
2311 5093 2365 5139 et
2392 5086 2768 5156 praecipitium,
2801 5096 2854 5142 et
2899 5093 3074 5144 tutelae
3127 5095 3313 5148 turrim
3359 5094 3619 5153 fecerunt.
3646 5099 3755 5151 Au-

2170 5181 2383 5234 dierunt
2412 5182 2551 5251 quod
2576 5182 2795 5238 aedificia
2824 5197 3107 5248 corruent.
3144 5204 3314 5259 neque
3340 5190 3587 5260 fugerunt
3625 5192 3752 5245 aedi.

2171 5271 2308 5334 ficia,
2335 5273 2425 5327 sed
2458 5284 2669 5342 peccata
2692 5275 2978 5345 fugerunt:
3013 5294 3116 5333 non
3141 5280 3502 5336 discesserunt
3530 5283 3753 5352 quisque

2169 5366 2235 5423 de
2255 5369 2414 5423 domo
2443 5386 2557 5432 sua,
2590 5373 2726 5425 sicut
2749 5387 2889 5426 nunc
2928 5388 3046 5439 nos,
3079 5374 3171 5428 sed
3201 5375 3445 5429 discessit
3473 5379 3696 5447 quisque
3722 5392 3750 5428 a

2173 5461 2254 5513 via
2287 5476 2379 5515 sua
2408 5462 2565 5515 mala.
2610 5462 2745 5516 Num
2781 5464 2944 5529 enim,
2984 5465 3185 5534 inquit,
3220 5467 3358 5520 muri
3402 5467 3531 5521 iram
3589 5483 3752 5537 pepe-

2234 5602 2248 5628 ¹
2270 5605 2390 5660 δαν.
2413 5604 2464 5646 et
2484 5598 2676 5660 quidam
2701 5606 2807 5647 Mss.
2836 5612 2849 5647 :
2882 5600 3053 5649 Urbem
3076 5598 3282 5649 minatus
3314 5605 3384 5649 est
3412 5601 3682 5652 subvertere
3705 5611 3753 5651 α

2169 5658 2296 5709 dixit
2327 5672 2343 5708 :
2369 5658 2535 5709 Adhuc
2573 5667 2671 5722 tres
2711 5661 2832 5710 dies.
2878 5663 2950 5708 Sic
2984 5673 3181 5722 semper
3223 5662 3398 5712 lectum
3440 5672 3516 5713 est
3551 5666 3600 5713 in
3642 5671 3752 5716 LXX

2169 5724 2522 5782 lnterpretibus
2545 5721 2623 5772 vel
2643 5735 2669 5770 a
2690 5724 2857 5785 primis
2879 5721 3103 5771 Ecclesiae
3127 5723 3333 5783 sarculis,
3350 5725 3489 5787 τρεῖς,
3513 5737 3616 5786 pro,
3637 5739 3747 5770 τεσ-

2167 5800 2448 5847 σαρακοντα.
3178 5800 3191 5811 ’
