4072 6384
273 391 341 446 75
1295 389 1383 444 AD
1422 387 1752 446 POPULUM
1793 385 2294 449 ANTIOCHENUM
2335 392 2571 449 HOMIL.
2619 389 2681 447 V.
3664 394 3734 449 76

274 505 449 570 ὁδοὺς
477 503 683 559 αὐτοῦ.
722 504 819 558 Διά
851 503 1007 559 τοῦτο
1035 505 1128 559 καὶ
1157 506 1185 558 6
1208 505 1417 568 Παῦλος
1437 505 1538 575 ἔφη
1561 521 1574 534 °
1622 505 1683 560 Ἡ
1710 504 1778 557 δὲ
1807 506 1956 557 κατὰ

275 593 423 649 Θεὸν
471 594 637 661 λύπη
677 593 1000 664 μετάνοιαν
1041 597 1130 660 είς
1175 595 1479 662 σωτηρίαν
1507 594 1957 662 ἀμεταμέλητον

273 678 697 750 κατεργάζεται.
742 681 950 735 υύκοῦν
982 681 1169 752 ἐπειδὴ
1194 681 1377 749 σαφῶς
1403 682 1432 733 6
1461 679 1617 748 λόγος
1646 678 1947 745 ἀπέδειξεν,

271 770 351 822 ὅτι
376 767 500 822 οὔτε
532 768 734 840 ζημίαν
768 772 1089 840 χρημάτων,
1133 767 1246 822 οὔθ’
1296 767 1472 838 ὓϐριν,
1514 767 1625 820 οὔτ’
1666 769 1950 838 ἐπήρειαν,

270 857 393 912 οὔτε
431 859 720 928 μάστιγας,
747 857 858 911 οὔτ’
885 858 1219 931 ἀρρωστίαν,
1259 856 1381 910 οὔτε
1411 857 1657 912 θάνατον.
1683 854 1795 907 τοῦτ’
1825 854 1954 909 ἀλλο

269 962 322 998 τι
347 945 456 999 τῶν
480 944 740 998 τοιούτων
765 946 1118 1016 ἐπενεχθεῖσα
1149 945 1294 1013 λύπη
1321 943 1611 1015 διορθῶσαι
1639 942 1840 996 δύναιτ’
1864 943 1950 1006 ἂν,

274 1030 390 1104 [66]
433 1032 550 1085 ἀλλ’
595 1033 868 1105 ἁμαρτίαν
899 1033 1158 1100 ἀφανίσαι
1205 1031 1392 1102 μόνην,
1429 1031 1522 1082 καὶ
1557 1029 1762 1099 ταύτης
1807 1029 1952 1081 ἐστὶν

272 1125 632 1196 ἀναιρετικὴ,
694 1125 916 1194 εὔδηλον
967 1125 1048 1177 ὅτι
1107 1123 1195 1176 διά
1246 1123 1449 1191 ταύτην
1489 1122 1704 1190 ἐγένετο
1760 1121 1946 1190 μόνην.

247 1214 489 1284 ,Μηκέτι
515 1210 608 1267 οὖν
629 1213 721 1266 ἐπὶ
750 1211 923 1283 ζημίᾳ
975 1213 1271 1283 χρημάτων
1304 1209 1557 1279 ἀλγῶμεν
1579 1249 1592 1268 ,
1665 1209 1779 1262 ἀλλ’
1826 1209 1953 1261 ὅταν

272 1301 699 1373 ἁμαρτάνωμεν,
729 1298 986 1370 ἀλγῶμεν
1017 1299 1196 1368 μόνον.
1238 1297 1378 1350 Πολὺ
1411 1296 1520 1368 γὰρ
1551 1298 1613 1348 τὸ
1646 1295 1836 1367 κέρδος
1871 1299 1955 1348 ἐν-

271 1387 442 1441 ταῦθα
478 1386 587 1440 ἀπὸ
617 1386 717 1457 τῆς
744 1385 940 1456 λύπης.
975 1382 1354 1454 Ἐζημιώθης;
1391 1383 1466 1453 μὴ
1493 1381 1813 1452 ἀθυμήσῃς·
1833 1383 1953 1434 οὐδὲ

271 1475 377 1546 γάρ
405 1473 729 1544 ὠφελήσεις.
769 1473 1082 1545 Ἥμαρτες;
1117 1470 1410 1541 λυπήθητι,
1439 1469 1628 1536 ὕφελος
1671 1469 1781 1540 γάρ
1803 1485 1815 1498 ο
1861 1471 1954 1522 καὶ

274 1561 466 1614 σκόπει
497 1558 712 1612 σύνεσιν
734 1556 869 1610 Θεοῦ
901 1557 994 1609 καὶ
1020 1556 1230 1625 σοφίαν.
1265 1555 1368 1607 Δύο
1399 1553 1572 1608 ταῦτα
1601 1553 1784 1606 ἔτεκεν
1821 1555 1954 1624 ἡμῖν

269 1649 302 1717 ή
338 1645 600 1716 ἁμαρτία,
617 1644 794 1714 λύπην
821 1645 917 1697 καὶ
944 1642 1170 1695 θάνατον
1190 1659 1202 1673 '
1227 1635 1310 1714 ᾟ
1322 1641 1431 1710 γὰρ
1461 1641 1537 1694 ἂν
1561 1639 1748 1709 ἡμέρᾳ
1771 1641 1954 1711 φάγῃ,

271 1734 424 1802 φησὶ,
457 1732 694 1796 θανάτῳ
741 1729 1054 1796 ἀποθανῇ·
1107 1729 1202 1782 καὶ
1243 1728 1379 1800 πρὸς
1417 1729 1517 1798 τὴν
1554 1731 1810 1796 γυναῖκα,
1854 1728 1957 1779 Ἐν

268 1823 493 1886 λύπαις
526 1820 669 1888 τέξῃ
719 1820 925 1874 τέκνα.
987 1819 1097 1872 K61
1142 1818 1208 1871 δι’
1237 1816 1564 1889 ἀμφοτέρων
1618 1817 1823 1871 τούτων
1857 1818 1954 1888 τὴν

271 1909 543 1980 ἁμαρτίαν
573 1909 773 1971 ἀνεῖλε,
808 1909 902 1962 καὶ
927 1907 1034 1960 ὑπὸ
1059 1906 1167 1960 τῶν
1199 1906 1404 1958 τέκνων
1440 1906 1539 1976 τὴν
1605 1905 1817 1975 μητέρα
1857 1905 1956 1956 ἀπ-

267 1996 486 2049 ολέσθαι
519 1995 1076 2066 παρεσκεύασεν.“οτι
1111 1994 1219 2066 γὰρ
1242 1992 1379 2065 μετά
1407 1993 1506 2063 τῆς
1532 1993 1708 2063 λύπης
1735 1994 1828 2045 καὶ
1861 1993 1954 2046 θά-

269 2102 429 2148 νατος
471 2087 746 2156 ἁμαρτίαν
793 2085 1023 2154 ἀναιρεῖ,
1059 2083 1214 2152 δῆλον
1247 2082 1345 2152 μὲν
1385 2083 1479 2135 καὶ
1517 2081 1626 2134 ἀπὸ
1655 2080 1763 2132 τῶν
1816 2099 1955 2153 μαρ-

269 2171 470 2242 τύρων,
504 2173 660 2244 δῆλον
685 2172 742 2225 δέ
794 2173 886 2225 καὶ
919 2171 977 2235 ἐξ
1025 2163 1099 2223 ὧν
1141 2172 1168 2222 ὁ
1201 2169 1412 2234 Παῦλος
1444 2165 1564 2223 εἷπε
1600 2169 1735 2239 πρὸς
1775 2171 1955 2242 ἀμαρ-

268 2262 548 2326 τάνοντας,
578 2261 721 2315 οὕτω
760 2261 962 2330 λέγων’
995 2261 1098 2314 Διά
1119 2260 1294 2314 τοῦτο
1325 2261 1394 2313 ἐν
1420 2260 1564 2329 ὑμῖν
1585 2261 1805 2314 πολλοὶ
1856 2261 1953 2315 καὶ

269 2349 548 2414 ἀσθενεῖς
571 2349 668 2402 καί
698 2347 1013 2416 ἄρρωστοι.
1038 2348 1132 2400 καί
1165 2345 1482 2416 κοιμῶνται
1510 2348 1705 2401 ἱκανοί
1725 2365 1738 2377 ο
1766 2349 1951 2419 ἐπειδὴ

271 2439 632 2508 ἁμαρτάνετε,
657 2438 808 2508 φησὶ,
837 2435 1146 2498 τελευτᾶτε,
1178 2435 1313 2488 ὥστε
1344 2438 1410 2505 τῇ
1430 2435 1654 2506 τελευτῇ
1687 2435 1752 2488 τὰ
1775 2437 1954 2507 ἀμαρ-

267 2527 492 2595 τὴματα
542 2523 914 2579 διαλύσασθαι.
971 2525 1250 2592 Ἐπήγαγε
1291 2522 1419 2592 γοῦν
1462 2523 1660 2590 λέγων’
1721 2527 1790 2577 Εἰ
1844 2525 1954 2594 γὰρ

269 2613 525 2678 ἑαυτοὺς
555 2612 948 2680 διεκρίνομεν,
974 2614 1084 2665 οὐκ
1117 2611 1196 2665 ἂν
1215 2611 1584 2680 ἐκρινόμεθα,
1619 2613 1952 2678 κρινόμενοι

271 2700 343 2753 δὲ
385 2700 504 2755 ὑπὸ
563 2699 670 2754 τοῦ
702 2700 924 2768 Κυρίου
976 2699 1397 2768 παιδευόμεθα,
1446 2698 1652 2767 ἵναμὴ
1711 2700 1832 2750 σὺν
1872 2697 1953 2763 τῷ

270 2791 479 2858 κόσμῳ
505 2787 967 2858 κατακριθῶμεν.
1002 2789 1110 2842 K61
1138 2789 1390 2857 καθάπερ
1418 2790 1447 2842 6
1484 2787 1698 2858 σκώληξ
1722 2789 1829 2841 ἀπὸ
1859 2788 1950 2841 τοῦ

272 2876 476 2943 ξύλου⁸
500 2877 759 2942 τίκτεται,
796 2878 888 2930 καὶ
935 2877 1209 2930 κατεσθίει
1241 2877 1302 2930 τὸ
1345 2877 1521 2943 ξύλον,
1555 2875 1648 2929 καὶ
1690 2876 1787 2946 σὴς
1821 2893 1952 2928 κατ-

271 2966 442 3019 εσθίει
465 2967 526 3019 τὸ
558 2966 724 3037 ἔριον,
759 2965 888 3036 παρ’
911 2964 1076 3019 αὐτοῦ
1105 2965 1201 3035 τὴν
1233 2965 1407 3036 ἀρχὴν
1438 2963 1576 3034 ἔχων
1596 2980 1609 2994 ⁸
1639 2962 1782 3016 οὕτω
1808 2963 1951 3032 λύπη

270 3053 365 3107 καὶ
391 3053 618 3117 θάνατος
658 3052 956 3123 ἐτέχθησαν
986 3053 1092 3105 ἀπὸ
1122 3053 1220 3122 τῆς
1256 3052 1549 3122 ἁμαρτίας.
1583 3051 1677 3102 καὶ
1719 3050 1952 3118 κατέφα-

276 3149 373 3208 γον
406 3140 503 3212 τὴν
536 3141 830 3210 ἁμαρτίαν.
877 3138 967 3210 Μὴ
995 3138 1173 3191 τοίνυν
1201 3136 1494 3208 φοϐώμεθα
1525 3137 1777 3196 θάνατον,
1816 3137 1952 3189 ἁλλά

272 3224 568 3296 φοϐώμεθα
596 3226 870 3297 ἁμαρτίαν
895 3225 1074 3296 μόνον,
1097 3226 1190 3278 καὶ
1214 3225 1279 3276 δι’
1307 3224 1521 3294 ἐκείνην
1545 3223 1816 3292 ἀλγῶμεν.
1842 3224 1950 3276 Καὶ

272 3312 443 3366 ταῦτα
469 3313 616 3382 λέγω
646 3315 708 3366 ού
741 3313 911 3366 δεινόν
955 3330 1006 3365 τι
1040 3311 1374 3383 προσδοκῶν,
1428 3313 1501 3381 μὴ
1539 3309 1768 3378 γένοιτο,
1817 3310 1951 3364 ἀλλά

273 3399 640 3471 φοϐουμένους
667 3401 810 3470 ὑμᾶς
842 3399 1014 3463 οὕτως
1061 3401 1148 3453 ἀεὶ
1187 3398 1489 3452 διακεῖσθαι
1519 3397 1709 3460 θέλων,
1741 3400 1836 3452 καὶ
1862 3399 1951 3452 τὸν

271 3488 367 3541 τοῦ
405 3486 644 3558 Χριστοῦ
679 3487 840 3557 νόμον
877 3487 970 3539 ἐπὶ
999 3486 1107 3538 τῶν
1130 3485 1305 3556 ἔργων
1334 3485 1572 3554 πληροῦν
1596 3503 1608 3515 ·
1671 3485 1806 3540 Ἐὰν
1842 3487 1950 3554 γάρ

273 3592 364 3642 τις
381 3575 468 3644 μὴ
494 3574 606 3644 ἄρῃ
629 3574 736 3628 τὸν
755 3573 1021 3641 σταυρόν
1049 3573 1256 3635 αὐτοῦ,
1283 3573 1380 3625 καὶ
1408 3571 1798 3640 ἀκολουθήσῃ
1825 3591 1948 3642 μοι,

274 3666 459 3733 φησὶν,
507 3665 618 3716 οὐκ
673 3663 844 3715 ἐστιν
901 3661 1046 3729 ἐμοῦ
1100 3660 1289 3724 ἄξιος.
1339 3658 1509 3711 Τοῦτο
1550 3659 1594 3710 δ’
1625 3659 1810 3727 ἔλεγεν
1855 3661 1952 3731 ούχ

275 3753 362 3804 ῖνα
386 3751 540 3815 ξύλον
561 3750 920 3819 βαστάζωμεν
949 3748 1040 3800 ἐπὶ
1071 3748 1177 3799 τῶν
1199 3747 1384 3816 ὤμων,
1420 3745 1532 3798 ἀλλ’
1569 3747 1652 3799 ἵνα
1681 3747 1771 3800 τὸν
1796 3748 1954 3801 θάνα-

273 3855 366 3890 τον
395 3825 480 3890 ἁείι
502 3838 608 3908 πρὸ
639 3837 746 3890 τῶν
778 3835 1070 3906 ὀφθαλμῶν
1117 3835 1348 3905 ἔχωμεν,
1387 3834 1634 3903 καθάπερ
1665 3830 1758 3886 οὖν
1796 3836 1888 3887 καὶ
1923 3839 1950 3888 6

275 3922 484 3984 Παῦλος
518 3922 638 3974 καθ’
671 3923 882 3992 ἡμέραν
915 3920 1248 3990 ἀπέθνησκε,
1295 3920 1388 3972 καὶ
1427 3920 1694 3987 κατεγέλα
1723 3920 1820 3987 τῆς
1859 3937 1947 3971 :5-

259 4011 486 4082 -λευτῆς,
513 4011 606 4064 καὶ
637 4011 730 4062 τοῦ
760 4009 1023 4080 παρόντος
1047 4006 1334 4079 ὑπερεώρα
1356 4006 1490 4076 βίου.
1527 4007 1634 4060 K61
1659 4005 1766 4073 γὰρ
1791 4023 1952 4077 στρα-

273 4098 473 4167 τιώτης
501 4093 570 4164 εἴ,
599 4099 691 4151 καὶ
723 4097 986 4166 διηνεκῶς
1031 4096 1122 4148 ἐπὶ
1147 4095 1250 4164 τῆς
1292 4094 1649 4165 παρατάξεως
1677 4095 1913 4164 ἕστηκας
1933 4111 1948 4121 “

276 4185 618 4257 στρατιώτης
635 4185 691 4238 δέ
719 4184 948 4239 θάνατον
967 4182 1240 4246 δεδοικὼς,
1271 4182 1422 4235 οὐδὲν
1449 4182 1690 4234 οὐδέποτ’
1723 4182 1951 4252 ἐργάσε-

273 4273 412 4325 :6:b
452 4275 698 4342 γενναῖον
724 4289 736 4302 ·
792 4272 981 4340 ὥσπερ
1013 4266 1107 4323 οῦν
1151 4269 1271 4321 οὐδὲ
1313 4268 1632 4340 Χριστιανὸς
1667 4267 1950 4337 ἄνθρωπος

274 4360 554 4424 κινδύνους
575 4359 906 4429 φοϐούμενος
933 4358 1225 4430 ἐργάσεταί
1244 4375 1297 4410 τι
1330 4357 1470 4427 μέγα
1497 4357 1589 4409 καὶ
1617 4355 1948 4425 θαυμαστὸν,

275 4446 412 4500 ἀλλά
452 4448 590 4518 πρὸς
641 4445 848 4510 τούτοις
891 4447 984 4499 καὶ
1034 4446 1357 4516 εὐχείρωτος
1413 4443 1596 4496 ἐσται·
1642 4442 1752 4494 ἀλλ’
1782 4443 1878 4512 οὐχ
1923 4446 1951 4496 6

273 4532 546 4604 τολμητὴς
574 4533 669 4587 καὶ
694 4533 1070 4604 μεγαλόφρων,
1090 4532 1204 4585 ἀλλ’
1220 4531 1491 4592 ἀνάλωτος
1512 4529 1658 4599 μένει
1678 4531 1767 4582 καὶ
1793 4530 1953 4583 ἀκατ-

274 4618 592 4687 αγώνιστος.
629 4619 896 4689 Καθάπερ
951 4615 1046 4672 οὖν
1084 4621 1132 4672 οῖ
1161 4617 1347 4680 παῖδες
1385 4617 1434 4669 οἱ
1475 4619 1623 4687 τρεῖς
1669 4615 1742 4686 μὴ
1784 4617 1950 4686 φοϐη-

274 4707 459 4770 θέντες
497 4707 557 4760 τὸ
586 4706 715 4778 πῦρ,
751 4706 950 4775 ἔφυγον
983 4706 1042 4759 τὸ
1083 4706 1223 4776 πῦρ·
1253 4704 1395 4758 οῦτω
1430 4705 1524 4756 καὶ
1560 4705 1741 4773 ἡμεῖς,
1774 4703 1839 4756 ἀν
1875 4703 1950 4774 μὴ

274 4792 600 4862 φοϐηθῶμεν
640 4791 887 4855 θάνατον,
916 4791 1312 4862 διαφευξόμεθα
1339 4790 1583 4843 θάνατον.
1619 4789 1732 4842 Οὐκ
1753 4790 1950 4859 ἐφοϐή-

273 4879 446 4949 θησαν
491 4879 549 4931 δέ
594 4879 653 4931 τὸ
704 4879 835 4951 πῦρ,
867 4881 927 4932 ού
977 4880 1085 4950 γὰρ
1129 4878 1377 4948 ἔγκλημα
1421 4877 1480 4928 τὸ
1524 4876 1755 4946 καῆναι·
1815 4876 1950 4929 ἀλλά

273 4965 620 5035 ἐφοϐήθησαν
655 4968 752 5036 τὴν
797 4965 1090 5036 ἁμαρτίαν,
1130 4963 1380 5034 ἔγκλημα
1418 4963 1525 5032 γὰρ
1557 4962 1615 5015 :6
1658 4962 1945 5033 ἀσεϐῆσαι.

274 5052 511 5115 Τούτους
553 5053 648 5106 καὶ
689 5050 850 5123 ἡμεῖς
878 5051 1210 5122 ζηλώσωμεν
1258 5050 1353 5102 καὶ
1394 5050 1520 5112 τοὺς
1566 5050 1686 5102 κατ’
1711 5051 1946 5112 ἐκείνους

298 5139 568 5203 ἅπαντας,
604 5142 696 5192 καὶ
745 5138 820 5210 μὴ
860 5137 1152 5209 φοϐώμεθα
1192 5136 1488 5199 κινδύνους,
1531 5139 1624 5190 καὶ
1663 5137 1944 5206 ὃιαφευξό-

277 5231 420 5302 μεθα
441 5232 736 5295 κινδύνους.

345 5326 405 5372 ε’.
429 5321 550 5372 Οὐκ
574 5318 816 5388 είμὶμὲν
836 5319 945 5388 γὰρ
966 5316 1297 5385 προφήτης,
1322 5315 1446 5368 οὔθ’
1468 5315 1595 5378 υἱὸς
1611 5313 1939 5380 προφήτου,

271 5406 334 5458 τὸ
366 5405 548 5474 μέντοι
583 5404 773 5476 μέλλον
807 5405 922 5475 μετ’
955 5402 1238 5474 ἀκριϐείας
1265 5402 1578 5471 ἐπίσταμαι,
1605 5401 1700 5452 καὶ
1735 5402 1946 5474 μεγάλῃ

271 5493 370 5546 καὶ
393 5492 622 5564 λαμπρᾷ
650 5491 758 5562 βοῶ
785 5495 852 5563 τῇ
893 5493 1066 5562 φωνῇ,
1111 5492 1194 5544 ὅτι
1224 5491 1272 5543 εἰ
1311 5487 1800 5560 μεταϐαλλοίμεθα,
1854 5491 1946 5542 καί

270 5596 395 5632 τινα
428 5579 743 5648 ἐπιμέλειαν
781 5579 880 5646 τῆς
908 5579 1188 5649 ἡμετέρας
1231 5574 1413 5645 ψυχῆς
1445 5573 1821 5643 ποιησώμεθα,
1851 5577 1944 5628 καὶ

271 5665 371 5734 τῆς
405 5665 669 5736 πονηρίας
708 5663 1056 5734 ἁποστῶμεν,
1083 5663 1236 5716 οὐδὲν
1272 5662 1432 5732 ἀηδὲς
1461 5661 1611 5712 ἔσται
1649 5662 1743 5713 καὶ
1775 5660 1946 5730 λυπη-

274 5753 388 5820 ρόν.
444 5754 554 5805 Καὶ
580 5752 740 5807 τοῦτο
771 5749 887 5806 οἶδα
919 5753 1104 5822 σαφῶς
1135 5751 1242 5804 ἀπὸ
1269 5749 1365 5818 τῆς
1395 5749 1485 5801 τοῦ
1513 5747 1648 5802 Θεοῦ
1675 5747 1790 5820 [67]
1827 5751 1943 5818 φιλ-

335 5896 360 5958 f‘
382 5895 533 5958 Sizn'il.
560 5903 610 5943 et
634 5896 782 5958 allqm
807 5896 900 5944 ὑπὸ
933 5913 1017 5945 του
1053 5895 1204 5950 ξύλου.

331 5956 358 5992 b
389 5953 774 6014 Ιτιιηςδεδοικῶς,
800 5959 1024 6005 οὐδέποτέ
1043 5973 1085 6004 τι
1112 5953 1542 6019 ἐργάσεταιῬαυῐο
1566 5956 1674 6016 post
1693 5957 1794 6002 [res
1816 5965 1930 6000 mss.

268 6019 555 6076 ςοόούαινος
579 6019 850 6074 ἐπιδείξεταί
878 6035 920 6068 τι
947 6020 1082 6081 μέγα.
1371 6035 1397 6055 υ

2064 506 2376 578 ανθρωπίας
2403 510 2496 561 καὶ
2513 499 2693 577 ἀφ’ῶν
2717 507 2810 560 καὶ
2838 509 2916 571 εἰς
2940 507 3134 579 ἄνδρας
3159 509 3250 562 καὶ
3284 510 3465 573 πόλεις
3489 511 3581 563 καὶ
3601 511 3733 580 ἔθνη

2065 598 2156 648 καὶ
2187 596 2391 666 δήμους
2415 597 2742 667 ὁλοκλήρους
2767 596 3010 666 ἐποίησε.
3052 597 3160 649 Καὶ
3181 595 3290 665 γὰρ
3313 598 3404 650 καὶ
3424 600 3490 667 τῇ
3515 599 3707 651 Νινευῖ

2057 684 2166 736 τῶν
2188 684 2387 755 ἡπείλη
2398 701 2451 734 σε
2480 683 2653 747 πόλει,
2678 669 2773 736 καὶ
2798 679 2968 735 εἶπενε
2993 685 3119 736 Ἔτι
3151 683 3303 750 τρεῖς
3331 684 3538 752 ’ἡμέραι
3563 696 3610 750 ο,
3633 688 3734 740 καὶ

2055 772 2262 826 Νινευτ
2279 771 2861 840 καταστραρήσεται.
2881 770 2945 822 Τί
2965 764 3078 832 οὗν,
3099 770 3218 822 είπέ
3239 787 3358 840 μοις
3379 773 3736 844 κατεστράφη

2057 862 2090 930 ἡ
2107 861 2155 913 Ν
2161 859 2313 922 ινευῒ,
2333 860 2425 912 καὶ
2444 859 2722 929 ἀνετράπη
2745 860 2778 928 ἡ
2796 857 2976 922 πόλις;
2995 858 3314 910 Τούναντίον
3341 858 3438 928 μὲν
3453 853 3547 911 οῦν
3569 860 3736 927 ἅπαν,

2059 949 2150 1002 καὶ
2171 947 2391 1019 ἀνέστη,
2413 947 2505 1001 καὶ
2527 945 2879 1018 λαμπροτέρα
2901 946 3114 1014 γέγονε,
3145 947 3237 998 καὶ
3267 944 3459 1016 χρόνος
3487 947 3740 1011 τοσοῦτος

2057 1035 2278 1088 διελθὼν
2304 1036 2404 1105 τὴν
2426 1033 2583 1099 δόξαν
2614 1035 2784 1104 αὐτῆς
2810 1035 2910 1087 οὐκ
2937 1035 3221 1102 ἠφάνισεν,
3261 1032 3394 1086 ἀλλά
3422 1035 3623 1098 πάντες
3643 1037 3741 1090 αύ-

2057 1121 2156 1192 τὴν
2189 1122 2387 1192 ᾄδομεν
2415 1121 2515 1184 ἔτι,
2545 1121 2640 1174 καὶ
2670 1119 2764 1173 νῦν
2794 1120 3168 1190 θαυμάζομεν,
3204 1121 3284 1172 ὅτι
3321 1119 3484 1190 λιμήν
3511 1138 3593 1184 τις
3613 1121 3738 1192 ἀρι-

2062 1227 2185 1272 στος
2228 1210 2284 1275 ἐξ
2331 1210 2540 1261 ἐκείνου
2587 1207 2678 1260 τοῦ
2722 1209 2913 1278 χρόνου
2969 1211 3079 1270 τοῖς
3117 1208 3521 1278 ἁμαρτάνουσιν
3565 1209 3738 1264 ἅπασι

2058 1298 2302 1368 γέγονεν,
2329 1297 2428 1350 οὐκ
2461 1299 2680 1366 ἀφιεῖσα
2716 1298 2792 1360 είς
2819 1296 3128 1363 ἀπόγνωσιν
3161 1299 3442 1364 ἐμπεσεῖν,
3477 1297 3612 1350 ἀλλά
3639 1315 3740 1350 κα-

2058 1385 2224 1438 λοῦσα
2251 1383 2493 1446 ἅπαντας
2517 1385 2596 1447 εἰς
2628 1383 2934 1452 μετάνοιαν,
2965 1382 3060 1435 καὶ
3099 1381 3164 1434 δι’
3193 1375 3267 1434 ὧν
3291 1381 3512 1453 ἔπραξε,
3547 1385 3640 1436 καὶ
3669 1385 3737 1436 δι’

2057 1466 2130 1525 ὧν
2154 1472 2434 1540 άπήλαυσε
2460 1469 2560 1539 τῆς
2581 1469 2674 1522 τοῦ
2705 1469 2839 1522 Θεοῦ
2867 1469 3147 1540 προνοίας,
3169 1468 3430 1522 πείθουσα
3465 1470 3739 1540 μηδέποτε

2058 1559 2156 1627 τῆς
2189 1557 2393 1620 οἰκείας
2434 1554 2831 1624 ἀπογινώσκειν
2863 1554 3158 1625 σωτηρίας.
3195 1555 3330 1607 ἀλλά
3366 1553 3477 1624 βίον
3517 1556 3739 1626 ἄριστον

2060 1645 2550 1713 ἐπιδεικνυμένους,
2602 1643 2696 1696 καὶ
2739 1642 2838 1714 τὴν
2889 1641 3098 1712 ἀγαθὴν
3134 1642 3324 1694 ἐλπίδα
3369 1643 3743 1714 προϐαλλομέ-

2061 1748 2184 1794 νους
2234 1730 2456 1802 θαρρεῖν
2506 1733 2634 1802 περὶ
2684 1728 2776 1781 τοῦ
2832 1728 3020 1791 τέλους
3081 1728 3155 1790 ώς
3208 1729 3465 1798 ἐσομένου
3523 1731 3739 1791 πάντως

2059 1818 2316 1888 χρηστοῦ-
2387 1818 2484 1881 Τίς
2529 1817 2636 1886 γὰρ
2678 1816 2777 1868 οὐκ
2825 1815 2890 1868 ἂν
2936 1815 3236 1884 ἀνασταίη,
3309 1816 3370 1868 τὸ
3423 1818 3548 1868 κατ’
3600 1819 3742 1870 ἐκεί-

2060 1923 2179 1968 νους
2215 1904 2562 1976 παράδειγμα
2591 1902 2826 1962 ἀκούων,
2861 1900 2961 1954 κᾶν
2991 1902 3206 1955 πάντων
3236 1901 3574 1970 νωθρότατος
3607 1905 3729 1973 εἴης

2062 1993 2248 2046 Εἵλετο
2276 1992 2407 2059 γοῦν
2431 1992 2526 2062 τὴν
2550 1988 2742 2043 ἐαυτοῦ
2774 1990 3076 2060 πρόρρησιν
3097 1989 3371 2042 διαπεσεῖν
3396 1991 3426 2042 6
3458 1989 3611 2053 Θεὸς,
3646 1993 3740 2043 καὶ

2063 2079 2136 2150 μὴ
2167 2079 2439 2131 διαπεσεῖν
2466 2077 2562 2146 τὴν
2597 2075 2782 2128 πόλιν·
2826 2074 3024 2144 μᾶλλον
3053 2075 3108 2127 δέ
3145 2074 3264 2126 ούδέ
3300 2077 3603 2145 προφητεία
3657 2077 3738 2128 δι-

2060 2167 2274 2220 έπεσεν.
2297 2167 2356 2217 Εί
2393 2165 2488 2234 μὲν
2521 2163 2627 2234 γάρ
2652 2163 2744 2214 ἐπὶ
2772 2161 2872 2230 τῆς
2902 2161 3070 2230 αὐτῆς
3101 2161 3364 2231 πονηρίας
3395 2161 3500 2212 τῶν
3531 2161 3739 2232 ἀνθρώ-

2062 2271 2180 2306 πων
2229 2252 2496 2322 μενόντων
2538 2249 2636 2302 ούκ
2671 2245 2831 2316 ἐξέϐη
2866 2249 2943 2309 εἰς
2968 2246 3124 2315 ἔργον
3150 2247 3214 2298 τά
3259 2248 3356 2316 τῆς
3388 2247 3735 2314 ἀποφάσεως,

2057 2335 2200 2410 εἶχεν
2244 2339 2373 2400 ἴσως
2410 2336 2472 2389 ἄν
2499 2351 2582 2396 τις
2612 2332 2864 2401 ἐγκαλεῖν
2888 2336 3001 2395 τοῖς
3028 2333 3368 2402 εἰρημένοις·
3405 2334 3453 2384 εί
3481 2333 3536 2386 δὲ
3573 2351 3740 2403 μετα-

2057 2423 2367 2494 ϐαλομένων
2393 2419 2592 2480 αὐτῶν,
2643 2420 2737 2472 καὶ
2769 2420 2869 2489 τῆς
2894 2419 3074 2480 αἰτίας
3107 2418 3484 2482 ἀποστάντων,
3526 2419 3738 2489 ἀπέστη

2056 2513 2150 2565 καὶ
2174 2510 2274 2579 τῆς
2301 2507 2468 2578 ὀργῆς
2501 2509 2528 2559 ό
2549 2505 2703 2570 Θεὸς,
2733 2506 2816 2568 τίς
2845 2505 3130 2574 δυνήσεται
3167 2502 3352 2556 λοιπὸν
3383 2503 3737 2560 ἐπιλαϐέσθαι

2055 2598 2153 2668 τῆς
2177 2592 2528 2666 προφητείας,
2561 2593 2656 2644 καὶ
2684 2588 3024 2657 καταγνῶναι
3046 2588 3241 2656 ψεῦδος
3270 2587 3380 2641 τῶν
3402 2589 3523 2660 εῐρη
3535 2591 3737 2659 μένων;

2057 2686 2166 2739 Καὶ
2199 2683 2306 2754 γάρ
2339 2683 2430 2735 τὸν
2472 2681 2652 2750 νόμον,
2689 2678 2748 2732 ὃν
2787 2678 2846 2744 ἐξ
2878 2677 3054 2748 ἀρχῆς
3083 2677 3276 2747 ἔθηκεν
3303 2678 3331 2728 6
3364 2677 3491 2740 Θεὸς
3520 2679 3608 2732 διὰ
3639 2681 3740 2732 τοῦ

2056 2773 2333 2843 προφήτου
2372 2771 2538 2822 πᾶσιν
2575 2764 2883 2837 ἀνθρώποις
2932 2763 3311 2834 διαλεγόμενος
3339 2802 3352 2827 ,
3420 2765 3606 2817 τοῦτον
3646 2770 3741 2822 καὶ

2053 2860 2174 2912 τότε
2203 2859 2509 2927 διετήρησε.
2547 2856 2641 2919 Τίς
2669 2851 2764 2908 οὖν
2795 2855 2943 2906 ἐστιν
2965 2855 2994 2906 6
3016 2853 3210 2923 νόμος;
3243 2851 3435 2918 Πέρας
3461 2851 3736 2920 λαλήσω,

2057 2947 2208 3016 φησὶ,
2238 2945 2334 2996 ἐπὶ
2362 2943 2536 3008 ἔθνος
2575 2943 2672 2995 καὶ
2705 2942 2802 2995 ἐπὶ
2825 2941 3156 3005 ,ϐασιλείαν
3185 2939 3290 2992 τοῦ
3322 2938 3597 3006 ἐκριζοῦν
3631 2944 3738 2996 αὺ-

2054 3034 2215 3097 τσίις,
2259 3031 2354 3086 καὶ
2384 3029 2829 3084 κατασκάπτειν
2853 3029 2951 3081 καὶ
2990 3028 3356 3081 ἀπολλύειν·
3407 3027 3504 3080 καὶ
3543 3026 3736 3082 ἔστα.

2055 3124 2163 3175 ἐὰν
2188 3119 2656 3190 μετανοήσωσιν
2675 3117 2793 3172 ἀπὸ
2819 3116 2928 3185 τῆς
2956 3116 3186 3180 κακίας,
3203 3113 3556 3183 μετανοήσω
3577 3117 3743 3184 κάγὼ

2055 3209 2172 3264 ἀπὸ
2207 3208 2316 3277 τῆς
2340 3206 2542 3277 ὀργῆς,
2565 3203 2640 3275 ἧς
2668 3204 2947 3271 ἐλάλησα
2977 3201 3226 3268 ποιῆσαι
3251 3201 3479 3266 αὐτοῖς.
3540 3203 3740 3256 Τοῦτοι

2055 3298 2232 3351 τοίνυν
2263 3295 2546 3364 φυλάττων
2574 3294 2664 3347 τὸν
2692 3293 2872 3362 νόμον,
2904 3289 3380 3362 μεταϐαλομένους
3410 3289 3604 3352 ἔσωσε,
3639 3296 3738 3345 καὶ

2057 3386 2396 3447 ἀποστάντας
2422 3384 2522 3453 τῆς
2551 3382 2747 3444 κακίας
2774 3377 3048 3450 ἀπήλλαξε
3077 3377 3176 3448 τῆς
3201 3377 3391 3448 ὀργῆς.
3445 3378 3598 3449 ᾜδει
3633 3380 3742 3434 τῶν

2059 3474 2349 3546 βαρϐάρων
2377 3472 2476 3542 τὴν
2496 3468 2820 3541 ἀρετὴν,δώ
2852 3466 3010 3520 τοῦτο
3038 3465 3129 3519 τὸν
3163 3466 3450 3536 προφήτην
3474 3467 3741 3537 κατήπειο

2055 3581 2178 3631 γεν·
2217 3562 2358 3615 οὓτω
2390 3561 2484 3614 καὶ
2522 3560 2643 3612 τότε
2690 3557 2919 3610 ἐδονεῖτο
2964 3557 2997 3625 ή
3033 3554 3207 3617 πόλις,
3245 3555 3341 3625 τῆς
3389 3557 3745 3626 προφητικῆς

2055 3649 2330 3704 ἀκούουσα
2349 3648 2551 3717 φωνῆς,
2567 3644 2679 3698 ἀλλ’
2693 3644 2843 3697 οὐδὲν
2860 3641 3201 3714 παρεϐλάϐη,
3222 3640 3357 3694 ἀλλά
3375 3642 3468 3694 καὶ
3484 3641 3742 3715 ὠφελήθη

2057 3740 2207 3811 παρά
2245 3737 2338 3792 τοῦ
2364 3736 2552 3807 φόϐου.
2571 3735 2628 3788 '0
2651 3733 2759 3805 γάρ
2794 3732 2954 3802 φόϐος
2983 3733 3188 3794 ἐκεῖνος
3204 3731 3303 3801 τὴν
3329 3729 3603 3801 σωτηρίαν
3625 3731 3738 3789 ἔτεα

2055 3844 2148 3879 κεν
2167 3843 2180 3856 ο
2213 3828 2246 3897 ἡ
2276 3825 2472 3895 ἀπειλὴ
2499 3823 2591 3876 τὸν
2618 3822 2863 3876 κίνδυνον
2884 3819 3102 3873 ἔλυσεν
3149 3821 3182 3890 ἡ
3217 3818 3318 3889 τῆς
3349 3820 3742 3890 καταστροφῆς

2055 3912 2326 3980 ἀπόφασις
2340 3912 2437 3981 τὴν
2461 3907 2842 3979 καταστροφὴν
2871 3907 3118 3974 ἔστησεν.
3138 3905 3202 3957 Ὢ
3223 3903 3414 3958 καινοῦ
3440 3905 3534 3958 καὶ
3563 3921 3744 3976 παρα.

2054 4000 2204 4064 δόξου
2245 3999 2601 4068 πράγματος·
2660 3994 2935 4062 ἀπόφασις
2978 3992 3204 4046 θάνατον
3235 3989 3552 4058 ἀπειλοῦσα,
3596 3992 3742 4062 ζωὴν

2057 4087 2258 4142 ἔτεκεν,
2281 4085 2579 4152 Ἀπόφασις
2602 4081 2739 4153 μετὰ
2758 4081 2818 4134 τὸ
2840 4079 3206 4149 ἐξενεχθῆναι,
3225 4078 3345 4132 τότε
3364 4077 3566 4150 ἄκυρος
3587 4079 3740 4146 γέγο-

2055 4191 2141 4226 νεν
2166 4173 2492 4234 ἀπεναντίας
2517 4172 2628 4234 τοῖς
2650 4168 2846 4234 ἔξωθεν
2865 4167 3172 4230 δικάζουσιν
3194 4183 3205 4192 ·
3239 4167 3330 4218 ἐπὶ
3356 4167 3454 4236 μὲν
3477 4166 3587 4238 γὰρ
3613 4167 3738 4220 τούς

2053 4278 2159 4313 των
2195 4259 2254 4312 τὸ
2287 4256 2682 4329 προενεχθῆναι
2716 4257 2813 4327 τὴν
2846 4254 3026 4326 ψῆφον
3053 4255 3130 4316 εἰς
3169 4253 3332 4323 μέσον
3367 4253 3562 4323 κυρίαν
3589 4256 3736 4306 ποιεῖ

2054 4349 2150 4418 τὴν
2173 4346 2351 4416 ψῆφον
2377 4343 2650 4412 γενέσθαι,
2679 4344 2770 4395 ἐπὶ
2799 4343 2856 4395 δὲ
2883 4341 2973 4394 τοῦ
3003 4340 3138 4394 Θεοῦ
3169 4339 3474 4392 τούναντίον
3504 4340 3564 4392 τὸ
3601 4356 3739 4410 προ-

2054 4435 2334 4505 ενεχθῆναι
2351 4435 2450 4504 τὴν
2464 4433 2665 4502 ψῆφον,
2688 4431 2844 4484 τοῦτό
2864 4434 2978 4484 ἐστι
2997 4431 3058 4483 τὸ
3075 4429 3304 4500 ποιῆσαν
3321 4429 3488 4500 αὐτὴν
3511 4431 3613 4484 ᾶκυ
3621 4448 3734 4500 ρον.

2055 4527 2115 4577 Εἰ
2139 4524 2246 4595 γὰρ
2266 4523 2340 4594 μὴ
2358 4521 2688 4592 προηνέχθη,
2705 4521 2802 4573 οὐκ
2826 4519 3144 4588 ἀνήκουσαν
3166 4520 3214 4570 οἱ
3239 4517 3619 4588 ἡμαρτηκότες
3641 4535 3654 4548 °
3684 4522 3734 4571 εξ

2052 4614 2106 4666 δὲ
2138 4614 2208 4683 μὴ
2237 4613 2495 4682 ἤκουσαν,
2522 4613 2621 4663 οὑκ
2656 4609 2720 4662 ἂν
2754 4607 3166 4678 ἀπεκρούσαντο
3188 4606 3285 4677 τὴν
3315 4609 3605 4677 τιμωρίαν,
3635 4608 3736 4660 οὐκ

2052 4703 2117 4756 ἂν
2137 4703 2456 4773 ἀπήλαυσαν
2485 4701 2585 4770 τῆς
2606 4698 2908 4769 παραδόξου
2936 4696 3208 4768 σωτηρίας
3225 4696 3456 4764 ἐκείνης.
3483 4697 3606 4760 Πῶς
3627 4699 3734 4767 γὰρ

2052 4793 2111 4844 ού
2153 4787 2471 4862 παράδοξος.
2500 4789 2627 4841 ὅταν
2669 4788 2697 4838 6
2731 4786 2829 4856 μὲν
2870 4784 3129 4853 δικαστὴς
3177 4784 3563 4854 ἀποφαίνηται,
3596 4787 3644 4838 οἱ
3679 4785 3734 4836 6‘5

2052 4879 2328 4932 κατάδικοι
2349 4877 2445 4948 τὴν
2470 4876 2740 4944 ἀπόφασιν
2765 4872 2931 4925 λύωσι
2954 4871 3042 4924 διὰ
3063 4873 3162 4942 τῆς
3195 4871 3511 4940 μετανοίας;
3539 4872 3600 4924 ού
3624 4872 3732 4942 γὰρ

2052 4965 2248 5034 ἔφυγον
2269 4966 2367 5035 τὴν
2398 4963 2548 5017 πόλιν
2584 4961 2836 5030 καθάπερ
2866 4959 2959 5011 καὶ
2985 4961 3145 5028 ἡμεῖς
3166 4958 3280 5021 νῦν,
3315 4958 3448 5012 ἀλλὰ
3477 4959 3730 5028 μένοντες

2052 5051 2304 5122 ἔστησαν.
2325 5051 2498 5119 Παγὶς
2518 5046 2605 5121 ἦν,
2630 5049 2722 5101 καὶ
2742 5049 2919 5117 τεῖχος
2944 5045 3111 5116 αὐτὴν
3127 5045 3390 5115 ἐποίησαν
3406 5062 3419 5075 ·
3456 5044 3728 5115 βάραθρον
3839 5089 3854 5106 ,

2048 5137 2115 5209 ἦν
2151 5141 2244 5192 καὶ
2268 5141 2530 5211 κρημνὸς,
2562 5139 2655 5190 καὶ
2684 5135 2892 5206 πύργον
2921 5133 3090 5203 αὐτὴν
3127 5131 3239 5204 [68]
3273 5132 3573 5201 ἀσφαλείας
3601 5148 3731 5184 κατ-

2053 5226 2371 5279 εσκεύασαν.
2436 5226 2712 5276 Ἤκουσαν
2763 5223 2844 5274 ὅτι
2900 5223 3145 5272 πεσεῖται
3191 5217 3262 5270 :6
3297 5217 3726 5287 οἰκοδομήματα,

2050 5313 2144 5364 καὶ
2171 5313 2270 5365 οὐκ
2294 5310 2490 5379 ἔφυγον
2521 5309 2587 5360 τὰ
2611 5307 3041 5376 οἰκοδομήματα,
3083 5303 3198 5357 ἀλλ’
3225 5302 3425 5370 ἔφυγον
3456 5302 3522 5354 τά
3550 5303 3731 5372 ἁμαρ-

2048 5402 2292 5470 τήματαο
2324 5398 2424 5450 οὐκ
2447 5395 2763 5466 ἀπέστησαν
2797 5393 3028 5454 ἕκαστος
3057 5391 3163 5445 ἀπὸ
3210 5392 3309 5461 τῆς
3351 5390 3528 5452 οἰκίας
3558 5390 3724 5443 αὑτοῦ

2049 5487 2300 5556 καθάπερ
2349 5487 2506 5554 ἡμεῖς
2543 5484 2663 5548 νῦν,
2703 5480 2817 5534 ἀλλ’
2867 5480 3179 5547 ἀπέστησαν
3218 5480 3452 5540 ἕκαστος
3494 5477 3604 5530 ἀπὸ
3630 5480 3731 5549 τῆς

2047 5574 2166 5627 ὁδοῦ
2209 5573 2376 5626 αὐτοῦ
2407 5573 2507 5642 τῆς
2533 5572 2794 5642 πονηρᾶς.
2849 5568 2939 5638 Μὴ
2983 5567 3091 5634 γάρ
3124 5567 3172 5618 οἱ
3214 5569 3403 5634 τοῖχοι,
3435 5565 3588 5635 φησὶ,
3635 5568 3732 5636 τὴν

2048 5662 2218 5732 όργὴν
2279 5662 2497 5724 ἐτεκονς
2559 5661 2717 5730 ἡμεῖς
2780 5656 2942 5709 αἴτιοι
2995 5654 3090 5708 τοῦ
3153 5653 3504 5724 τραύματος,
3569 5656 3731 5724 ἡμεῖς

2047 5749 2106 5802 τὸ
2157 5747 2446 5818 φάρμακον
2493 5745 3013 5814 κατασκευάσωμεν.
3076 5739 3175 5793 Διά
3224 5741 3383 5792 τοῦτο
3437 5739 3497 5792 οὺ
3550 5741 3732 5793 τόπων

2113 5893 2132 5917 ο
2162 5887 2312 5938 Savil.
2346 5892 2396 5933 el
2423 5885 2618 5946 quidam
2658 5898 2770 5931 mss.
2812 5883 3040 5938 ἠπείλησε
3084 5880 3216 5928 πόλιν
3267 5880 3622 5942 καταστρέςειν,
3655 5879 3730 5928 v.3!

2050 5951 2188 5999 εἶπεν.
2205 5985 2233 5994 ..
2257 5951 2322 5996 ἔτι
2344 5949 2465 6010 τρεῖς
2487 5948 2673 6009 ἡμέραι.
