4072 6384
359 351 445 411 ’ἾἿ

376 471 714 539 ἐναλλαγαῖς,
764 467 900 524 ἀλλά
925 469 1138 540 τρόπων
1187 467 1454 538 μεταϐολῇ
1499 469 1596 540 τὴν
1632 468 1904 538 σωτηρίαν
1931 468 2048 520 ἐπίο

375 575 625 612 στευσαν.

445 642 710 708 ς’.Ταῦτα
727 644 774 695 οἱ
795 642 1078 713 βάρϐαροι,
1096 641 1190 693 καὶ
1218 641 1314 693 οὐκ
1340 640 1702 711 αἰσχυνόμεθα
1729 641 1848 694 οὐδὲ
1880 643 2042 709 ἐγκα-

375 729 704 802 λυπτόμεθα,
747 730 968 783 ἐκείνων
1019 727 1251 798 τρόπους
1297 727 1730 798 μεταϐαλόντων,
1763 731 1924 800 ἡμεῖς
1957 731 2043 783 τό·

376 837 506 883 πους
535 816 981 888 ἀμείϐοντες,καὶ
1009 815 1316 886 μεθυόντων
1341 814 1644 887 ἀνθρώπων
1665 815 1803 887 ἔργα
1832 816 2046 870 ποιοῦν-

373 924 484 970 τες,
517 905 611 958 καὶ
653 904 751 966 τάς
795 903 980 965 οὐσίας
1015 903 1435 967 ὐπεκτιθέντες;
1490 904 1547 955 Ὀ
1590 903 1867 973 Δεσπότης
1917 905 2047 974 ἡμῖν

372 995 672 1064 ὀργίζεται,
701 993 795 1045 καὶ
828 993 988 1062 ἡμεῖς
1020 992 1249 1060 ἀφέντες
1297 991 1595 1044 καταλῦσαι
1629 992 1727 1062 τὴν
1757 991 1948 1061 ὀργὴν,
1979 991 2048 1043 τά

371 1084 471 1154 τῆς
493 1081 667 1142 οἰκίας
687 1093 712 1120 ιι
739 1080 1170 1150 περιστρέφομεν
1195 1081 1286 1132 καὶ
1315 1078 1737 1150 περιερχόμεθα,
1759 1077 2050 1148 ζητοῦντες

373 1170 476 1223 ποῦ
507 1167 872 1237 καταθὼμεθα
895 1165 990 1237 τὴν
1012 1166 1218 1226 οὐσίαν,
1248 1165 1365 1218 δέον
1393 1167 1574 1236 ζητεῖν
1615 1166 1716 1218 ποῦ
1742 1167 1840 1237 τὴν
1871 1164 2048 1236 ψυχὴν

372 1252 918 1327 παρακαταθιῖιμεθαο
956 1251 1154 1321 μᾶλλον
1181 1251 1237 1304 δὲ
1259 1251 1378 1304 οὐδέ
1403 1251 1508 1322 χρὴ
1543 1251 1747 1320 ζητεῖν,
1779 1251 1896 1304 ἀλλ’
1917 1252 2048 1324 ἀρε-

370 1345 435 1412 τῇ
463 1342 557 1395 καὶ
589 1340 838 1411 ὀρθότητι
871 1339 986 1409 βίου
1017 1339 1115 1409 τὴν
1156 1339 1459 1408 ἀσφάλειαν
1499 1339 1667 1408 αὐτῆς
1700 1337 2046 1410 ἐγχειρίζειν.

373 1430 508 1482 Οὐδέ
540 1427 648 1499 γὰρ
671 1429 718 1480 εἰ
752 1428 886 1496 πρὸς
917 1426 1135 1496 οἰκέτην
1163 1426 1530 1496 ὀργιζομένων
1559 1427 1652 1478 καὶ
1680 1426 2050 1494 ἀγανακτούν-

371 1535 479 1570 των
533 1515 709 1586 ήμῶν,
758 1514 818 1565 τὸ
868 1513 1004 1582 πρὸς
1050 1512 1148 1583 τὴν
1207 1513 1375 1583 ὀργὴν
1409 1512 1852 1581 ἀπολογήσασθαι
1893 1513 2050 1582 ἀφεὶς

372 1606 577 1666 ἐκεῖνος
607 1603 684 1664 είς
711 1601 797 1652 τὸν
824 1600 1062 1652 οἰκίσκον
1102 1599 1191 1652 τὸν
1218 1600 1414 1653 ἐαυτοῦ
1445 1600 1742 1663 κατελθὼν,
1769 1601 1836 1654 τὰ
1861 1602 2051 1671 ἱμάτια

373 1693 468 1746 καὶ
499 1690 566 1743 τά
598 1688 798 1742 ἔπιπλα
835 1688 1011 1740 πάντα
1054 1686 1374 1754 συναγαγὼν
1439 1688 1534 1740 καὶ
1564 1689 1902 1760 καταδήσας,
1926 1687 2052 1755 περὶ

374 1779 550 1848 φυγῆς
580 1774 915 1834 ἐϐουλεύετο,
953 1771 1143 1842 πράως
1187 1774 1252 1825 ἂν
1282 1774 1586 1843 ἐνέγκαμεν
1641 1774 1737 1845 τὴν
1781 1775 2054 1844 καταφρό-

373 1883 527 1937 νησιν
559 1863 780 1933 ταύτην.
823 1857 1167 1930 Παυσώμεθα
1216 1859 1394 1912 τοίνυν
1437 1861 1535 1930 τῆς
1589 1861 1817 1932 ἀκαίρου
1849 1861 2052 1932 ταύτης

377 1954 632 2022 σπουδῆς,
665 1951 759 2004 καὶ
791 1948 1033 2017 εἴπωμεν
1067 1947 1296 2011 ἕκαστος
1328 1951 1464 2018 πρὸς
1483 1949 1574 2000 τὸν
1604 1950 1764 2002 Θεόν·
1797 1949 1918 2003 Ποῦ
1945 1966 2052 2002 πο-

366 2038 559 2109 ρευθῶ
584 2037 701 2092 ἀπὸ
734 2035 840 2088 τοῦ
870 2035 1211 2102 πνεύματός
1239 2049 1390 2097 σου,
1434 2036 1530 2088 καὶ
1582 2035 1700 2088 ἀπὸ
1732 2037 1837 2089 τοῦ
1869 2052 2056 2104 προσ-

372 2127 536 2179 ὡπου
567 2140 683 2177 σου
711 2123 827 2175 ποῦ
853 2123 1054 2191 satira);
1079 2119 1464 2191 Μιμησώμεθα
1496 2122 1594 2193 τὴν
1628 2122 1733 2175 τῶν
1765 2123 2054 2195 βαρϐάρων

375 2211 721 2279 φιλοσοφίαν·
767 2209 963 2258 ἐκεῖνοι
1010 2207 1095 2258 ἐπ’
1130 2205 1344 2276 ἀδήλοις
1395 2206 1761 2276 μετενόησαν·
1825 2210 1885 2260 οὺ
1945 2210 2054 2280 γὰρ

373 2296 516 2369 εἶχεν
550 2296 868 2367 ήάπόφασις
894 2293 1071 2356 τοῦτο,
1090 2295 1171 2346 ὅτι
1212 2293 1336 2346 Ἐὰν
1363 2294 1746 2366 ἐπιστρέψητε,
1775 2298 1868 2348 καὶ
1898 2313 2057 2366 μετα-

374 2390 622 2459 νοήσητε,
669 2387 850 2453 στήσω
913 2382 1011 2453 τὴν
1061 2381 1235 2444 πόλιν,
1291 2381 1406 2435 ἀλλ’
1460 2382 1684 2445 ἁπλῶς·
1737 2385 1865 2436 Ἔτι
1900 2385 2056 2452 τρεῖς

373 2476 605 2544 ἡμέραι,
637 2473 734 2526 καὶ
765 2471 968 2524 Νινευῒ
991 2469 1574 2537 πιαίνου-τραφήσεται.
1603 2470 1645 2520 Τ
1653 2470 1666 2521 ί
1698 2466 1788 2523 οῦν
1823 2473 2053 2537 ἐκεῖνοι;

380 2565 473 2627 Τίς
521 2557 684 2614 οἶδεν
715 2561 765 2612 εί
804 2555 1162 2625 μετανοήσει
1193 2559 1226 2610 ὁ
1271 2557 1416 2623 Θεὸς
1437 2556 1555 2611 ἀπὸ
1589 2555 1698 2625 τῆς
1741 2560 1957 2624 κακίας
1982 2555 2056 2629 ἧς

375 2649 641 2715 ἐλάλησε
669 2643 920 2712 ποιῆσαι
943 2643 1117 2711 ἡμῒη
1154 2642 1249 2706 Τίς
1279 2639 1454 2707 οἶδεν;
1491 2645 1603 2697 Οὐκ
1635 2644 1780 2697 ἴσασι
1813 2646 1874 2698 τὸ
1903 2646 2056 2711 τέλος

376 2736 468 2790 τοῦ
497 2735 842 2806 πράγματος,
886 2732 978 2784 καὶ
1022 2732 1123 2783 οὐκ
1168 2729 1429 2800 ἀμελοῦσι
1458 2731 1557 2800 τῆς
1603 2732 1918 2801 μετανοίας·
1956 2735 2054 2787 οὐκ
2103 2750 2105 2752 ·

377 2822 692 2875 ἐπίστανται
728 2821 824 2889 τῆς
858 2815 952 2869 τοῦ
986 2816 1120 2870 Θεοῦ
1161 2817 1569 2886 φιλανθρωπίας
1596 2819 1686 2871 τὸν
1709 2820 1930 2888 τρόπον,
1962 2822 2055 2874 καὶ

375 2912 461 2963 ἐπ’
488 2908 703 2979 ἀδήλοις
736 2904 1186 2976 μεταϐάλλονται·
1222 2904 1342 2956 οὐδέ
1369 2905 1477 2976 γὰρ
1508 2901 1653 2974 εἶχον
1679 2907 1812 2976 πρὸς
1837 2908 2056 2978 ἐτέρους

375 2997 664 3058 Νινευῒτας
701 2994 828 3046 ἰδεῖν
865 2994 1302 3063 μετανοήσαντας
1339 2992 1431 3045 καὶ
1463 2991 1756 3056 σωθέντας,
1787 2994 1907 3046 οὐδὲ
1956 2996 2052 3049 ἀν-

375 3084 618 3152 έγνωσαν
641 3082 946 3152 προφήτας,
972 3079 1092 3132 οὐδέ
1115 3080 1354 3149 ἥκουσαν
1385 3081 1736 3150 πατριαρχῶν
1756 3120 1771 3145 ,
1803 3081 1900 3134 οὐκ
1944 3084 2051 3136 ἀπ-

376 3171 615 3240 ήλαυσαν
644 3166 972 3238 συμϐουλῆς,
1001 3167 1060 3218 οὐ
1085 3169 1344 3236 μετέσχον
1359 3166 1746 3238 παραινέσεως,
1776 3169 1895 3222 οὐδέ
1915 3165 2053 3241 ἦσαν

376 3255 697 3317 πεπεικότες
742 3255 987 3316 ἑαυτοὺς,
1029 3254 1111 3307 ὅτι
1140 3253 1357 3318 πάντως
1395 3253 1770 3320 ἐξιλεώσονται
1794 3258 1886 3309 τὸν
1920 3257 2053 3311 Θεὸν

372 3347 441 3416 τῇ
469 3342 752 3415 μετανοίᾳ·
785 3341 906 3394 οὐδέ
965 3340 1074 3412 γὰρ
1109 3333 1222 3410 εἶχε
1251 3339 1409 3395 τοῦτο
1435 3343 1468 3412 ή
1502 3342 1699 3414 ἀπειλή
1726 3367 1729 3369 ν
1769 3343 1881 3396 ἀλλ’
1908 3346 2055 3416 ἀμφ-

369 3432 596 3486 έϐαλλον
627 3431 721 3484 καὶ¹
772 3429 1152 3499 ἡμφισϐήτουν
1190 3429 1317 3501 περὶ
1351 3429 1561 3494 τούτου,
1597 3431 1688 3483 καὶ
1727 3432 1876 3502 ὅμως
1925 3451 2053 3504 μετ-

375 3519 601 3589 ενόησαν
623 3517 737 3588 μετ’
751 3515 1035 3586 ἀκριϐείας
1058 3515 1293 3586 ἁπάσης.
1320 3515 1417 3579 Τίς
1435 3512 1529 3570 οὖν
1553 3517 1700 3570 ἔσται
1720 3518 1876 3587 λόγος
1899 3522 2051 3590 ἡμῖν,

374 3610 501 3664 ὅταν
526 3609 576 3659 οί
605 3607 701 3676 μὲν
719 3602 955 3676 περὶτοῦ
990 3605 1178 3668 τέλους
1208 3605 1429 3677 θαρρεῖν
1458 3606 1558 3660 οὐκ
1587 3606 1822 3677 ἔχοντες,
1855 3611 2051 3663 τοσαύ-

365 3711 473 3764 Δτην
507 3690 982 3760 ἐπιδεδειγμένοιδ
1015 3692 1308 3760 φαίνωνται
1334 3691 1430 3763 τὴν
1468 3694 1792 3765 μεταϐολὴν,
1833 3697 1895 3750 σύ
1932 3697 1988 3750 δὲ
2025 3701 2053 3752 ὁ

377 3781 600 3854 θαρρεῖν
620 3780 759 3851 έχων
783 3780 910 3851 περὶ
937 3779 1035 3849 τῆς
1057 3779 1468 3850 φιλανθρωπίας
1482 3781 1576 3834 τοῦ
1602 3782 1737 3836 Θεοῦ
1761 3784 1853 3836 καί⁸
1884 3785 2053 3840 πολλά

375 3868 632 3932 πολλάκις
659 3867 887 3938 ἐνέχυρα
907 3865 1086 3921 λαϐὼν
1109 3867 1274 3921 αὐτοῦ
1296 3869 1394 3939 τῆς
1416 3869 1769 3940 κηδεμονίας,
1797 3873 1890 3925 καὶ
1921 3891 2054 3945 προ-

375 3959 558 4030 φητῶν
591 3959 685 4012 καὶ
708 3958 1020 4010 ἀποστόλων
1041 3957 1300 4021 ἀκούσας,
1321 3959 1414 4010 καί⁵
1440 3958 1504 4010 δι’
1535 3959 1713 4014 αὐτῶν
1743 3961 2052 4027 παιδευθεὶς

375 4047 482 4102 τῶν
513 4047 875 4118 πραγμάτων,
907 4045 1042 4116 μηδέ
1072 4045 1208 4117 πρὸς
1227 4046 1288 4099 τὸ
1319 4047 1450 4098 αὐτὸ
1479 4047 1580 4116 τῆς
1596 4048 1796 4118 ἀρετῆς
1824 4049 2052 4114 ἐκείνοις

379 4133 572 4204 μέτρον
595 4131 795 4201 φθάσαι
811 4143 831 4170 ε
854 4131 1234 4202 φιλονεικήσῃς
1255 4149 1268 4196 ;
1297 4133 1523 4202 Μεγάλη
1545 4133 1644 4203 μὲν
1666 4129 1757 4186 οὖν
1778 4135 1872 4188 καὶ
1892 4135 2051 4205 ἡτῶν

374 4219 675 4290 ἀνθρώπων
695 4219 898 4272 τούτων
915 4219 1105 4290 ἀρετὴ,
1127 4219 1306 4288 πολλῷ
1323 4219 1377 4271 δέ
1399 4219 1599 4289 μείζων
1617 4222 1649 4290 ἡ
1667 4221 1759 4274 τοῦ
1776 4221 1908 4274 Θεοῦ
1933 4223 2051 4290 φιλ-

374 4307 675 4378 ανθρωπία,
706 4306 800 4358 καὶ
827 4304 1028 4374 ταύτην
1044 4306 1137 4359 ἀπ’
1154 4307 1317 4359 αὐτοῦ
1342 4307 1435 4359 τοῦ
1468 4307 1731 4375 μεγέθους
1771 4311 1870 4378 τῆς
1887 4311 2047 4362 ἀπει-

373 4393 468 4464 λῆς
490 4396 635 4447 ἐστιν
672 4395 818 4446 ἰδεῖν.
838 4393 936 4446 Διά
973 4393 1083 4466 [69]
1118 4394 1225 4466 γὰρ
1244 4395 1402 4449 τοῦτο
1423 4397 1482 4450 οὐ
1503 4397 1810 4468 προσέθηκε
1827 4401 1892 4467 τῇ
1915 4400 2048 4451 ἀπο-

375 4480 790 4547 φάσει,ότι“Εάν
822 4481 876 4533 δέ
905 4483 1292 4552 μετανοήσητε,
1330 4481 1606 4551 φείσομαι,
1636 4483 1721 4534 ἵνα
1749 4483 2046 4556 ἀδιόριστον

374 4568 622 4637 ἐμϐαλὼν
650 4569 743 4638 τὴν
760 4568 957 4637 ψῆφον,
977 4569 1184 4640 αὐξήσῃ
1210 4569 1298 4622 τὸν
1322 4569 1504 4638 φόϐον,
1530 4571 1624 4623 καὶ
1648 4571 1737 4622 τὸν
1765 4571 1925 4638 φόϐον
1947 4574 2044 4626 αὐ·
2083 4621 2086 4624 .

375 4656 860 4726 ξήσας,ταχύτερον
876 4657 1007 4727 πρὸς
1023 4657 1119 4726 τὴν
1144 4656 1429 4727 μετάνοιαν
1454 4658 1881 4730 συνωθήση.Κα“ι
1897 4662 1924 4713 ό
1948 4661 2045 4730 μὲν

373 4745 656 4814 προφήτης
674 4743 1008 4812 αἰσχύνεται,
1043 4744 1103 4796 τὸ
1129 4743 1315 4812 μέλλον
1342 4743 1622 4816 προειδὼς,
1659 4745 1753 4797 καὶ
1788 4746 2045 4816 στοχαζό-

378 4847 533 4897 μενος
571 4829 644 4892 ὼς
695 4829 956 4881 ἀτέλεστα
995 4831 1146 4899 μενεῖ
1185 4831 1252 4884 τὰ
1301 4830 1600 4901 εἰρημένα·
1636 4834 1663 4884 ὁ
1695 4831 1753 4883 δὲ
1782 4831 1913 4895 Θεὸς
1944 4833 2042 4887 οὐκ

373 4916 710 4985 αἰσχύνεται,
740 4915 852 4967 ἀλλ’
881 4915 937 4967 ἐν
963 4917 1120 4985 μόνον
1143 4918 1312 4986 ζητεῖ,
1342 4917 1442 4987 τὴν
1471 4917 1578 4971 τῶν
1597 4917 1900 4988 ἀνθρώπων
1937 4938 2042 4974 σωο

373 5002 587 5073 τηρίαν,
622 5004 717 5055 καὶ
749 5002 839 5054 τὸν
880 5003 1096 5073 οἰκέτην
1129 5004 1220 5056 τὸν
1253 5004 1446 5056 ἐαυτοῦ
1485 5003 1808 5075 διορθοῦται.
1865 5007 2041 5059 Ἐπει-

372 5089 437 5161 δὴ
469 5091 574 5162 γὰρ
601 5091 684 5154 εἰς
716 5089 774 5142 τὸ
803 5090 980 5144 πλοῖον
1010 5091 1256 5162 εἰσῆλθεν
1282 5093 1509 5155 ἐκεῖνος,
1537 5092 1809 5164 διήγειρεν
1839 5095 2039 5159 εὐθέως

371 5177 468 5247 τὴν
495 5177 794 5240 θάλατταν,
832 5178 916 5230 ἵνα
950 5179 1146 5250 μάθῃς,
1193 5181 1272 5232 ὅτι
1302 5179 1435 5232 ὅπου
1471 5181 1735 5250 ἁμαρτία,
1768 5182 1884 5234 ἐκεῖ
1925 5200 2038 5253 χει-

375 5263 508 5332 μὼν,
551 5263 681 5316 ὅπου
713 5264 985 5335 παρακοὴ,
1007 5267 1122 5318 ἐκεῖ
1147 5266 1464 5318 κλυδώνιον·
1501 5267 1591 5318 καὶ
1623 5267 1908 5321 ἐσαλεύετο
1939 5270 2038 5339 μὲν

371 5350 402 5417 ἡ
438 5350 588 5412 πόλις
620 5350 706 5401 διά
742 5353 809 5403 τὰ
840 5353 1210 5422 ἁμαρτήματα
1240 5352 1345 5404 τῶν
1383 5353 1698 5415 Νινευῐτῶν,
1752 5355 2039 5410 ἐσαλεύετο

368 5433 424 5486 δέ
456 5435 514 5488 τὸ
536 5435 715 5488 πλοῖον
737 5437 825 5490 διὰ
852 5438 950 5508 τὴν
981 5441 1264 5508 παρακοήν
1295 5438 1387 5491 τοῦ
1420 5440 1724 5509 προφήτου.
1806 5441 2061 5498 Ἐκεῖνοι,

372 5521 471 5588 μὲν
501 5519 590 5575 οὖν
626 5524 717 5575 τὸν
755 5525 937 5577 Ἰωνᾶν
969 5527 1046 5588 εἰς
1092 5525 1150 5578 τὸ
1194 5525 1423 5593 πέλαγος
1475 5525 1730 5595 ἔρριψαν,
1764 5529 1858 5581 καὶ
1905 5529 2034 5600 ἔστη

369 5609 430 5661 τὸ
452 5610 662 5663 πλοῖον·
683 5616 843 5683 ἡμεῖς
871 5615 926 5666 δέ
957 5615 1054 5684 τὴν
1091 5614 1361 5685 ἁμαρτίαν
1393 5615 1898 5686 καταποντίσωμεν,
1943 5620 2035 5672 καὶ

429 5732 456 5793 ἔ
480 5733 624 5780 ςενίί.
654 5741 700 5779 (ιι
729 5735 923 5793 plurimi
951 5749 1064 5781 mss.
1086 5736 1147 5782 τὰ
1173 5736 1245 5782 ἐπὶ
1266 5740 1348 5791 τῆς
1371 5735 1537 5789 οἰκίας.

429 5792 455 5832 b
482 5794 630 5841 Sam.
659 5804 708 5840 ιιι
728 5792 898 5842 mnnvs
912 5795 1135 5844 fcremss.
1165 5797 1543 5857 ἐπιδεδειγμένοι,
1573 5796 1743 5844 Morel.
1772 5798 2032 5846 ἐπιδεικνύ-

369 5870 497 5919 μεναγ,
506 5892 514 5899 .

435 5922 454 5948 ε
480 5917 734 5984 Sin_S:nil.
765 5923 813 5965 οι
830 5931 960 5984 _m§s_.
983 5918 1201 5984 plurimi}
1227 5917 1398 5966 Morel.
1425 5931 1543 5968 vero
1569 5920 1736 5984 μέτρον
1763 5920 1922 5968 ἐλθεῖν.
1952 5921 2028 5971 In-

359 5980 438 6030 fra
461 5979 655 6042 quidam
679 5992 790 6029 mss.
824 5979 1034 6027 ἐκϐαλὼν
1060 5981 1142 6036 τήν
1166 5983 1335 6042 ψῆφον,

1157 354 1212 406 S.
1253 351 1540 409 .IOANNIS
1580 350 2072 410 CIIRYSOSTOMI
2111 351 2428 408 ARCIHEP.
2474 353 3028 412 (IONSTANTINOP.
3759 360 3827 416 78

2161 469 2412 538 στήσεται
2441 469 2654 533 πάντως
2683 471 2910 542 ἡπόλις.
2939 473 3100 526 Ὥστε
3129 471 3226 542 τῆς
3257 473 3433 543 φυγῆς
3453 471 3603 526 οὐδὲν
3637 474 3829 543 ὄφελος

2156 556 2289 626 ἡμῖν
2309 571 2321 584 ·
2347 556 2466 609 οὐδὲ
2497 559 2606 628 γάρ
2637 560 2844 612 ἐκεῖνον
2878 559 3160 631 ὠφέλησεν
3225 562 3258 630 ή
3296 563 3438 632 φυγή
3459 580 3473 594 ·
3521 562 3831 616 τούναντίον

2159 641 2259 712 μὲν
2290 639 2384 697 οὖν
2415 645 2508 698 καὶ
2535 647 2891 720 κατέϐλαψεν.
2937 648 3143 717 Ἔφυγε
3170 649 3301 718 γοῦν
3329 650 3429 720 τὴν
3466 651 3588 720 γῆν,
3615 650 3707 704 καὶ
3727 653 3831 705 οὐκ

2148 727 2317 797 ἔφυγε
2345 729 2442 801 τὴν
2467 731 2634 802 ὀργὴν
2669 732 2762 785 τοῦ
2799 733 2963 787 Θεοῦ·
2996 734 3164 804 ἔφυγε
3201 736 3300 807 τὴν
3323 736 3450 805 γῆν,
3480 737 3571 790 καὶ
3606 737 3697 790 τὸν
3720 755 3833 808 χει-

2153 818 2306 888 μῶνα
2338 820 2635 890 εισήγαγεν
2665 825 2744 884 εἰς
2774 824 2872 895 τὴν
2899 823 3176 878 θάλασσαν
3195 841 3207 854 ·
3249 827 3342 880 καὶ
3371 827 3432 879 οὐ
3468 827 3626 896 μόνον
3669 829 3832 892 αὐτὸς

2148 905 2300 958 οὐδὲν
2325 904 2580 961 ἀπώνατο
2615 908 2712 978 τῆς
2743 910 2924 980 φυγῆς
2953 911 3180 978 ἀγαθὸν,
3217 912 3355 966 ἀλλά
3386 913 3479 966 καὶ
3516 914 3640 978 τοὺς
3693 915 3832 968 ὑπο-

2150 992 2478 1064 δεξαμένους
2523 995 2686 1050 αὐτὸν
2713 999 2794 1060 είς
2828 997 3055 1066 ἔσχατον
3088 999 3308 1052 ἐνέϐαλε
3332 1000 3595 1054 κίνδυνον·
3622 1004 3715 1056 καὶ
3739 1004 3830 1058 ὅτε

2155 1086 2250 1155 μὲν
2294 1087 2385 1139 ἐπὶ
2421 1085 2512 1138 τοῦ
2555 1086 2738 1138 πλοίου
2784 1086 3097 1158 καθήμενος
3129 1088 3315 1152 ἔπλει,
3362 1089 3455 1143 καὶ
3499 1090 3690 1145 ναῦται
3734 1095 3832 1147 καὶ

2153 1173 2480 1245 κυϐερνῆται
2505 1174 2781 1246 παρῆσαν,
2805 1176 2900 1228 καὶ
2926 1175 3115 1228 ἅπασα
3141 1179 3238 1247 τῆς
3263 1177 3390 1247 νηὸς
3445 1179 3477 1248 ή
3519 1182 3831 1253 κατασκευὴ

2153 1261 2283 1332 περί¹
2311 1261 2419 1315 τῶν
2443 1263 2689 1331 ἐσχάτων
2719 1262 3092 1317 ἐκινδύνευσεν
3114 1280 3126 1294 ·
3165 1264 3351 1336 ἐπειδὴ
3383 1265 3440 1318 δέ
3469 1268 3548 1330 είς
3571 1268 3631 1320 τὸ
3666 1269 3832 1321 πέλα-

2153 1365 2247 1417 γος
2275 1349 2742 1416 καταποντισθεὶς,
2769 1352 2862 1404 καὶ
2893 1352 2992 1421 τὴν
3019 1353 3292 1422 ἁμαρτίαν
3321 1351 3409 1407 διὰ
3437 1354 3536 1424 τῆς
3560 1356 3832 1428 τιμωρίας

2152 1434 2488 1506 ἀποθέμενος
2506 1475 2519 1492 .
2551 1438 2630 1499 είς
2660 1437 2720 1490 τὸ
2747 1438 3144 1508 ἀτερμὰτιστον
3166 1438 3472 1511 κατηνέχθη
3507 1440 3712 1502 πλοῖον,
3730 1445 3830 1514 τὴν

2153 1523 2397 1593 γαστέρα
2423 1541 2495 1595 φη
2505 1524 2564 1594 μὶ
2591 1525 2684 1577 τοῦ
2712 1526 2932 1596 κήτους,
2958 1526 3160 1598 πολλῆς
3186 1528 3466 1598 ἀπήλαυσε
3489 1532 3587 1600 τῆς
3609 1530 3789 1593 ἀδείας
3809 1549 3825 1562 ·

2155 1610 2240 1663 ἵνα
2276 1611 2472 1682 μάθῃς.
2499 1612 2579 1664 ὅτι
2607 1611 2794 1683 ὥσπερ
2824 1613 2913 1666 τὸν
2935 1616 2993 1667 ἐν
3028 1615 3270 1686 ἁμαρτίᾳ
3292 1614 3470 1679 ζῶντα
3497 1617 3617 1670 οὐδὲ
3645 1617 3830 1671 πλοῖον

2152 1698 2387 1766 ὠφελεῖ,
2438 1698 2581 1754 οὕτω
2627 1701 2718 1754 τὸν
2763 1703 2861 1771 τὴν
2895 1704 3168 1774 ἁμαρτίαν
3213 1703 3550 1775 ἀποθέμενον
3579 1706 3698 1759 οὐδέ
3732 1706 3830 1760 θάο

2153 1785 2323 1838 λαττα
2366 1785 2683 1856 ἀπόλλυσιν,
2737 1788 2857 1842 οὐδέ
2908 1789 3072 1860 θηρία
3110 1790 3430 1862 διαφθείρει.
3472 1792 3672 1846 Ἔλαϐε
3698 1795 3832 1862 γοῦν

2155 1873 2313 1925 αὐτὸν
2347 1874 2415 1926 τὰ
2447 1875 2686 1944 κύματα,
2721 1877 2814 1929 καὶ
2853 1877 2952 1930 οὐκ
2988 1876 3311 1943 ἀπέπνιξεν·
3358 1879 3517 1932 ἔλαϐε
3552 1880 3611 1933 τὸ
3644 1883 3827 1952 κῆτος,

2156 1958 2250 2012 καὶ
2275 1961 2372 2012 οὐκ
2398 1961 2624 2014 ἀνεῖλεν·
2645 1962 2778 2017 ἀλλά
2804 1964 2895 2016 καὶ
2917 1963 2978 2016 τὸ
2999 1963 3158 2029 ζῶον,
3187 1966 3280 2018 καὶ
3305 1966 3367 2020 τὸ
3397 1971 3658 2037 στοιχεῖον
3684 1969 3828 2023 σώαν

2156 2045 2232 2115 τῷ
2251 2046 2368 2116 Θεῷ
2389 2047 2486 2118 τὴν
2523 2050 2990 2122 παρακαταθήκην
3025 2052 3296 2116 ἀπέδωκε,
3336 2053 3429 2107 καὶ
3459 2054 3548 2107 διὰ
3610 2057 3830 2110 πάντων

2156 2134 2425 2204 ἐμάνθανε
2446 2137 2827 2210 φιλάνθρωπος
2848 2141 2941 2192 καί
2961 2141 3170 2211 ἥμερος
3199 2135 3336 2194 εἷναι
3359 2145 3386 2194 ὁ
3412 2144 3712 2213 προφήτης,
3735 2146 3828 2198 καὶ

2159 2223 2298 2293 μήτε
2343 2224 2550 2278 ναυτῶν
2585 2228 2864 2296 ἀνοήτων,
2903 2229 3038 2298 μήτε
3098 2228 3357 2298 κυμάτων
3403 2231 3641 2300 ἀγρίων,
3689 2233 3828 2302 μήτε

2157 2309 2360 2381 θηρίων
2386 2313 2664 2383 ὠμότερος
2715 2311 2874 2368 εἶναι.
2900 2316 3010 2368 Καὶ
3033 2315 3143 2385 γάρ
3168 2317 3217 2368 οἱ
3245 2315 3436 2370 ναῦται
3459 2318 3558 2370 οὐκ
3587 2321 3650 2372 ἐκ
3682 2319 3832 2390 πρώ-

2155 2415 2254 2467 της
2281 2399 2501 2464 εὐθέως,
2545 2400 2682 2454 ἀλλά
2733 2403 2869 2472 μετά
2897 2403 3096 2473 πολλὴν
3123 2403 3283 2456 αὐτὸν
3316 2404 3558 2476 ἀνάγκην
3588 2406 3831 2477 προύδωο

2157 2502 2280 2551 καν,
2317 2489 2464 2558 καὶή
2508 2488 2744 2542 θάλαττα
2777 2491 2833 2542 δέ
2866 2491 2961 2544 καὶ
2998 2490 3058 2544 τὸ
3089 2492 3276 2562 θηρίον
3319 2493 3457 2562 μετὰ
3509 2494 3709 2564 πολλῆς
3729 2496 3828 2565 τῆς

2157 2575 2368 2638 εὐνοίας
2395 2576 2690 2643 ἐφύλαξαν,
2737 2578 2832 2631 τοῦ
2866 2577 3003 2631 Θεοῦ
3045 2579 3224 2633 πάντα
3252 2579 3428 2633 ταῦτα
3480 2584 3828 2653 οἰκονομοῦν-

2156 2680 2266 2726 τος.
2314 2665 2612 2734 Ἐπανῆλθε
2652 2667 2850 2730 τοίνυν,
2901 2666 3186 2740 ἐκήρυξεν,
3231 2668 3547 2740 ἠπείλησεν,
3590 2670 3826 2734 ἔπεισεν,

2157 2747 2380 2812 ἔσωσεν,
2403 2751 2656 2820 ἐφόϐησε,
2691 2751 3022 2824 διώρθωσεν,
3055 2754 3282 2824 ἔστησεν
3311 2754 3370 2819 ἐξ
3398 2755 3516 2819 ἐνὸς
3549 2756 3642 2808 καίΙ
3678 2757 3828 2825 πρώ-

2155 2853 2250 2889 του
2289 2837 2661 2908 κηρύγματος.
2701 2841 2776 2891 Οὐ
2810 2841 2918 2911 γὰρ
2951 2841 3142 2911 ἐδεήθη
3195 2841 3402 2895 πολλῶν
3451 2843 3670 2913 ήμερῶν
3708 2844 3827 2896 οὐδὲ

2158 2924 2414 2995 συνεχοῦς
2449 2926 2776 2996 συμϐουλῆς,
2797 2927 2931 2981 ἀλλά
2961 2928 3027 2981 τά
3044 2927 3173 2997 ψιλά
3207 2930 3388 2983 ἐκεῖνα
3419 2927 3587 2982 εἰπὼν
3609 2932 3827 3000 ῥήματα

2156 3011 2362 3075 πάντας
2397 3014 2475 3075 εἰς
2509 3014 2790 3083 μετάνοιαν
2820 3015 3016 3085 ήγαγε.
3053 3015 3153 3068 Διά
3197 3015 3356 3069 τοῦτο
3387 3016 3549 3069 αὐτὸν
3597 3017 3695 3070 οὐκ
3734 3019 3824 3069 εὐ-

2157 3095 2293 3162 θέως
2326 3099 2390 3152 ἐκ
2414 3100 2507 3153 τοῦ
2535 3099 2717 3154 πλοίου
2738 3105 2816 3166 είς
2839 3102 2938 3173 τὴν
2973 3101 3125 3155 πόλιν
3151 3101 3588 3174 ἐχειραγώγησεν
3613 3105 3641 3154 ὁ
3671 3104 3825 3167 Θεὸς,

2155 3189 2290 3244 ἀλλὰ
2323 3190 2643 3263 παρέδωκαν
2678 3193 2728 3244 οἱ
2761 3191 2950 3246 ναῦται
2987 3195 3053 3262 τῇ
3095 3192 3412 3263 θαλάττῃ,ή
3469 3191 3707 3246 θάλαττα
3750 3194 3826 3263 τῷ

2155 3279 2332 3348 κήτει,
2358 3278 2417 3330 τὸ
2439 3278 2600 3348 κῆτος
2629 3278 2704 3347 τῷ
2731 3277 2873 3348 Θεῷ,
2900 3280 2928 3332 ὁ
2950 3278 3082 3342 Θεὸς
3108 3282 3220 3342 τοῖς
3251 3279 3580 3342 Νινευῒταις,
3616 3281 3711 3333 καὶ
3738 3279 3826 3333 διὰ

2159 3365 2376 3434 μακρᾶς
2396 3364 2492 3434 τῆς
2513 3364 2762 3435 περιόδου
2789 3363 2816 3403 ἀ
2846 3365 2936 3418 τὸν
2957 3365 3172 3435 φυγάδα
3193 3366 3555 3435 ἐπανήγαγεν,
3584 3368 3670 3420 ἵνα
3693 3369 3824 3419 πάν-

2155 3468 2253 3513 τας
2296 3451 2580 3521 παιδεύσῃ,
2629 3451 2710 3503 δτι
2754 3450 2888 3504 Θεοῦ
2935 3455 3122 3521 χεῖρας
3161 3457 3348 3521 φυγεῖν
3389 3456 3690 3526 ἀμήχανον,
3739 3457 3825 3510 ὅτι

2154 3537 2397 3609 ὅπουπερ
2430 3537 2494 3590 ἄν
2521 3555 2605 3600 τις
2645 3538 2931 3607 ἀφίκηται,
2962 3539 3062 3609 τὴν
3109 3541 3380 3610 ἁμαρτίαν
3409 3543 3821 3613 ἐπισυρόμενος,

2160 3625 2328 3696 μυρία
2358 3625 2724 3695 ὑποστήσεται
2750 3627 2818 3679 τὰ
2851 3626 3020 3689 δεινά,
3053 3626 3157 3680 κᾶν
3175 3627 3284 3679 τῶν
3315 3627 3613 3698 ἀνθρώπων
3636 3629 3823 3698 μηδεὶς

2155 3715 2326 3783 παρῇ,
2351 3711 2486 3782 αὐτὴ
2509 3711 2839 3782 πανταχόθεν
2861 3714 2893 3783 ή
2925 3713 3100 3775 κτίσις
3114 3714 3493 3784 ἀντιστήσεται
3527 3715 3662 3784 μετὰ
3691 3716 3822 3767 πολ-

2155 3799 2251 3870 λῆς
2272 3799 2419 3870 αὐτῷ
2439 3799 2539 3869 τῆς
2566 3799 2945 3871 σφοδρότητος.
2975 3799 3064 3870 Μὴ
3091 3800 3266 3853 τοίνυν
3295 3805 3358 3872 τῇ
3395 3804 3538 3872 φυγῇ
3588 3803 3686 3873 τὴν
3715 3820 3822 3857 σω-

2153 3888 2348 3958 τηρίαν
2374 3890 2407 3959 ή
2417 3887 2532 3958 μῶν
2556 3888 2970 3959 ἐγχειρίσωμεν,
2995 3887 3128 3941 ἀλλά
3149 3891 3213 3958 τῇ
3237 3888 3330 3941 τοῦ
3360 3890 3562 3960 τρόπου
3589 3890 3820 3960 μεταϐο-

2154 3976 2238 4046 λῇ.
2260 3976 2372 4048 [701
2399 3976 2488 4048 Μὴ
2505 3975 2633 4047 γάρ,
2654 3974 2837 4044 ἐπειδὴ
2858 3975 3038 4045 μένεις
3054 3976 3110 4029 ἐν
3134 3979 3200 4046 τῇ
3217 3976 3393 4038 πόλει,
3420 3976 3505 4030 διά
3519 3977 3823 4048 τοῦ-τοπαρ-

2155 4058 2398 4126 οξύνεται
2424 4054 2454 4106 ὁ
2483 4062 2634 4124 Θεὸς,
2669 4062 2756 4114 ἵνα
2785 4059 2964 4132 φύγῃς
2989 4061 3235 4130 ςἙπειδὴ
3258 4063 3524 4133 ἥμαρτες,
3548 4063 3635 4116 διὰ
3663 4065 3825 4117 τοῦτο

2155 4151 2468 4217 ἀγανακτεῖ.
2494 4148 2702 4202 Οὐκοῦν
2727 4148 2822 4219 τὴν
2853 4148 3124 4219 ἁμαρτίαν
3159 4149 3382 4209 ἀπόθου,
3411 4151 3505 4203 καὶ
3532 4150 3652 4204 ὅθεν
3675 4154 3706 4220 ή
3731 4153 3822 4204 αί-

2150 4237 2240 4291 τία
2259 4237 2336 4306 τῷ
2354 4235 2648 4308 τραύματι,
2678 4236 2885 4290 ἐκεῖθεν
2911 4236 3222 4290 ἁνάστειλον
3264 4236 3356 4288 τοῦ
3387 4236 3557 4290 κακοῦ
3582 4239 3682 4308 τήν
3714 4258 3823 4310 πη-

2151 4329 2274 4394 γήν·
2297 4325 2364 4378 τὰ
2385 4325 2491 4396 γὰρ
2512 4324 2729 4378 ἐναντία
2743 4326 2856 4386 τοῖς
2877 4323 3138 4387 ἐναντίοις
3160 4323 3480 4394 θεραπεύειν
3498 4326 3590 4378 καὶ
3619 4327 3821 4397 ἰατρῶν

2151 4412 2338 4475 παῖδες
2365 4411 2690 4465 κελεύουσιν.
2735 4411 2824 4476 Ἐξ
2856 4410 3162 4480 ἀδηφαγίας
3193 4407 3284 4463 οὖν
3320 4411 3508 4483 ἐτέχθη
3550 4415 3818 4485 πυρετόςς

2148 4506 2332 4576 ἀσιτία
2361 4503 2703 4574 μεθοδεύουσι
2730 4500 2789 4554 τὸ
2822 4502 3052 4571 νόσημα.
3110 4499 3199 4565 Ἐξ
3228 4501 3461 4571 ἀθυμίας
3495 4502 3822 4575 ήῤῥώστησέ

2148 4609 2257 4654 τις;
2284 4591 2546 4662 εὐθυμίαν
2587 4590 2758 4660 τούτῳ
2781 4590 3072 4660 φάρμακον
3119 4589 3421 4660 ἐπιτήδειον
3467 4587 3604 4644 εἶναί
3629 4609 3816 4660 φασιν.

2149 4679 2305 4733 Οὕτω
2341 4681 2435 4732 καὶ
2465 4679 2557 4731 ἐπὶ
2603 4677 2710 4749 τῶν
2747 4676 2845 4745 τῆς
2876 4677 3052 4747 ψυχῆς
3096 4679 3416 4748 νοσημάτων
3460 4684 3630 4732 ποιεῖν
3683 4684 3813 4752 χρή.

2159 4764 2427 4836 Ῥᾳθυμία
2450 4764 2548 4834 τὴν
2573 4763 2739 4834 ὀργὴν
2767 4763 2990 4833 ἦγειρες
3049 4764 3250 4833 σπουδῇ
3284 4763 3487 4834 ταύτην
3542 4768 3820 4837 ἀποκρου-

2147 4851 2389 4922 σώμεθα,
2407 4853 2498 4904 καὶ
2521 4850 2720 4920 πολλὴν
2741 4849 3140 4919 ἐπιδειξώμεθα
3172 4853 3270 4922 τὴν
3306 4853 3626 4923 μεταϐολήν.
3655 4856 3819 4923 Ἔχο-

2149 4959 2246 5013 μεν
2281 4941 2470 5011 βοηθὸν
2507 4941 2767 5011 μεγίστην
2800 4941 2894 4994 καὶ
2941 4941 3229 5012 σύμμαχον
3263 4943 3358 5014 τὴν
3397 4946 3648 5014 νηστείαν
3671 4987 3684 5004 ,
3718 4947 3815 4998 καὶ

2149 5027 2284 5097 μετὰ
2312 5028 2410 5097 τῆς
2432 5026 2683 5097 νηστείας
2705 5027 2803 5096 τὴν
2829 5026 3190 5098 ἐπικειμένην
3215 5030 3450 5095 ἀγωνίαν
3487 5032 3686 5084 καὶτὸν
3715 5031 3812 5085 τοῦ

2143 5115 2388 5169 κινδύνου
2422 5114 2602 5183 φόϐον.
2635 5113 2981 5184 Ἐπιθὼμεθα
3011 5115 3187 5169 τοίνυν
3216 5120 3279 5187 τῇ
3303 5116 3447 5188 ψυχῇ
3478 5117 3572 5172 νῦν
3596 5122 3672 5182 εἰς
3690 5137 3814 5172 και-

2147 5202 2235 5272 ρόν
2256 5216 2269 5231 ⁶
2308 5202 2400 5253 καὶ
2428 5200 2536 5270 γὰρ
2565 5200 2798 5262 εὐκόλως
2832 5201 3001 5270 αὐτὴν
3039 5200 3378 5271 δυνησόμεθα
3420 5207 3605 5258 πεῖσαι
3635 5207 3812 5258 πάντα

2141 5289 2241 5342 ὅσα
2271 5288 2335 5341 ἂν
2371 5287 2631 5356 θέλωμεν.
2679 5288 2733 5340 '0
2759 5286 2865 5356 γὰρ
2897 5287 3150 5358 περιδεὴς
3176 5289 3269 5340 καὶ
3297 5289 3516 5359 τρέμων
3544 5292 3636 5345 καὶ
3677 5309 3810 5362 τρυ-

2141 5374 2247 5442 φῆς
2285 5375 2502 5442 ἁπάσης
2535 5372 2972 5444 ἀπηλλαγμένος,
3019 5374 3113 5426 καὶ
3140 5373 3289 5444 φόϐῳ
3321 5375 3520 5438 συζῶν,
3573 5377 3808 5440 εὐκόλως

2138 5459 2358 5514 δύναται
2387 5460 2716 5529 φιλοσοφεῖν,
2741 5459 2833 5512 καὶ
2876 5459 3010 5529 μετά
3042 5460 3242 5528 πολλῆς
3276 5461 3374 5531 τῆς
3404 5464 3705 5529 προθυμίας
3737 5465 3808 5518 τὰ

2138 5550 2237 5614 τῆς
2271 5551 2470 5620 ἀρετῆς
2503 5549 2856 5618 ὑποδέχεσθαι
2883 5548 3190 5619 σπέρματα.

2209 5637 2276 5700 ζ’.
2303 5637 2583 5705 Πείσωμεν
2606 5636 2785 5688 τοίνυν
2820 5635 2989 5704 αὐτὴν
3034 5637 3140 5688 ἀπὸ
3180 5636 3279 5706 τῆς
3303 5635 3411 5690 τῶν
3427 5639 3604 5707 ὅρκων
3625 5638 3804 5711 φυγῆς

2137 5724 2356 5794 πρώτην
2376 5725 2474 5796 τὴν
2497 5725 2588 5776 ἐπὶ
2605 5723 2663 5776 τὸ
2688 5724 2893 5793 βέλτιον
2919 5725 3252 5794 ποιήσασθαι
3274 5725 3572 5796 μεταϐολήν
3590 5744 3601 5755 ·
3623 5729 3670 5778 εἰ
3693 5728 3803 5797 γὰρ

2137 5811 2230 5862 καὶ
2285 5811 2410 5880 χθὲς
2440 5811 2532 5863 καὶ
2575 5811 2680 5883 πρὸ
2719 5811 2933 5880 ἐκείνης
2973 5811 3100 5877 περὶ
3132 5811 3334 5880 ταύτης
3370 5812 3496 5880 ὑμῖν
3525 5811 3802 5882 διελέχθην

2199 5983 2225 6022 δ
2247 5984 2341 6033 Alii
2365 5989 2546 6047 μακρᾶς
2568 5991 2649 6042 τῆς
2671 5987 2889 6047 μεθόδου.
