4072 6384
365 358 435 414 ’17
1323 351 1415 406 AD
1442 349 1766 407 POPULUM
1808 345 2297 407 ANTIOCHENUM
2348 348 2576 406 IlOMlL.
2619 349 2685 406 V.
3577 351 3656 407 78

368 471 600 527 rerum?
632 484 728 525 nos
769 469 1004 525 vulneris
1042 477 1286 524 auctores
1310 509 1325 535 ,
1360 482 1458 521 nos
1507 467 1952 521 medicamentum

370 577 753 633 pra-paremus.
774 562 1056 628 PrOpterea
1074 575 1179 613 non
1204 559 1441 613 locorum
1459 556 1956 628 permutatiouibus,

371 656 464 712 sed
492 670 701 709 morum
731 652 1068 709 conversioni
1096 652 1321 706 salutem
1352 650 1709 706 crediderunt.

452 748 506 802 6.
548 746 674 801 llazc
705 745 912 799 barbari
942 762 956 797 :
987 752 1043 798 et
1084 759 1183 798 nos
1212 758 1316 798 non
1354 742 1758 809 confundimur,
1787 756 1961 813 neque

374 853 472 894 nos
491 836 891 900 abscondimus,
918 833 1151 905 quando,
1182 835 1284 887 illis
1307 848 1481 888 mores
1501 833 1956 899 convertentibus,

376 944 475 983 nos
520 930 634 983 loca
675 936 1070 997 permutamus,
1103 934 1158 979 et
1187 925 1452 979 ebriorum
1486 925 1760 977 hominum
1798 937 1961 992 opera

376 1022 620 1085 facimus,
654 1018 1107 1085 substantiamque
1133 1025 1368 1069 nostram
1397 1013 1752 1083 exponimus?
1786 1012 1963 1068 Domi-

384 1128 483 1166 nus
514 1110 668 1165 nobis
694 1108 968 1171 irascitur,
1002 1116 1056 1161 et
1094 1122 1192 1161 nos
1219 1108 1350 1160 iram
1384 1106 1590 1160 solvere
1632 1105 1959 1170 omittentes,

378 1218 497 1272 quae
525 1203 578 1256 in
609 1201 769 1256 domo
798 1208 924 1254 sunt
950 1194 1394 1265 circumferimus,
1425 1207 1479 1252 et
1506 1197 1790 1251 circuimus
1817 1211 1963 1265 quae-

378 1304 593 1359 rentes,
627 1292 713 1346 ubi
740 1290 1094 1346 substantiam
1119 1289 1480 1357 deponamus,
1513 1303 1631 1341 cum
1662 1297 1804 1341 esset
1830 1300 1967 1356 opus

380 1402 655 1457 qtucrere,
706 1386 794 1441 ubi
833 1387 1064 1439 animam
1110 1383 1499 1452 deponeremus
1529 1399 1541 1434 :
1574 1381 1682 1433 imo
1712 1395 1838 1433 vero
1870 1394 1968 1433 nec

382 1489 590 1550 oportet
617 1493 859 1549 quterere
878 1518 892 1541 ,
925 1476 1018 1531 sed
1048 1476 1239 1529 virtute
1268 1484 1323 1529 et
1360 1474 1483 1528 vita:
1523 1471 1838 1527 rectitudine
1868 1471 1967 1541 ipsi

383 1574 722 1627 securitatem
753 1572 1008 1640 praebere.
1039 1569 1220 1638 Neque
1259 1568 1402 1623 enim
1443 1564 1488 1621 si
1515 1580 1669 1621 servo
1696 1565 1969 1619 irascenti-

388 1665 487 1719 bus
517 1664 666 1718 nobis
691 1671 745 1718 et
770 1661 1162 1732 indignantibus
1181 1702 1196 1726 ,
1231 1660 1321 1714 ille
1347 1658 1601 1713 adversus
1628 1658 1757 1711 imm
1786 1672 1846 1711 se
1872 1672 1969 1710 ex-

385 1772 574 1811 cusare
600 1756 871 1818 ornittens,
898 1755 952 1807 in
978 1753 1223 1808 cellulam
1252 1766 1401 1805 suam
1425 1750 1775 1813 descendens,
1812 1747 1971 1802 vesti-

389 1862 563 1905 menta
590 1860 644 1905 et
673 1863 859 1903 omnes
885 1848 1140 1916 colligens
1179 1844 1474 1900 sarcinulas
1497 1855 1551 1899 et
1588 1841 1842 1913 colligans
1862 1882 1877 1905 ,
1905 1839 1972 1894 de

389 1944 508 2012 fuga
559 1939 942 2000 meditaretur,
996 1936 1140 1990 hunc
1190 1935 1358 2006 ipsius
1405 1942 1769 2000 contemptum
1819 1928 1974 1985 facile

390 2033 672 2088 ferremus.
707 2032 1034 2086 Desistamus
1060 2029 1217 2099 igitur
1237 2029 1303 2081 ab
1328 2026 1430 2081 hoc
1451 2027 1752 2096 importuno
1773 2023 1971 2088 studio,

388 2136 445 2181 et
485 2126 724 2181 dicamus
762 2123 989 2195 quisque
1018 2122 1083 2177 ad
1114 2118 1280 2176 Deum
1310 2138 1324 2174 :
1355 2120 1467 2185 Quo
1496 2119 1575 2172 ibo
1601 2135 1632 2171 a
1660 2118 1841 2189 spiritu
1866 2126 1972 2183 tuo,

389 2228 440 2273 et
468 2234 499 2271 a
525 2217 655 2286 [acie
683 2224 767 2270 tua
793 2232 890 2286 quo
918 2214 1111 2287 fugiant
1139 2212 1316 2284 (Psaf.
1347 2211 1465 2266 I38.
1491 2211 1596 2278 7)?
1624 2209 1975 2264 Barbarorum

396 2308 783 2379 philosophiam
829 2308 1097 2361 imitemur
1128 2323 1143 2357 -.
1173 2305 1247 2358 illi
1287 2304 1336 2358 in
1369 2302 1583 2357 incertis
1612 2300 1974 2370 ptenitcntiam

393 2408 618 2469 egerunt
648 2416 662 2451 :
707 2412 812 2451 non
842 2397 984 2452 enim
1032 2395 1131 2449 hoc
1175 2392 1404 2448 habebat
1432 2391 1695 2447 sententia
1726 2407 1739 2444 :
1767 2389 1820 2446 Si
1851 2403 1977 2444 con-

393 2490 673 2545 vertamini
717 2499 771 2543 et
802 2487 1165 2557 pmnitentiam
1195 2485 1385 2554 agatis,
1413 2482 1679 2537 civitatem
1711 2479 1974 2546 firmabo;

394 2583 490 2637 sed
519 2582 853 2652 simpliciter,
878 2580 1055 2633 Adhuc
1082 2588 1179 2632 tres
1205 2577 1333 2642 dies,
1365 2586 1408 2629 et
1432 2574 1618 2629 Ninive
1646 2573 1975 2628 subvertetur.

394 2672 531 2740 Quid
563 2672 723 2742 igitur
766 2670 884 2724 illi?
926 2669 1051 2736 Quis
1083 2667 1216 2721 novit
1245 2684 1310 2719 an
1354 2666 1605 2736 pwnitebit
1634 2663 1794 2717 Deum
1836 2662 1976 2729 mali,

398 2764 535 2835 quod
576 2765 814 2834 loquutus
857 2771 926 2816 est
966 2762 1133 2830 facere
1174 2761 1314 2813 nobis
1346 2756 1508 2828 (Jan.
1534 2758 1585 2812 ’5.
1612 2757 1665 2811 4.
1695 2755 1815 2825 9)?
1854 2755 1981 2821 Quis
2010 2806 2013 2809 .

400 2857 588 2912 novit?
632 2856 886 2911 Nesciunt
923 2854 999 2908 rei
1040 2852 1233 2916 finem,
1273 2866 1369 2905 nec
1415 2848 1778 2919 pazuilcntiam
1809 2846 1981 2916 negli-

398 2956 529 3016 gunt
557 2963 572 3000 :
601 2946 844 3001 nesciunt
874 2946 965 2998 Dei
997 2942 1333 3013 benignitatis
1360 2938 1817 3001 consuetudinem,
1849 2947 1901 2991 et
1929 2938 1981 2989 in

399 3039 618 3093 incertis
642 3045 912 3092 mutantur
942 3054 955 3089 :
984 3052 1083 3091 nec
1107 3035 1246 3089 enim
1275 3032 1541 3087 habebant
1566 3031 1698 3083 alios
1722 3028 1983 3083 Ninivitas

400 3131 468 3184 ad
511 3146 645 3200 quos
688 3130 1018 3198 respicerent
1065 3125 1371 3197 poenitentia
1417 3133 1534 3178 acta
1578 3131 1835 3186 servatos,
1888 3134 1986 3174 nec

403 3224 689 3294 prophetas
733 3222 1003 3293 legerant,
1049 3234 1147 3274 nec
1178 3218 1504 3288 patriarchas
1542 3215 1852 3277 audierant,
1889 3226 1987 3266 nec

405 3316 485 3368 usi
507 3324 630 3368 sunt
654 3313 900 3379 consilio,
924 3327 1028 3367 non
1054 3309 1468 3365 admonitionem
1491 3307 1629 3361 nacti
1649 3316 1791 3367 sunt,
1817 3320 1988 3374 neque

404 3406 505 3461 sibi
533 3412 928 3475 persuaserant,
973 3402 1192 3456 omnino
1218 3401 1382 3454 Deum
1424 3398 1731 3467 paenitentia
1773 3398 1986 3466 placan-

403 3498 531 3551 dum
559 3511 696 3551 esse.
726 3495 908 3563 Neque
933 3493 1073 3549 enim
1103 3492 1206 3547 hoc
1237 3490 1465 3545 habebat
1488 3490 1829 3545 comminatio
1850 3531 1863 3554 ,
1893 3487 1987 3541 sed

406 3585 718 3640 dubitabant
758 3583 1171 3652 hazrebantque,
1217 3589 1273 3635 et
1310 3588 1486 3635 tamen
1530 3594 1650 3634 cum
1681 3583 1823 3633 omni
1870 3579 1985 3632 dili~

406 3678 582 3747 gentia
613 3676 975 3744 pteniteutiam
1002 3681 1244 3744 egerunt.
1290 3670 1417 3739 Quae
1463 3670 1621 3740 igitur
1659 3670 1793 3724 ratio
1837 3668 1989 3723 nobis

407 3768 530 3832 erit,
575 3782 695 3822 cum
740 3767 813 3821 illi
842 3766 1052 3836 quidem
1073 3806 1088 3831 ,
1134 3780 1232 3819 nec
1259 3763 1398 3817 unde
1424 3763 1491 3817 de
1532 3762 1634 3816 fine
1662 3760 1992 3815 confiderent

410 3858 703 3923 habentes,
751 3867 953 3912 tantam
998 3855 1284 3912 exhibeant
1333 3856 1677 3909 mutationem
1719 3873 1731 3907 :
1780 3863 1831 3907 tu
1864 3868 1991 3906 vero

410 3950 501 4021 qui
526 3951 591 4005 de
612 3951 788 4005 divina
811 3950 1133 4019 benignitate
1153 3946 1421 4001 confidere
1448 3956 1616 4016 potes,
1640 3953 1693 3999 ct
1713 3947 1800 4016 qui
1829 3948 1991 3999 multa

413 4041 608 4111 saepius
637 4042 856 4109 pignora
883 4039 1067 4108 cepisti
1093 4037 1209 4108 ejus
1237 4036 1375 4090 circa
1409 4046 1458 4089 te
1483 4051 1655 4099 curae,
1685 4047 1737 4089 et
1767 4036 1994 4104 prophe-

413 4142 497 4186 tas
524 4138 577 4185 et
601 4131 869 4200 apostolos
898 4129 1111 4193 audisti,
1154 4137 1210 4183 et
1247 4142 1342 4197 per
1388 4127 1527 4194 ipsas
1569 4140 1655 4180 res
1704 4126 1993 4180 instructus

414 4242 496 4290 es,
524 4240 623 4280 nec
648 4224 713 4277 ad
742 4223 982 4278 eamdem
1012 4237 1131 4276 cum
1162 4221 1289 4289 ipsis
1315 4233 1618 4273 mensuram
1642 4217 1847 4271 virtutis
1876 4233 1995 4286 per-

415 4318 597 4369 venire
646 4312 978 4368 contendas?
1031 4312 1214 4380 Magna
1268 4308 1426 4378 igitur
1480 4308 1668 4363 horum
1722 4308 1992 4363 hominum

417 4405 605 4471 virtus,
639 4403 805 4457 multo
830 4412 1008 4457 autem
1036 4400 1204 4469 major
1229 4400 1322 4453 Dei
1348 4399 1649 4464 clementia,
1682 4407 1735 4452 et
1766 4398 1901 4451 hanc
1930 4413 1993 4452 ex

419 4497 529 4565 ipsa
577 4496 838 4549 minarum
872 4492 1229 4563 magnitudine
1259 4491 1568 4559 conspicere
1596 4490 1737 4544 licet.
1791 4489 1869 4543 Ob
1898 4490 1997 4544 hoc

418 4589 559 4642 enim
605 4586 882 4642 sententia:
931 4601 1034 4640 non
1079 4584 1281 4638 addidit
1317 4601 1330 4637 :
1366 4582 1418 4637 Si
1462 4597 1587 4637 vero
1636 4582 1994 4651 pmnitentiam

420 4679 654 4748 egeritis,
688 4692 923 4747 parcam,
956 4686 1013 4730 ut
1042 4675 1365 4730 indefinitum
1398 4672 1629 4727 inferens
1656 4674 1995 4737 sententiam,

422 4778 622 4823 metum
652 4777 871 4839 augeret
891 4808 906 4831 ,
949 4782 1010 4821 ac
1037 4776 1177 4821 metu
1204 4774 1360 4820 aucto
1386 4764 1609 4818 celerius
1634 4763 1698 4817 ad
1731 4763 1997 4831 paeniten-

423 4861 549 4914 tiam
576 4859 937 4928 compelleret.
970 4858 1031 4911 Et
1059 4858 1313 4927 propheta
1342 4854 1551 4924 quidem
1577 4854 1841 4910 erubescit
1864 4855 2001 4908 futu-

422 4966 540 5005 rum
585 4952 758 5006 sciens
802 4959 858 5005 et
899 4950 1242 5018 conjectans,
1289 4947 1433 5017 quod
1476 4947 1665 5001 infecta
1715 4947 2002 5000 manebunt

424 5044 604 5108 dicta;
648 5043 785 5097 Deus
826 5049 1001 5096 autem
1031 5057 1137 5094 non
1185 5040 1486 5103 erubescit,
1533 5038 1626 5093 sed
1655 5054 1813 5092 unum
1847 5038 2002 5091 dum-

427 5143 599 5199 taxat,
632 5134 904 5189 hominum
943 5132 1143 5187 scilicet
1169 5133 1426 5195 salutem,
1458 5130 1639 5198 quaerit
1661 5170 1675 5193 ,
1710 5139 1764 5182 et
1792 5143 2001 5182 servum

427 5246 579 5282 suum
611 5227 876 5282 emendat.
914 5226 1196 5295 Postquam
1222 5223 1363 5279 enim
1392 5224 1653 5291 navigium
1685 5222 1772 5275 ille
1805 5221 2006 5289 ingres-

427 5333 519 5372 sus
547 5330 667 5381 est,
712 5319 888 5372 statim
934 5317 1179 5371 excitavit
1224 5329 1391 5380 mare,
1433 5321 1490 5367 ut
1532 5313 1705 5367 discas
1748 5312 1886 5381 quod
1914 5313 2002 5365 ubi

433 5417 704 5474 peccatum
727 5449 741 5473 ,
774 5407 845 5461 ibi
876 5406 1130 5476 procella,
1160 5405 1246 5459 ubi
1280 5403 1656 5463 inobedientia,
1688 5402 1756 5455 ibi
1788 5401 2007 5455 fluctua-

431 5498 547 5549 tio:
578 5505 634 5551 et
679 5498 1013 5566 quatiebatur
1054 5495 1265 5565 quidem
1309 5494 1493 5549 civitas
1534 5506 1749 5564 propter
1790 5501 2007 5562 peccata

431 5589 801 5653 Ninivitarum,
845 5588 1181 5659 quatiebatur
1218 5596 1392 5641 autem
1424 5596 1477 5641 et
1502 5586 1766 5655 navigium
1795 5592 2009 5654 propter

435 5682 709 5751 prophetae
753 5681 1183 5737 inobedientiam.
1235 5678 1312 5732 Illi
1356 5678 1512 5747 igitur
1537 5677 1724 5732 Jonam
1766 5678 1818 5732 in
1865 5688 2010 5730 mare

434 5773 743 5844 dejeccrunt
765 5814 779 5841 ,
819 5782 871 5829 et
913 5773 1056 5828 stetit
1086 5770 1348 5841 navigium
1379 5787 1391 5821 :
1423 5783 1519 5824 nos
1547 5782 1758 5838 quoque
1797 5777 2010 5838 peccata

2068 463 2471 534 submergamus
2491 506 2505 531 ,
2537 473 2591 520 et
2618 464 2803 521 civitas
2828 464 3044 520 omnino
3073 463 3252 520 stabit.
3304 463 3485 533 Itaque
3513 463 3647 533 fugit:

2064 555 2209 610 nulla
2236 554 2391 611 nobis
2417 555 2649 619 utilitas,
2687 555 2826 611 sicut
2870 570 2968 611 nec
3003 555 3150 610 illum
3197 555 3317 626 fuga
3360 553 3646 624 quidquam

2062 646 2293 715 adjuvit,
2338 645 2579 716 quinimo
2608 655 2663 700 et
2690 646 2825 701 hesit
2863 663 2876 699 :
2909 645 3142 716 fugiebat
3185 661 3313 715 ergo
3339 654 3569 711 terram,
3597 653 3650 697 et

2067 739 2158 794 Dei
2187 740 2320 793 iram
2347 753 2453 793 non
2481 737 2779 808 effugiebat.
2814 738 3066 808 Fugiebat
3095 748 3313 802 terram,
3340 747 3396 792 et
3420 737 3470 790 in
3498 751 3643 788 mare

2063 837 2435 899 tempestatem
2480 827 2687 883 induxit
2731 846 2743 882 :
2790 844 2889 884 nec
2934 836 3135 882 tantum
3175 828 3375 881 nullum
3420 842 3486 881 ex
3530 826 3649 895 fuga

2064 923 2261 977 bonum
2292 929 2480 977 nactus
2508 933 2611 988 est,
2645 920 2740 975 sed
2765 922 2923 975 etiam
2949 935 3042 975 eos
3068 921 3157 989 qui
3187 934 3246 974 se
3276 927 3649 988 susceperunt,

2067 1013 2117 1066 in
2144 1023 2440 1067 extremum
2471 1012 2763 1082 periculum
2790 1011 3042 1076 adduxit,
3086 1019 3139 1065 et
3164 1009 3377 1079 quando
3401 1010 3653 1079 navigans

2068 1103 2120 1156 in
2148 1103 2357 1172 navigio
2384 1102 2625 1169 sedebat,
2649 1111 2704 1157 ct
2724 1111 2899 1156 nauta:
2928 1111 2981 1155 et
3002 1102 3383 1171 gubernatores
3408 1100 3653 1164 aderant,

2067 1195 2346 1263 omnisque
2382 1194 2625 1248 nauticus
2652 1201 2939 1262 apparatus
2963 1234 2977 1257 ,
3012 1192 3079 1247 de
3108 1191 3362 1247 extremis
3392 1190 3656 1260 periclita-

2070 1288 2225 1339 batur
2257 1303 2270 1339 :
2306 1296 2582 1355 postquam
2626 1295 2803 1340 autem
2850 1286 2902 1338 in
2951 1300 3097 1339 mare
3128 1284 3415 1354 projectus,
3449 1290 3505 1336 et
3532 1296 3656 1350 pec-

2070 1387 2243 1432 catum
2270 1392 2365 1446 per
2391 1377 2707 1446 supplicium
2732 1376 3028 1445 deponens,
3062 1376 3113 1427 in
3146 1375 3461 1429 immensum
3488 1371 3659 1426 dedu-

2070 1478 2187 1524 ctus
2209 1478 2292 1524 est
2318 1470 2605 1539 navigium,
2636 1469 2738 1524 ceti
2768 1468 2969 1524 scilicet
2999 1476 3260 1533 ventrem,
3296 1467 3461 1520 multa
3491 1466 3659 1534 potie-

2072 1561 2227 1615 batur
2270 1561 2531 1626 libertate,
2581 1570 2635 1615 ut
2680 1561 2874 1625 discas,
2924 1560 3062 1614 sicut
3103 1559 3154 1612 in
3204 1558 3434 1628 peccatis
3463 1558 3660 1611 viventi

2074 1671 2247 1725 neque
2278 1656 2542 1725 navigium
2575 1654 2833 1724 prodest,
2878 1654 2956 1709 sic
2988 1660 3205 1723 peccato
3242 1658 3457 1705 exutum
3490 1666 3661 1718 neque

2073 1760 2220 1800 mare
2246 1744 2472 1815 perdere
2494 1787 2507 1809 ,
2545 1759 2717 1815 neque
2745 1745 2942 1799 bestias
2968 1743 3247 1797 devorare.
3281 1741 3457 1809 Ipsum
3500 1739 3658 1807 igitur

2074 1836 2231 1890 unda:
2257 1845 2624 1904 susceperunt,
2646 1849 2747 1889 nec
2771 1834 3164 1887 suffocaverunt
3187 1849 3197 1882 :
3224 1840 3373 1885 cetus
3399 1828 3653 1897 suscepit,

2075 1935 2129 1979 et
2171 1941 2276 1980 non
2323 1926 2593 1979 intercurrit
2619 1942 2633 1989 ;
2663 1938 2846 1978 verum
2879 1932 2933 1977 et
2978 1922 3172 1976 animal
3197 1964 3211 1989 ,
3256 1930 3308 1975 et
3337 1920 3658 1974 elementum

2076 2016 2344 2071 incolume
2370 2016 2667 2085 depositum
2708 2016 2817 2068 Deo
2846 2013 3229 2078 reddiderunt;
3273 2021 3327 2067 et
3363 2027 3458 2081 per
3487 2012 3665 2064 omnia

2078 2107 2453 2162 instituebatur
2480 2106 2759 2176 propheta,
2789 2113 2848 2159 ut
2874 2112 3016 2160 esset
3056 2112 3363 2158 mansuetus
3391 2111 3445 2157 et
3474 2102 3664 2155 buma-

2080 2214 2200 2265 nus,
2233 2207 2286 2253 et
2311 2212 2481 2267 neque
2507 2196 2685 2251 stultis
2714 2196 2908 2261 nautis,
2938 2209 3110 2264 neque
3139 2191 3266 2248 feris
3296 2192 3468 2257 undis,
3497 2205 3667 2260 neque

2080 2290 2265 2345 bestiis
2293 2288 2564 2343 crudelior
2591 2296 2750 2342 esset.
2794 2285 3003 2340 Etenim
3031 2295 3205 2339 nauta:
3242 2299 3346 2337 non
3388 2284 3440 2336 in
3471 2282 3668 2350 princi-

2079 2383 2169 2452 pio
2196 2380 2395 2444 statim,
2427 2378 2520 2433 sed
2554 2387 2669 2448 post
2700 2377 2920 2429 multam
2950 2375 3321 2429 necessitatem
3350 2373 3520 2442 ipsum
3547 2386 3666 2440 pro-

2080 2474 2372 2536 diderunt;
2416 2485 2563 2525 mare
2592 2484 2720 2523 vero
2765 2477 2820 2522 et
2869 2467 3036 2521 bestia
3066 2480 3187 2521 eum
3236 2465 3398 2519 multa
3428 2463 3667 2517 benevo-

2084 2563 2245 2619 lentia
2296 2561 2707 2625 custodierunt,
2756 2559 2866 2612 Deo
2920 2557 3033 2611 lucc
3076 2555 3255 2610 omnia
3303 2555 3664 2625 dispensante.

2085 2652 2263 2707 Rediit
2305 2652 2501 2721 igitur,
2550 2648 2889 2721 praedicavit,
2939 2648 3171 2700 minatus
3218 2655 3328 2710 est,
3382 2642 3662 2712 persuasit,

2085 2743 2329 2807 salvavit,
2361 2740 2571 2801 terruit,
2602 2737 2855 2802 correxit,
2890 2745 2944 2790 et
2979 2750 3081 2789 una
3110 2736 3387 2804 primaque
3415 2731 3669 2801 prasdica-

2086 2834 2231 2888 tione
2258 2832 2487 2886 firmavit
2520 2848 2532 2883 :
2567 2843 2739 2900 neque
2765 2828 2907 2883 enim
2947 2826 3235 2881 multorum
3280 2824 3486 2879 dierum
3532 2822 3671 2877 indi-

2087 2924 2196 2995 guit
2216 2965 2231 2990 ,
2268 2937 2440 2991 neque
2467 2921 2705 2976 continui
2733 2919 2937 2974 consilii
2964 2958 2979 2982 ,
3012 2916 3106 2972 sed
3138 2916 3280 2971 nuda
3310 2916 3395 2968 illa
3424 2915 3673 2984 loquutus

2088 3016 2248 3070 verba
2274 3056 2288 3080 ,
2332 3028 2520 3067 omnes
2551 3013 2603 3066 in
2634 3011 3002 3083 paenitentiam
3048 3008 3285 3063 deduxit.
3336 3006 3460 3061 Ideo
3496 3008 3671 3075 ipsum

2089 3123 2193 3162 non
2239 3106 2419 3161 statim
2466 3105 2535 3159 de
2573 3104 2783 3174 navigio
2831 3104 2971 3156 Deus
3013 3100 3079 3154 ad
3130 3101 3313 3153 urbem
3354 3098 3539 3160 duxit,
3578 3097 3672 3151 sed

2091 3208 2267 3253 nautie
2294 3197 2425 3251 mari
2457 3196 2807 3260 tradiderunt,
2842 3208 2989 3248 mare
3015 3200 3165 3257 ceto,
3195 3201 3346 3246 cetus
3377 3190 3506 3256 Deo,
3538 3190 3676 3244 Deus

2090 3291 2356 3356 Ninivitis,
2404 3282 2593 3358 et‘per
2621 3289 2832 3356 longum
2880 3285 3158 3340 circuitum
3208 3280 3486 3352 profugum
3517 3279 3677 3335 resti-

2094 3384 2213 3448 tuit,
2258 3392 2315 3436 ut
2344 3396 2532 3435 omnes
2573 3380 2780 3444 doceat,
2826 3378 2917 3431 Dei
2963 3389 3151 3430 manus
3193 3374 3429 3443 effugere
3474 3373 3675 3440 impos-

2093 3474 2247 3528 sibile
2276 3488 2419 3527 esse.
2448 3471 2579 3525 Nam
2606 3483 2942 3539 quocumque
2969 3468 3086 3537 quis
3115 3465 3482 3535 proficiscatur
3501 3503 3514 3525 ,
3550 3477 3675 3530 pec-

2093 3572 2267 3619 catum
2299 3561 2644 3633 pertrahens,
2674 3558 2876 3613 infinita
2908 3555 3189 3611 sustinebit
3227 3554 3543 3608 detrimenta
3579 3571 3591 3603 :
3625 3562 3680 3605 et

2094 3657 2136 3711 si
2168 3656 2441 3709 hominum
2474 3667 2630 3707 nemo
2660 3651 2834 3717 adsit,
2884 3651 2993 3717 ipsa
3033 3647 3404 3715 undecumque
3436 3653 3679 3699 creatura

2094 3762 2214 3801 eum
2247 3746 2409 3799 multa
2458 3744 2530 3797 illi
2580 3743 2791 3797 resistet
2822 3740 3175 3794 vehementia.
3222 3737 3300 3791 Ne
3344 3736 3500 3806 igitur
3544 3733 3680 3803 fuga:

2095 3839 2316 3893 salutem
2351 3844 2584 3890 nostram
2627 3832 2940 3893 credamus,
2989 3831 3081 3884 sed
3128 3844 3335 3882 morum
3381 3826 3675 3880 mutationi.

2096 3927 2229 3981 Num
2261 3928 2401 3982 enim
2442 3927 2565 3995 quia
2608 3926 2660 3978 in
2705 3924 2918 3978 civitate
2965 3935 3184 3981 manes,
3231 3927 3511 3987 propterea
3544 3918 3679 3969 licus

2099 4020 2366 4084 irritatur,
2396 4028 2453 4071 ut
2481 4016 2688 4087 fugias?
2716 4015 2975 4082 Quoniam
3010 4012 3258 4082 peccasti,
3290 4020 3568 4079 propterea
3598 4008 3679 4062 in-

2097 4111 2364 4180 dignatur.
2415 4109 2577 4178 Igitur
2607 4114 2880 4176 peccatum
2926 4104 3163 4172 depone,
3212 4111 3265 4156 et
3306 4100 3447 4155 unde
3475 4099 3681 4154 vulneri

2098 4219 2296 4268 causa,
2344 4202 2464 4255 inde
2512 4200 2637 4254 mali
2679 4200 2877 4252 fontem
2926 4196 3158 4265 reprime
3188 4212 3201 4247 :
3228 4192 3493 4249 contraria
3539 4190 3685 4245 enim

2099 4293 2380 4348 contrariis
2408 4306 2601 4345 curare
2628 4297 2683 4343 et
2714 4287 2903 4341 medici
2941 4286 3146 4355 jubent.
3188 4283 3266 4337 Ex
3302 4281 3518 4351 crapula
3557 4294 3689 4350 ergo

2101 4395 2222 4438 nata
2248 4392 2329 4437 est
2355 4381 2551 4436 febris?
2578 4379 2752 4434 inedia
2776 4378 3022 4431 morbum
3048 4375 3341 4443 corrigunt.
3371 4373 3446 4425 Ex
3475 4370 3684 4424 tristitia

2101 4477 2221 4546 quis
2250 4475 2547 4528 infirmatus
2575 4471 2699 4524 est?
2741 4468 2979 4522 ltetitiam
3011 4466 3132 4519 huic
3162 4472 3337 4533 aptam
3369 4460 3686 4517 medicinam

2102 4581 2223 4622 esse
2262 4566 2464 4619 dicunt.
2516 4563 2605 4618 Sic
2636 4571 2691 4616 et
2722 4560 2774 4613 in
2823 4558 3015 4612 animae
3061 4555 3461 4626 zegritudinibus
3509 4552 3689 4606 facere

2103 4664 2337 4725 Oportet.
2372 4655 2509 4708 Iram
2534 4662 2719 4722 torpor
2744 4648 3036 4704 excitavit?
3068 4644 3325 4701 industria
3350 4643 3487 4697 hanc
3513 4643 3688 4711 repel-

2106 4749 2308 4812 lamus,
2344 4746 2669 4813 multamque
2712 4758 2821 4812 pra:
2863 4741 3016 4795 nobis
3059 4738 3290 4793 feramus
3317 4735 3688 4789 mutationem.

2107 4840 2372 4909 Jejunium
2421 4838 2676 4891 habemus
2722 4833 3129 4895 auxiliatorem,
3179 4840 3234 4883 et
3273 4828 3693 4882 commilitonum

2109 4933 2398 4986 maximum
2421 4970 2434 4990 .
2469 4938 2523 4983 et
2552 4938 2743 4998 praster
2780 4926 3041 4997 jejunium
3074 4925 3357 4978 instantem
3396 4922 3692 4990 angustiam

2110 5040 2162 5082 et
2188 5028 2406 5097 periculi
2443 5026 2709 5079 timorem.
2739 5021 2999 5077 Instemus
3027 5019 3184 5089 igitur
3213 5018 3404 5070 animm
3431 5016 3533 5069 hoc
3564 5022 3695 5066 tem-

2112 5135 2240 5189 pore
2284 5138 2296 5172 :
2343 5118 2540 5172 etenim
2588 5116 2685 5185 ipsi
2735 5114 2913 5169 omnia
2963 5126 3308 5181 qumcumque
3346 5104 3699 5169 voluerimus,

2113 5210 2264 5263 facile
2309 5208 2628 5278 persuadere
2675 5206 2983 5276 poterimus.
3035 5201 3265 5257 Pavidus
3310 5199 3449 5254 enim
3492 5204 3546 5251 ct.
3597 5205 3702 5249 tre-

2116 5317 2305 5366 mens,
2352 5310 2407 5355 et
2453 5315 2483 5353 a
2528 5299 2731 5354 deliciis
2777 5296 3026 5351 omnibus
3074 5292 3385 5362 expeditus,
3434 5297 3595 5355 atque
3652 5286 3703 5337 in

2116 5395 2307 5446 timore
2335 5393 2557 5454 vivens,
2611 5390 2761 5443 facile
2808 5384 3167 5457 philosophari
3220 5389 3429 5450 potest,
3478 5388 3532 5431 et
3582 5391 3702 5429 eum

2115 5487 2275 5539 multa
2305 5484 2577 5538 alacritate
2609 5483 2816 5534 virtutis
2842 5478 3043 5534 semina
3085 5474 3375 5541 suscipere.

2189 5579 2240 5631 7.
2272 5576 2574 5630 Juramenta
2602 5575 2825 5627 vitanda.
2854 5600 2924 5610 —
2954 5568 3188 5623 Primum
3227 5564 3385 5635 igitur
3406 5560 3453 5616 ei
3484 5572 3699 5629 persua-

2118 5672 2337 5727 deamus
2359 5712 2373 5735 ,
2419 5678 2477 5723 ut
2515 5684 2543 5721 a
2584 5668 3005 5737 juramentorum
3038 5660 3156 5729 fuga
3189 5655 3534 5712 mutationem
3565 5650 3700 5705 inci-

2121 5764 2229 5836 piat
2260 5782 2271 5819 :
2305 5763 2404 5818 etsi
2447 5761 2590 5817 enim
2634 5758 2746 5814 heri
2793 5764 2845 5812 et
2891 5750 3274 5809 nudiustertius
3304 5746 3370 5802 dc
3414 5745 3515 5800 hac
3554 5741 3701 5797 vobis
