4072 6384
439 321 508 372 79
1177 316 1235 371 S.
1265 315 1539 371 JOANNIS
1579 317 2049 372 CIIRYSOSTOMI
2088 317 2399 374 ARClllEP.
2441 317 2966 378 CONSTANTINOP.
3642 321 3711 378 80

442 429 696 499 loquutus
722 443 838 484 sum
868 427 1088 483 materia
1111 471 1125 494 ,
1153 444 1325 498 neque
1351 439 1526 482 tamen
1555 428 1712 484 hodie
1739 427 2014 494 desistam,

443 535 616 589 neque
643 535 792 584 cras,
824 534 996 589 neque
1023 520 1273 589 perendie
1302 520 1486 574 eadem
1517 534 1754 574 monere.
1807 519 1872 574 Et
1897 521 2023 590 quid

445 612 568 666 dico
595 613 880 668 crastinam
919 621 1011 665 aut
1055 613 1262 666 tertiam
1293 612 1478 666 diem?
1519 613 1694 668 Donec
1721 628 1816 668 vos
1844 629 2022 669 corre-

444 711 560 758 etes
585 703 812 769 videam,
854 719 961 758 non
989 703 1241 758 absistam
1271 722 1282 756 :
1321 704 1368 758 si
1396 705 1536 759 enim
1567 705 1736 774 legem
1768 705 2022 775 praevari-

443 803 628 849 cantes
659 809 764 848 non
792 796 1112 848 erubescunt
1130 835 1144 860 ,
1179 796 1345 856 multo
1372 797 1539 865 magis
1567 811 1665 851 nos
1686 797 1932 865 jubentes
1958 811 2024 852 ne

441 886 857 954 prmvaricemini
876 927 893 951 ,
920 885 987 941 de
1016 886 1280 956 frequenti
1310 886 1673 942 admonitione
1703 903 1805 941 non
1834 888 2024 942 erube-

439 992 590 1032 scere
635 993 730 1046 par
765 986 864 1031 est.
920 978 992 1030 De
1037 977 1224 1031 iisdem
1251 979 1393 1032 enim
1432 979 1684 1032 continue
1712 992 2022 1032 commone-

441 1068 653 1132 facere,
705 1085 808 1123 non
850 1069 1116 1134 dicentis,
1164 1068 1256 1123 sed
1303 1068 1628 1122 audientium
1673 1078 1757 1124 est
1800 1069 2020 1131 crimen,

440 1161 686 1213 diuturna
729 1174 892 1228 super
925 1159 1255 1228 simplicibus
1283 1168 1337 1213 et
1367 1159 1608 1214 facilibus
1639 1161 1916 1229 prmccptis
1947 1161 2023 1211 iu-

438 1249 730 1319 digentium
771 1251 1069 1319 disciplina.
1110 1250 1244 1317 Quid
1274 1251 1416 1306 enim
1463 1250 1668 1305 facilius
1713 1266 1870 1320 quam
1917 1266 2022 1304 non

435 1342 662 1411 jurare?
707 1341 1122 1398 Consuetudinis
1173 1353 1374 1398 tantum
1426 1359 1560 1414 opus
1608 1355 1688 1398 est
1731 1362 1744 1398 :
1790 1360 1894 1398 non
1943 1356 2025 1399 est

440 1435 684 1502 corporis
713 1434 866 1489 labor
887 1475 902 1499 ,
936 1451 1041 1488 non
1068 1444 1150 1489 est
1177 1437 1520 1506 pecuniarum
1555 1437 1899 1505 impendium.
1937 1437 2024 1492 Vis

441 1524 652 1580 discere
694 1527 962 1596 quomodo
998 1527 1180 1581 vitium
1229 1529 1467 1598 superari
1504 1529 1718 1597 possit?
1761 1528 2026 1599 quomodo

441 1616 510 1668 ab
563 1616 800 1684 improba
862 1617 1246 1672 consuetudine
1303 1618 1514 1673 liberari
1567 1619 1764 1674 liceat?
1811 1619 1923 1685 Ego
1975 1631 2026 1673 te

441 1705 728 1773 quemdam
753 1707 956 1762 docebo
983 1709 1219 1774 modum,
1249 1726 1407 1778 quem
1435 1711 1478 1764 si
1508 1710 1772 1776 tenueris,
1805 1725 2024 1780 supera-

444 1795 526 1850 his
554 1797 794 1852 omnino.
840 1798 973 1852 Cum
1003 1799 1198 1854 videris
1246 1803 1470 1870 teipsum
1491 1843 1506 1868 ,
1536 1801 1619 1856 vel
1647 1801 1809 1856 alium
1836 1817 2024 1872 quem-

442 1901 586 1954 que,
612 1889 694 1943 vel
724 1902 972 1957 servum,
1005 1891 1088 1946 vel
1118 1891 1280 1945 filium
1303 1933 1316 1957 ,
1347 1891 1432 1945 vel
1477 1908 1695 1948 uxorem
1740 1893 1842 1948 hoc
1887 1895 2026 1949 malo

443 1986 646 2046 captos,
677 1987 731 2033 et
754 1984 1002 2034 continue
1031 1983 1499 2050 commonefactos,
1534 1999 1703 2053 neque
1732 1993 2022 2049 correctos,

441 2068 569 2138 jube
614 2084 718 2124 non
758 2080 998 2126 coeuntes
1037 2072 1254 2137 cubare,
1304 2083 1359 2128 et
1401 2073 1537 2129 hanc
1583 2075 1781 2144 tibique
1824 2083 1878 2129 et
1922 2076 2028 2130 illis

444 2158 840 2213 damnationem
891 2161 1104 2230 impone
1128 2203 1143 2225 ,
1176 2161 1570 2217 damnationem
1616 2178 1719 2217 nou
1751 2164 2024 2230 damnum,

443 2249 540 2303 sed
569 2250 770 2304 lucrum
800 2250 1078 2306 ferentem.
1108 2252 1255 2306 Talia
1287 2253 1428 2307 enim
1459 2263 1582 2308 sunt
1610 2255 1900 2323 spiritualia
1932 2273 1944 2308 :
1975 2265 2028 2310 et

448 2343 649 2395 lucrum
679 2341 889 2406 ferunt,
928 2351 982 2398 et
1009 2345 1343 2399 celerrimam
1386 2347 1772 2400 correctionem
1804 2365 1818 2402 :
1849 2348 2024 2416 lingua

444 2434 587 2487 enim
616 2434 830 2490 assidue
859 2437 1090 2491 cruciata
1117 2479 1131 2502 ,
1165 2437 1247 2490 vel
1278 2439 1490 2493 nemine
1516 2449 1887 2496 commonente
1913 2441 2026 2495 suf-

447 2524 711 2580 ficientem
733 2528 872 2596 capit
888 2526 1301 2583 admonitionem
1326 2544 1355 2583 a
1379 2531 1464 2584 siti
1481 2544 1808 2599 compressa,
1831 2547 1862 2586 a
1887 2531 2025 2586 fame

445 2615 739 2684 angustiata
765 2632 780 2682 ;
834 2627 882 2670 et
914 2617 1037 2673 licet
1065 2620 1300 2673 onmium
1331 2620 1498 2674 simus
1525 2620 1850 2676 stolidissimi
1874 2663 1888 2686 ,
1919 2631 2025 2676 tota

447 2705 536 2759 die
564 2706 719 2774 hujus
748 2710 994 2762 tormenti
1024 2711 1385 2780 magnitudine
1410 2712 1738 2777 commoniti,
1769 2713 1874 2766 alio
1899 2728 2027 2766 con-

445 2797 565 2850 silio
593 2807 648 2852 et
675 2798 1035 2852 admonitione
1071 2815 1174 2854 non
1220 2800 1594 2870 indigebimus.
1628 2801 1905 2858 Laudastis
1942 2805 2024 2859 di-

445 2895 530 2940 cta
553 2929 568 2951 ,
592 2902 775 2941 verum
803 2899 855 2942 et
882 2887 1035 2944 factis
1061 2889 1268 2945 laudem
1299 2891 1676 2946 demonstrate.
1707 2892 1856 2959 Quod
1883 2896 2023 2947 enim

445 2975 640 3045 alioqui
691 2977 845 3045 hujus
893 2979 1163 3033 co..cionis
1194 2981 1654 3035 emolumentum?
1697 2984 1748 3037 Si
1793 2985 2026 3052 quotidie

448 3067 700 3136 puerulus
727 3067 792 3121 ad
833 3068 1067 3123 scholam
1101 3078 1309 3139 pergat,
1345 3081 1526 3139 postea
1557 3072 1632 3126 nil
1665 3071 1870 3136 discat,
1900 3089 2025 3126 num

449 3159 514 3212 ad
545 3160 936 3214 excusationem
970 3159 1195 3216 sufficiat
1221 3163 1392 3228 nobis,
1428 3166 1598 3232 ipsum
1643 3163 1769 3218 illuc
1794 3164 2026 3233 quotidie

449 3264 670 3318 pergere
693 3251 714 3302 ?
745 3264 848 3303 non
878 3249 978 3304 hoc
1005 3252 1174 3319 ipsum
1207 3252 1496 3305 maximum
1523 3252 1778 3308 ducemus
1803 3254 2023 3322 crimen,

447 3341 589 3408 quod
631 3355 724 3408 per
765 3341 998 3409 singulos
1045 3340 1160 3396 dies
1204 3343 1328 3397 illuc
1377 3358 1640 3414 pergens,
1686 3345 1788 3400 hoc
1834 3345 2025 3400 frustra

451 3430 650 3482 faciat?
681 3430 792 3483 lloc
819 3439 874 3484 et
903 3430 954 3483 in
988 3431 1140 3485 nobis
1171 3433 1298 3501 ipsis
1327 3434 1619 3502 cogitemus
1639 3477 1662 3500 ι
1687 3443 1742 3488 et
1766 3436 1900 3489 intra
1930 3451 2027 3490 nos

449 3519 594 3588 ipsos
615 3519 856 3574 dicamus
881 3539 892 3572 :
918 3520 1146 3575 Tantum
1173 3523 1427 3591 temporis
1448 3525 1513 3577 ad
1536 3526 1815 3578 ecclesiam
1842 3541 2026 3581 occur-

449 3618 632 3663 rentes
652 3650 664 3671 ,
715 3610 1102 3664 terribilissima
1133 3612 1363 3668 fruentes
1393 3615 1576 3685 synaxi
1595 3654 1608 3678 ,
1643 3616 1859 3684 ipsaque
1887 3618 2026 3670 mul-

452 3711 562 3753 tum
605 3700 809 3753 lucrum
857 3701 1081 3754 habente
1106 3741 1122 3767 ,
1167 3703 1212 3755 si
1259 3703 1388 3758 tales
1429 3719 1640 3757 rursum
1669 3703 2022 3773 discedamus,

449 3789 637 3858 quales
663 3789 993 3856 advenimus,
1029 3792 1227 3846 nullum
1255 3793 1552 3847 defectuum
1581 3803 1881 3848 nostrorum
1911 3811 2030 3848 cor-

451 3882 690 3948 rigentes
711 3921 723 3943 ,
754 3895 872 3949 qua:
899 3881 1051 3936 nobis
1081 3882 1183 3935 erit
1221 3881 1376 3950 hujus
1418 3884 1757 3952 profectionis
1785 3885 1981 3939 utilitas
2005 3885 2028 3938 ?

451 3971 660 4025 Etenim
705 3973 866 4025 multa
899 3988 1002 4026 non
1045 3984 1261 4043 propter
1290 3991 1348 4029 se
1391 3976 1521 4029 ﬁunt
1543 4019 1558 4042 ,
1598 3977 1692 4031 sed
1724 3988 1937 4047 propter
1965 3995 2026 4033 ea

449 4077 570 4131 qua:
614 4076 680 4117 ex
725 4062 853 4130 ipsis
899 4065 1167 4118 eveniunt.
1216 4065 1382 4130 Quale
1430 4067 1554 4121 illud
1603 4077 1682 4122 est
1717 4087 1728 4123 :
1759 4071 2026 4125 seminans

451 4167 557 4206 non
590 4151 710 4207 ideo
739 4155 998 4220 seminat,
1044 4164 1100 4208 ut
1127 4164 1328 4210 tantum
1355 4158 1602 4225 seminet,
1632 4161 1722 4214 sed
1754 4173 1808 4213 ut
1837 4170 1889 4214 et
1917 4178 2022 4216 me~

451 4254 528 4297 tat
559 4260 572 4296 .'
602 4243 742 4313 quod
770 4243 869 4298 nisi
902 4245 1001 4299 boe
1030 4245 1211 4311 fieret,
1249 4257 1303 4300 et
1326 4247 1575 4302 damnum
1603 4251 1854 4305 sementis
1881 4262 2028 4321 pate-

452 4347 626 4400 retur,
658 4338 950 4394 seminibus
988 4339 1250 4395 incassum
1281 4342 1607 4410 putrefactis.
1638 4344 1894 4399 Mercator
1921 4361 2023 4398 non

455 4435 668 4496 propter
694 4427 795 4481 hoc
819 4429 1061 4497 navigat,
1092 4439 1147 4483 ut
1172 4437 1378 4484 tantum
1406 4432 1632 4502 naviget,
1663 4433 1758 4488 sed
1788 4441 1844 4486 ut
1871 4450 2024 4502 pcre-

449 4516 711 4582 grinando
735 4517 1025 4572 auctiorem
1057 4518 1215 4573 faciat
1253 4536 1368 4575 rem
1402 4537 1416 4574 :
1445 4524 1585 4592 quod
1615 4525 1712 4577 nisi
1739 4525 1840 4579 hoc
1865 4525 2021 4590 adsit,

451 4617 504 4658 et
532 4604 782 4660 damnum
812 4608 1017 4663 accidet
1041 4620 1360 4678 extremum,
1393 4627 1446 4668 et
1472 4615 1724 4670 damnosa
1768 4630 2025 4671 mercato—

451 4711 570 4748 rum
602 4699 971 4766 peregrinatio.
1001 4699 1113 4754 Hoc
1147 4702 1285 4756 idem
1316 4714 1370 4756 et
1399 4705 1450 4756 in
1481 4706 1631 4759 nobis
1658 4706 1783 4776 ipsis
1811 4707 2024 4761 ratioci-

449 4803 642 4841 nemur
667 4806 680 4842 :
708 4791 902 4843 etenim
933 4800 985 4844 et
1013 4807 1108 4844 nos
1135 4794 1186 4847 in
1219 4796 1494 4849 ecclesiam
1525 4799 1887 4864 convenimus,
1919 4814 2022 4854 non

452 4887 673 4946 propter
698 4880 800 4935 hoc
824 4881 996 4948 ipsum
1025 4884 1216 4948 solum,
1247 4893 1304 4939 ut
1326 4885 1412 4940 hic
1437 4889 1808 4953 immoremur,
1845 4891 1936 4944 sed
1971 4903 2026 4945 ut

449 4967 647 5036 aliquid
677 4984 924 5040 magnum
953 4980 1006 5026 et
1045 4975 1317 5043 spirituale
1358 4977 1544 5032 lucrati
1573 4979 1923 5034 discedamus.
1969 4981 2023 5036 Si

450 5061 612 5128 igitur
647 5060 830 5116 inanes
857 5071 914 5116 et
941 5064 1073 5118 nihil
1112 5065 1288 5136 adepti
1318 5068 1590 5133 abeamus,
1621 5069 2023 5123 condemnatio-

448 5167 570 5204 nem
602 5153 758 5208 nohis
784 5153 885 5208 hoc
910 5156 1139 5211 studium
1165 5168 1422 5214 accerset.
1454 5160 1603 5226 Quod
1631 5176 1697 5215 ne
1729 5163 1836 5227 fiat,
1866 5173 2025 5231 utque

451 5249 653 5296 tantum
683 5242 932 5298 damnum
963 5247 1246 5314 evitemus,
1275 5250 1533 5305 abeuntes
1567 5251 1707 5316 hinc,
1741 5253 1876 5306 inter
1905 5267 2023 5307 sese

447 5337 605 5391 amici
635 5350 755 5389 cum
788 5337 907 5390 filiis
939 5346 1149 5406 patres,
1190 5355 1308 5394 cum
1340 5342 1508 5395 servis
1534 5342 1766 5408 domini,
1798 5345 2022 5398 medita-

451 5430 616 5496 mini,
649 5437 704 5483 et
731 5427 967 5483 lahorate
990 5431 1256 5500 quomodo
1286 5433 1596 5502 imperatum
1626 5436 1938 5504 expediatis,
1968 5446 2024 5492 ut

386 5569 396 5576 ,
447 5527 729 5588 postquam
762 5518 951 5572 iterum
993 5521 1191 5576 reversi
1231 5521 1471 5590 fueritis,
1524 5533 1578 5579 et
1617 5525 1683 5579 de
1712 5526 1896 5582 iisdem
1927 5543 2022 5582 nos

442 5609 733 5663 suadentes
774 5610 1080 5677 audieritis,
1120 5627 1223 5666 non
1257 5612 1456 5681 pudore
1499 5615 1796 5670 afficiamini
1822 5658 1836 5681 ,
1883 5633 2024 5670 mor-

444 5699 605 5755 dente
635 5713 729 5753 vos
754 5700 1099 5768 conscientia,
1127 5701 1219 5758 scd
1247 5703 1541 5773 gaudeatis,
1568 5715 1620 5760 et
1651 5706 1900 5763 laetemini
1927 5712 2019 5762 ad-

2136 430 2443 486 monitionis
2483 432 2735 502 majorem
2772 432 2924 488 vobis
2963 441 3168 504 partcm
3199 432 3460 502 expletam
3497 434 3709 501 con5pi-

2127 531 2346 574 c1entes.
2392 520 2515 575 [lare
2557 537 2661 575 non
2708 533 2911 577 tantum
2962 524 3048 578 hic
3092 523 3527 593 philosophemur
3558 542 3572 576 :
3603 538 3707 578 nou

2126 615 2267 668 enim
2316 616 2428 670 hare
2473 629 2843 671 momentanea
2887 617 3182 671 admonitio
3227 624 3395 670 totum
3437 615 3700 672 eradicarc

2128 713 2336 774 potest,
2371 721 2555 760 verum
2583 715 2639 762 et
2666 707 2809 761 domi
2851 707 2930 760 vir
2956 707 3022 761 ab
3050 721 3214 760 uxore
3239 706 3356 760 hmo
3387 705 3602 771 audiat,
3649 715 3704 760 et

2129 809 2261 848 uxor
2287 810 2314 847 a
2346 796 2570 866 conjuge
2603 815 2616 850 :
2657 807 2711 852 et
2747 797 3016 852 aemulatio
3043 797 3286 866 quaedam
3333 797 3423 850 fiat
3459 812 3567 850 omi
3590 797 3706 851 ibus

2126 885 2191 938 ad
2220 886 2375 954 hujus
2407 887 2538 956 legis
2569 888 2932 957 impletionem
2958 888 3238 958 pervenire
3263 885 3626 952 studentibus,
3652 895 3711 940 et

2127 976 2214 1044 qui
2263 978 2406 1044 prius
2449 977 2749 1046 impleverit
2775 977 3038 1032 deficienti
3077 978 3402 1047 exprobret,
3450 985 3508 1031 ιιι
3534 978 3706 1046 ipsum

2128 1067 2294 1134 magis
2317 1068 2512 1122 excitet
2542 1085 2555 1122 :
2583 1069 2673 1137 qui
2699 1068 2897 1133 deficit,
2944 1076 2998 1123 et
3023 1069 3260 1122 nondum
3289 1070 3544 1138 implevit,
3575 1085 3710 1137 pra:-

2129 1158 2428 1211 venientem
2473 1168 2715 1228 spectet,
2761 1168 2817 1214 et
2843 1159 2909 1214 ad
2959 1160 3128 1229 ipsum
3157 1159 3403 1214 celeriter
3433 1159 3710 1228 pervenire

2127 1247 2431 1300 contendat.
2459 1248 2513 1301 Si
2543 1249 2654 1302 hzec
2685 1249 3020 1310 meditemur,
3049 1251 3092 1302 si
3123 1250 3236 1303 hme
3261 1264 3530 1312 curemus,
3560 1249 3709 1303 brevi

2130 1342 2280 1394 nobis
2309 1350 2361 1395 et
2405 1342 2508 1395 alia
2547 1358 2802 1412 prospere
2846 1344 3054 1413 negotia
3097 1341 3413 1412 dirigentur.
3465 1341 3546 1396 Tu
3591 1357 3712 1411 quae

2130 1430 2220 1484 Dei
2249 1440 2371 1484 sunt
2396 1432 2653 1486 meditare
2673 1474 2689 1498 ,
2719 1443 2774 1486 et
2805 1433 2916 1502 ipse
2958 1434 3063 1487 tuis
3101 1432 3416 1500 providebit.
3445 1431 3554 1486 Nec
3580 1431 3711 1486 mihi

2127 1519 2272 1574 dicas
2301 1540 2314 1576 :
2342 1521 2478 1589 Quid
2506 1537 2632 1577 vero
2652 1565 2666 1590 ,
2694 1524 2739 1576 si
2766 1525 2882 1594 quis
2919 1523 3132 1592 jurandi
3160 1525 3530 1579 necessitatem
3558 1524 3713 1578 nobis

2129 1611 2406 1679 imponat?
2450 1612 2576 1681 quid
2607 1614 2653 1668 si
2699 1629 2804 1667 non
2845 1614 3070 1668 credat?
3115 1613 3257 1669 Sane
3282 1629 3448 1679 vero,
3492 1613 3582 1668 ubi
3629 1614 3709 1668 lex

2128 1704 2402 1769 violanda,
2435 1705 2768 1759 necessitatis
2815 1705 3123 1760 meminisse
3165 1721 3271 1759 non
3315 1713 3546 1774 oportet.
3599 1704 3713 1760 Una

2128 1801 2210 1845 est
2237 1793 2378 1846 enim
2406 1793 2724 1848 inevitabilis
2751 1794 3064 1860 necessitas,
3093 1795 3257 1848 Deum
3283 1809 3387 1850 non
3415 1794 3709 1850 offendere.

2132 1880 2508 1936 Verumtamen
2545 1882 2758 1938 interim
2800 1883 2929 1937 illud
2958 1892 3183 1953 prmeta,
3226 1883 3498 1954 superﬂua
3535 1883 3715 1939 recide

2124 1969 2457 2038 juramenta,
2493 1982 2692 2026 temere
2731 1981 2785 2027 et
2827 1974 2943 2028 sine
2986 1975 3339 2041 necessitate,
3381 1973 3549 2041 domi,
3592 1989 3713 2029 cum

2129 2065 2332 2130 amicis,
2359 2079 2480 2119 cum
2507 2065 2684 2119 servis
2713 2064 2915 2134 prolata
2946 2083 2960 2119 :
2987 2067 3030 2119 si
3061 2064 3177 2120 haec
3201 2065 3500 2129 sustuleris,
3532 2065 3587 2118 in
3611 2066 3718 2122 illis

2131 2156 2232 2209 mei
2276 2155 2405 2209 nihil
2446 2155 2674 2226 amplius
2704 2157 2963 2225 indigebis
2995 2173 3007 2208 :
3038 2157 3212 2226 ipsum
3256 2156 3400 2210 enim
3429 2170 3492 2211 os
3530 2156 3582 2210 in
3616 2156 3717 2211 hoc

2130 2248 2503 2312 exercitatum,
2531 2255 2590 2302 ut
2610 2247 2822 2316 jurandi
2850 2245 3206 2316 frequentiam
3240 2247 3424 2301 timeat
3450 2255 3504 2301 et
3532 2245 3712 2316 fugiat.

2131 2352 2303 2406 neque
2324 2338 2366 2391 si
2393 2339 2511 2406 quis
2534 2339 2725 2392 millies
2744 2339 3000 2407 coegerit,
3024 2338 3078 2392 in
3105 2338 3246 2392 illam
3269 2338 3499 2406 amplius
3523 2337 3717 2391 cadere

2129 2422 2564 2482 consuetudinem
2605 2429 2865 2483 admittet.
2915 2428 3020 2484 Sed
3053 2438 3112 2483 ut
3140 2444 3282 2483 nunc
3322 2429 3492 2483 multo
3535 2427 3719 2482 labore

2129 2528 2184 2572 et
2209 2517 2412 2572 infinita
2440 2519 2880 2575 interturbatione
2903 2562 2918 2586 ,
2951 2530 3213 2575 terrentes
3236 2562 3250 2582 .
3285 2521 3552 2574 minantes
3571 2559 3587 2585 ,
3619 2518 3718 2572 ad-

2131 2617 2431 2675 monentes,
2463 2611 2833 2676 consulentes,
2861 2612 2949 2666 vix
2980 2615 3249 2680 potuimus
3276 2611 3328 2665 in
3355 2611 3513 2665 aliam
3545 2610 3718 2680 ipsum

2129 2702 2568 2757 consuetudinem
2619 2711 2978 2757 transmutare
3026 2721 3039 2756 :
3088 2703 3167 2757 sic
3211 2711 3265 2757 et
3309 2710 3434 2758 tunc
3477 2701 3718 2771 quidem,

2132 2794 2254 2848 licet
2281 2793 2539 2848 infinitam
2570 2794 2686 2863 quis
2716 2793 2909 2848 inferat
2936 2794 3311 2848 necessitatem
3332 2833 3348 2858 ,
3381 2793 3519 2848 hanc
3545 2801 3721 2847 trans-

2128 2884 2276 2954 gredi
2303 2884 2472 2954 legem
2497 2899 2604 2938 non
2643 2884 2836 2953 poterit
2860 2884 3189 2954 persuadere
3215 2900 3229 2949 ;
3265 2883 3358 2939 sed
3388 2885 3529 2940 sicut
3555 2899 3722 2938 vene-

2130 2991 2256 3029 num
2283 2975 2564 3045 quodpiam
2596 2991 2882 3045 numquam
2919 2983 3137 3045 gustare
3167 2975 3288 3045 quis
3318 2977 3512 3043 vellet,
3556 2976 3719 3030 etiam

2132 3067 2362 3121 instante
2390 3067 2739 3133 necessitate,
2771 3067 2848 3120 sic
2876 3081 3046 3136 neque
3076 3067 3378 3135 juramenta
3408 3066 3720 3121 admittere.

2131 3157 2243 3212 Hoc
2278 3167 2455 3213 autem
2483 3159 2528 3212 si
2573 3159 2680 3221 ﬁat,
2725 3157 2876 3212 vobis
2902 3157 3139 3211 solamen
3171 3158 3294 3223 erit,
3327 3167 3380 3211 et
3410 3159 3721 3211 hortamen-

2134 3258 2241 3302 tum
2273 3249 2340 3301 ad
2370 3249 2599 3317 reliquas
2624 3249 2834 3302 virtutis
2864 3258 3040 3318 partes
3063 3249 3418 3318 attingendus.
3448 3248 3547 3317 Qui
3576 3252 3722 3303 enim

2133 3339 2265 3392 nihil
2293 3340 2553 3409 prmstitit,
2592 3343 2845 3408 torpescit
2870 3348 2924 3394 et
2967 3340 3074 3393 cito
3113 3339 3347 3394 concidit
3375 3341 3586 3403 animo,
3630 3340 3725 3408 qui

2131 3444 2259 3482 vero
2304 3429 2402 3483 sibi
2445 3430 2687 3483 conscius
2731 3437 2849 3495 est,
2896 3430 3036 3498 quod
3075 3430 3155 3482 vel
3201 3445 3368 3483 unum
3415 3429 3725 3499 expleverit

2132 3519 2456 3579 mandatum.
2484 3535 2551 3573 ex
2581 3519 2682 3575 hoc
2708 3520 2844 3574 bene
2879 3535 3096 3589 sperare
3120 3520 3330 3586 doctus,
3373 3522 3564 3592 majori
3597 3536 3720 3575 cum

2132 3609 2308 3663 studio
2337 3609 2403 3663 ad
2441 3609 2640 3679 reliqua
2668 3609 2918 3680 procedet
2949 3626 2961 3662 :
2990 3621 3176 3681 postea
3209 3611 3351 3664 aliud
3374 3611 3627 3680 capiens,
3654 3611 3724 3666 ad

2132 3701 2274 3754 aliud
2311 3701 2556 3756 celeriter
2583 3701 2793 3765 veniet,
2826 3715 2926 3756 nec
2969 3702 3115 3770 prius
3157 3701 3423 3771 desistet,
3465 3718 3628 3773 quam
3655 3704 3723 3758 ad

2133 3792 2304 3858 ipsum
2333 3791 2543 3846 culmen
2573 3791 2868 3860 perveniat.
2901 3791 2956 3846 Si
2986 3793 3129 3848 enim
3162 3793 3213 3846 in
3247 3795 3490 3862 pecuniis
3519 3803 3726 3862 quanto

2132 3883 2249 3950 quis
2273 3883 2450 3950 plures
2475 3882 2898 3950 comparaverit,
2929 3891 3076 3937 tanto
3117 3883 3298 3952 plures
3324 3885 3473 3954 cupit
3506 3903 3518 3938 :
3552 3886 3726 3940 multo

2133 3973 2299 4039 magis
2334 3972 2385 4025 in
2414 3970 2603 4025 officiis
2644 3971 3004 4040 spiritualibus
3033 3973 3135 4027 hoc
3173 3975 3486 4045 contingere
3514 3976 3723 4030 videas.

2133 4065 2416 4130 l’rOptcrea
2448 4063 2640 4118 festino
2670 4074 2724 4118 et
2753 4080 2938 4134 urgeo,
2973 4075 3028 4118 ut
3058 4079 3145 4118 res
3173 4066 3491 4134 principium
3520 4069 3720 4135 capiat,

2133 4163 2187 4207 et
2226 4154 2276 4205 in
2318 4152 2508 4207 animis
2537 4154 2729 4207 vestris
2771 4154 2981 4207 virtutis
3025 4155 3426 4209 fundamentum
3475 4157 3722 4222 iaciatur,

2132 4252 2186 4297 et
2230 4258 2510 4312 precamur
2555 4254 2607 4298 et
2647 4243 3041 4311 supplicamus,
3091 4255 3149 4298 ut
3191 4260 3298 4298 non
3342 4255 3545 4301 tantum
3591 4247 3725 4302 hora

2134 4334 2381 4402 pra-senti
2425 4335 2610 4387 horum
2642 4335 2757 4386 sitis
2785 4334 3068 4388 verborum
3111 4350 3380 4390 memores
3402 4377 3418 4398 ,
3451 4352 3638 4390 verum
3670 4349 3729 4392 et

2132 4423 2274 4477 domi
2295 4463 2311 4488 ,
2343 4431 2396 4477 et
2421 4423 2475 4476 in
2517 4422 2660 4486 foro,
2691 4432 2744 4476 et
2773 4422 3098 4494 ubicumque
3137 4425 3569 4480 commoremini.
3606 4425 3728 4482 Uti-

2131 4529 2252 4570 nam
2281 4515 2408 4568 mihi
2434 4515 2546 4568 dari
2578 4523 2775 4582 posset,
2801 4521 2858 4567 ut
2880 4514 3152 4568 vobiscum
3180 4530 3537 4571 conversarer
3565 4519 3580 4572 ι
3615 4533 3725 4573 ιιοιι

2133 4606 2234 4658 hoc
2262 4605 2417 4674 longo
2441 4603 2572 4658 mihi
2596 4619 2842 4658 sermone
2869 4603 3059 4660 fuisset
3078 4619 3214 4674 opus
3237 4622 3252 4659 :
3279 4622 3423 4661 nunc
3445 4623 3577 4664 vero
3598 4626 3725 4666 cum

2135 4699 2233 4752 hoc
2261 4712 2363 4750 non
2406 4697 2565 4750 liccat
2585 4737 2600 4762 ,
2629 4709 2722 4749 vos
2752 4709 2837 4749 me
2878 4696 3100 4750 absente
3131 4697 3420 4754 verborum
3449 4717 3729 4758 memores

2133 4798 2300 4842 estote
2326 4802 2586 4853 meorum,
2627 4796 2682 4842 et
2720 4786 2786 4840 ad
2814 4802 3053 4842 mensam
3092 4789 3346 4846 sedentes
3383 4792 3595 4862 ingredi
3637 4810 3728 4851 me

2135 4891 2329 4949 putate,
2353 4889 2407 4934 et
2431 4879 2662 4942 adstare,
2691 4887 2747 4932 et
2768 4879 2945 4932 omnia
2972 4894 3093 4948 quae
3120 4896 3261 4936 nunc
3284 4882 3438 4938 vobis
3461 4883 3552 4938 hic
3577 4885 3725 4952 dico,

2133 4975 2376 5026 insonare
2404 4988 2417 5022 :
2457 4980 2511 5024 et
2541 4971 2856 5038 ubicumque
2885 4971 3036 5024 vobis
3079 4971 3145 5026 de
3175 4987 3262 5027 me
3292 4972 3579 5030 habebitur
3605 4992 3729 5031 ser-

2134 5081 2240 5125 tuo,
2275 5079 2382 5131 pra:
2406 5062 2650 5116 omnibus
2677 5060 2831 5130 hujus
2856 5070 3185 5118 mementote
3209 5065 3472 5124 mandati.
3502 5076 3558 5122 et
3585 5067 3731 5124 hane

2133 5157 2260 5210 mihi
2307 5157 2500 5210 amoris
2545 5155 2596 5208 in
2637 5167 2732 5207 vos
2781 5154 2884 5207 mei
2929 5154 3335 5210 retributionem
3388 5158 3646 5213 reddite:
3681 5161 3729 5214 si

2133 5249 2232 5301 hoc
2258 5263 2351 5299 vos
2379 5247 2623 5314 implesse
2650 5246 2852 5306 videro,
2897 5255 3065 5299 totum
3094 5248 3296 5315 recepi,
3326 5248 3546 5317 dignam
3577 5253 3730 5306 labo-

2133 5355 2246 5393 rum
2275 5338 2392 5406 cepi
2423 5336 2741 5391 merccdem.
2774 5335 2845 5391 Ut
2883 5336 3041 5406 igitur
3068 5348 3120 5390 et
3144 5352 3245 5390 nos
3269 5339 3512 5395 reddatis
3545 5358 3729 5410 prom-

2132 5431 2348 5500 ptiores,
2389 5437 2442 5481 et
2464 5440 2558 5479 vos
2598 5427 2747 5480 bona:
2773 5427 2884 5495 spei
2920 5425 3250 5491 efficiamini,
3279 5438 3336 5483 et
3364 5431 3628 5498 majorem
3657 5433 3726 5486 ad

2132 5523 2330 5590 reliqua
2353 5516 2598 5573 mandata
2621 5515 2923 5572 facilitatem
2949 5519 3167 5587 parctis,
3193 5519 3365 5573 multo
3387 5519 3528 5576 hanc
3553 5522 3728 5592 legem

2129 5613 2306 5669 studio
2334 5612 2384 5664 in
2411 5608 2600 5663 animis
2626 5608 2813 5662 vestris
2839 5607 3080 5675 reponite
3097 5650 3110 5673 ,
3153 5618 3209 5664 et
3235 5620 3364 5666 tunc
3390 5611 3726 5667 admonitio.

2134 5707 2214 5760 nis
2244 5703 2517 5757 tttililaletn
2549 5700 2745 5754 scietis.
2791 5698 3050 5764 Quoniam
3083 5711 3130 5755 et
3166 5715 3391 5757 aureum
3425 5703 3726 5765 vcstimcn-
