4072 6384
276 405 345 460 το
901 439 910 447 «.
1273 392 1361 449 AD
1401 390 1732 450 POPULUM
1775 387 1960 443 ΑΝΤΙ(

2064 386 2219 444 IENU
2232 386 2279 441 Μ
2322 385 2562 443 ΠΟΜΠ...
2607 387 2672 443 ν.
3671 394 3761 450 θος

273 497 374 567 τῆς
418 493 749 556 ὑποθέσεως,
797 489 908 544 ἀλλ’
948 487 1071 543 οὑδέ
1123 486 1360 559 σήμερον
1395 486 1794 557 ἀποστήσομαι,
1834 482 1955 538 οὑδέ

276 581 376 653 τὴν
415 581 696 643 ἐπιοῦσαν,
723 578 841 632 οὐδέ
881 576 976 647 τήν
1010 577 1125 646 μετ’
1158 573 1372 643 ἐκείνην
1407 571 1473 626 τά
1507 571 1645 626 αὐτά
1666 583 1691 612 ι
1722 570 1958 640 συμϐουο

277 672 470 726 λεύων.
502 672 612 724 Καὶ
649 669 701 721 τί
739 668 881 736 λέγω
909 666 1006 736 τὴν
1037 663 1248 735 αὔριον,
1283 663 1378 716 καὶ
1421 660 1518 731 τὴν
1558 660 1674 731 μετ’
1705 659 1954 728 ἐκείνην;

278 760 426 824 Ἕως
444 761 508 815 ἂν
533 760 676 831 ὑμᾶς
703 758 797 812 ἴδω
820 752 1216 825 κατορθοῦντας
1233 755 1281 792 ι’
1295 791 1307 811 ,
1331 751 1431 802 οὑκ
1449 746 1744 817 ἀφέξομαι.
1764 746 1827 798 Εἰ
1848 744 1957 816 γὰρ

277 853 327 903 οί
377 848 807 922 παραϐαίνοντες
853 845 944 897 τὸν
996 843 1158 912 νόμον
1208 841 1309 893 οὐκ
1361 838 1730 908 αἰσχύνονται,
1779 833 1960 904 πολλῷ

282 938 482 1009 μᾶλλον
507 938 652 1009 ἡμᾶς
676 937 802 998 τοὺς
829 931 1148 993 κελεύοντας
1186 928 1260 999 μὴ
1291 927 1667 998 παραϐαίνειν,
1696 925 1796 978 οὐκ
1813 923 1959 989 ἀξιον

280 1025 630 1097 αἰσχύνεσθαι
655 1027 722 1093 τῇ
754 1021 1002 1092 συνεχείᾳ
1029 1019 1130 1089 τῆς
1171 1016 1563 1088 παραινέσεως.
1598 1014 1671 1067 Τὸ
1698 1013 1806 1083 γάρ
1835 1029 1959 1063 συν-

281 1114 420 1184 εχῶς
461 1113 586 1182 περὶ
625 1111 734 1163 τῶν
780 1109 957 1162 αὐτῶν
1014 1106 1474 1175 ὑπομιμνήσκειν,
1530 1103 1591 1154 οὐ
1635 1101 1729 1154 τοῦ
1781 1100 1962 1168 λέγον-

281 1219 393 1264 τος,
421 1201 556 1253 ἀλλά
592 1199 698 1252 τῶν
728 1197 1033 1251 ἀκουόντων
1072 1194 1218 1246 ἐστὶν
1257 1192 1510 1261 ἔγκλημα
1536 1189 1814 1260 διηνεκοῦς
1843 1189 1960 1241 δεοο

286 1289 462 1360 μένων
483 1285 828 1349 διδασκαλίας
864 1284 1004 1354 ὑπὲρ
1034 1281 1205 1352 ψιλῶν
1234 1281 1326 1333 καὶ
1361 1276 1782 1348 εὐκατορθώτων
1822 1293 1962 1346 πρα-

281 1377 527 1446 γμάτων.
555 1373 618 1426 Τί
646 1373 754 1444 γὰρ
775 1369 1137 1440 εὐκολώτερον
1161 1366 1252 1422 τοῦ
1278 1367 1352 1437 μὴ
1373 1364 1599 1436 ὀμνύναι
1621 1381 1634 1429 ;
1666 1362 1962 1434 Συνηθείας

283 1463 402 1516 ἐστὶ
429 1462 489 1514 τὸ
516 1460 845 1532 κατόρθωμα
881 1458 1060 1528 μόνον,
1090 1456 1190 1507 οὐκ
1225 1453 1339 1506 ἐστι
1370 1453 1528 1515 πόνος
1565 1450 1837 1522 σώματος,
1862 1450 1961 1502 οὐκ

283 1551 400 1603 ἔστι
450 1549 664 1618 δαπάνη
716 1545 1035 1617 χρημάτων.
1081 1542 1269 1596 Βούλει
1327 1540 1517 1612 μαθεῖν
1564 1538 1683 1602 πῶς
1737 1537 1961 1591 δυνατὸν

285 1636 668 1710 περιγενέσθαι
710 1635 804 1688 τοῦ
849 1635 1186 1704 νοσήματος;
1226 1630 1343 1694 πῶς
1384 1629 1606 1682 δυνατὸν
1643 1625 1962 1694 ἀπαλλαγῆ-

283 1745 373 1780 ναι
414 1727 513 1796 τῆς
568 1725 809 1797 πονηρᾶς
856 1720 1174 1791 συνηθείαςς
1221 1717 1362 1787 Ἐγώ
1404 1735 1463 1770 σε
1518 1714 1715 1781 διδάξω
1762 1713 1962 1785 τρόπον

281 1814 425 1876 τινὰ,
481 1814 540 1866 ὃν
570 1812 636 1866 ἂν
689 1812 940 1882 ποιήσῃς,
991 1809 1225 1880 περιέσῃ
1273 1807 1508 1869 πάντως.
1549 1806 1714 1858 Ὅταν
1761 1803 1876 1872 ἴδῃς
1927 1800 1960 1871 ἦ

283 1901 481 1954 σαυτὸν
511 1902 544 1972 ἧ
589 1899 776 1969 ἕτερόν
823 1915 942 1950 τινα
991 1897 1024 1967 ἢ
1064 1896 1173 1948 τῶν
1210 1893 1435 1947 οἰκετῶν
1483 1892 1516 1964 ἢ
1550 1891 1660 1945 τῶν
1694 1887 1958 1957 παίδωνῆ

280 1993 381 2062 τὴν
406 1993 641 2059 γυναῖκα
671 1989 894 2050 ἁλόντας
915 1987 993 2057 τῷ
1025 1984 1182 2056 κακῷ
1206 1984 1400 2054 τούτῳ,
1427 1983 1520 2036 καί,
1556 1980 1798 2051 συνεχῶς
1831 1979 1962 2030 ὑπο-

285 2079 624 2151 μνησθέντας
645 2081 739 2130 καὶ
754 2077 814 2130 οὐ
833 2073 1243 2146 διορθωθέντας,
1273 2071 1526 2124 κέλευσον
1551 2069 1622 2140 μὴ
1643 2068 1954 2138 δειπνήσαν-

281 2187 384 2234 τας
423 2168 751 2238 καθευδῆσαι
774 2207 788 2229 ,
839 2166 935 2219 καὶ
976 2163 1180 2233 ταύτην
1213 2162 1303 2215 καὶ
1335 2158 1515 2230 σαυτῷ
1561 2157 1832 2220 κάκείνοις
1865 2155 1961 2225 τὴν

283 2257 584 2326 καταδίκην
628 2253 834 2316 ἐπίθες,
879 2250 1178 2321 καταδίκην
1205 2248 1325 2318 οὐχί
1353 2247 1577 2318 ζημίαν,
1613 2243 1748 2298 ἀλλά
1775 2243 1962 2314 κέρδος

284 2348 579 2418 φέρουσαν.
615 2341 852 2395 Τοιαῦτα
895 2338 1000 2410 γὰρ
1029 2337 1096 2390 τὰ
1126 2335 1488 2406 πνευματικά⁸
1529 2334 1622 2387 καὶ
1646 2331 1834 2401 κέρδος
1863 2330 1956 2400 φέ-

285 2453 392 2507 ρει,
420 2433 514 2487 καὶ
542 2430 803 2500 ταχίστην
826 2427 922 2498 τὴν
947 2425 1250 2496 διόρθωσιν.
1297 2423 1360 2474 Ἦ
1391 2421 1500 2493 γὰρ
1534 2420 1754 2490 γλῶσσα
1797 2418 1962 2488 βασα-

281 2522 539 2594 νιζομένη
584 2515 868 2589 διηνεκῶς,
910 2515 1004 2568 καὶ
1041 2514 1269 2584 μηδενὸς
1309 2511 1820 2582 ὑπομιμνήσκοντος
1853 2508 1962 2560 ίκα-

279 2613 383 2683 νὴν
401 2609 666 2681 λαμϐάνει
685 2604 1054 2676 παράκλησιν,
1075 2602 1180 2656 ὑπὸ
1196 2601 1289 2654 τοῦ
1311 2599 1498 2669 δίψους
1513 2595 1957 2683 κατατεινομένη,

281 2681 392 2753 ὑπὸ
414 2699 515 2770 τῆς
543 2697 734 2766 πείνης
765 2692 1065 2764 ἀγχομένη·
1105 2689 1208 2743 κᾶν
1239 2688 1494 2743 ἀπάντων
1517 2681 1667 2756 ὦμεν
1699 2682 1961 2753 ἀναισθη-

279 2788 514 2857 τότεροι,
562 2785 648 2838 διά
701 2782 882 2852 πάσης
929 2779 1142 2850 ἡμέρας
1183 2775 1263 2847 τῷ
1296 2773 1522 2846 μεγέθει
1573 2773 1674 2842 τῆς
1725 2771 1959 2842 βασάνου

280 2873 487 2944 ταύτης
538 2868 1110 2942 ὑπομιμνησκόμενοι,
1164 2865 1223 2918 οὐ
1286 2862 1590 2933 δεησόμεθα
1650 2857 1960 2930 συμϐουλῆς

280 2963 478 3034 ἐτέρας
508 2962 602 3014 καὶ
627 2958 1021 3030 παραινέσεως.
1059 2951 1389 3026 Ἐπῃνέσατε
1412 2951 1470 3004 τὺ
1504 2949 1815 3020 εἰρημένον,
1845 2945 1958 3000 ἀλλ’

281 3033 434 3121 ὅμως
465 3049 559 3104 καὶ
591 3049 684 3101 ἐπὶ
710 3047 818 3100 τῶν
852 3045 1023 3113 ἔργων
1066 3041 1276 3106 δείξατε
1312 3039 1404 3092 τὸν
1433 3038 1671 3092 ἔπαινον.
1724 3035 1877 3088 Ἐπεὶ
1908 3033 1961 3086 τί

279 3135 346 3191 τὸ
375 3136 565 3209 κέρδος
601 3134 700 3204 τῆς
730 3131 963 3186 ἐνταῦθα
992 3127 1256 3198 συλλογῆς
1276 3143 1290 3193 ;
1314 3127 1375 3180 Εἰ
1412 3125 1532 3179 καθ’
1565 3126 1800 3209 ἑκάστην
1827 3123 1962 3194 ἠμέ-

285 3241 386 3294 ραν
426 3208 488 3276 τὸ
541 3221 750 3275 παιδίον
798 3220 877 3280 είς
926 3215 1292 3270 διδασκαλεῖον
1350 3213 1573 3283 βαδίζοι,
1627 3208 1746 3264 εἶτα
1797 3211 1960 3281 μηδὲν

285 3311 546 3382 μανθάνοι
594 3309 775 3371 πλέον,
834 3303 942 3376 ἆρα
997 3305 1220 3375 ἀρκέσει
1262 3304 1339 3366 εἰς
1390 3301 1686 3369 ἀπολογίαν
1730 3299 1862 3370 ἡμῖν
1902 3299 1961 3350 τὸ

283 3400 404 3454 καθ’
435 3399 674 3468 ἑκάστην
715 3395 931 3468 ἡμέραν
966 3396 1082 3446 ἐκεῖ
1113 3391 1348 3463 βαδίζειν
1378 3391 1546 3453 αὐτό;
1576 3391 1677 3441 οὐκ
1704 3387 1835 3440 αὐτὸ
1862 3387 1960 3456 μὲν

280 3487 379 3543 οὖν
404 3487 562 3541 τοῦτο
601 3487 855 3557 μέγιστον
896 3480 1236 3552 ποιησόμεθα
1272 3479 1546 3549 έγγλημα,
1580 3476 1692 3548 [τι]
1716 3477 1796 3529 ὅτι
1837 3476 1959 3529 καθ’

281 3579 523 3648 ἐκάστην
541 3575 753 3646 ἡμέραν
783 3574 900 3625 ἐκεῖ
922 3570 1162 3642 βαδίζον,
1186 3569 1363 3638 μάτην
1392 3565 1550 3620 τοῦτο
1583 3568 1754 3628 ποιεῖς
1791 3565 1961 3617 Τοῦτο

279 3668 348 3736 δή
377 3668 471 3720 καὶ
500 3666 584 3735 ἐφ’
619 3663 773 3735 ἡμῶν
818 3661 994 3715 αὐτῶν
1030 3657 1394 3728 λογιζώμεθα,
1427 3656 1520 3710 καὶ
1565 3657 1699 3726 πρὸς
1734 3655 1961 3717 ἑαυτοὺς

282 3753 556 3824 λέγωμεν·
595 3751 799 3821 Χρόνον
843 3747 1093 3801 τοσοῦτον
1139 3747 1217 3809 είς
1253 3745 1548 3814 ἐκκλησίαν
1591 3742 1957 3806 ἀπαντῶντες,

287 3839 558 3904 συνάξεως
592 3837 952 3897 ἀπολαύοντες
984 3832 1424 3904 φρικωδεστάτης
1455 3831 1551 3882 καὶ
1579 3829 1712 3883 πολὺ
1749 3829 1810 3882 τὸ
1840 3828 1963 3900 κέρ-

282 3929 372 3992 δος
411 3927 661 3998 ἐχούσης,
705 3925 768 3978 ἂν
811 3921 1042 3976 τοιοῦτοι
1083 3920 1244 3974 πάλιν
1293 3919 1638 3989 ἀπέλθωμεν,
1675 3915 1776 3971 οἶοι
1821 3935 1963 3988 παρ’

283 4012 604 4085 ἐγενόμεθα,
642 4011 804 4082 μηδὲν
823 4010 930 4062 τῶν
953 4008 1235 4080 ἡμετέρων
1261 4005 1708 4078 κατορθώσαντες
1731 4005 1964 4058 ἐλαττω-

289 4103 497 4172 μάτων,
527 4099 579 4152 τί
607 4098 668 4151 τὸ
701 4098 890 4166 ὄφελος
929 4097 1082 4150 ἔσται
1121 4098 1251 4167 ἡμῖν
1288 4095 1387 4166 τῆς
1420 4093 1653 4148 ἐνταῦθα
1693 4093 1960 4163 ἀφίξεως;

285 4193 397 4242 Καὶ
423 4189 532 4260 γὰρ
565 4188 632 4242 τά
669 4187 835 4240 πολλά
865 4186 973 4240 τῶν
1003 4186 1344 4256 πραγμάτων
1375 4185 1436 4238 οὐ
1465 4184 1532 4237 δι’
1565 4183 1704 4236 αὐτά
1731 4183 1961 4250 γίνεται,

283 4277 422 4332 ἀλλά
450 4277 540 4331 διά
579 4275 646 4329 τά
682 4275 1042 4346 συμϐαίνοντα
1097 4273 1155 4338 ἐξ
1204 4271 1404 4327 αὐτῶν.
1453 4266 1577 4325 Οἷόν
1622 4288 1675 4323 τι
1705 4270 1866 4338 λέγω·
1908 4271 1966 4324 '0

288 4366 529 4436 σπείρων
559 4366 620 4418 οὐ
659 4364 748 4418 διὰ
789 4363 946 4417 τοῦτο
984 4363 1217 4434 σπείρει,
1260 4362 1346 4414 ῖνα
1389 4360 1587 4433 σπείρῃ
1634 4360 1813 4429 μόνον,
1847 4357 1962 4411 ἀλλ’

286 4455 376 4507 ἶνα
401 4456 493 4506 καὶ
526 4452 734 4523 θερίζῃ,
787 4451 861 4514 ώς
902 4452 951 4503 εἰ
994 4451 1068 4520 μὴ
1116 4449 1276 4503 τοῦτο
1305 4449 1534 4517 γένοιτο,
1568 4449 1663 4500 καὶ
1699 4446 1903 4516 ζημίαν
1937 4448 1964 4499 ὁ

288 4544 490 4613 σπόρος
532 4544 687 4601 οῖσει,
729 4540 836 4592 τῶν
877 4541 1204 4611 σπερμάτων
1235 4539 1660 4594 κατασαπέντων
1707 4538 1831 4607 εἰκῆ
1873 4539 1965 4597 καὶ

287 4630 489 4702 μάτην.
549 4631 606 4682 Ὀ
650 4628 886 4699 ἔμπορος
926 4629 984 4680 οὐ
1020 4629 1108 4681 διὰ
1143 4628 1301 4681 τοῦτο
1343 4628 1486 4691 πλεῖ,
1541 4629 1628 4680 ἵνα
1661 4627 1766 4697 πλῇ
1807 4627 1834 4666 b
1866 4627 1964 4697 μό-

285 4735 400 4780 νον,
446 4717 560 4770 ἀλλ’
609 4718 696 4770 ἵνα
748 4716 836 4769 διὰ
877 4717 974 4786 τῆς
1019 4716 1329 4786 ἀποδημίας
1379 4715 1549 4768 πλείω
1598 4715 1803 4786 ποιήσῃ
1867 4715 1964 4784 τὴν

283 4807 495 4869 οὐσίαν,
543 4806 618 4868 ώς
667 4807 715 4858 εἰ
765 4805 840 4876 μὴ
879 4803 1035 4858 τοῦτο
1069 4803 1445 4875 προσγένοιτο,
1471 4803 1564 4854 καὶ
1608 4800 1780 4872 ζημία
1821 4819 1964 4871 συμ-⁸

285 4897 513 4965 ϐήσεται
543 4895 768 4966 ἐσχάτη,
807 4894 900 4947 καὶ
942 4892 1239 4962 ἐπιϐλαϐὴς
1271 4894 1304 4961 ή
1337 4893 1444 4943 τῶν
1472 4891 1729 4962 ἐμπόρων
1761 4891 1964 4960 ἀποδη-

287 4984 407 5052 μία.
439 4981 609 5036 Τοῦτο
634 4984 696 5051 δὴ
723 4985 814 5036 καὶ
843 4983 927 5051 ἐφ’
959 4981 1114 5052 ἡμῶν
1143 4980 1324 5034 αὐτῶν
1344 4978 1704 5049 λογιζώμεθα·
1741 4978 1832 5032 καὶ
1855 4978 1963 5051 γάρ

285 5072 449 5140 ἡμεῖς
473 5070 552 5132 εἰς
579 5070 874 5140 ἐκκλησίαν
904 5070 1258 5138 ἀπαντῶμεν,
1282 5069 1342 5122 οὐ
1365 5067 1434 5122 δι’
1457 5068 1588 5123 αὐτὸ
1611 5067 1770 5122 τοῦτο
1801 5067 1962 5138 μόνον

285 5160 373 5210 ἵνα
396 5157 634 5211 ἐνταῦθα
659 5157 1046 5228 διατρίϐωμεν,
1079 5157 1193 5210 ἀλλ’
1219 5157 1307 5211 ἵνα
1338 5175 1390 5210 τι
1417 5173 1476 5209 κε
1489 5157 1778 5228 ρδάναντες
1819 5155 1960 5225 μέγα

285 5245 380 5298 καί.
411 5244 777 5314 πνευματικὸν
818 5245 1010 5315 κέρδος
1054 5243 1398 5314 ἀπέλθωμεν.
1438 5245 1533 5295 Ἂν
1581 5243 1758 5294 τοίνυν
1813 5242 1959 5294 κενοί

282 5333 380 5387 καὶ
408 5331 576 5402 μηδὲν
604 5331 862 5393 λαϐόντες
901 5331 1174 5400 ἀπίωμεν,
1210 5332 1303 5383 καί⁵
1337 5329 1660 5398 κατάκρισις
1695 5329 1728 5398 ή
1756 5328 1959 5398 σπουδὴ

279 5420 514 5489 γίνεται.
540 5420 728 5482 Ὅπως
748 5417 814 5471 ἂν
836 5417 993 5471 τοῦτο
1025 5419 1098 5488 μὴ
1121 5417 1347 5487 γένηται
1377 5417 1469 5470 καὶ
1496 5418 1664 5487 ζημία
1691 5415 1894 5485 ἐσχάτη
1911 5426 1959 5477 ε,

279 5508 541 5570 ἀπιόντες
593 5506 862 5571 ἐντεῦθεν,
918 5507 1036 5576 μετ’
1083 5505 1326 5575 ἀλλήλων
1381 5506 1430 5557 οί
1470 5505 1633 5574 φίλοι,
1684 5505 1820 5574 μετά
1851 5504 1960 5556 τῶν

279 5597 493 5650 τέκνων
519 5597 568 5648 οί
606 5596 863 5668 πατέρες,
911 5597 1048 5666 μετὰ
1075 5596 1182 5648 τῶν
1210 5594 1440 5648 οἰκετῶν
1478 5597 1526 5648 οί
1554 5595 1830 5658 δεσπόται,
1867 5613 1963 5665 με·

279 5684 476 5737 λετᾶτε
509 5683 604 5736 καὶ
625 5683 969 5754 γυμνάζεσθε
1005 5685 1151 5746 ὅπως
1172 5683 1233 5736 τὸ
1257 5681 1546 5750 ἐπιταχθὲν
1576 5683 1830 5754 ἀνύσητε,
1873 5683 1961 5735 ἵνα

344 5844 362 5898 '_
391 5835 473 5882 Sic
495 5833 645 5883 Savil.
677 5837 863 5884 rectius
883 5849 1028 5898 quam
1055 5833 1221 5884 Monlf.
1246 5833 1413 5883 ταῦτα.
1448 5833 1583 5882 Eon.

348 5895 400 5935 ⁸*
418 5899 478 5950 Αἰ
487 5900 517 5951 ii
539 5895 950 5966 κατορθώσαντας.

346 5966 375 5999 ι)
411 5968 562 6010 δαινιι.
590 5970 642 6010 ει
665 5963 764 6010 'dau
789 5975 901 6009 mss.
925 5963 1063 6022 πλέῃ.

347 6027 366 6052 ε
396 6025 545 6070 Savil.
567 6025 648 6070 καὶ
680 6024 822 6083 ζημία
847 6025 1002 6084 συμϐῇ
1025 6019 1232 6084 ἐσχάτη.
1267 6019 1438 6069 Morel.
1469 6023 1546 6068 καὶ
1580 6019 1719 6081 ζημία
1757 6020 1954 6082 ἐσχάτη,

282 6100 408 6136 unus
431 6092 588 6133 wdcx
611 6087 689 6132 καὶ
719 6085 859 6146 ζημία
883 6086 1050 6148 γένοιτ’
1083 6088 1136 6131 av
1163 6084 1357 6144 any-pm,

2061 479 2249 551 ἐπειδὴ
2274 479 2605 552 ἐπανέλθητε
2637 478 2819 542 πάλιν,
2853 478 2947 534 καί
2979 481 3106 554 περὶ
3133 479 3241 536 τῶν
3264 481 3444 539 αὐτῶν
3469 483 3740 558 ἀκούσητε

2068 561 2540 632 συμϐουλευόντων
2571 561 2746 632 ἡμῶν,
2793 562 2867 633 μὴ
2908 563 3344 636 καταισχύνησθε
3383 566 3478 620 τοῦ
3511 569 3741 622 συνειδό-

2062 661 2155 708 τος
2184 645 2336 716 ὐμῶν
2377 644 2910 716 ἐπιλαμϐανομένου,
2953 644 3090 699 ἀλλά
3120 647 3348 718 χαίρητε
3380 649 3475 704 καὶ
3513 649 3740 721 εὐφραί-

2062 726 2227 798 νησθε
2261 727 2595 798 συνορῶντες
2627 726 2688 780 τὸ
2714 727 2876 781 πλέον
2897 729 2996 798 τῆς
3031 730 3406 799 παραινέσεως
3447 733 3576 803 ὑμῖν
3603 749 3740 788 κατ-

2060 807 2318 879 ορθωθέν.
2375 806 2560 862 Ταῦτα
2609 809 2683 879 μὴ
2732 808 2891 879 μόνον
2940 809 3172 862 ἐνταῦθα
3218 809 3632 884 φιλοσοφῶμεν·
3677 814 3740 868 οὐ

2061 890 2170 962 γάρ
2200 892 2361 962 ἀρκεῖ
2399 891 2458 944 τὸ
2501 893 2609 944 πᾶν
2656 893 2689 962 ή
2734 891 3067 963 πρόσκαιρος
3107 891 3245 965 αῦτη
3291 896 3614 966 παραίνεσις
3651 897 3738 963 ἐξ·

2061 971 2220 1032 ελεῖν,
2238 973 2374 1026 ἀλλά
2395 975 2488 1026 καὶ
2513 973 2605 1026 ἐπὶ
2629 974 2728 1043 τῆς
2751 974 2927 1038 οἰκίας
2956 975 3095 1046 ἀνὴρ
3119 975 3268 1046 παρά
3292 979 3546 1045 γυναικὸς
3569 980 3742 1034 ταῦτα

2061 1056 2323 1120 ἀκουέτω,
2359 1058 2452 1110 καὶ
2474 1059 2610 1128 γυνὴ
2643 1057 2770 1128 παρ’
2802 1057 3014 1127 ἀνδρὸς,
3047 1059 3141 1111 καὶ
3174 1058 3375 1128 ἅμιλλά
3399 1078 3483 1124 τις
3509 1061 3742 1130 γινέσθω

2064 1141 2469 1205 σπουδαζόντων
2515 1142 2767 1195 ἀπάντων
2819 1141 3109 1213 προλαϐεῖν
3158 1144 3238 1205 εἰς
3287 1143 3384 1214 τὴν
3437 1145 3530 1198 τοῦ
3576 1145 3742 1217 νόμου

2060 1222 2249 1276 τούτου
2291 1225 2703 1296 συμπλήρωσιν,
2765 1224 2859 1276 καὶ
2908 1225 2937 1276 ὁ
2983 1223 3270 1296 προλαϐὼν
3323 1227 3417 1279 καὶ
3472 1228 3744 1300 κατορθώ-

2064 1323 2162 1370 σας
2206 1307 2508 1372 ὀνειδιζέτω
2561 1307 2639 1376 τῷ
2690 1307 3018 1377 λειπομένῳ,
3065 1307 3151 1360 ἵνα
3206 1309 3367 1362 αὐτὸν
3412 1313 3522 1374 τοῖς
3559 1311 3744 1383 σκώμ-

2066 1408 2198 1460 μασι
2253 1390 2496 1464 διεγείρῃ
2547 1390 2728 1444 πλέον’
2770 1393 2798 1442 ὀ
2847 1391 3150 1461 ὑστερήσας
3192 1391 3286 1444 καὶ
3329 1391 3560 1461 μηδέπω
3613 1411 3740 1448 κατ-

2061 1473 2335 1545 ωρθωκὼς
2375 1474 2620 1544 βλεπέτω
2659 1474 2748 1527 τὸν
2802 1474 3164 1545 προλαϐόντα,
3220 1476 3316 1528 καὶ
3369 1475 3744 1545 φιλονεικείτω

2063 1557 2268 1627 φθάσαι
2303 1561 2438 1630 πρὸς
2471 1560 2675 1612 ἐκεῖνον
2709 1559 2932 1628 ταχέως.
2977 1557 3103 1610 Ἐάν
3133 1558 3307 1612 ταῦτα
3336 1558 3742 1630 βουλευώμεθα,

2063 1647 2156 1700 ἐὰν
2199 1648 2372 1701 ταῦτα
2418 1647 2794 1718 μεριμνῶμεν,
2837 1646 3048 1716 ταχέως
3083 1645 3148 1699 ἀν
3191 1649 3326 1716 ήμῖν
3370 1648 3462 1700 καὶ
3507 1651 3576 1702 τά
3609 1649 3743 1701 ἀλλα

2063 1728 2569 1801 κατευοδωθήσεται
2623 1727 2946 1798 πράγματα.
3006 1727 3078 1779 Σὺ
3135 1727 3470 1798 μερίμνησον
3525 1729 3592 1782 τά
3647 1730 3742 1782 τοῦ

2064 1807 2220 1871 Θεοῦ,
2253 1810 2346 1862 καί
2374 1808 2533 1871 αὐτὸς
2559 1808 2920 1878 προνοήσεται
2949 1804 3057 1857 τῶν
3083 1805 3210 1859 σῶν.
3238 1807 3348 1860 Καὶ
3371 1809 3445 1878 μή
3477 1825 3565 1878 μοι
3594 1807 3741 1876 λέγεο

2065 1885 2130 1937 Τί
2153 1886 2228 1944 δὲ,
2260 1888 2354 1940 ἐὰν
2384 1887 2630 1956 ἀνάγκην
2657 1885 2834 1956 ὅρκων
2863 1901 2946 1947 τις
2980 1885 3110 1954 ἡμῖν
3136 1883 3332 1956 ἐπιθῇς
3361 1887 3516 1951 τίδὲ,
3545 1887 3642 1940 ἐάν
3669 1889 3746 1960 μὴ

2065 1967 2327 2040 πιστεύῃ;
2371 1965 2622 2020 Μάλιστα
2653 1964 2752 2034 μὲν
2781 1963 2914 2035 γὰρ,
2951 1963 3084 2016 ὅπου
3123 1964 3517 2035 παραϐαίνεται
3557 1967 3742 2036 νόμος,

2063 2047 2308 2117 ἀνάγκης
2328 2045 2638 2118 μεμνῆσθαι
2662 2044 2722 2097 οὐ
2747 2046 2874 2115 χρή.
2893 2043 3008 2097 Μία
3031 2043 3138 2114 γάρ
3164 2046 3311 2097 ἐστιν
3331 2045 3542 2118 ἀνάγκη
3567 2047 3740 2118 ἀπαρ-

2063 2127 2311 2196 αίτητος,
2364 2127 2426 2178 τὸ
2460 2125 2534 2195 μὴ
2583 2123 2954 2196 προσκροῦσαι
3005 2123 3143 2193 Θεῷ.
3195 2123 3340 2196 Πλὴν
3385 2123 3522 2179 ἀλλά
3568 2127 3738 2180 ἐκεῖνο

2062 2205 2226 2273 λέγω,
2281 2205 2419 2267 τέως
2472 2204 2597 2266 τοὺς
2653 2202 2941 2273 περιττοὺς
2987 2202 3284 2271 περίκοψον
3339 2203 3556 2275 ὅρκους,
3610 2206 3742 2271 τούς

2062 2284 2248 2346 ἁπλῶς
2294 2284 2386 2336 καὶ
2425 2281 2597 2353 χωρὶς
2644 2282 2910 2350 ἀνάγκης,
2943 2282 3070 2342 τοὺς
3113 2281 3205 2334 ἐπὶ
3232 2285 3330 2352 τῆς
3375 2284 3575 2346 οἰκίας,
3616 2285 3746 2348 τοὺς

2062 2365 2155 2416 ἐπὶ
2186 2361 2293 2415 τῶν
2325 2361 2516 2429 φίλων,
2553 2361 2679 2423 τοὺς
2715 2359 2808 2413 ἐπὶ
2844 2358 2954 2411 τῶν
2995 2359 3242 2413 οἱκετῶν’
3285 2360 3352 2414 ἂν
3390 2362 3614 2426 τούτους
3649 2363 3746 2419 ἀν-

2063 2441 2209 2513 έλῃς,
2243 2443 2302 2494 ἐν
2332 2441 2561 2502 ἐκείνοις
2591 2439 2743 2492 οὐδὲν
2791 2437 2926 2508 ἐμοῦ
2955 2437 3119 2509 δεήσῃ
3151 2437 3355 2492 λοιπόν·
3388 2440 3520 2494 αὐτὸ
3547 2442 3654 2514 γάρ
3683 2443 3746 2498 τὸ

2063 2521 2238 2590 στόμα
2257 2520 2558 2591 μελετῆσαν
2587 2518 2882 2572 δεδοικέναι
2907 2519 3000 2570 καὶ
3025 2518 3249 2586 φεύγειν
3267 2516 3367 2581 τὰς
3391 2520 3742 2591 πολυορκίας,

2061 2599 2169 2652 οὐδ’
2203 2599 2269 2653 ἂν
2303 2598 2564 2670 μυριάκις
2597 2615 2681 2661 τις
2719 2597 3028 2666 ἀναγκάσῃ,
3060 2597 3414 2662 καταδέξεται
3445 2599 3634 2655 λοιπὸν
3663 2603 3745 2664 είς

2063 2677 2279 2747 ἐκείνην
2301 2679 2560 2748 ἐμπεσεῖν
2599 2678 2698 2747 τὴν
2727 2676 3034 2748 συνήθειαν.
3077 2676 3216 2728 Ἀλλ’
3251 2676 3440 2750 ῶσπερ
3476 2678 3571 2733 νῦν
3605 2681 3744 2751 μετά

2063 2755 2258 2809 πολλοῦ
2295 2756 2388 2809 τοῦ
2429 2756 2593 2809 πόνου
2634 2756 2729 2809 καὶ
2764 2754 2964 2827 μυρίας
3006 2755 3106 2826 τῆς
3141 2755 3473 2827 ἐνοχλήσεως
3512 2759 3742 2828 φοϐοῦν-

2061 2851 2173 2900 τες,
2211 2834 2583 2898 ἀπειλοῦντες,
2628 2835 3041 2906 παραινοῦντες,
3065 2834 3544 2903 συμϐουλεύοντες,
3587 2839 3742 2910 μόλις

2063 2914 2182 2989 [72]
2219 2916 2517 2987 ἰσχύσαμεν
2541 2915 2620 2978 εἰς
2652 2914 2845 2986 ἑτέραν
2870 2914 3001 2968 αὐτὸ
3045 2913 3360 2984 μεταθεῖναι
3409 2916 3701 2988 συνήθειαν
3729 2936 3743 2950 ·

2061 2997 2204 3050 οὑτω
2242 2997 2308 3068 δὴ
2351 2997 2447 3050 καὶ
2489 2996 2634 3055 τότε,
2683 2995 2787 3048 κᾶν
2835 2995 3034 3066 μυρίαν
3063 2995 3310 3067 ἀνάγκην
3345 2996 3508 3068 ἐπιθῇ
3549 3014 3656 3062 τις,
3681 2998 3744 3051 οὐ

2061 3079 2350 3150 δυνήσεται
2393 3079 2576 3131 πεῖσαι
2607 3076 2794 3131 τοῦτον
2819 3075 3237 3147 παρασαλεῦσαι
3268 3077 3360 3130 τὸν
3394 3077 3558 3148 νόμον
3578 3094 3592 3108 ·
3629 3077 3746 3132 ἀλλ’

2062 3157 2250 3229 ὥσπερ
2275 3156 2600 3229 δηλητηρίου
2624 3155 2769 3219 τινὸς
2800 3155 2902 3208 οὑκ
2933 3153 2999 3208 ἂν
3037 3154 3211 3208 ἐλοιτό
3249 3172 3379 3210 ποτε
3409 3155 3531 3209 οὐδὲ
3574 3157 3738 3226 ἀνάγ-

2063 3254 2165 3308 κης
2207 3236 2560 3306 ἐπικειμένης
2607 3233 3015 3304 ἀπογεύσασθαί
3045 3251 3153 3301 τις,
3201 3233 3375 3298 οὕτως
3417 3235 3538 3288 οὐδέ
3583 3238 3745 3309 ὅρκον

2064 3316 2349 3383 προέσθαι.
2376 3317 2546 3369 Τοῦτο
2573 3316 2628 3369 δέ
2659 3317 2786 3386 ὑμῖν
2829 3313 3177 3386 κατορθωθέν
3205 3314 3554 3386 παράκλησις
3593 3317 3745 3372 ἐσται

2063 3399 2156 3450 καί
2190 3397 2492 3468 προτροπὴ,
2528 3396 2662 3467 πρὸς
2708 3394 2768 3448 τὸ
2811 3395 2905 3447 καὶ
2957 3393 3067 3446 τῶν
3125 3391 3328 3447 λοιπῶν
3380 3393 3481 3464 τῆς
3539 3390 3744 3468 ἀρετῆς
3780 3390 3790 3400 ’

2063 3479 2372 3547 ἐφάψασθαι
2435 3476 2636 3548 μερῶν.
2698 3476 2754 3529 '0
2804 3475 2904 3544 μέν
2964 3475 3072 3544 γάρ
3144 3472 3311 3544 μηδὲν
3367 3474 3745 3546 κατωρθωκὼς

2062 3559 2218 3622 ὅλως,
2265 3556 2501 3629 ῥαθυμεῖ
2549 3556 2645 3610 καὶ
2697 3555 2990 3608 ἀναπίπτει
3032 3553 3261 3624 ταχέως·
3311 3555 3341 3606 ὁ
3390 3553 3448 3607 δέ
3491 3554 3745 3623 συνειδὼς

2063 3637 2242 3708 ἐαυτῷ
2288 3638 2369 3691 ὅτι
2433 3637 2560 3707 μίαν
2600 3635 2731 3704 γοῦν
2778 3652 2897 3688 τινα
2941 3633 3159 3705 ἐντολήν
3207 3632 3560 3705 ἐπλήρωσεν,
3595 3634 3731 3689 εῦελο

2064 3737 2156 3783 πις
2194 3719 2300 3772 ἀπὸ
2333 3712 2539 3786 ταύτης
2571 3718 2879 3787 γενόμενος,
2925 3713 3062 3785 μετά
3101 3712 3347 3777 πλείονος
3392 3713 3630 3786 σπουδῆς
3652 3715 3744 3770 ἐπὶ

2062 3799 2161 3861 τάς
2208 3796 2401 3859 λοιπάς
2446 3796 2710 3865 βαδιεῖται
2752 3795 2934 3858 πάλιν,
2978 3790 3097 3846 εἷτα
3151 3793 3346 3864 έτέραν
3399 3793 3744 3864 προσλαϐὼν,

2065 3879 2149 3944 ἐφ’
2183 3877 2376 3947 ἑτέραν
2414 3876 2533 3946 ἣξει
2574 3875 2807 3944 ταχέως,
2839 3874 2935 3928 καὶ
2962 3873 3022 3929 οὐ
3053 3873 3320 3944 πρότερον
3352 3873 3744 3944 ἀποστήσεται,

2064 3956 2169 4020 ἓως
2204 3955 2270 4010 ἂν
2304 3957 2390 4008 ἐπ’
2434 3954 2603 4025 αὐτὴν
2635 3953 2762 4025 ἔλθῃ
2792 3954 2891 4024 τὴν
2923 3953 3164 4024 κεφαλήν
3185 3950 3231 4006 ἀ.
3267 3954 3332 4006 Εἰ
3366 3953 3474 4025 γάρ
3506 3955 3601 4008 ἐπὶ
3639 3956 3748 4011 τῶν

2065 4036 2385 4106 χρημάτων,
2405 4038 2624 4108 ὅσῳπερ
2649 4034 2716 4087 ἀν
2740 4051 2823 4097 τις
2847 4034 3066 4087 πλείονα
3089 4032 3476 4104 περιϐάληται,
3506 4035 3747 4106 τοσούτῳ

2068 4114 2326 4168 πλειόνων
2361 4116 2591 4185 ἐφίεται,
2642 4113 2824 4183 πολλῴ
2864 4113 3062 4182 μᾶλλον
3105 4113 3196 4165 ἐπὶ
3234 4112 3344 4165 τῶν
3383 4113 3746 4185 κατορθωμά-

2064 4210 2173 4246 των
2214 4193 2321 4246 τῶν
2354 4193 2741 4265 πνευματικῶν
2768 4191 2923 4245 τοῦτο
2953 4192 3248 4262 συμϐαῖνον
3287 4189 3383 4244 ἴδοι
3414 4208 3497 4254 τις
3525 4193 3610 4246 ἀν.
3648 4195 3747 4250 Διά

2067 4272 2225 4325 τοῦτο
2267 4273 2480 4327 σπεύδω
2512 4274 2604 4327 καὶ
2647 4272 2938 4342 ἐπείγομαι
2969 4270 3144 4346 ἀρχὴν
3179 4269 3240 4323 τδ
3271 4270 3504 4340 πρᾶγμα
3537 4269 3743 4335 λαϐεῖν,

2069 4353 2162 4404 καὶ
2194 4353 2476 4423 προοίμιον
2497 4353 2595 4422 τῆς
2622 4351 2823 4422 ἀρετῆς
2858 4349 3185 4402 καταϐαλεῖν
3217 4349 3275 4401 ἐν
3300 4350 3420 4412 ταῖς
3450 4348 3748 4422 ὑμετέραις

2067 4431 2286 4502 ψυχαῖς,
2313 4432 2405 4485 καὶ
2432 4429 2664 4501 δεόμεθα
2691 4430 2785 4483 καὶ
2821 4428 3203 4499 ἀντιϐολοῦμεν
3231 4438 3255 4466 ο
3281 4425 3486 4481 τούτων
3508 4429 3617 4484 τῶν
3649 4433 3747 4503 ρη-

2072 4513 2256 4582 μάτων
2291 4511 2364 4582 μὴ
2403 4510 2546 4564 κατά
2581 4509 2678 4582 τὴν
2719 4508 2999 4578 παροῦσαν
3033 4507 3182 4575 ὤραν
3212 4506 3521 4577 μεμνῆσθαι
3561 4509 3742 4578 μόνον,

2069 4592 2201 4645 άλλά
2235 4593 2328 4644 καὶ
2360 4591 2451 4644 ἐπὶ
2484 4591 2584 4660 τῆς
2617 4589 2814 4652 οἰκίας,
2847 4587 2937 4641 καὶ
2959 4588 3050 4639 ἐπὶ
3082 4586 3182 4656 τῆς
3207 4586 3432 4660 ἀγορᾶς,
3461 4589 3555 4641 καὶ
3576 4590 3742 4643 ὄπου-

2069 4689 2171 4744 περ
2195 4671 2260 4724 ἂν
2284 4659 2616 4740 διατρίϐητε.
2650 4666 2776 4720 Εἴθε
2825 4684 2912 4737 μοι
2945 4665 3169 4719 δυνατὸν
3201 4659 3271 4744 ἦν
3317 4666 3444 4735 ὑμῖν
3480 4675 3744 4736 συγγενέα

2071 4743 2212 4814 σθαι,
2251 4751 2344 4804 καὶ
2389 4749 2489 4802 οὐκ
2530 4748 2596 4802 ἀν
2639 4764 2728 4818 μοι
2769 4746 2869 4816 τῆς
2910 4747 3126 4817 μακρᾶς
3177 4743 3382 4816 ταύτης
3408 4746 3594 4816 ἐδέησε
3635 4766 3740 4820 ματ

2067 4829 2389 4901 κρηγορίας·
2424 4827 2517 4881 νῦν
2551 4828 2594 4882 δ’
2631 4825 2817 4895 ἐπειδὴ
2847 4825 3003 4878 τοῦτο
3042 4826 3142 4878 οὐκ
3177 4824 3276 4888 ένι,
3311 4824 3427 4878 ἀντ’
3455 4825 3591 4896 ἐμοῦ
3633 4829 3740 4881 τῶν

2067 4909 2215 4978 ἐμῶν
2250 4907 2527 4980 μέμνησθε
2562 4907 2844 4978 ῥημάτων,
2878 4905 2969 4958 καὶ
3012 4907 3102 4958 ἐπὶ
3129 4904 3411 4976 τραπέζης
3440 4905 3741 4978 καθήμενοι

2065 4989 2363 5042 ἐπεισιέναι
2417 5005 2482 5057 με
2532 4987 2779 5056 νομίζετε
2835 4986 2930 5037 καὶ
2995 4984 3372 5056 παρεστάναι,
3430 4986 3525 5038 καὶ
3572 4987 3742 5048 ταῦτα

2066 5071 2279 5137 ἐνηχεῖν
2317 5067 2460 5138 άπερ
2495 5068 2623 5136 ὑμῖν
2659 5063 2892 5119 ἐνταῦθα
2932 5064 3074 5132 λέγω
3108 5064 3222 5118 νῦν.
3267 5064 3376 5119 Καὶ
3406 5064 3648 5137 ὅπουπερ
3675 5066 3741 5128 ἂν

2066 5150 2191 5218 περὶ
2223 5147 2353 5217 ἐμοῦ
2388 5148 2544 5215 λόγος
2580 5148 2708 5217 ὑμῖν
2733 5147 2966 5217 γίνηται,
3003 5144 3124 5198 ἀντί
3155 5145 3374 5199 πάντων
3397 5143 3604 5218 ταύτης
3639 5147 3740 5216 μές

2068 5211 2171 5296 μνη
2181 5211 2270 5279 σθέ
2289 5228 2384 5297 τῆς
2401 5211 2640 5294 ἐντολῆς,
2659 5211 2754 5278 καὶ.
2769 5211 2972 5296 ταύτην
2991 5241 3080 5294 μοι
3095 5225 3192 5294 τῆς
3209 5225 3338 5294 περὶ
3355 5224 3498 5295 ὑμᾶς
3518 5211 3742 5296 ἀγάπης

2065 5307 2293 5360 ἀπόδοτε
2323 5307 2419 5376 τὴν
2447 5305 2702 5376 ἀμοιϐήν.
2743 5303 2868 5357 Ἐάν
2899 5304 2992 5358 ἴδω
3015 5301 3468 5374 κατορθώσαντας
3494 5303 3660 5374 ὑμᾶς,
3680 5307 3742 5358 τὸ

2068 5389 2173 5440 πᾶν
2203 5386 2503 5457 άπείληφα,
2539 5385 2728 5455 ἱκανὴν
2764 5385 2871 5437 τῶν
2898 5384 3075 5437 πόνων
3101 5382 3450 5453 ἀπεδεξάμην
3481 5382 3620 5455 ῐτήν
3645 5386 3740 5438 an.

2065 5467 2282 5520 τίδοσιν.
2312 5469 2426 5520 Ἵνα
2455 5465 2546 5522 οῦν
2571 5468 2665 5521 καὶ
2685 5469 2833 5536 ἡμᾶς
2857 5464 3297 5535 προθυμοτέρους
3325 5465 3608 5534 ποιήσητε,
3649 5468 3742 5520 καὶ

2066 5547 2222 5615 ὑμεῖς
2255 5547 2529 5610 εὐέλπιδες
2561 5546 2804 5616 γίνησθε,
2838 5544 2931 5597 καὶ
2956 5543 3174 5596 πλείονα
3201 5545 3320 5605 ταῖς
3345 5541 3558 5606 λοιπαῖς
3593 5545 3742 5597 ἐντο-

2063 5624 2182 5688 λαῖς
2205 5627 2339 5697 πρὸς
2359 5627 2420 5680 τὸ
2440 5625 2833 5698 κατορθοῦσθαι
2859 5622 3321 5694 παρασκευάσητε
3347 5620 3444 5692 τὴν
3466 5621 3738 5687 εὐκολίαν,

2067 5705 2205 5774 μετὰ
2231 5705 2430 5777 πολλῆς
2457 5705 2645 5760 τοῦτον
2679 5705 2768 5758 τὸν
2797 5704 2958 5774 νόμον
2987 5703 3086 5772 τῆς
3115 5703 3349 5773 σπουδῆς
3378 5703 3435 5755 ἐν
3458 5705 3578 5766 ταῖς
3601 5702 3738 5773 ὑμε-

2063 5783 2248 5855 τέραις
2277 5785 2600 5863 ἐναπόθεσθε
2629 5787 2652 5824 ⁸
2676 5784 2895 5854 ψυχαῖς,
2923 5786 3016 5837 καὶ
3039 5783 3158 5837 τότε
3179 5781 3389 5836 εἴσεσθε
3415 5781 3512 5852 τῆς
3544 5800 3712 5854 -παραι

2127 5890 2154 5930 ἀ
2177 5893 2327 5955 Savil.
2351 5893 2438 5950 τὴν
2457 5892 2680 5955 κορυφήν.

2130 5959 2147 5979 ⁸
2177 5954 2270 6003 Alii
2295 5956 2462 6016 δέομαι
2486 5953 2566 6001 καὶ
2587 5953 2842 6002 ἀντιϐολῶ.

2131 6018 2147 6055 ΐ
2179 6017 2270 6064 Mii
2297 6017 2537 6076 ἐδεξάμην.

2131 6083 2152 6119 ε
2175 6080 2255 6125 ςέο
2279 6071 2500 6126 Savilfci
2527 6075 2724 6138 quidam
2751 6091 2862 6127 mss.
2879 6075 3079 6128 lidilum
3105 6081 3211 6126 eral
3233 6077 3479 6125 ἀπόθεσθε.
3505 6071 3642 6122 Enn.
