4072 6384
383 363 444 418 8|
1202 371 1258 427 S.
1296 369 1585 428 JOANNIS
1621 371 2118 431 CHRYSOSTOMI
2159 373 2480 430 ARCHIEP.
2524 375 3079 436 CONSTANTINOP.
3762 384 3838 439 δε

375 479 574 540 νέσεως
605 478 704 550 τὴν
733 478 1022 550 ὠφέλειαν.
1074 481 1228 536 Ἐπεὶ
1266 486 1358 538 καὶ
1393 487 1604 557 ἱμάτιον
1627 486 1862 560 χρυσοῦν
1887 489 2051 543 καλὸν

378 566 477 635 μὲν
512 564 745 620 ἐστικαὶ
774 567 1074 639 ὁρώμενον,
1123 569 1302 642 πολλῷ
1347 572 1404 625 δὲ
1440 574 1600 628 πλέον
1632 577 1765 646 ἡμῖν
1806 580 2050 647 φανεῖται

371 655 755 726 περικείμενον
783 655 938 727 ήμῶν
962 656 1039 727 τῷ
1067 655 1302 728 σώματι·
1327 660 1469 715 οὕτω
1493 663 1587 716 καὶ
1613 664 1668 716 αί
1694 665 1785 718 τοῦ
1807 665 1941 718 Θεοῦ
1968 668 2052 718 ἐν-

371 738 524 793 τολαὶ
566 741 730 795 καλαὶ
767 742 866 812 μὲν
895 744 1002 796 εἰσὶ
1033 744 1125 796 καὶ
1156 747 1570 818 ἐπαινούμεναι,
1609 749 1788 821 πολλῷ
1828 751 1885 804 δέ
1917 752 2049 805 καλ-

369 823 518 889 λίους
537 827 818 896 φαίνονται
841 828 1293 902 κατορθούμεναι.
1322 834 1438 888 Νῦν
1468 835 1567 906 μὲν
1604 836 1712 908 γὰρ
1741 839 1798 890 ἐν
1824 837 2051 910 βραχείᾳ

369 913 563 982 καιροῦ
595 918 734 986 ῥοπῇ
756 916 823 969 τά
839 915 1106 989 λεγόμενα
1128 923 1422 985 ἐπαινεῖτε,
1445 923 1540 977 ἐὰν
1556 923 1612 978 δὲ
1635 925 2041 996 κατορθώσητε,

367 999 459 1053 διὰ
491 1001 671 1074 πάσης
704 1003 802 1075 τῆς
831 1005 1067 1076 ἡμέρας,
1105 1008 1200 1061 καὶ
1226 1007 1314 1062 διὰ
1341 1011 1541 1075 παντὸς
1570 1011 1664 1065 τοῦ
1705 1013 1917 1084 χρόνου,
1951 1014 2045 1068 καὶ

367 1089 514 1159 ἡμᾶς
534 1092 629 1146 καὶ
659 1093 803 1163 ὑμᾶς
836 1094 1032 1158 αὐτοὺς
1055 1097 1432 1151 ἐπαινέσεσθε·
1462 1101 1556 1154 καί¹
1577 1101 1638 1153 ού
1664 1101 1823 1154 τοῦτό
1847 1104 1962 1156 ἐστι
1986 1102 2046 1155 τὸ

2157 490 2323 560 μέγα,
2370 493 2452 545 ὅτι
2493 491 2755 564 ἀλλήλους
2798 494 3230 567 ἐπαινεσόμεθα,
3275 496 3389 550 ἀλλ’
3418 497 3502 552 ὅτι
3536 498 3628 552 καὶ
3657 503 3686 552 6
3715 502 3855 564 856:

2155 578 2304 647 ἡμᾶς
2343 578 2684 646 ἀποδέξεται,
2734 582 2828 634 καὶ
2878 583 2977 636 οὐκ
3011 583 3333 649 ἀποδέξεται
3377 585 3561 657 μόνον,
3591 587 3726 641 ἀλλά
3754 590 3848 642 καὶ

2157 663 2449 745 ἀμείψεται
2490 667 2612 729 ταῖς
2656 667 2920 738 μεγάλαις
2956 670 3194 734 ἐκείναις
3239 672 3333 724 καὶ
3369 672 3702 745 ἀπορρήτοις
3739 674 3816 727 ϐω

2156 751 2326 819 ρεαῖς,
2356 744 2431 804 ὧν
2462 751 2671 819 γένοιτο
2705 755 2911 819 πάντας
2951 757 3099 826 ἡμᾶς
3130 758 3446 830 ἀξιωθῆναι,
3482 744 3663 832 χάριτι
3694 773 3721 802 ι
3754 762 3848 814 καὶ

2153 836 2534 909 φιλανθρωπίᾳ
2568 839 2658 892 τοῦ
2704 840 2904 912 Κυρίου
2944 843 3100 913 ἡμῶν
3156 846 3330 916 Ἰησοῦ
3375 847 3635 918 Χριστοῦ,
3674 848 3742 902 δι’
3781 842 3846 902 οὗ

2153 926 2246 978 καὶ
2286 926 2405 996 μεθ’
2427 920 2490 980 οὗ
2531 926 2610 998 τῷ
2639 929 2816 1000 Πατρὶ
2851 933 2885 1000 ἡ
2925 930 3073 997 δόξα,
3107 931 3225 1002 ἅμα
3252 933 3330 1004 τῷ
3370 935 3512 1006 ἀγίῳ
3543 936 3843 1007 Πνεύματι,

2152 1012 2250 1066 νῦν
2282 1015 2377 1066 καὶ
2418 1013 2525 1079 ἀεὶ,
2571 1018 2665 1070 καὶ
2709 1020 2788 1080 είς
2828 1019 2956 1081 τοὺς
2999 1019 3204 1084 αίῶνας
3233 1021 3342 1074 τῶν
3375 1021 3607 1078 αίώνων.
3649 1023 3843 1095 ’Δμήν.

2219 1111 2245 1142 ⁸
2273 1111 2420 1162 Savil.
2453 1120 2506 1162 et
2523 1115 2721 1176 quidam
2752 1129 2869 1165 mss.
2891 1120 3018 1180 ἡμᾶς
3040 1119 3276 1183 ἐπιτυχεῖν
3297 1121 3472 1185 χάριτι.

1448 1212 3741 1241 ————_._____.___.._______________________

366 1284 484 1357 [13]
514 1286 633 1339 Ὅτι
659 1286 959 1357 χρήσιμος
991 1292 1024 1342 ό
1056 1288 1176 1343 τῶν
1205 1291 1515 1358 ἀρχόντων
1545 1293 1748 1361 φόϐος,
1776 1294 1874 1348 καὶ
1906 1292 2186 1363 διήγησις
2211 1294 2328 1349 τῶν
2358 1297 2506 1350 κατὰ
2535 1297 2652 1366 τὴν
2675 1297 2820 1352 ὀδόν
2852 1299 3214 1369 συμϐάντων
3256 1300 3381 1368 τοῖς
3417 1303 3532 1372 τὴν
3552 1307 3844 1376 ἀγγελίαν

433 1377 544 1445 τῆς
577 1378 852 1446 στάσεως
879 1379 959 1446 τῷ
1011 1381 1267 1446 βασιλεῖ
1309 1384 1703 1452 ἀναφέρουσι,
1742 1387 1838 1439 καὶ
1877 1387 1966 1440 ὅτι
2030 1391 2062 1441 ὁ
2104 1387 2325 1452 ἀδίκως
2381 1406 2434 1441 τι
2492 1389 2747 1458 πάσχων
2781 1391 2878 1445 καὶ
2907 1389 3282 1460 εὐχαριστῶν·
3311 1395 3390 1460 τῷ
3423 1401 3839 1466 συγχωροῦντι

434 1470 575 1534 Θεῷ,
611 1471 747 1537 ἴσος
779 1471 910 1524 ἐστὶ
942 1473 1048 1526 τοῦ
1080 1472 1178 1528 διὰ
1202 1474 1312 1528 τὸν
1345 1475 1494 1529 Θεὸν
1522 1477 1594 1529 τὰ
1625 1478 1778 1531 αὐτὰ
1811 1478 2186 1548 πάσχοντος·
2224 1480 2325 1533 καὶ
2360 1482 2432 1535 τὰ
2458 1481 2903 1552 παραδείγματα
2930 1483 3118 1537 πάλιν
3144 1484 3212 1539 ἐκ
3243 1484 3360 1539 τῶν
3397 1487 3574 1556 τριῶν
3608 1492 3842 1548 παίδων

431 1562 531 1616 καὶ
568 1562 680 1631 τῆς
716 1565 1104 1631 Βαϐυλωνίας
1145 1568 1425 1634 καμίνου,
1462 1569 1560 1621 καὶ
1596 1569 1729 1637 περὶ
1769 1569 1877 1636 τῆς
1916 1569 2031 1623 τῶν
2063 1570 2256 1639 ὅρκων
2288 1571 2546 1641 ἀποχῆς.

1040 1751 1262 1820 Ὁμιλία
1295 1760 1368 1817 ς’.

429 1844 497 1892 α’.
539 1836 750 1900 Πολλὰς
795 1837 894 1908 μὲν
939 1838 1298 1911 ἀνηλώσαμεν
1334 1841 1548 1912 ἡμέρας
1596 1844 2038 1914 παρακαλοῦντες

361 1923 517 1995 ὑμῶν
540 1925 641 1997 τὴν
669 1924 913 1996 ἀγάπην·
948 1927 1009 1979 ού
1035 1927 1142 1997 μὴν
1174 1928 1262 1982 διὰ
1295 1929 1452 1982 τοῦτο
1491 1931 1912 2003 ἀποστησόμεθα
1941 1935 2040 2004 τῆς

361 2010 667 2076 ὑποθέσεως
684 2011 908 2084 ταύτης,
923 2014 1036 2066 ἀλλ’
1051 2014 1156 2078 ἕως
1171 2014 1238 2069 ἂν
1256 2016 1394 2090 μένῃ
1410 2017 1472 2070 τὸ
1487 2017 1644 2082 ἐλκος
1661 2019 1761 2090 τῆς
1779 2019 2035 2091 ἀθυμίας,

357 2099 453 2152 καὶ
476 2098 538 2152 τὸ
559 2098 850 2169 φάρμακον
875 2101 974 2170 τῆς
990 2103 1347 2172 παραμυθίας
1367 2104 1719 2175 ἐπιθήσομεν.
1746 2107 1806 2159 Et
1823 2107 1930 2178 γὰρ
1947 2109 2038 2162 ἐπὶ

364 2185 465 2237 τῶν
494 2185 587 2238 τοῦ
620 2185 872 2256 σώματος
898 2190 1230 2259 τραυμάτων
1257 2192 1318 2244 ού
1349 2191 1615 2245 παύονται
1645 2188 2038 2260 ἐπαντλοῦντες

357 2271 556 2341 ίατρῶν
572 2271 782 2337 παῖδες,
807 2273 910 2336 ἕως
936 2273 1001 2326 ἀν
1029 2275 1180 2328 ῐδωσι
1209 2275 1376 2346 λῆξαν
1398 2277 1458 2330 τὸ
1481 2277 1673 2342 πάθος,
1694 2278 1874 2349 πολλῷ
1903 2281 2040 2352 μᾶλ-

359 2368 445 2412 λον
475 2360 570 2412 ἐπὶ
597 2360 696 2431 τῆς
726 2359 902 2432 ψυχῆς
929 2360 1086 2415 τοῦτο
1111 2367 1284 2417 ποιεῖν
1313 2367 1440 2436 χρή.
1472 2365 1581 2418 Καὶ
1613 2367 1723 2438 γὰρ
1754 2367 1907 2432 ἐλκος
1933 2369 2036 2439 ψυ-

350 2444 458 2516 χῆς
483 2447 518 2518 ή
550 2445 775 2517 ἀθυμία,
815 2448 909 2500 καὶ
947 2448 1028 2501 δεῖ
1066 2450 1308 2520 συνεχῶς
1340 2451 1508 2524 αὐτὴν
1540 2453 1826 2508 ἐπαντλεῖν
1862 2473 2035 2527 προσ-

355 2532 508 2604 ηνέσι
547 2535 809 2604 ῥήμασιν.
847 2535 981 2588 Οὐδὲ
1023 2535 1133 2608 γὰρ
1167 2537 1340 2602 οὕτως
1378 2540 1580 2611 οἴδημα
1625 2541 1830 2614 σαρκὸς
1865 2544 2036 2616 χαλᾷν

354 2619 512 2674 εἴωθε
547 2620 768 2692 θερμῶν
798 2622 1003 2677 ὑδάτων
1038 2624 1218 2693 φύσις,
1247 2625 1321 2691 ὠς
1347 2627 1524 2699 ψυχῆς
1544 2628 1715 2694 πάθος
1737 2632 2035 2686 καταστέλ-

351 2715 466 2763 λειν
514 2709 724 2778 πέφυκε
771 2713 1196 2784 παρακλητικῶν
1243 2715 1417 2784 λόγων
1470 2717 1716 2789 δύναμις·
1763 2720 1825 2773 ού
1875 2722 2035 2792 χρεία

351 2797 620 2866 σπογγίας
658 2797 916 2862 ἐνταῦθα,
957 2801 1210 2873 καθάπερ
1239 2803 1332 2857 ἐπὶ
1365 2804 1474 2857 τῶν
1505 2805 1725 2876 ίατρῶν,
1765 2806 1881 2861 ἀλλ’
1913 2810 2036 2863 ἀντὶ

353 2885 596 2954 σπόγγου
629 2885 729 2957 τὴν
759 2887 1004 2956 γλῶτταν
1040 2891 1550 2963 μεταχειρισάμεθα·
1580 2895 1640 2948 ού
1675 2895 1833 2967 χρεία
1863 2898 2034 2970 πυρὸς

353 2973 610 3036 ἐνταῦθα,
653 2975 740 3028 ἵνα
782 2973 1165 3048 θερμαίνωμεν
1207 2978 1397 3046 ὕδατα,
1445 2981 1560 3034 ἀλλ’
1598 2983 1719 3037 ἀντὶ
1753 2985 1923 3056 πυρὸς
1962 2989 2029 3058 τῇ

360 3059 446 3112 τοῦ
473 3059 790 3130 Πνεύματος
815 3063 1133 3134 χρησόμεθα
1161 3063 1360 3135 χάριτι.
1393 3066 1530 3138 Φέρε
1550 3064 1642 3122 οὖν
1671 3070 1765 3124 καί⁹
1789 3072 2031 3143 τήμερον

351 3146 412 3199 τὸ
439 3146 571 3200 αὐτὸ
597 3147 756 3201 τοῦτο
789 3149 1106 3222 πράξωμεν.
1136 3153 1199 3205 EE
1224 3153 1332 3225 γάρ
1367 3153 1440 3226 μὴ
1473 3158 1634 3226 ἡμεῖς
1667 3158 1814 3228 ὑμᾶς
1849 3176 2029 3231 παρα-

352 3237 690 3309 καλέσωμεν,
721 3238 886 3292 πόθεν
924 3240 1192 3312 ἑτέρωθεν
1222 3243 1565 3315 παράκλησιν
1593 3245 1840 3313 δέξεσθε;
1870 3251 2032 3304 Δικα-

293 3375 296 3380 .
351 3328 475 3379 σταὶ
503 3325 777 3396 φοϐοῦσιν·
814 3329 1009 3382 οὐκοῦν
1045 3332 1210 3403 ἱερεῖς
1233 3334 1742 3406 παρακαλείτωσαν·
1769 3339 2031 3410 ἄρχοντες

350 3412 684 3468 ἀπειλοῦσιν·
708 3415 903 3469 ούκοῦν
925 3419 956 3486 ἡ
993 3417 1294 3492 Ἐκκλησία
1314 3423 1766 3494 παραμυθείσθω.
1790 3429 1901 3480 Καὶ
1920 3429 2030 3502 γὰρ

349 3502 443 3554 ἐπὶ
481 3502 589 3556 τῶν
623 3503 849 3556 παιδίων
879 3504 990 3557 τῶν
1023 3509 1234 3577 μικρῶν
1281 3509 1423 3564 οὕτω
1463 3511 1691 3580 γίνεται·
1721 3513 2030 3571 διδάσκαλοι

347 3588 416 3642 τά
449 3589 638 3643 παιδία
671 3590 896 3660 φοϐοῦσι
927 3595 1022 3647 καὶ
1053 3593 1338 3661 τύπτουσι,
1373 3599 1465 3652 καὶ
1488 3597 1867 3672 δεδακρυμένα
1892 3604 2030 3676 πρὸς

347 3675 446 3740 τὰς
486 3677 729 3748 μητέρας
775 3682 1256 3751 παραπέμπουσιν·
1299 3686 1356 3737 αἱ
1388 3685 1445 3738 δὲ
1486 3688 1720 3760 μητέρες
1763 3675 2026 3756 ὑποδεξά-

352 3780 513 3833 μεναι
544 3767 655 3827 τοῖς
681 3764 903 3830 κόλποις
922 3771 1034 3831 τοῖς
1058 3769 1265 3823 ἑαυτῶν
1294 3772 1586 3843 κατέχουσι
1617 3777 1711 3829 καὶ
1735 3780 2020 3848 περισφίγ-

348 3864 505 3916 γουσι
531 3861 580 3909 ει,
612 3851 707 3903 καὶ
738 3853 808 3904 τά
831 3851 1040 3922 δάκρυα
1080 3855 1467 3927 καταψήσασαι
1513 3861 1891 3931 καταφιλοῦσι,
1934 3866 2028 3918 καὶ

345 3937 446 4004 τήν
494 3936 838 4009 ὀδυνωμένην
887 3940 1068 3996 αὐτῶν
1110 3943 1451 4000 ἀνακτῶνται
1503 3947 1702 4020 ψυχὴν,
1745 3949 2026 4005 πείθουσαι

347 4023 417 4076 δι’
449 4016 524 4076 ὧν
564 4023 830 4094 λέγουσιν,
862 4028 943 4081 ὄτι
975 4031 1242 4102 χρήσιμος
1276 4035 1304 4086 6
1332 4033 1440 4086 τῶν
1468 4016 1804 4090 διδασκάλων
1843 4040 2026 4102 αὐτοῖς

347 4109 534 4179 φόϐος.

432 4197 586 4250 Ἐπεὶ
613 4193 706 4252 οῦν
739 4201 832 4253 καὶ
860 4201 1004 4272 ὑμᾶς
1037 4203 1313 4275 ἐφόϐησαν
1353 4209 1636 4277 ἄρχοντες,
1687 4212 1780 4263 καὶ
1814 4213 2023 4280 ἐναγω-

346 4283 492 4348 νίους
523 4286 804 4357 ἐποίησαν,
833 4291 866 4360 ἡ
912 4290 1230 4362 Ἐκκλησία,
1255 4297 1286 4364 ἡ
1315 4296 1466 4366 κοινὴ
1498 4297 1716 4351 πάντων
1740 4299 1894 4370 ἡμῶν
1918 4303 2020 4372 μή-

345 4388 474 4442 τηρ,
509 4373 634 4437 τοὺς
664 4374 894 4439 κόλπους
922 4377 1241 4444 ἀπλώσασα,
1276 4385 1369 4436 καὶ
1399 4385 1616 4448 ὑπτίαις
1643 4386 2016 4460 ὑποδεξαμένη

346 4459 524 4530 χερσὶ,
549 4461 670 4514 καθ’
694 4463 931 4536 ἐκάστην
952 4467 1261 4537 παρακαλεῖ
1283 4471 1381 4542 τὴν
1405 4471 1636 4543 ἡμέραν,
1662 4472 1912 4542 λέγουσα,
1936 4459 2017 4529 ὅτι

345 4547 613 4617 χρήσιμος
643 4549 737 4602 καὶ
767 4552 795 4603 ὁ
833 4551 942 4606 τῶν
981 4554 1257 4625 ἀρχόντων
1289 4559 1454 4627 φόϐος
1488 4561 1625 4626 ἐστὶ,
1655 4561 1749 4614 καὶ
1776 4562 1858 4614 ὅτι
1884 4579 2018 4634 χρη-

348 4634 480 4703 σίμη
523 4635 618 4687 καὶ
650 4637 684 4706 ἡ
730 4638 980 4693 ἐντεῦθεν
1020 4641 1384 4714 παράκλησις.
1427 4646 1681 4701 Ἐκείνων
1723 4649 1823 4718 μὲν
1853 4649 1962 4721 γάρ
1991 4653 2019 4704 6

345 4719 508 4785 (9660;
534 4722 635 4774 οὐκ
663 4724 888 4794 ἀφίησιν
919 4727 1023 4780 ὑπὸ
1053 4732 1152 4799 τῆς
1179 4731 1453 4802 ῥᾳθυμίας
1479 4733 1788 4790 ἐκλύεσθαι·
1814 4719 2018 4809 ταύτης

343 4804 400 4857 δέ
425 4809 458 4876 ἡ
490 4809 834 4879 παράκλησις
861 4814 960 4867 οὐκ
988 4816 1214 4886 ἀφίησιν
1240 4821 1288 4858 α’
1317 4819 1422 4872 ὑπὸ
1452 4821 1550 4890 τῆς
1574 4821 1809 4894 ἀθυμίας
1844 4804 2014 4878 κατα-

344 4898 584 4952 πίπτειν·
633 4903 728 4954 καὶ
772 4903 836 4956 δι’
874 4906 1198 4978 ἀμφοτέρων
1230 4911 1258 4961 6
1291 4910 1423 4974 Θεὸς
1459 4913 1558 4982 τὴν
1594 4914 1872 4986 ἡμετέραν
1913 4934 2014 4969 σω-

341 5001 406 5057 τη
416 4987 537 5057 ρίαν
563 4989 854 5060 οίκονομεῖ.
873 4994 983 5046 Καὶ
1005 4994 1112 5065 γὰρ
1129 4997 1254 5059 τοὺς
1269 4998 1535 5068 ἄρχοντας
1557 5001 1720 5065 αὐτὸς
1749 5001 2008 5069 ὥπλισεν,

343 5073 430 5126 ἵνα
471 5075 674 5142 φοϐῶσι
715 5079 840 5140 τοὺς
877 5081 1315 5151 ἀσελγαίνοντας·
1359 5088 1604 5152 καὶτοὺς
1637 5090 1816 5161 ἱερέας
1852 5092 2012 5155 αὐτὸς

341 5159 765 5234 ἐχειροτόνησεν,
809 5166 895 5220 ἴνα
937 5171 1296 5240 παρακαλῶσι
1331 5174 1458 5236 τοὺς
1495 5159 1883 5245 ὀδυνωμένους·
1920 5180 2014 5230 καὶ

339 5247 510 5301 ταῦτα
532 5250 834 5325 ἀμφότερα,
873 5255 1014 5325 μετά
1035 5257 1142 5309 τῶν
1166 5257 1417 5328 Γραφῶν,
1451 5261 1543 5313 καὶ
1568 5261 1705 5333 αὑτὴ
1737 5263 1847 5316 τῶν
1875 5281 2014 5334 πρα-

339 5335 564 5404 γμάτων
591 5340 624 5410 ἡ
650 5342 813 5413 πεῖρα
839 5342 1096 5397 διδάσκει.
1134 5345 1196 5397 Εἰ
1223 5345 1331 5415 γάρ
1352 5346 1380 5385 ιι
1401 5347 1678 5418 ἀρχόντων
1699 5350 1887 5416 ὄντων,
1920 5352 2013 5406 καὶ

341 5426 682 5494 στρατιωτῶν
713 5426 927 5493 ζώντων
965 5432 1022 5483 ἐν
1060 5432 1264 5495 ὅπλοις,
1308 5434 1471 5504 μανία
1495 5435 1797 5507 ἀνθρώπων
1826 5440 2013 5511 εύαριο

339 5505 581 5596 θμήτων,
604 5515 846 5583 μιγάδων
862 5519 955 5569 καὶ
976 5517 1278 5586 ἐπηλύδων,
1311 5521 1370 5573 ἐν
1398 5505 1629 5591 βραχείᾲ
1649 5523 1842 5594 καιροῦ
1867 5505 2008 5596 ῥοπῇ

257 5585 272 5592 ’
337 5595 606 5684 τοσαύτην
629 5601 761 5670 ἡμῖν
789 5602 964 5672 ἀνῆψε
993 5585 1191 5674 πυράν,
1230 5608 1326 5659 καὶ
1354 5585 1877 5676 χείμῶναῡτοσοῦτον
1889 5585 2008 5684 [741]

337 5677 549 5750 ἦγειρε,
573 5686 666 5737 καὶ
689 5689 818 5759 περὶ
837 5689 1102 5757 ναυαγίας
1131 5691 1425 5746 δεδοικέναι
1455 5693 1713 5765 ἐποίησεν
1744 5677 2006 5760 ἅπανταςῖ

335 5765 388 5816 εἰ
420 5769 648 5823 καθόλου
676 5773 784 5826 τῶν
823 5776 1099 5845 ἀρχόντων
1131 5779 1160 5829 6
1187 5777 1351 5846 (9660;
1384 5780 1645 5852 ἀνῄρητο,
1687 5783 1788 5835 ποῦ
1818 5784 1916 5835 οὐκ
1945 5785 2010 5836 ἂν

550 5874 707 5952 Sevi]:
728 5887 780 5927 et
807 5881 1017 5952 maxirga
1048 5894 1158 5943 pars
1179 5884 1416 5934 codicum.
1448 5886 1618 5938 Morel.
1651 5890 2006 5952 περιϐάλλουσι.

398 5934 445 6002 β’
468 5937 622 6002 _S:_I\'i|.
660 5940 714 5986 ού
745 5943 996 6002 συγχωρεῖ.

400 5994 428 6034 ῒθ
451 5997 646 6060 Aliquot
676 6015 786 6051 mss.
809 5994 998 6068 η’ἶτέὶρα
1020 6009 1134 6072 βοᾷ·
1158 6008 1195 6054 εἰ
1220 6007 1324 6070 γάρ.

2067 1693 2135 1705 _

2142 1751 2307 1825 ἦλθον
2336 1749 2482 1808 οῦτοι
2514 1754 2878 1829 μανίας;’ἆρα
2904 1760 3003 1812 ούκ
3034 1760 3100 1814 ἂν
3130 1763 3193 1815 ἐκ
3223 1762 3438 1837 βάθρων
3466 1767 3598 1836 ἡμῖν
3619 1770 3719 1839 τὴν
3744 1773 3838 1825 πό-

2141 1841 2224 1893 λιν
2265 1841 2589 1912 ἀνέτρεψαν,
2640 1844 2733 1896 καὶ
2771 1846 2950 1899 πάντα
2995 1847 3106 1900 ἀνω
3146 1851 3239 1904 καὶ
3286 1853 3435 1905 κάτω
3483 1856 3835 1926 ποιήσαντες,

2140 1929 2312 1992 αύτάς
2343 1926 2408 1982 ἂν
2439 1931 2471 1999 ἡ
2482 1929 2597 2000 μῶν
2632 1931 2914 1999 ἀφείλοντο
2938 1933 3039 1997 τὰς
3066 1934 3278 2007 ψυχάς
3319 1937 3445 1992 Ἐἀν
3464 1941 3574 2012 γὰρ
3598 1942 3664 1996 τά
3683 1944 3838 1999 δικα-

2145 2015 2340 2086 στήρια
2372 2014 2589 2089 ἀνέλῃς,
2621 2018 2802 2073 πᾶσαν
2827 2020 2926 2090 τῆς
2949 2019 3095 2091 ζωῆς
3122 2024 3278 2092 ἡμῶν
3306 2025 3512 2091 ἀνεῖλες
3539 2029 3636 2100 τὴν
3671 2031 3834 2084 εύτα-

2139 2103 2279 2170 ξίαν·
2317 2105 2408 2157 καὶ
2445 2103 2633 2178 ὥσπερ
2668 2108 2796 2177 νηὸς
2827 2109 2918 2162 τὸν
2965 2111 3306 2184 κυϐερνήτην
3351 2117 3444 2169 ἐὰν
3492 2117 3832 2193 ἀποστήσῃς,

2139 2191 2533 2256 κατεπόντισας
2556 2194 2616 2247 τὸ
2645 2196 2872 2264 σκάφος,
2903 2198 2994 2249 καὶ
3016 2197 3108 2250 τὸν
3131 2202 3440 2272 στρατηγὸν
3455 2201 3520 2258 ἂν
3535 2191 3835 2280 ἀπαγάήῑς

2136 2279 2229 2333 τοῦ
2273 2281 2661 2352 στρατοπέδου,
2705 2283 3024 2355 δεδεμένους
3056 2289 3168 2351 τοῖς
3205 2289 3482 2362 πολεμίοις
3511 2279 3833 2367 παρέδωκας

2136 2368 2264 2430 τοὺς
2311 2369 2675 2438 στρατιώτας·
2719 2370 2864 2426 οὕτω
2908 2374 3015 2426 τῶν
3050 2375 3258 2431 πόλεων
3297 2379 3423 2443 τοὺς
3457 2381 3721 2452 ἄρχοντας
3764 2385 3830 2439 ἀν

2136 2453 2351 2525 ἀνέλῃς,
2386 2455 2591 2526 θηρίων
2621 2457 2830 2526 ἀλόγων
2855 2459 3192 2532 ἀλογώτερον
3229 2463 3537 2537 βιωσόμεθα
3565 2467 3700 2538 βίον,
3731 2472 3829 2525 δά-

2137 2555 2353 2604 κνοντες
2406 2539 2670 2611 ἀλλήλους
2710 2544 2804 2596 καὶ
2843 2545 3239 2613 κατεσθίοντες,
3283 2550 3373 2602 τὸν
3414 2553 3738 2626 πεννέστερον
3798 2560 3828 2610 6

2137 2625 2409 2690 πλούσιος,
2449 2628 2542 2679 τὸν
2576 2627 2968 2701 ἀσθενέστερον
2991 2634 3018 2685 6
3037 2634 3426 2709 δυνατώτερος,
3459 2641 3550 2695 τὸν
3577 2643 3831 2698 ἐπιεικέ-

2137 2729 2329 2785 στερον
2366 2717 2394 2769 6
2433 2715 2786 2789 θρασύτερος.
2834 2719 2995 2775 Ἀλλά
3027 2721 3121 2776 νῦν
3152 2723 3355 2778 τούτων
3395 2727 3551 2782 οὐδέν
3586 2731 3702 2785 ἐστι
3736 2732 3828 2786 διά

2133 2802 2233 2874 τὴν
2257 2802 2416 2873 χάριν
2445 2805 2539 2858 τοῦ
2562 2804 2718 2858 Θεοῦ·
2747 2809 2795 2860 οί
2823 2807 2919 2878 μὲν
2940 2808 3049 2881 γὰρ
3077 2810 3330 2884 εὐλαϐείᾳ
3362 2812 3634 2883 συζῶντες
3659 2821 3820 2874 οὐδὲν

2133 2890 2343 2945 δέονται
2367 2891 2467 2962 τῆς
2491 2892 2694 2947 τούτων
2717 2895 3115 2967 παιδαγωγίας·
3145 2902 3359 2966 Δικαίῳ
3390 2905 3504 2973 γὰρ
3533 2907 3719 2977 νόμος
3750 2914 3825 2965 οὐ

2135 2977 2341 3042 κεῖται,
2371 2977 2555 3048 φησίν.
2584 2980 2648 3032 Οί
2684 2980 2742 3033 δέ
2778 2980 2964 3036 πολλοὶ
2997 2985 3135 3056 πρὸς
3166 2988 3366 3043 κακίαν
3408 2988 3717 3060 βλέποντες,
3762 2999 3814 3049 εί

2138 3062 2213 3135 μὴ
2243 3064 2334 3116 τὸν
2366 3066 2473 3119 ἀπὸ
2497 3065 2703 3120 τούτων
2733 3067 2897 3137 φόϐον
2925 3066 3069 3140 εἶχον
3099 3073 3282 3137 αὐτοῖς
3312 3075 3684 3149 ἐπικείμενον,
3718 3101 3824 3153 μυ-

2137 3149 2266 3221 ρίων
2298 3149 2363 3204 ἂν
2403 3151 2589 3206 κακῶν
2628 3153 2727 3218 τὰς
2765 3155 2952 3221 πόλεις
2991 3159 3316 3231 ἐνέπλησαν,
3363 3163 3508 3237 άπερ
3539 3162 3633 3221 οῦν
3672 3149 3766 3223 καὶ
3792 3173 3823 3226 6

2133 3235 2344 3301 Παῦλος
2386 3238 2612 3296 συνιδὼν
2643 3241 2846 3311 ἔλεγεν·
2894 3247 2975 3298 Οὐ
3025 3246 3135 3316 γάρ
3165 3248 3338 3302 ἐστιν
3361 3235 3615 3315 ἐξουσία
3648 3258 3701 3310 ει
3728 3259 3819 3328 μὴ

2132 3325 2252 3379 ὑπὸ
2289 3327 2459 3391 Θεοῦ,
2502 3329 2601 3383 καὶ
2633 3333 2692 3384 αἱ
2722 3327 2904 3387 οὖσαι
2929 3334 3203 3399 ἐξουσίαι
3258 3340 3376 3394 ὑπὸ
3405 3342 3512 3396 τοῦ
3547 3345 3694 3399 Θεοῦ
3725 3364 3820 3401 τε·-

2132 3411 2414 3482 ταγμέναι
2456 3417 2634 3468 εἰσίν.
2683 3417 2860 3490 Ὅπερ
2898 3422 3006 3491 γάρ
3042 3425 3180 3475 είσιν
3224 3425 3282 3478 ἐν
3317 3428 3438 3490 ταῖς
3468 3429 3671 3494 οίκίαις
3707 3433 3818 3488 τῶν

2134 3495 2303 3560 ξύλων
2327 3503 2382 3553 αί
2409 3503 2757 3572 ἱμαντώσεις,
2792 3506 2951 3560 τοῦτο
2985 3511 3077 3562 καὶ
3110 3513 3158 3564 οἱ
3186 3512 3446 3584 ἄρχοντες
3475 3517 3535 3570 ἐν
3564 3521 3684 3583 ταῖς
3711 3521 3816 3573 πό-

2131 3585 2297 3639 λεσιν·
2331 3589 2424 3641 καὶ
2462 3589 2712 3663 καθάπερ
2741 3592 2807 3646 ἂν
2856 3596 3070 3662 ἐκείνας
3113 3600 3330 3672 ἀνέλῃς,
3376 3603 3721 3671 διαλυθέντες
3766 3612 3818 3663 οί

2129 3676 2295 3745 τοῖχοι
2332 3677 2739 3748 συμπίπτουσιν
2780 3682 3033 3754 ἀλλήλοις
3075 3688 3395 3758 αὐτόματοι·
3433 3691 3574 3745 οὕτω
3602 3695 3700 3764 τῆς
3732 3699 3814 3749 οἰ·-

2131 3762 2402 3834 κουμένης
2447 3763 2513 3817 ἂν
2555 3765 2761 3839 ἀφέλῃς
2791 3771 2916 3834 τοὺς
2948 3772 3214 3844 ἄρχοντας
3248 3777 3341 3831 καὶ
3378 3778 3472 3832 τὸν
3513 3782 3578 3834 ἐκ
3610 3762 3817 3837 τούτων

2131 3846 2317 3915 φόϐον,
2354 3849 2448 3902 καὶ
2485 3850 2652 3904 οίκίαι
2682 3854 2775 3904 καὶ
2809 3855 2990 3920 πόλεις
3022 3859 3115 3912 καὶ
3150 3860 3275 3932 ἐθνη
3314 3864 3453 3933 μετά
3485 3865 3686 3938 πολλῆς
3714 3870 3813 3922 ἀλη

2129 3933 2310 4004 λὴλοις
2336 3938 2748 4007 συμπεσοῦνται
2771 3941 2871 4011 τῆς
2903 3944 3106 4009 ἀδείας,
3145 3947 3359 4012 οὐδενὸς
3387 3950 3539 4015 ὄντος
3562 3933 3655 4007 τοῦ
3683 3972 3816 4009 κατ-

2131 4020 2346 4090 έχοντος
2375 4022 2466 4076 καὶ
2505 4024 2964 4098 ἀνακρουομένου,
2998 4033 3091 4084 καὶ
3119 4031 3197 4104 τῷ
3231 4035 3378 4106 φόϐῳ
3406 4038 3502 4107 τῆς
3537 4042 3813 4107 κολάσεως

2131 4109 2520 4175 ἀναπείθοντος
2547 4112 2862 4184 ἡσυχάζειν.

2201 4196 2292 4268 Μὴ
2322 4197 2501 4250 τοίνυν
2535 4199 2808 4270 ἀλγῶμεν,
2857 4204 3150 4276 ἀγαπητοὶ,
3192 4208 3280 4261 διὰ
3309 4210 3397 4263 τὸν
3431 4213 3538 4266 ἀπὸ
3575 4215 3683 4267 τῶν
3710 4220 3813 4289 ἀρ-

2127 4282 2330 4351 χόντων
2363 4284 2551 4378 φόϐον,
2579 4286 2715 4341 ἀλλά
2750 4291 2844 4343 καὶ
2873 4293 3284 4365 εύχαριστῶμεν
3321 4297 3400 4368 τῷ
3435 4299 3574 4372 Θεῷ,
3604 4305 3684 4357 ὅτι
3711 4282 3811 4378 τήν

2127 4367 2402 4438 ρᾳθυμίαν
2433 4369 2592 4440 ἡμῶν
2638 4372 2932 4436 ἀνέστειλε,
2986 4377 3077 4428 καὶ
3126 4367 3577 4454 σπουδαιοτέρους
3619 4367 3812 4460 εἰργά-

2127 4469 2275 4508 σατο.
2295 4456 2359 4507 Τί
2376 4455 2511 4526 γὰρ,
2536 4459 2655 4510 είπέ
2683 4477 2802 4529 μοι,
2826 4462 3014 4529 γέγονε
3044 4462 3240 4532 βλάϐος
3265 4468 3374 4521 ἀπὸ
3395 4470 3494 4541 τῆς
3528 4455 3810 4544 φροντίδος

2121 4540 2346 4610 ταύτης,
2385 4545 2480 4596 καὶ
2521 4545 2619 4615 τῆς
2663 4547 2972 4618 μερίμνης;
3016 4551 3098 4604 ὅτι
3135 4555 3452 4627 σεμνότεροι
3498 4540 3810 4634 γεγόναμεν

2124 4628 2218 4680 καὶ
2249 4630 2671 4701 ἐπιεικέστεροι;
2697 4634 2779 4686 ὅτι
2814 4636 3216 4711 σπουδαιότεροι
3247 4643 3342 4695 καὶ
3371 4628 3811 4715 προσεκτικώτε-

2129 4729 2236 4801 ροις
2279 4716 2360 4770 ὅτι
2405 4717 2671 4788 μεθύοντα
2715 4721 2808 4773 καὶ
2841 4721 3034 4792 ᾅδοντα
3081 4728 3316 4798 πορνικά
3351 4729 3574 4801 ᾄσματα
3614 4737 3810 4794 οὐδένα

2125 4797 2394 4871 βλέπομεν
2419 4803 2567 4868 ;ἁλλ’
2597 4805 2677 4857 ὅτι
2704 4805 2846 4860 λιταὶ
2866 4797 3167 4879 διηνεκεῖς,
3199 4814 3294 4866 καὶ
3321 4797 3531 4887 δάκρυα
3551 4859 3564 4882 ,
3592 4822 3686 4873 καὶ
3711 4822 3808 4874 εύ-

2116 4886 2238 4978 χαί;
2262 4889 2344 4943 ὅτι
2366 4891 2540 4978 γέλως
2562 4892 2788 4964 ἄκαιρος
2818 4897 2911 4948 καί¹
2931 4899 3134 4970 αἰσχρά
3156 4903 3377 4972 ῥήματα
3396 4947 3410 4970 ,
3431 4886 3538 4959 καὶ
3557 4907 3806 4978 διάχυσις

2116 4971 2303 5028 ἅπασα
2318 4976 2657 5048 ἀπελήλαται
2674 5019 2686 5042 ,
2705 4981 2798 5033 καὶ
2813 4986 3049 5050 γυναῖκα
3065 4987 3379 5058 εὐσχήμονα
3395 4993 3489 5044 καὶ
3511 4971 3806 5066 ἐλευθέραν

2116 5059 2148 5126 ἡ
2177 5061 2330 5125 πόλις
2363 5066 2493 5134 ἡμῖν
2533 5077 2553 5104 ο
2594 5067 2781 5120 ἅπασα
2820 5073 3067 5139 μιμεῖται
3097 5073 3225 5135 νῦνς
3265 5075 3353 5129 διά
3387 5077 3561 5133 ταῦτα
3593 5059 3802 5150 ἀλγεῖς,

2115 5149 2235 5201 είπέ
2261 5168 2379 5220 μοι;
2417 5153 2517 5206 Διά
2542 5155 2716 5209 ταῦτα
2745 5158 2842 5227 μὲν
2865 5153 2958 5212 οὖν
2981 5161 3190 5232 χαίρειν
3223 5163 3432 5218 δίκαιον
3463 5170 3557 5222 καὶ
3582 5149 3804 5242 εὐχαρι-

2117 5239 2261 5290 στεῖν
2302 5239 2379 5308 τῷ
2420 5240 2558 5312 Θεῷ,
2602 5244 2686 5297 ὅτι
2728 5245 2999 5317 τοσαύτην
3036 5249 3294 5318 βλακείαν
3331 5253 3530 5323 ὀλίγων

2115 5322 2264 5394 φόϐῳ
2292 5324 2319 5364 ἀ
2357 5327 2642 5382 κατέλυσε.
2680 5330 2808 5393 Ναὶ,
2852 5335 3038 5404 φησὶν,
3071 5332 3186 5389 ἀλλ’
3216 5341 3264 5391 εί
3298 5341 3398 5411 μὲν
3430 5322 3799 5416 μέχριῄφόϐου

2118 5411 2276 5479 μόνον
2301 5414 2710 5486 ἐκινδυνεύομεν
2735 5461 2747 5483 ,
2775 5419 2963 5491 ἱκανὴν
2983 5422 3048 5475 ἂν
3069 5411 3800 5504 ἐκαρπωσάμεθατὴν-ὠφέ-

2113 5497 2280 5552 λειαν·
2314 5505 2430 5554 νυνὶ
2453 5502 2511 5556 δὲ
2538 5503 2851 5576 δεδοίκαμεν
2883 5509 2958 5579 μὴ
2992 5497 3302 5585 περαιτέρω
3335 5497 3670 5593 προέλθῃπὸ
3697 5497 3802 5577 δει-

2113 5585 2222 5648 νὺν,
2245 5589 2341 5642 καὶ
2361 5591 2488 5661 περὶ
2503 5591 2610 5644 τῶν
2631 5592 2871 5662 ἐσχάτων
2895 5596 3330 5672 κινδυνεύσωμεν
3355 5585 3612 5671 ἅπαντές.
3635 5609 3798 5666 Ἀλλά

2116 5672 2190 5742 μὴ
2235 5673 2476 5746 δείσητε,
2525 5677 2738 5742 Παῦλος
2788 5681 2931 5750 ὑμᾶς
2983 5689 3386 5756 παραμυθεῖται
3440 5691 3616 5761 λέγων
3647 5736 3659 5753 .
3710 5698 3794 5750 ὅτι

2111 5761 2334 5827 Πιστὸς
2362 5767 2394 5816 ό
2418 5763 2578 5828 Θεὸς,
2611 5765 2680 5831 ὃς
2707 5769 2818 5820 οὐκ
2842 5768 3008 5824 ἐάσει
3034 5771 3190 5841 ὑμᾶς
3218 5779 3614 5848 πειρασθῆναι
3640 5784 3796 5854 ὑπὲρ

2113 5846 2143 5898 ὃ
2175 5846 2459 5914 δύνασθε,
2495 5851 2656 5905 ἀλλὰ
2675 5853 2912 5920 ποιήσει
2945 5859 3066 5914 σὺν
3093 5859 3172 5925 τῷ
3200 5846 3509 5937 πειρασμῷ
3544 5846 3790 5942 κιιίήτὴί·

2179 5954 2202 6016 ἦ
2232 5953 2326 6001 Alii
2351 5959 2505 6016 ἡμῶν.

2179 6012 2205 6053 ά
2228 6016 2328 6067 Alii
2356 6012 2516 6081 φόϐος.
