4072 6384
366 407 426 462 8|
1343 404 1437 462 Al)
1466 400 1785 464 POPULUM
1825 404 2307 471 ANTIOCHENUM
2371 411 2600 469 llOMlL.
2644 411 2729 465 Ἦ.
3590 417 3657 471 83

371 537 481 578 tum
514 540 577 579 ex
607 540 664 579 se
690 522 971 595 pulchrum
1000 522 1207 577 videtur
1227 560 1241 589 ,
1270 524 1437 577 multo
1468 524 1737 594 pulchrius
1780 528 1957 579 autem
2062 520 2209 580 bitis.
2243 523 2350 580 Nec
2382 523 2482 580 hoc
2507 534 2588 580 est
2614 540 2883 596 magnum,
2913 526 3054 598 quod
3077 527 3299 583 invicem
3332 544 3427 582 nos
3456 529 3641 582 lauda-

371 614 527 670 nobis
555 614 821 669 videbitur
849 624 1033 669 nostro
1056 617 1488 684 circumpositum
1516 616 1725 686 corpori
1760 629 1776 681 ;
1807 616 1883 671 sic
1904 624 1961 671 et

371 705 466 760 Dei
495 704 745 761 mandata
770 704 987 774 pulchra
1010 705 1223 775 quidem
1247 715 1388 772 sunt,
1413 707 1571 760 etiam
1594 722 1714 761 cum
1743 705 1963 761 laudan-

365 805 494 860 tur;
535 796 702 849 multo
744 804 920 850 autem
982 795 1327 866 pulchriora,
1374 811 1494 851 cum
1557 805 1611 853 et
1653 799 1956 868 explentur,

368 898 651 959 apparent.
682 887 891 942 Etenim
919 902 1062 942 nunc
1102 890 1247 943 brevi
1280 891 1534 959 temporis
1563 900 1838 945 momento
1874 890 1959 944 di-

368 990 455 1032 cta
483 989 664 1033 nostra
688 978 951 1044 laudatis;
980 980 1023 1033 si
1048 994 1180 1033 vero
1206 994 1292 1034 res
1320 980 1606 1050 impleatis,
1632 997 1727 1051 per
1746 996 1959 1035 omnem

372 1072 538 1139 diem,
564 1082 620 1126 et
648 1086 740 1140 per
763 1086 923 1125 omne
946 1081 1175 1141 tempus,
1204 1082 1259 1125 et
1285 1086 1383 1127 nos
1408 1083 1462 1126 et
1491 1087 1585 1126 vos
1611 1072 1754 1143 ipsos
1782 1072 1967 1127 lauda-

2069 617 2245 673 bimus
2264 659 2280 684 ,
2310 618 2402 672 sed
2428 617 2569 687 quod
2600 627 2652 671 et
2682 619 2823 672 Deus
2859 634 2956 673 nos
2996 619 3249 689 suscipiet
3278 637 3291 672 :
3320 635 3417 674 nec
3450 630 3651 673 tantum

2066 710 2358 780 suscipiet,
2402 709 2496 763 sed
2527 717 2581 763 et
2623 711 2830 780 magnis
2860 710 2964 763 illis
3006 711 3434 764 retminerabitur
3476 720 3528 764 et
3568 711 3645 764 ἰιιι

2068 801 2366 856 ell'abilibus
2390 801 2545 856 donis
2579 819 2590 854 :
2620 817 2735 871 qua:
2768 816 2866 855 nos
2893 818 3080 857 omnes
3120 803 3328 873 assequi
3358 804 3651 873 coiitingat,

2067 892 2234 961 gratia
2264 891 2473 945 Domini
2505 892 2671 946 nostri
2700 891 2825 946 Jesu
2853 890 3088 959 Christi,
3141 907 3235 962 per
3269 910 3425 963 quem
3455 903 3508 947 et
3534 910 3654 946 cum

2069 997 2173 1052 quo
2205 981 2345 1036 Patri
2392 982 2561 1051 gloria
2609 998 2713 1036 una
2759 998 2880 1037 cmn
2926 994 3111 1038 sancto
3155 985 3376 1054 Spiritu,
3426 1002 3565 1039 nunc
3604 994 3657 1038 t-t

2072 1088 2303 1143 semper,
2332 1081 2383 1129 et
2410 1074 2462 1126 in
2492 1076 2687 1128 Stecula
2712 1075 3049 1130 smculorum.
3089 1076 3279 1129 Amen.

367 1303 542 1356 ριόι)
586 1303 791 1345 υτιιιε
833 1302 945 1344 EST
988 1302 1489 1345 MAGISTRATUUM
1533 1299 1758 1355 TIMOR,
1806 1299 1888 1342 ET
1929 1300 1964 1342 N

2071 1299 2251 1343 RATIO
2296 1299 2539 1353 EOBUM,
2585 1298 2728 1351 ΟΠΞ
2772 1300 2893 1341 PER
2937 1300 3093 1344 νιΑΜ
3135 1300 3538 1344 ACCIDERUNT
3582 1299 3661 1341 HS

452 1404 561 1457 QUI
606 1403 895 1445 NUNTIUM
940 1402 1293 1445 SEDITIONIS
1335 1400 1726 1443 IMPERATORI
1764 1400 2183 1441 AFFEREBANT
2231 1402 2245 1439 ἒ

2294 1401 2373 1440 ΕΤ
2417 1398 2586 1451 QUOD
2616 1398 2723 1450 QUI
2758 1398 3022 1441 lNDlGNA
3058 1399 3333 1441 PATITUR
3392 1400 3470 1442 ET
3497 1400 3664 1443 ΕΒΔ-³

452 1503 591 1546 TIAS
636 1502 783 1545 AGIT
826 1502 1260 1543 PERMIT'IENTI
1306 1500 1455 1555 DEO,
1502 1500 1624 1542 PAR
1663 1500 1763 1542 SIT
1807 1500 1869 1540 El
1914 1499 2023 1550 QUI
2050 1500 2237 1541 TALIA
2269 1499 2555 1541 PROPTER
2582 1500 2760 1542 υΕυιι
2797 1500 3094 1543 PATITUR.
3138 1501 3434 1543 EXEMPIJ
3492 1502 3646 1544 BER-

453 1604 574 1645 SUH
606 1605 640 1645 Δ
688 1601 914 1644 TRIBUS
958 1602 1178 1645 PUERIS

1225 1601 1304 1643 ET
1348 1599 1634 1644 FORNACE
1680 1599 2071 1642 BABYLONICA
2118 1600 2132 1639 2

2182 1599 2260 1639 ΕΤ
2304 1600 2386 1639 DE
2428 1599 2847 1643 ABSTINENTIA
2892 1601 2931 1643 Δ
2973 1600 3392 1643 JURAMENTIS.

1661 1717 2384 1757 mustum-smmum

1020 1876 1239 1917 HOHILIA
1278 1877 1349 1914 γι.

454 2003 504 2056 ι.
547 1999 736 2054 Multos
761 1998 974 2069 quidem
1022 1996 1377 2067 impendimus
1410 1996 1852 2055 dieseharitatetu
1875 2009 1971 2050 ve-

374 2106 543 2150 stram
577 2091 954 2147 cousolantes:
988 2103 1093 2142 non
1117 2097 1396 2157 promerea
1431 2098 1607 2141 tamen
1651 2089 1717 2141 ab
1746 2086 1845 2141 hac
1872 2086 1968 2140 de-

378 2185 634 2237 sistemus
658 2182 911 2243 materia;
944 2180 1035 2235 sed
1058 2179 1229 2234 donec
1259 2179 1485 2232 tristitia:
1517 2178 1708 2232 vulnus
1755 2193 1968 2231 reman-

377 2277 528 2338 serit,
576 2272 959 2328 consolationis
1014 2270 1461 2326 medicamentum
1510 2271 1865 2340 imponemus.
1914 2270 1967 2324 Si

377 2366 524 2421 enim
556 2366 795 2435 corporis
820 2364 1041 2419 vulnera
1068 2378 1257 2417 curare
1304 2378 1409 2416 non
1453 2361 1703 2416 desinunt
1754 2361 1968 2427 medici,

376 2456 550 2510 donec
569 2455 827 2510 desivisse
863 2454 1103 2508 dolorem
1136 2453 1399 2507 viderint:
1453 2453 1619 2506 multo
1658 2452 1826 2521 magis
1870 2451 1971 2505 hoc

382 2550 437 2600 in
467 2546 643 2600 anima
682 2546 796 2600 ﬁeri
827 2545 1098 2600 convenit.
1145 2543 1358 2609 Etenim
1410 2544 1603 2597 anima:
1652 2544 1842 2596 vulnus
1888 2552 1971 2597 est

382 2638 618 2703 tristitia,
677 2647 733 2691 et
776 2638 943 2706 ipsam
994 2638 1245 2690 continue
1299 2635 1508 2690 leuibus
1556 2634 1736 2689 fovere
1791 2634 1969 2689 verbis

378 2740 634 2798 oportet:
687 2745 784 2784 nec
824 2731 964 2783 enim
1016 2731 1085 2783 ita
1138 2729 1317 2783 carnis
1366 2738 1627 2783 tumorem
1677 2727 1966 2782 calidarum

380 2820 518 2875 solet
559 2836 815 2891 aquarum
872 2831 1056 2876 natura
1106 2821 1397 2886 remittere,
1451 2828 1509 2874 ut
1551 2822 1743 2874 anima:
1781 2829 1967 2874 testum

380 2913 773 2966 consolantium
802 2913 953 2982 copia
983 2927 1289 2967 sermonum
1318 2911 1505 2966 sedare
1525 2910 1819 2966 consuevit.
1853 2910 1967 2965 Non

381 3001 468 3056 hic
495 3017 630 3071 opus
672 3005 912 3073 spongia,
965 3003 1102 3056 sicut
1156 3001 1397 3068 medicis,
1448 3002 1541 3056 sed
1597 3017 1695 3073 pro
1745 3002 1967 3071 spongia

381 3091 616 3159 linguam
647 3095 994 3147 tractabimus
1020 3112 1032 3148 :
1063 3109 1167 3147 non
1199 3093 1287 3147 hic
1312 3108 1446 3163 Opus
1477 3094 1617 3164 igne,
1654 3109 1760 3163 quo
1802 3108 1969 3163 aquas

378 3182 775 3248 calefaciamus,
800 3185 890 3237 sed
921 3200 1017 3253 pro
1071 3183 1191 3254 igne
1237 3183 1464 3252 Spiritus
1510 3186 1678 3254 gratia
1736 3194 1968 3239 utemur.

379 3278 493 3345 Age
523 3276 680 3345 igitur
708 3284 761 3329 et
803 3276 961 3329 hodie
989 3274 1092 3330 hoc
1128 3276 1300 3345 ipsum
1336 3273 1607 3328 faciamus.
1659 3272 1768 3329 Nisi
1823 3274 1967 3330 enim

380 3382 478 3423 nos
506 3369 921 3422 Consolationem
943 3368 1093 3423 vobis
1139 3367 1495 3431 attulerimus,
1548 3367 1687 3421 unde
1726 3368 1964 3422 solamen

381 3461 591 3515 abunde
644 3461 918 3530 capietis?
963 3460 1179 3516 Judices
1227 3469 1446 3525 terrent,
1499 3460 1618 3516 ideo
1661 3462 1967 3516 sacerdotes

379 3551 771 3606 consolentur:
820 3555 1160 3620 magistratus
1202 3552 1505 3615 minantur,
1557 3551 1676 3606 ideo
1728 3552 1965 3607 Ecclesia

380 3643 683 3697 confirmet.
704 3643 908 3697 Etenim
935 3644 1106 3698 hocin
1124 3644 1359 3714 parvulis
1378 3645 1587 3707 evenit;
1614 3656 1967 3714 prteceptores

382 3743 605 3798 terrent,
635 3742 688 3787 et
718 3735 1021 3801 verberant,
1050 3745 1103 3789 et
1133 3736 1488 3805 laerymantes
1518 3735 1585 3789 ad
1633 3746 1829 3790 matres
1875 3751 1965 3791 re-

379 3827 853 3881 mittuntzmatres
874 3842 998 3881 vero
1022 3828 1141 3881 sinu
1187 3827 1540 3897 suscipientes
1590 3828 1870 3882 continent
1912 3837 1967 3883 et

379 3919 911 3987 circumplectuntur,
941 3928 995 3974 et
1024 3919 1285 3990 laerymas
1331 3919 1672 3989 detergentes
1711 3921 1965 3974 osculan-

382 4022 489 4077 tur,
518 4018 570 4064 et
615 4010 882 4065 dolentem
914 4012 1151 4080 ipsorum
1195 4010 1428 4065 animam
1478 4011 1738 4075 relevant,
1788 4012 1966 4066 verbis

381 4102 782 4170 persuadentes,
806 4102 973 4171 ipsius
997 4103 1177 4156 utilem
1200 4116 1318 4157 esse
1336 4112 1721 4173 praeceptorum
1740 4112 1963 4158 metum.

453 4192 845 4263 Magistratuum
874 4194 1023 4246 timor
1048 4195 1207 4247 utilis.
1238 4224 1310 4234 —
1334 4194 1592 4260 Quoniam
1622 4196 1777 4264 igitur
1798 4203 1851 4248 et
1872 4208 1965 4248 vos

382 4294 685 4340 terruerunt
713 4288 1070 4356 magistratus,
1120 4296 1175 4342 et
1226 4287 1414 4342 anxios
1470 4288 1831 4352 reddiderunt,
1862 4286 1966 4341 Ec-

379 4376 540 4430 clesia
571 4378 870 4430 communis
899 4379 1134 4431 omnium
1152 4389 1323 4431 mater
1334 4386 1512 4432 nostra
1529 4378 1676 4432 sinus
1693 4378 1961 4447 aperiens,

380 4481 437 4523 et
460 4470 663 4540 supinis
710 4471 1008 4540 suscipiens
1052 4472 1298 4525 manibus
1347 4472 1582 4542 quotidie
1633 4472 1959 4539 consolatur,

378 4564 562 4617 dicens
579 4563 762 4617 utilem
786 4579 905 4618 esse
930 4566 1333 4633 magistratuum
1357 4576 1578 4630 metum,
1594 4566 1777 4620 utilem
1801 4567 1962 4621 etiam

380 4654 504 4708 hinc
530 4654 817 4724 profectam
848 4654 1294 4709 consolationem.
1340 4655 1553 4708 lllorum
1597 4656 1737 4709 enim
1788 4664 1963 4712 metus

382 4764 485 4801 nou
534 4748 658 4801 sinit
681 4762 780 4801 nos
809 4756 1023 4815 torpore
1048 4747 1297 4809 dissolvi;
1330 4747 1482 4816 hujus
1505 4757 1680 4800 autem
1713 4750 1962 4802 consola-

384 4839 457 4891 tio
502 4838 601 4891 sub
632 4837 846 4891 tristitia
892 4838 1243 4892 succumbere
1283 4853 1385 4891 non
1435 4840 1727 4908 permittit:
1772 4849 1826 4894 et
1873 4857 1965 4911 per

384 4942 604 4998 utraque
633 4930 770 4983 Deus
792 4929 1016 4982 salutent
1050 4939 1284 4983 nostram
1316 4930 1567 4999 diSpOnit.
1592 4928 1724 4985 Nam
1770 4944 1821 4986 et
1855 4949 1967 4987 ma-

379 5024 635 5091 gistratus
669 5024 784 5090 ipse
826 5022 1072 5085 armavit,
1124 5031 1181 5075 ut
1234 5022 1568 5077 lascivicntcs
1613 5033 1883 5080 terreant:
1912 5036 1965 5080 et

379 5114 686 5166 sacerdotes
713 5113 825 5181 ipse
856 5111 1035 5181 elegit,
1093 5121 1147 5165 ut
1201 5111 1444 5167 dolentes
1485 5115 1874 5169 consolentur:
1910 5126 1965 5171 et

382 5203 497 5257 btet:
518 5214 740 5272 utraque
773 5211 892 5272 post
913 5202 1237 5271 Scripturas,
1264 5203 1375 5274 ipsa
1399 5204 1561 5258 etiam
1591 5221 1768 5261 rerum
1793 5223 1960 5276 expc-

382 5295 569 5349 rientia
598 5294 755 5348 docet
780 5296 825 5345 ¹.
859 5293 913 5348 Si
945 5295 1087 5349 enim
1113 5310 1233 5349 cum
1260 5310 1367 5348 non
1390 5295 1640 5350 deessent
1680 5301 1963 5367 magistra-

380 5399 488 5454 tus,
517 5398 566 5442 et
598 5389 793 5443 milites
820 5388 869 5441 in
890 5389 1054 5443 armis
1075 5399 1269 5458 pra-sto
1287 5400 1484 5452 essent,
1511 5391 1655 5444 furor
1674 5407 1961 5460 paucorum

380 5482 654 5535 hominum
688 5482 1108 5550 promiseuorum
1133 5491 1184 5536 et
1213 5482 1537 5537 advenarum
1580 5485 1723 5539 brevi
1754 5494 1961 5556 tempo-

379 5579 451 5631 ris
482 5584 757 5629 momento
787 5583 989 5629 tantum
1010 5576 1484 5633 nobisiueendium
1508 5580 1651 5647 fecit,
1680 5589 1734 5635 et
1762 5591 1959 5636 tantam

377 5665 627 5719 excitavit
653 5665 962 5734 procellam,
990 5674 1043 5720 et
1065 5666 1131 5721 de
1161 5666 1434 5738 naufragio
1463 5680 1686 5726 cunctos
1722 5682 1961 5728 metuere

445 5818 461 5852 ί
499 5820 689 5882 Aliquot
711 5828 816 5870 Mss.
846 5834 857 5869 :
890 5821 1195 5883 experientia
1216 5822 1405 5875 clamat.

2077 1866 2371 1934 Compulit:
2404 1865 2447 1918 si
2481 1866 2886 1933 magistratuum
2930 1875 3104 1917 metus
3149 1863 3368 1916 omnino
3420 1861 3659 1917 sublatus

2078 1957 2261 2011 luisset
2280 1997 2294 2022 ,
2324 1956 2390 2010 ad
2415 1955 2537 2025 quid
2567 1956 2760 2009 furoris
2791 1956 2875 2009 isti
2906 1970 3010 2009 non
3052 1954 3368 2008 venissent?
3410 1970 3586 2008 nonne
3630 1971 3659 2007 a

2080 2048 2443 2103 fundamentis
2464 2047 2603 2103 hanc
2625 2048 2780 2102 nobis
2807 2048 2991 2103 urbem
3024 2048 3369 2111 evertissent,
3402 2057 3458 2102 et
3484 2048 3661 2101 omnia

2076 2138 2483 2204 confundentes,
2520 2140 2664 2209 ipsas
2690 2139 2904 2193 demum
2930 2139 3137 2192 animas
3161 2149 3370 2192 nostras
3397 2139 3651 2193 abstulis-

2074 2230 2232 2283 sent?
2258 2228 2313 2285 Si
2335 2229 2479 2284 enim
2502 2229 2773 2299 judicialia
2800 2229 3079 2283 sustuleris
3102 2228 3404 2293 tribunalia,
3438 2244 3654 2283 omnem

2074 2321 2197 2375 vita:
2224 2329 2422 2375 nostrae
2450 2320 2694 2375 ordinem
2716 2318 2998 2373 sustuleris
3024 2334 3038 2370 :
3071 2326 3126 2371 et
3158 2318 3297 2371 sicut
3315 2317 3358 2371 si
3389 2317 3651 2387 guberna-

2078 2417 2246 2468 torem
2277 2427 2307 2466 a
2334 2412 2455 2466 navi
2487 2410 2845 2480 separavcris,
2875 2409 3128 2477 scapham
3182 2407 3560 2473 submerseris,
3608 2418 3661 2462 et

2074 2505 2117 2557 si
2145 2502 2336 2558 ducem
2359 2502 2427 2557 ab
2455 2502 2696 2557 exercitu
2724 2500 3033 2567 abduxeris,
3058 2500 3267 2554 vinctos
3292 2500 3531 2555 h05tibus
3557 2508 3664 2553 tra-

2073 2595 2272 2651 dideris
2300 2596 2502 2651 milites
2526 2612 2538 2647 :
2568 2595 2639 2649 ita
2667 2594 2711 2648 si
2735 2594 3078 2664 magistratus
3102 2592 3168 2647 de
3188 2592 3492 2647 civitatibus
3541 2592 3664 2647 abs-

2074 2689 2282 2755 tuleris,
2340 2688 2469 2744 feris
2510 2686 2968 2742 irrationabilibus
3019 2686 3190 2755 magis
3235 2682 3659 2739 irrationabilem

2073 2782 2328 2853 degemus
2354 2782 2534 2842 vitam.
2571 2782 2712 2835 inter
2740 2794 2835 2834 nos
2862 2778 3169 2834 mordentes
3195 2786 3250 2833 et
3275 2791 3371 2831 nos
3397 2777 3657 2831 devoran«

2076 2885 2174 2941 tes,
2197 2875 2570 2944 pauperiorem
2588 2874 2759 2937 dives,
2793 2871 3145 2926 infirmiorem
3176 2868 3466 2939 potentior,
3500 2883 3655 2931 man-

2073 2968 2364 3021 suetiorem
2395 2966 2673 3020 audacior.
2706 2964 2811 3021 Sed
2845 2964 3035 3019 horum
3066 2963 3199 3017 nihil
3244 2976 3387 3015 nunc
3431 2970 3514 3014 est
3557 2975 3654 3028 per

2077 3059 2167 3113 Dei
2196 3060 2419 3129 gratiam
2445 3075 2457 3111 :
2489 3058 2541 3111 in
2572 3056 2832 3127 religione
2861 3055 3006 3110 enim
3052 3055 3294 3108 viventes
3347 3050 3477 3106 nihil
3524 3066 3657 3120 Opus

2074 3151 2265 3205 horum
2293 3150 2489 3205 habent
2513 3149 2893 3204 correctione:
2941 3143 3091 3199 Iusto
3126 3148 3269 3200 enim
3308 3143 3391 3198 lea:
3432 3158 3535 3195 non
3585 3150 3657 3194 est

2074 3243 2256 3312 posita,
2290 3239 2732 3311 inquit(t.Tim.
2762 3240 2814 3292 l.
2841 3238 2918 3308 9).
2975 3234 3124 3289 Multi
3176 3248 3306 3289 vero
3352 3232 3419 3287 ad
3466 3230 3654 3286 vitium

2071 3341 2397 3402 spectantes,
2428 3332 2529 3386 nisi
2549 3334 2691 3385 hunc
2714 3329 3083 3384 imminentem
3103 3326 3352 3380 timorem
3373 3324 3653 3386 haberent,

2073 3424 2294 3479 infinitis
2364 3423 2548 3493 utique
2605 3422 2759 3475 malls
2828 3420 3070 3475 civitates
3125 3417 3482 3487 implessent,
3536 3429 3655 3484 qua:

2071 3514 2267 3569 Paulus
2288 3528 2498 3583 quoque
2521 3527 2848 3581 cognoscens
2870 3510 3080 3565 dicebat
3103 3527 3116 3563 :
3155 3507 3274 3563 Non
3294 3508 3426 3561 enim
3455 3515 3525 3560 est
3555 3522 3651 3575 po-

2071 3616 2239 3670 testas,
2271 3606 2365 3659 nisi
2386 3623 2416 3657 a
2440 3604 2545 3659 Deo
2567 3622 2585 3659 :
2608 3614 2653 3658 et
2682 3620 2794 3674 qua:
2818 3612 2934 3658 sunt
2963 3611 3245 3672 potestates,
3295 3615 3325 3651 a
3354 3598 3461 3651 Deo
3515 3595 3654 3650 ordi-

2070 3712 2204 3754 nata:
2227 3709 2340 3754 sunt
2363 3700 2549 3768 (Rom.
2584 3700 2671 3753 15.
2704 3698 2778 3769 1).
2807 3697 2958 3764 Quod
2989 3696 3130 3751 enim
3178 3696 3232 3748 in
3278 3691 3525 3747 domibus
3579 3689 3651 3743 fa-

2069 3794 2216 3847 ciunt
2258 3793 2521 3861 lignorum
2571 3791 3015 3861 contignationes,
3066 3786 3167 3840 hoc
3220 3785 3557 3853 magistratus
3600 3782 3655 3834 in

2069 3885 2409 3939 civitatibus:
2442 3893 2496 3939 et
2521 3884 2657 3937 sicut
2683 3884 2726 3937 si
2757 3883 2875 3936 illas
2893 3879 3193 3943 sustuleris,
3225 3875 3463 3930 dissoluti
3486 3873 3657 3943 parie-

2072 3985 2150 4030 tes
2175 3992 2267 4046 per
2286 3991 2405 4032 sese
2432 3984 2690 4030 corruunt
2719 3992 2732 4027 :
2765 3973 2836 4026 ita
2885 3973 2930 4026 si
2978 3986 3043 4024 ex
3093 3968 3290 4023 mundo
3316 3966 3657 4035 magistratus

2073 4069 2224 4123 tollas
2240 4076 2294 4123 et
2316 4068 2502 4121 horum
2533 4076 2754 4130 metum,
2784 4072 2837 4118 et
2862 4063 3051 4117 domus
3075 4071 3127 4115 et
3154 4060 3397 4115 civitates
3424 4066 3478 4111 et
3519 4071 3653 4125 gen-

2071 4168 2149 4213 tes
2170 4174 2291 4212 cum
2320 4159 2480 4213 multa
2513 4159 2650 4212 inter
2676 4171 2733 4211 se
2755 4155 2965 4210 licentia
2990 4160 3263 4215 corruent,
3300 4149 3517 4204 nemine
3536 4147 3654 4201 exi-

2070 4260 2243 4304 stente
2271 4251 2358 4320 qui
2386 4252 2658 4304 contineat
2680 4260 2733 4303 et
2761 4247 3006 4317 repellat,
3037 4255 3091 4300 et
3122 4259 3292 4314 poena:
3322 4243 3515 4296 timore
3557 4254 3652 4295 eos

2069 4342 2351 4410 quiescere
2377 4340 2712 4411 persuadeat.

2140 4431 2509 4485 (Erumnarum
2535 4430 2740 4484 utilitas.
2767 4427 2915 4481 —-Ne
2940 4428 3096 4497 igitur
3114 4425 3411 4490 doleamus,
3455 4423 3655 4488 dilecti,

2070 4536 2284 4595 propter
2304 4524 2702 4592 magistratuum
2732 4529 2961 4583 metum;
2989 4532 3172 4571 verum
3210 4524 3267 4570 et
3309 4516 3419 4571 Deo
3456 4515 3656 4585 gratias

2069 4632 2288 4687 agamus
2314 4616 2452 4685 quod
2478 4626 2741 4683 torporem
2768 4621 3006 4666 nostrum
3048 4609 3399 4678 corripuerit,
3452 4618 3505 4662 et
3556 4621 3655 4662 nos

2068 4709 2432 4777 diligentiores
2483 4705 2736 4760 effecerit.
2782 4704 2932 4770 Quod
2991 4703 3131 4756 enim
3163 4743 3178 4765 ,
3235 4716 3449 4771 qna-so,
3496 4699 3650 4754 dam-

2071 4816 2195 4852 num
2219 4798 2413 4852 factuin
2436 4807 2517 4851 est
2546 4813 2609 4850 ex
2656 4812 2783 4849 cura
2815 4803 2869 4849 et
2919 4793 3278 4847 sollicitudine
3334 4791 3471 4845 ista?
3510 4791 3653 4861 quod

2072 4890 2400 4942 honestiores
2425 4888 2545 4941 facti
2593 4887 2760 4940 simus
2801 4894 2855 4939 et
2891 4884 3312 4937 mansuetiores?
3342 4883 3482 4951 quod
3529 4882 3653 4936 dili-

2068 4982 2339 5052 gentiores
2369 4990 2423 5035 et
2446 4978 2804 5035 attentiores?
2829 4978 2966 5048 quod
2994 4978 3201 5032 ebrium
3248 4986 3302 5030 et
3351 4976 3652 5031 meretricia

2069 5083 2346 5129 canentem
2373 5074 2581 5127 cantica
2629 5072 2905 5126 videamus
2933 5070 3243 5125 neminem?
3271 5069 3413 5138 quod
3454 5067 3653 5136 suppli-

2069 5168 2309 5221 cationes
2335 5166 2622 5231 continute,
2653 5174 2706 5219 et
2733 5165 2981 5236 Iacrymte
3009 5172 3065 5218 et
3086 5164 3313 5232 preces?
3344 5162 3484 5232 qttod
3510 5164 3650 5215 risus

2070 5259 2421 5328 importunus,
2446 5267 2499 5312 et
2526 5258 2697 5327 turpia
2717 5258 2898 5322 verba,
2922 5264 2975 5309 et
3001 5256 3172 5309 omnis
3195 5254 3406 5308 lascivia
3430 5252 3649 5321 expulsa

2069 5352 2155 5415 sit,
2181 5359 2232 5403 et
2261 5350 2537 5403 mulierem
2565 5348 2860 5402 modestam
2911 5355 2962 5401 et
2992 5346 3211 5402 liberam
3240 5345 3425 5398 civitas
3468 5354 3651 5399 nostra

2070 5454 2176 5499 tota
2208 5461 2347 5498 nunc
2367 5442 2639 5497 imitetur?
2671 5451 2887 5511 propter
2908 5440 3023 5494 litae
3044 5438 3233 5494 doles?
3262 5438 3397 5505 Quin
3421 5436 3653 5506 gaudere

2071 5544 2284 5607 promer
2310 5535 2424 5591 hmc
2448 5545 2501 5589 et
2528 5535 2637 5590 Deo
2657 5535 2856 5604 gratias
2883 5548 3040 5603 agere
3067 5532 3233 5599 magis
3252 5538 3479 5598 oportet,
3509 5526 3649 5597 quod

2070 5636 2268 5683 tantam
2295 5627 2570 5682 mollitiem
2605 5640 2890 5695 paucorum
2921 5623 3125 5677 dierum
3154 5620 3439 5675 formidine
3476 5619 3651 5674 resol-

2067 5723 2224 5776 verit.
2255 5720 2371 5776 Non
2395 5735 2552 5790 nego,
2581 5719 2784 5789 inquit;
2817 5716 2910 5772 sed
2956 5715 3001 5769 si
3028 5714 3092 5769 ad
3121 5724 3317 5768 metum
3342 5727 3507 5783 usque
3530 5724 3649 5766 tan-

2066 5824 2176 5870 tum
2206 5814 2644 5884 periclitaremur,
2696 5811 2825 5866 satis
2852 5822 3092 5865 essemus
3118 5806 3356 5862 utilitatis
3410 5805 3595 5895 luctati
3628 5822 3645 5861 ;
