4072 6384
428 344 498 402 83
1151 346 1204 404 S.
1248 347 1524 407 JOANNIS
1559 350 2033 411 CIIRYSOSTOMI
2071 357 2386 418 ARCHIEP.
2427 362 2954 421 CONSTANTINOP.
3417 347 3421 352 '
3631 352 3697 427 84

429 471 573 511 Illinc
604 470 732 511 vero
761 455 1008 511 timemus
1039 473 1105 512 ne
1143 459 1367 515 ulterius
1389 461 1584 516 malum
1615 464 1904 534 procedat,
1958 477 2012 524 et

431 549 498 602 de
529 548 730 602 ultimis
757 547 1121 617 periclitemur
1145 565 1352 606 omnes.
1377 551 1482 607 Sed
1512 569 1580 608 ne
1603 555 1852 623 timentis,
1879 558 2013 614 Pau-

433 639 516 694 Ius
535 655 628 694 vos
658 641 964 695 c0usolatur
989 641 1175 696 dicens
1202 662 1215 698 :
1251 642 1444 699 Fidelis
1465 657 1536 699 est
1579 645 1736 714 Deus,
1786 650 1872 718 qui
1915 667 2015 704 non

430 731 556 784 sinet
582 745 666 784 vos
691 732 871 785 tentari
896 734 1008 800 plus
1030 749 1181 804 quam
1206 737 1430 802 potestis,
1481 737 1570 790 sed
1615 740 1760 808 faciet
1812 750 1861 794 et
1903 758 2018 794 cum

436 822 707 874 tentatione
735 832 1046 890 proventum,
1077 832 1129 875 ut
1175 826 1375 893 possitis
1400 824 1612 893 stt/ferre
1643 828 1717 899 (I.
1743 829 1860 883 Cor.
1923 832 2010 885 10.

435 913 543 980 I3).
577 909 603 962 l
611 928 699 980 pse
723 912 852 965 enim
878 913 1024 977 dixit,
1060 911 1114 966 Ν
1117 931 1182 968 on
1203 924 1248 967 te
1275 917 1544 980 dimittam,
1565 934 1720 988 neque
1735 929 1782 974 te
1801 921 2016 976 derelin-

435 1001 626 1071 quam(
657 999 814 1054 Helr.
850 1003 939 1055 15.
963 1003 1020 1064 5;
1063 1001 1217 1056 Deut.
1249 1005 1338 1062 3|.
1367 1006 1432 1070 6;
1463 1005 1578 1061 Jos.
1613 1009 1662 1062 I.
1690 1010 1764 1080 5).
1795 1011 1849 1065 Si
1877 1014 2018 1066 cnim

436 1091 596 1144 rebus
629 1092 756 1160 ipsis
784 1093 1046 1162 castigare
1073 1095 1256 1158 vellet,
1287 1105 1341 1148 ct
1369 1098 1627 1152 malorum
1651 1102 1978 1170 experientia
2003 1145 2017 1166 ,

431 1199 540 1240 non
568 1192 646 1237 tot
673 1183 863 1238 diebus
896 1199 992 1237 nos
1017 1185 1192 1240 timori
1224 1187 1566 1244 tradidisset:
1597 1207 1716 1245 cum
1747 1195 1888 1248 enim
1919 1211 2018 1265 pu-

438 1276 554 1330 nire
603 1275 852 1336 noluerit,
885 1285 1080 1343 terret;
1113 1279 1363 1347 quoniam
1417 1280 1462 1334 si
1512 1283 1790 1350 puuiturus
1843 1293 2020 1350 esset,

440 1368 601 1422 timor
626 1378 769 1423 esset
797 1368 1119 1437 superﬂuus,
1151 1371 1435 1439 superflua:
1467 1375 1645 1428 minas.
1693 1375 1844 1430 Nunc
1895 1392 2024 1432 vero

441 1459 736 1514 innumeris
765 1461 1026 1513 mortibus
1051 1463 1349 1531 graviorem
1375 1465 1534 1519 vitam
1559 1467 1928 1536 sustinuimus,
1951 1478 2026 1523 tot

436 1550 628 1604 diebus
651 1550 974 1620 trepidantes
1001 1561 1055 1605 et
1088 1563 1396 1618 trementes,
1441 1566 1494 1610 et
1523 1557 1664 1627 ipsas
1690 1559 1906 1612 umbras
1935 1575 2024 1614 re-

438 1639 814 1707 formidantes,
842 1651 1001 1710 atque
1029 1642 1194 1712 ipsius
1215 1643 1342 1698 Cain
1365 1660 1577 1715 pmnam
1611 1647 1838 1715 luentes,
1890 1657 1945 1702 et
1995 1663 2026 1703 e

441 1733 622 1787 medio
645 1748 835 1788 somno
866 1749 974 1803 pra:
1003 1737 1256 1790 continua
1283 1739 1552 1792 anxietate
1573 1739 1907 1805 exsilientes,
1956 1739 2026 1793 ita

442 1827 568 1879 utsi
597 1825 756 1880 etiam
790 1827 953 1881 Demn
1004 1827 1384 1894 irritassemus,
1441 1846 1584 1884 nunc
1632 1840 1831 1885 tantam
1887 1831 2028 1900 passi

443 1932 680 1986 pmnam,
733 1917 1152 1974 reddidissemus
1201 1921 1508 1989 propitium.
1567 1922 1678 1976 Etsi
1722 1923 1863 1978 enim
1922 1939 2028 1977 non

443 2010 660 2078 digumn
684 2019 902 2079 peccato
931 2011 1250 2081 supplicium
1277 2012 1545 2082 dedimus,
1581 2015 1672 2070 Dei
1701 2026 1880 2071 tamen
1922 2016 2032 2071 cle-

449 2099 664 2154 tucntia:
691 2099 904 2154 sufﬁcit.

516 2191 572 2244 2.
616 2190 801 2244 Nuntii
821 2192 1078 2248 seditionis
1105 2193 1432 2249 Antiocheme
1456 2196 1509 2249 in
1533 2196 1613 2249 via
1635 2211 1801 2250 moras
1830 2196 2033 2250 trahere

447 2292 713 2352 rogantur.
744 2311 815 2323 -—-
839 2283 955 2338 Non
985 2293 1188 2338 tantum
1209 2296 1386 2340 autem
1414 2299 1480 2338 ex
1509 2285 1628 2350 hoc,
1659 2285 1754 2340 sed
1781 2287 1942 2340 etiam
1965 2303 2032 2340 ex

365 2384 372 2392 '
449 2372 571 2426 aliis
622 2373 800 2426 multis
850 2374 1119 2430 conlidere
1165 2385 1376 2445 oportet
1415 2391 1428 2428 :
1481 2392 1586 2431 non
1634 2375 1776 2430 enim
1825 2376 2030 2430 modica

447 2465 604 2519 nobis
634 2465 786 2518 bonae
811 2467 924 2535 spei
947 2466 1166 2537 pignora
1191 2467 1300 2537 jam
1325 2468 1466 2522 Deus
1490 2467 1658 2523 dedit.
1689 2469 1754 2522 Et
1777 2468 1918 2538 quod
1949 2477 2032 2522 est

447 2558 688 2612 omniurn
721 2559 974 2627 primum,
1008 2560 1096 2628 qui
1125 2560 1323 2614 malum
1351 2561 1580 2614 attulere
1603 2559 1869 2624 nuntium,
1908 2559 2032 2613 hinc

448 2649 993 2720 velutalatidigresSi,
1022 2660 1074 2704 et
1093 2650 1292 2705 dudum
1321 2652 1386 2705 ad
1409 2661 1582 2706 castra
1604 2667 1663 2706 se
1688 2660 2034 2722 perventuros

447 2757 571 2798 esse
609 2749 876 2809 putantes,
928 2742 1069 2796 circa
1100 2743 1330 2797 medium
1363 2743 1539 2797 adhuc
1591 2744 1691 2798 iter
1722 2753 2030 2806 morantur;

451 2845 530 2890 tot
556 2835 828 2889 obstacula
857 2843 912 2890 et
959 2835 1336 2904 impedimenta
1392 2837 1522 2906 ipsis
1576 2836 1929 2901 acciderunt,
1980 2843 2036 2889 et

447 2941 618 2996 equos
644 2924 993 2990 dimittentes,
1016 2940 1158 2980 nunc
1177 2925 1418 2981 vehicula
1437 2935 1600 2996 agunt
1621 2944 1634 2980 :
1658 2925 1799 2981 unde
1817 2939 2036 2980 necesse

449 3029 534 3072 est
552 3033 648 3072 eos
678 3018 802 3072 illuc
819 3018 1020 3072 tardius
1045 3029 1396 3087 perventuros
1411 3033 1550 3074 esse.
1577 3018 1866 3088 Postquam
1890 3018 2032 3072 enim

447 3110 742 3163 antistitem
768 3118 1008 3163 nostrum
1034 3118 1089 3163 et
1111 3125 1448 3164 communem
1483 3118 1687 3178 patrem
1716 3109 1856 3163 Deus
1909 3107 2035 3161 hinc

446 3201 746 3263 suscitavit,
777 3209 832 3255 et
879 3201 1144 3269 persuasit
1191 3202 1361 3266 abire,
1416 3209 1466 3254 et
1517 3201 1668 3254 obire
1721 3200 2035 3269 legationem

455 3292 609 3355 hanc,
644 3306 770 3344 mox
808 3289 925 3344 illos
962 3292 1102 3344 circa
1150 3290 1382 3344 medium
1428 3290 1632 3343 itineris
1678 3297 2038 3359 consequutus

450 3389 553 3445 est,
587 3395 654 3434 ne
679 3380 1064 3449 praevenientes
1088 3382 1260 3449 ignem
1291 3381 1700 3443 succendereut,
1742 3389 1795 3433 et
1818 3380 1869 3432 in
1914 3379 2036 3432 reli-

451 3490 613 3543 quum
638 3472 1022 3526 correctionem
1046 3472 1250 3526 doctori
1283 3472 1522 3526 inutilem
1551 3471 1856 3535 redderent,
1876 3469 2038 3540 regiis

453 3565 674 3616 auribus
704 3564 1063 3617 inflammatis.
1089 3563 1241 3629 Quod
1269 3564 1411 3617 enim
1443 3577 1548 3616 non
1578 3561 1692 3616 sine
1714 3562 1825 3615 Deo
1843 3561 2035 3614 factum

453 3659 524 3710 sit
563 3657 664 3711 hoc
705 3655 1162 3726 impedimentum,
1207 3657 1332 3710 inde
1383 3656 1720 3709 manifestum
1751 3672 1762 3706 :
1793 3655 2039 3708 homines

460 3758 626 3801 totum
675 3756 888 3816 tempus
917 3748 968 3800 in
999 3747 1194 3801 talibus
1255 3746 1772 3816 peregrinationibus
1829 3746 2036 3814 impen-

451 3841 677 3903 dentes,
729 3838 914 3892 ethoc
961 3837 1193 3892 ollicium
1223 3838 1498 3903 habentes,
1547 3851 1714 3905 equos
1789 3837 2039 3890 continue

453 3931 665 4000 agendi,
696 3944 836 3983 nunc
859 3930 927 3982 ab
955 3929 1064 3997 ipsa
1093 3928 1418 3997 equitatione
1444 3927 1656 3981 contriti
1683 3925 1994 3980 defecerunt
2021 3967 2036 3990 ,

455 4033 511 4078 et
537 4039 654 4093 qua:
697 4036 839 4076 nunc
879 4021 1141 4088 aecidere,
1191 4020 1343 4075 Iona:
1391 4020 1550 4074 rebus
1596 4019 1864 4073 contraria
1905 4018 2039 4071 facta

457 4123 583 4168 sunt
609 4112 793 4184 (Jonw
822 4111 897 4182 l).
927 4113 1075 4166 Illum
1103 4113 1244 4165 enim
1275 4111 1500 4180 urgebat
1527 4110 1664 4164 Deus
1685 4111 1833 4163 abire
1856 4108 2040 4163 uolen-

457 4217 587 4270 tem,
615 4204 712 4258 Itos
742 4204 979 4258 volentes
1001 4205 1184 4257 vetuit.
1217 4202 1261 4256 Ο
1288 4218 1480 4256 novum
1504 4210 1558 4256 et
1589 4201 1905 4254 admirabile
1943 4214 2040 4253 ne-

456 4296 690 4365 gotium!
726 4296 812 4349 ille
833 4295 1238 4349 subversionem
1268 4293 1558 4362 pra-dicare
1589 4292 1822 4356 nolebat,
1852 4299 1906 4345 et
1962 4291 2041 4343 in-

457 4388 624 4441 vitum
645 4401 764 4439 eum
794 4386 1046 4440 excitavit
1078 4402 1089 4436 :
1125 4385 1176 4438 hi
1204 4400 1324 4438 cum
1348 4384 1620 4438 celeritate
1638 4383 2039 4438 subxersionem

457 4479 775 4535 atuutntiare
803 4477 1074 4542 festinant,
1108 4486 1162 4532 et
1186 4477 1379 4530 invitos
1409 4476 1553 4546 ipsos
1599 4489 1810 4529 rursum
1862 4474 2042 4543 prohi-

457 4567 591 4622 buit.
621 4568 733 4634 Qua
761 4569 972 4620 tandem
1022 4568 1088 4621 de
1136 4567 1338 4622 causa?
1382 4566 1644 4632 Quoniam
1693 4565 1778 4619 hic
1826 4563 2038 4633 quidem

459 4660 709 4714 celeritas
737 4659 1010 4725 damnum,
1040 4660 1146 4713 illic
1170 4674 1295 4713 vero
1319 4659 1563 4713 celeritas
1585 4658 1788 4711 lucrum
1813 4657 2038 4710 ferebat:

463 4750 583 4804 ideo
604 4759 657 4803 et
687 4750 835 4802 illum
868 4765 961 4818 per
985 4759 1158 4804 cetum
1212 4749 1466 4804 festinare
1517 4749 1659 4814 fecit,
1707 4758 1760 4802 et
1811 4749 1906 4801 bos
1946 4764 2044 4819 per

459 4839 949 4909 equosimpcdivit.
1009 4839 1170 4896 Vides
1223 4840 1320 4895 Dei
1374 4839 1727 4909 sapientiam?
1781 4854 1876 4908 per
1925 4853 2043 4907 quae

458 4932 686 5000 quisque
712 4931 852 4999 quod
883 4932 1228 5001 exspectabat
1266 4947 1324 4985 se
1367 4931 1739 5000 expediturum
1785 4928 2040 4999 speravit,

461 5042 558 5096 per
588 5025 704 5080 haec
729 5025 951 5095 quisque
973 5026 1258 5096 impeditus
1285 5033 1387 5080 est.
1419 5025 1522 5078 Per
1549 5023 1815 5092 navigium
1852 5022 1938 5074 ille
1983 5036 2042 5075 se

457 5133 747 5174 evasurum
778 5117 996 5186 putavit,
1021 5127 1074 5172 et
1107 5117 1372 5185 navigium
1422 5115 1494 5169 illi
1545 5115 1810 5169 vinculum
1848 5115 2042 5166 factum

469 5222 552 5264 est
579 5229 591 5265 :
622 5211 706 5264 isti
738 5224 834 5278 per
863 5224 1028 5278 equos
1079 5223 1246 5280 ocyus
1291 5222 1349 5261 se
1403 5207 1780 5275 Imperatorem
1833 5203 2044 5256 visuros

457 5309 831 5370 spcravernnt,
861 5309 911 5354 et
943 5301 1062 5369 cqui
1094 5300 1306 5355 fuerunt
1334 5297 1746 5368 impedimento:
1779 5297 1886 5347 imo
1918 5309 2043 5347 vero

463 5410 568 5448 non
597 5393 741 5462 equi,
774 5393 911 5446 sicut
937 5408 1034 5446 nec
1061 5393 1133 5446 illi
1168 5391 1455 5460 navigium,
1480 5387 1573 5442 sed
1596 5389 1685 5441 Dei
1713 5386 2042 5455 providentia

464 5485 656 5552 ubique
684 5483 861 5538 omnia
889 5482 1100 5551 propria
1128 5483 1444 5551 dispensans
1470 5478 1748 5546 sapientia.
1771 5479 1836 5530 Iit
1859 5476 2036 5530 consi-

459 5576 590 5630 dera
607 5574 952 5645 providentia:
971 5575 1206 5638 modum,
1228 5572 1493 5640 quomodo
1510 5572 1764 5626 etterruit
1778 5581 1832 5624 et
1849 5585 2040 5624 conso-

463 5669 599 5723 latus
615 5679 714 5723 est.
734 5667 852 5736 Ipso
874 5667 1015 5722 enim
1034 5667 1120 5722 die
1135 5681 1238 5736 quo
1253 5665 1428 5718 omnia
1444 5664 1527 5718 illa
1546 5673 1746 5734 patrata
1763 5670 1885 5717 sunt
1911 5660 2007 5716 iaci
2020 5685 2038 5698 ο

465 5773 618 5825 nora,
647 5758 788 5827 ipsos
817 5758 1029 5828 quidem
1056 5759 1228 5824 evirc,
1261 5764 1529 5825 tamquam
1552 5756 1726 5810 omnia
1761 5769 1878 5824 qua:
1904 5750 2042 5807 acci-

2122 471 2312 530 derant
2341 475 2652 545 Imperatori
2696 479 3028 536 nuntiaturos
3075 483 3424 551 permittens,
3473 489 3698 542 exeundi

2121 564 2396 621 celeritate
2423 582 2610 622 omnes
2632 571 2952 638 perterruit;
2985 580 3264 643 postquam
3285 589 3412 630 vero
3430 573 3699 645 abierunt,

2121 656 2324 712 etduos
2347 667 2521 715 tresve
2573 660 2688 716 dies
2731 665 3114 730 contriverunt,
3159 680 3281 720 cum
3331 667 3440 737 jam
3487 670 3700 725 inanem

2123 762 2245 803 esse
2273 751 2525 804 antistitis
2551 755 2716 806 nostri
2748 753 3131 823 profectionem
3163 757 3502 826 putabamus,
3520 769 3703 830 utpote

2126 840 2216 908 qui
2249 842 2512 908 posterior
2531 853 2675 897 esset
2697 845 2940 899 futurus:
2970 857 3094 901 tunc
3133 859 3334 903 metum
3361 848 3625 916 dissolvit,
3654 863 3706 906 et

2127 945 2223 985 nos
2247 934 2550 988 t-onsiilatus
2575 943 2676 998 est,
2711 936 2846 998 illos,
2886 937 3024 990 sicut
3069 937 3209 1002 dixi,
3239 938 3414 993 media
3459 939 3709 996 detinens

2125 1023 2230 1087 via,
2263 1023 2606 1094 officiensque
2629 1034 2686 1078 ut
2715 1027 2747 1079 Ii
2789 1026 2878 1096 qui
2904 1027 3048 1081 illinc
3076 1027 3142 1082 ad
3170 1042 3267 1083 nos
3297 1030 3708 1098 proficisceban-

2129 1123 2232 1179 tur,
2261 1116 2469 1169 illornm
2505 1133 2598 1185 per
2620 1119 2757 1171 viam
2797 1134 3065 1173 atrumuas
3106 1120 3260 1176 nobis
3303 1125 3706 1186 annuntiarent,

2058 1241 2067 1250 ν
2130 1217 2183 1258 ιιι
2209 1223 2494 1276 parumper
2523 1210 2914 1279 respiraremus
2941 1227 2952 1262 :
2983 1211 3128 1280 quod
3159 1221 3214 1266 et
3253 1211 3448 1266 factum
3495 1222 3611 1278 est,
3657 1223 3711 1267 et

2129 1313 2374 1367 magnam
2396 1300 2721 1354 anxietatum
2751 1311 2954 1370 partem
2981 1302 3348 1370 deposuimus.
3377 1303 3470 1359 His
3491 1304 3708 1365 auditis.

2133 1390 2322 1444 horum
2351 1403 2622 1446 auctorem
2654 1393 2994 1448 adoravimus
3023 1396 3210 1458 Itcum,
3239 1395 3329 1465 qui
3359 1406 3507 1465 patre
3523 1397 3712 1465 quovis

2136 1483 2440 1554 diligentius
2473 1499 2662 1540 omnes
2683 1501 2769 1540 res
2790 1497 3002 1541 nostras
3027 1503 3167 1541 nunc
3192 1487 3478 1558 disposuit,
3535 1488 3717 1542 invisi-

2133 1577 2224 1633 bili
2263 1575 2478 1644 quidem
2510 1576 2564 1632 vi
2604 1579 2876 1649 improbos
2907 1580 3036 1635 istos
3061 1581 3320 1636 cohibens
3346 1583 3559 1636 nuntios
3580 1623 3595 1648 ,
3640 1592 3698 1637 et

2136 1676 2340 1721 tantum
2393 1683 2500 1722 non
2553 1668 2756 1734 dicens,
2789 1669 2927 1736 Quid
2981 1670 3502 1742 festinatis‘tquidve
3524 1687 3718 1743 prope-

2133 1761 2262 1811 ratis
2288 1757 2559 1813 civitatem
2589 1760 2744 1814 talem
2763 1761 3077 1816 subvertere
3103 1762 3380 1818 volentes?
3424 1779 3550 1818 num
3577 1763 3717 1818 bona

2134 1849 2242 1917 rogi
2269 1849 2446 1903 nuntia
2463 1849 2700 1905 alienis?
2730 1852 2938 1908 Manete
2957 1852 3095 1919 istic,
3109 1853 3282 1910 donec
3297 1869 3511 1910 servum
3539 1870 3717 1909 meum

2136 1947 2402 2008 tamquam
2425 1940 2687 1996 medicum
2709 1944 2968 2011 Optimum
3003 1946 3330 2015 praevenire,
3383 1952 3439 2000 et
3481 1952 3718 2002 vestrum

2135 2039 2457 2100 prmvertere
2483 2047 2695 2086 cursum
2715 2033 2924 2088 faciam.
2953 2034 3008 2088 Si
3041 2050 3170 2089 vero
3215 2044 3468 2090 nascente
3514 2049 3722 2104 praeva-

2136 2122 2410 2176 ricationis
2457 2123 2667 2189 ulcere,
2723 2133 2866 2179 tanta
2923 2125 3255 2194 providentia
3309 2126 3550 2180 exhibita
3598 2135 3718 2180 est:

2139 2213 2307 2267 multo
2329 2216 2495 2282 magis
2519 2224 2638 2285 p0st
2682 2217 3111 2284 conversionem,
3165 2227 3286 2287 post
3328 2217 3718 2286 paenitentiam,

2140 2313 2259 2372 post
2299 2315 2504 2360 tantum
2545 2306 2811 2372 timorem,
2849 2317 2968 2378 post
2992 2308 3256 2380 Iacrymas
3285 2315 3341 2362 et
3370 2322 3578 2377 preces,
3607 2323 3720 2361 ma-

2133 2395 2306 2464 jorem
2341 2396 2640 2451 libertatem
2665 2413 3078 2468 consequemur.
3107 2399 3275 2454 Jonas
3311 2400 3454 2454 enim
3483 2414 3722 2470 congrue

2141 2487 2455 2556 pellebatur,
2486 2499 2542 2542 ut
2570 2489 2634 2542 ad
2663 2490 3034 2559 paenitentiam
3083 2489 3398 2556 induceret;
3451 2507 3547 2546 vos
3595 2505 3724 2546 vero

2136 2580 2244 2645 jam
2269 2577 2585 2635 exhibuistis
2619 2582 2986 2650 penitentiam
3035 2592 3088 2636 et
3127 2598 3372 2652 magnam
3407 2582 3721 2637 conversio-

2140 2686 2283 2732 nem.
2316 2670 2542 2741 ideoque
2581 2673 2946 2728 consolatione
2989 2673 3244 2744 deinceps
3281 2683 3365 2729 est
3407 2689 3564 2744 opus,
3615 2688 3720 2728 non

2141 2761 2328 2815 nuntio
2359 2764 2532 2816 minas
2561 2762 2783 2816 ferente.
2807 2763 3096 2834 Propterea
3127 2779 3471 2820 communem
3501 2774 3557 2820 et
3601 2763 3726 2818 hinc

2143 2860 2349 2921 patrem
2376 2853 2670 2921 suscitavit,
2702 2864 2758 2910 et
2780 2855 2994 2925 quidem
3023 2870 3145 2910 cum
3172 2856 3340 2911 multa
3374 2866 3558 2912 essent
3607 2869 3728 2926 quae

2143 2943 2523 3012 prohiberent;
2557 2946 2602 3000 si
2627 2962 2754 3001 vero
2778 2960 2884 3001 non
2916 2948 3248 3017 pepercisset
3274 2947 3290 2979 ¹
3319 2947 3479 3002 saluti
3503 2954 3726 3007 nostrae.

2142 3051 2248 3089 non
2281 3035 2354 3089 illi
2384 3037 2757 3106 persuasisset,
2789 3037 2881 3092 sed
2900 3046 2954 3092 et
2977 3039 3241 3092 volentem
3271 3038 3424 3093 exire
3443 3037 3726 3092 vetuisset.

2212 3128 2264 3182 5.
2295 3125 2565 3182 Theodosii
2592 3127 2644 3181 in
2667 3127 2915 3182 Paschate
2933 3128 3292 3182 clementia.—
3314 3126 3556 3183 Tertium
3575 3124 3732 3196 quid-

2141 3221 2281 3289 piam
2301 3220 2852 3290 suppetitdiccndum,
2881 3220 3023 3290 quod
3056 3220 3300 3275 ﬁduciam
3332 3219 3484 3274 vobis
3519 3218 3728 3289 pariat,

2144 3325 2382 3380 praesens
2422 3326 2614 3380 nempe
2643 3311 2988 3376 solemnitas,
3039 3325 3195 3380 quam
3226 3318 3282 3364 et
3323 3308 3568 3364 infideles
3620 3307 3732 3362 fere

2143 3416 2329 3454 omnes
2350 3409 2686 3463 reverentur,
2715 3409 2769 3454 et
2791 3401 2876 3455 hic
2898 3401 3010 3469 ipse
3033 3401 3314 3469 religiosus
3337 3399 3634 3468 Imperator
3654 3398 3732 3452 sic

2144 3491 2384 3559 suspexit
2409 3499 2464 3545 et
2495 3490 2796 3554 honoravit,
2849 3499 2905 3543 ut
2931 3504 3120 3544 omnes
3146 3497 3270 3543 ante
3295 3503 3356 3543 se
3380 3503 3501 3543 cum
3534 3487 3733 3556 pietate

2146 3583 2468 3650 imperantes
2491 3584 2837 3652 superaverit.
2873 3582 3092 3636 Talibus
3125 3596 3354 3650 namque
3379 3580 3570 3635 diebus
3609 3595 3733 3633 cum

2144 3673 2420 3740 epistolam
2457 3673 2520 3726 ad
2549 3673 2902 3727 solemnitatis
2934 3671 3191 3725 honorem
3231 3671 3496 3734 misisset,
3543 3682 3737 3724 omnes

2146 3762 2257 3817 fere
2274 3778 2544 3818 carcerem
2588 3762 2888 3817 habitantes
2909 3761 3130 3816 dimisit.
3164 3761 3232 3815 Et
3281 3760 3423 3815 hanc
3448 3758 3735 3827 epistolam

2144 3854 2409 3909 admissus
2440 3855 2660 3907 antistes
2689 3861 2872 3906 noster
2902 3867 3082 3906 coram
3113 3850 3439 3920 Imperatore
3467 3851 3642 3918 leget,
3681 3859 3738 3905 et

2145 3944 2476 4012 propriarum
2500 3942 2674 4013 legum
2701 3941 3164 4003 commonefaciet,
3188 3949 3242 3994 et
3261 3940 3404 3995 d'cet
3428 3939 3493 3993 ad
3523 3940 3698 4008 ipsum
3722 3954 3736 3989 :

2146 4035 2222 4090 Tu
2249 4036 2475 4104 teipsum
2503 4037 2808 4102 exhortare,
2833 4043 2887 4090 et
2916 4035 2989 4088 tui
3022 4033 3307 4088 recordare
3341 4049 3354 4086 :
3379 4031 3738 4086 domesticum

2146 4125 2311 4180 habes
2342 4126 2683 4180 humanitatis
2699 4125 3000 4194 exemplum
3028 4142 3041 4178 :
3065 4126 3264 4194 justam
3290 4122 3504 4178 noluisti
3532 4122 3739 4175 caulem

2147 4219 2504 4283 committere,
2535 4226 2590 4272 et
2611 4217 2860 4286 injustam
2896 4224 3109 4286 patrare
3173 4213 3506 4270 sustinebis?
3546 4213 3738 4268 convi-

2147 4318 2265 4362 ctos
2292 4319 2345 4362 et
2371 4309 2754 4362 condemnatos
2785 4307 3090 4362 festivitatis
3129 4307 3429 4361 reverentia
3461 4304 3741 4370 dimisisti,

2145 4409 2200 4454 et
2249 4401 2488 4455 insootes
2519 4399 2753 4468 nihilque
2782 4413 2940 4452 ausos
2973 4395 3357 4451 condemuabis
3380 4437 3394 4460 ,
3439 4394 3743 4464 prresertiut

2147 4489 2484 4544 solemnitate
2529 4488 2834 4559 praesente?
2878 4486 3244 4558 Nequaquam,
3291 4485 3608 4554 Imperator.
3659 4485 3743 4539 Tu

2150 4582 2287 4636 hanc
2307 4583 2585 4651 epistolam
2613 4579 2914 4634 civitatibus
2938 4579 3187 4634 omnibus
3215 4578 3464 4640 mittens,
3520 4576 3743 4631 aiebas:

2150 4672 2360 4727 Utinam
2387 4684 2442 4727 et
2475 4671 2750 4726 defunctos
2797 4671 3120 4724 resuscitare
3156 4683 3388 4738 possem.
3441 4666 3556 4722 Ilac
3607 4681 3748 4735 opus

2151 4766 2405 4820 habemus
2432 4764 2780 4829 humanitate,
2829 4761 2910 4816 his
2942 4777 3082 4816 nunc
3102 4777 3322 4832 egemus
3344 4759 3526 4815 verbis
3549 4761 3590 4812 '.
3626 4759 3746 4815 Non

2149 4865 2255 4909 tam
2283 4858 2456 4910 claros
2477 4854 2600 4910 facit
2625 4869 2778 4922 rcges
2816 4852 2998 4908 hostes
3024 4854 3265 4916 vincere,
3306 4866 3464 4920 quam
3500 4851 3748 4904 animum

2150 4955 2203 5000 et
2234 4947 2363 4999 iram
2405 4959 2703 5013 superare:
2743 4942 2850 4996 illic
2899 4941 3042 4996 enim
3095 4955 3370 4995 armorum
3418 4949 3474 4994 et
3512 4939 3748 4992 militum

2150 5053 2283 5105 opus
2299 5038 2518 5106 geritur,
2541 5035 2626 5089 hic
2643 5050 2766 5088 vero
2785 5043 2929 5087 tuum
2943 5034 3108 5088 solius
3124 5033 3437 5102 simpliciter
3450 5041 3746 5100 trepaeum,

2151 5135 2204 5180 et
2233 5126 2396 5181 habes
2427 5127 2714 5189 neminem,
2740 5124 2827 5193 qui
2861 5133 3033 5177 tecum
3057 5123 3334 5192 sapientia:
3359 5122 3589 5192 gloriam
3620 5137 3747 5192 par-

2155 5219 2330 5271 tiatur.
2375 5217 2645 5286 Superasti
2704 5216 2986 5267 tumultum
3018 5213 3380 5277 barbaricum,
3435 5227 3637 5280 supera
3691 5219 3749 5265 et

2152 5308 2383 5360 aniumm
2411 5306 2611 5374 regium
2641 5321 2654 5359 :
2680 5305 2884 5358 discant
2915 5303 3380 5366 omnesinlideles,
3421 5303 3567 5372 quod
3589 5299 3750 5355 Chri-

2151 5398 2217 5449 sti
2251 5399 2408 5450 timor
2428 5411 2640 5449 onmem
2673 5394 2961 5464 potentiam
2992 5394 3264 5446 refreuare
3292 5391 3747 5461 possit.GloriIica

2154 5488 2434 5541 Dominum
2466 5495 2632 5550 tuum,
2661 5485 2936 5539 conservis
2960 5492 3179 5554 peccata
3201 5482 3501 5546 dimittens,
3528 5491 3587 5535 ut
3631 5482 3746 5550 ipse

2151 5594 2362 5650 quoque
2395 5588 2444 5632 te
2482 5577 2648 5647 magis
2677 5576 2956 5646 glorilicet,
2988 5583 3045 5628 ut
3071 5573 3361 5643 benignum
3391 5573 3487 5628 tibi
3516 5581 3570 5628 et
3599 5581 3746 5626 tran-

2217 5693 2232 5724 ι
2269 5691 2370 5750 Alii,
2396 5689 2437 5740 si
2459 5703 2568 5739 vero
2584 5703 2676 5738 non
2698 5687 3025 5738 consuluisset.

2217 5754 2238 5784 ³
2271 5747 2388 5803 Alii:
2417 5751 2750 5803 lllorummutc
2777 5750 3023 5800 verborum
3051 5747 3202 5798 locus.
