4072 6384
222 378 297 435 85
1253 375 1346 432 AD
1376 374 1709 434 POPULUM
1749 367 2254 430 ANTIOCHENUM
2293 373 2529 435 HOMIL.
2569 376 2661 434 Vl.
3625 374 3694 430 88

220 495 475 550 ἔκϐασιν
505 494 614 549 τοῦ
643 493 937 550 δύνασθαι
977 492 1134 563 ὑμᾶς
1167 492 1544 564 ὑπενεγκεῖν.
1574 490 1766 555 Αὐτὸς·
1799 488 1922 560 γὰρ.

2015 487 2179 557 φόϐον
2211 489 2432 555 ἐξέλυσε
2465 492 2561 546 καὶ
2599 491 3048 564 παρεμυθήσατο,
3097 489 3338 554 ἐκείνους
3383 505 3464 554 τε,
3505 487 3694 561 ὥσπερ

220 579 511 636 εἶπεν·οὺ
537 583 623 652 μή
656 598 731 636 σε
757 582 902 647 ἀνῶ,
929 581 1055 637 οὐδ’
1088 583 1160 636 οὐ
1186 581 1271 651 μή
1306 598 1380 635 σε
1403 580 1800 652 ἐγκαταλίπω.
1836 577 1898 629 Εἰ
2006 576 2163 646 ἔφην,
2192 579 2334 633 κατὰ
2371 581 2546 651 μέσην
2580 579 2868 650 κατασχὼν
2893 579 2992 650 τὴν
3026 577 3165 644 ὁδὸν,
3209 577 3303 631 καὶ
3332 577 3458 642 τοὺς
3484 565 3696 630 ἐκεῖθεν

235 670 334 741 (ἀρ
354 670 424 724 δι’
446 669 622 741 ἔργων
654 669 905 723 ἐϐούλετο
942 669 1171 724 κολάσαι
1208 671 1302 723 καὶ
1331 669 1419 722 διά
1455 669 1553 740 τῆς
1581 667 1776 738 πείρας
1802 665 1902 717 αὑ-

222 759 343 828 τῆς.
377 759 478 812 οὐκ
513 759 579 812 ἂν
611 758 880 812 τοσούτων
917 758 1142 829 ἡμερῶν
1187 757 1506 829 παρέδωκεν
1547 756 1693 826 ἡμᾶς
1734 751 1902 822 φόϐῳ·

223 847 354 900 ὅταν
370 846 480 916 γάρ
504 847 578 919 μὴ
605 845 860 917 βούληται
881 845 1150 910 κολάζειν,
1175 845 1348 915 φοϐεῖ·
1372 843 1494 898 ἐπεὶ
1520 844 1568 895 εἰ
1593 839 1776 912 μέλλοι
1791 837 1908 910 [75]

229 933 492 998 κολάζειν,
520 935 774 1006 περιττὸς
795 936 823 986 0
845 933 1025 1002 φόϐος,
1050 932 1278 1004 περιττὴ
1304 934 1336 1002 ή
1368 930 1586 1000 ἀπειλήο
1612 928 1706 981 νῦν
1729 927 1785 979 δὲ
1810 942 1912 996 μυ-

232 1023 360 1094 ρίων
391 1022 783 1092 χαλεπωτέραν
819 1021 1065 1075 θανάτων
1095 1021 1413 1089 ὑπέστημεν
1444 1017 1609 1088 ζωὴν,
1637 1018 1692 1069 ἐν
1718 1012 1912 1068 τοσαύσ

263 1129 347 1174 αις
373 1111 607 1181 ἡμέραις
625 1110 920 1174 δεδοικότες
941 1110 1037 1163 καὶ
1057 1109 1376 1180 τρέμοντες,
1404 1106 1500 1160 καί¹
1519 1104 1618 1168 τάς
1638 1101 1796 1165 σκιάς
1815 1099 1914 1153 αὑ-

269 1200 326 1262 ὶς
354 1198 774 1262 ὑποπτεύοντες,
807 1199 901 1251 καὶ
928 1198 1026 1268 τὴν
1055 1195 1149 1250 τοῦ
1180 1197 1320 1250 Κάῖν
1350 1194 1587 1256 τίνοντες
1614 1191 1790 1260 δίκην,
1821 1189 1912 1241 καὶ

226 1303 292 1338 εκ
325 1285 493 1354 μέσου
526 1287 635 1340 τῶν
670 1285 855 1339 ὕπνων
883 1284 1266 1356 ἀναπηδῶντες
1295 1295 1321 1324 ι
1358 1282 1467 1336 ἀπὸ
1500 1281 1598 1350 τῆς
1632 1273 1913 1348 διηνεκοῦς

231 1373 487 1441 ἀγωνίας·
510 1373 650 1427 ὥστε
673 1376 720 1427 εἰ
743 1375 837 1428 καὶ
869 1372 1303 1444 παρωργίσαμεν
1326 1371 1418 1424 τὸν
1445 1369 1596 1431 Θεὸν,
1623 1363 1913 1430 ἐξιλεωσά-

231 1459 370 1530 μεθα
389 1460 484 1513 νῦν
507 1460 778 1533 τοσαύτην
807 1459 1202 1532 ὑπομείναντες
1229 1459 1328 1530 τὴν
1350 1456 1638 1529 τιμωρίαν.
1667 1451 1776 1506 Καὶ
1804 1450 1912 1520 γὰρ

228 1548 278 1600 εἰ
311 1547 407 1600 καὶ
439 1548 514 1619 μὴ
555 1547 664 1600 τῶν
706 1546 1123 1618 ἁμαρτημάτων
1159 1546 1315 1612 ἀξίαν
1341 1543 1624 1614 ἐδώκαμεν
1658 1545 1707 1582 α·
1735 1541 1910 1610 δίκην,

227 1635 345 1688 ἀλλ’
370 1635 647 1706 ἀρκοῦσαν
674 1639 741 1707 τῇ
775 1635 868 1689 τοῦ
891 1635 1028 1689 Θεοῦ
1056 1633 1450 1705 φιλανθρωπίᾳ.

301 1721 365 1791 β’.
383 1724 497 1776 Οὑκ
512 1722 761 1776 ἐντεῦθεν
773 1723 830 1776 δέ
849 1721 1179 1794 μόνον,’ἀλλά
1194 1723 1288 1774 καὶ
1304 1721 1391 1773 ἐτέ
1400 1718 1569 1792 ρωθεν
1587 1716 1914 1788 πολλαχόθεν

228 1808 456 1882 θαρρεῖν
484 1811 614 1882 χρή·
652 1810 773 1864 οὑδέ
794 1811 903 1882 γὰρ
935 1810 1092 1879 ὀλίγα
1119 1811 1250 1880 ἡμῖν
1279 1809 1511 1880 ἐνέχυρα
1533 1807 1640 1861 τῶν
1665 1804 1916 1877 χρηστῶν

225 1898 463 1952 ἐλπίδων
488 1899 688 1953 ἔδωκεν
711 1902 738 1953 0
761 1899 900 1964 Θεὸς
918 1899 1040 1971 ήδη.
1073 1900 1182 1952 Καὶ
1212 1898 1428 1970 πρῶτον
1457 1899 1553 1970 μὲν
1583 1898 1840 1952 ἁπάντων
1867 1899 1916 1952 οἰ

225 1985 326 2058 τὴν
366 1989 610 2060 πονηράν
644 1989 965 2060 κομίζοντες
995 1989 1258 2059 ἀγγελίαν
1278 2028 1292 2052 ,
1329 1987 1638 2055 ἐξελθόντες
1666 1987 1915 2042 ἐντεῦθεν

227 2074 442 2129 καθάπε
453 2093 482 2146 ρ
496 2075 640 2140 τινὲς
659 2077 956 2148 ὑπόπτεροι
977 2078 1070 2131 καὶ
1083 2076 1250 2131 πάλαι
1267 2075 1678 2148 καταλήψεσθαι
1697 2076 1921 2150 προσδο-

227 2164 499 2232 κήσαντες
512 2163 575 2216 τὸ
597 2163 981 2236 στρατόπεδον,
1004 2163 1148 2218 κατὰ
1169 2163 1340 2235 μέσην
1361 2163 1441 2216 ἔτι
1462 2162 1798 2235 διατρίϐουσι
1821 2163 1918 2235 τὴν

225 2249 372 2302 ὁδόν·
398 2249 638 2306 τοσαῦτα
659 2251 847 2316 αὑτοῖς
873 2251 1174 2323 κωλύματα
1201 2252 1295 2305 καὶ
1315 2251 1548 2322 ἐμπόδια
1577 2249 1766 2320 γέγονε
1787 2291 1801 2315 ,
1826 2254 1920 2305 καὶ

226 2337 355 2400 τοὺς
376 2337 576 2402 ἵππους
597 2338 830 2408 ἀφέντες
848 2338 1100 2410 ὀχήματα
1121 2338 1402 2393 ἐλαύνουσι
1424 2336 1540 2401 νῦν,
1564 2337 1686 2390 ὅθεν
1705 2337 1918 2409 ἀνάγκη

231 2424 386 2478 πᾶσα
432 2424 767 2496 βραδυτέραν
809 2427 996 2490 αὑτοῖς
1042 2425 1297 2495 γενέσθαι
1342 2425 1438 2496 τὴν
1489 2425 1667 2477 ἐκεῖσε
1715 2422 1917 2494 ἄφιξιν.

230 2512 453 2583 Ἐπειδὴ
487 2512 596 2583 7&9
626 2513 721 2566 τὸν
758 2513 909 2584 ἰερέα
945 2515 1037 2568 τὸν
1077 2513 1345 2586 ἡμέτερον
1379 2512 1474 2567 καὶ
1502 2513 1679 2566 κοινὸν
1708 2513 1920 2585 πατέρα

229 2600 530 2670 ἀνέστησεν
548 2603 575 2655 ὀ
594 2601 725 2665 Θεὸς
747 2601 1020 2665 ἐντεῦθεν,
1045 2602 1140 2655 καὶ
1164 2601 1381 2656 ἔπεισεν
1405 2600 1684 2666 ἀπελθεῖν,
1708 2603 1922 2672 καὶτῆς

230 2687 528 2754 πρεσϐείας
575 2689 988 2759 συνεφάψασθαι
1021 2689 1228 2761 ταύτης
1252 2731 1266 2756 ,
1299 2689 1529 2759 κατέσχε
1559 2689 1746 2743 λοιπὸν
1777 2689 1922 2743 ἐκεί-

228 2791 356 2838 νους
399 2776 541 2830 κατά
583 2777 759 2848 μέσην
801 2777 900 2849 τὴν
943 2776 1083 2841 όδὸν,
1133 2778 1220 2831 ῖνα
1268 2777 1343 2849 μὴ
1383 2777 1688 2847 φθάσαντες
1721 2777 1783 2831 τὸ
1810 2777 1922 2848 πῦρ

229 2862 500 2932 ἀνάψωσι,
543 2865 636 2918 καὶ
668 2864 747 2936 τῷ
789 2865 1096 2936 διδασκάλῳ
1137 2864 1322 2918 λοιπὸν
1359 2865 1617 2936 ἀνόνητον
1657 2865 1923 2936 ποιήσωσι

228 2951 331 3019 τὴν
358 2951 668 3024 διόρθωσιν,
708 2953 809 3016 τὰς
845 2952 1132 3023 βασιλικὰς
1165 2955 1550 3026 ἐμπρήσαντες
1579 2953 1769 3018 ἀκοάς.
1803 2954 1923 3008 Ὅτι

227 3041 341 3110 γὰρ
375 3041 476 3093 οὑκ
511 3040 641 3094 ἀνευ
677 3041 813 3095 Θεοῦ
858 3041 921 3095 τὸ
965 3040 1196 3113 κώλυμα
1237 3042 1450 3111 γέγονε,
1491 3041 1651 3112 δῆλον
1685 3040 1917 3095 ἐκεῖθεν·

234 3129 549 3200 ’Ἄνθρωποι
597 3132 690 3185 τὸν
732 3131 950 3188 ἅπαντα
987 3133 1178 3204 χρόνον
1214 3132 1494 3196 τοιαύταις
1527 3131 1924 3203 συντραφέντες

230 3215 565 3288 ἀποδημίαις
584 3258 599 3282 ,
639 3219 730 3274 καὶ
757 3220 917 3274 τοῦτο
950 3221 980 3261 ι)
1016 3221 1176 3293 ἔργον
1209 3219 1423 3291 ἔχοντες
1453 3220 1653 3283 ἵππους
1679 3218 1923 3273 ἐλαύνειν

229 3303 530 3374 διηνεκῶς,
575 3305 670 3360 νῦν
711 3307 804 3360 ὑπ’
849 3309 1020 3379 αὑτῆς
1072 3309 1172 3378 τῆς
1218 3307 1484 3371 ἱππασίας
1548 3305 1923 3378 συντριϐέντες

231 3391 577 3464 ὑστέρησαν,
620 3395 715 3447 καὶ
751 3394 975 3464 γέγονεν
1021 3397 1115 3449 ἀπ’
1170 3395 1420 3460 ἐναντίας
1464 3397 1578 3459 τοῖς
1632 3393 1728 3448 τοῦ
1771 3395 1926 3448 Ἰωνᾶ

231 3480 526 3551 ⁸πράγμασι
555 3481 626 3534 τά
653 3481 937 3553 συμϐάντα
963 3481 1077 3537 νῦν.
1106 3485 1341 3537 Ἐκεῖνον
1365 3483 1464 3554 μὲν
1487 3483 1596 3554 γὰρ
1631 3481 1706 3554 μὴ
1739 3481 1925 3552 βουλό-

235 3585 399 3638 μενον
428 3569 684 3622 ἀπελθεῖν
711 3569 928 3640 ἤπειγε·
956 3572 1176 3634 τούτους
1202 3570 1258 3624 δέ
1281 3570 1640 3641 βουλομένους
1671 3570 1924 3623 ἀπελθεῖν

230 3655 528 3710 ἐκώλυσεν.
566 3658 630 3709 Ὢ
657 3657 848 3711 καινοῦ
874 3657 967 3710 καὶ
996 3657 1299 3728 παραδόξου
1328 3657 1474 3728 πράγ
1485 3658 1681 3726 ματοςί
1719 3657 1926 3720 ἐκεῖνος

230 3744 335 3794 οὑκ
358 3743 611 3796 ἐϐούλετο
642 3743 878 3814 κηρῦξαι
911 3745 1326 3814 καταστροφὴν,
1391 3745 1484 3797 καὶ
1525 3745 1726 3798 ἄκοντα
1763 3742 1924 3799 αὑτὸν

232 3829 554 3898 ἀνέστησεν·
593 3822 738 3884 οὗτοι
791 3831 929 3902 μετά
979 3831 1174 3885 πολλοῦ
1221 3829 1316 3883 τοῦ
1359 3832 1557 3900 τάχους
1606 3828 1925 3882 σπεύδουσιν

231 3915 572 3984 ἀπαγγεῖλαι
627 3919 1035 3990 καταστροφὴν,
1087 3918 1182 3972 καί
1231 3917 1464 3980 ἄκοντας
1513 3917 1714 3980 αὐτοὺς
1767 3914 1926 3969 πάλιν

233 4003 500 4059 ἐκώλυσε.
534 4005 599 4057 Τί
627 4006 862 4078 δήποτε;
891 4009 1013 4060 Ὅτι
1044 4007 1278 4062 ἐνταῦθα
1310 4008 1410 4078 μέν
1441 4007 1503 4060 τὸ
1521 4006 1686 4077 τάχος
1709 4004 1922 4075 βλάϐος,

235 4093 356 4144 ἐκεῖ
380 4091 439 4145 δέ
465 4092 527 4145 τὸ
550 4093 715 4164 τάχος
738 4093 929 4165 κέρδος
949 4094 1132 4166 ἔφερε·
1158 4095 1245 4149 διά
1269 4094 1428 4148 τοῦτο
1459 4094 1710 4148 κάκεῖνον
1736 4091 1926 4163 ήπειξε

233 4180 324 4234 διά
353 4179 449 4233 τοῦ
475 4180 694 4253 κήτους,
719 4183 814 4237 καὶ
839 4181 929 4236 διὰ
950 4182 1060 4237 τῶν
1091 4183 1274 4237 ἵππων
1297 4181 1525 4245 τούτους
1553 4180 1922 4235 συνεπόδισεν.

247 4268 414 4338 Ὁρᾷς
466 4266 602 4321 Θεοῦ
649 4271 873 4339 σοφίαν;
920 4270 1010 4324 διὰ
1053 4270 1161 4324 τῶν
1212 4269 1554 4342 πραγμάτων
1600 4267 1802 4330 αὑτῶν,
1853 4259 1927 4322 ῶν

236 4355 471 4418 ἕκαστος
511 4355 739 4426 ἤλπισεν
787 4357 970 4411 ἀνύειν
1008 4357 1070 4411 τὸ
1117 4357 1478 4429 προκείμενον
1503 4368 1550 4423 ε,
1597 4355 1688 4411 διὰ
1726 4353 1928 4410 τούτων

241 4443 706 4514 συνεποδίσθησαν
729 4444 977 4508 ἕκαστος.
1013 4447 1250 4509 Ἐκεῖνος
1278 4445 1368 4498 διά
1393 4445 1488 4498 τοῦ
1533 4443 1718 4498 πλοίου
1753 4458 1925 4515 προσ-

239 4530 471 4602 εδόκησε
509 4532 832 4603 πτήσεσθαι,
856 4533 951 4592 καὶ
971 4532 1030 4586 τὸ
1064 4533 1245 4586 πλοῖον
1280 4532 1430 4604 αὑτῷ
1461 4531 1660 4603 δεσμὸς
1689 4531 1927 4600 ἐγένετοο

237 4617 329 4671 διὰ
359 4618 468 4672 τῶν
503 4619 684 4672 ἵππων
729 4614 873 4674 οὗτοι
913 4620 1319 4692 προσεδόκησαν
1365 4619 1662 4691 ταχύτερον
1700 4619 1928 4689 ὖψεσθαι

237 4706 333 4757 τὸν
373 4705 621 4776 βασιλέα,
657 4707 753 4760 καὶ
781 4709 834 4761 of.
864 4708 1018 4761 ἵπποι
1043 4708 1330 4777 γεγόνασιν
1354 4707 1602 4779 κώλυμα·
1640 4707 1841 4778 μᾶλλον
1872 4708 1930 4762 δέ

237 4793 338 4862 οὐχ
371 4795 420 4845 οἱ
450 4793 628 4856 ἵπποι,
657 4795 848 4867 ὥσπερ
880 4791 972 4849 οὖν
1014 4796 1121 4849 οὐδ’
1168 4795 1362 4867 ἐκείνῳ
1398 4796 1460 4849 τὸ
1501 4795 1704 4862 πλοῖον,
1741 4796 1857 4850 ἀλλ’
1898 4797 1932 4867 ὴ

237 4880 472 4950 πρόνοια
499 4881 593 4934 τοῦ
623 4881 758 4936 Θεοῦ
790 4882 1066 4953 πανταχοῦ
1101 4883 1279 4936 πάντα
1309 4883 1446 4954 μετά
1477 4884 1576 4955 τῆς
1612 4883 1820 4947 οἰκείας
1850 4885 1930 4937 οἰ-

239 4968 552 5038 κονομοῦσα
580 4970 794 5040 σοφίας.
821 4970 933 5026 Καὶ
956 4972 1146 5024 σκόπει
1171 4972 1519 5043 κηδεμονίαν,
1544 4971 1662 5036 πῶς
1687 4973 1782 5026 καὶ
1807 4972 1935 5041 ἐφό-

239 5060 376 5128 ϐησε
403 5060 500 5113 καὶ
529 5060 891 5131 παρεκάλεσε.
927 5061 1085 5135 Παρά
1119 5062 1347 5133 μὲνγὰρ
1371 5062 1542 5133 αὑτὴν
1567 5061 1666 5132 τὴν
1696 5061 1943 5132 ἡμέραν,

237 5147 328 5198 ὅτε
355 5146 424 5198 τά
459 5147 752 5219 παράνομα
793 5149 1063 5221 ἐτολμήθη
1097 5149 1273 5202 πάντα
1309 5152 1510 5217 ἐκεῖνα,
1543 5150 1702 5218 ἀφεὶς
1735 5152 1934 5214 αὑτοὺς

240 5231 478 5297 ἐξελθεῖν
508 5234 584 5296 ὡς
611 5235 1058 5304 ἀπαγγελοῦντας
1088 5236 1168 5308 τῷ
1203 5237 1413 5307 βασιλεῖ
1442 5237 1511 5291 τά
1547 5237 1933 5310 συμϐεϐηκότα

240 5319 482 5380 ἅπαντα.
511 5319 590 5392 τῷ
623 5323 780 5393 τάχει
823 5324 923 5394 τῆς
960 5323 1141 5388 ἐξόδου
1184 5325 1392 5389 πάντας
1426 5324 1714 5397 ἐφόϐησενο
1747 5327 1932 5398 ἐπειδὴ

241 5407 297 5459 δὲ
321 5407 586 5478 ἀπῆλθον,
617 5411 712 5464 καὶ
735 5410 828 5464 δύο
849 5413 943 5466 καὶ
962 5415 1111 5484 τρεῖς
1133 5413 1416 5485 ἀνήλωσαν
1439 5414 1672 5485 ἡμέρας,
1702 5415 1796 5468 καὶ
1823 5414 1933 5467 λοι-

246 5496 347 5549 πὸν
383 5496 620 5565 ματαίαν
650 5493 785 5552 εἶναι
822 5499 1144 5569 ἐνομίζομεν
1179 5499 1272 5554 τοῦ
1312 5502 1503 5572 ἱερέως
1534 5502 1630 5554 τοῦ
1662 5502 1930 5575 ήμετέρου

245 5581 344 5652 τὴν
372 5583 711 5655 ἀποδημίαν,
747 5583 885 5657 [76]
915 5587 989 5650 ὡς
1019 5586 1323 5657 ὑστερίζειν
1348 5587 1664 5659 μέλλοντος,
1695 5589 1816 5642 τότε
1838 5589 1930 5644 τὸν

305 5757 332 5785 ⁸
349 5757 445 5821 Sic
468 5757 617 5806 Savil.
634 5757 781 5821 Vulg.
806 5760 955 5808 ἀποπ.
985 5761 1120 5810 Enn.

309 5820 357 5858 δέ
382 5819 531 5882 Savil.
570 5819 753 5882 ἔδομενῖ

305 5882 333 5951 εξ
353 5881 457 5951 Ἀίιὶ
467 5881 752 5951 χρόνοντῆς
770 5887 897 5951 ζωῆς
919 5883 1315 5951 αὐτῶνλτοιαῦτα,
1339 5887 1420 5951 καὶ
1439 5886 1581 5951 τοῦτο
1608 5889 1780 5951 μόνοις.
1816 5887 1928 5937 Mox

245 5944 443 6016 quidam
464 5943 617 6016 ἔργον,
643 5943 835 6016 θείηΐςιι
860 5946 1054 6016 τούτους
1082 5946 1478 6016 δέ-έπειγομένους
1496 5950 1579 6016 ἀπ.

309 6005 338 6041 ο
361 6005 474 6055 Sav.
488 6005 543 6054 τὸ
554 6008 973 6072 προσδοκώμενον,
989 6014 1040 6058 el.
1059 6011 1129 6059 sic
1140 6005 1326 6072 legis-se-
1342 6011 1537 6061 videlur
1549 6012 1813 6076 interpres.
1829 6011 1916 6064 En.

2011 663 2440 735 ἀφικνουμένους
2466 667 2599 738 πρὸς
2623 669 2767 738 ἡμᾶς
2786 667 2874 720 διὰ
2893 667 2993 738 τῆς
3023 665 3194 736 αὐτῆς
3220 663 3339 718 ὁδοῦ
3375 662 3444 717 τά
3470 661 3698 717 ἐκείνων

2011 749 2160 821 πάθη
2186 753 2350 806 πᾶσιν
2379 755 2510 824 ἡμῖν
2543 754 2861 822 ἀναγγεῖλαι
2889 752 3345 825 παρασκευάσας,
3376 751 3464 805 ῖνα
3502 748 3698 822 μικρὸν

2011 837 2460 910 ἁναπνεύσωμεν·
2479 841 2616 912 ὅπερ
2635 837 2728 896 οὖν
2759 842 2853 894 καὶ
2873 840 3110 908 ἐγένετο,
3141 839 3236 894 καὶ
3258 839 3394 892 πολὺ
3426 838 3527 908 τῆς
3551 840 3700 906 ἀγω-

2010 923 2129 988 νίας
2173 925 2487 996 ἀπεθέμεθα
2537 926 2724 998 μέρος.
2764 927 2949 982 Ταῦτα
2991 927 3342 990 ἀκούσαντες,
3391 927 3482 980 τὸν
3523 924 3700 980 ταῦτα

2014 1012 2316 1083 ποιήσαντα
2359 1017 2847 1085 προσεκυνήσαμεν
2893 1015 3024 1068 θεὸν
3063 1015 3138 1078 ὡς
3181 1015 3435 1086 πατέρων
3479 1013 3700 1068 πάντων

2015 1099 2511 1173 φιλοστοργότερον’
2544 1103 2640 1156 καὶ
2663 1103 2757 1156 νῦν
2786 1103 2854 1157 τά
2877 1102 2996 1155 καθ’
3017 1103 3164 1173 ἡμᾶς
3183 1101 3431 1174 διέθηκεν
3462 1101 3698 1166 ἅπαντα,

2013 1189 2231 1260 ἀοράτῳ
2261 1191 2367 1243 τινὶ
2397 1191 2626 1262 δυνάμει
2658 1193 2784 1254 τοὺς
2836 1192 3106 1260 πονηροὺς
3146 1190 3369 1254 τούτους
3412 1189 3703 1260 κατασχὼν

2015 1277 2302 1346 ἀγγέλους,
2338 1278 2430 1331 καὶ
2466 1279 2747 1350 μονονουχὶ
2771 1279 2969 1348 λέγων’
3003 1279 3068 1332 Τί
3090 1276 3454 1344 σπεύδετε;τί
3475 1277 3530 1331 δέ
3553 1276 3686 1330 ἐπεί-

2014 1364 2177 1434 γεσθε
2209 1364 2362 1419 πόλιν
2389 1365 2646 1438 τοιαύτην
2683 1366 3098 1431 καταποντίζειν
3139 1366 3459 1438 μέλλοντες;
3494 1366 3568 1438 μή
3594 1365 3703 1439 7&9

2015 1452 2309 1521 εὐαγγέλια
2341 1453 2597 1525 κομίζετε
2640 1454 2717 1525 τῷ
2755 1454 2996 1526 βασιλεῖ;
3042 1455 3248 1509 Μένετε
3278 1454 3466 1517 αὑτοῦ,
3505 1452 3612 1516 ἕως
3641 1445 3703 1505 οῦ

2015 1538 2108 1593 τὸν
2138 1538 2164 1576 α
2200 1538 2506 1611 θεράποντα
2532 1541 2624 1594 τὸν
2649 1541 2801 1610 ἐμὸν,
2824 1541 3077 1612 καθάπερ
3107 1540 3292 1612 ἰατρὸν
3322 1540 3564 1612 ἄριστον,
3592 1555 3704 1592 πα-

2020 1627 2342 1699 ρασκευὰσω
2370 1626 2573 1696 φθάσαι
2607 1628 2810 1682 καὶτὸν
2837 1628 3098 1699 ὑμέτερον
3120 1626 3559 1698 προκαταλαϐεῖν
3578 1625 3704 1698 δρό-

2022 1697 2140 1782 μον.
2174 1713 2239 1768 Εἰ
2265 1697 2322 1766 δέ
2350 1716 2406 1767 ἐν
2437 1716 2578 1786 ἀρχῇ
2618 1715 2712 1769 τοῦ
2745 1715 2844 1787 τῆς
2875 1697 3225 1788 παρανομίας
3250 1715 3441 1779 ἐλκους
3471 1697 3705 1784 τοσαύτη

2021 1800 2248 1867 πρόνοια
2290 1799 2504 1868 γέγονε,
2549 1800 2729 1873 πολλῷ
2779 1801 2979 1872 μᾶλλον
3032 1802 3173 1873 μετὰ
3222 1801 3318 1873 τὴν
3350 1801 3705 1873 ἐπιστροφὴν,

2022 1885 2161 1955 μετά
2196 1887 2295 1956 τὴν
2327 1888 2636 1957 μετάνοιαν,
2667 1889 2808 1959 μετὰ
2833 1890 2925 1943 τὸν
2954 1889 3206 1944 τοσοῦτον
3241 1888 3426 1958 φόϐον,
3462 1886 3602 1959 μετά
3640 1888 3706 1939 τὸ

2019 1975 2228 2047 δάκρυα
2255 1977 2464 2040 καὶτὰς
2484 1977 2650 2049 εὐχὰς
2672 1979 2917 2044 πλείονος
2939 1977 3362 2050 άπολαυσόμεθα
3384 1978 3482 2046 τῆς
3503 1975 3705 2036 ἀδείας.

2033 2063 2090 2116 '0
2122 2063 2218 2134 μὲν
2251 2063 2362 2135 7&9
2391 2066 2574 2130 Ἰωνᾶς
2615 2067 2840 2131 εἰκότως
2881 2065 3262 2137 συνηλαύνετο,
3306 2066 3392 2119 ἵνα
3429 2067 3510 2128 είς
3548 2066 3698 2134 μετάο

2020 2168 2168 2204 νοιαν
2195 2151 2430 2225 ἐμϐάλῃ,
2465 2154 2624 2225 ὑμεῖς
2661 2155 2719 2208 δὲ
2752 2155 2854 2226 ἢδη
2895 2155 2994 2226 τὴν
3037 2154 3325 2226 μετάνοιαν
3360 2153 3710 2218 ἐπεδείξασθε

2021 2240 2116 2294 καὶ
2144 2241 2347 2314 πολλὴν
2384 2242 2486 2314 τὴν
2527 2244 2886 2316 ἐπιστροφήνθ
2933 2244 3014 2298 διὸ
3055 2245 3151 2298 καὶ
3193 2242 3594 2314 παρακλήσεως
3629 2239 3713 2293 δεῖ

2020 2328 2227 2395 λοιπὸν,
2255 2331 2357 2383 οὐκ
2381 2330 2641 2399 ἀγγελίας
2664 2330 2893 2402 ἀπειλὴν
2916 2331 3166 2404 ἐχούσης.
3197 2330 3298 2385 Διά
3315 2329 3476 2384 τοῦτο
3499 2330 3593 2384 καὶ
3619 2330 3712 2382 τὸν

2023 2417 2202 2470 κοινὸν
2237 2416 2492 2470 ἐντεῦθεν
2525 2417 2790 2490 ἀνέστησε
2820 2417 3053 2490 πατέρα,
3091 2418 3270 2472 καίτοι
3303 2417 3513 2470 πολλῶν
3542 2416 3713 2470 ὄντων

2021 2502 2131 2556 τῶν
2166 2503 2505 2560 κωλυόντωνο
2537 2507 2585 2558 εἰ
2614 2505 2672 2558 δέ
2705 2505 2780 2577 μὴ
2807 2506 3048 2577 ἐφείδετο
3092 2507 3190 2578 τῆς
3228 2517 3252 2545 ο
3293 2505 3570 2578 σωτηρίας
3614 2504 3713 2575 τῆς

2020 2591 2318 2663 ἡμετέρας,
2353 2592 2453 2646 οὑκ
2488 2593 2553 2646 ἂν
2585 2594 2791 2646 ἐκεῖνον
2817 2593 3056 2660 ἔπεισεν,
3095 2592 3231 2648 ἀλλά
3263 2593 3358 2648 καὶ
3391 2592 3715 2664 βουλόμενον

2022 2680 2258 2747 ἐξελθεῖν
2291 2681 2563 2736 ἐκώλυσεν
2593 2683 2678 2739 ἀν.

2096 2777 2165 2839 γ’.
2201 2771 2351 2841 Ἐχω
2379 2789 2433 2824 τι
2459 2772 2554 2825 καὶ⁵
2601 2771 2785 2844 τρίτον
2817 2775 2991 2827 εἰπεῖν
3025 2773 3324 2844 δυνάμενον
3347 2774 3491 2846 ὑμᾶς
3529 2774 3715 2828 πεῖσαι

2024 2857 2268 2930 θαρρεῖν,
2287 2861 2386 2932 τὴν
2409 2860 2692 2932 παροῦσαν
2713 2861 2929 2933 ἐορτὴν,
2955 2861 3022 2932 ἢν
3049 2862 3142 2916 καὶ
3174 2861 3395 2916 ἄπιστοι
3437 2861 3714 2916 αἰδοῦνται

2025 2947 2210 3017 σχεδὸν
2241 2948 2461 3012 πάντες,
2485 2951 2551 3018 ἢν
2577 2948 2672 3002 κα)⁵
2705 2948 2866 3012 αὐτὸς
2891 2951 2920 3004 0
2952 2949 3206 3022 θεοφιλὴς
3252 2950 3506 3021 βασιλεὺς
3537 2949 3714 3014 οὑτως

2023 3035 2220 3108 ⁴ᾐδέσθη
2257 3038 2351 3090 καὶ
2376 3036 2657 3108 ἐτίμησεν,
2685 3037 2762 3101 ὠς
2785 3037 3030 3102 ἅπαντας
3073 3039 3200 3103 τοὺς
3237 3039 3344 3111 πρὸ
3384 3038 3550 3092 αὑτοῦ
3593 3038 3716 3110 μετ’

2023 3123 2305 3189 εὐσεϐείας
2359 3127 2740 3196 κρατήσαντας
2793 3125 3197 3196 ὑπερϐαλέσθαι
3262 3126 3551 3196 βασιλέας.
3623 3125 3714 3179 Ἐν

2023 3212 2249 3278 ταύταις
2277 3213 2409 3283 γοῦν
2436 3215 2556 3277 ταῖς
2586 3213 2820 3285 ήμέραις
2861 3213 3082 3284 πέμψας
3126 3214 3414 3285 ἐπιστολὴν
3444 3217 3521 3277 εἰς
3548 3213 3715 3284 τιμὴν

2022 3300 2122 3371 τῆς
2179 3301 2396 3373 ἑορτῆς,
2445 3303 2573 3364 τοὺς
2638 3301 2700 3354 τὸ
2753 3301 3127 3373 δεσμωτήριον
3187 3301 3474 3365 οἰκοῦντας
3525 3301 3714 3372 σχεδὸν

2025 3389 2236 3458 ἀφῆκεν
2279 3387 2555 3451 ἀπαντας’
2606 3389 2699 3442 καὶ
2759 3388 2965 3460 ταύτην
3024 3392 3052 3442 0
3118 3391 3296 3460 ἱερεὺς
3354 3392 3382 3443 0
3443 3390 3712 3461 ἡμέτερος

2024 3474 2283 3529 εἰσελθὼν
2311 3475 2682 3545 ἀναγνώσεται
2714 3476 2814 3548 τὴν
2845 3476 3133 3548 ἐπιστολὴν
3168 3475 3305 3548 πρὸς
3336 3475 3427 3529 τὸν
3460 3475 3712 3546 βασιλέα,

2025 3563 2121 3616 καί
2146 3563 2252 3616 τῶν
2279 3565 2494 3617 οἰκείων
2524 3565 2685 3619 αὑτὸν
2726 3565 3032 3637 ἀναμνήσει
3073 3565 3276 3638 νόμιον,
3308 3567 3400 3618 καὶ
3432 3566 3549 3637 ἐρεῖ
3576 3565 3714 3637 πρὸς

2025 3653 2209 3715 αὑτὸν,
2267 3654 2349 3706 ὅτι
2407 3654 2480 3708 Σὺ
2534 3652 2728 3708 σαυτὸν
2776 3653 3190 3726 παρακάλεσον,
3248 3657 3343 3708 καὶ
3391 3652 3460 3706 τά
3513 3652 3712 3708 σαυτοῦ

2029 3739 2305 3811 μέμνησο·
2347 3740 2559 3794 οίκοθεν
2594 3740 2738 3811 ἔχεις
2771 3740 2830 3793 τὸ
2870 3740 3223 3812 παράδειγμα
3264 3741 3367 3811 τῆς
3406 3739 3714 3812 φιλανθρω-

2027 3828 2188 3892 πίαςι
2224 3828 2430 3882 δίκαιον
2459 3829 2557 3898 οὑχ
2585 3828 2729 3881 εἵλου
2758 3828 2981 3898 ποιῆσαι
3015 3827 3195 3897 φόνον,
3231 3827 3326 3880 καὶ
3358 3825 3541 3881 ἄδικον
3576 3829 3712 3880 ὑπο-

2029 3917 2211 3985 μενεῖς
2269 3915 2644 3986 ἐργάσασθαι;
2708 3915 2833 3979 τοὺς
2891 3914 3288 3986 ἐληλεγμένους
3354 3915 3448 3968 καὶ
3495 3915 3715 3969 καταδι-

2026 4002 2328 4067 κασθέντας
2377 4004 2476 4075 τὴν
2532 4002 2724 4074 ἑορτὴν
2785 4003 3055 4068 αἰδεσθεὶς
3111 4004 3366 4074 ἀφῆκας,
3428 4005 3522 4058 και)⁸
3584 4005 3714 4069 τοὺς

2027 4089 2352 4153 ἀνευθύνους
2389 4091 2483 4144 καὶ
2515 4091 2681 4162 μηδὲν
2722 4091 3127 4163 τετολμηκότας
3174 4094 3547 4164 κατακρινεῖς,
3584 4090 3714 4146 εἰπέ

2031 4195 2142 4248 μοι,
2173 4179 2265 4231 καὶ
2289 4176 2463 4231 ταῦτα
2495 4178 2594 4248 τῆς
2627 4179 2821 4250 ἐορτῆς
2860 4178 3171 4249 παρούσης;
3214 4179 3517 4250 Μηδαμῶς,
3553 4179 3714 4251 βασι-

2027 4266 2141 4320 λεῦ.
2178 4267 2251 4320 Σὺ
2297 4267 2384 4320 διὰ
2421 4268 2520 4338 τῆς
2562 4267 2849 4337 ἐπιστολῆς
2899 4267 3102 4337 ταύτης
3152 4266 3538 4338 διαλεγόμενος
3591 4267 3713 4333 ταῖς

2030 4354 2218 4409 πόλεσι
2263 4354 2462 4417 πάσαις
2492 4353 2676 4422 ἔλεγες
2707 4371 2720 4384 ·
2772 4352 2899 4407 Εἴθε
2956 4371 3044 4425 μοι
3097 4353 3322 4408 δυνατὸν
3354 4350 3422 4426 ἦν
3462 4356 3714 4421 καὶτοὺς

2030 4442 2257 4514 νεκροὺς
2288 4442 2591 4510 ἀναστῆσαι
2635 4441 2680 4496 ί.
2735 4441 2950 4512 Ταύτης
2994 4441 3226 4512 δεόμεθα
3268 4442 3366 4514 τῆς
3407 4442 3716 4514 φιλανθρωὲ

2032 4533 2181 4596 πίας,
2222 4530 2424 4585 τούτων
2453 4530 2682 4601 δεόμεθα
2713 4531 2820 4584 τῶν
2861 4530 3122 4602 ῥημάτων
3163 4530 3278 4586 νῦν.
3319 4532 3432 4602 Οὑχ
3465 4530 3609 4586 οὑτω
3649 4533 3714 4588 τὸ

2033 4620 2307 4692 κρατῆσαι
2341 4619 2614 4689 πολεμίων
2642 4618 2928 4690 λαμπροὺς
2967 4620 3112 4671 ποιεῖ
3141 4619 3267 4682 τοὺς
3303 4617 3712 4689 βασιλεύοντας,

2032 4709 2108 4771 ὡς
2147 4708 2208 4761 τὸ
2256 4707 2526 4779 κρατῆσαι
2564 4705 2736 4777 θυμοῦ
2775 4706 2869 4759 καί
2912 4707 3108 4777 ὀργῆς·
3153 4708 3271 4760 ἐκεῖ
3309 4707 3408 4778 μὲν
3449 4707 3560 4782 7&9
3604 4709 3713 4763 τῶν

2033 4796 2214 4850 ὅπλων
2245 4798 2337 4849 καὶ
2367 4796 2475 4850 τῶν
2507 4794 2854 4867 στρατιωτῶν
2888 4795 2949 4848 τὸ
2990 4795 3321 4867 κατόρθωμα
3354 4797 3585 4866 γίνεται,
3621 4799 3712 4852 ἐν-

2035 4885 2208 4939 ταῦθα
2243 4886 2299 4939 δὲ
2329 4885 2532 4956 γυμνὸν
2559 4886 2649 4939 σόν
2672 4888 2788 4939 ἐστι
2815 4885 2877 4938 τὸ
2900 4884 3179 4956 τρόπαιον,
3215 4887 3310 4938 καὶ
3339 4886 3530 4940 οὑδένα
3568 4886 3712 4958 ἔχεις

2036 4973 2126 5027 τὸν
2159 4973 2512 5045 μεριζόμενον
2562 4972 2700 5043 μετά
2745 4971 2839 5026 σοῦ
2884 4971 2982 5044 τὴν
3024 4972 3122 5043 τῆς
3169 4972 3487 5043 φιλοσοφίας
3527 4973 3707 5041 δόξαν.

2048 5062 2387 5134 Ἐκράτησας
2419 5061 2657 5132 πολέμου
2707 5059 3065 5132 βαρϐαρικοῦ,
3101 5060 3374 5132 κράτησον
3412 5063 3506 5116 καὶ
3536 5061 3709 5134 θυμοῦ

2038 5149 2317 5221 βασιλικοῦ
2337 5166 2350 5180 ·
2392 5149 2710 5221 μαθέτωσαν
2737 5151 2787 5202 οἰ
2827 5149 3045 5204 ἄπιστοι
3078 5150 3280 5215 πάντες
3305 5151 3388 5204 ὅτι
3414 5153 3443 5204 0
3463 5150 3556 5204 τοῦ
3582 5152 3713 5223 X9:-

2036 5239 2164 5293 στοῦ
2192 5239 2355 5309 φόϐος
2375 5240 2556 5294 πᾶσαν
2576 5238 2822 5306 ἐξουσίαν
2843 5238 3066 5293 δύναται
3103 5238 3380 5310 χαλινοῦν’
3415 5239 3530 5312 [7η
3560 5239 3711 5306 δόξα·

2038 5329 2129 5382 σόν
2155 5346 2246 5381 σου
2279 5329 2369 5382 τὸν
2397 5329 2825 5399 Δεσπότην,τοίς
2846 5327 3148 5391 συνδούλοις
3180 5328 3340 5396 ἀφεὶς
3369 5328 3436 5382 τὰ
3465 5328 3708 5401 ἀμαρτή·

2039 5434 2201 5489 ματα.
2234 5416 2321 5469 ἴνα
2350 5417 2444 5471 καί
2469 5416 2631 5480 αὑτός
2663 5432 2722 5468 σε
2749 5414 2948 5489 δοξάσῃ
2975 5415 3256 5486 μειζόνως,
3285 5415 3371 5468 ἵνα
3393 5415 3601 5488 ἥμερόν
3625 5433 3708 5472 σοι

2035 5505 2176 5559 κατά
2203 5506 2301 5574 τὴν
2329 5505 2426 5574 τῆς
2450 5504 2682 5576 κρίσεως
2714 5502 2926 5575 ἡμέραν
2956 5502 3100 5575 δείξῃ
3135 5503 3196 5556 τὸ
3221 5502 3374 5574 ὄμμα
3403 5504 3500 5557 καὶ
3534 5505 3706 5579 γαλη-

2033 5594 2140 5658 νὸν,
2183 5593 2385 5661 ταύτης
2412 5592 2758 5662 μεμνημένος
2800 5609 2892 5645 σου
2932 5591 3032 5661 τῆς
3066 5591 3494 5662 φιλανθρωπίας.
3520 5593 3707 5650 Ταῦτα

2033 5683 2126 5736 καὶ
2161 5680 2381 5734 πλείονα
2413 5679 2617 5732 τούτων
2644 5681 2776 5750 ἐρεῖ,
2806 5680 2900 5732 καὶ
2934 5679 3149 5742 πάντως
3186 5680 3333 5750 ἡμᾶς
3363 5679 3706 5755 ἐξαιρήσεται

2094 5817 2120 5856 ά
2147 5820 2243 5903 .élii
2267 5821 2357 5874 ἕως
2377 5819 2433 5866 ἂν
2453 5819 2550 5903 τόιν.

2103 5884 2120 5903 ε
2193 5884 2242 5903 li:
2271 5884 2303 5903 -3
2336 5884 2378 5903 δι
2409 5883 2468 5903 ..-ἱ
2521 5880 2689 5903 ..ᾆξ’-Α
2718 5885 2772 5903 ..ἲ

2103 5884 2120 5903 ⁸
2144 5882 2244 5931 Alii
2268 5884 2306 5930 εἰ
2332 5884 2382 5930 δὲ
2409 5883 2470 5942 μή
2497 5881 2692 5936 ἐκήδετο
2718 5885 2816 5936 τῆς.

2097 5942 2116 6017 f
2145 5944 2295 5993 Savil-
2323 5949 2377 6017 ει
2398 5955 2570 6017 magna
2591 5953 2700 6017 pays
2722 5954 2837 6010 mss;
2862 5944 2970 6004 τοὺς
2990 5945 3272 6002 ἀπελθόντας
3291 5944 3457 5995 ἀναστ.
3474 5941 3581 5994 Mox
3603 5941 3687 5993 alii

2033 6007 2213 6059 τούτων
2237 6005 2398 6068 καιρὸς
2419 6005 2513 6052 τῶν
2547 6004 2768 6068 ῥημάτων
2788 6004 2884 6052 νῦν.
