  <div class='ocr_page' id='page_1' title='image "/cluster/home/n/w/nwhite01/storage/ocr_20150623/49/nnc1.0046978208/087.png"; bbox 0 0 4072 6384; ppageno 0'>
   <div class='ocr_carea' id='block_1_1' title="bbox 410 382 3859 446">
    <p class='ocr_par' dir='ltr' id='par_1_1' title="bbox 410 382 3859 446">
     <span class='ocr_line' id='line_1_1' title="bbox 410 382 3859 446; baseline 0.002 -6"><span class='ocrx_word' id='word_1_1' title='bbox 410 385 481 443; x_wconf 75' lang='lat'>85</span> <span class='ocrx_word' id='word_1_2' title='bbox 1236 384 1294 439; x_wconf 89' lang='lat' dir='ltr'>S.</span> <span class='ocrx_word' id='word_1_3' title='bbox 1335 382 1624 440; x_wconf 80' lang='lat' dir='ltr'>JOANNIS</span> <span class='ocrx_word' id='word_1_4' title='bbox 1661 383 2152 442; x_wconf 69' lang='grc' dir='ltr'>οιιιιγδοετοιιι</span> <span class='ocrx_word' id='word_1_5' title='bbox 2191 387 2516 445; x_wconf 74' lang='lat' dir='ltr'>AHCHIEP.</span> <span class='ocrx_word' id='word_1_6' title='bbox 2558 384 3109 444; x_wconf 75' lang='lat' dir='ltr'>CONSTANTINOP.</span> <span class='ocrx_word' id='word_1_7' title='bbox 3790 386 3859 446; x_wconf 76' lang='grc'>86</span> 
     </span>
    </p>
   </div>
   <div class='ocr_carea' id='block_1_2' title="bbox 403 498 2078 572">
    <p class='ocr_par' dir='ltr' id='par_1_2' title="bbox 403 498 2078 572">
     <span class='ocr_line' id='line_1_2' title="bbox 403 498 2078 572; baseline 0.001 -20"><span class='ocrx_word' id='word_1_8' title='bbox 403 500 504 571; x_wconf 87' lang='grc' dir='ltr'>τῆς</span> <span class='ocrx_word' id='word_1_9' title='bbox 522 499 712 571; x_wconf 82' lang='grc' dir='ltr'>ὀργῆς.</span> <span class='ocrx_word' id='word_1_10' title='bbox 735 500 848 554; x_wconf 81' lang='grc' dir='ltr'>Ούκ</span> <span class='ocrx_word' id='word_1_11' title='bbox 883 499 962 564; x_wconf 85' lang='grc' dir='ltr'>είς</span> <span class='ocrx_word' id='word_1_12' title='bbox 994 499 1055 552; x_wconf 87' lang='grc' dir='ltr'>τὸ</span> <span class='ocrx_word' id='word_1_13' title='bbox 1096 499 1280 552; x_wconf 88' lang='grc' dir='ltr'>πεῖσαι</span> <span class='ocrx_word' id='word_1_14' title='bbox 1313 498 1372 552; x_wconf 86' lang='grc' dir='ltr'>δέ</span> <span class='ocrx_word' id='word_1_15' title='bbox 1412 498 1570 570; x_wconf 91' lang='grc' dir='ltr'>μόνον</span> <span class='ocrx_word' id='word_1_16' title='bbox 1603 500 1693 553; x_wconf 87' lang='grc' dir='ltr'>τὸν</span> <span class='ocrx_word' id='word_1_17' title='bbox 1729 501 1949 570; x_wconf 76' lang='grc' dir='ltr'>βασιλέα</span> <span class='ocrx_word' id='word_1_18' title='bbox 1981 518 2078 572; x_wconf 87' lang='grc' dir='ltr'>με-</span> 
     </span>
    </p>
   </div>
   <div class='ocr_carea' id='block_1_3' title="bbox 403 586 2082 660">
    <p class='ocr_par' dir='ltr' id='par_1_3' title="bbox 403 586 2082 660">
     <span class='ocr_line' id='line_1_3' title="bbox 403 586 2082 660; baseline 0.001 -20"><span class='ocrx_word' id='word_1_19' title='bbox 403 587 565 657; x_wconf 82' lang='grc' dir='ltr'>γίστη</span> <span class='ocrx_word' id='word_1_20' title='bbox 595 588 746 659; x_wconf 88' lang='grc' dir='ltr'>παρά</span> <span class='ocrx_word' id='word_1_21' title='bbox 765 587 866 658; x_wconf 87' lang='grc' dir='ltr'>τῆς</span> <span class='ocrx_word' id='word_1_22' title='bbox 887 587 1138 660; x_wconf 87' lang='grc' dir='ltr'>νηστείας</span> <span class='ocrx_word' id='word_1_23' title='bbox 1161 586 1364 658; x_wconf 90' lang='grc' dir='ltr'>ταύτης</span> <span class='ocrx_word' id='word_1_24' title='bbox 1389 588 1522 657; x_wconf 88' lang='grc' dir='ltr'>ήμῖν</span> <span class='ocrx_word' id='word_1_25' title='bbox 1553 589 1584 657; x_wconf 88' lang='grc' dir='ltr'>ἡ</span> <span class='ocrx_word' id='word_1_26' title='bbox 1613 588 1918 658; x_wconf 81' lang='grc' dir='ltr'>συμμαχία,</span> <span class='ocrx_word' id='word_1_27' title='bbox 1945 587 2082 642; x_wconf 85' lang='grc' dir='ltr'>ἀλλά</span> 
     </span>
    </p>
   </div>
   <div class='ocr_carea' id='block_1_4' title="bbox 405 673 2080 747">
    <p class='ocr_par' dir='ltr' id='par_1_4' title="bbox 405 673 2080 747">
     <span class='ocr_line' id='line_1_4' title="bbox 405 673 2080 747; baseline 0.001 -20"><span class='ocrx_word' id='word_1_28' title='bbox 405 675 500 728; x_wconf 80' lang='grc' dir='ltr'>καὶ</span> <span class='ocrx_word' id='word_1_29' title='bbox 537 676 617 738; x_wconf 86' lang='grc' dir='ltr'>είς</span> <span class='ocrx_word' id='word_1_30' title='bbox 655 675 713 728; x_wconf 90' lang='grc' dir='ltr'>τὸ</span> <span class='ocrx_word' id='word_1_31' title='bbox 745 675 1003 742; x_wconf 79' lang='grc' dir='ltr'>γενναίως</span> <span class='ocrx_word' id='word_1_32' title='bbox 1033 675 1274 742; x_wconf 79' lang='grc' dir='ltr'>ἐνεγκεῖν</span> <span class='ocrx_word' id='word_1_33' title='bbox 1306 673 1377 727; x_wconf 86' lang='grc' dir='ltr'>τὰ</span> <span class='ocrx_word' id='word_1_34' title='bbox 1406 674 1770 745; x_wconf 88' lang='grc' dir='ltr'>συμϐαίνοντα</span> <span class='ocrx_word' id='word_1_35' title='bbox 1795 692 1808 704; x_wconf 90' lang='grc'>·</span> <span class='ocrx_word' id='word_1_36' title='bbox 1845 675 1940 730; x_wconf 73' lang='grc' dir='ltr'>καὶ</span> <span class='ocrx_word' id='word_1_37' title='bbox 1972 675 2080 747; x_wconf 78' lang='grc' dir='ltr'>γάρ</span> 
     </span>
    </p>
   </div>
   <div class='ocr_carea' id='block_1_5' title="bbox 406 761 2081 835">
    <p class='ocr_par' dir='ltr' id='par_1_5' title="bbox 406 761 2081 835">
     <span class='ocr_line' id='line_1_5' title="bbox 406 761 2081 835; baseline 0 -20"><span class='ocrx_word' id='word_1_38' title='bbox 406 761 753 834; x_wconf 79' lang='grc' dir='ltr'>παράκλησιν</span> <span class='ocrx_word' id='word_1_39' title='bbox 777 761 838 814; x_wconf 84' lang='grc' dir='ltr'>οὑ</span> <span class='ocrx_word' id='word_1_40' title='bbox 859 761 957 831; x_wconf 82' lang='grc' dir='ltr'>τὴν</span> <span class='ocrx_word' id='word_1_41' title='bbox 979 761 1249 830; x_wconf 75' lang='grc' dir='ltr'>τυχοῦσαν</span> <span class='ocrx_word' id='word_1_42' title='bbox 1274 761 1381 814; x_wconf 85' lang='grc' dir='ltr'>ἀπὸ</span> <span class='ocrx_word' id='word_1_43' title='bbox 1400 761 1496 814; x_wconf 91' lang='grc' dir='ltr'>τοῦ</span> <span class='ocrx_word' id='word_1_44' title='bbox 1520 762 1715 832; x_wconf 80' lang='grc' dir='ltr'>καιροῦ</span> <span class='ocrx_word' id='word_1_45' title='bbox 1740 762 1930 816; x_wconf 90' lang='grc' dir='ltr'>τούτου</span> <span class='ocrx_word' id='word_1_46' title='bbox 1954 780 2081 835; x_wconf 86' lang='grc' dir='ltr'>καρ-</span> 
     </span>
    </p>
   </div>
   <div class='ocr_carea' id='block_1_6' title="bbox 404 847 2080 920">
    <p class='ocr_par' dir='ltr' id='par_1_6' title="bbox 404 847 2080 920">
     <span class='ocr_line' id='line_1_6' title="bbox 404 847 2080 920; baseline 0.001 -19"><span class='ocrx_word' id='word_1_47' title='bbox 404 847 674 919; x_wconf 84' lang='grc' dir='ltr'>πούμεθα.</span> <span class='ocrx_word' id='word_1_48' title='bbox 716 848 855 901; x_wconf 77' lang='grc' dir='ltr'>Αὑτὸ</span> <span class='ocrx_word' id='word_1_49' title='bbox 894 848 1002 919; x_wconf 79' lang='grc' dir='ltr'>γάρ</span> <span class='ocrx_word' id='word_1_50' title='bbox 1036 847 1097 900; x_wconf 88' lang='grc' dir='ltr'>τὸ</span> <span class='ocrx_word' id='word_1_51' title='bbox 1133 848 1256 900; x_wconf 85' lang='grc' dir='ltr'>καθ’</span> <span class='ocrx_word' id='word_1_52' title='bbox 1303 849 1539 918; x_wconf 85' lang='grc' dir='ltr'>ἐκάστην</span> <span class='ocrx_word' id='word_1_53' title='bbox 1583 849 1795 920; x_wconf 77' lang='grc' dir='ltr'>ἡμέραν</span> <span class='ocrx_word' id='word_1_54' title='bbox 1831 850 2080 918; x_wconf 87' lang='grc' dir='ltr'>συλλέγε-</span> 
     </span>
    </p>
   </div>
   <div class='ocr_carea' id='block_1_7' title="bbox 404 935 2075 1007">
    <p class='ocr_par' dir='ltr' id='par_1_7' title="bbox 404 935 2075 1007">
     <span class='ocr_line' id='line_1_7' title="bbox 404 935 2075 1007; baseline 0.001 -18"><span class='ocrx_word' id='word_1_55' title='bbox 404 936 548 1000; x_wconf 90' lang='grc' dir='ltr'>σθαι,</span> <span class='ocrx_word' id='word_1_56' title='bbox 580 939 671 990; x_wconf 76' lang='grc' dir='ltr'>καὶ</span> <span class='ocrx_word' id='word_1_57' title='bbox 699 938 796 1007; x_wconf 92' lang='grc' dir='ltr'>τῆς</span> <span class='ocrx_word' id='word_1_58' title='bbox 819 936 926 988; x_wconf 88' lang='grc' dir='ltr'>τῶν</span> <span class='ocrx_word' id='word_1_59' title='bbox 966 935 1125 988; x_wconf 87' lang='grc' dir='ltr'>Θείων</span> <span class='ocrx_word' id='word_1_60' title='bbox 1164 936 1392 1007; x_wconf 83' lang='grc' dir='ltr'>Γραφῶν</span> <span class='ocrx_word' id='word_1_61' title='bbox 1423 936 1738 1007; x_wconf 79' lang='grc' dir='ltr'>ἀκροάσεως</span> <span class='ocrx_word' id='word_1_62' title='bbox 1765 937 2075 1003; x_wconf 89' lang='grc' dir='ltr'>ἀπολαύειν,</span> 
     </span>
    </p>
   </div>
   <div class='ocr_carea' id='block_1_8' title="bbox 402 1024 2074 1096">
    <p class='ocr_par' dir='ltr' id='par_1_8' title="bbox 402 1024 2074 1096">
     <span class='ocr_line' id='line_1_8' title="bbox 402 1024 2074 1096; baseline -0.001 -18"><span class='ocrx_word' id='word_1_63' title='bbox 402 1026 496 1078; x_wconf 78' lang='grc' dir='ltr'>καὶ</span> <span class='ocrx_word' id='word_1_64' title='bbox 543 1025 805 1096; x_wconf 77' lang='grc' dir='ltr'>ἀλλήλους</span> <span class='ocrx_word' id='word_1_65' title='bbox 856 1024 1102 1095; x_wconf 79' lang='grc' dir='ltr'>βλέπειν,</span> <span class='ocrx_word' id='word_1_66' title='bbox 1144 1025 1238 1078; x_wconf 78' lang='grc' dir='ltr'>καὶ</span> <span class='ocrx_word' id='word_1_67' title='bbox 1281 1024 1418 1095; x_wconf 85' lang='grc' dir='ltr'>πρὸς</span> <span class='ocrx_word' id='word_1_68' title='bbox 1463 1024 1726 1094; x_wconf 80' lang='grc' dir='ltr'>ἀλλήλους</span> <span class='ocrx_word' id='word_1_69' title='bbox 1768 1024 2074 1096; x_wconf 78' lang='grc' dir='ltr'>ὀδύρεσθαι,</span> 
     </span>
    </p>
   </div>
   <div class='ocr_carea' id='block_1_9' title="bbox 399 1112 2077 1183">
    <p class='ocr_par' dir='ltr' id='par_1_9' title="bbox 399 1112 2077 1183">
     <span class='ocr_line' id='line_1_9' title="bbox 399 1112 2077 1183; baseline 0.001 -19"><span class='ocrx_word' id='word_1_70' title='bbox 399 1113 495 1164; x_wconf 71' lang='grc' dir='ltr'>καὶ</span> <span class='ocrx_word' id='word_1_71' title='bbox 523 1113 848 1183; x_wconf 79' lang='grc' dir='ltr'>εὐχομένους</span> <span class='ocrx_word' id='word_1_72' title='bbox 878 1113 974 1165; x_wconf 68' lang='grc' dir='ltr'>καὶ</span> <span class='ocrx_word' id='word_1_73' title='bbox 1007 1113 1257 1180; x_wconf 73' lang='grc' dir='ltr'>εὐλογίας</span> <span class='ocrx_word' id='word_1_74' title='bbox 1299 1112 1640 1183; x_wconf 90' lang='grc' dir='ltr'>δεχομένους.</span> <span class='ocrx_word' id='word_1_75' title='bbox 1683 1113 1856 1177; x_wconf 69' lang='grc' dir='ltr'>οὕτως</span> <span class='ocrx_word' id='word_1_76' title='bbox 1893 1113 2077 1166; x_wconf 87' lang='grc' dir='ltr'>οἴκαδε</span> 
     </span>
    </p>
   </div>
   <div class='ocr_carea' id='block_1_10' title="bbox 398 1199 2076 1272">
    <p class='ocr_par' dir='ltr' id='par_1_10' title="bbox 398 1199 2076 1272">
     <span class='ocr_line' id='line_1_10' title="bbox 398 1199 2076 1272; baseline 0.001 -20"><span class='ocrx_word' id='word_1_77' title='bbox 398 1199 641 1266; x_wconf 78' lang='grc' dir='ltr'>ἀπιέναι,</span> <span class='ocrx_word' id='word_1_78' title='bbox 689 1200 750 1254; x_wconf 84' lang='grc' dir='ltr'>τὸ</span> <span class='ocrx_word' id='word_1_79' title='bbox 787 1201 947 1255; x_wconf 84' lang='grc' dir='ltr'>πλέον</span> <span class='ocrx_word' id='word_1_80' title='bbox 987 1201 1122 1272; x_wconf 86' lang='grc' dir='ltr'>ἡμῖν</span> <span class='ocrx_word' id='word_1_81' title='bbox 1169 1201 1533 1270; x_wconf 84' lang='grc' dir='ltr'>ὑποτέμνεται</span> <span class='ocrx_word' id='word_1_82' title='bbox 1581 1202 1681 1270; x_wconf 84' lang='grc' dir='ltr'>τῆς</span> <span class='ocrx_word' id='word_1_83' title='bbox 1732 1202 1942 1272; x_wconf 74' lang='grc' dir='ltr'>ὀδύνης.</span> <span class='ocrx_word' id='word_1_84' title='bbox 1985 1201 2076 1272; x_wconf 77' lang='grc' dir='ltr'>Μὴ</span> 
     </span>
    </p>
   </div>
   <div class='ocr_carea' id='block_1_11' title="bbox 397 1287 2078 1360">
    <p class='ocr_par' dir='ltr' id='par_1_11' title="bbox 397 1287 2078 1360">
     <span class='ocr_line' id='line_1_11' title="bbox 397 1287 2078 1360; baseline 0.002 -22"><span class='ocrx_word' id='word_1_85' title='bbox 397 1287 576 1340; x_wconf 84' lang='grc' dir='ltr'>τοίνυν</span> <span class='ocrx_word' id='word_1_86' title='bbox 611 1289 1034 1358; x_wconf 85' lang='grc' dir='ltr'>καταπέσωμεν,</span> <span class='ocrx_word' id='word_1_87' title='bbox 1075 1288 1210 1358; x_wconf 85' lang='grc' dir='ltr'>μηδέ</span> <span class='ocrx_word' id='word_1_88' title='bbox 1249 1287 1534 1358; x_wconf 87' lang='grc' dir='ltr'>προδῶμεν</span> <span class='ocrx_word' id='word_1_89' title='bbox 1569 1289 1795 1352; x_wconf 75' lang='grc' dir='ltr'>ἑαυτοὺς</span> <span class='ocrx_word' id='word_1_90' title='bbox 1839 1289 1944 1342; x_wconf 77' lang='grc' dir='ltr'>ὑπὸ</span> <span class='ocrx_word' id='word_1_91' title='bbox 1978 1290 2078 1360; x_wconf 86' lang='grc' dir='ltr'>τῆς</span> 
     </span>
    </p>
   </div>
   <div class='ocr_carea' id='block_1_12' title="bbox 394 1375 2076 1448">
    <p class='ocr_par' dir='ltr' id='par_1_12' title="bbox 394 1375 2076 1448">
     <span class='ocr_line' id='line_1_12' title="bbox 394 1375 2076 1448; baseline 0.001 -20"><span class='ocrx_word' id='word_1_92' title='bbox 394 1375 659 1443; x_wconf 82' lang='grc' dir='ltr'>ἀγωνίας,</span> <span class='ocrx_word' id='word_1_93' title='bbox 702 1376 840 1430; x_wconf 84' lang='grc' dir='ltr'>ἀλλά</span> <span class='ocrx_word' id='word_1_94' title='bbox 885 1376 1136 1446; x_wconf 81' lang='grc' dir='ltr'>μένωμεν</span> <span class='ocrx_word' id='word_1_95' title='bbox 1169 1375 1236 1428; x_wconf 90' lang='grc' dir='ltr'>τά</span> <span class='ocrx_word' id='word_1_96' title='bbox 1267 1375 1480 1446; x_wconf 88' lang='grc' dir='ltr'>χρηστά</span> <span class='ocrx_word' id='word_1_97' title='bbox 1522 1375 1945 1448; x_wconf 77' lang='grc' dir='ltr'>προσδοκῶντες,</span> <span class='ocrx_word' id='word_1_98' title='bbox 1983 1377 2076 1429; x_wconf 78' lang='grc' dir='ltr'>καὶ</span> 
     </span>
    </p>
   </div>
   <div class='ocr_carea' id='block_1_13' title="bbox 397 1463 2076 1534">
    <p class='ocr_par' dir='ltr' id='par_1_13' title="bbox 397 1463 2076 1534">
     <span class='ocr_line' id='line_1_13' title="bbox 397 1463 2076 1534; baseline 0.002 -20"><span class='ocrx_word' id='word_1_99' title='bbox 397 1463 756 1534; x_wconf 82' lang='grc' dir='ltr'>προσέχωμεν</span> <span class='ocrx_word' id='word_1_100' title='bbox 789 1465 902 1526; x_wconf 87' lang='grc' dir='ltr'>τοῖς</span> <span class='ocrx_word' id='word_1_101' title='bbox 936 1463 1267 1533; x_wconf 75' lang='grc' dir='ltr'>ῥηθήσεσθαι</span> <span class='ocrx_word' id='word_1_102' title='bbox 1303 1463 1574 1533; x_wconf 86' lang='grc' dir='ltr'>μέλλουσι.</span> <span class='ocrx_word' id='word_1_103' title='bbox 1609 1465 1718 1517; x_wconf 70' lang='grc' dir='ltr'>Καὶ</span> <span class='ocrx_word' id='word_1_104' title='bbox 1751 1464 1858 1534; x_wconf 78' lang='grc' dir='ltr'>γὰρ</span> <span class='ocrx_word' id='word_1_105' title='bbox 1892 1464 2076 1534; x_wconf 65' lang='grc' dir='ltr'>βούλου</span> 
     </span>
    </p>
   </div>
   <div class='ocr_carea' id='block_1_14' title="bbox 399 1549 2075 1623">
    <p class='ocr_par' dir='ltr' id='par_1_14' title="bbox 399 1549 2075 1623">
     <span class='ocr_line' id='line_1_14' title="bbox 399 1549 2075 1623; baseline 0.002 -20"><span class='ocrx_word' id='word_1_106' title='bbox 399 1566 498 1620; x_wconf 90' lang='grc' dir='ltr'>μαι</span> <span class='ocrx_word' id='word_1_107' title='bbox 525 1552 762 1623; x_wconf 83' lang='grc' dir='ltr'>σήμερον</span> <span class='ocrx_word' id='word_1_108' title='bbox 797 1549 924 1623; x_wconf 74' lang='grc' dir='ltr'>περὶ</span> <span class='ocrx_word' id='word_1_109' title='bbox 951 1551 1252 1622; x_wconf 68' lang='grc' dir='ltr'>ὑπεροψίας</span> <span class='ocrx_word' id='word_1_110' title='bbox 1281 1551 1510 1605; x_wconf 76' lang='grc' dir='ltr'>Θανάτου</span> <span class='ocrx_word' id='word_1_111' title='bbox 1539 1552 1887 1623; x_wconf 88' lang='grc' dir='ltr'>διαλεχθῆναι</span> <span class='ocrx_word' id='word_1_112' title='bbox 1913 1566 1938 1594; x_wconf 72' lang='grc' dir='ltr'>ι</span> <span class='ocrx_word' id='word_1_113' title='bbox 1973 1552 2075 1606; x_wconf 89' lang='grc' dir='ltr'>πά-</span> 
     </span>
    </p>
   </div>
   <div class='ocr_carea' id='block_1_15' title="bbox 394 1634 2074 1712">
    <p class='ocr_par' dir='ltr' id='par_1_15' title="bbox 394 1634 2074 1712">
     <span class='ocr_line' id='line_1_15' title="bbox 394 1634 2074 1712; baseline 0.002 -22"><span class='ocrx_word' id='word_1_114' title='bbox 394 1638 498 1693; x_wconf 88' lang='grc' dir='ltr'>λιν.</span> <span class='ocrx_word' id='word_1_115' title='bbox 547 1634 715 1692; x_wconf 78' lang='grc' dir='ltr'>Εἶπον</span> <span class='ocrx_word' id='word_1_116' title='bbox 747 1640 874 1710; x_wconf 76' lang='grc' dir='ltr'>χθὲς</span> <span class='ocrx_word' id='word_1_117' title='bbox 916 1640 1043 1710; x_wconf 87' lang='grc' dir='ltr'>ὑμῖν</span> <span class='ocrx_word' id='word_1_118' title='bbox 1081 1641 1164 1692; x_wconf 85' lang='grc' dir='ltr'>ὅτι</span> <span class='ocrx_word' id='word_1_119' title='bbox 1201 1639 1292 1692; x_wconf 84' lang='grc' dir='ltr'>τὸν</span> <span class='ocrx_word' id='word_1_120' title='bbox 1340 1639 1567 1694; x_wconf 85' lang='grc' dir='ltr'>θάνατον</span> <span class='ocrx_word' id='word_1_121' title='bbox 1599 1641 1938 1712; x_wconf 84' lang='grc' dir='ltr'>δεδοίκαμεν,</span> <span class='ocrx_word' id='word_1_122' title='bbox 1974 1641 2074 1694; x_wconf 88' lang='grc' dir='ltr'>οὑκ</span> 
     </span>
    </p>
   </div>
   <div class='ocr_carea' id='block_1_16' title="bbox 394 1725 2074 1806">
    <p class='ocr_par' dir='ltr' id='par_1_16' title="bbox 394 1725 2074 1806">
     <span class='ocr_line' id='line_1_16' title="bbox 394 1725 2074 1806; baseline 0.002 -27"><span class='ocrx_word' id='word_1_123' title='bbox 394 1727 582 1806; x_wconf 76' lang='grc' dir='ltr'>ἐπειδὴ</span> <span class='ocrx_word' id='word_1_124' title='bbox 614 1727 842 1798; x_wconf 89' lang='grc' dir='ltr'>φοϐερός</span> <span class='ocrx_word' id='word_1_125' title='bbox 873 1727 1018 1780; x_wconf 87' lang='grc' dir='ltr'>ἐστιν</span> <span class='ocrx_word' id='word_1_126' title='bbox 1042 1728 1270 1787; x_wconf 84' lang='grc' dir='ltr'>ἐκεῖνος.</span> <span class='ocrx_word' id='word_1_127' title='bbox 1298 1725 1410 1780; x_wconf 81' lang='grc' dir='ltr'>ἀλλ’</span> <span class='ocrx_word' id='word_1_128' title='bbox 1445 1728 1632 1798; x_wconf 71' lang='grc' dir='ltr'>ἐπειδὴ</span> <span class='ocrx_word' id='word_1_129' title='bbox 1657 1727 1768 1782; x_wconf 75' lang='grc' dir='ltr'>οὗθ’</span> <span class='ocrx_word' id='word_1_130' title='bbox 1791 1731 1818 1782; x_wconf 97' lang='lat'>6</span> <span class='ocrx_word' id='word_1_131' title='bbox 1845 1729 1942 1798; x_wconf 88' lang='grc' dir='ltr'>τῆς</span> <span class='ocrx_word' id='word_1_132' title='bbox 1979 1728 2074 1799; x_wconf 87' lang='grc' dir='ltr'>βα·-</span> 
     </span>
    </p>
   </div>
   <div class='ocr_carea' id='block_1_17' title="bbox 396 1813 2074 1885">
    <p class='ocr_par' dir='ltr' id='par_1_17' title="bbox 396 1813 2074 1885">
     <span class='ocr_line' id='line_1_17' title="bbox 396 1813 2074 1885; baseline 0.002 -20"><span class='ocrx_word' id='word_1_133' title='bbox 396 1814 599 1876; x_wconf 85' lang='grc' dir='ltr'>σιλείας</span> <span class='ocrx_word' id='word_1_134' title='bbox 623 1815 654 1883; x_wconf 85' lang='grc' dir='ltr'>ἡ</span> <span class='ocrx_word' id='word_1_135' title='bbox 664 1815 768 1882; x_wconf 75' lang='grc' dir='ltr'>μᾶς</span> <span class='ocrx_word' id='word_1_136' title='bbox 800 1813 938 1884; x_wconf 78' lang='grc' dir='ltr'>ἔρως</span> <span class='ocrx_word' id='word_1_137' title='bbox 964 1813 1187 1883; x_wconf 69' lang='grc' dir='ltr'>ἀνῆψεν,</span> <span class='ocrx_word' id='word_1_138' title='bbox 1213 1813 1335 1866; x_wconf 71' lang='grc' dir='ltr'>οὔτε</span> <span class='ocrx_word' id='word_1_139' title='bbox 1357 1817 1384 1868; x_wconf 87' lang='lat'>6</span> <span class='ocrx_word' id='word_1_140' title='bbox 1403 1815 1502 1884; x_wconf 85' lang='grc' dir='ltr'>τῆς</span> <span class='ocrx_word' id='word_1_141' title='bbox 1523 1815 1745 1885; x_wconf 84' lang='grc' dir='ltr'>γεέννης</span> <span class='ocrx_word' id='word_1_142' title='bbox 1763 1814 1923 1884; x_wconf 80' lang='grc' dir='ltr'>φόϐος</span> <span class='ocrx_word' id='word_1_143' title='bbox 1944 1832 2074 1868; x_wconf 87' lang='grc' dir='ltr'>κατ-</span> 
     </span>
    </p>
   </div>
   <div class='ocr_carea' id='block_1_18' title="bbox 390 1901 2073 1974">
    <p class='ocr_par' dir='ltr' id='par_1_18' title="bbox 390 1901 2073 1974">
     <span class='ocr_line' id='line_1_18' title="bbox 390 1901 2073 1974; baseline 0.002 -22"><span class='ocrx_word' id='word_1_144' title='bbox 390 1901 572 1971; x_wconf 86' lang='grc' dir='ltr'>έσχεν,</span> <span class='ocrx_word' id='word_1_145' title='bbox 616 1902 707 1953; x_wconf 73' lang='grc' dir='ltr'>καὶ</span> <span class='ocrx_word' id='word_1_146' title='bbox 745 1902 883 1971; x_wconf 81' lang='grc' dir='ltr'>πρὸς</span> <span class='ocrx_word' id='word_1_147' title='bbox 929 1901 1161 1965; x_wconf 77' lang='grc' dir='ltr'>τούτοις,</span> <span class='ocrx_word' id='word_1_148' title='bbox 1199 1902 1278 1954; x_wconf 86' lang='grc' dir='ltr'>ὅτι</span> <span class='ocrx_word' id='word_1_149' title='bbox 1325 1901 1386 1954; x_wconf 85' lang='grc' dir='ltr'>τὸ</span> <span class='ocrx_word' id='word_1_150' title='bbox 1428 1902 1665 1966; x_wconf 74' lang='grc' dir='ltr'>συνειδὸς</span> <span class='ocrx_word' id='word_1_151' title='bbox 1729 1903 1830 1956; x_wconf 88' lang='grc' dir='ltr'>οὑκ</span> <span class='ocrx_word' id='word_1_152' title='bbox 1878 1903 2073 1974; x_wconf 72' lang='grc' dir='ltr'>ἔχομεν</span> 
     </span>
    </p>
   </div>
   <div class='ocr_carea' id='block_1_19' title="bbox 391 1988 2071 2063">
    <p class='ocr_par' dir='ltr' id='par_1_19' title="bbox 391 1988 2071 2063">
     <span class='ocr_line' id='line_1_19' title="bbox 391 1988 2071 2063; baseline 0.001 -22"><span class='ocrx_word' id='word_1_153' title='bbox 391 1988 616 2055; x_wconf 84' lang='grc' dir='ltr'>ἀγαθόν.</span> <span class='ocrx_word' id='word_1_154' title='bbox 646 1989 908 2042; x_wconf 77' lang='grc' dir='ltr'>Βούλεσθε</span> <span class='ocrx_word' id='word_1_155' title='bbox 938 1990 1033 2043; x_wconf 76' lang='grc' dir='ltr'>καὶ</span> <span class='ocrx_word' id='word_1_156' title='bbox 1058 1989 1324 2062; x_wconf 77' lang='grc' dir='ltr'>τετάρτην</span> <span class='ocrx_word' id='word_1_157' title='bbox 1355 1989 1495 2044; x_wconf 77' lang='grc' dir='ltr'>εἴπω</span> <span class='ocrx_word' id='word_1_158' title='bbox 1517 1991 1695 2045; x_wconf 75' lang='grc' dir='ltr'>αἰτίαν</span> <span class='ocrx_word' id='word_1_159' title='bbox 1721 1993 1820 2062; x_wconf 90' lang='grc' dir='ltr'>τῆς</span> <span class='ocrx_word' id='word_1_160' title='bbox 1844 1992 2071 2063; x_wconf 83' lang='grc' dir='ltr'>ἀκαίρου</span> 
     </span>
    </p>
   </div>
   <div class='ocr_carea' id='block_1_20' title="bbox 391 2076 2072 2150">
    <p class='ocr_par' dir='ltr' id='par_1_20' title="bbox 391 2076 2072 2150">
     <span class='ocr_line' id='line_1_20' title="bbox 391 2076 2072 2150; baseline 0.002 -22"><span class='ocrx_word' id='word_1_161' title='bbox 391 2076 592 2146; x_wconf 78' lang='grc' dir='ltr'>ταύτης</span> <span class='ocrx_word' id='word_1_162' title='bbox 623 2077 861 2144; x_wconf 85' lang='grc' dir='ltr'>ἀγωνίας</span> <span class='ocrx_word' id='word_1_163' title='bbox 898 2077 997 2130; x_wconf 77' lang='grc' dir='ltr'>οὐκ</span> <span class='ocrx_word' id='word_1_164' title='bbox 1030 2077 1305 2140; x_wconf 88' lang='grc' dir='ltr'>ἐλάττονα,</span> <span class='ocrx_word' id='word_1_165' title='bbox 1341 2078 1448 2131; x_wconf 89' lang='grc' dir='ltr'>τῶν</span> <span class='ocrx_word' id='word_1_166' title='bbox 1480 2079 1758 2150; x_wconf 86' lang='grc' dir='ltr'>προτέρων</span> <span class='ocrx_word' id='word_1_167' title='bbox 1781 2078 2072 2150; x_wconf 84' lang='grc' dir='ltr'>ἀληθεστέ-</span> 
     </span>
    </p>
   </div>
   <div class='ocr_carea' id='block_1_21' title="bbox 392 2165 2072 2239">
    <p class='ocr_par' dir='ltr' id='par_1_21' title="bbox 392 2165 2072 2239">
     <span class='ocr_line' id='line_1_21' title="bbox 392 2165 2072 2239; baseline 0.001 -21"><span class='ocrx_word' id='word_1_168' title='bbox 392 2180 528 2235; x_wconf 69' lang='grc' dir='ltr'>ραν;</span> <span class='ocrx_word' id='word_1_169' title='bbox 567 2165 641 2219; x_wconf 88' lang='grc' dir='ltr'>Οὑ</span> <span class='ocrx_word' id='word_1_170' title='bbox 674 2166 854 2236; x_wconf 74' lang='grc' dir='ltr'>ζῶμεν</span> <span class='ocrx_word' id='word_1_171' title='bbox 893 2166 1029 2236; x_wconf 86' lang='grc' dir='ltr'>μετά</span> <span class='ocrx_word' id='word_1_172' title='bbox 1057 2165 1157 2235; x_wconf 86' lang='grc' dir='ltr'>τῆς</span> <span class='ocrx_word' id='word_1_173' title='bbox 1181 2167 1565 2237; x_wconf 76' lang='grc' dir='ltr'>προσηκούσης</span> <span class='ocrx_word' id='word_1_174' title='bbox 1594 2171 1706 2231; x_wconf 89' lang='grc' dir='ltr'>τοῖς</span> <span class='ocrx_word' id='word_1_175' title='bbox 1729 2170 2072 2239; x_wconf 86' lang='grc' dir='ltr'>Χριστιανοῖς</span> 
     </span>
    </p>
   </div>
   <div class='ocr_carea' id='block_1_22' title="bbox 391 2252 2072 2326">
    <p class='ocr_par' dir='ltr' id='par_1_22' title="bbox 391 2252 2072 2326">
     <span class='ocr_line' id='line_1_22' title="bbox 391 2252 2072 2326; baseline 0.001 -21"><span class='ocrx_word' id='word_1_176' title='bbox 391 2252 839 2322; x_wconf 79' lang='grc' dir='ltr'>σκληραγωγίας,</span> <span class='ocrx_word' id='word_1_177' title='bbox 874 2252 1011 2307; x_wconf 86' lang='grc' dir='ltr'>ἀλλά</span> <span class='ocrx_word' id='word_1_178' title='bbox 1044 2253 1133 2306; x_wconf 86' lang='grc' dir='ltr'>τὸν</span> <span class='ocrx_word' id='word_1_179' title='bbox 1167 2254 1333 2324; x_wconf 85' lang='grc' dir='ltr'>ὑγρὸν</span> <span class='ocrx_word' id='word_1_180' title='bbox 1361 2253 1552 2308; x_wconf 81' lang='grc' dir='ltr'>τοῦτον</span> <span class='ocrx_word' id='word_1_181' title='bbox 1573 2257 1664 2308; x_wconf 79' lang='grc' dir='ltr'>καὶ</span> <span class='ocrx_word' id='word_1_182' title='bbox 1692 2255 2072 2326; x_wconf 86' lang='grc' dir='ltr'>διαλελυμένον</span> 
     </span>
    </p>
   </div>
   <div class='ocr_carea' id='block_1_23' title="bbox 391 2340 2072 2415">
    <p class='ocr_par' dir='ltr' id='par_1_23' title="bbox 391 2340 2072 2415">
     <span class='ocr_line' id='line_1_23' title="bbox 391 2340 2072 2415; baseline 0.004 -22"><span class='ocrx_word' id='word_1_183' title='bbox 391 2341 485 2393; x_wconf 75' lang='grc' dir='ltr'>καὶ</span> <span class='ocrx_word' id='word_1_184' title='bbox 512 2341 707 2411; x_wconf 88' lang='grc' dir='ltr'>χαῦνον</span> <span class='ocrx_word' id='word_1_185' title='bbox 734 2340 1086 2411; x_wconf 77' lang='grc' dir='ltr'>ἐζηλώσαμεν</span> <span class='ocrx_word' id='word_1_186' title='bbox 1124 2340 1236 2410; x_wconf 81' lang='grc' dir='ltr'>βίον</span> <span class='ocrx_word' id='word_1_187' title='bbox 1295 2340 1374 2394; x_wconf 88' lang='grc' dir='ltr'>διὸ</span> <span class='ocrx_word' id='word_1_188' title='bbox 1401 2343 1496 2396; x_wconf 74' lang='grc' dir='ltr'>καὶ</span> <span class='ocrx_word' id='word_1_189' title='bbox 1524 2343 1750 2406; x_wconf 78' lang='grc' dir='ltr'>εἰκότως</span> <span class='ocrx_word' id='word_1_190' title='bbox 1777 2346 1891 2408; x_wconf 86' lang='grc' dir='ltr'>τοῖς</span> <span class='ocrx_word' id='word_1_191' title='bbox 1929 2360 2072 2415; x_wconf 82' lang='grc' dir='ltr'>παρ-</span> 
     </span>
    </p>
   </div>
   <div class='ocr_carea' id='block_1_24' title="bbox 388 2427 1424 2500">
    <p class='ocr_par' dir='ltr' id='par_1_24' title="bbox 388 2427 1424 2500">
     <span class='ocr_line' id='line_1_24' title="bbox 388 2427 1424 2500; baseline 0.002 -20"><span class='ocrx_word' id='word_1_192' title='bbox 388 2427 540 2481; x_wconf 82' lang='grc' dir='ltr'>οῦσιν</span> <span class='ocrx_word' id='word_1_193' title='bbox 573 2427 949 2500; x_wconf 83' lang='grc' dir='ltr'>ἐμφιλοχωροῦ</span> <span class='ocrx_word' id='word_1_194' title='bbox 960 2446 1058 2498; x_wconf 84' lang='grc' dir='ltr'>μεν</span> <span class='ocrx_word' id='word_1_195' title='bbox 1082 2429 1424 2499; x_wconf 74' lang='grc' dir='ltr'>πράγμασιν.</span> 
     </span>
    </p>
   </div>
   <div class='ocr_carea' id='block_1_25' title="bbox 471 2515 2073 2591">
    <p class='ocr_par' dir='ltr' id='par_1_25' title="bbox 471 2515 2073 2591">
     <span class='ocr_line' id='line_1_25' title="bbox 471 2515 2073 2591; baseline 0.002 -23"><span class='ocrx_word' id='word_1_196' title='bbox 471 2517 558 2578; x_wconf 85' lang='grc' dir='ltr'>Ὧς</span> <span class='ocrx_word' id='word_1_197' title='bbox 599 2517 657 2569; x_wconf 79' lang='grc' dir='ltr'>ετ</span> <span class='ocrx_word' id='word_1_198' title='bbox 693 2532 756 2583; x_wconf 90' lang='grc' dir='ltr'>γε</span> <span class='ocrx_word' id='word_1_199' title='bbox 803 2517 861 2567; x_wconf 88' lang='grc' dir='ltr'>ἐν</span> <span class='ocrx_word' id='word_1_200' title='bbox 902 2515 1176 2584; x_wconf 86' lang='grc' dir='ltr'>νηστείαις</span> <span class='ocrx_word' id='word_1_201' title='bbox 1216 2517 1312 2569; x_wconf 68' lang='grc' dir='ltr'>καὶ</span> <span class='ocrx_word' id='word_1_202' title='bbox 1361 2517 1649 2588; x_wconf 85' lang='grc' dir='ltr'>παννυχίσι</span> <span class='ocrx_word' id='word_1_203' title='bbox 1705 2518 1799 2572; x_wconf 73' lang='grc' dir='ltr'>καὶ</span> <span class='ocrx_word' id='word_1_204' title='bbox 1827 2518 2073 2591; x_wconf 79' lang='grc' dir='ltr'>εὐτελείᾳ</span> 
     </span>
    </p>
   </div>
   <div class='ocr_carea' id='block_1_26' title="bbox 386 2603 2072 2677">
    <p class='ocr_par' dir='ltr' id='par_1_26' title="bbox 386 2603 2072 2677">
     <span class='ocr_line' id='line_1_26' title="bbox 386 2603 2072 2677; baseline 0.001 -21"><span class='ocrx_word' id='word_1_205' title='bbox 386 2603 599 2674; x_wconf 82' lang='grc' dir='ltr'>διαίτης</span> <span class='ocrx_word' id='word_1_206' title='bbox 627 2605 726 2675; x_wconf 77' lang='grc' dir='ltr'>τὴν</span> <span class='ocrx_word' id='word_1_207' title='bbox 753 2605 897 2676; x_wconf 78' lang='grc' dir='ltr'>ζωὴν</span> <span class='ocrx_word' id='word_1_208' title='bbox 916 2604 1206 2674; x_wconf 89' lang='grc' dir='ltr'>διηνύομεν</span> <span class='ocrx_word' id='word_1_209' title='bbox 1226 2603 1452 2676; x_wconf 88' lang='grc' dir='ltr'>ταύτην,</span> <span class='ocrx_word' id='word_1_210' title='bbox 1475 2607 1573 2669; x_wconf 84' lang='grc' dir='ltr'>τὰς</span> <span class='ocrx_word' id='word_1_211' title='bbox 1599 2605 1892 2676; x_wconf 80' lang='grc' dir='ltr'>ἐπιθυμίας</span> <span class='ocrx_word' id='word_1_212' title='bbox 1912 2609 1944 2670; x_wconf 85' lang='grc' dir='ltr'>ἡ</span> <span class='ocrx_word' id='word_1_213' title='bbox 1954 2605 2072 2677; x_wconf 88' lang='grc' dir='ltr'>μῶν</span> 
     </span>
    </p>
   </div>
   <div class='ocr_carea' id='block_1_27' title="bbox 387 2691 2073 2762">
    <p class='ocr_par' dir='ltr' id='par_1_27' title="bbox 387 2691 2073 2762">
     <span class='ocr_line' id='line_1_27' title="bbox 387 2691 2073 2762; baseline 0.001 -18"><span class='ocrx_word' id='word_1_214' title='bbox 387 2692 747 2755; x_wconf 80' lang='grc' dir='ltr'>ἐκκόπτοντες</span> <span class='ocrx_word' id='word_1_215' title='bbox 786 2693 884 2755; x_wconf 74' lang='grc' dir='ltr'>τὰς</span> <span class='ocrx_word' id='word_1_216' title='bbox 918 2693 1174 2756; x_wconf 84' lang='grc' dir='ltr'>ἀτόπους,</span> <span class='ocrx_word' id='word_1_217' title='bbox 1213 2692 1312 2755; x_wconf 72' lang='grc' dir='ltr'>τὰς</span> <span class='ocrx_word' id='word_1_218' title='bbox 1343 2691 1537 2762; x_wconf 75' lang='grc' dir='ltr'>ἡδονάς</span> <span class='ocrx_word' id='word_1_219' title='bbox 1591 2693 1906 2757; x_wconf 85' lang='grc' dir='ltr'>κωλύοντες,</span> <span class='ocrx_word' id='word_1_220' title='bbox 1947 2694 2073 2756; x_wconf 78' lang='grc' dir='ltr'>τοὺς</span> 
     </span>
    </p>
   </div>
   <div class='ocr_carea' id='block_1_28' title="bbox 390 2779 2070 2851">
    <p class='ocr_par' dir='ltr' id='par_1_28' title="bbox 390 2779 2070 2851">
     <span class='ocr_line' id='line_1_28' title="bbox 390 2779 2070 2851; baseline 0.002 -20"><span class='ocrx_word' id='word_1_221' title='bbox 390 2779 620 2851; x_wconf 86' lang='grc' dir='ltr'>ίδρῶτας</span> <span class='ocrx_word' id='word_1_222' title='bbox 653 2780 753 2850; x_wconf 90' lang='grc' dir='ltr'>τῆς</span> <span class='ocrx_word' id='word_1_223' title='bbox 790 2780 989 2850; x_wconf 86' lang='grc' dir='ltr'>ἀρετῆς</span> <span class='ocrx_word' id='word_1_224' title='bbox 1018 2779 1405 2850; x_wconf 85' lang='grc' dir='ltr'>ὑπομένοντες,</span> <span class='ocrx_word' id='word_1_225' title='bbox 1447 2781 1588 2833; x_wconf 85' lang='grc' dir='ltr'>κατά</span> <span class='ocrx_word' id='word_1_226' title='bbox 1615 2780 1705 2833; x_wconf 84' lang='grc' dir='ltr'>τὸν</span> <span class='ocrx_word' id='word_1_227' title='bbox 1732 2781 1943 2834; x_wconf 88' lang='grc' dir='ltr'>Παύλου</span> <span class='ocrx_word' id='word_1_228' title='bbox 1981 2781 2070 2833; x_wconf 81' lang='grc' dir='ltr'>λό-</span> 
     </span>
    </p>
   </div>
   <div class='ocr_carea' id='block_1_29' title="bbox 391 2866 2072 2939">
    <p class='ocr_par' dir='ltr' id='par_1_29' title="bbox 391 2866 2072 2939">
     <span class='ocr_line' id='line_1_29' title="bbox 391 2866 2072 2939; baseline -0.001 -19"><span class='ocrx_word' id='word_1_229' title='bbox 391 2884 488 2936; x_wconf 88' lang='grc' dir='ltr'>γον</span> <span class='ocrx_word' id='word_1_230' title='bbox 523 2872 572 2909; x_wconf 70' lang='grc' dir='ltr'>ι’</span> <span class='ocrx_word' id='word_1_231' title='bbox 609 2869 996 2932; x_wconf 71' lang='grc' dir='ltr'>ὑποπιέςοντες</span> <span class='ocrx_word' id='word_1_232' title='bbox 1024 2868 1084 2921; x_wconf 84' lang='grc' dir='ltr'>τὸ</span> <span class='ocrx_word' id='word_1_233' title='bbox 1119 2866 1279 2938; x_wconf 89' lang='grc' dir='ltr'>σῶμα</span> <span class='ocrx_word' id='word_1_234' title='bbox 1320 2868 1415 2920; x_wconf 77' lang='grc' dir='ltr'>καὶ</span> <span class='ocrx_word' id='word_1_235' title='bbox 1454 2867 1945 2936; x_wconf 83' lang='grc' dir='ltr'>δουλαγωγοῦντες,</span> <span class='ocrx_word' id='word_1_236' title='bbox 1972 2870 2072 2939; x_wconf 87' lang='grc' dir='ltr'>τῆς</span> 
     </span>
    </p>
   </div>
   <div class='ocr_carea' id='block_1_30' title="bbox 389 2954 2073 3028">
    <p class='ocr_par' dir='ltr' id='par_1_30' title="bbox 389 2954 2073 3028">
     <span class='ocr_line' id='line_1_30' title="bbox 389 2954 2073 3028; baseline 0 -20"><span class='ocrx_word' id='word_1_237' title='bbox 389 2956 591 3028; x_wconf 82' lang='grc' dir='ltr'>σαρκὸς</span> <span class='ocrx_word' id='word_1_238' title='bbox 617 2955 872 3027; x_wconf 87' lang='grc' dir='ltr'>πρόνοιαν</span> <span class='ocrx_word' id='word_1_239' title='bbox 905 2958 978 3028; x_wconf 84' lang='grc' dir='ltr'>μὴ</span> <span class='ocrx_word' id='word_1_240' title='bbox 1007 2955 1316 3026; x_wconf 85' lang='grc' dir='ltr'>ποιούμενοι</span> <span class='ocrx_word' id='word_1_241' title='bbox 1357 2957 1436 3018; x_wconf 89' lang='grc' dir='ltr'>εἰς</span> <span class='ocrx_word' id='word_1_242' title='bbox 1469 2954 1788 3026; x_wconf 80' lang='grc' dir='ltr'>ἐπιθυμίας,</span> <span class='ocrx_word' id='word_1_243' title='bbox 1817 2956 1916 3026; x_wconf 88' lang='grc' dir='ltr'>τὴν</span> <span class='ocrx_word' id='word_1_244' title='bbox 1949 2974 2073 3008; x_wconf 84' lang='grc' dir='ltr'>στε-</span> 
     </span>
    </p>
   </div>
   <div class='ocr_carea' id='block_1_31' title="bbox 385 3043 2072 3115">
    <p class='ocr_par' dir='ltr' id='par_1_31' title="bbox 385 3043 2072 3115">
     <span class='ocr_line' id='line_1_31' title="bbox 385 3043 2072 3115; baseline 0.001 -19"><span class='ocrx_word' id='word_1_245' title='bbox 385 3044 484 3115; x_wconf 75' lang='grc' dir='ltr'>νὴν</span> <span class='ocrx_word' id='word_1_246' title='bbox 523 3044 618 3098; x_wconf 71' lang='grc' dir='ltr'>καὶ</span> <span class='ocrx_word' id='word_1_247' title='bbox 663 3044 1034 3114; x_wconf 88' lang='grc' dir='ltr'>τεθλιμμένην</span> <span class='ocrx_word' id='word_1_248' title='bbox 1089 3044 1207 3096; x_wconf 85' lang='grc' dir='ltr'>όδὸν</span> <span class='ocrx_word' id='word_1_249' title='bbox 1255 3043 1552 3107; x_wconf 85' lang='grc' dir='ltr'>ὁδεύοντες,</span> <span class='ocrx_word' id='word_1_250' title='bbox 1601 3044 1813 3114; x_wconf 86' lang='grc' dir='ltr'>ταχέως</span> <span class='ocrx_word' id='word_1_251' title='bbox 1860 3044 1928 3097; x_wconf 82' lang='grc' dir='ltr'>ἂν</span> <span class='ocrx_word' id='word_1_252' title='bbox 1963 3045 2072 3097; x_wconf 82' lang='grc' dir='ltr'>τῶν</span> 
     </span>
    </p>
   </div>
   <div class='ocr_carea' id='block_1_32' title="bbox 389 3129 2071 3202">
    <p class='ocr_par' dir='ltr' id='par_1_32' title="bbox 389 3129 2071 3202">
     <span class='ocr_line' id='line_1_32' title="bbox 389 3129 2071 3202; baseline -0.001 -18"><span class='ocrx_word' id='word_1_253' title='bbox 389 3132 690 3202; x_wconf 88' lang='grc' dir='ltr'>μελλόντων</span> <span class='ocrx_word' id='word_1_254' title='bbox 724 3131 1173 3202; x_wconf 86' lang='grc' dir='ltr'>ἐπεθυμήσαμεν,</span> <span class='ocrx_word' id='word_1_255' title='bbox 1205 3129 1315 3182; x_wconf 87' lang='grc' dir='ltr'>τῶν</span> <span class='ocrx_word' id='word_1_256' title='bbox 1347 3129 1632 3200; x_wconf 90' lang='grc' dir='ltr'>παρόντων</span> <span class='ocrx_word' id='word_1_257' title='bbox 1683 3130 1860 3184; x_wconf 88' lang='grc' dir='ltr'>πόνων</span> <span class='ocrx_word' id='word_1_258' title='bbox 1895 3131 2071 3184; x_wconf 83' lang='grc' dir='ltr'>ἀπαλ-</span> 
     </span>
    </p>
   </div>
   <div class='ocr_carea' id='block_1_33' title="bbox 384 3217 2072 3291">
    <p class='ocr_par' dir='ltr' id='par_1_33' title="bbox 384 3217 2072 3291">
     <span class='ocr_line' id='line_1_33' title="bbox 384 3217 2072 3291; baseline 0 -19"><span class='ocrx_word' id='word_1_259' title='bbox 384 3219 617 3291; x_wconf 86' lang='grc' dir='ltr'>λαγῆναι</span> <span class='ocrx_word' id='word_1_260' title='bbox 646 3219 986 3283; x_wconf 86' lang='grc' dir='ltr'>σπεύδοντες.</span> <span class='ocrx_word' id='word_1_261' title='bbox 1019 3220 1127 3271; x_wconf 80' lang='grc' dir='ltr'>Καὶ</span> <span class='ocrx_word' id='word_1_262' title='bbox 1151 3220 1234 3272; x_wconf 82' lang='grc' dir='ltr'>ὅτι</span> <span class='ocrx_word' id='word_1_263' title='bbox 1267 3218 1326 3271; x_wconf 90' lang='grc' dir='ltr'>οὑ</span> <span class='ocrx_word' id='word_1_264' title='bbox 1363 3217 1563 3288; x_wconf 77' lang='grc' dir='ltr'>ψευδὴς</span> <span class='ocrx_word' id='word_1_265' title='bbox 1591 3221 1619 3271; x_wconf 91' lang='lat'>6</span> <span class='ocrx_word' id='word_1_266' title='bbox 1639 3219 1795 3287; x_wconf 84' lang='grc' dir='ltr'>λόγος</span> <span class='ocrx_word' id='word_1_267' title='bbox 1822 3219 1850 3271; x_wconf 90' lang='lat'>6</span> <span class='ocrx_word' id='word_1_268' title='bbox 1873 3219 2072 3290; x_wconf 84' lang='grc' dir='ltr'>ἡμέτε-</span> 
     </span>
    </p>
   </div>
   <div class='ocr_carea' id='block_1_34' title="bbox 389 3305 2070 3378">
    <p class='ocr_par' dir='ltr' id='par_1_34' title="bbox 389 3305 2070 3378">
     <span class='ocr_line' id='line_1_34' title="bbox 389 3305 2070 3378; baseline -0.011 0"><span class='ocrx_word' id='word_1_269' title='bbox 389 3323 501 3378; x_wconf 69' lang='grc' dir='ltr'>Ροῖν</span> <span class='ocrx_word' id='word_1_270' title='bbox 531 3306 763 3378; x_wconf 77' lang='grc' dir='ltr'>ἀνάδηθι</span> <span class='ocrx_word' id='word_1_271' title='bbox 797 3307 935 3378; x_wconf 79' lang='grc' dir='ltr'>πρὸς</span> <span class='ocrx_word' id='word_1_272' title='bbox 972 3306 1069 3369; x_wconf 68' lang='grc' dir='ltr'>τὰς</span> <span class='ocrx_word' id='word_1_273' title='bbox 1108 3305 1353 3375; x_wconf 71' lang='grc' dir='ltr'>κορυφὰς</span> <span class='ocrx_word' id='word_1_274' title='bbox 1387 3305 1496 3359; x_wconf 82' lang='grc' dir='ltr'>τῶν</span> <span class='ocrx_word' id='word_1_275' title='bbox 1527 3307 1722 3377; x_wconf 82' lang='grc' dir='ltr'>ὀρέων,</span> <span class='ocrx_word' id='word_1_276' title='bbox 1768 3306 1864 3360; x_wconf 76' lang='grc' dir='ltr'>καὶ</span> <span class='ocrx_word' id='word_1_277' title='bbox 1899 3307 2070 3360; x_wconf 88' lang='grc' dir='ltr'>κατά-</span> 
     </span>
    </p>
   </div>
   <div class='ocr_carea' id='block_1_35' title="bbox 388 3394 2070 3466">
    <p class='ocr_par' dir='ltr' id='par_1_35' title="bbox 388 3394 2070 3466">
     <span class='ocr_line' id='line_1_35' title="bbox 388 3394 2070 3466; baseline 0 -19"><span class='ocrx_word' id='word_1_278' title='bbox 388 3396 532 3466; x_wconf 86' lang='grc' dir='ltr'>μαθε</span> <span class='ocrx_word' id='word_1_279' title='bbox 587 3396 716 3459; x_wconf 79' lang='grc' dir='ltr'>τοὺς</span> <span class='ocrx_word' id='word_1_280' title='bbox 774 3397 890 3447; x_wconf 86' lang='grc' dir='ltr'>ἐκεῖ</span> <span class='ocrx_word' id='word_1_281' title='bbox 947 3394 1238 3464; x_wconf 76' lang='grc' dir='ltr'>μοναχοὺς,</span> <span class='ocrx_word' id='word_1_282' title='bbox 1297 3394 1426 3456; x_wconf 79' lang='grc' dir='ltr'>τοὺς</span> <span class='ocrx_word' id='word_1_283' title='bbox 1469 3395 1528 3446; x_wconf 90' lang='grc' dir='ltr'>ἐν</span> <span class='ocrx_word' id='word_1_284' title='bbox 1573 3394 1782 3464; x_wconf 80' lang='grc' dir='ltr'>σάκκῳ,</span> <span class='ocrx_word' id='word_1_285' title='bbox 1833 3394 1961 3458; x_wconf 75' lang='grc' dir='ltr'>τοὺς</span> <span class='ocrx_word' id='word_1_286' title='bbox 2011 3395 2070 3447; x_wconf 93' lang='grc' dir='ltr'>ἐν</span> 
     </span>
    </p>
   </div>
   <div class='ocr_carea' id='block_1_36' title="bbox 382 3480 2068 3553">
    <p class='ocr_par' dir='ltr' id='par_1_36' title="bbox 382 3480 2068 3553">
     <span class='ocr_line' id='line_1_36' title="bbox 382 3480 2068 3553; baseline 0 -18"><span class='ocrx_word' id='word_1_287' title='bbox 382 3483 623 3553; x_wconf 82' lang='grc' dir='ltr'>δεσμοῖς,</span> <span class='ocrx_word' id='word_1_288' title='bbox 667 3483 793 3545; x_wconf 80' lang='grc' dir='ltr'>τοὺς</span> <span class='ocrx_word' id='word_1_289' title='bbox 835 3482 892 3534; x_wconf 86' lang='grc' dir='ltr'>ἐν</span> <span class='ocrx_word' id='word_1_290' title='bbox 941 3480 1237 3552; x_wconf 80' lang='grc' dir='ltr'>νηστείαις,</span> <span class='ocrx_word' id='word_1_291' title='bbox 1289 3481 1417 3542; x_wconf 75' lang='grc' dir='ltr'>τοὺς</span> <span class='ocrx_word' id='word_1_292' title='bbox 1474 3482 1532 3532; x_wconf 90' lang='grc' dir='ltr'>ἐν</span> <span class='ocrx_word' id='word_1_293' title='bbox 1593 3480 1772 3551; x_wconf 84' lang='grc' dir='ltr'>σκότῳ</span> <span class='ocrx_word' id='word_1_294' title='bbox 1834 3499 2068 3536; x_wconf 82' lang='grc' dir='ltr'>κατακε-</span> 
     </span>
    </p>
   </div>
   <div class='ocr_carea' id='block_1_37' title="bbox 383 3567 2071 3640">
    <p class='ocr_par' dir='ltr' id='par_1_37' title="bbox 383 3567 2071 3640">
     <span class='ocr_line' id='line_1_37' title="bbox 383 3567 2071 3640; baseline -0.001 -18"><span class='ocrx_word' id='word_1_295' title='bbox 383 3569 758 3640; x_wconf 83' lang='grc' dir='ltr'>κλεισμένους,</span> <span class='ocrx_word' id='word_1_296' title='bbox 789 3569 882 3620; x_wconf 59' lang='grc' dir='ltr'>καὶ¹</span> <span class='ocrx_word' id='word_1_297' title='bbox 907 3567 1026 3636; x_wconf 63' lang='grc' dir='ltr'>ϐψει</span> <span class='ocrx_word' id='word_1_298' title='bbox 1056 3567 1260 3628; x_wconf 83' lang='grc' dir='ltr'>πάντας</span> <span class='ocrx_word' id='word_1_299' title='bbox 1293 3567 1490 3629; x_wconf 75' lang='grc' dir='ltr'>αὐτοὺς</span> <span class='ocrx_word' id='word_1_300' title='bbox 1527 3567 1626 3636; x_wconf 85' lang='grc' dir='ltr'>τῆς</span> <span class='ocrx_word' id='word_1_301' title='bbox 1655 3567 1916 3636; x_wconf 86' lang='grc' dir='ltr'>τελευτῆς</span> <span class='ocrx_word' id='word_1_302' title='bbox 1951 3569 2071 3621; x_wconf 88' lang='grc' dir='ltr'>ἐπι-</span> 
     </span>
    </p>
   </div>
   <div class='ocr_carea' id='block_1_38' title="bbox 384 3653 2066 3729">
    <p class='ocr_par' dir='ltr' id='par_1_38' title="bbox 384 3653 2066 3729">
     <span class='ocr_line' id='line_1_38' title="bbox 384 3653 2066 3729; baseline 0.001 -21"><span class='ocrx_word' id='word_1_303' title='bbox 384 3655 715 3729; x_wconf 85' lang='grc' dir='ltr'>θυμοῦντας,</span> <span class='ocrx_word' id='word_1_304' title='bbox 735 3657 830 3709; x_wconf 67' lang='grc' dir='ltr'>καὶ</span> <span class='ocrx_word' id='word_1_305' title='bbox 847 3656 1155 3709; x_wconf 77' lang='grc' dir='ltr'>ἀνάπαυσιν</span> <span class='ocrx_word' id='word_1_306' title='bbox 1183 3653 1244 3706; x_wconf 88' lang='grc' dir='ltr'>τὸ</span> <span class='ocrx_word' id='word_1_307' title='bbox 1269 3654 1502 3725; x_wconf 81' lang='grc' dir='ltr'>πρᾶγμα</span> <span class='ocrx_word' id='word_1_308' title='bbox 1531 3654 1848 3718; x_wconf 83' lang='grc' dir='ltr'>καλοῦντας.</span> <span class='ocrx_word' id='word_1_309' title='bbox 1880 3657 2066 3710; x_wconf 83' lang='grc' dir='ltr'>Καθά-</span> 
     </span>
    </p>
   </div>
   <div class='ocr_carea' id='block_1_39' title="bbox 385 3741 2066 3814">
    <p class='ocr_par' dir='ltr' id='par_1_39' title="bbox 385 3741 2066 3814">
     <span class='ocr_line' id='line_1_39' title="bbox 385 3741 2066 3814; baseline 0.002 -20"><span class='ocrx_word' id='word_1_310' title='bbox 385 3759 492 3814; x_wconf 87' lang='grc' dir='ltr'>περ</span> <span class='ocrx_word' id='word_1_311' title='bbox 541 3743 650 3814; x_wconf 74' lang='grc' dir='ltr'>γάρ</span> <span class='ocrx_word' id='word_1_312' title='bbox 694 3743 722 3793; x_wconf 86' lang='lat'>6</span> <span class='ocrx_word' id='word_1_313' title='bbox 768 3741 1051 3794; x_wconf 82' lang='grc' dir='ltr'>πυκτεύων</span> <span class='ocrx_word' id='word_1_314' title='bbox 1101 3741 1382 3808; x_wconf 79' lang='grc' dir='ltr'>ἐπείγεται</span> <span class='ocrx_word' id='word_1_315' title='bbox 1429 3742 1523 3794; x_wconf 89' lang='grc' dir='ltr'>τοῦ</span> <span class='ocrx_word' id='word_1_316' title='bbox 1561 3742 1774 3795; x_wconf 66' lang='grc' dir='ltr'>σταδίου</span> <span class='ocrx_word' id='word_1_317' title='bbox 1809 3742 2066 3810; x_wconf 79' lang='grc' dir='ltr'>ἐξελθεῖν,</span> 
     </span>
    </p>
   </div>
   <div class='ocr_carea' id='block_1_40' title="bbox 387 3831 2068 3904">
    <p class='ocr_par' dir='ltr' id='par_1_40' title="bbox 387 3831 2068 3904">
     <span class='ocr_line' id='line_1_40' title="bbox 387 3831 2068 3904; baseline 0 -18"><span class='ocrx_word' id='word_1_318' title='bbox 387 3833 475 3886; x_wconf 84' lang='grc' dir='ltr'>ῖνα</span> <span class='ocrx_word' id='word_1_319' title='bbox 503 3833 792 3901; x_wconf 78' lang='grc' dir='ltr'>ἀπαλλαγῇ</span> <span class='ocrx_word' id='word_1_320' title='bbox 824 3831 931 3884; x_wconf 86' lang='grc' dir='ltr'>τῶν</span> <span class='ocrx_word' id='word_1_321' title='bbox 951 3832 1295 3902; x_wconf 76' lang='grc' dir='ltr'>τραυμάτων</span> <span class='ocrx_word' id='word_1_322' title='bbox 1319 3831 1412 3884; x_wconf 73' lang='grc' dir='ltr'>καὶ</span> <span class='ocrx_word' id='word_1_323' title='bbox 1446 3831 1474 3882; x_wconf 89' lang='grc' dir='ltr'><strong>ὁ</strong></span> <span class='ocrx_word' id='word_1_324' title='bbox 1511 3831 1748 3903; x_wconf 81' lang='grc' dir='ltr'>ἀθλητὴς</span> <span class='ocrx_word' id='word_1_325' title='bbox 1773 3834 2068 3904; x_wconf 81' lang='grc' dir='ltr'>ἀναστῆναι</span> 
     </span>
    </p>
   </div>
   <div class='ocr_carea' id='block_1_41' title="bbox 383 3919 2068 3991">
    <p class='ocr_par' dir='ltr' id='par_1_41' title="bbox 383 3919 2068 3991">
     <span class='ocr_line' id='line_1_41' title="bbox 383 3919 2068 3991; baseline 0 -17"><span class='ocrx_word' id='word_1_326' title='bbox 383 3922 445 3974; x_wconf 87' lang='grc' dir='ltr'>τὸ</span> <span class='ocrx_word' id='word_1_327' title='bbox 470 3921 695 3991; x_wconf 84' lang='grc' dir='ltr'>θέατρον</span> <span class='ocrx_word' id='word_1_328' title='bbox 721 3920 999 3988; x_wconf 89' lang='grc' dir='ltr'>ἐπιθυμεῖ,</span> <span class='ocrx_word' id='word_1_329' title='bbox 1032 3920 1120 3973; x_wconf 78' lang='grc' dir='ltr'>ἵνα</span> <span class='ocrx_word' id='word_1_330' title='bbox 1157 3919 1494 3990; x_wconf 83' lang='grc' dir='ltr'>ἐλευθερωθῇ</span> <span class='ocrx_word' id='word_1_331' title='bbox 1536 3919 1645 3972; x_wconf 85' lang='grc' dir='ltr'>τῶν</span> <span class='ocrx_word' id='word_1_332' title='bbox 1685 3922 1891 3973; x_wconf 85' lang='grc' dir='ltr'>πόνων·</span> <span class='ocrx_word' id='word_1_333' title='bbox 1927 3921 2068 3974; x_wconf 87' lang='grc' dir='ltr'>οῦτω</span> 
     </span>
    </p>
   </div>
   <div class='ocr_carea' id='block_1_42' title="bbox 383 4007 2064 4080">
    <p class='ocr_par' dir='ltr' id='par_1_42' title="bbox 383 4007 2064 4080">
     <span class='ocr_line' id='line_1_42' title="bbox 383 4007 2064 4080; baseline -0.001 -18"><span class='ocrx_word' id='word_1_334' title='bbox 383 4010 478 4063; x_wconf 74' lang='grc' dir='ltr'>καὶ</span> <span class='ocrx_word' id='word_1_335' title='bbox 504 4013 531 4062; x_wconf 90' lang='grc' dir='ltr'>ὁ</span> <span class='ocrx_word' id='word_1_336' title='bbox 559 4010 617 4062; x_wconf 90' lang='grc' dir='ltr'>ἐν</span> <span class='ocrx_word' id='word_1_337' title='bbox 654 4007 875 4079; x_wconf 84' lang='grc' dir='ltr'>σκληρῷ</span> <span class='ocrx_word' id='word_1_338' title='bbox 905 4009 998 4060; x_wconf 71' lang='grc' dir='ltr'>καὶ</span> <span class='ocrx_word' id='word_1_339' title='bbox 1029 4010 1352 4080; x_wconf 83' lang='grc' dir='ltr'>τραχυτάτῳ</span> <span class='ocrx_word' id='word_1_340' title='bbox 1392 4008 1493 4078; x_wconf 87' lang='grc' dir='ltr'>βίῳ</span> <span class='ocrx_word' id='word_1_341' title='bbox 1531 4007 1639 4071; x_wconf 80' lang='grc' dir='ltr'>ζῶν</span> <span class='ocrx_word' id='word_1_342' title='bbox 1691 4010 1809 4079; x_wconf 86' lang='grc' dir='ltr'>μετ’</span> <span class='ocrx_word' id='word_1_343' title='bbox 1843 4010 2064 4080; x_wconf 81' lang='grc' dir='ltr'>ἀρετῆς,</span> 
     </span>
    </p>
   </div>
   <div class='ocr_carea' id='block_1_43' title="bbox 384 4097 2066 4170">
    <p class='ocr_par' dir='ltr' id='par_1_43' title="bbox 384 4097 2066 4170">
     <span class='ocr_line' id='line_1_43' title="bbox 384 4097 2066 4170; baseline -0.011 -20"><span class='ocrx_word' id='word_1_344' title='bbox 384 4099 643 4168; x_wconf 81' lang='grc' dir='ltr'>ἐπιθυμεῖ</span> <span class='ocrx_word' id='word_1_345' title='bbox 670 4098 771 4167; x_wconf 88' lang='grc' dir='ltr'>τῆς</span> <span class='ocrx_word' id='word_1_346' title='bbox 798 4098 1076 4167; x_wconf 83' lang='grc' dir='ltr'>τελευτῆς,</span> <span class='ocrx_word' id='word_1_347' title='bbox 1124 4099 1211 4151; x_wconf 81' lang='grc' dir='ltr'>ῖ-,α</span> <span class='ocrx_word' id='word_1_348' title='bbox 1255 4099 1349 4150; x_wconf 79' lang='grc' dir='ltr'>καὶ</span> <span class='ocrx_word' id='word_1_349' title='bbox 1390 4097 1501 4152; x_wconf 86' lang='grc' dir='ltr'>τῶν</span> <span class='ocrx_word' id='word_1_350' title='bbox 1552 4098 1732 4152; x_wconf 78' lang='grc' dir='ltr'>πόνων</span> <span class='ocrx_word' id='word_1_351' title='bbox 1775 4098 2066 4170; x_wconf 67' lang='grc' dir='ltr'>ἀπαλλαγῇ</span> 
     </span>
    </p>
   </div>
   <div class='ocr_carea' id='block_1_44' title="bbox 383 4185 2069 4258">
    <p class='ocr_par' dir='ltr' id='par_1_44' title="bbox 383 4185 2069 4258">
     <span class='ocr_line' id='line_1_44' title="bbox 383 4185 2069 4258; baseline 0 -18"><span class='ocrx_word' id='word_1_352' title='bbox 383 4187 494 4240; x_wconf 86' lang='grc' dir='ltr'>τῶν</span> <span class='ocrx_word' id='word_1_353' title='bbox 529 4187 834 4258; x_wconf 85' lang='grc' dir='ltr'>παρόντων,</span> <span class='ocrx_word' id='word_1_354' title='bbox 863 4187 957 4239; x_wconf 73' lang='grc' dir='ltr'>καὶ</span> <span class='ocrx_word' id='word_1_355' title='bbox 991 4185 1132 4257; x_wconf 84' lang='grc' dir='ltr'>ὑπὲρ</span> <span class='ocrx_word' id='word_1_356' title='bbox 1163 4185 1270 4238; x_wconf 89' lang='grc' dir='ltr'>τῶν</span> <span class='ocrx_word' id='word_1_357' title='bbox 1305 4187 1683 4257; x_wconf 82' lang='grc' dir='ltr'>ἀποκειμένων</span> <span class='ocrx_word' id='word_1_358' title='bbox 1724 4187 1822 4258; x_wconf 79' lang='grc' dir='ltr'>ἔχῃ</span> <span class='ocrx_word' id='word_1_359' title='bbox 1873 4189 2069 4256; x_wconf 79' lang='grc' dir='ltr'>στεφά-</span> 
     </span>
    </p>
   </div>
   <div class='ocr_carea' id='block_1_45' title="bbox 383 4273 2066 4348">
    <p class='ocr_par' dir='ltr' id='par_1_45' title="bbox 383 4273 2066 4348">
     <span class='ocr_line' id='line_1_45' title="bbox 383 4273 2066 4348; baseline -0.001 -17"><span class='ocrx_word' id='word_1_360' title='bbox 383 4294 489 4331; x_wconf 92' lang='grc' dir='ltr'>νων</span> <span class='ocrx_word' id='word_1_361' title='bbox 529 4277 750 4348; x_wconf 75' lang='grc' dir='ltr'>θαρρεῖν</span> <span class='ocrx_word' id='word_1_362' title='bbox 784 4274 918 4347; x_wconf 75' lang='grc' dir='ltr'>πρὸς</span> <span class='ocrx_word' id='word_1_363' title='bbox 955 4274 1044 4327; x_wconf 87' lang='grc' dir='ltr'>τὸν</span> <span class='ocrx_word' id='word_1_364' title='bbox 1079 4273 1252 4327; x_wconf 75' lang='grc' dir='ltr'>εὖδιον</span> <span class='ocrx_word' id='word_1_365' title='bbox 1299 4274 1680 4338; x_wconf 88' lang='grc' dir='ltr'>καταπλεύσας</span> <span class='ocrx_word' id='word_1_366' title='bbox 1708 4275 1922 4344; x_wconf 89' lang='grc' dir='ltr'>λιμένα,</span> <span class='ocrx_word' id='word_1_367' title='bbox 1973 4278 2066 4329; x_wconf 71' lang='grc' dir='ltr'>καὶ</span> 
     </span>
    </p>
   </div>
   <div class='ocr_carea' id='block_1_46' title="bbox 383 4361 2066 4435">
    <p class='ocr_par' dir='ltr' id='par_1_46' title="bbox 383 4361 2066 4435">
     <span class='ocr_line' id='line_1_46' title="bbox 383 4361 2066 4435; baseline -0.002 -18"><span class='ocrx_word' id='word_1_368' title='bbox 383 4366 502 4417; x_wconf 87' lang='grc' dir='ltr'>ἐκεῖ</span> <span class='ocrx_word' id='word_1_369' title='bbox 528 4364 823 4435; x_wconf 76' lang='grc' dir='ltr'>μεταστάς,</span> <span class='ocrx_word' id='word_1_370' title='bbox 864 4361 991 4415; x_wconf 76' lang='grc' dir='ltr'>ἔνθα</span> <span class='ocrx_word' id='word_1_371' title='bbox 1025 4361 1209 4414; x_wconf 85' lang='grc' dir='ltr'>λοιπὸν</span> <span class='ocrx_word' id='word_1_372' title='bbox 1248 4361 1347 4413; x_wconf 81' lang='grc' dir='ltr'>οὑκ</span> <span class='ocrx_word' id='word_1_373' title='bbox 1384 4361 1529 4414; x_wconf 81' lang='grc' dir='ltr'>ἐστιν</span> <span class='ocrx_word' id='word_1_374' title='bbox 1572 4363 1908 4415; x_wconf 86' lang='grc' dir='ltr'>ὑποπτεῦσαι</span> <span class='ocrx_word' id='word_1_375' title='bbox 1941 4380 2066 4414; x_wconf 92' lang='grc' dir='ltr'>ναυ-</span> 
     </span>
    </p>
   </div>
   <div class='ocr_carea' id='block_1_47' title="bbox 382 4449 2064 4522">
    <p class='ocr_par' dir='ltr' id='par_1_47' title="bbox 382 4449 2064 4522">
     <span class='ocr_line' id='line_1_47' title="bbox 382 4449 2064 4522; baseline -0.001 -17"><span class='ocrx_word' id='word_1_376' title='bbox 382 4453 557 4519; x_wconf 80' lang='grc' dir='ltr'>άγιον.</span> <span class='ocrx_word' id='word_1_377' title='bbox 587 4452 686 4505; x_wconf 79' lang='grc' dir='ltr'>Διά</span> <span class='ocrx_word' id='word_1_378' title='bbox 710 4450 868 4504; x_wconf 86' lang='grc' dir='ltr'>τοῦτο</span> <span class='ocrx_word' id='word_1_379' title='bbox 899 4452 994 4504; x_wconf 77' lang='grc' dir='ltr'>καὶ</span> <span class='ocrx_word' id='word_1_380' title='bbox 1017 4453 1044 4504; x_wconf 89' lang='grc' dir='ltr'>ὁ</span> <span class='ocrx_word' id='word_1_381' title='bbox 1070 4450 1202 4512; x_wconf 78' lang='grc' dir='ltr'>Θεὸς</span> <span class='ocrx_word' id='word_1_382' title='bbox 1232 4449 1487 4503; x_wconf 86' lang='grc' dir='ltr'>ἐπίπονον</span> <span class='ocrx_word' id='word_1_383' title='bbox 1529 4450 1688 4518; x_wconf 85' lang='grc' dir='ltr'>φύσει</span> <span class='ocrx_word' id='word_1_384' title='bbox 1727 4453 1822 4504; x_wconf 75' lang='grc' dir='ltr'>καὶ</span> <span class='ocrx_word' id='word_1_385' title='bbox 1859 4451 2064 4522; x_wconf 84' lang='grc' dir='ltr'>μοχθη-</span> 
     </span>
    </p>
   </div>
   <div class='ocr_carea' id='block_1_48' title="bbox 383 4537 2066 4612">
    <p class='ocr_par' dir='ltr' id='par_1_48' title="bbox 383 4537 2066 4612">
     <span class='ocr_line' id='line_1_48' title="bbox 383 4537 2066 4612; baseline -0.002 -18"><span class='ocrx_word' id='word_1_386' title='bbox 383 4543 478 4612; x_wconf 82' lang='grc' dir='ltr'>ρὸν</span> <span class='ocrx_word' id='word_1_387' title='bbox 510 4541 600 4593; x_wconf 86' lang='grc' dir='ltr'>τὸν</span> <span class='ocrx_word' id='word_1_388' title='bbox 637 4541 751 4610; x_wconf 82' lang='grc' dir='ltr'>βίον</span> <span class='ocrx_word' id='word_1_389' title='bbox 789 4540 947 4610; x_wconf 86' lang='grc' dir='ltr'>ἡμῶν</span> <span class='ocrx_word' id='word_1_390' title='bbox 975 4537 1398 4602; x_wconf 82' lang='grc' dir='ltr'>κατεσκεύασεν,</span> <span class='ocrx_word' id='word_1_391' title='bbox 1435 4538 1521 4590; x_wconf 84' lang='grc' dir='ltr'>ἵνα</span> <span class='ocrx_word' id='word_1_392' title='bbox 1549 4539 1654 4591; x_wconf 86' lang='grc' dir='ltr'>ὑπὸ</span> <span class='ocrx_word' id='word_1_393' title='bbox 1695 4539 1794 4609; x_wconf 91' lang='grc' dir='ltr'>τῆς</span> <span class='ocrx_word' id='word_1_394' title='bbox 1833 4539 2066 4592; x_wconf 86' lang='grc' dir='ltr'>ἐνταῦθα</span> 
     </span>
    </p>
   </div>
   <div class='ocr_carea' id='block_1_49' title="bbox 383 4625 2066 4699">
    <p class='ocr_par' dir='ltr' id='par_1_49' title="bbox 383 4625 2066 4699">
     <span class='ocr_line' id='line_1_49' title="bbox 383 4625 2066 4699; baseline -0.004 -14"><span class='ocrx_word' id='word_1_395' title='bbox 383 4629 787 4699; x_wconf 81' lang='grc' dir='ltr'>συνωθούμενοι</span> <span class='ocrx_word' id='word_1_396' title='bbox 812 4627 1066 4697; x_wconf 70' lang='grc' dir='ltr'>θλίψεως,</span> <span class='ocrx_word' id='word_1_397' title='bbox 1101 4626 1398 4696; x_wconf 78' lang='grc' dir='ltr'>ἐπιθυμίαν</span> <span class='ocrx_word' id='word_1_398' title='bbox 1421 4625 1530 4677; x_wconf 89' lang='grc' dir='ltr'>τῶν</span> <span class='ocrx_word' id='word_1_399' title='bbox 1563 4626 1863 4695; x_wconf 89' lang='grc' dir='ltr'>μελλόντων</span> <span class='ocrx_word' id='word_1_400' title='bbox 1893 4627 2066 4679; x_wconf 83' lang='grc' dir='ltr'>λάϐω-</span> 
     </span>
    </p>
   </div>
   <div class='ocr_carea' id='block_1_50' title="bbox 385 4713 2066 4785">
    <p class='ocr_par' dir='ltr' id='par_1_50' title="bbox 385 4713 2066 4785">
     <span class='ocr_line' id='line_1_50' title="bbox 385 4713 2066 4785; baseline -0.001 -18"><span class='ocrx_word' id='word_1_401' title='bbox 385 4733 506 4784; x_wconf 89' lang='grc' dir='ltr'>μεν.</span> <span class='ocrx_word' id='word_1_402' title='bbox 540 4716 600 4767; x_wconf 83' lang='grc' dir='ltr'>Εἰ</span> <span class='ocrx_word' id='word_1_403' title='bbox 631 4715 736 4785; x_wconf 74' lang='grc' dir='ltr'>γάρ</span> <span class='ocrx_word' id='word_1_404' title='bbox 765 4713 860 4767; x_wconf 86' lang='grc' dir='ltr'>νῦν</span> <span class='ocrx_word' id='word_1_405' title='bbox 889 4714 1159 4767; x_wconf 88' lang='grc' dir='ltr'>τοσούτων</span> <span class='ocrx_word' id='word_1_406' title='bbox 1184 4714 1351 4766; x_wconf 82' lang='grc' dir='ltr'>ὄντων</span> <span class='ocrx_word' id='word_1_407' title='bbox 1378 4713 1486 4764; x_wconf 88' lang='grc' dir='ltr'>τῶν</span> <span class='ocrx_word' id='word_1_408' title='bbox 1519 4713 1800 4783; x_wconf 84' lang='grc' dir='ltr'>λυπηρῶν,</span> <span class='ocrx_word' id='word_1_409' title='bbox 1836 4715 1928 4767; x_wconf 73' lang='grc' dir='ltr'>καὶ</span> <span class='ocrx_word' id='word_1_410' title='bbox 1959 4732 2066 4768; x_wconf 73' lang='grc' dir='ltr'>κινι</span> 
     </span>
    </p>
   </div>
   <div class='ocr_carea' id='block_1_51' title="bbox 380 4800 2067 4872">
    <p class='ocr_par' dir='ltr' id='par_1_51' title="bbox 380 4800 2067 4872">
     <span class='ocr_line' id='line_1_51' title="bbox 380 4800 2067 4872; baseline -0.002 -16"><span class='ocrx_word' id='word_1_411' title='bbox 380 4801 575 4864; x_wconf 84' lang='grc' dir='ltr'>δύνων,</span> <span class='ocrx_word' id='word_1_412' title='bbox 612 4803 705 4856; x_wconf 65' lang='grc' dir='ltr'>καὶ</span> <span class='ocrx_word' id='word_1_413' title='bbox 746 4802 926 4870; x_wconf 76' lang='grc' dir='ltr'>φόϐων</span> <span class='ocrx_word' id='word_1_414' title='bbox 963 4803 1058 4854; x_wconf 70' lang='grc' dir='ltr'>καὶ</span> <span class='ocrx_word' id='word_1_415' title='bbox 1090 4801 1386 4872; x_wconf 81' lang='grc' dir='ltr'>φροντίδων</span> <span class='ocrx_word' id='word_1_416' title='bbox 1420 4800 1685 4854; x_wconf 82' lang='grc' dir='ltr'>πάντοθεν</span> <span class='ocrx_word' id='word_1_417' title='bbox 1729 4802 1876 4872; x_wconf 80' lang='grc' dir='ltr'>ἡμᾶς</span> <span class='ocrx_word' id='word_1_418' title='bbox 1913 4819 2067 4871; x_wconf 79' lang='grc' dir='ltr'>περι⁹</span> 
     </span>
    </p>
   </div>
   <div class='ocr_carea' id='block_1_52' title="bbox 385 4888 2064 4962">
    <p class='ocr_par' dir='ltr' id='par_1_52' title="bbox 385 4888 2064 4962">
     <span class='ocr_line' id='line_1_52' title="bbox 385 4888 2064 4962; baseline -0.001 -18"><span class='ocrx_word' id='word_1_419' title='bbox 385 4891 838 4962; x_wconf 80' lang='grc' dir='ltr'>στοιχιζομένων,</span> <span class='ocrx_word' id='word_1_420' title='bbox 892 4889 1064 4952; x_wconf 76' lang='grc' dir='ltr'>οὕτως</span> <span class='ocrx_word' id='word_1_421' title='bbox 1117 4888 1604 4958; x_wconf 82' lang='grc' dir='ltr'>ἐμφιλοχωροῦμεν</span> <span class='ocrx_word' id='word_1_422' title='bbox 1671 4892 1738 4960; x_wconf 80' lang='grc' dir='ltr'>τῇ</span> <span class='ocrx_word' id='word_1_423' title='bbox 1813 4891 2064 4962; x_wconf 84' lang='grc' dir='ltr'>παρούσῃ</span> 
     </span>
    </p>
   </div>
   <div class='ocr_carea' id='block_1_53' title="bbox 384 4973 2064 5050">
    <p class='ocr_par' dir='ltr' id='par_1_53' title="bbox 384 4973 2064 5050">
     <span class='ocr_line' id='line_1_53' title="bbox 384 4973 2064 5050; baseline -0.021 -5"><span class='ocrx_word' id='word_1_424' title='bbox 384 4981 518 5050; x_wconf 72' lang='grc' dir='ltr'>ξωῇ,</span> <span class='ocrx_word' id='word_1_425' title='bbox 547 4977 658 5050; x_wconf 69' lang='grc'>[78]</span> <span class='ocrx_word' id='word_1_426' title='bbox 691 4979 737 5030; x_wconf 86' lang='grc' dir='ltr'>εἰ</span> <span class='ocrx_word' id='word_1_427' title='bbox 780 4977 944 5048; x_wconf 82' lang='grc' dir='ltr'>μηδὲν</span> <span class='ocrx_word' id='word_1_428' title='bbox 973 4977 1174 5030; x_wconf 88' lang='grc' dir='ltr'>τούτων</span> <span class='ocrx_word' id='word_1_429' title='bbox 1199 4973 1285 5048; x_wconf 85' lang='grc' dir='ltr'>ἦν,</span> <span class='ocrx_word' id='word_1_430' title='bbox 1316 4977 1430 5030; x_wconf 87' lang='grc' dir='ltr'>ἀλλ’</span> <span class='ocrx_word' id='word_1_431' title='bbox 1455 4976 1658 5039; x_wconf 80' lang='grc' dir='ltr'>ἄλυπός</span> <span class='ocrx_word' id='word_1_432' title='bbox 1687 4995 1770 5036; x_wconf 79' lang='grc' dir='ltr'>τις</span> <span class='ocrx_word' id='word_1_433' title='bbox 1801 4981 1895 5032; x_wconf 57' lang='grc' dir='ltr'>καὶ</span> <span class='ocrx_word' id='word_1_434' title='bbox 1931 4981 2064 5033; x_wconf 55' lang='lat' dir='ltr'>an,</span> 
     </span>
    </p>
   </div>
   <div class='ocr_carea' id='block_1_54' title="bbox 383 5065 2066 5138">
    <p class='ocr_par' dir='ltr' id='par_1_54' title="bbox 383 5065 2066 5138">
     <span class='ocr_line' id='line_1_54' title="bbox 383 5065 2066 5138; baseline -0.002 -16"><span class='ocrx_word' id='word_1_435' title='bbox 383 5068 658 5138; x_wconf 81' lang='grc' dir='ltr'>λαίπωρος</span> <span class='ocrx_word' id='word_1_436' title='bbox 689 5069 717 5120; x_wconf 90' lang='lat'>6</span> <span class='ocrx_word' id='word_1_437' title='bbox 753 5065 866 5136; x_wconf 82' lang='grc' dir='ltr'>βίος</span> <span class='ocrx_word' id='word_1_438' title='bbox 899 5068 1028 5137; x_wconf 88' lang='grc' dir='ltr'>ἡμῖν</span> <span class='ocrx_word' id='word_1_439' title='bbox 1067 5065 1211 5129; x_wconf 79' lang='grc' dir='ltr'>ἄπας</span> <span class='ocrx_word' id='word_1_440' title='bbox 1242 5065 1471 5132; x_wconf 90' lang='grc' dir='ltr'>ἐγίνετο,</span> <span class='ocrx_word' id='word_1_441' title='bbox 1514 5065 1644 5118; x_wconf 87' lang='grc' dir='ltr'>πότε</span> <span class='ocrx_word' id='word_1_442' title='bbox 1683 5066 1748 5118; x_wconf 78' lang='grc' dir='ltr'>ἂν</span> <span class='ocrx_word' id='word_1_443' title='bbox 1789 5067 2066 5138; x_wconf 86' lang='grc' dir='ltr'>ἐπεθυμή-</span> 
     </span>
    </p>
   </div>
   <div class='ocr_carea' id='block_1_55' title="bbox 385 5155 1072 5228">
    <p class='ocr_par' dir='ltr' id='par_1_55' title="bbox 385 5155 1072 5228">
     <span class='ocr_line' id='line_1_55' title="bbox 385 5155 1072 5228; baseline -0.012 -13"><span class='ocrx_word' id='word_1_444' title='bbox 385 5173 559 5228; x_wconf 82' lang='grc' dir='ltr'>σαμεν</span> <span class='ocrx_word' id='word_1_445' title='bbox 588 5155 697 5208; x_wconf 90' lang='grc' dir='ltr'>τῶν</span> <span class='ocrx_word' id='word_1_446' title='bbox 735 5155 1072 5226; x_wconf 90' lang='grc' dir='ltr'>μελλόντων;</span> 
     </span>
    </p>
   </div>
   <div class='ocr_carea' id='block_1_56' title="bbox 456 5241 2064 5314">
    <p class='ocr_par' dir='ltr' id='par_1_56' title="bbox 456 5241 2064 5314">
     <span class='ocr_line' id='line_1_56' title="bbox 456 5241 2064 5314; baseline -0.004 -14"><span class='ocrx_word' id='word_1_447' title='bbox 456 5243 518 5300; x_wconf 81' lang='grc' dir='ltr'>δ’.</span> <span class='ocrx_word' id='word_1_448' title='bbox 547 5243 703 5298; x_wconf 82' lang='grc' dir='ltr'>Οῦτω</span> <span class='ocrx_word' id='word_1_449' title='bbox 731 5244 824 5296; x_wconf 78' lang='grc' dir='ltr'>καὶ</span> <span class='ocrx_word' id='word_1_450' title='bbox 865 5242 1132 5306; x_wconf 84' lang='grc' dir='ltr'>Ἰουδαίοις</span> <span class='ocrx_word' id='word_1_451' title='bbox 1156 5242 1408 5311; x_wconf 88' lang='grc' dir='ltr'>ἐποίησεν</span> <span class='ocrx_word' id='word_1_452' title='bbox 1435 5241 1606 5304; x_wconf 83' lang='grc' dir='ltr'>όΘεός</span> <span class='ocrx_word' id='word_1_453' title='bbox 1625 5259 1637 5272; x_wconf 78' lang='grc'>⁶</span> <span class='ocrx_word' id='word_1_454' title='bbox 1665 5243 1758 5294; x_wconf 81' lang='grc' dir='ltr'>καὶ</span> <span class='ocrx_word' id='word_1_455' title='bbox 1789 5242 1895 5314; x_wconf 77' lang='grc' dir='ltr'>γάρ</span> <span class='ocrx_word' id='word_1_456' title='bbox 1923 5243 2064 5295; x_wconf 81' lang='grc' dir='ltr'>ἐκεί-</span> 
     </span>
    </p>
   </div>
   <div class='ocr_carea' id='block_1_57' title="bbox 383 5329 2063 5404">
    <p class='ocr_par' dir='ltr' id='par_1_57' title="bbox 383 5329 2063 5404">
     <span class='ocr_line' id='line_1_57' title="bbox 383 5329 2063 5404; baseline -0.003 -17"><span class='ocrx_word' id='word_1_457' title='bbox 383 5351 509 5398; x_wconf 87' lang='grc' dir='ltr'>νους</span> <span class='ocrx_word' id='word_1_458' title='bbox 547 5331 868 5404; x_wconf 78' lang='grc' dir='ltr'>βουλόμενος</span> <span class='ocrx_word' id='word_1_459' title='bbox 901 5334 979 5394; x_wconf 88' lang='grc' dir='ltr'>εἰς</span> <span class='ocrx_word' id='word_1_460' title='bbox 1014 5330 1306 5399; x_wconf 81' lang='grc' dir='ltr'>ἐπιθυμίαν</span> <span class='ocrx_word' id='word_1_461' title='bbox 1350 5329 1607 5398; x_wconf 80' lang='grc' dir='ltr'>ἐμϐαλεῖν</span> <span class='ocrx_word' id='word_1_462' title='bbox 1647 5330 1747 5399; x_wconf 87' lang='grc' dir='ltr'>τῆς</span> <span class='ocrx_word' id='word_1_463' title='bbox 1783 5330 2063 5393; x_wconf 78' lang='grc' dir='ltr'>ἐπανόδου,</span> 
     </span>
    </p>
   </div>
   <div class='ocr_carea' id='block_1_58' title="bbox 387 5417 2067 5492">
    <p class='ocr_par' dir='ltr' id='par_1_58' title="bbox 387 5417 2067 5492">
     <span class='ocr_line' id='line_1_58' title="bbox 387 5417 2067 5492; baseline -0.005 -16"><span class='ocrx_word' id='word_1_464' title='bbox 387 5423 480 5479; x_wconf 75' lang='grc' dir='ltr'>καὶ</span> <span class='ocrx_word' id='word_1_465' title='bbox 513 5424 698 5474; x_wconf 82' lang='grc' dir='ltr'>πεῖσαι</span> <span class='ocrx_word' id='word_1_466' title='bbox 734 5420 959 5492; x_wconf 85' lang='grc' dir='ltr'>μισῆσαι</span> <span class='ocrx_word' id='word_1_467' title='bbox 988 5419 1085 5488; x_wconf 76' lang='grc' dir='ltr'>τὴν</span> <span class='ocrx_word' id='word_1_468' title='bbox 1116 5419 1408 5485; x_wconf 80' lang='grc' dir='ltr'>Αἴγυπτον,</span> <span class='ocrx_word' id='word_1_469' title='bbox 1437 5417 1779 5488; x_wconf 81' lang='grc' dir='ltr'>συνεχώρησε</span> <span class='ocrx_word' id='word_1_470' title='bbox 1805 5417 1885 5488; x_wconf 78' lang='grc' dir='ltr'>τῷ</span> <span class='ocrx_word' id='word_1_471' title='bbox 1912 5418 2067 5487; x_wconf 83' lang='grc' dir='ltr'>πηλῷ</span> 
     </span>
    </p>
   </div>
   <div class='ocr_carea' id='block_1_59' title="bbox 386 5506 2066 5580">
    <p class='ocr_par' dir='ltr' id='par_1_59' title="bbox 386 5506 2066 5580">
     <span class='ocr_line' id='line_1_59' title="bbox 386 5506 2066 5580; baseline -0.004 -16"><span class='ocrx_word' id='word_1_472' title='bbox 386 5510 484 5564; x_wconf 80' lang='grc' dir='ltr'>καὶ</span> <span class='ocrx_word' id='word_1_473' title='bbox 514 5512 580 5580; x_wconf 82' lang='grc' dir='ltr'>τῇ</span> <span class='ocrx_word' id='word_1_474' title='bbox 623 5509 874 5580; x_wconf 75' lang='grc' dir='ltr'>πλινθεία</span> <span class='ocrx_word' id='word_1_475' title='bbox 918 5507 1405 5578; x_wconf 84' lang='grc' dir='ltr'>ταλαιπωρεῖσθαι,</span> <span class='ocrx_word' id='word_1_476' title='bbox 1445 5506 1530 5558; x_wconf 83' lang='grc' dir='ltr'>ἵνα</span> <span class='ocrx_word' id='word_1_477' title='bbox 1573 5507 1651 5575; x_wconf 80' lang='grc' dir='ltr'>τῷ</span> <span class='ocrx_word' id='word_1_478' title='bbox 1687 5506 1908 5576; x_wconf 86' lang='grc' dir='ltr'>μεγέθει</span> <span class='ocrx_word' id='word_1_479' title='bbox 1957 5507 2066 5558; x_wconf 83' lang='grc' dir='ltr'>τῶν</span> 
     </span>
    </p>
   </div>
   <div class='ocr_carea' id='block_1_60' title="bbox 387 5593 2065 5668">
    <p class='ocr_par' dir='ltr' id='par_1_60' title="bbox 387 5593 2065 5668">
     <span class='ocr_line' id='line_1_60' title="bbox 387 5593 2065 5668; baseline -0.003 -17"><span class='ocrx_word' id='word_1_480' title='bbox 387 5598 566 5651; x_wconf 84' lang='grc' dir='ltr'>πόνων</span> <span class='ocrx_word' id='word_1_481' title='bbox 587 5597 808 5668; x_wconf 77' lang='grc' dir='ltr'>καὶτῆς</span> <span class='ocrx_word' id='word_1_482' title='bbox 840 5595 1216 5662; x_wconf 86' lang='grc' dir='ltr'>ταλαιπωρίας</span> <span class='ocrx_word' id='word_1_483' title='bbox 1248 5593 1463 5664; x_wconf 77' lang='grc' dir='ltr'>ἐκείνης</span> <span class='ocrx_word' id='word_1_484' title='bbox 1499 5595 1791 5664; x_wconf 84' lang='grc' dir='ltr'>ἀγχόμενοι</span> <span class='ocrx_word' id='word_1_485' title='bbox 1828 5594 2065 5664; x_wconf 88' lang='grc' dir='ltr'>βοήσωσι</span> 
     </span>
    </p>
   </div>
   <div class='ocr_carea' id='block_1_61' title="bbox 387 5679 2065 5756">
    <p class='ocr_par' dir='ltr' id='par_1_61' title="bbox 387 5679 2065 5756">
     <span class='ocr_line' id='line_1_61' title="bbox 387 5679 2065 5756; baseline -0.002 -17"><span class='ocrx_word' id='word_1_486' title='bbox 387 5684 526 5756; x_wconf 86' lang='grc' dir='ltr'>πρὸς</span> <span class='ocrx_word' id='word_1_487' title='bbox 563 5685 653 5740; x_wconf 87' lang='grc' dir='ltr'>τὸν</span> <span class='ocrx_word' id='word_1_488' title='bbox 689 5685 823 5738; x_wconf 85' lang='grc' dir='ltr'>Θεὸν</span> <span class='ocrx_word' id='word_1_489' title='bbox 866 5683 996 5754; x_wconf 68' lang='grc' dir='ltr'>περὶ</span> <span class='ocrx_word' id='word_1_490' title='bbox 1041 5683 1140 5752; x_wconf 81' lang='grc' dir='ltr'>τῆς</span> <span class='ocrx_word' id='word_1_491' title='bbox 1177 5681 1458 5734; x_wconf 83' lang='grc' dir='ltr'>ἐπανόδου.</span> <span class='ocrx_word' id='word_1_492' title='bbox 1501 5683 1562 5734; x_wconf 80' lang='grc' dir='ltr'>Εἰ</span> <span class='ocrx_word' id='word_1_493' title='bbox 1607 5684 1714 5752; x_wconf 86' lang='grc' dir='ltr'>γάρ</span> <span class='ocrx_word' id='word_1_494' title='bbox 1751 5679 1814 5750; x_wconf 82' lang='grc' dir='ltr'>δὴ</span> <span class='ocrx_word' id='word_1_495' title='bbox 1861 5683 2065 5735; x_wconf 89' lang='grc' dir='ltr'>τούτων</span> 
     </span>
    </p>
   </div>
   <div class='ocr_carea' id='block_1_62' title="bbox 386 5769 2062 5844">
    <p class='ocr_par' dir='ltr' id='par_1_62' title="bbox 386 5769 2062 5844">
     <span class='ocr_line' id='line_1_62' title="bbox 386 5769 2062 5844; baseline -0.002 -18"><span class='ocrx_word' id='word_1_496' title='bbox 386 5772 693 5844; x_wconf 77' lang='grc' dir='ltr'>γενομένων</span> <span class='ocrx_word' id='word_1_497' title='bbox 728 5771 1034 5838; x_wconf 78' lang='grc' dir='ltr'>ἐξελθόντες</span> <span class='ocrx_word' id='word_1_498' title='bbox 1079 5769 1240 5821; x_wconf 82' lang='grc' dir='ltr'>πάλιν</span> <span class='ocrx_word' id='word_1_499' title='bbox 1288 5769 1592 5838; x_wconf 79' lang='grc' dir='ltr'>ἐμέμνηντο</span> <span class='ocrx_word' id='word_1_500' title='bbox 1631 5773 1726 5840; x_wconf 75' lang='grc' dir='ltr'>τῆς</span> <span class='ocrx_word' id='word_1_501' title='bbox 1765 5770 2062 5837; x_wconf 80' lang='grc' dir='ltr'>Αἰγύπτου,</span> 
     </span>
    </p>
   </div>
   <div class='ocr_carea' id='block_1_63' title="bbox 452 5927 1810 5988">
    <p class='ocr_par' dir='ltr' id='par_1_63' title="bbox 452 5927 1810 5988">
     <span class='ocr_line' id='line_1_63' title="bbox 452 5927 1810 5988; baseline -0.003 -8"><span class='ocrx_word' id='word_1_502' title='bbox 452 5931 480 5962; x_wconf 66' lang='grc' dir='ltr'>θ</span> <span class='ocrx_word' id='word_1_503' title='bbox 504 5929 587 5980; x_wconf 85' lang='lat' dir='ltr'>Sic</span> <span class='ocrx_word' id='word_1_504' title='bbox 607 5928 759 5977; x_wconf 82' lang='lat' dir='ltr'>Savil.</span> <span class='ocrx_word' id='word_1_505' title='bbox 785 5928 964 5975; x_wconf 68' lang='lat' dir='ltr'>melius</span> <span class='ocrx_word' id='word_1_506' title='bbox 999 5940 1142 5988; x_wconf 76' lang='lat' dir='ltr'><strong>quam</strong></span> <span class='ocrx_word' id='word_1_507' title='bbox 1159 5927 1292 5988; x_wconf 61' lang='lat' dir='ltr'>ygllg.</span> <span class='ocrx_word' id='word_1_508' title='bbox 1317 5927 1651 5988; x_wconf 68' lang='grc' dir='ltr'>διαλεχθῶμεν.</span> <span class='ocrx_word' id='word_1_509' title='bbox 1678 5928 1810 5976; x_wconf 71' lang='lat' dir='ltr'>Eon.</span> 
     </span>
    </p>
   </div>
   <div class='ocr_carea' id='block_1_64' title="bbox 453 5986 1811 6047">
    <p class='ocr_par' dir='ltr' id='par_1_64' title="bbox 453 5986 1811 6047">
     <span class='ocr_line' id='line_1_64' title="bbox 453 5986 1811 6047; baseline -0.005 -4"><span class='ocrx_word' id='word_1_510' title='bbox 453 5993 503 6024; x_wconf 58' lang='grc' dir='ltr'>δ’</span> <span class='ocrx_word' id='word_1_511' title='bbox 525 5988 626 6044; x_wconf 75' lang='lat' dir='ltr'>Alii</span> <span class='ocrx_word' id='word_1_512' title='bbox 648 5991 770 6038; x_wconf 74' lang='grc' dir='ltr'>κατὰ</span> <span class='ocrx_word' id='word_1_513' title='bbox 794 5990 872 6038; x_wconf 75' lang='grc' dir='ltr'>τὸν</span> <span class='ocrx_word' id='word_1_514' title='bbox 895 5987 1101 6037; x_wconf 68' lang='grc' dir='ltr'>Παῦλον.</span> <span class='ocrx_word' id='word_1_515' title='bbox 1130 5986 1252 6040; x_wconf 79' lang='lat' dir='ltr'>Ibid.</span> <span class='ocrx_word' id='word_1_516' title='bbox 1279 5989 1428 6040; x_wconf 67' lang='lat' dir='ltr'>Sam.</span> <span class='ocrx_word' id='word_1_517' title='bbox 1450 5986 1811 6047; x_wconf 71' lang='grc' dir='ltr'>ὑπωπιάζοντες.</span> 
     </span>
    </p>
   </div>
   <div class='ocr_carea' id='block_1_65' title="bbox 2190 501 3861 575">
    <p class='ocr_par' dir='ltr' id='par_1_65' title="bbox 2190 501 3861 575">
     <span class='ocr_line' id='line_1_65' title="bbox 2190 501 3861 575; baseline 0.001 -19"><span class='ocrx_word' id='word_1_518' title='bbox 2190 505 2284 558; x_wconf 69' lang='grc' dir='ltr'>καὶ</span> <span class='ocrx_word' id='word_1_519' title='bbox 2306 503 2406 574; x_wconf 88' lang='grc' dir='ltr'>τῆς</span> <span class='ocrx_word' id='word_1_520' title='bbox 2430 502 2672 574; x_wconf 89' lang='grc' dir='ltr'>χαλεπῆς</span> <span class='ocrx_word' id='word_1_521' title='bbox 2693 502 2933 566; x_wconf 88' lang='grc' dir='ltr'>δουλείας</span> <span class='ocrx_word' id='word_1_522' title='bbox 2957 504 3050 555; x_wconf 74' lang='grc' dir='ltr'>καὶ</span> <span class='ocrx_word' id='word_1_523' title='bbox 3077 501 3213 571; x_wconf 83' lang='grc' dir='ltr'>πρὸς</span> <span class='ocrx_word' id='word_1_524' title='bbox 3235 503 3332 574; x_wconf 77' lang='grc' dir='ltr'>τὴν</span> <span class='ocrx_word' id='word_1_525' title='bbox 3363 503 3636 575; x_wconf 89' lang='grc' dir='ltr'>προτέραν</span> <span class='ocrx_word' id='word_1_526' title='bbox 3663 519 3861 574; x_wconf 85' lang='grc' dir='ltr'>τυραν·</span> 
     </span>
    </p>
   </div>
   <div class='ocr_carea' id='block_1_66' title="bbox 2188 590 3859 663">
    <p class='ocr_par' dir='ltr' id='par_1_66' title="bbox 2188 590 3859 663">
     <span class='ocr_line' id='line_1_66' title="bbox 2188 590 3859 663; baseline -0.001 -17"><span class='ocrx_word' id='word_1_527' title='bbox 2188 591 2308 646; x_wconf 86' lang='grc' dir='ltr'>νίδα</span> <span class='ocrx_word' id='word_1_528' title='bbox 2340 591 2700 663; x_wconf 80' lang='grc' dir='ltr'>ὑποστρέφειν</span> <span class='ocrx_word' id='word_1_529' title='bbox 2731 591 3038 660; x_wconf 85' lang='grc' dir='ltr'>ἡπείγοντο,</span> <span class='ocrx_word' id='word_1_530' title='bbox 3075 593 3123 643; x_wconf 87' lang='grc' dir='ltr'>εί</span> <span class='ocrx_word' id='word_1_531' title='bbox 3165 592 3240 661; x_wconf 80' lang='grc' dir='ltr'>μὴ</span> <span class='ocrx_word' id='word_1_532' title='bbox 3278 591 3533 644; x_wconf 77' lang='grc' dir='ltr'>τοιούτοιν</span> <span class='ocrx_word' id='word_1_533' title='bbox 3567 590 3859 660; x_wconf 87' lang='grc' dir='ltr'>ἐπειράθη-</span> 
     </span>
    </p>
   </div>
   <div class='ocr_carea' id='block_1_67' title="bbox 2191 677 3858 750">
    <p class='ocr_par' dir='ltr' id='par_1_67' title="bbox 2191 677 3858 750">
     <span class='ocr_line' id='line_1_67' title="bbox 2191 677 3858 750; baseline 0.002 -20"><span class='ocrx_word' id='word_1_534' title='bbox 2191 689 2292 731; x_wconf 84' lang='grc' dir='ltr'>σαν</span> <span class='ocrx_word' id='word_1_535' title='bbox 2325 678 2436 732; x_wconf 89' lang='grc' dir='ltr'>τῶν</span> <span class='ocrx_word' id='word_1_536' title='bbox 2490 678 2800 750; x_wconf 88' lang='grc' dir='ltr'>βαρϐάρων,</span> <span class='ocrx_word' id='word_1_537' title='bbox 2859 678 2991 730; x_wconf 86' lang='grc' dir='ltr'>πότε</span> <span class='ocrx_word' id='word_1_538' title='bbox 3041 677 3107 732; x_wconf 83' lang='grc' dir='ltr'>ἀν</span> <span class='ocrx_word' id='word_1_539' title='bbox 3161 679 3376 748; x_wconf 85' lang='grc' dir='ltr'>ἀφεῖναι</span> <span class='ocrx_word' id='word_1_540' title='bbox 3428 679 3525 750; x_wconf 83' lang='grc' dir='ltr'>τὴν</span> <span class='ocrx_word' id='word_1_541' title='bbox 3573 679 3858 750; x_wconf 84' lang='grc' dir='ltr'>ἀλλοτρίαν</span> 
     </span>
    </p>
   </div>
   <div class='ocr_carea' id='block_1_68' title="bbox 2188 762 3858 837">
    <p class='ocr_par' dir='ltr' id='par_1_68' title="bbox 2188 762 3858 837">
     <span class='ocr_line' id='line_1_68' title="bbox 2188 762 3858 837; baseline 0.002 -21"><span class='ocrx_word' id='word_1_542' title='bbox 2188 763 2492 836; x_wconf 89' lang='grc' dir='ltr'>ἡθέλησαν;</span> <span class='ocrx_word' id='word_1_543' title='bbox 2528 767 2644 819; x_wconf 88' lang='grc' dir='ltr'>’Ἱνα</span> <span class='ocrx_word' id='word_1_544' title='bbox 2687 762 2779 818; x_wconf 80' lang='grc' dir='ltr'>οὖν</span> <span class='ocrx_word' id='word_1_545' title='bbox 2813 765 2908 818; x_wconf 74' lang='grc' dir='ltr'>καὶ</span> <span class='ocrx_word' id='word_1_546' title='bbox 2941 767 3103 836; x_wconf 88' lang='grc' dir='ltr'>ἡμεῖς</span> <span class='ocrx_word' id='word_1_547' title='bbox 3135 764 3208 836; x_wconf 83' lang='grc' dir='ltr'>μὴ</span> <span class='ocrx_word' id='word_1_548' title='bbox 3240 768 3302 836; x_wconf 77' lang='grc' dir='ltr'>τῇ</span> <span class='ocrx_word' id='word_1_549' title='bbox 3334 769 3402 837; x_wconf 76' lang='grc' dir='ltr'>γῇ</span> <span class='ocrx_word' id='word_1_550' title='bbox 3449 766 3858 837; x_wconf 83' lang='grc' dir='ltr'>προσηλωμένοι</span> 
     </span>
    </p>
   </div>
   <div class='ocr_carea' id='block_1_69' title="bbox 2187 852 3858 924">
    <p class='ocr_par' dir='ltr' id='par_1_69' title="bbox 2187 852 3858 924">
     <span class='ocr_line' id='line_1_69' title="bbox 2187 852 3858 924; baseline 0.001 -21"><span class='ocrx_word' id='word_1_551' title='bbox 2187 852 2443 924; x_wconf 71' lang='grc' dir='ltr'>καὶπρὸς</span> <span class='ocrx_word' id='word_1_552' title='bbox 2473 853 2541 905; x_wconf 79' lang='grc' dir='ltr'>τά</span> <span class='ocrx_word' id='word_1_553' title='bbox 2574 855 2816 923; x_wconf 87' lang='grc' dir='ltr'>παρόντα</span> <span class='ocrx_word' id='word_1_554' title='bbox 2856 853 3141 922; x_wconf 86' lang='grc' dir='ltr'>κεχηνότες</span> <span class='ocrx_word' id='word_1_555' title='bbox 3183 852 3458 924; x_wconf 83' lang='grc' dir='ltr'>ἀλγῶμεν,</span> <span class='ocrx_word' id='word_1_556' title='bbox 3500 855 3592 906; x_wconf 78' lang='grc' dir='ltr'>καὶ</span> <span class='ocrx_word' id='word_1_557' title='bbox 3636 853 3858 907; x_wconf 84' lang='grc' dir='ltr'>ἐπιλαν-</span> 
     </span>
    </p>
   </div>
   <div class='ocr_carea' id='block_1_70' title="bbox 2187 935 3858 1011">
    <p class='ocr_par' dir='ltr' id='par_1_70' title="bbox 2187 935 3858 1011">
     <span class='ocr_line' id='line_1_70' title="bbox 2187 935 3858 1011; baseline 0.001 -22"><span class='ocrx_word' id='word_1_558' title='bbox 2187 935 2476 1009; x_wconf 85' lang='grc' dir='ltr'>θανὼμεθα</span> <span class='ocrx_word' id='word_1_559' title='bbox 2528 939 2639 992; x_wconf 87' lang='grc' dir='ltr'>τῶν</span> <span class='ocrx_word' id='word_1_560' title='bbox 2690 938 3022 1009; x_wconf 89' lang='grc' dir='ltr'>μελλόντων,</span> <span class='ocrx_word' id='word_1_561' title='bbox 3087 939 3360 1010; x_wconf 79' lang='grc' dir='ltr'>μοχθηρὸν</span> <span class='ocrx_word' id='word_1_562' title='bbox 3416 942 3547 1011; x_wconf 89' lang='grc' dir='ltr'>ἡμῖν</span> <span class='ocrx_word' id='word_1_563' title='bbox 3605 941 3696 993; x_wconf 83' lang='grc' dir='ltr'>τὸν</span> <span class='ocrx_word' id='word_1_564' title='bbox 3745 940 3858 1010; x_wconf 86' lang='grc' dir='ltr'>βίον</span> 
     </span>
    </p>
   </div>
   <div class='ocr_carea' id='block_1_71' title="bbox 2186 1025 3857 1100">
    <p class='ocr_par' dir='ltr' id='par_1_71' title="bbox 2186 1025 3857 1100">
     <span class='ocr_line' id='line_1_71' title="bbox 2186 1025 3857 1100; baseline 0.003 -23"><span class='ocrx_word' id='word_1_565' title='bbox 2186 1025 2443 1096; x_wconf 87' lang='grc' dir='ltr'>ἐποίησεν</span> <span class='ocrx_word' id='word_1_566' title='bbox 2475 1029 2504 1079; x_wconf 88' lang='grc' dir='ltr'>ό</span> <span class='ocrx_word' id='word_1_567' title='bbox 2540 1025 2692 1088; x_wconf 90' lang='grc' dir='ltr'>Θεός.</span> <span class='ocrx_word' id='word_1_568' title='bbox 2744 1025 2834 1097; x_wconf 79' lang='grc' dir='ltr'>Μὴ</span> <span class='ocrx_word' id='word_1_569' title='bbox 2872 1025 3048 1078; x_wconf 86' lang='grc' dir='ltr'>τοίνυν</span> <span class='ocrx_word' id='word_1_570' title='bbox 3101 1027 3484 1098; x_wconf 82' lang='grc' dir='ltr'>περιεχώμεθα</span> <span class='ocrx_word' id='word_1_571' title='bbox 3524 1029 3552 1068; x_wconf 71' lang='grc' dir='ltr'>ι’</span> <span class='ocrx_word' id='word_1_572' title='bbox 3587 1028 3732 1100; x_wconf 86' lang='grc' dir='ltr'>πέρα</span> <span class='ocrx_word' id='word_1_573' title='bbox 3761 1027 3857 1082; x_wconf 80' lang='grc' dir='ltr'>τοῦ</span> 
     </span>
    </p>
   </div>
   <div class='ocr_carea' id='block_1_72' title="bbox 2183 1111 3856 1186">
    <p class='ocr_par' dir='ltr' id='par_1_72' title="bbox 2183 1111 3856 1186">
     <span class='ocr_line' id='line_1_72' title="bbox 2183 1111 3856 1186; baseline 0.001 -20"><span class='ocrx_word' id='word_1_574' title='bbox 2183 1113 2392 1177; x_wconf 86' lang='grc' dir='ltr'>δέοντος</span> <span class='ocrx_word' id='word_1_575' title='bbox 2418 1115 2516 1186; x_wconf 85' lang='grc' dir='ltr'>τῆς</span> <span class='ocrx_word' id='word_1_576' title='bbox 2541 1115 2822 1185; x_wconf 86' lang='grc' dir='ltr'>παρούσης</span> <span class='ocrx_word' id='word_1_577' title='bbox 2851 1113 3016 1183; x_wconf 81' lang='grc' dir='ltr'>ζωῆς.</span> <span class='ocrx_word' id='word_1_578' title='bbox 3044 1111 3108 1168; x_wconf 89' lang='grc' dir='ltr'>Τί</span> <span class='ocrx_word' id='word_1_579' title='bbox 3142 1115 3252 1186; x_wconf 84' lang='grc' dir='ltr'>γὰρ</span> <span class='ocrx_word' id='word_1_580' title='bbox 3279 1116 3472 1184; x_wconf 70' lang='grc' dir='ltr'>ὄφελος</span> <span class='ocrx_word' id='word_1_581' title='bbox 3495 1117 3625 1186; x_wconf 85' lang='grc' dir='ltr'>ἡμῖν</span> <span class='ocrx_word' id='word_1_582' title='bbox 3647 1133 3661 1181; x_wconf 91' lang='grc'><strong>;</strong></span> <span class='ocrx_word' id='word_1_583' title='bbox 3704 1119 3856 1169; x_wconf 89' lang='grc' dir='ltr'>ποῖον</span> 
     </span>
    </p>
   </div>
   <div class='ocr_carea' id='block_1_73' title="bbox 2183 1201 3860 1275">
    <p class='ocr_par' dir='ltr' id='par_1_73' title="bbox 2183 1201 3860 1275">
     <span class='ocr_line' id='line_1_73' title="bbox 2183 1201 3860 1275; baseline 0.002 -21"><span class='ocrx_word' id='word_1_584' title='bbox 2183 1201 2239 1254; x_wconf 85' lang='grc' dir='ltr'>δὲ</span> <span class='ocrx_word' id='word_1_585' title='bbox 2282 1203 2473 1272; x_wconf 91' lang='grc' dir='ltr'>κέρδος</span> <span class='ocrx_word' id='word_1_586' title='bbox 2515 1206 2579 1256; x_wconf 91' lang='grc' dir='ltr'>ἐκ</span> <span class='ocrx_word' id='word_1_587' title='bbox 2613 1203 2706 1256; x_wconf 89' lang='grc' dir='ltr'>τοῦ</span> <span class='ocrx_word' id='word_1_588' title='bbox 2741 1202 3123 1274; x_wconf 81' lang='grc' dir='ltr'>προσηλῶσθαι</span> <span class='ocrx_word' id='word_1_589' title='bbox 3165 1204 3282 1274; x_wconf 80' lang='grc' dir='ltr'>μεθ’</span> <span class='ocrx_word' id='word_1_590' title='bbox 3312 1204 3618 1275; x_wconf 86' lang='grc' dir='ltr'>ὑπερϐολῆς</span> <span class='ocrx_word' id='word_1_591' title='bbox 3656 1207 3724 1274; x_wconf 78' lang='grc' dir='ltr'>τῇ</span> <span class='ocrx_word' id='word_1_592' title='bbox 3764 1205 3860 1258; x_wconf 88' lang='grc' dir='ltr'>τοῦ</span> 
     </span>
    </p>
   </div>
   <div class='ocr_carea' id='block_1_74' title="bbox 2186 1289 3858 1362">
    <p class='ocr_par' dir='ltr' id='par_1_74' title="bbox 2186 1289 3858 1362">
     <span class='ocr_line' id='line_1_74' title="bbox 2186 1289 3858 1362; baseline 0.001 -22"><span class='ocrx_word' id='word_1_593' title='bbox 2186 1289 2452 1358; x_wconf 86' lang='grc' dir='ltr'>παρόντος</span> <span class='ocrx_word' id='word_1_594' title='bbox 2484 1290 2598 1359; x_wconf 70' lang='grc' dir='ltr'>βίου</span> <span class='ocrx_word' id='word_1_595' title='bbox 2639 1289 2934 1362; x_wconf 81' lang='grc' dir='ltr'>ἐπιθυμίᾳ;</span> <span class='ocrx_word' id='word_1_596' title='bbox 2975 1289 3164 1344; x_wconf 86' lang='grc' dir='ltr'>Βούλει</span> <span class='ocrx_word' id='word_1_597' title='bbox 3205 1291 3393 1361; x_wconf 85' lang='grc' dir='ltr'>μαθεῖν</span> <span class='ocrx_word' id='word_1_598' title='bbox 3421 1291 3508 1345; x_wconf 83' lang='grc' dir='ltr'>διὰ</span> <span class='ocrx_word' id='word_1_599' title='bbox 3543 1292 3594 1344; x_wconf 89' lang='grc' dir='ltr'>τί</span> <span class='ocrx_word' id='word_1_600' title='bbox 3638 1291 3858 1361; x_wconf 67' lang='grc' dir='ltr'>καλ).νὴ</span> 
     </span>
    </p>
   </div>
   <div class='ocr_carea' id='block_1_75' title="bbox 2185 1377 3860 1450">
    <p class='ocr_par' dir='ltr' id='par_1_75' title="bbox 2185 1377 3860 1450">
     <span class='ocr_line' id='line_1_75' title="bbox 2185 1377 3860 1450; baseline -0.001 -21"><span class='ocrx_word' id='word_1_601' title='bbox 2185 1377 2435 1448; x_wconf 87' lang='grc' dir='ltr'>παροῦσα</span> <span class='ocrx_word' id='word_1_602' title='bbox 2472 1377 2619 1448; x_wconf 81' lang='grc' dir='ltr'>ζωή;</span> <span class='ocrx_word' id='word_1_603' title='bbox 2653 1379 2777 1431; x_wconf 80' lang='grc' dir='ltr'>Ὅτι</span> <span class='ocrx_word' id='word_1_604' title='bbox 2801 1379 2898 1450; x_wconf 88' lang='grc' dir='ltr'>τῆς</span> <span class='ocrx_word' id='word_1_605' title='bbox 2933 1379 3233 1450; x_wconf 86' lang='grc' dir='ltr'>μελλούσης</span> <span class='ocrx_word' id='word_1_606' title='bbox 3272 1378 3417 1450; x_wconf 82' lang='grc' dir='ltr'>ζωῆς</span> <span class='ocrx_word' id='word_1_607' title='bbox 3443 1381 3576 1449; x_wconf 89' lang='grc' dir='ltr'>ἡμῖν</span> <span class='ocrx_word' id='word_1_608' title='bbox 3607 1378 3860 1439; x_wconf 67' lang='grc' dir='ltr'>ὑπόῗὶεσις</span> 
     </span>
    </p>
   </div>
   <div class='ocr_carea' id='block_1_76' title="bbox 2183 1463 3862 1537">
    <p class='ocr_par' dir='ltr' id='par_1_76' title="bbox 2183 1463 3862 1537">
     <span class='ocr_line' id='line_1_76' title="bbox 2183 1463 3862 1537; baseline 0.001 -21"><span class='ocrx_word' id='word_1_609' title='bbox 2183 1463 2394 1532; x_wconf 90' lang='grc' dir='ltr'>γίνεται</span> <span class='ocrx_word' id='word_1_610' title='bbox 2427 1466 2520 1517; x_wconf 72' lang='grc' dir='ltr'>καὶ</span> <span class='ocrx_word' id='word_1_611' title='bbox 2551 1465 2792 1536; x_wconf 83' lang='grc' dir='ltr'>ἀφορμὴ,</span> <span class='ocrx_word' id='word_1_612' title='bbox 2824 1467 2915 1520; x_wconf 74' lang='grc' dir='ltr'>καὶ</span> <span class='ocrx_word' id='word_1_613' title='bbox 2952 1467 3184 1537; x_wconf 85' lang='grc' dir='ltr'>σκάμμα</span> <span class='ocrx_word' id='word_1_614' title='bbox 3214 1467 3309 1520; x_wconf 74' lang='grc' dir='ltr'>καὶ</span> <span class='ocrx_word' id='word_1_615' title='bbox 3355 1467 3565 1520; x_wconf 85' lang='grc' dir='ltr'>στάδιον</span> <span class='ocrx_word' id='word_1_616' title='bbox 3597 1465 3704 1518; x_wconf 84' lang='grc' dir='ltr'>τῶν</span> <span class='ocrx_word' id='word_1_617' title='bbox 3745 1467 3862 1518; x_wconf 86' lang='grc' dir='ltr'>ἐκεῖ</span> 
     </span>
    </p>
   </div>
   <div class='ocr_carea' id='block_1_77' title="bbox 2185 1553 3858 1626">
    <p class='ocr_par' dir='ltr' id='par_1_77' title="bbox 2185 1553 3858 1626">
     <span class='ocr_line' id='line_1_77' title="bbox 2185 1553 3858 1626; baseline 0.002 -23"><span class='ocrx_word' id='word_1_618' title='bbox 2185 1553 2462 1620; x_wconf 86' lang='grc' dir='ltr'>στεφάνων</span> <span class='ocrx_word' id='word_1_619' title='bbox 2505 1553 2679 1605; x_wconf 81' lang='grc' dir='ltr'>ἐστίν’</span> <span class='ocrx_word' id='word_1_620' title='bbox 2725 1553 2801 1616; x_wconf 84' lang='grc' dir='ltr'>ὼς</span> <span class='ocrx_word' id='word_1_621' title='bbox 2846 1555 2894 1607; x_wconf 88' lang='grc' dir='ltr'>εί</span> <span class='ocrx_word' id='word_1_622' title='bbox 2942 1553 3016 1624; x_wconf 81' lang='grc' dir='ltr'>μὴ</span> <span class='ocrx_word' id='word_1_623' title='bbox 3054 1554 3211 1607; x_wconf 84' lang='grc' dir='ltr'>τοῦτο</span> <span class='ocrx_word' id='word_1_624' title='bbox 3251 1555 3522 1626; x_wconf 84' lang='grc' dir='ltr'>παράσχοι</span> <span class='ocrx_word' id='word_1_625' title='bbox 3567 1556 3720 1623; x_wconf 80' lang='grc' dir='ltr'>ἡμῖν,</span> <span class='ocrx_word' id='word_1_626' title='bbox 3756 1572 3858 1624; x_wconf 89' lang='grc' dir='ltr'>μυ-</span> 
     </span>
    </p>
   </div>
   <div class='ocr_carea' id='block_1_78' title="bbox 2184 1637 3858 1712">
    <p class='ocr_par' dir='ltr' id='par_1_78' title="bbox 2184 1637 3858 1712">
     <span class='ocr_line' id='line_1_78' title="bbox 2184 1637 3858 1712; baseline 0.002 -23"><span class='ocrx_word' id='word_1_627' title='bbox 2184 1639 2314 1708; x_wconf 87' lang='grc' dir='ltr'>ρίων</span> <span class='ocrx_word' id='word_1_628' title='bbox 2354 1639 2598 1692; x_wconf 83' lang='grc' dir='ltr'>θανάτων</span> <span class='ocrx_word' id='word_1_629' title='bbox 2645 1640 2792 1692; x_wconf 73' lang='grc' dir='ltr'>ἐστὶν</span> <span class='ocrx_word' id='word_1_630' title='bbox 2817 1639 3174 1712; x_wconf 80' lang='grc' dir='ltr'>ἐλεεινοτέρα.</span> <span class='ocrx_word' id='word_1_631' title='bbox 3214 1637 3277 1693; x_wconf 74' lang='lat' dir='ltr'><strong>El</strong></span> <span class='ocrx_word' id='word_1_632' title='bbox 3321 1640 3427 1710; x_wconf 85' lang='grc' dir='ltr'>γὰρ</span> <span class='ocrx_word' id='word_1_633' title='bbox 3476 1639 3549 1711; x_wconf 81' lang='grc' dir='ltr'>μὴ</span> <span class='ocrx_word' id='word_1_634' title='bbox 3593 1640 3858 1710; x_wconf 90' lang='grc' dir='ltr'>μέλλομεν</span> 
     </span>
    </p>
   </div>
   <div class='ocr_carea' id='block_1_79' title="bbox 2183 1725 3858 1798">
    <p class='ocr_par' dir='ltr' id='par_1_79' title="bbox 2183 1725 3858 1798">
     <span class='ocr_line' id='line_1_79' title="bbox 2183 1725 3858 1798; baseline 0.001 -21"><span class='ocrx_word' id='word_1_635' title='bbox 2183 1725 2385 1790; x_wconf 81' lang='grc' dir='ltr'>ζῶντες</span> <span class='ocrx_word' id='word_1_636' title='bbox 2417 1726 2672 1798; x_wconf 88' lang='grc' dir='ltr'>ἀρέσκειν</span> <span class='ocrx_word' id='word_1_637' title='bbox 2701 1727 2842 1798; x_wconf 80' lang='grc' dir='ltr'>Θεῷ,</span> <span class='ocrx_word' id='word_1_638' title='bbox 2884 1726 3090 1797; x_wconf 85' lang='grc' dir='ltr'>βέλτιον</span> <span class='ocrx_word' id='word_1_639' title='bbox 3121 1727 3416 1781; x_wconf 87' lang='grc' dir='ltr'>ἀποθανεῖν</span> <span class='ocrx_word' id='word_1_640' title='bbox 3459 1738 3506 1782; x_wconf 73' lang='grc' dir='ltr'>ο.</span> <span class='ocrx_word' id='word_1_641' title='bbox 3547 1727 3613 1780; x_wconf 88' lang='grc' dir='ltr'>Τί</span> <span class='ocrx_word' id='word_1_642' title='bbox 3655 1727 3762 1798; x_wconf 83' lang='grc' dir='ltr'>γὰρ</span> <span class='ocrx_word' id='word_1_643' title='bbox 3795 1727 3858 1779; x_wconf 85' lang='grc' dir='ltr'>τὸ</span> 
     </span>
    </p>
   </div>
   <div class='ocr_carea' id='block_1_80' title="bbox 2183 1814 3856 1887">
    <p class='ocr_par' dir='ltr' id='par_1_80' title="bbox 2183 1814 3856 1887">
     <span class='ocr_line' id='line_1_80' title="bbox 2183 1814 3856 1887; baseline 0.001 -20"><span class='ocrx_word' id='word_1_644' title='bbox 2183 1815 2374 1881; x_wconf 90' lang='grc' dir='ltr'>πλέον;</span> <span class='ocrx_word' id='word_1_645' title='bbox 2415 1816 2470 1868; x_wconf 89' lang='grc' dir='ltr'>τί</span> <span class='ocrx_word' id='word_1_646' title='bbox 2502 1816 2563 1869; x_wconf 87' lang='grc' dir='ltr'>τὸ</span> <span class='ocrx_word' id='word_1_647' title='bbox 2611 1816 2901 1887; x_wconf 88' lang='grc' dir='ltr'>περιττόν;</span> <span class='ocrx_word' id='word_1_648' title='bbox 2938 1816 3074 1886; x_wconf 81' lang='grc' dir='ltr'>Οὐχὶ</span> <span class='ocrx_word' id='word_1_649' title='bbox 3108 1814 3199 1868; x_wconf 90' lang='grc' dir='ltr'>τὸν</span> <span class='ocrx_word' id='word_1_650' title='bbox 3239 1815 3399 1868; x_wconf 86' lang='grc' dir='ltr'>αὑτὸν</span> <span class='ocrx_word' id='word_1_651' title='bbox 3436 1815 3588 1886; x_wconf 76' lang='grc' dir='ltr'>ἥλιον</span> <span class='ocrx_word' id='word_1_652' title='bbox 3624 1817 3717 1868; x_wconf 70' lang='grc' dir='ltr'>καὶ</span> <span class='ocrx_word' id='word_1_653' title='bbox 3759 1814 3856 1885; x_wconf 82' lang='grc' dir='ltr'>τὴν</span> 
     </span>
    </p>
   </div>
   <div class='ocr_carea' id='block_1_81' title="bbox 2181 1904 3860 1976">
    <p class='ocr_par' dir='ltr' id='par_1_81' title="bbox 2181 1904 3860 1976">
     <span class='ocr_line' id='line_1_81' title="bbox 2181 1904 3860 1976; baseline 0.001 -20"><span class='ocrx_word' id='word_1_654' title='bbox 2181 1904 2352 1975; x_wconf 80' lang='grc' dir='ltr'>αὑτήν</span> <span class='ocrx_word' id='word_1_655' title='bbox 2383 1905 2614 1976; x_wconf 83' lang='grc' dir='ltr'>σελήνην</span> <span class='ocrx_word' id='word_1_656' title='bbox 2656 1905 2779 1959; x_wconf 77' lang='grc' dir='ltr'>καθ’</span> <span class='ocrx_word' id='word_1_657' title='bbox 2813 1905 3049 1975; x_wconf 79' lang='grc' dir='ltr'>ἑκάστην</span> <span class='ocrx_word' id='word_1_658' title='bbox 3075 1904 3288 1976; x_wconf 86' lang='grc' dir='ltr'>ἡμέραν</span> <span class='ocrx_word' id='word_1_659' title='bbox 3316 1904 3563 1976; x_wconf 84' lang='grc' dir='ltr'>ὁρῶμεν;</span> <span class='ocrx_word' id='word_1_660' title='bbox 3609 1904 3729 1974; x_wconf 73' lang='grc' dir='ltr'>οὐχὶ</span> <span class='ocrx_word' id='word_1_661' title='bbox 3766 1905 3860 1957; x_wconf 86' lang='grc' dir='ltr'>τὸν</span> 
     </span>
    </p>
   </div>
   <div class='ocr_carea' id='block_1_82' title="bbox 2182 1991 3858 2064">
    <p class='ocr_par' dir='ltr' id='par_1_82' title="bbox 2182 1991 3858 2064">
     <span class='ocr_line' id='line_1_82' title="bbox 2182 1991 3858 2064; baseline -0.001 -18"><span class='ocrx_word' id='word_1_662' title='bbox 2182 1992 2344 2046; x_wconf 81' lang='grc' dir='ltr'>αὑτὸν</span> <span class='ocrx_word' id='word_1_663' title='bbox 2374 1993 2620 2064; x_wconf 86' lang='grc' dir='ltr'>χειμῶνα</span> <span class='ocrx_word' id='word_1_664' title='bbox 2645 2011 2659 2058; x_wconf 88' lang='grc'>;</span> <span class='ocrx_word' id='word_1_665' title='bbox 2695 1993 2816 2064; x_wconf 68' lang='grc' dir='ltr'>οὐχὶ</span> <span class='ocrx_word' id='word_1_666' title='bbox 2841 1993 2901 2046; x_wconf 90' lang='grc' dir='ltr'>τὸ</span> <span class='ocrx_word' id='word_1_667' title='bbox 2932 1993 3065 2046; x_wconf 83' lang='grc' dir='ltr'>αὐτὸ</span> <span class='ocrx_word' id='word_1_668' title='bbox 3087 1992 3274 2064; x_wconf 87' lang='grc' dir='ltr'>θέρος;</span> <span class='ocrx_word' id='word_1_669' title='bbox 3303 1992 3425 2062; x_wconf 80' lang='grc' dir='ltr'>οὐχὶ</span> <span class='ocrx_word' id='word_1_670' title='bbox 3457 1995 3524 2045; x_wconf 88' lang='grc' dir='ltr'>τά</span> <span class='ocrx_word' id='word_1_671' title='bbox 3547 1991 3688 2045; x_wconf 89' lang='grc' dir='ltr'>αὑτά</span> <span class='ocrx_word' id='word_1_672' title='bbox 3717 1991 3858 2063; x_wconf 86' lang='grc' dir='ltr'>πρά-</span> 
     </span>
    </p>
   </div>
   <div class='ocr_carea' id='block_1_83' title="bbox 2180 2080 3854 2150">
    <p class='ocr_par' dir='ltr' id='par_1_83' title="bbox 2180 2080 3854 2150">
     <span class='ocr_line' id='line_1_83' title="bbox 2180 2080 3854 2150; baseline 0.001 -17"><span class='ocrx_word' id='word_1_673' title='bbox 2180 2096 2401 2148; x_wconf 87' lang='grc' dir='ltr'>γματα;</span> <span class='ocrx_word' id='word_1_674' title='bbox 2452 2082 2515 2135; x_wconf 82' lang='grc' dir='ltr'>Τί</span> <span class='ocrx_word' id='word_1_675' title='bbox 2551 2082 2617 2134; x_wconf 83' lang='grc' dir='ltr'>τὸ</span> <span class='ocrx_word' id='word_1_676' title='bbox 2660 2081 2945 2150; x_wconf 72' lang='grc' dir='ltr'>γεγονός-ς</span> <span class='ocrx_word' id='word_1_677' title='bbox 2987 2080 3136 2133; x_wconf 79' lang='grc' dir='ltr'>αὐτὸ</span> <span class='ocrx_word' id='word_1_678' title='bbox 3190 2081 3256 2133; x_wconf 80' lang='grc' dir='ltr'>τὸ</span> <span class='ocrx_word' id='word_1_679' title='bbox 3307 2081 3733 2149; x_wconf 76' lang='grc' dir='ltr'>γενησόμενον.</span> <span class='ocrx_word' id='word_1_680' title='bbox 3794 2081 3854 2134; x_wconf 82' lang='grc' dir='ltr'>Τί</span> 
     </span>
    </p>
   </div>
   <div class='ocr_carea' id='block_1_84' title="bbox 2179 2165 3857 2237">
    <p class='ocr_par' dir='ltr' id='par_1_84' title="bbox 2179 2165 3857 2237">
     <span class='ocr_line' id='line_1_84' title="bbox 2179 2165 3857 2237; baseline 0.001 -19"><span class='ocrx_word' id='word_1_681' title='bbox 2179 2166 2246 2218; x_wconf 81' lang='grc' dir='ltr'>τὸ</span> <span class='ocrx_word' id='word_1_682' title='bbox 2275 2166 2716 2237; x_wconf 53' lang='lat' dir='ltr'>amamur-or;</span> <span class='ocrx_word' id='word_1_683' title='bbox 2744 2167 2892 2222; x_wconf 81' lang='grc' dir='ltr'>αὐτὸ</span> <span class='ocrx_word' id='word_1_684' title='bbox 2922 2166 2990 2220; x_wconf 82' lang='grc' dir='ltr'>τὸ</span> <span class='ocrx_word' id='word_1_685' title='bbox 3023 2168 3526 2236; x_wconf 79' lang='grc' dir='ltr'>ποιηθησόμενον.</span> <span class='ocrx_word' id='word_1_686' title='bbox 3557 2167 3647 2235; x_wconf 84' lang='grc' dir='ltr'><strong>Μὴ</strong></span> <span class='ocrx_word' id='word_1_687' title='bbox 3676 2165 3857 2219; x_wconf 88' lang='grc' dir='ltr'>τοίνυν</span> 
     </span>
    </p>
   </div>
   <div class='ocr_carea' id='block_1_85' title="bbox 2184 2254 3858 2326">
    <p class='ocr_par' dir='ltr' id='par_1_85' title="bbox 2184 2254 3858 2326">
     <span class='ocr_line' id='line_1_85' title="bbox 2184 2254 3858 2326; baseline -0.001 -18"><span class='ocrx_word' id='word_1_688' title='bbox 2184 2258 2320 2324; x_wconf 86' lang='grc' dir='ltr'>μήτε</span> <span class='ocrx_word' id='word_1_689' title='bbox 2367 2257 2492 2318; x_wconf 79' lang='grc' dir='ltr'>τοὺς</span> <span class='ocrx_word' id='word_1_690' title='bbox 2540 2256 2748 2321; x_wconf 76' lang='grc' dir='ltr'>ζῶντας</span> <span class='ocrx_word' id='word_1_691' title='bbox 2800 2254 2990 2319; x_wconf 80' lang='grc' dir='ltr'>ἁπλῶς</span> <span class='ocrx_word' id='word_1_692' title='bbox 3054 2256 3478 2326; x_wconf 78' lang='grc' dir='ltr'>μακαρίζωμεν,</span> <span class='ocrx_word' id='word_1_693' title='bbox 3539 2255 3676 2324; x_wconf 88' lang='grc' dir='ltr'>μήτε</span> <span class='ocrx_word' id='word_1_694' title='bbox 3733 2255 3858 2318; x_wconf 76' lang='grc' dir='ltr'>τοὺς</span> 
     </span>
    </p>
   </div>
   <div class='ocr_carea' id='block_1_86' title="bbox 2180 2341 3857 2414">
    <p class='ocr_par' dir='ltr' id='par_1_86' title="bbox 2180 2341 3857 2414">
     <span class='ocr_line' id='line_1_86' title="bbox 2180 2341 3857 2414; baseline 0.001 -21"><span class='ocrx_word' id='word_1_695' title='bbox 2180 2342 2624 2414; x_wconf 79' lang='grc' dir='ltr'>ἀποθνήσκοντας</span> <span class='ocrx_word' id='word_1_696' title='bbox 2657 2343 2964 2414; x_wconf 84' lang='grc' dir='ltr'>θρηνῶμεν·</span> <span class='ocrx_word' id='word_1_697' title='bbox 2999 2343 3136 2396; x_wconf 86' lang='grc' dir='ltr'>ἀλλά</span> <span class='ocrx_word' id='word_1_698' title='bbox 3167 2345 3294 2406; x_wconf 78' lang='grc' dir='ltr'>τοὺς</span> <span class='ocrx_word' id='word_1_699' title='bbox 3335 2343 3434 2413; x_wconf 82' lang='grc' dir='ltr'>μὲν</span> <span class='ocrx_word' id='word_1_700' title='bbox 3467 2342 3524 2395; x_wconf 88' lang='grc' dir='ltr'>ἐν</span> <span class='ocrx_word' id='word_1_701' title='bbox 3561 2341 3857 2412; x_wconf 83' lang='grc' dir='ltr'>ἁμαρτίαις</span> 
     </span>
    </p>
   </div>
   <div class='ocr_carea' id='block_1_87' title="bbox 2179 2425 3858 2501">
    <p class='ocr_par' dir='ltr' id='par_1_87' title="bbox 2179 2425 3858 2501">
     <span class='ocr_line' id='line_1_87' title="bbox 2179 2425 3858 2501; baseline 0 -19"><span class='ocrx_word' id='word_1_702' title='bbox 2179 2429 2358 2492; x_wconf 76' lang='grc' dir='ltr'>ὄντας,</span> <span class='ocrx_word' id='word_1_703' title='bbox 2396 2429 2501 2483; x_wconf 80' lang='grc' dir='ltr'>κᾶν</span> <span class='ocrx_word' id='word_1_704' title='bbox 2534 2430 2666 2492; x_wconf 77' lang='grc' dir='ltr'>ζῶσι</span> <span class='ocrx_word' id='word_1_705' title='bbox 2704 2429 2732 2470; x_wconf 76' lang='lat' dir='ltr'><strong>d</strong></span> <span class='ocrx_word' id='word_1_706' title='bbox 2755 2471 2770 2495; x_wconf 92' lang='lat'><strong><em>,</em></strong></span> <span class='ocrx_word' id='word_1_707' title='bbox 2819 2429 2924 2484; x_wconf 81' lang='grc' dir='ltr'>κάν</span> <span class='ocrx_word' id='word_1_708' title='bbox 2966 2430 3412 2501; x_wconf 84' lang='grc' dir='ltr'>τετελευτηκότες</span> <span class='ocrx_word' id='word_1_709' title='bbox 3447 2425 3614 2495; x_wconf 81' lang='grc' dir='ltr'>ὦσιν,</span> <span class='ocrx_word' id='word_1_710' title='bbox 3656 2428 3858 2499; x_wconf 84' lang='grc' dir='ltr'>ὀδυρώ-</span> 
     </span>
    </p>
   </div>
   <div class='ocr_carea' id='block_1_88' title="bbox 2184 2515 3858 2591">
    <p class='ocr_par' dir='ltr' id='par_1_88' title="bbox 2184 2515 3858 2591">
     <span class='ocr_line' id='line_1_88' title="bbox 2184 2515 3858 2591; baseline -0.001 -21"><span class='ocrx_word' id='word_1_711' title='bbox 2184 2517 2323 2586; x_wconf 90' lang='grc' dir='ltr'>μεθα</span> <span class='ocrx_word' id='word_1_712' title='bbox 2343 2535 2356 2549; x_wconf 89' lang='grc'>·</span> <span class='ocrx_word' id='word_1_713' title='bbox 2386 2515 2512 2581; x_wconf 77' lang='grc' dir='ltr'>τοὺς</span> <span class='ocrx_word' id='word_1_714' title='bbox 2540 2519 2597 2572; x_wconf 86' lang='grc' dir='ltr'>δέ</span> <span class='ocrx_word' id='word_1_715' title='bbox 2628 2521 2685 2571; x_wconf 86' lang='grc' dir='ltr'>ἐν</span> <span class='ocrx_word' id='word_1_716' title='bbox 2715 2518 3028 2591; x_wconf 80' lang='grc' dir='ltr'>δικαιοσύνῃ</span> <span class='ocrx_word' id='word_1_717' title='bbox 3063 2517 3454 2589; x_wconf 75' lang='grc' dir='ltr'>μακαρίξωμεν</span> <span class='ocrx_word' id='word_1_718' title='bbox 3485 2518 3663 2575; x_wconf 83' lang='grc' dir='ltr'>πάλιν.</span> <span class='ocrx_word' id='word_1_719' title='bbox 3695 2517 3858 2570; x_wconf 82' lang='grc' dir='ltr'>ὃπου-</span> 
     </span>
    </p>
   </div>
   <div class='ocr_carea' id='block_1_89' title="bbox 2182 2601 3855 2675">
    <p class='ocr_par' dir='ltr' id='par_1_89' title="bbox 2182 2601 3855 2675">
     <span class='ocr_line' id='line_1_89' title="bbox 2182 2601 3855 2675; baseline 0.002 -21"><span class='ocrx_word' id='word_1_720' title='bbox 2182 2619 2287 2674; x_wconf 89' lang='grc' dir='ltr'>περ</span> <span class='ocrx_word' id='word_1_721' title='bbox 2319 2603 2386 2657; x_wconf 80' lang='grc' dir='ltr'>ἀν</span> <span class='ocrx_word' id='word_1_722' title='bbox 2413 2602 2649 2673; x_wconf 84' lang='grc' dir='ltr'>τύχωσιν</span> <span class='ocrx_word' id='word_1_723' title='bbox 2673 2605 2844 2668; x_wconf 77' lang='grc' dir='ltr'>ὄντες.</span> <span class='ocrx_word' id='word_1_724' title='bbox 2871 2606 2942 2658; x_wconf 84' lang='grc' dir='ltr'><strong>Σὺ</strong></span> <span class='ocrx_word' id='word_1_725' title='bbox 2975 2605 3072 2675; x_wconf 82' lang='grc' dir='ltr'>μὲν</span> <span class='ocrx_word' id='word_1_726' title='bbox 3098 2601 3190 2658; x_wconf 76' lang='grc' dir='ltr'>οὖν</span> <span class='ocrx_word' id='word_1_727' title='bbox 3218 2605 3314 2660; x_wconf 69' lang='grc' dir='ltr'>ἕνα</span> <span class='ocrx_word' id='word_1_728' title='bbox 3333 2605 3576 2668; x_wconf 86' lang='grc' dir='ltr'>δέδοικας</span> <span class='ocrx_word' id='word_1_729' title='bbox 3606 2604 3855 2669; x_wconf 87' lang='grc' dir='ltr'>θάνατον,</span> 
     </span>
    </p>
   </div>
   <div class='ocr_carea' id='block_1_90' title="bbox 2180 2690 3856 2762">
    <p class='ocr_par' dir='ltr' id='par_1_90' title="bbox 2180 2690 3856 2762">
     <span class='ocr_line' id='line_1_90' title="bbox 2180 2690 3856 2762; baseline 0.001 -22"><span class='ocrx_word' id='word_1_730' title='bbox 2180 2691 2275 2741; x_wconf 75' lang='grc' dir='ltr'>καὶ</span> <span class='ocrx_word' id='word_1_731' title='bbox 2305 2692 2544 2762; x_wconf 59' lang='grc' dir='ltr'>θρηνεῖς</span> <span class='ocrx_word' id='word_1_732' title='bbox 2570 2693 2598 2744; x_wconf 79' lang='grc' dir='ltr'><strong>ὁ</strong></span> <span class='ocrx_word' id='word_1_733' title='bbox 2624 2691 2834 2755; x_wconf 81' lang='grc' dir='ltr'>Παῦλος</span> <span class='ocrx_word' id='word_1_734' title='bbox 2863 2691 2919 2744; x_wconf 82' lang='grc' dir='ltr'>δὲ</span> <span class='ocrx_word' id='word_1_735' title='bbox 2946 2691 3066 2745; x_wconf 84' lang='grc' dir='ltr'>καθ’</span> <span class='ocrx_word' id='word_1_736' title='bbox 3103 2693 3339 2761; x_wconf 79' lang='grc' dir='ltr'>ἑκάστην</span> <span class='ocrx_word' id='word_1_737' title='bbox 3370 2692 3584 2762; x_wconf 86' lang='grc' dir='ltr'>ἡμέραν</span> <span class='ocrx_word' id='word_1_738' title='bbox 3616 2690 3856 2760; x_wconf 83' lang='grc' dir='ltr'>ἀποθνή-</span> 
     </span>
    </p>
   </div>
   <div class='ocr_carea' id='block_1_91' title="bbox 2183 2777 3855 2850">
    <p class='ocr_par' dir='ltr' id='par_1_91' title="bbox 2183 2777 3855 2850">
     <span class='ocr_line' id='line_1_91' title="bbox 2183 2777 3855 2850; baseline -0.001 -20"><span class='ocrx_word' id='word_1_739' title='bbox 2183 2795 2326 2830; x_wconf 88' lang='grc' dir='ltr'>σκων</span> <span class='ocrx_word' id='word_1_740' title='bbox 2353 2779 2416 2830; x_wconf 91' lang='grc' dir='ltr'>οὑ</span> <span class='ocrx_word' id='word_1_741' title='bbox 2449 2777 2608 2848; x_wconf 91' lang='grc' dir='ltr'>μόνον</span> <span class='ocrx_word' id='word_1_742' title='bbox 2639 2779 2739 2830; x_wconf 84' lang='grc' dir='ltr'>οὑκ</span> <span class='ocrx_word' id='word_1_743' title='bbox 2774 2777 3004 2850; x_wconf 86' lang='grc' dir='ltr'>ἐδάκρυε</span> <span class='ocrx_word' id='word_1_744' title='bbox 3043 2777 3134 2832; x_wconf 79' lang='grc' dir='ltr'>διὰ</span> <span class='ocrx_word' id='word_1_745' title='bbox 3168 2777 3343 2837; x_wconf 89' lang='grc' dir='ltr'>τοῦτο.</span> <span class='ocrx_word' id='word_1_746' title='bbox 3381 2779 3518 2831; x_wconf 83' lang='grc' dir='ltr'>ἀλλά</span> <span class='ocrx_word' id='word_1_747' title='bbox 3548 2779 3642 2832; x_wconf 74' lang='grc' dir='ltr'>καὶ</span> <span class='ocrx_word' id='word_1_748' title='bbox 3667 2778 3855 2849; x_wconf 77' lang='grc' dir='ltr'>ἔχαιρε</span> 
     </span>
    </p>
   </div>
   <div class='ocr_carea' id='block_1_92' title="bbox 2182 2865 3852 2936">
    <p class='ocr_par' dir='ltr' id='par_1_92' title="bbox 2182 2865 3852 2936">
     <span class='ocr_line' id='line_1_92' title="bbox 2182 2865 3852 2936; baseline 0 -18"><span class='ocrx_word' id='word_1_749' title='bbox 2182 2867 2271 2918; x_wconf 72' lang='grc' dir='ltr'>καὶ</span> <span class='ocrx_word' id='word_1_750' title='bbox 2299 2867 2582 2935; x_wconf 85' lang='grc' dir='ltr'>ἡγάλλετο.</span> <span class='ocrx_word' id='word_1_751' title='bbox 2608 2865 2733 2920; x_wconf 87' lang='grc' dir='ltr'>Είθε</span> <span class='ocrx_word' id='word_1_752' title='bbox 2756 2866 2910 2936; x_wconf 85' lang='grc' dir='ltr'>κάγὼ</span> <span class='ocrx_word' id='word_1_753' title='bbox 2935 2867 3024 2920; x_wconf 79' lang='grc' dir='ltr'>διὰ</span> <span class='ocrx_word' id='word_1_754' title='bbox 3049 2867 3139 2920; x_wconf 88' lang='grc' dir='ltr'>τὸν</span> <span class='ocrx_word' id='word_1_755' title='bbox 3160 2866 3292 2920; x_wconf 77' lang='grc' dir='ltr'>Θεὸν</span> <span class='ocrx_word' id='word_1_756' title='bbox 3313 2867 3668 2930; x_wconf 88' lang='grc' dir='ltr'>ἐκινδύνευον,</span> <span class='ocrx_word' id='word_1_757' title='bbox 3699 2867 3852 2936; x_wconf 80' lang='grc' dir='ltr'>φησὶ,</span> 
     </span>
    </p>
   </div>
   <div class='ocr_carea' id='block_1_93' title="bbox 2181 2953 3857 3026">
    <p class='ocr_par' dir='ltr' id='par_1_93' title="bbox 2181 2953 3857 3026">
     <span class='ocr_line' id='line_1_93' title="bbox 2181 2953 3857 3026; baseline 0.001 -22"><span class='ocrx_word' id='word_1_758' title='bbox 2181 2953 2273 3004; x_wconf 73' lang='grc' dir='ltr'>καὶ</span> <span class='ocrx_word' id='word_1_759' title='bbox 2303 2955 2402 3006; x_wconf 78' lang='grc' dir='ltr'>οὐκ</span> <span class='ocrx_word' id='word_1_760' title='bbox 2431 2954 2498 3007; x_wconf 83' lang='grc' dir='ltr'>ἀν</span> <span class='ocrx_word' id='word_1_761' title='bbox 2525 2955 2838 3026; x_wconf 75' lang='grc' dir='ltr'>ἐφρόντισα.</span> <span class='ocrx_word' id='word_1_762' title='bbox 2894 2955 3054 3008; x_wconf 84' lang='grc' dir='ltr'>Ἀλλά</span> <span class='ocrx_word' id='word_1_763' title='bbox 3077 2956 3208 3026; x_wconf 81' lang='grc' dir='ltr'>μηδὲ</span> <span class='ocrx_word' id='word_1_764' title='bbox 3230 2955 3324 3010; x_wconf 80' lang='grc' dir='ltr'>νῦν</span> <span class='ocrx_word' id='word_1_765' title='bbox 3363 2956 3675 3026; x_wconf 81' lang='grc' dir='ltr'>καταπέσῃς</span> <span class='ocrx_word' id='word_1_766' title='bbox 3695 2971 3708 2984; x_wconf 74' lang='grc' dir='ltr'><strong>ο</strong></span> <span class='ocrx_word' id='word_1_767' title='bbox 3736 2953 3857 3006; x_wconf 84' lang='grc' dir='ltr'>οὑδέ</span> 
     </span>
    </p>
   </div>
   <div class='ocr_carea' id='block_1_94' title="bbox 2181 3040 3858 3113">
    <p class='ocr_par' dir='ltr' id='par_1_94' title="bbox 2181 3040 3858 3113">
     <span class='ocr_line' id='line_1_94' title="bbox 2181 3040 3858 3113; baseline 0.001 -21"><span class='ocrx_word' id='word_1_768' title='bbox 2181 3041 2288 3110; x_wconf 79' lang='grc' dir='ltr'>γάρ</span> <span class='ocrx_word' id='word_1_769' title='bbox 2329 3041 2488 3110; x_wconf 91' lang='grc' dir='ltr'>μόνον</span> <span class='ocrx_word' id='word_1_770' title='bbox 2520 3042 2549 3094; x_wconf 90' lang='lat'>6</span> <span class='ocrx_word' id='word_1_771' title='bbox 2579 3043 2669 3096; x_wconf 82' lang='grc' dir='ltr'>διὰ</span> <span class='ocrx_word' id='word_1_772' title='bbox 2712 3042 2804 3095; x_wconf 88' lang='grc' dir='ltr'>τὸν</span> <span class='ocrx_word' id='word_1_773' title='bbox 2851 3043 2984 3096; x_wconf 89' lang='grc' dir='ltr'>Θεόν</span> <span class='ocrx_word' id='word_1_774' title='bbox 3021 3061 3074 3096; x_wconf 86' lang='grc' dir='ltr'>τι</span> <span class='ocrx_word' id='word_1_775' title='bbox 3123 3043 3348 3113; x_wconf 88' lang='grc' dir='ltr'>πάσχων</span> <span class='ocrx_word' id='word_1_776' title='bbox 3387 3043 3684 3113; x_wconf 82' lang='grc' dir='ltr'>εὐδοκιμεῖ,</span> <span class='ocrx_word' id='word_1_777' title='bbox 3721 3040 3858 3094; x_wconf 83' lang='grc' dir='ltr'>ἀλλά</span> 
     </span>
    </p>
   </div>
   <div class='ocr_carea' id='block_1_95' title="bbox 2181 3129 3859 3202">
    <p class='ocr_par' dir='ltr' id='par_1_95' title="bbox 2181 3129 3859 3202">
     <span class='ocr_line' id='line_1_95' title="bbox 2181 3129 3859 3202; baseline 0.001 -22"><span class='ocrx_word' id='word_1_778' title='bbox 2181 3129 2273 3180; x_wconf 69' lang='grc' dir='ltr'>καὶ</span> <span class='ocrx_word' id='word_1_779' title='bbox 2303 3131 2331 3182; x_wconf 90' lang='lat'>6</span> <span class='ocrx_word' id='word_1_780' title='bbox 2359 3129 2557 3193; x_wconf 85' lang='grc' dir='ltr'>ἀδίκως</span> <span class='ocrx_word' id='word_1_781' title='bbox 2593 3147 2645 3183; x_wconf 90' lang='grc' dir='ltr'>τι</span> <span class='ocrx_word' id='word_1_782' title='bbox 2692 3131 2939 3200; x_wconf 86' lang='grc' dir='ltr'>πάσχων.</span> <span class='ocrx_word' id='word_1_783' title='bbox 2971 3131 3066 3184; x_wconf 76' lang='grc' dir='ltr'>καὶ</span> <span class='ocrx_word' id='word_1_784' title='bbox 3110 3131 3290 3202; x_wconf 87' lang='grc' dir='ltr'>φέρων</span> <span class='ocrx_word' id='word_1_785' title='bbox 3317 3132 3599 3200; x_wconf 85' lang='grc' dir='ltr'>γενναίως.</span> <span class='ocrx_word' id='word_1_786' title='bbox 3632 3131 3726 3184; x_wconf 76' lang='grc' dir='ltr'>καὶ</span> <span class='ocrx_word' id='word_1_787' title='bbox 3770 3129 3859 3182; x_wconf 84' lang='grc' dir='ltr'>εὑ-</span> 
     </span>
    </p>
   </div>
   <div class='ocr_carea' id='block_1_96' title="bbox 2181 3217 3856 3290">
    <p class='ocr_par' dir='ltr' id='par_1_96' title="bbox 2181 3217 3856 3290">
     <span class='ocr_line' id='line_1_96' title="bbox 2181 3217 3856 3290; baseline 0.002 -23"><span class='ocrx_word' id='word_1_788' title='bbox 2181 3217 2453 3286; x_wconf 86' lang='grc' dir='ltr'>χαριστῶν</span> <span class='ocrx_word' id='word_1_789' title='bbox 2476 3217 2552 3287; x_wconf 81' lang='grc' dir='ltr'>τῷ</span> <span class='ocrx_word' id='word_1_790' title='bbox 2586 3218 2955 3290; x_wconf 88' lang='grc' dir='ltr'>συγχωροῦντι</span> <span class='ocrx_word' id='word_1_791' title='bbox 2989 3219 3128 3289; x_wconf 83' lang='grc' dir='ltr'>Θεῷ,</span> <span class='ocrx_word' id='word_1_792' title='bbox 3153 3219 3254 3272; x_wconf 84' lang='grc' dir='ltr'>οὐκ</span> <span class='ocrx_word' id='word_1_793' title='bbox 3276 3219 3511 3272; x_wconf 86' lang='grc' dir='ltr'>ἐλάττων</span> <span class='ocrx_word' id='word_1_794' title='bbox 3537 3218 3630 3272; x_wconf 87' lang='grc' dir='ltr'>τοῦ</span> <span class='ocrx_word' id='word_1_795' title='bbox 3655 3218 3741 3270; x_wconf 84' lang='grc' dir='ltr'>διά</span> <span class='ocrx_word' id='word_1_796' title='bbox 3767 3217 3856 3270; x_wconf 90' lang='grc' dir='ltr'>τὸν</span> 
     </span>
    </p>
   </div>
   <div class='ocr_carea' id='block_1_97' title="bbox 2179 3303 3855 3377">
    <p class='ocr_par' dir='ltr' id='par_1_97' title="bbox 2179 3303 3855 3377">
     <span class='ocr_line' id='line_1_97' title="bbox 2179 3303 3855 3377; baseline 0 -22"><span class='ocrx_word' id='word_1_797' title='bbox 2179 3303 2311 3356; x_wconf 84' lang='grc' dir='ltr'>Θεὸν</span> <span class='ocrx_word' id='word_1_798' title='bbox 2353 3305 2528 3360; x_wconf 88' lang='grc' dir='ltr'>ταῦτα</span> <span class='ocrx_word' id='word_1_799' title='bbox 2565 3306 2866 3376; x_wconf 87' lang='grc' dir='ltr'>πάσχοντός</span> <span class='ocrx_word' id='word_1_800' title='bbox 2887 3309 3054 3361; x_wconf 88' lang='grc' dir='ltr'>ἐστιν.</span> <span class='ocrx_word' id='word_1_801' title='bbox 3089 3307 3240 3359; x_wconf 68' lang='grc' dir='ltr'>Ἐπεὶ</span> <span class='ocrx_word' id='word_1_802' title='bbox 3257 3307 3395 3360; x_wconf 73' lang='grc' dir='ltr'>καὶὸ</span> <span class='ocrx_word' id='word_1_803' title='bbox 3433 3306 3698 3377; x_wconf 88' lang='grc' dir='ltr'>μακάριος</span> <span class='ocrx_word' id='word_1_804' title='bbox 3735 3304 3855 3357; x_wconf 83' lang='grc' dir='ltr'>Ἰὼϐ</span> 
     </span>
    </p>
   </div>
   <div class='ocr_carea' id='block_1_98' title="bbox 2179 3391 3855 3466">
    <p class='ocr_par' dir='ltr' id='par_1_98' title="bbox 2179 3391 3855 3466">
     <span class='ocr_line' id='line_1_98' title="bbox 2179 3391 3855 3466; baseline 0 -20"><span class='ocrx_word' id='word_1_805' title='bbox 2179 3393 2277 3452; x_wconf 76' lang='grc' dir='ltr'>τὰς</span> <span class='ocrx_word' id='word_1_806' title='bbox 2298 3391 2499 3456; x_wconf 85' lang='grc' dir='ltr'>πολλάς</span> <span class='ocrx_word' id='word_1_807' title='bbox 2532 3395 2626 3447; x_wconf 72' lang='grc' dir='ltr'>καὶ</span> <span class='ocrx_word' id='word_1_808' title='bbox 2651 3395 2957 3465; x_wconf 81' lang='grc' dir='ltr'>ἀφορήτους</span> <span class='ocrx_word' id='word_1_809' title='bbox 2981 3393 3197 3457; x_wconf 88' lang='grc' dir='ltr'>ἐκείνας</span> <span class='ocrx_word' id='word_1_810' title='bbox 3250 3394 3465 3466; x_wconf 75' lang='grc' dir='ltr'>πληγὰς</span> <span class='ocrx_word' id='word_1_811' title='bbox 3493 3394 3730 3457; x_wconf 83' lang='grc' dir='ltr'>ἐδέξατο,</span> <span class='ocrx_word' id='word_1_812' title='bbox 3760 3392 3855 3446; x_wconf 85' lang='grc' dir='ltr'>τοῦ</span> 
     </span>
    </p>
   </div>
   <div class='ocr_carea' id='block_1_99' title="bbox 2178 3479 3856 3552">
    <p class='ocr_par' dir='ltr' id='par_1_99' title="bbox 2178 3479 3856 3552">
     <span class='ocr_line' id='line_1_99' title="bbox 2178 3479 3856 3552; baseline -0.001 -18"><span class='ocrx_word' id='word_1_813' title='bbox 2178 3479 2424 3534; x_wconf 89' lang='grc' dir='ltr'>διαϐόλου</span> <span class='ocrx_word' id='word_1_814' title='bbox 2455 3480 2630 3552; x_wconf 87' lang='grc' dir='ltr'>μάτην</span> <span class='ocrx_word' id='word_1_815' title='bbox 2657 3483 2751 3534; x_wconf 71' lang='grc' dir='ltr'>καὶ</span> <span class='ocrx_word' id='word_1_816' title='bbox 2770 3481 2892 3551; x_wconf 85' lang='grc' dir='ltr'>είκῆ</span> <span class='ocrx_word' id='word_1_817' title='bbox 2923 3481 3017 3533; x_wconf 76' lang='grc' dir='ltr'>καὶ</span> <span class='ocrx_word' id='word_1_818' title='bbox 3045 3481 3230 3540; x_wconf 83' lang='grc' dir='ltr'>ἁπλῶς</span> <span class='ocrx_word' id='word_1_819' title='bbox 3257 3480 3716 3544; x_wconf 87' lang='grc' dir='ltr'>ἐπιϐουλεύοντος,</span> <span class='ocrx_word' id='word_1_820' title='bbox 3742 3480 3856 3533; x_wconf 85' lang='grc' dir='ltr'>ἀλλ’</span> 
     </span>
    </p>
   </div>
   <div class='ocr_carea' id='block_1_100' title="bbox 2179 3567 3860 3642">
    <p class='ocr_par' dir='ltr' id='par_1_100' title="bbox 2179 3567 3860 3642">
     <span class='ocr_line' id='line_1_100' title="bbox 2179 3567 3860 3642; baseline -0.001 -20"><span class='ocrx_word' id='word_1_821' title='bbox 2179 3570 2329 3640; x_wconf 79' lang='grc' dir='ltr'>ὅμως</span> <span class='ocrx_word' id='word_1_822' title='bbox 2347 3568 2534 3640; x_wconf 79' lang='grc' dir='ltr'>ἐπειδὴ</span> <span class='ocrx_word' id='word_1_823' title='bbox 2560 3570 2821 3638; x_wconf 88' lang='grc' dir='ltr'>γενναίως</span> <span class='ocrx_word' id='word_1_824' title='bbox 2837 3570 3058 3639; x_wconf 71' lang='grc' dir='ltr'>ἤνεγκε,</span> <span class='ocrx_word' id='word_1_825' title='bbox 3089 3571 3184 3622; x_wconf 64' lang='grc' dir='ltr'>καὶ¹</span> <span class='ocrx_word' id='word_1_826' title='bbox 3206 3569 3577 3642; x_wconf 83' lang='grc' dir='ltr'>ηὑχαρίστησε</span> <span class='ocrx_word' id='word_1_827' title='bbox 3590 3567 3668 3636; x_wconf 83' lang='grc' dir='ltr'>τῷ</span> <span class='ocrx_word' id='word_1_828' title='bbox 3684 3568 3860 3621; x_wconf 88' lang='grc' dir='ltr'>ταῦτα</span> 
     </span>
    </p>
   </div>
   <div class='ocr_carea' id='block_1_101' title="bbox 2181 3655 3855 3728">
    <p class='ocr_par' dir='ltr' id='par_1_101' title="bbox 2181 3655 3855 3728">
     <span class='ocr_line' id='line_1_101' title="bbox 2181 3655 3855 3728; baseline -0.002 -19"><span class='ocrx_word' id='word_1_829' title='bbox 2181 3655 2552 3728; x_wconf 89' lang='grc' dir='ltr'>συγχωροῦντι</span> <span class='ocrx_word' id='word_1_830' title='bbox 2587 3655 2727 3726; x_wconf 83' lang='grc' dir='ltr'>Θεῷ,</span> <span class='ocrx_word' id='word_1_831' title='bbox 2763 3656 3058 3727; x_wconf 84' lang='grc' dir='ltr'>ὁλόκληρον</span> <span class='ocrx_word' id='word_1_832' title='bbox 3089 3658 3182 3710; x_wconf 90' lang='grc' dir='ltr'>τὸν</span> <span class='ocrx_word' id='word_1_833' title='bbox 3229 3657 3492 3725; x_wconf 86' lang='grc' dir='ltr'>στέφανον</span> <span class='ocrx_word' id='word_1_834' title='bbox 3534 3655 3855 3726; x_wconf 80' lang='grc' dir='ltr'>ἀνεδήσατο.</span> 
     </span>
    </p>
   </div>
   <div class='ocr_carea' id='block_1_102' title="bbox 2221 3733 3854 3814">
    <p class='ocr_par' dir='ltr' id='par_1_102' title="bbox 2221 3733 3854 3814">
     <span class='ocr_line' id='line_1_102' title="bbox 2221 3733 3854 3814; baseline -0.003 -16"><span class='ocrx_word' id='word_1_835' title='bbox 2221 3733 2235 3752; x_wconf 75' lang='grc'><em>”</em></span> <span class='ocrx_word' id='word_1_836' title='bbox 2249 3745 2340 3814; x_wconf 85' lang='grc' dir='ltr'>Μὴ</span> <span class='ocrx_word' id='word_1_837' title='bbox 2370 3743 2551 3798; x_wconf 89' lang='grc' dir='ltr'>τοίνυν</span> <span class='ocrx_word' id='word_1_838' title='bbox 2579 3743 2750 3796; x_wconf 87' lang='grc' dir='ltr'>λυποῦ</span> <span class='ocrx_word' id='word_1_839' title='bbox 2780 3742 2871 3795; x_wconf 84' lang='grc' dir='ltr'>διὰ</span> <span class='ocrx_word' id='word_1_840' title='bbox 2909 3743 3002 3796; x_wconf 87' lang='grc' dir='ltr'>τὸν</span> <span class='ocrx_word' id='word_1_841' title='bbox 3031 3742 3288 3797; x_wconf 74' lang='grc' dir='ltr'>θάνατον’</span> <span class='ocrx_word' id='word_1_842' title='bbox 3328 3743 3542 3811; x_wconf 83' lang='grc' dir='ltr'>φύσεως</span> <span class='ocrx_word' id='word_1_843' title='bbox 3573 3743 3680 3812; x_wconf 89' lang='grc' dir='ltr'>γάρ</span> <span class='ocrx_word' id='word_1_844' title='bbox 3707 3743 3854 3794; x_wconf 87' lang='grc' dir='ltr'>ἐστι·</span> 
     </span>
    </p>
   </div>
   <div class='ocr_carea' id='block_1_103' title="bbox 2177 3828 3860 3902">
    <p class='ocr_par' dir='ltr' id='par_1_103' title="bbox 2177 3828 3860 3902">
     <span class='ocr_line' id='line_1_103' title="bbox 2177 3828 3860 3902; baseline 0.001 -22"><span class='ocrx_word' id='word_1_845' title='bbox 2177 3828 2350 3882; x_wconf 83' lang='grc' dir='ltr'>λυποῦ</span> <span class='ocrx_word' id='word_1_846' title='bbox 2387 3829 2453 3882; x_wconf 85' lang='grc' dir='ltr'>δι’</span> <span class='ocrx_word' id='word_1_847' title='bbox 2491 3830 2797 3900; x_wconf 79' lang='grc' dir='ltr'>ἁμαρτίανο</span> <span class='ocrx_word' id='word_1_848' title='bbox 2841 3830 3215 3900; x_wconf 88' lang='grc' dir='ltr'>προαιρέσεως</span> <span class='ocrx_word' id='word_1_849' title='bbox 3248 3829 3358 3902; x_wconf 82' lang='grc' dir='ltr'>γὰρ</span> <span class='ocrx_word' id='word_1_850' title='bbox 3388 3830 3450 3883; x_wconf 82' lang='lat'>1&#39;0</span> <span class='ocrx_word' id='word_1_851' title='bbox 3481 3829 3754 3899; x_wconf 81' lang='grc' dir='ltr'>ἔγκλημα.</span> <span class='ocrx_word' id='word_1_852' title='bbox 3794 3829 3860 3881; x_wconf 73' lang='lat' dir='ltr'>El</span> 
     </span>
    </p>
   </div>
   <div class='ocr_carea' id='block_1_104' title="bbox 2177 3915 3864 3987">
    <p class='ocr_par' dir='ltr' id='par_1_104' title="bbox 2177 3915 3864 3987">
     <span class='ocr_line' id='line_1_104' title="bbox 2177 3915 3864 3987; baseline -0.001 -17"><span class='ocrx_word' id='word_1_853' title='bbox 2177 3917 2232 3970; x_wconf 82' lang='grc' dir='ltr'>δὲ</span> <span class='ocrx_word' id='word_1_854' title='bbox 2258 3915 2402 3987; x_wconf 73' lang='grc' dir='ltr'>λυπῇ</span> <span class='ocrx_word' id='word_1_855' title='bbox 2435 3915 2525 3969; x_wconf 79' lang='grc' dir='ltr'>διὰ</span> <span class='ocrx_word' id='word_1_856' title='bbox 2556 3917 2682 3978; x_wconf 83' lang='grc' dir='ltr'>τοὺς</span> <span class='ocrx_word' id='word_1_857' title='bbox 2713 3915 3106 3980; x_wconf 85' lang='grc' dir='ltr'>ἀποθανόντας,</span> <span class='ocrx_word' id='word_1_858' title='bbox 3149 3916 3304 3986; x_wconf 81' lang='grc' dir='ltr'>ἀλγει</span> <span class='ocrx_word' id='word_1_859' title='bbox 3338 3917 3432 3970; x_wconf 75' lang='grc' dir='ltr'>καὶ</span> <span class='ocrx_word' id='word_1_860' title='bbox 3468 3916 3556 3970; x_wconf 86' lang='grc' dir='ltr'>διά</span> <span class='ocrx_word' id='word_1_861' title='bbox 3581 3917 3708 3978; x_wconf 80' lang='grc' dir='ltr'>τοὺς</span> <span class='ocrx_word' id='word_1_862' title='bbox 3741 3932 3864 3983; x_wconf 84' lang='grc' dir='ltr'>γεν-</span> 
     </span>
    </p>
   </div>
   <div class='ocr_carea' id='block_1_105' title="bbox 2177 4003 3861 4075">
    <p class='ocr_par' dir='ltr' id='par_1_105' title="bbox 2177 4003 3861 4075">
     <span class='ocr_line' id='line_1_105' title="bbox 2177 4003 3861 4075; baseline -0.002 -16"><span class='ocrx_word' id='word_1_863' title='bbox 2177 4005 2479 4074; x_wconf 79' lang='grc' dir='ltr'>νωμένουςο</span> <span class='ocrx_word' id='word_1_864' title='bbox 2509 4004 2699 4075; x_wconf 85' lang='grc' dir='ltr'>ὥσπερ</span> <span class='ocrx_word' id='word_1_865' title='bbox 2726 4003 2835 4075; x_wconf 86' lang='grc' dir='ltr'>γὰρ</span> <span class='ocrx_word' id='word_1_866' title='bbox 2867 4003 3027 4058; x_wconf 88' lang='grc' dir='ltr'>τοῦτο</span> <span class='ocrx_word' id='word_1_867' title='bbox 3057 4005 3292 4074; x_wconf 85' lang='grc' dir='ltr'>φύσεως,</span> <span class='ocrx_word' id='word_1_868' title='bbox 3322 4004 3465 4058; x_wconf 80' lang='grc' dir='ltr'>οὕτω</span> <span class='ocrx_word' id='word_1_869' title='bbox 3494 4006 3716 4058; x_wconf 86' lang='grc' dir='ltr'>κάκεῖνο</span> <span class='ocrx_word' id='word_1_870' title='bbox 3750 4003 3861 4072; x_wconf 82' lang='grc' dir='ltr'>φύ-</span> 
     </span>
    </p>
   </div>
   <div class='ocr_carea' id='block_1_106' title="bbox 2180 4091 3862 4166">
    <p class='ocr_par' dir='ltr' id='par_1_106' title="bbox 2180 4091 3862 4166">
     <span class='ocr_line' id='line_1_106' title="bbox 2180 4091 3862 4166; baseline -0.001 -21"><span class='ocrx_word' id='word_1_871' title='bbox 2180 4109 2336 4157; x_wconf 84' lang='grc' dir='ltr'>σεως.</span> <span class='ocrx_word' id='word_1_872' title='bbox 2372 4095 2470 4147; x_wconf 79' lang='grc' dir='ltr'>Ἂν</span> <span class='ocrx_word' id='word_1_873' title='bbox 2498 4092 2676 4146; x_wconf 85' lang='grc' dir='ltr'>τοίνυν</span> <span class='ocrx_word' id='word_1_874' title='bbox 2721 4092 2993 4166; x_wconf 80' lang='grc' dir='ltr'>ἀπειλήσῃ</span> <span class='ocrx_word' id='word_1_875' title='bbox 3029 4111 3112 4157; x_wconf 87' lang='grc' dir='ltr'>τις</span> <span class='ocrx_word' id='word_1_876' title='bbox 3153 4093 3402 4156; x_wconf 87' lang='grc' dir='ltr'>θάνατον,</span> <span class='ocrx_word' id='word_1_877' title='bbox 3447 4093 3569 4145; x_wconf 85' lang='grc' dir='ltr'>είπὲ</span> <span class='ocrx_word' id='word_1_878' title='bbox 3602 4091 3740 4163; x_wconf 85' lang='grc' dir='ltr'>πρὸς</span> <span class='ocrx_word' id='word_1_879' title='bbox 3761 4092 3862 4145; x_wconf 85' lang='grc' dir='ltr'>αὑ-</span> 
     </span>
    </p>
   </div>
   <div class='ocr_carea' id='block_1_107' title="bbox 2175 4178 3863 4254">
    <p class='ocr_par' dir='ltr' id='par_1_107' title="bbox 2175 4178 3863 4254">
     <span class='ocr_line' id='line_1_107' title="bbox 2175 4178 3863 4254; baseline -0.001 -20"><span class='ocrx_word' id='word_1_880' title='bbox 2175 4180 2288 4234; x_wconf 86' lang='grc' dir='ltr'>τόν·</span> <span class='ocrx_word' id='word_1_881' title='bbox 2337 4180 2692 4247; x_wconf 84' lang='grc' dir='ltr'>Ἐπαιδεύθην</span> <span class='ocrx_word' id='word_1_882' title='bbox 2731 4181 2883 4254; x_wconf 77' lang='grc' dir='ltr'>παρὰ</span> <span class='ocrx_word' id='word_1_883' title='bbox 2901 4180 2996 4234; x_wconf 91' lang='grc' dir='ltr'>τοῦ</span> <span class='ocrx_word' id='word_1_884' title='bbox 3037 4180 3275 4254; x_wconf 85' lang='grc' dir='ltr'>Χριστοῦ</span> <span class='ocrx_word' id='word_1_885' title='bbox 3316 4181 3390 4250; x_wconf 79' lang='grc' dir='ltr'>μὴ</span> <span class='ocrx_word' id='word_1_886' title='bbox 3432 4178 3713 4249; x_wconf 78' lang='grc' dir='ltr'>φοϐεῖσθαι</span> <span class='ocrx_word' id='word_1_887' title='bbox 3746 4179 3863 4232; x_wconf 78' lang='grc' dir='ltr'>ἀπὸ</span> 
     </span>
    </p>
   </div>
   <div class='ocr_carea' id='block_1_108' title="bbox 2175 4266 3863 4339">
    <p class='ocr_par' dir='ltr' id='par_1_108' title="bbox 2175 4266 3863 4339">
     <span class='ocr_line' id='line_1_108' title="bbox 2175 4266 3863 4339; baseline 0.001 -20"><span class='ocrx_word' id='word_1_888' title='bbox 2175 4268 2284 4320; x_wconf 83' lang='grc' dir='ltr'>τῶν</span> <span class='ocrx_word' id='word_1_889' title='bbox 2308 4268 2735 4322; x_wconf 88' lang='grc' dir='ltr'>ἀποκτεινόντων</span> <span class='ocrx_word' id='word_1_890' title='bbox 2749 4268 2812 4321; x_wconf 89' lang='grc' dir='ltr'>τὸ</span> <span class='ocrx_word' id='word_1_891' title='bbox 2836 4268 3016 4339; x_wconf 88' lang='grc' dir='ltr'>σῶμα,</span> <span class='ocrx_word' id='word_1_892' title='bbox 3045 4267 3144 4338; x_wconf 80' lang='grc' dir='ltr'>τὴν</span> <span class='ocrx_word' id='word_1_893' title='bbox 3165 4268 3220 4321; x_wconf 82' lang='grc' dir='ltr'>δὲ</span> <span class='ocrx_word' id='word_1_894' title='bbox 3242 4267 3421 4338; x_wconf 73' lang='grc' dir='ltr'>ψυχήν</span> <span class='ocrx_word' id='word_1_895' title='bbox 3449 4266 3523 4338; x_wconf 83' lang='grc' dir='ltr'>μὴ</span> <span class='ocrx_word' id='word_1_896' title='bbox 3541 4266 3863 4336; x_wconf 81' lang='grc' dir='ltr'>δυναμένων</span> 
     </span>
    </p>
   </div>
   <div class='ocr_carea' id='block_1_109' title="bbox 2177 4353 3862 4427">
    <p class='ocr_par' dir='ltr' id='par_1_109' title="bbox 2177 4353 3862 4427">
     <span class='ocr_line' id='line_1_109' title="bbox 2177 4353 3862 4427; baseline -0.002 -20"><span class='ocrx_word' id='word_1_897' title='bbox 2177 4356 2513 4409; x_wconf 83' lang='grc' dir='ltr'>ἀποκτεῖναι.</span> <span class='ocrx_word' id='word_1_898' title='bbox 2545 4355 2660 4427; x_wconf 78' lang='lat'>[79]</span> <span class='ocrx_word' id='word_1_899' title='bbox 2692 4357 2788 4408; x_wconf 73' lang='grc' dir='ltr'>Ἀν</span> <span class='ocrx_word' id='word_1_900' title='bbox 2810 4356 3004 4426; x_wconf 81' lang='grc' dir='ltr'>ἀπειλῇ</span> <span class='ocrx_word' id='word_1_901' title='bbox 3031 4355 3298 4426; x_wconf 86' lang='grc' dir='ltr'>δήμευσιν</span> <span class='ocrx_word' id='word_1_902' title='bbox 3327 4354 3536 4417; x_wconf 85' lang='grc' dir='ltr'>οὐσίας,</span> <span class='ocrx_word' id='word_1_903' title='bbox 3564 4353 3684 4406; x_wconf 85' lang='grc' dir='ltr'>είπὲ</span> <span class='ocrx_word' id='word_1_904' title='bbox 3719 4353 3862 4424; x_wconf 82' lang='grc' dir='ltr'>πρὸς</span> 
     </span>
    </p>
   </div>
   <div class='ocr_carea' id='block_1_110' title="bbox 2177 4442 3858 4512">
    <p class='ocr_par' dir='ltr' id='par_1_110' title="bbox 2177 4442 3858 4512">
     <span class='ocr_line' id='line_1_110' title="bbox 2177 4442 3858 4512; baseline -0.002 -15"><span class='ocrx_word' id='word_1_905' title='bbox 2177 4445 2376 4497; x_wconf 83' lang='grc' dir='ltr'>αὐτόν·</span> <span class='ocrx_word' id='word_1_906' title='bbox 2441 4444 2683 4512; x_wconf 76' lang='grc' dir='ltr'>Γυμνὸς</span> <span class='ocrx_word' id='word_1_907' title='bbox 2730 4443 2996 4510; x_wconf 73' lang='grc' dir='ltr'>ἐξῆλθον</span> <span class='ocrx_word' id='word_1_908' title='bbox 3039 4444 3108 4497; x_wconf 73' lang='grc' dir='ltr'>ἐκ</span> <span class='ocrx_word' id='word_1_909' title='bbox 3156 4444 3390 4508; x_wconf 78' lang='grc' dir='ltr'>κοιλίας</span> <span class='ocrx_word' id='word_1_910' title='bbox 3431 4442 3657 4511; x_wconf 82' lang='grc' dir='ltr'>μητρός</span> <span class='ocrx_word' id='word_1_911' title='bbox 3693 4459 3858 4510; x_wconf 84' lang='grc' dir='ltr'>μου,</span> 
     </span>
    </p>
   </div>
   <div class='ocr_carea' id='block_1_111' title="bbox 2176 4513 3863 4600">
    <p class='ocr_par' dir='ltr' id='par_1_111' title="bbox 2176 4513 3863 4600">
     <span class='ocr_line' id='line_1_111' title="bbox 2176 4513 3863 4600; baseline -0.001 -16"><span class='ocrx_word' id='word_1_912' title='bbox 2176 4534 2401 4600; x_wconf 72' lang='grc' dir='ltr'>τυμνές</span> <span class='ocrx_word' id='word_1_913' title='bbox 2440 4532 2538 4584; x_wconf 75' lang='grc' dir='ltr'>καί</span> <span class='ocrx_word' id='word_1_914' title='bbox 2584 4531 3012 4600; x_wconf 73' lang='grc' dir='ltr'>ἀπελεύσομαιο</span> <span class='ocrx_word' id='word_1_915' title='bbox 3078 4531 3272 4585; x_wconf 81' lang='grc' dir='ltr'>Οὐδὲν</span> <span class='ocrx_word' id='word_1_916' title='bbox 3309 4513 3863 4599; x_wconf 59' lang='grc' dir='ltr'>εῑσηνέγλκαμενεις</span> 
     </span>
    </p>
   </div>
   <div class='ocr_carea' id='block_1_112' title="bbox 2177 4618 3861 4690">
    <p class='ocr_par' dir='ltr' id='par_1_112' title="bbox 2177 4618 3861 4690">
     <span class='ocr_line' id='line_1_112' title="bbox 2177 4618 3861 4690; baseline 0.001 -18"><span class='ocrx_word' id='word_1_917' title='bbox 2177 4619 2282 4674; x_wconf 77' lang='grc' dir='ltr'>τὸν</span> <span class='ocrx_word' id='word_1_918' title='bbox 2319 4621 2552 4690; x_wconf 76' lang='grc' dir='ltr'>κόσμον</span> <span class='ocrx_word' id='word_1_919' title='bbox 2593 4621 2828 4684; x_wconf 78' lang='grc' dir='ltr'>τοῦτον,</span> <span class='ocrx_word' id='word_1_920' title='bbox 2873 4619 3066 4686; x_wconf 76' lang='grc' dir='ltr'>δῆλον</span> <span class='ocrx_word' id='word_1_921' title='bbox 3114 4620 3203 4673; x_wconf 82' lang='grc' dir='ltr'>ὅτι</span> <span class='ocrx_word' id='word_1_922' title='bbox 3245 4619 3388 4673; x_wconf 80' lang='grc' dir='ltr'>οὐδὲ</span> <span class='ocrx_word' id='word_1_923' title='bbox 3432 4618 3770 4687; x_wconf 71' lang='grc' dir='ltr'>ἐξενεγκεῖν</span> <span class='ocrx_word' id='word_1_924' title='bbox 3803 4637 3861 4673; x_wconf 86' lang='grc' dir='ltr'>τι</span> 
     </span>
    </p>
   </div>
   <div class='ocr_carea' id='block_1_113' title="bbox 2174 4707 3859 4780">
    <p class='ocr_par' dir='ltr' id='par_1_113' title="bbox 2174 4707 3859 4780">
     <span class='ocr_line' id='line_1_113' title="bbox 2174 4707 3859 4780; baseline 0.002 -18"><span class='ocrx_word' id='word_1_925' title='bbox 2174 4708 2593 4778; x_wconf 79' lang='grc' dir='ltr'>δυνησόμεθα·</span> <span class='ocrx_word' id='word_1_926' title='bbox 2653 4707 2753 4761; x_wconf 73' lang='grc' dir='ltr'>κᾶν</span> <span class='ocrx_word' id='word_1_927' title='bbox 2809 4708 2882 4779; x_wconf 83' lang='grc' dir='ltr'>μὴ</span> <span class='ocrx_word' id='word_1_928' title='bbox 2951 4710 3013 4761; x_wconf 79' lang='grc' dir='ltr'>σὺ</span> <span class='ocrx_word' id='word_1_929' title='bbox 3073 4707 3265 4780; x_wconf 82' lang='grc' dir='ltr'>λάϐῃς,</span> <span class='ocrx_word' id='word_1_930' title='bbox 3325 4709 3554 4772; x_wconf 85' lang='grc' dir='ltr'>θάνατος</span> <span class='ocrx_word' id='word_1_931' title='bbox 3606 4711 3859 4765; x_wconf 80' lang='grc' dir='ltr'>ἐπελθὼν</span> 
     </span>
    </p>
   </div>
   <div class='ocr_carea' id='block_1_114' title="bbox 2177 4797 3860 4869">
    <p class='ocr_par' dir='ltr' id='par_1_114' title="bbox 2177 4797 3860 4869">
     <span class='ocr_line' id='line_1_114' title="bbox 2177 4797 3860 4869; baseline 0.002 -19"><span class='ocrx_word' id='word_1_932' title='bbox 2177 4798 2434 4868; x_wconf 70' lang='grc' dir='ltr'>λήψεταιο</span> <span class='ocrx_word' id='word_1_933' title='bbox 2495 4797 2596 4850; x_wconf 83' lang='grc' dir='ltr'>κᾶν</span> <span class='ocrx_word' id='word_1_934' title='bbox 2653 4798 2834 4868; x_wconf 82' lang='grc' dir='ltr'>μὴσὺ</span> <span class='ocrx_word' id='word_1_935' title='bbox 2876 4797 3123 4867; x_wconf 83' lang='grc' dir='ltr'>σφάξῃς,</span> <span class='ocrx_word' id='word_1_936' title='bbox 3181 4801 3206 4850; x_wconf 91' lang='lat'>6</span> <span class='ocrx_word' id='word_1_937' title='bbox 3269 4799 3368 4869; x_wconf 87' lang='grc' dir='ltr'>τῆς</span> <span class='ocrx_word' id='word_1_938' title='bbox 3420 4798 3634 4866; x_wconf 84' lang='grc' dir='ltr'>φύσεως</span> <span class='ocrx_word' id='word_1_939' title='bbox 3697 4801 3860 4853; x_wconf 78' lang='grc' dir='ltr'>ἐπελ-</span> 
     </span>
    </p>
   </div>
   <div class='ocr_carea' id='block_1_115' title="bbox 2177 4885 3858 4957">
    <p class='ocr_par' dir='ltr' id='par_1_115' title="bbox 2177 4885 3858 4957">
     <span class='ocr_line' id='line_1_115' title="bbox 2177 4885 3858 4957; baseline 0.001 -18"><span class='ocrx_word' id='word_1_940' title='bbox 2177 4887 2284 4940; x_wconf 87' lang='grc' dir='ltr'>θὼν</span> <span class='ocrx_word' id='word_1_941' title='bbox 2313 4889 2476 4957; x_wconf 84' lang='grc' dir='ltr'>νόμος</span> <span class='ocrx_word' id='word_1_942' title='bbox 2515 4887 2650 4939; x_wconf 81' lang='grc' dir='ltr'>οίσει</span> <span class='ocrx_word' id='word_1_943' title='bbox 2683 4887 2781 4956; x_wconf 79' lang='grc' dir='ltr'>τὴν</span> <span class='ocrx_word' id='word_1_944' title='bbox 2809 4885 3084 4956; x_wconf 83' lang='grc' dir='ltr'>τελευτήν.</span> <span class='ocrx_word' id='word_1_945' title='bbox 3127 4885 3310 4956; x_wconf 82' lang='grc' dir='ltr'>Μηδὲν</span> <span class='ocrx_word' id='word_1_946' title='bbox 3343 4887 3522 4939; x_wconf 90' lang='grc' dir='ltr'>τοίνυν</span> <span class='ocrx_word' id='word_1_947' title='bbox 3558 4887 3858 4957; x_wconf 82' lang='grc' dir='ltr'>φοϐώμεθα</span> 
     </span>
    </p>
   </div>
   <div class='ocr_carea' id='block_1_116' title="bbox 2175 4971 3857 5043">
    <p class='ocr_par' dir='ltr' id='par_1_116' title="bbox 2175 4971 3857 5043">
     <span class='ocr_line' id='line_1_116' title="bbox 2175 4971 3857 5043; baseline 0.002 -18"><span class='ocrx_word' id='word_1_948' title='bbox 2175 4973 2285 5026; x_wconf 82' lang='grc' dir='ltr'>τῶν</span> <span class='ocrx_word' id='word_1_949' title='bbox 2311 4975 2421 5029; x_wconf 84' lang='grc' dir='ltr'>ἀπὸ</span> <span class='ocrx_word' id='word_1_950' title='bbox 2464 4975 2563 5042; x_wconf 89' lang='grc' dir='ltr'>τῆς</span> <span class='ocrx_word' id='word_1_951' title='bbox 2594 4971 2808 5040; x_wconf 87' lang='grc' dir='ltr'>φύσεως</span> <span class='ocrx_word' id='word_1_952' title='bbox 2841 4974 2972 5043; x_wconf 83' lang='grc' dir='ltr'>ἡμῖν</span> <span class='ocrx_word' id='word_1_953' title='bbox 3002 4973 3376 5042; x_wconf 86' lang='grc' dir='ltr'>ἐπαγομένων,</span> <span class='ocrx_word' id='word_1_954' title='bbox 3418 4973 3533 5026; x_wconf 77' lang='grc' dir='ltr'>ἀλλ’</span> <span class='ocrx_word' id='word_1_955' title='bbox 3572 4977 3751 5028; x_wconf 90' lang='grc' dir='ltr'>ἐκεῖνα</span> <span class='ocrx_word' id='word_1_956' title='bbox 3780 4978 3857 5029; x_wconf 72' lang='grc' dir='ltr'>τά</span> 
     </span>
    </p>
   </div>
   <div class='ocr_carea' id='block_1_117' title="bbox 2177 5062 3858 5136">
    <p class='ocr_par' dir='ltr' id='par_1_117' title="bbox 2177 5062 3858 5136">
     <span class='ocr_line' id='line_1_117' title="bbox 2177 5062 3858 5136; baseline 0.001 -21"><span class='ocrx_word' id='word_1_957' title='bbox 2177 5065 2240 5115; x_wconf 88' lang='grc' dir='ltr'>ἐκ</span> <span class='ocrx_word' id='word_1_958' title='bbox 2267 5063 2510 5132; x_wconf 73' lang='grc' dir='ltr'>πονηρᾶς</span> <span class='ocrx_word' id='word_1_959' title='bbox 2544 5063 2676 5132; x_wconf 89' lang='grc' dir='ltr'>ἡμῖν</span> <span class='ocrx_word' id='word_1_960' title='bbox 2711 5062 3036 5132; x_wconf 85' lang='grc' dir='ltr'>ἐγγινόμενα</span> <span class='ocrx_word' id='word_1_961' title='bbox 3073 5062 3472 5132; x_wconf 88' lang='grc' dir='ltr'>προαιρέσεως·</span> <span class='ocrx_word' id='word_1_962' title='bbox 3521 5064 3705 5117; x_wconf 85' lang='grc' dir='ltr'>ἐκεῖνα</span> <span class='ocrx_word' id='word_1_963' title='bbox 3743 5065 3858 5136; x_wconf 77' lang='grc' dir='ltr'>γὰρ</span> 
     </span>
    </p>
   </div>
   <div class='ocr_carea' id='block_1_118' title="bbox 2176 5148 3856 5221">
    <p class='ocr_par' dir='ltr' id='par_1_118' title="bbox 2176 5148 3856 5221">
     <span class='ocr_line' id='line_1_118' title="bbox 2176 5148 3856 5221; baseline 0.002 -21"><span class='ocrx_word' id='word_1_964' title='bbox 2176 5151 2307 5220; x_wconf 75' lang='grc' dir='ltr'>ἡμῖν</span> <span class='ocrx_word' id='word_1_965' title='bbox 2331 5151 2503 5203; x_wconf 87' lang='grc' dir='ltr'>τίκτει</span> <span class='ocrx_word' id='word_1_966' title='bbox 2523 5149 2622 5220; x_wconf 84' lang='grc' dir='ltr'>τὴν</span> <span class='ocrx_word' id='word_1_967' title='bbox 2651 5149 2894 5202; x_wconf 89' lang='grc' dir='ltr'>κόλασιν.</span> <span class='ocrx_word' id='word_1_968' title='bbox 2929 5148 3098 5201; x_wconf 89' lang='grc' dir='ltr'>Τοῦτο</span> <span class='ocrx_word' id='word_1_969' title='bbox 3123 5151 3177 5202; x_wconf 83' lang='grc' dir='ltr'>δέ</span> <span class='ocrx_word' id='word_1_970' title='bbox 3207 5148 3554 5221; x_wconf 79' lang='grc' dir='ltr'>λογιζώμεθα</span> <span class='ocrx_word' id='word_1_971' title='bbox 3587 5153 3856 5221; x_wconf 84' lang='grc' dir='ltr'>διηνεκῶς</span> 
     </span>
    </p>
   </div>
   <div class='ocr_carea' id='block_1_119' title="bbox 2175 5236 3856 5310">
    <p class='ocr_par' dir='ltr' id='par_1_119' title="bbox 2175 5236 3856 5310">
     <span class='ocr_line' id='line_1_119' title="bbox 2175 5236 3856 5310; baseline 0.001 -20"><span class='ocrx_word' id='word_1_972' title='bbox 2175 5238 2269 5290; x_wconf 75' lang='grc' dir='ltr'>ἐπὶ</span> <span class='ocrx_word' id='word_1_973' title='bbox 2305 5237 2410 5290; x_wconf 88' lang='grc' dir='ltr'>τῶν</span> <span class='ocrx_word' id='word_1_974' title='bbox 2457 5236 2862 5307; x_wconf 86' lang='grc' dir='ltr'>συμϐαινόντων</span> <span class='ocrx_word' id='word_1_975' title='bbox 2903 5239 3036 5306; x_wconf 75' lang='grc' dir='ltr'>ἡμῖν</span> <span class='ocrx_word' id='word_1_976' title='bbox 3077 5237 3375 5306; x_wconf 88' lang='grc' dir='ltr'>ἀδοκήτως,</span> <span class='ocrx_word' id='word_1_977' title='bbox 3415 5239 3496 5291; x_wconf 84' lang='grc' dir='ltr'>ὅτι</span> <span class='ocrx_word' id='word_1_978' title='bbox 3531 5239 3590 5290; x_wconf 88' lang='grc' dir='ltr'>οὑ</span> <span class='ocrx_word' id='word_1_979' title='bbox 3629 5238 3856 5310; x_wconf 84' lang='grc' dir='ltr'>διορθώ-</span> 
     </span>
    </p>
   </div>
   <div class='ocr_carea' id='block_1_120' title="bbox 2177 5323 3854 5396">
    <p class='ocr_par' dir='ltr' id='par_1_120' title="bbox 2177 5323 3854 5396">
     <span class='ocr_line' id='line_1_120' title="bbox 2177 5323 3854 5396; baseline 0.001 -20"><span class='ocrx_word' id='word_1_980' title='bbox 2177 5339 2341 5393; x_wconf 90' lang='grc' dir='ltr'>σομεν</span> <span class='ocrx_word' id='word_1_981' title='bbox 2373 5323 2508 5377; x_wconf 84' lang='grc' dir='ltr'>αὑτά</span> <span class='ocrx_word' id='word_1_982' title='bbox 2557 5323 2866 5390; x_wconf 84' lang='grc' dir='ltr'>ἀλγοῦντες,</span> <span class='ocrx_word' id='word_1_983' title='bbox 2903 5323 2994 5396; x_wconf 75' lang='grc' dir='ltr'>καὶ</span> <span class='ocrx_word' id='word_1_984' title='bbox 3036 5324 3354 5394; x_wconf 86' lang='grc' dir='ltr'>παυσόμεθα</span> <span class='ocrx_word' id='word_1_985' title='bbox 3389 5325 3706 5393; x_wconf 83' lang='grc' dir='ltr'>ἀλγοῦντες’</span> <span class='ocrx_word' id='word_1_986' title='bbox 3750 5327 3854 5378; x_wconf 86' lang='grc' dir='ltr'>κά-</span> 
     </span>
    </p>
   </div>
   <div class='ocr_carea' id='block_1_121' title="bbox 2175 5410 3856 5481">
    <p class='ocr_par' dir='ltr' id='par_1_121' title="bbox 2175 5410 3856 5481">
     <span class='ocr_line' id='line_1_121' title="bbox 2175 5410 3856 5481; baseline 0.002 -19"><span class='ocrx_word' id='word_1_987' title='bbox 2175 5413 2322 5464; x_wconf 88' lang='grc' dir='ltr'>κεῖνο</span> <span class='ocrx_word' id='word_1_988' title='bbox 2361 5411 2500 5481; x_wconf 86' lang='grc' dir='ltr'>μετά</span> <span class='ocrx_word' id='word_1_989' title='bbox 2537 5410 2726 5464; x_wconf 91' lang='grc' dir='ltr'>τούτου</span> <span class='ocrx_word' id='word_1_990' title='bbox 2769 5410 2961 5472; x_wconf 85' lang='grc' dir='ltr'>πάλιν,</span> <span class='ocrx_word' id='word_1_991' title='bbox 3013 5412 3095 5464; x_wconf 79' lang='grc' dir='ltr'>ὅτι</span> <span class='ocrx_word' id='word_1_992' title='bbox 3137 5410 3230 5463; x_wconf 77' lang='grc' dir='ltr'>ἐὰν</span> <span class='ocrx_word' id='word_1_993' title='bbox 3274 5410 3535 5481; x_wconf 86' lang='grc' dir='ltr'>πάθωμέν</span> <span class='ocrx_word' id='word_1_994' title='bbox 3574 5427 3627 5463; x_wconf 88' lang='grc' dir='ltr'>τι</span> <span class='ocrx_word' id='word_1_995' title='bbox 3677 5411 3856 5466; x_wconf 86' lang='grc' dir='ltr'>δεινὸν</span> 
     </span>
    </p>
   </div>
   <div class='ocr_carea' id='block_1_122' title="bbox 2174 5497 3855 5569">
    <p class='ocr_par' dir='ltr' id='par_1_122' title="bbox 2174 5497 3855 5569">
     <span class='ocr_line' id='line_1_122' title="bbox 2174 5497 3855 5569; baseline 0.001 -21"><span class='ocrx_word' id='word_1_996' title='bbox 2174 5497 2314 5551; x_wconf 79' lang='grc' dir='ltr'>κατὰ</span> <span class='ocrx_word' id='word_1_997' title='bbox 2359 5499 2448 5551; x_wconf 83' lang='grc' dir='ltr'>τὸν</span> <span class='ocrx_word' id='word_1_998' title='bbox 2488 5498 2728 5569; x_wconf 88' lang='grc' dir='ltr'>παρόντα</span> <span class='ocrx_word' id='word_1_999' title='bbox 2765 5499 2878 5568; x_wconf 90' lang='grc' dir='ltr'>βίον</span> <span class='ocrx_word' id='word_1_1000' title='bbox 2921 5498 3140 5560; x_wconf 83' lang='grc' dir='ltr'>ἀδίκως,</span> <span class='ocrx_word' id='word_1_1001' title='bbox 3193 5497 3482 5568; x_wconf 87' lang='grc' dir='ltr'>διαλύομεν</span> <span class='ocrx_word' id='word_1_1002' title='bbox 3525 5497 3694 5551; x_wconf 87' lang='grc' dir='ltr'>πολλά</span> <span class='ocrx_word' id='word_1_1003' title='bbox 3740 5498 3855 5550; x_wconf 85' lang='grc' dir='ltr'>τῶν</span> 
     </span>
    </p>
   </div>
   <div class='ocr_carea' id='block_1_123' title="bbox 2173 5585 3854 5658">
    <p class='ocr_par' dir='ltr' id='par_1_123' title="bbox 2173 5585 3854 5658">
     <span class='ocr_line' id='line_1_123' title="bbox 2173 5585 3854 5658; baseline 0.002 -20"><span class='ocrx_word' id='word_1_1004' title='bbox 2173 5585 2605 5658; x_wconf 84' lang='grc' dir='ltr'>ἁμαρτημάτων.</span> <span class='ocrx_word' id='word_1_1005' title='bbox 2663 5587 2755 5640; x_wconf 87' lang='grc' dir='ltr'>Διὸ</span> <span class='ocrx_word' id='word_1_1006' title='bbox 2814 5587 2955 5657; x_wconf 84' lang='grc' dir='ltr'>μέγα</span> <span class='ocrx_word' id='word_1_1007' title='bbox 3011 5586 3215 5654; x_wconf 86' lang='grc' dir='ltr'>ἀγαθὸν</span> <span class='ocrx_word' id='word_1_1008' title='bbox 3266 5585 3502 5640; x_wconf 89' lang='grc' dir='ltr'>ἐνταῦθα</span> <span class='ocrx_word' id='word_1_1009' title='bbox 3549 5586 3854 5641; x_wconf 85' lang='grc' dir='ltr'>ἀπολαϐεῖν</span> 
     </span>
    </p>
   </div>
   <div class='ocr_carea' id='block_1_124' title="bbox 2176 5673 3854 5746">
    <p class='ocr_par' dir='ltr' id='par_1_124' title="bbox 2176 5673 3854 5746">
     <span class='ocr_line' id='line_1_124' title="bbox 2176 5673 3854 5746; baseline 0.001 -22"><span class='ocrx_word' id='word_1_1010' title='bbox 2176 5673 2565 5746; x_wconf 85' lang='grc' dir='ltr'>ἁμαρτήματα,</span> <span class='ocrx_word' id='word_1_1011' title='bbox 2597 5676 2692 5730; x_wconf 73' lang='grc' dir='ltr'>καὶ</span> <span class='ocrx_word' id='word_1_1012' title='bbox 2727 5675 2800 5746; x_wconf 80' lang='grc' dir='ltr'>μὴ</span> <span class='ocrx_word' id='word_1_1013' title='bbox 2834 5678 2967 5729; x_wconf 86' lang='grc' dir='ltr'>ἐκεῖ·</span> <span class='ocrx_word' id='word_1_1014' title='bbox 2993 5677 3086 5728; x_wconf 73' lang='grc' dir='ltr'>καὶ</span> <span class='ocrx_word' id='word_1_1015' title='bbox 3110 5675 3217 5746; x_wconf 88' lang='grc' dir='ltr'>γάρ</span> <span class='ocrx_word' id='word_1_1016' title='bbox 3244 5677 3272 5729; x_wconf 83' lang='grc' dir='ltr'>ό</span> <span class='ocrx_word' id='word_1_1017' title='bbox 3299 5674 3548 5739; x_wconf 88' lang='grc' dir='ltr'>πλούσιος</span> <span class='ocrx_word' id='word_1_1018' title='bbox 3581 5675 3734 5728; x_wconf 80' lang='grc' dir='ltr'>οὐδὲν</span> <span class='ocrx_word' id='word_1_1019' title='bbox 3763 5677 3854 5727; x_wconf 81' lang='grc' dir='ltr'>ἐν-</span> 
     </span>
    </p>
   </div>
   <div class='ocr_carea' id='block_1_125' title="bbox 2174 5759 3850 5834">
    <p class='ocr_par' dir='ltr' id='par_1_125' title="bbox 2174 5759 3850 5834">
     <span class='ocr_line' id='line_1_125' title="bbox 2174 5759 3850 5834; baseline 0.004 -24"><span class='ocrx_word' id='word_1_1020' title='bbox 2174 5759 2346 5813; x_wconf 87' lang='grc' dir='ltr'>ταῦθα</span> <span class='ocrx_word' id='word_1_1021' title='bbox 2370 5762 2538 5814; x_wconf 89' lang='grc' dir='ltr'>δεινὸν</span> <span class='ocrx_word' id='word_1_1022' title='bbox 2560 5761 2819 5826; x_wconf 85' lang='grc' dir='ltr'>ἀπέλαϐε,</span> <span class='ocrx_word' id='word_1_1023' title='bbox 2845 5763 2937 5816; x_wconf 79' lang='grc' dir='ltr'>καὶ</span> <span class='ocrx_word' id='word_1_1024' title='bbox 2962 5761 3048 5814; x_wconf 79' lang='grc' dir='ltr'>διὰ</span> <span class='ocrx_word' id='word_1_1025' title='bbox 3069 5763 3226 5816; x_wconf 87' lang='grc' dir='ltr'>τοῦτο</span> <span class='ocrx_word' id='word_1_1026' title='bbox 3252 5764 3366 5816; x_wconf 88' lang='grc' dir='ltr'>ἐκεῖ</span> <span class='ocrx_word' id='word_1_1027' title='bbox 3394 5761 3850 5834; x_wconf 76' lang='grc' dir='ltr'>ἀπετηγανίζετο.</span> 
     </span>
    </p>
   </div>
   <div class='ocr_carea' id='block_1_126' title="bbox 2236 5866 2634 5928">
    <p class='ocr_par' dir='ltr' id='par_1_126' title="bbox 2236 5866 2634 5928">
     <span class='ocr_line' id='line_1_126' title="bbox 2236 5866 2634 5928; baseline -0.003 -14"><span class='ocrx_word' id='word_1_1028' title='bbox 2236 5866 2264 5903; x_wconf 69' lang='grc' dir='ltr'>Ῑτ</span> <span class='ocrx_word' id='word_1_1029' title='bbox 2291 5867 2324 5914; x_wconf 77' lang='grc' dir='ltr'>Α</span> <span class='ocrx_word' id='word_1_1030' title='bbox 2335 5867 2384 5914; x_wconf 85' lang='lat' dir='ltr'>lii</span> <span class='ocrx_word' id='word_1_1031' title='bbox 2408 5868 2634 5928; x_wconf 80' lang='grc' dir='ltr'>ἐχώμεθα.</span> 
     </span>
    </p>
   </div>
   <div class='ocr_carea' id='block_1_127' title="bbox 2239 5927 3090 5989">
    <p class='ocr_par' dir='ltr' id='par_1_127' title="bbox 2239 5927 3090 5989">
     <span class='ocr_line' id='line_1_127' title="bbox 2239 5927 3090 5989; baseline 0.007 -17"><span class='ocrx_word' id='word_1_1032' title='bbox 2239 5930 2261 5989; x_wconf 68' lang='grc' dir='ltr'>εξ</span> <span class='ocrx_word' id='word_1_1033' title='bbox 2294 5927 2517 5989; x_wconf 57' lang='grc' dir='ltr'>ςανὶιζιιι</span> <span class='ocrx_word' id='word_1_1034' title='bbox 2538 5931 2733 5989; x_wconf 79' lang='lat' dir='ltr'>quidam</span> <span class='ocrx_word' id='word_1_1035' title='bbox 2757 5929 2839 5980; x_wconf 80' lang='lat' dir='ltr'>alii</span> <span class='ocrx_word' id='word_1_1036' title='bbox 2858 5929 3090 5979; x_wconf 81' lang='grc' dir='ltr'>ἀπελθεῖν.</span> 
     </span>
    </p>
   </div>
   <div class='ocr_carea' id='block_1_128' title="bbox 2237 5987 2695 6048">
    <p class='ocr_par' dir='ltr' id='par_1_128' title="bbox 2237 5987 2695 6048">
     <span class='ocr_line' id='line_1_128' title="bbox 2237 5987 2695 6048; baseline -0.002 -7"><span class='ocrx_word' id='word_1_1037' title='bbox 2237 5988 2263 6030; x_wconf 68' lang='grc' dir='ltr'><em>δ</em></span> <span class='ocrx_word' id='word_1_1038' title='bbox 2282 5987 2383 6043; x_wconf 65' lang='lat' dir='ltr'><strong>Alii</strong></span> <span class='ocrx_word' id='word_1_1039' title='bbox 2405 5991 2490 6039; x_wconf 80' lang='grc' dir='ltr'>κᾶν</span> <span class='ocrx_word' id='word_1_1040' title='bbox 2515 5987 2695 6048; x_wconf 81' lang='grc' dir='ltr'>ζῶντες.</span> 
     </span>
    </p>
   </div>
  </div>
