4072 6384
288 411 360 467 85
1229 407 1321 461 AD
1361 406 1677 464 POPULUM
1719 406 2206 464 ANTIOCIIENUM
2270 371 2506 466 llOMll...
2539 408 2626 463 Vl.
3506 412 3579 470 63

291 528 515 599 quillum
550 525 760 580 oculum
783 522 835 576 in
859 521 1042 591 judicii
1069 521 1154 574 die
1178 521 1479 575 clementia.-
1503 529 1603 573 tua:
1631 519 1877 574 recorda-

295 629 383 674 tus
409 617 681 672 exhibeat.
718 615 842 669 llaec
877 622 932 668 et
960 613 1044 667 his
1086 613 1232 682 plura
1269 613 1431 677 dicet,
1471 621 1525 666 et
1555 625 1652 665 nos
1695 613 1764 666 ab
1802 611 1878 664 ira

292 713 508 783 penitus
532 709 742 779 eripiet.
770 707 884 761 Non
910 715 1111 760 tantmn
1135 713 1310 758 autem
1339 704 1404 758 ad
1431 704 1739 772 Imperatori
1765 719 1880 772 per-

292 802 620 858 suadendum
643 800 931 854 maximum
962 813 1026 851 ex
1055 797 1156 850 hoc
1182 796 1388 866 jejunio
1420 794 1575 849 nobis
1615 805 1697 849 est
1724 794 1879 848 auxi-

295 898 446 959 lium,
477 892 570 948 sed
611 893 768 946 etiam
797 889 860 944 ad
893 903 1048 942 casus
1069 902 1328 958 generose
1357 885 1606 942 ferendos
1638 903 1651 940 :
1683 885 1879 940 etenim

292 983 716 1040 consolationem
739 997 844 1034 non
868 979 1141 1033 minimam
1155 993 1221 1032 ex
1243 977 1344 1032 hoc
1366 988 1604 1045 tempore
1617 977 1876 1045 capimus.

300 1077 400 1128 l’er
428 1073 666 1142 singulos
690 1072 831 1125 enim
861 1069 977 1124 dies
1000 1068 1333 1138 congregari,
1371 1076 1425 1122 et
1459 1067 1756 1121 divinarum
1784 1081 1880 1119 au-

295 1168 411 1222 ditu
450 1166 840 1234 Seriptnrarum
875 1163 997 1228 frui,
1019 1171 1073 1217 et
1113 1163 1338 1216 invicem
1367 1176 1462 1214 nos
1483 1161 1793 1230 conspicere
1828 1169 1882 1213 et

297 1258 598 1324 lamentari,
626 1265 679 1310 et
699 1267 932 1315 orantes.
974 1270 1036 1308 ac
1070 1254 1491 1309 benedictionem
1523 1253 1842 1322 accipientes
1864 1292 1878 1314 ,

298 1351 378 1404 sic
408 1349 626 1403 domum
653 1347 821 1409 abire,
857 1345 908 1400 id
938 1345 1140 1400 doloris
1169 1344 1456 1414 plurimum
1489 1343 1642 1396 nobis
1685 1340 1875 1395 aufert.

298 1439 377 1494 Ne
399 1439 555 1508 igitur
581 1453 913 1500 corruamus,
941 1452 1113 1505 neque
1159 1451 1254 1489 nos
1283 1436 1426 1505 ipsos
1461 1451 1570 1503 pra:
1613 1433 1882 1488 anxietate

300 1530 610 1599 prodamus,
646 1529 738 1582 sed
771 1543 1077 1582 maneamus
1099 1534 1475 1595 exspectantes
1497 1525 1634 1579 bona
1658 1564 1672 1589 ,
1717 1533 1770 1578 et
1797 1525 1881 1578 di-

307 1621 490 1675 cendis
516 1631 748 1674 mentem
779 1620 1124 1673 adhibeamus
1150 1635 1162 1671 :
1185 1619 1381 1674 etenim
1405 1618 1524 1671 volo
1553 1626 1607 1672 et
1633 1617 1787 1672 hodie
1817 1617 1884 1671 de

301 1716 491 1770 mortis
518 1723 828 1783 contemptu
860 1713 1050 1767 iterum
1077 1712 1341 1767 disserere
1365 1713 1404 1764 ¹.
1427 1711 1543 1764 Dixi
1569 1710 1720 1764 vobis
1746 1709 1878 1772 heri,

306 1822 406 1861 nos
441 1813 667 1860 mortem
697 1806 916 1869 timere,
961 1819 1065 1857 non
1093 1802 1307 1874 quidem
1336 1802 1460 1872 quia
1487 1800 1737 1855 terribilis
1777 1809 1879 1864 est,

305 1899 398 1952 sed
427 1898 677 1967 quoniam
708 1911 880 1966 neque
903 1895 1130 1950 caelestis
1156 1894 1306 1964 regni
1343 1907 1495 1946 amor
1540 1906 1637 1946 nos
1664 1906 1884 1945 succen-

301 1990 402 2051 dit,
445 2003 616 2059 neque
641 1988 896 2058 gehennm
926 1989 1082 2041 timor
1112 2001 1208 2040 nos
1234 1987 1509 2055 occupavit
1535 2004 1547 2038 :
1575 1994 1627 2039 et
1653 1984 1716 2038 ad
1748 1984 1881 2049 lucc,

302 2081 555 2150 quoniam
583 2079 962 2134 conscientiam
992 2093 1099 2132 non
1127 2077 1382 2131 habemus
1405 2077 1617 2130 bonam.
1639 2075 1805 2129 Vultis
1831 2083 1887 2130 et

302 2183 544 2240 quartam
573 2171 731 2241 hujus
757 2173 1072 2240 importuna
1093 2169 1375 2223 anxietatis
1405 2183 1618 2221 causam
1648 2181 1885 2220 comme-

303 2278 528 2325 rnorem,
563 2278 665 2316 non
689 2262 864 2315 minus
886 2259 1250 2330 superioribus
1274 2259 1490 2313 veram?
1521 2258 1632 2312 Non
1658 2258 1888 2312 vivimus

306 2359 358 2411 in
388 2357 675 2426 asperitate
703 2354 1024 2409 Christianis
1062 2367 1328 2423 congrua,
1363 2352 1457 2406 St'd
1499 2350 1707 2407 facilem
1751 2350 1887 2404 hanc

302 2459 354 2502 et
382 2448 609 2501 solutam
638 2455 691 2501 et
716 2446 930 2499 mollem
961 2459 1203 2498 amamus
1231 2444 1389 2496 vitam
1424 2462 1435 2496 :
1462 2443 1658 2497 idcirco
1699 2442 1888 2498 verisi-

302 2538 500 2592 ntiliter
536 2546 591 2590 et
621 2535 969 2605 praesentibus
996 2534 1326 2588 oblectamur
1355 2533 1535 2586 rebus.

380 2627 462 2682 Ex
514 2627 848 2680 maceratione
891 2625 1162 2680 cwlestium
1201 2623 1503 2677 desiderium
1550 2623 1890 2676 nascitur.—

309 2721 456 2788 Quod
499 2720 542 2774 si
583 2719 764 2788 utique
811 2720 862 2772 in
898 2717 1113 2787 jejnniis
1139 2729 1190 2770 et
1219 2715 1706 2786 pernoctationibus
1726 2723 1780 2770 et
1808 2713 1890 2768 vi-

303 2823 423 2867 etus
453 2811 730 2877 tenuitate,
764 2810 900 2864 hanc
924 2811 1086 2864 vitam
1125 2809 1556 2878 transigeretnus,
1576 2807 1892 2875 cupidita'es

309 2914 519 2958 nostras
535 2903 879 2973 praecidentes
898 2902 1177 2962 absurdus,
1201 2903 1502 2970 voluptates
1519 2913 1786 2967 arcentes,
1804 2918 1893 2955 su-

310 2995 470 3048 dores
499 2994 706 3048 virtutis
733 2995 1080 3059 sustinentes,
1130 2992 1422 3047 secundum
1455 2993 1675 3047 Paulum
1698 3006 1893 3060 corpus

308 3085 632 3154 castigantes
657 3092 712 3138 et
735 3084 786 3136 in
809 3082 1117 3137 servitutem
1151 3083 1451 3152 redigentes
1481 3084 1527 3155 (Ι
1557 3081 1672 3137 Cor.
1703 3081 1754 3137 9.
1774 3080 1888 3152 27),

308 3174 486 3228 carnis
505 3174 894 3243 providentiam
909 3173 973 3228 ad
990 3173 1250 3228 des'deria
1279 3188 1384 3227 non
1410 3173 1685 3238 facientes,
1730 3188 1894 3241 angn-

309 3276 445 3320 stam
471 3276 524 3320 et
539 3265 902 3335 eoafragosatn
931 3273 1170 3319 tenentes
1193 3263 1352 3324 viam,
1376 3265 1482 3317 cito
1503 3263 1673 3317 futura
1692 3279 1890 3317 cuneu-

310 3356 656 3423 pisceremus,
673 3355 1020 3422 prtesentibus
1039 3354 1250 3409 liberari
1273 3354 1541 3408 laboribus
1560 3355 1891 3422 festinantes.

312 3445 383 3499 Et
405 3445 544 3516 quod
567 3462 671 3498 non
696 3445 858 3499 falsus
884 3445 952 3498 sit
975 3459 1153 3499 sermo
1176 3453 1375 3510 noster,
1394 3444 1460 3498 ad
1489 3446 1744 3499 montium
1777 3461 1895 3498 ver-

315 3538 448 3591 tices
473 3537 720 3600 ascende,
745 3536 1026 3591 considera
1076 3536 1186 3590 illic
1222 3545 1493 3591 morantes
1523 3536 1814 3590 monachos
1842 3537 1894 3590 in

314 3644 492 3695 sacco,
527 3630 578 3683 in
608 3630 858 3694 vinculis,
891 3629 941 3682 in
968 3628 1208 3699 jejnniis,
1240 3631 1290 3682 in
1320 3629 1555 3683 tenebris
1590 3631 1892 3694 conclusos,

312 3731 368 3774 et
396 3735 582 3774 omnes
611 3721 814 3774 videbis
844 3730 1067 3774 mortem
1095 3730 1486 3789 exoptantes,et
1516 3736 1628 3775 rem
1652 3721 1795 3775 illam
1809 3736 1896 3775 rc-

318 3814 496 3881 quiem
527 3813 875 3882 appellantes.
906 3812 1056 3867 Sicut
1081 3813 1220 3866 enim
1245 3812 1494 3867 caestibus
1523 3829 1758 3884 pugnans
1787 3822 1897 3868 sta-

315 3905 406 3958 dio
431 3905 579 3959 exire
610 3903 844 3971 festinat,
879 3913 935 3958 nt
973 3904 1281 3958 vulneribus
1318 3904 1594 3971 liberetur,
1614 3913 1669 3960 et
1697 3905 1898 3960 athleta

314 4003 645 4062 spectatores
661 4007 947 4064 exsurgere
966 3993 1374 4062 concupiscit,ut
1386 3993 1652 4048 laboribus
1667 3993 1902 4047 absolva-

317 4092 406 4138 tur
435 4102 448 4133 :
480 4085 559 4139 sic
598 4092 655 4138 et
697 4083 789 4153 qui
829 4084 883 4137 in
925 4083 1095 4154 rigida
1119 4094 1174 4137 et
1207 4098 1396 4152 aspera
1423 4083 1526 4136 vita
1562 4098 1682 4137 cum
1709 4084 1902 4138 virtute

315 4175 465 4240 vivit,
499 4173 657 4228 ﬁnem
688 4173 986 4238 desiderat,
1016 4183 1072 4227 ut
1098 4174 1448 4242 praesentibus
1471 4173 1725 4242 eripiatur
1754 4174 1902 4228 labo-

319 4265 488 4327 ribus,
517 4273 572 4319 et
619 4278 715 4333 pro
752 4265 1001 4332 repositis
1033 4264 1206 4317 valeat
1245 4264 1457 4317 coronis
1499 4263 1792 4326 confidere,
1833 4264 1900 4317 ad

321 4354 664 4424 tranquillum
716 4355 973 4425 navigans
1019 4363 1255 4422 portum,
1284 4365 1337 4408 et
1366 4355 1455 4408 illo
1485 4357 1864 4425 transmigrans
1883 4398 1898 4421 ,

321 4448 411 4502 ubi
439 4456 650 4501 nonest
679 4446 905 4516 amplius
936 4444 1224 4499 timendum
1252 4445 1604 4516 naufragium.
1651 4447 1901 4516 Propter-

318 4553 382 4592 ea
435 4538 575 4592 Deus
613 4546 797 4591 natura
829 4536 1150 4590 laboriosam
1199 4543 1254 4589 et
1302 4552 1517 4603 gravem
1560 4536 1713 4590 nobis
1743 4538 1902 4592 vitam

320 4629 547 4698 paravit,
577 4636 634 4682 ut
654 4627 901 4696 prtesenti
935 4626 1274 4681 tribulatione
1298 4627 1577 4696 compulsi,
1609 4627 1903 4698 futurorum

324 4718 649 4774 desiderium
680 4719 971 4787 capiamus.
1005 4718 1060 4771 Si
1089 4718 1228 4772 enim
1250 4733 1368 4771 cum
1394 4721 1499 4772 sint
1528 4729 1605 4773 tot
1626 4696 1822 4786 tristia,
1851 4730 1906 4775 ct

330 4808 563 4878 pericula
586 4809 910 4872 cttitnorcs,
961 4815 1014 4862 et
1057 4824 1198 4862 curae
1228 4824 1324 4864 nos
1381 4811 1612 4879 undique
1671 4813 1903 4870 circum-

323 4907 530 4961 euntes,
589 4907 692 4952 tam
738 4897 966 4952 libenter
1011 4900 1256 4967 praesenti
1287 4900 1629 4955 immoramur
1653 4903 1806 4969 vitae;
1859 4905 1902 4960 si

315 4989 456 5045 fnihil
482 4987 666 5040 horum
685 4998 848 5054 esset,
872 4996 926 5041 et
946 4987 1371 5057 absquetristitia
1422 4998 1476 5044 et
1520 4993 1772 5046 aerumnis
1799 5004 1904 5048 tota

326 5078 460 5132 foret
503 5079 606 5131 vita
643 5087 853 5146 nestra,
896 5078 1106 5148 quando
1135 5095 1382 5149 umquam
1416 5080 1588 5135 futura
1631 5082 1904 5139 desidera-

324 5184 505 5224 remus
521 5170 546 5222 ἲ

401 5260 455 5315 ι.
475 5259 565 5315 Sic
591 5271 644 5315 et
666 5259 863 5315 Juda‘is
895 5260 1030 5316 Deus
1057 5262 1199 5316 fecit.
1233 5263 1428 5319 Volens
1458 5267 1597 5320 enim
1627 5276 1682 5322 et
1708 5269 1824 5322 illos
1853 5271 1903 5324 in

331 5351 531 5406 reditus
553 5352 892 5422 cupiditatem
909 5353 1181 5417 inducere,
1213 5364 1265 5408 et
1288 5367 1343 5409 ut
1358 5355 1644 5426 Egyptum
1668 5360 1905 5416 odissent

329 5443 667 5512 persuadere,
701 5445 939 5512 permisit
961 5459 1054 5498 eos
1097 5445 1326 5500 lateritio
1355 5461 1516 5515 opere
1544 5458 1596 5502 et
1624 5449 1734 5504 luto
1760 5451 1906 5505 labo-

329 5549 449 5589 rare
471 5532 666 5605 (Exod.
693 5536 742 5588 1.
773 5535 883 5606 li),
915 5543 968 5588 ut
990 5535 1229 5590 laborum
1252 5544 1306 5589 et
1342 5553 1592 5591 aerumna.-
1621 5539 1760 5593 illins
1794 5557 1907 5595 ma-

327 5624 602 5695 gnitudine
627 5625 867 5691 cruciati,
895 5626 960 5679 ad
978 5626 1142 5680 Deum
1165 5627 1487 5682 reversionis
1529 5644 1689 5683 causa
1710 5631 1905 5685 clama-

396 5739 410 5767 ί
445 5735 853 5805 Μοτριηιρῃιίεςῖξ
877 5738 1104 5805 multis...
1131 5740 1215 5805 sed
1241 5744 1302 5805 de
1326 5741 1494 5805 mortis
1518 5748 1784 5805 contemptu
1807 5742 1914 5795 dis-

335 5810 554 5848 seramus
583 5798 723 5861 (ἁλὶᾶ
745 5800 849 5861 περὶ
871 5798 1129 5863 ὓπερόψίας
1155 5801 1352 5850 θανάτου
1375 5798 1727 5866 διαλεχθῶμεν).

1988 528 2123 573 rent.
2143 519 2197 575 Si
2215 521 2354 574 enim
2373 521 2592 591 egressi,
2611 519 2852 588 quamvis
2869 519 2981 574 hme
2997 520 3332 587 accidissent,
3350 521 3568 593 Αὐενρῆ

1988 611 2176 666 iterum
2195 613 2614 667 memineruntet
2635 613 2866 680 pristina:
2883 614 3173 679 servitutis,
3193 623 3247 668 et
3261 615 3328 668 ad
3353 626 3567 684 gravent

1987 701 2317 770 tyrannidem
2346 701 2521 757 redire
2546 701 2865 757 festinabant
2891 701 3082 772 (Exod.
3112 703 3195 757 l6.
3229 702 3286 774 5)
3314 721 3329 758 :
3357 704 3454 758 nisi
3487 713 3571 759 ta-

1987 791 2066 845 les
2103 790 2324 846 fni~sent
2356 794 2556 862 experti
2597 792 2880 858 barbaros,
2910 792 3122 861 quando
3157 809 3410 863 umquam
3440 795 3572 849 alie-

1986 898 2108 936 nam
2150 883 2416 937 dimittere
2466 893 2664 936 terram
2693 883 3024 936 voluissent?
3063 882 3138 937 Ne
3181 883 3338 953 igitur
3375 894 3429 939 et
3477 900 3574 938 nos

1988 983 2143 1030 terra:
2174 975 2339 1038 affixi,
2364 983 2418 1029 et
2449 974 2797 1045 praesentibus
2825 975 3088 1028 inhiantes
3139 983 3464 1044 torpeamns.
3523 986 3580 1029 et

1987 1065 2284 1120 futurorum
2312 1065 2714 1126 obliviscamur,
2747 1066 2905 1118 vitam
2935 1065 3088 1118 nobis
3115 1065 3237 1120 fecit
3264 1067 3404 1121 Deus
3427 1067 3574 1119 labo-

1987 1149 2202 1202 riosam.
2258 1148 2371 1202 Non
2422 1148 2580 1218 igitur
2617 1149 2751 1201 ultra
2781 1163 2938 1218 quam
2972 1158 3048 1202 est
3079 1164 3210 1216 opus
3259 1159 3576 1218 praesentem

1986 1241 2147 1294 vitam
2200 1240 2602 1306 amplectamur.
2629 1241 2760 1306 Quae
2781 1241 2938 1294 nobis
2968 1240 3204 1293 utilitas?
3253 1241 3395 1308 quod
3444 1255 3574 1295 vero

1985 1330 2401 1384 emolumentum
2452 1345 2515 1383 ex
2564 1329 2723 1382 nimia
2756 1329 3035 1398 praesentis
3085 1331 3203 1383 vitae
3251 1329 3580 1395 cupiditate?

1987 1421 2081 1475 Vis
2101 1421 2308 1475 discere
2327 1436 2494 1490 quare
2509 1421 2704 1474 bonum
2724 1421 2791 1474 sit
2811 1435 3046 1488 praesens
3069 1421 3209 1474 vita?
3232 1421 3362 1487 Quia
3386 1422 3575 1475 futurae

1987 1513 2142 1569 nobis
2165 1516 2288 1568 vitae
2311 1513 2531 1568 materia
2564 1513 2809 1579 efficitur,
2839 1521 2893 1566 et
2920 1513 3131 1567 θορδδίο
3152 1523 3204 1566 et
3231 1514 3458 1568 stadium
3490 1523 3576 1568 est

1991 1620 2088 1674 pro
2115 1606 2330 1659 coronis
2375 1605 2484 1659 illic
2518 1604 2873 1672 adipiscendis
2905 1621 2917 1656 :
2951 1605 3090 1674 quod
3123 1605 3220 1659 nisi
3269 1605 3370 1660 hoc
3419 1606 3573 1658 nobis

1989 1697 2269 1767 praeberet,
2307 1696 2600 1754 innumeris
2622 1696 2877 1750 mortibus
2901 1706 3042 1750 esset
3064 1696 3436 1750 miserabilior.
3464 1695 3574 1749 Nisi

1988 1789 2131 1844 enim
2157 1790 2399 1844 viventes
2428 1789 2540 1843 Deo
2565 1788 2732 1842 simus
2755 1788 3020 1858 placituri,
3057 1788 3248 1843 melius
3277 1797 3360 1842 est
3404 1789 3573 1843 obire.

1988 1879 2124 1946 Quid
2150 1881 2290 1935 enim
2317 1888 2399 1934 est
2426 1879 2692 1949 amplius?
2712 1879 2836 1948 quid
2866 1879 3162 1948 reliquum?
3193 1893 3295 1933 nou
3325 1878 3572 1934 eumdem

1989 1970 2156 2024 solem
2211 1979 2266 2025 et
2305 1968 2548 2024 eamdem
2597 1969 2774 2023 lunam
2821 1970 3053 2038 quotidie
3105 1970 3410 2024 cernimus?
3461 1986 3568 2023 non

1990 2059 2230 2114 eamdem
2272 2053 2580 2124 biemcm,et
2601 2075 2704 2113 non
2731 2059 2969 2114 eamdem
2987 2060 3252 2114 aestatem?
3270 2075 3372 2113 non
3391 2060 3579 2114 eadem

1993 2149 2239 2222 negotia?
2269 2151 2404 2217 Quid
2453 2161 2524 2204 est
2562 2151 2698 2221 quod
2723 2151 2862 2220 fuit?
2907 2150 2960 2204 id
2989 2151 3120 2220 quod
3158 2151 3268 2204 erit.
3327 2150 3464 2215 Quid
3503 2159 3578 2202 est

1990 2242 2124 2312 quod
2146 2252 2216 2295 est
2244 2243 2470 2312 factum?
2489 2243 2650 2309 ipsum
2670 2243 2803 2312 quod
2831 2243 3056 2309 futurum
3079 2251 3150 2294 est
3180 2239 3396 2311 (Eccles.
3424 2241 3472 2293 l.
3497 2240 3575 2308 9).

1992 2332 2068 2387 Ne
2099 2333 2257 2402 igitur
2298 2332 2480 2386 beatos
2510 2341 2755 2401 putemus
2785 2333 3041 2398 viventes,
3067 2347 3240 2402 neque
3292 2333 3581 2386 morientes

1992 2424 2296 2495 lugeamus;
2329 2422 2424 2477 sed
2452 2424 2502 2476 in
2529 2425 2760 2492 pet-eatis
2797 2422 3135 2488 constitutos,
3177 2422 3294 2476 sive
3323 2422 3578 2480 viventes,

1993 2516 2106 2568 sive
2127 2522 2364 2568 mortuos
2390 2513 2769 2582 deploremus;
2805 2512 2855 2565 in
2882 2511 3088 2581 justitia
3112 2527 3238 2566 vero
3266 2510 3583 2580 ubicumque

1993 2606 2129 2672 sint,
2173 2605 2359 2660 beatos
2389 2605 2772 2659 existimemus.
2803 2605 2883 2658 Tu
2911 2603 3124 2674 quidem
3164 2619 3323 2657 unam
3355 2614 3580 2657 mortem

1995 2697 2252 2754 formidas
2281 2707 2336 2752 et
2361 2698 2546 2768 luges;
2580 2705 2637 2751 at
2665 2696 2858 2751 Paulus
2884 2711 2978 2765 per
3022 2696 3259 2765 singulos
3305 2695 3420 2749 dies
3468 2711 3583 2747 mo-

1996 2789 2159 2855 riens,
2189 2805 2291 2842 non
2316 2797 2517 2842 tantum
2549 2802 2656 2842 non
2706 2787 3053 2858 lacrymabat,
3105 2786 3198 2840 sed
3221 2795 3272 2841 et
3304 2786 3584 2840 laetabatur

1995 2891 2049 2936 et
2068 2881 2381 2936 exsultabat.
2415 2879 2626 2935 Utinam
2656 2889 2710 2934 et
2729 2893 2830 2948 ego
2861 2888 3077 2947 prepter
3104 2878 3267 2931 Deum
3309 2877 3577 2947 periclita-

1995 2990 2102 3036 rer,
2133 2972 2323 3042 inquit,
2343 2982 2396 3026 et
2412 2971 2543 3024 nihil
2565 2985 2832 3026 curarem.
2862 2969 2966 3024 Sed
2991 2985 3162 3038 neque
3183 2982 3322 3022 ntmc
3341 2977 3583 3022 conster—

1997 3065 2312 3119 neris:non
2359 3062 2502 3116 enim
2553 3068 2754 3114 tantum
2801 3059 2888 3129 qui
2917 3068 3133 3128 propter
3176 3060 3340 3113 Deum
3371 3059 3586 3127 patitur,

1998 3155 2206 3210 laudem
2235 3163 2504 3216 meretur;
2529 3152 2621 3206 sed
2646 3160 2700 3206 et
2719 3152 2806 3221 qui
2838 3151 3030 3219 injuste
3051 3149 3336 3220 quidquam
3367 3149 3586 3218 patitur,

1998 3257 2053 3301 et
2078 3260 2337 3316 generose
2370 3244 2490 3308 fert,
2517 3253 2570 3296 et
2603 3245 2708 3295 μεθ
2740 3241 3063 3311 perluittcnti
3093 3241 3288 3309 gratias
3313 3241 3453 3308 agit,
3477 3240 3584 3292 alio

2000 3337 2113 3392 haec
2144 3345 2358 3406 propter
2381 3334 2544 3388 Deum
2567 3333 2796 3401 patiente
2827 3348 2928 3384 non
2951 3341 3034 3385 est
3057 3329 3296 3384 inferior.
3325 3330 3584 3395 Quoniam

2001 3440 2054 3484 et
2107 3428 2293 3481 beatus
2331 3424 2434 3479 Job
2485 3423 2677 3477 multas
2720 3431 2776 3476 et
2805 3421 3160 3475 intolerabiles
3209 3420 3324 3474 illas
3353 3420 3586 3489 plagasa

1999 3517 2213 3572 diabolo
2238 3515 2429 3569 frustra
2459 3523 2513 3567 et
2538 3522 2739 3567 temere
2766 3521 2817 3566 et
2846 3513 2959 3565 sine
2985 3527 3142 3565 causa
3173 3510 3454 3564 insidiante
3481 3526 3578 3563 ex-

2000 3608 2172 3678 cepit;
2204 3605 2298 3660 sed
2323 3614 2501 3658 tamen
2539 3618 2623 3672 qu:
2647 3603 2786 3656 niam
2815 3616 3073 3671 generose
3097 3600 3233 3666 tulit,
3264 3609 3320 3654 et
3343 3600 3452 3654 Deo
3470 3599 3586 3652 ha-e
3626 3587 3633 3592 ’

2004 3697 2326 3768 perinittenti
2347 3695 2544 3765 gratias
2563 3693 2688 3762 egit,
2719 3693 2977 3762 integram
2995 3691 3286 3761 reportavit
3305 3704 3581 3745 coronam.

2067 3787 2206 3841 Mors
2236 3803 2333 3840 non
2361 3784 2678 3840 timenda.——
2722 3783 2797 3837 Ne
2823 3783 2979 3852 igitur
2995 3792 3208 3852 propter
3234 3789 3456 3835 mortem
3487 3784 3584 3834 tri-

2003 3882 2183 3944 stcris,
2233 3887 2436 3932 naturae
2466 3877 2607 3932 enim
2635 3885 2718 3931 est
2751 3894 2764 3930 :
2799 3877 3008 3929 tristare
3038 3883 3253 3944 propter
3277 3882 3548 3942 peceatum
3569 3913 3583 3933 ,

2004 3973 2288 4025 voluntatis
2314 3971 2454 4025 enim
2485 3977 2570 4024 est
2594 3969 2770 4038 culpa.
2798 3969 2853 4024 Si
2891 3983 3016 4023 vero
3053 3977 3269 4038 propter
3304 3966 3583 4021 defunctos

2013 4063 2261 4127 tristaris,
2293 4070 2345 4115 et
2373 4069 2592 4131 propter
2621 4069 2900 4113 nascentes
2925 4059 3047 4112 dole
3078 4075 3090 4110 :
3125 4060 3259 4111 sicut
3299 4057 3441 4112 enim
3491 4057 3591 4109 hoc

2005 4164 2089 4210 est
2117 4163 2340 4218 naturze,
2369 4153 2445 4207 sic
2473 4162 2524 4207 et
2555 4151 2701 4205 illud.
2735 4150 2788 4205 Si
2814 4152 2931 4220 quis
2967 4150 3126 4219 igitur
3151 4157 3378 4202 mortem
3413 4148 3587 4201 mine-

2009 4257 2114 4312 tur,
2142 4246 2226 4300 dic
2253 4245 2352 4314 ipsi
2379 4244 2686 4298 :lnstitutus
2703 4259 2817 4296 sum
2836 4257 2866 4295 a
2887 4241 3098 4296 Christo
3120 4256 3222 4294 non
3243 4240 3360 4294 illos
3375 4241 3588 4303 timere,

2007 4339 2093 4404 qui
2117 4351 2312 4404 corpus
2354 4334 2699 4395 interimunt,
2748 4333 2978 4385 animam
3027 4347 3158 4384 vero
3208 4331 3452 4385 occidere
3499 4345 3592 4384 ne-

2006 4435 2208 4496 queunt
2259 4424 2470 4491 (Matth.
2507 4423 2593 4477 l0.
2635 4423 2751 4491 28).
2804 4420 2858 4476 Si
2881 4420 3250 4480 reifaniiliaris
3272 4420 3591 4490 publicatio-

2009 4535 2131 4573 nem
2185 4519 2434 4583 minetur,
2463 4515 2727 4586 rcsponde
2757 4533 2769 4568 :
2797 4514 2980 4568 Nudus
3007 4513 3136 4567 exivi
3165 4514 3228 4566 de
3249 4522 3390 4566 utero
3416 4513 3594 4566 matria

2008 4625 2150 4673 niue,
2206 4622 2252 4663 et
2293 4608 2462 4660 nudus
2516 4617 2735 4660 revertar
2770 4607 2892 4658 illuc
2932 4602 3052 4676 (Job
3087 4605 3137 4658 1.
3168 4603 3231 4657 21
3265 4603 3283 4674 )
3311 4620 3323 4655 :
3351 4601 3497 4656 Nihil
3540 4604 3593 4656 in

2009 4699 2142 4752 hunc
2167 4699 2408 4750 mundum
2427 4698 2725 4762 intulimus;
2747 4697 2918 4767 palum
2946 4705 3018 4750 est
3049 4696 3184 4765 quod
3214 4711 3303 4748 nec
3326 4704 3594 4766 exportare

2008 4789 2280 4859 quidquam
2305 4789 2575 4857 poterimus
2616 4788 2688 4858 (1.
2710 4785 2845 4840 Tim.
2869 4787 2922 4840 6.
2947 4783 3001 4855 7)
3033 4803 3044 4838 :
3078 4795 3132 4840 et
3157 4786 3200 4839 si
3235 4796 3287 4839 tu
3318 4800 3422 4840 non
3463 4787 3590 4840 aias-

2011 4883 2218 4943 tuleris,
2274 4896 2419 4935 mors
2462 4880 2845 4956 superveniens
2877 4877 3102 4942 auferet,
3130 4878 3244 4931 etsi
3276 4887 3329 4932 tu
3355 4894 3460 4932 non
3501 4876 3592 4946 ju-

2009 4973 2292 5042 gulaveris,
2319 4980 2517 5025 natura:
2541 4973 2623 5024 lex
2651 4970 2811 5023 finem
2837 4968 3047 5023 afferet.
3073 4968 3207 5022 Nihil
3228 4968 3384 5039 igitur
3405 4983 3590 5022 eorum

2012 5067 2312 5129 timeamus,
2337 5079 2454 5132 qum
2485 5063 2638 5116 nobis
2666 5071 2852 5115 natura
2892 5060 3209 5123 afferuntur,
3241 5059 3334 5114 sed
3359 5060 3443 5112 illa
3473 5075 3591 5128 qum

2009 5175 2074 5212 ex
2103 5158 2240 5210 mala
2279 5157 2432 5210 nobis
2470 5155 2785 5224 proveniunt
2809 5153 3076 5206 voluntate
3107 5152 3230 5206 :illa
3269 5153 3409 5206 enim
3439 5152 3594 5206 nobis

2011 5266 2222 5320 pmnam
2244 5249 2454 5319 pariunt
2479 5265 2493 5303 :
2516 5247 2722 5316 hocque
2749 5245 3040 5312 cogitemus
3056 5243 3306 5296 continue
3323 5243 3371 5294 in
3389 5241 3453 5296 iis
3471 5258 3590 5309 qua:

2012 5344 2162 5396 nobis
2189 5342 2541 5409 inex5peetata
2570 5338 2832 5401 accidunt,
2860 5335 2999 5404 quod
3030 5350 3134 5389 neu
3161 5335 3592 5403 corrigemusilla

2011 5433 2283 5494 dolentes,
2315 5441 2368 5485 et
2393 5431 2576 5484 dolere
2619 5430 2922 5484 desinemus
2951 5442 2966 5479 ι
2999 5437 3053 5480 et
3103 5435 3291 5490 praeter
3321 5425 3422 5480 hoc
3460 5425 3592 5480 illud

2010 5539 2240 5594 quoque,
2273 5539 2369 5576 nos
2392 5524 2433 5576 si
2463 5523 2586 5592 quid
2613 5522 2803 5591 injuste
2831 5522 2880 5573 in
2915 5519 3159 5589 prtesenti
3208 5520 3434 5587 patimur
3459 5519 3590 5584 vita,

2009 5615 2172 5668 multa
2197 5625 2409 5682 peccata
2447 5613 2756 5667 dissolvere.
2784 5610 2982 5664 Idcirco
3008 5624 3254 5678 magnum
3285 5609 3486 5662 bonum
3513 5621 3593 5663 est

2010 5706 2096 5760 hic
2125 5707 2272 5760 luere
2299 5713 2532 5774 peccata,
2564 5714 2616 5757 et
2644 5718 2746 5757 non
2769 5702 2876 5757 illic
2900 5718 2912 5754 :
2932 5701 3127 5754 ctenim
3154 5699 3407 5756 divesille
3431 5715 3593 5771 grave

2016 5798 2142 5852 nihil
2161 5796 2379 5866 recepit,
2408 5803 2461 5851 et
2490 5803 2768 5865 propterea
2814 5792 2922 5848 illic
2951 5790 3307 5861 torquebatur.
3343 5793 3410 5848 Et
3456 5797 3598 5867 quod
