4072 6384
400 314 465 373 89
1318 320 1410 374 AD
1449 319 1769 376 POPULUM
1808 319 2295 377 ANTIOCIIENUM
2360 320 2588 377 HOMIL.
2630 321 2718 378 Vl.
3606 323 3674 378 90

400 442 619 497 rannos,
636 444 791 503 reges
817 439 872 487 et
896 431 1165 502 principes
1186 433 1599 503 prmtermittens
1640 435 1729 502 qui
1753 433 1851 488 sibi
1881 448 1981 503 pa-

399 532 637 585 ruerant,
655 531 762 577 tres
791 523 1029 592 captivos
1057 532 1112 578 et
1133 538 1333 589 servos,
1364 524 1453 594 qui
1475 524 1805 596 tyrannidem
1832 540 1982 578 suam

396 628 846 685 contempserant,
874 618 1164 673 admiratus
1211 628 1309 673 est.
1342 619 1455 673 Non
1487 619 1627 673 enim
1658 618 1986 673 contenden-

393 718 513 769 tes.
565 708 659 762 sed
708 709 1143 778 philosophantes
1186 710 1302 765 haec
1349 710 1613 778 agebant,
1666 726 1838 779 neque
1889 725 1984 779 per

395 802 776 869 arrogantiam,
813 801 906 855 sed
954 818 1049 871 per
1094 803 1403 871 religionem
1436 819 1448 853 :
1482 817 1588 857 non
1634 802 1880 871 superbia
1905 803 1983 857 in-

389 890 524 953 ﬂati,
554 891 648 947 sed
676 893 795 946 zelo
825 894 993 960 igniti.
1019 893 1265 963 Magnum
1289 896 1484 949 etenim
1506 894 1702 948 bonum
1732 896 1782 948 in
1813 895 1979 949 Deum

394 997 612 1050 sperare
645 1002 658 1036 :
717 985 863 1053 quod
890 984 1101 1053 quidem
1124 995 1177 1041 et
1200 984 1459 1040 barbarus
1505 986 1898 1049 animadvertit,
1924 995 1983 1042 et

392 1071 768 1127 demonstrans
796 1088 890 1128 eos
916 1074 1039 1128 inde
1066 1074 1351 1130 imminens
1380 1075 1628 1145 eﬂ‘ugisse
1663 1077 1976 1146 periculum,

393 1162 740 1232 proclamavit
771 1182 785 1219 :
817 1164 1066 1232 Quoniam
1092 1167 1409 1235 conﬁderunt
1434 1167 1487 1221 in
1512 1184 1588 1222 ea.

464 1256 515 1310 6.
551 1255 673 1311 llaec
701 1265 877 1311 autem
909 1273 1051 1311 nunc
1083 1258 1223 1323 dico,
1256 1266 1309 1311 et
1336 1272 1525 1312 omnes
1559 1273 1788 1327 excerpo
1815 1258 1978 1313 histo-

390 1348 518 1413 rias,
553 1349 818 1418 inquibus
857 1352 1179 1419 tentatioues
1222 1360 1278 1404 et
1303 1366 1574 1417 :erumnae,
1597 1362 1651 1406 et
1678 1366 1862 1421 regum
1886 1352 1978 1406 ira:

390 1447 447 1492 et
472 1438 676 1493 insidiae
700 1447 861 1503 sunt,
900 1450 957 1495 ut
982 1440 1115 1494 nihil
1148 1441 1447 1509 timeamus,
1482 1442 1582 1495 nisi
1614 1443 1977 1498 tantummodo

393 1530 557 1585 Deum
581 1531 871 1587 oll‘endere.
900 1534 1108 1588 Etenim
1133 1543 1187 1589 et
1216 1544 1340 1589 tunc
1371 1536 1552 1589 fornax
1575 1551 1796 1591 accensa
1825 1546 1971 1602 erat;

390 1622 465 1675 illi
493 1638 620 1676 vero
648 1623 784 1677 hanc
812 1624 1026 1694 quidem
1069 1637 1523 1695 contempserunt,
1562 1637 1835 1697 peccatum
1882 1644 1975 1683 au-

391 1724 497 1766 tem
530 1713 817 1768 timuerunt
849 1732 862 1768 :
890 1726 1150 1770 noverant
1180 1718 1326 1771 enim
1369 1733 1429 1773 se
1472 1719 1720 1774 incensos
1758 1719 1974 1790 quidem

391 1805 522 1860 nihil
552 1822 713 1875 grave
752 1823 1002 1876 passuros
1047 1824 1187 1873 esse,
1229 1811 1388 1879 impie
1423 1826 1549 1866 vero
1585 1821 1833 1882 agentes,
1876 1828 1975 1869 ex-

387 1906 557 1951 trema
585 1898 876 1954 subituros.

462 1988 740 2043 Peccatum
781 1992 947 2061 ipsum
987 2011 1226 2065 magnum
1271 1997 1596 2067 supplicium.
1624 2027 1697 2039 —-
1728 1997 1970 2066 Magnum

386 2080 531 2135 enim
566 2082 882 2152 supplicium
921 2100 1180 2153 peccare,
1226 2087 1387 2141 etiam
1429 2088 1470 2142 si
1500 2103 1605 2143 non
1651 2090 1967 2157 puniamur:

385 2172 523 2225 sicut
546 2184 600 2228 et
636 2175 898 2229 maximus
929 2177 1134 2244 honor,
1180 2180 1409 2234 maxima
1455 2182 1808 2251 tranquillitas
1848 2197 1969 2236 cum

384 2265 581 2319 virtute
608 2266 821 2333 vivere,
856 2268 1062 2322 etiamsi
1093 2271 1395 2338 puniamur.
1423 2271 1645 2327 Peccata
1689 2273 1829 2326 enim
1875 2287 1972 2326 nos

384 2369 414 2404 a
445 2353 555 2409 Deo
589 2366 862 2425 separant,
896 2359 1035 2412 sicut
1082 2369 1138 2413 et
1175 2361 1287 2429 ipse
1330 2362 1499 2416 dicit:
1545 2361 1729 2415 Nonne
1769 2373 1971 2430 peccata

340 2506 351 2513 ι
380 2458 553 2501 vestra
589 2460 827 2519 separant
856 2452 985 2504 inter
1024 2467 1111 2505 vos
1136 2461 1183 2506 et
1221 2470 1300 2506 me
1347 2452 1496 2520 (Isai.
1529 2455 1620 2509 59.
1660 2453 1755 2524 2)?
1797 2470 1970 2524 ptentn

383 2553 513 2593 vero
542 2555 637 2593 nos
664 2540 729 2594 ad
759 2542 923 2595 Deum
956 2543 1249 2611 perducunt
1279 2562 1290 2596 :
1327 2544 1497 2613 inquit
1524 2545 1687 2605 enim,
1718 2543 1801 2597 Da
1827 2546 1969 2599 nobis

378 2644 579 2695 pacem,
625 2632 793 2683 omnia
840 2633 971 2684 enim
1010 2634 1282 2687 retribuisti
1318 2635 1460 2689 nobis
1485 2635 1746 2707 (lsai.‘26.
1770 2636 1875 2696 12).
1910 2633 1967 2688 Si

384 2722 503 2789 quis
530 2722 725 2777 vulnus
757 2724 969 2789 habeat,
1002 2725 1126 2794 quid
1165 2728 1355 2781 timere
1380 2736 1611 2796 oportet,
1642 2727 1867 2789 saniem,
1900 2741 1965 2779 an

377 2813 577 2867 medici
617 2815 943 2869 seetiunem?
979 2814 1202 2882 ferrum,
1236 2833 1302 2872 an
1342 2819 1535 2873 ulceris
1562 2818 1967 2888 depastiouem?

380 2902 665 2959 Peccatum
695 2907 871 2961 sanies
895 2917 978 2961 est
1007 2930 1020 2962 :
1046 2924 1203 2976 paena
1235 2909 1431 2963 ferrum
1455 2909 1789 2965 mediciuale.
1816 2909 1968 2965 Sicut

387 2996 545 3064 gitur
562 2997 650 3065 qui
675 3000 875 3051 saniem
904 2999 1084 3064 habet,
1107 3000 1205 3053 etsi
1227 3015 1332 3053 non
1354 3010 1584 3067 secetur,
1614 3003 1752 3056 male
1772 3002 1963 3057 habet:

384 3098 435 3140 et
468 3102 590 3141 cum
618 3104 721 3142 non
750 3101 983 3156 secatur,
1018 3100 1141 3145 tunc
1171 3100 1254 3145 est
1279 3092 1331 3145 in
1357 3092 1648 3161 majoribus
1677 3094 1867 3147 malis:
1896 3095 1967 3148 ita

376 3182 473 3248 qui
503 3191 709 3249 peccat,
752 3182 858 3235 etsi
900 3197 1004 3235 non
1035 3183 1574 3255 puniatur,omnium
1604 3192 1687 3238 est
1729 3185 1967 3239 miserri-

386 3288 544 3327 mus:
586 3281 641 3326 et
671 3282 797 3328 tunc
830 3276 1067 3329 maxime
1108 3275 1291 3341 miser,
1340 3291 1463 3330 cum
1508 3290 1612 3330 non
1651 3277 1891 3346 punitur,
1914 3286 1969 3331 et

384 3377 547 3431 grave
572 3362 705 3416 nihil
734 3364 951 3432 patitur.
982 3364 1049 3418 Et
1074 3365 1211 3420 sicut
1238 3366 1424 3435 splene
1450 3375 1504 3420 et
1532 3367 1794 3421 intercute
1815 3367 1965 3421 labo-

378 3461 597 3514 rantes,
620 3468 738 3507 cum
766 3455 909 3525 larga
932 3455 1176 3510 fruuntur
1199 3471 1405 3524 mensa,
1434 3466 1489 3511 et
1512 3455 1701 3527 frigida
1731 3457 1963 3525 potione,

381 3555 438 3599 et
483 3545 727 3599 delicatis
765 3547 1067 3617 sapidisque
1115 3547 1352 3613 ferculis,
1390 3558 1516 3602 tunc
1555 3548 1819 3617 praecipue
1851 3563 1967 3602 om-

384 3637 531 3690 nium
558 3645 683 3691 sunt
722 3638 1040 3702 miserrimi,
1071 3638 1279 3694 deliciis
1307 3638 1554 3693 morbum
1595 3649 1850 3709 augentes
1876 3655 1889 3691 :
1922 3638 1967 3692 si

390 3744 518 3784 vero
557 3730 643 3784 siti
686 3738 742 3783 et
786 3729 925 3784 fame
950 3730 1241 3785 secundum
1288 3730 1614 3785 medicorum
1661 3730 1804 3799 leges
1846 3744 1969 3784 eru-

390 3821 620 3886 cientur,
648 3821 879 3890 aliquam
909 3821 1097 3876 salutis
1122 3835 1272 3891 Spem
1302 3821 1500 3876 habent
1530 3839 1542 3874 :
1572 3822 1649 3875 sic
1688 3832 1745 3874 et
1776 3820 1826 3873 in
1864 3819 1966 3873 ini-

380 3913 589 3981 quitate
620 3912 880 3978 viventes,
924 3913 966 3966 si
995 3913 1281 3982 puniantur
1308 3912 1545 3982 quidem,
1583 3911 1775 3965 bonam
1816 3925 1967 3980 spem

389 4004 619 4069 habent,
671 4004 717 4057 si
755 4019 889 4058 vero
935 4020 1052 4059 cum
1091 4005 1366 4074 iniquitate
1412 4006 1621 4060 licentia
1664 4015 1718 4059 et
1767 4004 1970 4059 deliciis

384 4097 654 4163 fruantur,
704 4097 944 4169 hydrope
979 4099 1346 4153 laborantibus
1389 4099 1546 4152 simul
1596 4107 1649 4151 et
1684 4097 1967 4166 crapulau-

390 4188 531 4241 tibus
559 4198 684 4242 sunt
709 4190 874 4243 multo
901 4189 1228 4253 miseriores,
1262 4200 1315 4243 et
1362 4199 1510 4243 tanto
1556 4190 1745 4259 magis,
1770 4199 1969 4259 quanto

383 4295 614 4349 corpore
643 4280 831 4333 melior
857 4289 938 4335 est
963 4282 1159 4334 anima.
1191 4280 1246 4334 Si
1279 4281 1484 4350 aliquos
1514 4281 1672 4351 igitur
1701 4282 1751 4334 in
1782 4280 1968 4334 iisdem

386 4386 509 4425 esse
536 4372 768 4441 peccatis
796 4371 1025 4438 videris,
1058 4381 1113 4426 et
1141 4373 1237 4426 hos
1263 4373 1478 4441 quidem
1517 4371 1656 4427 fame
1694 4373 1967 4436 continua,

386 4471 446 4514 et
476 4461 768 4515 innumeris
816 4463 969 4516 malis
1012 4463 1314 4518 laborantes
1336 4505 1349 4527 ,
1397 4464 1496 4518 hos
1521 4477 1648 4518 vero
1692 4464 1966 4529 ebriosos,

382 4556 710 4623 gaudentes,
742 4565 797 4610 et
826 4557 1163 4626 crapulautes
1184 4600 1197 4622 ,
1239 4573 1333 4612 eos
1359 4558 1449 4628 qui
1478 4560 1655 4628 gravia
1700 4559 1972 4628 patiantur

388 4645 653 4700 licatiores
674 4655 818 4715 puta.
850 4647 1060 4701 Etenim
1086 4648 1457 4703 delectationis
1484 4651 1695 4703 ﬂamma
1724 4651 1805 4704 his
1834 4666 1972 4704 :eru-

386 4736 529 4789 mnis
542 4736 895 4803 interciditur,
914 4748 967 4793 et
986 4740 1122 4808 apud
1143 4740 1375 4794 futurum
1396 4740 1651 4811 judicium
1668 4751 1723 4796 et
1738 4742 1973 4797 terribile

392 4825 619 4882 tribunal
644 4828 770 4881 illud
807 4846 912 4882 non
947 4845 1131 4899 parum
1160 4832 1543 4886 consolationis
1574 4832 1846 4903 capientes
1874 4834 1973 4886 mi-

389 4920 687 4988 grant,quia
703 4920 862 4974 multa
878 4931 1092 4989 peccata
1106 4923 1229 4977 vita:
1241 4924 1396 4993 hujus
1407 4924 1658 4978 aerumnis
1669 4925 1968 4993 expiarunt.

465 5012 716 5066 Adversus
736 5015 1030 5083 juramenta
1055 5030 1146 5086 pro
1163 5033 1301 5071 more
1325 5017 1757 5086 (aquilam—Sed
1778 5032 1971 5071 conso-

392 5103 601 5157 lationis
630 5105 760 5159 satis
786 5124 799 5158 :
828 5106 938 5175 jam
977 5109 1132 5163 nobis
1159 5109 1410 5179 deinceps
1438 5120 1648 5179 tempus
1680 5120 1761 5165 est
1795 5110 1861 5164 ad
1889 5110 1970 5164 fu-

390 5193 704 5261 giendorum
725 5198 1070 5252 munitionem
1094 5198 1514 5268 jurameuturum
1548 5200 1889 5267 transeundi,
1918 5211 1973 5255 et.

390 5284 608 5338 tollendi
639 5289 1037 5343 excusationem
1059 5329 1073 5354 ,
1105 5305 1223 5359 qua:
1244 5291 1548 5360 jurantibus
1578 5307 1698 5347 esse
1723 5292 1966 5357 videtur,

394 5375 637 5444 frigidam
665 5386 720 5430 et
749 5378 1013 5433 inutilem.
1046 5381 1256 5436 Etenim
1286 5398 1405 5437 cum
1443 5384 1588 5453 ipsos
1623 5398 1967 5447 accusamus,

391 5470 524 5524 alios
554 5471 709 5525 nobis
736 5471 876 5527 idem
925 5473 1180 5528 facientes
1218 5475 1508 5543 objiciunt,
1536 5484 1589 5529 et
1616 5476 1801 5530 dicunt
1831 5492 1844 5527 :
1878 5475 1971 5529 Ille

390 5564 553 5619 etille
566 5564 769 5633 jurant.
799 5565 1045 5620 Dicamus
1072 5566 1227 5636 igitur
1249 5566 1378 5637 ipsis
1402 5586 1414 5621 :
1443 5567 1550 5623 Sed
1573 5568 1662 5623 ille
1683 5583 1787 5622 non
1802 5567 1965 5637 jurat,

392 5656 533 5709 licus
556 5664 735 5711 autem
752 5671 939 5711 eorum
966 5658 1061 5728 qui
1087 5667 1231 5713 recte
1251 5668 1493 5730 egerunt,
1517 5660 1967 5732 comparationem

394 5750 531 5802 inter
570 5746 912 5818 iudicandum
955 5748 1201 5818 profert:
1234 5764 1356 5805 nam
1387 5759 1695 5821 peccatores
1737 5765 1831 5806 eos
1876 5750 1965 5819 qui

714 5845 976 5904 Parnon.
1024 5845 1140 5903 Gn.
1194 5846 1242 5902 .\
1261 5846 1322 5901 LI
1342 5850 1409 5903 .\'.

2097 440 2318 502 peccant
2343 433 2661 489 delictorum
2691 434 3179 491 communicatione
3208 449 3311 489 non
3337 435 3558 504 juvant,
3586 436 3677 502 qui

2092 540 2219 579 vero
2249 534 2394 580 recte
2434 527 2649 591 vivunt,
2690 536 3003 597 peccatores
3046 527 3424 583 condemnant.
3468 527 3676 581 Etenim

2089 614 2179 682 qui
2237 613 2509 670 Christum
2566 632 2674 672 non
2729 617 3070 682 cibaverant,
3122 632 3295 688 neque
3364 626 3678 686 potaveraut

2089 706 2301 772 (Matth.
2347 707 2436 764 25.
2491 710 2605 780 55),
2647 709 2799 764 multi
2851 720 3005 763 erant
3050 726 3064 763 :
3119 704 3214 764 sed
3267 708 3399 763 nihil
3437 708 3539 763 sibi
3588 707 3674 761 iu-

2089 798 2257 853 vicem
2320 802 2630 870 profuerunt
2679 819 2692 853 :
2747 802 2885 856 sicut
2932 816 3105 871 neque
3151 803 3385 873 virgines
3438 802 3676 871 quinque

2086 890 2253 945 altera
2306 892 2373 945 ab
2438 892 2607 946 altera
2670 893 2831 945 ullam
2896 892 3209 947 invenerunt
3269 893 3521 958 veniam,
3577 892 3669 946 scd

2084 999 2195 1052 prze
2237 985 2322 1050 iis,
2366 987 2453 1055 qui
2499 995 2646 1040 recte
2689 1002 2747 1041 se
2780 996 3082 1056 gesserunt,
3126 996 3181 1040 et
3218 986 3301 1040 hae
3346 994 3401 1040 et
3436 986 3510 1040 illi
3531 999 3666 1040 con-

2084 1076 2319 1131 demnati
2343 1090 2396 1132 et
2424 1079 2593 1147 puniti
2620 1087 2764 1134 sunt.
2802 1078 2884 1131 Ab
2921 1078 3019 1132 hac
3048 1079 3204 1148 igitur
3234 1078 3418 1147 frigida
3446 1091 3670 1133 excusa-

2086 1170 2231 1222 tione
2251 1169 2479 1231 liberati.
2506 1185 2573 1224 ne
2599 1170 2777 1239 lapsos
2800 1170 3170 1239 respiciamus,
3204 1168 3298 1223 sed
3326 1178 3469 1223 recte
3495 1184 3553 1223 se
3573 1182 3669 1238 ge-

2085 1269 2290 1327 rentes,
2322 1270 2374 1315 et
2404 1261 2709 1316 Studeamus
2750 1259 3026 1330 praesentis
3050 1259 3237 1330 jejunii
3262 1268 3668 1313 monumentum

2081 1351 2301 1406 referre.
2346 1351 2413 1406 Et
2448 1353 2585 1406 sicut
2630 1366 3000 1421 sazpenumero
3040 1353 3418 1404 vestimentum
3463 1349 3665 1418 adepti,

2082 1443 2167 1497 vel
2209 1458 2442 1508 servum,
2483 1445 2569 1498 vel
2599 1459 2691 1497 vas
2720 1442 3034 1513 pretiosum,
3071 1441 3327 1510 temporis
3369 1440 3666 1495 reminisci-

2082 1550 2232 1601 mur,
2262 1545 2317 1589 et
2344 1545 2529 1589 mutuo
2558 1535 2821 1589 dicimus:
2862 1534 3085 1589 Servum
3128 1533 3277 1587 illum
3326 1532 3418 1585 tali
3463 1531 3664 1585 solem—

2081 1630 2244 1683 nitate
2260 1630 2386 1694 emi,
2411 1632 2786 1684 vestimentum
2818 1628 2920 1683 hoc
2944 1628 3032 1681 tali
3054 1626 3362 1695 comparavi
3385 1634 3624 1693 tempore
3645 1642 3661 1677 :

2079 1718 2151 1773 ita
2179 1734 2388 1790 quoque
2425 1721 2469 1775 si
2507 1721 2676 1791 legem
2732 1720 2868 1774 hanc
2909 1718 3337 1789 impleverimus,
3383 1716 3660 1771 dicemus:

2078 1810 2446 1865 Juramentum
2502 1812 2600 1865 hac
2643 1812 2854 1866 correxi
2904 1810 3354 1879 Quadragesima;
3400 1808 3661 1862 hactenus

2077 1902 2217 1957 enim
2253 1902 2520 1971 jurabam,
2550 1911 2606 1957 et
2643 1904 2753 1957 sola
2792 1902 3153 1956 admonitione
3194 1898 3371 1953 audita
3394 1940 3407 1963 ,
3445 1908 3663 1967 peccato

2077 1995 2326 2050 abstinui.
2353 1994 2458 2049 Sed
2508 2010 2593 2049 res
2637 2004 2720 2048 est
2758 2002 3001 2048 correctu
3042 1990 3274 2045 difﬁcilis
3307 1988 3656 2051 consuetudo.

2077 2089 2205 2144 Novi
2226 2100 2281 2145 et
2306 2105 2425 2160 ego,
2453 2097 2508 2144 et
2532 2097 2813 2159 propterea
2840 2086 3035 2141 festino
3060 2100 3155 2139 vos
3187 2085 3240 2138 in
3259 2083 3414 2136 aliam
3437 2096 3662 2136 consue-

2079 2180 2312 2235 tudinem
2340 2181 2534 2245 bonam
2564 2189 2619 2235 et
2659 2181 2862 2233 lucrum
2899 2179 3182 2232 habentem
3220 2176 3494 2229 inducere.
3522 2173 3657 2229 Cum

2074 2274 2218 2327 enim
2283 2272 2520 2336 dixeris,
2592 2272 2811 2327 difﬁcile
2868 2286 2898 2325 a
2963 2268 3350 2325 consuetudine
3420 2265 3651 2328 desisto,

2040 2362 2355 2433 propterea
2414 2364 2677 2419 desistere
2742 2362 2960 2428 labora,
3011 2368 3160 2416 certo
3221 2359 3433 2424 sciens,
3512 2356 3656 2426 quod

2074 2454 2118 2509 si
2164 2455 2256 2508 tibi
2297 2454 2454 2508 aliam
2510 2470 2616 2508 non
2675 2452 2893 2524 jurandi
2953 2451 3396 2507 consuetudinem
3450 2448 3657 2503 indixe-

2073 2545 2181 2610 ris,
2235 2545 2432 2598 nullius
2478 2544 2676 2599 laboris
2718 2544 2949 2613 amplius
3002 2542 3280 2612 indigebis.
3332 2540 3469 2608 Quid
3514 2538 3657 2594 difﬂ-

2066 2637 2247 2703 cilius,
2286 2652 2390 2691 non
2418 2638 2620 2707 jurare,
2652 2652 2717 2690 an
2748 2652 2842 2706 per
2881 2647 3048 2690 totum
3076 2636 3216 2689 diem
3266 2635 3497 2688 inediam
3550 2632 3657 2703 pati

2071 2737 2125 2780 et
2152 2742 2301 2796 aqua:
2343 2738 2466 2797 potu
2492 2737 2549 2782 et
2584 2729 2727 2782 tenui
2764 2728 2903 2781 victu
2947 2724 3413 2780 siccariYCertum
3436 2732 3519 2779 est
3554 2724 3657 2778 hoc

2072 2818 2163 2872 illo
2191 2820 2401 2888 gravius
2428 2834 2581 2884 esse;
2610 2819 2704 2874 sed
2738 2828 2915 2873 tamen
2954 2818 3282 2872 consuetudo
3322 2833 3412 2872 res
3440 2826 3523 2872 est
3549 2825 3655 2871 tam

2070 2909 2240 2964 facilis
2268 2919 2322 2964 et
2347 2911 2612 2980 expedita,
2640 2922 2700 2966 ut
2726 2910 3043 2965 adveniente
3066 2911 3301 2981 jejunio,
3333 2912 3432 2965 etsi
3464 2911 3658 2966 millies

2071 3000 2189 3069 quis
2214 2999 2557 3067 exhortetur,
2599 3009 2651 3055 et
2684 3010 2838 3071 cogat
2880 3001 3059 3054 vinum
3099 3000 3360 3067 delibare,
3391 3001 3476 3055 vel
3513 3000 3655 3054 aliud

2070 3090 2192 3159 quid
2216 3091 2401 3160 jejunii
2434 3092 2550 3161 lege
2577 3108 2680 3146 non
2711 3106 3023 3147 concessum
3048 3100 3283 3161 gustare,
3325 3091 3501 3145 omnia
3539 3090 3657 3159 quis

2070 3182 2253 3235 mallet
2281 3182 2407 3249 pati,
2440 3198 2596 3250 quam
2628 3182 2948 3252 prohibitum
2976 3196 3188 3235 sumere
3228 3180 3612 3235 nutrimentum
3640 3197 3653 3232 :

2070 3284 2123 3327 et
2162 3272 2261 3327 hoc
2286 3288 2405 3327 cum
2430 3289 2533 3327 non
2565 3274 2830 3328 illibcnter
2849 3288 2975 3343 erga
2998 3286 3235 3327 mensam
3266 3270 3441 3325 aﬂ‘ecti
3465 3271 3653 3332 simus,

2070 3375 2245 3419 tamen
2281 3374 2498 3435 propter
2539 3364 2978 3419 consuetudinem
3020 3379 3087 3417 ex
3113 3363 3434 3418 conscientia
3475 3362 3655 3415 omnia

2069 3472 2327 3526 generose
2357 3456 2573 3510 ferimus
2597 3455 2903 3509 laborando.
2949 3454 3060 3508 Hoc
3079 3454 3324 3507 nimirum
3342 3463 3397 3507 et
3429 3452 3480 3506 in
3506 3452 3655 3522 jura-

2071 3549 2265 3603 mentis
2293 3548 2431 3601 erit:
2463 3559 2518 3602 et
2554 3548 2692 3601 sicut
2721 3562 2895 3615 nunc,
2927 3546 2972 3601 si
3009 3547 3127 3616 quis
3168 3547 3327 3601 etiam
3372 3545 3654 3599 maximam

2072 3641 2443 3695 necessitatem
2470 3641 2743 3711 imponat,
2768 3654 3050 3710 permanes
3083 3638 3517 3693 consuetudinem
3545 3652 3659 3691 ser-

2070 3746 2200 3785 vans
2239 3749 2253 3784 :
2283 3732 2361 3786 sic
2401 3741 2455 3786 et
2481 3741 2627 3798 tunc,
2661 3733 2706 3786 si
2744 3733 2863 3801 quis
2899 3732 3059 3784 etiam
3094 3731 3289 3785 millies
3325 3730 3655 3789 exhortetur.

2071 3838 2099 3876 a
2127 3822 2512 3878 consuetudine
2536 3838 2639 3877 non
2663 3822 2908 3877 absistes.

2149 3915 2202 3967 '7.
2229 3914 2457 3967 Domum
2500 3914 2658 3984 igitur
2706 3912 2992 3983 profectus,
3027 3913 3273 3967 omnibus
3309 3912 3426 3967 hmc
3468 3912 3657 3968 some-

2072 4007 2220 4061 sticis
2244 4006 2462 4074 loquere
2493 4025 2506 4059 :
2538 4014 2593 4059 et
2620 4007 2757 4059 sicut
2782 4020 2926 4075 saepe
2947 4005 3097 4058 multi
3125 4021 3195 4059 ex
3228 4014 3380 4074 prato
3406 4005 3661 4059 receden-

2074 4105 2176 4159 tes,
2206 4112 2382 4150 rosam
2416 4096 2501 4150 vel
2543 4096 2731 4149 violam
2775 4097 2860 4150 vel
2896 4097 3197 4165 quempiam
3242 4095 3425 4149 talium
3466 4096 3658 4149 ﬂorum

2072 4188 2309 4256 capiunt,
2338 4196 2392 4241 et
2418 4186 2599 4257 digitis
2624 4186 3061 4241 circumferentes
3086 4185 3346 4239 recedunt
3376 4204 3388 4238 :
3418 4185 3506 4239 alii
3534 4200 3659 4239 vero

2074 4294 2140 4333 ex
2162 4278 2412 4332 viridario
2434 4278 2651 4332 domum
2673 4278 2949 4344 abeuntes,
2973 4277 3223 4331 arborum
3246 4291 3424 4331 ramos
3454 4275 3658 4330 fructus

2077 4370 2332 4425 habentes
2382 4378 2660 4438 reportant
2706 4388 2718 4423 :
2772 4369 2862 4422 alii
2916 4383 3128 4422 rursum
3179 4384 3208 4421 a
3262 4368 3420 4422 lautis
3465 4367 3655 4430 cumis,

2075 4476 2272 4515 mensa:
2303 4460 2554 4529 reliquias
2576 4460 2891 4513 necessariis
2919 4458 3028 4513 suis
3056 4457 3293 4512 referunt
3317 4476 3330 4511 :
3364 4458 3439 4512 sic
3475 4458 3659 4527 utique

2074 4564 2128 4609 et
2171 4563 2224 4607 tu
2270 4552 2394 4607 hinc
2446 4551 2726 4614 recedens,
2768 4550 3185 4604 admonitionem
3233 4558 3445 4620 reporta
3499 4549 3655 4612 filiis,

2078 4648 2249 4710 uxori,
2284 4645 2604 4701 necessariis
2630 4643 2895 4697 omnibus.
2929 4641 3056 4696 Haec
3090 4643 3231 4695 enim
3263 4641 3573 4705 admonitio,
3606 4652 3660 4696 ct

2076 4749 2248 4809 prato,
2272 4748 2329 4793 et
2368 4737 2643 4803 viridario,
2690 4746 2745 4790 et
2773 4749 2957 4789 mensa
2995 4734 3177 4789 utilior
3221 4744 3340 4790 est:
3382 4736 3464 4789 ha:
3500 4754 3659 4790 num-

2075 4849 2234 4902 quam
2255 4847 2390 4886 rosm
2411 4837 2767 4895 marcescunt,
2796 4829 2849 4883 hi
2869 4843 3155 4897 numquam
3178 4827 3416 4882 deﬂuunt
3437 4826 3659 4896 fruetus,

2078 4922 2193 4977 haec
2218 4937 2501 4990 numquam
2530 4920 2728 4975 fercula
2756 4927 3171 4987 corrumpuntur
3195 4935 3206 4969 :
3236 4926 3291 4972 et
3311 4932 3385 4972 ex
3415 4919 3517 4973 illis
3547 4920 3664 4988 qui-

2078 5016 2196 5067 dem
2230 5012 2536 5082 temporalis
2572 5010 2877 5071 delectatio.
2904 5025 2967 5063 ex
3010 5009 3093 5063 his
3117 5024 3245 5063 vero
3274 5010 3523 5062 continua
3554 5011 3661 5062 uti-

2078 5105 2227 5168 litas,
2270 5119 2375 5156 non
2415 5110 2615 5155 tantum
2654 5110 2931 5170 postquam
2977 5099 3263 5167 adimpleta
3307 5099 3524 5163 fuerint,
3570 5100 3662 5151 sed

2077 5198 2237 5250 etiam
2265 5197 2390 5248 dum
2426 5195 2799 5263 adimplentur.
2832 5190 3014 5261 Cogita
3053 5194 3197 5246 enim
3241 5193 3397 5260 quale
3436 5200 3538 5255 est,
3576 5207 3662 5243 re-

2082 5288 2237 5356 liquis
2258 5286 2505 5339 omnibus
2531 5285 2744 5339 omissis
2770 5283 2994 5353 publicis
3018 5292 3071 5337 et
3097 5283 3339 5353 privatis,
3373 5281 3441 5335 de
3468 5280 3661 5334 divinis

2079 5393 2291 5447 semper
2319 5377 2523 5447 legibus
2560 5377 2856 5441 disserere,
2885 5385 2938 5431 et
2966 5376 3030 5429 ad
3061 5389 3319 5438 mensam,
3353 5385 3406 5427 et
3441 5375 3492 5426 in
3527 5373 3659 5437 foro,

2075 5483 2131 5527 et
2170 5473 2223 5525 in
2248 5472 2368 5525 aliis
2406 5470 2811 5525 conventiculis.
2840 5469 2896 5524 Si
2927 5470 3009 5522 his
3052 5481 3321 5529 vacemus,
3353 5465 3484 5520 nihil
3511 5466 3658 5521 dice-

2076 5581 2193 5620 mus
2220 5565 2603 5637 periculosum,
2633 5563 2765 5618 nihil
2801 5563 3039 5626 noxium,
3074 5576 3174 5615 nec
3220 5559 3368 5614 lnviti
3412 5558 3659 5630 peccabi-

2076 5672 2227 5723 mus;
2257 5657 2353 5711 sed
2377 5665 2433 5711 et
2455 5656 2769 5710 imminente
2790 5654 2999 5709 tristitia
3021 5650 3455 5707 sermocinationi
3487 5648 3552 5704 de
3576 5649 3656 5702 his

2076 5756 2345 5816 vacantes,
2370 5749 2600 5802 animam
2631 5747 2855 5801 liberare
2877 5744 3192 5816 poterimus,
3213 5742 3375 5797 missa
3396 5757 3521 5797 cura
3553 5740 3659 5804 illa,

3281 5836 3317 5894 6
