4072 6384
448 300 507 354 9|
1176 299 1232 354 S.
1274 298 1553 356 .IOANNIS
1591 296 2067 357 CllRYSOSTOMl
2108 295 2422 352 ARCHIEP.
2454 295 2988 373 CONSTANTINOP.
3677 303 3747 360 92

455 431 560 483 qua
603 413 816 468 solliciti
864 421 1047 466 mutuo
1097 412 1540 468 sciscitabantur:
1583 411 1851 482 Numquid
1899 403 2047 480 gesta

457 505 751 574 Imperator
781 503 1020 557 audivit?
1049 518 1114 556 an
1158 503 1396 557 irritatus
1441 503 1559 558 est?
1589 503 1714 572 quid
1760 516 1887 556 vero
1923 515 2048 554 sen-

460 597 640 652 tentiae
685 595 1086 666 pronuntiavit?
1133 595 1391 667 numquid
1436 597 1608 667 ipsum
1653 596 1916 666 quispiam
1960 610 2053 648 ex-

462 688 670 744 oravit?
685 687 938 757 numquid
966 702 1094 742 vero
1117 686 1250 742 feret
1274 687 1389 756 ipse
1413 695 1521 742 tam
1543 702 1787 757 magnam
1809 696 1864 740 et
1889 701 2053 754 popu-

464 781 632 835 losam
674 779 911 834 funditus
950 780 1219 834 civitatem
1267 778 1528 849 perdere?
1568 779 1693 834 llaac
1737 778 1952 848 quidem
2000 787 2056 832 et

451 873 632 926 onmia
666 873 788 926 talia
821 872 873 925 in
893 872 1063 926 Deum
1089 871 1455 942 projicientes,
1485 871 1652 942 ipsius
1671 879 1876 926 tantum
1898 885 2053 924 man-

451 965 570 1018 data
585 979 836 1019 curemus
857 983 869 1018 :
895 966 972 1019 sic
990 965 1131 1020 enim
1158 974 1215 1020 et
1231 964 1316 1018 illa
1331 965 1508 1019 omnia
1527 964 1881 1018 dissolvemus
1903 980 1916 1029 ;
1937 972 1990 1018 et
2011 962 2054 1016 si

453 1060 535 1113 vel
554 1059 737 1112 decem
752 1068 956 1112 tantum
975 1059 1024 1112 in
1045 1059 1195 1114 nobis
1213 1068 1358 1113 recte
1373 1059 1599 1128 egerim,
1617 1056 1764 1111 brevi
1777 1057 1852 1111 illi
1870 1055 2055 1110 decem

453 1151 637 1218 viginti
676 1151 834 1215 ﬁent;
866 1151 1048 1220 viginti
1080 1150 1459 1221 quinquaginta
1487 1192 1500 1213 ,
1520 1149 1897 1220 quinquaginta
1931 1162 2059 1202 cen-

456 1249 589 1304 tum,
618 1250 828 1294 centum
854 1242 1020 1308 mille,
1054 1241 1199 1296 mille
1225 1250 1334 1296 tota
1369 1241 1575 1295 civitas.
1603 1240 1670 1294 Et
1697 1240 1836 1294 sicut
1871 1239 2056 1294 decem

453 1332 697 1385 accensis
740 1332 973 1385 lucernis
999 1347 1214 1386 onmem
1247 1331 1466 1387 domum
1505 1331 1708 1386 lumine
1743 1330 1900 1385 facile
1937 1331 2058 1400 quis

461 1422 687 1491 implere
733 1423 928 1490 poterit
967 1441 981 1476 :
1024 1423 1103 1476 sic
1144 1432 1200 1478 ct
1243 1424 1296 1478 in
1337 1422 1530 1477 ofﬁciis
1571 1421 1965 1492 spiritualibus,
2013 1421 2056 1475 si

461 1512 646 1566 decem
676 1513 774 1565 siali
805 1522 950 1567 recte
980 1513 1221 1583 egerint,
1251 1528 1434 1583 pyram
1464 1528 1560 1582 per
1591 1522 1754 1567 totam
1786 1513 2056 1566 civitatem

462 1603 1116 1658 incendeums‘habentem
1142 1605 1342 1667 lumen,
1363 1613 1416 1660 et
1437 1605 1776 1659 securitatem
1802 1604 1956 1659 nobis
1977 1603 2058 1658 af-

461 1692 742 1747 l'erentem.
771 1694 884 1747 Non
916 1695 1059 1750 enim
1093 1695 1169 1749 sic
1203 1697 1430 1750 ﬂammae
1467 1705 1655 1750 natura
1686 1696 1739 1751 in
1765 1698 2057 1750 'materiam

464 1789 679 1858 delapsa
723 1792 891 1845 vicina
934 1808 1148 1863 semper
1187 1794 1328 1863 ligna
1374 1796 1633 1861 incendit,
1671 1796 1808 1850 sicut
1850 1797 2060 1850 virtutis

462 1881 610 1936 zelus
652 1882 702 1936 in
734 1898 928 1952 paucas
969 1885 1151 1954 lapsus
1191 1887 1430 1952 animas,
1475 1888 1675 1943 sensim
1720 1887 2060 1958 procedendo

461 1989 673 2026 omnem
710 1975 933 2043 implere
977 1977 1244 2032 civitatem
1280 1979 1498 2046 poterit.
1543 1979 1672 2033 Date
1718 1979 1898 2049 itaque
1927 1979 2057 2032 mihi

459 2075 515 2116 ut
552 2064 618 2117 de
659 2065 812 2119 vobis
838 2067 1071 2134 glorier,
1099 2078 1151 2122 et
1184 2069 1235 2122 in
1269 2071 1517 2139 prmsenti
1545 2071 1674 2135 vita,
1706 2079 1761 2125 et
1790 2071 1844 2126 in
1880 2070 2061 2126 futuro

460 2155 566 2214 die.
595 2171 704 2224 quo
735 2157 934 2211 talenta
960 2158 1217 2214 habentes
1241 2160 1444 2216 credita
1473 2162 1882 2218 introducentur
1905 2180 1917 2217 :
1943 2163 2058 2217 saf-

462 2246 646 2298 licicns
676 2246 802 2300 mihi
831 2247 1075 2303 laborum
1108 2265 1313 2305 merces
1333 2260 1505 2306 vestra
1536 2255 1774 2320 claritas,
1804 2265 1857 2309 et
1886 2255 1930 2309 si
1956 2270 2053 2308 vos

471 2356 592 2393 cum
634 2343 826 2409 pietate
868 2344 1110 2399 viventes
1156 2345 1370 2412 videro,
1411 2355 1588 2400 totum
1631 2349 1830 2418 recepi.
1875 2349 2055 2404 Facite

450 2547 629 2600 ,ρυου
663 2550 997 2593 TRISTITUE
1041 2553 1362 2596 AFFECTUS
1402 2554 1666 2597 TANTUM
1699 2555 1784 2596 AD
1828 2555 2091 2598 PECCATI
2134 2554 2665 2598 DESTRUCTIONEM
2711 2555 2811 2598 SIT
2852 2555 3056 2598 UTILIS
3088 2534 3118 2597 ἐ

540 2648 605 2689 IN
649 2648 966 2693 PRINCIPIO
1010 2650 1195 2693 FECIT
1238 2652 1398 2695 DEUS
1439 2652 1669 2697 CELUM
1713 2654 1794 2696 ΕΤ
1836 2654 2122 2710 TERRAM,
2203 2655 2284 2696 ΕΤ
2352 2654 2522 2706 QUOD
2587 2656 2844 2699 MAXIMA
2915 2655 3402 2702 CONSOLATIONIS

1429 2757 1510 2798 ET
1553 2756 1751 2800 SUPER
1782 2757 1995 2815 ILLUD,
2042 2759 2244 2811 suam,
2291 2757 2397 2800 UB!
2437 2741 2559 2800 es?
2595 2757 2677 2799 ET
2719 2757 2802 2799 DE
2847 2757 2972 2801 NON
3014 2758 3306 2802 JURANDO
3351 2745 3390 2777 ὀ

539 2749 911 2796 ΟΠΕΔΤῙΟΝῙΒ
957 2753 1318 2798 APPARATUS
1365 2757 1380 2796 ζ

2157 409 2318 480 igitur
2341 410 2484 480 quod
2511 418 2564 465 et
2592 410 2703 465 heri
2725 411 3020 478 admonui,
3051 421 3106 468 et
3129 411 3288 468 hodie
3313 410 3509 478 dicam,
3541 428 3638 468 nec
3666 415 3748 467 di-

2156 515 2284 555 cens
2305 501 2578 570 quiescam
2609 521 2620 555 :
2649 511 2833 556 contra
2856 504 3096 573 jurames
3119 502 3373 560 mulctam
3399 503 3745 571 deﬁnientes,

2157 594 2410 648 mulctam
2440 594 2666 657 lucrum,
2703 610 2806 649 non
2838 596 3089 650 damnum
3124 595 3408 652 habentem
3435 614 3446 651 :
3479 613 3748 667 prmpara-

2157 686 2288 738 mini
2314 685 2422 754 jam
2463 694 2730 754 tamquam
2769 687 2922 742 nobis
2948 685 3220 756 profectus
3255 687 3626 757 probationem
3655 687 3752 741 da-

2158 777 2283 830 turi.
2314 777 2561 830 Ceaabor
2587 778 2782 832 etenim
2812 778 2950 847 apud
2977 794 3241 848 quemque
3269 788 3502 834 vestrum
3534 780 3749 848 longum

2158 869 2473 937 protrahere
2512 883 2813 924 sermonem
2855 869 3076 924 dimissa
3122 870 3222 925 hac
3265 871 3558 938 concione,
3608 883 3662 924 ut
3699 872 3750 924 in

2158 960 2446 1013 verborum
2494 959 2822 1031 longitudine
2861 961 3175 1016 emendatos
3216 963 3567 1017 inveniam’:
3612 972 3666 1018 et
3707 965 3751 1017 si

2159 1065 2315 1119 quem
2339 1050 2610 1120 jurantem
2640 1052 2844 1116 videro,
2870 1053 3122 1108 omnibus
3143 1053 3441 1108 emendatis
3464 1054 3636 1122 ipsum
3659 1054 3752 1108 de-

2161 1142 2382 1208 clarent,
2414 1152 2472 1197 ut
2499 1144 2857 1214 increpantes,
2886 1154 3192 1215 arguentes,
3219 1147 3572 1215 corrigentes,
3603 1147 3752 1202 brevi

2162 1233 2336 1303 ipsum
2355 1234 2493 1288 mala
2517 1235 2808 1289 liberemus
2827 1237 3234 1291 consuetudine.
3255 1237 3444 1293 Melius
3457 1246 3540 1292 est
3555 1238 3753 1292 ctenim

2161 1323 2250 1377 hic
2277 1324 2658 1393 exprobratum
2689 1326 2906 1395 corrigi,
2941 1341 3100 1396 quam
3136 1326 3225 1382 die
3255 1327 3342 1382 illa
3381 1328 3590 1398 palam,
3615 1343 3756 1398 pra:-

2161 1429 2315 1473 senle
2356 1428 2468 1473 toto
2512 1417 2740 1485 mundo,
2785 1420 3043 1474 confundi
3074 1430 3234 1490 atque
3277 1422 3476 1490 puniri,
3519 1423 3756 1491 peccatis

2163 1511 2364 1564 nostris
2395 1510 2496 1564 sub
2521 1511 2759 1564 omnium
2804 1522 3023 1581 aspectu
3055 1512 3327 1566 revelatis.
3359 1511 3464 1567 Sed
3495 1513 3669 1578 absit,
3697 1524 3758 1566 ut

2162 1603 2442 1673 quisquam
2474 1620 2541 1658 ex
2571 1604 2670 1659 hac
2718 1603 2944 1659 honesta
2973 1606 3234 1660 concione
3261 1605 3385 1659 talia
3412 1605 3617 1674 patiens
3646 1606 3754 1660 illic

2165 1704 2436 1764 appareat,
2469 1711 2652 1750 verum
2672 1705 2980 1751 sanctorum
3011 1707 3222 1765 patrum
3252 1696 3500 1765 precibus
3531 1707 3750 1766 peccata

2165 1788 2497 1858 corrigentes
2539 1789 2747 1852 omnia,
2779 1789 3110 1857 multumque
3141 1789 3357 1843 virtutis
3393 1787 3623 1843 fructum
3664 1805 3756 1844 el—

2164 1877 2430 1944 hibcntes,
2458 1893 2579 1932 cum
2604 1878 2770 1932 multa
2797 1879 2921 1934 hinc
2948 1879 3139 1934 ﬁducia
3164 1881 3475 1950 migremus,
3504 1879 3676 1950 gratia
3701 1888 3754 1934 et

2161 1981 2217 2026 et
2241 1972 2570 2043 benignitate
2600 1972 2812 2026 Domini
2849 1973 3018 2028 nostri
3050 1972 3180 2028 Jesu
3204 1972 3441 2041 Christi,
3473 1990 3567 2043 per
3596 1987 3755 2043 quem

2163 2073 2364 2119 etcum
2392 2080 2498 2135 quo
2543 2064 2683 2119 Patri
2723 2065 3023 2136 gloriauna
3059 2082 3180 2122 cum
3228 2076 3414 2122 sancto
3442 2067 3659 2138 Spiritu
3693 2067 3754 2121 in

2167 2157 2360 2211 szecula
2386 2157 2723 2212 smculorum.
2760 2160 2947 2215 Amen.

2231 2315 2246 2344 ¹
2285 2311 2425 2362 Savil.
2450 2313 2600 2373 addit,
2623 2319 2668 2364 et
2691 2326 2783 2363 non
2805 2317 3100 2366 emendatos.

3168 2557 3250 2598 ET
3295 2555 3496 2599 SUPER
3540 2557 3752 2614 ιιιυι),

3471 2658 3754 2703 MATERIA

2013 2879 2274 2936 0W0

1075 3031 1293 3072 HOIILIA
1333 3032 1424 3071 VII.

533 3192 584 3246 1.
625 3191 785 3244 Multa
825 3191 1038 3262 quidem
1078 3203 1132 3248 et
1168 3193 1237 3248 de
1279 3193 1462 3249 multis
1493 3193 1607 3250 heri
1638 3195 1778 3265 apud
1815 3205 2053 3252 vestram

451 3280 688 3337 disserui
731 3285 1059 3342 eharitates:
1087 3283 1156 3338 de
1201 3285 1380 3339 multis
1424 3300 1552 3340 vero
1592 3285 1638 3339 si
1681 3287 1860 3341 omnia
1903 3286 2056 3341 vobis

469 3371 702 3426 retinere
742 3373 881 3427 haud
923 3384 1004 3428 est
1044 3373 1225 3440 facile,
1261 3375 1390 3430 illud
1425 3377 1661 3430 omnium
1701 3377 1933 3431 maxime
1961 3392 2056 3433 vos

464 3462 771 3516 meminisse
815 3478 946 3533 rogo
969 3505 984 3530 ,
1015 3465 1155 3532 quod
1195 3466 1459 3520 tristitiam
1504 3467 1656 3522 nobis
1687 3469 1824 3522 Deus
1853 3482 1956 3523 non
1987 3468 2057 3522 ob

463 3554 604 3608 aliud
635 3554 879 3610 indiderit
901 3596 916 3621 ,
944 3557 1044 3611 nisi
1074 3567 1291 3626 propter
1317 3559 1490 3612 solum
1524 3569 1796 3628 peccatum
1822 3600 1835 3623 ,
1866 3568 1920 3614 et
1950 3559 2052 3615 hoc

471 3659 566 3713 per
595 3645 760 3714 ipsam
794 3661 969 3699 rerum
999 3648 1383 3716 experientiam
1413 3649 1849 3704 manifestavcrit.
1877 3649 1933 3704 ln
1961 3666 2054 3719 pe-

465 3735 741 3789 cuniarum
773 3737 913 3790 enim
947 3737 1140 3790 mulcta
1168 3779 1182 3804 ,
1219 3747 1272 3792 et
1302 3749 1472 3793 morte
1493 3781 1507 3803 ,
1540 3749 1593 3794 et
1617 3741 1930 3809 :egritudine
1956 3784 1970 3808 ,
2003 3753 2058 3796 et

468 3827 588 3879 aliis
617 3827 769 3880 nobis
797 3827 1162 3897 ingruentibus
1189 3828 1448 3884 molestiis
1475 3829 1719 3885 dolentes
1747 3841 1800 3884 et
1826 3847 2058 3887 mceren-

468 3927 569 3983 tes,
589 3934 690 3971 non
713 3925 914 3972 tantum
935 3919 1130 3973 nullam
1149 3920 1568 3975 consolationem
1585 3922 1821 3992 capimus
1838 3965 1852 3988 ,
1871 3940 2054 3978 verum

466 4020 521 4062 et
549 4009 820 4063 molestias
847 4024 1133 4079 augemus;
1173 4010 1226 4064 in
1268 4012 1498 4081 peccatis
1539 4027 1666 4067 vero
1698 4013 1744 4067 si
1783 4013 2057 4069 doleamus

465 4111 523 4156 et
559 4103 1192 4173 contristemur,,pcccati
1224 4104 1637 4173 magnitudinem
1670 4107 1976 4168 minuimus.
2005 4120 2056 4163 et

467 4192 609 4260 quod
637 4204 754 4248 erat
781 4210 1027 4264 maguum
1048 4236 1065 4261 ,
1099 4193 1370 4250 reddimus
1396 4211 1614 4265 parvum
1637 4213 1651 4261 ;
1683 4212 1824 4266 smpe
1855 4214 1980 4252 vero
2005 4209 2059 4253 et

459 4285 702 4340 funditus
719 4288 890 4356 ipsum
912 4297 1078 4342 totum
1101 4287 1359 4342 delemus.
1382 4288 1494 4342 lloc
1515 4288 1643 4342 mihi
1662 4289 1872 4344 assidue
1887 4306 2059 4345 recor-

463 4378 680 4442 damini,
701 4389 758 4433 ut
776 4381 845 4434 ob
864 4389 1138 4449 peccatum
1165 4389 1366 4434 tantum
1389 4379 1635 4447 doleatis,
1656 4381 1852 4434 nullam
1879 4391 2055 4436 autem

463 4470 536 4522 ob
565 4485 673 4522 rem
701 4479 955 4539 praeterea
983 4489 996 4524 :
1020 4479 1073 4525 et
1107 4481 1306 4540 praaler
1342 4470 1442 4525 hoc
1479 4470 1604 4525 ilhnl
1640 4487 1851 4541 quoque
1875 4512 1890 4538 ,
1916 4473 2056 4542 quod

464 4570 692 4614 mortem
734 4569 789 4614 et
817 4561 1084 4616 tristitiam
1123 4563 1175 4616 in
1207 4562 1636 4616 vitam'uostram
1667 4571 1942 4631 peccatum
1973 4565 2056 4618 in-

465 4651 644 4705 ferens
669 4694 683 4717 ,
726 4653 794 4706 ab
833 4652 919 4708 his
957 4653 1217 4708 ambobus
1258 4653 1491 4708 vicissim
1532 4652 1830 4708 destruitur
1866 4673 1879 4708 :
1915 4655 2057 4724 quod

464 4745 675 4810 quidem
709 4744 880 4814 ipsum
914 4745 1248 4800 manifestius
1277 4754 1511 4801 etanlea
1549 4746 2054 4802 demonstravimus.

469 4835 614 4889 Nihil
639 4836 797 4905 igitur
825 4837 903 4891 sic
934 4838 1234 4904 timeamus,
1265 4846 1325 4892 ut
1351 4847 1623 4908 peccatum
1653 4848 1707 4893 et
1734 4839 2056 4907 prtevariCa-

471 4928 694 4981 tionem.
727 4927 805 4982 Ne
834 4929 1114 4984 timeamus
1136 4944 1370 4999 poenam,
1393 4937 1449 4985 et
1468 4944 1681 5003 pinnam
1703 4930 2016 5000 effugiemus
2043 4949 2053 4985 :

466 5021 603 5074 sicut
623 5029 676 5075 et
699 5029 806 5076 tres
829 5021 902 5076 illi
923 5022 1070 5090 pueri
1087 5037 1192 5077 non
1214 5022 1869 5089 timueruntfornaccm,et
1883 5022 2060 5077 forna-

465 5128 581 5164 cem
615 5111 913 5180 elfugerunt
941 5131 954 5165 :
985 5114 1118 5170 tales
1143 5130 1263 5171 esse
1285 5115 1440 5171 decet
1464 5113 1555 5170 Dei
1581 5128 1785 5170 servos.
1835 5115 1889 5170 Si
1913 5115 2056 5169 enim

469 5215 521 5257 in
553 5206 718 5260 veteri
750 5205 1092 5263 Testamento
1119 5208 1327 5263 educati
1351 5247 1367 5274 ,
1408 5206 1620 5277 quando
1649 5206 1882 5261 nondum
1912 5222 2058 5260 mors

533 5363 548 5392 ¹
585 5363 790 5412 Titulum
807 5367 878 5414 sic
901 5365 1110 5416 ell'erunt
1127 5374 1230 5416 Sav.
1253 5374 1305 5417 et
1320 5366 1417 5416 duo
1435 5365 1629 5415 codices
1649 5378 1659 5412 :
1684 5362 1909 5425 Ejusdem
1928 5375 2058 5412 com-

469 5426 748 5493 memoratio
773 5440 937 5475 rerum
967 5427 1076 5489 jam
1097 5431 1173 5493 _ab
1195 5429 1299 5493 ipso
1319 5435 1462 5478 antea
1500 5427 1742 5477 dicturum
1765 5437 2058 5493 consequen-

471 5490 545 5550 ter
574 5487 740 5555 :hquod
764 5485 1014 5555 peccatum
1035 5485 1482 5555 solirtu,'postqttatn
1520 5494 1723 5555 mortem
1745 5492 1790 5536 et
1813 5485 2059 5536 tristitiam

477 5547 530 5591 tn
556 5547 706 5615 vitam
721 5547 1010 5615 introduxit,
1039 5565 1126 5615 per
1148 5547 1261 5615 illas
1282 5547 1412 5615 ipsas
1435 5565 1605 5600 rursus
1628 5551 1848 5612 aufertur
1869 5561 1886 5607 ;
1909 5555 1953 5596 et
1976 5561 2058 5615 su-_

472 5617 560 5675 per
583 5608 706 5657 illud
735 5623 752 5658 :
783 5628 806 5656 ι
832 5620 890 5675 [ην
911 5608 1148 5675 principio
1169 5613 1280 5675 fecit
1301 5608 1521 5663 'l)eus....
1559 5608 1776 5675 terram;
1799 5627 1819 5654 ιο
1853 5616 1909 5675 et
1931 5613 2056 5675 quod

477 5673 620 5744 gens,
662 5669 920 5744 noenwdo
943 5669 1264 5744 honori/iectas
1285 5687 1370 5723 nos
1393 5680 1438 5724 et
1464 5672 1762 5744 ῥίηρρῑαςίρῃδ
1785 5670 1944 5744 nobis,
1971 5669 2058 5719 sed

645 5734 914 5797 castigans,
953 5748 1088 5798 a‘que
1110 5727 1184 5787 'sit
1219 5736 1401 5798 bonus;
1435 5742 1481 5785 et
1513 5727 1589 5786 de'
1609 5733 1894 5784 abstinentia
1914 5732 2057 5794 jura-

2152 3030 2281 3076 -erat
2303 3023 2752 3090 mortiﬁcata,nec
2772 3035 2925 3076 aerea?
2947 3029 3113 3092 portae
3133 3019 3440 3084 contractae,
3461 3034 3559 3074 nec
3581 3030 3756 3075 vectes

2167 3111 2325 3168 ferrei
2353 3114 2600 3178 contriti,
2635 3124 2740 3168 tam
2772 3127 3084 3185 generosam
3115 3121 3299 3168 contra
3330 3120 3558 3166 mortem
3589 3112 3755 3166 auda-

2165 3203 2302 3258 ciam
2333 3219 2442 3274 pra:
2470 3222 2528 3260 se
2557 3205 2723 3260 tulere
2753 3201 2766 3259 ἐ
2795 3220 2951 3272 quam
2987 3219 3084 3258 nos
3113 3202 3423 3278 habebimus
3452 3202 3754 3257 excusatio-

2165 3313 2327 3364 nem,
2360 3309 2450 3352 aut
2490 3315 2647 3369 quam
2691 3298 2901 3353 veniam
2928 3299 2950 3362 ,’
2977 3305 3174 3350 tantam
3222 3296 3362 3349 nacti
3406 3294 3628 3365 gratiam
3655 3336 3669 3356 .
3701 3303 3754 3348 et

2166 3405 2334 3460 neque
2365 3406 2519 3460 pares
2549 3391 2654 3445 illis
2683 3390 2894 3444 virtutis
2923 3388 3286 3459 gradusnunc
3311 3388 3604 3456 asscquuti,
3633 3403 3753 3442 cum

2167 3499 2310 3538 mors
2337 3499 2528 3538 nomen
2561 3483 2731 3538 soluat
2758 3484 2826 3538 sit
2851 3499 2910 3537 re
2937 3481 3200 3552 privatum
3225 3481 3246 3532 ?
3276 3479 3416 3533 Nihil
3445 3480 3587 3534 enim
3614 3479 3755 3533 aliud

2166 3592 2311 3631 mors
2337 3587 2440 3643 est,
2470 3593 2628 3648 quam
2655 3591 2895 3641 somnus,
2925 3585 2978 3630 et
3002 3575 3265 3643 migratio,
3294 3584 3347 3628 et
3375 3574 3670 3637 translatio,
3702 3583 3758 3626 et

2165 3670 2406 3738 requies,
2433 3679 2488 3724 et
2519 3670 2836 3739 tranquillus
2862 3678 3065 3738 portus,
3097 3677 3150 3722 et
3180 3667 3592 3737 perturbationis
3619 3666 3756 3720 libe-

2166 3759 2301 3814 ratio
2327 3800 2341 3826 ,
2374 3770 2429 3814 et
2453 3775 2485 3814 a
2515 3761 2634 3814 vitze
2661 3759 2806 3814 curis
2832 3757 3222 3813 absolutio.Sed
3255 3757 3344 3812 hic
3371 3757 3757 3811 consolationis

2164 3865 2466 3907 sermonem
2513 3852 2782 3907 solvamus
2812 3870 2825 3906 :
2853 3851 3048 3907 etenim
3080 3851 3319 3920 quintam
3361 3849 3504 3904 diem
3549 3851 3757 3919 agimus

2164 3956 2397 4001 vestram
2426 3947 2762 4002 consolantes
2781 3943 3127 4010 charitatem,
3144 3956 3198 4001 et
3213 3944 3324 4013 jam
3364 3944 3575 3998 molesti
3605 3943 3754 3998 vide-

2157 4054 2302 4092 mur.
2333 4039 2564 4094 Attentis
2588 4039 2730 4092 enim
2761 4038 2900 4092 dicta
2925 4036 3194 4092 sufﬁciunt
3219 4078 3233 4102 ,
3267 4036 3626 4106 pusillanimis
3655 4051 3754 4089 au-

2167 4138 2273 4184 tem
2295 4171 2308 4196 ,
2338 4130 2548 4185 etiamsi
2589 4130 2747 4184 dictis
2777 4129 2925 4198 plura
2973 4127 3234 4182 addamus
3261 4167 3276 4192 ,
3310 4127 3442 4180 nihil
3473 4125 3754 4195 profuerit.

2166 4220 2400 4290 Tempus
2419 4235 2546 4275 vero
2567 4221 2720 4274 nobis
2733 4221 2841 4288 jam
2859 4219 2926 4273 ad
2945 4218 3341 4286 Scripturarum
3364 4215 3756 4284 expositionem

2165 4321 2481 4366 convertere
2519 4311 2815 4364 doctrinam
2851 4328 2864 4362 :
2896 4307 3345 4378 quemadmodum
3377 4308 3519 4361 enim
3551 4307 3595 4362 si
3626 4307 3758 4360 nihil

2165 4401 2232 4456 de
2259 4401 2358 4457 hac
2383 4417 2618 4456 aerumna
2647 4401 2847 4468 loquuli
2879 4413 3138 4464 essemus,
3166 4398 3499 4452 crudelitatis
3524 4408 3578 4451 e-t
3603 4397 3758 4451 inhu-

2165 4495 2433 4549 manitatis
2460 4510 2556 4548 nos
2583 4494 2774 4563 aliquis
2798 4492 3208 4547 condemnasset
3234 4510 3247 4545 :
3272 4493 3350 4546 sic
3379 4492 3422 4546 si
3449 4506 3666 4562 semper
3688 4491 3760 4546 de

2167 4587 2278 4654 ipsa
2305 4585 2656 4648 disseramus,
2689 4583 3133 4652 pusillanimitatis
3154 4582 3278 4652 jure
3305 4597 3403 4636 nos
3431 4583 3760 4638 condemna~

2167 4684 2268 4730 ret.
2312 4675 2482 4729 Corda
2526 4675 2680 4746 igitur
2721 4683 2894 4729 vestra
2936 4675 3043 4729 Deo
3073 4673 3513 4729 commendantes
3538 4715 3552 4737 ,
3583 4675 3672 4744 qui
3704 4675 3753 4729 ir.

2167 4777 2346 4822 mente
2372 4777 2546 4821 vestra
2582 4767 2720 4836 loqui
2755 4776 2963 4835 potest,
2993 4774 3048 4820 et
3068 4781 3292 4819 omnem
3320 4781 3384 4819 ex
3421 4776 3640 4834 pectore.
3667 4768 3759 4819 tri-

2166 4858 2362 4912 stitiam
2393 4859 2667 4926 expellere
2692 4899 2706 4924 ,
2738 4869 3046 4912 consuetam
3090 4856 3390 4911 doctrinam
3422 4873 3564 4912 nunc
3600 4859 3759 4912 attin-

2164 4963 2353 5018 gamus
2375 4990 2391 5015 ,
2434 4948 2664 5003 maxime
2701 4947 2911 5016 quando
2949 4947 3124 5002 omnis
3162 4947 3456 5017 Scriptum
3491 4949 3761 5018 expositio

2165 5041 2465 5096 exhortatio
2491 5051 2573 5096 est
2600 5049 2655 5096 et
2681 5040 2995 5095 consolatio.
3030 5040 3212 5108 Itaque
3245 5041 3346 5094 etsi
3368 5055 3404 5094 a
3427 5040 3762 5095 consolando

2166 5133 2426 5190 absistere
2453 5135 2726 5200 videmur,
2755 5150 2963 5188 rursum
2992 5146 3089 5202 per
3113 5132 3513 5202 Scripturarum
3541 5135 3761 5203 exposio

2169 5227 2365 5280 tionem
2408 5227 2458 5279 in
2501 5226 2742 5279 eamdem
2779 5226 3055 5278 materiam
3095 5224 3396 5278 incidimus.
3431 5224 3587 5290 Quod
3615 5225 3760 5280 enim

2168 5327 2400 5375 mentem
2438 5318 2813 5373 adhibentibus
2856 5326 2964 5371 tota
3006 5317 3280 5385 Scriptura
3315 5317 3615 5371 consolatio
3646 5319 3759 5380 sit,

2163 5412 2272 5480 jam
2297 5426 2436 5466 nunc
2459 5410 2606 5465 vobis
2629 5410 2800 5479 palam
2825 5410 3030 5464 faciam.
3055 5408 3170 5462 Non
3192 5409 3336 5463 enim
3359 5408 3760 5477 Scripturarum

2169 5505 2446 5558 historiam
2474 5503 2810 5565 circumiens,
2845 5502 3100 5570 quosdam
3129 5500 3523 5554 consolatorios
3549 5513 3761 5553 sermo-

2167 5611 2261 5649 nes
2286 5609 2524 5664 quzerere
2549 5593 2810 5657 conabor;
2841 5592 2931 5646 sed
2960 5601 3017 5646 ut
3039 5592 3360 5661 apertiorem
3386 5591 3771 5661 promissionis

2166 5685 2672 5739 detuoustralionem
2725 5683 3022 5752 prmheam,
3067 5683 3227 5737 hodie
3275 5682 3472 5737 lectum
3519 5675 3764 5735 tractabo

2167 5781 2402 5834 librum:
2437 5787 2489 5832 et
2516 5776 2559 5830 si
2585 5777 2706 5830 libet
2729 5817 2744 5842 ,
2773 5777 2934 5846 ipsius
2963 5777 3280 5846 principium
3311 5786 3363 5830 et
3388 5775 3714 5843 promotiqu
3741 5813 3755 5839 ,
