4072 6384
255 484 317 540 νι
1266 476 1358 535 AD
1393 436 1721 535 POPULUM
1767 479 2271 535 AMIUGHENUM
2314 479 2549 535 nomL.
2586 477 2696 533 vn.
3660 481 3732 535 92

256 613 358 667 μεν
390 597 747 659 ἐπικίνδυνον,
775 598 896 651 ούδέ
952 597 1241 669 σφαλερὸν,
1274 597 1385 650 οὐδ’
1418 597 1643 658 ἄκοντες
1688 596 1943 664 ἁμαρτη-

256 675 484 744 σόμεθα,
525 676 661 730 ἀλλά
706 678 801 731 καὶ
842 679 941 747 τῆς
972 676 1329 747 ἐπικειμένης
1358 674 1595 744 ἀθυμίας
1623 675 1680 725 ἐν
1712 675 1778 743 τῇ
1815 673 1939 743 περὶ

253 754 459 806 τούτων
500 755 731 820 διαλέξει
778 756 1151 827 σχολάζοντες,
1182 755 1281 826 τὴν
1334 754 1511 825 ψυχὴν
1567 751 1937 820 ὑπεξαγαγεῖν

248 832 617 905 δυνησόμεθα,
648 837 769 889 ἀντὶ
822 836 923 907 τῆς
974 836 1253 908 φροντίδος
1305 831 1373 908 ἦς
1413 832 1773 906 φροντίζομεν
1807 832 1944 903 πρὸς

257 912 520 983 ἀλλήλους
550 916 635 968 ἀεὶ
664 916 914 985 λέγοντες
935 932 948 945 ⁶
980 913 1050 968 Ἀ
1062 933 1128 985 ρα
1161 917 1393 987 ἤκουσεν
1424 918 1452 968 ό
1478 913 1727 985 βασιλεὺς
1748 910 1817 963 τὰ
1852 926 1945 978 γε-

256 994 566 1062 Ἱένημένα;
594 990 703 1065 ἆρα
743 995 1109 1067 παρωξύνθη;
1144 996 1196 1048 τί
1224 996 1280 1048 δὲ
1303 995 1637 1066 ἐψηφίσατο;
1670 989 1777 1063 ἆρα
1804 1007 1940 1062 παρ-

258 1071 485 1125 εκάλεσέ
508 1090 592 1138 τις
613 1075 807 1137 αύτόν;
835 1075 888 1128 τί
913 1076 988 1140 δὲ,
1022 1077 1183 1139 αὐτὸς
1210 1075 1459 1140 ἀνέξεται
1492 1074 1646 1127 πόλιν
1676 1070 1819 1125 οὕτω
1843 1069 1939 1122 καὶ

251 1151 504 1222 μεγάλην
528 1154 622 1205 καὶ
638 1153 1063 1226 πολυάνθρωπον
1097 1156 1359 1223 ἀφανίσαι
1387 1154 1602 1217 τέλεον;
1628 1149 1814 1204 Ταῦτα
1842 1150 1940 1220 μὲν

258 1232 351 1284 καὶ
397 1231 467 1284 τὰ
508 1231 734 1286 τοιαῦτα
780 1235 959 1288 πάντα
988 1236 1081 1288 ἐπὶ
1117 1236 1209 1288 τὸν
1244 1234 1376 1287 Θεὸν
1414 1233 1685 1305 ῥίψαντες,
1713 1229 1781 1282 τά
1812 1230 1941 1300 παρ’

257 1310 422 1363 αὑτοῦ
450 1314 902 1384 προστεταγμένα
940 1314 1291 1385 μεριμνῶμεν
1315 1314 1474 1384 μόνον
1492 1328 1507 1343 ο
1531 1310 1674 1364 οῦτω
1708 1309 1817 1381 γάρ
1841 1311 1942 1362 κὰ-

252 1391 409 1443 κεῖνα
441 1389 847 1461 διαλυσόμεθαει
876 1392 994 1465 [84]
1025 1394 1223 1460 πάντα,
1264 1391 1366 1445 κᾶν
1399 1391 1533 1444 δέκα
1562 1392 1619 1443 ἐν
1642 1392 1775 1461 ἡμῖν
1805 1407 1937 1442 κατ-

258 1467 538 1541 ορθώσωσι
574 1472 754 1540 μόνον,
787 1472 1002 1543 ταχέως
1047 1472 1250 1525 εἴκοσιν
1273 1472 1321 1524 οἱ
1348 1470 1479 1525 δέκα
1504 1470 1844 1540 γενήσονται,
1889 1471 1937 1523 οξ

260 1548 433 1601 εἴκοσι
462 1553 817 1621 πεντήκοντα,
847 1555 895 1605 οἰ
926 1552 1266 1623 πεντήκοντα
1303 1550 1520 1609 ἑκατὸν,
1552 1552 1601 1602 οἱ
1637 1548 1828 1602 ἐκατὸν
1860 1548 1942 1618 χίο

256 1627 380 1693 λιοι,
410 1631 457 1681 οί
491 1630 651 1699 χίλιοι
688 1632 838 1684 πᾶσα
865 1634 898 1702 ή
929 1630 1102 1694 πόλις.
1131 1631 1240 1683 Καὶ
1269 1630 1520 1700 καθάπερ
1561 1629 1693 1681 δέκα
1743 1627 1941 1697 ἁφθέν-

254 1724 364 1760 των
401 1708 631 1779 λύχνων,
666 1710 862 1783 ῥᾳδίως
885 1709 983 1780 τὴν
1015 1710 1192 1763 οὶκίαν
1237 1710 1454 1763 ἁπασαν
1477 1707 1755 1779 ἐμπλῆσαι
1781 1706 1941 1775 δυνή-

259 1789 409 1840 σεταί
440 1805 524 1852 τις
556 1788 650 1843 τοῦ
680 1789 857 1859 φωτός
881 1805 895 1820 ·
925 1788 1068 1842 θ’ύτω
1093 1788 1156 1858 δὴ
1185 1791 1279 1842 καὶ
1309 1789 1400 1842 ἐπὶ
1432 1788 1542 1840 τῶν
1582 1785 1940 1858 κατορθωμά-

257 1882 363 1919 των
415 1867 521 1920 τῶν
576 1868 985 1939 πνευματικῶν,
1020 1867 1086 1921 ἂν
1132 1867 1267 1920 δέκα
1320 1865 1704 1937 κατορθώσωσι
1762 1866 1934 1934 μόνοι,

258 1945 436 2016 πυρὰν
463 1947 757 2018 ὁλόκληρον
792 1950 872 2011 εἰς
917 1949 1015 2019 τὴν
1050 1947 1203 2000 πόλιν
1233 1946 1509 2015 ἀνάψομεν
1544 1945 1658 2014 φῶς
1684 1944 1932 2014 ἔχουσαν,

258 2026 351 2077 καὶ
381 2026 682 2093 ἀσφάλειαν
711 2029 844 2097 ἡμῖν
874 2027 1229 2098 κομίζουσαν.
1269 2026 1342 2078 Ού
1370 2025 1477 2095 γάρ
1510 2024 1652 2077 οὕτω
1679 2025 1779 2095 τῆς
1804 2024 1935 2092 φλο-

255 2103 350 2171 γὸς
374 2106 406 2177 ή
430 2105 591 2172 φύσις
614 2107 694 2170 εἰς
728 2106 858 2176 ὓλην
889 2105 1353 2177 ἐμπεσοῦσα,τῶν
1382 2104 1706 2173 ἐγγιζόντων
1732 2104 1817 2157 ἀεὶ
1846 2102 1935 2168 ξύ-

254 2182 362 2235 λων
388 2183 638 2249 ἅπτεται,
672 2186 747 2249 ὡς
776 2187 974 2257 ἀρετῆς
1005 2185 1185 2257 ζῆλος,
1230 2185 1311 2246 εἰς
1334 2184 1514 2254 ψυχάς
1547 2183 1732 2251 ὀλίγας
1766 2185 1936 2252 ἐμπε-

246 2261 387 2325 «σὼν,
428 2264 534 2334 ὁδῷ
572 2265 881 2336 προϐαίνων
928 2267 1106 2318 πᾶσαν
1146 2264 1426 2334 ἐμπλῆσαι
1455 2266 1555 2333 τὴν
1585 2263 1740 2315 πόλιν
1777 2262 1935 2333 δυνή-

256 2357 430 2395 σεται.
462 2344 591 2397 Δότε
613 2344 791 2397 τοίνυν
818 2345 941 2415 ἐμοὶ
970 2346 1351 2416 καυχήσασθαι
1379 2344 1462 2411 ἐφ’
1493 2344 1642 2412 ὑμῖν,
1671 2342 1762 2396 καὶ
1796 2341 1935 2395 κατά

249 2422 346 2476 τὸν
378 2424 622 2494 παρόντα
651 2425 784 2494 βίον,
821 2426 915 2476 καὶ
942 2424 1085 2477 κατὰ
1112 2425 1213 2494 τὴν
1238 2422 1535 2492 μέλλουσαν
1558 2421 1790 2491 ἡμέραν,
1808 2423 1936 2474 ὅταν

251 2504 304 2556 οἰ
338 2504 407 2557 τά
434 2504 670 2559 τάλαντα
699 2504 1156 2575 ἐμπιστευθέντες
1186 2504 1515 2571 εἰσάγωνται
1540 2519 1552 2532 ·
1594 2500 1780 2571 ἀρκῶν
1812 2501 1938 2571 ἐμοὶ

318 2599 345 2628 ⁸
372 2601 526 2650 Savil.
554 2607 608 2650 el
629 2601 821 2663 aliquot
844 2614 959 2649 mss.
994 2600 1330 2662 διαλυσόμεθα,
1360 2599 1481 2647 Mor.
1509 2604 1563 2647 et
1594 2596 1677 2647 alii
1703 2597 1934 2645 διαλύσει.

2049 594 2239 664 μισθὸς
2270 596 2379 647 τῶν
2405 596 2581 648 πόνων
2610 596 2642 664 ἡ
2673 593 2915 664 ὑμετέρα
2944 594 3315 665 εύδοκίμησις,
3346 593 3445 647 κᾶν
3471 594 3563 646 ἴδω
3583 594 3727 665 ὑμᾶς

2046 678 2165 749 μετ’
2199 678 2522 742 εύσεϐείαςδ
2565 678 2793 741 ζῶντας,
2839 676 2901 729 τὸ
2952 679 3061 730 πᾶν
3104 676 3400 747 ἀπείληφα.
3458 676 3727 747 Ποιήσατε

2052 758 2242 820 τοίνυν,
2278 758 2306 811 ὃ
2353 758 2449 811 καὶ
2485 757 2611 828 χθὲς
2643 758 2927 828 παρῄνεσα
2967 774 3027 809 τε
3071 758 3163 809 καὶ
3199 758 3437 827 σήμερον
3471 756 3604 827 ἐρῶ,
3632 755 3729 810 καὶ

2048 837 2215 906 λέγων
2235 838 2296 889 ού
2324 837 2605 908 παύσομαι
2622 855 2635 868 ⁸
2666 836 2963 907 καταδίκην
2987 836 3127 889 κατά
3150 835 3256 887 τῶν
3280 835 3591 905 όμνυόντων
3610 835 3728 905 όρίο

2044 933 2255 983 σαντες,
2291 917 2589 988 καταδίκην
2642 916 2834 986 κέρδος
2876 916 3125 985 ἔχουσαν,
3163 915 3222 966 ού
3265 913 3488 984 ζημίαν,
3534 931 3725 984 παρασ-

2045 995 2385 1049 σκευάσασθε
2416 996 2600 1051 λοιπὸν
2633 996 2708 1059 ὼς
2736 994 2963 1063 δοκιμὴν
3005 996 3135 1065 ήμῖν
3165 992 3427 1056 δώσοντες
3466 991 3560 1047 τοῦ
3591 1008 3725 1048 κατ-

2042 1075 2380 1145 ορθώματος.
2415 1076 2527 1129 Καὶ
2570 1075 2678 1145 γὰρ
2715 1074 3047 1145 πειράσομαι
3110 1073 3246 1142 πρὸς
3292 1072 3525 1125 ἕκαστον
3570 1073 3725 1143 ὑμῶν

2046 1155 2254 1225 μακρὸν
2285 1156 2566 1208 ἀποτεῖναι
2613 1154 2768 1222 λόγον
2810 1152 2903 1206 τοῦ
2933 1152 3188 1220 συλλόγου
3222 1152 3414 1204 τούτου
3448 1150 3726 1204 διαλυθέν»

2041 1250 2152 1297 τος,
2172 1235 2259 1287 ἴνα
2285 1236 2342 1287 ἐν
2361 1233 2439 1304 τῷ
2464 1236 2627 1305 μήκει
2648 1233 2755 1285 τῶν
2778 1232 3088 1303 λεγομένων
3113 1230 3256 1303 εῦρω
3278 1231 3404 1294 τοὺς
3427 1231 3727 1303 κατωρθω-

2043 1314 2207 1377 κότας
2231 1326 2252 1353 ο
2272 1332 2285 1344 ⁸
2319 1315 2419 1367 κᾶν
2447 1315 2538 1367 ἴδω
2566 1314 2688 1367 τινά
2718 1312 3011 1383 ὀμνύοντα,
3039 1311 3244 1365 ἆπασιν
3272 1310 3434 1363 αὑτὸν
3459 1312 3571 1372 τοῖς
3594 1327 3727 1364 κατ-

2042 1393 2328 1463 ωρθωκόσι
2359 1395 2569 1465 ποιήσω
2598 1393 2851 1464 φανερὸν,
2875 1392 2961 1445 ἵνα
2988 1389 3372 1461 ἐπιτιμῶντες,
3389 1388 3724 1459 ἐλέγχοντες,

2042 1473 2403 1546 διορθοῦντες,
2438 1474 2650 1544 ταχέως
2681 1472 2844 1526 αὑτὸν
2893 1471 2994 1540 τῆς
3038 1471 3283 1541 πονηρᾶς
3326 1468 3727 1537 ἀπαλλάξωμεν

2043 1555 2349 1628 συνηθείας.
2381 1557 2487 1608 Καὶ
2532 1553 2642 1624 γάρ
2688 1554 2894 1623 βέλτιον
2928 1551 3162 1605 ἐνταῦθα
3197 1550 3557 1603 ὀνειδισθέντα
3582 1550 3725 1617 διορ-

2041 1634 2339 1695 θώσασθαι,
2371 1635 2403 1704 ἢ
2431 1634 2570 1687 κατὰ
2602 1635 2703 1704 τὴν
2739 1635 2952 1703 ἡμέραν
2989 1631 3206 1699 ἐκείνην
3238 1632 3389 1699 κοινῇ
3419 1629 3517 1697 τῆς
3546 1630 3725 1680 οἰκου.

2044 1714 2213 1783 μένης
2266 1714 2482 1783 ἀπάσης
2527 1712 2809 1782 παρούσης
2851 1712 3182 1781 ἀσχημονεῖν
3233 1710 3327 1761 καὶ
3376 1708 3723 1771 κολάζεσθαι,

2039 1793 2146 1845 τῶν
2183 1793 2595 1862 ἁμαρτημάτων
2623 1793 2753 1861 ἡμῖν
2792 1791 2897 1843 ὑπὸ
2939 1793 3052 1852 τοῖς
3093 1788 3346 1842 ἁπάντων
3380 1787 3722 1842 ἐκκαλυπτο-

2044 1872 2220 1942 μένων
2268 1870 2764 1940 όφθαλμοῖ;.Ἀλλά
2811 1871 2884 1939 μὴ
2924 1868 3137 1936 γένοιτο
3185 1867 3277 1920 τοῦ
3321 1865 3486 1920 καλοῦ
3530 1866 3723 1923 τούτου

2043 1950 2301 2019 συλλόγου
2354 1951 2587 2019 φανῆναί
2618 1968 2740 2002 τινα
2780 1951 2895 2001 ἐκεῖ
2941 1950 3113 2001 ταῦτα
3158 1949 3459 2016 πάσχοντα,
3494 1945 3607 1999 ἀλλ’
3637 1946 3726 2000 εὐ.

2040 2034 2166 2101 χαίς
2197 2031 2305 2084 τῶν
2333 2030 2505 2097 ἁγίων
2542 2029 2793 2099 πατέρων
2819 2029 3034 2082 ᾶπαντα
3070 2029 3137 2081 τά
3167 2026 3541 2098 ἁμαρτήματα
3580 2025 3726 2097 διορ·

2041 2110 2368 2181 θωσάμενοι,
2404 2110 2610 2162 καὶτὸν
2637 2108 2733 2179 τῆς
2760 2107 2964 2178 ἀρετῆς
2998 2107 3208 2177 καρπὸν
3240 2105 3410 2159 πολὺν
3453 2104 3721 2169 ἐπιδειξὰε

2042 2208 2213 2261 μενοι,
2260 2188 2398 2259 μετά
2452 2189 2649 2259 πολλῆς
2695 2187 2949 2241 ἐντεῦθεν
2999 2186 3331 2257 ἀπέλθοιμεν
3386 2184 3726 2256 παρρησίας,

2040 2269 2223 2340 χάριτι
2250 2270 2343 2322 καὶ
2374 2267 2756 2338 φιλανθρωπίᾳ
2804 2266 2897 2320 τοῦ
2931 2267 3136 2337 Κυρίου
3166 2266 3325 2337 ήμῶν
3368 2264 3544 2336 Ἰησοῦ
3573 2262 3727 2334 Χρι-

2040 2349 2187 2412 στοῦ,
2216 2349 2282 2401 δι’
2310 2345 2369 2403 οῦ
2405 2350 2498 2401 καὶ
2535 2347 2651 2417 μεθ’
2684 2343 2744 2401 οῦ
2773 2346 2851 2417 τῷ
2876 2347 3053 2417 Πατρὶ
3090 2348 3122 2416 ἡ
3152 2346 3301 2411 δόξα,
3335 2344 3450 2414 ἁμα
3474 2341 3552 2413 τῷ
3583 2342 3727 2413 ἁγίῳ

2040 2428 2341 2499 Πνεύματι,
2372 2430 2451 2491 εἰς
2476 2428 2603 2489 τοὺς
2635 2426 2837 2489 αἰῶνας
2868 2425 2977 2479 τῶν
3002 2425 3233 2478 αἰώνων.
3256 2425 3447 2494 Ἀμήν.

2106 2531 2131 2568 δ
2159 2535 2257 2582 Alii
2286 2532 2543 2587 εὐλαϐείας.

2103 2598 2125 2625 ⁸
2154 2596 2304 2644 Addit
2328 2596 2476 2643 Savil.
2513 2595 2594 2640 καὶ
2619 2594 2728 2648 τοὺς
2752 2594 2815 2655 μή
2849 2593 3237 2655 κατωρθωκότας.

361 2695 3612 2726 MM

247 2791 274 2811 ‘
305 2790 425 2841 ’Ότι
464 2788 530 2842 τὸ
558 2787 667 2855 τῆς
699 2788 901 2852 λύπης
930 2784 1119 2849 πάθος
1156 2786 1242 2849 εἰς
1270 2782 1559 2852 ἁμαρτίας
1591 2781 1902 2848 ἀναίρεσιν
1926 2781 2120 2849 μόνον
2147 2776 2467 2847 χρήσιμον·
2526 2774 2623 2828 καί
2661 2778 2748 2840 εἰς
2784 2774 2874 2837 τὸ,
2916 2772 3005 2828 Ἐν
3040 2775 3182 2845 ἀρχῇ
3233 2774 3491 2845 ἐποίησεν
3533 2777 3561 2828 6
3588 2776 3723 2841 Θεὸς

322 2882 416 2933 τὸν
471 2881 701 2952 οὐρανὸν
757 2879 848 2932 καὶ
893 2877 990 2949 τὴν
1035 2877 1160 2946 γῆν·
1194 2876 1293 2929 καί
1328 2875 1415 2928 ὅτι
1470 2874 1761 2943 μεγίστης
1790 2870 2225 2939 παρακλήσεως
2261 2870 2552 2935 ὑπόθεσις
2585 2870 2623 2936 ἡ
2658 2866 2769 2935 τῆς
2812 2866 3197 2937 δημιουργίας
3244 2868 3624 2936 κατασκευήο
3654 2870 3727 2925 ἐν

320 2966 373 3041 ᾦ
404 2974 501 3026 καί
541 2974 674 3041 περὶ
713 2972 841 3034 τοῦ,
877 2970 1071 3041 Ἀδὰμ,
1109 2968 1210 3022 ποῦ
1240 2965 1319 3035 ei;
1349 2967 1445 3020 καὶ
1476 2967 1609 3035 περὶ
1646 2966 1752 3020 τοῦ
1776 2964 1862 3035 μὴ
1894 2966 2155 3034 ὀμνύειν.

942 3158 1171 3226 Ὀμι.ἲία
1204 3154 1264 3215 ζ’.

319 3252 394 3300 α’.
414 3239 590 3299 Πολλὰ
613 3245 711 3315 μὲν
734 3246 826 3298 καὶ
846 3263 910 3298 πε
921 3247 973 3317 ρ“ι
991 3246 1198 3297 πολλῶν
1228 3243 1353 3314 χθὲς
1380 3242 1515 3312 πρὸς
1536 3243 1633 3315 τὴν
1659 3244 1930 3315 ὑμετέραν

249 3333 535 3405 διελέχθην
566 3334 811 3404 ἀγάπην,
836 3334 945 3386 ἀπὸ
972 3333 1028 3385 δέ
1056 3332 1165 3384 τῶν
1190 3330 1399 3384 πολλῶν
1425 3332 1472 3383 εί
1503 3330 1577 3402 μὴ
1600 3331 1774 3385 πάντα
1803 3348 1932 3385 κατ-

245 3425 400 3495 έχειν
418 3424 545 3493 ὑμῖν
570 3422 816 3485 δυνατὸν,
834 3423 1009 3474 ἐκεῖνό
1033 3422 1267 3491 μάλιστα
1292 3420 1511 3473 πάντων
1536 3419 1929 3491 ὑμᾶςδιαμνη-

254 3511 513 3582 μονεῦσαι
551 3511 766 3581 δέομαι,
799 3510 880 3563 ὅτι
915 3509 1011 3579 τὴν
1061 3508 1238 3579 λύπην
1270 3509 1400 3578 ημῖν
1440 3510 1468 3560 6
1512 3506 1645 3569 Θεὸς
1683 3507 1751 3559 δι’
1779 3508 1930 3561 οὐδὲν

246 3600 441 3670 ἕτερον
469 3598 746 3668 ἐνέθηκεν,
773 3598 887 3651 ἀλλ’
923 3598 956 3669 ἢ
990 3597 1057 3650 δι’
1094 3597 1368 3668 ἁμαρτίαν
1401 3595 1598 3665 μόνην,
1642 3596 1736 3647 καὶ
1776 3596 1933 3649 τοῦτο

248 3686 490 3757 ἐδήλωσε
512 3687 578 3739 δι’
600 3686 770 3755 αὐτῆς
790 3684 899 3738 τῶν
925 3686 1265 3756 πραγμάτων
1287 3684 1386 3752 τῆς
1411 3681 1525 3754 [85]
1557 3683 1775 3753 πείρας.
1808 3684 1932 3737 Ἐπὶ

253 3775 357 3842 μὲν
387 3775 495 3846 γὰρ
526 3774 702 3844 ζημίᾳ.
736 3774 1055 3843 χρημάτων,
1086 3772 1180 3825 καὶ
1221 3771 1522 3842 ἀρρωστίᾳ,
1558 3771 1655 3823 καὶ
1691 3771 1926 3840 θανάτῳ,

248 3863 351 3917 καὶ
369 3864 483 3924 τοῖς
507 3861 687 3923 ἄλλοις
708 3872 733 3899 α
757 3863 868 3922 τοῖς
892 3858 1295 3929 συμπίπτουσιν
1317 3860 1451 3927 ήμῖν
1478 3858 1672 3920 δεινοῖς
1700 3858 1927 3926 ἀλγοῦν-

250 3968 349 4015 τες
380 3951 477 4003 καὶ
520 3948 881 4020 ἀθυμοῦντες,
920 3950 981 4001 οὑ
1011 3948 1170 4017 μόνον
1210 3946 1467 4016 οὐδεμίαν
1494 3946 1602 3998 ἀπὸ
1628 3946 1727 4015 τῆς
1751 3946 1929 4016 λύπης

251 4037 471 4110 καρποῦ
480 4035 619 4105 μεθα
640 4035 1013 4107 παραμυθίαν,
1033 4034 1169 4087 ἀλλά
1192 4034 1287 4086 καὶ
1308 4034 1645 4102 ἐπιτείνομεν
1665 4034 1732 4086 τὰ
1751 4033 1803 4085 δε
1813 4036 1922 4088 ινά⁴

251 4129 348 4181 ἐπὶ
369 4127 427 4179 δὲ
450 4126 558 4180 τῶν
578 4124 994 4197 ἁμαρτημάτων
1020 4125 1083 4177 ἂν
1105 4124 1432 4193 ἀλγήσωμεν
1458 4124 1550 4174 καὶ
1572 4122 1923 4192 λυπηθῶμεν,

245 4213 671 4284 ὑποτεμνόμεθα
701 4214 799 4283 τῆς
828 4212 1101 4282 ἁμαρτίας
1127 4211 1217 4263 τὸν
1241 4210 1425 4277 ὄγκον,
1454 4211 1550 4262 καὶ
1596 4209 1799 4279 μικρὰν
1829 4210 1927 4279 τὴν

256 4302 500 4372 μεγάλην
524 4300 811 4370 ποιοῦμεν,
832 4299 1085 4361 πολλάκις
1116 4299 1171 4351 δέ
1200 4299 1292 4351 καὶ
1320 4297 1500 4349 τέλεον
1527 4298 1697 4367 αὐτὴν
1719 4296 1927 4361 ἐξαλεί-

253 4407 430 4461 φομεν
452 4390 690 4443 ἃπασαν.
709 4386 880 4440 Τοῦτο
900 4388 963 4460 δή
992 4405 1079 4457 μοι
1109 4386 1389 4458 μέμνησθε
1416 4385 1701 4455 διηνεκῶς,
1724 4386 1813 4437 ἵνα
1840 4386 1924 4455 ἐφ’

250 4477 504 4549 ἁμαρτίᾳ
540 4477 699 4546 μόνον
732 4475 955 4545 ἀλγῆτε,
984 4476 1068 4543 ἐφ’
1104 4474 1277 4544 ἑτέρῳ
1307 4473 1362 4526 δέ
1405 4472 1620 4543 μηδενίο
1666 4473 1758 4525 καὶ
1788 4472 1927 4543 μετά

250 4564 459 4619 τούτων
473 4564 500 4604 δ
519 4566 739 4617 κάκεῖνο
761 4563 943 4627 πάλιν,
962 4564 1043 4616 ὅτι
1069 4562 1296 4615 θάνατον
1317 4562 1411 4614 καὶ
1435 4560 1612 4631 λύπην
1632 4563 1664 4631 ή
1689 4561 1927 4631 ἁμαρτία

252 4655 335 4716 εἰς
359 4652 452 4705 τὸν
488 4651 600 4721 βίον
631 4651 789 4722 ήμῶν
812 4648 1219 4719 εἰσενεγκοῦσα,
1246 4650 1337 4703 ὑπ’
1368 4649 1692 4720 ἀμφοτέρων
1720 4648 1925 4703 τούτων

251 4741 559 4812 ἀναιρεῖται
593 4740 772 4795 πάλιν.
799 4741 935 4810 ὅπερ
964 4735 1056 4792 οὖν
1086 4740 1182 4792 καὶ
1210 4740 1344 4792 αὐτὸ
1376 4738 1706 4807 σαφέστερον
1737 4739 1926 4809 πρώην

252 4828 642 4898 ἀπεδείξαμεν.
676 4827 858 4896 Μηδὲν
898 4823 991 4880 οὖν
1034 4826 1175 4879 οὕτω
1212 4824 1507 4894 φοϐώμεθα
1543 4825 1618 4888 ὡς
1652 4825 1710 4878 τὸ
1745 4826 1927 4894 ἀμαρ-

252 4918 441 4972 τάνειν
470 4916 563 4969 καὶ
585 4914 689 4985 πλη
701 4914 952 4984 μμελεῖνο
987 4913 1061 4984 μὴ
1093 4912 1385 4983 φοϐώμεθα
1418 4913 1657 4973 κόλασιν,
1691 4913 1784 4965 καὶ
1812 4914 1926 4965 δια-

255 5002 569 5074 φευξόμεθα
614 5002 865 5055 κόλασιν·
909 5001 1160 5072 καθάπερ
1203 4997 1296 5053 οὖν
1346 5001 1438 5053 καὶ
1468 5001 1518 5052 οἰ
1550 5002 1699 5070 τρεῖς
1736 5000 1925 5063 παῖδες

252 5094 357 5145 οῦκ
384 5090 735 5161 ἐφοϐήθησαν.
753 5090 851 5159 τὴν
872 5088 1123 5158 κάμινον,
1149 5089 1243 5140 καὶ
1266 5088 1523 5156 διέφυγον
1545 5087 1641 5157 τὴν
1662 5086 1891 5157 κάμινον
1910 5104 1923 5117 ο

252 5180 530 5242 τοιούτους
552 5174 688 5231 εἶναι
716 5177 821 5249 χρὴ
842 5180 970 5239 τοὺς
999 5176 1091 5228 τοῦ
1124 5176 1260 5228 Θεοῦ
1285 5175 1521 5238 δούλους.
1558 5176 1620 5227 Εἰ
1651 5175 1759 5243 γὰρ
1785 5175 1833 5226 oi
1869 5176 1927 5226 ἐν

252 5272 319 5339 τῇ
352 5267 571 5338 Παλαιᾷ
612 5268 911 5338 τραφέντες
932 5306 945 5329 ,
978 5266 1066 5318 ὅτε
1100 5263 1252 5317 οῦπω
1299 5263 1631 5333 ἐνενέκρωτο
1666 5262 1925 5325 θάνατος,

252 5355 378 5409 οὔτε
428 5357 483 5408 αἱ
542 5355 740 5426 χαλκαῖ
792 5354 958 5408 πύλαι
1024 5352 1505 5420 συνεκλάσθησαν,
1552 5350 1677 5402 οὔτε
1723 5351 1773 5401 οἱ
1832 5366 1929 5419 μο-

254 5445 371 5513 χλοὶ
426 5445 478 5496 οἱ
531 5444 741 5515 σιδηροῖ
794 5442 1187 5513 συνετρίϐησαν
1223 5452 1270 5504 ο,
1316 5440 1457 5492 οὕτω
1496 5439 1757 5506 γενναίως
1795 5455 1927 5490 κατ-

316 5586 333 5603 ’
357 5584 579 5633 Tilulum
619 5582 691 5633 sic
714 5583 933 5632 eﬂ‘erunl
973 5582 1123 5631 Savil.
1168 5586 1221 5630 et
1257 5583 1354 5629 duo
1392 5579 1619 5630 codices-
1658 5578 1756 5629 Τοῦ
1781 5576 1926 5628 αὐτοῦ

252 5646 517 5707 ὑπόμνησις
536 5649 632 5693 τῶν
651 5645 898 5707 ἦδηαῦτῷ
926 5645 1275 5707 προλεχθέντων
1308 5644 1600 5707 ἀκολούθως·
1629 5643 1701 5707 ὅτι
1726 5642 1927 5707 θάνατον

350 5702 509 5779 ’λύπην
531 5711 562 5765 ἡ
586 5702 934 5779 ἀμαρτίιξμῶη
962 5702 1026 5779 είς
1051 5702 1135 5779 τὸν
1153 5705 1258 5779 βίον
1274 5702 1635 5779 ἐἰσενεγκοῦσθ
1659 5704 1738 5751 ὑπ’

254 5769 431 5816 τούτων
453 5764 711 5831 ἀναιρεῖται
730 5764 889 5826 πάλιν,
916 5768 997 5816 καὶ
1028 5768 1091 5831 εἰς
1117 5764 1191 5831 τὸ,
1222 5781 1239 5812 ι
1254 5830 1261 5831 7
1274 5764 1352 5831 Ἐν
1372 5764 1501 5831 ἀρχῇ.
1521 5765 1741 5831 ἐποίησεν
1763 5767 1788 5811 6
1808 5765 1926 5831 Θεὸς

253 5844 333 5892 τον
369 5826 575 5892 οὐρανὸν
599 5830 680 5892 καὶ
704 5831 789 5886 τήν
819 5836 931 5889 γῆν·
962 5849 985 5892 ξ»
1015 5830 1097 5875 καὶ
1136 5829 1209 5875 ὄτι
1231 5830 1267 5892 _6
1298 5826 1417 5892 Θεὸς
1434 5826 1560 5892 γούχὶ
1578 5828 1744 5892 *τιμῶν
1785 5826 1924 5892 μόνον

253 5887 536 5963 ﬁll-52,6335
565 5887 839 5963 εὐεργετῶν,
867 5890 988 5963 ἀλλά
1020 5892 1102 5963 καὶ
1126 5889 1338 5944 κολάζων
1364 5887 1539 5949 ὁμοίως
1572 5888 1698 5934 ἐστὶν
1724 5887 1919 5945 ἀγαθός·

252 5954 339 6025 καί
353 5954 457 6025 περί
480 5959 565 6025 τῆς
592 5953 689 6025 τῶν
710 5953 865 6025 ὅρκων
886 5953 1086 6013 ἀποχῆς.

316 6017 340 6041 ⁴
364 6014 456 6063 Alii
481 6015 580 6071 τοῖς
600 6014 797 6069 λοιποῖς.

317 6074 343 6113 ι)
366 6076 515 6126 Savil.
544 6084 589 6122 el
612 6076 810 6137 quidam
835 6089 950 6123 mss.
966 6074 1096 6137 μετὰ
1120 6072 1279 6122 τοῦτο.

315 6138 339 6168 ε
364 6137 458 6187 Alii
484 6132 876 6196 συνεθῖάσθησαν.
900 6132 1021 6186 ἰοῦ-ιι
1044 6137 1239 6199 quidam
1261 6135 1537 6199 συγγνώμην
1558 6132 1794 6190 τοιαύτης.

1948 3086 2017 3097 υ.-

2041 3146 2343 3215 ετόλμησαν
2374 3143 2474 3214 τῆς
2512 3141 2788 3212 τελευτῆς,
2823 3142 2945 3195 τίνα
2979 3140 3173 3212 ἕξομεν
3205 3143 3498 3213 ἀπολογίαν
3536 3147 3716 3216 ἡμεῖς,

2040 3236 2072 3303 ἦ
2108 3233 2266 3287 ποίαν
2301 3228 2654 3301 συγγνώμην,
2692 3228 2958 3299 τοσαύτης
2992 3229 3399 3294 ἀπολαύσαντες
3430 3233 3529 3301 τῆς
3562 3234 3722 3304 χάρι-

2038 3339 2161 3384 τος,
2210 3321 2304 3375 καὶ
2352 3318 2486 3390 μηδὲ
2536 3317 2675 3389 πρὸς
2718 3317 2789 3369 τά
2839 3318 2978 3370 αύτά
3017 3317 3311 3386 φθάνοντες
3352 3318 3581 3385 ἐκείνοις
3626 3322 3722 3392 μι-

2037 3426 2141 3480 τρα
2186 3411 2285 3477 τῆς
2328 3408 2529 3477 ἀρετῆς
2561 3403 2681 3469 νῦν,
2711 3406 2798 3457 ὅτε
2837 3405 3008 3475 όνομα
3045 3404 3203 3474 μόνον
3243 3406 3393 3458 ἐστὶν
3426 3408 3454 3459 6
3492 3406 3722 3477 θάνατος

2036 3499 2357 3569 πράγματος
2389 3496 2627 3567 ἕρημον;
2664 3494 2829 3547 Οὐδὲν
2861 3494 2970 3563 γὰρ
3003 3493 3190 3563 ἕτερόν
3231 3496 3381 3549 ἐστιν
3408 3496 3436 3548 6
3467 3496 3717 3561 θάνατος,

2035 3584 2150 3637 ἀλλ’
2178 3583 2210 3655 ἢ
2247 3582 2433 3645 ὕπνος,
2472 3580 2566 3632 καὶ
2597 3579 2896 3650 ἀποδημία,
2938 3581 3034 3632 καὶ
3073 3579 3424 3649 μετάστασις,
3459 3584 3553 3636 καὶ
3585 3586 3721 3639 ἀνά-

2037 3688 2256 3732 παυσις,
2298 3669 2393 3721 καὶ
2422 3668 2588 3738 λιμὴν
2622 3667 2815 3731 εὔδιος,
2844 3669 2938 3720 καὶ
2975 3668 3224 3737 ταραχῆς
3269 3670 3578 3744 ἀπαλλαγὴ,
3623 3677 3718 3731 καὶ

2037 3758 2305 3829 βιωτικῶν
2350 3757 2633 3829 ἐλευθερία
2674 3756 2996 3826 φροντίδων.
3044 3756 3206 3810 Ἀλλά
3245 3758 3346 3826 τῆς
3392 3760 3489 3829 μὲν
3540 3781 3721 3834 παρα.

2034 3848 2277 3918 κλήσεως
2307 3845 2541 3899 ἐνταῦθα
2567 3844 2962 3914 καταλῦσωμεν
2988 3844 3076 3896 τὸν
3102 3844 3260 3912 λόγον
3280 3863 3293 3876 ⁸
3320 3847 3415 3899 καὶ
3438 3846 3546 3919 γάρ
3575 3850 3719 3920 πέμ.

2032 3952 2173 4004 πτην
2198 3933 2411 4004 ἡμέραν
2447 3932 2643 4003 ἔχομεν
2675 3929 3121 4002 παρακαλοῦντες
3156 3932 3311 4001 ὑμῶν
3340 3934 3438 4004 τὴν
3466 3921 3747 4009 ἀγάπην)

2035 4022 2129 4075 καὶ
2159 4021 2343 4073 λοιπὸν
2374 4020 2469 4073 καὶ
2504 4019 2739 4090 ἐνοχλεῖν
2766 4019 3051 4089 δοκοῦμεν.
3082 4020 3210 4083 Τοῖς
3248 4019 3348 4088 μὲν
3388 4021 3499 4091 γὰρ
3540 4039 3713 4094 προσ-

2032 4110 2254 4179 έχουσιν
2288 4110 2450 4179 ἀρκεῖ
2483 4108 2576 4161 καὶ
2621 4107 2688 4161 τὰ
2719 4108 2987 4179 εἰρημένα
3008 4146 3022 4169 ,
3058 4110 3169 4170 τοῖς
3222 4107 3279 4159 δὲ
3315 4108 3671 4180 μικροψύχοις
3697 4150 3711 4172 ,

2030 4198 2132 4250 κᾶν
2179 4196 2399 4248 πλείονα
2448 4196 2556 4248 τῶν
2604 4196 2915 4266 εἰρημένων
2957 4193 3317 4265 προσθῶμεν,
3366 4194 3518 4247 οὐδὲν
3556 4196 3712 4258 ἔσται

2030 4285 2208 4338 πλέον.
2228 4286 2367 4357 Ὦρα
2389 4284 2445 4338 δὲ
2464 4284 2650 4337 λοιπὸν
2671 4285 2803 4353 ἡμῖν
2827 4282 2919 4335 ἐπὶ
2939 4282 3038 4353 τὴν
3061 4280 3169 4334 τῶν
3193 4281 3425 4351 Γραφῶν
3448 4282 3713 4353 ἐξήγησιν

2027 4372 2220 4442 τρέψαι
2252 4374 2351 4443 τὴν
2387 4370 2755 4424 διδασκαλίαν.
2779 4370 2991 4439 Ὥσπερ
3017 4367 3146 4439 γὰρ,
3173 4370 3221 4420 εἰ
3258 4368 3423 4439 μηδὲν
3458 4371 3711 4443 περὶτῆς

2032 4461 2319 4529 συμφορᾶς
2360 4458 2564 4527 ταύτης
2600 4455 2989 4526 διελέχθημεν,
3025 4456 3285 4525 ὠμότητα
3318 4457 3384 4510 ἀν
3431 4474 3514 4521 τις
3553 4460 3711 4530 ήμῶν

2028 4547 2276 4615 κατέγνω
2320 4548 2417 4599 καὶ
2455 4544 2884 4616 ἀπανθρωπίανο
2927 4541 3100 4606 οὕτως
3130 4542 3196 4595 ἂν
3241 4543 3534 4609 διαπαντὸς
3580 4552 3710 4619 περὶ

2026 4634 2198 4704 αὐτῆς
2230 4631 2607 4703 διαλεγώμεθα
2631 4671 2645 4693 ,
2696 4629 3061 4702 μικροψυχίαν
3090 4630 3155 4682 ἄν
3203 4648 3287 4693 τις
3319 4633 3350 4701 ή
3363 4632 3479 4701 μῶν
3528 4651 3701 4690 κατα·-

2029 4722 2179 4793 γνοίη
2219 4722 2460 4782 δικαίως.
2496 4719 2872 4791 Παραθέμενοι
2918 4717 3103 4770 τοίνυν
3138 4718 3292 4787 ὑμῶν
3342 4720 3441 4783 τὰς
3477 4723 3706 4793 καρδίας

2026 4807 2104 4878 τῷ
2134 4808 2252 4878 Θεῷ
2288 4807 2365 4878 τῷ
2403 4806 2686 4877 δυναμένῳ
2726 4805 2957 4875 λαλῆσαι
2992 4805 3073 4867 εἰς
3111 4804 3210 4875 τὴν
3252 4805 3493 4861 διάνοιαν
3529 4809 3706 4881 ὑμῶν,

2028 4896 2119 4949 καὶ
2144 4898 2322 4949 πᾶσαν
2349 4894 2558 4947 ἔνδοθεν
2588 4892 2856 4947 ἀπελάσαι
2878 4891 3082 4962 λύπην,
3107 4891 3208 4961 τῆς
3230 4893 3484 4958 εἰωθυίας
3510 4898 3704 4952 αὑτοὶά

2024 4982 2373 5045 διδασκαλίας
2401 4982 2669 5051 ἁψώμεθα
2694 4980 2809 5045 νῦν,
2838 4980 2937 5033 καὶ
2967 4980 3204 5051 μάλιστα
3227 4980 3388 5034 ὁπότε
3424 4984 3517 5037 καὶ
3549 4987 3700 5039 πᾶσα

2028 5071 2247 5141 Γραφῆς
2270 5071 2529 5140 ἐξήγησις
2559 5067 2903 5140 παράκλησίς
2926 5069 3155 5121 ἐστικαὶ
3178 5069 3521 5140 παραμυθία.
3540 5072 3704 5127 Ὥστε

2028 5158 2132 5211 κᾶν
2154 5157 2402 5228 δοκῶμεν
2434 5156 2765 5224 ἀφίστασθαι
2795 5156 2889 5209 τοῦ
2914 5155 3274 5227 παρακαλεῖν,
3300 5157 3460 5210 πάλιν
3492 5161 3571 5223 είς
3603 5162 3705 5231 τὴν

2028 5245 2194 5315 αὐτὴν
2225 5246 2571 5315 ἐμπίπτομεν
2604 5244 2861 5297 ὑπόθεσιν
2898 5244 2987 5297 διά
3025 5245 3126 5314 τῆς
3178 5244 3288 5297 τῶν
3336 5246 3570 5316 Γραφῶν
3614 5249 3703 5314 ἐξ-

2028 5336 2309 5403 ηγήσεως·
2349 5334 2430 5385 ὅτι
2470 5332 2578 5405 γὰρ
2613 5334 2761 5386 πᾶσα
2809 5333 3001 5403 Γραφὴ
3046 5332 3395 5403 παράκλησίς
3433 5336 3548 5389 ἐστι
3591 5340 3702 5401 τοῖς

2033 5422 2411 5491 προσέχουσιν,
2450 5422 2677 5476 αύτόθεν
2716 5423 2845 5491 ὑμῖν
2891 5421 3049 5475 τοῦτο
3097 5423 3308 5493 ποιήσω
3343 5424 3595 5493 φανερόν.
3625 5428 3699 5479 Οὐ

2027 5508 2137 5579 γὰρ
2157 5509 2221 5579 δὴ
2247 5510 2551 5581 περιελθὼν
2577 5511 2687 5563 τῶν
2716 5509 2947 5582 Γραφῶν
2972 5510 3071 5573 τὰς
3101 5511 3342 5581 ἱστορίας
3372 5512 3700 5585 πειράσομαι

2030 5593 2264 5665 ζητῆσαι
2303 5597 2799 5668 παραμυθητικούς
2829 5615 2979 5661 τινας
3020 5597 3241 5665 λόγουςο
3275 5597 3391 5651 ἀλλ’
3422 5599 3564 5653 ὥστε
3605 5619 3699 5654 σα-

2030 5683 2304 5754 φεστέραν
2354 5688 2454 5755 τῆς
2507 5684 2857 5754 ὑποσχέσεως
2916 5683 3192 5750 ἀπόδειξιν
3237 5690 3585 5757 παρασχεῖν,
3639 5688 3701 5743 τὸ

2029 5772 2268 5841 σήμερον
2292 5774 2425 5843 ἡμῖν
2446 5771 2793 5841 ἀναγνωσθέν
2823 5772 3319 5844 μεταχειριοῦμαιο
3349 5773 3573 5844 βιϐλίον,
3606 5776 3698 5831 καὶ

2028 5858 2077 5909 εἰ
2105 5857 2254 5912 δοκεί
2280 5858 2378 5929 τὴν
2406 5859 2579 5929 ἀρχὴν
2609 5859 2774 5912 αὐτοῦ
2802 5861 2896 5913 καὶ
2928 5860 2989 5912 τὸ
3014 5860 3321 5932 προοίμιον,
3352 5862 3382 5915 6
3415 5863 3563 5917 δοκεῖ
3593 5865 3695 5935 μά-

2026 5942 2184 5999 λιστα
2220 5946 2354 6016 μηδὲ
2390 5947 2534 6015 ἴχνος
2566 5947 2851 6015 ἐμφαίνειν
2880 5946 2997 6019 [86]
3031 5950 3408 6020 παραμυθίας,
3438 5952 3573 6007 ἀλλά
3602 5955 3694 6009 καὶ

2086 6066 2111 6105 d
2138 6068 2411 6116 Pronomen
2434 6069 2568 6115 αὐτοί
2589 6067 2731 6116 nobis
2752 6068 2891 6117 dedit
2913 6068 3143 6118 Savilius.
3168 6070 3301 6119 Εοιτ.

2091 6132 2110 6151 ⁶
2132 6132 2231 6182 Alii
2259 6129 2687 6193 μεταχειριούμεθα.
2716 6130 2839 6179 Infra
2864 6132 2975 6180 Sav.
3004 6138 3055 6180 et
3078 6133 3160 6181 alii
3182 6134 3526 6194 ἠλλοτριῶσθαι
3547 6134 3594 6183 λ.
