4072 6384
340 519 414 576 93
1195 508 1250 562 S.
1303 506 1598 566 JOANNIS
1641 505 2134 564 CHRYSOSTOMI
2166 504 2486 562 ARCIIIEP.
2527 503 3076 564 CONSTANTINOP.
3750 510 3821 565 9!.

337 631 571 688 καθόλου
609 626 1041 701 παρακλητικῶν
1073 625 1490 696 ἀλλοτριοῦσθαι
1518 625 1716 694 λόγων,
1741 623 1818 689 είς
1855 624 2028 696 μέσον

337 721 596 796 προθεὶς,
629 720 658 773 ὃ
691 718 836 786 λέγω
880 715 1090 786 ποιήσω
1123 713 1381 784 φανερόν.
1419 715 1484 766 Τί
1533 716 1653 766 ποτ’
1683 709 1777 768 οὖν
1821 714 1937 766 ἐστι
1964 711 2027 764 τὸ

335 811 658 886 προοίμιον;
695 809 790 861 Ἐν
831 804 992 876 ἀρχῇ
1040 803 1330 868 ἐποίησεν
1369 804 1404 857 ὁ
1443 801 1588 868 Θεὸς
1619 800 1727 856 τόν
1764 799 2024 869 οὐρανόν

335 902 436 956 καὶ
473 900 590 969 τὴν
625 898 774 968 γῆν·
794 896 832 964 ἡ
863 894 933 947 δὲ
962 893 1036 964 γῆ
1065 889 1145 963 ἦν
1175 892 1432 960 ἀόρατος
1461 890 1562 944 καί
1609 889 2026 944 ἁκατασκεύα-

333 1005 506 1055 στος,
551 985 651 1040 καί
682 983 904 1048 σκότος
927 979 1128 1034 ἐπάνω
1150 979 1260 1048 τῆς
1287 978 1584 1032 ἀϐύσσου.
1605 972 1752 1050 ’Ἄρα
1778 975 1852 1048 μή
1879 975 2029 1028 δοκεῖ

333 1093 477 1130 τισιν
501 1073 654 1146 ὑμῶν
686 1069 1032 1142 παράκλησιν
1061 1067 1206 1138 ἔχειν
1239 1067 1480 1138 ἀθυμίας
1499 1066 1568 1120 τὰ
1595 1065 1899 1138 εἰρημένας
1925 1065 2025 1134 οὐχ

334 1163 571 1237 ἱστορίας
590 1158 840 1232 διήγησίς
863 1159 982 1211 ἐστι
1007 1157 1102 1210 καὶ
1131 1155 1498 1228 δημιουργίας
1523 1152 1876 1218 διδασκαλίας

407 1253 472 1324 β’.
497 1248 762 1306 Βούλεσθε
781 1243 875 1302 οῦν
891 1245 1144 1312 ἐπιδείξω
1159 1244 1258 1316 τήν
1277 1242 1739 1315 ἐγκεκρυμμένην
1770 1244 1836 1314 τῇ
1868 1241 1934 1312 ρή
1944 1258 2023 1294 σει

332 1341 502 1412 ταύτῃ
531 1335 917 1410 παράκλησινς
956 1332 1294 1403 Διανάστητε
1328 1331 1531 1395 τοίνυν,
1575 1329 1670 1384 καὶ
1700 1330 1842 1400 μετὰ
1865 1329 2023 1400 ἀκρι-

333 1430 486 1493 ϐείας
512 1426 811 1498 προσέχετε
843 1425 958 1485 τοῖς
990 1419 1324 1492 ῥηθήσεσθαι
1368 1418 1677 1489 μέλλουσιν.
1709 1419 1876 1471 Ὅταν
1914 1417 2023 1488 γὰρ

334 1517 601 1590 ἀκούσῃς.
629 1515 712 1569 ὅτι
749 1512 840 1566 τὸν
873 1509 1124 1582 οὐρανὸν,
1163 1509 1264 1580 τὴν
1295 1508 1420 1576 γῆν,
1458 1509 1559 1576 τὴν
1584 1505 1857 1560 θάλατταν
1878 1544 1892 1568 ,
1931 1503 2023 1558 τὸν

334 1609 494 1680 ἀέρα,
524 1607 592 1660 τά
633 1603 825 1667 ὕδατα,
866 1602 994 1663 τοὺς
1038 1597 1278 1670 ἀστέρας
1318 1597 1446 1660 τοὺς
1491 1596 1738 1659 πολλοὺς,
1769 1595 1896 1658 τοὺς
1928 1594 2022 1650 δύο

336 1695 632 1767 φωστῆρας
664 1693 791 1755 τοὺς
841 1689 1138 1761 μεγάλους,
1179 1686 1248 1739 τά
1282 1685 1447 1754 φυτὰ,
1485 1684 1554 1737 τὰ
1589 1683 1918 1755 τετράποδα,
1953 1681 2022 1735 τά

335 1784 532 1858 νηκτὰ,
561 1783 630 1836 τά
659 1781 934 1850 πετόμενα
963 1777 1100 1842 ζῶα,
1131 1775 1311 1830 πάντα
1336 1773 1524 1838 ἁπλῶς
1552 1772 1621 1826 τά
1649 1770 1901 1843 ὁρώμενα
1931 1770 2020 1825 διὰ

337 1875 397 1926 σέ
431 1873 528 1927 καὶ
565 1871 664 1942 τὴν
715 1868 813 1940 σήν
847 1865 1126 1937 σωτηρίαν
1169 1865 1265 1918 καὶ
1301 1864 1468 1934 τιμὴν
1506 1862 1764 1934 ἐποίησεν
1793 1864 1821 1914 6
1866 1860 2018 1927 Θεὸς,

335 1962 432 2032 οὐχ
458 1961 650 2031 ἰκανήν
676 1958 878 2020 εὐθέως
910 1954 1214 2024 λαμϐάνεις
1247 1951 1613 2024 παράκλησιν,
1637 1952 1730 2004 καὶ
1759 1951 1858 2021 τῆς
1879 1949 2018 2018 ἀγά-

335 2067 444 2121 πης
478 2047 572 2100 τοῦ
618 2044 754 2099 Θεοῦ
809 2043 1077 2114 μεγίστην
1123 2041 1256 2113 δέχῃ
1295 2039 1503 2109 ταύτην
1555 2038 1851 2103 ἀπόδειξιν,
1887 2038 2016 2090 ὅταν

335 2137 628 2208 ἐννοήσῃς.
660 2135 744 2188 ὅτι
792 2130 1048 2185 τοσοῦτον
1100 2129 1196 2182 καὶ
1242 2126 1565 2200 τηλικοῦτον
1597 2127 1800 2196 κόσμον
1823 2165 1837 2190 ,
1871 2123 2015 2178 οὕτω

334 2224 519 2292 καλὸν,
560 2223 656 2277 καὶ
687 2221 884 2293 μέγαν,
912 2219 1008 2272 καὶ
1036 2216 1356 2288 θαυμαστὸν
1378 2215 1468 2269 διὰ
1498 2217 1556 2269 σέ
1581 2216 1674 2269 τὸν
1707 2214 1914 2286 βραχὺν
1939 2214 2020 2277 εἰς

339 2315 502 2386 μέσον
540 2313 902 2382 παρήγαγεν;
951 2307 1118 2360 Ὅταν
1165 2301 1258 2359 οὖν
1286 2304 1564 2377 ἀκούσῃς,
1597 2304 1680 2356 ὃτι
1732 2303 1836 2357 Ἐν
1861 2299 2020 2370 ἀρχῇ

335 2402 624 2471 ἐποίησεν
648 2405 679 2454 ό
702 2397 848 2463 Θεὸς
876 2395 984 2449 τὸν
1010 2393 1275 2464 οὐρανὸν
1303 2392 1403 2446 καί
1425 2391 1540 2460 τὴν
1569 2390 1707 2462 γῆν,
1739 2390 1813 2461 μὴ
1836 2388 2020 2452 ἁπλῶς

337 2487 705 2561 παραδράμῃς
751 2485 812 2538 τὸ
849 2483 1162 2556 εἰρημένον,
1210 2480 1327 2534 ἀλλ’
1380 2479 1576 2533 ἔπελθε
1613 2482 1681 2551 τῇ
1714 2478 1922 2549 διανοίᾳ
1960 2477 2020 2530 τὸ

336 2577 496 2652 εὖρος
541 2577 643 2648 τῆς
675 2577 800 2646 γῆς,
833 2573 925 2627 καὶ
958 2570 1278 2640 ἀναλόγισαι
1311 2569 1430 2634 πῶς
1463 2571 1598 2640 ἡμῖν
1628 2567 1892 2638 πολυτελῆ
1926 2567 2020 2620 καί

335 2669 534 2740 δαψιλῆ
572 2665 854 2738 τράπεζαν
895 2663 1088 2734 ἀνῆκε,
1129 2661 1223 2714 καὶ
1264 2658 1466 2730 πολλὴν
1499 2656 1831 2729 πολλαχόθεν
1875 2673 2018 2728 m9-

337 2761 498 2830 έσχεν
541 2758 673 2828 ἡμῖν
723 2751 1096 2825 εὐφροσύνην·
1148 2749 1244 2803 καί
1271 2749 1333 2801 τὸ
1381 2747 1447 2819 δὴ
1507 2747 1786 2818 μέγιστον,
1827 2745 1910 2799 ὅτι
1959 2746 2018 2798 οὐ

338 2849 520 2903 πόνων
555 2843 792 2917 ἀμοιϐὴν
826 2842 1060 2904 ἔδωκεν,
1110 2837 1232 2892 οὐδέ
1269 2836 1718 2908 κατορθωμάτων
1753 2834 2020 2890 ἀντίδοσιν

335 2937 429 2990 τὸν
458 2933 710 2989 τοσοῦτον
738 2931 833 2986 καὶ
859 2928 1175 2999 τηλικοῦτον
1217 2927 1442 2998 κόσμον,
1484 2924 1599 2978 ἀλλ’
1620 2923 1756 2995 ὁμοῦ
1790 2941 1848 2976 τε
1876 2925 2021 2995 ἡμᾶς

339 3020 566 3088 ἔπλασε,
588 3020 682 3074 καὶ
712 3020 780 3090 τῇ
816 3017 1064 3089 βασιλείᾳ.
1100 3014 1274 3086 ταύτῃ
1308 3015 1368 3068 τὸ
1393 3016 1549 3082 γένος
1587 3013 1744 3084 ἠμῶν
1771 3013 2018 3084 ἐτίμησε.

336 3110 692 3180 Ποιήσωμεν
709 3108 820 3180 γὰρ
837 3105 1331 3175 ἀνθρωπον,φησὶ,
1360 3103 1486 3156 κατ’
1501 3104 1707 3156 εἰκόνα
1730 3101 2024 3171 ἡμετέραν

341 3200 442 3255 καί
471 3200 600 3253 καθ’
623 3197 932 3268 ὁμοίωσιν.
951 3195 1016 3247 Τί
1045 3197 1184 3258 ἐστι,
1211 3193 1350 3247 Κατ’
1371 3191 1576 3246 εἰκόνα
1603 3190 1899 3261 ἡμετέραν
1923 3190 2022 3244 καί

338 3291 466 3344 καθ’
511 3287 830 3357 ὁμοίωσιν;
865 3284 977 3355 Τῆς
1025 3284 1203 3354 ἀρχῆς
1251 3281 1436 3335 εἰκόνα
1480 3281 1638 3352 φησί,
1683 3281 1777 3333 καὶ
1833 3279 2022 3351 ὥσπερ

339 3377 514 3440 οὐδεὶς
543 3372 813 3445 ἀνώτερος
833 3370 970 3424 Θεοῦ
1001 3372 1061 3424 ἐν
1083 3368 1318 3441 οὐρανῷ,
1337 3368 1479 3422 οὐτω
1505 3368 1694 3440 μηδεὶς
1722 3367 1864 3421 ἔστω
1885 3366 2024 3422 ἀνώ-

338 3481 497 3536 τερος
526 3461 818 3534 ἀνθρώπου
851 3460 947 3514 ἐπὶ
1006 3459 1106 3529 τῆς
1153 3459 1277 3529 γῆς.
1318 3458 1431 3512 Ἐνί
1463 3457 1561 3528 μέν
1596 3452 1688 3511 οὖν
1725 3456 1900 3528 τούτῳ
1930 3458 2024 3511 καὶ

339 3551 542 3623 πρώτῳ
575 3550 861 3621 τετίμηκε,
885 3546 964 3618 τῷ
1001 3547 1121 3600 κατ’
1161 3545 1348 3600 εἰκόνα
1394 3543 1558 3599 αὐτὸν
1593 3543 1822 3614 ποιῆσαι
1843 3562 1857 3576 ο
1900 3543 2022 3597 δευ-

337 3640 483 3712 τέρῳ
533 3638 591 3692 δὲ
636 3636 716 3710 τῷ
769 3636 844 3708 μὴ
889 3635 1070 3690 πόνων
1115 3634 1350 3706 ἀμοιϐὴν
1380 3635 1511 3707 ἡμῖν
1565 3637 1869 3706 παρασχεῖν
1921 3633 2021 3704 τὴν

340 3729 540 3802 ἀρχὴν,
578 3726 718 3782 ἀλλά
765 3725 980 3797 γυμνὴν
1001 3726 1100 3794 τῆς
1129 3723 1297 3777 αὑτοῦ
1350 3723 1761 3806 φιλανθρωπίας
1794 3721 2021 3792 ποιῆσαι

339 3817 440 3888 τὴν
469 3816 628 3887 χάριν
651 3830 665 3844 °
706 3813 876 3884 τρίτῳ
909 3812 988 3883 τῷ
1019 3810 1255 3882 φυσικὴν
1287 3812 1418 3883 ἡμῖν
1468 3810 1798 3882 χαρίσασθαι
1827 3811 2018 3881 αὐτήν.

308 3891 465 3988 β’ῶν
485 3902 595 3974 γὰρ
614 3900 797 3988 ἀρχῶν
828 3900 884 3952 αἱ
917 3899 1014 3988 μὲν
1033 3900 1142 3952 εἰσ)⁸
1171 3901 1419 3969 φυσικαὶ,
1447 3900 1504 3952 αἱ
1527 3899 1584 3952 δὲ
1611 3899 1984 3970 χειροτονηταί
2007 3914 2016 3923 '

348 3991 578 4062 φυσικαὶ
601 3989 720 4059 μέν,
751 3987 826 4052 ὼς
853 3989 887 4059 ἠ
913 3987 1006 4041 τοῦ
1039 3988 1252 4052 λέοντος
1281 3989 1375 4042 ἐπὶ
1410 3988 1519 4041 τῶν
1548 3989 1916 4058 τετραπόδων,
1947 3988 2023 4050 ὡς

351 4077 570 4133 ἐπὶτῶν
597 4074 825 4149 ὀρνίθων
852 4077 886 4147 ἠ
919 4075 1014 4128 τοῦ
1042 4075 1201 4130 ἀετοῦ
1225 4092 1239 4106 ·
1273 4075 1651 4148 χειροτονηταί
1679 4075 1736 4128 δὲ
1758 4075 1834 4138 ὡς
1861 4077 1895 4146 ή
1929 4075 2022 4126 τοῦ

349 4167 616 4240 βασιλέως
661 4162 756 4218 τοῦ
789 4165 912 4218 καθ’
945 4165 1116 4236 ἡμᾶς’
1146 4156 1303 4228 οὗτος
1337 4165 1448 4237 γὰρ
1477 4165 1599 4235 οὐχὶ
1631 4163 1791 4234 φύσει
1831 4167 2026 4235 κρατεῖ

341 4255 453 4309 τῶν
482 4252 791 4325 ὁμοδούλων
809 4269 824 4284 ο
848 4252 931 4306 διὸ
963 4253 1058 4306 καὶ
1080 4251 1382 4306 ἀποϐάλλει
1409 4251 1670 4314 πολλάκις
1699 4251 1798 4323 τήν
1821 4253 2018 4323 ἀρχήν.

343 4343 584 4398 Τοιαῦτα
630 4342 739 4414 γὰρ
769 4342 838 4396 τὰ
890 4341 966 4413 μὴ
1018 4340 1182 4410 φύσει
1228 4342 1536 4412 προσόνταο
1570 4341 1758 4412 ῥᾳδίαν
1807 4341 2023 4412 δέχεται

343 4434 444 4505 τὴν
499 4431 803 4505 μεταϐολὴν
864 4431 962 4484 καὶ
1010 4431 1110 4500 τὴν
1149 4431 1499 4501 μετάπτωσιν
1516 4431 1593 4501 ’χὸ
1637 4429 1696 4482 δέ
1735 4429 1873 4483 λέων
1923 4430 2024 4500 οὐχ

344 4521 538 4584 οὕτως,
570 4519 708 4574 άλλά
741 4517 903 4589 φύσει
931 4521 1127 4590 κρατεῖ
1160 4517 1270 4571 τῶν
1307 4517 1677 4588 τετραπόδων,
1711 4516 1903 4589 ῶσπερ
1929 4515 2022 4572 οὖν

345 4611 442 4663 καὶ
467 4609 576 4662 τῶν
596 4608 826 4677 ὀρνίθων
850 4610 878 4661 ὁ
908 4608 1086 4672 ἀετός.
1127 4607 1241 4660 Ἀεὶ
1277 4606 1410 4676 γοῦν
1429 4603 1508 4676 τῷ
1539 4606 1686 4675 γένει
1712 4606 1987 4676 συγκεκλή
2007 4638 2020 4646 -

347 4715 518 4771 ρωται
545 4698 607 4751 τὸ
634 4699 732 4769 τῆς
767 4695 1048 4768 βασιλείας
1096 4691 1262 4761 εἶδος,
1301 4695 1396 4749 καὶ
1430 4694 1624 4748 οὐδένα
1676 4695 1742 4749 ἀν
1795 4712 1879 4758 τις
1923 4695 2022 4748 ίδοι

344 4787 535 4840 λέοντά
562 4802 693 4838 ποτε
737 4784 836 4855 τήν
878 4783 1053 4855 ἀρχὴν
1098 4782 1443 4837 ἀποϐαλόντα
1484 4781 1708 4852 ταύτην.
1752 4779 2022 4852 Τοιαύτην

345 4875 438 4928 καί
463 4876 594 4946 ἡμῖν
620 4874 718 4944 τὴν
751 4872 1026 4944 βασιλείαν
1058 4871 1118 4935 ἐξ
1144 4872 1320 4943 ἀρχῆς
1355 4872 1384 4923 ὁ
1417 4869 1549 4933 Θεὸς
1582 4869 1893 4941 ἐχαρίσατο,
1929 4870 2023 4922 καὶ

345 4964 513 5016 πᾶσιν
561 4963 710 5032 ἡμᾶς
749 4960 1056 5029 ἐπέστησεν
1105 4961 1291 5013 καιοὺ
1337 4957 1513 5029 τούτῳ
1561 4959 1720 5028 μόνον
1763 4959 2023 5030 ἐτίμησεν

344 5051 501 5122 ἡμῶν
522 5051 620 5123 τὴν
651 5051 834 5121 φύσιν,
870 5049 1005 5102 ἀλλὰ
1037 5051 1130 5102 καὶ
1153 5050 1290 5119 αὐτῇ
1319 5048 1414 5101 τοῦ
1440 5047 1642 5119 χωρίου
1664 5050 1730 5119 τῇ
1762 5049 2021 5120 προεδρία

346 5140 624 5212 ἐξαίρετον
667 5141 983 5212 οἰκητήριον
1034 5137 1314 5203 ἀποτάξας
1353 5140 1488 5208 ἡμῖν
1531 5137 1624 5190 τὸν
1673 5137 2018 5208 παράδεισοι,

348 5227 443 5278 καὶ
474 5227 631 5294 λόγον
653 5225 777 5290 δοὺς
804 5227 902 5281 καὶ
929 5227 1106 5300 ψυχὴν
1141 5229 1409 5283 ἀθάνατον
1439 5231 1829 5300 χαρισάμενος.

420 5312 534 5385 [87]
581 5313 740 5368 Ἀλλά
771 5315 844 5386 μὴ
865 5316 1003 5368 εἴπω
1031 5317 1203 5371 ταῦτα
1227 5333 1240 5347 ο
1267 5317 1378 5386 ἐγὼ
1394 5318 1502 5389 γὰρ
1515 5316 1784 5388 τοσαύτην
1812 5332 2031 5386 περιου-

359 5402 477 5455 σίαν
503 5397 642 5455 εἶναί
675 5421 818 5474 φημι
848 5407 948 5471 τῆς
982 5403 1076 5456 τοῦ
1116 5403 1251 5458 Θεοῦ
1282 5406 1629 5476 κηδεμονίας,
1654 5405 1730 5470 ὡς
1772 5403 1846 5474 μή
1871 5406 2029 5474 μόνον

353 5491 389 5545 ἀ
411 5491 445 5538 9‘
462 5483 536 5541 ὦν
555 5490 838 5562 ἐτίμησεν,
861 5490 998 5544 ἀλλά
1014 5492 1107 5544 καὶ
1133 5491 1227 5559 ἀφ’
1256 5484 1332 5544 ὧν
1354 5491 1632 5553 ἐκόλασεν,
1659 5493 1861 5561 ὁμοίως
1884 5495 2030 5562 ἡμᾶς

351 5569 612 5623 ῖύνασθαι
635 5573 732 5641 τὴν
758 5572 1069 5644 ἁγαθότητα
1104 5576 1266 5628 αὐτοῦ
1293 5575 1564 5630 δεικνύναι
1594 5578 1688 5630 καὶ
1709 5579 1806 5650 τὴν
1837 5579 2024 5648 φιλανα-

355 5659 623 5730 ορωπίαν.
659 5663 768 5714 Καὶ
805 5660 959 5715 τοῦτο
1006 5662 1240 5734 μάλιστα
1293 5665 1510 5719 πάντων
1541 5667 1687 5737 ὑμᾶς
1722 5669 2024 5739 παρακαλῶ

357 5747 498 5818 μετά
524 5748 812 5820 ἀκριϐείας
855 5749 1083 5816 εἰδέναι,
1113 5749 1195 5804 ὅτι
1221 5754 1250 5805 ὁ
1285 5753 1417 5817 Θεὸς
1455 5755 1578 5825 οὐχὶ
1622 5755 1798 5826 τιμῶν
1831 5758 2021 5827 μόνον,

349 5835 469 5891 οὐδέ
511 5836 842 5907 εὐεργετῶν,
872 5837 1008 5892 ἀλλά
1037 5841 1132 5892 καὶ
1179 5840 1443 5906 κολάζων,
1488 5844 1581 5896 καί
1613 5845 2022 5915 τιμωρούμενος

347 5921 548 5992 ὁμοίως
594 5927 743 5978 ἐστὶν
789 5926 1028 5996 ἀγαθός’
1074 5926 1175 5981 κᾶν
1207 5928 1345 5999 πρὸς
1393 5929 1691 6001 Ἕλληνας,
1741 5932 1846 5986 κᾶν
1885 5935 2024 6006 πρὸς

351 6017 656 6083 αἰρετικοὺς
689 6015 899 6083 ἀγῶνες
931 6019 1065 6086 ἡμῖν
1108 6017 1201 6070 καὶ
1251 6019 1421 6088 μάχαι
1456 6021 1714 6074 κινῶνται
1755 6024 1884 6095 περί
1923 6025 2023 6095 τῆς

352 6101 446 6155 τοῦ
476 6099 614 6154 Θεοῦ
657 6101 1064 6172 φιλανθρωπίας
1095 6105 1188 6156 καὶ
1229 6105 1586 6176 ἀγαθὸτητος,
1619 6107 1693 6178 μὴ
1736 6108 1897 6178 μόνον
1927 6110 2021 6179 ἀφ’

353 6184 430 6244 ὧν
454 6189 730 6263 ἐτίμησεν,
767 6190 901 6245 ἀλλὰ
929 6193 1019 6245 καί
1051 6191 1145 6261 ἀφ’
1177 6186 1251 6248 ὧν
1288 6195 1690 6265 ἐτιμωρήσατο,
1719 6197 2021 6252 ἐπιδείκνυ-

2145 641 2246 695 μεν
2285 621 2452 677 αὐτοῦ
2498 624 2598 695 τήν
2641 621 2976 694 ἀγαθότητα.
3013 625 3076 678 Εἰ
3117 625 3225 696 γάρ
3254 623 3430 696 τιμῶν
3469 624 3630 696 μόνον
3673 625 3819 679 ἐστὶν

2133 710 2360 780 ἀγαθὸς,
2406 709 2653 775 κολάζων
2694 711 2750 764 δέ
2782 713 2884 764 οὐκ
2933 711 3081 765 ἔστιν
3123 711 3356 781 ἀγαθὸς,
3403 713 3462 778 ἐξ
3509 713 3760 784 ἡμισείας
3790 726 3817 753 ³

2135 799 2342 869 ἀγαθὸς
2370 799 2438 853 ἂν
2470 801 2558 870 εἴη
2581 817 2595 830 ο
2637 799 2752 854 ἀλλ’
2796 799 2896 853 οὐκ
2932 799 3048 852 ἐστι
3079 800 3274 854 τοῦτο·
3315 802 3390 872 μὴ
3425 801 3653 870 γένοιτο.
3697 801 3818 854 Ἐπὶ

2133 887 2439 960 ἀνθρώπων
2469 889 2568 959 μὲν
2592 887 2702 959 γὰρ
2726 887 2876 951 εἰκὸς
2903 887 3064 942 τοῦτο
3089 889 3432 960 συμϐαίνειν,
3455 889 3639 960 ἐπειδὴ
3664 889 3819 959 θυμῷ

2133 977 2230 1028 καὶ
2267 976 2430 1030 πάθει
2475 976 2575 1039 τὰς
2604 976 2880 1047 τιμωρίας
2909 975 3208 1045 ἐπάγουσιν
3227 994 3240 1007 ·
3276 979 3307 1030 6
3334 977 3391 1031 δὲ
3441 976 3575 1041 Θεὸς
3603 975 3820 1048 ἀπαθής

2132 1063 2209 1117 ὣν
2229 1106 2242 1130 ,
2276 1064 2384 1118 κᾶν
2431 1065 2694 1136 εὐεργετῇ
2716 1106 2731 1130 ,
2767 1064 2870 1118 κᾶν
2903 1065 3126 1136 κολάζῃ,
3158 1067 3363 1137 ὁμοίως
3396 1066 3544 1119 ἐστὶν
3589 1065 3815 1135 ἀγαθὸς,

2132 1153 2356 1223 καὶτῆς
2408 1153 2686 1224 βασιλείας
2721 1154 2822 1206 οὐκ
2867 1147 3148 1224 ἐλαττονῆ
3204 1155 3304 1226 τῆς
3348 1156 3578 1226 γεέννης
3620 1155 3818 1226 ἀπειλὴ

2129 1240 2405 1295 δείκνυσιν
2449 1240 2617 1294 αὐτοῦ
2660 1241 2760 1313 τῆν
2787 1241 3136 1314 ἀγαθότητα’
3181 1243 3276 1298 καὶ
3323 1243 3474 1310 πῶς;
3511 1243 3620 1314 ἐγὼ
3654 1243 3816 1312 λέγω.

2130 1330 2194 1382 Εἰ
2229 1330 2304 1401 μὴ
2340 1330 2568 1399 γέενναν
2595 1331 2916 1402 ἠπείλησεν,
2942 1333 2990 1384 εἰ
3021 1331 3097 1402 μή
3119 1331 3342 1386 κόλασιν
3371 1331 3690 1403 ἡτοίμασεν,
3716 1331 3818 1384 οὐκ

2131 1418 2198 1472 ἂν
2229 1418 2416 1472 πολλοὶ
2439 1417 2542 1490 τῆς
2576 1418 2855 1490 βασιλείας
2887 1417 3171 1489 ἐπέτυχον.
3199 1420 3273 1473 Οὐ
3304 1421 3413 1490 γὰρ
3439 1418 3613 1485 οὕτως
3645 1421 3679 1491 ἠ
3708 1418 3818 1472 τῶν

2127 1505 2347 1575 ἀγαθῶν
2395 1507 2686 1579 ὑπόσχεσις
2729 1507 2865 1579 πρὸς
2891 1507 3093 1579 ἀρετὴν
3142 1508 3456 1564 ἐκκαλεῖται
3501 1509 3630 1572 τοὺς
3679 1507 3814 1561 πολ-

2127 1593 2273 1660 λοὺς,
2317 1595 2449 1668 ὼςή
2500 1595 2609 1650 τῶν
2643 1595 2826 1650 κακῶν
2878 1595 3076 1668 ἀπειλή
3114 1595 3192 1668 τῷ
3245 1597 3396 1668 φόϐῳ
3428 1596 3676 1661 συνωθεῖ,
3721 1596 3816 1650 καί

2125 1683 2429 1756 διανίστησι
2455 1685 2590 1756 πρὸς
2617 1684 2714 1755 τὴν
2747 1685 2846 1756 τῆς
2869 1684 3046 1755 ψυχῆς
3082 1686 3418 1757 ἐπιμέλειαν.
3449 1688 3611 1740 Ὥστε
3639 1687 3685 1739 εί
3724 1687 3818 1740 καὶ

2127 1772 2368 1827 ἐναντίον
2391 1773 2586 1841 γέεννα
2615 1775 2683 1844 τῇ
2723 1771 2971 1843 βασιλείᾳ
3001 1773 3030 1814 δ
3069 1773 3177 1827 τῶν
3205 1775 3472 1846 οὐρανῶν,
3503 1774 3640 1828 ἀλλά
3676 1775 3812 1846 πρὸς

2125 1859 2186 1913 ἓν
2209 1861 2471 1933 ἑκάτερον
2495 1860 2686 1932 βλέπει
2715 1861 2888 1926 τέλος,
2915 1861 3016 1932 τήν
3035 1861 3143 1917 τῶν
3174 1863 3482 1936 ἀνθρώπων
3507 1863 3813 1934 σωτηρίαν·

2127 1951 2310 2021 ἐκείνη
2339 1951 2438 2020 μὲν
2458 1950 2818 2022 ἐπισπωμένη
2843 1949 2980 2021 πρὸς
2999 1951 3222 2024 ἐαυτὴν,
3243 1951 3384 2024 αὕτη
3411 1952 3469 2005 δέ
3499 1950 3817 2005 συνωθοῦσα

2127 2038 2264 2110 πρὸς
2312 2039 2548 2110 ἐκείνην,
2585 2039 2679 2092 καὶ
2707 2037 2787 2109 τῷ
2837 2036 2990 2110 φόϐῳ
3031 2039 3393 2112 διορθουμένη
3437 2040 3566 2104 τοὺς
3609 2039 3812 2111 ἀμελέ-

2129 2142 2318 2198 στερον
2361 2127 2537 2181 διακει
2545 2126 2760 2198 μένους.

2198 2214 2247 2282 γ’
2253 2213 2482 2269 ,Τοῦτον
2511 2214 2570 2269 δὲ
2587 2215 2684 2284 οὐχ
2717 2213 2904 2278 άπλῶς
2937 2215 3164 2287 μηκύνω
3179 2216 3268 2270 τὸν
3294 2215 3471 2285 λόγον,
3496 2215 3611 2270 ἀλλ’
3627 2214 3816 2287 ἐπειδὴ

2128 2302 2385 2366 πολλάκις
2411 2304 2584 2374 λιμῶν
2617 2306 2712 2358 καὶ
2743 2305 2975 2377 αὐχμῶν
3010 2305 3378 2376 γιγνομένων,
3415 2306 3510 2358 καὶ
3540 2304 3814 2375 πολέμων,

2128 2393 2224 2444 καὶ
2263 2392 2435 2463 ὁργῆς
2486 2391 2770 2464 βασιλικῆς
2807 2393 3229 2464 ἐμπιπτούσης,
3267 2394 3362 2447 καὶ
3410 2393 3614 2464 ἐτέρων
3653 2393 3814 2446 τινῶν

2126 2479 2384 2534 τοιούτων
2414 2480 2695 2552 ἀδοκήτων
2733 2482 3103 2553 πραγμάτων,
3145 2481 3330 2535 πολλοί
3362 2483 3490 2545 τοὺς
3519 2480 3814 2552 ἀφελεστέ-

2128 2585 2256 2639 ρους
2288 2569 2606 2634 ἀπατῶντες
2639 2570 2924 2638 λέγουσιν,
2958 2571 3040 2625 ὃτι
3072 2572 3172 2624 οὐκ
3217 2570 3346 2635 ἀξια
3383 2571 3556 2624 ταῦτα
3588 2571 3685 2641 τῆς
3718 2568 3814 2623 τοῦ

2125 2658 2264 2712 Θεοῦ
2289 2660 2563 2730 προνοίας.
2603 2662 2699 2714 Ἷν’
2733 2657 2826 2715 οῦν
2857 2660 2932 2734 μὴ
2964 2661 3462 2732 παραλογιζιῦμεθα
3484 2703 3499 2724 ,
3538 2660 3653 2714 ἀλλ’
3689 2661 3812 2713 ἴδω-

2130 2763 2230 2818 μεν
2256 2747 2501 2819 ἀκριϐῶς
2525 2789 2541 2814 ,
2595 2749 2678 2802 ὅτι
2709 2751 2812 2803 κᾶν
2859 2749 3016 2820 λιμὸν
3045 2789 3058 2812 ,
3102 2748 3203 2802 κᾶν
3235 2749 3502 2819 πόλεμον,
3539 2747 3640 2802 κᾶν
3685 2747 3814 2801 ἄλλο

2127 2836 2305 2890 ὁτιοῦν
2350 2839 2604 2910 ἐπαγάγῃ
2633 2839 2824 2904 δεινὸν,
2889 2839 2996 2892 ἀπὸ
3035 2837 3446 2910 φιλανθρωπίας
3479 2838 3634 2892 τοῦτο
3674 2836 3813 2890 ποιεῖ

2129 2925 2223 2979 καὶ
2256 2926 2458 2998 πολλῆς
2498 2928 2597 2998 τῆς
2645 2926 2971 2999 κηδεμονίας
2999 2968 3012 2989 ,
3068 2927 3423 2998 ἠναγκάσθην
3473 2926 3812 2997 ἐνδιατρίψαι

2129 3012 2302 3084 τούτῳ
2331 3015 2409 3084 τῷ
2431 3015 2594 3086 λόγῳ.
2635 3014 2788 3068 Ἐπεὶ
2823 3017 2919 3068 καὶ
2947 3017 2994 3067 οἱ
3030 3015 3268 3086 πατέρες
3292 3055 3304 3073 ,
3337 3016 3385 3067 οί
3417 3014 3653 3086 μάλιστα
3679 3014 3816 3066 πάν·

2127 3118 2236 3154 των
2264 3101 2331 3154 τὰ
2366 3103 2564 3169 ἔκγονα
2601 3102 2884 3171 φιλοῦντες
2911 3145 2923 3167 ,
2960 3103 3056 3156 καὶ
3089 3100 3370 3174 τραπέζης
3401 3102 3647 3173 εἴργουσι
3672 3143 3688 3166 ,
3719 3105 3816 3157 καὶ

2129 3189 2344 3260 πληγάς
2389 3191 2680 3258 ἐπάγουσι,
2719 3191 2815 3243 καὶ
2867 3191 3064 3262 ἀτιμίᾳ
3118 3190 3439 3255 κολάζουσι,
3481 3193 3574 3245 καὶ
3608 3193 3818 3263 ἑτέροις

2133 3278 2347 3349 μυρίοις
2397 3277 2660 3341 τοιούτοις
2693 3278 3114 3346 ἀσελγαίνοντας
3141 3279 3484 3349 διορθοῦνται
3529 3281 3654 3345 τοὺς
3682 3285 3784 3334 παῖ
3804 3313 3815 3322 -

2127 3363 2252 3430 δαςο
2303 3365 2416 3419 ἀλλ’
2446 3367 2596 3436 ὅμως
2639 3367 2876 3437 πατέρες
2932 3368 3070 3420 εἰσὶν
3096 3407 3110 3432 ,
3157 3367 3278 3438 οὐχί
3324 3368 3594 3438 τιμῶντες
3631 3371 3814 3439 μόνον,

2129 3452 2264 3507 ἀλλά
2296 3453 2391 3507 καὶ
2426 3454 2598 3507 ταῦτα
2631 3454 2948 3518 ποιοῦντες,
2981 3455 3076 3508 καὶ
3113 3455 3234 3508 τότε
3271 3457 3508 3526 μάλιστα
3552 3457 3813 3529 πατέρες,

2128 3542 2257 3596 ὅταν
2291 3541 2516 3596 τοιαῦτα
2547 3543 2793 3597 ποιῶσιν.
2836 3543 2898 3596 Εἰ
2926 3543 2983 3596 δέ
3022 3542 3326 3614 ἅνθρωποι,
3365 3544 3525 3614 θυμῷ
3549 3546 3646 3600 καὶ
3674 3547 3812 3618 ὀργῆ

2130 3630 2389 3694 πολλάκις
2419 3630 2514 3683 τοῦ
2571 3631 2946 3702 συμφέροντος
2979 3632 3338 3703 ἐκφερόμενοι
3364 3671 3380 3695 ,
3423 3635 3524 3686 οὐκ
3569 3635 3814 3707 ὠμότητι

2129 3721 2222 3772 καὶ
2260 3719 2660 3790 άπανθρωπίᾳ,
2688 3719 2824 3773 ἀλλά
2857 3721 3153 3791 κηδεμονίᾳ
3197 3722 3291 3775 καὶ
3343 3723 3698 3796 φιλοστοργίᾳ
3728 3743 3816 3779 vo-

2134 3807 2380 3879 μίζονται
2412 3807 2660 3873 κολάζειν
2687 3809 2781 3873 οὓς
2807 3809 3053 3878 φιλοῦσι,
3085 3809 3265 3880 πολλῷ
3315 3811 3514 3881 μᾶλλον
3541 3815 3672 3886 περί
3715 3815 3813 3870 τοῦ

2130 3897 2266 3950 Θεοῦ
2295 3897 2436 3950 οὓτω
2481 3897 2784 3950 διακεῖσθαι
2827 3899 2932 3968 χρὴ
2959 3939 2972 3964 ,
3008 3898 3101 3951 τοῦ
3138 3899 3318 3952 πᾶσαν
3353 3902 3627 3973 πατρικὴν
3663 3903 3816 3972 φιλοο

2133 3987 2387 4058 στοργίαν
2412 3985 2826 4051 ὑπερϐαίνοντος
2848 3989 2913 4058 τῇ
2937 3985 3036 4056 τῆς
3057 3987 3262 4050 οἰκείας
3286 3988 3620 4060 ἀγαθότητος
3649 3991 3816 4064 ὑπερ-

2132 4075 2282 4147 ϐολῇ.
2306 4074 2414 4128 Καὶ
2451 4075 2536 4128 ἴνα
2574 4074 2648 4146 μὴ
2683 4077 2932 4146 νομίσῃς,
2973 4077 3056 4129 ὃτι
3084 4076 3388 4146 ποχασμὸς
3417 4079 3534 4131 ἐστι
3565 4079 3635 4132 τά
3665 4083 3816 4152 εἰρη-

2134 4163 2290 4235 μένα,
2319 4165 2383 4234 φέ
2395 4181 2452 4236 ρε
2479 4165 2565 4216 ἐπ’
2596 4163 2766 4235 αὐτὴν
2791 4164 2889 4234 τῆν
2929 4164 3154 4235 Γραφὴν
3179 4166 3271 4218 τὸν
3305 4165 3463 4234 λόγον
3490 4167 3813 4238 ἀγάγωμεν.

2144 4253 2360 4323 Ἐπειδὴ
2390 4252 2500 4325 γάρ
2535 4253 2792 4325 ἠπατήθη
2826 4254 2919 4306 καὶ
2950 4253 3315 4326 παρελογίσθη
3348 4256 3497 4328 παρά
3525 4258 3618 4311 τοῦ
3649 4277 3816 4330 πονη-

2133 4340 2228 4411 ροῦ
2263 4341 2516 4412 δαίμονος
2543 4343 2571 4393 ὁ
2601 4341 2890 4410 ἄνθρωπος
2913 4381 2927 4406 ,
2967 4341 3166 4412 ἴδωμεν
3199 4343 3316 4407 πῶς
3342 4345 3619 4416 ἁμαρτίαν
3662 4348 3815 4420 αὐτῴ

2129 4428 2386 4499 τοιαύτην
2418 4429 2722 4501 ἁμαρτόντι
2754 4429 2876 4482 τότε
2909 4430 3181 4501 ἐχρήσατο
3217 4433 3246 4483 6
3291 4431 3444 4495 Θεός.
3473 4429 3620 4506 Ἀρα
3671 4438 3816 4506 ἠφά-

2129 4535 2275 4571 νισεν
2323 4517 2485 4571 αὐτὸν
2537 4515 2850 4584 παντελῶς;
2887 4519 3064 4572 καίτοι
3108 4536 3172 4588 γε
3205 4521 3234 4573 6
3277 4521 3370 4575 τοῦ
3403 4523 3609 4577 δικαίου
3655 4525 3815 4594 λόγος

2129 4605 2287 4660 τοῦτο
2318 4607 2518 4678 ἀπῄτει
2550 4620 2596 4671 ο,
2629 4606 2720 4660 τὸν
2743 4607 2898 4660 οὐδὲν
2929 4607 3026 4676 μὲν
3062 4607 3175 4680 [88]
3213 4611 3419 4680 ἀγαθὸν
3461 4613 3816 4684 ἐπιδειξάμε-

2129 4711 2258 4757 νον,
2310 4693 2580 4772 τοσαύτης
2614 4694 2671 4747 δέ
2715 4695 3104 4749 ἀπολαύσαντα
3145 4697 3244 4768 τῆς
3291 4700 3540 4766 εὐνοίας,
3592 4696 3710 4756 εἶτα
3746 4705 3814 4759 ἐκ

2129 4783 2431 4854 προοιμίων
2455 4784 2958 4855 άποσκιρτήσαντα,
2997 4784 3225 4858 ἀρθῆναι
3267 4789 3330 4841 ἐκ
3374 4788 3467 4842 τοῦ
3520 4790 3688 4860 μέσου
3715 4794 3815 4848 καὶ

2129 4871 2496 4944 ἀφανισθῆναι
2544 4873 2750 4926 τέλεον.
2805 4873 2944 4926 Ἀλλ’
2979 4875 3079 4927 οὐκ
3125 4874 3344 4947 ἐποίησε
3398 4877 3558 4931 τοῦτο
3595 4881 3623 4931 ὁ
3653 4880 3810 4948 Θεὸς,

2128 4959 2249 5014 οὐδέ
2296 4960 2618 5028 ἐϐδελύξατο
2662 4961 2757 5014 καὶ
2787 4961 3114 5033 ἀπεστράφη
3161 4963 3251 5017 τὸν
3304 4965 3478 5030 οὓτως
3520 4967 3814 5038 ἀγνώμονα

2129 5049 2258 5118 περί
2290 5048 2378 5101 τὸν
2413 5047 2706 5120 εὐεργέτην
2733 5050 3042 5120 γενόμενον,
3072 5051 3185 5105 ἀλλ’
3213 5051 3430 5124 ἔρχεται
3453 5055 3589 5125 πρὸς
3624 5058 3811 5124 αὐτὸν,

2129 5137 2378 5208 καθάπερ
2426 5137 2560 5207 πρὸς
2598 5137 2879 5208 ἄρρωστον
2925 5140 3128 5210 ἰατρός.
3178 5142 3288 5194 Καὶ
3321 5141 3396 5213 μή
3444 5145 3812 5219 παραδράμῃς

2130 5224 2314 5288 ἁπλῶς
2341 5226 2402 5278 τὸ
2427 5226 2717 5297 εἰρημένον
2737 5267 2752 5288 ,
2782 5227 3033 5296 ἀγαπητέ
3054 5266 3067 5290 ,
3097 5228 3210 5281 ἀλλ’
3247 5231 3501 5302 ἐννόησον
3531 5233 3716 5303 ἡλίκον
3749 5236 3812 5290 τὸ

2131 5315 2266 5385 μήτε
2316 5313 2545 5382 ἄγγελον
2579 5314 2826 5400 πέμψαι,
2869 5317 3005 5387 μήτε
3037 5317 3415 5388 ἀρχάγγελον,
3463 5322 3601 5390 μήτε
3650 5324 3809 5378 ἄλλον

2125 5401 2249 5456 τινὰ
2273 5401 2382 5456 τῶν
2412 5403 2708 5456 συνδούλων
2750 5404 2857 5456 τῶν
2888 5404 3116 5469 ἐκείνου,
3149 5406 3264 5459 ἀλλ’
3297 5407 3461 5461 αὐτὸν
3490 5410 3579 5462 τὸν
3605 5413 3810 5465 Δεσπό-

2129 5507 2227 5561 την
2253 5491 2556 5562 καταϐῆναι
2587 5491 2722 5562 πρὸς
2758 5489 2848 5544 τὸν
2888 5495 3388 5562 παραπεπτωκότα,
3424 5499 3519 5550 καὶ
3557 5499 3811 5570 κείμενον

2128 5577 2455 5650 ἀναστῆσαι,
2485 5580 2582 5632 καὶ
2609 5579 2769 5650 μόνον
2821 5579 2958 5652 πρὸς
2983 5581 3142 5651 μόνον
3169 5623 3183 5644 ,
3215 5582 3467 5655 καθάπερ
3498 5586 3650 5653 φίλον
3674 5589 3810 5658 πρὸς

2130 5667 2281 5736 φίλον
2309 5669 2495 5732 κακῶς
2525 5670 2854 5740 πράττοντα,
2897 5669 2990 5722 καὶ
3018 5671 3076 5722 ἐν
3112 5668 3278 5741 πολλῇ
3306 5674 3653 5728 καταστάντα
3681 5677 3810 5731 δυσ-

2127 5757 2332 5828 ημερία
2363 5757 2784 5827 παραγενέσθαι.
2817 5759 2938 5811 Ὅτι
2971 5759 3079 5829 γάρ
3109 5756 3268 5811 τοῦτο
3313 5760 3378 5811 ἐκ
3408 5760 3612 5831 πολλῆς
3650 5764 3810 5833 κηδε-

2133 5845 2321 5914 μονίας
2349 5847 2593 5916 ἐποίησε,
2613 5847 2706 5900 καὶ
2730 5847 2866 5901 αὐτὰ
2889 5847 2958 5900 τὰ
2983 5848 3049 5917 ῥὴ
3060 5864 3225 5916 ματα,
3251 5844 3287 5900 ἃ
3315 5847 3452 5918 πρὸς
3475 5850 3640 5904 αὐτὸν
3660 5847 3808 5917 εἶπε,

2127 5933 2398 5989 δείκνυσιν
2425 5937 2590 5990 αὐτοῦ
2618 5936 2716 6008 τήν
2744 5936 2950 6006 ἄφατον
2990 5937 3392 6008 φιλοστοργίαν.
3425 5940 3534 5992 Καὶ
3576 5941 3629 5994 τί
3665 5941 3809 6010 λέγω

2192 6056 2216 6122 _‘
2241 6057 2390 6122 Savil.
2415 6063 2467 6106 et
2489 6059 2685 6118 quidam
2709 6071 2822 6107 mss.
2846 6061 3062 6115 κολάζων
3084 6061 3135 6109 δὲ
3159 6060 3334 6114 οὐκέτι.
3359 6059 3406 6116 ἐξ
3423 6061 3659 6122 ἡμισείας.

2129 6181 2151 6227 ἑ
2189 6117 2218 6226 2
2243 6119 2394 6168 Savil.
2425 6126 2478 6168 el
2505 6117 2700 6182 Quidam
2736 6134 2850 6169 mss.
2875 6128 2958 6178 τῆς
2985 6123 3241 6184 βασιλείας.
3278 6122 3387 6172 Mox
3423 6117 3571 6172 iidem
3604 6124 3723 6188 πρὸς
3750 6125 3803 6176 ιο

2155 6197 2181 6226 κ
2220 6197 2326 6227 αντη.

2155 6197 2326 6238 κασνιη.

2192 6244 2212 6272 ⁸
2243 6243 2389 6292 δεμ·ῆῆ
2415 6247 2468 6292 cl
2493 6244 2688 6299 quidam
2708 6258 2820 6294 mss.
2850 6245 3058 6296 ἀπαιτεῖ.
