4072 6384
425 278 495 332 93
1342 269 1432 324 AD
1470 263 1793 322 POPULUM
1832 260 2325 318 ANTIOCHENUM
2388 262 2618 319 HOMIL.
2663 263 2771 321 Vll.
3637 271 3704 326 ut

423 389 562 461 quod
592 386 823 441 maxime
860 382 1069 438 videtur
1109 396 1280 451 neque
1308 376 1687 435 consolationis
1724 374 2005 446 vestigium

422 484 811 543 demonstrare,
843 477 938 532 sed
966 492 996 529 a
1025 473 1397 529 consolatoriis
1428 471 1637 544 penitus
1666 468 1844 525 verbis
1872 467 2007 522 alie-

423 592 547 631 num
574 588 696 630 esse
715 613 731 636 .
760 572 814 626 in
845 569 1075 624 medium
1107 581 1438 638 proponens,
1469 563 1610 635 quod
1634 563 1758 619 dico
1783 559 2011 617 manife-

422 679 563 721 stum
608 664 820 719 faciam.
867 659 1017 728 Quod
1046 658 1257 714 tandem
1288 666 1372 713 est
1413 656 1515 711 hoc
1551 654 1913 727 prommium?
1942 652 2010 706 In

420 757 667 828 principio
697 756 813 827 fecit
844 753 977 808 Deus
1005 750 1185 806 (telum
1216 759 1262 804 et
1293 760 1477 804 terram
1502 764 1521 803 :
1551 758 1685 802 terra
1708 757 1874 802 autent
1903 757 2009 800 erat

421 845 682 901 invisibilis
708 854 752 898 et
780 842 1113 910 incomposita
1132 883 1147 907 ,
1176 850 1224 895 et
1248 841 1459 894 tenebrte
1482 849 1623 893 erant
1648 855 1798 909 super
1825 838 2008 909 {aciem

419 940 584 1010 abyssi
612 937 767 1009 (Gen.
796 938 848 990 ι.
879 937 930 991 1.
962 935 1040 1005 2).
1070 934 1336 1005 Numquid
1365 934 1480 989 hate
1504 934 1767 1003 aliquibus
1796 949 1827 988 e
1852 934 2006 989 vobis

419 1031 668 1088 videntur
694 1030 921 1086 tristitiae
944 1028 1363 1086 consolationem
1386 1027 1621 1083 habere?
1647 1043 1823 1083 nonne
1849 1028 2011 1082 histo-

417 1125 513 1179 rite
541 1122 775 1179 narratio
800 1133 882 1177 est
900 1164 915 1186 ,
942 1121 1087 1178 etde
1114 1122 1384 1177 creatione
1408 1121 1687 1176 doctrina?

487 1216 543 1271 2.
577 1216 747 1271 Vultis
790 1215 951 1284 igitur
990 1216 1352 1270 demonstrem
1379 1215 1794 1271 consolationem
1824 1217 1874 1271 in
1905 1216 2007 1271 hac

421 1308 655 1363 dictione
692 1307 1099 1362 absconditam?
1125 1307 1407 1376 Exsurgite
1433 1307 1590 1375 igitur
1608 1349 1621 1371 ,
1653 1316 1705 1362 et
1733 1323 1851 1362 cum
1879 1310 2004 1362 dili-

416 1403 589 1471 gentia
613 1400 874 1456 advertite
893 1416 1012 1470 quae
1025 1399 1248 1455 dicenda
1275 1409 1416 1453 sunt.
1438 1400 1571 1455 Cum
1588 1400 1728 1454 enim
1751 1402 2003 1468 audieris,

418 1495 555 1563 quod
600 1495 789 1549 omium
816 1536 831 1561 ,
857 1504 1051 1547 terram
1075 1534 1089 1558 ,
1121 1507 1266 1547 mare
1290 1530 1306 1558 ,
1334 1507 1516 1546 aerem
1536 1534 1550 1559 ,
1580 1507 1746 1562 aquas
1775 1535 1789 1558 ,
1822 1494 2006 1550 stellas

420 1587 631 1651 multas,
662 1585 771 1640 duo
803 1584 1083 1639 luminaria
1106 1598 1319 1653 magna,
1350 1582 1577 1653 plantas,
1608 1583 2001 1653 quadrupedes,

419 1678 652 1732 natatilia
695 1686 752 1732 et
780 1676 1010 1731 volatilia
1054 1675 1301 1729 animalia
1326 1715 1342 1740 ,
1373 1674 1657 1744 omniaque
1685 1676 2005 1744 generaliter

416 1784 534 1838 quae
555 1768 817 1828 videntur.
842 1775 1057 1836 propter
1080 1776 1131 1820 te
1154 1776 1402 1834 tuamque
1426 1766 1651 1821 salutem
1668 1777 1722 1822 et
1745 1767 2002 1823 honorem

422 1858 559 1913 Deus
584 1858 870 1924 creaverit,
901 1872 1079 1911 nonne
1110 1871 1353 1925 magnam
1384 1857 1530 1925 capis
1558 1857 1999 1925 consolationem,

414 1963 468 2009 et
506 1954 793 2008 maximam
840 1950 1142 2005 dilectionis
1186 1950 1279 2004 Dei
1323 1949 1833 2006 demonstrationem
1865 1952 2003 2008 hanc

413 2048 657 2117 suscipis,
681 2062 800 2100 cum
827 2045 1161 2115 cogitaveris,
1186 2043 1326 2114 quod
1355 2053 1555 2098 tantum
1580 2054 1633 2099 et
1664 2045 1821 2100 talem
1848 2061 2002 2101 mun-

415 2138 539 2192 dum
570 2178 585 2202 ,
629 2147 734 2190 tam
787 2135 1063 2204 pulchrum
1119 2143 1171 2189 ct
1228 2149 1477 2203 magnum
1530 2143 1585 2189 et
1631 2133 2000 2191 admirabilem

414 2237 631 2299 propter
656 2239 708 2282 te
740 2228 983 2297 pusillum
1014 2228 1064 2280 in
1092 2226 1322 2281 medium
1353 2226 1820 2295 protuleril?Cum
1844 2229 2003 2298 igitur

413 2321 666 2386 audieris,
700 2319 766 2374 In
798 2320 1045 2390 principio
1085 2321 1201 2389 fecit
1244 2318 1383 2372 Deus
1412 2318 1591 2372 cretum
1617 2328 1661 2373 et
1688 2328 1871 2373 terram
1890 2361 1903 2383 ,
1932 2334 2001 2376 ne

412 2412 726 2483 simpliciter
752 2411 950 2465 dictum
982 2419 1360 2479 praetercurras
1385 2451 1398 2474 ,
1421 2409 1514 2464 sed
1550 2418 1707 2464 terrae
1737 2410 2001 2480 magnitu-

411 2504 587 2558 dinem
618 2510 798 2556 mcnte
828 2515 1079 2570 percurre
1099 2541 1113 2563 ,
1142 2510 1196 2554 et
1221 2510 1406 2569 reputa
1438 2515 1594 2568 quam
1622 2499 1818 2554 lautam
1848 2502 2000 2556 nobis

410 2605 464 2649 et
488 2595 719 2663 Opimam
746 2591 994 2661 produxit
1015 2606 1274 2653 mensam,
1303 2598 1357 2644 et
1384 2590 1601 2643 multam
1628 2591 1820 2659 passim
1845 2591 1997 2646 nobis

410 2686 815 2742 delectationem
848 2684 1071 2753 praebuit
1091 2701 1105 2737 :
1124 2692 1176 2735 et
1193 2683 1335 2753 quod
1356 2683 1567 2754 quidem
1589 2693 1670 2738 est
1687 2685 1996 2751 maximum,

413 2780 463 2832 in
491 2778 760 2833 nullorum
786 2777 1026 2831 laborum
1054 2777 1461 2831 retributionem
1487 2777 1652 2843 dedit,
1682 2794 1780 2833 nec
1807 2780 1858 2833 in
1887 2796 2001 2834 me-

412 2871 633 2923 ritorum
688 2869 963 2937 prtemium
1018 2876 1220 2921 tantum
1271 2876 1326 2922 et
1379 2868 1537 2922 talem
1587 2870 1873 2936 mundum;
1904 2871 1998 2926 sed

410 2963 607 3030 pariter
628 2975 726 3015 nos
756 2961 929 3025 finxit,
952 2969 1006 3014 et
1034 2960 1137 3015 hoc
1161 2975 1326 3030 regno
1354 2975 1521 3031 genus
1551 2970 1792 3015 nostrum
1825 2962 1996 3017 honu-

410 3056 546 3110 ravit
575 3074 588 3108 :
621 3055 792 3126 inquit
824 3054 967 3109 enim
991 3096 1007 3122 ,
1040 3052 1317 3107 Faciamus
1356 3054 1608 3107 hominem
1636 3054 1703 3107 ad
1728 3055 1998 3125 imaginem

402 3163 451 3204 et
482 3151 890 3205 similitudinem
924 3162 1164 3204 nostram
1188 3149 1338 3222 (Gen.
1365 3150 1417 3205 l.
1452 3150 1566 3221 ς26).
1595 3150 1737 3216 Quid
1762 3158 1870 3216 est,
1912 3150 1995 3201 Ad

402 3245 689 3313 imaginem
706 3253 754 3296 et
770 3243 1177 3297 similitudinem
1203 3253 1440 3297 nostram
1458 3242 1839 3314 ?Principatus
1862 3242 2001 3295 ima-

408 3330 581 3395 ginem
611 3328 764 3391 dixit,
789 3336 847 3382 ut
866 3328 1004 3383 sicut
1030 3327 1204 3382 nullus
1234 3327 1287 3381 in
1308 3326 1439 3380 caelo
1468 3335 1549 3381 est
1580 3328 1688 3382 Deo
1714 3331 1990 3397 superior,

408 3422 487 3475 sic
509 3435 669 3488 super
691 3430 886 3473 terram
906 3419 1080 3473 nullus
1101 3419 1168 3472 sit
1189 3418 1407 3472 homine
1427 3420 1689 3487 superior.
1712 3418 1828 3474 Uno
1850 3422 1993 3475 enim

408 3510 508 3565 hoc
532 3521 585 3565 et
610 3511 780 3580 primo
810 3509 1108 3574 honoravit,
1132 3508 1273 3579 quod
1294 3509 1360 3563 ad
1387 3509 1668 3579 imaginem
1695 3524 1844 3564 suam
1870 3526 1992 3566 eum

407 3602 631 3658 fecerit:
655 3600 924 3665 secundo,
956 3601 1099 3671 quod
1131 3618 1235 3655 non
1261 3600 1502 3655 laborum
1534 3602 1808 3669 praemium
1839 3603 1993 3658 nobis

407 3695 686 3764 imperium
716 3695 1019 3764 prazbuerit,
1043 3692 1136 3748 sed
1158 3694 1326 3748 solam
1365 3692 1663 3748 exhibuerit
1696 3695 1993 3763 benignita-

406 3789 475 3845 tis
503 3805 614 3844 suae
640 3789 863 3859 gratiam
895 3807 908 3841 :
941 3788 1100 3842 tertio
1143 3795 1321 3841 autem
1366 3784 1511 3856 quod
1556 3787 1795 3841 naturale
1839 3786 1992 3844 nobis

405 3881 535 3936 illud
573 3881 826 3952 elargitus
867 3880 1208 3949 sittlmperia
1245 3879 1387 3933 enim
1428 3885 1520 3931 aut
1548 3878 1807 3932 naturalia
1834 3887 1989 3943 sunt,

404 3984 495 4029 aut
514 3974 773 4030 electione
801 3958 969 4033 fiunt;
1001 3972 1256 4026 naturalia
1297 3980 1453 4035 sunt,
1490 3979 1546 4024 ut
1570 3970 1737 4023 leonis
1768 3969 1820 4023 in
1858 3986 1989 4040 qua-

404 4066 690 4135 drupedes,
712 4076 765 4119 et
792 4065 843 4119 in
875 4079 1000 4118 aves
1028 4063 1218 4133 aquilze
1238 4081 1251 4127 ;
1275 4061 1538 4117 cloelione
1561 4060 1711 4128 ﬁunt,
1736 4062 1870 4116 sicut
1897 4077 1995 4115 no-

405 4158 501 4212 stri
540 4156 900 4228 Imperatoris.
932 4156 1027 4210 llic
1052 4155 1194 4209 enim
1236 4168 1343 4208 non
1370 4164 1554 4207 natura
1583 4154 1856 4231 conservis
1889 4154 1990 4207 im-

407 4258 573 4318 perat,
600 4249 719 4303 ideo
745 4263 889 4317 saepe
917 4246 1198 4317 imperium
1227 4244 1443 4299 amittit.
1476 4244 1622 4298 Talia
1653 4246 1795 4300 enim
1826 4253 1991 4310 sunt,

405 4356 522 4410 qua:
545 4356 651 4394 non
678 4348 881 4393 natura:
908 4338 1172 4392 inhaarent
1194 4376 1209 4401 ,
1240 4345 1295 4390 ut
1320 4336 1473 4390 facile
1503 4335 1785 4390 admittant
1814 4347 1991 4390 muta—

405 4414 738 4495 tionem.lAt
783 4445 890 4484 non
938 4430 1007 4484 ita
1061 4429 1143 4483 leo
1169 4468 1184 4495 ,
1208 4426 1301 4481 sed
1342 4436 1529 4481 natura
1564 4426 1992 4496 quadrupedibus

404 4522 744 4587 dominatur,
775 4521 915 4575 sicut
952 4520 1135 4575 itidem
1186 4527 1237 4574 et
1282 4518 1496 4574 alitibus
1538 4518 1737 4587 aquila.
1769 4518 1992 4588 Semper

407 4614 565 4684 igitur
609 4629 729 4667 cum
778 4627 977 4682 genere
1004 4611 1289 4681 conjuncta
1331 4618 1417 4665 est
1443 4611 1591 4679 regni
1621 4610 1832 4679 species
1853 4651 1868 4676 ,
1894 4625 1993 4666 nec

406 4705 569 4759 ullum
600 4705 719 4775 quis
747 4703 893 4759 videt
930 4705 1140 4758 leonem
1182 4717 1433 4772 umquam
1478 4701 1619 4755 hunc
1657 4701 1989 4756 amittentem

408 4796 779 4867 principatum.
806 4795 938 4850 Tale
986 4796 1138 4851 nobis
1181 4795 1464 4863 imperium
1497 4792 1635 4847 Deus
1661 4808 1691 4845 a
1732 4793 1993 4863 principio

408 4888 626 4959 largitus
651 4897 754 4951 est,
784 4901 840 4943 et
865 4903 961 4942 nos
987 4887 1236 4941 omnibus
1265 4886 1554 4955 praeposuit
1582 4901 1595 4937 :
1625 4899 1725 4939 nec
1752 4884 1852 4937 hoc
1876 4885 1993 4939 solo

409 4994 648 5037 naturam
680 4992 918 5037 nostram
946 4979 1239 5045 decoravit,
1270 4979 1363 5033 sed
1390 4987 1442 5032 et
1464 4977 1576 5046 ipsa
1606 4976 1709 5030 loci
1737 4985 1995 5045 pnestan-

406 5075 511 5140 tia,
540 5074 809 5145 egregium
849 5073 1006 5128 nobis
1049 5071 1408 5127 habitaculum
1453 5069 1739 5137 designans
1777 5068 1993 5137 paradi-

404 5181 545 5232 sum,
573 5175 627 5221 et
654 5165 913 5219 rationem
935 5164 1089 5230 dans,
1116 5173 1174 5218 et
1196 5162 1427 5217 animam
1458 5148 1689 5230 largiens
1712 5159 1993 5213 immorta-

406 5256 530 5309 lem.

482 5346 616 5400 Deus
650 5363 752 5400 non
781 5355 973 5400 tantum
1010 5363 1124 5399 cum
1152 5345 1398 5417 benefadt
1422 5385 1437 5409 ,
1469 5343 1556 5398 sed
1581 5343 1731 5396 etiam
1766 5358 1878 5394 cum
1908 5358 1994 5395 ca-

407 5439 577 5509 stigat,
605 5438 763 5493 bonus
803 5449 896 5493 est.
921 5468 994 5479 —
1014 5437 1121 5494 Sed
1169 5453 1274 5492 non
1320 5437 1436 5491 haec
1480 5435 1651 5489 dicam
1679 5452 1692 5488 :
1720 5448 1820 5504 ego
1848 5434 1993 5489 enim

409 5540 606 5586 tantam
648 5531 744 5587 Dei
782 5531 1080 5587 dilectionis
1109 5528 1646 5601 superabundantiam
1686 5542 1806 5582 esse
1833 5526 1952 5582 dico
1974 5568 1989 5594 ,

408 5638 595 5680 utnon
626 5634 831 5680 tantum
876 5641 942 5680 ex
981 5626 1045 5681 iis
1090 5625 1281 5696 quibus
1330 5637 1430 5679 nos
1471 5620 1790 5687 honoravit,
1819 5620 1912 5675 scd
1940 5626 1996 5674 et

409 5717 599 5791 quibus
650 5718 966 5789 eaStigavit,
1014 5717 1259 5773 similiter
1312 5715 1578 5787 possimus
1628 5715 1993 5772 demonstrare

2125 373 2292 441 ipsius
2335 373 2625 431 bonitatem
2675 386 2730 432 et
2771 378 3169 449 benignitatem.
3206 380 3273 435 Et
3326 381 3427 437 hoc
3476 364 3708 440 maxime

2121 467 2358 522 omnium
2408 483 2501 524 vos
2543 484 2665 524 cum
2709 470 2986 543 diligentia
3027 474 3366 532 considerare
3416 477 3704 542 cohortor.

2122 558 2285 612 Deum
2336 574 2441 615 non
2489 569 2690 616 tantum
2744 577 2866 618 cum
2906 564 3132 621 honorat
3176 576 3231 623 et
3272 567 3569 635 benefacit,
3611 570 3704 625 sed

2118 659 2172 702 et
2198 664 2319 703 cum
2346 650 2567 722 castigat
2591 661 2644 706 et
2670 654 2840 724 punit,
2864 656 3109 711 similiter
3128 671 3249 713 esse
3270 659 3464 713 bonum
3484 678 3498 714 :
3521 669 3573 714 et
3592 661 3716 719 sive

2117 749 2302 795 eontra
2328 743 2571 812 gentiles,
2592 745 2708 800 sive
2729 757 2914 802 contra
2935 748 3217 805 haereticos
3246 752 3398 807 nobis
3413 756 3705 809 certamina
3743 743 3758 815 ’ξ

2119 840 2447 895 inoveantur,
2480 843 2534 888 et
2561 850 2748 905 pugna:
2777 837 2843 890 de
2873 838 2966 893 Dei
2995 839 3336 910 benignitate,
3362 858 3467 897 non
3496 853 3705 899 tantum
3746 821 3757 854 ‘I

2116 939 2179 976 ex
2202 923 2394 992 quibus
2416 941 2513 980 nos
2540 926 2842 996 honoravit,
2866 930 2959 984 sed
2979 941 3033 986 et
3057 947 3122 987 ex
3142 934 3331 1002 quibus
3352 950 3450 989 nos
3475 937 3701 1006 punivit,

2117 1016 2282 1083 ipsius
2311 1018 2600 1073 bonitatem
2630 1019 3134 1079 demonstrabimus.
3168 1026 3223 1083 Si
3252 1029 3394 1083 enim
3426 1030 3702 1087 honorans

2119 1119 2319 1163 tantum
2350 1110 2522 1165 bonus
2549 1123 2712 1180 esset,
2737 1115 2963 1182 puniens
2989 1133 3116 1173 vero
3141 1136 3247 1174 non
3273 1131 3434 1189 esset,
3462 1140 3531 1179 ex
3554 1124 3704 1180 dimi-

2115 1202 2203 1257 dio
2229 1204 2401 1260 bonus
2423 1217 2596 1273 esset;
2625 1208 2718 1262 sed
2747 1224 2853 1264 non
2884 1211 2951 1265 ita
2982 1221 3064 1267 est
3086 1255 3100 1277 ,
3128 1213 3284 1269 absit.
3317 1216 3374 1271 ln
3402 1215 3703 1276 hominibus

2113 1296 2328 1365 quidem
2359 1298 2458 1353 hoc
2486 1300 2701 1356 evenire
2735 1303 3019 1359 verisimile
3057 1315 3137 1359 est
3158 1348 3173 1372 ,
3197 1310 3446 1376 quoniam
3468 1327 3587 1367 cum
3616 1314 3701 1369 fu-

2115 1403 2236 1442 rore
2276 1399 2330 1444 et
2369 1406 2433 1444 ex
2474 1392 2663 1447 affectu
2691 1409 2874 1462 poenas
2904 1394 3170 1463 inferunt;
3206 1399 3344 1456 Deus
3373 1414 3547 1458 autem
3578 1421 3713 1461 cum.

2114 1481 2273 1535 nullis
2297 1482 2364 1536 sit
2388 1482 2663 1540 affectibus
2683 1486 2962 1551 obnoxius,
2992 1489 3104 1544 sive
3134 1490 3445 1559 benefaciat,
3469 1497 3579 1550 sive
3602 1513 3702 1566 pu-

2114 1571 2225 1625 niat
2246 1613 2261 1635 ,
2291 1574 2536 1629 similiter
2561 1584 2643 1630 est
2673 1576 2843 1631 bonus
2869 1596 2880 1630 :
2911 1594 3009 1633 nec
3038 1595 3200 1649 regno
3227 1584 3403 1637 minus
3444 1587 3701 1657 gehennae

2112 1665 2455 1721 eumminatio
2486 1666 2651 1735 ipsius
2678 1666 2967 1723 bonitatem
2992 1670 3323 1728 demonstrat
3353 1693 3364 1727 :
3395 1684 3452 1730 et
3474 1693 3578 1745 quo
3606 1694 3701 1747 pa-

2111 1763 2200 1809 cto
2225 1755 2276 1810 id
2302 1755 2411 1821 fiat,
2440 1772 2539 1828 ego
2565 1758 2758 1812 dicam.
2787 1759 2896 1815 Nisi
2923 1760 3218 1830 gehennam
3241 1766 3469 1822 minatus
3493 1769 3698 1838 fuisset,

2112 1847 2212 1902 nisi
2256 1863 2465 1917 pmnam
2500 1861 2883 1919 praeparassct,
2915 1868 3019 1906 non
3057 1854 3207 1909 nmlti
3239 1872 3460 1928 regnum
3490 1876 3701 1932 assequi

2114 1940 2429 2006 potuissent.
2458 1941 2572 1995 Non
2600 1943 2744 1997 enim
2770 1944 2839 1998 ita
2866 1944 3130 2001 bonorum
3174 1952 3459 2019 promissio
3498 1956 3563 2010 ad
3596 1958 3703 2012 vir-

2113 2040 2275 2086 tutem
2321 2034 2516 2089 multos
2554 2045 2775 2102 evocat,
2808 2045 2866 2091 ut
2908 2039 3171 2095 malorttm
3202 2042 3481 2102 intentatio
3509 2049 3701 2106 timore

2110 2123 2415 2192 compellit,
2446 2132 2498 2178 et
2548 2124 2614 2179 ad
2656 2126 2847 2181 animae
2895 2142 3078 2184 curam
3126 2133 3338 2188 excitat.
3373 2133 3552 2206 Itaque
3599 2141 3699 2194 etsi

2108 2213 2359 2268 caelorum
2388 2230 2554 2284 regno
2568 2216 2808 2287 gebenna
2829 2222 3092 2275 contraria
3118 2232 3220 2289 est,
3242 2225 3308 2278 ad
3331 2242 3490 2282 unum
3522 2236 3699 2287 tamen

2108 2307 2265 2362 ambo
2297 2309 2456 2364 tinent
2486 2310 2798 2377 restriciunt,
2829 2311 3103 2369 hominum
3133 2317 3358 2374 salutem
3391 2321 3552 2377 :illud
3581 2325 3697 2394 qui-

2109 2398 2227 2453 dem
2254 2399 2320 2454 ad
2350 2416 2409 2455 se
2438 2401 2697 2468 alliciens,
2732 2403 2845 2458 haec
2874 2414 3054 2460 autem
3085 2406 3152 2461 ad
3180 2408 3309 2463 illud
3332 2414 3695 2485 compellens,

2108 2503 2160 2545 et
2186 2494 2595 2563 negligentiores
2627 2496 2817 2552 timore
2846 2504 3139 2570 corrigens.

2178 2584 2231 2638 5.
2266 2585 2415 2638 Hunc
2440 2595 2617 2640 autem
2648 2602 2751 2641 non
2780 2588 3046 2643 incassum
3084 2608 3386 2649 sermonem
3420 2600 3692 2666 protraho;

2107 2675 2201 2730 sed
2228 2678 2476 2746 quoniam
2504 2692 2647 2747 smpe
2667 2678 2807 2735 fame
2834 2689 2888 2735 et
2914 2683 3241 2740 siccitatibus
3264 2689 3616 2757 venientibus,
3641 2703 3694 2749 ct

2107 2769 2255 2823 bellis
2277 2812 2290 2833 ,
2323 2780 2376 2824 et
2404 2770 2477 2825 ira
2505 2772 2649 2842 regia
2680 2773 2913 2829 irruente
2938 2817 2953 2841 ,
2978 2786 3029 2830 et
3056 2777 3176 2833 aliis
3214 2780 3509 2837 istiusmodi
3541 2784 3694 2841 inex-

2104 2862 2357 2930 spectatis
2382 2862 2561 2930 rebus,
2588 2865 2739 2920 multi
2769 2866 3123 2936 simpliciores
3151 2870 3423 2940 decipiunt
3442 2873 3688 2941 dicendo,

2106 2967 2209 3006 non
2238 2952 2393 3022 digna
2429 2953 2543 3008 haec
2585 2971 2704 3010 esse
2745 2956 2837 3011 Dei
2888 2960 3234 3026 providentia.
3262 2962 3340 3016 Ne
3364 2964 3525 3033 igitur
3549 2966 3694 3022 deci-

2107 3043 2340 3110 piamur,
2371 3046 2464 3100 sed
2507 3054 2655 3102 certo
2698 3048 2930 3105 sciamus
2951 3092 2965 3115 ,
2995 3052 3138 3120 quod
3176 3054 3293 3109 sive
3336 3054 3550 3123 famem,
3579 3060 3693 3115 sive

2106 3133 2321 3200 bellum,
2345 3138 2458 3191 sive
2487 3138 2629 3193 aliud
2656 3140 3027 3212 quodcumque
3054 3144 3337 3201 molestum
3360 3147 3595 3215 inducat,
3624 3167 3691 3206 ex

2105 3224 2428 3295 benignitate
2453 3236 2508 3281 et
2536 3229 2699 3282 multa
2729 3230 3014 3288 dilectione
3038 3232 3144 3289 hoc
3172 3236 3363 3291 efﬁciat
3380 3278 3395 3304 ,
3420 3237 3544 3294 huic
3569 3255 3685 3296 ser-

2103 3317 2248 3370 muni
2274 3327 2490 3373 coactus
2518 3335 2635 3373 sum
2666 3321 2960 3376 immorari.
2989 3324 3123 3380 Nam
3163 3336 3218 3381 et
3244 3339 3420 3397 patres
3449 3334 3691 3388 omnium

2105 3409 2332 3465 maxime
2360 3411 2494 3465 filios
2520 3423 2763 3469 amantes
2789 3423 2841 3470 et
2864 3431 3047 3471 mensa
3078 3418 3382 3488 prohibent,
3405 3432 3459 3478 et
3479 3423 3685 3494 ﬂagella

2102 3497 2362 3568 infligunt,
2386 3510 2437 3556 et
2458 3502 3016 3574 afﬁciunt'ignominia,
3036 3514 3091 3562 et
3116 3509 3234 3563 aliis
3254 3510 3475 3568 infinitis
3499 3516 3690 3572 talibus

2103 3589 2435 3645 lascivientes
2462 3606 2658 3661 pueros
2684 3595 2957 3666 corrigunt
2981 3616 2992 3651 :
3018 3598 3112 3652 sed
3135 3607 3310 3657 tamen
3340 3612 3515 3671 patres
3541 3617 3686 3673 sunt,

2103 3697 2206 3735 non
2238 3690 2438 3737 tantum
2469 3684 2593 3739 dum
2624 3684 2886 3740 honorant
2910 3728 2925 3755 ,
2957 3689 3049 3743 sed
3076 3698 3131 3744 et
3150 3690 3276 3746 dum
3306 3692 3420 3748 haec
3451 3695 3686 3763 faciunt,

2100 3784 2154 3829 et
2201 3784 2326 3832 tunc
2364 3777 2595 3832 maxime
2626 3786 2836 3847 patres,
2868 3794 2988 3835 cum
3016 3779 3132 3836 haec
3154 3781 3372 3839 faciunt.
3405 3784 3461 3840 Si
3511 3798 3687 3842 autem
3770 3799 3774 3805 '

2100 3868 2363 3935 homines,
2381 3869 2665 3940 quifurore
2693 3882 2743 3927 et
2778 3873 2850 3927 ira
2873 3888 3014 3946 saepe
3039 3874 3107 3929 ab
3133 3876 3243 3931 utili
3265 3877 3549 3945 declinant,
3580 3897 3688 3937 non

2099 3960 2411 4019 crudelitate
2439 3970 2491 4016 et
2522 3962 2923 4030 inhumanitate,
2946 3965 3688 4041 sedcuraetcbaritate,quos

2098 4060 2317 4117 amant,
2350 4054 2536 4122 punire
2582 4063 2833 4124 putantur
2866 4073 2878 4109 :
2912 4057 3079 4112 multo
3130 4060 3297 4129 magis
3346 4058 3413 4115 de
3462 4061 3574 4118 Deo
3610 4064 3689 4118 sic

2098 4145 2299 4201 sentire
2327 4155 2559 4217 oportet,
2583 4149 2671 4217 qui
2696 4148 2949 4203 bonitatis
2978 4166 3088 4205 sua:
3112 4152 3326 4207 cumulo
3346 4170 3558 4211 omnem
3587 4171 3688 4212 ex-

2098 4237 2241 4291 cedit
2270 4247 2542 4307 paternam
2558 4242 2893 4299 charitatem.
2913 4242 2978 4298 Et
2997 4259 3062 4297 ne
3089 4243 3279 4300 credas
3304 4245 3415 4301 haec
3434 4263 3532 4319 per
3559 4264 3689 4304 con-

2093 4329 2354 4400 jecturam
2380 4346 2499 4387 esse
2524 4332 2683 4397 dicta,
2714 4346 2811 4402 age
2835 4333 2899 4388 ad
2930 4335 3095 4403 ipsam
3121 4334 3448 4406 Scripturam
3474 4355 3687 4396 sermo-

2099 4438 2168 4478 ne
2187 4433 2534 4480 revertamur.
2555 4424 2839 4496 Postquam
2866 4428 3007 4480 enim
3038 4426 3199 4483 homo
3214 4428 3283 4484 ab
3308 4431 3550 4501 improbo
3578 4433 3689 4489 dae-

2099 4530 2257 4572 mone
2297 4516 2553 4588 deceptus
2592 4527 2648 4573 et
2690 4519 2909 4573 allectus
2952 4528 3063 4583 est,
3098 4519 3372 4576 videamus
3416 4528 3687 4592 quomodo

2100 4609 2272 4678 ipsum
2302 4610 2403 4663 tale
2429 4618 2705 4679 operatum
2733 4609 2933 4664 crimen
2962 4609 3101 4663 Deus
3129 4612 3390 4667 tractavit.
3419 4612 3688 4683 Numquid

2098 4702 2273 4772 ipsum
2309 4703 2527 4756 omnino
2556 4702 2817 4771 perdidit?
2839 4712 2891 4756 et
2916 4702 3129 4772 quidem
3167 4703 3386 4772 iustitiae
3424 4706 3559 4761 ratio
3586 4706 3689 4763 hoc

2099 4796 2379 4866 exigebat,
2404 4796 2534 4850 nihil
2575 4796 2788 4865 quidem
2825 4795 2950 4850 boni
2985 4806 3259 4865 apemtum
3288 4838 3303 4863 ,
3334 4808 3530 4854 tantam
3560 4817 3698 4857 vero

2100 4889 2526 4944 benevolentiam
2568 4898 2913 4956 assequutum
2935 4931 2952 4956 ,
2974 4904 3099 4943 mox
3137 4905 3167 4943 a
3202 4892 3509 4960 primordiis
3531 4897 3689 4951 lasci-

2100 4981 2332 5035 vientem
2363 4980 2431 5035 de
2473 4981 2648 5035 medio
2674 4980 2821 5046 tolli,
2849 4989 2903 5034 et
2930 4979 3167 5037 funditus
3193 4982 3379 5039 deleri.
3427 4984 3533 5041 Sed
3581 5002 3691 5045 non

2101 5075 2227 5129 fecit
2254 5074 2356 5129 hoc
2383 5074 2541 5139 Deus,
2574 5088 2673 5128 nec
2701 5073 3036 5128 abominatus
3063 5084 3166 5141 est,
3195 5090 3295 5130 nec
3317 5090 3440 5131 eum
3468 5092 3690 5134 aversa-

2102 5176 2189 5221 tus
2212 5208 2227 5233 ,
2258 5166 2347 5236 qui
2378 5181 2438 5221 se
2469 5176 2576 5221 tam
2601 5165 2867 5236 ingratum
2900 5166 2950 5220 in
2980 5167 3378 5223 benefactorem
3404 5169 3645 5225 exhibui:
3674 5211 3691 5235 ,

2101 5261 2194 5315 sed
2237 5260 2304 5315 ad
2344 5261 2516 5331 ipsum
2544 5259 2723 5326 venit,
2751 5261 2889 5314 sicut
2930 5260 2997 5315 ad
3044 5270 3302 5331 aegrotum
3335 5262 3592 5319 medicus.
3622 5264 3691 5319 Et

2102 5354 2212 5408 noli
2239 5355 2527 5409 oscitanter
2550 5352 2751 5408 dictum
2780 5362 3213 5425 praetercurrere,
3232 5354 3575 5421 charissime,
3595 5356 3689 5412 sed

2102 5448 2273 5517 cogita
2299 5447 2456 5517 quale
2485 5455 2587 5513 est,
2618 5462 2717 5501 nec
2739 5447 3008 5515 angelum,
3041 5462 3141 5503 nec
3170 5448 3566 5518 archangelum,
3591 5467 3690 5508 nec

2103 5540 2267 5594 ullum
2293 5538 2453 5593 alium
2477 5538 2617 5593 illius
2637 5553 3018 5593 conservorum
3042 5538 3269 5604 misisse,
3292 5540 3385 5594 sed
3406 5552 3687 5610 Ipsummet

2103 5634 2385 5689 Dominum
2425 5633 2491 5687 ad
2518 5632 2813 5703 collapsum
2842 5632 3183 5689 descendisse
3203 5675 3215 5697 ,
3235 5634 3502 5703 jacentem
3552 5637 3688 5693 rele-

2111 5745 2282 5799 vasse,
2311 5740 2364 5788 ct
2392 5731 2563 5788 solum
2593 5729 2658 5784 ad
2682 5728 2852 5785 solmn
2876 5738 3143 5801 tamquam
3173 5725 3236 5783 ad
3267 5728 3496 5784 amicum
3527 5729 3690 5785 infor-
