4072 6384
413 332 481 387 95
1151 324 1209 381 s.
1248 320 1521 380 JOANNIS
1555 312 2017 376 CHRYSOSTOMI
2054 311 2370 368 ARCIIIEP.
2408 312 2939 370 consumma.
3615 311 3681 367 96

416 453 655 501 tunatum
697 450 752 497 et
783 440 837 497 in
862 454 1050 511 magna
1086 437 1431 493 constitutum
1460 431 1779 488 adversitate
1804 442 1986 483 acces-

416 530 571 584 sisse.
594 525 743 593 Quod
771 526 914 581 enim
942 539 1006 579 ex
1028 522 1190 576 multa
1213 512 1990 580 hoceharitatefecerit,etipsa

416 620 599 683 verba,
621 633 739 688 qua:
760 616 825 670 ad
850 616 1018 685 ipsum
1040 611 1192 677 dixit,
1221 609 1383 680 ipsius
1410 605 1728 661 ineﬁ'abilem
1753 617 1989 656 amorem

417 710 799 765 demonstrant.
824 705 891 760 Et
910 702 1036 773 quid
1052 716 1183 771 opus
1206 709 1307 766 est,
1338 708 1397 753 ut
1416 698 1595 752 omnia
1614 694 1774 749 verba
1794 690 1993 747 dicam?

416 802 585 871 prima
640 796 878 870 profecto
902 795 1065 849 dictio
1091 792 1269 847 statim
1310 790 1474 861 ipsius
1507 800 1744 842 amorem
1768 784 1992 839 demon-

413 891 623 947 stravit.
652 888 765 944 Nou
797 888 937 943 enim
969 884 1141 951 dixit,
1170 882 1307 937 sicut
1332 896 1427 951 par
1450 887 1567 934 erat
1593 876 1837 947 injuriam
1868 887 1992 942 pas—

412 997 531 1036 sum
558 981 736 1035 dicere
762 996 773 1031 :
797 977 841 1032 0
866 976 1126 1031 scelerate
1146 982 1199 1028 et
1219 970 1619 1035 scelestissimc,
1644 967 1732 1022 tali
1758 980 1874 1020 mea
1902 964 1995 1017 bc-

413 1070 715 1127 nevoleutia
763 1068 961 1137 potitus
986 1105 1000 1130 ,
1024 1074 1172 1119 tanto
1201 1062 1481 1117 decoratus
1524 1073 1688 1129 regno
1706 1098 1721 1123 ,
1749 1055 1995 1110 omnibus

412 1161 754 1217 terrestribus
771 1158 917 1214 nullo
943 1168 1032 1211 tuo
1049 1155 1236 1211 merito
1257 1152 1600 1224 praeliabitus,
1622 1158 1676 1205 et
1699 1164 1831 1203 meae
1854 1161 1997 1202 curre

415 1255 633 1324 pignora
662 1266 756 1321 per
781 1264 944 1319 opera
967 1256 1022 1303 et
1048 1262 1228 1300 veram
1256 1243 1601 1314 providentia:
1630 1240 1994 1311 probationem

411 1351 730 1412 assequutus
752 1383 766 1407 ,
791 1338 1090 1409 improbum
1129 1336 1427 1391 daemonem
1456 1344 1509 1388 et
1539 1332 1847 1402 pestiferum
1890 1339 1994 1384 tuae

418 1432 605 1486 salutis
632 1431 901 1484 inimicum
929 1470 944 1493 ,
975 1428 1199 1481 Domino
1240 1436 1295 1481 et
1340 1434 1514 1479 tutore
1536 1465 1551 1491 ,
1582 1425 1665 1479 cui
1704 1423 1955 1477 crederes
1979 1462 1993 1486 ,

415 1524 711 1595 digniorem
753 1519 982 1575 duxisti?
1008 1518 1133 1588 quid
1164 1518 1254 1573 ille
1282 1517 1383 1571 tale
1413 1526 1499 1570 tua
1525 1530 1685 1570 causa
1714 1514 1995 1585 praestitit,

415 1616 571 1684 quale
597 1630 696 1684 ego
721 1614 744 1667 ?
774 1627 949 1666 nonne
976 1612 1162 1665 cazlum
1201 1618 1419 1679 propter
1441 1618 1491 1663 te
1519 1608 1727 1661 creavi?
1755 1617 1949 1661 terram
1979 1648 1993 1670 ,

416 1721 583 1771 mare,
616 1706 803 1767 solem,
832 1703 1031 1765 lunam,
1062 1710 1116 1756 et
1144 1700 1323 1754 stellas
1349 1698 1579 1754 omnes?
1600 1713 1705 1752 non
1737 1699 1879 1751 enim
1906 1696 1996 1750 ulli

416 1796 590 1867 angeli
628 1796 783 1863 hujus
809 1803 1066 1848 creatura:
1113 1791 1446 1861 indigebant,
1482 1790 1575 1846 sed
1607 1797 1823 1858 propter
1852 1797 1905 1842 te
1943 1795 1999 1842 et

418 1888 655 1958 requiem
688 1899 827 1941 tuam
854 1928 868 1953 ,
899 1886 1056 1940 talem
1083 1892 1139 1939 et
1177 1894 1377 1938 tantum
1408 1882 1508 1938 feci
1538 1882 1790 1936 mundum
1816 1900 1829 1935 :
1859 1891 1913 1936 et
1942 1889 1997 1935 tu

417 1981 559 2037 nuda
586 1981 747 2035 verba
766 2021 779 2045 ,
811 1989 863 2033 et
885 1978 1292 2048 promissionem
1324 1976 1511 2029 falsam
1537 2017 1550 2038 ,
1582 1982 1635 2029 et
1660 1974 1998 2044 pollicitatio-

417 2091 541 2129 nem
573 2072 757 2128 fraude
786 2072 1018 2142 plenam,
1042 2070 1235 2125 collata
1264 2068 1515 2137 operibus
1544 2067 1671 2137 ipsis
1698 2066 2002 2121 beneﬁcen-

415 2170 488 2223 tia
514 2176 567 2223 et
587 2165 937 2237 providentia,
967 2163 1067 2217 ﬁde
1094 2162 1385 2232 digniorem
1414 2176 1533 2215 esse
1562 2170 1728 2228 ratus,
1753 2171 1804 2214 te
1825 2160 1997 2229 ipsum

416 2261 491 2316 illi
519 2258 804 2324 tradidisti,
834 2272 1085 2326 measque
1106 2256 1249 2323 leges
1272 2252 1627 2309 conculcasti?

420 2364 421 2367 ‘
488 2351 583 2404 Dei
620 2367 738 2419 erga
765 2351 982 2418 primunt
1016 2348 1267 2401 hominem
1295 2346 1576 2399 clementia.
1606 2374 1678 2384 —
1706 2342 1831 2397 Haec
1855 2344 1997 2397 enim

418 2453 472 2498 et
493 2442 575 2498 his
598 2442 745 2510 plura
777 2440 964 2493 lmsum
990 2454 1085 2508 par
1105 2445 1219 2492 erat
1238 2435 1415 2490 dicere
1440 2452 1452 2488 :
1477 2434 1571 2489 sed
1600 2449 1705 2489 non
1737 2435 1807 2488 ita
1838 2434 1996 2500 Deus,

417 2548 604 2587 verum
628 2533 847 2587 omnino
868 2538 1073 2584 contra.
1103 2530 1143 2582 A
1175 2528 1341 2597 prima
1365 2527 1504 2582 enim
1530 2541 1659 2580 voce
1685 2524 1854 2594 ipsum
1887 2534 1999 2579 sta-

420 2624 516 2676 tim
545 2623 754 2687 erexit,
778 2635 841 2675 ac
875 2620 1169 2688 jacentem,
1201 2626 1360 2687 atque
1390 2617 1661 2671 timentem
1690 2625 1743 2670 et
1772 2625 2000 2670 tremen-

420 2726 525 2770 tem
554 2714 825 2770 conﬁdere
854 2712 998 2779 fecit,
1031 2711 1177 2781 prior
1204 2724 1327 2764 cum
1355 2723 1553 2764 vocans
1580 2710 1691 2777 ipse
1719 2727 1730 2761 :
1762 2708 1999 2777 quinimo

418 2821 525 2860 non
569 2813 773 2859 tantum
817 2804 961 2871 prior
984 2815 1180 2855 vocans
1203 2840 1221 2867 ,
1248 2799 1342 2854 sed
1376 2800 1537 2854 etiam
1586 2814 1650 2853 ex
1699 2813 1797 2853 suo
1825 2799 1997 2867 ipsum

420 2898 636 2952 nomine
655 2895 947 2964 appellans,
972 2901 1026 2948 et
1044 2892 1227 2947 dicens
1255 2909 1269 2944 :
1293 2891 1455 2945 Adam
1476 2890 1558 2944 ubi
1582 2907 1634 2944 es
1656 2888 1807 2961 (Gen.
1836 2890 1889 2943 5.
1914 2888 2000 2957 9)?

419 3003 654 3043 amorem
676 3002 849 3051 suum,
873 2995 926 3040 et
947 2985 1163 3039 multam
1187 2983 1327 3038 circa
1349 2984 1520 3053 ipsum
1542 2995 1723 3038 curam
1746 2982 1997 3036 ostendit.

428 3078 537 3135 lam
566 3078 705 3132 enim
737 3092 922 3130 omnes
964 3076 1133 3130 nostis
1181 3073 1284 3129 hoc
1327 3088 1447 3129 esse
1476 3074 1723 3144 legitimae
1751 3073 1998 3127 amicitiae

420 3170 693 3225 indicium.
724 3169 813 3224 Sic
838 3167 1016 3223 facere
1045 3175 1436 3223 consueverunt
1463 3167 1551 3237 qui
1579 3176 1816 3221 mortuos
1848 3180 2000 3220 revo-

418 3272 582 3328 cant,
628 3261 931 3331 frequenter
970 3260 1205 3330 ipsorum
1248 3258 1464 3313 nomina
1510 3267 1786 3313 versantes
1819 3276 1831 3310 :
1864 3257 2001 3312 sicut

418 3355 651 3409 vicissim
696 3352 786 3423 qui
823 3352 945 3407 odio
972 3351 1206 3413 habent,
1235 3362 1288 3406 et
1323 3352 1537 3406 inimice
1574 3366 1697 3421 erga
1724 3350 1997 3421 quospiam

420 3446 592 3501 aﬁ'ecti
623 3455 779 3510 sunt,
806 3458 905 3498 nec
931 3444 1143 3497 nomina
1168 3458 1352 3497 eorum
1377 3442 1466 3513 qui
1496 3456 1557 3496 se
1583 3442 1789 3507 Imsere,
1823 3440 2001 3495 ferunt

428 3551 868 3592 commemorare.
912 3535 1036 3589 ideo
1076 3535 1202 3589 Safil
1246 3535 1443 3588 nullam
1492 3534 1705 3603 quidem
1754 3534 1997 3603 injuriatu

424 3644 609 3699 passus
633 3668 648 3695 ,
672 3627 867 3683 multas
886 3642 1013 3681 vero
1039 3634 1094 3679 et
1123 3640 1340 3696 magnas
1369 3625 1589 3694 injurias
1616 3625 1667 3679 in
1696 3624 1859 3679 David
1887 3640 2000 3678 ma-

420 3720 685 3782 chinatus,
716 3727 992 3787 postquam
1025 3716 1196 3786 ipsum
1227 3715 1573 3770 aversabatur
1596 3723 1650 3769 et
1669 3714 1874 3782 oderat,
1899 3730 1999 3769 nec

420 3810 562 3864 illius
600 3809 1009 3879 appellationem
1054 3822 1475 3861 commemorare
1531 3805 1862 3871 sustinebat,
1904 3805 1998 3860 sed

418 3900 826 3956 considentibus
854 3899 1102 3953 omnibus
1134 3907 1413 3968 postquam
1443 3912 1551 3953 non
1581 3898 1795 3953 venisse
1822 3896 1951 3951 vidit
1979 3939 1994 3963 ,

419 3992 546 4061 quid
587 3992 787 4062 inquit?
815 3990 931 4045 Non
974 3990 1141 4053 dixit,
1168 3990 1259 4043 ubi
1295 3997 1378 4045 est
1415 3988 1768 4054 David?sed,
1804 3987 1903 4043 Ubi
1926 3997 1999 4042 est

423 4084 561 4149 ﬁlius
589 4081 827 4151 λιιεδεμ.
860 4081 1440 4154 Iieq.20,‘2‘l)?apatre
1473 4081 1652 4151 ipsum
1686 4094 1903 4134 vocans.
1932 4079 2002 4133 Et

420 4176 611 4231 iterum
637 4174 803 4229 Judaei
831 4175 896 4229 de
922 4174 1134 4229 Christo
1160 4175 1296 4229 idem
1321 4173 1551 4227 faciunt:
1581 4174 1827 4243 quoniam
1857 4173 1999 4227 enim

422 4268 595 4335 ipsum
617 4266 1001 4320 aversabantur
1020 4276 1073 4320 et
1098 4270 1339 4330 oderant,
1369 4281 1475 4319 non
1502 4265 1771 4330 dixerunt,
1799 4264 1896 4320 Ubi
1918 4273 2000 4319 est

421 4356 689 4415 Christus.
720 4356 835 4418 sed,
873 4355 971 4411 Ubi
995 4368 1065 4410 est
1095 4357 1180 4410 ille
1208 4354 1382 4427 (Joan.
1413 4357 1465 4410 7.
1496 4356 1626 4427 H)?

410 4474 413 4477 -
493 4449 547 4501 4.
580 4447 683 4502 Sed
717 4448 855 4502 Deus
884 4459 937 4503 et
985 4449 1036 4502 in
1078 4448 1176 4501 hoc
1205 4448 1571 4502 demonstrare
1608 4448 1792 4503 volens
1812 4489 1827 4514 ,
1859 4447 2000 4518 quod

425 4554 523 4591 nec
554 4548 825 4607 peccatum
854 4554 1090 4593 amorem
1128 4539 1478 4603 exstinxerit,
1512 4552 1611 4593 nec
1648 4538 1999 4593 inobedientia

422 4646 572 4685 suam
606 4632 655 4684 in
686 4631 856 4700 ipsum
887 4630 1310 4684 benevolentiam
1352 4630 1660 4695 sustulerit,
1692 4630 1785 4684 sed
1828 4629 2003 4684 adhuc

423 4722 697 4791 provideat
722 4729 775 4774 et
800 4735 979 4773 curam
1002 4730 1150 4788 gerat
1175 4720 1327 4789 lapsi,
1357 4720 1527 4789 inquit
1555 4737 1568 4773 :
1602 4720 1764 4773 Adam
1792 4719 1877 4772 ubi
1904 4736 1955 4773 es
1978 4720 2004 4772 Ρ

426 4826 532 4864 non
562 4812 809 4880 ignorans
835 4808 923 4862 ubi
948 4808 1184 4878 degeret,
1212 4808 1306 4863 sed
1335 4810 1585 4878 quoniam
1612 4810 1678 4864 iis
1699 4810 1787 4879 qui
1814 4824 2001 4879 pecca-

422 4909 616 4955 verunt
644 4914 705 4953 os
729 4908 1007 4953 consutum
1031 4909 1144 4966 est,
1175 4911 1393 4969 peccato
1432 4902 1659 4971 linguam
1689 4908 1962 4955 avertente
1984 4940 1998 4961 ,

423 4999 479 5045 et
506 4990 828 5045 conscientia
858 4990 1023 5058 ipsam
1052 4992 1357 5055 cohibente.
1390 4993 1689 5063 stupidique
1716 4993 1790 5045 illi
1832 5006 2005 5045 rema-

425 5090 572 5145 nent,
602 5080 817 5135 silentio
840 5089 1110 5151 tamquam
1136 5084 1364 5154 quodam
1394 5085 1601 5138 vinculo
1630 5084 1868 5138 coerciti.
1895 5082 2002 5137 Vo-

426 5173 541 5226 Iens
573 5174 750 5242 itaque
785 5174 924 5229 Deus
977 5173 1148 5244 ipsum
1199 5175 1266 5230 ad
1314 5175 1559 5231 ﬁduciam
1605 5186 1656 5230 et
1705 5177 2001 5232 libertatem

426 5265 675 5334 loquendi
697 5265 985 5334 provocare
1009 5306 1025 5329 ,
1056 5275 1109 5320 et
1130 5266 1184 5320 in
1209 5281 1393 5321 eorum
1418 5283 1536 5338 quae
1561 5268 1847 5323 admiserat
1874 5285 2003 5339 pur-

424 5358 689 5425 gationem
722 5354 973 5411 inducere
1004 5396 1019 5420 ,
1046 5366 1103 5410 ut
1126 5357 1302 5427 aliqua
1331 5357 1596 5413 frueretur
1623 5360 1796 5425 venia,
1829 5361 2002 5430 ipsum

428 5446 573 5515 prior
624 5446 737 5516 ipse
782 5446 1019 5511 vocavit,
1053 5448 1331 5513 anxietath
1388 5450 1610 5505 multum
1653 5452 2006 5521 appellatione

427 5537 670 5592 recidens
694 5580 708 5603 ,
736 5548 791 5593 et
814 5540 1086 5608 expellens
1114 5540 1380 5605 timorem,
1412 5557 1577 5613 osque
1604 5545 1847 5599 vocando
1875 5561 2003 5615 ape-

430 5629 591 5684 riens.
615 5629 840 5701 Ideoque
857 5632 1083 5695 dicebat,
1104 5633 1262 5686 Adam
1280 5633 1364 5687 ubi
1382 5636 1469 5689 es?
1486 5637 1621 5690 Alibi
1640 5646 1688 5691 te
1705 5638 1911 5709 reliqui,
1934 5640 2008 5693 in-

428 5722 562 5790 quit,
578 5731 631 5776 et
651 5722 772 5778 alibi
792 5740 931 5781 nunc
946 5724 1155 5781 invenio
1173 5742 1185 5779 :
1200 5726 1383 5797 reliqui
1405 5738 1455 5783 te
1473 5728 1523 5782 in
1546 5731 1728 5785 ﬁducia
1749 5732 2002 5803 etgloria,

2097 438 2240 480 nunc
2267 434 2444 478 autem
2471 423 2680 479 invenio
2706 424 2759 479 in
2788 424 3099 480 confusione
3126 434 3180 480 et
3217 425 3445 480 silentio.
3471 424 3539 479 Et
3565 439 3682 479 cono

2096 517 2272 571 sidera
2313 531 2497 571 curam
2542 516 2639 572 Dei
2670 533 2686 571 ε
2717 532 2824 571 non
2866 516 3031 572 Evam
3076 518 3317 584 vocavit,
3346 531 3452 572 non
3479 518 3682 573 vocavit

2096 616 2399 679 serpentem
2425 651 2439 674 ,
2471 609 2565 665 sed
2610 610 2700 680 qui
2729 610 2965 664 omnium
3009 610 3278 665 levissime
3325 619 3677 680 peccaverat,

2098 699 2240 753 hunc
2281 698 2348 754 ad
2381 698 2639 769 judicium
2682 699 2909 769 primum
2946 698 3204 765 accersit,
3237 706 3295 753 ut
3339 699 3407 754 ab
3452 714 3518 754 eo
3547 698 3684 753 inei-

2097 792 2248 861 piens
2274 832 2288 855 ,
2321 791 2410 860 qui
2449 791 2625 861 aliqua
2652 799 2861 860 poterat
2888 790 3042 846 venia
3070 790 3248 860 potiri,
3279 791 3437 845 etiam
3484 789 3537 843 in
3565 804 3685 844 eam

2098 900 2216 955 quae
2247 885 2472 939 multum
2503 892 2834 954 peccaverat,
2870 884 3135 938 mitiorem
3176 882 3311 938 ferat
3340 882 3683 936 sententiam.

2103 977 2173 1031 Et
2196 975 2403 1046 judices
2429 976 2641 1047 quidem
2668 990 2957 1031 conservos
2982 990 3128 1040 suos,
3156 982 3212 1029 et
3238 974 3474 1043 ejusdem
3505 989 3684 1029 secum

2103 1077 2306 1121 naturae
2336 1067 2647 1136 participes,
2687 1081 2786 1137 per
2816 1066 3019 1135 seipsos
3047 1064 3337 1120 examinari
3380 1080 3485 1119 non
3523 1065 3687 1119 susti-

2100 1166 2262 1223 nent,
2291 1158 2385 1211 sed
2420 1158 2787 1211 ministrorum
2812 1157 3114 1227 quempiam
3158 1156 3254 1210 sibi
3286 1155 3517 1211 medium
3564 1170 3685 1224 pro-

2102 1256 2358 1315 ponentes
2382 1289 2397 1313 ,
2428 1246 2867 1317 interrogationes
2909 1246 3056 1300 illum
3092 1260 3216 1300 suas
3258 1246 3324 1300 ad
3368 1261 3516 1301 reum
3562 1260 3688 1315 pro-

2099 1342 2237 1397 ferre
2257 1341 2445 1411 jubent
2468 1384 2483 1409 ,
2510 1351 2566 1396 et
2587 1356 2681 1411 per
2710 1341 2881 1410 ipsum
2923 1354 3269 1411 qumcumque
3298 1340 3482 1404 velint,
3504 1338 3688 1393 dicunt

2100 1445 2154 1488 et
2190 1432 2448 1497 audiunt,
2480 1431 2604 1486 dum
2652 1446 2774 1486 reos
2802 1431 3106 1485 examinant
3133 1447 3147 1493 ;
3178 1430 3319 1485 Deus
3361 1441 3538 1485 autem
3566 1445 3687 1483 tne-

2101 1523 2307 1578 diatore
2338 1523 2484 1577 nullo
2510 1522 2577 1577 ad
2613 1522 2882 1577 hominem
2912 1536 3045 1590 Opus
3074 1520 3291 1587 habuit,
3323 1520 3415 1575 sed
3456 1521 3568 1590 ipse
3596 1536 3689 1589 per

2100 1616 2331 1684 seipsum
2360 1614 2561 1684 judicat
2582 1656 2597 1680 ,
2630 1623 2683 1668 et
2726 1614 3058 1669 consolatur.
3089 1612 3197 1667 Nec
3238 1613 3338 1667 hoc
3380 1621 3579 1667 tantum
3604 1623 3689 1668 est

2102 1705 2415 1760 admirabile
2438 1746 2453 1769 ,
2497 1705 2591 1759 sed
2618 1706 2779 1759 etiam
2804 1704 2945 1774 quod
2975 1705 3259 1759 commissa
3286 1704 3534 1774 corrigat.
3586 1703 3680 1758 Ju-

2101 1797 2250 1851 dices
2270 1797 2410 1851 enim
2437 1811 2558 1851 cum
2599 1797 2833 1851 latrones
2874 1796 3113 1865 ceperint
3137 1804 3191 1850 et
3228 1796 3515 1865 sacrilegos
3534 1837 3550 1862 ,
3576 1810 3681 1849 non

2100 1888 2367 1957 quomodo
2419 1888 2562 1956 ipsos
2602 1886 2829 1941 reddant
2866 1886 3116 1941 meliores
3160 1886 3543 1952 considerant,
3589 1886 3685 1941 sed

2103 1977 2370 2045 quomodo
2396 1978 2465 2032 ab
2509 1978 2638 2047 ipsis
2678 1984 3012 2047 peccatorum
3042 1992 3228 2047 pmnas
3254 1979 3502 2047 exigant;
3549 1977 3689 2033 Deus

2101 2078 2277 2123 autem
2306 2077 2515 2133 contra,
2545 2084 2665 2122 cum
2693 2070 2920 2137 aliquem
2950 2068 3152 2137 ceperit
3182 2080 3511 2137 peccatorem
3532 2109 3548 2133 ,
3578 2083 3683 2121 non

2100 2158 2406 2214 considerat
2428 2158 2695 2228 quomodo
2724 2169 2898 2213 sumat
2927 2157 3272 2227 supplicium,
3297 2157 3392 2213 sed
3424 2157 3690 2227 quomodo

2102 2253 2274 2320 ipsum
2300 2251 2564 2321 corrigat,
2595 2260 2648 2305 et
2667 2251 2941 2305 meliorem
2986 2251 3144 2305 faciat
3168 2258 3223 2306 et
3250 2250 3304 2305 in
3333 2248 3569 2305 futurum
3609 2251 3693 2303 in-

2101 2346 2529 2414 expugnabilem.
2557 2345 2737 2413 itaque
2763 2354 2817 2398 et
2848 2342 3014 2413 judex
3048 2343 3244 2413 pariter
3264 2384 3279 2410 ,
3312 2350 3367 2397 et
3405 2341 3644 2396 medicus
3668 2383 3687 2407 ,

2102 2447 2156 2491 et
2184 2438 2437 2507 magister
2462 2446 2545 2490 est
2573 2437 2713 2491 Deus
2738 2453 2750 2489 :
2773 2436 2967 2491 etenim
3001 2445 3269 2507 tamquam
3292 2436 3455 2505 judex
3476 2436 3682 2489 exami-

2104 2538 2216 2592 nat,
2248 2538 2303 2584 et
2328 2538 2594 2599 tamquam
2640 2528 2880 2584 medicus
2913 2528 3171 2599 corrigit,
3199 2536 3252 2583 et
3277 2537 3543 2598 tamquam
3575 2542 3688 2581 ma-

2101 2620 2265 2689 gister
2292 2618 2468 2685 docet,
2500 2621 2876 2689 praevaricatos
2904 2618 2955 2672 in
2982 2633 3195 2673 omnem
3230 2617 3561 2687 disciplinam
3603 2618 3684 2671 in-

2102 2712 2325 2766 ducens.
2358 2710 2413 2765 Si
2454 2726 2585 2766 vero
2615 2726 2776 2765 unum
2813 2719 2868 2765 et
2896 2710 3058 2765 breve
3100 2709 3317 2765 verbum
3350 2717 3548 2762 tantam
3598 2708 3686 2763 Dei

2102 2820 2285 2859 curam
2316 2803 2720 2870 demonstravit,
2743 2804 2869 2874 quid
2898 2805 2944 2859 si
2983 2813 3145 2858 totam
3175 2805 3322 2858 vobis
3364 2804 3511 2858 litem
3542 2804 3686 2871 lege-

2107 2909 2309 2961 remus,
2339 2905 2394 2949 et
2422 2896 2624 2965 integra
2649 2896 3038 2964 explicaremus
3066 2904 3409 2949 monumenta
3435 2896 3457 2947 ?
3499 2894 3688 2949 Cernis

2103 2985 2372 3054 quomodo
2403 2994 2509 3037 tota
2538 2985 2810 3054 Scriptura
2839 2986 3135 3040 consolatio
3158 2993 3240 3038 est
3268 2995 3320 3038 et
3347 2984 3687 3039 exhortatio?

2104 3077 2170 3132 Et
2196 3078 2296 3132 hoc
2320 3078 2533 3147 quidem
2562 3092 2803 3148 congruo
2836 3089 3076 3147 tempore
3103 3076 3346 3130 dicemus
3373 3093 3386 3130 :
3416 3085 3539 3129 ante
3576 3075 3687 3129 htec

2102 3180 2279 3224 autem
2310 3170 2667 3224 necessarium
2697 3178 2778 3224 est
2806 3168 2986 3223 dicere
3010 3208 3027 3234 ,
3053 3168 3265 3238 quando
3292 3167 3428 3222 liber
3453 3168 3538 3222 hic
3568 3165 3686 3221 edi-

2106 3272 2189 3317 tus
2237 3264 2377 3318 fuit:
2413 3280 2515 3319 non
2562 3264 2704 3317 enim
2753 3264 2804 3318 in
2846 3263 3141 3332 principio,
3190 3276 3294 3315 non
3342 3262 3520 3315 statim
3568 3270 3687 3330 post

2104 3355 2272 3409 Adam
2320 3355 2433 3408 haec
2478 3355 2672 3422 scripta
2702 3363 2865 3418 sunt,
2896 3353 2989 3407 sed
3017 3360 3134 3421 post
3161 3354 3355 3406 multas
3381 3351 3683 3422 generatio-

2105 3462 2201 3500 nes
2229 3463 2242 3497 :
2271 3455 2324 3501 et
2355 3460 2533 3513 opera:
2570 3446 2794 3514 pretium
2823 3453 2900 3499 est
2922 3459 3164 3513 qumrere
3183 3485 3197 3509 ,
3232 3458 3329 3497 cur
3353 3452 3469 3512 post
3494 3442 3686 3496 multas

2104 3536 2510 3608 generationes,
2552 3543 2608 3588 et
2661 3550 2756 3589 cur
2793 3535 3006 3590 tandem
3053 3534 3252 3590 Juda-is
3295 3534 3604 3599 dumtaxat,
3632 3542 3689 3586 et

2105 3644 2211 3683 non
2237 3629 2482 3683 omnibus
2528 3628 2872 3682 hominibus?
2913 3643 3009 3682 cur
3045 3627 3302 3681 llehraica
3347 3627 3520 3696 lingua
3545 3667 3559 3688 ,
3592 3640 3689 3679 cur

2105 3722 2157 3775 in
2188 3720 2400 3776 deserto
2431 3721 2555 3774 Sina
2581 3721 2604 3773 ?
2628 3720 2811 3790 Neque
2836 3721 2976 3774 enim
3007 3720 3319 3789 simpliciter
3347 3719 3519 3773 locum
3542 3722 3684 3788 Apo-

2105 3812 2272 3867 stolus
2304 3812 2682 3880 praetercurrit,
2710 3811 2805 3866 sed
2828 3821 2881 3865 et
2904 3810 2954 3865 in
2987 3812 3086 3865 hoc
3112 3826 3356 3880 magnam
3380 3810 3537 3864 nobis
3559 3824 3688 3865 con-

2105 3903 2501 3971 templationam
2528 3901 2884 3964 demonstrat,
2909 3903 2987 3955 sic
3009 3901 3194 3955 dicens
3217 3919 3229 3953 :
3265 3900 3389 3953 Ha’c
3417 3902 3548 3953 enim
3586 3900 3687 3953 duo

2104 3991 2750 4060 Testamentasunt,unum
2775 4009 2806 4045 a
2844 4002 3013 4046 monte
3051 3993 3180 4047 Sina
3209 3993 3260 4045 in
3288 3994 3572 4046 servitutem
3596 4007 3688 4062 ge-

2105 4100 2287 4138 nerem
2317 4083 2471 4156 (Gal.
2498 4085 2551 4138 4.
2577 4084 2692 4155 24).

2178 4179 2231 4233 5.
2261 4173 2512 4228 Consueta
2531 4175 2598 4228 ad
2614 4176 2903 4246 juramenta
2932 4175 3133 4229 vitanda
3157 4176 3535 4229 exliortatio.-—
3551 4174 3687 4242 Quin

2106 4276 2161 4321 et
2187 4267 2286 4320 alia
2329 4268 2477 4336 plura
2503 4283 2743 4337 qumrere
2784 4269 3142 4323 necessarium
3186 4279 3367 4335 esset;
3412 4269 3506 4323 sed
3535 4269 3690 4323 video

2109 4367 2317 4427 tempus
2345 4359 2495 4413 nobis
2538 4375 2643 4414 non
2671 4362 2979 4430 permittere
3002 4370 3059 4414 ut
3085 4376 3387 4416 sermonem
3419 4371 3564 4415 tanto
3589 4376 3687 4431 pe-

2106 4448 2226 4518 lago
2254 4452 2646 4505 committamus
2669 4469 2681 4505 :
2716 4451 2835 4506 ideo
2858 4452 2938 4506 his
2972 4452 3025 4506 in
3053 4468 3341 4521 congruum
3367 4462 3575 4523 tempus
3601 4452 3687 4507 di-

2108 4540 2247 4606 latis,
2278 4541 2466 4594 iterum
2496 4542 2561 4596 de
2586 4543 2798 4613 jurandi
2824 4544 3141 4600 abstinentia
3164 4546 3314 4600 vobis
3342 4547 3690 4613 disseremus,

2107 4641 2160 4686 et
2184 4630 2494 4701 rogabimus
2509 4638 2828 4695 charitatem
2840 4648 3163 4703 vestram,ut
3186 4639 3355 4692 multo
3390 4638 3533 4693 circa
3558 4637 3693 4691 hanc

2108 4739 2221 4778 rem
2274 4726 2452 4783 studio
2494 4738 2689 4781 utatur.
2719 4728 2996 4794 Quomodo
3024 4730 3165 4783 enim
3214 4745 3319 4783 non
3362 4730 3647 4783 absurdum
3674 4768 3690 4793 ,

2107 4830 2322 4875 servum
2366 4819 2577 4889 quidem
2622 4835 2726 4873 non
2763 4820 2957 4875 audere
2995 4821 3269 4874 dominum
3301 4823 3610 4875 nominatim
3640 4832 3694 4876 et

2110 4908 2230 4966 sine
2272 4911 2490 4966 honoris
2534 4910 2840 4980 prazfatione
2880 4914 3181 4982 appellare,
3211 4916 3518 4984 angelorum
3567 4931 3696 4969 vero

2110 4999 2395 5056 Dominum
2426 5009 2624 5055 temere
2667 5011 2721 5055 et
2762 5004 3103 5075 contemptim
3137 5004 3329 5074 ubique
3370 5006 3613 5074 jactare?
3640 5018 3695 5060 et

2112 5092 2159 5146 si
2182 5092 2518 5162 Evangelium
2545 5093 2755 5162 quidem
2785 5109 2977 5164 capere
3003 5106 3245 5163 oporteat
3274 5097 3515 5150 manibus
3550 5096 3695 5162 lotis,

2111 5193 2309 5238 etcum
2341 5184 2503 5237 multa
2541 5186 2837 5239 reverentia
2874 5195 2927 5240 et
2961 5186 3218 5257 religione
3258 5200 3493 5243 tremens
3527 5195 3583 5242 et
3628 5189 3696 5242 ti-

2114 5291 2265 5329 mens
2290 5277 2486 5341 sumis,
2524 5278 2793 5348 Evangelii
2822 5295 2949 5334 vero
2980 5281 3259 5335 Dominum
3288 5290 3489 5336 temere
3519 5282 3695 5351 lingua

2114 5367 2308 5434 passim
2338 5368 2564 5421 versas?
2594 5367 2685 5422 Vis
2731 5369 2937 5425 discere
2977 5370 3245 5440 quomodo
3287 5372 3460 5441 ipsum
3510 5372 3694 5442 appel-

2114 5457 2225 5510 lant
2261 5473 2504 5527 superna:
2528 5458 2761 5514 Virtutes
2784 5501 2800 5527 ,
2822 5476 2944 5515 cum
2970 5471 3169 5531 quanto
3195 5470 3429 5516 tremore
3448 5504 3462 5527 ,
3493 5474 3691 5532 quanto

2112 5547 2335 5602 horrore
2360 5590 2373 5611 ,
2401 5559 2593 5618 quanta
2632 5551 3031 5607 admiratione?
3070 5552 3183 5606 Vidi
3213 5553 3485 5607 Dominum
3526 5553 3696 5607 seden-

2113 5651 2232 5707 tem,
2266 5641 2453 5711 inquit,
2480 5643 2534 5696 in
2563 5642 2744 5699 throne
2768 5646 2874 5698 alto
2901 5654 2947 5701 et
2972 5646 3193 5713 elevato,
3227 5656 3272 5700 et
3303 5646 3572 5716 Seraphin:
3598 5656 3691 5700 sta-

2115 5734 2233 5789 bant
2263 5737 2395 5789 circa
2438 5735 2622 5805 ipsum,
2650 5747 2693 5790 et
2728 5738 3011 5793 clamabant
3038 5740 3168 5794 alter
3191 5740 3258 5791 ad
3284 5741 3514 5805 alterum,
3547 5749 3592 5793 et
3618 5740 3688 5794 di-
