4072 6384
203 429 271 484 95
639 449 642 451 ν
1228 422 1320 477 AD
1357 419 1691 478 POPULUM
1723 419 2230 476 ANTIOCIIL'NUM
2269 419 2503 478 HOMIL.
2547 421 2659 478 VII.
3598 425 3675 484 96

207 547 271 595 τά
301 543 513 612 ῥήματα
534 540 785 604 ἅπαντας
820 540 853 611 ἡ
878 535 1206 610 πρώτημὲν
1226 533 1319 592 οῦν
1356 539 1515 610 ῥῆσις
1553 537 1756 601 εὐθέως
1781 538 1879 590 αύ-

197 630 290 682 τού
319 632 381 683 τό
414 627 633 700 φίλτρον
671 628 950 698 ἐνέφηνεν.
981 628 1060 682 Ob
1103 627 1212 698 γάρ
1245 623 1365 680 εἷπε
1390 668 1403 692 ,
1438 626 1690 697 καθάπερ
1734 625 1880 688 εἰκὸς

197 714 264 787 ἦν
295 716 619 790 ὑϐρισμένον
648 717 822 769 εἰπεῖν
842 733 855 745 ·
881 713 950 768 Ὦ
991 716 1188 787 μιαρὲ,
1221 716 1316 769 καὶ
1345 714 1658 786 παμμίαρε,
1689 713 1877 768 τοιαύ-

198 823 296 870 της
321 805 632 870 ἀπολαύσας
659 805 880 868 εὐνοίας,
900 807 1029 877 παρ’
1056 804 1213 875 ἐμοῦ,
1244 803 1758 876 τοσαύτῃτιμηθεὶς
1792 802 1883 873 βα-

202 894 396 966 σιλεία,
425 895 521 946 καὶ
553 893 662 946 τῶν
695 894 790 946 ἐπὶ
817 893 916 964 τῆς
937 893 1043 962 γῆς
1077 892 1729 964 προτιμηθεὶςνάπάντων
1765 893 1881 946 ἀντ’

200 972 410 1047 οὐδενὸς
452 981 910 1055 κατορθώματος,
954 984 1051 1036 καὶ
1084 983 1173 1038 διὰ
1210 983 1319 1035 τῶν
1346 982 1524 1053 ἔργων
1575 980 1756 1035 αὑτῶν
1797 982 1884 1034 ἐν-

201 1072 370 1145 έχυρα
419 1071 601 1127 λαϐὼν
632 1073 732 1142 τῆς
774 1072 914 1143 ἐμῆς
946 1071 1295 1142 κηδεμονίας,
1332 1072 1429 1125 καὶ
1477 1072 1577 1140 τῆς
1627 1072 1882 1142 προνοίας

200 1160 468 1224 ἀπόδειξιν
501 1160 675 1230 ἀληθῆ
702 1200 716 1225 ,
745 1160 984 1230 πονηρὸν
1014 1159 1245 1230 δαίμονα
1269 1161 1362 1214 καὶ
1387 1159 1644 1228 λυμεῶνα
1669 1159 1764 1212 καὶ
1785 1161 1884 1230 τῆς

201 1253 301 1321 σῆς
355 1250 548 1322 ἐχθρὸν
604 1249 881 1320 σωτηρίας
933 1247 1374 1321 ἀξιοπιστότερον
1429 1248 1692 1318 ἐποίησας
1722 1260 1748 1289 ιι
1787 1248 1881 1302 τοῦ

199 1338 467 1391 Δεσπότου
507 1337 600 1390 καὶ
630 1336 958 1408 κηδεμόνος;
994 1336 1046 1390 τί
1075 1353 1156 1389 σοι
1183 1335 1423 1390 τοιοῦτον
1446 1337 1654 1400 ἐκεῖνος
1681 1335 1882 1404 ἔδειξεν

197 1421 308 1479 οἷον
355 1426 503 1494 ἐγώ;
537 1426 660 1496 οὑχὶ
687 1425 778 1479 τὸν
829 1425 1056 1498 οὐρανὸν
1086 1424 1320 1495 ἐποίησα
1363 1423 1453 1478 διὰ
1481 1423 1575 1490 σέ;
1616 1424 1714 1496 τὴν
1754 1425 1878 1497 γῆν,

197 1521 295 1585 τήν
317 1514 608 1579 θάλατταν,
639 1514 730 1567 τὸν
748 1513 922 1584 ἣλιον,
957 1513 1056 1585 τὴν
1080 1513 1310 1584 σελήνην
1334 1551 1350 1575 ,
1382 1511 1453 1566 τά
1478 1511 1655 1584 ἄστρα
1679 1511 1878 1578 πάντα;

198 1603 257 1656 οὑ
288 1603 394 1673 γάρ
435 1602 604 1672 δήπου
639 1599 749 1653 τῶν
796 1600 1046 1668 ἀγγέλων
1076 1600 1222 1662 τινὲς
1266 1598 1472 1670 ταύτης
1526 1599 1735 1652 ἐδέοντο
1781 1599 1880 1669 τῆς

197 1693 552 1762 δημιουργίας
578 1732 592 1754 ,
627 1690 762 1745 ἀλλά
806 1689 895 1743 διὰ
929 1690 989 1742 σὲ
1026 1689 1121 1742 καὶ
1165 1689 1265 1760 τήν
1310 1688 1618 1743 ἀνάπαυσιν
1648 1688 1748 1759 τήν
1781 1687 1880 1759 σὴν

197 1781 287 1834 τὸν
313 1780 560 1833 τοσοῦτον
591 1781 685 1832 καὶ
714 1777 1029 1850 τηλικοῦτον
1068 1777 1304 1848 ἐποίησα
1335 1778 1539 1848 κόσμον
1567 1793 1579 1806 ·
1624 1777 1718 1829 καὶ
1748 1775 1880 1845 ψιλά

198 1873 441 1943 ῥήματα,
471 1871 566 1924 καὶ
613 1869 908 1940 ὑπόσχεσιν
933 1867 1103 1940 ψευδῆ
1128 1909 1144 1935 ,
1188 1869 1283 1921 καί¹
1306 1866 1639 1935 ἐπαγγελίαν
1663 1865 1879 1936 ἀπάτης

196 1961 466 2031 γέμουσαν
490 2001 504 2024 ,
545 1961 646 2032 τῆς
684 1959 772 2014 διά
814 1958 923 2013 τῶν
954 1958 1132 2032 ἔργων
1163 1956 1483 2029 εὐεργεσίας
1521 1973 1580 2009 τε
1607 1955 1700 2010 καὶ
1747 1971 1880 2024 προ-

197 2049 343 2113 νοίας
369 2047 817 2120 ἀξιοπιστοτέραν
846 2047 1075 2118 νομίσας
1105 2041 1266 2112 εἶναι,
1297 2045 1492 2116 ἐκείνῳ
1520 2043 1716 2098 σαυτὸν
1746 2042 1878 2097 ἐδω-

197 2154 297 2200 κας
319 2176 333 2199 ,
367 2138 460 2190 καὶ
487 2138 613 2201 τοὺς
641 2137 807 2208 ἐμοὺς
833 2135 1221 2206 κατεπάτησας
1247 2134 1482 2205 νόμουςς

263 2225 446 2278 Ταῦτα
471 2225 581 2297 γὰρ
626 2225 720 2278 καὶ
763 2223 984 2280 πλείονα
1014 2222 1219 2277 τούτων
1250 2223 1340 2275 τὸν
1371 2221 1698 2294 ὑϐρισμένον
1733 2219 1878 2282 εἰκὸς

193 2307 258 2383 ἦν
284 2315 458 2367 εἰπεῖν
481 2331 495 2344 ο
525 2314 638 2366 ἀλλ’
666 2314 767 2384 οὑχ
791 2315 817 2367 ό
837 2313 969 2376 Θεὸς
985 2311 1180 2376 οὑτως,
1206 2310 1342 2365 ἀλλά
1369 2309 1682 2364 τούναντίον
1710 2309 1876 2362 ἅπαν.

205 2403 336 2455 Ἀπὸ
385 2402 494 2474 γάρ
540 2403 641 2473 τῆς
685 2401 911 2474 πρώτης
951 2400 1138 2472 φωνῆς
1172 2399 1378 2463 εὐθέως
1407 2399 1568 2452 αὑτὸν
1613 2397 1879 2467 ἀνέστησε

192 2492 474 2560 κείμενον,
525 2491 619 2542 καὶ
669 2490 942 2543 δεδοικότα
1001 2491 1096 2542 καὶ
1148 2489 1423 2560 τρέμοντα
1457 2486 1683 2560 θαρρεῖν
1734 2501 1878 2556 παρ-

191 2579 452 2633 ετκεύασε
490 2579 707 2650 πρῶτος
755 2579 920 2631 αὑτὸν
985 2577 1224 2640 καλέσας
1253 2576 1415 2640 αὑτός
1439 2592 1452 2605 ο
1487 2574 1687 2646 μᾶλλον
1723 2573 1780 2627 δὲ
1817 2574 1876 2626 ού

189 2668 264 2740 τῷ
287 2668 515 2722 καλέσαι
551 2667 766 2739 πρῶτος
789 2710 802 2728 ,
834 2666 970 2720 ἀλλά
992 2668 1087 2720 καὶ
1119 2664 1196 2736 τῷ
1227 2667 1549 2736 προσειπεῖν
1578 2663 1740 2716 αὑτὸν
1769 2661 1879 2715 ἀπὸ

188 2759 286 2828 τῆς
307 2757 474 2810 αὑτοῦ
509 2755 879 2828 προσηγορίας
902 2756 996 2809 καὶ¹
1031 2756 1226 2807 εἰπεῖν·
1267 2752 1460 2822 Ἀδὰμ,
1489 2751 1609 2806 ποῦ
1633 2747 1722 2814 aI;
1746 2749 1880 2804 ἔδει·

191 2843 276 2911 ξεν
323 2846 490 2900 αὑτοῦ
536 2847 597 2899 τὸ
632 2846 887 2918 φίλτρον,
926 2845 1020 2898 καὶ
1048 2845 1150 2916 τὴν
1186 2836 1387 2914 πολλήν
1422 2844 1552 2913 περὶ
1584 2840 1746 2894 αὑτὸν
1775 2857 1866 2911 κη-

187 2933 463 3003 δεμονίαν.
495 2934 640 2986 Ἵστε
685 2932 795 3002 γὰρ
819 2932 993 3004 δήπου
1026 2932 1258 2994 πάντες,
1293 2930 1376 2983 ὅτι
1423 2927 1606 2998 φιλίας
1648 2927 1878 2997 γνησίας

189 3023 304 3074 ἐστὶ
345 3021 508 3076 τοῦτο
535 3023 871 3094 τεκμήριον·
904 3021 1047 3074 οὑτω
1079 3019 1176 3072 καὶ
1213 3019 1264 3072 οί
1303 3015 1704 3080 ἀνακαλοῦντες
1751 3016 1878 3078 τοὺς

187 3110 644 3182 τετελευτηκότας
695 3110 923 3164 εἰώθασι
973 3111 1188 3175 ποιεῖν,
1237 3105 1476 3178 συνεχῶς
1525 3104 1595 3158 τά
1637 3103 1878 3174 ὀνόματα

187 3197 364 3252 αὑτῶν
399 3199 857 3270 περιστρέφοντες
876 3239 890 3261 ,
912 3197 988 3260 ώς
1014 3197 1068 3250 οἵ
1093 3212 1158 3264 γε
1187 3195 1473 3266 μισοῦντες
1499 3193 1594 3246 καὶ
1618 3188 1876 3262 ἀπεχθῶς

189 3288 322 3359 πρός
349 3305 502 3350 τινας
536 3287 752 3357 ἔχοντες
769 3326 784 3349 ,
819 3283 940 3337 οὑδέ
964 3283 1032 3337 τά
1059 3283 1302 3354 ὀνόματα
1325 3280 1740 3352 ἀναμνησθῆναι
1766 3278 1876 3332 τῶν

185 3375 566 3445 λελυπηκότων
617 3372 919 3442 ἀνέχονται.
963 3371 1022 3425 '0
1054 3370 1189 3440 γοῦν
1227 3369 1400 3423 Σαοὺλ
1447 3368 1730 3438 ἀδικηθεὶς
1778 3367 1876 3438 μὲν

183 3461 352 3528 οὐδὲν,
390 3457 563 3514 πολλὰ
581 3458 638 3511 δὲ
661 3459 756 3511 καὶ
791 3457 1002 3529 μεγάλα
1030 3457 1122 3511 τὸν
1150 3456 1313 3511 Δαυῖδ
1351 3457 1618 3528 ἀδικήσας
1638 3496 1652 3519 ,
1686 3453 1874 3525 ἐπειδὴ

187 3548 349 3602 αὑτὸν
399 3546 774 3619 ἀπεστρέφετο
823 3547 917 3600 καὶ
948 3547 1164 3616 ἐμίσει,
1195 3545 1319 3600 οὑδέ
1365 3543 1874 3615 τῆςηπροσηγορίας

184 3636 348 3690 αὑτοῦ
416 3635 832 3708 ἀναμνησθῆναι
898 3634 1186 3705 ἀνείχετο,
1242 3633 1380 3687 ἀλλά
1443 3631 1876 3703 συγκαθημένων

186 3724 466 3786 ἁπάντων,
495 3723 681 3794 ἐπειδὴ
734 3721 1181 3794 παραγενόμενον
1231 3722 1333 3775 οὑκ
1376 3717 1547 3787 εἶδεν,
1591 3720 1647 3774 τί
1674 3735 1872 3790 φησιν;

184 3814 296 3864 Οὐκ
329 3809 454 3864 εἶπε
480 3851 496 3873 ,
541 3810 651 3863 Ποῦ
696 3809 811 3863 ἔστι
851 3810 1048 3874 Δαϐίδ;
1087 3809 1260 3872 ἀλλά,
1306 3810 1432 3864 Ποῦ
1469 3811 1640 3864 ἐστιν
1671 3813 1704 3862 ό
1748 3807 1878 3874 υίὸς

198 3903 418 3956 Ἰεσσαί
435 3918 452 3963 ;
489 3901 596 3954 ἀπὸ
626 3900 720 3953 τοῦ
752 3901 958 3972 πατρὸς
987 3900 1150 3954 αὑτὸν
1180 3901 1437 3964 καλέσας.
1477 3900 1586 3953 Καὶ
1613 3897 1728 3972 [89]
1773 3899 1878 3952 πά-

185 3988 263 4042 λιν
287 3993 335 4042 οί
372 3988 623 4042 Ἰουδαῖοι
645 3989 738 4040 ἐπὶ
762 3986 855 4040 τοῦ
883 3987 1121 4059 Χριστοῦ
1145 3987 1207 4040 τὸ
1230 3987 1362 4040 αὑτὸ
1385 3986 1631 4041 ποιοῦσιν
1650 4005 1661 4016 ο
1689 3985 1875 4056 ἐπειδὴ

185 4079 290 4151 γὰρ
317 4079 501 4132 αὑτὸν»
523 4079 930 4150 ἀπεστρέφοντο
971 4078 1066 4131 καὶ
1098 4078 1322 4148 ἐμίσουν
1345 4117 1361 4142 ,
1393 4077 1495 4130 οὑκ
1547 4074 1719 4143 εἷπον,
1764 4077 1874 4129 Ποῦ

186 4168 327 4222 ἔστιν
351 4172 380 4222 ὁ
412 4169 684 4239 Χριστός;
721 4168 877 4232 ἀλλὰ,
921 4167 1044 4221 Ποῦ
1077 4168 1249 4221 ἐστιν
1273 4168 1543 4233 ἐκεῖνος;

251 4257 291 4310 δ’
301 4298 313 4310 .
346 4257 490 4310 Ἀλλ’
508 4258 536 4308 ό
560 4256 692 4319 Θεὸς
711 4259 811 4309 κάν
832 4256 1007 4328 τούτῳ
1033 4256 1353 4327 βουλόμενος
1371 4255 1559 4321 δεῖξαι,
1582 4257 1662 4309 ὅτι
1682 4255 1742 4308 τὸ
1759 4255 1875 4325 φίλ-

188 4362 307 4418 τρον
336 4349 440 4400 οὑκ
493 4345 714 4398 ἔσϐεσεν
748 4348 780 4417 ή
820 4347 1064 4418 ἁμαρτία
1089 4387 1102 4408 ,
1139 4346 1259 4400 οὑδὲ
1293 4345 1389 4416 τὴν
1425 4346 1562 4417 πρὸς
1593 4345 1756 4398 αὑτὸν
1788 4343 1873 4396 εῦ-

188 4453 331 4489 νοιαν
363 4437 578 4490 ἀνεῖλεν
603 4437 636 4504 ἠ
666 4435 939 4506 παρακοὴ,
975 4435 1088 4488 ἀλλ’
1115 4434 1194 4488 ἔτι
1221 4437 1444 4507 προνοεῖ
1475 4434 1570 4488 καὶ
1597 4433 1822 4504 κήδεται
1849 4434 1875 4472 b

187 4524 278 4578 τοῦ
303 4543 367 4578 πε
379 4524 808 4596 ριττεπτωκότος,
836 4524 1000 4594 φησίν
1021 4541 1035 4554 ·
1068 4522 1270 4593 Ἀδὰμ,
1294 4523 1412 4576 ποῦ
1427 4519 1510 4586 EI;
1539 4524 1638 4576 οὑκ
1664 4521 1875 4591 ἀγνοῶν

186 4612 314 4666 ὅπου
342 4612 639 4683 διέτριϐεν,
683 4613 796 4665 ἀλλ’
822 4611 1010 4682 ἐπειδὴ
1045 4615 1155 4675 τοῖς
1198 4612 1577 4683 ἡμαρτηκόσιν
1607 4611 1876 4682 ἔρραπται

186 4703 244 4754 τὸ
277 4704 452 4773 στόμα
479 4745 493 4768 ,
527 4703 626 4771 τῆς
666 4702 942 4774 ἁμαρτίας
969 4701 1422 4772 ἀποστρεφούσης
1459 4700 1557 4772 τὴν
1602 4700 1874 4768 γλῶσσαν,

190 4793 279 4844 καὶ
301 4791 393 4844 τοῦ
422 4789 725 4854 συνειδότος
755 4790 925 4859 αὑτῆς
957 4788 1462 4860 ἐπιλαμϐανομένου
1485 4828 1498 4850 ,
1543 4789 1638 4841 καὶ
1687 4790 1878 4859 μένου-

190 4896 270 4932 σιν
290 4882 519 4951 ἀχανεῖς
543 4882 592 4932 οἱ
617 4880 866 4944 τοιοῦτοι,
901 4879 1091 4950 ῶσπερ
1112 4878 1219 4931 τινὶ
1241 4877 1426 4949 δεσμῷ
1458 4882 1523 4948 τῇ
1582 4881 1708 4949 σιγῇ
1742 4896 1876 4932 κατ-

189 4969 458 5038 εχόμενοι.
510 4967 839 5037 Βουλόμενος
877 4968 904 5019 ό
940 4966 1071 5028 Θεὸς
1105 4969 1186 5028 είς
1229 4967 1543 5037 παρρησίαν
1585 4967 1748 5019 αὑτὸν
1787 4967 1878 5019 ἐκ-

189 5057 520 5110 καλέσασθαι
562 5056 846 5122 διαλέξεως
881 5065 926 5117 ο,
968 5054 1063 5107 καὶ
1109 5052 1290 5106 δοῦναι
1346 5053 1567 5125 θαρρεῖν
1593 5092 1609 5117 ,
1657 5054 1750 5106 καὶ
1799 5056 1878 5118 είς

190 5145 485 5214 ἀπολογίαν
535 5137 609 5197 ὧν
652 5144 901 5216 ἥμαρτεν
941 5141 1233 5212 ἐμϐαλεῖν,
1279 5141 1366 5194 ἵνα
1411 5141 1555 5205 τινὸς
1593 5141 1878 5216 ἀπολαύσῃ

195 5234 560 5305 ευγγνώμης,
612 5233 874 5304 πρότερος
924 5233 1084 5296 αὑτὸς
1134 5230 1297 5285 αὑτὸν
1346 5231 1610 5296 ἐκάλεσε,
1639 5231 1702 5284 τὸ
1741 5233 1876 5286 πολὺ

191 5325 286 5393 τῆς
327 5322 576 5394 ἀγωνίας
627 5322 1066 5393 ὑποτεμνόμενος
1100 5323 1168 5392 τῇ
1224 5321 1601 5392 προσηγορία,
1656 5322 1750 5374 καὶ
1786 5322 1878 5375 τὸν

195 5409 350 5474 φόϐον
377 5409 723 5473 ἀπελαύνων,
755 5412 851 5463 καλ⁸
876 5410 937 5462 τὸ
963 5409 1138 5480 στόμα
1161 5408 1252 5462 διὰ
1284 5409 1489 5480 ταύτης
1519 5407 1752 5477 ἀνοίγων
1777 5409 1878 5479 τῆς

197 5498 457 5568 κλήσεως.
486 5497 580 5550 Διὸ
611 5498 705 5550 καὶ
730 5496 935 5565 ἔλεγεν⁹
955 5495 1148 5566 Ἀδὰμ,
1178 5497 1297 5552 ποῦ
1330 5493 1386 5551 εἷ
1409 5513 1426 5558 ;
1453 5497 1719 5569 Ἑτέρωθι
1747 5515 1878 5550 κατ-

200 5586 370 5641 ἐλιπόν
412 5605 497 5651 σε,
528 5589 684 5657 φησὶ,
723 5587 818 5640 καὶ
865 5585 1091 5656 ἑτέρωθι
1149 5586 1246 5640 νῦν
1286 5587 1552 5657 εὑρίσκω’
1586 5587 1881 5640 κατέλιπόν

202 5690 253 5725 σε
289 5679 344 5728 ἐν
377 5675 670 5749 παρρησία
701 5677 798 5731 καὶ
821 5675 981 5747 δόξῃ,
1017 5677 1112 5728 καὶ
1152 5677 1392 5748 εὑρίσκω
1439 5676 1535 5730 νῦν
1583 5679 1643 5730 ἐν
1683 5677 1881 5749 ἀτιμίᾳ

202 5768 281 5816 κτῖ
330 5770 481 5838 σιγῇ.
525 5767 638 5820 Καὶ
677 5767 868 5820 σκόπει
902 5765 1038 5819 Θεοῦ
1101 5765 1461 5836 κηδεμονίαν·
1513 5767 1613 5821 οὑκ
1652 5767 1878 5822 ἐκάλεσε

259 5973 282 6037 ξ
309 5976 438 6024 Savil
487 5983 542 6022 Pl
560 5975 642 6026 alii
664 5976 863 6037 quidam
891 5976 1124 6032 εποιήσω.

259 6033 286 6074 δ
312 6038 404 6086 Alii
433 6040 556 6086 ἀλλὰ
580 6033 795 6100 προνοῶν
817 6039 898 6084 καὶ
921 6039 1195 6099 κηδόμενος.

258 6100 280 6133 θ
308 6103 436 6151 Savil
480 6102 679 6150 di‘chO
707 6114 876 6156 sensu.
904 6102 980 6150 διὰ
1004 6107 1087 6158 τῆς
1111 6101 1372 6156 διαλέξεως.

1988 538 2087 607 τήν
2113 536 2277 601 Εὕαν,
2317 539 2418 591 οὑκ
2443 539 2671 593 ἐκάλεσε
2693 537 2784 591 τὸν
2815 536 2962 609 ὅφιν,
2995 539 3241 596 ἀλλάτὸν
3266 541 3520 597 ἁπάντων
3549 559 3674 596 κου-

1992 626 2219 696 φότερον
2246 627 2625 697 ἡμαρτηκότα,
2654 626 2842 680 τοῦτον
2875 629 2956 690 εἰς
2984 627 3046 680 τὸ
3075 629 3431 702 δικαστήριον
3461 631 3675 698 εἰσάγει

1991 714 2288 786 πρότερον,
2333 716 2420 767 ἵνα
2447 716 2554 768 ἀπὸ
2590 715 2684 768 τοῦ
2723 715 3022 786 δυναμένου
3059 723 3391 790 συγγνώμης
3428 717 3672 772 ἀπολαῦ-

1987 801 2075 855 σαί
2109 821 2252 866 τινος
2289 802 2632 874 ἀρξάμενος,
2687 804 3044 876 ἡμερωτέραν
3093 806 3292 877 ἐνέγκῃ
3345 807 3445 876 τήν
3493 806 3673 876 ψῆφον

1984 890 2077 944 καὶ
2110 891 2246 962 πρὸς
2276 892 2375 963 τὴν
2419 891 2629 962 μεγάλα
2667 891 3106 964 ἐξαμαρτοῦσαν.
3147 895 3260 948 Καὶ
3287 895 3543 948 δικασταὶ
3573 897 3673 966 μὲν

1981 973 2075 1032 οῦν
2113 982 2239 1042 τοὺς
2267 978 2586 1043 συνδούλους
2619 981 2744 1040 τοὺς
2776 980 2989 1035 ἑαυτῶν
3016 982 3110 1036 καὶ
3148 982 3248 1052 τῆς
3279 983 3457 1055 αὑτῆς.
3487 986 3674 1048 αὑτοῖς

1985 1066 2374 1131 κοινωνοῦντας
2413 1067 2630 1137 φύσεως
2666 1068 2766 1121 οὑκ
2799 1068 3082 1139 ἀνέχονται
3128 1070 3196 1124 δι’
3231 1071 3445 1125 ἑαυτῶν
3486 1070 3674 1137 ἐξετά-

1983 1155 2130 1220 ζειν,
2171 1156 2306 1210 ἀλλά
2360 1157 2523 1226 μέσον
2552 1155 2676 1210 τινὰ
2694 1157 2813 1209 τῶν
2851 1157 3290 1229 διακονουμένων
3319 1159 3504 1224 αὑτοῖς
3541 1178 3674 1232 προ-

1983 1243 2337 1316 ϐαλλόμενοι,
2377 1246 2476 1309 τὰς
2510 1245 2719 1298 ἑαυτῶν
2751 1246 3049 1317 ἐρωτήσεις
3077 1248 3285 1301 ἐκεῖνον
3315 1250 3671 1319 παρασκευά-

1983 1331 2133 1396 ζουσι
2162 1334 2494 1398 διαϐιϐάζειν
2529 1335 2664 1405 πρὸς
2693 1335 2784 1386 τὸν
2814 1335 3125 1399 κατάδικον,
3161 1336 3256 1389 καὶ
3293 1336 3360 1389 δι’
3387 1336 3550 1390 αὑτοῦ
3585 1336 3673 1390 λέ-

1981 1410 2140 1488 γουώ
2199 1423 2294 1475 καὶ
2327 1422 2616 1476 ἀκούουσιν
2656 1423 2799 1494 άπερ
2843 1423 2910 1477 ἂν
2952 1423 3242 1485 ἐθέλωσιν,
3289 1426 3507 1479 ἐπειδὰν
3543 1428 3673 1489 τοὺς

1983 1512 2370 1580 ἡμαρτηκότας
2400 1510 2726 1576 ἐξετάζωσιν
2747 1528 2758 1542 ·
2793 1513 2820 1564 ό
2842 1511 2899 1564 δέ
2930 1513 3063 1575 Θεὸς
3093 1513 3194 1566 οὑκ
3225 1513 3417 1584 ἐδεήθη
3449 1513 3668 1584 μεσίτου

1980 1601 2124 1665 τινὸς
2150 1601 2283 1674 πρὸς
2320 1601 2409 1655 τὸν
2443 1601 2732 1675 ἄνθρωπον
2756 1643 2769 1664 ,
2799 1602 2916 1654 ἀλλ’
2939 1603 3104 1666 αὑτὸς
3136 1602 3204 1656 δι’
3233 1603 3429 1656 ἑαυτοῦ
3461 1604 3670 1668 δικάζει

1981 1692 2076 1744 καὶ
2116 1691 2547 1762 παραμυθεῖται.
2580 1693 2690 1745 Καὶ
2719 1691 2780 1743 ού
2818 1690 2980 1744 τοῦτο
3021 1692 3182 1762 μόνον
3215 1693 3332 1745 ἐστὶ
3363 1691 3422 1744 τὸ
3454 1692 3669 1762 θαυμα-

1983 1779 2128 1843 στὸν,
2165 1778 2279 1833 ἀλλ’
2309 1780 2391 1833 δτι
2437 1779 2531 1832 καὶ
2563 1779 2869 1849 διορθοῦται
2900 1779 2968 1833 τά
2995 1779 3472 1851 πλημμελήματα.
3505 1783 3669 1833 Δικα-

1983 1868 2106 1923 σταὶ
2135 1868 2232 1939 μὲν
2257 1867 2366 1938 γὰρ
2391 1867 2611 1921 ἐπειδὰν
2645 1867 2852 1920 λάϐωσι
2882 1866 3084 1939 λῃστὰς
3115 1868 3210 1921 καὶ
3245 1868 3666 1939 τυμϐωρύχους,

1980 1958 2080 2028 οὑχ
2107 1957 2254 2021 ὅπως
2295 1958 2494 2020 αὑτοὺς
2529 1957 2874 2029 ἐργάσωνται
2916 1956 3158 2027 βελτίους
3191 1949 3486 2011 σκοποῦσιν
3507 1997 3520 2022 ,
3549 1959 3666 2012 ἀλλ’

1980 2045 2130 2108 ὅπως
2178 2045 2374 2109 αὑτοὺς
2407 2046 2752 2116 ἀπαιτήσωσι
2787 2045 2896 2097 τῶν
2941 2046 3348 2116 ἡμαρτημένων
3401 2047 3558 2118 δίκην
3583 2065 3601 2077 ’
3639 2051 3667 2100 ὁ

1979 2132 2036 2186 δέ
2070 2133 2201 2198 Θεὸς
2253 2133 2571 2187 τούναντίον
2621 2133 2796 2187 ἆπανο
2831 2133 3053 2188 ἐπειδάν
3082 2151 3204 2187 τινα
3241 2135 3381 2209 λάϐῃ
3415 2137 3666 2208 ἡμαρτη-

1981 2221 2149 2286 κότα,
2183 2223 2282 2292 οὑχ
2308 2223 2456 2286 ὅπως
2485 2224 2766 2294 ἀπαιτήσῃ
2799 2223 2957 2294 δίκην
2985 2225 3196 2289 σκοπεῖ,
3227 2223 3344 2277 ἀλλ’
3385 2225 3534 2287 ὅπως
3566 2225 3665 2277 αὑ-

1979 2311 2070 2363 τὸν
2098 2311 2480 2386 διορθώσηται,
2514 2311 2609 2364 καὶ
2637 2311 2832 2382 βελτίω
2861 2312 3060 2383 ποιήσῃ
3085 2352 3098 2376 ,
3138 2312 3234 2366 καὶ
3269 2313 3406 2384 πρὸς
3435 2313 3496 2366 τό
3538 2314 3668 2383 μέλ-

1979 2400 2067 2452 λον
2105 2401 2423 2470 ἀχείρωτον.
2457 2401 2618 2453 Ὥστε
2657 2399 2794 2470 ὁμοῦ
2848 2399 2943 2452 καὶ
2971 2399 3233 2472 δικαστὴς
3261 2443 3276 2467 ,
3319 2401 3416 2455 καὶ
3458 2403 3660 2476 ἰατρὸς,

1980 2489 2073 2540 καὶ
2107 2488 2425 2552 διδάσκαλός
2470 2491 2616 2541 ἐστιν
2641 2491 2668 2541 ό
2695 2489 2854 2551 Θεός·
2889 2488 2984 2542 καί¹
3017 2487 3126 2560 γὰρ
3180 2489 3256 2553 ὡς
3284 2490 3541 2562 δικαστὴς
3574 2491 3665 2556 ἐξ·

1981 2579 2179 2642 ἐτάζει,
2207 2578 2300 2632 καὶ
2325 2578 2399 2641 ὡς
2420 2579 2604 2650 ἰατρὸς
2628 2576 2959 2648 διορθοῦται,
2983 2577 3076 2630 καὶ
3097 2577 3172 2641 ὡς
3195 2578 3512 2642 διδάσκαλος
3534 2599 3660 2634 παι-

1978 2665 2121 2718 δεύει
2151 2667 2278 2729 τοῦς
2317 2665 2707 2737 ἡμαρτηκότας
2744 2667 2825 2728 εἰς
2861 2667 3040 2718 πᾶσαν
3070 2666 3280 2735 ἐνάγων
3315 2669 3657 2737 φιλοσοφίαν.

1979 2757 2039 2809 Ei
2069 2756 2125 2809 δὲ
2149 2757 2207 2810 ἒν
2238 2757 2388 2828 ῥῆμα
2413 2755 2568 2825 ψιλὸν
2595 2757 2690 2809 καὶ
2721 2754 2895 2826 βραχὺ
2926 2753 3198 2826 τοσαύτην
3234 2755 3532 2822 ἐνεδείξατο
3565 2759 3658 2812 τοῦ

1977 2843 2110 2897 Θεοῦ
2153 2845 2252 2916 τήν
2301 2844 2628 2916 κηδεμονίαν
2653 2883 2668 2907 ,
2706 2845 2760 2896 τί
2799 2845 2846 2896 εί
2881 2845 3064 2897 πᾶσαν
3095 2845 3301 2916 ταύτην
3339 2847 3664 2918 ἀναγνῶμεν

1977 2934 2105 3004 ὑμῖν
2131 2934 2229 3006 τήν
2253 2934 2428 3004 δίκην,
2470 2934 2565 2987 καὶ
2589 2933 2862 3005 ὁλόκληρα
2888 2933 3290 3004 ἀναπτύξωμεν
3322 2935 3389 2988 τὰ
3417 2936 3667 3007 ὑπομνή-

1980 3039 2162 3094 ματα;
2207 3023 2371 3092 Ὁρᾷς
2423 3021 2541 3084 πῶς
2579 3023 2731 3075 πᾶσα
2777 3021 2970 3093 Γραφὴ
3005 3022 3350 3094 παράκλησίς
3403 3025 3520 3077 ἐστι
3570 3027 3666 3078 καὶ

1977 3109 2348 3181 παραμυθία;
2389 3108 2551 3161 Ἀλλά
2601 3108 2776 3162 ταῦτα
2830 3109 2929 3180 μὲν
2972 3109 3113 3164 κατά
3168 3109 3260 3163 τὸν
3316 3112 3664 3182 προσήκοντα

1975 3197 2169 3270 καιρὸν
2200 3197 2464 3269 ἐροῦμεν·
2501 3197 2610 3268 πρὸ
2642 3197 2699 3251 δὲ
2736 3197 2941 3251 τούτων
2971 3200 3266 3268 ἀναγκαῖον
3298 3201 3493 3261 εἰπεῖν,
3530 3201 3662 3253 πότε

1973 3287 2034 3340 τὸ
2075 3286 2278 3356 βιϐλίον
2317 3285 2474 3356 ἐδόθη
2504 3285 2694 3339 τοῦτο*
2727 3287 2788 3338 οὑ
2826 3286 2936 3358 γάρ
2968 3287 3031 3358 δή
3065 3287 3123 3339 ἐν
3153 3289 3296 3358 ἀρχῇ
3318 3287 3369 3354 ἀ,
3415 3289 3536 3342 οὑδέ
3567 3289 3662 3342 εύ-

1975 3375 2113 3439 θέως
2140 3379 2234 3429 τοῦ
2282 3374 2455 3446 Ἀδὰμ
2503 3374 2799 3445 γενομένου
2835 3373 3007 3428 ταῦτα
3034 3375 3326 3446 ἐγράφετο,
3355 3376 3490 3430 ἀλλά
3522 3377 3663 3446 μετά

1975 3463 2175 3528 πολλὰς
2202 3463 2428 3535 ὕστερον
2460 3463 2653 3532 γενεάς
2676 3479 2689 3492 ·
2718 3463 2813 3516 καὶ
2852 3463 3002 3530 ἄξιον
3029 3463 3263 3532 ζητῆσαι
3294 3464 3438 3526 τίνος
3471 3464 3661 3519 ἕνεκεν

1978 3553 2116 3623 μετὰ
2149 3551 2349 3614 πολλὰς
2396 3550 2615 3623 ὕστεροι
2668 3551 2892 3620 γενεὰς,
2926 3551 3021 3604 καὶ
3050 3549 3103 3603 τί
3140 3549 3341 3621 δήποτε
3385 3552 3661 3616 Ἰουδαίοις

1979 3641 2160 3712 μόνον,
2195 3640 2311 3713 [90]
2362 3642 2458 3695 καὶ
2485 3640 2608 3710 οὑχ).
2654 3641 2822 3692 πᾶσιν
2849 3637 3188 3711 ἀνθρώποις,
3223 3640 3320 3692 καὶ
3368 3641 3420 3692 τί
3459 3641 3660 3711 δήποτε

1974 3733 2040 3803 τῇ
2085 3731 2327 3802 Ἐϐραΐδι
2355 3729 2609 3802 γλώσσῃ,
2651 3730 2744 3782 καὶ
2774 3729 2920 3792 τίνος
2959 3728 3146 3782 ἕνεκεν
3187 3729 3280 3781 ἐπὶ
3323 3729 3419 3800 τῆς
3449 3729 3659 3800 ἐρήμου

1977 3820 2141 3885 Emi;
2174 3819 2308 3873 Ούδὲ
2333 3820 2443 3891 γὰρ
2471 3820 2562 3874 τὸν
2577 3819 2740 3872 τόπον
2770 3816 2958 3880 ἁπλῶς
2984 3819 3010 3870 ὁ
3028 3817 3353 3881 ’Λπόστολος
3380 3821 3662 3890 παρατρέ-

1976 3926 2062 3980 χει
2081 3925 2098 3942 ο
2136 3907 2272 3962 ἀλλά
2293 3909 2588 3962 κάντεῦθεν
2621 3906 2864 3977 μεγάλην
2891 3907 3023 3977 ἡμῖν
3062 3905 3450 3978 παραδείκνυσι
3479 3919 3502 3945 ε
3521 3905 3659 3960 θεω-

1979 3998 2122 4070 ρίαν,
2151 3997 2293 4051 οὑτω
2321 3997 2495 4065 λέγων
2522 4015 2534 4028 ο
2568 3992 2754 4051 Αὗται
2779 3994 2890 4063 γάρ
2919 3997 3036 4048 εισι
3074 3994 3184 4048 δύο
3220 3993 3519 4063 διαθῆκαι,
3550 3997 3660 4064 μία

1969 4087 2089 4157 μὲν
2111 4085 2230 4140 ἀπὸ
2261 4087 2437 4153 ὄρους
2468 4084 2612 4138 Σινιῐ
2639 4087 2727 4150 εἰς
2757 4083 3046 4137 δουλείαν
3073 4081 3372 4150 γεννῶσα.

2045 4181 2107 4230 ε’.
2122 4174 2234 4229 Καὶ
2253 4175 2418 4246 ἐτερα
2438 4173 2493 4226 δὲ
2519 4172 2689 4226 πλείω
2708 4171 2913 4224 τούτων
2935 4173 3233 4239 ἀναγκαῖον
3252 4171 3514 4242 ζητῆσαι·
3543 4170 3659 4224 ἀλλ’

1973 4263 2087 4335 ὁρῶ
2139 4264 2231 4316 τὸν
2267 4263 2458 4334 καιρὸν
2509 4263 2642 4332 ἡμῖν
2694 4261 2794 4313 οῦκ
2843 4260 3209 4330 ἐπιτρέποντα
3247 4258 3381 4330 πρὸς
3419 4259 3660 4312 τοιοῦτον

1975 4353 2193 4419 ἀφεῖναι
2222 4351 2312 4404 τὸν
2331 4350 2488 4418 λόγον
2525 4350 2759 4416 πέλαγος
2777 4365 2792 4379 ο
2815 4348 3000 4418 διόπερ
3029 4347 3202 4401 ταῦτα
3225 4348 3300 4419 τῷ
3329 4349 3660 4420 προσήκοντι

1976 4437 2155 4508 καιρῷ
2181 4437 2630 4506 ταμιευσάμενοι,
2665 4435 2826 4489 πάλιν
2854 4435 2984 4505 περὶ
3013 4435 3111 4506 τῆς
3137 4434 3244 4488 τῶν
3276 4437 3456 4505 ὅρκων
3481 4436 3662 4488 ἀπαλ-

1976 4526 2150 4595 λαγῆς
2183 4527 2310 4596 ὑμῖν
2341 4523 2695 4595 διαλεξόμεθα
2721 4564 2734 4588 ,
2771 4523 2865 4577 καὶ
2893 4523 3348 4594 παρακαλέσομεν
3375 4523 3530 4594 ὑμῶν
3559 4525 3660 4594 τὴν

1976 4614 2196 4683 ἀγάπην
2252 4613 2420 4685 πολλῇ
2475 4613 2600 4682 περὶ
2658 4612 2717 4665 τὸ
2757 4613 2991 4682 πρᾶγμα
3023 4611 3182 4664 τοῦτο
3234 4613 3542 4684 χρήσασθαι
3590 4617 3656 4684 τῇ

1979 4702 2203 4772 σπουδῇ.
2246 4701 2372 4764 Πῶς
2397 4702 2507 4772 γάρ
2545 4702 2643 4754 οὑκ
2690 4701 2890 4755 ἄτοπον
2939 4700 3158 4772 οίκέτην
3192 4702 3288 4772 μὲν
3344 4701 3417 4773 μὴ
3453 4703 3660 4774 τολμᾷν

1979 4788 2037 4854 ἐξ
2079 4789 2344 4860 ὀνόματος
2390 4789 2482 4842 τὸν
2535 4788 2805 4859 δεσπότην
2851 4787 2940 4841 τὸν
2999 4786 3194 4841 ἐαυτοῦ
3241 4789 3426 4842 καλεῖν
3451 4829 3465 4852 ,
3526 4791 3661 4860 μηδέ

1979 4877 2166 4942 ἁπλῶς
2220 4877 2316 4932 καὶ
2352 4879 2428 4942 ὡς
2473 4878 2662 4948 ἔτυχεο
2713 4879 2804 4931 τὸν
2847 4879 2906 4932 δὲ
2957 4877 3066 4932 τῶν
3099 4878 3347 4947 ἀγγέλων
3380 4879 3660 4951 Δεσπότην

1981 4968 2168 5031 ἁπλῶς
2199 4969 2294 5021 καὶ
2329 4967 2467 5039 μετά
2500 4968 2702 5038 πολλῆς
2740 4967 2839 5036 τῆς
2877 4969 3344 5039 καταφρονήσεως
3381 4970 3660 5039 πανταχοῦ

1943 5082 1950 5089 ·
1981 5057 2337 5129 περιφέρειν;
2372 5056 2477 5110 κᾶν
2513 5056 2612 5126 μὲν
2661 5056 2996 5126 Εὑαγγέλιον
3045 5059 3339 5127 κατασχεῖν
3387 5057 3482 5129 δέῃ
3505 5098 3518 5120 ,
3559 5058 3662 5123 τάς

1981 5148 2168 5216 χεῖρας
2196 5145 2628 5214 ἀπονιψάμενος,
2674 5145 2814 5214 μετὰ
2855 5145 3053 5214 πολλῆς
3079 5145 3182 5215 τῆς
3218 5145 3401 5208 αἰδοῦς
3434 5145 3529 5199 καὶ
3558 5146 3664 5216 τῆς

1981 5231 2266 5295 εὐλαϐείας
2302 5232 2540 5304 φρίττων
2597 5232 2692 5290 καὶ
2743 5231 2993 5296 δεδοικὼς
3023 5234 3274 5303 κατέχεις
3299 5250 3312 5263 σ
3352 5233 3444 5287 τὸν
3477 5233 3536 5286 δὲ
3565 5235 3662 5288 τοῦ

1982 5320 2315 5389 Εὑαγγελίου
2343 5321 2622 5392 Δεσπότην
2666 5320 2854 5385 ἁπλῶς
2896 5322 2992 5376 ἐπὶ
3025 5322 3126 5394 τῆς
3159 5321 3408 5392 γλώττης
3455 5340 3661 5377 παντα-

1981 5408 2086 5479 χοῦ
2110 5408 2460 5481 περιφέρεις;
2493 5411 2682 5464 Βούλει
2738 5411 2930 5482 μαθεῖν
2960 5409 3076 5480 πῶς
3103 5411 3263 5466 αὑτὸν
3302 5409 3559 5466 καλοῦσιν
3605 5413 3664 5466 αί

1983 5498 2097 5552 ἀνω
2130 5497 2410 5570 δυνάμεις,
2437 5498 2553 5568 μεθ’
2585 5501 2716 5571 ὅσης
2746 5500 2948 5571 φρίκης
2971 5541 2986 5562 ,
3019 5499 3138 5570 μεθ’
3165 5500 3297 5572 ὅσης
3321 5500 3662 5572 ἐκπλήξεως,

1987 5587 2104 5658 μεθ’
2144 5587 2269 5642 ὅσου
2300 5587 2619 5659 θαύματος;
2667 5589 2851 5644 Εἶδον
2895 5589 3002 5643 τὸν
3045 5590 3264 5659 Κύριον
3295 5589 3664 5660 καθήμενον,

1983 5677 2178 5747 φησὶν,
2218 5676 2317 5730 ἐπὶ
2355 5677 2571 5746 θρόνου
2612 5678 2860 5746 ὑψηλοῦ
2895 5677 2994 5731 καὶ
3034 5678 3378 5750 ἐπηρμένου
3403 5719 3421 5746 ,
3460 5680 3559 5734 καὶ
3595 5681 3668 5735 τὰ

1985 5764 2250 5834 Σεραςςὶμ
2282 5764 2672 5832 εἱστήκεισαν
2705 5766 2908 5833 κύκλῳ
2953 5766 3175 5832 αὐτοῦ,
3211 5766 3309 5820 καὶ
3339 5766 3668 5838 ὲκέκραγον

2043 5991 2073 6053 ς
2268 5983 2320 6026 et
2342 5979 2527 6053 aliquot
2561 5992 2680 6053 mis.
2708 5978 2876 6053 τοῦτο·
2902 5979 3012 6053 οὑδέ
3033 5980 3124 6043 γὰρ
3149 5981 3196 6029 ἐν
3218 5982 3361 6053 ἀρχῇ.

2048 6039 2240 6114 εβανίι.
2261 6039 2776 6104 παραμίγνυσι,Μοι¹θΙ.
2798 6039 3155 6107 παραδείκνυάι,
3177 6039 3374 6105 quidam
3401 6055 3516 6092 mss.
3542 6058 3665 6104 παρο

1986 6116 2246 6162 ἀνοίγνυσι.
