4072 6384
431 382 500 437 97
1286 377 1344 434 S.
1378 375 1665 434 JOANNIS
1695 376 2192 434 CHRYSOSTOMI
2231 376 2554 435 ARCHIEP.
2595 377 3152 437 CONSTANTINOP.
3791 386 3858 444 98

415 495 618 566 ἕτερος
657 493 806 563 πρὸς
832 493 940 549 τὸν
970 493 1194 561 ἕτερον,
1231 493 1330 546 καί
1368 494 1610 564 ἔλεγον·
1643 493 1838 564 ’Ἄγιος
1861 533 1876 556 ,
1902 492 2087 563 ἅγιος,

413 582 581 650 ἅγιος
612 583 828 651 Κύριος
865 581 1105 636 σαϐαώθ
1130 600 1143 613 ·
1173 578 1412 650 πλήρης
1453 579 1622 636 πᾶσα
1654 583 1690 650 ἡ
1737 581 1814 651 γῆ
1845 580 1954 650 τῆς
1994 580 2093 634 δό-

414 670 530 738 ξης
571 669 780 724 αὑτοῦ.
813 666 968 732 Εἶδες
1003 668 1123 739 μεθ’
1153 669 1282 722 ὅσου
1316 667 1482 738 φόϐου
1503 709 1518 731 ,
1563 668 1686 739 μεθ’
1715 670 1848 740 ὅσης
1889 668 2092 739 φρίκης

413 758 641 812 καλοῦσι
692 757 1067 826 δοξολογοῦσαι
1119 757 1215 811 καὶ
1248 757 1551 828 ὑμνοῦσαι;
1588 759 1661 810 Σὺ
1712 756 1770 810 δὲ
1809 758 1868 809 ἐν
1907 758 2092 827 εὐχαῖς

417 846 516 915 μέν
549 847 645 899 καὶ
675 846 978 916 ἱκετηρίαις
1021 847 1160 916 μετά
1203 845 1408 916 πολλῆς
1444 845 1605 899 αὑτὸν
1643 843 1827 908 καλεῖς
1865 845 1963 916 τῆς
1995 847 2092 916 ρᾳ-

414 934 640 1006 θυμίας,
667 935 756 987 ὅτε
786 934 1031 1005 φρίττειν
1061 933 1190 996 ἔδει,
1215 933 1311 988 καὶ
1331 933 1716 1005 ἐγρηγορέναι,
1747 934 1840 986 καὶ
1864 933 2054 1003 νήφειν
2075 949 2089 963 ο

413 1025 472 1077 ἐν
503 1024 688 1095 ὅρκοις
729 1023 786 1076 δὲ
833 1025 922 1077 ὅτε
960 1022 1071 1075 οὐδ’
1094 1023 1232 1087 ὅλως
1270 1022 1330 1076 τὸ
1373 1023 1684 1094 θαυμαστὸν
1731 1022 1892 1076 τοῦτο
1921 1023 2091 1092 ὄνομα

413 1113 686 1184 παράγειν
710 1111 899 1183 ἐχρῆν,
925 1111 1203 1174 ποικίλους
1230 1111 1383 1174 τινάς
1406 1111 1499 1164 καὶ
1529 1111 1865 1182 ἐπαλλήλους
1894 1112 2092 1180 ὅρκους

415 1202 706 1274 συνείρεις.
749 1203 860 1255 Καὶ
889 1200 1020 1254 ποία
1057 1198 1385 1271 συγγνώμη,
1425 1201 1508 1264 τίς
1538 1201 1595 1255 δέ
1615 1203 1748 1272 ἡμῖν
1779 1202 1930 1256 ἔσται
1957 1203 2092 1255 ἀπο-

413 1291 571 1359 λογία
595 1331 611 1353 ,
651 1289 753 1344 κᾶν
806 1290 1064 1361 μυριάκις
1097 1289 1386 1359 συνήθειαν
1425 1288 1890 1361 προϐαλλώμεθα;
1918 1292 2091 1359 Λέγε-

411 1379 502 1432 ται
528 1396 612 1440 τις
655 1377 762 1431 τῶν
801 1376 999 1443 ἔξωθεν
1035 1376 1282 1448 ῥητόρων
1319 1376 1424 1430 ὑπό
1465 1393 1610 1441 τινος
1641 1377 1930 1449 συνηθείας
1969 1378 2092 1432 άλό-

414 1486 512 1538 γου
544 1469 639 1522 τὸν
672 1467 842 1532 δεξιὸν
871 1466 1110 1537 συνεχῶς
1135 1459 1286 1536 ὦμον
1310 1468 1482 1519 κινεῖν
1517 1465 1770 1536 βαδίζων,
1799 1465 1913 1519 ἀλλ’
1943 1467 2092 1537 ὅμως

416 1555 762 1626 περιεγένετο
786 1555 886 1625 τῆς
913 1553 1220 1625 συνηθείας,
1245 1554 1538 1624 καὶ³μαχαί
1544 1571 1645 1626 ρας
1672 1555 1941 1624 ἀκονήσας
1966 1555 2095 1607 ἐκα-

413 1641 654 1714 τέρωθεν
688 1641 926 1714 ἐπέθηκε
956 1643 1070 1705 τοῖς
1100 1640 1301 1712 ῶμοις,
1323 1641 1466 1695 ὥστε
1491 1641 1568 1713 τῷ
1601 1643 1751 1713 φόϐῳ
1783 1643 1886 1712 τῆς
1917 1643 2093 1714 τομῆς

416 1730 752 1802 σωφρονίσαι
789 1729 855 1783 τὸ
897 1729 1054 1800 μέλος
1093 1729 1339 1801 ἀκαίρως
1385 1730 1704 1801 κινούμενον
1729 1749 1743 1762 ο
1785 1730 1944 1785 τοῦτο
1998 1732 2092 1784 καὶ

419 1819 484 1870 ab
515 1818 740 1887 ποίησον
771 1817 863 1871 ἐπὶ
889 1820 988 1889 τῆς
1014 1817 1262 1888 γλώττης
1281 1857 1296 1881 ,
1326 1818 1420 1872 καὶ
1452 1819 1570 1872 ἀντὶ
1604 1819 1877 1891 μαχαίρας
1909 1818 2094 1882 ἐπίθες

415 1907 554 1977 αὐτῇ
589 1906 682 1960 τὸν
727 1905 890 1975 φόϐον
942 1905 1040 1977 τῆς
1088 1906 1182 1959 τοῦ
1222 1905 1358 1959 Θεοῦ
1397 1907 1702 1972 κολάσεως,
1735 1910 1829 1962 καὶ
1865 1907 2094 1981 περιέσῃ

417 1993 655 2057 πάντως.
695 1994 1002 2064 ’Δμήχανον
1041 1993 1150 2065 γάρ
1173 2033 1188 2058 ,
1241 1994 1521 2066 ἀμήχανον
1573 1993 1952 2067 μεριμνῶντας
2000 1997 2094 2049 καὶ

419 2080 820 2145 σπουδάζοντας
867 2081 962 2135 καὶ
994 2079 1154 2152 ἔργον
1197 2079 1365 2134 τοῦτο
1405 2082 1762 2152 ποιουμένους
1795 2081 2101 2153 ήττηθῆναί

418 2185 572 2223 ποτε.
619 2170 922 2224 Ἐπαινεῖτε
958 2169 1051 2223 νῦν
1078 2169 1148 2224 τὰ
1179 2168 1445 2241 εἰρημένα
1463 2209 1479 2234 ,
1519 2169 1634 2224 ἀλλ’
1658 2172 1784 2224 ὅταν
1815 2169 2091 2242 κατορθώ-

420 2273 572 2330 σητε,
605 2256 867 2329 μειζόνως
895 2257 1268 2322 ἐπαινέσεσθε,
1300 2260 1400 2329 οὐχ
1433 2260 1581 2330 ἡμᾶς
1614 2259 1796 2330 μόνον,
1830 2259 1968 2314 άλλά
1998 2261 2093 2313 καὶ

420 2348 566 2418 ὑμᾶς
597 2349 824 2412 αὐτοὺς,
861 2349 956 2401 καὶ
985 2347 1126 2421 μετά
1169 2347 1414 2411 πλείονος
1443 2348 1542 2419 τῆς
1570 2348 1764 2420 ἡδονῆς
1789 2347 2090 2404 ἀκούσεσθε

2195 492 2305 547 τῶν
2337 493 2666 565 λεγομένων,
2691 497 2785 549 καὶ
2827 496 2965 568 μετά
2993 496 3234 570 καθαροῦ
3261 497 3357 551 τοῦ
3389 497 3687 563 συνειδότος
3708 501 3861 554 καλέ-

2195 598 2318 634 σετε
2346 582 2438 635 τὸν
2469 581 2600 635 Θεὸν
2619 622 2634 647 ,
2667 582 2727 646 ὃς
2755 581 2899 636 οὕτω
2932 601 3024 637 σου
3073 585 3312 654 φείδεται
3338 626 3354 651 ,
3381 584 3457 649 ὡς
3485 587 3685 640 εἰπεῖν’
3710 587 3867 655 Μηδὲ

2192 669 2341 722 κατὰ
2387 667 2499 737 τῆς
2549 669 2821 739 κεφαλῆς
2849 684 2967 724 σου
3021 671 3288 741 ὀμόσῃς-ο
3323 672 3388 726 σὺ
3417 671 3474 725 δέ
3504 671 3676 736 οὕτως
3711 674 3867 728 αὑτοῦ

2192 758 2557 827 καταφρονεῖς
2581 798 2595 821 ,
2624 756 2700 821 ὡς
2749 759 2844 811 καὶ
2891 758 3034 812 κατά
3068 759 3168 830 τῆς
3218 759 3387 814 αὐτοῦ
3419 759 3578 831 δόξης
3625 759 3863 832 ὀμνύναι.

2193 846 2303 899 Καὶ
2349 846 2404 898 τί
2438 845 2599 899 πάθω
2627 855 2668 912 ⁸,
2717 845 2883 917 φησὶ,
2919 846 3055 918 πρὸς
3099 849 3226 912 τοὺς
3258 849 3504 920 ἀνάγκην
3537 849 3861 920 ἐπάγοντας;

2194 934 2367 987 Ποίαν
2414 934 2695 1005 ἀνάγκην,
2751 933 3043 1005 άνθρωπες
3093 935 3429 990 Μαθέτωσαν
3480 937 3750 1002 ἅπαντες,
3787 938 3861 992 ὅτι

2193 1021 2372 1074 πάντα
2404 1021 2597 1093 αἰρέσῃ
2628 1021 2840 1086 παθεῖν,
2877 1021 2909 1092 ἦ
2940 1022 3032 1075 τὸν
3062 1022 3158 1076 τοῦ
3184 1022 3320 1077 Θεοῦ
3349 1023 3663 1095 παραϐῆναι
3687 1025 3864 1096 νόμον,

2195 1107 2309 1182 [91]
2338 1111 2432 1164 καὶ
2463 1110 2865 1180 ἀποστήσονται
2888 1111 2986 1181 τῆς
3017 1111 3281 1181 ἀνάγκης.
3299 1113 3421 1166 Ὀτι
3455 1112 3564 1184 γάρ
3587 1113 3686 1183 οὐχ
3715 1114 3871 1184 ὅρκος

2193 1198 2507 1263 ἀξιόπιστον
2541 1199 2716 1261 ποιεῖ,
2768 1198 2906 1252 ἀλλά
2961 1197 3076 1268 βίου
3127 1200 3403 1271 μαρτυρία
3453 1200 3549 1253 καὶ
3598 1199 3866 1256 πολιτείας

2192 1286 2477 1358 ἀκρίϐεια,
2524 1285 2618 1340 καὶ
2651 1284 2918 1357 ὑπόληψις
2950 1286 3167 1358 ἀγαθὴ,
3196 1286 3383 1340 πολλοὶ
3433 1288 3698 1351 πολλάκις
3731 1287 3870 1355 διερ-

2195 1374 2442 1445 ράγησαν
2478 1371 2770 1443 ὀμνύντες,
2800 1374 2894 1427 καὶ
2919 1373 3109 1426 οὐδένα
3156 1373 3412 1439 ἔπεισαν,
3445 1373 3622 1445 ἐτεροι
3665 1374 3720 1427 δέ
3755 1375 3871 1426 ἐπι-

2193 1461 2483 1524 νεύσαντες
2514 1461 2708 1532 μόνον,
2739 1459 3171 1532 ἀξιοπιστότεροι
3216 1462 3323 1514 τῶν
3368 1461 3605 1515 τοσαῦτα
3654 1462 3870 1532 ὀμωμοο

2195 1551 2370 1604 κότων
2419 1540 2721 1620 ἐφάνησαν.
2752 1550 2914 1604 Ταῦτ’
2953 1547 3048 1604 οὖν
3100 1550 3304 1614 εἰδότες
3342 1551 3554 1605 ἅπαντα
3575 1591 3590 1616 ,
3644 1546 3739 1602 κάὶ
3773 1548 3873 1621 τὴν

2195 1639 2456 1708 κειμένην
2486 1640 2599 1701 τοῖς
2645 1655 2703 1690 τε
2734 1638 2995 1708 ὀμνύουσι
3025 1642 3138 1702 τοῖς
3185 1651 3245 1691 τε
3287 1639 3606 1709 ἐπιορκοῦσι
3655 1637 3871 1690 κόλασιν

2197 1726 2302 1797 πρὸ
2335 1726 2442 1779 τῶν
2470 1725 2765 1796 ὀφθαλμῶν
2798 1717 3110 1796 βλέποιῖτες,
3143 1726 3468 1796 ἀποστῶμεν
3499 1726 3599 1796 τῆς
3631 1725 3872 1795 πονηρᾶς

2196 1806 2483 1884 συνηθείάς
2503 1854 2517 1877 ,
2551 1815 2617 1868 ἵν’
2647 1815 2898 1869 ἐντεῦθεν
2947 1817 3042 1870 καὶ
3075 1815 3213 1887 πρὸς
3258 1815 3326 1868 τά
3362 1815 3524 1892 λοιπά
3568 1813 3872 1884 βαδίζοντες

2196 1902 2598 1974 κατορθώματα
2623 1945 2637 1966 ,
2668 1904 2784 1957 τῶν
2809 1905 3111 1976 μελλόντων
3136 1903 3356 1974 ἀγαθῶν
3389 1903 3733 1973 ἐπιτύχωμεν
3750 1941 3764 1965 ,
3793 1895 3870 1954 ὧν

2195 1990 2406 2058 γένοιτο
2435 1992 2644 2055 πάντας
2668 1993 2815 2062 ἡμᾶς
2849 1991 3180 2062 ἀξιωθῆναι,
3215 1993 3400 2063 χάριτι
3427 1991 3521 2045 καὶ
3561 1989 3868 2061 φιλανθρω-

2197 2078 2299 2149 πίᾳ
2329 2077 2424 2132 τοῦ
2459 2079 2669 2151 Κυρίου
2701 2079 2860 2152 ήμῶν
2902 2080 3078 2152 Ἰησοῦ
3105 2080 3342 2153 Χριστοῦ
3366 2120 3382 2144 ,
3416 2078 3483 2133 δι’
3519 2072 3581 2132 οὗ
3624 2078 3719 2132 καὶ⁵
3752 2077 3871 2148 μεθ’

2198 2158 2259 2220 οὗ
2291 2166 2370 2237 τῷ
2399 2168 2574 2240 Πατρὶ
2601 2168 2717 2241 ἅμα
2745 2169 2823 2241 τῷ
2855 2170 2995 2241 ἀγίῳ
3010 2169 3291 2240 Πνεύματι
3309 2169 3456 2233 δόξα,
3478 2169 3697 2240 κράτος,
3715 2165 3869 2238 τιμὴ,

2199 2252 2297 2308 νῦν
2322 2255 2417 2310 καὶ
2447 2257 2555 2319 ἀεὶ,
2587 2258 2682 2312 καὶ
2705 2260 2786 2321 εἰς
2811 2259 2937 2322 τοὺς
2967 2258 3173 2322 αἰῶνας
3199 2258 3308 2312 τῶν
3331 2256 3565 2311 αἰώνων.
3606 2256 3804 2326 Ἀμήν-

2265 2359 2291 2388 ⁸
2313 2358 2464 2410 Savil.
2491 2362 2572 2410 καὶ
2597 2363 2642 2410 τί
2664 2363 2871 2420 ποιήσω.

423 2722 732 2794 Προτροπὴ
762 2725 848 2786 εἰς
884 2719 1126 2788 ἀρετήν’
1172 2721 1269 2774 καί
1302 2721 1389 2786 είς
1437 2721 1525 2788 τὸ,
1569 2719 1894 2792 Περιεπάτει
1934 2725 1962 2775 ὁ
2001 2721 2133 2786 Θεὸς
2164 2723 2225 2776 τὸ
2257 2723 2483 2778 δειλινὸν
2524 2727 2580 2777 ἐν
2613 2725 2690 2796 τῷ
2734 2726 3078 2798 παραδείσῳ⁸
3131 2729 3229 2782 καὶ
3282 2731 3413 2798 περὶ
3470 2731 3576 2785 τοῦ
3630 2731 3882 2800 φεύγειν

1924 2814 2065 2881 τοὺς
2108 2815 2338 2883 ὅρκους.

1100 3099 1322 3168 Ὁμιλία
1361 3108 1436 3168 η’.

495 3192 567 3249 α’.
588 3191 826 3256 Ἕγνωτε
847 3187 1039 3261 πρώην
1067 3187 1180 3250 πῶς
1197 3189 1345 3240 πᾶσα
1363 3187 1551 3261 Γραφὴ
1577 3189 1918 3260 παράκλησιν
1944 3188 2096 3260 φέρει

423 3283 517 3336 καὶ
557 3275 931 3348 παραμυθίαν,
970 3274 1071 3328 κᾶν
1117 3275 1355 3343 ἱστορίας
1386 3275 1636 3347 διήγησις
1711 3294 1722 3306 ’
1749 3277 1842 3329 καὶ
1872 3275 1981 3348 γὰρ
2012 3277 2094 3340 τὸ,

437 3372 539 3423 Ἐν
562 3365 714 3436 ἀρχῇ
739 3365 1026 3431 ἐποίησεν
1051 3365 1083 3416 ό
1108 3363 1250 3428 Θεὸς
1285 3362 1392 3416 τὸν
1417 3365 1677 3433 οὐρανὸν
1702 3365 1798 3418 καί
1827 3364 1941 3431 τὴν
1959 3362 2092 3432 γῆν,

427 3455 665 3526 ἱστορίας
699 3450 954 3521 ἐξήγησις
995 3444 1084 3519 ἦν,
1113 3449 1226 3501 ἀλλ’
1257 3448 1454 3514 ἔδειξεν
1492 3453 1520 3504 ὁ
1557 3451 1714 3519 λόγος
1760 3451 1961 3521 πολλῆς
2000 3451 2093 3520 γέ-

429 3558 634 3613 μουσαν
665 3536 1019 3609 παραμυθίας
1040 3535 1140 3604 τὴν
1172 3535 1329 3605 ῥῆσιν
1349 3552 1362 3566 ·
1397 3531 1528 3599 οἷον,
1555 3537 1639 3590 ὅτι
1668 3537 1861 3609 διπλῆν
1893 3537 2096 3610 τράπε-

427 3631 526 3694 ζαν
545 3631 574 3681 ὀ
595 3627 728 3690 Θεὸς
757 3625 1000 3694 ἐποίησε,
1032 3623 1135 3692 γῆν
1158 3625 1252 3676 καὶ
1273 3623 1542 3678 θάλατταν
1568 3623 1708 3693 ὀμοῦς
1734 3625 1976 3697 προθεὶς,
2003 3628 2096 3680 καὶ

427 3717 726 3787 φωστῆρας
756 3711 998 3776 διπλοῦς,
1036 3711 1186 3782 ἥλιον
1215 3712 1308 3767 καὶ
1339 3713 1590 3784 σελήνην,
1628 3714 1839 3783 ἁνάψας
1868 3714 2096 3778 ἀνωθεν,

427 3805 522 3858 καὶ
545 3799 734 3856 διπλοῦ
765 3799 966 3873 δρόμου
993 3797 1205 3870 καιρὸν,
1232 3800 1446 3872 ἡμέραν
1473 3800 1567 3853 καὶ
1595 3801 1764 3853 νύκτα
1787 3802 2098 3873 ἐργασάμε-

432 3909 539 3955 νος,
578 3889 672 3944 καὶ
701 3889 799 3958 τὴν
841 3888 936 3957 μὲν
979 3888 1059 3948 εἰς
1088 3887 1372 3958 ἐργασίαν,
1411 3887 1509 3957 τὴν
1542 3887 1598 3940 δέ
1649 3890 1729 3952 εἰς
1769 3889 2096 3944 ἀνάπαυσιν.

499 3979 574 4032 Οὐ
609 3976 717 4046 γὰρ
750 3974 1006 4026 ἐλάττονα
1036 3971 1136 4042 τῆς
1166 3975 1378 4045 ἡμέρας
1414 3975 1546 4043 ἡμῖν
1578 3973 1822 4045 εἰσφέρει
1852 3974 2095 4048 λειτουρ-

427 4067 552 4138 γίαν
587 4068 620 4138 ὴ
651 4062 749 4130 νύξ
770 4080 783 4093 ο
812 4061 924 4115 ἀλλ’
957 4061 1146 4130 ὥσπερ
1171 4061 1261 4112 ἐπὶ
1295 4061 1400 4113 τῶν
1431 4061 1661 4132 δένδρων
1685 4057 1855 4127 εἷπον,
1887 4062 2098 4118 ὅτιτῶν

428 4155 722 4224 ἐγκάρπων
746 4149 816 4202 τά
848 4147 1072 4218 ἄκαρπα
1111 4147 1402 4217 ἐφάμιλλον
1432 4148 1729 4218 παρέχεται
1763 4148 1973 4218 χρείαν,
1999 4150 2099 4201 οὐκ

427 4241 802 4310 ἀναγκάζοντα
849 4238 996 4308 ἡμᾶς
1023 4234 1133 4288 τῶν
1169 4237 1393 4308 ἡμέρων
1430 4237 1696 4291 ἅπτεσθαι
1742 4237 1977 4308 δένδρων
2018 4239 2098 4302 είς

427 4332 526 4394 τὰς
552 4327 856 4396 οἰκοδομάς*
885 4326 978 4380 καὶ
1004 4325 1110 4378 τῶν
1136 4324 1359 4396 ἡμέρων
1377 4322 1531 4388 ζώων
1558 4326 1658 4379 οὐκ
1676 4326 1931 4380 ἐλάττονα
1957 4343 2098 4396 παρ-

426 4416 608 4486 έχεται
653 4415 842 4485 χρείαν
889 4414 1022 4482 ἡμῖν
1076 4411 1146 4464 τά
1192 4410 1361 4480 ἄγρια
1408 4412 1502 4464 καὶ
1551 4412 1824 4483 ἀνήμερα,
1879 4414 1974 4465 καὶ
2019 4412 2099 4484 τῷ

427 4501 728 4572 φόϐῳπρδς
740 4497 838 4562 τὰς
864 4497 1047 4560 πόλεις
1076 4498 1222 4567 ἡμᾶς
1247 4495 1656 4561 συνελαύνοντα,
1686 4499 1780 4551 καὶ
1809 4516 2099 4570 προσεκτι-

426 4591 698 4660 κωτέρους
737 4584 1024 4645 ποιοῦντα,
1076 4585 1171 4638 καὶ
1216 4584 1586 4653 συσφίγγονττα
1632 4586 1767 4654 πρὸς
1815 4586 2096 4658 ἀλλήλους,

426 4677 522 4732 καὶ
549 4676 656 4728 τῶν
683 4675 780 4745 μὲν
811 4674 910 4742 τὴν
931 4671 1162 4742 δύναμιν
1183 4672 1612 4742 ἐγγυμνάζοντα,
1641 4673 1748 4725 τῶν
1774 4675 1831 4727 δέ
1852 4675 1921 4728 τά
1942 4678 2100 4748 νοσή-

428 4781 576 4834 ματα
605 4762 799 4815 λύοντα
828 4759 1025 4829 (πολλά
1053 4759 1162 4829 γὰρ
1194 4759 1254 4824 ἐξ
1280 4761 1503 4813 ἐκείνων
1533 4760 1604 4813 τὰ
1637 4761 1906 4832 φάρμακα
1930 4781 2098 4817 κατα-

427 4849 782 4914 σκευάζουσιν
828 4847 1028 4919 ἰατρῶν
1081 4847 1314 4915 παῖδες),
1361 4848 1456 4900 καὶ
1509 4848 1612 4918 τῆς
1669 4850 1905 4914 παλαιᾶς
1952 4853 2098 4922 ἡμᾶς

424 4938 696 5010 ἁμαρτίας
714 4938 816 4990 ἀνα
824 4936 1218 5007 μιμνήσκοντα.
1235 4936 1402 4990 Ὅταν
1417 4936 1671 5008 γάράκού
1680 4954 1776 5001 σω,
1791 4940 1874 4992 ὅτι
1893 4941 2097 4994 Ἔσται

425 5029 456 5079 ό
490 5025 673 5094 φόϐος
701 5021 867 5092 ὑμῶν
899 5023 997 5076 καὶ
1032 5025 1064 5076 ό
1088 5024 1304 5090 τρόμος
1336 5023 1433 5075 ἐπὶ
1463 5023 1663 5076 πάντα
1687 5026 1760 5078 τὰ
1789 5025 1964 5094 θηρία
1987 5027 2097 5095 τῆς

424 5111 558 5182 γῆς,
589 5105 706 5164 εἶτα
727 5111 826 5178 τὴν
850 5108 1015 5179 τιμήν
1036 5109 1578 5180 ἀκρωιτηριασθεῖσαν
1601 5110 1696 5164 ἴδω
1715 5113 1938 5183 ταύτην,
1969 5116 2097 5168 ἀνα-

428 5200 808 5270 μιμνήσκομαι
835 5196 935 5265 τῆς
974 5196 1267 5266 ἁμαρτίας,
1296 5199 1329 5268 ἢ
1360 5198 1454 5250 καὶ
1498 5198 1588 5250 τὸν
1623 5199 1784 5267 φόϐον
1806 5202 1963 5272 ήμῶν
2003 5203 2094 5268 ἐξ-

423 5290 603 5351 έλυσε,
646 5287 740 5340 καὶ
773 5286 870 5354 τὴν
919 5285 1092 5357 ἀρχὴν
1122 5285 1445 5356 ὑπετέμετο,
1490 5287 1584 5338 καὶ
1616 5287 1836 5358 γίνομαι
1873 5289 2094 5358 βελτίων

424 5377 519 5431 καὶ
554 5373 1009 5443 σωφρονέστερος,
1056 5371 1243 5442 μαθὼν
1287 5373 1386 5444 τὴν
1416 5375 1479 5426 ἐκ
1520 5375 1619 5444 τῆς
1652 5376 1926 5446 ἁμαρτίας
1962 5379 2093 5448 ἡμῖν

423 5462 796 5533 γεγενημένην
823 5472 850 5500 α
880 5459 1104 5530 ζημίαν.
1151 5462 1362 5531 Ὥσπερ
1407 5457 1521 5519 οὖν,
1550 5463 1688 5532 ὅπερ
1737 5463 1892 5534 ἔφην,
1935 5466 1996 5518 οὐ
2033 5467 2094 5520 τὸ

422 5551 584 5620 τυχὸν
615 5551 696 5612 είς
732 5549 822 5601 τὸν
849 5547 961 5618 βίον
993 5549 1124 5617 ἡμῖν
1153 5549 1398 5601 συντελεῖ
1427 5549 1604 5603 ταῦτά
1636 5567 1695 5603 τε
1724 5550 1794 5604 τά
1827 5552 2092 5622 εἰρημένα

423 5638 519 5691 καὶ
545 5637 708 5708 ἐτερα
730 5635 899 5688 πλείω
927 5635 1149 5698 τούτων,
1171 5635 1313 5706 άπερ
1332 5636 1360 5688 ὀ
1383 5637 1613 5706 ποιήσας
1637 5632 1745 5690 οἶδε
1764 5637 1895 5701 Θεός
1914 5655 1928 5668 ο
1953 5637 2093 5692 οὕτω

421 5725 486 5795 δὴ
517 5725 665 5794 καὶὴ
698 5722 795 5786 νὺξ
815 5722 915 5774 οὐκ
944 5722 1204 5775 ἐλάττονα
1241 5723 1338 5792 τῆς
1366 5724 1583 5794 ἡμέρας
1607 5723 1846 5794 εἰσφέρει
1874 5725 2090 5796 χρῆσιν,

422 5812 726 5874 ἀνάπαυσις
755 5806 889 5864 οὖσα
922 5810 1122 5874 πόνων,
1154 5811 1249 5863 καὶ
1279 5811 1568 5880 φάρμακον
1595 5808 1726 5864 οὖσα
1747 5814 2088 5884 νοσημάτων.

485 5971 513 6041 ξ
537 5968 970 6041 S‘avil.’elqui_dan‘1
993 5981 1108 6041 ιηες.
1132 5970 1450 6041 ἐγγινομένηνί
1473 5971 1580 6041 Ποχ
1605 5974 1801 6036 quidam
1825 5988 1940 6028 mss.
1957 5977 2089 6041 ἔφην,

423 6034 505 6083 καὶ
524 6033 586 6081 τὰ
603 6031 894 6102 τυχόνταείς
914 6031 994 6078 τὸν
1017 6031 1116 6078 ϐίον
1139 6033 1275 6094 ἡμῶν
1294 6031 1524 6081 συντελεῖ.

2206 3103 2472 3168 Πολλάκις
2496 3104 2626 3174 γοῦν
2659 3107 2834 3175 ἰατροὶ
2864 3105 3033 3162 πολλὰ
3060 3110 3632 3179 πραγματευσάμενοι,
3663 3111 3758 3164 καί⁵
3783 3129 3879 3182 μυ-

2207 3190 2297 3260 ρία
2330 3193 2837 3258 κατασκευάσαντες
2863 3195 3148 3266 φάρμακα,
3181 3197 3279 3249 οὐκ
3309 3197 3533 3266 ἴσχυσαν
3565 3199 3880 3266 ἀπαλλάξαι

2207 3276 2322 3351 [92]
2347 3278 2446 3348 τῆς
2478 3279 2791 3351 ἀρρωστίας
2811 3281 2904 3335 τὸν
2937 3282 3215 3352 κάμνοντα
3238 3301 3250 3313 °
3287 3283 3452 3348 ὕπνος
3477 3285 3534 3339 δὲ
3567 3287 3876 3356 αὐτόματος

2203 3364 2466 3430 ἐπελθὼν,
2495 3367 2556 3419 τὸ
2595 3369 2702 3420 πᾶν
2742 3368 2897 3421 ἔλυσε
2940 3369 3175 3441 νόσημα,
3216 3373 3310 3425 καὶ
3348 3373 3456 3425 τῶν
3497 3375 3704 3446 μυρίων
3731 3375 3879 3428 ἐκεί-

2200 3467 2323 3515 νους
2344 3453 2620 3525 ἀπήλλαξε
2649 3456 2827 3510 πόνων
2849 3475 2861 3487 ”
2896 3458 2957 3510 οὺ
2995 3458 3184 3514 παθῶν
3222 3459 3280 3512 δέ
3327 3461 3656 3531 σωματικῶν
3689 3462 3874 3532 μόνον,
3979 3483 3995 3504 ο

2203 3537 2339 3592 ἀλλά
2360 3541 2454 3594 καὶ
2479 3542 2725 3614 ψυχικῶν
2748 3544 3070 3615 νοσημάτων
3099 3547 3214 3601 ἐστὶ
3237 3547 3526 3620 φάρμακον
3557 3553 3589 3620 ἡ
3625 3551 3722 3616 νὺξ
3745 3551 3881 3603 ἀνα-

2201 3627 2447 3682 παύουσα
2472 3631 2568 3695 τὰς
2595 3633 2934 3702 ὀδυνωμένας
2959 3634 3156 3704 ψυχάς.
3187 3636 3452 3701 Πολλάκις
3477 3638 3610 3705 γοῦν
3647 3656 3732 3701 τις
3771 3641 3882 3693 ἀπε

2200 3715 2390 3770 έϐαλεν
2411 3718 2545 3783 υίὸν,
2581 3721 2676 3773 καὶ
2707 3721 2917 3792 μυρίων
2950 3723 3124 3792 μυρία
3167 3725 3626 3794 παρακαλούντων
3649 3728 3750 3780 οὐκ
3777 3729 3880 3796 ὴν-

2201 3801 2391 3875 έσχετο
2415 3805 2522 3858 τῶν
2550 3805 2763 3877 θρήνων
2795 3809 3098 3880 ἀποστῆναι
3130 3812 3348 3881 καὶτῆς
3381 3815 3646 3886 οίμωγῆς³
3679 3815 3881 3880 νυκτὸς

2197 3890 2253 3944 δὲ
2295 3892 2649 3965 ἐπελθούσης.
2691 3891 2799 3960 εἶξε
2831 3899 2896 3969 τῇ
2941 3897 3216 3968 τυραννίδι
3256 3899 3349 3953 τοῦ
3392 3900 3560 3954 ὕπνου
3593 3904 3878 3973 ἡττηθεὶς.

2199 3980 2291 4032 καὶ
2317 3980 2386 4035 τά
2412 3980 2658 4053 βλέφαρα
2695 3985 3069 4055 κατεκοίμισε,
3097 3986 3189 4039 καὶ
3219 3989 3422 4058 μικράν
3449 4007 3569 4043 τινα
3594 3990 3704 4043 τῶν
3741 3992 3880 4044 καθι-

2195 4069 2471 4140 ημερινῶν
2502 4070 2531 4109 ῒι
2563 4070 2751 4124 κακῶν
2792 4073 3146 4144 παραμυθίαν
3181 4074 3362 4129 ἔλαϐε.
3394 4078 3529 4148 Φέρε
3574 4078 3639 4150 δὴ
3685 4079 3882 4134 λοιπὸν

2197 4155 2334 4226 πρὸς
2359 4155 2457 4228 τὴν
2484 4156 2743 4211 ὑπόθεσιν
2770 4160 2961 4229 ἴωμεν,
2990 4161 3084 4228 ἀφ’
3110 4157 3180 4234 ἧς
3220 4164 3314 4215 καὶ
3345 4164 3517 4218 ταῦτα
3544 4167 3878 4238 εἰρήκαμεν.

2197 4243 2308 4296 Καὶ
2331 4243 2438 4315 γάρ
2467 4240 2527 4296 εὖ
2564 4239 2682 4298 οῖδα
2707 4245 2788 4298 ὅτι
2823 4247 2960 4317 πρὸς
2991 4247 3196 4319 ταύτην
3226 4253 3488 4321 κεχήνατε
3517 4253 3757 4319 πάντες,
3782 4256 3882 4309 καὶ

2199 4329 2427 4394 ἕκαστος
2459 4330 2612 4401 ὑμῶν
2637 4331 2818 4384 ώδίνει
2851 4333 3044 4404 μαθεῖν
3079 4335 3224 4399 τίνος
3252 4337 3436 4390 ἐνεκεν
3481 4338 3582 4391 οὐκ
3606 4339 3666 4406 ἐξ
3696 4342 3882 4413 ἀρχῆς

2198 4420 2260 4473 τὸ
2293 4419 2498 4490 βιϐλίον
2539 4422 2696 4475 τοῦτο
2736 4422 2915 4494 ἐδόθη,
2955 4424 3071 4477 ἀλλ’
3095 4425 3216 4478 οὐδὲ
3258 4426 3355 4480 νῦν
3383 4427 3494 4498 όρῶ
3539 4429 3632 4481 τὸν
3679 4431 3883 4501 καιρὸν

2198 4506 2327 4562 ὄντα
2351 4509 2448 4580 τῆς
2473 4508 2780 4581 ἐξηγήσεως
2813 4511 3037 4582 ταύτης.
3075 4511 3140 4564 Τί
3177 4512 3414 4584 δήποτε;
3446 4515 3590 4588 Πρὸς
3619 4517 3682 4569 τὸ
3719 4518 3883 4583 τέλος

2198 4597 2385 4667 ήμῖνή
2429 4597 2664 4665 ἑϐδομὰς
2691 4599 2994 4670 ἀπήντησε,
3042 4601 3134 4654 καὶ
3161 4601 3379 4656 δέδοικα
3417 4604 3518 4673 τῆς
3559 4605 3884 4670 ὑποθέσεως

2198 4683 2461 4752 ἅψασθαι,
2490 4680 2610 4738 εἶτα
2640 4685 2842 4748 εὐθέως
2869 4687 3099 4757 ἐγκόψαι
3123 4690 3221 4760 τὴν
3251 4689 3622 4746 διδασκαλίαν.
3652 4693 3884 4749 Πολλῶν

2197 4769 2304 4842 γὰρ
2329 4771 2524 4842 ἐφεξῆς
2551 4772 2773 4843 ἡμερῶν
2795 4775 2927 4845 ἡμῖν
2957 4777 2990 4845 ἡ
3021 4775 3277 4840 ὑπόθεσις
3302 4777 3470 4833 δεῖται
3492 4781 3586 4833 καὶ
3615 4781 3885 4851 συνεχοῦς

2197 4855 2298 4926 τῆς
2334 4859 2588 4927 μνήμηςο
2625 4858 2706 4911 διὸ
2743 4859 2904 4913 πάλιν
2942 4860 3113 4931 αὐτὴν
3140 4863 3556 4935 ἀναϐαλώμεθα..
3601 4866 3769 4920 Ἀλλά
3801 4869 3884 4938 μὴ

2196 4943 2582 5015 δυσχεράνητε,
2624 4946 2761 5016 μετὰ
2797 4948 2959 5000 τόκου
2999 4949 3216 5012 πάντως
3261 4951 3390 5021 ὑμῖν
3427 4952 3789 5026 ἀποδώσομεν
3817 4955 3885 5008 τὸ

2197 5028 2382 5098 χρέος·
2418 5029 2561 5084 οὕτω
2592 5032 2699 5104 γὰρ
2727 5032 2822 5084 καὶ
2850 5035 2978 5104 ἡμῖν
3011 5045 3033 5073 ε
3068 5037 3178 5098 τοῖς
3216 5037 3612 5092 καταϐάλλουσι
3660 5041 3882 5111 συμφέ-

2201 5131 2310 5185 ρει·
2344 5118 2482 5181 τέως
2513 5118 2569 5171 δὲ
2597 5119 2659 5171 τὸ
2705 5119 2830 5190 χθές
2877 5121 3247 5192 παραλειφθὲν
3281 5126 3516 5197 ἐροῦμεν
3548 5126 3664 5182 νῦν.
3700 5128 3770 5180 Τί
3817 5129 3883 5182 δὲ

2196 5202 2258 5254 τὸ
2288 5203 2413 5273 χθὲς
2443 5205 2817 5277 παραλειφθὲν
2844 5203 2945 5278 ἦν;
2971 5209 3338 5280 Περιεπάτει,
3363 5216 3546 5284 φησὶν,
3572 5218 3606 5268 ὁ
3630 5215 3779 5281 Θεὸς
3807 5216 3884 5269 ἐν

2195 5289 2275 5355 τῷ
2307 5291 2648 5360 παραδείσῳ
2681 5295 2747 5346 τὸ
2789 5293 3073 5349 δειλινόν.
3112 5297 3176 5350 Τί
3219 5299 3420 5368 λέγεις,
3461 5302 3583 5355 εἰπέ
3614 5320 3727 5372 μοι,
3759 5306 3883 5357 Hs-

2187 5378 2455 5442 ριεπάτει
2492 5383 2526 5433 ὁ
2567 5382 2746 5446 Θεός;
2781 5382 2856 5435 Οὐ
2903 5386 3222 5455 περιεπάτει
3259 5389 3287 5439 ὁ
3321 5388 3454 5452 Θεός
3478 5407 3490 5419 ·
3538 5390 3654 5454 πῶς
3683 5401 3795 5462 γάρ
3847 5393 3884 5446 ὁ

2197 5467 2470 5537 πανταχοῦ
2494 5468 2709 5541 παρὼν,
2735 5472 2829 5524 καὶ
2854 5472 2922 5524 τά
2954 5472 3129 5526 πάντα
3163 5476 3267 5546 πλη
3279 5477 3386 5545 ρῶν
3407 5495 3420 5541 ;
3453 5478 3588 5532 ἀλλά
3612 5480 3884 5551 τοιαύτην

2196 5551 2446 5640 αἴσθησιν
2469 5555 2691 5640 ἐνέθηκε
2721 5559 2796 5629 τῷ
2835 5559 3023 5630 Ἀδάμ,
3057 5561 3123 5614 ἵν’
3148 5564 3344 5617 ἑαυτὸν
3370 5566 3646 5640 συστείλῃ,
3678 5567 3773 5621 ἵνα
3801 5568 3888 5638 μὴ

2194 5636 2582 5710 διακεχυμένος
2613 5638 2669 5716 ᾗ,
2703 5645 2788 5697 ἴνα
2825 5646 2886 5699 τὸ
2930 5651 3120 5716 φυγεῖν
3164 5653 3260 5704 καὶ
3300 5652 3570 5724 κρυϐῆναι
3595 5636 3790 5724 μέρος
3827 5636 3889 5706 τί

2193 5725 2295 5796 τῆς
2327 5727 2622 5796 ἀπολογίας
2651 5732 2987 5803 προϐάληται
3023 5735 3050 5774 d
3088 5738 3181 5789 καὶ
3215 5738 3318 5807 πρὸ
3342 5739 3450 5792 τῶν
3487 5740 3754 5811 ῥημάτων
3779 5743 3891 5796 αὺ-

2255 5916 2285 5988 ιξ
2490 5919 2666 5988 et_d_ug
2686 5933 2799 5988 mss_.
2823 5925 3158 5988 μεθημερινῶν.

2257 5980 2283 6045 (ξ
2307 5979 2458 6045 δεῖ-ἧι.
2486 5981 2692 6045 καὶ,ῦμῖν
2714 5984 2792 6030 καὶ
2816 5979 2942 6045 ἦμῖν.

2258 6039 2286 6078 ἀ
2311 6040 2410 6092 Alii
2432 6047 2483 6089 el
2506 6039 2656 6092 Savi'l.
2681 6039 3115 6105 προκαταϐάληται.
