4072 6384
443 396 510 451 91
922 428 925 433 .
1335 372 1428 427 AD
1467 366 1787 427 POPULUM
1831 363 2328 422 ANTIOCHENUM
2390 356 2625 417 HOMIL.
2665 359 2803 416 VIII.

446 503 616 556 rebant
668 514 688 554 :
738 497 1003 559 Sanctus,
1052 500 1292 557 sanctus,
1339 498 1545 545 sanctus
1597 486 1845 541 Dominus
1900 480 2035 535 Deus

446 590 881 661 Sabaoth:ptena
911 587 1075 642 omnis
1108 595 1242 640 terra
1269 583 1434 656 gloria
1467 583 1576 652 ejus
1609 579 1775 652 (Isai.
1810 578 1864 633 6.
1898 573 2034 641 1-5).

433 684 639 753 ,Vidisti
661 698 781 737 cum
804 688 1003 751 quanto
1035 679 1226 733 timore
1245 718 1263 743 ,
1286 685 1484 745 quanto
1509 673 1734 728 horrore
1762 669 2041 723 nominant

432 762 569 830 eum
599 773 955 845 gloriﬁcantes
985 780 1041 826 et
1082 768 1404 823 laudantes?
1425 768 1504 821 Tu
1544 780 1671 818 vero
1713 764 1763 817 in
1792 761 2042 832 precibus

452 866 663 936 quidem
695 875 748 921 et
772 862 1250 934 supplicationibus
1276 876 1395 916 cum
1422 860 1591 917 multo
1617 862 1834 917 invocas
1868 856 2043 926 ipsum

454 968 691 1027 torpore,
718 956 931 1027 quando
960 957 1275 1009 horrescere
1303 951 1605 1022 oportebat,
1633 956 1689 1004 et
1712 949 1963 1018 vigilare,
1993 953 2048 1001 et

455 1049 694 1105 sobrium
750 1063 871 1104 esse
900 1066 913 1101 :
948 1048 1001 1101 in
1033 1045 1263 1115 jurando
1310 1060 1440 1098 vero
1464 1086 1477 1108 ,
1510 1059 1630 1099 cum
1686 1058 1783 1098 nco
1829 1040 2049 1095 omnino

457 1140 724 1195 adducere
770 1139 1087 1194 admirabile
1133 1152 1327 1191 nomen
1378 1135 1697 1204 oportebat,
1729 1134 1873 1188 varia
1902 1148 2051 1202 quac-

3665 359 3736 416 98

2146 495 2250 533 non
2277 488 2481 533 tantum
2514 494 2611 533 nos
2630 521 2645 545 ,
2668 477 2764 535 sed
2789 486 2843 533 et
2868 492 2964 533 vos
2992 479 3137 548 ipsos
3158 519 3171 541 ,
3190 487 3245 533 et
3276 492 3395 533 cum
3424 477 3628 547 majore
3653 496 3739 533 Vn-

2144 570 2347 639 luptate
2366 570 2592 625 audietis
2618 587 2736 640 qua:
2764 570 3013 625 dicentur
3030 613 3045 637 ,
3071 579 3125 626 et
3148 586 3268 625 cum
3297 585 3426 640 pura
3456 573 3739 627 conscien-

2149 663 2219 717 tia
2252 663 2414 717 Deum
2440 663 2775 729 invocabitis,
2809 663 2897 733 qui
2925 672 3127 717 tantum
3154 661 3249 717 tibi
3280 662 3469 731 parcit,
3495 673 3551 717 ut
3576 664 3739 730 dicat,

2151 754 2333 824 Neque
2369 773 2457 826 per
2481 765 2633 826 caput
2659 765 2796 808 tuum
2812 755 3014 825 jurabis
3037 754 3250 827 (Matth.
3275 754 3329 809 5.
3361 753 3500 826 36);
3530 764 3585 808 tu
3614 770 3742 811 vero

2151 849 2230 903 sic
2258 849 2427 918 ipsum
2455 848 2757 902 contemnis
2777 890 2792 914 ,
2821 856 2876 901 ut
2911 857 2965 902 et
2993 861 3092 917 per
3125 846 3289 917 ipsius
3317 847 3542 918 gloriam
3569 848 3742 917 jures.

2152 940 2220 995 Et
2246 939 2369 1009 quid
2402 939 2590 994 faciam
2618 982 2632 1006 ,
2673 939 2876 1009 inquiet
2919 939 3109 1009 aliquis
3134 980 3148 1001 ,
3181 939 3439 994 adversus
3477 954 3571 995 eos
3595 982 3609 1006 ,
3657 941 3745 1011 qui

2152 1032 2528 1086 necessitatem
2595 1031 2893 1084 inducunt?
2953 1030 3176 1098 Qualem
3248 1031 3663 1094 necessitatem,
3718 1046 3750 1084 o

2156 1122 2364 1176 homo?
2399 1122 2615 1176 Discant
2656 1137 2844 1176 omnes
2888 1131 2940 1177 te
2985 1122 3164 1175 omnia
3209 1122 3367 1177 malle
3418 1123 3556 1192 pati,
3587 1138 3750 1192 quam

458 1233 581 1288 dam
607 1242 661 1289 et
686 1232 790 1287 alia
811 1246 973 1301 super
998 1231 1102 1284 alia
1126 1229 1404 1285 connectis
1428 1229 1751 1296 juramenta.
1788 1226 1856 1281 Et
1877 1224 2052 1294 qualis

458 1325 647 1391 venia,
675 1338 794 1394 quas
833 1338 963 1377 vero
1006 1320 1160 1376 nobis
1198 1322 1302 1376 erit
1342 1319 1651 1384 excusatio,
1694 1318 1822 1372 licet
1860 1315 2058 1370 millies

460 1414 903 1471 consuetudinem
955 1412 1271 1482 objiciamus
1303 1412 1327 1454 Ῥ
1381 1410 1585 1466 Dicitur
1638 1407 1780 1479 quod
1838 1406 2054 1477 quidam

464 1517 807 1562 externorum
838 1515 1110 1560 oratorum
1141 1501 1216 1574 (α)
1257 1518 1365 1571 prae
1391 1501 1617 1572 quadam
1646 1501 1809 1555 stulta
1832 1512 2060 1555 consue-

470 1599 651 1654 tudine
676 1598 953 1652 dexterum
982 1594 1162 1649 eundo
1212 1594 1491 1648 humerum
1530 1591 1746 1647 assidue
1776 1590 2054 1653 movebat,

466 1689 561 1744 sed
602 1700 780 1743 tamen
827 1685 1271 1743 consuetudinem
1319 1684 1484 1749 vicit,
1535 1692 1589 1739 et
1630 1682 1838 1753 gladios
1877 1690 2063 1736 acutos

465 1781 737 1850 utrimque
760 1779 997 1834 humeris
1026 1777 1298 1847 imposuit,
1332 1786 1389 1831 ut
1412 1776 1646 1831 vulneris
1673 1776 1866 1829 timore
1894 1789 2065 1828 mem-

467 1874 624 1928 brum
646 1873 825 1941 inepte
853 1886 914 1926 se
947 1884 1168 1924 movens
1206 1869 1535 1938 corrigeret:
1569 1866 1673 1921 hoc
1698 1875 1751 1920 et
1781 1874 1835 1919 tu
1875 1866 2066 1934 lingua:

468 1962 661 2028 facias,
697 1970 752 2018 et
782 1961 881 2033 ipsi
913 1976 1011 2031 pro
1035 1960 1211 2031 gladio
1245 1960 1439 2014 divina:
1481 1973 1654 2028 paenae
1694 1959 1939 2012 timorem
1970 1957 2071 2011 im-

472 2070 646 2126 pone,
677 2064 732 2111 et
775 2054 995 2109 omnino
1041 2054 1336 2123 superabis.
1373 2052 1705 2122 Impossibile
1748 2052 1928 2115 enim,
1966 2050 2069 2104 im-

386 2208 397 2217 ,
476 2149 766 2219 possibile,
812 2148 1028 2218 inquam
1055 2188 1069 2212 ,
1110 2157 1193 2202 est
1242 2145 1562 2201 meditantes
1590 2154 1646 2200 et
1690 2144 1967 2199 studentes
2018 2153 2073 2198 et

476 2256 611 2310 opus
655 2241 757 2295 hoc
807 2240 1063 2295 facientes
1110 2254 1362 2308 umquam
1417 2236 1682 2307 superari.
1726 2237 1876 2291 Dicta
1930 2250 2073 2290 nunc

480 2332 706 2388 laudatis
726 2372 741 2397 ,
773 2331 869 2389 sed
899 2346 1021 2387 cum
1051 2330 1280 2385 correcti
1298 2322 1536 2395 fueritis,
1562 2328 1731 2399 magis
1759 2327 2080 2397 laudabitis,

547 2515 618 2577 (α)
652 2512 1029 2563 Demosthenes.

2159 1213 2254 1268 Dei
2276 1214 2443 1283 legem
2462 1212 2782 1281 transgredi,
2800 1222 2855 1268 et
2880 1213 2946 1267 ab
2972 1212 3243 1268 inferenda
3272 1213 3591 1269 necessitate
3612 1213 3755 1268 desi-

2160 1314 2321 1359 stent.
2352 1304 2503 1371 Quod
2523 1306 2664 1359 enim
2696 1320 2801 1359 non
2828 1306 3189 1372 juramentum
3216 1305 3320 1361 fide
3339 1305 3555 1375 dignum
3578 1305 3757 1359 horni-

2163 1412 2284 1451 nem
2316 1397 2500 1462 faciat,
2528 1396 2623 1451 sed
2669 1397 2791 1450 vita:
2824 1398 3216 1464 testimonium,
3249 1406 3304 1452 et
3333 1398 3758 1453 conversationis

2164 1489 2439 1556 integritas
2459 1529 2474 1553 ,
2500 1497 2555 1542 et
2582 1504 2735 1543 mens
2766 1488 2900 1542 bona
2922 1530 2937 1555 ,
2967 1505 3111 1559 smpe
3140 1490 3289 1543 multi
3314 1489 3555 1560 iurantes
3582 1490 3760 1544 dism-

2167 1580 2241 1647 pti
2288 1590 2409 1633 sunt
2434 1621 2449 1646 ,
2478 1587 2534 1634 et
2573 1595 2681 1634 non
2728 1588 3139 1647 persuaserunt;
3170 1582 3259 1635 alii
3301 1597 3433 1637 vero
3462 1591 3760 1637 annuentes

2168 1681 2406 1735 tantum,
2453 1673 2621 1726 multo
2662 1672 2855 1742 juratis
2904 1672 3009 1728 ﬁde
3056 1674 3325 1744 digniores
3377 1682 3764 1744 apparuerunt.

2170 1764 2298 1819 “me
2329 1765 2486 1834 igitur
2531 1766 2708 1821 omnia
2754 1767 3017 1831 scientes,
3046 1775 3100 1820 et
3130 1781 3340 1836 ptenam
3379 1766 3684 1836 jurantibus
3711 1775 3767 1821 et

2174 1857 2533 1926 pejernntibus
2584 1867 2836 1912 statutam
2891 1868 3015 1913 ante
3065 1860 3251 1914 oculos
3302 1871 3610 1929 ponentes,
3659 1860 3766 1913 im-

2176 1949 2341 2017 proba
2370 1950 2759 2004 consuetudine
2780 1949 3121 2013 absistamus,
3146 1958 3203 2004 ut
3232 1950 3358 2004 hinc
3386 1960 3441 2005 et
3468 1950 3532 2004 ad
3566 1950 3769 2019 reliqua

2174 2039 2486 2109 gradientes
2514 2041 2726 2095 virtutis
2755 2057 2941 2112 opera,
2968 2057 3362 2112 consequamur
3383 2042 3521 2097 bona
3553 2042 3729 2096 futura
3754 2060 3769 2096 :

2177 2146 2298 2199 qua:
2327 2146 2425 2185 nos
2456 2146 2644 2187 omnes
2678 2134 2887 2202 assequi
2926 2133 3116 2201 detur,
3143 2134 3313 2205 gratia
3349 2144 3405 2189 et
3447 2133 3772 2203 benignitate

2178 2222 2387 2277 Domini
2428 2225 2594 2278 nostri
2630 2224 2756 2279 Jesu
2796 2224 3031 2290 Christi,
3060 2241 3157 2295 per
3195 2242 3354 2297 quem
3400 2235 3455 2282 et
3498 2241 3621 2280 cum
3664 2242 3773 2296 quo

2182 2312 2326 2369 Patri
2369 2331 2473 2370 una
2517 2332 2637 2370 cum
2694 2315 2899 2386 Spiritu
2951 2330 3137 2373 sancto
3186 2317 3393 2388 gloria,
3446 2318 3729 2388 imperium
3759 2358 3775 2383 ,

2181 2405 2559 2472 honor,nunc
2600 2417 2655 2463 et
2703 2424 2948 2479 semper,
2979 2420 3033 2465 et
3081 2411 3134 2465 in
3188 2411 3383 2465 saecula
3435 2412 3775 2466 saeculorum.

2184 2502 2375 2554 Amen.

488 2714 574 2757 AD
612 2712 941 2758 VIRTUTEM
986 2705 1422 2759 EXBORTATIO,
1454 2704 1535 2747 ΕΤ
1576 2703 1643 2747 ΙΝ
1686 2702 1876 2746 ILLUD
1917 2701 2198 2757 GENESIS,
2224 2704 2693 2748 DEAMBULABAT
2735 2705 2895 2748 DECS
2939 2705 3005 2749 IN
3052 2706 3324 2749 HERIDIE
3369 2707 3432 2751 IN
3478 2708 3788 2753 PARADISO

1381 2764 1562 2846 (Gen.
1608 2764 1669 2825 3.
1713 2764 1804 2840 8),
1856 2783 1938 2826 ET
1980 2782 2064 2825 DE
2109 2783 2449 2827 FUGIENDIS
2480 2784 2898 2829 JURAMENTIS.

1113 3055 1335 3096 IIOIILIA
1372 3054 1485 3094 VIII.

568 3183 618 3238 ι.
650 3179 888 3236 Audistis
916 3192 1110 3248 nuper,
1142 3173 1414 3246 quomodo
1440 3171 1615 3227 omnis
1641 3168 1918 3240 Scriptura
1956 3183 2089 3223 con-

497 3274 813 3329 solationem
858 3270 1045 3325 afferat
1073 3278 1127 3323 et
1155 3266 1526 3337 refrigerium,
1572 3263 1699 3318 licet
1727 3259 1981 3317 historica
2026 3260 2096 3315 sit

500 3366 753 3421 narratio.
787 3362 994 3417 Etenim
1022 3358 1152 3415 illud
1178 3382 1190 3417 :
1216 3357 1283 3411 In
1310 3356 1563 3429 principio
1600 3354 1718 3424 fecit
1745 3352 1884 3406 Deus
1917 3350 2098 3405 caelum

500 3468 547 3512 ei
590 3469 776 3511 terram
820 3452 989 3525 (Gen.
1021 3453 1075 3509 L
1104 3450 1202 3522 1),
1242 3447 1481 3505 historia:
1518 3446 1782 3516 expositio
1823 3452 1975 3499 erat:
2004 3443 2097 3498 sed

505 3546 896 3603 demonstravit
938 3544 1111 3599 oratio
1159 3553 1213 3596 et
1261 3540 1426 3595 multa
1473 3538 1684 3609 plenam
1733 3534 2101 3591 consolatione

503 3640 790 3695 dictionem
820 3653 940 3694 esse
974 3654 987 3691 :
1019 3635 1177 3706 quale
1204 3643 1305 3701 est,
1334 3630 1474 3702 quod
1498 3630 1761 3700 duplicem
1788 3628 1926 3683 Deus
1948 3642 2102 3680 men-

506 3749 620 3787 sam
648 3731 866 3795 fecerit,
898 3739 1099 3786 terram
1126 3738 1181 3782 et
1213 3740 1362 3780 mare
1390 3723 1547 3779 simul
1578 3736 1783 3793 ponens
1812 3737 1826 3773 :
1859 3728 1914 3774 et
1940 3718 2100 3773 lumi-

510 3825 655 3879 naria
682 3824 916 3894 gcmina,
950 3821 1119 3876 solem
1146 3827 1201 3874 et
1220 3818 1400 3871 lunam
1432 3828 1663 3885 superne
1690 3810 1988 3866 accendens
2015 3826 2029 3863 :
2052 3816 2106 3862 et

511 3917 738 3988 duplicis
776 3930 965 3971 cursus
1004 3923 1250 3983 tempus,
1283 3907 1426 3964 diem
1475 3915 1529 3961 et
1573 3911 1784 3958 noctem
1816 3909 2104 3971 operatus:

517 4010 663 4063 illum
689 4008 902 4078 quidem
936 4006 989 4059 in
1019 4003 1415 4074 operationem,
1452 3998 1588 4052 hanc
1615 3998 1666 4049 in
1693 3994 1950 4065 requiem.

587 4102 769 4155 Noctis
814 4098 1118 4153 utilitas.—
1145 4095 1262 4150 Non
1305 4093 1446 4149 enim
1497 4090 1672 4146 minus
1716 4085 2110 4149 ministerium,

515 4211 673 4265 quam
705 4194 820 4250 dies
851 4192 1006 4247 nobis
1046 4206 1149 4245 nox
1190 4188 1376 4253 all'ert;
1421 4184 1516 4241 sed
1562 4182 1699 4238 sicut
1740 4181 1793 4236 in
1837 4178 2115 4234 arboribus

518 4288 625 4344 dixi
647 4329 663 4352 ,
692 4286 833 4358 quod
862 4285 1147 4341 fructuosis
1182 4282 1529 4337 infructuosae
1566 4276 1811 4332 aemulam
1844 4273 2117 4344 prazbeant

521 4381 825 4447 utilitatem,
858 4378 1113 4432 facientes
1142 4391 1210 4431 ne
1234 4387 1489 4444 cogamur
1513 4369 1581 4424 ad
1612 4368 1833 4423 mdiﬁcia
1855 4364 2117 4421 domesti-

524 4487 615 4528 cas
644 4470 865 4524 arbores
885 4469 1145 4537 attingere
1169 4483 1184 4521 :
1205 4476 1259 4521 et
1278 4460 1655 4519 mansuefactis
1673 4457 1992 4514 animalibus
2012 4471 2118 4511 non

524 4569 787 4621 minorem
817 4563 972 4618 nobis
1001 4563 1285 4617 utilitatem
1327 4557 1607 4631 sylvestria
1642 4564 1697 4611 et
1738 4553 1959 4609 immitia
1986 4551 2121 4606 aﬂe-

524 4665 673 4721 runt,
704 4670 825 4726 quae
854 4654 1047 4709 timore
1075 4652 1157 4707 sui
1186 4666 1285 4707 nos
1312 4651 1364 4704 in
1392 4650 1554 4704 urbes
1583 4646 1944 4716 compellunt,
1990 4642 2122 4700 red-

525 4749 661 4802 dunt
701 4745 1007 4809 cautiores,
1052 4752 1106 4798 et
1152 4758 1250 4798 nos
1295 4750 1481 4796 mutuo
1528 4738 1934 4809 constringunt,
1964 4744 2124 4804 atque

528 4840 722 4895 horum
748 4838 963 4909 quidem
988 4844 1243 4891 exercent
1273 4837 1549 4894 virtutem,
1580 4832 1792 4886 illorum
1821 4843 1948 4884 vero
1974 4842 2122 4882 mor-

532 4934 632 4988 bos
663 4934 917 4998 solvunt;
960 4930 1126 4986 multa
1156 4930 1298 4985 enim
1326 4945 1395 4984 ex
1424 4929 1487 4982 iis
1519 4926 1903 4981 medicamenta
1933 4923 2127 4978 medici

532 5024 856 5090 conﬁciunt;
900 5023 1106 5094 antiqui
1165 5023 1291 5077 item
1349 5034 1451 5074 nos
1499 5018 1706 5090 peccati
1760 5024 2124 5071 commonent.

535 5117 667 5171 Cum
695 5116 838 5171 enim
865 5114 1089 5169 audiero
1110 5156 1124 5178 ,
1158 5112 1329 5167 Timor
1358 5120 1517 5169 uester
1554 5108 1647 5163 erit
1673 5123 1825 5177 super
1851 5123 2021 5161 omnes
2046 5105 2133 5159 be-

538 5209 658 5262 stias
689 5218 836 5261 terra
852 5204 1009 5279 (Gen.
1032 5206 1085 5261 9.
1106 5204 1186 5277 2),
1212 5214 1265 5258 et
1293 5211 1474 5273 postea
1499 5201 1755 5255 honorem
1785 5199 1925 5253 hunc
1950 5197 2132 5252 subla-

542 5310 649 5353 tum
697 5298 924 5364 videro,
966 5297 1168 5367 peccati
1220 5293 1559 5360 reminiscar,
1603 5290 1745 5362 quod
1788 5298 1842 5343 et
1884 5290 2131 5343 timorem

545 5390 713 5444 nostri
742 5388 1007 5449 dissolvit,
1035 5396 1091 5442 et
1118 5386 1473 5457 principatum
1517 5378 1823 5446 imminuit,
1851 5390 1905 5434 et
1934 5379 2135 5433 eiliciar

543 5479 732 5535 melior
756 5487 812 5535 et
835 5478 1168 5549 prudentior,
1198 5474 1453 5531 damnum
1475 5489 1542 5529 ex
1572 5480 1793 5543 peccato
1822 5471 1978 5525 nobis
2008 5470 2130 5525 illa-

546 5579 657 5624 tum
684 5567 1093 5638 contemplatus.
1135 5566 1287 5622 Sicut
1327 5566 1489 5637 igitur
1511 5603 1528 5629 ,
1556 5561 1697 5632 quod
1725 5569 1781 5616 et
1807 5569 1961 5615 antea
1991 5560 2101 5614 dixi
2122 5600 2138 5627 ,

547 5660 613 5715 ad
640 5662 802 5715 vitam
833 5658 986 5714 nobis
1011 5658 1193 5714 omnia
1217 5655 1503 5713 conferunt
1525 5655 1641 5709 btec
1668 5668 1789 5724 quae
1815 5652 1958 5707 dicta
1979 5659 2137 5720 sunt,

552 5763 606 5807 et
634 5753 738 5808 alia
768 5753 850 5808 his
878 5753 1061 5823 plura,
1083 5765 1202 5822 quae
1231 5749 1321 5820 qui
1346 5747 1472 5804 fecit
1498 5746 1641 5801 Deus
1664 5786 1680 5811 ,
1713 5746 1828 5814 ipse
1852 5744 1997 5798 novit
2026 5762 2038 5797 :
2069 5745 2142 5799 ita

554 5844 767 5915 quidem
815 5852 873 5900 et
918 5859 1026 5901 nox
1077 5856 1184 5899 non
1228 5841 1524 5907 minorem,
1566 5850 1723 5908 quam
1772 5832 1887 5890 dies
1916 5874 1934 5902 ,
1989 5849 2145 5890 usum

2199 3032 2371 3101 affert,
2400 3050 2522 3088 cum
2552 3034 2793 3089 laborum
2824 3036 2893 3090 sit
2922 3038 3154 3106 requies,
3188 3048 3241 3093 et
3272 3038 3580 3093 morborum
3619 3038 3790 3093 media

2195 3124 2336 3179 cina.
2380 3125 2536 3193 Smpe
2577 3126 2720 3180 enim
2768 3127 2958 3182 medici
2999 3129 3164 3183 multa
3208 3130 3433 3198 operati,
3480 3140 3536 3185 et
3577 3130 3786 3186 infinita

2199 3217 2552 3274 medicamina
2581 3217 2772 3283 moliti,
2801 3233 2832 3272 a
2859 3219 3047 3273 morbo
3074 3235 3274 3289 azgrum
3304 3220 3530 3275 liberare
3565 3237 3670 3276 non
3698 3238 3793 3291 po-

2203 3321 2455 3376 tuerunt;
2503 3327 2723 3367 somnus
2765 3321 2943 3367 autem
2994 3324 3187 3382 sponte
3237 3314 3548 3381 adveniens,
3580 3330 3799 3371 omnem

2202 3405 2362 3460 solvit
2386 3404 2754 3476 aegritudinem
2775 3447 2790 3472 ,
2823 3413 2879 3461 et
2916 3405 3139 3460 inlinitis
3166 3405 3271 3461 illis
3301 3405 3569 3461 laboribus
3599 3406 3796 3461 libera-

2204 3500 2275 3552 vit
2301 3516 2315 3553 :
2347 3514 2445 3553 nec
2470 3498 2670 3553 morbis
2710 3508 2912 3553 tantum
2944 3500 3184 3568 corporis
3206 3540 3221 3566 ,
3255 3499 3346 3553 sed
3375 3509 3428 3555 et
3456 3501 3646 3553 anima:
3686 3516 3797 3554 nox

2206 3600 2290 3645 est
2319 3590 2604 3657 medicina,
2629 3590 2872 3646 dolentes
2893 3592 3100 3645 animas
3125 3592 3337 3647 sedans.
3361 3591 3515 3662 Saepe
3535 3593 3801 3663 quispiam

2210 3693 2489 3756 postquam
2518 3684 2681 3739 ﬁlium
2709 3686 2919 3751 amisit,
2953 3687 3248 3741 innumeris
3289 3686 3364 3741 illi
3409 3686 3802 3741 consolationes

2213 3776 2571 3842 alferentibus,
2605 3793 2634 3831 a
2662 3776 2873 3832 fletibus
2896 3787 2950 3833 et
2968 3778 3166 3849 gemitu
3188 3779 3444 3833 desistere
3468 3794 3575 3834 non
3603 3779 3805 3844 valuit;

2216 3876 2373 3923 nocte
2399 3883 2526 3923 vero
2549 3870 2984 3938 superveniente,
3014 3869 3186 3924 somni
3209 3870 3370 3924 cessit
3396 3869 3622 3939 imperio
3643 3886 3805 3940 supe-

2217 3971 2365 4017 ratus
2388 4005 2402 4027 ,
2434 3962 2716 4032 palpebras
2741 3962 2807 4016 ad
2844 3964 3089 4016 somnum
3121 3963 3448 4031 composuit,
3481 3971 3536 4017 et
3564 3966 3806 4034 exiguam

2218 4053 2518 4123 quampiam
2546 4053 2860 4107 diurnorum
2890 4052 3033 4122 cepit
3074 4052 3334 4107 malorum
3365 4053 3805 4108 consolationem.

2220 4146 2333 4214 Age
2354 4160 2482 4198 vero
2503 4143 2611 4214 jam
2638 4144 2704 4198 ad
2729 4144 3006 4198 materiam
3032 4159 3216 4199 eamus
3243 4144 3383 4198 unde
3407 4145 3666 4213 processit
3693 4159 3817 4198 ora-

2224 4239 2314 4293 tio.
2341 4238 2473 4293 Nam
2496 4237 2661 4307 probe
2683 4237 2805 4291 novi
2827 4251 2922 4292 vos
2948 4236 3072 4292 huic
3098 4253 3284 4292 omnes
3304 4237 3529 4302 inhiare,
3554 4248 3609 4292 et
3628 4254 3817 4306 quem-

2226 4350 2332 4405 que
2378 4334 2591 4388 discere
2636 4343 2890 4402 exoptare
2940 4347 3043 4400 qua
3086 4330 3154 4385 de
3199 4346 3360 4386 causa
3403 4346 3509 4385 non
3554 4330 3624 4385 ab
3668 4330 3827 4384 initio

2226 4428 2402 4481 editus
2428 4426 2497 4479 sit
2526 4425 2611 4479 hic
2636 4424 2772 4480 liber
2802 4442 2814 4477 :
2845 4423 2941 4479 sed
2970 4438 3145 4494 neque
3169 4438 3312 4477 nunc
3339 4422 3687 4492 expositionis
3714 4421 3823 4475 hu-

2221 4522 2310 4593 jus
2352 4536 2473 4575 esse
2520 4528 2729 4590 tempus
2770 4519 2946 4573 video.
2977 4518 3114 4586 Quid
3156 4518 3227 4573 ita
3272 4516 3633 4572 tandem?Ad
3661 4517 3827 4570 tinem

2229 4615 2386 4670 nobis
2415 4613 2531 4669 haec
2558 4612 2771 4667 devenit
2800 4611 3125 4675 liebdemas,
3157 4619 3212 4665 et
3252 4609 3530 4663 materiam
3562 4608 3833 4678 attingere-

2233 4720 2451 4774 metuo,
2491 4706 2687 4763 deinde
2734 4706 2909 4760 statim
2965 4703 3356 4775 expositionem
3406 4703 3822 4773 intercepturus.

2232 4802 2410 4856 Multis
2458 4801 2601 4855 enim
2649 4798 2838 4855 diebus
2882 4813 3015 4867 opus
3066 4795 3227 4852 habet
3267 4795 3369 4849 hoc
3415 4804 3784 4866 argumentum
3816 4836 3831 4859 ,

2234 4895 2456 4965 ejusque
2503 4892 2705 4947 mentio
2755 4892 3062 4961 frequenter
3114 4888 3354 4943 habenda
3402 4907 3415 4944 :
3453 4888 3574 4942 ideo
3613 4902 3837 4941 rursum.

2234 4988 2407 5056 ipsum
2451 4984 2778 5039 dilferamus.
2806 4982 2911 5037 Sed
2940 4997 3009 5036 ne
3033 4996 3175 5051 aegre
3213 4980 3394 5034 feratis
3414 5021 3429 5046 ,
3461 4994 3584 5033 cum
3623 4977 3835 5033 foenore

2234 5077 2389 5134 vobis
2415 5076 2633 5130 omnino
2662 5074 2897 5131 debitum
2926 5074 3211 5129 reddemus
3236 5090 3248 5126 :
3278 5072 3355 5127 sic
3383 5071 3526 5126 enim
3557 5080 3609 5125 et
3638 5070 3795 5125 nobis
3818 5072 3833 5102 ¹

2237 5171 2326 5241 qui
2370 5170 2723 5240 persolvimus
2748 5167 3000 5238 expedit:
3030 5180 3172 5220 nunc
3222 5177 3399 5220 autem
3440 5164 3653 5218 interim
3684 5163 3832 5216 dice-

2242 5278 2362 5317 mus
2387 5261 2528 5330 quod
2549 5261 2661 5315 heri
2686 5260 2930 5314 relictum
2957 5258 3073 5313 fuit.
3093 5257 3228 5325 Quid
3249 5265 3425 5311 autem
3451 5256 3562 5310 heri
3589 5254 3834 5309 relictum

2240 5353 2377 5409 fuit?
2410 5351 2795 5415 Deambulabat,
2828 5350 3017 5420 inquit,
3050 5348 3186 5403 Deus
3214 5350 3266 5402 in
3292 5348 3530 5420 paradiso
3551 5345 3606 5399 in
3629 5346 3837 5400 meridie

2246 5444 2398 5516 (Gen.
2424 5446 2477 5499 5.
2509 5444 2585 5514 8).
2611 5442 2746 5511 Quid
2775 5441 2875 5506 ais,
2906 5438 3279 5494 Deambulabat
3307 5437 3484 5493 Dens?
3503 5436 3620 5493 Non
3653 5436 3837 5492 deam-

2243 5537 2459 5593 bulabat
2487 5553 2501 5591 :
2533 5533 2803 5607 quomodo
2850 5533 2995 5589 enim
3044 5531 3240 5601 ubique
3289 5544 3527 5601 praesens
3564 5537 3619 5584 et
3660 5531 3843 5583 omnia

2244 5632 2505 5703 implens?
2538 5632 2633 5687 sed
2675 5633 2729 5686 in
2772 5632 2942 5687 Adam
2980 5630 3143 5684 talem
3166 5642 3383 5683 sensum
3412 5627 3619 5697 posuit,
3657 5635 3713 5679 ut
3750 5639 3838 5679 se-

2248 5727 2421 5797 ipsum
2448 5725 2773 5795 corriperet,
2806 5739 2872 5778 ne
2898 5721 3191 5778 dissolutus
3215 5728 3391 5785 esset,
3424 5728 3482 5774 ut
3508 5716 3759 5789 fugiendo
3786 5723 3841 5771 et

2317 5846 2331 5875 ¹
2372 5849 2419 5890 tn
2444 5848 2547 5891 Sav.
2576 5839 2676 5902 leg.
2707 5854 2719 5889 :
2749 5843 2804 5891 Et
2820 5836 2950 5890 vobis
2974 5843 3018 5887 et
3041 5833 3190 5886 nobis.
