4072 6384
375 337 444 394 99
1081 344 1136 400 S.
1176 344 1454 404 JOANNIS
1490 348 1963 411 CHRYSOSTOMI
2002 358 2318 421 ARCHIEP.
2361 366 2894 438 CONSTAN'I’INOP.

373 455 584 510 latendo
611 456 841 526 aliquam
864 460 1221 516 excusationis
1247 473 1450 532 partem
1477 467 1848 534 praetenderet,
1874 472 1954 525 vel

369 555 494 600 ante
541 547 651 617 ipsa
694 547 875 603 verba.
919 549 1067 605 Sicut
1112 553 1199 622 qui
1251 559 1302 608 in
1351 554 1608 625 judicium
1662 559 1959 616 adducendi

367 647 511 702 sunt,
542 641 948 696 commissorum
982 658 1166 712 ptenas
1187 645 1430 712 subituri,
1462 650 1712 718 squalidi,
1736 653 1959 708 sorden-

369 738 481 794 tes,
523 731 703 784 tristes
724 771 738 795 ,
766 733 1056 804 contempti
1079 734 1442 802 judicantibus
1482 751 1767 810 apparent,
1803 754 1858 796 ut
1883 760 1950 798 ex

367 819 544 874 habitu
572 821 716 891 ipsos
744 823 810 876 ad
843 822 1226 880 humanitatem
1265 836 1319 882 ct
1343 830 1552 883 veniam
1577 840 1632 886 et
1653 833 1954 889 misericor-

361 910 502 964 diam
536 912 750 968 trahant
777 932 790 970 :
821 915 898 970 sic
922 923 980 970 et
1003 916 1056 970 in
1089 917 1257 972 Adam
1299 919 1496 975 factum
1525 932 1630 977 est.
1661 925 1954 994 Oportebat

361 1004 502 1058 enim
549 1005 835 1061 demissum
884 1009 935 1063 in
979 1009 1239 1076 judicium
1292 1012 1392 1069 hoc
1442 1015 1619 1081 trahi;
1675 1029 1951 1085 propterea

365 1097 625 1164 praevenit
667 1098 838 1167 ipsum
872 1101 1008 1155 Deus
1029 1143 1044 1166 ,
1073 1111 1128 1156 et
1155 1104 1426 1174 corripuit.
1463 1107 1564 1162 Sed
1593 1108 1730 1178 quod
1762 1109 1951 1180 aliquis

362 1189 727 1246 deambularet
771 1195 976 1248 sensit:
1008 1195 1149 1250 unde
1175 1212 1303 1252 vero
1342 1200 1591 1268 cogitavit
1628 1203 1768 1271 quod
1811 1205 1950 1260 Deus

358 1283 760 1338 deambularet?
783 1284 927 1340 Talis
957 1296 1041 1341 est
1068 1291 1402 1358 peccantium
1433 1295 1800 1349 consuetudo:
1833 1312 1948 1350 om-

3558 410 3653 468 100

2065 494 2184 548 gem
2198 480 2300 539 sibi
2314 496 2534 543 cernere
2549 493 2977 572 videbatur.Q‘u:e
2995 509 3135 566 enim
3152 517 3431 578 exterioris
3442 527 3655 595 opuleno

2067 576 2151 630 tia:
2170 579 2185 610 ί
2216 581 2434 650 utilitas,
2453 602 2573 643 cum
2599 590 2738 648 intus
2759 605 2840 650 est
2866 607 3008 654 tanta
3031 609 3347 674 pauperies?
3379 576 3504 684 qua;
3527 635 3652 674 vero

2065 675 2390 738 paupertatis
2421 693 2555 733 noxa
2579 721 2596 745 ,
2625 697 2744 738 cum
2788 687 2929 743 intus
2965 702 3124 750 tantae
3150 704 3399 769 repositae
3423 720 3546 763 sunt
3573 711 3649 766 di-

2063 761 2201 816 vitize
2222 763 2409 822 ‘t'Talis
2432 782 2547 826 erat
2572 774 2657 828 leo
2679 785 2731 830 et
2749 778 2936 835 beatus
2955 778 3152 842 Paulus
3176 807 3190 842 :
3213 807 3482 852 carcerem
3506 804 3648 859 enim

2061 850 2330 921 ingressus
2350 899 2363 922 ,
2382 860 2501 914 solo
2521 863 2756 922 clamore
2775 872 2953 928 omnia
2981 874 3321 938 fundamenta
3345 895 3643 963 concussit,

2056 940 2268 998 vincula
2299 949 2430 1004 rosit
2461 950 2483 1020 (-
2504 952 2617 1008 Art.
2649 957 2738 1012 16.
2766 960 2837 1017 26
2861 961 2905 1033 ),
2931 980 3037 1021 non
3077 968 3358 1040 dentibus,
3393 940 3642 1039 sit}:

2055 1031 2137 1088 his
2161 1052 2174 1088 :
2201 1049 2492 1108 propterea
2511 1061 2614 1100 non
2643 1048 2824 1106 leones
2853 1055 3002 1112 insos
3033 1068 3237 1118 tantum
3259 1108 3273 1131 ,
3309 1070 3640 1129 sed‘et‘aliud

2053 1126 2178 1192 quid
2207 1127 2450 1188 leonibus
2481 1138 2651 1207 majus
2691 1154 2902 1211 oportet
2940 1153 3230 1219 appellare.
3262 1126 3377 1214 'Leo
3408 1165 3548 1220 enim
3588 1171 3638 1222 in

2053 1217 2183 1273 retia
2209 1227 2548 1296 smpelapsus
2564 1235 2772 1302 capitur
2793 1279 2808 1303 ,
2841 1245 3012 1297 sancti

3324 1305 3327 1306 ν
3369 1305 3582 1326 --ο-..-ω
3617 1305 3633 1327 ,

2051 1305 2174 1364 hinc
2203 1309 2454 1372 fortiores
2495 1320 2668 1377 ﬁunt:
2705 1327 2842 1384 sicut
2876 1343 2930 1387 et
2974 1335 3059 1392 hic
3100 1339 3285 1397 beatus
3327 1346 3378 1401 in
3421 1365 3635 1410 carecre

353 1375 712 1443 niasuSpecta
742 1375 956 1442 habent,
992 1381 1209 1434 umbras
1235 1389 1486 1443 tremunt,
1509 1399 1721 1438 onmem
1750 1387 1944 1455 strepi-

325 1481 464 1518 -:um
495 1468 702 1531 timent,
728 1483 993 1537 quemque
1021 1479 1205 1538 putant
1231 1481 1415 1526 contra
1447 1489 1505 1528 se
1526 1476 1729 1530 venire.
1752 1477 1943 1534 Multos

355 1557 513 1626 igitur
535 1572 676 1627 saape
697 1561 984 1628 cormpicati
1007 1563 1071 1615 ad
1098 1564 1236 1618 aliud
1264 1566 1614 1621 ministerium
1643 1582 1936 1638 currentes,

353 1649 418 1702 ad
446 1664 504 1702 se
533 1650 717 1703 venire
746 1653 1113 1720 cogitaverunt
1139 1667 1445 1724 peccatores
1473 1677 1486 1712 :
1518 1669 1572 1713 et
1592 1661 1709 1715 aliis
1729 1663 1833 1717 alia
1860 1664 1941 1718 in-

350 1751 431 1794 ter
453 1755 513 1794 se
538 1741 949 1809 disserentibus,
983 1747 1187 1814 peccati
1216 1748 1318 1803 sibi
1347 1750 1477 1820 ipsis
1507 1754 1709 1810 conscii
1751 1764 1938 1826 putant

346 1831 465 1885 illos
493 1830 560 1886 de
583 1846 642 1899 se
664 1835 1034 1902 sermocinari.

408 1915 462 1968 2.
506 1916 651 1970 Talis
675 1921 816 1975 enim
845 1937 933 1976 res
960 1935 1234 1993 peccatum
1263 1938 1383 1996 est,
1430 1934 1581 1990 nullo
1620 1944 1797 2005 prodit
1839 1955 1933 1994 ar-

339 2013 532 2071 gnente
558 2048 572 2071 ,
602 2009 748 2064 nullo
775 2012 1106 2071 condemnat
1139 2030 1424 2076 accusante
1449 2063 1464 2088 ,
1507 2026 1756 2092 pavidum
1809 2029 1936 2086 facit

339 2106 394 2150 et
442 2098 684 2154 timidum
728 2116 1062 2172 peccatorem
1090 2150 1106 2176 ,
1152 2110 1292 2166 sicut
1331 2114 1537 2182 justitia
1584 2123 1931 2178 contrarium.

339 2190 476 2244 Audi
509 2191 668 2262 igitur
694 2198 964 2265 quomodo
993 2209 1046 2254 et
1077 2200 1233 2272 hujus
1261 2220 1512 2274 pavorem
1541 2251 1554 2270 ,
1597 2221 1650 2264 et
1688 2213 1831 2267 illius
1869 2216 1936 2269 li-

335 2272 598 2328 bertatcnt
635 2281 915 2348 Scriptura
939 2272 1275 2359 designaviti
1300 2293 1462 2366 Fugit
1486 2299 1681 2369 impius
1717 2305 1930 2359 nemine

329 2377 667 2441 persequente
704 2369 890 2439 (l’rov.
930 2376 1020 2433 28.
1055 2381 1132 2449 1),
1171 2383 1369 2454 inquit.
1413 2387 1700 2453 Quomodo
1736 2412 1923 2464 perse-

328 2465 524 2522 quente
552 2461 764 2517 nemine
795 2463 926 2536 fugit
950 2471 973 2520 2’
1013 2469 1158 2526 littus
1186 2473 1342 2530 habet
1371 2491 1616 2548 agentem
1647 2490 1927 2544 conscien-

329 2544 416 2598 tize
467 2560 834 2608 accusatorem
861 2597 875 2623 ,
927 2567 981 2612 et
1029 2559 1172 2617 hunc
1218 2566 1412 2638 ubique
1455 2572 1763 2632 circumfert
1807 2599 1821 2635 :
1869 2593 1924 2637 et

326 2635 464 2690 sicut
492 2639 726 2710 seipsnm
758 2661 862 2700 non
892 2659 1068 2718 potest
1093 2655 1277 2724 fugere
1303 2696 1319 2721 ,
1342 2661 1420 2715 sic
1452 2679 1548 2718 nec
1575 2681 1696 2722 eum
1724 2672 1812 2738 qui
1842 2672 1922 2726 in-

327 2735 410 2780 tus
438 2728 608 2798 ipsum
641 2735 843 2803 agitat;
878 2741 970 2795 sed
999 2759 1335 2818 quocumque
1360 2753 1514 2810 abeat
1541 2798 1556 2821 ,
1589 2728 1915 2832 ﬂagellatur,

324 2826 380 2872 et
407 2821 597 2876 vulnus
630 2825 789 2882 habet
829 2829 1238 2893 immedicabile.
1287 2843 1356 2895 At
1396 2860 1500 2900 non
1547 2821 1914 2922 talisvjustus;

323 2909 417 2964 sed
444 2914 614 2982 qualis
640 2957 655 2982 ,
688 2920 809 2973 audi
844 2939 857 2976 :
886 2921 1070 2980 Justus
1099 2937 1356 2999 tamquam
1384 2935 1490 2998 leo,
1522 2940 1685 3011 inquit
1713 2987 1727 3010 ,
1755 2950 1916 3017 con/i-

327 3004 402 3057 dit
428 3004 603 3076 (Ibid.
641 3015 674 3074 ›.
708 3011 852 3069 Talis
877 3029 992 3072 erat
1022 3020 1200 3076 llelias
1230 3043 1244 3080 ε
1282 3026 1414 3082 vidit
1453 3004 1612 3100 igitur
1642 3004 1818 3107 regem
1846 3004 1914 3097 Ad

319 3111 378 3149 se
408 3100 710 3156 venientem
745 3121 758 3159 :
787 3116 841 3161 et
867 3107 1079 3168 dicente
1109 3114 1200 3170 illo
1226 3158 1241 3181 ,
1276 3117 1344 3173 Ut
1385 3123 1510 3191 quid
1553 3100 1789 3194 pervertis
1825 3131 1915 3188 Is-

319 3189 428 3242 rael
453 3189 480 3244 7
508 3189 630 3246 Non
659 3211 749 3264 ego
777 3211 1000 3267 perverto
1031 3201 1232 3274 Israel,
1260 3189 1466 3279 inquit,
1497 3189 1586 3270 sed
1630 3227 1683 3272 tu
1725 3231 1773 3276 et
1812 3223 1908 3278 do-

314 3297 425 3336 mus
459 3288 620 3355 patris
650 3292 722 3344 tui
757 3291 855 3365 (5.
887 3295 1016 3368 Reg.
1048 3300 1134 3355 18.
1175 3303 1261 3356 17.
1295 3305 1362 3359 18
1383 3311 1427 3378 ).
1461 3308 1599 3366 Vere
1632 3312 1808 3383 justus
1851 3329 1908 3373 ut

311 3374 394 3428 leo
423 3381 643 3436 confidit
673 3400 688 3438 :
720 3385 856 3442 sicut
897 3392 1038 3444 enim
1085 3393 1168 3449 leo
1214 3396 1265 3450 in
1310 3414 1490 3469 regem
1541 3413 1805 3476 tamquam
1848 3411 1903 3466 in

310 3466 464 3521 vilem
491 3472 741 3528 catellum
764 3477 1059 3536 insurrexit
1083 3499 1099 3548 ;
1127 3489 1335 3542 tametsi
1362 3507 1644 3562 purpuram
1673 3499 1902 3557 habebat

306 3557 397 3613 ille
419 3603 434 3624 ,
464 3563 558 3618 sed
590 3563 677 3620 hic
705 3570 934 3626 meloten
964 3572 1230 3642 habebat,
1262 3557 1636 3641 indumentum
1669 3606 1897 3661 purpura

305 3649 390 3702 illa
427 3656 800 3713 venerabilius.

377 3741 594 3802 Elisoms
643 3750 833 3821 duplex
893 3754 1041 3811 Elius
1092 3765 1366 3818 secundum
1433 3768 1894 3840 interpretationem

299 3833 661 3908 Clzrysostomi.
707 3874 780 3886 -
828 3846 1066 3919 Purpura
1126 3856 1268 3910 enim
1325 3859 1414 3915 illa
1475 3833 1667 3922 famem
1727 3886 1891 3941 pepe-

299 3927 366 3981 rit
421 3945 673 4001 gravem;
739 3938 934 3995 melote
991 3953 1164 3999 autem
1228 3949 1342 4004 lucc
1390 3954 1717 4014 calamitates
1775 3963 1885 4018 dis-

293 4021 497 4089 cussit,
543 4025 655 4082 haec
695 4029 982 4088 Jordancm
1014 4036 1230 4105 divisit;
1275 4043 1390 4100 lure
1426 4047 1675 4106 Eliswum
1715 4055 1886 4126 dupli-

287 4124 403 4165 cem
437 4114 605 4170 Eliam
637 4119 759 4175 fecit
789 4122 808 4194 (
835 4125 887 4178 4.
922 4125 1048 4198 Reg.
1080 4131 1132 4183 2.
1160 4129 1212 4184 8.
1240 4133 1316 4205 9).
1341 4135 1386 4190 Ο
1423 4151 1620 4207 quanta
1665 4114 1882 4204 sancio-

289 4219 403 4257 rum
438 4207 639 4266 virtus!
671 4229 776 4268 non
807 4217 919 4272 sola
953 4220 1188 4288 ipsorum
1219 4228 1378 4281 verba
1409 4240 1463 4284 et
1488 4247 1710 4305 corpora
1736 4280 1750 4302 ,
1782 4242 1879 4297 sed

284 4303 336 4346 ct
368 4295 476 4363 ipsa
510 4299 814 4358 indumenta
837 4320 1095 4366 creatura:
1115 4317 1260 4370 omni
1287 4331 1538 4391 perpetuo
1565 4338 1686 4382 sunt
1710 4346 1874 4388 vene-

282 4386 487 4440 rabilia.
517 4389 684 4462 Hujus
713 4398 908 4452 melote
938 4401 1223 4460 Jordancm
1253 4409 1430 4466 divisit
1460 4431 1472 4467 :
1505 4417 1866 4478 calceamenta

283 4477 438 4532 trium
485 4498 768 4549 puerorum
819 4490 994 4560 ignem
1041 4499 1530 4559 conculcaverunt:
1579 4508 1759 4566 Elismi
1802 4515 1868 4570 li~

277 4581 440 4635 gnum
471 4572 487 4601 ¹
538 4589 704 4644 aquas
755 4584 999 4649 mutavit,
1047 4596 1101 4641 et
1149 4598 1208 4642 ut
1245 4591 1441 4647 ferrum
1485 4596 1537 4651 in
1585 4605 1868 4671 superficie

274 4671 546 4728 portarent
571 4668 746 4725 effecit
771 4689 783 4724 :
813 4673 974 4730 Mosis
1003 4678 1152 4750 virga
1179 4698 1326 4739 mare
1357 4687 1596 4745 Rubrum
1639 4694 1814 4751 divisit
1840 4741 1855 4765 ,

273 4765 474 4820 petram
521 4761 722 4818 scidit:
769 4764 917 4821 Pauli
962 4773 1275 4830 vestimenta
1319 4779 1600 4851 languores
1644 4791 1862 4860 expule-

267 4855 395 4900 runt
421 4865 434 4900 :
464 4851 646 4906 umbra
674 4854 815 4909 Petri
851 4869 1077 4917 mortem
1117 4865 1335 4936 fugavit.

329 4937 616 5011 Martyrum
631 4947 806 5017 favilla
818 4951 1075 5009 demonas
1092 4959 1706 5027 expellit—Sanctorum
1725 4987 1856 5028 mar-

261 5041 433 5100 tyrum
448 5033 622 5092 favilla
638 5040 895 5112 malignos
907 5048 1713 5128 expellitdaemonasPt-Opterea
1729 5081 1847 5122 cum

256 5122 443 5180 fiducia
460 5130 638 5184 omnia
655 5129 884 5199 faciunt,
922 5138 1059 5194 sicut
1076 5149 1130 5194 et
1162 5143 1336 5198 Elias:
1361 5163 1463 5200 non
1483 5153 1622 5205 enim
1642 5166 1850 5223 Specta-

252 5215 344 5271 bat
362 5217 627 5288 diadema,
655 5233 710 5279 et
725 5229 1049 5285 exteriorem
1070 5235 1210 5303 regis
1223 5237 1560 5306 splendorem
1585 5245 1709 5309 ;sed
1726 5249 1812 5303 ani
1827 5278 1846 5288 -

249 5323 388 5361 mam
404 5324 716 5383 pannosam,
737 5320 1092 5392 squalentem,
1109 5326 1398 5395 sordidam,
1416 5337 1622 5389 etomni
1643 5353 1735 5393 reo
1753 5341 1844 5395 mi-

244 5401 415 5456 serius
443 5404 686 5462 affectam
713 5412 1006 5480 respiciens
1030 5457 1044 5480 ,
1073 5427 1127 5470 et
1153 5416 1330 5488 ipsum
1380 5421 1523 5477 intus
1566 5430 1832 5497 captivum

249 5503 381 5557 esse,
405 5507 466 5549 ac
483 5497 727 5555 vitiorum
747 5515 981 5573 servum,
1002 5505 1166 5577 ipsius
1203 5511 1552 5582 principatum
1591 5528 1836 5575 contem-

241 5582 375 5654 psit:
400 5589 596 5643 etenim
627 5599 897 5663 tamquam
915 5596 966 5651 in
985 5613 1165 5668 scena,
1187 5603 1279 5656 sed
1305 5619 1409 5660 non
1431 5607 1484 5666 in
1505 5609 1727 5667 veritate
1749 5628 1836 5670 re-

303 5714 320 5786 f
349 5719 421 5804 si}:
459 5721 599 5804 savii.
650 5731 702 5804 et
724 5739 896 5804 omnes
932 5744 1064 5804 pene
1109 5741 1213 5804 Mss.
1239 5737 1405 5804 Morel.
1432 5754 1446 5789 :
1472 5742 1616 5804 Lth
1641 5745 1826 5799 Elistni.

238 5775 360 5829 mira
377 5778 474 5833 duo
494 5790 598 5834 Mss.
627 5800 638 5837 :
659 5775 946 5841 Sanctorum
957 5775 1227 5861 eTEgiEEié

2051 1407 2175 1456 tunc
2199 1401 2325 1459 fecit
2345 1448 2360 1472 ,
2392 1411 2604 1468 solvens
2630 1422 2960 1487 compeditos
2985 1468 2998 1488 ,
3027 1433 3256 1498 parietes
3285 1442 3593 1498 concutiens
3612 1486 3628 1511 ,

2045 1494 2278 1549 carceris
2302 1501 2574 1556 custodem
2603 1506 2826 1577 alligans
2854 1524 2907 1567 et
2933 1494 3146 1585 pietatis
3184 1526 3352 1580 verbo
3392 1494 3627 1598 capiens:

2043 1580 2154 1638 Leo
2181 1586 2376 1643 clamat
2399 1629 2415 1658 ,
2447 1602 2502 1647 et
2530 1610 2716 1654 omnes
2741 1601 2937 1659 bestias
2962 1607 3138 1679 fugat;
3167 1629 3382 1674 sanctus
3401 1623 3627 1692 clamat,

2040 1685 2096 1728 et
2119 1675 2390 1736 dasmones
2418 1685 2648 1757 undique
2678 1689 2915 1761 expellit.
2944 1675 3139 1757 Leonis
3166 1721 3312 1763 arma
3337 1754 3350 1768 .
3379 1675 3624 1782 jubarunl

2040 1765 2269 1838 horror,
2325 1778 2577 1846 unguium
2622 1798 2808 1840 mucro
2832 1828 2846 1852 ,
2887 1800 2942 1844 et
2982 1792 3172 1852 dentes
3211 1805 3352 1857 acuti
3404 1824 3417 1861 :

2031 1857 2163 1928 justi
2188 1903 2203 1928 ,
2236 1865 2572 1941 phiIOSOphia
2592 1913 2608 1938 ,
2638 1883 2990 1949 temperantia
3017 1928 3031 1952 ,
3065 1891 3317 1957 patientia
3343 1938 3358 1963 ,

2035 2134 2202 2187 sarias
2235 2146 2525 2204 potestates
2565 2146 2852 2206 deridebit.
2902 2153 3072 2212 Stude
3108 2134 3305 2229 igitur,
3347 2181 3382 2220 ο
3425 2168 3621 2238 homo,

2033 2229 2328 2285 secundum
2362 2235 2527 2290 Deum
2564 2240 2740 2296 vivere
2768 2286 2782 2310 ,
2823 2255 2878 2300 et
2919 2265 3079 2303 nemo
3105 2260 3157 2307 te
3185 2270 3432 2326 umquam
3463 2277 3621 2332 supe-

2031 2319 2202 2386 rabit;
2237 2324 2330 2379 sed
2360 2328 2520 2383 etiam
2551 2333 2594 2386 si
2624 2337 2860 2391 omnium
2892 2341 3182 2398 vilissimus
3212 2362 3331 2402 esse
3359 2351 3617 2422 videaris,

2029 2415 2268 2468 omnium
2297 2419 2405 2474 eris
2434 2427 2879 2495 potentissimus;
2911 2435 3048 2489 sicut
3080 2452 3122 2490 s
3167 2441 3328 2494 animi
3370 2442 3612 2503 virtutem

2027 2508 2332 2577 neglexeris
2354 2555 2368 2579 ,
2397 2517 2556 2572 etiam
2589 2520 2633 2574 si
2659 2524 2896 2580 omnium
2929 2529 3004 2581 sis
3035 2533 3435 2598 potentissimus
3461 2580 3474 2598 ,
3504 2554 3626 2595 om-

2026 2596 2184 2652 nibus
2227 2600 2604 2664 insidiantibus
2639 2613 2746 2667 eris
2787 2614 2940 2673 facile
2979 2596 3365 2692 expugnabilis.
3406 2629 3471 2682 Et
3517 2631 3607 2684 hor

2023 2691 2234 2760 quidem
2258 2696 2397 2752 dicta
2421 2699 2923 2763 demonstraverunt
2942 2717 3185 2782 exempla
3210 2734 3222 2780 ;
3247 2733 3289 2770 sn
3313 2718 3391 2773 vis
3411 2731 3608 2788 autem,

2021 2791 2076 2836 et
2108 2800 2203 2852 per
2231 2802 2394 2856 opera
2426 2801 2477 2847 te
2504 2793 2699 2852 docere
2724 2801 2961 2857 conabor
2984 2846 2998 2869 ,
3033 2807 3137 2860 vim
3162 2808 3426 2876 justorum
3459 2814 3604 2870 inex~

2019 2877 2361 2944 pugnabilem
2391 2923 2406 2950 ,
2461 2894 2516 2940 et
2563 2887 2775 2945 facilem
2834 2908 3173 2962 peccatorum
3226 2903 3585 2971 Captivitatem

2016 2963 2155 3020 Audi
2184 2968 2342 3039 igitur
2360 2978 2629 3044 quomodo
2658 2980 2774 3037 hare
2805 2986 2964 3040 ambo
2983 2988 3247 3058 Propheta
3278 2963 3563 3053 insinuavit
3583 3027 3602 3062 ε

2021 3054 2144 3111 Non
2182 3061 2256 3114 sic
2296 3063 2478 3135 impii,
2523 3086 2624 3124 non
2646 3072 2755 3140 sic,
2798 3075 2886 3127 sed
2926 3085 3181 3146 tamquam
3224 3083 3420 3153 pulvis,
3461 3106 3606 3155 quem

2015 3153 2217 3223 projicit
2241 3168 2413 3214 ventus
2435 3177 2467 3213 a
2492 3162 2623 3231 facie
2648 3174 2793 3220 terra:
2822 3167 2841 3240 (
2872 3167 3017 3225 Psal.’
3050 3173 3101 3226 1.
3133 3173 3228 3246 4).
3273 3179 3423 3235 Sicut
3460 3153 3602 3238 enim

2009 3238 2105 3296 ille
2141 3255 2421 3302 ventorum
2455 3249 2753 3309 incursibus
2782 3238 2934 3313 facile
2963 3263 3322 3332 projiciendus
3355 3274 3591 3342 proposi-

2009 3338 2096 3387 tus
2120 3343 2240 3390 est:
2270 3339 2347 3393 sic
2376 3349 2432 3394 et
2463 3353 2709 3410 peccator
2737 3347 2806 3402 ab
2834 3353 2979 3405 omni
3013 3357 3302 3414 tentatiene
3331 3338 3600 3419 subverti-

2007 3431 2112 3479 tur.
2143 3427 2279 3483 Cum
2305 3433 2446 3486 enim
2477 3434 2592 3502 ipse
2617 3437 2722 3494 sibi
2764 3456 3062 3514 repugnet,
3103 3459 3157 3502 et
3194 3449 3332 3508 hanc
3369 3469 3594 3526 pugnam

2004 3521 2201 3590 passim
2233 3525 2610 3596 circumferat;
2651 3547 2772 3602 quze
2801 3535 2901 3604 ipsi
2927 3551 3050 3606 Spes
3079 3542 3264 3598 salutis
3293 3521 3437 3601 domi
3468 3563 3595 3616 pro-

2000 3612 2113 3668 dito
2139 3657 2152 3680 ,
2190 3625 2246 3672 et
2278 3621 2587 3676 continuum
2620 3623 2827 3682 hostem
2859 3633 3240 3690 eottscientiam
3270 3653 3449 3693 secum
3482 3652 3591 3695 tra-

1999 3705 2146 3762 henti
2169 3709 2193 3762 ’ἶ
2229 3709 2334 3764 Sed
2365 3727 2468 3767 non
2502 3715 2618 3770 talis
2639 3717 2832 3787 justus.
2859 3720 3042 3788 Qualis
3066 3741 3194 3795 ergo
3214 3728 3238 3781 ἲ
3257 3731 3392 3784 Audi
3417 3733 3587 3800 ipsum

1987 3794 2310 3867 Prophetam
2358 3803 2623 3861 dicentem
2673 3828 2687 3865 :
2735 3811 2837 3878 Qui
2889 3817 3150 3883 conﬁdunt
3209 3821 3261 3873 in
3332 3822 3582 3892 Domino,

1993 3887 2138 3942 Sicut
2177 3908 2322 3947 mons
2371 3895 2498 3951 Sion
2542 3898 2728 3970 (Psal.
2775 3902 2937 3975 124).
2987 3907 3122 3974 Quid
3174 3913 3402 3968 tamdem
3453 3887 3579 3983 est,

1989 3979 2118 4032 sicut
2139 3998 2282 4036 mons
2301 3984 2460 4040 Sion?
2479 3986 2598 4042 Non
2619 3996 3007 4051 commovebitur
3027 3999 3079 4052 in
3103 4011 3346 4057 (etet-num
3369 4003 3577 4079 (Ibid),

1990 4075 2178 4145 inquit.
2223 4079 2582 4153 Quaecumque
2634 4089 2774 4141 enim
2821 4090 3126 4148 adhibueris
3182 4098 3579 4156 machinamen-

1986 4177 2078 4235 ta,
2139 4187 2486 4243 quaecumque
2538 4178 2854 4246 jaculaveris
2916 4186 3016 4240 tela
3086 4199 3321 4245 montem
3391 4194 3576 4249 demo-

1983 4259 2067 4314 liri
2105 4264 2287 4318 volens
2310 4307 2324 4330 ,
2360 4267 2506 4322 illum
2548 4271 2762 4340 quidem
2803 4290 3088 4346 numquam
3135 4284 3410 4348 superabis
3443 4304 3453 4336 :
3482 4288 3569 4357 qui

1981 4354 2128 4408 enim
2181 4357 2429 4425 poteris?
2477 4363 2900 4420 machinamenta
2955 4385 3080 4422 vero
3130 4373 3304 4427 solves
3349 4379 3565 4446 omnia,

1977 4443 2136 4499 etiam
2171 4455 2310 4500 tuam
2333 4449 2580 4507 destrues
2602 4453 2986 4512 fortitudinem.
3011 4461 3154 4517 Talis
3175 4475 3255 4519 est
3282 4477 3334 4520 et
3356 4468 3567 4537 justus:

1973 4548 2322 4605 quaecumque
2364 4541 2589 4596 vulnera
2633 4549 2944 4616 exceperit,
3000 4551 3113 4620 ipse
3154 4557 3366 4623 quidem
3405 4575 3567 4628 grave

1972 4628 2169 4694 patitur
2205 4631 2378 4698 nihil,
2429 4635 2522 4689 sed
2566 4636 2931 4695 insidiantium
2975 4645 3078 4697 vim
3136 4647 3416 4715 dissolvit,
3465 4669 3563 4710 nec

1971 4735 2098 4773 vero
2125 4723 2429 4778 mortalium
2459 4727 2619 4782 modo
2643 4770 2658 4793 ,
2688 4731 2780 4784 sed
2827 4733 3063 4802 ipsorum
3106 4753 3317 4807 quoque
3357 4741 3561 4796 darmo-

1965 4827 2113 4866 num.
2147 4814 2352 4870 Audisti
2386 4833 2615 4890 namque
2646 4825 2841 4894 szepius
2865 4867 2880 4889 ,
2915 4837 3048 4896 quot
3075 4829 3322 4906 diabolus
3353 4837 3558 4890 machi-

1961 4914 2210 4959 namenta
2238 4907 2340 4962 Job
2361 4910 2703 4980 adhibuerit,
2728 4931 2826 4970 nec
2849 4918 3020 4972 solum
3047 4929 3220 4976 tamen
3240 4924 3384 4978 illum
3407 4943 3560 4981 mon-

1965 5004 2071 5050 tem
2113 5013 2219 5053 non
2267 5006 2684 5073 conquassavit,
2727 5009 2820 5063 sed
2859 5020 2912 5065 et
2957 5026 3240 5070 enervatus
3290 5021 3556 5090 recessit,

1956 5089 2163 5158 sagittis
2192 5092 2320 5161 ipsis
2345 5096 2632 5152 confractis
2652 5141 2666 5165 ,
2697 5109 2752 5155 et
2791 5104 3233 5162 machinamentis
3278 5089 3556 5170 inutilibus

1953 5197 2019 5235 ex
2049 5182 2140 5237 illo
2166 5184 2370 5242 inﬂictu
2397 5189 2638 5245 redditis.

2023 5273 2077 5328 5.
2121 5273 2247 5330 Haec
2275 5277 2450 5347 itaque
2478 5280 2740 5349 scientes,
2785 5285 2949 5340 vitam
2984 5303 3232 5344 curemus
3262 5300 3504 5350 nostram
3533 5313 3548 5351 τ

1950 5379 2123 5434 neque
2150 5366 2288 5422 circa
2320 5373 2570 5438 pecunias
2603 5374 2911 5431 studeamus
2938 5419 2954 5446 ,
2984 5396 3101 5448 qute
3132 5396 3357 5451 pereunt
3399 5403 3412 5439 :
3455 5402 3548 5443 ne-

1946 5471 2050 5524 que
2077 5457 2214 5513 circa
2247 5460 2468 5528 gloriam
2497 5505 2512 5527 ,
2542 5481 2660 5534 quae
2686 5469 3042 5539 exstinguitur
3071 5490 3085 5526 :
3119 5489 3223 5528 non
3246 5477 3387 5531 circa
3415 5494 3542 5534 cor-

1945 5560 2045 5616 pus
2065 5587 2080 5612 ,
2110 5549 2253 5618 quod
2292 5553 2562 5622 senescit,
2595 5571 2704 5611 non
2747 5559 2886 5614 circa
2918 5561 3388 5631 pulchritudinem,
3419 5585 3541 5638 quia:

1942 5640 2262 5710 marcescit,
2312 5659 2418 5699 non
2476 5648 2617 5702 circa
2659 5649 2918 5720 delicias,
2962 5670 3084 5724 quae
3115 5657 3384 5724 deﬂuunt;
3435 5661 3530 5718 sed

2000 5817 2015 5848 ι
2039 5817 2109 5867 sic
2132 5817 2270 5869 Savil.
2299 5827 2351 5872 et
2371 5823 2578 5875 maxima
2612 5838 2723 5890 pars
2743 5835 2853 5882 uss.
2881 5839 3039 5886 recte.
3060 5837 3246 5901 MoreL,
3261 5837 3469 5893 decoris.
