4072 6384
231 345 293 402 99
1248 341 1340 396 AD
1376 340 1703 396 POPIJLUM
1742 339 2253 396 AN'I'IUCHENUM.
2285 341 2520 397 HUMIL.
2555 342 2684 398 VIII.

227 459 350 514 τῶν.
379 455 646 530 Καθάπερ
695 457 805 528 γὰρ
847 457 898 511 οἱ
939 455 1226 528 μέλλοντες
1266 459 1346 520 εἰς
1391 456 1738 525 δικαστήριον
1782 454 1898 506 εἰσ-

227 545 468 615 άγεσθαι,
486 545 580 598 καὶ
605 544 835 607 εὐθύνας
852 543 959 597 τῶν
976 544 1341 616 πεπλημμελη
1350 544 1526 614 μένων
1541 543 1781 613 ὑπέχειν,
1807 541 1890 594 αὐ-

228 634 487 706 χμῶντες,
520 632 822 705 ῥυπῶντες,
855 634 1095 702 στυγνοὶ,
1133 633 1565 704 κατεσταλμένοι
1595 635 1706 695 τοῖς
1741 630 1892 683 δικάι

229 722 374 789 ζουσι
402 721 702 792 φαίνονται,
732 721 873 776 ὥστε
902 722 997 776 καὶ
1026 722 1136 776 ἀπὸ
1159 719 1250 774 τοῦ
1283 723 1560 792 σχήματος
1589 719 1786 782 αὐτοὺς
1814 719 1895 781 είς
1942 766 1960 799 ,

230 809 632 881 φιλανθρωπίαν
657 809 1065 864 ἐπισπάσασθαι
1102 809 1196 863 καὶ
1225 807 1373 861 ἔλεον
1400 808 1494 862 καὶ
1523 805 1852 877 συγγνώμην
1872 819 1886 832 ·

227 897 365 953 οὕτω
387 899 482 954 καὶ
508 899 602 953 ἐπὶ
624 897 718 951 τοῦ
757 896 930 968 Ἀδάμ
953 896 1165 966 γέγονε.
1197 897 1308 950 Καὶ
1333 895 1442 967 γάρ
1466 894 1572 948 ἔδει
1603 890 1896 946 κατεσταλ-

231 987 385 1055 μένον
417 988 496 1050 είς
539 985 601 1039 τὸ
631 984 981 1055 δικαστήριον
1027 983 1352 1054 εἰσαχθῆναι·
1383 981 1544 1035 τοῦτο
1564 997 1577 1011 ·
1618 980 1707 1034 διὰ
1736 978 1894 1032 τοῦτο

229 1073 506 1150 προλαϐὼν
538 1077 567 1127 6
599 1073 752 1137 Θεὸς,
785 1072 950 1128 αὐτὸν
985 1072 1342 1126 συνέστειλεν.
1391 1071 1530 1124 Ἀλλ’
1553 1072 1636 1124 ὃτι
1680 1068 1778 1139 μέν
1808 1084 1896 1130 τις

227 1162 542 1234 περιεπάτει
580 1161 809 1232 ᾔσθετο·
852 1159 1018 1213 πόθεν
1049 1161 1112 1212 δὲ’
1147 1159 1398 1229 ἐνόμισεν
1435 1159 1516 1211 ὃτι
1561 1159 1590 1210 6
1622 1156 1754 1218 Θεὸς
1790 1170 1892 1205 πε-

232 1255 508 1322 ριεπάτεις
553 1250 806 1305 Τοιοῦτον
849 1249 960 1304 τῶν
1001 1248 1424 1320 ἁμαρτανόντων
1477 1246 1536 1300 τὺ
1581 1245 1704 1308 ἔθος
1745 1243 1891 1297 ἐστί·

229 1341 399 1394 πάντα
427 1339 816 1404 ὑποπτεύουσι,
851 1339 950 1402 τὰς
987 1339 1148 1400 σκιὰς
1180 1335 1468 1408 τρέμουσι,
1507 1333 1686 1389 πάντα
1721 1331 1904 1402 ψόφον

227 1429 512 1491 δεδοίκασι,
555 1427 649 1480 καὶ
681 1426 912 1480 ἕκαστον
955 1427 1042 1478 ἐπ’
1073 1425 1271 1488 αὐτοὺς
1303 1422 1541 1493 βαδίζειν
1587 1420 1889 1492 νομίζουσι.

227 1515 454 1579 Πολλοὺς
501 1513 632 1584 γοῦν
683 1514 942 1578 πολλάκις
992 1512 1191 1574 ἰδόντες
1239 1512 1322 1580 ἐφ’
1362 1511 1553 1580 ἑτέραν
1601 1509 1893 1581 τρέχοντας

225 1603 512 1669 διακονίαν,
545 1603 804 1674 ἐνόμισαν
828 1605 917 1657 ἐπ”
941 1603 1137 1666 αὐτοὺς
1162 1602 1318 1671 ἥκειν
1342 1603 1390 1654 οἱ
1411 1600 1816 1672 ἁμαρτάνοντες
1840 1611 1889 1662 ο,

225 1692 313 1744 καὶ
343 1693 516 1747 ἄλλων
553 1693 690 1748 ἄλλα
719 1693 854 1766 πρὸς
880 1692 1144 1764 ἀλλήλους
1181 1690 1604 1760 διαλεγομένων.
1635 1691 1684 1742 οἱ
1714 1705 1890 1742 συνει-

222 1781 368 1845 δότες
397 1783 612 1847 ἑαυτοῖς
649 1783 946 1855 ἁμαρτίαν,
983 1781 1112 1853 περϊ
1156 1779 1345 1832 αὐτῶν
1369 1779 1608 1843 ἐκείνους
1653 1778 1894 1848 διαλέγε-

225 1871 344 1923 σθαι
381 1870 676 1941 νομίζουσι.

293 1957 356 2028 β’.
379 1959 632 2014 Τοιοῦτον
666 1960 773 2033 γάρ
797 1963 828 2032 ή
856 1960 1118 2033 ἁμαρτία·
1142 1963 1354 2028 οὐδενὸς
1370 1963 1683 2032 ἐλέγχοντος
1703 1960 1889 2031 προδί-

223 2046 399 2107 δῶσιν,
436 2048 649 2112 οὐδενὸς
673 2050 1106 2119 κατηγοροῦντος
1132 2050 1505 2115 καταδικάζει,
1536 2051 1630 2103 καὶ
1654 2049 1890 2120 ψοφοδεῆ

223 2139 364 2188 ποιεῖ
381 2137 474 2188 καὶ
499 2137 669 2189 δειλὸν
683 2137 773 2191 τὸν
790 2138 1145 2209 ἡμαρτηκότα
1162 2155 1176 2168 ·
1199 2139 1388 2211 ὥσπερ
1410 2136 1502 2194 οὖν
1521 2141 1555 2210 ἡ
1579 2136 1890 2206 δικαιοσύνη

221 2223 280 2276 τὸ
312 2225 571 2278 ἐναντίον.
604 2227 867 2279 ¹Ἄκουσον
891 2226 1022 2296 γοῦν
1050 2227 1168 2291 πῶς
1194 2230 1289 2281 καὶ
1318 2228 1509 2280 τούτου
1541 2229 1638 2299 τὴν
1667 2225 1889 2290 δειλίαν,

222 2312 468 2365 κάκείνου
489 2313 588 2384 τὴν
629 2314 940 2385 παρῥησίαν
974 2314 1288 2385 ὑπέγραψεν
1314 2316 1347 2386 ἡ
1380 2316 1567 2387 Γραφή
1588 2333 1601 2346 ·
1628 2315 1835 2382 Φεύγει
1860 2315 1893 2367 ὁ

219 2399 464 2468 ἀσεϐὴς.
486 2401 666 2471 φησὶν,
685 2401 933 2469 οὐδενὸς
945 2403 1285 2471 διώκοντος.
1305 2404 1429 2468 Πῶς
1449 2403 1658 2466 οὐδενὸς
1673 2402 1894 2455 διώκον-

219 2504 308 2552 τος
324 2489 515 2559 φεύγει
533 2507 546 2555 ;
567 2492 752 2545 Ἔνδον
768 2492 880 2562 ἔχει
897 2491 923 2530 b
944 2493 1034 2545 τὸν
1049 2492 1362 2558 ἐλαύνοντα,
1377 2492 1468 2545 τὸν
1485 2490 1580 2545 τοῦ
1595 2490 1893 2554 συνειδότος

221 2579 545 2649 κατήγορον,
566 2580 658 2633 καὶ⁵
678 2580 865 2634 τοῦτον
897 2581 1171 2652 πανταχοῦ
1188 2582 1507 2653 περιφέρει·
1530 2581 1624 2634 καὶ
1642 2579 1892 2650 καθάπερ

219 2663 408 2718 ἑαυτὸν
433 2667 533 2718 οὐκ
568 2667 632 2720 ἂν
661 2667 915 2739 δυνηθείη
943 2668 1187 2737 φεύγειν,
1219 2669 1392 2734 οὕτως
1426 2667 1548 2722 οὐδὲ
1567 2668 1658 2721 τὸν
1683 2666 1894 2721 ἔνδοθεν

220 2752 380 2805 αὐτὸν
423 2754 738 2816 ἐλαύνοντα.
781 2757 898 2810 ἀλλ’
937 2758 1183 2828 ὅπουπερ
1221 2757 1288 2811 ἂν
1339 2756 1528 2828 ἀπῄει,
1574 2755 1894 2828 μαστίξεται

223 2840 332 2914 [95]
369 2844 465 2896 καὶ
482 2843 704 2915 τραῦμα
734 2845 952 2899 ἀνίατον
983 2845 1094 2917 ἔχει
1116 2862 1129 2877 ·
1157 2846 1273 2900 ἀλλ’
1301 2847 1399 2916 οὐχ
1429 2847 1458 2898 ὁ
1490 2846 1695 2910 δίκαιος
1718 2844 1894 2898 τοιοῦ-

219 2944 326 2994 τος,
368 2930 486 2983 ἀλλ’
535 2934 734 2997 ὁποῖος,
785 2933 950 2988 άκουε
973 2953 988 2966 ·
1029 2937 1266 3002 Δίκαιος
1297 2937 1378 3002 ὡς
1421 2935 1578 2991 λέων
1625 2936 1890 2991 πέποιθε.

219 3018 476 3085 Τοιοῦτος
497 3015 564 3092 ἦν
585 3024 615 3075 6
658 3022 844 3086 Ἠλίας
865 3040 880 3054 ·
909 3018 1016 3076 εἶδε
1042 3023 1174 3093 γοῦν
1201 3024 1293 3078 τὸν
1324 3025 1548 3095 βασιλέα
1575 3025 1713 3097 πρὸς
1735 3024 1896 3078 αὐτὸν

219 3106 536 3178 ἐρχόμενον,
568 3111 662 3164 καὶ
696 3113 941 3175 εἰπόντος
981 3113 1213 3176 ἐκείνου,
1255 3115 1380 3168 Ἵνα
1417 3114 1475 3166 τί
1518 3113 1897 3183 διαστρέφεις

217 3195 320 3248 τὸν
365 3197 654 3264 Ἰσραήλ;
705 3201 825 3253 Οὐκ
852 3199 968 3268 ἐγὼ
996 3200 1354 3269 διαστρέψω,
1399 3200 1585 3270 φησὶν,
1620 3200 1782 3255 ἀλλὰ
1813 3200 1895 3253 σὺ

217 3283 314 3336 καὶ
354 3287 387 3338 ὁ
420 3282 588 3352 οἶκος
610 3286 718 3341 τοῦ
738 3288 962 3356 πατρός
987 3303 1124 3342 σου.
1168 3289 1406 3360 Ἀληθῶς
1437 3289 1642 3353 δίκαιος
1665 3289 1740 3352 ὡς
1760 3288 1896 3342 λέων

220 3371 474 3426 πέποιθε.
493 3374 759 3447 Καθάπερ
777 3376 886 3448 γὰρ
907 3376 1044 3430 λέων
1062 3377 1298 3431 κυνιδίου
1326 3378 1470 3441 τινὸς
1486 3375 1735 3440 εὐτελοῦς
1763 3394 1897 3430 κατ-

219 3459 485 3530 εξανέστη
526 3462 620 3514 τοῦ
668 3463 967 3533 βασιλέως·
1014 3464 1192 3518 καίτοι
1230 3465 1536 3536 πορφυρίδα
1573 3460 1716 3536 εἶχεν
1749 3467 1896 3518 ἐκεῖ·

218 3564 326 3611 νος,
359 3549 479 3602 ἀλλ’
519 3545 633 3620 εἶχε
669 3552 923 3624 μηλωτὴν
965 3547 1143 3618 οὗτος,
1173 3554 1388 3626 ἱμάτιον
1429 3553 1530 3623 τῆς
1567 3553 1898 3625 πορφυρίδος

217 3635 432 3708 ἐκείνης
467 3638 813 3710 σεμνότερον.

297 3725 363 3777 'II
405 3725 509 3796 μὲν
549 3727 656 3797 γὰρ
684 3728 961 3799 πορφυρὶς
993 3729 1176 3800 ἐκείνη
1199 3729 1291 3782 τὸν
1321 3728 1481 3800 λιμὸν
1511 3728 1664 3782 ἔτεκε
1693 3730 1785 3782 τὸν
1807 3747 1900 3799 χα-

215 3811 400 3877 λεπὸν,
445 3815 479 3884 ή
533 3815 755 3887 μηλωτὴ
792 3815 848 3868 δὲ
895 3815 1033 3886 αὓτη
1077 3815 1149 3870 τὰ
1188 3816 1336 3871 δεινὰ
1376 3818 1602 3870 ἔλυσεν·
1632 3816 1769 3889 αὕτη
1809 3818 1900 3871 τὸν

230 3899 505 3972 Ἰορδάνην
538 3901 773 3972 ἔσχισεν,
815 3903 953 3974 αῦτη
988 3905 1082 3957 τὸν
1123 3905 1421 3958 Ἐλισσαῖον
1458 3905 1680 3959 διπλοῦν
1713 3905 1900 3958 Ἠλίαν

217 3990 500 4057 ἐποίησεν.
539 3991 603 4042 Ὢ
626 3992 765 4062 πόση
795 3992 902 4046 τῶν
933 3993 1103 4062 ἁγίων
1136 3997 1168 4065 ἡ
1195 3996 1362 4065 ἀρετή
1389 3995 1400 4047 !
1428 3994 1548 4064 οὐχὶ
1578 3993 1649 4047 τὰ
1683 3995 1901 4066 ῥήματα

218 4078 399 4131 αὐτῶν
427 4081 588 4150 μόνα,
629 4081 751 4134 οὐδὲ
780 4081 847 4135 τά
880 4081 1129 4152 σώματα,
1162 4081 1298 4135 ἀλλὰ
1325 4082 1420 4134 καὶ
1451 4081 1589 4134 αύτὰ
1614 4081 1682 4135 τὰ
1709 4080 1899 4151 ἱμάτια

217 4169 282 4236 τῇ
315 4168 495 4220 κτίσει
519 4168 668 4239 πάσῃ
696 4169 926 4223 πάντοτέ
959 4171 1104 4222 ἐστιν
1133 4170 1406 4239 αἰδέσιμα.
1447 4169 1510 4221 Ἥ
1538 4169 1759 4239 μηλωτὴ
1786 4169 1900 4222 τού-

218 4269 309 4306 Ιιου
337 4256 433 4308 τὸν
473 4256 745 4329 Ἰορδάνην
773 4257 973 4328 ἔσχισε,
1007 4258 1077 4312 τὰ
1101 4259 1426 4329 ὑποδήματα
1446 4256 1555 4310 τῶν
1579 4256 1745 4328 τριῶν
1776 4258 1902 4310 παί-

219 4339 323 4394 δων
347 4342 410 4394 τὸ
438 4343 554 4412 πῦρ
583 4345 991 4415 κατεπάτησαν,
1017 4346 1080 4398 τὸ
1120 4345 1276 4411 ξύλον
1305 4357 1326 4384 ο
1357 4345 1452 4397 τοῦ
1495 4344 1797 4397 Ἐλισσαίου
1835 4345 1904 4398 τά

221 4426 390 4482 ὕδατα
424 4431 713 4501 μετέϐαλε,
750 4433 843 4485 καὶ
873 4433 1108 4504 σιδήριον
1148 4434 1289 4504 ὑπὲρ
1325 4432 1421 4503 τὴν
1453 4433 1773 4501 ἐπιφάνειαν
1805 4431 1901 4502 βα-

221 4516 443 4582 στάζειν
493 4518 786 4590 ὲποίησεν·
825 4523 858 4592 ή
919 4521 1114 4592 ῥάϐδος
1163 4522 1447 4584 Μωῦσέως
1496 4521 1594 4591 τὴν
1635 4520 1904 4592 Ἐρυθρὰν

222 4601 407 4676 ἔσχισε
439 4606 741 4674 θάλασσαν,
771 4609 869 4678 τὴν
893 4609 1098 4682 πέτραν
1120 4608 1338 4680 έρῥηξε,
1369 4608 1434 4661 τὰ
1464 4609 1655 4680 ἱμάτια
1687 4608 1902 4661 Παύλου

222 4695 512 4765 νοσήματα
542 4695 764 4767 ἤλασεν,
798 4699 832 4766 ἡ
863 4697 989 4750 σκιὰ
1012 4696 1220 4766 Πέτρου
1245 4696 1475 4752 θάνατον
1512 4697 1900 4767 ἐφυγάδευσεν.

305 4782 374 4835 Ἠ
400 4782 581 4854 τέφρα
615 4783 724 4836 τῶν
763 4784 934 4852 ἁγίων
965 4784 1260 4856 μαρτύρων
1308 4786 1577 4856 πονηροὺς
1609 4783 1904 4838 ἀπελαύνει

223 4869 511 4942 δαίμονας.
563 4869 660 4923 Διά
692 4869 848 4924 τοῦτο
885 4873 1000 4942 μετ’
1031 4871 1280 4936 ἐξουσίας
1327 4871 1544 4926 ἅπαντα
1584 4873 1903 4941 πράττουσι,

225 4959 485 5028 καθάπερ
515 4959 611 5012 καὶ
641 4960 669 5011 6
715 4959 927 5022 Ἠλίας·
954 4960 1014 5012 ού
1040 4959 1148 5032 γάρ
1179 4960 1242 5031 δὴ
1274 4959 1419 5032 ἐώρα
1450 4961 1512 5014 τὸ
1541 4960 1778 5031 διάδημα
1812 4962 1908 5014 καὶ

226 5045 325 5117 τὴν
353 5043 560 5110 ἔξωθεν
592 5046 892 5115 φαντασίαν
921 5047 1014 5100 τοῦ
1051 5047 1336 5118 βασιλέως,
1366 5047 1479 5100 ἀλλ’
1507 5046 1656 5120 ἐώρα
1694 5047 1791 5118 τὴν
1813 5047 1909 5117 ψυ-

227 5135 329 5205 χὴν
371 5134 547 5206 ῥάκια
588 5135 1080 5207 περιϐεϐλημένην,
1127 5135 1448 5207 αὐχμῶσαν,
1497 5135 1774 5205 ῥυπῶσαν,
1814 5136 1908 5190 καὶ

229 5221 531 5275 καταδίκου
581 5222 779 5284 παντὸς
823 5222 1149 5294 ἀθλιώτερον
1196 5223 1580 5293 διακειμένην·
1636 5223 1729 5276 καὶ
1787 5222 1909 5276 ἰδὼν

231 5309 394 5363 αὐτὸν
419 5310 768 5380 αἰχμάλωτον
791 5312 884 5363 καὶ
907 5310 1092 5364 δοῦλον
1117 5311 1244 5365 ὅντα
1272 5311 1381 5364 τῶν
1410 5310 1620 5376 παθῶν,
1645 5310 1912 5382 κατεφρό-

232 5415 394 5469 νησεν
429 5395 601 5450 αὐτοῦ
624 5397 722 5468 τῆς
749 5399 942 5470 ἀρχῆς.
983 5399 1250 5470 Καθάπερ
1281 5399 1391 5470 γὰρ
1423 5399 1516 5452 ἐπὶ
1543 5399 1645 5469 τῆς
1677 5399 1908 5470 σκηνῆς.

234 5485 348 5540 ἀλλ’
376 5485 484 5538 οὐκ
529 5485 621 5537 ἐπὶ
649 5485 748 5554 τῆς
788 5486 1046 5556 ἀληθείας
1089 5486 1264 5540 ἐδόκει
1297 5487 1522 5557 βασιλέα
1577 5487 1814 5559 βλέπειν.
1845 5487 1910 5539 Τί

299 5689 324 5753 _‘
349 5689 449 5738 Alii
473 5693 519 5738 οἱ
539 5691 837 5753 ἁμαρτόντες.

294 5749 325 5823 Ρ
348 5749 690 5823 Aliql‘lotj‘na‘sf
717 5755 905 5823 6567a;
927 5756 1086 5823 ἐπειδὴ
1113 5756 1293 5823 ἔνδοθεν
1313 5755 1428 5823 ἔχειἰ
1453 5753 1580 5823 Infra
1603 5753 1749 5823 Savjl.
1774 5756 1911 5823 δυνη-

239 5812 337 5869 θείη
354 5814 536 5923 ξυγεῐν.
568 5812 854 5886 Ρειυισροὲι
875 5815 1025 5865 Savil.
1053 5825 1106 5865 el
1128 5812 1430 5878 quidum'élii
1455 5819 1663 5879 ὅπουπερ
1689 5818 1746 5864 ἂν
1774 5817 1910 5882 ἀπίῃ.

298 5877 322 5906 °
355 5909 364 5920 .
392 5889 439 5923 lc
464 5876 615 5923 Savnl.
649 5883 700 5923 el
723 5890 895 5923 omnes
923 5891 1052 5923 ncnc
1082 5892 1193 5923 mss.
1230 5878 1399 5923 Morel.
1428 5880 1487 5923 τὰ
1513 5879 1638 5923 ξύλα.
1679 5877 1799 5923 Ibid.
1825 5880 1910 5923 Sn-

272 5877 322 5944 __°
354 5876 439 5944 Sig:
464 5876 619 5944 Savil2
649 5883 700 5924 el
723 5890 895 5944 omnes
914 5891 1059 5944 £0ch
1082 5876 1193 5944 nisis.
1230 5878 1399 5944 more}.
1428 5876 1650 5944 1653a!
1675 5877 1799 5944 Ibid.
1825 5876 1914 5944 Sin-

237 5938 323 5985 vil.
349 5939 470 6006 ὑπὲρ
493 5944 576 5994 τῆς
602 5938 884 6006 ἐπιφανείας.
914 5940 1083 5988 Morel.
1112 5941 1226 6006 ὑπὲρ
1250 5943 1332 6004 τήν
1359 5942 1641 6004 ἐπιεάνειαν.
1673 5940 1794 5990 Infra
1817 5941 1913 5990 duo

241 6015 353 6049 mss.
383 5999 533 6057 ἁγίων
562 6000 641 6046 καὶ
667 6002 946 6049 καλλινίκων
984 6018 1122 6062 μαρτ.
1207 5997 1216 6006 ’
1295 5997 1302 6004 ’
1448 6000 1452 6004 ’

3573 342 3686 398 mo

2006 455 2116 525 γὰρ
2144 455 2336 524 ὄφελος
2358 457 2454 527 τῆς
2486 456 2684 524 ἔξωθεν
2713 457 2974 529 εὐπορίας
2997 454 3046 520 δ,
3079 457 3206 511 ὅταν
3233 457 3382 512 ἔνδον
3410 457 3572 510 πενία
3590 475 3667 511 το⁵

2005 543 2179 614 σαύτη
2216 541 2285 618 ᾖς
2317 545 2370 597 τί
2405 545 2460 598 δέ
2494 545 2686 616 βλάϐος
2728 546 2828 614 τῆς
2872 544 3070 611 ἔξωθεν
3109 546 3321 609 πενίας,
3355 546 3484 598 ὅταν
3527 545 3674 599 ἔνδον

2002 631 2256 696 τοσοῦτος
2301 634 2604 704 ἀποκέηται
2645 633 2908 699 πλοῦτος;
2947 633 3200 696 Τοιοῦτος
3225 630 3293 705 ἦν
3338 633 3473 687 λέων
3516 635 3610 688 καὶ
3645 635 3676 685 6

2006 719 2274 791 μακάριος
2303 721 2512 785 Παῦλος
2538 739 2551 752 ·
2585 720 2839 775 εἰσελθὼν
2861 721 2970 791 γάρ
2993 722 3073 783 είς
3097 720 3158 773 τὸ
3183 720 3558 794 δεσμωτήριον
3580 723 3674 776 καὶ

2004 807 2206 880 βοήσας
2237 810 2417 879 μόνον,
2449 811 2518 863 τὰ
2551 810 2774 881 θεμέλια
2811 810 2987 862 πάντα
3020 809 3216 872 ἔσεισε,
3246 809 3315 862 τὰ
3341 809 3514 880 δεσμὰ
3543 828 3675 863 κατ-

2002 894 2224 964 έφαγεν,
2259 897 2359 950 οὐκ
2394 897 2573 950 ὀδοῦσι
2605 897 2970 967 χρησάμενος,
3004 895 3141 949 ἀλλὰ
3201 897 3445 968 ῥήμασι·
3487 897 3676 964 διόπερ

2003 985 2123 1055 οὐχὶ
2162 985 2381 1050 λέοντας
2419 987 2614 1049 αὐτοὺς
2649 987 2829 1056 μόνον,
2877 985 3013 1039 ἀλλὰ
3063 987 3156 1039 καὶ
3191 986 3380 1058 ἕτερόν
3412 1003 3465 1038 τι
3514 986 3677 1040 πλέον

2001 1071 2232 1127 λεόντων
2270 1074 2375 1145 χρὴ
2420 1075 2624 1128 καλεῖν.
2673 1075 2735 1126 '0
2771 1073 2870 1144 μὲν
2901 1072 3008 1144 γὰρ
3046 1073 3181 1126 λέων
3216 1077 3295 1137 εἰς
3324 1075 3515 1127 δίκτυα
3547 1074 3677 1128 πολ-

2001 1160 2157 1224 λάκις
2195 1161 2451 1231 ἐμπεσὼν
2504 1161 2816 1214 ἁλίσκεται·
2855 1162 2903 1213 οἱ
2950 1161 3007 1213 δὲ
3057 1159 3201 1225 ἅγιοι
3243 1159 3509 1225 δεθέντες,
3553 1162 3682 1214 τότε

2005 1250 2340 1319 ἰσχυρότεροι
2366 1249 2605 1316 γίνονται
2624 1267 2636 1278 ·
2665 1249 2916 1317 καθάπερ
2940 1249 3033 1301 καὶ
3061 1251 3089 1300 6
3115 1249 3381 1320 μακάριος
3406 1242 3560 1309 οὗτος
3582 1249 3680 1302 ἐπὶ

2000 1336 2095 1390 τοῦ
2134 1337 2511 1408 δεσμωτηρίου
2553 1337 2681 1390 τότε
2717 1336 2960 1406 ἐποίησε.
3000 1338 3126 1399 τοὺς
3163 1336 3445 1403 δεσμώτας
3485 1337 3672 1401 λύσας,

1999 1426 2127 1488 τοὺς
2152 1424 2366 1494 τοίχους
2394 1423 2678 1488 σσλεύσας,
2714 1423 2803 1477 τὸν
2835 1423 3222 1492 δεσμοφύλακα
3244 1425 3436 1495 δήσας.
3469 1426 3562 1478 καὶ
3597 1425 3684 1494 τῷ·

1999 1516 2100 1585 τῆς
2129 1512 2410 1576 εὐσεϐείας
2447 1513 2851 1583 χειρωσάμενος
2890 1512 3052 1582 λόγῳ.
3092 1513 3151 1565 '0
3187 1512 3321 1566 λέων
3356 1513 3684 1581 φθέγγεται,

2000 1601 2096 1652 καὶ
2122 1601 2190 1652 τά
2219 1599 2383 1668 θηρία
2413 1599 2708 1668 φυγαδεύει
2739 1600 2917 1652 πάντα
2937 1613 2950 1627 ·
2976 1599 3004 1650 6
3046 1597 3200 1666 ἅγιος
3230 1599 3546 1668 φθέγγεται,
3583 1600 3678 1653 καὶ

1999 1689 2126 1751 τοὺς
2160 1687 2423 1758 δαίμονας
2464 1686 2758 1740 ἀπελαύνει
2811 1685 3104 1740 πάντοθεν·
3138 1686 3279 1740 ὅπλα
3321 1686 3414 1740 τοῦ
3461 1686 3679 1750 λέοντος

2001 1777 2146 1847 κόμη
2179 1777 2404 1847 τριχῶν,
2450 1775 2657 1846 ὀνύχων
2702 1775 2875 1846 ἀκμὴ,
2913 1775 3006 1827 καὶ
3047 1774 3266 1837 ὀδόντες
3318 1774 3680 1846 ῆκονημένοι·

2003 1865 2142 1919 ὅπλα
2179 1867 2385 1918 δικαίου
2419 1864 2726 1933 φιλοσοφία,
2765 1862 3051 1935 καρτερία,
3105 1862 3373 1933 ὑπομονὴ,
3409 1863 3679 1934 ὑπεροψία

1999 1955 2108 2007 τῶν
2138 1955 2420 2025 παρόντων
2464 1955 2741 2008 ἁπάντων.
2770 1951 2955 2005 Ταῦτα
2986 1951 3054 2005 τὰ
3094 1950 3234 2004 ὅπλα
3267 1968 3350 2013 τις
3391 1951 3548 2020 έχων,
3577 1951 3678 2004 οὐκ

2000 2041 2303 2113 ἀνθρώπων
2336 2043 2496 2112 μόνον
2530 2040 2802 2111 πονηρῶν,
2827 2039 2962 2094 ἀλλὰ
2986 2039 3081 2091 καὶ
3103 2038 3282 2090 αὐτῶν
3309 2036 3678 2104 καταγελάσε-

1998 2147 2090 2183 ται
2128 2129 2238 2182 τῶν
2269 2128 2660 2199 ἀντικειμένων
2697 2127 2996 2198 δυνάμεων.
3028 2125 3316 2196 Φρόντισον
3361 2126 3538 2176 τοίνυν
3578 2124 3679 2194 τῆς

2001 2219 2143 2272 κατά
2175 2219 2307 2273 Θεὸν
2358 2219 2524 2289 ζωῆς,
2569 2217 2845 2291 ἄνθρωπε,
2875 2217 2967 2269 καὶ
2999 2216 3174 2277 οὐδεὶς
3219 2212 3533 2284 περιέσεταί
3582 2212 3676 2264 σού

2002 2325 2156 2370 ποτε,
2191 2307 2328 2361 ἀλλά
2354 2305 2457 2360 κᾶν
2487 2307 2744 2360 ἁπάντων
2766 2304 3145 2375 εὐτελέστερος
3176 2298 3316 2354 εἶναι
3339 2301 3522 2370 δοκῇς.
3553 2301 3680 2353 πάν-

2001 2414 2110 2450 των
2141 2394 2510 2467 δυνατώτερος
2561 2394 2696 2467 ἔσῃ·
2745 2392 2938 2464 ὥσπερ
2981 2391 3046 2445 ἂν
3077 2390 3359 2462 ἀμελήσῃς
3397 2389 3492 2457 τῆς
3535 2388 3676 2442 κατὰ

1999 2484 2180 2555 ψυχὴν
2216 2485 2440 2555 ἀρετῆς,
2487 2483 2591 2537 κᾶν
2622 2481 2878 2536 ἁπάντων
2905 2480 3273 2551 δυνατώτερος
3300 2475 3386 2550 ᾗς,
3417 2477 3681 2548 εὐχείρω-

2001 2590 2092 2636 τος
2115 2573 2213 2646 έσῃ
2236 2576 2349 2636 τοῖς
2374 2570 2813 2625 ἐπιϐουλεύουσιν
2841 2570 3028 2624 ἅπασι.
3061 2567 3173 2640 [94]
3198 2568 3307 2621 Καὶ¹
3328 2566 3483 2620 τοῦτο
3508 2565 3676 2630 ἔδειξε

2007 2661 2104 2732 μὲν
2154 2660 2224 2714 τά
2270 2661 2535 2732 εἰρημένα
2587 2659 3035 2732 παραδείγματα·
3068 2659 3116 2710 εί
3160 2656 3217 2709 δὲ
3255 2656 3432 2726 βούλει
3470 2655 3567 2708 καὶ
3607 2653 3676 2706 δι’

2003 2748 2179 2820 ἔργων
2207 2765 2266 2800 σε
2297 2747 2506 2812 διδάξαι
2545 2747 2878 2818 πειράσομαι
2909 2745 3015 2798 τῶν
3043 2745 3265 2799 δικαίων
3296 2744 3357 2797 τὸ
3390 2741 3680 2810 ἀκαταγώ-

2003 2854 2180 2893 νιστον
2196 2836 2288 2889 καὶ
2314 2837 2422 2889 τῶν
2448 2833 2786 2907 ἁμαρτωλῶν
2812 2833 2872 2885 τὸ
2892 2833 3238 2903 εὐχείρωτον.
3261 2832 3524 2884 ’Ἄκουσον
3544 2828 3681 2898 γοῦν

2005 2925 2123 2988 πῶς
2150 2924 2434 2995 ἀμφότερα
2463 2923 2636 2976 ταῦτα
2665 2924 2692 2976 6
2716 2922 3001 2992 προφήτης
3035 2920 3257 2992 ᾐνίξατο
3277 2935 3291 2950 ·
3335 2920 3458 2986 Οὐχ
3485 2918 3674 2982 οὕτως

2003 3017 2056 3066 οί
2085 3012 2341 3078 ἀσεϐεῖς,
2371 3013 2485 3080 οὐχ
2515 3010 2688 3073 οὕτω,
2725 3009 2908 3079 φησὶν,
2953 3009 3091 3061 ἀλλ’
3125 3006 3163 3074 ἣ
3197 3006 3338 3062 ὡσεὶ
3368 3005 3574 3074 χνοῦς,
3605 3004 3678 3058 ὃν

2003 3101 2265 3168 ἐκρίπτει
2300 3103 2331 3153 ό
2358 3099 2576 3164 ἄνεμος
2605 3097 2724 3152 ἀπὸ
2754 3095 3076 3164 προσώπου
3109 3093 3217 3161 τῆς
3244 3091 3372 3161 γῆς.
3408 3092 3676 3165 Καθάπερ

2003 3188 2112 3258 γάρ
2143 3190 2349 3248 ἐκεῖνος
2370 3188 2487 3248 ταῖς
2509 3184 2618 3237 τῶν
2641 3183 2858 3253 ἀνέμων
2888 3181 3144 3252 ἐμϐολαῖς
3173 3180 3454 3250 πρόκειται
3480 3179 3676 3250 ῥᾳδίως

2003 3273 2516 3344 ἀναρῥιπιζόμενος,
2546 3269 2690 3324 οῦτω
2725 3269 2787 3341 δὴ
2818 3271 2911 3322 καὶ
2939 3271 2967 3321 6
2996 3266 3316 3337 ἁμαρτωλὸς
3343 3265 3446 3318 ὑπὸ
3474 3266 3676 3330 παντὸς

2005 3360 2316 3432 πειρασμοῦ
2354 3359 2758 3432 περιτρέπεται.
2793 3357 2964 3410 Ὅταν
2997 3355 3105 3426 γὰρ
3150 3355 3312 3418 αὐτὸς
3362 3353 3538 3425 ἐαυτῷ
3579 3372 3679 3408 πο-

2005 3451 2167 3521 λεμῇ,
2201 3449 2295 3502 καὶ
2323 3450 2422 3520 τὴν
2469 3449 2646 3519 μάχην
2694 3445 2972 3516 πανταχοῦ
3014 3443 3304 3517 περιφέρῃ,
3351 3443 3476 3497 ποία
3527 3443 3683 3514 αὐτῷ

2008 3537 2281 3608 σωτηρίας
2304 3535 2456 3599 ἐλπὶς
2481 3535 2693 3588 οἴκοθεν
2720 3533 3114 3606 προδεδομένῳ,
3138 3533 3231 3585 καὶ
3261 3533 3480 3603 διηνεκῆ
3518 3531 3679 3585 πολέ-

2010 3643 2130 3697 μιον
2165 3627 2478 3698 περιάγοντι
2503 3624 2564 3678 τὸ
2598 3624 2869 3687 συνειδός;
2912 3623 3051 3676 Ἀλλ’
3089 3624 3187 3693 οὐχ
3221 3625 3248 3676 6
3273 3622 3477 3686 δίκαιος
3504 3621 3680 3674 τοιοῦ-

2005 3732 2116 3778 τος,
2158 3715 2294 3768 ἀλλὰ
2323 3714 2598 3777 ποταπό-;
2640 3715 2905 3766 Ἀκουσον
2939 3712 3030 3764 τοῦ
3066 3710 3232 3765 αὐτοῦ
3273 3713 3554 3780 προφήτου
3588 3709 3670 3762 λέ-

2007 3820 2194 3870 γοντος
2219 3822 2231 3833 ·
2261 3805 2325 3855 Οἱ
2372 3802 2719 3866 πεποιθότες
2749 3800 2847 3853 ἐπὶ
2891 3801 3112 3867 Κύριον
3138 3801 3220 3865 ὡς
3247 3799 3383 3867 ὄρος
3408 3796 3576 3852 Σιών.
3612 3796 3682 3848 Τί

2009 3891 2126 3943 ποτ’
2156 3885 2248 3943 οῦν
2284 3892 2450 3952 ἐστιν,
2499 3889 2596 3954 Ὡς
2631 3888 2766 3955 ὅρος
2797 3886 2982 3950 Σιών;
3015 3889 3096 3940 Οὐ
3120 3883 3562 3952 σαλευθήσεται
3592 3887 3681 3951 εἰς

2009 3977 2117 4029 τὸν
2141 3975 2346 4039 αἰῶνα,
2380 3975 2532 4045 φησί.
2563 3974 2672 4028 Καὶ
2695 3973 2804 4046 γάρ
2829 3977 2927 4027 ὅσα
2962 3975 3028 4027 ἂν
3053 3973 3423 4042 προσενέγκῃς
3450 3983 3473 4010 θ
3503 3988 3682 4042 μηχα-

2009 4066 2245 4135 νήματα,
2272 4064 2373 4116 ὅσα
2408 4062 2473 4116 ἂν
2496 4063 2784 4134 ἀκοντίσῃς
2826 4061 2976 4132 βέλη,
3001 4061 3123 4132 ὅρος
3153 4059 3525 4130 καταστρέψαι
3561 4059 3681 4133 βου-

2009 4152 2255 4222 λόμενος,
2290 4151 2500 4203 ἐκείνου
2546 4151 2645 4220 μὲν
2677 4150 2931 4203 οὐδέποτε
2969 4149 3198 4221 περιέσῃ
3223 4147 3361 4218 (πῶς
3397 4149 3505 4220 γάρ
3520 4149 3587 4217 ς),
3609 4150 3683 4202 τὰ

2009 4240 2065 4292 δὲ
2099 4240 2467 4311 μηχανήματα
2495 4237 2766 4301 διαλύσεις
2798 4239 3032 4301 ἅπαντα,
3062 4239 3156 4290 καὶ
3185 4236 3284 4307 τὴν
3316 4235 3545 4289 σεαυτοῦ
3575 4253 3678 4289 κα-

2008 4328 2259 4391 ταλύσεις
2305 4326 2477 4398 ίσχύν.
2509 4325 2760 4388 Τοιοῦτός
2802 4325 2916 4377 ἐστι
2959 4325 3050 4377 καὶ
3096 4325 3124 4376 6
3171 4323 3416 4386 δίκαιος·
3448 4325 3577 4387 ὅσας
3612 4322 3681 4377 ἂν

2009 4415 2229 4487 δέξηται
2252 4413 2485 4485 πληγὰς,
2502 4413 2662 4475 αὐτὸς
2686 4413 2782 4481 μὲν
2799 4411 2948 4464 οὐδὲν
2965 4410 3133 4464 ἔπαθε
3155 4410 3346 4474 δεινὸν,
3362 4411 3470 4463 τῶν
3492 4411 3548 4465 δὲ
3569 4413 3685 4464 ἐπι-

2011 4503 2374 4556 ϐουλευόντων
2416 4500 2675 4554 καταλύει
2716 4499 2814 4569 τὴν
2854 4499 3103 4569 δύναμιν,
3135 4499 3235 4551 οὐκ
3287 4497 3592 4570 ἀνθρώπων
3624 4498 3683 4553 δὲ

2016 4594 2194 4663 μόνον,
2231 4590 2366 4643 ἀλλά
2398 4590 2492 4642 καὶ
2527 4588 2796 4658 δαιμόνων
2828 4587 3024 4640 αὐτῶν.
3066 4586 3346 4648 Ἤκουσας
3385 4585 3518 4654 γοῦν
3550 4585 3682 4638 πολ-

2011 4681 2168 4743 λάκις
2197 4679 2340 4733 πόσα
2371 4678 2692 4750 προσήγαγε
2719 4676 3084 4747 μηχανήματα
3107 4674 3185 4744 τῷ
3219 4674 3338 4728 Ἰὼϐ
3368 4676 3397 4727 ό
3416 4674 3680 4737 διάϐολος,

2013 4769 2108 4820 καὶ
2163 4767 2224 4820 οὐ
2263 4767 2421 4836 μόνον
2461 4766 2520 4818 οὐ
2560 4765 2875 4818 κατέσεισεν
2925 4765 3100 4816 ἐκεῖνο
3132 4762 3191 4815 τὸ
3228 4761 3372 4834 ὅρος,
3403 4761 3540 4815 ἀλλά
3587 4761 3684 4815 καὶ

2013 4857 2254 4921 ὲκλυθεὶς
2282 4854 2618 4928 ἀνεχώρησε,
2648 4853 2758 4907 τῶν
2783 4851 2950 4923 βελῶν
2979 4851 3144 4905 αὐτοῦ
3173 4850 3685 4915 κατακλασθέντων,

2014 4948 2108 5000 καὶ
2159 4946 2269 4998 τῶν
2316 4942 2720 5016 μηχανημάτων
2767 4939 3075 5011 γενομένων
3113 4939 3401 5011 ἀχρήστων
3442 4940 3550 4992 ἀπὸ
3587 4939 3688 5009 τῆς

2015 5033 2319 5106 προσϐολῆς
2347 5032 2579 5100 ἐκείνης.

2085 5127 2154 5190 γ’.
2180 5121 2367 5173 Ταῦτα
2384 5114 2474 5171 οῦν
2501 5117 2871 5186 ἐπιστάμενοι,
2892 5113 2993 5184 τῆς
3013 5114 3156 5184 ζωῆς
3185 5113 3570 5186 ἐπιμελώμεθα
3589 5112 3689 5183 τῆς

2017 5209 2308 5280 ἡμετέρας,
2358 5207 2454 5260 καὶ¹
2503 5207 2640 5277 μήτε
2685 5205 2814 5277 περὶ
2867 5204 3128 5275 χρήματα
3181 5203 3575 5273 σπουδάσωμεν
3619 5201 3690 5256 τά

2016 5297 2385 5368 ἀπολλύμενα,
2432 5297 2568 5368 μήτε
2616 5295 2745 5367 περὶ
2789 5292 2946 5358 δόξαν
2992 5291 3091 5363 τὴν
3124 5290 3513 5361 σϐεννυμένην,
3549 5289 3691 5360 μήτε

2018 5389 2149 5457 περὶ
2177 5387 2237 5440 τὸ
2263 5386 2421 5457 σῶμα
2439 5387 2501 5440 τὸ
2526 5384 2825 5456 γηράσκον,
2861 5385 2998 5454 μήτε
3021 5380 3149 5451 περὶ
3179 5380 3374 5444 κάλλος
3402 5382 3463 5432 τὸ
3492 5394 3692 5449 μαραι-

2018 5479 2262 5548 νόμενον,
2297 5477 2435 5546 μήτε
2461 5475 2588 5547 περὶ
2610 5473 2822 5545 τρυφὴν
2849 5471 2947 5544 τὴν
2979 5469 3356 5542 διαρῥέουσαν,
3388 5467 3524 5522 ἀλλὰ
3561 5465 3693 5538 περὶ

2017 5566 2195 5638 ψυχὴν
2224 5564 2441 5620 ἅπασαν
2470 5560 2837 5632 ἀναλώσωμεν
2864 5559 2884 5599 ί
2917 5559 3016 5631 τὴν
3052 5557 3392 5629 ἐπιμέλειαν,
3435 5556 3526 5609 καὶ
3554 5552 3693 5608 ταύ-

2083 5748 2106 5786 d
2134 5750 2216 5799 Sic
2236 5749 2388 5799 Savil.
2413 5755 2463 5797 et
2493 5749 2699 5797 maxima
2722 5758 2834 5806 pars
2855 5757 2972 5792 mss.
3010 5748 3168 5806 τεοῖο.
3196 5739 3370 5790 Morel.
3396 5735 3692 5806 εὐπρεπείας.

2021 5872 2071 5918 γ
2088 5813 2109 5840 °
2135 5811 2233 5861 Alii
2257 5811 2578 5874 προσαγάγῃς.
2609 5804 2942 5870 Mox—quidam
2967 5818 3082 5854 mss.
3107 5805 3214 5867 ὅρος
3241 5804 3551 5865 κατασκάψαι
3581 5805 3697 5865 βου-

2039 5889 2229 5918 ωιενος.

2039 5889 2229 5918 ιοιιενος.

2081 5891 2130 5918 τι·
2220 5909 2229 5918 .

2081 5891 2288 5985 legal-il.
2318 5939 2368 5983 et
2389 5934 2578 5994 aliquot
2610 5946 2725 5980 mas.
2751 5929 3097 5994 ἀναλίσκωμεν,
3133 5927 3305 5994 Morel.
3331 5932 3382 5994 ει
3401 5924 3482 5974 alii
3503 5926 3690 5994 ᾁναλὼ·

2025 6016 2197 6062 οωμεν.
2230 5996 2351 6047 Infra
2375 5989 2524 6047 Savil.
2553 5996 2630 6042 καὶ
2650 5997 2681 6050 ’ἡ
2707 5994 2786 6054 μὲν
2819 5990 2902 6040 τοῦ
2927 5989 3148 6055 σώματος
3172 5990 3409 6052 θεραπεία,
3441 5989 3517 6034 καὶ
3545 6003 3687 6048 ςαριι.
