4072 6384
401 321 496 377 101

393 451 494 504 την
529 432 692 488 παντὶ
727 433 1152 506 θεραπεύσωμεν
1184 435 1388 506 τρόπῳ.
1441 434 1675 506 Σώματα
1707 436 1806 506 μὲν
1836 436 1942 506 γὰρ
1969 437 2060 490 θε-

397 521 666 592 ραπεῦσαι
697 522 1020 594 νενοσηκότα
1049 523 1109 576 οὐ
1145 523 1309 576 παντὶ
1337 523 1540 594 ῥᾴδιον,
1575 523 1751 593 ψυχὴν
1798 524 1853 576 δὲ
1876 525 2062 595 ἀρρω-

397 608 626 662 στοῦσαν
662 610 909 664 ἰάσασθαι
938 611 1119 681 ῥᾴδιον
1156 611 1308 662 πᾶσι·
1351 612 1446 665 καὶ
1478 612 1510 682 ὴ
1542 611 1641 677 μὲν
1674 610 1768 664 τοῦ
1814 609 2065 681 σώματος

393 697 676 766 ἀρρωστία
706 698 799 750 καὶ
829 699 1136 768 φαρμάκων
1165 697 1356 763 δεῖται,
1388 699 1479 750 καὶ
1515 698 1777 769 ἀργυρίου
1809 699 1945 769 πρὸς
1976 698 2061 750 θε-

395 784 646 852 ραπείαν·
679 785 788 855 ἡδὲ
809 785 904 855 τῆς
928 784 1106 854 ψυχῆς
1135 784 1405 855 Θεραπεία
1425 784 1624 848 εῦωνος
1651 787 1747 840 καὶ
1769 786 2060 849 ἀδάπανοςο

393 870 488 922 καὶ
515 871 615 941 τῆς
645 871 744 941 μὲν
775 872 976 942 σαρκὸς
1009 875 1042 942 ή
1068 871 1228 941 φύσις
1257 873 1396 943 μετά
1419 871 1613 925 πολλοῦ
1638 873 1732 925 τοῦ
1761 873 1922 926 πόνου
1955 873 2065 926 τῶν

393 956 750 1026 ἐνοχλούντων
777 959 1174 1012 ἀπαλλάττεται
1198 959 1548 1030 τραυμάτωψ
1576 960 1798 1030 καὶγὰρ
1823 960 2064 1031 σιδήριον

391 1047 690 1113 ἐπαγαγεῖν
710 1047 1005 1114 ἀναγκαῖον
1035 1047 1312 1112 πολλάκις,
1341 1049 1435 1101 καὶ
1455 1049 1628 1119 πικρά
1659 1049 1944 1120 φάρμακα·
1972 1051 2066 1101 ἐπὶ

389 1132 444 1186 δὲ
469 1134 568 1202 τῆς
597 1133 779 1205 ψυχῆς
810 1136 962 1190 οὐδὲν
1000 1136 1243 1189 τοιοῦτόν
1281 1138 1450 1200 ἐστιν,
1491 1138 1608 1190 ἀλλ’
1646 1139 1807 1210 ἀρκεῖ
1838 1137 2063 1208 θελῆσαι

391 1219 486 1273 καὶ
515 1220 838 1293 βουληθῆναι
862 1225 1041 1294 μόνον,
1065 1225 1157 1279 καὶ
1183 1225 1357 1279 πάντα
1381 1223 1758 1296 κατώρθωται.
1785 1226 1893 1279 Καὶ
1908 1225 2064 1279 τοῦτο

387 1308 486 1376 τῆς
525 1307 620 1361 τοῦ
651 1309 786 1363 Θεοῦ
821 1313 1076 1384 προνοίας
1119 1312 1279 1384 ἔργον
1321 1312 1564 1380 γέγονεν·
1602 1314 1790 1384 ἐπειδὴ
1819 1314 1928 1385 γὰρ
1956 1315 2063 1367 ἀπὸ

391 1394 489 1462 μὲν
523 1399 621 1466 τῆς
659 1397 752 1450 τοῦ
786 1397 1036 1469 σώματος
1064 1399 1376 1471 ἀρρωστίας
1406 1401 1468 1453 οὑ
1507 1399 1676 1471 πολλὴ
1713 1402 1908 1469 γένοιτ’
1936 1400 2001 1454 ἀν
2028 1403 2062 1472 ή

387 1480 560 1552 βλάϐη
591 1483 715 1549 (κάν
735 1485 843 1556 γάρ
879 1485 954 1557 μὴ
981 1488 1318 1558 νοσήσωμεν,
1342 1487 1586 1541 ἐπελθὼν
1615 1488 1643 1540 6
1672 1487 1902 1551 θάνατος
1932 1489 2064 1542 αὐτὸ

385 1565 577 1638 φθερεῖ
613 1569 706 1622 καὶ
740 1570 1030 1625 καταλύσει
1070 1571 1330 1642 πάντως),
1355 1573 1414 1626 τὸ
1439 1573 1496 1626 δὲ
1520 1575 1628 1627 πᾶν
1657 1575 1714 1628 ἐν
1734 1576 1800 1645 τῇ
1829 1575 1928 1645 τῆς
1961 1574 2062 1644 ψυ-

383 1654 484 1724 χῆς
517 1656 710 1726 ήμῶν·
753 1658 912 1729 ὑγεία
941 1663 1140 1722 κεῖται,
1174 1659 1268 1712 τοῦ
1303 1661 1485 1730 πολλῷ
1514 1661 1934 1733 χρησιμωτέρου
1965 1664 2062 1716 καὶ

382 1742 806 1816 ἀναγκαιοτέρου
845 1746 1032 1817 ῥᾳδίαν
1070 1747 1294 1818 ἐποίησε
1317 1748 1412 1804 καὶ
1441 1748 1716 1802 ἀδάπανον
1737 1749 1832 1802 καὶ
1854 1748 2061 1804 ἀνώδυ-

383 1847 472 1883 νον
499 1831 597 1901 τήν
627 1833 942 1903 θεραπείαν.
969 1834 1102 1889 Τίνα
1125 1830 1218 1888 οῦν
1243 1833 1437 1906 ἕξομεν
1464 1835 1784 1905 ἀπολογίαν,
1821 1837 1980 1891 ποίαν
2003 1837 2060 1890 δέ

383 1921 735 1993 συγγνώμην,
763 1924 892 1978 ὅταν
918 1922 1171 1993 σώματος
1203 1925 1302 1995 μὲν
1336 1925 1641 1990 νοσοῦντος,
1672 1926 1800 1980 ἔνθα
1835 1927 1929 1980 καὶ
1957 1927 2058 1999 ἀρ-

381 2007 570 2080 γύριόν
597 2010 712 2062 ἐστι
747 2011 1097 2076 καταϐαλεῖν,
1131 2015 1226 2067 καὶ
1259 2016 1478 2086 ἰατροὺς
1518 2015 1922 2086 παρακαλέσαι,
1963 2017 2056 2070 καὶ

380 2095 572 2168 ὀδύνην
605 2098 896 2170 ὑπομεῖναι
926 2101 1149 2171 πολλὴν,
1173 2101 1441 2173 τοσαύτην
1470 2102 1753 2173 ποιώμεθα
1774 2103 1890 2174 [95]
1925 2103 2058 2174 πρό-

378 2200 546 2250 νοιαν,
576 2186 860 2241 καὶταῦτα
873 2188 933 2240 οὐ
952 2189 1153 2258 πολλῆς
1174 2191 1305 2260 ἡμῖν
1323 2190 1350 2230 δ
1369 2191 1467 2261 τῆς
1486 2189 1688 2261 βλάϐης
1710 2189 1817 2243 ἀπὸ
1835 2191 1932 2260 τῆς
1954 2192 2054 2261 ἀρ-

378 2273 618 2342 ρωστίας
653 2275 945 2346 γινομένης
987 2277 1221 2346 ἐκείνης·
1271 2277 1449 2347 ψυχῆς
1497 2278 1556 2332 δὲ
1599 2278 2053 2349 καταφρονῶμεν,

377 2361 673 2416 καὶταῦτα
705 2363 844 2433 μήτε
879 2363 1144 2435 ἀργύριον
1183 2365 1543 2418 καταϐάλλειν
1579 2365 1884 2435 μέλλοντες,
1918 2367 2055 2436 μήτε

375 2447 596 2520 ἐτέρους
616 2449 926 2520 διενοχλεῖν,
955 2453 1092 2523 μήτε
1130 2451 1320 2516 ὀδύνας
1345 2453 1696 2524 ὑφίστασθαι,
1723 2453 1859 2508 ἀλλά
1885 2455 2054 2526 χωρὶς

373 2533 580 2589 τούτων
609 2537 868 2592 ἀπάντων
889 2539 979 2593 διὰ
997 2539 1090 2592 τοῦ
1111 2540 1439 2612 προελέσθαι
1474 2542 1567 2594 καὶ
1596 2540 1924 2612 βουληθῆναι
1953 2543 2051 2612 μό-

374 2639 485 2688 νον,
519 2625 701 2678 πᾶσαν
726 2625 894 2697 αὐτῆς
931 2626 1217 2698 δυνάμενοι
1251 2627 1582 2698 ποιήσασθαι
1612 2627 1708 2698 τὴν
1742 2627 2048 2700 διόρθωσιν,

374 2711 470 2765 καὶ
502 2713 744 2782 ἀκριϐῶς
787 2714 1008 2780 εἰδότες,
1038 2716 1115 2780 ὡς
1154 2719 1203 2770 εἰ
1249 2715 1324 2788 μὴ
1365 2716 1522 2770 τοῦτο
1565 2717 1912 2787 ποιήσαιμεν,
1951 2717 2051 2786 τὴν

373 2796 613 2872 ἐσχάτην
643 2803 1064 2875 ὑποπησόμεθα
1086 2803 1261 2876 δίκην,
1290 2805 1384 2858 καὶ
1410 2805 1508 2868 τὰς
1528 2805 1937 2876 ἀπαραιτήτους
1961 2821 2053 2856 κο-

373 2889 560 2955 λάσεις
586 2892 680 2945 καὶ
699 2894 968 2964 τιμωρίας
987 2910 1002 2959 ;
1027 2894 1162 2947 Εἰπὲ
1185 2893 1293 2964 γάρ
1321 2911 1433 2964 μοι,
1462 2894 1613 2957 εἴτις
1635 2893 1902 2964 ὑπέσχετο
1924 2909 2052 2946 παι-

370 2977 558 3032 δεῦσαί
588 2997 646 3033 σε
680 2981 876 3052 τέχνην
912 2980 1160 3053 ἰατρικὴν
1195 2985 1251 3034 ἐν
1287 2981 1518 3052 βραχείᾳ
1545 2980 1738 3052 καιροῦ
1776 2983 1916 3052 ῥοπῇ
1943 2997 2052 3050 χω-

374 3065 461 3134 ρὶς
482 3067 748 3138 ἀργυρίου
773 3069 866 3122 καὶ
894 3069 1080 3134 πόνου,
1109 3069 1208 3122 οὐκ
1235 3068 1300 3122 ἂν
1324 3070 1621 3140 εὐεργέτην
1641 3069 1927 3140 ἐνόμισας;
1951 3069 2051 3121 οὐκ

373 3153 441 3206 ἂν
473 3154 742 3222 κατεδέξω
769 3157 862 3210 καὶ
895 3158 1118 3227 ποιῆσαι
1147 3158 1242 3209 καὶ¹
1275 3155 1469 3209 παθεῖν
1505 3156 1721 3210 ἅπαντα
1758 3155 1902 3227 άπερ
1931 3155 2050 3207 ἐκέ-

373 3239 562 3294 λευσεν
594 3245 622 3295 6
652 3242 826 3298 ταῦτα
855 3243 1350 3313 ἐπαγγειλάμενος;
1403 3244 1534 3298 Ἰδοὺ
1561 3243 1656 3297 νῦν
1681 3242 1855 3308 ἔξεστι
1880 3245 2049 3316 χωρὶς

373 3328 550 3383 πόνων
578 3331 700 3401 οὐχὶ
731 3331 1020 3402 σωμάτων,
1056 3332 1193 3386 ἀλλά
1228 3332 1338 3384 τῶν
1374 3333 1475 3403 τῆς
1510 3332 1688 3403 ψυχῆς
1719 3333 2048 3402 τραυμάτων

371 3416 439 3470 τά
473 3417 740 3490 φάρμακα
770 3421 973 3488 εὑρεῖν,
1015 3421 1109 3475 καὶ
1147 3422 1313 3493 χωρὶς
1344 3421 1537 3491 ὀδύνης
1569 3421 1714 3484 τινὸς
1743 3422 1823 3483 είς
1862 3420 2048 3488 ὑγείαν

371 3506 538 3578 αὐτὴν
561 3510 950 3577 ἐπαναγαγεῖν.
984 3510 1075 3579 Μὴ
1095 3510 1276 3564 τοίνυν
1300 3509 1612 3580 ἀμελῶμεν.
1640 3509 1774 3563 Ποία
1797 3508 1905 3578 γὰρ
1930 3507 2048 3562 ὀδύ-

371 3611 462 3664 νη,
491 3596 613 3649 εἰπέ
649 3614 760 3666 μοι,
788 3597 956 3669 ὀργὴν
986 3599 1203 3667 ἀφεῖναι
1229 3598 1307 3669 τῷ
1331 3599 1692 3668 λελυπηκότι;
1733 3598 1920 3668 ὐδύνη
1948 3596 2046 3667 μὲν

373 3678 466 3736 οῦν
491 3683 608 3736 ἐστι
634 3683 695 3736 τὸ
725 3687 1101 3755 μνησικακεῖν,
1141 3687 1234 3739 καὶ
1263 3685 1338 3756 μὴ
1369 3685 1852 3739 καταλλάττεσθαι.
1889 3688 2047 3749 Ποῖος

372 3769 533 3833 πόνος
553 3770 814 3836 εὔξασθαι
839 3773 931 3826 καὶ
955 3773 1176 3844 αἰτῆσαι
1213 3774 1382 3844 μυρία
1409 3774 1590 3842 ἀγαθά
1615 3773 1767 3845 παρά
1791 3773 1885 3826 τοῦ
1915 3791 2048 3844 προ-

373 3856 559 3927 θύμως
592 3859 826 3923 διδόντος
851 3859 1016 3923 Θεοῦ;
1042 3863 1192 3924 ποῖος
1213 3862 1374 3925 πόνος
1411 3863 1485 3931 μὴ
1516 3861 1704 3926 κακῶς
1739 3863 1913 3915 εἰπεῖν
1943 3879 2047 3931 μη-

371 3945 525 4012 δένας
559 3945 684 4000 ποία
707 3947 962 4002 δυσκολία
980 3948 1356 4019 ἀπαλλαγῆναι
1376 3948 1568 4018 φθόνου
1593 3950 1685 4002 καὶ
1710 3949 2008 4019 βασκανίας
2029 3965 2042 4010 ;

374 4033 526 4097 ποῖος
559 4033 756 4104 μόχθος
780 4037 1002 4106 ἀγαπᾷν
1031 4036 1122 4088 τὸν
1148 4036 1402 4107 πλησίον;
1438 4037 1566 4088 ποία
1598 4035 1941 4107 ταλαιπωρία
1968 4035 2046 4107 μὴ

373 4119 706 4190 φθέγγεσθαι
753 4125 954 4196 αίσχρά
1001 4125 1243 4198 ῥήματα,
1301 4124 1436 4194 μηδέ
1473 4123 1850 4195 λοιδορεῖσθαι,
1911 4123 2046 4194 μηδέ

372 4209 644 4280 ὑϐρίζεινς
668 4213 819 4274 ποῖος
841 4214 1084 4283 κάματος
1115 4212 1189 4284 μὴ
1216 4212 1473 4283 ὀμνύναι;
1502 4212 1662 4266 πάλιν
1688 4211 1798 4282 γὰρ
1827 4212 1920 4264 ἐπὶ
1945 4212 2046 4281 τὴν

372 4298 544 4367 αὐτὴν
571 4297 685 4367 ἥξω
715 4299 1053 4370 παραίνεσιν.
1090 4299 1258 4362 Πόνος
1292 4300 1388 4370 μὲν
1419 4295 1512 4354 οῦν
1545 4298 1800 4369 μέγιστος
1829 4300 1887 4352 τὸ
1916 4299 2046 4369 ὀμό-

376 4401 484 4439 σαι·
533 4385 791 4450 πολλάκις
830 4387 958 4455 γοῦν
1000 4389 1106 4442 ὑπὸ
1145 4387 1320 4458 θυμοῦ
1351 4390 1446 4442 καὶ
1480 4389 1650 4460 ὀργῆς
1691 4388 2045 4457 κατεχόμενοι

372 4473 755 4545 διωμοσάμεθα
781 4476 1049 4546 μηδέποτε
1064 4476 1472 4530 διαλλάττεσθαι
1493 4488 1515 4516 ο
1535 4479 1646 4539 τοῖς
1660 4475 2044 4546 λελυπηκόσιν,

373 4557 491 4613 εἶτα
518 4561 616 4632 τῆς
643 4563 813 4634 ὀργῆς
843 4563 1184 4634 σϐεσθείσης,
1215 4566 1308 4619 καὶ
1333 4564 1427 4618 τοῦ
1462 4563 1636 4634 θυμοῦ
1661 4563 2043 4634 χαλασθέντος.

375 4646 728 4719 βουληθέντες
770 4652 1200 4723 καταλλαγῆναι,
1240 4653 1335 4705 καὶ
1374 4652 1479 4705 ὑπὸ
1507 4651 1607 4721 τῆς
1642 4651 1888 4720 ἀνάγκης
1916 4667 2044 4703 κατ-

373 4735 620 4805 εχόμενοι
648 4738 758 4792 τῶν
780 4739 980 4809 ὅρκων,
1015 4740 1334 4812 ἠλγήσαμεν
1363 4738 1551 4809 ὥσπερ
1575 4738 1680 4790 τινὶ
1703 4738 1888 4806 παγίδι
1921 4755 2046 4791 κατ-

373 4824 640 4894 εχόμενοι,
663 4827 757 4879 καί⁵
781 4827 1000 4897 δεσμοῖς
1025 4827 1238 4889 ἀλύτοις
1262 4826 1654 4897 συνδεδεμένοι.
1693 4827 1870 4896 Ὅπερ
1901 4826 1993 4880 καὶ
2016 4827 2045 4880 ὁ

377 4911 617 4976 διάϐολος
649 4911 825 4976 εἰδὼς,
862 4915 954 4967 καὶ
985 4914 1229 4984 ἀκριϐῶς
1257 4915 1618 4983 ἐπιστάμενος
1648 4915 1730 4966 ὅτι
1761 4912 1872 4984 πῦρ
1895 4914 2042 4968 ἐστιν

371 5001 401 5051 6
427 4999 617 5071 θυμὸς,
653 5003 744 5055 καὶ
775 5002 972 5073 ῥᾳδίως
1006 5003 1312 5067 σϐέννυται,
1343 5003 1438 5056 καὶ
1467 5001 1560 5054 τοῦ
1593 5000 1766 5070 θυμοῦ
1795 5000 2047 5054 σϐεσθέν-

376 5097 482 5146 τος,
526 5084 834 5155 καταλλαγὴ
873 5085 1083 5154 γίνεται
1122 5087 1215 5140 καὶ
1255 5085 1425 5154 φιλία,
1472 5085 1792 5155 βουλόμενος
1831 5085 1892 5138 τὸ
1933 5085 2045 5157 πῦρ

373 5163 529 5217 τοῦτο
563 5167 742 5236 μένειν
777 5167 1059 5233 ἄσϐεστον,
1090 5169 1237 5239 ὅρκῳ
1264 5167 1522 5230 πολλάκις
1545 5169 1691 5237 ἡμᾶς
1723 5167 2039 5238 κατέδησεν,

374 5245 482 5312 ῖνα,
518 5245 675 5319 κεινὴ
705 5248 842 5320 ὀργὴ
869 5249 1029 5320 λήξῃ,
1061 5251 1094 5321 ή
1121 5251 1333 5321 ἀνάγκη
1355 5249 1446 5303 τοῦ
1475 5251 1638 5321 ὅρκου
1675 5249 1910 5320 μένουσα
1931 5249 2034 5302 δια-

435 5405 462 5471 ς
489 5403 639 5471 §av_il.
665 5413 717 5456 ct
737 5408 934 5471 quidam
959 5423 1074 5458 mss.
1099 5408 1228 5471 ἡμῖν,
1256 5409 1428 5458 Morel.
1451 5409 1606 5458 etalii
1634 5410 1788 5470 ἡμῶν.

431 5460 466 5532 ξ
487 5465 636 5532 San].
662 5478 715 5517 et
734 5460 815 5518 a'lii
835 5471 890 5517 οὐ
913 5460 1266 5532 μεγάληςῆμῖν.

437 5528 464 5559 ο
485 5527 557 5582 ιιι
576 5529 746 5582 Morel.
771 5539 824 5582 et
839 5527 991 5584 Saiill
1013 5527 1250 5594 reete,'ut
1267 5532 1463 5584 videtur
1484 5548 1497 5582 :
1519 5531 1710 5595 aliquot
1729 5537 1896 5583 autem
1919 5546 2038 5583 mss.

1245 319 1302 377 S.
1341 320 1628 378 JOANNIS
1663 320 2154 379 CHRYSOSTOMI
2193 321 2514 380 ARCHIEP.
2559 320 3099 378 CONSTANTINOP.

3733 319 3835 374 109.

2169 440 2312 509 τηρῇ
2337 437 2437 508 τὴν
2467 435 2645 508 πυρὰν
2683 439 2740 489 ἐν
2774 436 2928 506 ήμῖν,
2961 434 3056 489 καὶ
3087 434 3232 488 δυοῖν
3263 433 3487 506 θάτερον
3520 433 3761 504 γένηται,
3798 433 3830 503 ἢ

2171 523 2604 591 καταλλαγέντες
2638 524 3076 593 ἐπιορκήσωμεν,
3108 521 3142 592 ἢ
3175 519 3249 592 μὴ
3272 519 3694 590 καταλλαγέντες
3720 522 3835 582 τοῖς

2170 613 2267 683 τῆς
2304 611 2672 682 μνησικακίας
2713 609 3007 680 ἐπιτιμίοις
3050 607 3381 672 ὑπευθύνους
3407 609 3641 670 ἑαυτοὺς
3668 624 3836 660 κατα-

2167 701 2478 770 στήσωμεν.

2231 786 2293 843 δ’.
2315 787 2498 839 Ταῦτα
2524 781 2616 839 οῦν
2641 785 2840 848 εἰδότες
2870 784 3158 855 φεύγωμεν
3183 783 3308 846 τοὺς
3322 782 3536 853 ὅρκους,
3560 783 3652 836 καὶ
3676 781 3836 853 μελε-

2162 873 2308 928 τάτω
2346 874 2408 926 τὺ
2445 874 2619 944 στόμα
2647 873 2805 943 ήμῶν
2831 873 3011 940 λέγειν
3050 870 3306 942 συνεχῶς·
3341 871 3698 924 Πίστευσονο
3741 869 3838 924 καὶ

2163 961 2314 1014 ἔσται
2335 960 2492 1014 τοῦτο
2515 962 2696 1030 πάσης
2718 959 3006 1024 εὐλαϐείας
3029 958 3282 1024 ὑπόθεσις
3307 961 3460 1028 ἡμῖν.
3484 957 3704 1012 Γλῶττα
3725 956 3834 1025 γάρ

2163 1049 2509 1103 παιδευθεῖσα
2542 1047 2702 1101 τοῦτο
2735 1049 2914 1116 λέγειν
2949 1048 3011 1100 τὸ
3045 1047 3103 1100 ἐν
3127 1047 3154 1088 ἀ
3186 1048 3357 1118 ῥῆμα,
3387 1048 3700 1116 αἰσχύνεται
3738 1047 3837 1100 καὶ

2162 1137 2391 1209 ἐρυθριᾷ
2425 1138 2645 1207 ῥήματα
2673 1135 2977 1206 ἐξενεγκεῖν
3006 1135 3210 1207 αἰσχρά
3234 1135 3330 1188 καὶ
3358 1134 3552 1188 ἄτοπα·
3595 1133 3697 1188 κάν
3724 1133 3838 1187 ἀπὸ

2163 1224 2452 1295 συνηθείας
2476 1225 2725 1296 προαχθῇ
2757 1241 2910 1288 ποτε,
2945 1223 3177 1285 πολλοὺς
3205 1223 3404 1292 ἔχουσα
3435 1223 3558 1284 τοὺς
3591 1221 3834 1292 κατηγό-

2165 1329 2290 1384 ρους
2323 1312 2772 1382 ἀνασταλήσεται.
2810 1312 2977 1364 Ὅταν
3003 1311 3112 1380 γάρ
3142 1328 3222 1374 τις
3259 1310 3344 1381 ἴδῃ
3373 1309 3465 1363 τὸν
3494 1309 3568 1379 μὴ
3595 1307 3838 1379 ὀμνύντα

2161 1400 2361 1470 αἰσχρά
2394 1399 2782 1470 φθεγγόμενον,
2815 1399 3190 1469 ἐπεμϐήσεται
3222 1398 3420 1468 ῥᾳδίως
3441 1395 3588 1465 αὐτῷ
3616 1395 3709 1449 καὶ
3737 1413 3837 1447 κα-

2159 1487 2540 1557 ταγελάσεται,
2569 1487 2664 1541 καὶ
2701 1485 2978 1556 κωμῳδῶν
3023 1488 3158 1558 ἐρεῖο
3183 1486 3256 1538 Σὺ
3295 1487 3323 1540 6
3353 1485 3434 1550 τὸ,
3468 1486 3834 1548 Πίστευσον,

2161 1577 2255 1629 ἐπὶ
2285 1577 2419 1630 πᾶσι
2455 1575 2650 1644 λέγων,
2686 1575 2787 1628 οὐκ
2815 1575 2983 1646 ἀνέχῃ
3017 1574 3179 1642 ὅρκον
3217 1573 3499 1644 προέσθαι,
3530 1572 3625 1624 καὶ
3658 1571 3840 1641 ῥήμα-

2163 1681 2248 1718 σιν
2275 1666 2524 1735 αἰσχροῖς
2564 1662 2949 1733 καταισχύνεις
2983 1678 3078 1714 σου
3111 1661 3210 1734 τὴν
3237 1660 3516 1730 γλῶτταν;
3549 1659 3709 1710 Ὥστε
3742 1658 3839 1709 καὶ

2159 1753 2405 1816 ἄκοντες,
2434 1751 2538 1804 ὑπὸ
2562 1751 2671 1804 τῶν
2701 1750 2987 1823 παρόντων
3017 1749 3481 1820 συνελαυνόμενοι,
3513 1746 3650 1818 πρὸς
3679 1745 3838 1797 εὐλά-

2162 1841 2315 1893 ϐειαν
2345 1839 2706 1911 ἐπανήξομεν.
2737 1840 2801 1891 Τί
2825 1835 2939 1903 οῦν,
2972 1838 3068 1892 ἐὰν
3104 1839 3343 1907 ἀνάγκη,
3377 1836 3562 1908 φησὶν,
3600 1833 3833 1904 ὀμόσαι;

2161 1929 2338 1980 Ὅπου
2367 1927 2534 1998 νόμου
2577 1927 2888 1999 παράϐασίς
2929 1925 3045 1998 [96]
3087 1929 3256 1988 ἐστιν,
3289 1926 3388 1978 οὑκ
3416 1925 3560 1977 ἐστιν
3595 1923 3838 1992 ἀνάγκη.

2158 2017 2269 2070 Καὶ
2295 2015 2537 2078 δυνατὸν,
2579 2016 2734 2086 φησὶ,
2778 2015 3007 2094 καθόλου
3042 2015 3118 2086 μὴ
3155 2013 3421 2085 όμνύναι;
3461 2012 3525 2065 Τί
3560 2011 3777 2079 λέγεις;
3806 2012 3838 2064 6

2158 2104 2288 2168 Θεὸς
2309 2103 2583 2169 ἐκέλευσε,
2610 2104 2703 2157 καὶ
2729 2103 2935 2174 τολμᾷς
2964 2103 3241 2174 ἐρωτῆσαι
3268 2105 3317 2156 εἰ
3346 2101 3570 2155 δυνατὸν
3599 2099 3835 2169 φυλάξαι

2155 2194 2247 2246 τὸν
2268 2193 2464 2262 νόμον;
2500 2191 2787 2246 Ἀδύνατον
2824 2192 2924 2262 μὲν
2950 2188 3043 2246 οῦν
3070 2192 3130 2246 τὸ
3160 2191 3236 2262 μὴ
3272 2189 3523 2259 φυλάξαισ
3558 2186 3837 2242 καὶτοῦτο

2155 2280 2263 2333 ἀπὸ
2297 2280 2406 2334 τῶν
2437 2280 2721 2352 παρόντων
2750 2280 2893 2350 ὑμᾶς
2925 2281 3112 2332 πεῖσαι
3149 2278 3432 2348 βούλομαι,
3465 2279 3546 2331 ὅτι
3578 2277 3639 2329 οὑ
3668 2277 3728 2328 τὸ
3756 2276 3836 2347 μὴ

2155 2366 2405 2438 ὀμνύναι,
2441 2367 2577 2421 ἀλλά
2603 2368 2664 2420 τὸ
2691 2367 2920 2438 ὀμνύναι
2955 2367 3237 2420 ἀδύνατον.
3281 2366 3416 2419 Ἰδοὺ
3449 2363 3580 2435 γοῦν
3608 2365 3834 2435 χρυσίου

2155 2455 2553 2526 ἐκελεύσθησαν
2591 2458 2920 2526 εἰσενεγκεῖν
2945 2457 2994 2510 οἱ
3031 2457 3129 2529 τὴν
3160 2455 3314 2509 πόλιν
3345 2455 3616 2518 οἰκοῦντες
3640 2453 3833 2507 δοκοῦν

2154 2545 2252 2616 τὴν
2267 2545 2374 2597 τῶν
2391 2544 2602 2598 πολλῶν
2623 2545 2972 2616 ὑπερϐαίνειν
2998 2545 3245 2616 δύναμιν,
3265 2547 3379 2608 καὶ,
3406 2545 3465 2599 τὸ
3486 2544 3645 2598 πλέον
3660 2547 3833 2597 εἰσενο

2156 2631 2400 2702 ήνεκται.
2430 2633 2525 2686 καὶ
2550 2632 2658 2685 τῶν
2689 2632 3065 2688 ἀπαιτούντων
3096 2634 3243 2686 ἐστιν
3267 2633 3499 2686 ἀκοῦσαι
3537 2633 3825 2700 λεγόντων·

2156 2720 2221 2772 Τί
2249 2719 2484 2790 μέλλεις,
2519 2718 2770 2790 ἄνθρωπε
2791 2737 2806 2784 ;
2829 2720 2880 2772 τί
2909 2720 2966 2772 δέ
2996 2720 3211 2792 ἡμέραν
3230 2719 3286 2786 ἐξ
3317 2719 3528 2790 ἡμέρας
3554 2716 3830 2787 ἀναϐάλλῃ

2156 2807 2332 2876 ἡμᾶς;
2368 2805 2442 2878 μὴ
2478 2806 2588 2877 γὰρ
2617 2807 2843 2860 δυνατὸν
2872 2807 3165 2876 ἐκφυγεῖνς
3205 2807 3466 2877 βασιλέως
3508 2806 3670 2875 νόμος
3712 2806 3830 2858 ἐστὶ

2158 2893 2468 2964 μελλήσεως
2496 2895 2596 2947 οὐκ
2636 2893 2980 2964 ἀνεχόμενος.
3015 2894 3079 2946 Τί
3120 2894 3321 2962 λέγεις,
3369 2893 3490 2946 εἰπέ
3530 2910 3649 2963 μοι;
3683 2892 3826 2962 βασι-

2152 2977 2278 3042 λεὺς
2329 2977 2586 3031 ἐκέλευσε
2633 2981 2891 3050 χρήματα
2937 2981 3288 3048 εἰσενεγκεῖν,
3333 2983 3429 3033 καὶ
3462 2979 3719 3035 ἀδύνατον
3754 2979 3828 3052 μὴ

2153 3067 2500 3134 εἰσενεγκεῖνο
2541 3068 2570 3118 6
2607 3065 2739 3129 Θεὸς
2771 3065 3027 3120 ἐκέλευσε
3061 3067 3286 3136 φεύγειν
3317 3068 3444 3131 τοὺς
3483 3068 3696 3137 ὅρκους.
3734 3069 3829 3120 καὶ

2154 3155 2334 3221 λέγεις
2367 3155 2450 3209 ὅτι
2482 3153 2742 3209 ἀδύνατον
2777 3155 3000 3224 φεύγειν
3031 3157 3158 3221 τοὺς
3198 3157 3428 3227 δρκουςς
3466 3157 3671 3227 ’Έκτην
3718 3156 3830 3226 ἔχω

2149 3243 2356 3314 ταύτην
2377 3245 2594 3314 ἡμέραν
2619 3244 2747 3314 περὶ
2775 3245 2979 3314 ταύτης
3004 3244 3132 3314 ὑμῖν
3157 3244 3438 3318 παραινῶν
3458 3245 3558 3313 τῆς
3583 3245 3822 3314 ἐντολῆς·

2151 3330 2334 3383 λοιπὸν
2362 3332 2489 3400 ὑμῖν
2519 3329 2886 3395 συντάξασθαι
2917 3331 3176 3401 βούλομαι
3211 3332 3286 3396 ὡς
3315 3333 3705 3402 ἀφιστάμενος.
3739 3335 3828 3387 ἵνα

2150 3417 2542 3489 ἀσφαλίζησθε.
2595 3419 2709 3471 Οὐκ
2754 3418 2832 3472 ἔτι
2869 3419 3135 3489 ἀπολογία
3185 3437 3268 3484 τις
3314 3421 3442 3490 ὑμῖν
3493 3420 3665 3483 ἔσται,
3705 3422 3829 3474 οὐδὲ

2153 3504 2472 3575 συγγνώμη·
2513 3506 2747 3576 μάλιστα
2782 3507 2879 3578 μὲν
2907 3508 3016 3579 γὰρ
3054 3510 3104 3560 εἰ
3142 3508 3234 3560 καὶ
3269 3507 3432 3578 μηδὲν
3459 3506 3666 3578 εἴρητο,
3695 3511 3830 3578 παρ’

2151 3591 2306 3661 ὑμῶν
2342 3592 2520 3646 αὐτῶν
2550 3593 2655 3646 ἔδει
2683 3593 3042 3666 διορθωθῆναι
3069 3594 3249 3648 τοῦτο’
3291 3595 3410 3648 οὐδέ
3441 3594 3549 3666 γάρ
3584 3595 3828 3650 ποικίλον

2149 3680 2319 3739 ἐστὶν.
2363 3679 2484 3733 οὐδέ
2518 3680 2720 3750 πολλῆς
2749 3682 3002 3752 δεόμενον
3034 3681 3400 3754 κατασκευῆς.
3443 3683 3612 3737 Ὅταν
3643 3682 3699 3735 δέ
3728 3684 3828 3736 καὶ

2147 3765 2417 3835 τοσαύτης
2445 3761 2544 3837 ἦτε
2586 3769 2964 3838 παραινέσεως
2996 3771 3090 3823 καὶ
3124 3770 3434 3841 συμϐουλῆς
3467 3769 3828 3824 ἀπολελαυκό-

2146 3871 2260 3933 τες,
2289 3854 2410 3908 τίνα
2445 3856 2741 3924 ἀπολογίαν
2774 3860 2946 3911 εἰπεῖν
2979 3859 3127 3923 ἕξετε
3168 3859 3577 3928 ἐγκαλούμενοι,
3613 3859 3704 3911 καὶ
3732 3859 3826 3910 ἐπὶ

2149 3941 2242 3994 τοῦ
2271 3942 2514 4014 βήματος
2544 3944 2776 4009 ἑστῶτες
2801 3945 2894 3999 τοῦ
2920 3947 3172 4018 φοϐεροῦ,
3195 3948 3286 4000 καὶ
3308 3947 3536 4010 εὐθύνας
3565 3945 3825 4000 ἀπαιτού-

2153 4047 2306 4100 μενοι
2333 4032 2434 4100 τῆς
2477 4034 2822 4102 παρανομίας
2855 4034 3094 4103 ταύτης;
3125 4036 3238 4088 Οὐκ
3278 4036 3423 4089 ἐστιν
3460 4035 3715 4105 οὐδεμίαν
3743 4036 3824 4088 εί-

2148 4121 2270 4172 πεῖν
2287 4119 2604 4188 ἀπολογίαν,
2632 4121 2746 4174 ἀλλ’
2765 4122 3000 4192 ἀνάγκη.
3024 4123 3056 4196 ἢ
3081 4123 3529 4195 κατορθώσαντας
3545 4122 3821 4185 ἀπελθεῖν,

2148 4205 2181 4276 ἢ
2223 4206 2296 4276 μὴ
2335 4207 2789 4278 κατορθώσαντας
2816 4210 3162 4276 κολάζεσθαι,
3193 4211 3288 4264 καὶ
3313 4211 3412 4282 τὴν
3435 4211 3666 4282 ἐσχάτην
3693 4211 3824 4263 ὑπο-

2151 4291 2333 4362 μένειν
2355 4292 2528 4363 δίκην.
2557 4294 2743 4348 Ταῦτα
2769 4292 2864 4349 οῦν
2888 4299 3238 4368 ἐννοήσαντες
3263 4298 3480 4352 ἅπαντα
3501 4310 3546 4360 θ,
3573 4297 3668 4351 καλ⁵
3686 4299 3825 4368 μετά

2148 4381 2348 4452 πολλῆς
2394 4383 2644 4437 ἐντεῦθεν
2689 4387 3147 4457 ἀναχωρήσαντες
3192 4388 3294 4458 τῆς
3327 4388 3626 4460 φροντίδος,
3668 4389 3824 4461 ἀλλή-

2149 4468 2274 4533 λους
2304 4471 2747 4541 παρακελεύεσθε
2781 4475 2849 4529 τὰ
2881 4477 2938 4528 ἐν
2970 4476 3259 4540 τοσαύταις
3290 4479 3526 4550 ἡμέραις
3556 4478 3825 4550 εἰρημένα

2153 4555 2300 4634 μετά⁸
2321 4555 2501 4626 πάσης
2527 4559 2764 4629 τηρῆσαι
2801 4562 2901 4632 τῆς
2931 4562 3183 4632 φυλακῆς
3213 4565 3305 4618 ἐπὶ
3332 4566 3430 4636 τῆς
3457 4565 3693 4629 διανοίας
3722 4567 3826 4636 τῆς

2151 4638 2441 4710 ὑμετέρας,
2469 4641 2556 4695 ἵνα
2578 4644 2668 4696 καὶ
2689 4645 2722 4715 ή
2731 4645 2847 4715 μῶν
2869 4645 3145 4715 σιγώντων
3167 4648 3431 4719 ἀλλήλους
3451 4649 3823 4715 παιδεύοντες,

2147 4726 2577 4797 οἰκοδομοῦντες,
2614 4731 3086 4801 παρακαλοῦντες,
3117 4733 3320 4806 πολλὴν
3353 4736 3693 4806 ἐπιδείξησθε
3722 4737 3824 4808 τὴν

2147 4812 2408 4878 ἐπίδοσιν,
2439 4816 2532 4868 καὶ
2561 4818 2687 4881 τοὺς
2717 4818 2939 4882 λοιποὺς
2971 4819 3220 4885 ἅπαντας
3244 4822 3699 4894 ἐκπληρώσαντες
3730 4825 3822 4878 νό⁴

2151 4917 2307 4971 μους,
2337 4903 2685 4976 ἁπολαύσητε
2725 4906 2834 4960 τῶν
2876 4908 3110 4962 αἰωνίων
3155 4910 3456 4977 στεφάνων,
3501 4905 3576 4965 ὧν
3615 4911 3824 4981 γένοιτο

2149 4989 2360 5056 πάντας
2397 4993 2544 5063 ἡμᾶς
2591 4995 2892 5064 ἐπιτυχεῖν,
2940 4997 3124 5069 χάριτι
3172 5000 3267 5053 καὶ
3317 4999 3694 5073 φιλανθρωπίᾳ
3724 5001 3822 5056 τοῦ

2149 5077 2356 5149 Κυρίου
2380 5081 2537 5150 ἡμῶν
2575 5082 2749 5154 Ἰησοῦ
2784 5085 3046 5154 Χριστοῦ,
3079 5086 3145 5139 δι’
3173 5081 3234 5142 οῦ
3259 5088 3353 5142 καὶ⁸
3379 5088 3498 5159 μεθ’
3519 5084 3580 5144 οῦ
3602 5089 3679 5159 τῷ
3702 5090 3818 5143 Ila-

2148 5165 2240 5234 τρὶ
2272 5167 2306 5235 ἡ
2341 5167 2470 5233 δόξα
2511 5167 2628 5239 ἃμα
2665 5168 2744 5239 τῷ
2789 5172 2932 5244 ἁγίῳ
2968 5173 3267 5245 Πνεύματι,
3321 5176 3403 5239 είς
3449 5177 3576 5242 τοὺς
3617 5175 3823 5243 αίῶνσς

2149 5252 2256 5304 τῶν
2295 5253 2526 5309 αἰώνων.
2573 5257 2766 5328 Ἀμήν.

2150 5411 2456 5466 διαλέξεσθαι.

2212 5471 2239 5564 (ἔ
2255 5473 2871 5594 Έῖἰόὲἓὲἱέιέἓυὼμεάωη
2887 5494 3002 5532 mss.
3016 5480 3145 5534 Infra
3158 5483 3268 5536 Sav.
3283 5484 3376 5534 ὑπὸ
3388 5486 3547 5546 me.
3566 5501 3646 5549 πρ.
3659 5483 3818 5536 πάλιν.
