4072 6384
451 417 542 473 101
1384 422 1473 480 ΑΙ)
1512 416 1830 482 POPULUM
1871 422 2357 482 ANTIOCHENUM
2420 425 2649 482 IIOMIL.
2690 425 2817 484 Vill.

447 546 590 587 circa
618 531 851 587 animam
879 549 1091 590 omnem
1128 549 1309 591 curam
1351 536 1720 608 impendamus
1744 581 1760 607 ,
1800 547 1854 594 et
1895 539 2034 593 hanc

444 622 590 678 omni
616 624 777 679 modo
802 638 1068 684 Curemus.
1102 628 1342 698 Corpora
1372 631 1567 701 quippe
1592 632 1898 702 languentia
1924 647 2031 688 non

445 714 695 769 omnibus
717 729 907 771 curare
937 717 1089 772 facile
1114 729 1196 773 est
1220 760 1234 784 ,
1266 722 1498 774 animam
1529 735 1658 777 vero
1695 722 2032 778 laborantem

442 812 525 856 est
549 803 743 874 cuique
772 806 1023 861 medicari
1051 808 1397 865 facillimum:
1428 821 1483 866 et
1524 813 1767 882 corporis
1813 814 2031 884 quidem

443 893 649 946 curatio
673 935 689 961 ,
717 903 770 949 et
796 895 1203 953 medicaminum
1228 908 1284 954 et
1317 901 1520 971 argenti
1564 902 1763 973 indiget
1788 945 1802 969 ,
1840 904 2031 959 anima:

444 996 571 1037 vero
598 982 750 1039 facile
781 987 1029 1055 parabilis
1054 997 1108 1043 et
1139 990 1410 1059 impendio
1447 1006 1638 1048 carens
1674 1011 1687 1048 :
1715 995 1893 1049 carnis
1930 1010 2030 1050 na-

446 1083 559 1129 tura
588 1078 754 1132 multo
778 1094 897 1133 cum
927 1079 1109 1135 labore
1136 1081 1204 1136 ab
1233 1082 1606 1139 infestantibus
1633 1084 1889 1140 liberatur
1912 1086 2026 1141 vul-

442 1171 663 1225 neribus
697 1188 713 1225 :
744 1173 940 1227 etenim
973 1172 1174 1228 ferrum
1201 1191 1345 1245 saepe
1376 1186 1432 1232 et
1470 1191 1650 1231 amara
1677 1177 2029 1233 medicamina

444 1262 700 1319 adhibere
727 1266 1087 1320 necessarium
1120 1278 1236 1335 est;
1280 1269 1332 1323 in
1376 1270 1548 1324 anima
1593 1286 1724 1325 vero
1769 1270 1901 1325 nihil
1948 1281 2031 1329 est

445 1355 549 1409 tale
575 1395 592 1420 ,
622 1356 716 1410 sed
748 1365 955 1411 tantum
987 1359 1121 1412 velle
1146 1370 1200 1414 et
1238 1376 1437 1431 cupere
1479 1362 1672 1417 sufﬁcit
1696 1404 1712 1429 ,
1752 1372 1809 1418 et
1850 1364 2028 1419 omnia

442 1456 682 1499 correcta
727 1457 871 1500 sunt.
918 1448 987 1502 Et
1028 1450 1128 1504 hoc
1171 1449 1272 1505 fuit
1313 1468 1447 1523 opus
1497 1453 1593 1508 Dei
1636 1453 2025 1524 providentiae:

441 1537 691 1603 quooiam
737 1538 879 1592 enim
924 1555 989 1594 ex
1034 1543 1274 1611 corporis
1309 1545 1616 1600 inﬁrmitate
1655 1561 1761 1601 non
1802 1546 2028 1601 multum

442 1627 553 1682 ﬁeri
585 1639 961 1685 nocumentum
996 1642 1171 1701 potest
1196 1654 1209 1689 :
1249 1651 1369 1690 nam
1396 1638 1557 1692 etiam
1587 1638 1633 1692 si
1664 1653 1772 1693 non
1799 1648 2027 1709 aegrote-

441 1734 560 1773 mus
582 1763 598 1787 ,
631 1736 776 1777 mors
804 1725 1187 1792 superveniens
1222 1726 1393 1795 ipsum
1436 1736 1781 1799 corrumpet,
1818 1741 1872 1785 et
1909 1745 2025 1785 om-

441 1814 567 1867 nino
592 1813 889 1869 dissolvet:
924 1825 1092 1870 totum
1134 1833 1263 1873 vero
1299 1819 1453 1874 nobis
1502 1819 1555 1874 in
1596 1822 1760 1875 animi
1799 1822 2027 1877 sanitate

438 1907 595 1960 situm
621 1915 704 1961 est
736 1926 748 1961 :
792 1909 960 1964 multo
988 1910 1214 1965 utilioris
1242 1920 1297 1965 et
1321 1912 1488 1981 magis
1514 1914 1833 1967 necessaria:
1860 1914 2027 1983 partis

438 1999 766 2054 curationem
794 2000 1146 2075 fecitfacilem
1172 2011 1227 2057 et
1258 2003 1527 2072 impendio
1547 2012 1602 2058 et
1621 2004 1807 2060 dolore
1833 2021 2026 2061 caren-

436 2097 564 2143 tem.
615 2090 781 2157 Quam
828 2092 985 2163 igitur
1019 2095 1419 2151 excusationem
1472 2086 1830 2152 habebimus?
1863 2114 2024 2169 quam

434 2190 609 2236 autem
637 2186 843 2240 veniam
872 2228 887 2253 ,
914 2201 1034 2241 cum
1065 2190 1305 2258 corporis
1332 2189 1547 2260 quidem
1573 2231 1589 2256 ,
1624 2190 1709 2245 ubi
1736 2201 2017 2261 argentum

438 2283 727 2343 erogatur,
773 2285 828 2331 et
868 2278 1058 2333 medici
1101 2290 1487 2348 accersuntur,
1532 2289 1586 2335 et
1629 2282 1829 2336 multus
1874 2282 2028 2337 dolor

438 2364 766 2433 sustinetur,
800 2376 999 2423 tantam
1039 2386 1288 2440 geramus
1329 2386 1553 2436 curam,
1595 2374 1859 2442 praecipue
1902 2388 2025 2427 cum

436 2470 542 2510 non
570 2472 819 2527 magnum
850 2460 919 2513 sit
948 2459 1103 2516 nobis
1131 2461 1383 2516 damnum
1404 2477 1470 2517 ex
1496 2462 1642 2517 illius
1669 2463 1982 2532 {egritudine
2008 2481 2023 2529 ;

432 2546 665 2601 animum
694 2564 821 2602 vero
847 2559 1253 2606 contemnamus
1276 2593 1291 2618 ,
1324 2560 1380 2606 et
1415 2551 1519 2606 hoc
1545 2566 1667 2606 cum
1699 2568 1798 2607 nec
1834 2568 2026 2624 argen-

434 2648 543 2693 tum
573 2655 794 2711 erogare
818 2683 831 2705 ,
864 2658 961 2696 nec
1004 2643 1139 2698 alios
1182 2643 1494 2712 perturbare
1517 2685 1533 2711 ,
1585 2659 1762 2714 neque
1801 2644 2015 2700 dolores

431 2732 695 2786 sustinere
723 2732 1056 2799 debeamus;
1086 2735 1179 2789 sed
1208 2734 1411 2805 absque
1438 2736 1520 2790 his
1549 2737 1798 2791 onmibus
1827 2752 2023 2808 propo-

432 2823 536 2875 sito
566 2823 736 2876 solum
768 2832 823 2878 et
862 2825 1135 2880 voluntate
1174 2840 1387 2881 omnem
1431 2826 1598 2896 ipsius
1636 2828 2023 2883 correctionem

430 2913 607 2970 facere
638 2917 947 2985 possimus:
976 2926 1032 2972 et
1066 2919 1268 2986 optime
1310 2920 1543 2973 sciamus
1579 2934 1679 2974 nos
1708 2960 1722 2987 ,
1773 2920 1875 2974 nisi
1922 2919 2023 2976 hoc

433 3007 718 3062 ‘ecerimus
747 3050 762 3074 ,
795 3017 1087 3064 extremam
1119 3011 1391 3066 subituros
1419 3026 1626 3080 poenam
1651 3052 1666 3077 ,
1705 3020 1761 3066 et
1801 3012 2023 3067 inevita-

446 3097 556 3150 ,..ia
588 3107 852 3153 tormenta
879 3108 1039 3169 atque
1070 3101 1373 3170 supplicia?
1404 3102 1496 3155 Dic
1522 3116 1751 3171 namque
1778 3102 1906 3155 mihi
1930 3142 1950 3169 ,
1977 3103 2019 3157 si

430 3189 547 3259 quis
574 3198 743 3244 artem
767 3191 1045 3246 medicina:
1077 3192 1224 3247 brevi
1246 3193 1503 3262 temporis
1528 3202 1801 3248 momento
1820 3195 2021 3264 absque

429 3291 650 3349 argento
679 3291 732 3336 et
758 3283 941 3338 labore
967 3298 1028 3338 se
1068 3283 1353 3338 docturum
1402 3294 1454 3339 te
1492 3284 1830 3353 polliceretur
1852 3326 1869 3352 ,
1913 3302 2021 3340 non

428 3374 600 3439 ipsum
633 3382 846 3442 putares
891 3373 1329 3430 benefactorcm?
1370 3390 1550 3430 nonne
1592 3376 1803 3432 subires
1841 3378 2019 3433 omnia

430 3464 604 3519 facere
631 3473 686 3519 et
712 3466 816 3534 pati
845 3507 859 3531 ,
890 3481 1240 3535 quaecumque
1272 3466 1388 3520 haec
1432 3468 1690 3536 pollicens
1725 3469 2019 3538 jussisset?

432 3553 567 3608 Ecce
602 3569 744 3608 nunc
781 3555 899 3609 sine
934 3555 1203 3611 laboribus
1248 3557 1407 3621 licet,
1450 3572 1556 3611 non
1596 3558 1836 3627 corporis
1862 3600 1877 3625 ,
1923 3559 2019 3613 sed

429 3644 621 3698 anima:
652 3646 930 3701 vulnerum
976 3648 1217 3703 invenire
1256 3647 1489 3703 remedia
1515 3690 1530 3715 ,
1572 3658 1627 3703 et
1660 3664 1777 3704 eam
1814 3650 2019 3720 absque

428 3734 615 3791 dolore
645 3737 752 3791 ullo
778 3738 845 3792 ad
881 3740 1164 3793 sanitatem
1196 3739 1456 3796 reducere
1483 3757 1497 3794 :
1540 3756 1610 3796 ne
1656 3741 1812 3811 igitur
1853 3743 2018 3812 negli-

423 3840 632 3894 gamus.
665 3827 794 3894 Quis
821 3829 963 3882 enim
993 3870 1008 3893 ,
1054 3830 1141 3885 dic
1185 3832 1314 3885 mihi
1339 3874 1355 3899 ,
1406 3831 1561 3886 dolor
1586 3872 1600 3895 ,
1642 3832 1774 3886 iram
1818 3832 2019 3888 contri-

423 3920 583 3973 stanti
612 3921 937 3975 remittere?
967 3923 1132 3977 Dolor
1172 3925 1386 3993 quidem
1434 3936 1518 3981 est
1566 3926 1785 3995 injurias
1828 3928 2013 3981 menti.

425 4009 567 4064 nisse
595 4053 610 4075 ,
644 4019 700 4065 et
726 4028 828 4065 non
854 4014 1149 4068 conciliari.
1178 4015 1307 4082 Quis
1339 4016 1489 4071 labor
1517 4032 1674 4071 orare
1696 4058 1709 4081 ,
1740 4027 1793 4071 et
1832 4031 1861 4069 a
1907 4018 2015 4072 Deo

426 4112 669 4173 prompte
692 4105 964 4173 prwbenze
984 4147 997 4170 ,
1024 4107 1303 4161 innumera
1335 4109 1471 4163 bona
1495 4110 1713 4178 petere?
1730 4110 1847 4179 quis
1867 4110 2016 4164 labor

423 4195 709 4251 detrahere
741 4201 937 4253 nemini
961 4201 984 4254 ?
1007 4217 1125 4270 qum
1148 4201 1429 4257 difﬁcultas
1451 4204 1518 4258 ab
1546 4204 1743 4258 invidia
1769 4214 1822 4258 et
1847 4206 2014 4260 livore

422 4288 678 4343 liberari?
723 4306 842 4360 qua:
912 4294 1154 4348 molestia
1226 4296 1527 4363 proximum
1579 4296 1841 4367 diligere?
1892 4314 2012 4368 qua:

424 4390 661 4437 mrumna
709 4400 813 4437 non
851 4385 1021 4454 turpia
1070 4387 1231 4440 verba
1284 4388 1467 4457 loqui,
1514 4403 1621 4442 non
1669 4388 2006 4455 convicium,

423 4490 528 4527 non
559 4474 803 4543 injuriam
834 4475 1074 4530 inferre?
1097 4493 1215 4546 quae
1245 4477 1477 4549 fatigatio
1505 4495 1607 4533 non
1633 4479 1815 4547 jurare
1838 4480 1862 4534 Ἰ
1889 4496 2009 4534 rur-

424 4578 540 4617 sum
568 4565 708 4619 cnim
739 4566 805 4620 ad
835 4569 1076 4621 eamdem
1104 4567 1384 4623 deveniam
1412 4570 1852 4626 admonitionem.
1896 4571 2009 4626 lmo

422 4656 576 4710 labor
617 4657 881 4712 maximus
914 4659 1139 4728 jurare;
1190 4663 1384 4730 saepius
1423 4663 1567 4717 enim
1615 4664 1692 4717 ira
1730 4673 1785 4718 et
1829 4664 2009 4720 furore

422 4746 623 4801 detenti
652 4790 666 4813 ,
697 4764 794 4802 nos
823 4750 1181 4805 infestantium
1209 4754 1437 4822 cuipiam
1484 4769 1589 4807 non
1636 4755 2011 4810 reconciliatu-

424 4853 513 4893 ros
535 4839 830 4908 juravimus
853 4883 868 4908 ,
895 4851 1077 4911 postea
1108 4844 1183 4897 ira
1214 4846 1473 4901 exstincta
1501 4856 1555 4900 et
1580 4845 1757 4903 furore
1784 4848 1967 4903 sedato
1988 4891 2003 4915 ,

424 4930 759 4984 reconciliari
813 4934 1093 5002 volentes,
1136 4944 1190 4990 et
1220 4936 1644 5005 juramentorum
1689 4942 2007 4995 necessitate

419 5021 637 5074 coerciti
661 5062 676 5085 ,
701 5021 967 5079 doluimus
996 5034 1264 5095 tamquam
1312 5028 1502 5099 laqueo
1543 5030 1771 5101 quodam
1803 5032 2006 5087 detenti

418 5118 474 5162 et
502 5111 728 5167 vinculis
758 5113 1127 5171 insolubilibus
1157 5116 1368 5173 irrctiti.
1392 5120 1542 5188 Quod
1568 5132 1621 5176 ct
1643 5122 1884 5178 diabolus
1906 5138 2007 5177 no-

418 5202 533 5269 vit,
566 5212 619 5259 et
644 5206 767 5274 quia
797 5206 950 5275 plane
977 5210 1124 5263 novit
1150 5209 1282 5263 iram
1327 5226 1447 5266 esse
1491 5214 1667 5283 ignem
1693 5254 1708 5280 ,
1753 5225 1807 5269 et
1851 5214 2007 5271 facile

419 5296 686 5365 exstingui
711 5338 726 5362 ,
755 5305 808 5352 et
833 5299 1093 5355 exstincta
1123 5300 1200 5354 ira
1229 5304 1717 5359 reconciliationem
1745 5315 1800 5360 et
1828 5307 2008 5362 amici-

421 5380 549 5435 tiam
597 5384 785 5453 sequi,
831 5386 1051 5455 cupicns
1110 5387 1285 5457 ignem
1337 5390 1478 5445 hunc
1521 5393 2004 5464 incxstinguibilem

420 5487 639 5529 manere
659 5516 676 5542 ,
704 5475 1008 5546 juramento
1039 5495 1137 5535 nos
1163 5484 1357 5552 saepius
1386 5485 1613 5540 irrctivit
1637 5529 1652 5554 ,
1679 5498 1739 5543 ut
1762 5498 1817 5544 et
1854 5490 1900 5544 si
1925 5491 2005 5546 ira

413 5563 711 5634 desiverit,
746 5566 1035 5639 juramenti
1064 5576 1355 5630 necessitas
1384 5592 1607 5635 manens
1628 5621 1644 5647 ,
1672 5580 1920 5636 ardorem
1948 5582 2003 5636 in

3631 426 3728 478 NB

2142 539 2297 593 nobis
2320 548 2640 605 conservet,
2670 550 2724 595 et
2748 540 2974 594 duorum
3002 538 3094 593 fiat
3123 538 3345 591 alterum
3372 578 3386 604 ,
3414 536 3495 591 vel
3536 552 3729 592 recon—

2138 628 2301 683 ciliati
2339 629 2640 700 pejeremus
2663 669 2680 696 ,
2733 630 2817 684 vel
2864 645 2969 683 non
3016 627 3344 683 reconciliati
3368 668 3384 692 ,
3417 627 3525 681 odii
3559 629 3727 697 culpa:

2144 728 2355 775 nosmet
2383 735 2506 775 reos
2531 721 2938 775 constituamus.

2208 813 2263 867 4.
2307 810 2522 866 Horatia
2568 812 2852 865 exhortatio
2895 811 2965 863 ad
3012 811 3307 881 juramenta
3372 809 3603 863 vitanda.
3656 838 3724 850 -ο

2141 905 2269 959 ιῐαξο
2316 905 2474 974 igitur
2523 905 2793 968 scientes,
2840 904 3141 973 juramenta
3190 902 3452 973 fugiamus
3491 912 3545 956 ct
3595 902 3722 956 assi-

2140 994 2243 1049 due
2291 995 2578 1049 meditetur
2619 1010 2680 1049 os
2725 1004 2964 1050 nostrum
3018 994 3236 1059 dicere,
3283 991 3483 1046 Crede:
3529 1000 3586 1045 et
3627 991 3728 1045 hoc

2133 1086 2236 1140 erit
2308 1086 2462 1140 nobis
2530 1087 2692 1141 totius
2756 1085 2971 1155 pietatis
3052 1094 3441 1155 argumentum.
3524 1083 3727 1152 Lingua

2133 1179 2277 1232 enim
2325 1178 2543 1232 verbum
2604 1179 2703 1233 hoc
2746 1193 2908 1232 unum
2938 1179 2955 1209 ¹
3001 1177 3182 1232 dicere
3223 1179 3398 1241 docta,
3443 1175 3726 1230 confundi-

2134 1277 2221 1324 tur
2276 1279 2331 1325 et
2394 1269 2666 1325 erubescit
2714 1273 2886 1340 turpia
2957 1279 3012 1325 et
3077 1268 3306 1322 absurda
3377 1268 3536 1322 verba
3600 1283 3725 1337 pro-

2135 1361 2275 1417 ferre
2304 1380 2318 1416 :
2347 1363 2470 1417 etsi
2496 1378 2708 1417 rursum
2734 1377 2764 1416 a
2790 1361 3175 1418 consuetudine
3211 1361 3517 1414 retrahatur
3544 1402 3559 1421 .
3590 1360 3720 1414 mul-

2134 1458 2219 1505 tos
2260 1450 2463 1506 habens
2502 1460 2840 1507 accusatores
2880 1452 3217 1521 corripietnr.
3258 1454 3389 1505 Cum
3419 1452 3562 1506 enim
3601 1452 3721 1521 quis

2135 1556 2239 1594 non
2259 1541 2528 1610 jurantem
2556 1544 2727 1611 turpia
2772 1542 2967 1597 viderit
2991 1542 3154 1597 verba
3194 1541 3551 1611 proferentem
3580 1583 3595 1607 ,
3644 1542 3726 1594 in-

2136 1631 2355 1685 sultabit
2385 1631 2540 1687 facile
2564 1673 2579 1698 ,
2607 1633 2872 1689 deridebit
2900 1674 2916 1701 ,
2959 1642 3013 1687 et
3048 1648 3273 1704 carpens
3316 1632 3459 1688 dicet
3490 1650 3504 1688 :
3531 1633 3609 1688 Tu
3634 1634 3726 1703 qui

2133 1722 2187 1778 in
2218 1724 2467 1779 omnibus
2493 1725 2625 1780 dicis
2653 1767 2668 1793 ,
2697 1724 2891 1793 Crede,
2929 1725 3290 1795 juramentum
3332 1724 3571 1795 proferre
3616 1740 3725 1779 non

2132 1814 2335 1869 audens
2359 1857 2373 1877 ,
2408 1817 2678 1886 quomodo
2723 1817 2966 1886 turpibus
3004 1818 3234 1887 linguam
3281 1826 3423 1871 tuam
3464 1818 3727 1871 sermoni-

2132 1905 2233 1960 bus
2261 1909 2638 1963 contaminas?
2667 1909 2845 1979 Itaque
2868 1919 2921 1963 et
2964 1910 3110 1963 inviti
3142 1924 3171 1962 a
3199 1909 3551 1977 praesentibus
3577 1924 3727 1963 com-

2132 1999 2307 2067 pulsi,
2340 2001 2407 2053 ad
2437 2002 2685 2069 pietatem
2708 2002 3017 2056 rcdibimus.
3045 2000 3183 2067 Quid
3224 2001 3383 2071 igitur
3426 2001 3470 2055 si
3504 2001 3721 2070 furandi

2136 2090 2430 2145 necessitas
2453 2092 2566 2146 sit?
2594 2093 2766 2162 inquit
2790 2094 2999 2161 aliquis.
3026 2092 3124 2148 Ubi
3147 2102 3230 2147 est
3256 2093 3385 2163 legis
3413 2093 3725 2162 praevarica-

2138 2181 2212 2234 tio
2238 2223 2254 2248 ,
2278 2197 2385 2235 non
2416 2191 2498 2236 est
2520 2184 2835 2238 necessitas.
2868 2183 2936 2237 Et
2965 2183 3218 2252 possibile
3245 2192 3328 2238 est
3356 2184 3566 2253 penitus
3593 2224 3608 2247 ,
3638 2184 3723 2236 in-

2136 2272 2289 2341 quit,
2320 2288 2425 2327 non
2445 2273 2834 2344 jurare?Quid
2875 2275 2996 2329 ais?
3044 2274 3182 2329 Deus
3224 2274 3424 2346 jussit,
3473 2285 3529 2330 et
3560 2274 3724 2330 audes

2135 2360 2509 2433 interrogare,
2588 2379 2653 2418 an
2719 2363 2891 2434 legem
2953 2365 3223 2420 custodire
3286 2367 3355 2419 sit
3420 2366 3723 2436 possibile?

2137 2452 2252 2508 lmo
2306 2455 2635 2525 impossibile
2681 2472 2785 2510 non
2834 2449 3144 2523 custodire,
3196 2466 3250 2511 et
3298 2455 3401 2511 hoc
3451 2471 3545 2526 per
3587 2472 3724 2525 prae-

2133 2547 2305 2601 sentia
2353 2547 2504 2602 vobis
2554 2548 2880 2617 persuadere
2945 2548 3069 2603 volo
3128 2548 3269 2618 quod
3340 2563 3444 2602 non
3525 2548 3726 2616 impos-

2135 2638 2291 2692 sibile
2336 2638 2406 2693 sit
2453 2654 2559 2693 non
2600 2640 2824 2707 jurare,
2875 2640 2968 2695 sed
3012 2640 3214 2709 jurare.
3248 2637 3383 2693 Ecce
3416 2639 3557 2693 enlm
3585 2639 3721 2706 jussi

2130 2738 2252 2783 sunt
2281 2728 2468 2784 urbem
2500 2730 2819 2795 habitantes,
2847 2731 2986 2802 quod
3013 2731 3297 2785 multorum
3320 2732 3461 2785 vires
3482 2731 3718 2785 excede—

2130 2835 2189 2872 re
2216 2820 2446 2882 videtur,
2472 2837 2661 2876 aurum
2687 2837 2928 2893 erogare,
2957 2833 3011 2878 et
3050 2823 3223 2892 major
3246 2838 3369 2892 pars
3386 2822 3494 2891 jam
3525 2820 3717 2877 collata

2129 2921 2234 2978 est,
2263 2922 2425 2983 atque
2473 2923 2753 2970 exactores
2800 2914 2988 2971 audire
3041 2916 3202 2981 licet,
3256 2916 3541 2971 dicentes:
3583 2917 3721 2981 Quid

2126 3007 2311 3061 tardas
2337 3006 2534 3062 homo?
2561 3007 2687 3076 quid
2726 3023 2856 3063 vero
2886 3024 2984 3062 nos
3017 3007 3085 3062 de
3111 3007 3199 3061 die
3227 3008 3277 3061 in
3311 3007 3452 3062 diem
3498 3007 3722 3063 differs?

2132 3114 2239 3153 non
2265 3100 2406 3154 enim
2433 3098 2667 3170 effugere
2698 3108 2849 3170 potes
2880 3118 2892 3153 :
2923 3099 3006 3154 lex
3058 3100 3400 3168 Imperatoris
3450 3110 3551 3165 est,
3597 3117 3717 3170 qu:c

2112 3205 2334 3251 .moram
2372 3207 2478 3245 non
2534 3192 2751 3261 patitur.
2791 3191 2927 3260 Quid
2971 3207 3152 3261 qna-so
3204 3191 3376 3246 dicis?
3424 3192 3719 3261 Imperator

2122 3280 2285 3350 jussit
2304 3282 2557 3350 pecunias
2588 3282 2779 3351 pendi,
2799 3291 2852 3336 ct
2875 3292 2931 3335 ut
2961 3297 3065 3335 non
3097 3281 3318 3350 pendas,
3351 3282 3461 3335 fieri
3482 3296 3586 3336 non
3616 3298 3716 3351 po-

2125 3378 2263 3436 test;
2297 3372 2437 3426 Deus
2482 3372 2782 3443 juramenta
2842 3372 3024 3443 fugere
3058 3373 3235 3441 jussit,
3293 3380 3347 3427 et
3388 3373 3542 3439 dicis,
3594 3374 3711 3430 Non

2124 3476 2407 3532 possumus
2434 3464 2617 3534 fugere
2639 3464 2983 3533 juramenta?
3010 3463 3202 3518 Sextus
3234 3463 3320 3518 hic
3347 3463 3460 3520 dies
3477 3467 3715 3535 estquod

2126 3550 2195 3607 de
2222 3551 2325 3607 hoc
2345 3569 2438 3608 vos
2471 3565 2737 3625 praecepto
2758 3554 3020 3609 admoneo
3052 3569 3065 3606 :
3104 3553 3156 3608 in
3177 3552 3410 3608 futurum
3441 3555 3714 3609 vobiscum

2126 3644 2322 3711 pacisci
2361 3645 2503 3707 volo,
2540 3656 2807 3715 tamquam
2835 3645 3133 3712 desistens,
3188 3654 3246 3699 ut
3298 3646 3554 3701 caveatis.
3596 3645 3713 3701 Non

2120 3732 2347 3802 amplius
2369 3735 2518 3789 vobis
2538 3735 2638 3789 erit
2659 3735 2931 3790 excusatio
2947 3750 3118 3805 neque
3139 3735 3312 3801 venia,
3335 3736 3568 3791 maxime
3592 3751 3714 3790 cum

2122 3823 2331 3877 etiamsi
2353 3840 2380 3877 a
2409 3824 2562 3880 nobis
2577 3825 2775 3881 dictum
2796 3825 2981 3881 fuisset
3005 3826 3135 3880 nihil
3161 3868 3176 3892 ,
3204 3841 3234 3881 a
3265 3825 3418 3881 vobis
3445 3828 3574 3896 ipsis
3607 3827 3712 3883 hoc

2126 3915 2321 3984 corrigi
2368 3915 2613 3971 debuerit
2657 3932 2800 3973 :nec
2847 3918 2987 3972 enim
3033 3918 3234 3972 varium
3289 3925 3391 3983 est,
3443 3928 3497 3974 et
3548 3921 3710 3975 multa

2123 4006 2515 4073 praeparatione
2544 4006 2804 4078 indigens.
2852 4007 2984 4063 Cum
3032 4023 3161 4063 vero
3187 4017 3388 4063 tantum
3417 4011 3533 4065 suis
3573 4013 3711 4065 nacti

2121 4092 2501 4150 admonitionis
2521 4088 2575 4151 et
2600 4097 2829 4163 consilii,
2857 4113 3014 4167 quam
3034 4098 3295 4153 habebitis
3311 4102 3711 4157 excusationem

2120 4184 2375 4250 accusati,
2402 4202 2499 4255 pro
2520 4187 2771 4242 tribunali
2793 4188 3063 4241 constituti
3083 4189 3378 4253 tremendo,
3397 4204 3516 4244 cum
3535 4205 3708 4260 paena:

2120 4276 2576 4342 praevaricationis
2627 4277 2786 4348 hujus
2840 4293 2869 4330 a
2919 4278 3068 4333 vobis
3120 4280 3454 4350 exigentur?
3491 4282 3701 4338 Nullam

2119 4364 2312 4419 afferre
2353 4366 2532 4421 licebit
2578 4368 2978 4423 excusationem
3006 4409 3023 4430 .
3065 4370 3158 4423 sed
3210 4385 3433 4425 necesse
3480 4372 3583 4426 erit
3623 4375 3708 4429 vel

2118 4457 2431 4513 emendatos
2457 4459 2625 4524 abire,
2660 4462 2745 4514 vel
2774 4475 2879 4514 non
2907 4461 3218 4517 emendatos
3235 4463 3428 4532 puniri,
3447 4473 3500 4518 et
3526 4476 3706 4520 extre»

2119 4563 2264 4603 mum
2307 4549 2488 4604 subire
2532 4551 2870 4620 supplicium.
2911 4550 3036 4606 llaec
3067 4552 3225 4622 igitur
3250 4555 3424 4609 omnia
3469 4556 3707 4625 cogitan-

2118 4646 2200 4693 tes
2225 4641 2267 4705 ',
2298 4656 2416 4695 cum
2444 4643 2603 4697 multa
2632 4643 2755 4698 hinc
2789 4660 2913 4701 cura
2937 4646 3190 4714 digressi,
3234 4662 3351 4717 qua:
3404 4657 3481 4703 tot
3517 4649 3705 4707 diebus

2116 4730 2255 4786 dicta
2276 4742 2401 4786 sunt
2425 4735 2570 4788 omni
2593 4736 2832 4791 custodia
2860 4737 2914 4791 in
2952 4746 3133 4792 mente
3165 4746 3339 4794 vestra
3380 4754 3704 4798 conservare

2118 4822 2258 4878 inter
2281 4838 2377 4879 vos
2405 4826 2763 4882 exhortamini
2794 4846 2806 4881 :
2839 4844 2944 4898 quo
2985 4830 3069 4884 vel
3108 4832 3263 4886 nobis
3288 4834 3592 4889 tacentibus
3619 4837 3703 4889 al-

2118 4924 2201 4971 ter
2224 4919 2448 4972 alterum
2476 4919 2729 4975 docentes
2749 4962 2762 4984 ,
2795 4922 3139 4989 mditicantes,
3170 4923 3513 4982 exhortantes
3531 4969 3546 4993 ,
3567 4929 3705 4981 mul-

2118 5016 2228 5061 tum
2255 5008 2632 5066 demonstretis
2659 5012 2973 5081 profectum,
3005 5025 3060 5069 et
3087 5030 3275 5070 omnes
3301 5017 3533 5088 reliquas
3558 5018 3704 5089 leges

2117 5102 2418 5173 implentes,
2454 5106 2670 5160 mternis
2716 5105 2963 5161 fruamini
3004 5109 3405 5180 coronis:quas
3431 5111 3706 5181 contingat

2118 5212 2215 5251 nos
2246 5214 2434 5253 omnes
2460 5199 2690 5269 assequi,
2722 5202 2889 5270 gratia
2912 5207 2969 5256 et
2990 5201 3315 5271 benignitate
3366 5202 3574 5257 Domini
3605 5220 3705 5260 no-

2118 5289 2213 5343 Sll‘i
2236 5284 2361 5343 Jesu
2389 5290 2606 5358 Christi,
2649 5306 2746 5361 per
2772 5308 2931 5362 quem
2959 5300 3014 5348 et
3052 5307 3173 5347 cum
3208 5308 3314 5364 quo
3355 5293 3495 5349 Patri
3531 5295 3701 5365 gloria

2119 5381 2381 5452 simulque
2398 5393 2581 5437 sancto
2594 5382 2833 5453 Spiritui,
2854 5384 2907 5437 in
2942 5385 3132 5438 sarcula
3156 5385 3699 5444 smeulorumAmcm

2176 5533 2193 5597 ξ
2220 5539 2339 5597 vox,
2361 5546 2513 5597 unum,
2527 5534 2671 5597 deest
2694 5536 2741 5583 in
2760 5536 3045 5597 quibusdam
3068 5543 3173 5587 Mss.

2174 5594 2195 5626 ³
2219 5593 2339 5645 Alii:
2363 5605 2479 5646 ch
2498 5596 2642 5658 igitur
2664 5593 2824 5647 onuies
2847 5610 2887 5646 c:
2902 5598 3116 5661 gitautex.
