4112 6388
461 427 559 484 ιοε

1227 423 1283 477 S.
1325 418 1604 477 JOANNIS
1626 417 2099 480 CHRYSOSTOMI
2139 424 2454 484 ARCHIEP.
2486 421 3027 483 CONSTANTINOP.

3630 430 3733 488 1M

456 651 780 695 ιΑυυΑτιο
822 651 1041 695 EORUM
1083 651 1192 704 QUI
1233 651 1508 694 JURANDI
1550 650 2086 695 CONSUETUDINEM
2127 650 2580 694 DEPOSUERANT
2611 654 2626 693 :
2656 653 2740 695 ΕΤ
2781 652 2952 706 QUOD
2993 653 3171 698 NEMO
3237 653 3729 699 SUPERSTITIOKU

540 751 774 794 TENERI
816 751 1046 805 DEBET,
1090 751 1172 793 NE
1214 750 1369 793 POS'I‘
1411 750 1857 794 BEFECTIONEM
1898 748 2150 795 DIVINOS
2191 749 2256 792 IN
2300 751 2595 795 ECCLESIA
2636 752 2965 797 SERMONES
3003 753 3245 798 AUDIAT
3275 757 3290 797 Ξ
3319 755 3534 808 ρωως
3578 758 3730 804 POS'I'

538 851 808 896 υυιτωι
849 851 1098 896 TEMPUS
1143 851 1382 895 DIVINE
1425 851 1586 894 SUN'I‘
1632 850 1928 892 ’ΠιΔυίτῶ
1971 849 2336 892 ΒΟΒῙΡἸὍΒΕ
2368 852 2383 892 Ξ
2418 851 2500 893 ΕΤ
2540 851 2606 894 IN
2649 850 2861 908 ILLUI),
2895 851 3054 896 C(ELI
3080 852 3420 898 ENARBANT
3447 855 3728 900 GLOBIAM

539 953 647 997 om
678 933 700 1016 (
726 933 899 996 Psal.
947 932 1044 1000 18,
1089 933 1169 1012 2)
1205 950 1454 994 :MUNm
1485 948 1832 994 annuus
1859 947 2231 990 DESCRIPTIO
2264 949 2279 989 :
2314 949 2394 991 ετ
2424 949 2490 992 nt
2533 950 2705 1006 una,
2749 951 2834 994 nn
2877 951 3002 996 non
3043 951 3359 996 JURANDO.

1861 1077 2274 1145 θωω

1085 1229 1298 1269 ωηιιιΑ
1338 1230 1411 1268 IX.

529 1336 578 1389 1.
623 1334 689 1388 Et
717 1347 886 1400 nuper
913 1329 978 1384 ad
1007 1343 1105 1383 vos
1129 1371 1143 1393 ,
1174 1339 1228 1384 et
1267 1345 1408 1383 nunc
1437 1329 1504 1384 ad
1543 1346 1641 1384 vos
1667 1331 1826 1385 verba
1852 1329 1987 1385 facio
2019 1347 2034 1384 :

458 1429 654 1481 utinam
689 1440 816 1478 vero
849 1430 903 1477 et
936 1437 1151 1491 semper
1171 1421 1474 1488 vobiscum,
1506 1421 1612 1474 imo
1634 1422 1808 1490 potius
1827 1436 2040 1491 semper

455 1518 728 1572 vobiscum
754 1556 770 1581 ,
800 1513 901 1569 etsi
932 1527 1036 1567 non
1065 1511 1304 1582 corporis
1332 1512 1612 1582 praesentia
1630 1513 1844 1576 ,saltem
1860 1511 2038 1566 chari-

453 1614 576 1663 tatis
603 1607 654 1662 vi
689 1625 702 1662 :
731 1621 828 1662 nec
853 1605 993 1660 enim
1025 1604 1153 1658 mihi
1182 1612 1266 1658 est
1299 1604 1402 1656 alia
1435 1604 1541 1658 vita
1565 1645 1579 1670 ,
1613 1603 1714 1657 nisi
1745 1618 1839 1656 vos
1866 1611 1921 1657 et
1954 1617 2038 1658 sa-

458 1700 582 1754 lutis
609 1710 798 1754 vestra:
818 1713 964 1753 cura.
991 1696 1143 1752 Sicut
1163 1697 1303 1751 enim
1325 1696 1548 1751 colonus
1569 1695 1699 1750 nihil
1722 1696 1862 1752 aliud
1887 1707 2040 1752 curat

455 1801 652 1861 praeter
678 1790 877 1844 semina
905 1796 959 1843 et
992 1797 1199 1857 segetes
1223 1827 1237 1851 ,
1269 1796 1324 1840 et
1349 1796 1506 1841 nauta
1537 1786 1706 1842 undas
1732 1798 1784 1842 et
1811 1797 1993 1857 portus
2021 1805 2034 1841 :

456 1885 534 1937 sic
557 1893 610 1937 et
643 1883 730 1952 qui
759 1881 1012 1951 loquitur,
1043 1879 1313 1934 auditores
1339 1891 1510 1946 curat,
1538 1887 1593 1933 et
1619 1880 1828 1934 illorum
1857 1879 2035 1950 profe-

452 1987 618 2042 ctum,
643 1975 778 2029 sicut
801 1983 855 2028 et
879 1989 978 2044 ego
1005 1987 1146 2028 nunc
1167 1973 1205 2025 ¹.
1230 1971 1354 2027 Ideo
1375 1981 1430 2028 et
1450 1988 1638 2028 omnes
1663 1990 1758 2028 vos
1781 1975 1832 2028 in
1861 1983 2038 2030 mente

454 2081 570 2120 mea
597 2063 944 2130 circumfero,
977 2080 1074 2120 nec
1099 2081 1228 2120 vero
1255 2063 1341 2120 hic
1383 2075 1581 2120 tantum
1600 2107 1622 2133 ,
1653 2066 1746 2122 sed
1789 2077 1844 2121 et
1870 2067 2034 2122 domi.

453 2157 567 2212 Etsi
596 2156 737 2211 enim
775 2155 971 2210 multus
1011 2167 1093 2210 est
1131 2157 1382 2226 p0pulus,
1409 2165 1463 2212 et
1502 2157 1680 2213 brevis
1713 2160 1890 2215 cordis
1929 2163 2036 2216 mei

454 2264 722 2311 mensura,
747 2249 841 2302 sed
863 2249 964 2303 lata
987 2248 1403 2314 estcharitas,et
1419 2249 1537 2308 Non
1551 2252 1602 2305 in
1620 2249 1761 2305 nobis
1778 2253 2037 2322 angustia-

453 2343 575 2395 mini
603 2342 680 2412 (2.
703 2339 825 2396 .Cor.
855 2341 906 2397 6.
939 2341 1026 2410 12)
1054 2360 1066 2395 :
1091 2343 1366 2412 sequentia
1395 2358 1521 2397 vero
1548 2359 1653 2396 non
1679 2343 1903 2410 addam;
1936 2362 2033 2401 ne-

454 2447 558 2501 que
589 2431 730 2486 enim
769 2445 866 2485 nos
895 2430 1033 2500 apud
1065 2445 1157 2484 vos
1185 2433 1569 2500 angustiamur.
1614 2431 1762 2488 Unde
1791 2435 1889 2489 hoc
1918 2450 2034 2490 ma-

453 2525 737 2580 nifestum?
763 2524 894 2578 Novi
923 2524 1117 2579 multos
1145 2525 1459 2591 referentes,
1485 2525 1785 2580 Mandatum
1812 2526 2034 2584 fecimus

454 2615 597 2685 leges
625 2615 888 2669 nobismet
913 2623 1170 2683 ponentes
1198 2617 1240 2679 ³,
1270 2626 1322 2669 et
1347 2615 1652 2684 jurantibus
1681 2632 1866 2687 paruas
1896 2619 2030 2676 defi-

451 2707 683 2776 nientes,
700 2715 754 2762 et
774 2707 941 2776 legem
966 2707 1470 2777 transgredientibus
1489 2723 1697 2780 penam
1717 2710 2026 2780 inferentes,

452 2813 662 2868 paruam
693 2798 842 2852 vobis
879 2813 1186 2867 congruam,
1224 2798 1362 2868 quod
1397 2810 1481 2855 cst
1505 2804 2032 2860 maximweharitatis

454 2889 724 2942 iudicium.
749 2887 863 2942 Non
885 2889 1024 2943 enim
1047 2906 1130 2943 me
1148 2889 1315 2960 pudet
1337 2892 1460 2945 talia
1483 2901 1757 2964 satagere:
1780 2898 2030 2965 quoniam

451 2980 504 3033 in
533 2984 631 3035 hoc
655 2980 972 3034 curiositatis
1001 2981 1128 3034 nihil
1169 2991 1286 3045 est,
1317 2981 1411 3037 sed
1437 2985 1779 3052 providentia:
1810 2987 1924 3042 hare
1947 2997 2032 3044 est

448 3069 765 3125 sollicitudo.
795 3071 850 3126 Si
883 3072 1024 3126 enim
1060 3071 1276 3126 medico
1314 3089 1418 3126 non
1461 3085 1543 3129 est
1579 3078 1920 3146 opprobrium
1961 3080 2030 3136 de

448 3171 648 3230 aegroto
667 3162 946 3228 sciscitari,
969 3178 1143 3230 neque
1164 3165 1316 3219 nobis
1327 3165 1526 3220 crimen
1541 3166 1606 3220 de
1625 3171 1799 3222 vestra
1819 3185 2030 3242 semper

449 3255 716 3324 inquirere
745 3257 936 3312 salute.
980 3256 1070 3312 Sic
1095 3259 1236 3312 enim
1266 3259 1450 3313 moniti
1479 3260 1604 3328 quid
1632 3261 1786 3315 vobis
1815 3263 2024 3330 quidem

443 3346 746 3416 expeditum
774 3349 858 3412 sit,
884 3347 1006 3414 quid
1035 3364 1160 3401 vero
1183 3349 1442 3414 relictum,
1467 3366 1696 3422 congrua
1723 3367 1843 3406 cum
1865 3354 2026 3409 disci-

442 3438 584 3509 plina
614 3437 814 3508 reliqua
840 3437 1124 3494 affet-emus
1153 3440 1408 3494 remedia.

514 3527 781 3582 Auditores
808 3545 840 3581 a
861 3529 1164 3600 iuramentis
1192 3531 1288 3584 cito
1317 3531 1586 3587 emendati.
1611 3562 1683 3574 —
1712 3534 1837 3591 Hmc
1865 3535 2024 3607 igitur

442 3621 655 3675 curiose
679 3622 894 3673 scrutati
924 3622 1264 3690 cognovimus
1292 3665 1306 3686 ,
1334 3634 1387 3678 et
1423 3624 1530 3679 Deo
1555 3627 1752 3696 gratias
1778 3629 1983 3698 egimus
2003 3670 2018 3696 ,

441 3711 580 3780 quod
607 3726 711 3766 non
742 3711 795 3765 in
827 3712 988 3781 petris
1013 3713 1389 3769 seminavimus
1413 3756 1427 3780 ,
1458 3731 1558 3770 nec
1586 3718 1636 3770 in
1661 3718 1840 3787 spinas
1870 3721 2018 3774 misi-

444 3820 560 3858 mus
571 3805 809 3872 osemina,
831 3819 1004 3874 neque
1031 3806 1196 3860 multo
1223 3816 1462 3879 tempore
1483 3809 1749 3880 multaque
1769 3811 2020 3869 dilatione

438 3893 758 3964 indiguimus
782 3935 798 3961 ,
835 3903 892 3948 ut
921 3904 1125 3966 segetes
1151 3907 1493 3953 metercmus.
1531 3900 1814 3970 Pr0pterea
1842 3920 1934 3958 vos
1965 3905 2016 3958 in

434 3986 598 4040 corde
625 4001 744 4041 meo
765 3986 976 4041 assidue
999 4002 1147 4057 gero,
1172 4001 1446 4058 pr0ptcrea
1471 4007 1578 4045 non
1603 3993 1773 4047 sentio
1792 3994 2016 4049 docendi

433 4074 669 4129 laborem
689 4115 706 4143 ,
736 4075 1033 4130 auditorum
1062 4078 1209 4133 lucro
1237 4080 1519 4136 revelatus.
1554 4081 1679 4138 lla‘c
1703 4084 1842 4138 cnim
1870 4101 2012 4140 mer-

435 4179 526 4219 ces
562 4179 661 4220 nos
688 4180 937 4235 reparare
967 4175 1140 4235 potest
1170 4179 1224 4224 et
1261 4170 1497 4226 relevare
1521 4181 1574 4225 et
1601 4174 1802 4229 alacres
1831 4190 2012 4245 prom-

433 4266 657 4327 ptasque
681 4257 855 4312 facere
877 4257 942 4312 ad
967 4273 1178 4314 omnem
1205 4276 1300 4330 pro
1321 4262 1469 4316 vobis
1491 4263 1728 4319 laborem
1750 4268 2016 4323 sustinen-

431 4350 582 4404 dum.
631 4349 892 4416 Quoniam
940 4350 1098 4422 igitur
1142 4353 1303 4407 multa
1342 4369 1436 4407 vos
1472 4357 1607 4425 grati
1653 4358 1816 4412 animi
1864 4360 2010 4429 signa

433 4440 672 4506 dedistis,
705 4457 802 4512 age
821 4442 930 4510 jam
959 4451 1013 4497 et
1039 4457 1134 4497 nos
1161 4443 1394 4498 debitum
1419 4461 1718 4516 erogemus,
1747 4451 1886 4519 quod
1915 4468 2012 4505 uu-

432 4547 528 4602 per
563 4533 975 4600 promiseramus
1013 4551 1026 4587 :
1062 4535 1184 4616 licet
1213 4551 1320 4589 nou
1348 4536 1552 4592 videam
1580 4550 1870 4608 praesentes
1890 4558 2011 4599 esse

431 4623 551 4678 illos
565 4639 772 4689 omnes,
787 4624 898 4694 qui,
915 4640 1034 4680 cum
1054 4627 1457 4695 promissionem
1478 4627 1596 4693 feci,
1616 4630 1718 4685 huc
1733 4643 2006 4689 venerant.

427 4715 559 4783 Quae
587 4716 796 4770 tandem
822 4716 999 4788 itaque
1023 4733 1180 4772 causa
1197 4719 1221 4774 ?
1240 4720 1363 4789 quid
1389 4721 1532 4790 ipsos
1556 4739 1584 4775 a
1612 4734 1790 4780 nostra
1817 4728 2010 4796 repulit

429 4809 650 4862 mensa?
677 4807 779 4874 Qui
806 4810 1138 4880 corporalem
1167 4811 1338 4881 attigit
1366 4828 1604 4868 mensam
1637 4855 1652 4879 ,
1687 4825 1743 4870 ut
1766 4817 2007 4886 videtur,

428 4901 700 4972 indignum
724 4917 846 4958 esse
872 4905 1095 4974 putavit,
1121 4914 1242 4974 post
1269 4907 1508 4976 corporis
1530 4909 1910 4966 nutrimentum
1937 4912 2003 4966 ad

427 4995 727 5050 divinorum
764 4995 1088 5051 auditionem
1127 4997 1457 5067 eloquiorum
1498 5001 1699 5056 venire.
1748 5002 1852 5057 Sed
1901 5018 2005 5058 non

423 5099 572 5142 recte
595 5088 644 5141 in
665 5087 766 5141 hoc
794 5087 1028 5142 sentiunt
1052 5106 1065 5141 :
1091 5103 1263 5158 neque
1282 5091 1445 5154 enim,
1468 5091 1512 5145 si
1536 5089 1638 5145 hoc
1657 5103 1797 5147 esset
1819 5093 2008 5148 absur-

424 5181 571 5247 dum,
595 5181 789 5236 multos
815 5190 870 5235 et
893 5181 1079 5251 longos
1105 5181 1450 5251 impendisset
1471 5198 1744 5241 sermones
1765 5187 2005 5244 Christus

425 5280 544 5330 post
584 5269 726 5325 illam
765 5271 1042 5342 mysticam
1087 5286 1296 5326 caenam
1327 5290 1339 5324 :
1371 5289 1478 5327 non
1515 5276 1697 5346 utique
1722 5277 1767 5331 si
1796 5277 1900 5333 hoc
1925 5279 2006 5333 in-

423 5377 713 5432 congruum
741 5372 907 5428 esset,
939 5364 1133 5420 refecta
1163 5365 1358 5434 smpius
1386 5366 1438 5421 in
1468 5369 1682 5422 deserto
1711 5370 2005 5427 multitudi-

424 5469 489 5508 ne
508 5454 668 5509 etiam
691 5469 966 5508 sermones
988 5454 1114 5520 ipsis
1136 5464 1255 5523 post
1277 5471 1514 5510 mensam
1537 5459 1999 5516 communicasset.

419 5543 476 5600 Si
495 5547 636 5601 enim
661 5544 738 5600 fas
761 5546 1057 5616 estaliquid
1080 5546 1237 5601 etiam
1262 5556 1452 5617 praeter
1470 5547 1773 5620 opinionem
1796 5552 1997 5624 dicere,

418 5643 546 5692 tunc
584 5637 818 5706 profecto
855 5636 1192 5692 utilissimum
1231 5648 1316 5694 est
1349 5637 1544 5696 divinis
1570 5640 1798 5714 eloquiis
1839 5658 1997 5701 aures

478 5771 500 5864 ξ
531 5768 727 5864 233933:
740 5771 1406 5864 tr;,.=33‘.¥i..ietz:.e392:

531 5830 730 5890 Quidam
752 5847 766 5884 :
793 5843 960 5898 Legem
980 5830 1115 5887 nobis
1136 5830 1601 5896 ῡιυὶεεηῖροηεηιινς.

2151 1215 2574 1273 accommodare.
2602 1215 2734 1272 Cum
2753 1216 2894 1271 enim
2921 1215 3010 1271 tibi
3033 1215 3382 1286 persuaseris,
3412 1225 3532 1287 post
3551 1215 3725 1271 cibum

2143 1320 2199 1366 et
2225 1319 2408 1380 potum
2435 1294 2490 1364 et
2516 1309 2582 1364 ad
2609 1308 2850 1381 synaxim
2875 1308 3161 1363 convenire
3186 1322 3404 1363 necesse
3429 1322 3577 1375 esse,
3605 1322 3725 1362 Olll-~

2143 1403 2270 1456 nino
2308 1402 2392 1457 vel
2421 1401 2616 1456 invitus
2652 1400 2870 1454 multam
2908 1414 3064 1470 geres
3092 1398 3394 1453 sobrietatis
3421 1413 3602 1453 curam
3623 1439 3638 1463 ,
3673 1408 3727 1452 et

2145 1511 2320 1566 neque
2349 1497 2400 1550 in
2431 1495 2741 1550 ebrietatem
2766 1509 2942 1564 neque
2969 1495 3022 1548 in
3052 1491 3324 1561 crapulam
3357 1505 3602 1560 umquam
3628 1491 3726 1544 de-

2143 1587 2355 1644 duceris
2382 1604 2396 1641 :
2422 1601 2549 1642 cura
2590 1586 2731 1641 enim
2775 1593 2830 1640 et
2870 1584 3196 1654 exspectatio
3235 1583 3288 1638 in
3327 1581 3549 1639 ecclesia
3594 1597 3725 1636 con-

2146 1680 2392 1737 veniendi
2424 1695 2543 1734 cum
2580 1679 2800 1733 honesta
2841 1691 3088 1732 mensura
3128 1676 3303 1733 cibum
3330 1684 3385 1730 et
3412 1684 3592 1745 potum
3631 1689 3722 1729 su-

2144 1790 2293 1830 mere
2329 1775 2516 1840 docet,
2555 1789 2628 1827 ne
2670 1773 2938 1842 ingressus
2977 1781 3032 1826 et
3073 1769 3326 1825 fratribus
3362 1767 3680 1824 commixtus
3705 1808 3724 1833 ,

2144 1876 2327 1937 postea
2357 1867 2538 1920 vinum
2576 1864 2824 1920 redoleas
2847 1904 2862 1929 ,
2904 1873 2959 1918 et
2995 1861 3310 1917 immodeste
3346 1869 3625 1926 eructans,
3656 1858 3727 1914 ab

2143 1958 2390 2012 omnibus
2415 1955 2764 2025 przesentibus
2783 1953 3100 2009 deridearis.
3129 1952 3254 2006 Haec
3280 1968 3383 2005 non
3410 1950 3560 2004 vobis
3585 1964 3726 2003 nunc

2145 2047 2496 2118 praesentibus
2514 2088 2528 2111 ,
2560 2045 2651 2100 sed
2684 2046 2749 2099 iis
2777 2045 2866 2114 qui
2891 2044 3087 2098 absunt
3111 2043 3259 2108 dico,
3289 2050 3345 2095 ut
3370 2040 3485 2094 haec
3513 2054 3607 2108 per
3630 2054 3724 2092 vos

2140 2140 2368 2195 discant.
2412 2137 2529 2193 Non
2576 2138 2717 2192 enim
2771 2135 3051 2191 comedere
3095 2133 3342 2189 audiendi
3389 2132 3719 2188 obstaculum

2140 2231 2366 2302 praebet,
2393 2230 2487 2285 sed
2516 2239 2759 2299 torpere;
2791 2239 2846 2282 tu
2877 2243 3004 2284 vero
3030 2227 3230 2282 crimen
3257 2241 3374 2282 esse
3399 2235 3587 2296 putans
3615 2241 3720 2279 non

2135 2323 2400 2394 jejunare,
2420 2324 2471 2378 in
2493 2321 2634 2376 aliud
2659 2321 2885 2376 incurris
2905 2321 3130 2387 crimen,
3154 2319 3318 2374 multo
3341 2317 3510 2386 majus
3532 2327 3584 2370 et
3603 2332 3723 2385 gra-

2139 2415 2276 2481 vius,
2301 2415 2442 2486 quod
2462 2430 2628 2470 sacra:
2651 2399 2806 2483 hujus
2827 2427 3024 2468 mensae
3044 2427 3149 2466 non
3173 2411 3433 2480 particeps
3451 2408 3719 2472 efficiaris,

2139 2517 2192 2564 et
2216 2506 2358 2578 quod
2387 2520 2581 2576 corpus
2609 2515 2752 2559 tuum
2783 2504 2954 2568 alens,
2987 2503 3216 2556 animam
3244 2500 3381 2555 fame
3405 2513 3718 2554 consumas:

2138 2607 2194 2655 et
2241 2613 2394 2669 quam
2443 2598 2842 2652 excusationem
2893 2594 3147 2650 habebis?
3195 2593 3250 2648 lu
3287 2593 3490 2663 jejunio
3525 2591 3717 2662 quippe

2138 2693 2378 2762 corporis
2396 2693 2805 2746 imbecillitatem
2827 2688 3156 2760 praetendere
3174 2688 3396 2743 fortasse
3416 2686 3611 2755 poteris
3629 2726 3644 2751 ,
3665 2685 3716 2738 in

2135 2783 2400 2838 audiendo
2419 2793 2594 2837 autem
2616 2780 2740 2852 quid
2763 2779 2979 2835 tandem
3000 2779 3178 2834 dicere
3205 2778 3426 2848 posses?
3447 2793 3552 2830 non
3575 2777 3714 2830 enim

2134 2875 2378 2944 corporis
2424 2875 2703 2928 infirmitas
2749 2872 3050 2928 divinorum
3099 2869 3346 2941 prohibet
3386 2871 3714 2940 eloquiorum

2133 2966 2442 3036 participem
2481 2965 2618 3020 fieri.
2662 2964 2718 3019 Si
2758 2964 2900 3019 enim
2941 2963 3192 3018 dixissem
3231 2981 3244 3017 :
3284 2962 3452 3018 Nemo
3496 2977 3716 3032 pransus

2133 3055 2252 3111 aliis
2282 3057 2584 3122 misceatur,
2615 3065 2733 3126 post
2757 3055 2935 3112 cibum
2961 3054 3142 3110 audiat
3167 3069 3344 3120 nemo,
3368 3055 3595 3124 aliquam
3621 3051 3715 3106 hs-

2133 3147 2340 3203 buisses
2367 3148 2609 3212 veniam;
2641 3163 2780 3201 nunc
2803 3161 2932 3202 vero
2951 3161 3080 3202 cum
3110 3161 3204 3201 vos
3235 3146 3527 3208 trahamus,
3555 3152 3610 3200 et
3632 3146 3711 3197 al-

2132 3237 2393 3302 liciamus,
2423 3247 2476 3292 et
2505 3238 2570 3293 ad
2599 3253 2697 3292 nos
2728 3253 2999 3304 vocemus,
3030 3252 3188 3308 quam
3220 3238 3518 3292 resilientes
3542 3253 3709 3291 excu-

2129 3333 2390 3386 sationem
2432 3332 2732 3387 habebitis?
2757 3333 2966 3387 Etenim
2997 3347 3102 3386 non
3130 3333 3355 3387 idoneus
3383 3333 3593 3386 auditor
3621 3332 3711 3385 ille

2128 3435 2290 3490 esset,
2315 3440 2420 3478 non
2447 3425 2536 3494 qui
2565 3423 2885 3480 comedisset
2910 3435 3000 3480 aut
3028 3425 3273 3490 bibisset,
3299 3426 3391 3480 sed
3420 3426 3507 3496 qui
3536 3427 3710 3479 verbis

2133 3531 2236 3570 non
2265 3514 2582 3580 attenderet,
2612 3516 2846 3572 oscitans
2873 3525 2929 3572 et
2951 3517 3260 3584 dissolutus,
3288 3519 3375 3587 qui
3407 3532 3597 3586 corpus
3625 3516 3709 3571 hic

2130 3606 2353 3671 habens,
2378 3616 2555 3661 mente
2583 3606 2690 3660 alio
2718 3617 3031 3677 vagaretur;
3060 3608 3146 3663 hic
3171 3608 3376 3663 etiamsi
3394 3608 3618 3677 jejunet,
3641 3607 3707 3661 ad

2125 3697 2446 3752 audiendum
2479 3697 2678 3753 inutilis
2713 3707 2796 3752 est
2823 3716 2835 3751 :
2863 3699 3126 3754 excitatus
3153 3708 3335 3754 contra
3367 3709 3419 3753 et
3443 3699 3666 3769 vigilans
3689 3739 3704 3762 ,

2124 3800 2407 3858 menteque
2433 3789 2736 3854 attendens,
2769 3789 2882 3844 sive
2907 3790 3198 3846 comederit
3223 3792 3334 3844 sive
3365 3791 3575 3857 biberit,
3606 3806 3706 3844 no-

2122 3882 2205 3938 bis
2247 3883 2348 3938 erit
2393 3885 2629 3938 omnium
2674 3885 2980 3954 aptissimus
3023 3887 3251 3941 auditor.
3305 3886 3358 3939 In
3401 3900 3706 3943 exterorum

2123 3976 2264 4030 enim
2286 3977 2499 4047 judiciis
2532 3987 2586 4032 et
2621 3979 2856 4034 consiliis
2885 3994 3117 4050 congrue
3147 3981 3229 4034 lex
3257 3981 3352 4035 ista
3383 3981 3656 4050 prmvaluit
3686 3998 3703 4036 :

2123 4083 2221 4124 nec
2247 4070 2388 4124 enim
2416 4081 2614 4126 norunt
2642 4071 3018 4142 philosophari,
3054 4074 3172 4128 ideo
3203 4088 3306 4127 non
3335 4073 3618 4128 comedunt
3644 4083 3705 4127 ut

2122 4165 2424 4218 nutriantur
2445 4205 2460 4230 ,
2489 4165 2582 4219 sed
2625 4174 2680 4218 ut
2719 4165 3116 4235 disrumpautur
3148 4184 3161 4220 :
3191 4181 3331 4235 saepe
3374 4168 3514 4219 enim
3545 4181 3705 4234 supra

2119 4258 2417 4312 satietatem
2453 4258 2638 4313 bibunt
2668 4276 2682 4312 :
2723 4267 3000 4328 propterea
3037 4259 3239 4328 seipsos
3269 4274 3445 4312 rerum
3472 4257 3699 4312 adminic

2121 4347 2361 4402 strationi
2390 4349 2594 4418 ineptos
2619 4349 2903 4404 reddentes
2923 4391 2937 4413 ,
2968 4364 3190 4418 vespere
3218 4357 3272 4402 et
3302 4349 3523 4404 meridie
3552 4365 3580 4402 a
3610 4363 3673 4404 so

2122 4447 2246 4492 natu
2273 4448 2327 4495 et
2349 4439 2564 4509 judieiis
2592 4439 2879 4494 abstinent.
2913 4441 3006 4494 llic
3034 4452 3207 4494 autem
3239 4456 3345 4494 non
3390 4443 3480 4506 ita,
3519 4441 3658 4494 absit

2119 4531 2212 4585 sed
2237 4531 2325 4601 qui
2346 4531 2605 4597 comedit,
2633 4531 2818 4601 jejuno
2846 4532 3008 4586 animi
3036 4532 3294 4588 modestia
3319 4533 3418 4587 erit
3440 4532 3655 4604 aequalis
3678 4549 3697 4587 :

2116 4636 2222 4676 non
2261 4622 2402 4676 enim
2440 4631 2496 4675 ut
2535 4630 2775 4677 ventrem
2814 4623 3108 4692 disrumpat
3143 4633 3235 4678 aut
3264 4625 3524 4678 rationem
3549 4624 3699 4678 obte-

2116 4712 2335 4778 nebret,
2365 4712 2596 4768 comedit
2630 4723 2684 4769 et
2721 4714 2872 4780 bibit,
2907 4715 3001 4770 sed
3043 4725 3101 4769 ut
3133 4730 3327 4786 corpus
3364 4716 3694 4771 debilitatum

2114 4813 2348 4873 reparet.

2182 4895 2235 4948 2.
2277 4895 2384 4951 Sed
2422 4896 2535 4952 haec
2561 4910 2657 4966 pro
2681 4897 3042 4952 admonitione
3069 4900 3231 4964 satis;
3255 4899 3364 4966 jam
3393 4913 3520 4954 vero
3557 4909 3696 4954 tem-

2113 5001 2212 5055 pus
2248 4996 2331 5041 cst
2354 4987 2421 5041 ad
2449 4997 2815 5057 argumentum
2849 4989 3194 5055 transeundi,
3232 4990 3355 5044 licet
3391 4989 3616 5060 refugiat
3641 5001 3698 5044 et

2113 5087 2320 5146 torpeat
2343 5079 2483 5133 circa
2509 5079 2803 5134 doctrinam
2834 5080 2969 5146 hanc
2995 5082 3246 5151 cogitatio
3270 5091 3449 5136 nostra
3478 5092 3696 5152 propter

2108 5183 2222 5234 eos,
2267 5171 2357 5240 qui
2399 5184 2504 5224 non
2533 5179 2810 5225 venerunt.
2859 5171 2925 5225 Et
2952 5173 3087 5227 sicut
3129 5173 3214 5241 pia
3243 5183 3414 5229 mater
3451 5189 3691 5228 mensam

2108 5275 2383 5330 apponens
2405 5301 2420 5324 ,
2447 5263 2694 5317 omnibus
2736 5262 2858 5316 filiis
2899 5279 3003 5317 non
3041 5265 3390 5334 praesentibus
3414 5307 3428 5330 ,
3458 5265 3603 5321 dolet
3638 5279 3694 5320 et

2107 5355 2272 5423 gemit
2297 5370 2313 5406 :
2343 5355 2445 5408 hoc
2471 5364 2524 5410 et
2547 5370 2646 5425 ego
2675 5371 2816 5410 nunc
2841 5357 3032 5426 patior,
3061 5366 3115 5413 et
3137 5358 3359 5413 fratrum
3385 5371 3688 5414 nostrorum

2104 5445 2398 5501 absentiam
2415 5447 2672 5517 cogitans,
2687 5462 2716 5501 a
2738 5448 3002 5503 solutione
3022 5449 3265 5504 retrahor
3281 5454 3685 5519 promissorum;

2103 5536 2199 5592 sed
2229 5551 2324 5592 vos
2353 5537 2572 5606 potestis
2597 5538 2737 5592 hunc
2761 5538 2954 5608 ejicere
2985 5548 3276 5610 torporem.
3308 5539 3367 5596 Si
3393 5542 3534 5595 enim
3566 5541 3678 5610 pol-

2102 5629 2370 5685 liceamini
2395 5629 2524 5685 mihi
2549 5645 2644 5686 vos
2666 5631 2844 5685 omnia
2869 5630 2939 5690 ad
2964 5631 3084 5686 illos
3108 5646 3228 5687 cum
3256 5632 3525 5703 diligentia
3549 5639 3686 5688 reta-

2102 5729 2269 5787 turos,
2293 5736 2392 5776 nos
2414 5721 2564 5777 vobis
2584 5722 2760 5777 omnia
2779 5731 3024 5794 prompte
3043 5723 3380 5793 erogabimus
3405 5743 3420 5780 :
3441 5725 3521 5781 sic
3539 5739 3684 5780 enim

2102 5813 2205 5872 illis
2237 5814 2336 5868 erit
2363 5812 2619 5872 absentiae
2645 5813 2958 5884 consolatio,
2973 5827 3164 5876 vestra!
3178 5816 3452 5876 eliaritatis
3477 5817 3681 5873 doctri-
