4112 6388
353 351 455 409 ":3

1396 353 1488 408 AD
1518 351 1853 413 POPULUM
1893 354 2390 415 ANTIOCHENUM
2429 357 2662 416 I-iOMlL.
2703 358 2792 415 iX.

3723 363 3814 416 104

3499 554 3711 574 Ἦ

348 662 630 726 Ἕταινος
658 658 778 712 τῶν
811 659 1282 726 κατωρθωκότων
1307 659 1376 714 τὸ
1400 659 1487 730 μὴ
1517 661 1790 731 ὀμνύειν·
1839 663 1939 717 καὶ
1977 663 2071 718 ’ὅτι
2107 668 2219 719 οὐκ
2254 665 2481 734 ὀφείλει
2524 683 2615 732 τις
2656 666 3065 736 διακρίνεσθαι
3099 669 3246 734 μετὰ
3295 669 3574 725 ἑστίασιν
3601 671 3824 742 ἀκροᾶ-

421 758 563 810 σθαι
610 756 782 809 θείων
810 754 1027 824 λογίων
1080 754 1150 808 ἐν
1191 755 1524 824 ἐκκλησίᾳ·
1559 757 1656 810 καί
1696 755 1796 810 διὰ
1820 758 1880 810 τί
1903 757 2055 825 μετὰ
2091 759 2316 826 χρόνον
2345 758 2542 811 πολὺν
2583 758 2888 826 ἐδόθησαν
2944 763 3004 813 αἱ
3055 760 3212 830 ἅγιαι
3251 764 3519 832 Γραφαί·
3577 766 3677 818 καὶ
3731 766 3822 834 εις

417 849 507 912 τὸ,
535 850 599 902 Oi
648 847 870 920 οὐρανοὶ
910 847 1232 919 ’διηγοῦνται
1261 848 1420 915 δόξαν
1448 848 1584 903 Θεοῦ
1606 865 1619 880 ·
1653 850 1752 903 καί
1784 850 2149 920 φυσιολογία
2175 850 2432 919 κόσμου,
2467 851 2563 904 καί
2606 853 2756 920 πρὸς
2787 851 2867 918 τῷ
2895 852 3071 917 τέλει,
3107 854 3240 924 περὶ
3283 855 3392 908 τοῦ
3419 856 3508 926 μὴ
3549 857 3816 927 ὀμνύειν.

1023 1123 1251 1190 Ὁμιλιά
1279 1127 1344 1177 θ’.

343 1256 350 1262 .
405 1217 476 1267 α’.
491 1213 601 1266 Καὶ
621 1213 810 1284 πρώην
833 1213 971 1284 πρὸς
996 1213 1158 1284 ὑμᾶς.
1179 1215 1274 1267 καὶ
1297 1212 1392 1266 νῦν
1416 1212 1550 1282 πρὸς
1567 1213 1711 1283 ὑμᾶς
1727 1212 1891 1282 λέγω·
1917 1213 2027 1266 είθε

338 1301 394 1354 δὲ
428 1302 521 1356 καὶ
551 1303 637 1356 ἀεὶ
675 1302 791 1371 μεθ’
829 1301 1005 1371 ὑμῶν,
1044 1301 1244 1370 μᾶλλον
1273 1301 1330 1354 δὲ
1365 1302 1459 1354 καὶ
1492 1301 1579 1354 ἀεὶ
1616 1301 1736 1370 μεθ’
1770 1301 1944 1372 ὑμῶν,
1977 1303 2026 1355 εί

342 1391 434 1442 καὶ
461 1404 484 1431 α
516 1392 588 1462 μὴ
622 1390 875 1462 σώματος
912 1392 1204 1463 παρουσίᾳ,
1242 1391 1357 1445 ἀλλ’
1380 1391 1601 1461 ἀγάπης
1628 1393 1874 1464 δυνάμει·
1903 1393 2025 1446 οὐδὲ

337 1476 449 1545 γὰρ
475 1478 662 1547 ἕτερός
690 1496 778 1547 μοι
805 1478 916 1546 βίος
933 1479 1016 1542 τίς
1041 1480 1212 1536 ἐστιν.
1244 1479 1359 1532 ἀλλ’
1395 1479 1426 1549 ἦ
1457 1480 1615 1543 ὑμεῖς
1639 1479 1733 1533 καὶ
1758 1481 1858 1549 τῆς
1890 1481 2026 1550 ὑμεο

335 1565 503 1628 τέως
537 1569 812 1638 σωτηρίας
845 1571 877 1637 ἡ
909 1567 1148 1638 φροντίς.
1181 1569 1398 1638 Ὠσπερ
1433 1567 1547 1640 [97]
1582 1569 1692 1640 γὰρ
1718 1570 1746 1621 6
1777 1570 2022 1639 γεωργὸς

334 1653 491 1706 οὐδὲν
527 1654 714 1724 ἕτερον
751 1657 1011 1726 μεριμνᾷ,
1041 1655 1158 1709 ἀλλ’
1181 1656 1214 1726 ἢ
1241 1656 1308 1710 τά
1334 1657 1627 1727 σπέρματα
1655 1659 1749 1711 καὶ
1773 1657 1840 1711 τά
1868 1658 2018 1729 λήῖα,

332 1741 429 1793 καὶ
457 1741 484 1793 6
508 1741 850 1812 κυϐερνήτης
873 1742 940 1795 τά
973 1742 1194 1812 κύματα
1218 1744 1312 1798 καὶ
1334 1746 1458 1808 τοὺς
1484 1744 1731 1814 λιμένας·
1755 1746 1898 1800 οὑτω
1926 1749 2022 1801 καὶ

331 1828 361 1882 6
406 1829 580 1897 λέγων
622 1831 750 1895 τοὺς
795 1831 1095 1895 ἀκούοντας
1157 1832 1256 1885 καὶ
1288 1832 1389 1902 τὴν
1433 1833 1659 1886 ἐκείνων
1708 1835 2015 1906 προκοπὴν,

330 1919 584 1992 καθάπερ
613 1920 706 1973 καὶ
743 1920 853 1989 ἐγὼ
877 1922 906 1961 ι)
935 1921 1055 1974 νῦν.
1096 1922 1187 1974 Διὸ
1227 1923 1323 1975 καὶ
1355 1922 1564 1984 πάντας
1605 1924 1752 1994 ὑμᾶς
1793 1924 1888 1977 ἐπὶ
1921 1925 2018 1995 τῆς

329 2007 538 2061 διανοία
555 2029 567 2036 ·
590 2009 872 2080 περιφέρω
892 2012 992 2079 τῆς
1016 2008 1280 2078 ἐμαυτοῦ,
1304 2011 1404 2064 οὑκ
1427 2010 1662 2066 ἐνταῦθα
1681 2012 1862 2080 μόνον,
1881 2012 2016 2068 ἀλλά

328 2097 423 2148 καὶ
455 2096 612 2149 οἴκοι.
645 2097 708 2149 Ei
739 2096 849 2168 γάρ
884 2098 977 2150 καὶ
1012 2097 1180 2160 πολὺς
1222 2099 1250 2150 ό
1292 2098 1484 2166 δῆμος,
1539 2098 1632 2152 καὶ
1682 2098 1856 2169 βραχὺ
1914 2099 2016 2169 τῆς

327 2184 471 2254 ἐμῆς
500 2184 728 2256 καρδίας
763 2185 823 2238 τὸ
855 2185 1072 2255 μέτρον.
1115 2185 1231 2237 ἀλλ’
1264 2186 1453 2256 εὑρεῖα
1491 2187 1522 2256 ἡ
1558 2186 1772 2255 ἀγάπη,
1809 2187 1902 2240 καὶ
1932 2191 2014 2241 Οὐ

327 2273 797 2339 στενοχωρεῖσθε
830 2273 899 2325 ἐν
924 2272 1088 2341 ἡμῖν·
1112 2273 1172 2325 τὸ
1195 2273 1248 2326 δέ
1277 2273 1403 2343 ἐξῆς
1429 2275 1527 2326 οὑκ
1562 2274 1639 2327 ἐτι
1673 2275 1857 2328 λοιπὸν
1879 2277 2010 2344 ἐρῶ·

324 2359 448 2411 οὖσδέ
476 2358 585 2429 γὰρ
612 2361 775 2430 ἡμεῖς
807 2362 1140 2430 στενοχωρού
1152 2361 1292 2430 μεθα
1332 2362 1461 2428 παρ’
1486 2361 1630 2430 ὑμῖν.
1662 2362 1834 2416 Πόθεν
1852 2364 2010 2419 τοῦτο

323 2446 512 2514 δῆλονς
544 2446 754 2516 Ἐγνων
778 2447 988 2502 πολλῶν
1016 2449 1490 2518 ἀπαγγειλάντων,
1515 2451 1596 2503 ὅτι
1625 2450 1698 2503 Τδ
1724 2453 2012 2522 ἐπιταχθὲν

324 2537 681 2608 ἐποιήσαμεν,
712 2539 908 2608 νόμους
934 2537 1186 2608 ἀλλήλοις
1212 2538 1394 2601 θέντες
1415 2549 1463 2600 ο,
1481 2539 1575 2592 καὶ
1595 2540 1889 2604 καταδίκας
1909 2543 2011 2610 όρί-

324 2639 520 2688 σαντες
561 2628 672 2680 τοῖς
714 2626 996 2695 ὀμνύουσι.
1035 2628 1130 2678 καὶ
1171 2626 1443 2697 τιμωρίας
1487 2628 1862 2696 ἐπαγαγόντες
1900 2632 2011 2693 τοῖς

321 2711 415 2765 τὸν
438 2713 601 2783 νόμον
625 2731 698 2766 πα
709 2713 1042 2781 ραϐαίνουσι,
1067 2713 1337 2783 τιμωρίαν
1363 2714 1463 2782 τὴν
1494 2715 1623 2784 ὑμῖν
1665 2717 2005 2785 πρέπουσαν,

321 2799 462 2869 ὅπερ
496 2801 760 2870 μεγίστης
784 2802 1006 2868 ἀγάπης
1032 2801 1354 2871 τεκμήριον.
1381 2802 1517 2855 Οὑδέ
1545 2804 1654 2874 γάρ
1684 2798 2004 2872 αἰσχύνομαι

321 2891 797 2962 πολυπραγμονῶν
852 2889 1047 2954 ταῦτα,
1100 2890 1286 2962 ἐπειδὴ
1335 2892 1410 2961 μὴ
1466 2892 1788 2962 περιεργίας
1835 2894 2002 2955 ἐστὶν,

322 2980 459 3032 ἀλλὰ
489 2980 816 3046 κηδεμονίας
846 2978 1046 3050 αὑτηὴ
1086 2979 1598 3050 φιλοπραγμοσύνη.
1646 2982 1708 3033 Εἰ
1749 2981 1859 3051 γὰρ
1905 2983 2006 3036 οὑκ

321 3066 468 3120 ἔστιν
494 3066 694 3129 ὄνειδος
715 3066 791 3134 τῷ
817 3065 988 3136 ἰατρῷ
1014 3067 1380 3122 πυνθάνεσθαι
1408 3069 1536 3138 περὶ
1560 3067 1654 3120 τοῦ
1681 3069 2001 3138 κάμνοντος,

318 3156 442 3208 οὐδὲ
469 3159 601 3222 ἡμῖν
633 3155 884 3225 ἔγκλημα
924 3156 1052 3226 περὶ
1083 3159 1182 3225 τῆς
1219 3157 1490 3226 ὑμετέρας
1518 3155 1793 3222 ἐξετάζειν
1827 3175 2001 3229 σωτη-

321 3244 445 3307 ρίας
473 3243 580 3296 ἀεί·
618 3244 761 3297 οὑτω
789 3244 898 3315 γάρ
942 3245 1210 3313 μαθόντες
1243 3247 1294 3298 τί
1339 3247 1438 3316 μὲν
1478 3248 1605 3316 ὑμῖν
1644 3247 1999 3316 ἀπήρτισται,

315 3331 369 3384 τί
395 3331 451 3384 δὲ
483 3332 844 3392 ἐλλέλειπται,
880 3332 1015 3402 μετά
1047 3333 1144 3402 τῆς
1171 3334 1560 3405 προσηκούσης
1591 3337 1902 3406 ἐπιστήμης
1934 3336 2000 3390 τά

317 3417 482 3472 λοιπά
507 3420 840 3491 ἐπιθήσομεν
873 3423 1158 3492 φάρμακα.

391 3509 681 3579 Ἐγνωμεν
711 3511 886 3562 τοίνυν
917 3510 1089 3563 ταῦτα
1124 3510 1645 3580 περιεργασάμενοι,
1691 3511 1786 3564 καὶ
1821 3513 1996 3582 ηὑχα-

317 3596 656 3666 ριστήσαμεν
693 3598 768 3665 τῷ
811 3598 950 3668 Θεῷ,
995 3600 1076 3650 ὅτι
1113 3601 1214 3651 οὑκ
1255 3601 1334 3662 είς
1380 3599 1590 3668 πέτρας
1636 3599 1992 3671 ἐσπείραμεν,

313 3682 436 3735 οὑδέ
464 3685 542 3746 είς
562 3685 801 3747 ἀκάνθας
827 3684 1199 3754 κατεϐάλομεν
1223 3685 1288 3738 τὰ
1318 3685 1630 3755 σπέρματα,
1652 3687 1771 3740 οὑδέ
1796 3687 1992 3741 πολλοῦ

314 3772 507 3840 χρόνου
535 3774 628 3824 καὶ
653 3773 853 3842 πολλῆς
883 3773 1181 3842 ἐδεήθημεν
1204 3773 1491 3842 ἀναϐολῆς,
1521 3772 1660 3827 ὥστε
1689 3774 1900 3846 θερίσαι
1924 3777 1994 3828 τά

312 3857 460 3926 λήῖα.
487 3859 586 3912 Διά
613 3859 780 3913 ταῦτα
816 3861 842 3912 ὑ
854 3862 960 3930 μᾶς
989 3862 1081 3913 ἐπὶ
1110 3862 1206 3928 τῆς
1234 3861 1460 3931 καρδίας
1492 3861 1600 3931 ἔχω
1629 3863 1867 3932 συνεχῶς
1889 3864 1990 3932 τῆς

314 3948 577 4016 ἐμαυτοῦ,
611 3949 698 4002 διὰ
729 3949 901 4002 ταῦτα
931 3950 1030 4003 οὑκ
1064 3949 1392 4018 αἰσθάνομαι
1426 3950 1518 4002 τοῦ
1566 3950 1729 4004 πόνου
1773 3955 1872 4022 τῆς
1912 3954 1990 4006 δι-

315 4036 629 4102 δασκαλίας,
691 4037 768 4107 τῷ
813 4038 912 4103 τῆς
965 4038 1282 4105 ἀκροάσεως
1334 4036 1727 4108 κουφιζόμενος
1784 4040 1986 4111 κέρδει.

328 4125 534 4189 Ἱκανὸς
559 4126 665 4196 γάρ
688 4127 835 4196 ἡμᾶς
860 4119 1013 4187 οὗτος
1037 4127 1064 4177 6
1095 4125 1284 4191 μισθὸς
1311 4126 1718 4193 ἀνακτήσασθαι
1743 4127 1836 4179 καὶ
1863 4145 1990 4180 πτε-

317 4213 491 4282 ρῶσαι
523 4213 616 4265 καὶ
654 4213 977 4283 μεταρσίους
1008 4211 1258 4279 ποιῆσαι.
1295 4211 1388 4264 καὶ
1424 4214 1608 4264 πεῖσαι
1639 4212 1816 4266 πάντα
1849 4215 1988 4287 ὑπὲρ

313 4300 469 4368 ὑμῶν
501 4300 791 4369 ὑπομένειν
820 4299 1000 4351 πόνον.
1046 4299 1200 4351 Ἐπεὶ
1240 4293 1330 4351 οῦν
1363 4297 1564 4367 πολλὴν
1591 4297 1688 4367 τὴν
1719 4299 1990 4370 εὑγνωμο-

314 4388 481 4455 σύνην
512 4388 668 4457 ὑμεῖς
692 4385 1056 4451 ἐπεδείξασθε,
1086 4385 1218 4454 φέρε
1244 4385 1306 4454 δὴ
1337 4386 1430 4438 καὶ
1450 4387 1612 4454 ἡμεῖς
1637 4385 1697 4436 τὸ
1713 4387 1874 4457 χρέος
1896 4407 1989 4442 κα-

309 4475 634 4545 ταϐάλωμεν
649 4475 707 4526 τὸ
723 4473 930 4530 λοιπὸν.
958 4474 1091 4544 ὅπερ
1115 4471 1468 4542 ὑπεσχόμεθα
1491 4470 1703 4541 πρώην·
1725 4473 1898 4527 καίτοι
1925 4494 1987 4542 γε

313 4564 405 4632 ιὲχ
431 4563 543 4631 ὁρῶ
577 4563 851 4633 παρόντας
884 4562 1130 4623 ἅπαντας
1153 4561 1278 4623 τοὺς
1304 4560 1464 4628 ἡνίκα
1487 4558 1513 4596 ά
1555 4561 1858 4633 ἐποιούμην
1883 4564 1984 4635 τὴν

312 4651 605 4722 ὑπόσχεσιν
634 4649 1110 4720 παραγενομένους
1144 4647 1401 4701 ἐνταῦθα.
1429 4647 1494 4700 Τί
1521 4665 1653 4700 ποτε
1677 4647 1784 4719 ἄρα
1812 4650 1873 4703 τὸ
1904 4653 1988 4705 αῖ-

308 4755 454 4803 τιον;
489 4739 542 4791 τί
564 4739 662 4807 τῆς
685 4738 960 4809 ἡμετέρας
989 4735 1270 4806 τραπέζης
1291 4736 1490 4798 αὐτοὺς
1512 4735 1887 4806 ἀπεσόόησενς
1924 4739 1984 4794 Ὀ

307 4828 606 4896 τραπέζης,
641 4827 716 4891 ῶς
747 4827 916 4888 ἔοικε,
953 4825 1238 4894 μετασχὼν
1271 4823 1558 4892 αἰσθητῆς,
1604 4824 1856 4895 ἐνόμισεν
1890 4826 1977 4880 ἀν-

309 4911 456 4977 άξιον
499 4911 637 4966 εἶναι
684 4913 821 4981 μετά
862 4912 1068 4982 τροφὴν
1114 4911 1380 4982 αἰσθητὴν
1427 4913 1520 4964 ἐπὶ⁵
1577 4911 1737 4964 θείων
1788 4911 1986 4981 λογίων

308 5001 574 5068 ἀκρόασιν
606 5000 801 5053 ἐλθεῖν·
841 5001 953 5052 ἀλλ’
976 5001 1037 5052 οὑ
1060 4999 1287 5062 δικαίως
1314 4997 1475 5052 τοῦτο
1496 4998 1830 5068 νομίζουσιν·
1862 5001 1983 5055 οὑδέ

309 5089 418 5158 γάρ
452 5088 540 5150 ἂν,
570 5089 619 5141 εί
647 5087 804 5142 τοῦτο
831 5084 899 5159 ἦν
926 5088 1147 5154 ἄτοπον,
1179 5087 1306 5150 τοὺς
1336 5088 1582 5158 μακροὺς
1621 5086 1714 5140 καὶ
1755 5087 1984 5152 πολλοὺς

306 5175 586 5247 ἀνήλωσεν
625 5177 654 5230 6
689 5176 925 5247 Χριστὸς
966 5175 1158 5245 λόγους
1190 5174 1328 5246 μετὰ
1361 5173 1424 5227 τὺ
1462 5175 1678 5229 δεῖπνον
1713 5177 1890 5229 ἐκεῖνο
1922 5177 1983 5230 τὸ

309 5264 592 5337 μυστικόν·
620 5263 720 5318 οὑκ
743 5263 831 5326 ἂν,
862 5265 910 5318 εἰ
939 5263 1099 5318 τοῦτο
1125 5263 1373 5335 ἀπρεπὲς
1398 5259 1486 5334 ἦν,
1511 5262 1766 5326 ἑστιάσας
1784 5263 1983 5318 πολλά-

307 5368 394 5416 κις
420 5352 483 5406 τὸ
516 5352 720 5422 πλῆθος
753 5351 847 5406 ἐπὶ
877 5353 976 5422 τῆς
999 5353 1228 5422 ἐρήμου,
1265 5352 1360 5405 καλ⁵
1406 5351 1582 5420 λόγων
1619 5351 1802 5415 αὑτοῖς
1850 5367 1979 5421 μετ-

304 5439 512 5496 έδωκεν
538 5441 605 5496 ἀν
634 5440 773 5512 μετά
809 5440 907 5512 τὴν
941 5439 1241 5509 τράπεζαν.
1274 5441 1338 5493 El
1369 5440 1477 5512 γὰρ
1499 5439 1604 5511 χρή
1631 5456 1684 5493 τι
1716 5439 1813 5493 καὶ
1845 5437 1981 5492 θαυ-

305 5530 512 5600 μαστὸν
539 5532 737 5594 εἰπεῖν,
770 5529 893 5582 τότε
927 5527 1026 5598 μὲν
1059 5523 1152 5582 οῦν
1185 5526 1583 5598 χρησιμωτάτη
1613 5528 1647 5595 ἡ
1675 5525 1786 5580 τῶν
1820 5525 2008 5581 θείωι

305 5616 497 5684 λογίων
533 5616 816 5686 ἀκρόασις.
869 5616 1040 5670 Ὅταν
1082 5614 1192 5686 γὰρ
1222 5609 1290 5688 ᾗς
1324 5613 1522 5668 σαυτὸν
1555 5611 1856 5679 πεπεικὼς,
1895 5614 1978 5669 ὅτι

361 5722 386 5750 ³
414 5721 519 5769 Non
543 5735 692 5772 sanus
723 5722 917 5768 videtur
952 5722 1107 5778 locus,
1131 5733 1279 5779 quem
1315 5718 1387 5768 sic
1425 5718 1560 5770 reﬁci
1587 5719 1736 5768 velim
1762 5733 1774 5767 :
1801 5719 1893 5768 εἴθε
1925 5718 1978 5769 δέ

305 5785 374 5862 ιιναῖ
397 5784 471 5858 ἀεὶ
496 5781 711 5862 (εξὶὶὶρει
729 5782 838 5845 ὑμῖν
863 5783 1088 5846 λέγοιμι),
1112 5783 1288 5845 μᾶλλον
1312 5783 1461 5831 δὲκαὶ
1483 5782 1556 5832 ἀεὶ
1579 5782 1676 5844 μεθ’
1696 5781 1830 5843 ὑμῶν
1855 5781 1973 5840 ε’ίην,

304 5859 335 5892 ι.
361 5845 768 5967 ζαξίίαίίῐῗῐτῐηςς.
793 5905 1002 5969 καθάπερ
1025 5904 1105 5954 οὖν
1125 5905 1204 5953 καὶ
1225 5906 1336 5967 ἐγώ.

362 5971 382 6029 ⁴ξ
422 5968 507 6029 {lii
523 5968 701 6029 νόμους
721 5968 902 6022 ἑαυτοῖς
928 5968 1091 6022 θέντες.

359 6027 387 6069 δ
422 6027 571 6079 Savil.
591 6027 696 6088 ’ὁρῶ
723 6032 953 6088 παρόντας
975 6030 1105 6091 ὑμῶν
1127 6029 1236 6084 τοὺς
1255 6029 1394 6086 ἡνίκα

2134 1127 2276 1190 μετὰ
2324 1121 2386 1174 τὸ
2433 1124 2628 1190 φαγεῖν
2675 1122 2770 1176 καὶ
2824 1125 2968 1176 πιεῖν
3013 1124 3225 1194 ἀνάγκη
3281 1125 3374 1178 καὶ
3423 1126 3560 1195 πρὸς
3595 1127 3815 1194 σύναξιν

2129 1208 2466 1279 ἀπαντῆσαι,
2502 1211 2722 1273 πάντως
2761 1212 2856 1264 καί¹
2894 1211 3043 1265 ἄκων
3082 1213 3343 1277 πολλάκις
3368 1215 3678 1288 ἐπιμελήσῃ
3712 1218 3814 1289 τῆς

2131 1297 2508 1368 σωφροσύνης,
2543 1299 2635 1351 καὶ
2667 1299 2790 1352 οῦτε
2840 1301 2923 1364 εἰς
2972 1300 3168 1371 μέθην,
3218 1302 3343 1355 οὔτε
3388 1305 3469 1366 είς
3503 1305 3813 1375 ἀδηφαγίαν

2127 1387 2498 1459 κατενεχθὴσῃ
2535 1389 2742 1460 ποτέ-ἡ
2779 1390 2889 1460 γάρ
2920 1391 3143 1460 φροντὶς
3177 1393 3271 1444 καὶ
3303 1393 3336 1462 ἡ
3378 1394 3672 1464 προσδοκία
3714 1397 3814 1468 τῆς

2127 1476 2206 1537 εἰς
2230 1475 2326 1544 τὴν
2352 1475 2649 1543 ἐκκλησίαν
2678 1477 2918 1544 ἀφίξεως
2942 1478 3188 1532 παιδεύει
3213 1480 3350 1550 μετὰ
3376 1483 3476 1551 τῆς
3498 1484 3813 1554 προσηκού-

2128 1579 2229 1633 σης
2268 1563 2588 1632 εὐκοσμίας,
2637 1565 2733 1617 καὶ
2765 1568 2971 1638 τροφῆς
3002 1568 3098 1620 καὶ
3143 1568 3308 1622 ποτοῦ
3343 1571 3806 1640 μεταλαμϐάνειν,

2125 1649 2213 1703 ἵνα
2250 1648 2323 1720 μὴ
2358 1649 2616 1705 εἰσελθὼν
2667 1653 2762 1706 καὶ
2813 1657 2926 1717 τοῖς
2985 1655 3236 1725 ἀδελφοῖς
3288 1657 3633 1728 ἀναμιχθεὶς,
3686 1655 3810 1715 εἶτα

2122 1738 2584 1794 ἀποπνέωνυσίνου
2635 1741 2727 1794 καὶ
2774 1743 3137 1812 ἐρευγόμενος
3179 1744 3454 1808 ἀτάκτως,
3501 1749 3808 1815 καταγελα-

2125 1826 2258 1895 σθῇς
2281 1827 2432 1897 παρὰ
2449 1827 2558 1882 τῶν
2587 1829 2870 1899 παρόντων
2896 1832 3171 1886 ἁπάντων.
3203 1833 3390 1888 Ταῦτα
3407 1835 3467 1887 οὑ
3497 1835 3636 1905 πρὸς
3663 1837 3806 1907 ὑμᾶς

2119 1912 2263 1978 λέγω
2295 1914 2410 1973 νῦν,
2448 1915 2586 1969 ἀλλά
2616 1916 2752 1987 πρὸς
2781 1919 2906 1980 τοὺς
2933 1919 3368 1988 ἀπολειφθέντας
3398 1921 3573 1991 ὑμῶν,
3617 1923 3706 1977 ἵνα
3738 1923 3805 1976 δι’

2119 2001 2273 2070 ὑμῶν
2303 2002 2476 2056 ταῦτα
2505 2003 2746 2072 μάθωσιν
2769 2018 2811 2059 θ.
2843 2007 2916 2059 Οὑ
2952 2007 3058 2077 γάρ
3089 2007 3204 2078 [98]
3238 2006 3300 2060 τὸ
3343 2011 3538 2076 φαγεῖν
3571 2009 3804 2080 κώλυμα

2118 2088 2457 2156 ἀκροάσεως,
2490 2091 2628 2144 ἀλλὰ
2656 2091 2716 2144 τὸ
2755 2093 3040 2164 ῥᾳθυμεῖν·
3078 2095 3141 2147 σὺ
3182 2094 3238 2147 δέ
3276 2096 3622 2164 κατάγνωσιν
3660 2093 3802 2154 εἶναι

2115 2175 2354 2245 νομίζων
2381 2177 2442 2230 τὸ
2475 2177 2550 2248 μὴ
2581 2179 2897 2249 νηστεῦσαι,
2931 2182 3026 2233 καὶ
3049 2181 3236 2253 ἕτερον
3271 2183 3570 2254 προστίθης
3600 2185 3798 2256 ἐγκλη-

2120 2281 2197 2332 μα
2222 2264 2400 2335 πολλῷ
2417 2266 2602 2335 μεῖζον
2618 2268 2713 2320 καὶ
2739 2268 3142 2339 χαλεπώτερον,
3171 2271 3230 2323 τὸ
3257 2271 3333 2342 μὴ
3355 2271 3458 2342 τῆς
3491 2273 3644 2345 ἱερᾶς
3670 2275 3801 2328 ταύ-

2115 2369 2214 2422 της
2238 2357 2528 2422 μετασχεῖν
2553 2354 2853 2426 τραπέζης.
2878 2357 2972 2410 καὶ
2997 2357 3204 2428 θρέψας
3227 2375 3318 2410 σου
3340 2360 3402 2412 τὸ
3434 2361 3614 2431 σῶμα,
3639 2381 3802 2416 κατα-

2115 2441 2303 2503 τήκεις
2329 2440 2474 2513 λιμῷ
2499 2442 2598 2513 τὴν
2619 2443 2815 2514 ψυχήν·
2841 2445 2934 2497 καὶ
2962 2446 3122 2498 ποίαν
3142 2446 3284 2511 ἕξεις
3305 2448 3635 2518 ἀπολογίανς
3676 2452 3801 2506 Ἐπὶ

2119 2527 2217 2596 μὲν
2256 2529 2365 2599 γὰρ
2397 2531 2496 2601 τῆς
2542 2532 2799 2601 νηστείας
2842 2532 2972 2595 ἴσως
3024 2533 3170 2604 ἔχεις
3217 2534 3467 2606 σώματος
3516 2538 3800 2594 ἀσθένειαν

2115 2616 2507 2685 προϐαλέσθαι·
2541 2620 2635 2672 ἐπὶ
2667 2619 2724 2672 δὲ
2758 2621 3078 2691 ἀκροάσεως
3120 2623 3175 2675 τί
3202 2622 3268 2677 ἂν
3302 2623 3448 2693 ἔχοις
3487 2627 3693 2693 εἰπεῖν;
3734 2625 3798 2680 οὑ

2111 2701 2221 2772 γάρ
2245 2702 2307 2773 δὴ
2332 2701 2586 2772 σώματος
2616 2707 2870 2761 ἀσθένεια
2898 2707 3098 2761 κωλύει
3130 2709 3240 2765 τῶν
3273 2709 3433 2764 θείων
3471 2712 3665 2779 λογίων
3695 2731 3797 2784 με-

2107 2793 2330 2860 τασχεῖν
2354 2791 2397 2846 ἲ.
2426 2793 2491 2845 Ei
2530 2793 2627 2862 μὲν
2654 2792 2763 2862 γάρ
2783 2790 2998 2860 ἔλεγον·
3025 2795 3233 2867 Μηδεὶς
3253 2797 3566 2870 ἡριστηκὼς
3590 2819 3798 2872 συμμι-

2108 2876 2312 2945 γέσθω,
2350 2878 2538 2948 μηδεὶς
2570 2877 2761 2947 φαγὼν
2786 2880 3099 2950 ἀκροάσθω,
3126 2879 3274 2953 εῐχές
3296 2901 3417 2938 τινα
3440 2887 3792 2961 συγγνώμην·

2107 2966 2223 3017 νυνὶ
2253 2965 2309 3018 δὲ
2343 2967 2474 3020 ὅταν
2508 2969 2673 3038 ἡμεῖς
2697 2967 2970 3047 ἕλκωμεν,
2993 2971 3088 3024 καὶ
3115 2971 3497 3044 ἐπισπῶμεθα,
3531 2976 3628 3028 καί⁸
3659 2978 3796 3048 πρὸς

2107 3052 2336 3118 ἑαυτοὺς
2363 3053 2642 3125 καλῶμεν,
2667 3056 2826 3109 ποίαν
2855 3044 3007 3120 ἕξετε
3038 3059 3336 3129 ἀπολογίαν
3366 3044 3791 3135 ἀποπηδῶντεςς

2105 3140 2215 3192 Καὶ
2257 3141 2365 3213 γάρ
2399 3143 2776 3214 ἀνεπιτήδειος
2818 3147 2846 3199 6
2880 3147 3158 3218 ἀκροατὴς
3193 3152 3400 3214 ἐκεῖνος
3441 3153 3509 3205 ἂν
3555 3153 3789 3224 γένοιτο,

2103 3229 2202 3300 οὑχ
2228 3232 2255 3283 6
2286 3230 2476 3300 φαγὼν
2500 3233 2595 3286 καὶ
2624 3233 2782 3291 πιὼν.
2806 3235 2921 3293 ἀλλ’
2953 3237 2982 3288 6
3015 3235 3089 3307 μὴ
3118 3239 3403 3309 προσέχων
3429 3244 3543 3304 τοῖς
3566 3242 3793 3315 λεγομέ-

2102 3336 2233 3382 νοις,
2269 3320 2297 3373 6
2322 3319 2686 3392 χασμὼμενος
2707 3322 2801 3376 καὶ
2824 3323 3180 3394 ἐκλελυμένος
3209 3328 3255 3383 ε.
3283 3327 3374 3380 καὶ
3402 3328 3462 3381 τὸ
3489 3330 3590 3399 μὲν
3623 3331 3787 3403 σῶμα

2099 3408 2341 3462 ἐνταῦθα
2372 3409 2529 3480 ἔχων,
2565 3412 2662 3483 τὴν
2692 3412 2746 3465 δὲ
2770 3411 3009 3467 διάνοιαν
3031 3414 3265 3485 ἀλλαχοῦ
3294 3416 3676 3490 πλανωμένην·
3702 3417 3792 3477 οῦ-

2100 3514 2190 3562 τος
2219 3495 2321 3550 κᾶν
2352 3501 2608 3570 νηστεὺῃ,
2633 3500 2772 3571 πρὸς
2798 3501 3062 3570 ἀκρόασίν
3098 3502 3247 3557 ἐστιν
3270 3503 3564 3576 ἄχρηστος·
3599 3511 3627 3562 6
3658 3513 3788 3580 μέν-

2099 3601 2180 3636 τοι
2212 3585 2640 3656 διεγηγερμένος
2667 3589 2762 3641 καὶ
2793 3590 2978 3658 νήφων
3003 3590 3097 3644 καὶ
3138 3593 3427 3647 συντείνων
3456 3597 3650 3651 ἑαυτοῦ
3685 3600 3784 3671 τὴν

2100 3669 2354 3735 διάνοιαν,
2398 3674 2500 3727 κᾶν
2542 3673 2731 3741 φαγὼν
2777 3676 2872 3729 καὶ
2908 3678 3182 3743 πεπωκὼς
3227 3676 3285 3754 ᾖ.
3331 3682 3551 3738 πάντων
3594 3669 3787 3759 ἐπιτη-

2099 3757 2370 3825 δειότατος
2426 3762 2699 3833 ἀκροατὴς
2758 3763 2826 3817 ἂν
2888 3766 3016 3837 ἡμῖν
3040 3767 3267 3834 γένοιτο.
3340 3771 3465 3825 Ἐπὶ
3515 3774 3616 3843 μὲν
3673 3757 3783 3849 γάρ

2097 3847 2208 3900 τῶν
2254 3849 2450 3914 ἔξωθεν
2499 3851 2868 3924 δικαστηρίων
2909 3856 3002 3908 καὶ
3045 3855 3445 3930 βουλευτηρίων
3493 3847 3783 3928 είκότωςό

2099 3938 2261 4002 νόμος
2293 3933 2445 4002 οὗτος
2478 3943 2802 4013 ἐκράτησεν·
2839 3944 2959 3996 οὑδέ
2997 3943 3106 4015 γάρ
3139 3945 3287 4000 ἴσασι
3327 3949 3658 4020 φιλοσοφεῖν·
3701 3954 3782 4008 διὸ

2097 4027 2218 4078 οὑδέ
2247 4027 2514 4082 ἐσθίουσιν
2545 4029 2685 4083 ὥστε
2719 4032 3015 4102 τραφῆναι,
3061 4033 3176 4086 ἀλλ’
3216 4035 3358 4090 ὥστε
3391 4038 3777 4114 διαρραγῆναι·

2099 4113 2313 4167 πίνουσι
2352 4116 2461 4188 γὰρ
2509 4119 2649 4188 ὑπὲρ
2699 4119 2862 4190 κόρον
2909 4121 3191 4186 πολλάκις·
3224 4123 3312 4178 διὰ
3351 4127 3512 4183 τοῦτο
3547 4113 3778 4198 ἐαυτοὺς

2097 4200 2403 4271 ἀχρήστους
2435 4205 2572 4274 πρὸς
2607 4205 2706 4276 τὴν
2756 4207 2866 4259 τῶν
2918 4210 3260 4279 πραγμάτων
3293 4215 3604 4286 οἰκονομίαν
3639 4221 3774 4274 καθ-

2101 4289 2373 4354 ιστῶντες,
2404 4293 2498 4345 καὶ
2539 4293 2867 4365 δικαστήρια
2915 4298 3009 4350 καὶ
3041 4298 3396 4372 βουλευτήρια
3426 4305 3776 4366 ἀποκλείουσι

2097 4377 2276 4472 δείλης
2314 4382 2407 4434 καὶ
2442 4383 2810 4454 μεσημϐρίας,
2848 4387 3112 4440 Ἐνταῦθα
3143 4389 3198 4441 δέ
3234 4391 3385 4444 οὑδὲν
3407 4393 3667 4449 τοιοῦτον·
3697 4400 3772 4472 μὴ

2095 4465 2324 4531 γένοιτο·
2363 4468 2478 4521 ἀλλ’
2504 4472 2532 4522 ὁ
2561 4470 2750 4539 φαγὼν
2775 4471 2853 4542 τῶ
2893 4493 2954 4545 νη
2965 4474 3209 4529 στεύοντι
3240 4479 3382 4533 κατά
3405 4481 3505 4551 τὴν
3538 4484 3637 4548 τῆς
3666 4465 3776 4556 (Fu;

2094 4554 2210 4646 γῆςΔ
2230 4555 2582 4627 σωφροσύνην
2617 4560 2913 4629 ἐφάμιλλος
2948 4561 3121 4616 ἐσται·
3150 4565 3209 4618 οὑ
3239 4565 3347 4637 γὰρ
3379 4569 3519 4624 ὥστε
3546 4554 3776 4646 διαρρῆ-

2093 4640 2225 4704 ξαιιι
2256 4644 2356 4712 τὴν
2399 4647 2663 4718 γαστέρα,
2718 4649 2839 4701 οὐδὲ
2893 4648 3031 4703 ὥστε
3081 4653 3349 4708 σκοτῶσαι
3388 4655 3480 4710 τὸν
3515 4640 3774 4734 λογισμδν

2090 4728 2259 4824 ἐσθίει
2293 4732 2384 4785 καὶ
2414 4734 2580 4801 πίνει,
2605 4735 2720 4789 ἀλλ’
2746 4736 2888 4790 ὥστε
2915 4738 2974 4791 τὸ
3003 4739 3161 4800 σῶμα
3194 4743 3496 4816 ήσθενηκδς
3526 4728 3764 4824 ἀνακτή-

2088 4817 2306 4872 σασθαι.

2159 4904 2222 4975 β’.
2255 4907 2413 4960 Ἀλλά
2429 4911 2527 4978 τῆς
2547 4910 2645 4978 μὲν
2663 4913 3037 4982 παραινέσεως
3051 4916 3253 4987 ταύτης
3278 4919 3417 4983 ἅλις,
3444 4922 3562 4994 ὥρα
3583 4926 3638 4979 δὲ
3656 4927 3769 4983 λοι..

2087 4990 2184 5043 πὸν
2214 4994 2315 5062 τῆς
2344 4994 2650 5060 ὑποθέσεως
2690 4997 2960 5066 ἅψασθαι·
3008 5001 3185 5055 καίτοι
3229 5021 3292 5071 γε
3338 4990 3625 5065 ἀναδύεται
3670 5016 3765 5068 καὶ

2083 5077 2232 5166 ὀκνεῖ
2256 5080 2391 5148 πρὸς
2423 5082 2521 5153 τὴν
2552 5083 2896 5138 διδασκαλίαν
2923 5086 3128 5160 ταύτην
3156 5091 3288 5160 ἡμῖν
3330 5095 3359 5146 6
3394 5096 3649 5166 λογισμὸς
3674 5101 3766 5157 διὰ

2083 5165 2210 5227 τοὺς
2238 5167 2311 5236 μὴ
2339 5171 2833 5240 παραγενομένους.
2863 5174 2972 5225 Καὶ
3001 5175 3248 5247 καθάπερ
3272 5179 3456 5251 μήτηρ
3481 5165 3760 5259 φιλόστορ-

2083 5267 2179 5344 γος
2207 5255 2486 5324 τράπεζαν
2513 5257 2710 5328 ἔχουσα
2748 5259 3090 5330 παραθεῖναι,
3117 5264 3227 5316 τῶν
3257 5266 3460 5321 παίδων
3495 5269 3568 5340 μὴ
3614 5255 3761 5344 παρ-

2081 5337 2249 5392 όντων
2270 5342 2536 5426 ἀπάντων
2563 5345 2717 5413 ἀλγεῖ
2747 5348 2841 5400 καὶ
2873 5347 3151 5404 ὀδυνᾶται·
3183 5351 3339 5407 τοῦτο
3365 5355 3427 5426 δή
3463 5337 3618 5426 κάγὼ
3651 5337 3758 5417 πά.

2083 5441 2195 5518 σχω
2227 5425 2345 5492 νῦν,
2383 5429 2476 5485 καὶ
2513 5430 2620 5485 τῶν
2665 5433 2910 5501 ἀδελφῶν
2951 5434 3061 5488 τῶν
3103 5438 3387 5511 ἡμετέρων
3418 5425 3628 5498 ἐννοῶν
3660 5449 3759 5518 τὴν

2080 5510 2366 5574 ἀπουσίαν.
2397 5516 2692 5590 ἀναδύομαι
2736 5520 2873 5590 πρὸς
2913 5521 3012 5593 τήν
3050 5510 3290 5580 ἔκτισιν·
3331 5528 3445 5581 ἀλλ’
3476 5531 3634 5602 ὑμεῖς
3662 5510 3760 5588 κύ-

2082 5618 2188 5672 ριοι
2221 5604 2312 5658 τὸν
2338 5607 2494 5661 ὄκνον
2521 5609 2711 5662 τοῦτον
2742 5609 3010 5667 ἐκϐαλεῖν.
3051 5613 3114 5667 Ei
3155 5614 3265 5688 γὰρ
3309 5617 3632 5690 ὑπόηοισθέ
3666 5639 3759 5696 μοι

2082 5691 2220 5762 μετά
2257 5693 2539 5768 ἀκριϐείας
2579 5695 2794 5751 ἅπαντα
2825 5699 2960 5770 πρὸς
2996 5700 3238 5770 ἐκείνους
3276 5691 3752 5781 διαπορθμεὺσειν,

2144 5839 2168 5901 ῗ
2192 5837 2290 5888 Alii
2319 5839 2628 5901 μανθάνωσιν.

2145 5897 2166 5964 ξ
2196 5902 2291 5964 Aiii
2313 5897 2543 5964 μετέχειν,
2569 5899 2653 5950 alii
2683 5902 2952 5964 μετασχεῖν.

2141 5963 2167 6025 β
2194 5961 2290 6025 Aiii
2314 5953 2608 6025 ἐκλυόμενος.

2137 6021 2166 6060 δ
2192 6024 2291 6074 Alii
2318 6021 2637 6090 διαῤῥαγῆναι.
