4112 6388
347 333 448 382 105

343 443 482 512 μετά
508 441 814 514 προθυμίας
843 442 994 512 ἡμεῖς
1018 441 1231 494 ἅπαντα
1259 439 1671 508 καταϐαλοῦμεν
1694 440 1822 511 ὑμῖν
1840 457 1854 470 ·
1879 439 2022 493 οὕτω

339 531 451 602 γὰρ
474 530 702 592 ἐκείνοις
725 547 782 582 τε
807 528 959 582 ἐσται
985 528 1082 599 τῆς
1112 529 1375 591 ἀπουσίας
1408 527 1730 599 παραμυθία
1754 529 1855 598 τῆς
1883 530 2020 598 ὑμε-

343 617 506 687 τέρας
532 616 754 688 ἀγάπης
786 618 819 685 ή
855 615 1194 681 διδασκαλία,
1224 615 1381 686 ὑμεῖς
1422 631 1483 668 τε
1522 615 2024 689 προσεκτικὼτερον

347 703 502 775 ημῶν
525 703 842 764 ἀκούσεσθε,
862 703 1059 765 εἰδότες
1078 704 1158 756 ὅτι
1179 704 1272 755 καί
1298 703 1432 774 πρὸς
1453 705 1673 772 ἐτέρους
1698 705 1826 774 ὑμῖν
1842 704 2024 772 ἀπαγ-

346 793 519 854 γεῖλαι
551 792 722 846 ταῦτα
749 794 984 862 ἀνάγκη.
1022 792 1139 845 Ἵνα
1163 788 1260 846 οὖν
1287 792 1619 862 σαφέστερος
1642 796 1776 864 ήμῖν
1809 795 1838 846 6
1867 793 2024 862 λόγος

343 882 587 951 γένηται,
617 880 821 934 ἀνωθεν
849 878 1212 944 ἀναλαϐόντες
1245 881 1408 934 αὐτὸν
1438 881 1702 952 εἴπωμεν.

425 966 754 1038 Ἐζητοῦμεν
783 965 962 1018 τοίνυν
993 965 1184 1038 πρώην
1209 967 1354 1030 τίνος
1384 968 1568 1022 ἐνεκεν
1596 968 1732 1038 μετά
1770 967 1864 1039 ἐτη
1894 985 2020 1021 τοσ-

343 1053 483 1108 αῦτα
510 1053 768 1122 ἐδόθησαν
800 1054 857 1106 αἰ
903 1053 1146 1124 Γραφαί·
1177 1055 1238 1106 οὐ
1278 1054 1384 1125 γὰρ
1406 1055 1498 1108 ἐπὶ
1539 1054 1635 1107 τοῦ
1681 1055 1870 1126 Ἀδάμ,
1900 1054 2021 1107 οὐδὲ

343 1139 437 1192 ἐπὶ
460 1139 553 1192 τοῦ
585 1139 730 1205 Νῶε,
763 1140 860 1192 καὶ
890 1138 984 1192 τοῦ
1021 1139 1294 1212 ’Λϐραάμ,
1322 1140 1457 1194 ἀλλά
1489 1141 1580 1194 ἐπὶ
1604 1139 1698 1192 τοῦ
1744 1139 2021 1203 Μωῡσέως

344 1225 500 1297 ἐδόθη
530 1224 687 1278 τοῦτο
719 1225 780 1278 16
820 1224 1056 1295 βιϐλίον·
1101 1227 1195 1278 καὶ
1241 1225 1448 1279 πολλῶν
1491 1226 1676 1280 ἀκούω
1729 1225 2017 1294 λεγόντων,

341 1313 445 1376 ὅτι,
472 1313 520 1364 εἰ
549 1313 818 1384 χρήσιμον
847 1307 935 1382 ἦν,
963 1312 1022 1378 ἐξ
1047 1312 1220 1383 ἀρχῆς
1247 1311 1352 1364 ἔδει
1377 1311 1630 1382 δοθῆναι·
1666 1313 1715 1365 εἰ
1760 1311 1817 1364 δὲ
1848 1310 2022 1382 ἀχρη-

342 1417 468 1452 στον
499 1395 586 1470 ἦν,
620 1399 742 1452 οὑδέ
777 1398 916 1469 μετὰ
949 1397 1118 1451 ταῦτα
1166 1397 1383 1469 δοθῆναι
1427 1399 1614 1469 ἐχρῆν.
1665 1398 1802 1451 Ἀλλ’
1855 1397 2020 1460 ἓωλος

338 1481 494 1549 0610;
535 1487 563 1537 6
607 1485 896 1556 λογισμός·
947 1485 1008 1539 οὐ
1038 1483 1147 1555 γὰρ
1197 1484 1261 1556 δή
1313 1485 1548 1551 πάντως,
1583 1483 1639 1536 εί
1666 1501 1720 1537 τι
1751 1484 2021 1555 χρήσιμον

340 1574 482 1645 μετά
514 1573 788 1639 ταύτα,.ἐξ
812 1573 984 1644 ἀρχῆς
1009 1573 1214 1642 ὀφείλει
1245 1572 1509 1627 δίδοσθαι·
1545 1573 1666 1626 ούδέ
1701 1575 1752 1626 εί
1785 1591 1837 1626 τι
1872 1572 2022 1644 παρά

341 1665 440 1732 τὴν
471 1660 642 1734 ἀρχὴν
674 1661 848 1730 ἐδόθη,
887 1660 1002 1732 [99]
1038 1659 1197 1714 10610
1239 1661 1458 1725 πάντως
1499 1661 1703 1730 ὀφείλει
1738 1661 1833 1714 καὶ
1883 1661 2021 1730 μετά

342 1749 514 1804 ταῦτα
547 1750 744 1820 μένειν.
785 1749 936 1802 Ἐπεὶ
967 1750 1060 1802 καὶ
1093 1748 1152 1802 16
1183 1748 1324 1818 γάλα
1377 1749 1667 1819 χρήσιμον,
1703 1747 1818 1801 ἀλλ’
1845 1747 1906 1800 οὐ
1944 1747 2022 1799 δι-

340 1837 554 1908 ηνεκῶς
590 1837 808 1898 δίδοται,
842 1837 978 1890 ἀλλά
1022 1837 1206 1890 παισὶν
1231 1832 1379 1889 οὖσιν
1412 1835 1542 1906 ἡμῖν
1581 1834 1782 1888 δίδοται
1829 1833 2016 1905 μόνον·

345 1924 439 1978 καὶ
469 1927 501 1995 ἡ
530 1925 725 1994 στερεά
750 1925 922 1996 τροφὴ
956 1926 1244 1996 χρήσιμος,
1279 1923 1394 1977 ἀλλ’
1421 1923 1596 1986 οὐδεὶς
1624 1923 1756 1993 ἡμῖν
1788 1923 1846 1974 ἐν
1876 1922 2020 1993 ἀρχῇ

347 2010 697 2081 μεταδίδωσιν
722 2011 908 2080 αὐτῆς,
936 2011 1050 2064 ἀλλ’
1078 2011 1293 2064 ἐπειδὰν
1319 2009 1417 2080 τὴν
1441 2009 1696 2080 παιδικὴν
1719 2007 2022 2077 ἐξέλθωμεν

345 2099 588 2171 ἡλικίαν·
624 2099 786 2153 πάλιν
818 2100 880 2153 τὸ
920 2099 1076 2172 θέρος
1113 2106 1417 2170 χρήσιμον,
1462 2097 1577 2150 ἀλλ’
1625 2098 1687 2150 ού
1730 2095 2024 2158 διαπαντὸς

342 2186 623 2254 φαίνεται·
652 2187 744 2239 καὶ
772 2187 801 2238 6
829 2183 1038 2256 χειμὼν
1080 2185 1406 2256 ἐπιτήδειος,
1433 2183 1570 2236 ἀλλά
1607 2183 1701 2235 καὶ
1740 2176 1893 2245 0610;
1921 2183 2025 2234 ὑπ-

342 2274 640 2340 εξίσταται.
671 2273 735 2327 Τί
761 2270 854 2328 οὖν
877 2292 892 2340 ;
919 2275 974 2326 αἰ
996 2273 1231 2344 Γραφαί,
1255 2272 1440 2342 φησὶν,
1467 2272 1566 2324 οὐκ
1596 2269 1703 2323 εἰσί
1727 2271 2021 2340 χρήσιμοι;

344 2361 772 2432 Χρησιμώταται
822 2361 920 2432 μέν
958 2356 1052 2414 06v
1099 2359 1193 2412 καὶ
1243 2359 1686 2427 ἀναγκαιόταται.
1730 2355 1886 2419 Τίνος
1932 2350 2026 2409 οὖν

345 2448 593 2515 ἓνεκενα,
620 2447 806 2519 φησὶν,
837 2447 895 2514 ἐξ
947 2445 1124 2518 ἀρχῆς
1153 2447 1284 2516 ἡμῖν
1328 2446 1428 2498 οὐκ
1463 2443 1724 2515 ἐδόθησαν
1748 2460 1762 2509 ;
1789 2443 1914 2496 ’Ότι
1964 2443 2024 2495 οὐ

344 2535 434 2589 διά
466 2536 832 2608 γραμμάτων,
872 2534 1009 2588 ἀλλὰ
1051 2534 1138 2588 διὰ
1181 2532 1542 2604 πραγμάτων,
1587 2531 1848 2601 ήϐούλετο
1899 2549 2028 2583 παι-

341 2624 521 2678 δεύειν
545 2623 653 2677 τῶν
681 2621 982 2694 ἀνθρώπων
1003 2622 1103 2694 τὴν
1131 2622 1292 2690 φύσιν
1317 2623 1345 2674 6
1369 2620 1517 2683 Θεός.
1545 2619 1609 2670 Τί
1642 2619 1772 2672 ποτέ
1798 2620 1914 2672 ἐστι
1940 2618 2027 2672 διὰ

343 2712 721 2783 πραγμάτων;
748 2711 847 2764 Διά
877 2709 975 2781 τῆς
1005 2709 1234 2773 κτίσεως
1263 2707 1454 2778 αὐτῆς.
1493 2709 1586 2770 Εἰς
1615 2707 1773 2760 10610
1807 2707 1938 2774 γοῦν
1965 2706 2026 2760 τὸ

347 2797 640 2866 κεφάλαιον
664 2793 916 2866 ἐμπεσὼν
932 2797 960 2848 6
986 2795 1326 2858 Ἀπόστολος,
1347 2793 1442 2847 καί
1463 2792 1598 2863 πρὸς
1611 2793 1877 2862 ’Έλληνας
1900 2793 2028 2845 ἀπο-

347 2885 654 2956 τεινόμενος
684 2885 810 2948 τοὺς
857 2883 1134 2953 λέγοντας,
1178 2883 1258 2936 ὅτι
1284 2883 1398 2935 Οὐκ
1437 2880 1714 2952 ἐμάθομεν
1755 2881 1814 2946 ἐξ
1852 2881 2028 2949 ἀρχῆς

349 2974 501 3043 ποιρά
529 2973 639 3026 τῶν
684 2971 914 3044 Γραφῶν
950 2970 1302 3039 θεογνωσίαν,
1333 2971 1433 3040 ὅρα
1468 2967 1586 3032 πῶς
1624 2967 2023 3037 ἀπελογήσατο.

349 3063 532 3119 Εἰπὼν
564 3065 694 3134 γὰρ,
728 3064 810 3116 ὅτι
847 3063 1359 3117 Ἀποκτιλύπτεται
1392 3059 1537 3130 ὀργὴ
1589 3059 1737 3114 Θεοῦ
1779 3059 1880 3114 ἀπ’
1929 3061 2028 3113 οὑ-

347 3153 536 3223 ριινοῦ
574 3153 672 3205 ἐπὶ
717 3150 925 3207 πᾶσαν
953 3151 1238 3205 ἀσέϐειαν
1283 3149 1382 3203 καὶ
1423 3147 1665 3203 ἀδικίαν
1705 3145 2030 3215 ἀνθρώπων

350 3241 472 3295 τῶν
495 3240 610 3309 τὴν
641 3237 932 3306 ἀλήθειαν
965 3239 1035 3291 ἐν
1062 3237 1264 3305 ἀδικίᾳ
1302 3236 1698 3306 κατεχόντων,
1737 3233 1926 3304 ἐπειδὴ
1956 3229 2032 3286 εἷ-

351 3329 441 3383 δεν
473 3328 744 3381 ἀντίθεσιν
788 3326 1214 3380 ἀντιπίπτουσαν
1259 3324 1428 3396 αὐτῷ,
1497 3323 1592 3377 καὶ
1637 3322 1862 3385 πολλοὺς
1907 3323 2032 3375 ἀντ-

353 3414 674 3487 ερωτῶντας
719 3414 768 3478 δ,
793 3414 872 3468 ὅτι
894 3414 1005 3466 Καὶ
1046 3413 1208 3467 πόθεν
1236 3412 1436 3484 ᾔδεσαν
1469 3410 1728 3480 Ἕλληνες
1762 3408 1858 3480 τὴν
1898 3407 2030 3478 ἀλή-

353 3503 506 3556 θειαν
538 3501 631 3555 106
656 3499 819 3566 8.106;
856 3503 1104 3571 ἐπήγαγε
1128 3498 1322 3568 λέγων.
1349 3499 1505 3552 Διότι
1528 3497 1596 3551 τὸ
1625 3496 1900 3568 γνωστόν
1923 3494 2031 3549 τοῦ

357 3589 506 3644 Θεοῦ
532 3591 796 3658 φανερόν
822 3588 993 3642 ἐστιν
1019 3588 1088 3641 ἐν
1105 3587 1328 3653 αὐτοῖς.
1357 3587 1465 3640 Καὶ
1489 3586 1604 3650 πῶς
1630 3584 1864 3656 φανερόν
1885 3585 2032 3637 ἐστιν

356 3678 416 3732 ἐν
447 3677 664 3742 αὑτοῖς;
708 3676 824 3740 πῶς
850 3677 907 3729 δὲ
939 3675 1199 3745 ἠδύναντο
1236 3675 1437 3728 εἰδέναι
1477 3673 1630 3734 Θεὸν,
1663 3673 1758 3727 καὶ
1787 3671 1872 3737 τίς
1900 3671 2036 3724 ἔδει-

355 3766 479 3832 ξενς
515 3766 655 3819 εἰπέ.
689 3766 754 3817 Ὀ
803 3763 913 3834 γὰρ
969 3763 1113 3828 Θεὸς
1155 3761 1535 3832 ἐφανέρωσεν
1590 3760 1817 3827 αὐτοῖς,
1878 3759 2030 3830 φησί.

356 3854 503 3926 Ποίῳ
538 3854 762 3925 τρόπῳ;
801 3855 953 3906 ποῖον
983 3853 1266 3924 προφήτην
1298 3850 1558 3922 πέμψας;
1587 3850 1712 3902 τίνα
1753 3847 2036 3917 εὐαγγελιο

359 3944 490 4014 στήν
515 3959 530 4008 ;
557 3944 708 3995 ποῖον
729 3941 1066 4004 διδάσκαλον,
1099 3942 1146 3992 εἰ
1176 3942 1231 3994 αἰ
1257 3940 1471 4010 Γραφαί
1500 3938 1726 4009 μηδέπω
1751 3933 1929 4009 ἧσανξ
1957 3938 2035 3990 Τὰ

357 4031 470 4102 τὰρ
499 4033 721 4099 ἀόρατα
758 4029 967 4094 αὑτοῦ,
997 4029 1181 4100 φησὶν,
1213 4026 1332 4082 ἀπὸ
1365 4027 1617 4092 κτίσεως
1643 4028 1876 4095 κόσμου
1911 4024 2036 4091 τοῖς

357 4119 647 4190 ποιήμασι
678 4119 976 4186 νοούμενα
1017 4116 1358 4187 καθορᾶται,
1411 4116 1450 4184 ἢ
1497 4132 1561 4169 τε
1584 4136 1586 4139 ·
1611 4114 1802 4180 ἀΐδιος
1848 4114 2036 4168 αὑτοῦ

356 4207 610 4277 δύναμις
641 4205 738 4259 καὶ
770 4205 1020 4272 θειότης.
1062 4206 1126 4257 Ὃ
1163 4204 1220 4257 δὲ
1249 4202 1420 4272 λέγει,
1454 4201 1694 4257 τοιοῦτόν
1735 4205 1886 4256 ἐστι·
1927 4201 2038 4274 Τὴν

359 4293 534 4348 κτίσιν
567 4296 646 4357 εἰς
688 4293 851 4364 μέσον
879 4291 1151 4363 προέθηκε
1185 4290 1291 4362 πρὸ
1327 4289 1436 4343 τῶν
1465 4288 1759 4360 ὀφθαλμῶν
1797 4289 2035 4352 πάντων,

359 4384 447 4437 ἵνα
483 4381 595 4436 ἀπὺ
619 4379 729 4435 τῶν
765 4381 942 4454 ἔργων
983 4380 1075 4434 τὸν
1107 4379 1438 4451 δημιουργὸν
1471 4378 1838 4448 στοχάζωνται
1860 4394 1872 4406 ·
1903 4379 2040 4448 ὅπερ

355 4467 453 4525 οὖν
488 4468 583 4523 καὶ
618 4469 804 4540 ἔτερος
831 4468 1044 4536 ἔλεγεν·
1084 4468 1184 4520 Ἐκ
1217 4467 1328 4536 γὰρ
1359 4465 1650 4536 μεγέθους
1687 4465 1785 4518 καὶ
1819 4468 2041 4518 καλλο-

361 4555 476 4624 νῆς
527 4554 867 4626 κτισμάτων
911 4555 1222 4623 ἀντιλόγοις
1275 4556 1308 4608 ό
1360 4551 1784 4622 τενεσιουργός
1839 4550 2042 4605 αὐτῶν

365 4642 705 4713 καθορᾶται.
753 4637 904 4706 Εἶδες
944 4643 1004 4696 16
1047 4641 1311 4713 μέγεθος;
1353 4641 1632 4712 θαύμασον
1679 4641 1776 4712 τὴν
1814 4639 2041 4711 δύναμιν

365 4732 461 4785 106
487 4732 829 4804 ποιήσαντος.
852 4726 1004 4795 Εἶδες
1028 4731 1088 4784 16
1111 4729 1341 4795 κάλλος;
1379 4729 1684 4800 ἐκπλάγηθι
1723 4728 1821 4799 τὴν
1852 4727 2042 4796 σοφίαν

366 4817 460 4873 106
508 4820 910 4891 κοσμήσαντος·
956 4820 1092 4890 ὅπερ
1125 4815 1219 4871 οὖν
1261 4818 1355 4870 καί
1390 4819 1419 4870 6
1448 4818 1732 4887 προφήτης
1763 4815 2044 4886 ἐμφαίνων

367 4905 580 4976 ἔλεγεν·
617 4909 681 4960 Ol
705 4904 944 4974 οὐρανοὶ
987 4905 1333 4974 διηγοῦνται
1375 4904 1490 4972 τὴν
1524 4903 1712 4967 δόξαν
1737 4901 1842 4956 τοῦ
1873 4900 2040 4954 Θεοῦ.

368 4995 514 5058 Πῶς,
547 4993 668 5047 εἰπέ
712 5010 821 5064 μοι,
869 4992 1218 5064 διηγοῦνται;
1256 4992 1440 5064 φωνὴν
1484 4993 1583 5044 οὐκ
1631 4989 1833 5061 έχουσι,
1872 4989 2045 5060 στόμα

361 5085 428 5138 ού
456 5085 769 5154 κέκτηνται,
789 5081 1003 5150 γλῶττα
1024 5083 1151 5152 παρ’
1172 5081 1352 5144 αὐτοῖς
1400 5081 1500 5132 οὐκ
1537 5079 1673 5143 ἐστι,
1696 5078 1813 5140 πῶς
1844 5073 1936 5131 06v
1970 5077 2046 5129 δι-

369 5167 664 5242 ηγοῦνταις
697 5168 795 5221 Διά
823 5169 920 5239 τῆς
953 5167 1128 5238 δψεως
1159 5167 1353 5237 αὐτῆς·
1388 5159 1513 5220 ὅταν
1545 5165 1654 5236 γὰρ
1674 5164 1790 5235 ἴδῃς
1821 5163 1882 5216 16
1914 5163 2045 5217 κάλ-

370 5258 480 5324 λος,
507 5259 566 5312 16
598 5257 844 5329 μέγεθος,
874 5257 934 5308 τὸ
964 5255 1117 5326 ὕψος,
1149 5255 1248 5325 τὴν
1286 5253 1454 5319 θέσιν,
1486 5253 1547 5305 16
1579 5251 1788 5323 σχῆμα,
1817 5251 1878 5305 16
1911 5251 2047 5320 πρὸς

371 5347 620 5401 τοσοῦτον
651 5347 841 5417 χρόνον
870 5345 1107 5416 διαρκὲς,
1139 5342 1324 5414 ὥσπερ
1365 5340 1548 5411 φωνῆς
1576 5339 1810 5403 ἀκούων,
1842 5341 1938 5393 καί
1966 5339 2036 5392 δι-

1174 325 1231 380 S.
1271 323 1553 380 JOANNiS
1583 321 2074 380 CHRYSOSTOM'
2111 319 2430 380 ABCHIEP.
2469 316 3028 378 CONSTANTINOP.

3708 309 3805 366 ωδ

2133 439 2463 510 σαφεστέρα.
2493 438 2556 490 Εἰ
2592 436 2690 506 μέν
2710 434 2820 505 γὰρ
2848 433 2935 486 διὰ
2962 429 3180 501 βιϐλίων
3210 427 3498 482 ἐπαίδευσε
3530 440 3553 467 ο
3590 427 3684 481 καί
3718 428 3808 483 διά

2125 528 2494 599 γραμμάτων,
2524 525 2553 577 6
2582 524 2680 593 μὲν
2711 521 2868 583 εἰδὼς
2896 518 3202 590 γράμματα
3233 515 3435 586 ἔμαθεν
3463 516 3528 568 ἀν
3552 514 3621 568 τά
3650 516 3806 583 ἐγγεο

2078 615 2080 617 ’
2127 614 2442 685 γραμμένα,
2481 614 2509 665 6
2555 610 2612 663 δὲ
2647 610 2748 662 οὐκ
2804 606 2962 670 εἰδὼς
2993 602 3233 675 ἀπῆλθεν
3275 601 3340 655 ἂν
3377 601 3544 673 μηδὲν
3599 601 3806 654 ἐκεῖθεν

2123 700 2447 771 ὠφεληθεὶς,
2483 700 2532 752 εἰ
2573 699 2646 769 μή
2687 713 2768 758 τις
2799 695 3064 764 ἐνήγαγεν
3095 691 3308 762 ἕτερος·
3334 689 3429 744 καὶ
3460 692 3488 742 6
3522 689 3621 760 μὲν
3646 687 3806 740 εὔπο-

2127 806 2218 861 ρος
2252 787 2481 857 ἐπρίατο
2531 785 2596 840 ἃν
2636 785 2696 837 16
2730 783 2955 853 βιϐλίον,
3005 783 3033 834 6
3071 780 3126 834 δέ
3165 779 3334 849 πένης
3363 779 3463 831 οὐκ
3510 779 3575 832 ἂν
3620 777 3806 847 ἴσχυσε

2124 873 2425 946 κτήσασθαι
2453 890 2465 902 ·
2510 872 2672 926 πάλιν
2708 872 2736 923 6
2779 870 2878 941 μὲν
2910 870 3009 940 τὴν
3049 866 3232 937 φωνὴν
3270 865 3483 936 ἐκείνην
3520 862 3676 926 εἰδὼς
3705 862 3809 935 τήν

2123 961 2211 1015 διὰ
2236 960 2343 1013 τῶν
2369 959 2713 1030 γραμμάτων
2745 953 3152 1028 σημαινομένην
3179 953 3320 1021 ἔγνω
3351 950 3500 1025 [100]
3535 952 3601 1005 ἂν
3627 951 3695 1004 τά
3721 951 3809 1019 ἐγ-

2123 1047 2370 1117 κείμενα,
2401 1047 2429 1097 6
2461 1044 2519 1098 δὲ
2547 1043 2781 1114 Σκύθης,
2812 1042 2906 1096 καί
2933 1044 2961 1095 ὀ
2995 1041 3289 1112 βάρϐαρος,
3318 1041 3412 1092 καί
3439 1040 3467 1091 6
3510 1035 3686 1101 Ἰνδὸς,
3710 1037 3810 1094 καὶ

2121 1136 2151 1189 6
2176 1134 2491 1204 Αἰγύπτιος,
2521 1133 2615 1186 καὶ
2642 1132 2838 1194 πάντες
2861 1131 2911 1184 οἰ
2938 1129 3036 1200 τῆς
3058 1129 3304 1198 γλώττης
3337 1127 3552 1195 ἐκείνης
3583 1128 3811 1179 ἀπεστε-

2125 1241 2192 1296 ρη
2203 1223 2352 1293 μένοι
2381 1221 2408 1261 ἀ
2442 1221 2684 1291 ἀπῆλθον
2721 1219 2785 1274 ἂν
2819 1217 2987 1289 μηδὲν
3035 1215 3326 1287 μαθόντες·
3360 1215 3453 1267 ἐπὶ
3483 1215 3542 1268 δὲ
3575 1214 3670 1267 106
3712 1214 3811 1267 ού-

2125 1309 2285 1383 ρανοῦ
2319 1311 2417 1363 οὐκ
2440 1309 2553 1362 ἐστι
2580 1306 2736 1362 τοῦτο
2758 1308 2952 1368 εἰπεῖν,
2984 1304 3120 1358 ἀλλά
3152 1304 3248 1357 καί¹
3280 1302 3514 1371 Σκύθης,
3545 1303 3639 1355 καὶ
3673 1300 3810 1372 βάρ-

2125 1399 2312 1470 ϐαρος,
2359 1399 2454 1452 καὶ
2491 1398 2671 1462 Ἰνδὸς,
2717 1396 2811 1449 καὶ
2862 1393 3180 1463 Αἰγύπτιος,
3227 1393 3322 1446 καὶ
3371 1393 3480 1454 πᾶς
3520 1390 3811 1462 ἄνθρωπος

2123 1487 2216 1540 ἐπὶ
2239 1486 2339 1556 τῆς
2363 1485 2464 1556 γῆς
2495 1485 2723 1555 βαδίζων
2764 1481 2964 1552 ταύτης
3013 1480 3308 1534 ἀκούσεται
3352 1479 3451 1550 τῆς
3501 1479 3719 1548 φωνῆς·
3745 1478 3808 1532 ού

2122 1574 2231 1645 γάρ
2253 1574 2318 1627 δι’
2347 1573 2518 1638 ὢτων,
2550 1572 2684 1625 ἀλλά
2710 1572 2803 1625 καί
2833 1571 2900 1623 δι’
2933 1569 3109 1640 ὀψεως
3141 1571 3220 1631 εἰς
3247 1569 3347 1640 τὴν
3373 1568 3612 1621 διάνοιαν
3646 1566 3811 1637 ἐμπί-

2125 1680 2249 1716 πτει
2280 1661 2376 1733 τὴν
2399 1661 2697 1732 ἡμετέραν.
2740 1660 2805 1712 Ἠ
2835 1659 2892 1712 δέ
2915 1658 3024 1711 τῶν
3052 1656 3347 1728 ὁρωμένων
3394 1656 3680 1726 ἀντίληψις
3712 1655 3811 1726 μία

2123 1749 2208 1813 τίς
2250 1750 2385 1811 ἐστι,
2415 1749 2509 1802 καί
2529 1749 2591 1800 οὐ
2623 1747 2897 1816 διάφορος,
2933 1745 3183 1816 καθάπερ
3209 1746 3242 1814 ἡ
3273 1743 3384 1797 τῶν
3413 1742 3692 1812 γλωσσῶν·
3729 1744 3811 1805 εἰς

2125 1836 2283 1890 τοῦτο
2307 1836 2400 1889 καί
2431 1836 2645 1906 ἰδιώτης
2668 1835 2762 1887 καὶ
2794 1834 2956 1902 σοφὸς
2987 1833 3275 1903 δυνήσεται
3300 1832 3362 1885 16
3385 1831 3585 1902 βιϐλίον
3608 1831 3813 1902 ὁμοίως

2129 1925 2277 1988 ἰδεῖν,
2306 1925 2400 1978 καὶ
2427 1923 2598 1993 πένης
2622 1923 2715 1976 καὶ
2745 1921 3016 1986 πλούσιος,
3051 1921 3143 1974 καὶ
3189 1922 3432 1992 ὅπουπερ
3462 1920 3526 1973 ἄν
3560 1938 3646 1983 τις
3696 1921 3811 1987 ἀφ·

2131 2013 2336 2084 ίκηται,
2372 2009 2675 2078 ἀναϐλέψαι
2704 2010 2784 2073 εἰς
2816 2009 2906 2061 16v
2939 2009 3165 2080 οὐρανὸν
3189 2007 3464 2080 ἀρκοῦσαν
3488 2009 3717 2080 λήψεται
3732 2008 3813 2061 δι-

2125 2103 2420 2160 δασκαλίαν
2455 2103 2564 2156 ἀπὸ
2595 2102 2695 2171 τῆς
2725 2101 2993 2171 θεωρίας·
3034 2101 3170 2172 ὅπερ
3205 2101 3299 2154 καί
3333 2100 3495 2164 αὐτὸς
3532 2101 3560 2152 6
3593 2100 3814 2170 προφήο

2124 2208 2226 2264 της
2251 2190 2619 2260 αἰνιττόμενος
2645 2189 2739 2242 καὶ
2763 2189 2997 2253 δεικνὺς,
3025 2189 3107 2241 ὅτι
3139 2188 3324 2258 φωνὴν
3349 2190 3382 2258 ή
3410 2186 3585 2251 κτίσις
3616 2187 3814 2258 ἀφίησι

2127 2280 2222 2332 καί
2256 2277 2552 2349 βαρϐάροις
2574 2277 2669 2330 καί
2701 2276 2928 2348 Ἕλλησι
2959 2279 3054 2329 καί
3086 2277 3252 2329 πᾶσιν
3280 2275 3468 2340 ἀπλῶς
3502 2275 3814 2343 ἀνθρώποις

2129 2367 2479 2427 εὐσύνοπτον,
2521 2364 2694 2429 οὕτως
2723 2365 2939 2434 ἔλεγεν·
2974 2367 3096 2419 Οὐκ
3121 2364 3242 2418 είσί
3282 2364 3486 2420 λολιαὶ
3527 2364 3671 2418 οὐδὲ
3712 2363 3818 2417 .16-

2128 2472 2241 2524 τοι,
2267 2448 2354 2507 ὧν
2386 2453 2523 2520 οὐχὶ
2550 2453 2872 2506 ἀκούονται
2907 2456 2965 2506 al
2997 2452 3186 2521 φωναὶ
3227 2450 3442 2506 αὐτῶν.
3483 2454 3546 2504 Ὅ
3569 2452 3623 2504 δὲ
3668 2452 3818 2517 λέγει

2128 2543 2368 2596 τοιοῦτόν
2422 2543 2607 2594 ἐστιν·
2640 2541 2754 2594 Οὐκ
2798 2540 2942 2594 ἐστιν
2993 2540 3164 2604 ἔθνος,
3203 2540 3324 2593 ούδέ
3355 2539 3586 2608 γλῶττα,
3629 2539 3815 2610 φησιν,

2127 2633 2162 2703 ή
2201 2631 2274 2702 μὴ
2313 2630 2585 2700 δυναμένη
2632 2630 2867 2682 συνιέναι
2897 2629 2998 2698 τῆς
3044 2628 3227 2698 φωνῆς
3261 2628 3496 2698 ταύτης·
3529 2627 3664 2681 ἀλλὰ
3700 2643 3815 2678 τοι·

2127 2719 2284 2783 0610;
2320 2718 2500 2771 αὐτῶν
2531 2719 2676 2772 ἐστιν
2715 2719 2743 2771 6
2783 2718 3037 2788 φθόγγος,
3071 2715 3210 2769 ὥστε
3243 2716 3498 2770 δύνασθαι
3543 2715 3647 2769 ὑπὸ
3680 2715 3818 2768 πάν-

2127 2825 2236 2860 των
2267 2805 2570 2875 ἀνθρώπων
2597 2805 2911 2871 ἀκούεσθαι,
2948 2805 3043 2859 καί
3076 2805 3197 2875 οὐχὶ
3229 2804 3324 2858 106
3367 2803 3596 2876 ούρανοῦ
3635 2804 3814 2874 μόνον,

2129 2895 2265 2949 ἀλλά
2311 2895 2405 2948 καὶ
2451 2893 2552 2963 τῆς
2595 2893 2808 2965 ἡμέρας
2846 2894 2938 2946 καί
2984 2893 3085 2962 τῆς
3134 2893 3343 2956 νυκτός.
3392 2893 3504 2946 Καὶ
3552 2891 3668 2955 πῶς
3715 2890 3820 2960 τῆς

2129 2985 2342 3057 ἡμέρας
2370 2984 2464 3037 καὶ
2493 2984 2590 3054 τῆς
2619 2983 2843 3048 νυκτός;
2872 2974 3023 3046 οὗτος
3055 2983 3153 3053 μὲν
3180 2981 3288 3052 γὰρ
3321 2982 3415 3036 καὶ
3445 2980 3534 3034 διά
3557 2980 3648 3033 106
3685 2979 3819 3034 κάλ-

2129 3071 2277 3135 λους,
2312 3071 2406 3125 καὶ
2435 3070 2522 3124 διὰ
2549 3069 2642 3123 τοῦ
2673 3069 2957 3141 μεγέθους,
2994 3072 3088 3124 καὶ
3119 3069 3206 3122 διὰ
3232 3068 3340 3122 τῶν
3367 3069 3540 3124 ἄλλων
3567 3067 3820 3122 ἁπάντων

2131 3160 2423 3230 ἐκπλήττει
2475 3160 2602 3222 τοὺς
2651 3158 2887 3222 θεατὰς,
2932 3158 3023 3211 καί
3078 3158 3215 3229 πρδς
3252 3157 3312 3210 16
3363 3157 3548 3228 θαῦμα
3583 3156 3679 3210 τοῦ
3719 3156 3816 3228 δη-

2135 3246 2570 3317 μιουργήσαντος
2609 3245 2771 3298 αὐτὸν
2813 3244 3225 3316 παραπέμπτει,
3265 3247 3297 3315 ἡ
3341 3243 3398 3297 δέ
3442 3244 3625 3314 ήμέρα
3662 3243 3757 3296 καὶ
3783 3243 3819 3314 ἡ

2132 3334 2228 3401 νὺξ
2270 3334 2324 3386 τί
2370 3333 2607 3386 τοιοῦτον
2642 3332 2707 3387 ἂν
2747 3332 2920 3403 ἔχοιεν
2952 3335 3084 3402 ἡμῖν
3122 3330 3530 3399 ἐπιδείξασθαις
3568 3329 3822 3384 Τοιοῦτον

2137 3424 2235 3494 μὲν
2277 3422 2450 3484 οὐδὲν,
2491 3421 2655 3490 ἔτερα
2705 3419 2763 3473 δέ
2801 3421 2902 3473 οὐκ
2933 3415 3191 3473 ἐλάττονα
3220 3419 3442 3485 τούτων,
3471 3419 3561 3471 16v
3595 3417 3820 3489 ῥυθμὸν,

2131 3511 2231 3578 τὴν
2254 3508 2404 3573 τάξιν
2432 3508 2530 3578 τὴν
2561 3509 2678 3578 μετ’
2705 3507 2987 3578 ἀκριϐείας
3019 3507 3258 3578 ἀπάσης.
3289 3506 3458 3560 Ὅταν
3491 3507 3601 3577 γὰρ
3639 3507 3825 3574 ἐννοή-

2137 3611 2236 3669 σῃς
2285 3595 2402 3658 πῶς
2443 3595 2535 3648 16v
2575 3595 2815 3649 ἐνιαυτὸν
2861 3594 3074 3648 ἅπαντα
3111 3593 3468 3664 διενείμαντο,
3511 3594 3606 3646 καὶ
3653 3591 3824 3646 καθά-

2135 3699 2241 3754 περ
2273 3685 2330 3736 ἐν
2368 3682 2516 3754 ζυγῷ
2545 3685 2638 3736 καὶ
2669 3682 2964 3751 πλάστιγγι
3007 3682 3100 3735 106
3141 3680 3341 3745 παντὸς
3367 3681 3734 3750 διαστήματος
3762 3680 3822 3733 16

2139 3769 2314 3840 μῆκος
2335 3769 2616 3833 διείλαντο,
2646 3768 2968 3841 ἐκπλαγήσῃ
3003 3769 3095 3822 16v
3131 3768 3387 3834 τάξαντα.
3411 3766 3680 3838 Καθάπερ
3711 3766 3820 3835 γάρ

2135 3874 2278 3920 τινες
2318 3856 2546 3925 ἀδελφαὶ
2575 3855 2666 3909 τὸν
2699 3856 2951 3927 πατρῷον
2995 3856 3409 3927 διανειμάμεναι
3443 3855 3642 3926 κλῆρον
3683 3854 3823 3925 μετά

2139 3943 2336 4013 πολλῆς
2361 3943 2462 4014 τῆς
2487 3943 2729 4015 ἀγάπης,
2759 3944 2880 3997 ούδέ
2904 3943 2966 3996 16
2996 3944 3158 4014 τυχὸν
3191 3943 3446 4013 ἀλλήλαις
3463 3942 3823 4014 ’ἐπηρεάζον-

2141 4049 2229 4086 σαι
2260 4044 2306 4071 ε·
2342 4031 2485 4085 οὕτω
2517 4031 2580 4103 δὴ
2609 4031 2764 4103 καὶὴ
2798 4030 2980 4102 ήμέρα
3020 4033 3116 4085 καὶ
3157 4031 3191 4101 ή
3237 4030 3334 4096 νὺξ
3370 4031 3508 4100 μετά
3535 4029 3824 4101 ἀκριϐείας

2141 4119 2325 4191 πάσης
2355 4119 2447 4172 16v
2487 4117 2731 4172 ἐνιαυτὸν
2761 4120 2818 4172 ἐν
2855 4119 3130 4191 ἰσομοιρία
3185 4118 3419 4188 τοσαύτῃ
3464 4117 3822 4188 διενείμαντο,

2141 4207 2236 4260 καὶ
2263 4209 2388 4270 τοὺς
2415 4207 2649 4270 οἰκείους
2675 4206 3019 4279 διατηροῦσιν
3051 4207 3233 4276 ὅρους,
3258 4207 3352 4260 καὶ
3375 4206 3631 4260 οὐδέποτε
3661 4206 3825 4278 ἑτέρα

2141 4293 2238 4363 τὴν
2276 4293 2467 4364 ἑτέραν
2505 4291 2811 4364 ἐξώθησεν·
2847 4293 3102 4346 οὐδέποτε
3141 4287 3234 4346 οὖν
3277 4293 3333 4344 ἐν
3369 4293 3595 4364 χειμῶνι
3639 4293 3827 4363 μακρά

2141 4381 2364 4450 γέγονεν
2391 4382 2425 4452 ἡ
2450 4381 2651 4453 ἡμέρα,
2679 4379 2866 4453 ῶσπερ
2894 4381 3150 4434 οὐδέποτε
3181 4381 3238 4433 ἐν
3272 4380 3420 4451 θέρει
3453 4381 3642 4450 μακρὰ
3667 4381 3828 4449 γέγο-

2143 4486 2232 4522 νεν
2264 4471 2297 4540 ή
2325 4469 2442 4536 νὺξ,
2481 4469 2749 4522 τοσούτων
2785 4468 3166 4540 παρελθουσῶν
3198 4467 3400 4536 γενεῶν
3421 4484 3434 4498 ·
3466 4467 3580 4522 ἀλλ’
3607 4469 3665 4520 ἐν
3698 4485 3826 4522 τοσ-

2144 4558 2286 4627 ούτῳ
2329 4557 2653 4628 διαστήματι
2700 4557 2796 4610 καὶ
2840 4557 3022 4627 μήκει,
3053 4557 3173 4610 οὐδὲ
3223 4557 3530 4627 ἀκαριαῖον,
3570 4557 3670 4627 οὐχ
3700 4557 3829 4628 ἡμι-

2143 4643 2390 4716 ὡριον,ού
2411 4645 2574 4716 ῥιπήν
2588 4644 2860 4715 ὀφθαλμοῦ
2873 4647 2906 4716 ή
2922 4645 3082 4716 ἑτέρα
3096 4643 3191 4716 τὴν
3207 4644 3292 4698 ἐτέ
3301 4662 3399 4716 ραν
3412 4645 3822 4712 ἐπλεονέκτησε.

2215 4741 2283 4802 γ’.
2303 4733 2400 4786 Διά
2425 4731 2597 4786 ταῦτα
2616 4733 2709 4785 καί
2726 4735 2753 4786 6
2770 4731 3058 4803 ψαλμῳδδς
3079 4732 3371 4802 ἐκπλαγεὶς
3388 4732 3566 4786 αὐτῶν
3585 4733 3685 4802 τὴν
3718 4732 3830 4786 ἰσό-

2146 4839 2305 4892 τητα,
2341 4821 2469 4874 ἐϐόα
2509 4820 2716 4888 λέγων·
2775 4819 2906 4886 Νὺξ
2957 4821 3134 4874 νυκτί
3179 4819 3537 4890 ἀναγγέλλει
3581 4821 3826 4890 γνῶσιν.

2153 4912 2249 4964 “Av
2274 4909 2448 4964 10610
2474 4908 2620 4980 εἰδῇς
2655 4908 2985 4978 φιλοσοφεῖν,
3027 4907 3329 4979 θαυμάσεις
3369 4908 3461 4960 16v
3503 4907 3646 4962 οὕτω
3677 4907 3832 4980 παρά

2147 4999 2245 5070 τὴν
2265 4997 2437 5070 ἀρχὴν
2458 4996 2692 5060 τάξαντα
2715 4996 2840 5060 τοὺς
2862 4997 3154 5066 ἀκινήτους
3179 4994 3400 5058 τούτους
3423 4996 3598 5067 ὅρους.
3619 4995 3832 5049 Ἀκουέ-

2149 5104 2329 5140 τωσαν
2359 5085 2561 5138 τούτων
2590 5085 2639 5137 οί
2681 5083 3000 5137 πλεονέκται
3036 5083 3132 5136 καὶ
3158 5082 3265 5137 τῶν
3293 5082 3588 5155 ἀλλοτρίων
3611 5084 3832 5154 ἐφιέμε-

2151 5193 2229 5229 νοι
2257 5174 2579 5247 χρημάτων,
2609 5173 2703 5226 καί
2734 5171 3110 5244 μιμείσθωσαν
3131 5171 3345 5242 ἡμέρας
3377 5171 3469 5224 καὶ
3515 5171 3706 5235 νυκτὸς
3731 5171 3832 5242 τὴν

2154 5268 2402 5337 ἰσότητα·
2427 5264 2773 5318 ἀκουέτωσαν
2800 5263 2848 5316 οἰ
2876 5261 3282 5332 πεφυσιωμένοι
3318 5259 3338 5299 ΐ
3371 5261 3465 5314 καὶ
3495 5261 3835 5332 μεγαλοφρο-

2153 5357 2387 5420 νοῦντες,
2417 5355 2512 5407 καὶ
2538 5353 2611 5424 μὴ
2635 5352 2948 5424 βουλόμενοι
2968 5351 3075 5404 τῶν
3102 5348 3385 5420 πρωτείων
3417 5349 3626 5419 ἐτέροις
3656 5366 3835 5420 παρα-

369 5435 705 5504 δισκόμενος
735 5433 824 5486 διὰ
865 5433 963 5502 τῆς
1003 5433 1199 5502 ὅψεως,
1250 5431 1574 5502 προσκυνεῖς
1613 5429 1704 5481 τδν
1749 5429 2049 5498 ποιήσαντα
2098 5502 2123 5514 Δ
2156 5446 2365 5514 χωρεῖν.
2403 5443 2466 5494 Ἦ
2499 5440 2683 5511 ἡμέρα
2710 5441 2776 5509 τῇ
2810 5437 2964 5492 νυκτὶ
2997 5436 3336 5506 παραχωρεῖ,
3363 5436 3460 5488 καί
3494 5435 3593 5488 οὐκ
3621 5433 3838 5488 ἐπιϐαί-

375 5520 534 5592 σῶμα
567 5521 724 5576 καλὸν
748 5520 892 5574 οὔτω
919 5520 1014 5574 καὶ
1043 5519 1363 5590 παράδοξον.
1387 5519 1523 5587 Σιγᾷ
1555 5520 1584 5570 6
1611 5516 1855 5586 οὐρανὸς,
1876 5515 1988 5570 ἀλλ’
2012 5517 2044 5586 ἡ

371 5608 494 5680 ξρψις
516 5609 680 5664 αὐτοῦ
719 5610 902 5678 φωνὴν
947 5609 1244 5676 σάλπιγγος
1288 5605 1675 5677 λαμπροτέραν
1717 5604 1931 5674 ἀφίησι,
1983 5603 2048 5655 δι’

372 5698 666 5769 ὀφθαλμῶν
690 5700 858 5768 ἡμᾶς,
886 5699 946 5750 οὐ
974 5697 1041 5750 δι’
1071 5697 1240 5766 ἀκοῆς
1268 5694 1624 5750 παιδεύουσα·
1667 5692 1760 5747 καὶ
1807 5691 1916 5764 γάρ
1950 5691 2048 5744 πέ-

376 5803 546 5855 φυκεν
568 5786 705 5858 αὕτη
734 5787 947 5858 ἐκείνης
979 5787 1012 5858 ή
1041 5785 1293 5856 αἴσθησις
1319 5785 1414 5838 καὶ
1445 5781 1740 5853 πιστοτέρα
1775 5777 1910 5834 εἰναι
1955 5779 2049 5831 καὶ

443 5887 461 5952 _'
484 5887 634 5952 S_;wirl_.
661 5892 742 5936 καί
770 5892 809 5937 εί
831 5889 1225 5952 χρήσιμοι,τίνος
1244 5889 1420 5952 ἕνεκεν,
1437 5888 1879 5952 _et_ila_iqlerpre§.
1907 5881 2044 5952 ΕΡΙΤ.

451 5907 454 5908 '
484 5907 634 5936 cum.
661 5907 742 5936 και
770 5907 809 5937 ει
867 5907 1077 5952 ρησιμοι,
1101 5907 1225 5944 τινος
1247 5907 1420 5946 ενεκεν,
1450 5907 1502 5934 ει
1525 5907 1590 5934 ua
1615 5907 1879 5945 llllcrpl'ca.
1907 5907 2044 5930 nun.

441 5947 470 5986 b
491 5949 639 6013 Suvil.
667 5956 720 6013 οι
749 5907 948 6010 ψιὶζῖιιιη
969 5954 1050 6001 alii
1076 5949 1396 6013 ἀντεροῦντας.
1434 5948 1558 5998 Infra
1592 5947 1743 5996 iidem
1768 5947 1793 5993 6
1816 5945 1903 6006 γὰρ
1929 5942 2048 5998 Θεὸς

380 6011 549 6066 ἰδειξεν
575 6012 750 6067 αὐτοῖς,
774 6014 905 6070 φησί.

2151 5549 2230 5584 νει
2277 5531 2390 5592 τοῖς
2434 5527 2736 5600 ἀλλοτρίοις
2779 5526 2963 5597 ὅροις·
2997 5523 3061 5577 σὺ
3108 5523 3166 5576 δέ
3205 5523 3294 5576 ἀεὶ
3342 5521 3508 5594 τιμῆς
3544 5521 3837 5575 ἀπολαύων

2149 5618 2249 5670 οὐκ
2277 5615 2448 5687 ἀνέχῃ
2475 5616 2589 5676 τοῖς
2612 5613 2857 5681 ἀδελφοῖς
2885 5608 3205 5682 μεταδοῦναι
3238 5607 3474 5679 ταύτης;
3502 5607 3611 5662 Καὶ
3636 5602 3834 5656 σκόπει

2216 5815 2238 5843 ε
2275 5810 2424 5858 Savil.
2453 5815 2506 5857 et
2526 5806 2721 5868 quidam
2745 5817 2861 5852 mss.
2885 5803 3116 5851 ἐπαίδευε.

2211 5874 2240 5916 (1
2275 5876 2368 5924 Alii
2392 5887 2488 5922 non
2510 5869 2648 5933 pauci
2670 5869 3076 5931 ἀποστερηθέντες.

2218 5942 2241 5967 ε
2270 5937 2418 5985 Savil.
2451 5932 2803 5994 ἐπηρεάζουσιν.

2223 6000 2241 6038 ί
2266 5999 2362 6051 Alii
2388 6001 2432 6045 οἰ
2454 5993 2791 6059 πεφυσημένοι.
