4112 6388
322 486 418 541 105

319 615 385 655 na
415 618 428 653 :
462 611 660 667 vosque
690 608 788 650 nos
828 594 1085 650 attentius
1118 591 1346 649 audietis
1367 632 1383 657 ,
1417 591 1648 645 scientes
1675 587 1743 643 ad
1772 586 1905 640 alios

319 692 467 746 vobis
499 692 613 745 lucc
641 689 840 745 referre
874 687 1232 744 necessarium
1262 700 1401 740 esse.
1448 683 1519 739 Ut
1553 682 1711 753 igitur
1734 681 1907 735 mani-

320 788 500 844 festior
517 787 673 840 nobis
693 785 864 840 oratio
890 785 1001 850 liat,
1022 797 1056 837 a
1079 778 1444 851 superioribus
1469 778 1636 847 ipsam
1660 783 1906 844 repeten-

318 890 397 937 tes
423 880 684 934 dicamus.

387 973 491 1027 Cur
536 970 807 1040 Scriptura
846 984 947 1022 non
988 976 1210 1037 tempore
1252 964 1416 1018 Adam
1463 976 1622 1031 neque
1667 957 1783 1012 Noe
1828 956 1905 1011 vel

315 1067 532 1121 Ahalae
559 1066 678 1118 data
719 1063 802 1116 sit.
830 1091 903 1101 â€”
927 1061 1108 1130 Nuper
1144 1058 1323 1128 itaque
1359 1054 1730 1126 quaerebamus
1751 1092 1771 1119 ,
1799 1066 1902 1121 qua

310 1158 381 1211 de
419 1171 576 1210 causa
607 1164 728 1225 post
770 1162 848 1207 tot
889 1166 1059 1206 annos
1086 1150 1243 1207 edita:
1272 1157 1396 1204 sunt
1422 1146 1710 1216 Scriptura:
1748 1163 1761 1199 :
1795 1160 1900 1197 non

312 1248 454 1305 enim
478 1246 646 1301 Adam
674 1260 847 1313 neque
879 1244 990 1298 Noe
1018 1250 1074 1297 et
1100 1241 1367 1296 Abraham
1390 1249 1650 1306 tempore,
1677 1235 1770 1291 sed
1793 1235 1903 1289 Moo

312 1342 389 1394 sis
411 1381 426 1402 ,
462 1338 593 1392 liber
624 1338 707 1391 hic
736 1337 961 1391 traditus
987 1344 1103 1399 est;
1131 1344 1184 1389 et
1214 1334 1409 1387 multos
1434 1331 1591 1385 audio
1618 1330 1857 1384 dicentes
1883 1368 1897 1394 ,

304 1431 456 1499 quod
486 1430 534 1483 si
569 1431 711 1483 utilis
738 1441 853 1482 erat
876 1468 893 1493 ,
926 1429 994 1482 ab
1030 1428 1180 1480 initio
1207 1425 1387 1480 datum
1417 1439 1537 1479 esse
1565 1421 1841 1492 oportebat
1883 1437 1897 1473 :

314 1524 358 1577 si
391 1538 515 1575 vero
542 1523 740 1575 inutilis
763 1529 899 1585 erat,
922 1535 1096 1589 neque
1119 1529 1301 1590 postea
1327 1517 1606 1587 oportebat
1629 1515 1767 1570 dari.
1792 1512 1899 1570 Sed

313 1628 445 1666 vana
476 1613 588 1666 ha-c
614 1611 947 1666 ratiocinatio
974 1627 988 1663 :
1030 1624 1137 1662 non
1152 1606 1296 1661 enim
1316 1609 1521 1671 ouinio,
1538 1606 1583 1661 si
1604 1605 1731 1674 quid
1750 1612 1897 1675 post-

313 1719 377 1756 ea
418 1704 549 1755 utile
606 1710 689 1755 est
731 1700 962 1754 futurum
989 1737 1004 1757 ,
1036 1698 1105 1753 ab
1146 1699 1293 1753 initio
1326 1699 1459 1752 tradi
1488 1698 1649 1753 debet
1679 1715 1691 1751 :
1724 1714 1899 1766 neque

310 1790 355 1842 si
387 1788 511 1857 quid
556 1804 584 1841 a
627 1790 887 1859 principio
916 1789 1096 1843 datum
1124 1799 1243 1853 est,
1278 1789 1380 1843 hoc
1413 1788 1633 1844 omnino
1659 1788 1817 1843 debet
1845 1798 1901 1855 et

310 1891 493 1949 postea
527 1896 761 1936 manere.
790 1880 1051 1947 Quoniam
1074 1890 1130 1935 et
1158 1880 1238 1935 lac
1260 1880 1409 1944 utile,
1436 1895 1534 1938 nec
1560 1889 1736 1934 tamen
1759 1894 1900 1934 scm-

310 1987 408 2041 per
430 2014 445 2035 ,
478 1971 571 2025 sed
613 1974 790 2041 pueris
827 1983 1029 2028 tantum
1059 1975 1213 2029 nobis
1241 1973 1397 2027 datur
1424 1992 1437 2028 :
1464 1984 1521 2029 et
1546 1974 1772 2028 solidum
1802 1991 1901 2029 nu-

309 2066 617 2118 trimentqu
646 2065 776 2119 utile
796 2104 814 2129 ,
848 2065 940 2118 sud
978 2080 1136 2119 nemo
1165 2065 1316 2119 nobis
1346 2065 1519 2134 ipsum
1550 2067 1601 2120 in
1638 2066 1899 2136 principio

308 2159 493 2218 tradit.
517 2158 608 2212 sed
634 2170 911 2228 postquam
937 2160 1189 2227 puerilem
1213 2158 1470 2215 fuerimus
1492 2168 1703 2215 aetatem
1724 2173 1899 2230 egres-

306 2255 375 2306 si.
411 2254 637 2306 Rursum
669 2264 827 2307 :estas
857 2253 1001 2307 utilis
1021 2296 1035 2317 ,
1064 2254 1157 2306 sed
1182 2270 1288 2307 nou
1314 2269 1528 2322 semper
1550 2262 1773 2323 apparet
1801 2271 1815 2308 :
1844 2264 1899 2310 et

305 2343 498 2415 hyems
523 2344 801 2397 commoda
822 2386 836 2407 ,
868 2344 962 2399 sed
990 2355 1043 2398 et
1071 2343 1185 2398 haec
1212 2346 1418 2400 transit.
1446 2345 1579 2413 Quid
1608 2347 1786 2415 igitur,
1815 2346 1898 2401 di-

306 2447 393 2488 cet
408 2436 620 2506 aliquis,
640 2436 925 2505 Scriptura:
942 2453 1047 2490 non
1069 2448 1192 2490 sunt
1211 2438 1399 2492 utiles?
1421 2438 1730 2495 Utilissimaa
1744 2454 1893 2507 sane,

305 2536 365 2581 et
393 2527 680 2581 admodum
706 2530 1043 2582 tteeessarize.
1086 2528 1153 2582 Et
1180 2531 1222 2582 si
1251 2530 1439 2591 utiles,
1468 2530 1673 2599 inquit,
1700 2546 1802 2600 qua
1827 2530 1897 2587 de

304 2634 467 2671 causa
500 2635 602 2674 non
634 2630 757 2673 sunt
785 2621 991 2674 tradita:
1019 2622 1171 2675 nobis
1196 2622 1263 2675 ab
1292 2622 1480 2675 initio?
1505 2623 1637 2688 Quia
1667 2640 1772 2677 non
1802 2640 1896 2690 per

302 2710 533 2771 litteras,
562 2711 655 2766 sed
686 2727 779 2781 per
806 2728 892 2765 res
920 2713 1060 2766 Deus
1089 2722 1330 2767 naturam
1362 2714 1646 2768 humanam
1701 2715 1893 2771 docere

304 2804 536 2858 volebat.
571 2805 705 2869 Quid
739 2806 951 2861 tandem
983 2812 1104 2871 est,
1136 2820 1229 2874 per
1256 2806 1383 2860 res?
1420 2806 1521 2861 Per
1551 2808 1717 2877 ipsam
1742 2822 1893 2863 crea-

301 2904 501 2949 turam.
538 2894 590 2949 In
622 2895 759 2951 hanc
790 2897 932 2950 enim
959 2896 1544 2952 sententiamiueidens
1566 2899 1888 2968 Apostolus,

301 2998 360 3041 et
399 2988 452 3042 in
482 2988 707 3057 gentiles
730 2988 1011 3042 intendens
1031 3030 1046 3052 ,
1075 2988 1317 3043 dicentes
1339 3030 1354 3051 ,
1387 2986 1503 3042 Non
1529 2988 1596 3041 ab
1619 2988 1769 3041 initio
1797 2986 1888 3041 Dei

298 3080 666 3147 cognitionem
701 3093 765 3133 es
793 3078 1084 3149 Scripturis
1110 3078 1392 3133 didicimus
1416 3119 1431 3143 ,
1470 3078 1589 3132 vide
1624 3077 1893 3148 quomodo

301 3172 599 3240 respondit.
629 3172 762 3227 Cum
790 3172 933 3227 enim
961 3171 1216 3238 dixisset,
1253 3169 1576 3226 Revelabitur
1602 3170 1679 3223 ira
1707 3168 1803 3223 Dei
1829 3170 1893 3224 de

298 3265 431 3316 arto
465 3279 618 3333 super
655 3279 853 3317 omnem
882 3263 1188 3331 impietatem
1220 3273 1266 3317 et
1309 3263 1609 3332 iniustitiam
1632 3261 1892 3315 hominum

292 3374 498 3421 eorum,
529 3358 615 3422 qui
642 3359 898 3413 veritatem
920 3358 1017 3412 Dei
1042 3358 1095 3410 in
1116 3357 1367 3427 injustitia
1390 3356 1613 3410 detinent
1637 3355 1811 3425 (llam.
1840 3355 1889 3409 1.

302 3450 419 3521 18),
447 3460 501 3505 et
530 3451 749 3507 vidisset
768 3452 1123 3520 objectionem
1146 3449 1245 3505 sibi
1267 3458 1658 3511 occurrentem,
1682 3457 1737 3504 et
1759 3448 1895 3501 mul-

299 3551 390 3598 tos
430 3554 615 3599 contra
655 3554 988 3614 quaerentes,
1027 3544 1167 3599 unde
1204 3544 1432 3614 gentiles
1481 3544 1571 3597 Dei
1613 3543 1891 3597 veritatem

297 3639 700 3707 cognovissent,
725 3639 900 3692 intulit
924 3639 1109 3693 dicens
1130 3657 1146 3693 :
1173 3638 1307 3705 Quia
1326 3637 1460 3706 quod
1485 3648 1655 3690 notum
1680 3648 1751 3691 est
1777 3636 1890 3704 Dei,

298 3729 629 3795 manifestum
657 3739 729 3783 est
754 3729 806 3782 in
834 3730 938 3782 illis
963 3727 1149 3802 (1M.
1183 3728 1291 3798 19).
1326 3726 1395 3781 Et
1422 3728 1689 3797 quomodo
1718 3728 1891 3781 Inani-

300 3819 500 3874 {cstqu
528 3831 610 3873 est
639 3820 692 3873 in
732 3820 872 3874 illis?
897 3822 1165 3891 quomodo
1190 3837 1318 3876 vero
1360 3823 1524 3875 Deum
1552 3836 1711 3876 nosse
1743 3831 1893 3891 pote-

304 3906 466 3959 raut?
491 3906 612 3974 quis
635 3906 904 3960 ostendit?
928 3907 1033 3962 die.
1052 3906 1191 3961 Deus
1220 3908 1353 3961 enim
1377 3908 1480 3963 illis
1496 3910 1831 3979 uiauifestavit
1850 3909 1892 3971 Î¹,

305 4000 497 4068 inquit.
530 4000 650 4067 Quo
700 3999 887 4068 pacto?
914 4017 1071 4071 quem
1098 4002 1416 4073 prephetam
1467 4004 1703 4069 mittens,
1733 4017 1891 4073 quem

304 4091 688 4160 evangelistam
712 4093 735 4145 á¼µ
763 4108 919 4161 quem
950 4092 1247 4159 doctorem,
1278 4093 1323 4148 si
1346 4093 1636 4164 Scriptura:
1656 4093 1892 4148 nondum

304 4184 500 4236 erant?
534 4181 558 4235 Î™
567 4183 814 4238 uvisibilia
832 4184 961 4237 enim
987 4186 1167 4253 ipsius,
1197 4187 1385 4256 inquit,
1413 4204 1444 4239 a
1468 4196 1698 4241 creatura
1717 4184 1895 4239 mundi

308 4291 400 4342 per
421 4290 481 4327 ea
506 4290 619 4345 qua
644 4276 777 4343 facta
806 4286 956 4340 sunt,
985 4276 1240 4331 intellecta
1264 4279 1643 4350 conspiciuntur
1660 4320 1677 4343 ,
1705 4279 1893 4348 sempi-

306 4375 550 4435 teruaque
571 4368 729 4421 virtus
749 4367 857 4439 ejus
876 4377 923 4421 et
943 4368 1182 4422 divinitas
1200 4368 1303 4440 (lb.
1326 4386 1373 4423 Ï….
1403 4369 1515 4439 20).
1540 4370 1690 4438 Quod
1717 4382 1894 4425 autem

306 4459 473 4525 dicit,
504 4460 611 4515 tale
650 4470 733 4516 est
764 4477 777 4515 :
812 4463 951 4516 Ante
992 4462 1229 4515 omnium
1276 4463 1460 4517 oculos
1499 4472 1799 4518 creaturam
1842 4462 1894 4516 in

308 4552 491 4606 medio
540 4553 845 4621 proposuit,
889 4564 949 4607 ut
981 4569 1048 4608 ex
1096 4554 1347 4623 operibus
1379 4565 1676 4609 creatorem
1722 4555 1894 4624 conji-

306 4644 489 4699 ciant:
515 4644 657 4715 quod
682 4644 897 4715 quidem
926 4655 980 4700 et
1009 4646 1145 4701 alius
1169 4646 1377 4702 dicebat
1403 4664 1415 4700 :
1444 4646 1529 4701 Ea:
1552 4646 1897 4718 magnitudine

308 4738 447 4793 sitim
480 4747 542 4791 et
589 4738 966 4807 pulchritudine
1010 4748 1357 4792 creaturarum
1404 4737 1900 4809 preportionabiliter

308 4832 541 4883 imarum
572 4839 750 4883 auctor
774 4829 1127 4885 cansideratur
1153 4830 1311 4901 (Sap.
1344 4832 1431 4887 15.
1461 4830 1539 4903 5).
1574 4830 1761 4885 Vidisti
1786 4844 1900 4885 ma-

308 4922 683 4992 gnitudinem?
705 4923 987 4981 considera
1013 4926 1301 4994 potentiam
1326 4924 1633 4981 Conditoris
1656 4940 1778 4980 cum
1805 4927 1899 4981 ad-

312 5014 616 5071 miratione.
657 5015 844 5071 Vidisti
874 5016 1370 5086 pulchritudinem?
1396 5018 1713 5087 sapientiam
1736 5033 1899 5075 elor-

315 5107 519 5160 natoris
555 5107 876 5176 obstupesee
899 5149 913 5172 ,
959 5109 1099 5179 quod
1146 5117 1205 5164 et
1225 5106 1486 5178 Propheta
1525 5109 1900 5170 demonstrans

314 5201 527 5255 dicebat
558 5217 573 5254 :
600 5200 725 5256 ÏƒÎµÎ¹á½¶
769 5213 1009 5257 enarravit
1048 5201 1262 5272 gloriam
1302 5201 1401 5256 Dei
1444 5202 1464 5273 (
1492 5202 1635 5258 Psal.
1680 5205 1765 5260 18.
1802 5206 1899 5277 2).

313 5294 595 5362 Quomodo
619 5295 799 5366 igitur,
823 5311 1034 5367 quaeso,
1063 5297 1316 5350 narrant?
1342 5313 1525 5353 vocem
1552 5313 1657 5351 non
1683 5297 1898 5363 habent,

315 5403 377 5440 os
405 5402 521 5440 non
538 5388 840 5458 possident,
876 5403 979 5442 non
1008 5400 1085 5441 est
1117 5390 1245 5458 ipsis
1270 5389 1445 5458 lingua
1476 5407 1489 5442 :
1515 5389 1781 5460 quomodo
1807 5390 1903 5461 igi-

317 5487 403 5531 tur
431 5478 687 5533 narrant?
717 5478 818 5533 Per
845 5479 1015 5548 ipsum
1047 5490 1337 5548 aspectum.
1371 5482 1504 5535 Cum
1532 5481 1675 5536 enim
1706 5480 1902 5537 videris

320 5569 789 5638 pulchritudinem,
817 5573 1253 5641 magnitudinem,
1285 5572 1679 5639 celsitudinem,
1712 5574 1898 5641 situm,

322 5660 544 5716 formam
584 5678 678 5732 per
719 5673 917 5718 tantum
963 5666 1216 5736 temporis
1253 5682 1565 5736 permanere
1589 5709 1602 5728 ,
1635 5678 1901 5739 tamquam

324 5769 503 5809 vocent
534 5754 776 5821 audiens,
807 5765 860 5809 ct
888 5772 982 5825 per
1007 5768 1280 5825 aspectum
1311 5758 1497 5812 dicens
1517 5801 1530 5824 ,
1562 5760 1750 5813 adoras
1778 5774 1901 5815 eum

385 5936 398 5967 â¹
435 5942 539 5982 sev.
569 5945 615 5983 et
640 5936 833 5985 quidam
853 5934 930 5983 alii
960 5951 971 5984 :
1006 5945 1128 5986 Deus
1149 5951 1277 5987 emm
1299 5936 1397 5988 illis
1411 5935 1708 5987 monstravit.

624 6027 893 6087 Î¡Î‘Î¤ÎµÎ¹Î¿Î¹..
942 6032 1057 6087 Gn.
1108 6032 1158 6090 X
1175 6030 1239 6089 l.l
1255 6033 1301 6089 Î§
1318 6077 1330 6089 .

1292 476 1384 533 Î‘Î™)
1422 470 1741 531 POPULUM
1781 467 2268 527 ANTIOCIIENUM
2332 470 2560 529 llOMll..
2602 471 2689 528 IX.

3496 478 3599 536 106

2016 585 2106 655 qui
2129 594 2235 640 tam
2256 587 2535 657 pulchrum
2560 597 2613 642 et
2631 587 2945 644 admirabile
2968 603 3162 660 corpus
3185 592 3405 647 creavit.
3435 594 3601 650 Tacet

2011 674 2235 743 cadum,
2281 678 2374 733 sed
2417 679 2582 748 ipsius
2623 690 2870 750 aspectus
2914 696 3097 736 vocem
3144 683 3268 737 tuba
3314 684 3596 743 clariorem

2011 767 2207 822 emittit
2228 809 2244 831 ,
2271 783 2369 838 per
2393 769 2578 823 oculos
2603 812 2617 833 ,
2651 787 2755 825 non
2796 786 2888 839 per
2924 788 3082 826 aures
3109 788 3206 828 nos
3234 774 3433 830 docens
3464 794 3477 830 :
3513 777 3600 834 hic

2010 858 2155 912 enim
2185 874 2376 915 sensus
2413 876 2444 914 a
2489 873 2674 915 natura
2700 872 2784 917 est
2813 863 2908 918 illo
2934 864 3132 919 certior
3158 876 3212 919 et
3240 867 3595 925 manifestior.

2009 948 2063 1005 Si
2089 956 2231 1005 enim
2257 966 2351 1020 per
2374 952 2537 1007 libros
2557 954 2830 1012 docuisset
2851 966 2906 1011 et
2933 956 3455 1022 litteras,litterarum
3478 964 3599 1032 qui-

2008 1041 2129 1097 dem
2167 1045 2368 1113 peritus
2402 1048 2600 1117 scripta
2640 1048 3246 1114 didicisset,illitteratus
3292 1069 3421 1109 vero
3464 1056 3597 1111 nihil

2010 1136 2134 1191 inde
2161 1138 2373 1208 adjutus
2406 1140 2623 1197 abiisset
2647 1182 2662 1208 ,
2695 1143 2740 1197 si
2778 1144 2899 1214 quis
2938 1145 3074 1200 alius
3113 1161 3219 1201 non
3248 1147 3545 1205 induxisset
3579 1192 3595 1207 .

2006 1228 2157 1283 dives
2195 1230 2387 1285 librum
2416 1232 2669 1298 emisset,
2704 1250 2907 1306 pauper
2933 1252 3113 1293 emere
3153 1254 3258 1294 non
3288 1242 3550 1310 potuisset
3577 1259 3593 1296 :

2008 1335 2220 1375 rursum
2244 1322 2336 1392 qui
2357 1324 2519 1379 sciret
2532 1340 2718 1381 vocem
2733 1330 2876 1383 illam
2892 1342 2986 1396 per
2998 1329 3202 1389 litteras
3218 1331 3592 1401 significatam,

2008 1410 2151 1465 intus
2173 1413 2339 1480 posita
2362 1424 2578 1479 nosset;
2602 1413 2799 1486 Scytha
2824 1432 2953 1471 vero
2978 1426 3032 1473 et
3054 1418 3334 1485 Barbarus,
3359 1433 3413 1478 et
3433 1422 3593 1480 Indus

2005 1513 2061 1559 et
2088 1503 2390 1577 Egyptius,
2420 1518 2473 1562 et
2497 1523 2682 1564 omnes
2707 1511 2883 1581 lingua
2906 1523 3148 1569 carentes
3174 1515 3284 1581 illa,
3308 1517 3439 1573 nihil
3464 1520 3595 1576 edo-

2003 1596 2073 1650 cti
2101 1598 2376 1653 abiissent.
2404 1599 2517 1655 Hoc
2538 1610 2716 1657 autem
2743 1602 2811 1658 de
2832 1604 2966 1659 ctelo
2990 1606 3167 1662 dicere
3193 1624 3299 1663 non
3324 1609 3469 1677 licet,
3496 1614 3590 1669 scd

2004 1695 2059 1741 et
2078 1686 2274 1759 Scytha
2296 1698 2350 1743 et
2370 1689 2650 1756 Barbarus,
2676 1702 2729 1747 et
2756 1692 2915 1748 ludus
2936 1705 2988 1750 et
3010 1695 3313 1767 Egyptius,
3338 1710 3392 1771 et
3416 1703 3592 1757 omnis

2006 1779 2166 1833 homo
2211 1796 2374 1851 super
2403 1792 2596 1839 terram
2640 1785 2929 1851 incedens,
2964 1788 3100 1843 hanc
3140 1806 3325 1845 vocem
3364 1793 3546 1848 audiet
3575 1813 3587 1848 :

2004 1888 2111 1927 non
2136 1874 2279 1929 enim
2312 1890 2406 1943 per
2431 1891 2590 1932 aures
2612 1920 2626 1940 .
2657 1878 2749 1933 sed
2783 1895 2879 1948 per
2908 1881 3091 1935 oculos
3121 1882 3173 1936 iu
3200 1894 3430 1941 mentem
3457 1886 3592 1942 inci-

2001 1963 2081 2018 dit
2101 1974 2363 2021 nostram.
2386 1967 2683 2023 Visibilium
2706 1980 2883 2041 autem
2909 1973 3242 2042 partieipatio
3264 1976 3450 2031 eadem
3476 1988 3589 2041 est,

2004 2071 2175 2127 neque
2213 2058 2466 2113 differens
2492 2060 2631 2114 sicut
2669 2062 2966 2131 linguarum
2999 2082 3014 2118 :
3047 2065 3097 2117 in
3131 2064 3271 2121 lumc
3298 2070 3496 2137 pariter
3521 2070 3587 2124 liâ€”

2004 2146 2157 2201 brum
2188 2157 2240 2203 et
2266 2149 2426 2204 idiota
2451 2160 2506 2205 et
2530 2151 2744 2222 sapiens
2770 2154 2960 2208 intueri
2989 2166 3270 2226 poterunt,
3303 2168 3358 2214 et
3386 2176 3590 2231 pauper

2000 2252 2055 2296 et
2080 2241 2249 2305 dives,
2279 2255 2333 2299 et
2361 2260 2695 2317 quocumque
2721 2248 2838 2315 quis
2865 2249 3092 2317 venerit,
3122 2250 3175 2306 in
3198 2250 3387 2311 omlum
3420 2257 3589 2323 respi-

2000 2333 2189 2400 ciens,
2241 2333 2591 2392 suflicientem
2635 2339 2804 2408 capiet
2852 2338 3150 2396 doctrinam
3196 2357 3263 2396 ex
3319 2355 3583 2413 aspectu:

1999 2424 2141 2494 quod
2159 2428 2377 2498 quidem
2387 2437 2438 2484 et
2454 2429 2568 2500 ipse
2582 2429 2845 2504 Propheta
2869 2432 3097 2487 innuens
3112 2441 3168 2489 et
3182 2432 3583 2505 demonstrans,

1998 2517 2140 2587 quod
2168 2532 2355 2573 vocem
2394 2529 2639 2575 creatura
2667 2530 2721 2577 et
2753 2522 2991 2578 barbaris
3016 2525 3224 2581 emittat
3251 2536 3306 2582 et
3341 2528 3545 2586 Gnecis
3567 2573 3583 2596 ,

1997 2619 2051 2665 et
2070 2610 2386 2667 omnibusin
2406 2612 2709 2668 universum
2734 2613 3039 2672 hominibus
3060 2618 3328 2675 intellectu
3352 2621 3583 2689 facilem,

1995 2704 2208 2760 dicebat
2246 2723 2259 2759 :
2292 2704 2415 2760 Non
2452 2717 2569 2761 sunt
2607 2707 2819 2776 loquelis
2854 2727 3011 2780 neque
3047 2728 3331 2779 sermones,
3371 2733 3587 2787 quorum

1996 2812 2097 2850 non
2126 2797 2399 2852 audiantur
2423 2815 2565 2853 voces
2591 2815 2763 2854 eorum
2788 2800 2963 2869 (Psal.
2996 2803 3085 2859 18.
3114 2802 3190 2875 4).
3218 2806 3372 2872 Quod
3401 2818 3583 2865 autem

1995 2888 2145 2956 dicit,
2175 2890 2282 2945 tale
2308 2900 2393 2946 est
2423 2909 2437 2945 :
2467 2890 2583 2947 Non
2616 2902 2700 2948 est
2724 2909 2859 2964 gens
2889 2910 3061 2965 neque
3092 2896 3269 2968 lingua
3298 2915 3416 2969 qua:
3446 2900 3586 2957 hanc

1994 2994 2184 3037 vocem
2228 2982 2526 3054 intelligere
2570 3000 2677 3041 non
2708 2988 2907 3057 possit;
2940 2988 3036 3045 sed
3069 2990 3189 3044 talis
3222 3000 3306 3047 est
3343 2992 3582 3063 ipsorum

1995 3085 2119 3135 vos,
2147 3082 2203 3127 ut
2229 3072 2297 3128 ab
2320 3076 2569 3131 omnibus
2592 3076 2895 3135 hominibus
2918 3080 3091 3137 audiri
3115 3084 3282 3153 possit
3305 3101 3319 3138 :
3344 3100 3443 3140 nec
3466 3086 3584 3151 ÎµÏ‰Î¹á½·

1998 3170 2203 3216 tantum
2230 3204 2246 3229 ,
2279 3165 2374 3219 sed
2411 3175 2465 3221 et
2502 3167 2606 3224 diei
2641 3178 2696 3224 et
2735 3172 2927 3226 noctis.
2974 3172 3043 3228 Et
3079 3176 3347 3241 quomodo
3382 3176 3489 3233 diei
3531 3189 3586 3236 et

1999 3255 2208 3309 noctis?
2238 3255 2366 3313 illud
2393 3259 2533 3313 enini
2562 3270 2617 3316 et
2642 3278 2739 3331 per
2766 3265 3241 3333 pulchritudinem,
3269 3278 3327 3324 et
3351 3285 3447 3340 per
3472 3288 3585 3326 ma-

1995 3346 2324 3414 gnitudinem
2350 3389 2365 3411 ,
2395 3359 2449 3405 et
2480 3366 2576 3421 per
2604 3353 2706 3408 alia
2736 3358 2917 3411 omnia
2943 3370 3269 3429 spectatores
3300 3365 3541 3433 percellit
3566 3408 3583 3431 ,

1997 3449 2051 3493 et
2095 3440 2147 3494 in
2191 3441 2353 3511 ipsius
2388 3443 2661 3501 Creatoris
2701 3447 3113 3507 admirationem
3160 3454 3422 3522 traducit;
3467 3456 3585 3521 dies

1986 3548 2125 3589 vero
2147 3545 2205 3588 et
2222 3552 2329 3589 nox
2356 3537 2483 3607 quid
2511 3539 2666 3593 nobis
2692 3549 2964 3597 Ostentare
2993 3546 3247 3613 possent?
3272 3547 3584 3617 llujusmodi

1995 3625 2209 3694 quidem
2240 3628 2394 3693 nihil,
2425 3628 2518 3683 sed
2549 3630 2650 3685 alia
2681 3632 2765 3685 his
2792 3648 2896 3689 non
2928 3633 3179 3691 inferiora
3215 3654 3229 3690 :
3258 3640 3586 3697 convenien-

1998 3716 2125 3770 tiam
2152 3758 2165 3779 ,
2194 3718 2436 3774 ordinem
2467 3736 2587 3775 eum
2626 3723 2773 3778 omni
2813 3725 3082 3797 diligentia
3118 3740 3409 3786 servatum.
3448 3733 3584 3801 Cum

1997 3810 2141 3865 enim
2177 3812 2493 3881 cogitaveris
2518 3856 2532 3879 ,
2563 3816 2831 3884 quomodo
2860 3828 3027 3875 totum
3059 3836 3155 3890 per
3176 3838 3372 3879 annum
3403 3826 3585 3887 distri-

2000 3901 2260 3967 buuntur,
2288 3914 2342 3959 et
2373 3914 2639 3974 tamquam
2672 3907 2724 3961 in
2756 3908 2891 3963 libra
2920 3919 2975 3965 et
3003 3912 3210 3968 hilanee
3237 3915 3397 3970 totius
3425 3919 3581 3987 spatii

2000 3992 2381 4063 longitudinem
2412 3995 2716 4053 diviserunt
2751 4016 2765 4052 :
2805 4016 2928 4056 eum
2967 4003 3059 4073 qui
3105 4005 3369 4063 ordinavit
3411 4009 3586 4065 admi-

2002 4084 2227 4138 raberis.
2256 4084 2418 4140 Velut
2444 4088 2586 4143 enim
2610 4105 2853 4153 sorores
2886 4094 3128 4163 quatdam
3170 4106 3446 4166 paternam
3468 4113 3575 4156 tne-

2000 4177 2280 4232 redilatem
2295 4180 2630 4247 partitzecum
2642 4182 2902 4239 cbaritate
2916 4184 3097 4249 multa,
3110 4187 3259 4243 nullo
3269 4188 3432 4243 modo
3444 4187 3581 4243 inter

1999 4287 2057 4327 se
2076 4272 2486 4338 calumniantes,
2517 4272 2595 4327 sic
2620 4279 2675 4326 et
2696 4271 2812 4327 dies
2837 4282 2892 4327 et
2918 4288 3020 4328 nox
3047 4289 3167 4330 cum
3188 4279 3334 4332 omni
3356 4278 3579 4350 diligen-

2002 4367 2071 4419 tia
2110 4382 2308 4427 annum
2340 4366 2641 4436 arqualitate
2676 4373 2821 4420 tanta
2850 4366 3213 4436 distribuunt,
3240 4379 3293 4424 et
3334 4373 3578 4441 proprios

1996 4470 2316 4514 conservant
2343 4458 2476 4514 lines
2502 4500 2516 4521 ,
2548 4472 2651 4513 nec
2680 4472 2930 4527 umquam
2962 4458 3184 4514 alteram
3213 4460 3378 4517 altera
3410 4464 3577 4532 pellit.

1999 4551 2299 4618 Numquam
2318 4550 2478 4619 igitur
2514 4548 2692 4603 hicine
2714 4549 2830 4603 dies
2855 4548 2953 4603 fuit
2975 4549 3152 4620 longa,
3182 4551 3315 4605 sicut
3341 4570 3443 4609 nec
3468 4572 3581 4611 uui-

1998 4658 2157 4712 quam
2184 4650 2370 4698 testate
2396 4642 2550 4711 longa
2580 4640 2678 4695 fuit
2704 4656 2830 4704 nox,
2859 4650 2941 4695 tot
2970 4643 3253 4711 prteteritis
3278 4648 3581 4714 generatio-

2002 4737 2158 4791 nibus
2181 4777 2197 4802 ,
2229 4735 2323 4791 sed
2353 4736 2404 4790 in
2434 4734 2626 4791 eodem
2663 4733 2942 4789 intervallo
2972 4744 3026 4789 et
3054 4735 3383 4805 longitudine
3411 4753 3585 4809 neque

2003 4826 2270 4882 modicum
2292 4841 2392 4881 nec
2409 4825 2683 4881 dimidiam
2707 4825 2890 4880 horam
2915 4840 3015 4880 nec
3032 4828 3173 4885 oculi
3196 4829 3395 4885 uictum
3418 4831 3586 4887 altera

2001 4921 2355 4992 quamtaltera
2380 4919 2501 4990 plus
2525 4918 2729 4977 habuit.

2074 5012 2252 5071 3.Dei
2264 5014 2515 5081 sapientia
2537 5014 2589 5068 in
2611 5030 2783 5079 rerum
2797 5013 3108 5068 naturalium
3135 5015 3404 5070 ordine.â€”
3450 5018 3587 5073 Pro-

2004 5116 2189 5176 pter-ea
2215 5115 2270 5163 et
2286 5100 2830 5168 Psaltuistaisporum
2886 5104 3240 5174 aequalitatem
3271 5105 3586 5174 admiratus,

2003 5195 2265 5253 clamabat
2294 5196 2476 5251 dicens
2508 5211 2520 5247 :
2559 5194 2678 5248 Nox
2716 5196 2850 5250 nocti
2877 5198 3069 5259 indicat
3096 5199 3402 5268 scientiam(
3441 5200 3588 5256 Iâ€˜snl.

2007 5290 2095 5344 18.
2119 5289 2153 5344 3
2178 5289 2220 5357 ).
2250 5287 2305 5342 Si
2337 5287 2452 5341 hanc
2497 5287 2856 5357 philosophari
2912 5290 3073 5353 scias,
3112 5290 3190 5345 sic
3240 5291 3591 5349 admiraberis

2006 5394 2151 5439 eum.
2178 5378 2268 5449 qui
2296 5378 2365 5433 ab
2415 5378 2565 5432 initio
2609 5377 2707 5432 hos
2744 5378 3049 5436 immobiles
3079 5382 3341 5437 terminos
3381 5386 3587 5439 statuit.

2009 5472 2240 5527 Audiant
2283 5470 2400 5525 ha'c
2442 5470 2590 5525 avari
2616 5478 2671 5525 et
2696 5468 2869 5525 aliena
2896 5472 3340 5541 concupiscentes
3360 5514 3374 5538 ,
3401 5484 3457 5528 et
3483 5475 3588 5530 (iter

2010 5565 2287 5633 noctisque
2332 5561 2689 5631 aapialitatcm
2738 5560 3033 5623 imitentur.
3065 5564 3299 5619 Andiaut
3345 5564 3509 5620 inï¬‚ati
3541 5577 3591 5623 et

2008 5656 2116 5711 alta
2137 5655 2428 5724 sapientes,
2455 5662 2513 5709 et
2551 5655 2796 5709 nolentes
2824 5654 3023 5725 primas
3042 5664 3223 5724 partes
3246 5655 3367 5710 aliis
3392 5674 3590 5713 cuneo-

2008 5748 2158 5804 dere.
2182 5747 2301 5802 Dies
2320 5746 2459 5802 nocti
2480 5748 2621 5801 cedit
2638 5762 2737 5801 nec
2759 5748 2959 5802 alienos
2981 5747 3112 5801 lines
3140 5748 3360 5816 invadit;
3386 5760 3440 5806 tu
3468 5768 3597 5807 vero

2010 5854 2222 5910 semper
2266 5838 2471 5894 honore
2524 5839 2705 5892 fruens
2751 5840 3001 5893 Iratribus
3028 5840 3168 5894 hunc
3196 5845 3595 5900 communicare

2016 5951 2120 5989 non
2152 5934 2389 5991 dienaris
2412 5934 2434 5986 ?
2460 5932 2526 5989 Et
2552 5931 2828 5987 considera
2874 5934 2999 5986 mihi
3041 5934 3358 6001 legislaloris
3387 5938 3598 6003 sapien-

3190 6035 3227 6091 7
