4112 6388
562 488 665 544 ῘυΊ

565 609 708 659 tiam.
740 604 794 660 lu
828 604 1016 677 hyeme
1059 604 1267 673 longam
1300 613 1510 658 noctem
1555 619 1673 657 esse
1697 604 1894 673 jussit,
1925 602 2142 671 quando

568 698 806 751 molliora
847 698 1047 749 semina
1084 704 1140 749 et
1172 697 1337 764 magis
1374 695 1660 763 frigescere
1696 694 2019 762 indigentia,
2045 707 2142 746 nec

562 790 869 842 ualidiorem
919 787 1123 840 radimn
1179 787 1408 840 tolerant
1442 802 1455 841 :
1490 794 1767 854 postquam
1810 798 1941 837 vero
1990 791 2142 835 aucta

565 878 755 935 fuerint
782 922 794 941 ,
829 895 929 933 una
957 897 1076 933 cum
1112 880 1239 947 ipsis
1267 878 1458 932 crescit
1499 892 1708 931 rursum
1754 877 1871 931 dies
1893 917 1909 943 ,
1936 885 1989 930 et
2019 884 2144 930 tunc

572 975 629 1025 lit
652 972 879 1039 longior,
910 969 1124 1039 quando
1146 968 1254 1040 jam
1294 970 1435 1039 viget
1482 970 1704 1021 fructus.
1738 967 1847 1021 lloc
1872 981 2000 1019 vero
2038 981 2143 1019 non

556 1061 849 1114 seminibus
866 1071 1090 1123 unitum,
1118 1060 1211 1113 sed
1232 1061 1391 1113 etiam
1419 1058 1733 1128 Corporibus
1759 1066 2137 1126 opportunum.

556 1153 817 1220 Quoniam
867 1151 1058 1222 hyeme
1112 1161 1266 1204 nauta
1297 1192 1311 1215 ,
1343 1152 1665 1221 gubernator
1688 1161 1741 1203 et
1770 1150 1958 1213 viator,
1991 1149 2143 1202 miles

558 1256 610 1297 et
648 1243 879 1313 agriCula
918 1245 1141 1297 multum
1190 1243 1334 1296 domi
1366 1244 1585 1306 sedent,
1607 1241 1727 1311 gelu
1759 1242 2067 1306 constricti,
2088 1249 2143 1294 ct

554 1338 648 1391 otii
682 1346 892 1404 tempus
936 1346 1017 1389 est
1066 1337 1116 1389 in
1151 1335 1344 1406 hyeme
1369 1378 1384 1401 ,
1429 1336 1548 1404 plus
1577 1335 1829 1404 temporis
1874 1334 1927 1387 in
1957 1343 2142 1388 noctes

555 1426 787 1495 impendi
818 1426 955 1479 Deus
992 1426 1285 1490 ('Ollslllllll,
1327 1441 1392 1480 ne
1428 1427 1531 1479 diei
1583 1422 2141 1493 Iongitudosuperﬂua

558 1520 647 1581 sit,
678 1517 807 1571 nihil
837 1517 1140 1571 hominibus
1170 1517 1346 1571 facere
1367 1516 1687 1571 valentibus.
1716 1516 1847 1582 Quis
1873 1516 1997 1569 anni
2020 1531 2142 1585 par-

553 1610 681 1662 timn
732 1609 974 1662 ordinem
1026 1609 1207 1662 dicere
1260 1607 1768 1676 possit?quomodo
1796 1616 1850 1661 et
1875 1606 1959 1661 hm
1999 1617 2136 1661 tam-

555 1717 711 1768 quam
740 1701 974 1769 virgines
1006 1700 1249 1770 quaedam
1283 1701 1334 1753 in
1371 1715 1504 1772 gyro
1524 1702 1939 1765 Saltantes,cum
1972 1701 2135 1755 multa

554 1793 760 1845 ratione
791 1793 889 1845 sibi
919 1803 1101 1846 mutuo
1126 1794 1442 1857 succedunt,
1472 1802 1526 1848 et
1555 1794 1805 1862 paulatim
1838 1793 1956 1848 siue
1991 1801 2133 1847 stre-

555 1884 665 1951 pitu
697 1882 761 1936 ad
785 1886 1081 1939 contrarias
1104 1884 1293 1938 media:
1322 1884 1550 1938 transire
1581 1899 1685 1938 non
1713 1893 1926 1940 cessant
1949 1883 1973 1937 ?
1995 1884 2130 1939 Pro-

553 1985 728 2045 pterea
760 1992 857 2031 nec
880 1977 947 2030 ab
995 1979 1183 2048 hyeme
1213 1994 1309 2032 nos
1347 1978 1543 2048 excipit
1573 1988 1752 2039 testas,
1786 1994 1883 2033 nec
1925 1979 1993 2032 ab
2018 1979 2134 2049 ipsa

551 2070 730 2121 Statim
760 2067 971 2140 hycms,
1002 2070 1093 2123 sed
1124 2070 1353 2124 medium
1389 2084 1486 2123 ver
1514 2070 1883 2138 interpositum
1912 2080 2025 2137 est,
2060 2073 2131 2126 ita

550 2169 605 2213 ut
634 2160 834 2215 sensim
863 2170 916 2215 et
944 2160 1195 2229 paulatim
1225 2161 1635 2215 succedentibus
1665 2161 1883 2214 densata
1902 2177 2126 2231 corpora

550 2264 729 2305 nostra
764 2253 935 2305 a-stati
977 2254 1091 2306 sine
1144 2254 1353 2305 tristitia
1405 2252 1671 2305 adducat:
1707 2254 1957 2320 quoniatu
1989 2256 2131 2307 euitn

548 2345 841 2399 subitauea:
872 2345 922 2398 in
954 2346 1283 2399 contrarium
1326 2346 1647 2398 mutationes
1676 2358 2049 2400 mucutm-ntutn
2080 2357 2133 2401 et

548 2438 792 2491 morbum
845 2439 1052 2506 pariunt
1107 2449 1445 2501 extremum,
1488 2436 1815 2505 dispensavit
1875 2438 2015 2492 Deus
2065 2438 2132 2491 ab

548 2531 737 2600 hyeme
759 2530 971 2599 quidem
998 2544 1091 2583 ver
1121 2544 1216 2582 nos
1242 2531 1492 2598 excipere
1515 2569 1530 2592 ,
1559 2544 1589 2583 a
1623 2543 1747 2584 vere
1774 2544 1808 2599 p
1846 2544 1935 2583 rro
1960 2542 2120 2583 ωειδ-

556 2632 682 2685 tem,
705 2621 772 2674 ab
796 2629 978 2674 a-state
1001 2632 1333 2682 autummun,
1358 2630 1411 2673 et
1436 2622 1511 2675 sic
1533 2619 1709 2691 bycmi
1740 2622 2128 2677 transmittere:

548 2714 723 2784 itaque
756 2715 996 2766 innocua:
1038 2724 1091 2767 et
1138 2712 1486 2781 procedentes
1532 2713 1779 2782 paulatim
1811 2714 2129 2770 mutationes

545 2823 608 2861 ex
636 2806 914 2860 coiitrariis
934 2807 1057 2860 anni
1083 2806 1482 2875 tempestatibus
1512 2823 1605 2873 per
1623 2808 1827 2862 medias
1852 2808 2005 2861 nobis
2030 2807 2129 2861 ad-

547 2900 782 2951 veniunt.
809 2898 937 2965 Quis
968 2899 1125 2967 igitur
1145 2907 1250 2951 tam
1278 2897 1440 2952 miser
1464 2907 1518 2952 ct
1545 2914 1896 2961 :erumnosus,
1914 2899 2002 2968 qui
2025 2915 2133 2954 cm-

548 2990 653 3042 lum
686 2990 902 3058 quidem
928 3004 1158 3043 cernens
1178 3031 1193 3055 ,
1224 3003 1451 3044 cernens
1483 3005 1609 3044 vero
1641 3006 1787 3044 mare
1830 3001 1881 3045 et
1908 3000 2127 3058 terram,

546 3084 927 3147 tempestatum
946 3082 1070 3136 anni
1100 3082 1411 3151 temperiem
1444 3091 1551 3136 tam
1576 3081 1857 3152 diligenter
1886 3083 2127 3137 modera-

545 3181 688 3236 tam,
713 3178 768 3226 et
810 3162 1180 3227 inconcussum
1225 3173 1331 3227 diei
1396 3182 1451 3228 et
1496 3175 1665 3229 noctis
1706 3174 1982 3239 ordinem,
2016 3174 2130 3229 haec

549 3273 739 3332 Sponte
766 3264 880 3319 ﬂeri
911 3275 1093 3334 putet,
1124 3280 1224 3320 nec
1251 3266 1434 3321 adoret
1464 3282 1584 3322 cum
1610 3308 1623 3329 ,
1654 3269 1741 3337 qui
1789 3267 1906 3322 hinc
1951 3267 2127 3322 omnia

544 3371 664 3411 cum
695 3357 951 3427 sapientia
989 3372 1221 3428 congrua
1242 3356 1547 3428 disposuit?
1573 3359 1754 3414 Habeo
1780 3358 1921 3429 quod
1950 3358 2126 3414 dicam

541 3456 599 3501 et
645 3448 727 3500 his
767 3448 936 3517 majus
985 3464 998 3502 :
1045 3463 1148 3501 non
1175 3449 1315 3503 enim
1364 3448 1671 3519 magnitudo
1699 3458 1899 3504 tantum
1928 3458 1981 3504 et
2012 3450 2127 3518 pul-

546 3538 815 3603 chritudo,
845 3540 937 3593 sed
966 3548 1021 3592 ct
1051 3540 1165 3608 ipse
1190 3540 1475 3594 crcationis
1501 3540 1692 3594 modus
1720 3539 1958 3593 omnium
1988 3554 2124 3593 con-

545 3633 770 3687 ditorem
816 3632 1166 3687 demonstrat.
1218 3632 1481 3699 Quoniam
1545 3634 1688 3687 enim
1748 3632 1998 3687 condenti
2066 3642 2118 3686 et

541 3723 747 3777 creanti
789 3724 964 3777 omnia
1006 3724 1073 3779 ab
1097 3723 1249 3779 initio
1278 3739 1380 3779 non
1403 3724 1703 3787 aderamus,
1735 3740 1925 3795 neque,
1955 3724 2000 3778 si
2028 3725 2125 3777 ad-

544 3816 848 3879 fuissemus,
877 3814 1143 3885 quomodo
1172 3815 1372 3870 fiebant
1410 3816 1550 3870 scire
1582 3827 1909 3885 peteramus,
1935 3814 2122 3869 invisi-

542 3908 634 3962 bili
690 3908 882 3961 virtute
924 3916 1112 3961 cuncta
1167 3917 1558 3977 componente,
1613 3908 1786 3977 ipsum
1840 3907 2125 3962 creatiouis

544 3997 760 4052 modum
788 3998 1047 4065 optimum
1075 3997 1228 4052 nobis
1255 4000 1566 4069 magistrum
1604 4012 1724 4053 esse
1764 3997 1908 4064 fecit,
1934 4012 2123 4067 super-

544 4090 769 4144 naturali
800 4091 1177 4160 consequentia
1213 4105 1537 4157 componens
1558 4091 1732 4143 omnia
1761 4106 1876 4159 qua:
1908 4090 2119 4144 fiebant.

547 4181 705 4236 Forte
742 4183 879 4251 quod
931 4183 1037 4235 dixi
1069 4183 1347 4237 obscurius
1380 4193 1464 4237 est
1504 4201 1517 4235 :
1568 4182 1729 4254 igitur
1772 4197 1989 4237 necesse
2027 4184 2126 4236 hoc

546 4290 758 4330 rursum
799 4274 1125 4329 manifestius
1166 4274 1366 4329 dicere.
1419 4274 1617 4329 Omnes
1646 4274 1823 4343 utique
1865 4273 2127 4327 fateantur

545 4376 747 4420 natura:
789 4367 1223 4435 consequentiam
1273 4380 1392 4420 eSsc
1418 4407 1431 4429 ,
1466 4376 1521 4419 ut
1573 4381 1708 4433 aqua
1742 4379 1901 4433 super
1928 4374 2124 4418 terram

545 4456 637 4510 sed
685 4473 787 4509 non
821 4466 957 4510 terra
1012 4457 1079 4511 ab
1107 4457 1258 4524 aquis
1305 4455 1523 4511 feratur.
1551 4454 1716 4509 Terra
1768 4456 1963 4524 quippe
2003 4469 2125 4508 cum

546 4547 612 4600 sit
642 4547 803 4601 densa
834 4589 848 4612 ,
879 4546 1010 4601 dura
1040 4556 1092 4601 et
1135 4562 1238 4600 non
1268 4546 1464 4601 cedens
1492 4588 1505 4610 ,
1540 4556 1699 4616 atque
1741 4546 1906 4601 solida
1931 4587 1944 4609 ,
1974 4545 2126 4601 facile

549 4645 720 4705 potest
762 4651 1015 4705 aquarum
1051 4648 1291 4691 naturam
1340 4641 1603 4690 sustinere
1634 4653 1647 4700 ;
1680 4651 1814 4705 aqua
1853 4652 1979 4690 vero
2001 4650 2122 4690 cum

547 4728 742 4795 liquida
767 4730 835 4780 sit
865 4738 918 4782 et
943 4729 1138 4793 mollis,
1174 4740 1462 4797 teneraque
1490 4738 1544 4783 et
1568 4728 1834 4793 difﬂuens,
1866 4738 1919 4783 et
1947 4730 2121 4783 omni-

544 4821 646 4875 bus
673 4821 869 4876 cedens
916 4822 1316 4876 occurrentibus
1341 4864 1355 4888 ,
1386 4822 1585 4875 nullutn
1636 4836 1829 4890 corpus
1876 4837 2121 4891 umquam

543 4914 810 4968 sustinere
839 4913 1061 4979 valeret,
1084 4914 1291 4969 etiamsi
1322 4915 1646 4969 levissimum
1692 4916 1760 4969 sit
1788 4930 1802 4967 :
1836 4930 1957 4977 nam
1983 4929 2127 4983 saepe

540 5005 719 5075 lapillo
750 5005 995 5061 ineideuti
1025 5022 1188 5075 parvo
1215 5006 1357 5060 cedit
1384 5014 1438 5061 et
1481 5007 1705 5077 refugit,
1753 5006 2030 5077 ipsumque
2057 5008 2123 5063 ad

541 5096 857 5165 profundum
890 5095 1354 5152 transmittit.Cum
1376 5097 1572 5152 videris
1598 5097 1754 5167 igitur
1766 5113 1869 5151 non
1893 5098 2123 5168 lapillum

539 5204 792 5258 parvum,
813 5183 908 5242 sed
926 5194 1123 5240 terram
1156 5204 1369 5243 omnem
1410 5203 1570 5257 super
1592 5203 1755 5258 aquas
1779 5187 1926 5256 ferri,
1955 5204 2125 5259 neque

538 5280 826 5350 submergi,
850 5280 1111 5333 admirare
1136 5279 1422 5349 potentiam
1449 5294 1607 5348 supra
1630 5287 1867 5332 naturam
1897 5279 2009 5333 bzec
2028 5280 2127 5333 mia

540 5373 775 5427 rabiliter
795 5383 1125 5441 operantem.
1160 5373 1225 5427 Et
1276 5371 1417 5427 unde
1447 5372 1549 5427 hoc
1576 5371 1933 5437 manifestum,
1981 5370 2123 5440 quod

540 5473 679 5517 terra
705 5479 863 5532 super
877 5479 1039 5533 aquas
1060 5463 1299 5518 feratur?
1323 5462 1585 5532 Propheta
1613 5462 1713 5518 hoc
1736 5461 1882 5518 dicit:
1907 5461 2026 5531 Ipse
2039 5479 2128 5517 su-

540 5570 631 5623 per
652 5555 812 5606 maria
833 5556 1062 5625 fumfavit
1091 5571 1199 5609 eam
1215 5563 1261 5608 et
1280 5570 1435 5625 super
1456 5555 1669 5624 ﬂumina
1693 5554 1995 5624 praeparavit
2014 5570 2124 5607 eam

541 5644 883 5715 (l’sal.23.2):
901 5657 951 5699 et
978 5661 1208 5709 rursum,
1236 5645 1337 5712 Qui
1352 5645 1578 5713 fundauit
1599 5655 1783 5700 terram
1795 5662 1946 5713 super
1965 5662 2123 5714 aquas

539 5734 712 5802 (I’sal.
747 5736 869 5791 155.
892 5736 944 5805 6)
957 5737 1113 5803 .Qttid
1161 5736 1337 5791 dicis?
1367 5737 1600 5804 lapillum
1623 5737 1867 5805 exiguum
1906 5752 2040 5804 aqua
2068 5737 2120 5791 in

537 5825 819 5895 superﬁcie
847 5826 984 5881 ferre
1016 5843 1120 5881 non
1149 5837 1357 5897 potest,
1388 5838 1443 5883 et
1486 5838 1678 5881 terram
1710 5837 1908 5882 tantam
1935 5830 2072 5897 gerit
2099 5867 2116 5893 ,

541 5930 594 5974 et
622 5928 845 5981 montes.
878 5929 930 5974 et
950 5920 1133 5986 colles,
1162 5929 1215 5975 et
1246 5919 1422 5984 urbes,
1445 5927 1499 5974 et
1523 5920 1749 5990 plantas,
1772 5929 1824 5973 et
1852 5919 2113 5984 homines,

1265 488 1324 545 S.
1362 488 1640 546 JOANNIS
1677 487 2150 545 CIIRYSOSTONII
2193 489 3081 555 AliCllll‘lP.,CONSTANTINOP.

3731 506 3889 583 tua,

2254 612 2305 653 ct
2335 602 2505 667 bruta,
2530 613 2582 657 et
2611 621 2715 659 non
2751 608 3141 681 submergitur?
3169 610 3232 664 Et
3259 612 3381 682 quid
3408 612 3550 681 dico,
3575 629 3679 669 non
3704 618 3832 672 sub-
3874 589 3885 621 ⁷

2256 694 2512 761 mergitur
2542 711 2555 757 ;
2586 698 2851 765 quomodo
2892 699 3109 753 inferius
3160 703 3537 759 circumstante
3562 706 3662 761 sibi
3693 723 3826 777 aqua

2252 791 2397 836 unto
2422 794 2661 854 tempore
2710 798 2928 842 nonest
2968 790 3260 855 dissoluta,
3308 808 3406 848 nec
3450 798 3619 850 lutum
3658 799 3833 852 omnia

2250 875 2384 928 facta
2406 879 2573 931 sunt?
2598 876 2651 933 Si
2680 882 2820 934 enim
2848 881 3110 951 lignorum
3137 897 3326 940 natura
3357 902 3541 956 parum
3573 893 3833 959 temporis

2250 969 2399 1036 aquis
2420 970 2696 1026 immorata
2724 976 3081 1044 corrumpitur
3103 987 3155 1031 et
3180 978 3524 1046 dissolvitur;
3554 982 3680 1053 quid
3707 983 3833 1037 dico

2253 1056 2517 1126 lignorum
2565 1072 2749 1116 natura
2776 1064 2798 1116 ?
2824 1066 2948 1134 quid
2992 1066 3134 1121 ferro
3189 1069 3417 1125 validius
3460 1087 3580 1127 esse
3618 1074 3836 1143 possit?

2248 1150 2339 1202 sed
2368 1162 2422 1204 et
2453 1152 2553 1206 hoc
2580 1170 2721 1224 stupe
2748 1158 3012 1213 mollescit
3040 1200 3055 1223 ,
3088 1176 3208 1214 cum
3234 1177 3443 1232 semper
3467 1165 3518 1217 in
3543 1167 3694 1233 aquis
3720 1180 3832 1221 ηια-

2250 1254 2357 1307 net,
2387 1253 2442 1299 et
2472 1249 2666 1300 merito
2696 1265 2710 1301 :
2743 1251 2938 1320 quippe
2960 1261 3012 1305 et
3044 1252 3213 1322 ipsum
3234 1270 3263 1307 a
3296 1264 3437 1309 terra
3479 1257 3829 1311 substantiam

2248 1332 2423 1389 habet.
2469 1337 2755 1406 Propterea
2806 1342 2957 1395 multi
3006 1342 3347 1413 fugitivorum
3383 1362 3657 1401 servorum
3682 1358 3830 1419 post-

2243 1442 2401 1495 quam
2422 1432 2709 1496 compedes
2733 1442 2786 1486 et
2815 1442 3030 1488 catenas
3058 1437 3423 1504 pertrahentes
3452 1440 3729 1510 fugerunt,
3759 1442 3828 1497 ad

2244 1519 2387 1573 rivos
2411 1536 2667 1587 aquarum
2700 1524 2974 1579 venientes
2996 1536 3071 1589 _et
3116 1528 3322 1581 vinctos
3359 1530 3511 1598 aquis
3541 1530 3703 1599 pedes
3728 1532 3827 1586 im-

2243 1610 2512 1667 mittentes
2536 1654 2549 1675 ,
2576 1623 2630 1668 et
2668 1617 2745 1670 sic
2777 1617 2988 1671 mollius
3018 1617 3220 1673 ferrum
3264 1620 3539 1684 facientes,
3568 1624 3718 1679 facile
3740 1624 3823 1678 la-

2244 1702 2363 1770 pide
2412 1707 2779 1773 pcreutientes
2805 1708 3132 1779 diﬂ‘ringunt.
3189 1711 3350 1780 Igitur
3385 1715 3581 1768 ferrum
3610 1716 3822 1784 quidem

2241 1794 2523 1861 mollescit,
2556 1796 2694 1867 ligna
2730 1800 3017 1867 putrefiunt
3038 1841 3053 1866 ,
3086 1812 3141 1855 et
3184 1804 3386 1872 lapides
3413 1817 3825 1875 corrumpunutr

2240 1884 2308 1940 ab
2334 1900 2589 1956 aquarum
2624 1898 2812 1944 natura
2838 1908 2851 1954 ;
2880 1902 3035 1946 terra:
3055 1909 3183 1949 vero
3208 1898 3511 1965 magnitudo
3533 1908 3679 1953 tanto
3699 1909 3823 1953 tem-

2242 1992 2371 2047 pore
2400 1981 2552 2049 aquis
2590 1983 2833 2051 imposita
2853 2026 2870 2052 ,
2920 2000 3027 2040 non
3053 1996 3136 2041 est
3164 1990 3441 2045 submersa
3462 2033 3476 2056 ,
3525 2007 3621 2047 nec
3649 1992 3822 2047 disso-

2243 2067 2371 2132 luta.
2403 2086 2502 2125 nec
2531 2072 2757 2140 perdita.

2307 2163 2359 2214 4.
2394 2162 2458 2215 Et
2483 2164 2600 2232 quis
2632 2164 2744 2219 haec
2774 2181 2877 2221 non
2909 2166 3251 2238 obstupescat
3275 2180 3328 2225 et
3358 2171 3683 2235 admiretur,
3720 2191 3821 2230 nec

2236 2264 2357 2304 cum
2387 2252 2574 2307 fiducia
2604 2254 2764 2320 dicat,
2796 2271 2899 2311 non
2927 2273 3046 2313 esse
3077 2268 3277 2314 natum
3305 2275 3467 2330 opera
3486 2266 3601 2330 ,scd
3621 2261 3816 2319 Provi-

2235 2340 2428 2395 denti:e
2468 2355 2707 2399 naturam
2738 2348 3088 2403 excedentis?
3134 2350 3255 2405 Ideo
3283 2353 3495 2421 quidam
3529 2356 3692 2410 dicit:
3719 2356 3817 2423 Qui

2233 2437 2495 2503 suspendit
2521 2448 2704 2491 terram
2734 2456 2883 2508 super
2924 2441 3085 2495 nihilo
3115 2441 3238 2512 (Job
3288 2443 3379 2498 26.
3408 2443 3463 2516 7)
3489 2464 3501 2499 :
3526 2446 3662 2501 alius
3689 2463 3819 2502 vero

2234 2527 2444 2595 quidam
2480 2548 2493 2580 :
2526 2528 2593 2582 In
2632 2547 2788 2583 mauu
2837 2532 2996 2601 ipsius
3037 2535 3162 2601 ﬁnes
3204 2547 3350 2590 terra:
3388 2535 3559 2605 (Psal.
3603 2538 3692 2593 94.
3735 2538 3814 2607 ι).

2234 2615 2402 2683 Item,
2451 2619 2619 2689 Super
2672 2624 2833 2675 moria
2881 2625 3111 2696 fundavit
3148 2644 3267 2680 (aut
3316 2627 3483 2699 (Psal.
3520 2631 3609 2685 25.
3638 2631 3717 2700 2).
3753 2633 3817 2687 Et

2236 2708 2350 2764 btec
2381 2710 2593 2779 quidem
2624 2716 2888 2767 contraria
2917 2730 3036 2770 esse
3060 2717 3340 2783 videntur,
3388 2721 3606 2775 multam
3638 2733 3815 2781 tamen

2234 2799 2431 2855 habent
2458 2805 2879 2859 consonantiam.
2914 2806 3013 2873 Qui
3045 2808 3185 2861 enim
3228 2809 3398 2876 dixit,
3440 2812 3610 2880 Super
3654 2815 3817 2867 maria

2234 2892 2463 2961 fundavit
2490 2910 2629 2959 eam,
2665 2894 2803 2950 idem
2829 2896 2960 2951 dixit
2986 2908 3143 2968 atque
3183 2899 3229 2954 is
3267 2902 3356 2971 qui
3383 2901 3456 2955 ait
3483 2904 3623 2972 quod
3654 2920 3817 2973 super

2233 2982 2400 3036 nihilo
2444 2993 2636 3038 terram
2688 2988 3066 3055 suspenderit:
3097 3005 3260 3059 super
3297 3006 3461 3060 aquas
3504 2993 3645 3047 enim
3688 3009 3819 3048 cou-

2231 3073 2421 3127 sistere
2445 3076 2648 3145 arquale
2668 3087 2750 3131 est
2771 3094 2832 3131 ac
2852 3094 3012 3148 super
3038 3080 3204 3135 nihilo
3228 3084 3503 3151 suspendi.
3534 3084 3631 3140 Ubi
3659 3086 3818 3157 igitur

2230 3179 2485 3234 suspensa
2516 3177 2569 3222 et
2598 3178 2787 3223 statuta
2818 3172 2933 3226 est?
2963 3171 3099 3227 Audi
3155 3174 3401 3229 eumdem
3427 3176 3725 3233 dicentem:
3748 3178 3816 3233 lu

2231 3273 2385 3309 manu
2435 3257 2593 3328 ipsius
2640 3260 2766 3327 ﬂues
2813 3270 2976 3314 terrm.
3032 3261 3145 3316 Non
3194 3264 3333 3333 quod
3387 3281 3577 3320 manus
3624 3268 3819 3322 habeat

2230 3345 2372 3400 Deus
2394 3386 2408 3409 ,
2440 3347 2533 3401 sed
2566 3356 2623 3401 ut
2647 3349 2820 3405 discas
2839 3390 2855 3417 ,
2906 3351 3073 3421 ipsius
3104 3355 3393 3422 potentiam
3422 3357 3670 3411 omnibus
3693 3374 3817 3429 pro-

2230 3437 2493 3494 videntem
2526 3456 2643 3496 esse
2662 3483 2678 3509 ,
2708 3457 2827 3512 qua:
2856 3452 3013 3499 terrae
3040 3461 3233 3515 corpus
3265 3449 3501 3504 continet
3527 3460 3583 3504 et
3616 3461 3814 3520 portat.

2230 3530 2286 3585 Si
2323 3531 2478 3587 dictis
2516 3550 2620 3588 non
2650 3536 2825 3590 credis
2845 3577 2859 3600 ,
2906 3537 2971 3592 iis
2998 3553 3116 3608 qua:
3146 3539 3293 3594 vides
3327 3542 3486 3596 crede
3510 3558 3523 3594 :
3547 3551 3601 3596 et
3626 3541 3678 3595 in
3707 3543 3817 3596 alio

2228 3621 2424 3692 quippe
2440 3623 2706 3679 elemento
2723 3625 2859 3681 hanc
2876 3627 3170 3683 mirabilem
3188 3632 3551 3699 operationem
3576 3633 3816 3689 invenire

2231 3718 2373 3768 licet.
2402 3714 2541 3785 Ignis
2563 3718 2703 3771 enim
2734 3728 2917 3774 natura
2947 3720 3053 3775 alta
3083 3722 3231 3790 petit,
3253 3734 3308 3777 et
3336 3724 3387 3777 in
3419 3725 3646 3781 sublime
3674 3741 3818 3781 sem-

2233 3820 2327 3872 per
2354 3806 2493 3872 salit,
2527 3817 2581 3862 et
2605 3824 2634 3863 a
2667 3819 2853 3865 natura
2883 3821 2940 3866 ut
2967 3813 3203 3877 exsiliat,
3234 3814 3396 3870 habet
3420 3835 3435 3873 :
3458 3826 3512 3872 et
3540 3818 3662 3872 licet
3691 3820 3815 3873 inli-

2230 3896 2337 3949 nita
2364 3910 2555 3967 cogant
2581 3911 2633 3954 et
2662 3913 2914 3972 urgeant,
2942 3904 3007 3957 ad
3040 3904 3288 3961 inferiora
3318 3907 3514 3964 deferri
3542 3925 3648 3963 non
3674 3913 3815 3980 pati-

2232 3995 2334 4042 tur.
2366 3987 2768 4062 Nonuumquam
2807 3995 2948 4049 enim
2991 3996 3158 4051 facem
3199 4013 3477 4053 accensam
3508 4002 3815 4071 capientes,

2229 4089 2284 4134 et
2312 4083 2362 4135 in
2389 4093 2545 4151 caput
2570 4085 2915 4153 inclinantes,
2964 4088 3100 4154 ignis
3139 4092 3391 4158 impetum
3425 4093 3645 4147 inferius
3691 4095 3815 4147 ferri

2230 4188 2335 4227 non
2378 4176 2617 4246 cogimus
2642 4196 2656 4233 :
2679 4179 2772 4232 sed
2801 4188 2854 4233 et
2879 4182 2954 4233 sic
2983 4182 3034 4234 in
3065 4184 3336 4250 superiora
3367 4187 3633 4251 recurrit,
3677 4195 3737 4241 et
3764 4188 3816 4240 in

2229 4270 2456 4323 sublime
2486 4270 2690 4324 inferne
2722 4271 2961 4335 festinat;
3011 4275 3061 4327 in
3108 4276 3220 4329 sole
3246 4291 3375 4329 vero
3406 4287 3572 4331 totum
3598 4288 3817 4332 contra—

2230 4361 2367 4415 rium
2398 4361 2534 4416 Deus
2578 4361 2699 4416 fecit
2725 4381 2738 4416 :
2765 4363 2929 4431 ipsius
2965 4365 3105 4417 enim
3151 4366 3329 4420 radios
3360 4367 3425 4420 ad
3460 4377 3657 4423 terram
3687 4384 3819 4423 con-

2229 4453 2421 4519 vertit,
2464 4461 2517 4506 et
2554 4452 2723 4506 lucem
2774 4454 2898 4508 fecit
2936 4454 3156 4509 inferius
3189 4472 3441 4527 vergere;
3477 4467 3681 4513 tantum
3709 4475 3817 4514 nou

2229 4544 2412 4597 dicens
2438 4543 2535 4611 ipsi
2568 4558 2660 4612 per
2686 4544 2925 4613 figuram,
2965 4542 3187 4599 Inferius
3212 4548 3476 4615 prospice,
3502 4558 3554 4602 et
3580 4548 3818 4603 homini-

2232 4638 2330 4688 bus
2369 4634 2754 4704 lucezpropter
2793 4634 2910 4690 illos
2952 4636 3094 4689 enim
3146 4634 3318 4692 factus
3357 4653 3434 4692 es.
3479 4639 3544 4693 Et
3584 4640 3820 4695 lucerna

2228 4724 2440 4791 quidem
2469 4722 2679 4777 ﬂamma
2712 4724 2812 4778 hoc
2842 4724 2945 4792 pati
2978 4740 3084 4778 non
3127 4734 3332 4794 potest;
3363 4727 3512 4781 sidus
3538 4744 3670 4783 vero
3711 4739 3819 4783 tam

2230 4830 2475 4885 magnum
2504 4825 2559 4868 et
2585 4815 2896 4871 admirabile
2923 4816 2989 4870 ad
3017 4816 3267 4871 inferiora
3308 4819 3479 4887 vergit
3518 4828 3574 4874 et
3612 4820 3681 4873 ad
3712 4832 3822 4874 ter-

2229 4923 2343 4963 ram
2373 4906 2619 4976 respicit,
2668 4916 2853 4961 contra
2892 4922 3049 4976 quam
3094 4908 3267 4977 ignis,
3312 4918 3534 4979 propter
3572 4909 3692 4979 ejus
3726 4912 3818 4980 qui

2225 4998 2384 5067 jussit
2433 4996 2740 5067 potentiam.
2789 4996 2881 5053 Vis
2920 5007 2976 5052 et
3013 4998 3155 5052 aliud
3203 4999 3309 5054 tale
3353 5004 3823 5056 commemorem?

2232 5092 2397 5146 Dorsa
2417 5090 2531 5144 coeli
2558 5088 2713 5159 hujus
2737 5089 2890 5144 nobis
2917 5091 3191 5160 conspicui
3220 5106 3373 5161 aqua:
3402 5091 3639 5163 undique
3665 5108 3814 5147 com-

2229 5181 2583 5251 prehendunt,
2615 5190 2669 5234 et
2698 5195 2869 5250 neque
2895 5180 3135 5235 deﬂuunt
3161 5196 3336 5249 neque
3364 5182 3635 5237 excedunt
3658 5201 3673 5237 :
3699 5184 3823 5239 licet

2230 5288 2334 5326 non
2365 5272 2485 5327 talis
2506 5272 2574 5326 sit
2603 5286 2858 5340 aquarum
2888 5280 3096 5339 natura,
3128 5272 3223 5327 sed
3256 5274 3307 5326 in
3337 5288 3575 5327 concava
3600 5274 3820 5344 quidem

2231 5365 2382 5421 facile
2406 5375 2761 5430 concurrant;
2792 5378 2913 5419 cum
2957 5374 3135 5418 autem
3163 5364 3234 5418 sit
3256 5379 3453 5433 corpus
3478 5381 3782 5420 convexum
3804 5407 3822 5431 ,

2228 5458 2458 5527 undique
2478 5455 2733 5523 deﬂuunt,
2756 5464 2811 5511 et
2831 5470 3001 5525 neque
3026 5455 3233 5510 modica
3259 5471 3444 5512 earum
3477 5472 3603 5527 pars
3632 5458 3686 5511 in
3730 5459 3823 5512 tali

2228 5559 2407 5619 posset
2447 5548 2564 5603 loco
2607 5546 2919 5602 subsistere.
2964 5545 3071 5601 Sed
3109 5561 3237 5602 ecce
3274 5546 3378 5601 hoc
3416 5548 3735 5602 miraculum
3769 5548 3825 5601 in

2225 5641 2370 5696 caelis
2398 5639 2592 5694 factum
2618 5648 2719 5699 est,
2751 5647 2805 5692 et
2829 5636 2931 5691 hoc
2956 5637 3129 5706 ipsum
3159 5651 3347 5693 rursus
3372 5638 3666 5695 insinuans
3687 5640 3823 5695 Pro-

2227 5735 2406 5805 pheta,
2437 5732 2645 5786 dicebat
2670 5749 2682 5785 :
2710 5730 2938 5784 Laudute
2964 5728 3275 5795 Dominum,
3306 5745 3485 5799 aqum,
3526 5746 3639 5800 qua.
3669 5745 3825 5797 super

2226 5828 2373 5881 erutos
2418 5827 2534 5880 estis
2586 5824 2754 5897 (Psal.
2804 5823 2927 5878 M8.
2980 5824 3061 5890 4).
3120 5823 3188 5877 Et
3238 5837 3414 5893 neque
3459 5837 3598 5891 aqua
3650 5820 3823 5875 solem

2229 5921 2512 5986 exstinxit,
2557 5933 2726 5988 neque
2772 5916 2848 5969 sol
2896 5923 3041 5970 tanto
3079 5914 3268 5971 subtus
3299 5912 3499 5969 vadens
3540 5923 3825 5983 tempore,
