4112 6388
318 472 423 531 I07

324 605 418 660 μοι
444 585 737 659 νομοθέτου
765 584 978 655 σοφίαν.
1013 584 1103 640 Ἐν
1132 584 1361 657 χειμῶνι
1392 584 1612 659 μακράν
1642 582 1831 652 ἔταξεν
1862 576 2003 635 εἶναι

312 671 415 743 τὴν
438 670 628 735 νύκτα,
648 671 738 724 ὅτε
767 669 1095 741 ἁπαλώτερα
1129 668 1201 723 τά
1239 668 1531 741 σπέρματα
1558 667 1656 723 καὶ
1685 664 1996 736 καταψύχε-

315 758 442 813 σθαι
474 758 613 831 [1011
646 759 873 830 δεόμενα
910 757 1131 830 μᾶλλον,
1163 756 1258 812 καὶ
1285 756 1622 829 θερμοτέρας
1664 756 1766 809 οὑκ
1803 754 1998 824 ἀνέχε-

315 865 407 902 ται
444 848 543 918 τῆς
568 848 815 911 ἀκτῖνος⁸
862 845 1079 900 ἐπειδὰν
1100 845 1158 899 δὲ
1195 844 1427 917 αὐξηθῇ,
1468 843 1792 909 συναύξεται
1839 842 2001 896 πάλιν

314 937 501 998 αὐτοῖς
538 937 572 1008 ή
618 934 821 1007 ἡμέρα,
868 934 965 989 καὶ
1018 934 1141 988 τότε
1189 932 1398 1003 γίνεται
1447 932 1783 1005 μακροτέρα,
1811 931 1939 984 ὅταν
1969 930 2001 983 ό

314 1022 527 1093 καρπὸς
568 1021 791 1093 ἀκμάζῃ
841 1020 1047 1075 λοιπόν.
1092 1020 1170 1074 Ού
1218 1022 1331 1084 τοῖς
1388 1019 1667 1091 σπέρμασι
1721 1018 1779 1072 δὲ
1819 1016 2000 1081 τοῦτο,

314 1110 454 1164 ἀλλά
498 1110 594 1164 καὶ
641 1112 756 1173 τοῖς
799 1108 1045 1180 σώμασιν
1084 1107 1406 1180 ἐπιτήδειον.
1456 1106 1707 1161 Ἐπειδὰν
1755 1104 1866 1176 γάρ
1902 1104 2000 1158 :06

313 1197 585 1269 χειμῶνος
626 1196 723 1250 καὶ
767 1196 990 1267 ναύτης,
1024 1196 1119 1251 καί⁵
1160 1196 1519 1268 κυϐερνήτης,
1566 1194 1660 1247 καὶ
1699 1192 2000 1264 όδοιπόρος,

315 1287 413 1340 καὶ
447 1284 804 1357 στρατιώτης,
841 1285 933 1339 καὶ
962 1284 1206 1356 γεωργὸς
1237 1284 1307 1337 :&
1351 1282 1521 1336 πολλά
1551 1282 1689 1335 οίκοι
1734 1280 2002 1351 κάθηνται

313 1371 397 1444 τῷ
426 1371 626 1444 κρυμῷ
655 1372 1046 1442 συνδεδεμένοι.
1078 1373 1173 1425 καὶ
1203 1370 1400 1443 ἀργίας
1448 1368 1641 1441 καιρὸς
1685 1370 1714 1423 ὁ
1746 1368 1843 1422 :06
1887 1384 2003 1438 χει-

319 1462 500 1533 μῶνός
531 1462 668 1524 ἐστι,
693 1461 756 1514 :0
775 1461 937 1515 πλέον
963 1460 1057 1515 :06
1084 1459 1277 1534 χρόνου
1303 1462 1384 1523 είς
1406 1458 1580 1512 νύκτα
1610 1458 2000 1513 ἀναλίσκεσθαι

316 1550 572 1621 ἐποίησεν
604 1552 633 1604 0
664 1548 815 1614 Θεὸς.
850 1550 939 1603 ἴνα
977 1550 1051 1620 μὴ
1079 1549 1332 1621 περιττὸν
1436 1547 1536 1618 τῆς
1562 1546 1777 1618 ἡμέρας
1803 1547 1865 1601 :0
1895 1547 2004 1619 μῆ-

317 1656 436 1703 κος,
460 1639 613 1692 οὐδὲν
661 1638 976 1709 δυναμένων
1024 1639 1200 1691 ποιεῖν
1241 1636 1349 1690 τῶν
1371 1633 1695 1706 ἀνθρώπων.
1724 1635 1789 1688 Τί
1826 1637 1893 1691 άν
1916 1652 2004 1701 τις

318 1727 466 1781 είποι
496 1726 607 1780 τῶν
650 1725 810 1797 ὡρῶν
836 1725 937 1794 τὴν
964 1723 1241 1789 εὑταξίαν;
1281 1722 1399 1787 πῶς
1428 1723 1523 1776 καὶ
1548 1716 1707 1777 αὗται
1748 1722 2002 1793 καθάπερ

320 1813 583 1886 παρθένοι
615 1812 760 1876 τινές
806 1810 1126 1883 χορεύουσαι
1158 1814 1218 1865 ἐν
1250 1811 1438 1882 κύκλῳ
1482 1809 1623 1881 μετά
1669 1809 1871 1880 πολλῆς
1900 1810 2004 1881 τῆς

322 1903 578 1970 εὐταξίας
596 1901 831 1973 ἀλλήλας
850 1900 1205 1971 διαδέχονται,
1238 1900 1333 1954 καὶ
1363 1899 1508 1953 κατά
1538 1898 1735 1970 μικρὸν
1753 1899 1851 1952 καὶ
1878 1899 2006 1968 ἀψο-

323 1992 457 2063 φητὶ
469 1991 604 2062 πρὸς
623 1989 723 2053 τὰς
738 1988 986 2052 ἐναντίας
1010 1990 1066 2041 αί
1094 1987 1256 2060 μέσαι
1282 1985 1693 2051 διαϐιϐάζουσαι
1721 1986 1784 2039 οὑ
1801 1985 2004 2039 παύον-

323 2096 439 2142 ταις
472 2078 569 2131 Διά
584 2076 741 2131 τοῦτο
767 2074 891 2129 οὑτε
915 2075 1024 2129 ἀπὸ
1042 2074 1312 2146 χειμῶνος
1338 2074 1486 2145 ἡμᾶς
1502 2073 1807 2143 διαδέχεται
1824 2072 2005 2145 θέρος,

324 2169 452 2221 οὑτε
483 2166 688 2220 ἐκεῖθεν
717 2163 923 2235 χειμὼν
939 2163 1163 2228 εὐθέως,
1198 2162 1334 2217 ἀλλά
1367 2162 1533 2233 μέσον
1555 2160 2006 2233 παρεμϐέϐληται

322 2256 389 2309 :0
412 2255 531 2326 ἔαρ,
549 2254 689 2307 ὥστε
704 2253 889 2326 ήρέμα
903 2252 997 2306 καὶ
1019 2251 1163 2305 κατά
1193 2250 1390 2322 μικρὸν
1416 2250 1811 2321 διαδεχομένων
1825 2248 2004 2319 ήμῶν,

325 2342 733 2413 πεπυκνωμένα
766 2339 837 2393 τὰ
864 2338 1093 2411 σώματα
1134 2339 1358 2404 ἀλύπως
1392 2339 1693 2411 προσάγειν
1725 2336 1804 2408 τῷ
1835 2336 2004 2408 θέρει.

338 2431 558 2502 Ἐπειδὴ
581 2432 691 2500 7&9
709 2430 766 2482 αί
798 2427 992 2500 ἁθρόαι
1020 2427 1158 2499 πρὸς
1183 2427 1243 2480 :0
1267 2426 1511 2481 ἐναντίον
1535 2425 1832 2497 μεταϐολαὶ
1857 2426 2009 2480 νόσον

292 2524 295 2529 ⁴
325 2522 425 2576 καὶ
447 2519 651 2590 βλάϐην
666 2519 910 2571 τίκτουσι
927 2515 1025 2587 τήν
1050 2515 1310 2587 ἐσχάτην,
1334 2515 1686 2586 ᾠκοδόμησεν
1706 2515 1735 2568 ό
1755 2514 1887 2579 Θεὸς
1902 2512 2011 2568 άπὸ

330 2611 433 2680 μὲν
461 2608 558 2663 :06
588 2607 856 2680 χειμῶνος
895 2607 1044 2678 ἡμᾶς
1065 2606 1127 2661 :0
1161 2606 1261 2677 έαρ
1288 2605 1650 2677 διαδέχεσθαι,
1692 2603 1798 2658 ἀπὸ
1827 2603 1883 2657 δέ
1912 2601 2009 2656 :06

332 2698 499 2770 ἔαρος
525 2697 587 2750 :0
617 2696 794 2768 θέρος,
828 2695 937 2750 ἀπὸ
989 2695 1047 2749 δέ
1097 2694 1193 2749 :06
1228 2694 1419 2767 θέρους
1449 2692 1511 2746 :0
1537 2693 1876 2765 μετόπωρον,
1913 2693 2011 2746 καὶ

327 2786 474 2841 οὕτω
500 2785 579 2857 τῷ
605 2785 833 2857 χειμῶνι
860 2784 1276 2857 παραπέμπειν,
1294 2783 1435 2837 ὥστε
1461 2782 1718 2846 ἀϐλαϐεῖς
1739 2781 1835 2836 καὶ
1869 2781 2011 2835 κατά

332 2876 531 2948 μικρὸν
558 2876 658 2939 τάς
709 2874 1008 2945 μεταϐολάς
1053 2872 1153 2938 τὰς
1200 2874 1263 2927 ἐκ
1308 2873 1417 2927 τῶν
1450 2873 1711 2927 ἐναντίων
1741 2870 1899 2943 ὡρῶν
1924 2870 2012 2925 διὰ

288 2960 291 2965 ’
330 2964 441 3018 τῶν
479 2964 658 3035 μέσων
689 2965 822 3035 ήμῖν
873 2961 1209 3032 ἐγγίνεσθαι.
1244 2960 1343 3026 Τίς
1370 2956 1463 3016 οὗν
1496 2960 1671 3024 οὑτως
1700 2959 1885 3024 άθλιος
1917 2959 2012 3013 καὶ

330 3052 696 3123 ταλαίπωρος,
730 3051 789 3116 ὃς
815 3050 957 3123 ὁρῶν
980 3051 1081 3123 μὲν
1098 3050 1349 3122 ούρανδν,
1383 3049 1525 3121 όρῶν
1542 3050 1598 3104 δέ
1628 3048 1896 3104 θάλατταν
1917 3048 2013 3102 καὶ

330 3143 458 3214 γῆν,
494 3142 637 3215 ὀρῶν
664 3142 722 3197 δὲ
750 3142 1021 3212 τοσαύτην
1060 3140 1220 3214 ὡρῶν
1260 3140 1557 3214 εὐκρασίαν
1579 3139 1756 3204 οὑτως
1786 3138 2009 3211 ἀκριϐῆ,

332 3232 432 3286 καὶ
465 3231 679 3302 ἡμέρας
713 3231 807 3284 καὶ
830 3230 1021 3293 νυκτὸς
1054 3229 1394 3284 ἀδιάπτωτον
1426 3228 1601 3292 τάξιν,
1639 3226 1881 3299 νομίζειν
1914 3228 2013 3281 αὑ-

332 3320 587 3389 τομάτως
608 3318 780 3373 ταῦτα
800 3317 1076 3387 γενέσθαι,
1095 3317 1231 3373 ἀλλὰ
1250 3316 1325 3389 μὴ
1348 3318 1673 3388 προσκυνεῖν
1689 3316 1779 3369 τὸν
1800 3315 2014 3370 ἅπαντα

284 3413 289 3418 ’
334 3406 511 3462 ταῦτα
526 3408 665 3479 μετά
681 3407 873 3477 σοφίας
899 3407 1000 3477 τῆς
1018 3404 1403 3478 προσηκούσης
1422 3403 1814 3475 διαταξάμενον
1830 3422 1843 3465 ς
1863 3404 2016 3475 Ἔχω

336 3513 393 3550 τι
430 3498 526 3551 καὶ
556 3497 717 3551 πλέον
738 3496 943 3550 τούτων
966 3498 1141 3550 εἰπεῖν
1161 3512 1175 3526 ⁸
1208 3495 1270 3548 οὑ
1300 3494 1411 3566 7&9
1427 3493 1490 3565 δὴ
1514 3493 1674 3564 μόνον
1698 3492 1760 3546 :0
1790 3492 2017 3564 μέγεθος

337 3582 435 3635 καὶ
466 3581 683 3646 κάλλος,
722 3582 859 3636 ἀλλά
900 3582 996 3636 καὶ
1036 3580 1199 3643 αὐτὸς
1224 3580 1255 3632 ό
1284 3578 1486 3650 τρόπος
1519 3578 1616 3649 τῆς
1654 3576 2017 3647 δημιουργίας

337 3672 594 3742 ἐμφαίνει
621 3671 715 3725 τὸν
736 3669 1141 3742 συγκροτοῠντα
1162 3668 1232 3721 τὰ
1258 3668 1438 3721 πάντα
1466 3666 1619 3719 Θεόν.
1660 3664 1880 3735 Ἐπειδὴ
1907 3663 2018 3737 γὰρ

337 3759 579 3824 κτίζοντι
612 3761 708 3813 καὶ
760 3757 1185 3830 δημιουργοῦντι
1212 3756 1391 3809 πάντα
1435 3752 1589 3825 παρὰ
1614 3752 1714 3825 τὴν
1742 3752 1916 3825 ἀρχὴν
1955 3753 2018 3806 οὑ

336 3848 617 3919 παρῆμεν,
644 3847 765 3901 οὑδὲ
794 3848 842 3899 εί
874 3846 1156 3916 παρῆμεν,
1187 3844 1401 3914 εἴδομεν
1423 3842 1491 3896 ἂν
1524 3840 1644 3905 πῶς
1665 3840 1900 3911 ἐγένετο,
1921 3841 2022 3912 τῆς

336 3936 576 4008 ἀοράτου
616 3936 899 4004 δυνάμεως
954 3933 1096 3987 αὑτά
1143 3930 1693 4001 κατασκευαζούσης,
1739 3931 1903 3983 αὑτὸν
1929 3930 2021 3984 τὸν

336 4025 545 4096 τρόπον
566 4025 664 4095 τῆς
703 4022 1065 4093 δημιουργίας
1096 4022 1229 4092 ἡμῖν
1262 4020 1485 4091 ἄριστον
1517 4020 1773 4089 ἐποίησεν
1798 4020 2021 4087 ἐγγενέσ-

341 4112 468 4167 σθαι
485 4112 825 4176 διδάσκαλον,
843 4111 984 4182 ὑπὲρ
1006 4109 1222 4178 φύσεως
1238 4107 1559 4161 ἀκολουθίαν
1581 4106 1795 4169 συνθεὶς
1808 4106 2023 4161 ἅπαντα

337 4202 411 4256 τά
436 4202 723 4273 γενόμενα.
764 4200 917 4271 Τάχα
936 4196 1308 4268 ἀσαφέστερόν
1333 4197 1482 4249 ἐστιν
1514 4196 1650 4267 ὅπερ
1677 4190 1831 4247 εἷπον
1856 4210 1869 4225 ⁸
1896 4194 2024 4247 οὑκ-

278 4280 281 4281 ν
335 4290 436 4345 οὖν
462 4290 677 4360 ἀνάγκη
711 4287 1044 4358 σαφέστερον
1099 4285 1257 4340 τοῦτο
1291 4284 1455 4339 πάλιν
1488 4284 1684 4337 εἰπεῖν·
1718 4283 1927 4345 Πάντες
1956 4280 2025 4335 ἂν

338 4380 757 4451 ὁμολογήσαιεν,
786 4378 868 4431 ὅτι
892 4374 1107 4446 φύσεώς
1133 4377 1283 4429 ἐστιν
1313 4371 1605 4427 ἀκολουθία
1626 4371 1689 4424 :0
1719 4369 1862 4442 ὕδωρ
1884 4370 2026 4451 ὑπέρ

338 4468 442 4540 τὴν
481 4467 588 4539 γῆν
634 4465 917 4537 φέρεσθαι,
952 4463 1066 4518 ἀλλ’
1098 4463 1221 4534 οὑχ).
1246 4461 1347 4533 τὴν
1373 4461 1477 4532 γῆν
1512 4460 1607 4513 ἐπ)⁸
1642 4459 1751 4513 τῶν
1780 4459 2021 4513 ὑδάτων·

339 4560 375 4628 ή
411 4557 509 4629 μὲν
536 4557 645 4628 7&9
666 4558 739 4629 γῆ
769 4556 951 4626 πυκνή
980 4571 1063 4618 τις
1098 4548 1234 4607 οὖσα
1258 4551 1355 4605 καὶ
1375 4550 1589 4623 σκληρά
1615 4551 1710 4603 καὶ
1734 4548 2026 4613 ἀντίτυπος

343 4648 439 4701 καὶ
470 4647 719 4717 συνεχὴς,
758 4645 955 4717 ῥᾳδίως
1003 4642 1228 4696 δύναται
1279 4639 1493 4709 στέγειν
1528 4636 1640 4691 τῶν
1675 4636 1886 4691 ὑδάτων
1927 4636 2028 4708 τήν

342 4735 508 4805 φύσιν
534 4751 547 4764 ⁸
577 4735 637 4788 :0
661 4733 717 4787 δὲ
764 4732 908 4805 ὓδωρ
938 4730 1096 4803 ῥυτὸν
1127 4729 1188 4784 ὃν
1210 4729 1305 4782 καὶ
1324 4727 1545 4798 χαῦνον,
1584 4724 1824 4796 μαλακόν
1847 4741 1906 4778 τε
1931 4725 2028 4778 καὶ

340 4823 618 4895 διαρῥέον,
647 4822 741 4876 καὶ
769 4824 881 4885 τοῖς
925 4820 1290 4892 ἐμπίπτουσιν
1333 4813 1480 4870 εἶκον
1518 4815 1743 4876 ἅπασιν,
1773 4811 1927 4866 οὐδὲν
1962 4812 2030 4866 ἂν

339 4910 600 4982 δυνηθείη
637 4909 798 4981 σῶμα
824 4908 1057 4977 στέγειν,
1083 4905 1188 4961 κᾶν
1205 4904 1413 4976 σφόδρα
1437 4902 1767 4972 κουφότατον
1900 4900 2030 4954 πολ-

339 5002 503 5065 λάκις
527 5000 659 5069 γοῦν
698 5000 930 5070 ψηφῖδος
958 4998 1162 5069 μικρᾶς
1199 4993 1549 5068 ἐμπεσούσης
1594 4988 1728 5058 εἶξε,
1762 4993 1859 5047 καί⁵
1889 5008 2030 5061 παρ-

341 5090 615 5162 εχώρησε,
658 5088 917 5158 καὶπρὸς
940 5087 1003 5140 τὸ
1036 5085 1197 5157 βάθος
1245 5085 1415 5155 αὐτὴν
1451 5081 1834 5154 παρέπεμψεν.
1863 5081 2032 5135 Ὅταν

341 5173 436 5231 οὖν
453 5178 568 5248 ἴδῃς
583 5176 703 5246 οὑχὶ
722 5176 931 5247 ψηφῖδα
960 5172 1180 5245 μικρὰν,
1208 5172 1346 5227 ἀλλά
1366 5171 1465 5243 τὴν
1493 5173 1597 5242 γῆν
1625 5171 1844 5225 ἃπασαν
1862 5170 2032 5241 ὑπερ-

344 5268 462 5321 άνω
510 5265 623 5318 τῶν
653 5264 863 5318 ὑδάτων
898 5263 1208 5335 φερομένην
1233 5263 1329 5315 καὶ
1358 5260 1432 5333 μὴ
1466 5257 2029 5329 καταποντιζομένην,

346 5354 630 5425 θαύμασον
660 5355 757 5426 τὴν
776 5352 1004 5423 δύναμιν
1023 5352 1122 5424 τὴν
1139 5350 1279 5421 ὑπὲρ
1296 5350 1457 5420 φύσιν
1482 5346 1657 5402 ταῦτα
1689 5348 2035 5417 θαυματουρ-

344 5443 571 5512 γοῦσαν.
601 5442 713 5495 Καὶ
746 5442 906 5495 πόθεν
942 5441 1101 5495 τοῦτο
1126 5439 1304 5510 δῆλον,
1348 5438 1430 5492 ὃτι
1470 5440 1502 5507 ἡ
1533 5439 1605 5508 γῆ
1631 5436 1890 5508 ὑπεράνω
1921 5434 2032 5489 τῶν

348 5532 558 5585 ὑδάτων
579 5529 833 5601 φέρεται;
860 5531 916 5584 '0
938 5530 1226 5602 προφήτης
1253 5526 1409 5580 τοῦτό
1440 5544 1624 5598 φησιν,
1653 5523 1797 5577 οὑτω
1824 5523 1996 5593 λέγων
2016 5540 2029 5553 ·

342 5615 533 5681 Αὐτὸς
570 5614 667 5667 ἐπὶ
695 5613 1029 5687 ⁴θαλασσῶν
1078 5613 1473 5683 ἐθεμελίωσεν
1522 5609 1738 5674 αὐτὴν,
1786 5608 1887 5661 καὶ
1934 5608 2032 5661 ἐπὶ

348 5702 632 5774 ποταμῶν
658 5702 813 5775 [102]
847 5703 1178 5773 ἡτοίμασεν
1218 5700 1432 5765 αὐτήν,
1472 5700 1582 5751 Καὶ
1620 5696 1805 5761 πάλιν,
1835 5696 1921 5761 Τῷ
1941 5700 2034 5750 θε-

346 5793 710 5863 μελιώσαντι
741 5791 857 5857 τὴν
883 5790 1002 5860 γῆν
1031 5791 1128 5844 ἐπὶ
1153 5787 1271 5843 τῶν
1300 5787 1553 5842 ὑδάτων.
1588 5785 1654 5838 Τί
1691 5785 1902 5853 λέγεις;
1927 5784 2036 5855 ψη-

348 5882 476 5950 φῖδα
503 5880 711 5951 μικρὰν
731 5878 876 5949 ὕδωρ
904 5879 994 5931 ἐπὶ
1017 5878 1125 5932 τῶν
1147 5878 1330 5931 νώτων
1343 5876 1443 5930 οὑκ
1466 5875 1531 5929 ἂν
1548 5873 1803 5944 δυνηθείη
1837 5872 2037 5942 βαστά-

351 5983 465 6030 σαι,
493 5965 590 6018 καὶ
623 5963 730 6033 γῆν
757 5963 1022 6035 τοσαύτην
1056 5962 1231 6036 φέρει,
1265 5962 1360 6017 καὶ
1386 5960 1510 6033 ὅρη,
1542 5959 1633 6013 καὶ
1673 5958 1915 6029 βουνοὺς,
1940 5958 2035 6012 καὶ

350 6054 558 6117 πόλεις,
614 6053 712 6107 κοιλ⁵
769 6053 932 6123 φυτὰ,
953 6053 1047 6105 καὶ
1097 6050 1439 6122 ἀνθρώπους,
1480 6049 1576 6103 καὶ
1631 6047 1827 6117 ἄλογα,
1852 6046 1949 6101 καὶ
1970 6048 2033 6099 οὑ

353 6136 838 6207 καταποντίζεται;
860 6136 912 6191 τί
935 6136 1097 6206 λέγω,
1116 6135 1177 6189 οὑ
1201 6132 1687 6199 καταποντίζεται;
1716 6130 1832 6196 πῶς
1857 6130 2034 6185 κάτω-

1335 468 1429 524 Αι)
1468 465 1799 529 ΡοΡυιυΜ
1834 462 2337 523 ΑΜιυωίΒΝυΜ
2371 463 2606 521 HOMIL.
2665 470 2755 524 ιιι.

2110 577 2204 633 θεν
2230 578 2550 652 ὁμιλοῦντος
2580 580 2719 653 αὑτῇ
2754 578 2849 635 τοῦ
2880 580 3072 646 ὑδατος
3098 578 3354 638 τοσοῦτον
3378 580 3569 655 χρόνον
3613 582 3675 639 οὑ
3698 582 3786 642 δι-

2102 666 2268 739 ελύθη
2305 668 2401 722 καὶ
2445 668 2619 741 πηλὸς
2644 669 2837 738 γέγονε
2875 669 2939 724 :0
2965 671 3111 735 «av;
3141 668 3207 724 Εί
3231 670 3342 743 γὰρ
3374 670 3548 737 ξύλων
3576 671 3786 744 ιφύσις

2104 753 2259 809 ὕδασι
2280 754 2485 826 βραχὺν
2508 755 2895 828 ἐνδιατρίψασα
2906 756 3097 828 χρόνον
3112 758 3345 829 σήπεται
3367 758 3464 811 καὶ
3485 758 3786 815 διαλύεται·

2101 843 2197 896 καὶ
2223 844 2277 896 τί
2306 844 2451 913 λέγω
2481 842 2654 911 ξύλων
2682 843 2843 913 φύσις
2861 886 2876 910 ,
2900 843 2952 896 τί
2988 844 3205 916 σιδήρου
3244 845 3441 914 γένοιτ’
3470 845 3538 900 ἀν
3557 846 3791 901 εὐτονώ-

2104 948 2197 1001 ρον
2220 947 2235 995 ;
2261 930 2399 986 ἀλλά
2418 932 2513 986 καὶ
2538 923 2694 996 οὗτος
2719 932 3012 1002 χαυνοῦται
3039 934 3323 999 πολλάκις,
3341 935 3469 989 ὅταν
3494 934 3790 1001 διαπαντὸς

2099 1020 2159 1073 ἐν
2188 1017 2343 1073 ὑδατι
2373 1019 2511 1094 μένῃ
2539 1038 2555 1053 ⁸
2584 1020 2678 1074 καὶ
2732 1020 2879 1090 μάλα
2922 1021 3148 1085 είκότως
3168 1036 3182 1051 ⁸
3228 1022 3325 1075 καὶ
3358 1021 3469 1094 7&9
3498 1022 3595 1076 καὶ¹
3621 1022 3789 1086 αὑτὸς

2098 1106 2209 1160 άπὸ
2232 1106 2337 1177 γῆς
2366 1106 2479 1178 ἔχει
2519 1106 2619 1178 τὴν
2660 1106 2915 1179 ὕπαρξιν.
2966 1109 3065 1163 Διά
3100 1108 3260 1163 τοῦτο
3293 1110 3482 1163 πολλοὶ
3511 1109 3625 1165 τῶν
3652 1110 3787 1182 δρα-

2101 1195 2435 1248 πετευόντων
2462 1195 2709 1259 οἰκετῶν,
2738 1195 2959 1251 ἐπειδὰν
2985 1199 3085 1261 τὰς
3113 1197 3279 1260 πέδας
3308 1197 3401 1251 καὶ
3428 1197 3528 1262 τὰς
3560 1196 3788 1261 ἁλύσεις

2100 1282 2480 1354 ἐπισυρόμενοι
2508 1282 2745 1353 φύγωσι,
2766 1283 2918 1355 παρά
2932 1284 3140 1356 ῥύακας
3161 1285 3373 1338 ὑδάτων
3401 1284 3671 1352 ἐλθόντες,
3688 1285 3788 1343 καὶ

2099 1371 2416 1443 δεδεμένους
2433 1372 2817 1444 ἐναποθέμενοι
2833 1373 2959 1436 τοὺς
2985 1372 3147 1436 πόδας
3175 1374 3288 1436 τοῖς
3321 1370 3503 1438 ὕδασι,
3534 1373 3633 1428 καὶ
3655 1390 3787 1445 χαυ-

2101 1460 2321 1533 νότερον
2371 1461 2546 1535 ταύτῃ
2596 1462 2923 1533 ποιήσαντες
2980 1460 3073 1512 τὸν
3123 1458 3361 1530 σίδηρον,
3405 1460 3607 1531 ῥᾳδίως
3652 1461 3792 1534 λίθῳ

2102 1549 2357 1613 παίοντες
2400 1549 2713 1604 διακλῶσιν.
2772 1544 2906 1603 Εἶτα
2937 1548 3159 1619 σίδηρος
3189 1547 3288 1619 μὲν
3335 1546 3652 1618 χαυνοῦται,
3690 1551 3793 1607 καὶ

2105 1635 2238 1704 ξύλα
2266 1638 2521 1709 σήπεται,
2557 1638 2653 1692 καὶ
2681 1636 2819 1691 λίθοι
2861 1636 3177 1708 φθείρονται
3212 1635 3319 1689 ὑπὸ
3345 1636 3442 1707 τῆς
3473 1635 3505 1676 δ
3529 1635 3638 1690 τῶν
3661 1638 3792 1693 ὑδάο

2103 1740 2212 1778 των
2237 1725 2476 1795 φύσεως.
2506 1726 2612 1797 γῆς
2637 1726 2695 1779 δὲ
2726 1725 2893 1794 θγκος
2913 1725 3169 1787 τοσοῦτος
3197 1723 3293 1776 ἐπὶ
3316 1723 3570 1778 τοσοῦτον
3593 1724 3794 1796 χρόνον

2106 1813 2453 1883 ἐπικείμενος
2470 1817 2584 1879 τοῖς
2613 1813 2819 1879 ὑδασιν,
2845 1810 2971 1866 οὔτε
2985 1811 3405 1883 κατεποντίσθη,
3421 1810 3546 1867 οὔτε
3570 1812 3796 1885 διελύθη

2104 1901 2202 1955 καὶ
2226 1899 2497 1958 ἀπώλετο.

2175 1989 2238 2043 δ’.
2257 1990 2368 2044 Καὶ
2383 1990 2467 2054 τίς
2484 1990 2585 2044 οὑκ
2602 1989 2667 2045 ἂν
2683 1987 2981 2061 ἐκπλαγείη
3002 1987 3176 2043 ταῦτα
3199 1988 3293 2043 καὶ
3309 1987 3609 2060 θαυμάσειε
3628 2000 3677 2053 ε,
3696 1993 3793 2046 καὶ

2107 2076 2326 2150 θαρῥῶν
2355 2078 2423 2132 ἀν
2449 2077 2617 2143 εῐποι,
2643 2077 2761 2148 οὑχὶ
2778 2076 2996 2147 φύσεως
3014 2074 3154 2132 εἶναι
3180 2076 3339 2148 ῑργα,
3364 2076 3502 2131 ἀλλά
3524 2080 3625 2149 τῆς
3647 2078 3790 2149 ὑπέρ

2108 2166 2271 2235 φύσιν
2304 2166 2601 2239 Προνοίας;
2623 2166 2723 2219 Διά
2748 2164 2923 2220 ταῦτά
2946 2164 3033 2229 τίς
3059 2181 3248 2235 φησιν·
3266 2165 3331 2219 '0
3351 2165 3658 2236 κρεμάσας
3674 2166 3794 2236 τὴν

2109 2254 2227 2324 γῆν
2253 2255 2342 2309 ἐπ’
2358 2254 2611 2321 οὐδενός
2629 2272 2644 2287 ⁸
2678 2254 2837 2317 άλλος
2855 2254 2913 2307 δέ
2944 2271 3030 2318 τις
3049 2292 3065 2318 ,
3108 2254 3212 2308 Ἐν
3232 2252 3307 2322 τῇ
3340 2254 3494 2324 χειρί
3511 2255 3698 2310 αὐτοῦ
3717 2255 3795 2310 τὰ

2108 2342 2335 2410 πέρατα
2358 2340 2465 2411 τῆς
2481 2340 2594 2413 τῆς
2614 2359 2629 2372 ⁸
2663 2343 2777 2406 καὶ,
2792 2343 2873 2396 ὄτι
2888 2342 3014 2395 Ἐπί
3042 2340 3372 2398 θαλασσιῖη·
3396 2341 3797 2413 ἐθεμελίωσεν

2108 2429 2321 2498 αὐτήν.
2355 2429 2460 2486 Καὶ
2486 2430 2635 2485 δοκεῖ
2664 2432 2766 2502 μέν
2810 2429 3029 2485 ἐναντία
3076 2429 3251 2485 ταῦτα
3288 2424 3450 2495 εἶναι,
3504 2431 3706 2504 πολλὴν
3734 2432 3795 2491 δι

2110 2516 2225 2589 ἔχει
2246 2518 2343 2589 τὴν
2365 2519 2704 2589 συμφωνίαν.
2752 2518 2811 2571 '0
2854 2517 2965 2590 γάρ
3000 2517 3190 2583 εἰπὼν,
3226 2518 3309 2573 ὅτι
3351 2518 3485 2575 Ἐπὶ
3511 2520 3631 2573 τῶν
3650 2519 3797 2575 ὑδά-

2108 2620 2227 2657 των
2244 2604 2640 2673 ἐθεμελίωσεν
2676 2604 2893 2674 αὐτὴν,
2934 2604 3130 2659 ταυτὸν
3154 2600 3276 2659 εἷπε
3310 2606 3389 2677 τῷ
3415 2608 3681 2679 είρηκότι,
3708 2608 3796 2663 ὅτι

2110 2694 2199 2745 ἐπ’
2226 2692 2439 2757 οὐδενὸς
2461 2693 2631 2765 αὑτὴν
2647 2694 2923 2765 ἐκρέμασε
2948 2710 2961 2722 ⁸
2986 2693 3047 2747 τὸ
3075 2692 3184 2765 γάρ
3216 2694 3310 2748 ἐπὶ
3332 2694 3541 2750 ὑδάτων
3570 2695 3794 2752 ἐστάναι

2113 2780 2226 2833 ἴσον
2255 2781 2373 2833 ἐστὶ
2400 2780 2495 2834 :06
2524 2782 2837 2853 κρέμασθαι
2864 2783 2949 2836 ἐπ’
2980 2780 3218 2845 οὐδενός.
3249 2782 3362 2836 Ποῦ
3394 2777 3489 2838 οὖν
3518 2783 3793 2856 κρέμαται

2112 2869 2207 2923 καὶ
2230 2868 2495 2939 ἐστηκεν;
2518 2868 2785 2923 Ἄκουσον
2805 2868 2899 2924 :06
2921 2869 3088 2924 αὑτοῦ
3119 2869 3397 2939 λέγοντος·
3423 2871 3527 2926 Ἐν
3552 2869 3627 2941 τῇ
3643 2873 3794 2940 χειρὶ

2110 2956 2299 3011 αὑτοῦ
2320 2956 2392 3010 τὰ
2427 2956 2652 3026 πέρατα
2667 2958 2777 3028 τῆς
2810 2957 2922 3030 γῆς
2940 2975 2956 2991 ⁸
2987 2959 3085 3031 οὑχ
3109 2960 3191 3012 ὅτι
3220 2961 3409 3031 χεῖρας
3437 2958 3549 3029 ἔχει
3588 2961 3617 3013 ό
3638 2959 3793 3025 Θεὸς,

2112 3043 2336 3099 ἀλλ’ἵνα
2355 3044 2533 3119 μάθῃς
2560 3046 2643 3099 ὅτι
2665 3046 2700 3117 ή
2729 3044 2956 3118 δύναμις
2986 3044 3152 3100 αὑτοῦ
3169 3046 3203 3117 ή
3221 3044 3523 3118 προνοοῢσα
3551 3048 3807 3113 πάντων,

2111 3130 2250 3204 αὑτη
2281 3133 2428 3186 ἐστὶν
2455 3134 2488 3203 ή
2518 3132 2900 3205 συγκρατοῦσα
2929 3134 3025 3187 καὶ
3056 3132 3496 3199 διαϐαστάςουσα
3515 3132 3541 3174 δ
3560 3134 3622 3188 :0
3635 3134 3793 3205 σῶμα

2112 3225 2211 3295 τῆς
2239 3224 2365 3294 γῆς.
2406 3224 2547 3278 Ἀλλ’
2564 3224 2625 3277 οὑ
2661 3223 2823 3297 πείθῃ
2843 3226 2956 3287 τοῖς
2983 3225 3331 3296 είρημένοις;
3366 3223 3665 3279 Πίστευσον
3683 3227 3802 3292 τοτε

2114 3315 2411 3386 δρωμένοις
2428 3332 2445 3347 ⁸
2484 3314 2708 3386 καὶγὰρ
2732 3317 2824 3367 καὶ
2852 3315 2937 3383 ἐφ’
2961 3315 3151 3387 ἐτέρου
3183 3315 3446 3387 στοιχείου
3462 3315 3561 3388 τήν
3585 3315 3800 3387 θαυμα-

2114 3404 2377 3475 τουργίαν
2409 3404 2615 3475 ταύτην
2664 3402 2818 3457 έστιν
2852 3404 3057 3474 εὑρεῖν.
3094 3403 3201 3459 T06
3227 3404 3337 3476 7&9
3366 3404 3535 3476 πυρὸς
3568 3405 3601 3477 ή
3634 3403 3800 3475 φύσις

2116 3492 2409 3562 ἀνωφερής
2434 3492 2518 3556 τίς
2551 3492 2669 3545 ἐστι
2692 3494 2787 3546 καὶ
2804 3492 2943 3563 πρὸς
2968 3492 3029 3546 τὸ
3058 3491 3193 3562 ὑψος
3217 3493 3305 3546 ἀεὶ
3324 3492 3501 3564 πηδᾷν
3524 3494 3618 3547 καὶ¹
3642 3493 3804 3548 ἀλλε-

2120 3580 2244 3634 σθαι
2283 3580 2515 3650 πέφυκε,
2544 3579 2648 3635 κᾶν
2678 3580 2847 3651 μυρία
2874 3580 3035 3653 βιάσῃ
3082 3583 3179 3635 καὶ
3207 3582 3657 3655 καταναγκάσῃς,
3696 3583 3801 3639 οὑκ

2119 3668 2187 3723 ἂν
2218 3669 2508 3739 ἀνάσχοιτο
2537 3668 2638 3740 τῆς
2663 3669 2813 3723 κάτω
2835 3670 3026 3741 φορᾶς.
3054 3670 3319 3734 Πολλάκις
3341 3668 3472 3740 γοῦν
3499 3670 3632 3740 δᾷδα
3649 3687 3801 3725 καιο⁹

2123 3757 2293 3829 μένην
2318 3768 2341 3797 θ
2371 3756 2650 3821 λαϐόντες,
2671 3757 2766 3810 καὶ
2790 3756 2933 3811 κατά
2951 3758 3195 3828 κεφαλῆς
3217 3757 3500 3821 κλίναντες
3514 3757 3610 3812 τοῦ
3627 3758 3802 3830 πυρὸς

2119 3845 2219 3916 τὴν
2246 3844 2422 3917 ὁρμὴν
2454 3845 2556 3899 οὑκ
2586 3845 2980 3915 ⁴ήναγκάσαμεν
2994 3845 3147 3899 κάτω
3172 3845 3552 3905 νεῦσαι,.άλλά
3584 3846 3680 3900 καὶ⁵
3702 3846 3799 3902 06-

2120 3950 2229 3996 τως
2266 3934 2376 3988 άνω
2420 3933 2623 4005 τρέχει,
2654 3934 2750 3987 καὶ
2779 3934 2916 4006 πρὸς
2953 3934 3015 3988 τὸ
3043 3933 3177 4005 ὑψος
3204 3935 3484 4004 ἐπείγεται
3511 3934 3758 3989 κάτωθεν
3783 3954 3796 3967 ⁸

2122 4024 2216 4076 ἐπὶ
2241 4022 2297 4076 δέ
2327 4022 2421 4076 :06
2449 4022 2602 4094 ήλίου
2620 4024 2931 4079 τούναντίον
2968 4024 3115 4078 ἁπαν
3139 4024 3396 4095 ἐποίησεν
3433 4025 3462 4078 ὁ
3502 4024 3636 4088 Θεός
3655 4041 3668 4056 ⁸
3702 4025 3803 4088 τάς

2122 4111 2233 4182 γὰρ
2249 4111 2471 4174 ἀκτῖνας
2493 4110 2659 4165 αὑτοῦ
2681 4111 2819 4182 πρὸς
2830 4110 2928 4182 τὴν
2956 4111 3059 4183 γῆν
3079 4110 3295 4183 έτρεψε,
3320 4112 3414 4165 καί⁵
3438 4112 3498 4166 :0
3523 4111 3640 4182 φῶς
3652 4113 3805 4167 κάτω

2123 4198 2300 4251 νεύειν
2313 4198 2561 4269 ἐποίησε,
2592 4200 2872 4269 μονονουχὶ
2898 4198 3071 4268 λέγων
3094 4200 3243 4269 αὑτῴ
3273 4199 3362 4254 διά
3382 4199 3478 4254 :06
3500 4200 3800 4272 σχήματος·

2126 4285 2293 4340 Κάτω
2323 4286 2508 4357 βλέπε,
2545 4288 2699 4359 φησι,
2735 4289 2830 4341 καὶ
2865 4290 2978 4351 τοῖς
3004 4286 3315 4359 ἀνθρώποις
3346 4291 3504 4359 φαῖνε
3527 4306 3542 4321 ⁸
3577 4289 3669 4345 διά
3694 4290 3806 4361 7&9

2125 4374 2370 4439 ἐκείνους
2398 4375 2605 4444 ἐγένου.
2639 4378 2749 4430 Καὶ
2772 4376 2967 4447 λύχνου
3003 4376 3103 4448 μὲν
3137 4376 3269 4446 φλὸξ
3288 4378 3390 4431 οὑκ
3416 4376 3482 4431 ἂν
3515 4378 3807 4449 ἀνάσχοιτο

2126 4463 2287 4517 τοῦτο
2316 4464 2528 4527 παθεῖν,
2545 4464 2743 4535 ἄστρον
2769 4464 2827 4518 δὲ
2853 4463 2998 4519 οὑτω
3022 4464 3165 4534 μέγα
3189 4465 3284 4518 καὶ
3312 4464 3631 4535 θαυμαστὸν
3652 4466 3805 4521 κάτω

2127 4551 2297 4615 νεύει,
2332 4551 2427 4605 καὶ
2455 4552 2593 4624 πρὸς
2621 4554 2722 4623 τὴν
2752 4553 2857 4623 γῆν
2901 4550 3089 4623 βλέπει
3145 4552 3477 4618 ἀπεναντίας
3510 4553 3589 4625 τῷ
3646 4555 3801 4625 πυρὶ,

2127 4636 2215 4692 διά
2247 4638 2347 4709 τὴν
2377 4637 2469 4691 :06
2505 4637 2660 4711 [105]
2692 4638 3049 4704 κελεύσαντος
3084 4637 3335 4711 δύναμιν.
3370 4640 3559 4695 Βούλει
3582 4642 3677 4697 καὶ
3692 4642 3810 4697 2::-

2130 4743 2223 4797 ρον
2251 4725 2391 4780 είπω
2426 4726 2698 4792 τοιοῦτον;
2731 4727 2814 4782 Τά
2839 4728 2985 4782 νῶτα
3017 4728 3110 4783 :06
3153 4729 3389 4803 ούρανοῦ
3418 4729 3513 4785 τοῦ
3542 4733 3809 4803 φαινομέ-

2129 4831 2221 4867 νου
2255 4812 2427 4869 ὑδατα
2451 4814 2847 4887 περιλαμϐάνει
2874 4816 3157 4878 πάντοθεν,
3176 4818 3269 4871 καὶ
3288 4817 3351 4872 οὑ
3370 4820 3664 4891 καταρρεῖ,
3686 4818 3809 4872 οὑδέ

2131 4902 2427 4968 ἐξίσταται,
2454 4902 2631 4956 καίτοι
2659 4920 2722 4971 γε
2744 4903 2844 4957 οὑκ
2876 4904 2992 4956 ἐστι
3018 4904 3241 4975 τοιαύτη
3266 4905 3375 4959 τῶν
3409 4906 3619 4960 ὑδάτων
3651 4907 3686 4978 ή
3709 4906 3811 4976 φύ-

2133 5008 2217 5055 σις
2235 5008 2249 5022 ⁸
2275 4991 2389 5047 ἀλλ’
2418 4993 2499 5056 είς
2526 4991 2628 5063 μὲν
2658 4991 2726 5045 τά
2752 4992 2908 5045 κοῖλα
2933 4991 3213 5064 συντρέχει
3245 4992 3472 5064 ῥᾳδίως·
3506 4993 3729 5049 ἐπειδάν
3752 4995 3810 5048 δὲ

2132 5080 2550 5153 κεκυρτωμένον
2660 5078 2840 5150 σῶμα,
2876 5076 3218 5135 διολισθαίνει
3264 5081 3552 5148 πάντοθεν,
3583 5082 3679 5137 καὶ
3705 5083 3811 5138 οὐκ

2132 5168 2200 5221 ἂν
2227 5167 2389 5221 αὑτοῦ
2428 5166 2547 5221 οὑδέ
2567 5168 2764 5239 μικρὸν
2787 5166 2948 5237 σταίη
2983 5166 3150 5237 μέρος
3172 5167 3267 5221 ἐπὶ
3298 5168 3394 5222 :06
3416 5170 3659 5223 τοιούτου
3676 5172 3813 5241 σχή-

2138 5273 2325 5326 ματος.
2374 5255 2512 5309 Ἀλλ’
2543 5256 2652 5309 ίδοὺ
2683 5254 2745 5308 τὸ
2776 5253 3072 5323 παράδοξον
3111 5255 3270 5309 τοῦτο
3318 5255 3541 5325 γέγονεν
3582 5256 3677 5311 ἐπὶ
3700 5257 3812 5311 τῶν

2133 5343 2378 5415 οὑρανῶν
2396 5360 2410 5373 ⁸
2446 5344 2541 5397 καὶ
2562 5343 2719 5397 τοῦτο
2740 5342 2874 5397 αὑτὸ
2894 5343 3057 5397 πάλιν
3081 5343 3110 5395 ό
3130 5345 3415 5415 προφήτης
3439 5345 3813 5416 αἰνιττόμενος

2136 5432 2283 5503 λέγει
2307 5449 2321 5463 ⁸
2340 5432 2567 5488 Αἰνεῖτε
2596 5430 2704 5485 τὸν
2729 5431 2966 5499 Κύριον,
2991 5431 3064 5485 τὰ
3082 5431 3273 5487 ὕδατα
3288 5433 3360 5488 τὰ
3386 5432 3665 5501 ὑπεράνω
3692 5432 3816 5487 τῶν

2134 5522 2428 5592 οὐρανῶν.
2458 5521 2569 5575 Καὶ
2612 5519 2733 5574 οὑτε
2761 5522 2822 5573 :0
2864 5520 3011 5593 ὕδωρ
3040 5521 3131 5575 τὸν
3160 5522 3312 5595 ⁴ἥλιον
3355 5522 3597 5591 ἔσϐεσεν,
3633 5521 3757 5577 οὑτε
3784 5526 3817 5578 ὁ

2134 5613 2285 5684 ἥλιος
2318 5612 2413 5666 ἐπὶ
2470 5610 2717 5665 τοσοῦτον
2749 5610 2938 5683 χρόνον
2964 5610 3199 5683 βαδίζων
3226 5611 3471 5667 κάτωθεν
3501 5612 3564 5666 τὸ
3604 5612 3817 5667 ἐπικεί-

2200 5825 2217 5890 _'
2244 5827 2398 5890 Sag“.
2426 5829 2452 5885 ἦ
2474 5827 2564 5890 γὰρ
2585 5828 2623 5883 ξ.

2196 5887 2225 5927 ι)
2256 5887 2351 5938 Alii
2374 5890 2470 5938 ἀπὸ
2488 5887 2593 5948 τῆς.

2201 5953 2225 6015 εξ
2256 5952 2354 5999 Alii
2370 5952 2769 6015 Onepoauyxiaete.

2198 6012 2225 6051 ἀ
2253 6012 2604 6078 Ουὶθοηιτηςεζ
2630 6018 2661 6071 ἡ
2693 6012 3027 6078 συγκροτοῦσα
3054 6014 3269 6074 πάντων,
3300 6016 3382 6063 καὶ
3412 6016 3819 6072 διαδαστάζουσα.

2140 6075 2248 6125 Mox
2271 6077 2468 6140 quidam
2492 6076 2708 6140 πείσθητι
2733 6075 2832 6132 τοῖς
2862 6078 3133 6140 ὁρωμένοις.

2207 6141 2230 6168 ⁸
2256 6139 2458 6200 Aliquot
2478 6151 2592 6187 mss.
2617 6139 2739 6204 δᾷδα
2758 6138 3095 6202 ἡμμένηνριιίι
3113 6151 3229 6189 cum
3252 6138 3373 6189 Mor.
3400 6141 3523 6204 δᾷδα
3545 6142 3820 6201 καιομένην.
