4112 6388
397 499 500 554 109

383 615 580 689 μενον.
611 601 940 682 ἀνεξήρανεν
988 607 1150 681 ὕδωρ.
1194 608 1380 662 Βούλει
1419 625 1480 662 σε
1512 608 1676 662 πάλιν
1719 609 1800 671 είς
1831 607 1932 677 τὴν
1965 606 2068 675 γῆν

393 699 814 770 καταγάγωμεν,
865 697 957 750 καὶ
1012 697 1072 749 τὸ
1103 695 1290 766 θαῦμα
1334 696 1725 766 ἐπιδείξωμενς
1771 695 1884 763 Οὐχ
1934 695 2065 764 ὁρᾷς

388 789 614 859 ταυτηνὶ
628 788 726 860 τὴν
742 785 1038 851 θάλατταν,
1066 784 1164 857 τὴν
1197 785 1456 854 κυμάτων
1483 784 1758 856 γέμουσαν
1787 784 1878 837 καί¹
1907 800 2064 836 πνευ-

393 877 834 952 μάτωνβιαίωνς
874 876 992 932 ἀλλ’
1034 875 1174 946 αὕτη
1205 877 1239 946 ἡ
1273 875 1512 929 θάλαττα
1561 874 1594 945 ἡ
1628 872 1940 945 εὐρύχωρος
1975 872 2068 925 καὶ

374 964 600 1038 ’μεγάλη
633 965 726 1038 καὶ
762 962 1063 1036 μαινομένη
1095 962 1315 1028 ἀσθενεῖ
1343 962 1560 1033 ψάμμῳ
1603 961 1923 1032 τειχίζεται.
1957 960 2067 1013 Καὶ

389 1037 596 1110 σκόπει
615 1037 764 1108 ’Θεοῦ
800 1050 1020 1122 σοφίαν·
1049 1053 1149 1106 οὐκ
1181 1053 1393 1122 ἀφῆκεν
1431 1051 1600 1120 αὐτὴν
1632 1049 1926 1122 ἡσυχάζειν
1944 1048 2067 1102 οὐδὲ

388 1143 640 1214 ἠρεμεῖν,
693 1141 782 1194 ἵνα
833 1141 909 1214 μὴ
934 1141 1032 1211 τῆς
1063 1140 1277 1209 φύσεως
1329 1139 1502 1208 αὐτῆς
1533 1135 1672 1192 εἶναι
1711 1137 1940 1208 νομίσῃς
1965 1135 2067 1208 τὴν

386 1228 659 1296 εὐταξίαν,
697 1229 811 1284 ἀλλ’
842 1229 990 1283 ἔνδον
1020 1229 1254 1300 μένουσα
1285 1227 1402 1298 βοᾷ,
1443 1228 1539 1280 καὶ
1584 1226 1939 1298 ταράττεται,
1970 1225 2067 1278 καὶ

391 1318 602 1389 μεγάλα
625 1320 766 1390 ἠχεῖ,
795 1317 888 1371 καὶ
909 1316 977 1370 τά
1003 1315 1070 1370 κύ
1079 1333 1222 1386 ματα
1241 1316 1374 1387 πρὸς
1403 1315 1536 1385 ὕψος
1561 1315 1898 1385 διανίστησιν
1925 1314 2066 1382 ἀφα-

384 1421 506 1461 τον⁶
541 1405 761 1461 ἐπειδὰν
784 1406 840 1459 δὲ
870 1405 998 1478 έλθῃ
1029 1406 1164 1477 πρὸς
1180 1406 1305 1469 τοὺς
1333 1404 1633 1473 αἰγιαλοὺς.
1667 1405 1761 1459 καὶ
1788 1404 1884 1476 τὴν
1915 1404 2067 1474 ψάμ-

389 1512 490 1567 μον
524 1492 630 1568 ἵδῃ.
654 1494 963 1549 διαλυθεῖσα
991 1493 1128 1565 πρὸς
1156 1493 1357 1563 έαυτὴν
1383 1493 1546 1547 πάλιν
1570 1493 1839 1556 ἐπάνεισι,
1868 1491 1933 1544 δι’
1956 1493 2065 1561 ἀμ·

385 1584 629 1654 φοτέρων
677 1601 736 1636 σε
773 1582 978 1636 τούτων
1001 1581 1348 1644 διδάσκουσα,
1383 1582 1465 1634 ὅτι
1507 1582 1628 1650 οὐχὶ
1661 1580 1878 1651 φύσεως
1903 1578 2063 1651 ἔργον

387 1671 504 1726 ἐστὶ
537 1672 598 1724 τὸ
634 1671 816 1742 μένειν
845 1671 1014 1740 αὐτὴν
1047 1669 1182 1722 εἴσω
1205 1667 1314 1721 τῶν
1357 1668 1575 1722 οἰκείων
1599 1669 1762 1739 ὅρων,
1798 1667 1940 1720 ἀλλὰ
1963 1667 2064 1736 τῆς

384 1759 481 1813 τοῦ
529 1757 861 1832 ’κατέχοντος
912 1757 1079 1830 αὐτὴν
1133 1757 1439 1827 δυνάμεως.
1473 1757 1574 1810 Διά
1617 1756 1779 1810 τοῦτο
1808 1754 1942 1824 γοῦν
1969 1755 2064 1806 καὶ

383 1848 608 1914 ἀσθενὲς
631 1849 692 1902 τὺ
716 1848 918 1920 τειχίον
954 1846 1200 1917 ἐποίησε,
1231 1846 1326 1900 καὶ
1358 1845 1418 1898 ού
1444 1843 1576 1910 ξύλα
1610 1845 1705 1899 κιιί⁵
1734 1843 1916 1906 λίθους
1941 1843 2064 1895 οὐδὲ

382 1933 486 2012 δρη
533 1939 647 2000 τοῖς
692 1936 965 2013 ἀἰγιαλοῖς
1014 1932 1304 2005 περιέϐαλε
1347 1934 1579 1997 τούτοις,
1609 1934 1698 1987 ἵνα
1753 1931 1828 2004 μὴ
1853 1931 2062 1996 τούτοις

383 2025 572 2098 λσγίσῃ
601 2024 694 2078 τοῦ
722 2024 984 2095 στοιχείου
1007 2023 1107 2094 τὴν
1124 2021 1398 2087 εὐταξίαν.
1422 2022 1597 2075 Τοῦτο
1621 2021 1873 2090 γοῦνκαί
1900 2018 2063 2080 αὐτός

382 2129 514 2166 ποτε
537 2113 654 2175 τοῖς
693 2111 964 2175 Ἰουδαίοις
978 2109 1249 2175 ὀνειδίζων
1277 2107 1460 2178 έλεγεν
1485 2130 1491 2136 ·
1541 2109 1672 2178 Ἐμὲ
1697 2111 1770 2163 οὐ
1801 2105 2062 2178 φοϐηθή-

381 2199 568 2254 σεσθε
591 2199 697 2254 τὸν
717 2199 980 2265 τάξαντα
1007 2197 1202 2267 ἅμμον
1221 2197 1387 2265 ὄριον
1401 2195 1473 2264 τῇ
1499 2195 1805 2264 θαλάσσῃ.
1833 2193 1931 2248 καὶ
1947 2195 2060 2262 οὐχ

380 2287 814 2358 ὑπερϐήσεται;
853 2287 930 2340 Οὐ
981 2285 1140 2340 τοῦτο
1179 2284 1236 2338 δὲ
1275 2283 1434 2355 μόνον
1465 2283 1582 2337 ἐστὶ
1618 2283 1679 2336 τὸ
1724 2281 2059 2353 θαυμαστὸν,

380 2375 480 2450 ὅτι·
500 2379 676 2449 μέγαν
699 2376 792 2430 καὶ
820 2373 1134 2445 θαυμαστὸν
1177 2373 1265 2425 τὸν
1295 2371 1501 2442 κόσμον
1528 2371 1807 2442 ἐποίησεν,
1833 2369 1943 2423 οὐδ’
1975 2369 2060 2424 ὃτι

382 2467 526 2537 ὑπὲρ
560 2452 775 2536 φύσεως
803 2461 1126 2516 ἀκολουθίαν
1154 2460 1316 2519 αὑτὸν
1342 2458 1665 2530 συνέπηξεν,
1696 2458 1813 2513 ἀλλ’
1851 2459 1932 2512 ὅτι
1963 2457 2060 2512 καὶ

371 2549 443 2624 ’ἐξ
464 2552 721 2608 ἐναντίων
741 2550 903 2605 αὗτόν
929 2548 1245 2621 συνέστησε,
1272 2547 1481 2620 θερμοῦ
1505 2549 1600 2601 καὶ
1626 2546 1860 2619 ψυχροῦ,
1889 2546 2057 2619 ξηροῦ

379 2642 478 2698 καὶ
494 2625 869 2713 ὑγροῦ,’πυρός
895 2637 995 2692 ’καὶ
1021 2635 1236 2700 ὓδατος,
1254 2636 1358 2708 γῆς
1376 2635 1470 2689 καὶ
1491 2635 1651 2706 ἀέρος
1663 2651 1677 2665 ·
1704 2635 1798 2689 καὶ
1812 2635 1883 2689 τά
1903 2637 2058 2688 ἐναν-

378 2727 472 2784 τία
495 2715 966 2798 ταῦταστοιχεῖα,
991 2724 1080 2792 ἀφ’
1112 2719 1186 2778 ὧν
1209 2724 1326 2777 τόδε
1363 2723 1424 2776 τὸ
1449 2723 1558 2777 πᾶν
1588 2721 1938 2794 συνέστηκεν,
1961 2723 2057 2777 άλ-

378 2817 564 2890 λήλοις
593 2817 874 2889 μαχόμενα
913 2816 1008 2869 ὑπ’
1041 2804 1286 2884 ἀλλήλων
1318 2813 1418 2866 οὐκ
1462 2810 1738 2883 ἀνηλώθη,
1767 2811 1830 2864 ού
1854 2811 1914 2864 τὸ
1944 2812 2057 2882 πῦρ

380 2903 781 2977 ἐπέδραμεκαὶ
806 2904 1013 2974 ἀνῆψεν
1045 2903 1282 2962 ἅπαντα,
1319 2901 1380 2953 ού
1429 2899 1495 2953 τὺ
1523 2899 1669 2970 ὕδωρ
1699 2897 1924 2952 ἐπελθὸν
1949 2901 2054 2953 ’ἐπ-

380 2993 574 3048 έκλυσε
599 2991 698 3063 τὴν
735 2992 1080 3061 οἰκουμένην.
1113 2989 1253 3042 Ἀλλ’
1277 2989 1370 3042 ἐπὶ
1399 2988 1496 3060 μὲν
1521 2988 1628 3042 τῶν
1667 2988 1934 3058 σωμάτων
1949 2987 2056 3041 τῶν

370 3065 846 3152 ’ἡμετέρωνταῦτα
869 3077 1215 3148 γίνέτάι,’καί
1240 3078 1404 3149 χολῆς
1418 3077 1792 3148 αὐξανομένης
1809 3077 2055 3131 τίκτεται

380 3167 633 3240 πυρετὸς,
651 3167 757 3221 ’καὶ
792 3166 868 3237 τῷ
897 3168 1058 3220 παντὶ
1091 3166 1214 3238 ζώῳ
1251 3165 1573 3236 λυμαίνεται
1592 3181 1604 3194 ·
1630 3165 1722 3217 καὶ
1745 3164 2055 3235 φλέγματος

378 3255 762 3328 πλεονάζοντος
798 3255 966 3308 πολλά
993 3253 1278 3326 νοσήματα
1307 3253 1525 3322 φύεται,
1546 3254 1640 3307 καὶ
1668 3253 1972 3325 διαφθείρει
1993 3255 2054 3306 τὸ

378 3343 537 3408 ζῶον.
585 3343 799 3397 Ἐπὶ”“δὲ
839 3342 993 3397 τοῦδε
1040 3342 1139 3396 τοῦ
1170 3343 1368 3406 παντὸς
1410 3342 1564 3395 οὐδὲν
1595 3341 1802 3394 τούτων
1832 3342 2052 3412 συνέϐη,

351 3431 493 3485 ’ἀλλ’
525 3425 938 3501 ἕκαστονμένει
986 3430 1236 3500 καθάπερ
1272 3430 1378 3483 τινὶ
1409 3428 1616 3500 χαλινῷ
1632 3429 1731 3481 ’καὶ¹
1755 3427 1941 3499 δεσμῷ
1973 3427 2054 3499 τῷ

378 3519 679 3592 βουλήματι
736 3519 832 3572 τοῦ
874 3519 1198 3590 ποιήσαντος
1256 3518 1381 3581 τοὺς
1409 3518 1641 3581 οἰκείους
1691 3516 2053 3586 διαφυλάττον

374 3610 561 3682 ὅρους,
611 3609 708 3662 καὶ
740 3610 780 3680 ἡ
828 3603 975 3680 μάχη
1013 3607 1218 3661 τούτων
1278 3608 1497 3678 εἰρήνης
1529 3607 1688 3660 ἀἰτία
1725 3606 1934 3675 γίνεται
1973 3605 2052 3676 τῷ

376 3699 561 3753 παντί.
612 3697 800 3752 Ταῦτα
861 3697 982 3767 οὐχὶ
1031 3697 1125 3750 καὶ
1156 3696 1341 3766 τυφλῷ
1381 3696 1538 3766 δῆλα,
1569 3696 1663 3748 καὶ
1704 3699 1816 3759 τοῖς
1845 3694 2052 3766 σφόδρα

376 3785 979 3858 ἀνοήτοιςεύσύνοπτα,
1031 3785 1113 3838 ὄτι
1141 3786 1205 3837 ὲκ
1240 3784 1496 3856 προνοίας
1521 3783 1668 3846 τινὸς
1721 3784 1911 3852 γέγονε
1957 3787 2050 3838 καί

381 3863 861 3944 συγκρατεῖταιας
889 3872 986 3937 Τίς
1008 3866 1128 3943 ’γὰρ
1155 3870 1328 3934 οὕτως
1361 3873 1551 3941 ἄφρων
1572 3873 1666 3924 καὶ
1701 3871 2045 3944 ἀναίσθητος,

373 3959 437 4027 ὃς
477 3951 636 4034 ’ὀρῶν
682 3960 938 4015 τοσοῦτον
985 3960 1250 4032 σωμάτων
1302 3959 1485 4029 ὅγκον,
1529 3959 1785 4012 τοσοῦτον
1829 3961 2046 4026 κάλλος,

370 4048 644 4121 τοσαύτην
670 4043 938 4111 σύνθεσίν,
966 4047 1223 4103 τοιούτων
1275 4047 1556 4118 στοιχείων
1583 4047 1762 4118 μάχην
1787 4047 1936 4122 [104]
1969 4051 2050 4104 δι-

372 4139 546 4210 ηνεκῆ
577 4139 670 4192 καὶ
701 4137 1034 4203 ἐναντίωσιν,
1052 4136 1438 4208 καῖ’διαμονὴν,
1472 4137 1546 4207 μὴ
1574 4136 1889 4204 λογίσασθαι
1912 4139 2047 4211 πρὸς

373 4226 566 4280 ἑαυτὸν
603 4227 706 4281 καί
731 4227 1022 4290 εἰπεῖν,ὅτι
1055 4229 1104 4278 εἰ
1133 4225 1210 4296 μὴ
1233 4223 1464 4294 πρόνοιά
1483 4241 1566 4287 τις
1602 4220 1671 4295 ἦν
1697 4227 1738 4295 ἡ
1767 4225 1858 4279 τὸν
1885 4225 2047 4295 ὄγκον

370 4314 483 4369 τῶν
517 4313 784 4385 σωμάτων
816 4313 1199 4386 διακρατοῦσα,
1227 4314 1322 4366 καὶ¹
1371 4313 1445 4384 μὴ
1479 4313 1840 4384 συγχωροῦσα
1861 4315 1916 4368 τὸ
1937 4317 2046 4368 πᾶν

370 4403 668 4466 διαπεσεῖν,
689 4404 789 4456 ούκ
819 4401 884 4456 ἂν
917 4402 1151 4473 ἔμεινεν,
1168 4401 1270 4455 οὐκ
1287 4403 1350 4454 ἂν
1365 4401 1451 4471 διή
1462 4417 1655 4471 ρκεσε;
1681 4403 1931 4474 Τοσαύτη
1947 4403 2046 4474 μὲν
2082 4431 2088 4434 -

354 4490 530 4562 ’ὡρῶν
557 4491 800 4558 εὐταξία,
829 4490 1068 4563 τοσαύτη
1083 4490 1138 4544 δὲ
1160 4490 1373 4561 ἡμέρας
1399 4491 1495 4543 καίι
1522 4489 1715 4554 νυκτὸς
1734 4493 2042 4562 συμφωνία,

367 4579 640 4632 τοσούτων
660 4579 718 4632 δὲ
744 4578 955 4647 ἀλόγων
981 4577 1135 4642 ζώων
1159 4578 1315 4650 γένη,
1342 4578 1438 4642 καὶ
1455 4577 1656 4647 φυτῶν,
1675 4579 1770 4632 καὶ
1791 4581 2043 4652 σπερμά⁴

367 4679 496 4732 των,
535 4667 629 4719 καί¹
658 4665 896 4737 βοτανῶν
925 4667 1030 4737 ὁδῷ
1053 4666 1280 4736 βαδίζει,
1309 4669 1404 4720 καὶ
1424 4667 1578 4720 οὐδὲν
1600 4669 1680 4731 είς
1709 4668 1808 4738 τὴν
1837 4670 2042 4740 παροῦ-

369 4771 471 4808 σαν
503 4755 723 4827 ἡμέραν
766 4754 892 4808 οὔτε
925 4756 1191 4816 διέπεσεν.
1230 4754 1354 4808 οὔτε
1383 4755 1639 4829 ἀνηλώθη
1672 4757 1947 4824 καθάπαξ.

411 4847 500 4896 ’⁷ἐ⁹.
518 4845 594 4896 Οὐ
619 4842 794 4897 ταῦτα
817 4843 873 4896 δὲ
902 4845 1079 4914 μόνον.
1109 4843 1247 4898 ἀλλά
1276 4845 1368 4897 καὶ
1395 4845 1568 4898 πολλὰ
1596 4846 1758 4918 ἓτερα
1785 4847 1812 4886 ι)
1833 4847 2038 4901 τούτων

363 4929 589 4987 πλείονα
613 4932 704 4986 καὶ
734 4928 1009 5003 βαθύτερα
1039 4928 1108 5004 ἦν
1131 4924 1337 5000 εἰπεῖν,
1357 4935 1449 4987 καὶ
1475 4935 1605 5006 περὶ
1634 4935 1803 5005 αὐτῆς
1834 4937 2040 5004 φιλοσο-

353 5020 538 5092 φῆσαι
554 5020 652 5092 τῆς
665 5021 913 5084 κτίσεως·
932 5021 1031 5074 ἀλλ
1044 5021 1063 5043 ’
1075 5023 1153 5083 είς
1170 5021 1268 5092 τὴν
1285 5022 1540 5077 ἐπιοῦσαν
1551 5026 1730 5077 ἐκεῖνα
1740 5041 1807 5076 τα
1814 5043 1937 5094 μιευ
1947 5027 2039 5079 σά-

369 5112 541 5179 μενὸι,
578 5109 967 5179 σπουδάσωμεν
999 5109 1070 5162 τά
1103 5111 1366 5180 εἰρημένα
1397 5110 1533 5180 μετὰ
1555 5111 1839 5182 ἀκριϐείας
1869 5131 2039 5166 κατα-

358 5188 537 5276 σχεῖν,
563 5199 657 5252 καὶ
690 5200 769 5262 είς
797 5199 1016 5268 ἑτέρους
1050 5197 1374 5266 ἐξενεγκεῖν.
1413 5201 1521 5252 Καὶ
1548 5197 1666 5254 οἶδα
1699 5202 1797 5270 μὲν
1823 5203 1905 5254 ὃτι
1936 5204 2035 5273 τὴν

352 5288 732 5358 ’ἁκοὴνὺμῶν
767 5286 970 5351 ἐξένισε
1013 5285 1121 5339 τῶν
1150 5287 1435 5357 νοημάτων
1477 5287 1535 5340 τὸ
1568 5288 1749 5358 βάθος,
1793 5291 1906 5342 ἀλλ’
1938 5292 2035 5344 ἐὰν

361 5375 541 5443 ὀλίγον
562 5375 842 5445 νήφωμεν,
875 5375 968 5428 καὶ
1013 5376 1070 5426 ἐν
1103 5374 1311 5438 τούτοις
1340 5374 1609 5446 ἐθίσωμεν
1656 5380 1903 5442 ἑαυτοὺς,
1941 5381 2034 5432 καὶ

339 5463 566 5533 ’ἑτέροις
599 5455 797 5534 ῥαδίως
813 5455 1056 5532 ἐσόμεθα
1078 5462 1400 5516 διδάσκαλοι.
1432 5463 1582 5526 Τέως
1607 5464 1664 5517 δὲ
1691 5467 1867 5519 ἐκεῖνο
1892 5468 2030 5538 πρὸς

358 5548 461 5620 τὴν
481 5550 750 5620 ὑμετέραν
767 5550 986 5618 ἀγάπην
1003 5551 1298 5618 ἀναγκαῖον
1320 5552 1494 5604 είπεῖν
1512 5567 1524 5579 '
1555 5552 1727 5605 ’Ώσπε
1735 5571 1766 5623 ρ
1783 5553 2030 5617 ἐδόξασεν

359 5637 506 5707 ἡμᾶς
538 5638 566 5689 ὁ
597 5636 730 5700 Θεὸς
757 5636 845 5689 διὰ
875 5638 974 5707 τῆς
1005 5637 1269 5708 τοσαύτης
1299 5639 1679 5710 δημιουργίας,
1711 5640 1852 5693 οὕτω
1876 5641 2026 5706 δοξά-

361 5741 542 5794 σωμεν
569 5725 730 5778 αὐτον
766 5727 860 5778 καὶ
889 5727 1049 5796 ἡμεῖς
1075 5726 1166 5778 διά
1197 5728 1294 5797 τῆς
1326 5727 1600 5792 πολιτείας
1630 5731 1727 5800 τῆς
1761 5732 2026 5801 καθαρᾶς,

362 5817 427 5867 Ol
453 5816 692 5881 οὐρανοὶ
713 5813 1054 5883 διηγοῦνται
1083 5816 1272 5880 δόξαν
1301 5818 1470 5880 Θεοῦ,
1509 5819 1822 5887 φαινόμενοι
1845 5821 2024 5892 μόνον’

357 5902 451 5953 καὶ
479 5904 636 5971 ἡμεῖς
680 5902 859 5955 τοίνυν
892 5903 1276 5975 διηγησώμεθα
1307 5905 1462 5970 δόξαν
1485 5907 1642 5970 Θεοῦ,
1672 5910 1746 5978 μὴ
1779 5909 2030 5976 λέγοντες

419 6075 435 6148 ξ
465 6075 597 6148 linus
617 6080 696 6124 καὶ
723 6072 1132 6148 σύγκειταιηίῑιΐιῇ
1158 6082 1307 6132 Savil.
1338 6084 1555 6142 τοιαύτην
1580 6084 1829 6148 στοιχείων
1849 6085 2016 6147 μάχην-

414 6143 447 6184 h
473 6140 586 6188 [res
610 6154 708 6188 mss
753 6146 833 6188 vni.
860 6143 1020 6200 πολλῷ
1049 6144 1198 6193 item,

1218 489 1275 544 S.
1317 488 1606 546 JOANNIS
1645 490 2138 546 CllRYSOSTUMn
2175 490 2500 549 Αιιοιηιῖρ.
2539 493 3094 550 CONSTANTINOP.

3746 503 3841 555 ιιο

2177 604 2358 672 μόνον,
2403 607 2540 662 ἀλλὰ
2568 610 2661 662 καὶ
2689 611 2970 679 σιγῶντες,
3009 611 3104 664 καὶ
3136 612 3202 681 τῇ
3235 609 3328 664 τοῦ
3363 612 3481 682 βίου
3505 614 3844 688 λαμπρότητι

2176 692 2384 756 πάντας
2416 695 2833 768 ὲκπλὴττοντες.
2881 698 3185 767 Λαμψάτω
3207 698 3336 768 γὰρ,
3376 700 3563 770 φησὶν,
3587 701 3752 771 ὑμῶν
3778 703 3847 758 τὸ

2169 778 2298 845 φῶς
2342 779 2684 849 ἔμπροσθεν
2709 781 2831 838 τῶν
2870 785 3215 855 ἀνθρώπων,
3247 785 3407 852 ὅπως
3439 787 3650 843 ῑδωσιν
3680 789 3850 859 ὑμῶν

2167 867 2240 920 τὰ
2257 868 2413 922 καλὰ
2432 870 2595 940 ἔργα,
2624 871 2723 925 καὶ
2747 872 3056 938 δοξάσωσι
3082 874 3188 928 τὸν
3217 875 3449 942 Πατέρα
3465 874 3633 944 ὑμῶν
3663 877 3849 933 τὸνάν-

2166 955 2293 1022 τοῖς
2323 958 2623 1027 οὐρανοῖς.
2667 962 2836 1015 Ὅταν
2875 961 2986 1033 γὰρ
3009 963 3038 1016 ὀ
3060 962 3284 1026 ἄπιστος
3321 961 3404 1035 ἴδῃ
3439 964 3501 1016 σὲ
3528 963 3620 1018 τὸν
3659 964 3848 1020 πιστὸν

2167 1044 2623 1116 κατεσταλμένον,
2660 1049 3063 1122 σωφρονοῦντα,
3086 1051 3311 1122 κόσμιον
3331 1051 3482 1114 ὄντα,
3513 1052 3851 1124 ἐκπλαγὴσε·

2167 1148 2256 1184 ται
2289 1133 2388 1186 καὶ
2426 1136 2576 1205 ἐρεῖ·
2625 1137 2866 1208 Ἀληθῶς
2901 1137 3077 1209 μέγας
3109 1140 3138 1192 ὀ
3184 1139 3295 1192 τῶν
3319 1141 3660 1209 Χριστιανῶν
3688 1143 3846 1210 Θεὸς,

2166 1220 2312 1284 οἵους
2333 1224 2669 1294 κατέστησεν
2697 1224 3039 1296 ἀνθρώπους,
3058 1226 3202 1288 οἴους
3223 1226 3280 1294 ἐξ
3309 1228 3436 1281 οἴων
3459 1229 3733 1300 ἐποίησεν,
3753 1232 3849 1300 ἀγέ-

2166 1309 2356 1378 γέλους
2383 1313 2580 1376 αὐτοὺς
2606 1313 2664 1381 ἐξ
2701 1313 3006 1386 ἀνθρώπων
3029 1307 3344 1387 εἰργάσατο.
3383 1317 3483 1372 Ἂν
3502 1317 3702 1392 ὑϐρίσῃ
3737 1336 3844 1386 τις,

2164 1397 2227 1448 ού
2255 1396 2622 1469 λοιδοροῦνται
2642 1415 2658 1431 ⁶
2690 1400 2760 1455 ἂν
2776 1403 3028 1476 τυπτὴσῃ
3053 1419 3158 1468 τις,
3188 1404 3288 1456 οὐκ
3317 1405 3744 1472 ἀγανακτοῦσιν·
3777 1408 3846 1462 ἂν

2166 1484 2400 1559 ἀδικήσῃ
2415 1504 2520 1551 τις,
2551 1487 2946 1561 ὑπερεύχονται
2972 1491 3068 1545 τοῦ
3095 1491 3465 1563 λελυπηκότος
3482 1511 3496 1524 ·
3533 1493 3727 1566 ἐχθρὸν
3744 1497 3845 1550 οὐκ

2165 1574 2368 1645 έχουσι.
2407 1580 2768 1648 μνησικακεῖν
2794 1580 2896 1633 ούκ
2930 1581 3269 1644 ἐπίστανται,
3299 1583 3558 1652 φλυαρεῖν
3590 1585 3691 1637 οὐκ
3721 1583 3844 1636 ἴσα-

2166 1679 2269 1725 σιν,
2305 1663 2405 1717 ούκ
2442 1665 2647 1736 ἔμαθον
2679 1666 3004 1736 ψεύδεσθαι,
3053 1670 3329 1740 ἐπιορκεῖν
3371 1672 3473 1724 οὐκ
3514 1673 3801 1742 ἀνέχονται
3809 1711 3841 1744 ρ

2167 1753 2369 1822 μᾶλλον
2399 1754 2456 1808 δὲ
2481 1756 2604 1810 οὐδὲ
2635 1757 2858 1829 ὀμνύειν
2877 1775 2891 1790 ο
2925 1759 3060 1814 ἀλλά
3092 1761 3192 1833 τὴν
3225 1761 3471 1829 γλῶτταν
3499 1763 3846 1834 ἐκτμηθῆναι

2165 1841 2233 1894 ἂν
2283 1842 2486 1896 ἐλοιντο
2532 1846 2820 1916 πρότερον,
2861 1847 2896 1917 ἢ
2933 1847 3096 1918 ὅρκον
3143 1849 3266 1902 τινὰ
3293 1849 3400 1902 ἀπὸ
3430 1850 3523 1903 τοῦ
3572 1852 3844 1922 στόματος

2165 1931 2450 2002 προέσθαι.
2482 1933 2668 1988 Ταῦτα
2697 1935 2878 2005 δῶμεν
2929 1935 3114 2000 αὐτοῖς
3143 1938 3270 2010 περὶ
3311 1937 3470 2009 ἡμῶν
3507 1938 3707 2008 λέγειν,
3745 1925 3844 1994 καὶ

2163 2017 2264 2088 τὴν
2312 2023 2556 2092 πονηρὰν
2609 2021 2719 2075 τῶν
2747 2024 2927 2094 ὅρκων
2977 2023 3268 2095 συνήθειαν
3307 2025 3693 2096 ἀπελάσωμεν,
3746 2029 3843 2081 καὶ

2162 2107 2433 2180 τοσαύτην
2459 2109 2639 2181 δῶμεν
2663 2111 2742 2180 τῷ
2765 2111 2886 2182 Θεῷ
2907 2112 3092 2183 τιμὴν,
3121 2115 3252 2185 ὅσην
3282 2118 3394 2178 τοῖς
3430 2117 3662 2185 ἱματίοις
3683 2117 3844 2186 ἡμῶν

2162 2203 2276 2262 τοῖς
2303 2201 2794 2275 πολυτελεστέροις.
2835 2201 2959 2265 Πῶς
2993 2203 3102 2273 γὰρ
3137 2205 3237 2256 ούκ
3261 2204 3460 2258 ἄτοπον
3489 2204 3704 2274 ἱμάτιον
3738 2205 3842 2276 μὲν

2163 2285 2384 2356 ἔχοντας
2408 2289 2516 2342 τῶν
2545 2289 2746 2342 λοιπῶν
2772 2289 2977 2361 βέλτιον
3006 2292 3080 2361 μὴ
3109 2290 3396 2362 ἀνέχεσθαι
3427 2292 3665 2361 συνεχῶς
3690 2292 3842 2363 αὐτῷ

2163 2375 2562 2447 καταχρᾶσθαι,
2580 2376 2640 2429 τὸ
2661 2377 2717 2430 δὲ
2740 2377 2834 2429 τοῦ
2859 2376 2993 2430 Θεοῦ
3022 2377 3192 2448 ὄνομα
3225 2379 3498 2448 πανταχοῦ
3523 2395 3587 2430 πε
3596 2378 3840 2450 ρισύρειν

2163 2464 2350 2528 ἁπλῶς
2377 2464 2472 2518 καὶ
2496 2465 2570 2528 ώς
2594 2465 2750 2535 ἔτυχε
2771 2481 2785 2530 ;
2807 2466 2921 2536 Μὴ,
2947 2465 3137 2536 δέομαι
3165 2466 3258 2519 καὶ
3285 2465 3564 2532 ἀντιϐολῶ,
3596 2467 3672 2539 μὴ
3697 2467 3843 2522 οὕτω

2163 2552 2593 2624 καταφρονῶμεν
2636 2553 2794 2624 ἡμῶν
2823 2553 2926 2623 τῆς
2973 2556 3242 2626 σωτηρίας
3285 2555 3422 2610 άλλά
3468 2555 3567 2626 τὴν
3601 2557 3838 2627 σπουδὴν

2161 2641 2229 2712 ἣν
2251 2641 2310 2705 ἐξ
2335 2641 2509 2712 ἀρχῆς
2540 2642 2918 2713 ἐποιησάμεθα
2941 2653 2962 2679 σε
2990 2643 3117 2713 πέρὶ
3144 2643 3241 2714 τὴν
3268 2643 3486 2715 ἐντολὴν
3515 2643 3737 2716 ταύτην,
3755 2645 3839 2708 εἰς

2159 2728 2312 2791 τέλος
2335 2727 2656 2799 ἀγάγωμεν.
2677 2728 2785 2782 Καὶ
2806 2729 2913 2798 γὰρ
2936 2727 3046 2798 ἐγὼ
3067 2729 3153 2782 διὰ
3171 2729 3334 2782 τοῦτο
3352 2730 3552 2801 συνεχῆ
3574 2730 3840 2802 ποιοῦμαι

2159 2815 2257 2886 τὴν
2288 2816 2635 2888 παράκλησιν
2678 2815 2776 2888 τὴν
2807 2817 2936 2887 περὶ
2965 2813 3074 2869 τῶν
3109 2815 3308 2887 ὅρκων,
3346 2819 3447 2870 ούκ
3488 2818 3676 2891 ἐπειδὴ
3704 2836 3838 2873 κατα

2160 2901 2334 2972 έγνων
2362 2903 2515 2973 ὑμῶν
2547 2903 2840 2975 ρᾳθυμίαν,
2859 2903 2978 2958 ἀλλ’
2996 2904 3183 2974 ἐπειδὴ
3211 2905 3272 2957 τὸ
3300 2905 3460 2958 πλέον
3490 2906 3839 2979 κατορθωθὲν

2159 2991 2288 3063 ὑμῖν
2319 2989 2479 3054 εἶδον,
2517 2993 2613 3046 καὶ
2639 2992 2853 3046 σπεύδω
2882 2992 2977 3046 καὶ
3019 2987 3311 3063 ἐπείγομαι
3345 2995 3407 3046 τὸ
3449 2995 3557 3047 πᾶν
3599 2997 3838 3068 ἀπαρτι-

2159 3079 2355 3152 σθῆναι
2392 3081 2487 3134 καὶ
2517 3080 2670 3143 τέλος
2699 3080 2903 3134 λαϐεῖν.
2939 3078 3097 3134 οὕτω
3133 3083 3235 3134 ’καὶ
3278 3083 3324 3134 οἱ
3364 3080 3554 3135 θεαταὶ
3597 3083 3836 3148 ποιοῦσι,

2156 3169 2284 3232 τοὺς
2315 3169 2482 3238 ἐγγὺς
2507 3167 2667 3233 ὄντας
2693 3168 2802 3222 τῶν
2843 3167 3112 3240 βραϐείων
3133 3168 3459 3240 διεγείρουσι
3491 3171 3711 3240 μᾶλλον.
3739 3174 3838 3244 Μὴ

2154 3256 2334 3310 τοίνυν
2369 3257 2746 3327 ἀποκάμωμεν
2776 3255 2910 3327 μηδὲ
2954 3257 3140 3326 ἡμεῖς,
3179 3257 3276 3310 καὶ
3310 3256 3419 3329 γὰρ
3454 3259 3623 3326 ἐγγὺς
3667 3253 3836 3331 έστὴ-
3940 3323 3942 3326 _

2155 3360 2332 3414 καμεν
2360 3342 2453 3397 τοῦ
2483 3343 2684 3407 παντὸς
2715 3341 3156 3414 κατορθώματος,
3191 3346 3286 3396 καὶ
3320 3346 3358 3416 ἡ
3383 3344 3644 3399 δυσκολία
3677 3346 3836 3418 παρά

2155 3431 2253 3502 τὴν
2295 3431 2471 3503 ἀρχὴν
2517 3426 2607 3502 ἦν.
2643 3427 2798 3503 [105]
2837 3429 2968 3486 Ὅτε
3011 3430 3069 3485 δὲ
3109 3431 3171 3484 τὺ
3201 3431 3363 3485 πλέον
3413 3433 3510 3503 τῆς
3543 3430 3834 3506 συνηθείας

2155 3520 2451 3592 ὑπετμὴθη
2486 3519 2604 3585 νῦν,
2643 3518 2740 3574 καὶ
2795 3519 2993 3591 μικρὸν
3028 3519 3412 3574 ὑπολέλειπται
3447 3521 3666 3584 λοιπὸν,
3711 3515 3835 3577 οὐδὲ

2158 3609 2320 3660 πόνου
2360 3608 2521 3679 χρεία
2565 3607 2745 3671 τινὸς,
2776 3605 2915 3662 ἀλλά
2963 3609 3166 3678 μικρᾶς
3213 3608 3688 3680 παρατηρήσεως,
3735 3604 3836 3663 καὶ

2157 3695 2414 3766 βραχείας
2445 3695 2591 3758 τινὸς
2620 3695 2909 3766 ἀκριϐείας
2952 3694 3204 3766 δεόμεθα,
3240 3696 3326 3748 ἵνα
3365 3697 3519 3750 αὑτοὶ
3547 3694 3830 3769 κατορθώ-
3876 3745 3884 3752 .

2157 3801 2350 3849 σαντες
2375 3783 2470 3837 καὶ
2500 3781 2711 3855 ἑτέροις
2732 3781 3021 3854 γενώμεθα
3044 3783 3376 3846 διδάσκαλοι,
3399 3785 3493 3838 καὶ
3520 3784 3657 3855 μετά
3685 3787 3832 3858 παῤ-

2157 3870 2354 3944 ρησίας
2391 3872 2454 3924 τὸ
2505 3872 2649 3942 ἱερὸν
2683 3870 2886 3942 ἴδωμεν
2928 3871 3146 3942 Πάσχα,
3179 3872 3274 3924 καὶ
3305 3875 3442 3942 μετὰ
3481 3869 3683 3944 πολλῆς
3727 3875 3830 3944 τῆς

2153 3960 2348 4033 ἡδονῆς
2391 3960 2710 4014 διπλασίονα
2745 3959 2841 4013 καὶ
2876 3958 3233 4031 τριπλασίονα
3271 3954 3382 4030 τῆς
3406 3958 3658 4024 εἰωθυίας
3689 3977 3830 4031 καρ-

2153 4044 2466 4116 πωσώμεθα
2495 4044 2593 4116 τὴν
2623 4044 2983 4117 εὐφροσύνην.
3013 4046 3093 4098 Οὐ
3115 4044 3224 4116 γὰρ
3257 4043 3399 4098 οὕτω
3427 4045 3486 4098 τὸ
3514 4043 3830 4100 τῶνπόνων

2152 4137 2300 4206 ἡμᾶς
2331 4134 2722 4204 ἀπαλλαγῆναι,
2750 4133 2843 4187 καὶ
2878 4133 2988 4187 τῶν
3029 4133 3267 4207 ἱδρώτων
3295 4134 3391 4203 τῆς
3435 4131 3689 4204 νηστείας
3726 4136 3826 4188 εὐ-

2152 4223 2392 4296 φραίνει,
2428 4224 2502 4286 ὡς
2527 4221 2588 4275 τὸ
2627 4221 2769 4293 μετά
2797 4220 3225 4292 κατορθώματος
3253 4221 3348 4275 καὶ
3380 4222 3644 4290 στεφάνου
3678 4221 3830 4293 λαμρ

2133 4308 2292 4382 ’προῦ
2326 4311 2406 4373 είς
2433 4308 2530 4379 τὴν
2560 4309 2710 4380 ἱερὰν
2740 4308 2952 4379 ἐκείνην
2974 4307 3166 4378 ἑορτὴν
3189 4307 3516 4378 ἀπαντῆσαι,
3551 4308 3832 4376 στεφάνου

2151 4397 2422 4470 μηδέποτε
2465 4397 2889 4468 μαραινομένου.
2913 4397 3075 4449 Ὥστε
3121 4396 3178 4449 δὲ
3217 4387 3520 4468 ταχυτέραν
3564 4391 3829 4466 γενέσθαι

2148 4485 2246 4557 τὴν
2273 4485 2584 4556 διόρθωσιν,
2630 4481 2787 4537 τοῦτο
2824 4482 3047 4554 ποίησον
3074 4482 3102 4536 ὀ
3140 4482 3283 4552 λέγω
3309 4501 3321 4514 ·
3359 4483 3571 4554 Γράψον
3608 4483 3700 4535 ἐπὶ
3726 4483 3831 4537 τὸν

2147 4575 2326 4642 τοῖχον
2359 4573 2458 4642 τῆς
2498 4571 2673 4634 οἰκίας
2713 4587 2828 4636 σου,
2858 4561 2953 4623 καί¹
2993 4569 3087 4622 ἐπὶ
3126 4569 3217 4622 τὸν
3246 4571 3423 4640 τοῖχον
3463 4569 3562 4636 τῆς
3593 4569 3830 4641 καρδίας

2149 4676 2244 4711 σου
2279 4659 2378 4730 τὴν
2406 4657 2680 4731 δρεπάνην
2711 4657 2810 4727 τὴν
2839 4656 3149 4727 πετομένην
3190 4655 3424 4726 ἐκείνην,
3479 4656 3574 4708 καὶ
3611 4656 3831 4728 ταύτην

2145 4748 2240 4800 ἐπὶ
2266 4747 2365 4817 τῆς
2387 4747 2525 4816 ἀρᾶς
2566 4743 2821 4798 πέτεσθαι
2853 4742 3064 4813 νόμιζε,
3090 4742 3184 4796 καὶ
3215 4740 3452 4812 συνεχῶς
3481 4742 3650 4813 αὐτὴν
3681 4744 3826 4797 ἀνα-

2144 4835 2358 4905 λογίζου
2381 4853 2393 4867 ο
2429 4835 2530 4888 κᾶν
2560 4835 2746 4905 ’έτερον
2782 4833 3052 4904 ὀμνύοντα
3096 4832 3232 4906 ἴδῃς,
3267 4832 3510 4902 ἐπίσχες,
3551 4831 3822 4896 κώλυσον,

2144 4923 2240 4976 καί⁹
2267 4922 2373 4975 τῶν
2398 4922 2630 4975 οἰκετῶν
2669 4919 3032 4991 ἐπιμελήθητι
3063 4919 3171 4972 τῶν
3225 4919 3355 4972 σῶν.
3384 4921 3484 4972 Ἂν
3520 4919 3628 4989 γάρ
3655 4919 3823 4973 τοῦτο

2145 5013 2511 5082 σκοπὴσωμεν
2547 5011 2765 5072 ά,ὃπως
2816 5009 2889 5080 μὴ
2935 5009 3094 5078 μόνον
3124 5007 3288 5060 ἀὐτοὶ
3329 5008 3819 5078 κατορθώσωμεν,

2141 5097 2277 5151 ἀλλά
2321 5098 2413 5150 καὶ
2443 5099 2660 5169 ἐτέρους
2700 5099 2778 5161 εἰς
2815 5096 2974 5150 τοῦτο
3001 5098 3381 5166 ὲναγὰγοιμεν,
3409 5097 3619 5166 ταχέως
3656 5097 3824 5152 αὐτοὶ

2140 5185 2278 5256 πρὸς
2312 5185 2370 5237 τὸ
2401 5185 2573 5254 πέρας
2603 5183 2804 5254 ἥξομεν
2849 5185 2911 5236 Οἱ
2938 5183 3048 5254 γὰρ
3079 5184 3300 5254 ἐτέρους
3331 5183 3607 5236 παιδεύειν
3643 5184 3818 5237 κατα-

2135 5274 2437 5344 δεξάμενοι,
2458 5274 2587 5345 ἐρυθ
2599 5275 2856 5345 ριάσομεν
2879 5274 2974 5326 καὶ
2995 5271 3250 5343 αἰσχυνού
3260 5270 3401 5342 μεθα
3445 5272 3480 5325 ἃ
3501 5275 3608 5334 τοῖς
3628 5272 3819 5337 ἄλλοις

2138 5363 2518 5432 ἐπιτάττομεν,
2557 5363 2730 5414 ταῦτα
2759 5361 3180 5428 ὲλλιμπὰνοντες
3215 5359 3372 5412 αὐτοὶ
3397 5359 3649 5428 φανῆναι.
3675 5361 3818 5414 Οὐδὲ

2136 5452 2294 5522 χρεία
2325 5451 2588 5503 πλειόνων
2614 5451 2785 5516 λόγων
2806 5467 2819 5478 ’
2852 5448 3023 5501 πολλὰ
3059 5448 3168 5519 γὰρ
3203 5449 3298 5500 καὶ
3335 5447 3402 5500 τὰ
3438 5445 3627 5518 πρώην
3655 5445 3814 5519 είρη-

2137 5539 2295 5609 μένα,
2325 5539 2419 5591 καὶ
2452 5538 2622 5590 ταῦτα
2653 5537 2710 5589 δὲ
2737 5536 3095 5606 ὑπομνήσεως
3129 5535 3288 5605 χάριν
3321 5535 3484 5605 μόνης
3514 5546 3537 5573 ε
3570 5553 3595 5587 ε
3625 5552 3806 5606 ρηται.

2146 5627 2203 5679 Ὁ
2235 5626 2292 5678 δὲ
2335 5627 2488 5687 Θεὸς,
2521 5629 2549 5678 ὀ
2594 5624 2794 5694 μᾶλλον
2826 5623 2986 5694 ἡμῶν
3010 5623 3120 5676 τῶν
3167 5624 3448 5694 ἡμετέρων
3495 5623 3815 5692 φειδόμενος

2130 5713 2341 5783 ψυχῶν,
2369 5714 2465 5765 καὶ
2503 5716 2560 5764 ἐν
2605 5711 2778 5781 τούτῳ
2809 5712 2904 5764 καὶ
2942 5712 3000 5762 ἐν
3035 5714 3199 5763 παντὶ
3232 5711 3611 5782 καταρτίσειεν
3656 5713 3813 5780 ἡμᾶς

2133 5801 2357 5871 ἀγαθῷ,
2396 5803 2481 5854 ἵνα
2524 5799 2910 5870 πληρώσαντες
2962 5799 3136 5851 πάντα
3169 5797 3378 5869 καρπὸν
3419 5799 3766 5870 δικαιοσύνης
3790 5841 3809 5865 ,

2193 5963 2217 5990 °
2240 5962 2335 6010 Alii
2361 5961 2660 6020 ἐποιούμεθα.

2189 6021 2390 6087 d_Sa\-il.
2421 6029 2472 6069 et
2493 6023 2688 6087 quidam
2717 6032 2831 6087 τρες.
2857 6021 3128 6087 σκοπῶμεν.
3154 6020 3281 6070 Infra
3304 6021 3451 6071 iidem
3496 6023 3815 6087 ὲναγὰγιιιμεν

2129 6087 2177 6149 (ι
2202 6083 2329 6149 siqut
2348 6097 2439 6149 ιιοε
2461 6082 2550 6144 pro
2573 6083 2699 6149 v‘ulg.
2723 6082 2976 6149 ἀγάγωμεν
3011 6083 3074 6136 ι).

2199 6151 2221 6176 ⁸
2247 6146 2392 6194 Ξᾶγίί.
2423 6143 2733 6201 ὑπομνήσεως
2754 6143 2895 6204 μόνης
2922 6145 3093 6191 ἕνεκεν.
