  <div class='ocr_page' id='page_1' title='image "/cluster/home/n/w/nwhite01/storage/ocr_20150623/49/nnc1.0046978208/110.png"; bbox 0 0 4112 6388; ppageno 0'>
   <div class='ocr_carea' id='block_1_1' title="bbox 430 360 526 413">
    <p class='ocr_par' dir='ltr' id='par_1_1' title="bbox 430 360 526 413">
     <span class='ocr_line' id='line_1_1' title="bbox 430 360 526 413; baseline -0.021 0"><span class='ocrx_word' id='word_1_1' title='bbox 430 360 526 413; x_wconf 66' lang='grc' dir='ltr'>ιω</span> 
     </span>
    </p>
   </div>
   <div class='ocr_carea' id='block_1_2' title="bbox 423 458 1998 539">
    <p class='ocr_par' dir='ltr' id='par_1_2' title="bbox 423 458 1998 539">
     <span class='ocr_line' id='line_1_2' title="bbox 423 458 1998 539; baseline -0.01 -15"><span class='ocrx_word' id='word_1_2' title='bbox 423 467 812 539; x_wconf 86' lang='lat' dir='ltr'><strong>superpositam</strong></span> <span class='ocrx_word' id='word_1_3' title='bbox 868 479 1058 535; x_wconf 88' lang='lat' dir='ltr'><strong>aquam</strong></span> <span class='ocrx_word' id='word_1_4' title='bbox 1111 462 1414 519; x_wconf 77' lang='lat' dir='ltr'><strong>essiccavit.</strong></span> <span class='ocrx_word' id='word_1_5' title='bbox 1463 460 1556 519; x_wconf 75' lang='lat' dir='ltr'><strong>Vis</strong></span> <span class='ocrx_word' id='word_1_6' title='bbox 1607 469 1657 514; x_wconf 90' lang='lat' dir='ltr'><strong>te</strong></span> <span class='ocrx_word' id='word_1_7' title='bbox 1705 458 1757 513; x_wconf 92' lang='lat' dir='ltr'><strong>in</strong></span> <span class='ocrx_word' id='word_1_8' title='bbox 1805 465 1998 511; x_wconf 81' lang='lat' dir='ltr'><strong>terram</strong></span> 
     </span>
    </p>
   </div>
   <div class='ocr_carea' id='block_1_3' title="bbox 426 546 1999 624">
    <p class='ocr_par' dir='ltr' id='par_1_3' title="bbox 426 546 1999 624">
     <span class='ocr_line' id='line_1_3' title="bbox 426 546 1999 624; baseline -0.01 -9"><span class='ocrx_word' id='word_1_9' title='bbox 426 564 617 615; x_wconf 85' lang='lat' dir='ltr'><strong>iterum</strong></span> <span class='ocrx_word' id='word_1_10' title='bbox 649 558 985 622; x_wconf 74' lang='lat' dir='ltr'><strong>reducamus,</strong></span> <span class='ocrx_word' id='word_1_11' title='bbox 1015 553 1225 624; x_wconf 89' lang='lat' dir='ltr'><strong>etquod</strong></span> <span class='ocrx_word' id='word_1_12' title='bbox 1248 552 1456 605; x_wconf 76' lang='lat' dir='ltr'><strong>mireris</strong></span> <span class='ocrx_word' id='word_1_13' title='bbox 1479 548 1858 604; x_wconf 75' lang='lat' dir='ltr'><strong>ostendamus?</strong></span> <span class='ocrx_word' id='word_1_14' title='bbox 1885 546 1999 600; x_wconf 84' lang='lat' dir='ltr'><strong>Non</strong></span> 
     </span>
    </p>
   </div>
   <div class='ocr_carea' id='block_1_4' title="bbox 426 636 2003 709">
    <p class='ocr_par' dir='ltr' id='par_1_4' title="bbox 426 636 2003 709">
     <span class='ocr_line' id='line_1_4' title="bbox 426 636 2003 709; baseline -0.01 -5"><span class='ocrx_word' id='word_1_15' title='bbox 426 651 601 705; x_wconf 77' lang='lat' dir='ltr'><strong>cernis</strong></span> <span class='ocrx_word' id='word_1_16' title='bbox 630 650 730 702; x_wconf 91' lang='lat' dir='ltr'><strong>hoc</strong></span> <span class='ocrx_word' id='word_1_17' title='bbox 756 663 899 701; x_wconf 79' lang='lat' dir='ltr'><strong>mare</strong></span> <span class='ocrx_word' id='word_1_18' title='bbox 923 645 1076 698; x_wconf 87' lang='lat' dir='ltr'><strong>undis</strong></span> <span class='ocrx_word' id='word_1_19' title='bbox 1094 685 1109 709; x_wconf 90' lang='lat'><strong>,</strong></span> <span class='ocrx_word' id='word_1_20' title='bbox 1142 654 1197 698; x_wconf 91' lang='lat' dir='ltr'><strong>et</strong></span> <span class='ocrx_word' id='word_1_21' title='bbox 1220 642 1466 698; x_wconf 82' lang='lat' dir='ltr'><strong>violentis</strong></span> <span class='ocrx_word' id='word_1_22' title='bbox 1492 641 1703 695; x_wconf 83' lang='lat' dir='ltr'><strong>flatibus</strong></span> <span class='ocrx_word' id='word_1_23' title='bbox 1742 639 1956 707; x_wconf 90' lang='lat' dir='ltr'><strong>plenum</strong></span> <span class='ocrx_word' id='word_1_24' title='bbox 1980 636 2003 689; x_wconf 71' lang='grc' dir='ltr'><strong>’ἒ</strong></span> 
     </span>
    </p>
   </div>
   <div class='ocr_carea' id='block_1_5' title="bbox 428 730 2003 808">
    <p class='ocr_par' dir='ltr' id='par_1_5' title="bbox 428 730 2003 808">
     <span class='ocr_line' id='line_1_5' title="bbox 428 730 2003 808; baseline -0.008 -14"><span class='ocrx_word' id='word_1_25' title='bbox 428 741 522 794; x_wconf 83' lang='lat' dir='ltr'><strong>sed</strong></span> <span class='ocrx_word' id='word_1_26' title='bbox 556 741 656 794; x_wconf 87' lang='lat' dir='ltr'><strong>hoc</strong></span> <span class='ocrx_word' id='word_1_27' title='bbox 681 755 827 793; x_wconf 88' lang='lat' dir='ltr'><strong>mare</strong></span> <span class='ocrx_word' id='word_1_28' title='bbox 854 738 1142 808; x_wconf 74' lang='lat' dir='ltr'><strong>spatiosum</strong></span> <span class='ocrx_word' id='word_1_29' title='bbox 1172 744 1225 790; x_wconf 91' lang='lat' dir='ltr'><strong>et</strong></span> <span class='ocrx_word' id='word_1_30' title='bbox 1252 740 1497 801; x_wconf 85' lang='lat' dir='ltr'><strong>magnum</strong></span> <span class='ocrx_word' id='word_1_31' title='bbox 1520 775 1534 796; x_wconf 91' lang='lat'><strong>,</strong></span> <span class='ocrx_word' id='word_1_32' title='bbox 1579 740 1633 785; x_wconf 82' lang='lat' dir='ltr'><strong>et.</strong></span> <span class='ocrx_word' id='word_1_33' title='bbox 1676 732 1854 784; x_wconf 88' lang='lat' dir='ltr'><strong>furens</strong></span> <span class='ocrx_word' id='word_1_34' title='bbox 1874 771 1886 789; x_wconf 81' lang='lat'><strong>.</strong></span> <span class='ocrx_word' id='word_1_35' title='bbox 1920 730 2003 782; x_wconf 91' lang='lat' dir='ltr'><strong>in-</strong></span> 
     </span>
    </p>
   </div>
   <div class='ocr_carea' id='block_1_6' title="bbox 429 810 2001 890">
    <p class='ocr_par' dir='ltr' id='par_1_6' title="bbox 429 810 2001 890">
     <span class='ocr_line' id='line_1_6' title="bbox 429 810 2001 890; baseline -0.006 -8"><span class='ocrx_word' id='word_1_36' title='bbox 429 834 579 883; x_wconf 82' lang='lat' dir='ltr'><strong>firma</strong></span> <span class='ocrx_word' id='word_1_37' title='bbox 609 830 911 883; x_wconf 85' lang='lat' dir='ltr'><strong>continetur</strong></span> <span class='ocrx_word' id='word_1_38' title='bbox 933 841 1116 880; x_wconf 91' lang='lat' dir='ltr'><strong>arena.</strong></span> <span class='ocrx_word' id='word_1_39' title='bbox 1151 826 1214 879; x_wconf 83' lang='lat' dir='ltr'><strong>Et</strong></span> <span class='ocrx_word' id='word_1_40' title='bbox 1237 824 1510 878; x_wconf 86' lang='lat' dir='ltr'><strong>considera</strong></span> <span class='ocrx_word' id='word_1_41' title='bbox 1538 824 1626 876; x_wconf 83' lang='lat' dir='ltr'><strong>Dei</strong></span> <span class='ocrx_word' id='word_1_42' title='bbox 1657 810 2001 890; x_wconf 87' lang='lat' dir='ltr'><strong>sapientiam:</strong></span> 
     </span>
    </p>
   </div>
   <div class='ocr_carea' id='block_1_7' title="bbox 432 911 2007 992">
    <p class='ocr_par' dir='ltr' id='par_1_7' title="bbox 432 911 2007 992">
     <span class='ocr_line' id='line_1_7' title="bbox 432 911 2007 992; baseline -0.007 -19"><span class='ocrx_word' id='word_1_43' title='bbox 432 938 536 975; x_wconf 90' lang='lat' dir='ltr'><strong>non</strong></span> <span class='ocrx_word' id='word_1_44' title='bbox 580 920 816 992; x_wconf 77' lang='lat' dir='ltr'><strong>permisit</strong></span> <span class='ocrx_word' id='word_1_45' title='bbox 857 921 1025 987; x_wconf 79' lang='lat' dir='ltr'><strong>ipsum</strong></span> <span class='ocrx_word' id='word_1_46' title='bbox 1054 918 1325 987; x_wconf 79' lang='lat' dir='ltr'><strong>quiescere</strong></span> <span class='ocrx_word' id='word_1_47' title='bbox 1348 958 1362 980; x_wconf 89' lang='lat'><strong>,</strong></span> <span class='ocrx_word' id='word_1_48' title='bbox 1405 930 1574 984; x_wconf 89' lang='lat' dir='ltr'><strong>neque</strong></span> <span class='ocrx_word' id='word_1_49' title='bbox 1603 927 1819 967; x_wconf 89' lang='lat' dir='ltr'><strong>manere</strong></span> <span class='ocrx_word' id='word_1_50' title='bbox 1848 911 2007 966; x_wconf 87' lang='lat' dir='ltr'><strong>seda-</strong></span> 
     </span>
    </p>
   </div>
   <div class='ocr_carea' id='block_1_8' title="bbox 430 1000 2007 1078">
    <p class='ocr_par' dir='ltr' id='par_1_8' title="bbox 430 1000 2007 1078">
     <span class='ocr_line' id='line_1_8' title="bbox 430 1000 2007 1078; baseline -0.007 -12"><span class='ocrx_word' id='word_1_51' title='bbox 430 1021 567 1074; x_wconf 84' lang='lat' dir='ltr'><strong>tum,</strong></span> <span class='ocrx_word' id='word_1_52' title='bbox 600 1027 665 1065; x_wconf 91' lang='lat' dir='ltr'><strong>ne</strong></span> <span class='ocrx_word' id='word_1_53' title='bbox 695 1011 744 1063; x_wconf 93' lang='lat' dir='ltr'><strong>id</strong></span> <span class='ocrx_word' id='word_1_54' title='bbox 775 1000 895 1064; x_wconf 74' lang='lat' dir='ltr'><strong>esse</strong></span> <span class='ocrx_word' id='word_1_55' title='bbox 916 1019 1119 1064; x_wconf 64' lang='lat' dir='ltr'><strong>natura:</strong></span> <span class='ocrx_word' id='word_1_56' title='bbox 1146 1008 1309 1078; x_wconf 84' lang='lat' dir='ltr'><strong>ipsius</strong></span> <span class='ocrx_word' id='word_1_57' title='bbox 1335 1008 1572 1061; x_wconf 90' lang='lat' dir='ltr'><strong>ordinem</strong></span> <span class='ocrx_word' id='word_1_58' title='bbox 1600 1005 1890 1069; x_wconf 79' lang='lat' dir='ltr'><strong>existimes,</strong></span> <span class='ocrx_word' id='word_1_59' title='bbox 1914 1001 2007 1056; x_wconf 91' lang='lat' dir='ltr'><strong>sed</strong></span> 
     </span>
    </p>
   </div>
   <div class='ocr_carea' id='block_1_9' title="bbox 434 1094 2009 1162">
    <p class='ocr_par' dir='ltr' id='par_1_9' title="bbox 434 1094 2009 1162">
     <span class='ocr_line' id='line_1_9' title="bbox 434 1094 2009 1162; baseline -0.008 -5"><span class='ocrx_word' id='word_1_60' title='bbox 434 1103 570 1157; x_wconf 90' lang='lat' dir='ltr'><strong>intra</strong></span> <span class='ocrx_word' id='word_1_61' title='bbox 600 1104 854 1155; x_wconf 91' lang='lat' dir='ltr'><strong>terminos</strong></span> <span class='ocrx_word' id='word_1_62' title='bbox 884 1114 1101 1153; x_wconf 88' lang='lat' dir='ltr'><strong>manens</strong></span> <span class='ocrx_word' id='word_1_63' title='bbox 1130 1097 1341 1162; x_wconf 87' lang='lat' dir='ltr'><strong>clamat,</strong></span> <span class='ocrx_word' id='word_1_64' title='bbox 1373 1097 1630 1159; x_wconf 75' lang='lat' dir='ltr'><strong>turbatur,</strong></span> <span class='ocrx_word' id='word_1_65' title='bbox 1666 1094 2009 1157; x_wconf 86' lang='lat' dir='ltr'><strong>vehementer</strong></span> 
     </span>
    </p>
   </div>
   <div class='ocr_carea' id='block_1_10' title="bbox 437 1182 2008 1255">
    <p class='ocr_par' dir='ltr' id='par_1_10' title="bbox 437 1182 2008 1255">
     <span class='ocr_line' id='line_1_10' title="bbox 437 1182 2008 1255; baseline -0.006 -11"><span class='ocrx_word' id='word_1_66' title='bbox 437 1198 668 1251; x_wconf 83' lang='lat' dir='ltr'><strong>resonat.</strong></span> <span class='ocrx_word' id='word_1_67' title='bbox 697 1199 750 1243; x_wconf 88' lang='lat' dir='ltr'><strong>et</strong></span> <span class='ocrx_word' id='word_1_68' title='bbox 778 1188 1178 1242; x_wconf 88' lang='lat' dir='ltr'><strong>inenarrabilem</strong></span> <span class='ocrx_word' id='word_1_69' title='bbox 1212 1187 1261 1240; x_wconf 91' lang='lat' dir='ltr'><strong>in</strong></span> <span class='ocrx_word' id='word_1_70' title='bbox 1286 1186 1614 1255; x_wconf 86' lang='lat' dir='ltr'><strong>altitudinem</strong></span> <span class='ocrx_word' id='word_1_71' title='bbox 1640 1184 1833 1255; x_wconf 76' lang='lat' dir='ltr'><strong>ﬂuetus</strong></span> <span class='ocrx_word' id='word_1_72' title='bbox 1862 1182 2008 1237; x_wconf 76' lang='lat' dir='ltr'><strong>exci-</strong></span> 
     </span>
    </p>
   </div>
   <div class='ocr_carea' id='block_1_11' title="bbox 438 1276 2008 1350">
    <p class='ocr_par' dir='ltr' id='par_1_11' title="bbox 438 1276 2008 1350">
     <span class='ocr_line' id='line_1_11' title="bbox 438 1276 2008 1350; baseline -0.002 -17"><span class='ocrx_word' id='word_1_73' title='bbox 438 1291 544 1343; x_wconf 91' lang='lat' dir='ltr'><strong>tat;</strong></span> <span class='ocrx_word' id='word_1_74' title='bbox 563 1296 682 1335; x_wconf 88' lang='lat' dir='ltr'><strong>cum</strong></span> <span class='ocrx_word' id='word_1_75' title='bbox 696 1291 870 1334; x_wconf 89' lang='lat' dir='ltr'><strong>autem</strong></span> <span class='ocrx_word' id='word_1_76' title='bbox 896 1281 960 1333; x_wconf 89' lang='lat' dir='ltr'><strong>ad</strong></span> <span class='ocrx_word' id='word_1_77' title='bbox 991 1281 1136 1333; x_wconf 86' lang='lat' dir='ltr'><strong>littus</strong></span> <span class='ocrx_word' id='word_1_78' title='bbox 1149 1288 1201 1333; x_wconf 93' lang='lat' dir='ltr'><strong>et</strong></span> <span class='ocrx_word' id='word_1_79' title='bbox 1216 1295 1428 1332; x_wconf 88' lang='lat' dir='ltr'><strong>arenam</strong></span> <span class='ocrx_word' id='word_1_80' title='bbox 1447 1278 1763 1350; x_wconf 80' lang='lat' dir='ltr'><strong>pervenerit,</strong></span> <span class='ocrx_word' id='word_1_81' title='bbox 1779 1276 2008 1331; x_wconf 88' lang='lat' dir='ltr'><strong>dissolu-</strong></span> 
     </span>
    </p>
   </div>
   <div class='ocr_carea' id='block_1_12' title="bbox 440 1369 2013 1440">
    <p class='ocr_par' dir='ltr' id='par_1_12' title="bbox 440 1369 2013 1440">
     <span class='ocr_line' id='line_1_12' title="bbox 440 1369 2013 1440; baseline 0 -16"><span class='ocrx_word' id='word_1_82' title='bbox 440 1382 550 1424; x_wconf 90' lang='lat' dir='ltr'><strong>tum</strong></span> <span class='ocrx_word' id='word_1_83' title='bbox 583 1385 790 1424; x_wconf 90' lang='lat' dir='ltr'><strong>rursum</strong></span> <span class='ocrx_word' id='word_1_84' title='bbox 816 1370 880 1424; x_wconf 91' lang='lat' dir='ltr'><strong>ad</strong></span> <span class='ocrx_word' id='word_1_85' title='bbox 906 1371 1136 1440; x_wconf 76' lang='lat' dir='ltr'><strong>seipsum</strong></span> <span class='ocrx_word' id='word_1_86' title='bbox 1180 1372 1493 1434; x_wconf 88' lang='lat' dir='ltr'><strong>revertitur,</strong></span> <span class='ocrx_word' id='word_1_87' title='bbox 1526 1385 1620 1440; x_wconf 90' lang='lat' dir='ltr'><strong>per</strong></span> <span class='ocrx_word' id='word_1_88' title='bbox 1654 1369 1764 1423; x_wconf 64' lang='lat' dir='ltr'><strong>haec</strong></span> <span class='ocrx_word' id='word_1_89' title='bbox 1793 1378 2013 1437; x_wconf 86' lang='lat' dir='ltr'><strong>utraque</strong></span> 
     </span>
    </p>
   </div>
   <div class='ocr_carea' id='block_1_13' title="bbox 440 1460 2011 1532">
    <p class='ocr_par' dir='ltr' id='par_1_13' title="bbox 440 1460 2011 1532">
     <span class='ocr_line' id='line_1_13' title="bbox 440 1460 2011 1532; baseline -0.001 -17"><span class='ocrx_word' id='word_1_90' title='bbox 440 1471 493 1515; x_wconf 86' lang='lat' dir='ltr'><strong>te</strong></span> <span class='ocrx_word' id='word_1_91' title='bbox 532 1463 761 1528; x_wconf 80' lang='lat' dir='ltr'><strong>docens,</strong></span> <span class='ocrx_word' id='word_1_92' title='bbox 807 1462 949 1532; x_wconf 90' lang='lat' dir='ltr'><strong>quod</strong></span> <span class='ocrx_word' id='word_1_93' title='bbox 995 1479 1099 1516; x_wconf 89' lang='lat' dir='ltr'><strong>nou</strong></span> <span class='ocrx_word' id='word_1_94' title='bbox 1149 1472 1348 1516; x_wconf 63' lang='lat' dir='ltr'><strong>natura:</strong></span> <span class='ocrx_word' id='word_1_95' title='bbox 1388 1460 1642 1532; x_wconf 56' lang='lat' dir='ltr'><strong>opus&#39;est</strong></span> <span class='ocrx_word' id='word_1_96' title='bbox 1676 1462 1845 1532; x_wconf 90' lang='lat' dir='ltr'><strong>ipsum</strong></span> <span class='ocrx_word' id='word_1_97' title='bbox 1873 1461 2011 1515; x_wconf 87' lang='lat' dir='ltr'><strong>intra</strong></span> 
     </span>
    </p>
   </div>
   <div class='ocr_carea' id='block_1_14' title="bbox 442 1553 2012 1623">
    <p class='ocr_par' dir='ltr' id='par_1_14' title="bbox 442 1553 2012 1623">
     <span class='ocr_line' id='line_1_14' title="bbox 442 1553 2012 1623; baseline 0 -17"><span class='ocrx_word' id='word_1_98' title='bbox 442 1556 683 1622; x_wconf 87' lang='lat' dir='ltr'><strong>proprios</strong></span> <span class='ocrx_word' id='word_1_99' title='bbox 711 1555 839 1609; x_wconf 78' lang='lat' dir='ltr'><strong>fines</strong></span> <span class='ocrx_word' id='word_1_100' title='bbox 869 1571 1115 1619; x_wconf 88' lang='lat' dir='ltr'><strong>manere,</strong></span> <span class='ocrx_word' id='word_1_101' title='bbox 1157 1554 1249 1609; x_wconf 89' lang='lat' dir='ltr'><strong>sed</strong></span> <span class='ocrx_word' id='word_1_102' title='bbox 1291 1555 1499 1609; x_wconf 87' lang='lat' dir='ltr'><strong>virtutis</strong></span> <span class='ocrx_word' id='word_1_103' title='bbox 1526 1554 1677 1623; x_wconf 85' lang='lat' dir='ltr'><strong>ejus,</strong></span> <span class='ocrx_word' id='word_1_104' title='bbox 1715 1554 1802 1623; x_wconf 90' lang='lat' dir='ltr'><strong>qui</strong></span> <span class='ocrx_word' id='word_1_105' title='bbox 1841 1553 2012 1622; x_wconf 88' lang='lat' dir='ltr'><strong>ipsum</strong></span> 
     </span>
    </p>
   </div>
   <div class='ocr_carea' id='block_1_15' title="bbox 440 1646 2011 1717">
    <p class='ocr_par' dir='ltr' id='par_1_15' title="bbox 440 1646 2011 1717">
     <span class='ocr_line' id='line_1_15' title="bbox 440 1646 2011 1717; baseline 0.001 -20"><span class='ocrx_word' id='word_1_106' title='bbox 440 1647 672 1700; x_wconf 78' lang='lat' dir='ltr'><strong>cohibet.</strong></span> <span class='ocrx_word' id='word_1_107' title='bbox 693 1647 975 1714; x_wconf 79' lang='lat' dir='ltr'><strong>Propterea</strong></span> <span class='ocrx_word' id='word_1_108' title='bbox 999 1646 1139 1699; x_wconf 90' lang='lat' dir='ltr'><strong>enim</strong></span> <span class='ocrx_word' id='word_1_109' title='bbox 1163 1646 1427 1700; x_wconf 79' lang='lat' dir='ltr'><strong>infirmum</strong></span> <span class='ocrx_word' id='word_1_110' title='bbox 1450 1646 1612 1717; x_wconf 79' lang='lat' dir='ltr'><strong>ipsius</strong></span> <span class='ocrx_word' id='word_1_111' title='bbox 1636 1650 1843 1700; x_wconf 89' lang='lat' dir='ltr'><strong>murum</strong></span> <span class='ocrx_word' id='word_1_112' title='bbox 1867 1646 2011 1710; x_wconf 90' lang='lat' dir='ltr'><strong>fecit,</strong></span> 
     </span>
    </p>
   </div>
   <div class='ocr_carea' id='block_1_16' title="bbox 446 1737 2015 1808">
    <p class='ocr_par' dir='ltr' id='par_1_16' title="bbox 446 1737 2015 1808">
     <span class='ocr_line' id='line_1_16' title="bbox 446 1737 2015 1808; baseline -0.001 -17"><span class='ocrx_word' id='word_1_113' title='bbox 446 1756 552 1792; x_wconf 91' lang='lat' dir='ltr'><strong>non</strong></span> <span class='ocrx_word' id='word_1_114' title='bbox 582 1740 742 1808; x_wconf 79' lang='lat' dir='ltr'><strong>ligna,</strong></span> <span class='ocrx_word' id='word_1_115' title='bbox 766 1756 869 1794; x_wconf 91' lang='lat' dir='ltr'><strong>non</strong></span> <span class='ocrx_word' id='word_1_116' title='bbox 897 1740 1116 1808; x_wconf 82' lang='lat' dir='ltr'><strong>lapides,</strong></span> <span class='ocrx_word' id='word_1_117' title='bbox 1149 1755 1251 1793; x_wconf 93' lang='lat' dir='ltr'><strong>non</strong></span> <span class='ocrx_word' id='word_1_118' title='bbox 1282 1749 1489 1794; x_wconf 90' lang='lat' dir='ltr'><strong>montes</strong></span> <span class='ocrx_word' id='word_1_119' title='bbox 1518 1738 1600 1793; x_wconf 90' lang='lat' dir='ltr'><strong>his</strong></span> <span class='ocrx_word' id='word_1_120' title='bbox 1627 1737 1891 1793; x_wconf 89' lang='lat' dir='ltr'><strong>littoribus</strong></span> <span class='ocrx_word' id='word_1_121' title='bbox 1910 1739 2015 1791; x_wconf 91' lang='lat' dir='ltr'><strong>cir-</strong></span> 
     </span>
    </p>
   </div>
   <div class='ocr_carea' id='block_1_17' title="bbox 443 1812 2015 1900">
    <p class='ocr_par' dir='ltr' id='par_1_17' title="bbox 443 1812 2015 1900">
     <span class='ocr_line' id='line_1_17' title="bbox 443 1812 2015 1900; baseline -0.001 -17"><span class='ocrx_word' id='word_1_122' title='bbox 443 1832 775 1900; x_wconf 91' lang='lat' dir='ltr'><strong>cumposuit,</strong></span> <span class='ocrx_word' id='word_1_123' title='bbox 820 1840 878 1885; x_wconf 90' lang='lat' dir='ltr'><strong>ut</strong></span> <span class='ocrx_word' id='word_1_124' title='bbox 910 1846 1014 1885; x_wconf 89' lang='lat' dir='ltr'><strong>non</strong></span> <span class='ocrx_word' id='word_1_125' title='bbox 1052 1831 1132 1885; x_wconf 90' lang='lat' dir='ltr'><strong>his</strong></span> <span class='ocrx_word' id='word_1_126' title='bbox 1156 1831 1477 1885; x_wconf 87' lang='lat' dir='ltr'><strong>elementum</strong></span> <span class='ocrx_word' id='word_1_127' title='bbox 1524 1833 1575 1884; x_wconf 93' lang='lat' dir='ltr'><strong>in</strong></span> <span class='ocrx_word' id='word_1_128' title='bbox 1618 1829 1857 1884; x_wconf 89' lang='lat' dir='ltr'><strong>ordinem</strong></span> <span class='ocrx_word' id='word_1_129' title='bbox 1897 1812 2015 1897; x_wconf 80' lang='lat' dir='ltr'><strong>cogi</strong></span> 
     </span>
    </p>
   </div>
   <div class='ocr_carea' id='block_1_18' title="bbox 447 1920 2017 1992">
    <p class='ocr_par' dir='ltr' id='par_1_18' title="bbox 447 1920 2017 1992">
     <span class='ocr_line' id='line_1_18' title="bbox 447 1920 2017 1992; baseline -0.001 -18"><span class='ocrx_word' id='word_1_130' title='bbox 447 1930 618 1990; x_wconf 85' lang='lat' dir='ltr'><strong>putes.</strong></span> <span class='ocrx_word' id='word_1_131' title='bbox 647 1921 758 1976; x_wconf 85' lang='lat' dir='ltr'><strong>Hoc</strong></span> <span class='ocrx_word' id='word_1_132' title='bbox 785 1922 941 1992; x_wconf 83' lang='lat' dir='ltr'><strong>igitur</strong></span> <span class='ocrx_word' id='word_1_133' title='bbox 977 1932 1031 1977; x_wconf 91' lang='lat' dir='ltr'><strong>et</strong></span> <span class='ocrx_word' id='word_1_134' title='bbox 1069 1922 1179 1991; x_wconf 90' lang='lat' dir='ltr'><strong>ipse</strong></span> <span class='ocrx_word' id='word_1_135' title='bbox 1216 1922 1497 1991; x_wconf 77' lang='lat' dir='ltr'><strong>aliquando</strong></span> <span class='ocrx_word' id='word_1_136' title='bbox 1529 1921 1725 1976; x_wconf 72' lang='lat' dir='ltr'><strong>Judaris</strong></span> <span class='ocrx_word' id='word_1_137' title='bbox 1752 1920 2017 1990; x_wconf 82' lang='lat' dir='ltr'><strong>imprope-</strong></span> 
     </span>
    </p>
   </div>
   <div class='ocr_carea' id='block_1_19' title="bbox 448 2010 2015 2083">
    <p class='ocr_par' dir='ltr' id='par_1_19' title="bbox 448 2010 2015 2083">
     <span class='ocr_line' id='line_1_19' title="bbox 448 2010 2015 2083; baseline -0.004 -16"><span class='ocrx_word' id='word_1_138' title='bbox 448 2027 574 2067; x_wconf 83' lang='lat' dir='ltr'><strong>rans</strong></span> <span class='ocrx_word' id='word_1_139' title='bbox 602 2011 811 2067; x_wconf 84' lang='lat' dir='ltr'><strong>dicebat</strong></span> <span class='ocrx_word' id='word_1_140' title='bbox 834 2030 846 2062; x_wconf 76' lang='grc' dir='ltr'><strong><em>τ</em></strong></span> <span class='ocrx_word' id='word_1_141' title='bbox 870 2012 959 2066; x_wconf 75' lang='lat' dir='ltr'><strong>Me</strong></span> <span class='ocrx_word' id='word_1_142' title='bbox 985 2029 1084 2065; x_wconf 87' lang='lat' dir='ltr'><strong>non</strong></span> <span class='ocrx_word' id='word_1_143' title='bbox 1111 2012 1366 2078; x_wconf 84' lang='lat' dir='ltr'><strong>timebitis,</strong></span> <span class='ocrx_word' id='word_1_144' title='bbox 1406 2013 1491 2083; x_wconf 88' lang='lat' dir='ltr'><strong>qui</strong></span> <span class='ocrx_word' id='word_1_145' title='bbox 1516 2027 1719 2065; x_wconf 82' lang='lat' dir='ltr'><strong>arenam</strong></span> <span class='ocrx_word' id='word_1_146' title='bbox 1757 2010 1887 2063; x_wconf 86' lang='lat' dir='ltr'><strong>mari</strong></span> <span class='ocrx_word' id='word_1_147' title='bbox 1914 2021 2015 2063; x_wconf 84' lang='lat' dir='ltr'><strong>ter-</strong></span> 
     </span>
    </p>
   </div>
   <div class='ocr_carea' id='block_1_20' title="bbox 448 2098 2014 2167">
    <p class='ocr_par' dir='ltr' id='par_1_20' title="bbox 448 2098 2014 2167">
     <span class='ocr_line' id='line_1_20' title="bbox 448 2098 2014 2167; baseline 0.001 -11"><span class='ocrx_word' id='word_1_148' title='bbox 448 2104 639 2157; x_wconf 79' lang='lat' dir='ltr'><strong>minam</strong></span> <span class='ocrx_word' id='word_1_149' title='bbox 669 2100 1096 2166; x_wconf 77' lang='lat' dir='ltr'><strong>constitui,etnon</strong></span> <span class='ocrx_word' id='word_1_150' title='bbox 1113 2098 1423 2154; x_wconf 81' lang='lat' dir='ltr'><strong>transcendet</strong></span> <span class='ocrx_word' id='word_1_151' title='bbox 1447 2098 1572 2167; x_wconf 85' lang='lat' dir='ltr'><strong>(Jer.</strong></span> <span class='ocrx_word' id='word_1_152' title='bbox 1586 2105 1637 2159; x_wconf 83' lang='lat'><strong>5.</strong></span> <span class='ocrx_word' id='word_1_153' title='bbox 1654 2099 1896 2158; x_wconf 66' lang='lat' dir='ltr'><strong>‘22.?Non</strong></span> <span class='ocrx_word' id='word_1_154' title='bbox 1923 2119 2014 2157; x_wconf 89' lang='lat' dir='ltr'><strong>att-</strong></span> 
     </span>
    </p>
   </div>
   <div class='ocr_carea' id='block_1_21' title="bbox 450 2192 2016 2265">
    <p class='ocr_par' dir='ltr' id='par_1_21' title="bbox 450 2192 2016 2265">
     <span class='ocr_line' id='line_1_21' title="bbox 450 2192 2016 2265; baseline 0.002 -18"><span class='ocrx_word' id='word_1_155' title='bbox 450 2202 557 2248; x_wconf 89' lang='lat' dir='ltr'><strong>tetn</strong></span> <span class='ocrx_word' id='word_1_156' title='bbox 576 2193 675 2247; x_wconf 90' lang='lat' dir='ltr'><strong>hoc</strong></span> <span class='ocrx_word' id='word_1_157' title='bbox 690 2203 880 2257; x_wconf 84' lang='lat' dir='ltr'><strong>solum,</strong></span> <span class='ocrx_word' id='word_1_158' title='bbox 906 2208 938 2246; x_wconf 92' lang='grc' dir='ltr'>ο</span> <span class='ocrx_word' id='word_1_159' title='bbox 960 2194 1138 2260; x_wconf 91' lang='lat' dir='ltr'><strong>homo,</strong></span> <span class='ocrx_word' id='word_1_160' title='bbox 1156 2202 1238 2249; x_wconf 90' lang='lat' dir='ltr'><strong>est</strong></span> <span class='ocrx_word' id='word_1_161' title='bbox 1256 2192 1583 2259; x_wconf 83' lang='lat' dir='ltr'><strong>admirabile,</strong></span> <span class='ocrx_word' id='word_1_162' title='bbox 1606 2195 1748 2264; x_wconf 92' lang='lat' dir='ltr'><strong>quod</strong></span> <span class='ocrx_word' id='word_1_163' title='bbox 1770 2210 2016 2265; x_wconf 86' lang='lat' dir='ltr'><strong>magnum</strong></span> 
     </span>
    </p>
   </div>
   <div class='ocr_carea' id='block_1_22' title="bbox 449 2283 2019 2359">
    <p class='ocr_par' dir='ltr' id='par_1_22' title="bbox 449 2283 2019 2359">
     <span class='ocr_line' id='line_1_22' title="bbox 449 2283 2019 2359; baseline 0.001 -21"><span class='ocrx_word' id='word_1_164' title='bbox 449 2294 502 2338; x_wconf 88' lang='lat' dir='ltr'><strong>et</strong></span> <span class='ocrx_word' id='word_1_165' title='bbox 531 2283 823 2338; x_wconf 87' lang='lat' dir='ltr'><strong>mirabilem</strong></span> <span class='ocrx_word' id='word_1_166' title='bbox 850 2284 1031 2339; x_wconf 79' lang='lat' dir='ltr'><strong>fecerit</strong></span> <span class='ocrx_word' id='word_1_167' title='bbox 1080 2283 1219 2339; x_wconf 91' lang='lat' dir='ltr'><strong>hunc</strong></span> <span class='ocrx_word' id='word_1_168' title='bbox 1246 2283 1533 2347; x_wconf 90' lang='lat' dir='ltr'><strong>mundum,</strong></span> <span class='ocrx_word' id='word_1_169' title='bbox 1564 2285 1703 2359; x_wconf 82' lang='lat' dir='ltr'><strong>quod</strong></span> <span class='ocrx_word' id='word_1_170' title='bbox 1733 2300 1891 2355; x_wconf 86' lang='lat' dir='ltr'><strong>supra</strong></span> <span class='ocrx_word' id='word_1_171' title='bbox 1923 2302 2019 2340; x_wconf 85' lang='lat' dir='ltr'><strong>na-</strong></span> 
     </span>
    </p>
   </div>
   <div class='ocr_carea' id='block_1_23' title="bbox 450 2368 2020 2447">
    <p class='ocr_par' dir='ltr' id='par_1_23' title="bbox 450 2368 2020 2447">
     <span class='ocr_line' id='line_1_23' title="bbox 450 2368 2020 2447; baseline 0.004 -20"><span class='ocrx_word' id='word_1_172' title='bbox 450 2387 582 2430; x_wconf 74' lang='lat' dir='ltr'><strong>tura:</strong></span> <span class='ocrx_word' id='word_1_173' title='bbox 623 2378 1053 2447; x_wconf 84' lang='lat' dir='ltr'><strong>consequentiam</strong></span> <span class='ocrx_word' id='word_1_174' title='bbox 1097 2378 1267 2444; x_wconf 87' lang='lat' dir='ltr'><strong>ipsum</strong></span> <span class='ocrx_word' id='word_1_175' title='bbox 1317 2377 1682 2446; x_wconf 82' lang='lat' dir='ltr'><strong>compegerit,</strong></span> <span class='ocrx_word' id='word_1_176' title='bbox 1734 2368 1830 2431; x_wconf 90' lang='lat' dir='ltr'><strong>sed</strong></span> <span class='ocrx_word' id='word_1_177' title='bbox 1878 2378 2020 2447; x_wconf 92' lang='lat' dir='ltr'><strong>quod</strong></span> 
     </span>
    </p>
   </div>
   <div class='ocr_carea' id='block_1_24' title="bbox 448 2467 2020 2539">
    <p class='ocr_par' dir='ltr' id='par_1_24' title="bbox 448 2467 2020 2539">
     <span class='ocr_line' id='line_1_24' title="bbox 448 2467 2020 2539; baseline 0.001 -18"><span class='ocrx_word' id='word_1_178' title='bbox 448 2467 609 2521; x_wconf 87' lang='lat' dir='ltr'><strong>etiam</strong></span> <span class='ocrx_word' id='word_1_179' title='bbox 639 2483 701 2521; x_wconf 82' lang='lat' dir='ltr'><strong>ex</strong></span> <span class='ocrx_word' id='word_1_180' title='bbox 729 2468 1009 2522; x_wconf 87' lang='lat' dir='ltr'><strong>contrariis</strong></span> <span class='ocrx_word' id='word_1_181' title='bbox 1034 2469 1203 2539; x_wconf 87' lang='lat' dir='ltr'><strong>ipsum</strong></span> <span class='ocrx_word' id='word_1_182' title='bbox 1238 2467 1610 2536; x_wconf 88' lang='lat' dir='ltr'><strong>constituerit,</strong></span> <span class='ocrx_word' id='word_1_183' title='bbox 1651 2468 1823 2523; x_wconf 90' lang='lat' dir='ltr'><strong>calido</strong></span> <span class='ocrx_word' id='word_1_184' title='bbox 1846 2478 1899 2523; x_wconf 92' lang='lat' dir='ltr'><strong>et</strong></span> <span class='ocrx_word' id='word_1_185' title='bbox 1924 2469 2020 2523; x_wconf 88' lang='lat' dir='ltr'><strong>fri-</strong></span> 
     </span>
    </p>
   </div>
   <div class='ocr_carea' id='block_1_25' title="bbox 447 2559 2024 2643">
    <p class='ocr_par' dir='ltr' id='par_1_25' title="bbox 447 2559 2024 2643">
     <span class='ocr_line' id='line_1_25' title="bbox 447 2559 2024 2643; baseline 0.003 -30"><span class='ocrx_word' id='word_1_186' title='bbox 447 2561 595 2643; x_wconf 75' lang='lat' dir='ltr'><strong>gido,</strong></span> <span class='ocrx_word' id='word_1_187' title='bbox 619 2559 759 2615; x_wconf 90' lang='lat' dir='ltr'><strong>sicco</strong></span> <span class='ocrx_word' id='word_1_188' title='bbox 785 2571 837 2616; x_wconf 91' lang='lat' dir='ltr'><strong>et</strong></span> <span class='ocrx_word' id='word_1_189' title='bbox 866 2560 1101 2626; x_wconf 87' lang='lat' dir='ltr'><strong>humido,</strong></span> <span class='ocrx_word' id='word_1_190' title='bbox 1131 2562 1248 2631; x_wconf 86' lang='lat' dir='ltr'><strong>igne</strong></span> <span class='ocrx_word' id='word_1_191' title='bbox 1277 2572 1328 2616; x_wconf 91' lang='lat' dir='ltr'><strong>et</strong></span> <span class='ocrx_word' id='word_1_192' title='bbox 1359 2577 1514 2632; x_wconf 87' lang='lat' dir='ltr'><strong>aqua,</strong></span> <span class='ocrx_word' id='word_1_193' title='bbox 1545 2572 1679 2616; x_wconf 88' lang='lat' dir='ltr'><strong>terra</strong></span> <span class='ocrx_word' id='word_1_194' title='bbox 1711 2572 1765 2617; x_wconf 91' lang='lat' dir='ltr'><strong>et</strong></span> <span class='ocrx_word' id='word_1_195' title='bbox 1791 2577 1914 2616; x_wconf 87' lang='lat' dir='ltr'><strong>aere</strong></span> <span class='ocrx_word' id='word_1_196' title='bbox 1934 2579 1947 2620; x_wconf 90' lang='lat'><em>:</em></span> <span class='ocrx_word' id='word_1_197' title='bbox 1971 2570 2024 2617; x_wconf 73' lang='lat' dir='ltr'><strong>et</strong></span> 
     </span>
    </p>
   </div>
   <div class='ocr_carea' id='block_1_26' title="bbox 447 2646 2024 2723">
    <p class='ocr_par' dir='ltr' id='par_1_26' title="bbox 447 2646 2024 2723">
     <span class='ocr_line' id='line_1_26' title="bbox 447 2646 2024 2723; baseline 0.001 -17"><span class='ocrx_word' id='word_1_198' title='bbox 447 2653 713 2706; x_wconf 90' lang='lat' dir='ltr'><strong>contraria</strong></span> <span class='ocrx_word' id='word_1_199' title='bbox 753 2651 867 2706; x_wconf 77' lang='lat' dir='ltr'><strong>hzec</strong></span> <span class='ocrx_word' id='word_1_200' title='bbox 915 2654 1194 2716; x_wconf 88' lang='lat' dir='ltr'><strong>elementa,</strong></span> <span class='ocrx_word' id='word_1_201' title='bbox 1242 2670 1308 2707; x_wconf 78' lang='lat' dir='ltr'><strong>ex</strong></span> <span class='ocrx_word' id='word_1_202' title='bbox 1356 2646 1419 2708; x_wconf 77' lang='lat' dir='ltr'><strong>iis</strong></span> <span class='ocrx_word' id='word_1_203' title='bbox 1462 2652 1655 2723; x_wconf 91' lang='lat' dir='ltr'><strong>quibus</strong></span> <span class='ocrx_word' id='word_1_204' title='bbox 1704 2652 1805 2707; x_wconf 90' lang='lat' dir='ltr'><strong>hoc</strong></span> <span class='ocrx_word' id='word_1_205' title='bbox 1854 2660 2024 2708; x_wconf 90' lang='lat' dir='ltr'><strong>totum</strong></span> 
     </span>
    </p>
   </div>
   <div class='ocr_carea' id='block_1_27' title="bbox 445 2742 2017 2817">
    <p class='ocr_par' dir='ltr' id='par_1_27' title="bbox 445 2742 2017 2817">
     <span class='ocr_line' id='line_1_27' title="bbox 445 2742 2017 2817; baseline 0.003 -22"><span class='ocrx_word' id='word_1_206' title='bbox 445 2742 723 2808; x_wconf 89' lang='lat' dir='ltr'><strong>consistit,</strong></span> <span class='ocrx_word' id='word_1_207' title='bbox 756 2743 894 2797; x_wconf 92' lang='lat' dir='ltr'><strong>inter</strong></span> <span class='ocrx_word' id='word_1_208' title='bbox 921 2759 978 2797; x_wconf 90' lang='lat' dir='ltr'><strong>se</strong></span> <span class='ocrx_word' id='word_1_209' title='bbox 1006 2748 1309 2817; x_wconf 81' lang='lat' dir='ltr'><strong>pugnantia,</strong></span> <span class='ocrx_word' id='word_1_210' title='bbox 1356 2759 1386 2798; x_wconf 90' lang='lat' dir='ltr'><strong>a</strong></span> <span class='ocrx_word' id='word_1_211' title='bbox 1423 2758 1546 2799; x_wconf 88' lang='lat' dir='ltr'><strong>sese</strong></span> <span class='ocrx_word' id='word_1_212' title='bbox 1589 2759 1693 2798; x_wconf 91' lang='lat' dir='ltr'><strong>non</strong></span> <span class='ocrx_word' id='word_1_213' title='bbox 1732 2754 1854 2799; x_wconf 90' lang='lat' dir='ltr'><strong>sunt</strong></span> <span class='ocrx_word' id='word_1_214' title='bbox 1893 2760 2017 2799; x_wconf 87' lang='lat' dir='ltr'><strong>con-</strong></span> 
     </span>
    </p>
   </div>
   <div class='ocr_carea' id='block_1_28' title="bbox 449 2830 2023 2903">
    <p class='ocr_par' dir='ltr' id='par_1_28' title="bbox 449 2830 2023 2903">
     <span class='ocr_line' id='line_1_28' title="bbox 449 2830 2023 2903; baseline 0.003 -18"><span class='ocrx_word' id='word_1_215' title='bbox 449 2840 657 2901; x_wconf 89' lang='lat' dir='ltr'><strong>sumpta</strong></span> <span class='ocrx_word' id='word_1_216' title='bbox 682 2850 695 2886; x_wconf 92' lang='lat'><strong>:</strong></span> <span class='ocrx_word' id='word_1_217' title='bbox 722 2847 825 2887; x_wconf 91' lang='lat' dir='ltr'><strong>non</strong></span> <span class='ocrx_word' id='word_1_218' title='bbox 858 2834 991 2903; x_wconf 87' lang='lat' dir='ltr'><strong>ignis</strong></span> <span class='ocrx_word' id='word_1_219' title='bbox 1016 2830 1319 2901; x_wconf 62' lang='grc' dir='ltr'><strong>ευριπ-νομῆι</strong></span> <span class='ocrx_word' id='word_1_220' title='bbox 1344 2833 1661 2889; x_wconf 64' lang='grc' dir='ltr'><strong>εισδεοοηάἰι</strong></span> <span class='ocrx_word' id='word_1_221' title='bbox 1688 2834 1887 2900; x_wconf 85' lang='lat' dir='ltr'><strong>omnia,</strong></span> <span class='ocrx_word' id='word_1_222' title='bbox 1918 2849 2023 2890; x_wconf 87' lang='lat' dir='ltr'><strong>non</strong></span> 
     </span>
    </p>
   </div>
   <div class='ocr_carea' id='block_1_29' title="bbox 448 2924 2025 2995">
    <p class='ocr_par' dir='ltr' id='par_1_29' title="bbox 448 2924 2025 2995">
     <span class='ocr_line' id='line_1_29' title="bbox 448 2924 2025 2995; baseline 0.003 -19"><span class='ocrx_word' id='word_1_223' title='bbox 448 2938 587 2992; x_wconf 86' lang='lat' dir='ltr'><strong>aqua</strong></span> <span class='ocrx_word' id='word_1_224' title='bbox 616 2926 995 2993; x_wconf 71' lang='lat' dir='ltr'><strong>superveniens</strong></span> <span class='ocrx_word' id='word_1_225' title='bbox 1035 2925 1219 2979; x_wconf 91' lang='lat' dir='ltr'><strong>orbem</strong></span> <span class='ocrx_word' id='word_1_226' title='bbox 1244 2926 1548 2981; x_wconf 90' lang='lat' dir='ltr'><strong>submersit.</strong></span> <span class='ocrx_word' id='word_1_227' title='bbox 1576 2924 1681 2980; x_wconf 88' lang='lat' dir='ltr'><strong>Sed</strong></span> <span class='ocrx_word' id='word_1_228' title='bbox 1707 2925 1758 2979; x_wconf 91' lang='lat' dir='ltr'><strong>in</strong></span> <span class='ocrx_word' id='word_1_229' title='bbox 1786 2925 2025 2995; x_wconf 86' lang='lat' dir='ltr'><strong>corpori-</strong></span> 
     </span>
    </p>
   </div>
   <div class='ocr_carea' id='block_1_30' title="bbox 452 3016 2025 3085">
    <p class='ocr_par' dir='ltr' id='par_1_30' title="bbox 452 3016 2025 3085">
     <span class='ocr_line' id='line_1_30' title="bbox 452 3016 2025 3085; baseline 0 -14"><span class='ocrx_word' id='word_1_230' title='bbox 452 3016 552 3071; x_wconf 88' lang='lat' dir='ltr'><strong>bus</strong></span> <span class='ocrx_word' id='word_1_231' title='bbox 571 3017 786 3085; x_wconf 87' lang='lat' dir='ltr'><strong>quidem</strong></span> <span class='ocrx_word' id='word_1_232' title='bbox 815 3018 1011 3072; x_wconf 90' lang='lat' dir='ltr'><strong>nostris</strong></span> <span class='ocrx_word' id='word_1_233' title='bbox 1032 3017 1147 3072; x_wconf 80' lang='lat' dir='ltr'><strong>b:ec</strong></span> <span class='ocrx_word' id='word_1_234' title='bbox 1170 3019 1318 3083; x_wconf 83' lang='lat' dir='ltr'><strong>fiunt,</strong></span> <span class='ocrx_word' id='word_1_235' title='bbox 1349 3026 1403 3072; x_wconf 90' lang='lat' dir='ltr'><strong>et</strong></span> <span class='ocrx_word' id='word_1_236' title='bbox 1424 3017 1531 3074; x_wconf 84' lang='lat' dir='ltr'><strong>bile</strong></span> <span class='ocrx_word' id='word_1_237' title='bbox 1551 3026 1825 3073; x_wconf 89' lang='lat' dir='ltr'><strong>crescente</strong></span> <span class='ocrx_word' id='word_1_238' title='bbox 1851 3018 2025 3073; x_wconf 85' lang='lat' dir='ltr'><strong>nasci-</strong></span> 
     </span>
    </p>
   </div>
   <div class='ocr_carea' id='block_1_31' title="bbox 453 3107 2026 3183">
    <p class='ocr_par' dir='ltr' id='par_1_31' title="bbox 453 3107 2026 3183">
     <span class='ocr_line' id='line_1_31' title="bbox 453 3107 2026 3183; baseline 0.001 -22"><span class='ocrx_word' id='word_1_239' title='bbox 453 3118 539 3162; x_wconf 91' lang='lat' dir='ltr'><strong>tur</strong></span> <span class='ocrx_word' id='word_1_240' title='bbox 576 3107 768 3175; x_wconf 79' lang='lat' dir='ltr'><strong>febris,</strong></span> <span class='ocrx_word' id='word_1_241' title='bbox 799 3120 853 3163; x_wconf 91' lang='lat' dir='ltr'><strong>et</strong></span> <span class='ocrx_word' id='word_1_242' title='bbox 883 3118 1048 3163; x_wconf 92' lang='lat' dir='ltr'><strong>totum</strong></span> <span class='ocrx_word' id='word_1_243' title='bbox 1075 3109 1269 3164; x_wconf 88' lang='lat' dir='ltr'><strong>animal</strong></span> <span class='ocrx_word' id='word_1_244' title='bbox 1306 3108 1447 3165; x_wconf 72' lang='lat' dir='ltr'><strong>lmdit</strong></span> <span class='ocrx_word' id='word_1_245' title='bbox 1472 3127 1487 3165; x_wconf 88' lang='lat'><strong>:</strong></span> <span class='ocrx_word' id='word_1_246' title='bbox 1509 3118 1564 3165; x_wconf 89' lang='lat' dir='ltr'><strong>et</strong></span> <span class='ocrx_word' id='word_1_247' title='bbox 1593 3108 1775 3179; x_wconf 89' lang='lat' dir='ltr'><strong>pituita</strong></span> <span class='ocrx_word' id='word_1_248' title='bbox 1806 3123 2026 3183; x_wconf 82' lang='lat' dir='ltr'><strong>supera-</strong></span> 
     </span>
    </p>
   </div>
   <div class='ocr_carea' id='block_1_32' title="bbox 451 3184 2029 3275">
    <p class='ocr_par' dir='ltr' id='par_1_32' title="bbox 451 3184 2029 3275">
     <span class='ocr_line' id='line_1_32' title="bbox 451 3184 2029 3275; baseline 0.001 -22"><span class='ocrx_word' id='word_1_249' title='bbox 451 3198 723 3254; x_wconf 91' lang='lat' dir='ltr'><strong>bundante</strong></span> <span class='ocrx_word' id='word_1_250' title='bbox 752 3199 963 3269; x_wconf 90' lang='lat' dir='ltr'><strong>plurimi</strong></span> <span class='ocrx_word' id='word_1_251' title='bbox 1010 3208 1297 3275; x_wconf 88' lang='lat' dir='ltr'><strong>nascuntur</strong></span> <span class='ocrx_word' id='word_1_252' title='bbox 1324 3184 1532 3265; x_wconf 88' lang='lat' dir='ltr'><strong>morbi,</strong></span> <span class='ocrx_word' id='word_1_253' title='bbox 1578 3207 1634 3254; x_wconf 86' lang='lat' dir='ltr'><strong>et</strong></span> <span class='ocrx_word' id='word_1_254' title='bbox 1673 3194 1882 3254; x_wconf 86' lang='lat' dir='ltr'><strong>animal</strong></span> <span class='ocrx_word' id='word_1_255' title='bbox 1908 3213 2029 3254; x_wconf 90' lang='lat' dir='ltr'><strong>cor-</strong></span> 
     </span>
    </p>
   </div>
   <div class='ocr_carea' id='block_1_33' title="bbox 453 3291 2024 3361">
    <p class='ocr_par' dir='ltr' id='par_1_33' title="bbox 453 3291 2024 3361">
     <span class='ocr_line' id='line_1_33' title="bbox 453 3291 2024 3361; baseline 0.002 -16"><span class='ocrx_word' id='word_1_256' title='bbox 453 3300 727 3361; x_wconf 90' lang='lat' dir='ltr'><strong>rumpunt.</strong></span> <span class='ocrx_word' id='word_1_257' title='bbox 757 3291 814 3346; x_wconf 86' lang='lat' dir='ltr'><strong>lu</strong></span> <span class='ocrx_word' id='word_1_258' title='bbox 836 3292 939 3348; x_wconf 90' lang='lat' dir='ltr'><strong>hoc</strong></span> <span class='ocrx_word' id='word_1_259' title='bbox 963 3300 1141 3348; x_wconf 88' lang='lat' dir='ltr'><strong>autem</strong></span> <span class='ocrx_word' id='word_1_260' title='bbox 1171 3294 1416 3347; x_wconf 92' lang='lat' dir='ltr'><strong>universo</strong></span> <span class='ocrx_word' id='word_1_261' title='bbox 1439 3292 1569 3347; x_wconf 89' lang='lat' dir='ltr'><strong>nihil</strong></span> <span class='ocrx_word' id='word_1_262' title='bbox 1597 3292 1786 3347; x_wconf 91' lang='lat' dir='ltr'><strong>horum</strong></span> <span class='ocrx_word' id='word_1_263' title='bbox 1812 3291 2024 3357; x_wconf 88' lang='lat' dir='ltr'><strong>accidit,</strong></span> 
     </span>
    </p>
   </div>
   <div class='ocr_carea' id='block_1_34' title="bbox 454 3382 2031 3455">
    <p class='ocr_par' dir='ltr' id='par_1_34' title="bbox 454 3382 2031 3455">
     <span class='ocr_line' id='line_1_34' title="bbox 454 3382 2031 3455; baseline 0.003 -19"><span class='ocrx_word' id='word_1_264' title='bbox 454 3382 548 3437; x_wconf 88' lang='lat' dir='ltr'><strong>sed</strong></span> <span class='ocrx_word' id='word_1_265' title='bbox 571 3382 980 3454; x_wconf 87' lang='lat' dir='ltr'><strong>unumquodque</strong></span> <span class='ocrx_word' id='word_1_266' title='bbox 1006 3392 1185 3438; x_wconf 93' lang='lat' dir='ltr'><strong>manet</strong></span> <span class='ocrx_word' id='word_1_267' title='bbox 1202 3425 1217 3447; x_wconf 84' lang='lat'><strong><em>.</em></strong></span> <span class='ocrx_word' id='word_1_268' title='bbox 1247 3393 1511 3453; x_wconf 86' lang='lat' dir='ltr'><strong>tamquam</strong></span> <span class='ocrx_word' id='word_1_269' title='bbox 1541 3383 1768 3455; x_wconf 90' lang='lat' dir='ltr'><strong>quodam</strong></span> <span class='ocrx_word' id='word_1_270' title='bbox 1798 3383 1948 3439; x_wconf 92' lang='lat' dir='ltr'><strong>freno</strong></span> <span class='ocrx_word' id='word_1_271' title='bbox 1974 3391 2031 3440; x_wconf 83' lang='lat' dir='ltr'><strong>et</strong></span> 
     </span>
    </p>
   </div>
   <div class='ocr_carea' id='block_1_35' title="bbox 454 3473 2027 3549">
    <p class='ocr_par' dir='ltr' id='par_1_35' title="bbox 454 3473 2027 3549">
     <span class='ocr_line' id='line_1_35' title="bbox 454 3473 2027 3549; baseline 0.005 -25"><span class='ocrx_word' id='word_1_272' title='bbox 454 3474 687 3539; x_wconf 84' lang='lat' dir='ltr'><strong>vinculo,</strong></span> <span class='ocrx_word' id='word_1_273' title='bbox 714 3473 1017 3529; x_wconf 82' lang='lat' dir='ltr'><strong>Conditoris</strong></span> <span class='ocrx_word' id='word_1_274' title='bbox 1035 3475 1305 3549; x_wconf 86' lang='lat' dir='ltr'><strong>voluntate</strong></span> <span class='ocrx_word' id='word_1_275' title='bbox 1327 3476 1569 3546; x_wconf 90' lang='lat' dir='ltr'><strong>proprios</strong></span> <span class='ocrx_word' id='word_1_276' title='bbox 1589 3476 1892 3535; x_wconf 84' lang='lat' dir='ltr'><strong>custodiens</strong></span> <span class='ocrx_word' id='word_1_277' title='bbox 1918 3485 2027 3532; x_wconf 90' lang='lat' dir='ltr'><strong>ter-</strong></span> 
     </span>
    </p>
   </div>
   <div class='ocr_carea' id='block_1_36' title="bbox 456 3548 2027 3637">
    <p class='ocr_par' dir='ltr' id='par_1_36' title="bbox 456 3548 2027 3637">
     <span class='ocr_line' id='line_1_36' title="bbox 456 3548 2027 3637; baseline 0.003 -21"><span class='ocrx_word' id='word_1_278' title='bbox 456 3564 659 3626; x_wconf 89' lang='lat' dir='ltr'><strong>minos.</strong></span> <span class='ocrx_word' id='word_1_279' title='bbox 700 3573 755 3619; x_wconf 91' lang='lat' dir='ltr'><strong>et</strong></span> <span class='ocrx_word' id='word_1_280' title='bbox 782 3565 969 3619; x_wconf 91' lang='lat' dir='ltr'><strong>horum</strong></span> <span class='ocrx_word' id='word_1_281' title='bbox 996 3581 1170 3637; x_wconf 73' lang='lat' dir='ltr'><strong>pugna</strong></span> <span class='ocrx_word' id='word_1_282' title='bbox 1214 3566 1413 3620; x_wconf 89' lang='lat' dir='ltr'><strong>mundo</strong></span> <span class='ocrx_word' id='word_1_283' title='bbox 1439 3568 1530 3622; x_wconf 90' lang='lat' dir='ltr'><strong>toti</strong></span> <span class='ocrx_word' id='word_1_284' title='bbox 1569 3548 1714 3635; x_wconf 84' lang='lat' dir='ltr'><strong>pacis</strong></span> <span class='ocrx_word' id='word_1_285' title='bbox 1754 3566 1812 3621; x_wconf 86' lang='lat' dir='ltr'><strong>fit</strong></span> <span class='ocrx_word' id='word_1_286' title='bbox 1847 3581 2027 3622; x_wconf 89' lang='lat' dir='ltr'><strong>causa.</strong></span> 
     </span>
    </p>
   </div>
   <div class='ocr_carea' id='block_1_37' title="bbox 456 3655 2030 3729">
    <p class='ocr_par' dir='ltr' id='par_1_37' title="bbox 456 3655 2030 3729">
     <span class='ocr_line' id='line_1_37' title="bbox 456 3655 2030 3729; baseline 0.004 -22"><span class='ocrx_word' id='word_1_287' title='bbox 456 3656 648 3709; x_wconf 79' lang='lat' dir='ltr'><strong>Annon</strong></span> <span class='ocrx_word' id='word_1_288' title='bbox 678 3655 788 3711; x_wconf 66' lang='lat' dir='ltr'><strong>haec</strong></span> <span class='ocrx_word' id='word_1_289' title='bbox 814 3666 867 3711; x_wconf 89' lang='lat' dir='ltr'><strong>et</strong></span> <span class='ocrx_word' id='word_1_290' title='bbox 886 3672 1029 3712; x_wconf 64' lang='grc' dir='ltr'>επιξοο</span> <span class='ocrx_word' id='word_1_291' title='bbox 1056 3666 1174 3711; x_wconf 88' lang='lat' dir='ltr'><strong>sunt</strong></span> <span class='ocrx_word' id='word_1_292' title='bbox 1208 3657 1484 3713; x_wconf 89' lang='lat' dir='ltr'><strong>manifesta</strong></span> <span class='ocrx_word' id='word_1_293' title='bbox 1505 3700 1520 3723; x_wconf 92' lang='lat'><strong>,</strong></span> <span class='ocrx_word' id='word_1_294' title='bbox 1548 3668 1602 3714; x_wconf 92' lang='lat' dir='ltr'><strong>et</strong></span> <span class='ocrx_word' id='word_1_295' title='bbox 1641 3659 1795 3714; x_wconf 82' lang='lat' dir='ltr'><strong>valde</strong></span> <span class='ocrx_word' id='word_1_296' title='bbox 1832 3660 2030 3729; x_wconf 86' lang='lat' dir='ltr'><strong>impru-</strong></span> 
     </span>
    </p>
   </div>
   <div class='ocr_carea' id='block_1_38' title="bbox 457 3745 2030 3819">
    <p class='ocr_par' dir='ltr' id='par_1_38' title="bbox 457 3745 2030 3819">
     <span class='ocr_line' id='line_1_38' title="bbox 457 3745 2030 3819; baseline 0.003 -22"><span class='ocrx_word' id='word_1_297' title='bbox 457 3745 702 3800; x_wconf 89' lang='lat' dir='ltr'><strong>dentibus</strong></span> <span class='ocrx_word' id='word_1_298' title='bbox 728 3746 1088 3816; x_wconf 83' lang='lat' dir='ltr'><strong>intelligibilia,</strong></span> <span class='ocrx_word' id='word_1_299' title='bbox 1112 3748 1250 3817; x_wconf 90' lang='lat' dir='ltr'><strong>quod</strong></span> <span class='ocrx_word' id='word_1_300' title='bbox 1277 3747 1600 3816; x_wconf 88' lang='lat' dir='ltr'><strong>providentia</strong></span> <span class='ocrx_word' id='word_1_301' title='bbox 1622 3749 1871 3819; x_wconf 90' lang='lat' dir='ltr'><strong>quapiam</strong></span> <span class='ocrx_word' id='word_1_302' title='bbox 1894 3748 2030 3803; x_wconf 90' lang='lat' dir='ltr'><strong>facta</strong></span> 
     </span>
    </p>
   </div>
   <div class='ocr_carea' id='block_1_39' title="bbox 460 3840 2033 3907">
    <p class='ocr_par' dir='ltr' id='par_1_39' title="bbox 460 3840 2033 3907">
     <span class='ocr_line' id='line_1_39' title="bbox 460 3840 2033 3907; baseline 0.003 -14"><span class='ocrx_word' id='word_1_303' title='bbox 460 3840 566 3893; x_wconf 90' lang='lat' dir='ltr'><strong>sint</strong></span> <span class='ocrx_word' id='word_1_304' title='bbox 610 3849 663 3894; x_wconf 92' lang='lat' dir='ltr'><strong>et</strong></span> <span class='ocrx_word' id='word_1_305' title='bbox 703 3840 1109 3895; x_wconf 85' lang='lat' dir='ltr'><strong>contineantur?</strong></span> <span class='ocrx_word' id='word_1_306' title='bbox 1145 3841 1275 3907; x_wconf 88' lang='lat' dir='ltr'><strong>Quis</strong></span> <span class='ocrx_word' id='word_1_307' title='bbox 1307 3842 1448 3897; x_wconf 90' lang='lat' dir='ltr'><strong>enim</strong></span> <span class='ocrx_word' id='word_1_308' title='bbox 1487 3850 1595 3896; x_wconf 91' lang='lat' dir='ltr'><strong>tam</strong></span> <span class='ocrx_word' id='word_1_309' title='bbox 1624 3842 1815 3897; x_wconf 90' lang='lat' dir='ltr'><strong>stultus</strong></span> <span class='ocrx_word' id='word_1_310' title='bbox 1856 3851 1939 3897; x_wconf 88' lang='lat' dir='ltr'><strong>est</strong></span> <span class='ocrx_word' id='word_1_311' title='bbox 1977 3850 2033 3898; x_wconf 90' lang='lat' dir='ltr'><strong>et</strong></span> 
     </span>
    </p>
   </div>
   <div class='ocr_carea' id='block_1_40' title="bbox 458 3930 2032 4001">
    <p class='ocr_par' dir='ltr' id='par_1_40' title="bbox 458 3930 2032 4001">
     <span class='ocr_line' id='line_1_40' title="bbox 458 3930 2032 4001; baseline 0.002 -17"><span class='ocrx_word' id='word_1_312' title='bbox 458 3930 737 3999; x_wconf 88' lang='lat' dir='ltr'><strong>stupidus,</strong></span> <span class='ocrx_word' id='word_1_313' title='bbox 783 3931 873 4001; x_wconf 90' lang='lat' dir='ltr'><strong>qui</strong></span> <span class='ocrx_word' id='word_1_314' title='bbox 911 3940 1109 3986; x_wconf 89' lang='lat' dir='ltr'><strong>tantam</strong></span> <span class='ocrx_word' id='word_1_315' title='bbox 1150 3933 1339 3987; x_wconf 90' lang='lat' dir='ltr'><strong>molem</strong></span> <span class='ocrx_word' id='word_1_316' title='bbox 1370 3947 1629 3999; x_wconf 86' lang='lat' dir='ltr'><strong>cernens,</strong></span> <span class='ocrx_word' id='word_1_317' title='bbox 1672 3933 2032 4001; x_wconf 60' lang='lat' dir='ltr'><strong>tantam‘pul-</strong></span> 
     </span>
    </p>
   </div>
   <div class='ocr_carea' id='block_1_41' title="bbox 460 4019 2035 4092">
    <p class='ocr_par' dir='ltr' id='par_1_41' title="bbox 460 4019 2035 4092">
     <span class='ocr_line' id='line_1_41' title="bbox 460 4019 2035 4092; baseline 0.002 -18"><span class='ocrx_word' id='word_1_318' title='bbox 460 4019 815 4075; x_wconf 88' lang='lat' dir='ltr'><strong>chritudinem</strong></span> <span class='ocrx_word' id='word_1_319' title='bbox 840 4063 856 4087; x_wconf 93' lang='lat'><strong>,</strong></span> <span class='ocrx_word' id='word_1_320' title='bbox 905 4031 1101 4077; x_wconf 86' lang='lat' dir='ltr'><strong>tantam</strong></span> <span class='ocrx_word' id='word_1_321' title='bbox 1124 4023 1564 4092; x_wconf 88' lang='lat' dir='ltr'><strong>compositionem</strong></span> <span class='ocrx_word' id='word_1_322' title='bbox 1587 4063 1602 4089; x_wconf 93' lang='lat'><strong>,</strong></span> <span class='ocrx_word' id='word_1_323' title='bbox 1648 4022 1830 4077; x_wconf 89' lang='lat' dir='ltr'><strong>talium</strong></span> <span class='ocrx_word' id='word_1_324' title='bbox 1863 4022 2035 4077; x_wconf 84' lang='lat' dir='ltr'><strong>conti-</strong></span> 
     </span>
    </p>
   </div>
   <div class='ocr_carea' id='block_1_42' title="bbox 463 4111 2035 4182">
    <p class='ocr_par' dir='ltr' id='par_1_42' title="bbox 463 4111 2035 4182">
     <span class='ocr_line' id='line_1_42' title="bbox 463 4111 2035 4182; baseline 0.003 -19"><span class='ocrx_word' id='word_1_325' title='bbox 463 4126 621 4164; x_wconf 89' lang='lat' dir='ltr'><strong>nuam</strong></span> <span class='ocrx_word' id='word_1_326' title='bbox 668 4111 1053 4168; x_wconf 87' lang='lat' dir='ltr'><strong>elementorum</strong></span> <span class='ocrx_word' id='word_1_327' title='bbox 1103 4126 1328 4182; x_wconf 76' lang='lat' dir='ltr'><strong>pugnant</strong></span> <span class='ocrx_word' id='word_1_328' title='bbox 1379 4121 1433 4168; x_wconf 88' lang='lat' dir='ltr'><strong>et</strong></span> <span class='ocrx_word' id='word_1_329' title='bbox 1482 4113 1932 4179; x_wconf 88' lang='lat' dir='ltr'><strong>contrarietatem,</strong></span> <span class='ocrx_word' id='word_1_330' title='bbox 1980 4122 2035 4168; x_wconf 87' lang='lat' dir='ltr'><strong>et</strong></span> 
     </span>
    </p>
   </div>
   <div class='ocr_carea' id='block_1_43' title="bbox 465 4203 2036 4271">
    <p class='ocr_par' dir='ltr' id='par_1_43' title="bbox 465 4203 2036 4271">
     <span class='ocr_line' id='line_1_43' title="bbox 465 4203 2036 4271; baseline 0.005 -18"><span class='ocrx_word' id='word_1_331' title='bbox 465 4203 913 4268; x_wconf 88' lang='lat' dir='ltr'><strong>perseverantiam</strong></span> <span class='ocrx_word' id='word_1_332' title='bbox 937 4244 952 4268; x_wconf 91' lang='lat'><strong>,</strong></span> <span class='ocrx_word' id='word_1_333' title='bbox 996 4217 1100 4256; x_wconf 90' lang='lat' dir='ltr'><strong>non</strong></span> <span class='ocrx_word' id='word_1_334' title='bbox 1139 4204 1273 4256; x_wconf 89' lang='lat' dir='ltr'><strong>intra</strong></span> <span class='ocrx_word' id='word_1_335' title='bbox 1312 4204 1542 4271; x_wconf 89' lang='lat' dir='ltr'><strong>seipsum</strong></span> <span class='ocrx_word' id='word_1_336' title='bbox 1570 4204 1946 4270; x_wconf 90' lang='lat' dir='ltr'><strong>ratiocinetur,</strong></span> <span class='ocrx_word' id='word_1_337' title='bbox 1981 4214 2036 4261; x_wconf 91' lang='lat' dir='ltr'><strong>et</strong></span> 
     </span>
    </p>
   </div>
   <div class='ocr_carea' id='block_1_44' title="bbox 462 4291 2036 4363">
    <p class='ocr_par' dir='ltr' id='par_1_44' title="bbox 462 4291 2036 4363">
     <span class='ocr_line' id='line_1_44' title="bbox 462 4291 2036 4363; baseline 0.003 -19"><span class='ocrx_word' id='word_1_338' title='bbox 462 4291 639 4344; x_wconf 89' lang='lat' dir='ltr'><strong>dicat:</strong></span> <span class='ocrx_word' id='word_1_339' title='bbox 664 4291 770 4346; x_wconf 86' lang='lat' dir='ltr'><strong>Nisi</strong></span> <span class='ocrx_word' id='word_1_340' title='bbox 800 4292 1128 4361; x_wconf 88' lang='lat' dir='ltr'><strong>providentia</strong></span> <span class='ocrx_word' id='word_1_341' title='bbox 1157 4292 1399 4363; x_wconf 63' lang='lat' dir='ltr'><strong>quaedam</strong></span> <span class='ocrx_word' id='word_1_342' title='bbox 1443 4301 1587 4348; x_wconf 83' lang='lat' dir='ltr'><strong>esset</strong></span> <span class='ocrx_word' id='word_1_343' title='bbox 1613 4308 1895 4363; x_wconf 92' lang='lat' dir='ltr'><strong>corporum</strong></span> <span class='ocrx_word' id='word_1_344' title='bbox 1923 4309 2036 4348; x_wconf 88' lang='lat' dir='ltr'><strong>ma-</strong></span> 
     </span>
    </p>
   </div>
   <div class='ocr_carea' id='block_1_45' title="bbox 463 4382 2035 4451">
    <p class='ocr_par' dir='ltr' id='par_1_45' title="bbox 463 4382 2035 4451">
     <span class='ocr_line' id='line_1_45' title="bbox 463 4382 2035 4451; baseline 0.002 -17"><span class='ocrx_word' id='word_1_345' title='bbox 463 4382 790 4450; x_wconf 82' lang='lat' dir='ltr'><strong>gnitudinem</strong></span> <span class='ocrx_word' id='word_1_346' title='bbox 822 4383 1099 4446; x_wconf 86' lang='lat' dir='ltr'><strong>cohibens,</strong></span> <span class='ocrx_word' id='word_1_347' title='bbox 1131 4398 1229 4438; x_wconf 90' lang='lat' dir='ltr'><strong>nec</strong></span> <span class='ocrx_word' id='word_1_348' title='bbox 1255 4382 1563 4451; x_wconf 88' lang='lat' dir='ltr'><strong>permittens</strong></span> <span class='ocrx_word' id='word_1_349' title='bbox 1588 4391 1754 4436; x_wconf 89' lang='lat' dir='ltr'><strong>tottun</strong></span> <span class='ocrx_word' id='word_1_350' title='bbox 1782 4382 2035 4450; x_wconf 88' lang='lat' dir='ltr'><strong>dissilire,</strong></span> 
     </span>
    </p>
   </div>
   <div class='ocr_carea' id='block_1_46' title="bbox 466 4473 2039 4544">
    <p class='ocr_par' dir='ltr' id='par_1_46' title="bbox 466 4473 2039 4544">
     <span class='ocr_line' id='line_1_46' title="bbox 466 4473 2039 4544; baseline 0 -17"><span class='ocrx_word' id='word_1_351' title='bbox 466 4489 565 4528; x_wconf 87' lang='lat' dir='ltr'><strong>nec</strong></span> <span class='ocrx_word' id='word_1_352' title='bbox 601 4488 946 4544; x_wconf 89' lang='lat' dir='ltr'><strong>permanere,</strong></span> <span class='ocrx_word' id='word_1_353' title='bbox 993 4488 1091 4528; x_wconf 91' lang='lat' dir='ltr'><strong>nec</strong></span> <span class='ocrx_word' id='word_1_354' title='bbox 1121 4473 1314 4529; x_wconf 90' lang='lat' dir='ltr'><strong>durare</strong></span> <span class='ocrx_word' id='word_1_355' title='bbox 1352 4474 1639 4542; x_wconf 81' lang='lat' dir='ltr'><strong>potuisset?</strong></span> <span class='ocrx_word' id='word_1_356' title='bbox 1678 4473 1874 4527; x_wconf 84' lang='lat' dir='ltr'><strong>Tantus</strong></span> <span class='ocrx_word' id='word_1_357' title='bbox 1912 4474 2039 4528; x_wconf 89' lang='lat' dir='ltr'><strong>anni</strong></span> 
     </span>
    </p>
   </div>
   <div class='ocr_carea' id='block_1_47' title="bbox 466 4562 2036 4633">
    <p class='ocr_par' dir='ltr' id='par_1_47' title="bbox 466 4562 2036 4633">
     <span class='ocr_line' id='line_1_47' title="bbox 466 4562 2036 4633; baseline -0.003 -13"><span class='ocrx_word' id='word_1_358' title='bbox 466 4575 839 4633; x_wconf 91' lang='lat' dir='ltr'><strong>tempestatum</strong></span> <span class='ocrx_word' id='word_1_359' title='bbox 871 4564 1034 4629; x_wconf 91' lang='lat' dir='ltr'><strong>ordo,</strong></span> <span class='ocrx_word' id='word_1_360' title='bbox 1067 4573 1209 4619; x_wconf 87' lang='lat' dir='ltr'><strong>tanta</strong></span> <span class='ocrx_word' id='word_1_361' title='bbox 1241 4564 1411 4618; x_wconf 90' lang='lat' dir='ltr'><strong>noctis</strong></span> <span class='ocrx_word' id='word_1_362' title='bbox 1432 4572 1486 4619; x_wconf 91' lang='lat' dir='ltr'><strong>et</strong></span> <span class='ocrx_word' id='word_1_363' title='bbox 1508 4563 1611 4619; x_wconf 91' lang='lat' dir='ltr'><strong>diei</strong></span> <span class='ocrx_word' id='word_1_364' title='bbox 1637 4562 2036 4628; x_wconf 88' lang='lat' dir='ltr'><strong>convenientia,</strong></span> 
     </span>
    </p>
   </div>
   <div class='ocr_carea' id='block_1_48' title="bbox 449 4654 2040 4726">
    <p class='ocr_par' dir='ltr' id='par_1_48' title="bbox 449 4654 2040 4726">
     <span class='ocr_line' id='line_1_48' title="bbox 449 4654 2040 4726; baseline -0.001 -17"><span class='ocrx_word' id='word_1_365' title='bbox 449 4669 526 4711; x_wconf 85' lang='lat' dir='ltr'><strong>tot</strong></span> <span class='ocrx_word' id='word_1_366' title='bbox 575 4656 956 4711; x_wconf 90' lang='lat' dir='ltr'><strong>irrationalium</strong></span> <span class='ocrx_word' id='word_1_367' title='bbox 992 4671 1185 4726; x_wconf 80' lang='lat' dir='ltr'><strong>genera</strong></span> <span class='ocrx_word' id='word_1_368' title='bbox 1225 4655 1530 4710; x_wconf 89' lang='lat' dir='ltr'><strong>animalium</strong></span> <span class='ocrx_word' id='word_1_369' title='bbox 1551 4694 1567 4722; x_wconf 92' lang='lat'><strong>,</strong></span> <span class='ocrx_word' id='word_1_370' title='bbox 1596 4654 1890 4724; x_wconf 86' lang='lat' dir='ltr'><strong>plantarum</strong></span> <span class='ocrx_word' id='word_1_371' title='bbox 1912 4694 1928 4721; x_wconf 92' lang='lat'><strong>,</strong></span> <span class='ocrx_word' id='word_1_372' title='bbox 1955 4667 2040 4707; x_wconf 84' lang='lat' dir='ltr'><strong>se-</strong></span> 
     </span>
    </p>
   </div>
   <div class='ocr_carea' id='block_1_49' title="bbox 449 4744 2040 4812">
    <p class='ocr_par' dir='ltr' id='par_1_49' title="bbox 449 4744 2040 4812">
     <span class='ocr_line' id='line_1_49' title="bbox 449 4744 2040 4812; baseline 0 -13"><span class='ocrx_word' id='word_1_373' title='bbox 449 4748 557 4800; x_wconf 89' lang='lat' dir='ltr'><strong>min</strong></span> <span class='ocrx_word' id='word_1_374' title='bbox 582 4763 669 4801; x_wconf 92' lang='lat' dir='ltr'><strong>um</strong></span> <span class='ocrx_word' id='word_1_375' title='bbox 705 4756 758 4802; x_wconf 91' lang='lat' dir='ltr'><strong>et</strong></span> <span class='ocrx_word' id='word_1_376' title='bbox 790 4747 1073 4801; x_wconf 89' lang='lat' dir='ltr'><strong>herbarum</strong></span> <span class='ocrx_word' id='word_1_377' title='bbox 1105 4755 1346 4802; x_wconf 89' lang='lat' dir='ltr'><strong>tenorem</strong></span> <span class='ocrx_word' id='word_1_378' title='bbox 1372 4761 1525 4801; x_wconf 91' lang='lat' dir='ltr'><strong>suum</strong></span> <span class='ocrx_word' id='word_1_379' title='bbox 1556 4753 1803 4812; x_wconf 86' lang='lat' dir='ltr'><strong>servant,</strong></span> <span class='ocrx_word' id='word_1_380' title='bbox 1830 4752 1883 4800; x_wconf 92' lang='lat' dir='ltr'><strong>et</strong></span> <span class='ocrx_word' id='word_1_381' title='bbox 1907 4744 2040 4799; x_wconf 86' lang='lat' dir='ltr'><strong>nihil</strong></span> 
     </span>
    </p>
   </div>
   <div class='ocr_carea' id='block_1_50' title="bbox 449 4836 2043 4909">
    <p class='ocr_par' dir='ltr' id='par_1_50' title="bbox 449 4836 2043 4909">
     <span class='ocr_line' id='line_1_50' title="bbox 449 4836 2043 4909; baseline 0.001 -18"><span class='ocrx_word' id='word_1_382' title='bbox 449 4841 501 4891; x_wconf 85' lang='lat' dir='ltr'><strong>in</strong></span> <span class='ocrx_word' id='word_1_383' title='bbox 552 4847 869 4909; x_wconf 74' lang='lat' dir='ltr'><strong>praesentem</strong></span> <span class='ocrx_word' id='word_1_384' title='bbox 907 4839 1049 4894; x_wconf 90' lang='lat' dir='ltr'><strong>diem</strong></span> <span class='ocrx_word' id='word_1_385' title='bbox 1094 4854 1264 4909; x_wconf 87' lang='lat' dir='ltr'><strong>neque</strong></span> <span class='ocrx_word' id='word_1_386' title='bbox 1298 4837 1599 4905; x_wconf 87' lang='lat' dir='ltr'><strong>intercidit,</strong></span> <span class='ocrx_word' id='word_1_387' title='bbox 1637 4852 1809 4908; x_wconf 91' lang='lat' dir='ltr'><strong>neque</strong></span> <span class='ocrx_word' id='word_1_388' title='bbox 1833 4836 2043 4908; x_wconf 89' lang='lat' dir='ltr'><strong>penitus</strong></span> 
     </span>
    </p>
   </div>
   <div class='ocr_carea' id='block_1_51' title="bbox 450 4940 981 5000">
    <p class='ocr_par' dir='ltr' id='par_1_51' title="bbox 450 4940 981 5000">
     <span class='ocr_line' id='line_1_51' title="bbox 450 4940 981 5000; baseline 0.015 -24"><span class='ocrx_word' id='word_1_389' title='bbox 450 4945 512 4981; x_wconf 62' lang='grc' dir='ltr'>ιιι)</span> <span class='ocrx_word' id='word_1_390' title='bbox 534 4940 837 5000; x_wconf 89' lang='lat' dir='ltr'><strong>nsumptum</strong></span> <span class='ocrx_word' id='word_1_391' title='bbox 881 4940 981 4984; x_wconf 90' lang='lat' dir='ltr'><strong>est.</strong></span> 
     </span>
    </p>
   </div>
   <div class='ocr_carea' id='block_1_52' title="bbox 539 5004 2044 5087">
    <p class='ocr_par' dir='ltr' id='par_1_52' title="bbox 539 5004 2044 5087">
     <span class='ocr_line' id='line_1_52' title="bbox 539 5004 2044 5087; baseline -0.001 -12"><span class='ocrx_word' id='word_1_392' title='bbox 539 5021 594 5075; x_wconf 84' lang='lat'><strong>5.</strong></span> <span class='ocrx_word' id='word_1_393' title='bbox 638 5020 753 5075; x_wconf 86' lang='lat' dir='ltr'><strong>Non</strong></span> <span class='ocrx_word' id='word_1_394' title='bbox 801 5019 918 5075; x_wconf 76' lang='lat' dir='ltr'><strong>inec</strong></span> <span class='ocrx_word' id='word_1_395' title='bbox 964 5036 1091 5076; x_wconf 89' lang='lat' dir='ltr'><strong>vero</strong></span> <span class='ocrx_word' id='word_1_396' title='bbox 1119 5004 1491 5087; x_wconf 47' lang='lat' dir='ltr'><strong>tantum,&#39;sed</strong></span> <span class='ocrx_word' id='word_1_397' title='bbox 1535 5027 1589 5072; x_wconf 92' lang='lat' dir='ltr'><strong>et</strong></span> <span class='ocrx_word' id='word_1_398' title='bbox 1628 5017 1727 5071; x_wconf 87' lang='lat' dir='ltr'><strong>alia</strong></span> <span class='ocrx_word' id='word_1_399' title='bbox 1774 5017 1938 5072; x_wconf 91' lang='lat' dir='ltr'><strong>multo</strong></span> <span class='ocrx_word' id='word_1_400' title='bbox 1963 5017 2044 5073; x_wconf 87' lang='lat' dir='ltr'><strong>his</strong></span> 
     </span>
    </p>
   </div>
   <div class='ocr_carea' id='block_1_53' title="bbox 457 5108 2093 5183">
    <p class='ocr_par' dir='ltr' id='par_1_53' title="bbox 457 5108 2093 5183">
     <span class='ocr_line' id='line_1_53' title="bbox 457 5108 2093 5183; baseline 0.001 -22"><span class='ocrx_word' id='word_1_401' title='bbox 457 5111 620 5177; x_wconf 83' lang='lat' dir='ltr'><strong>plura</strong></span> <span class='ocrx_word' id='word_1_402' title='bbox 648 5123 700 5165; x_wconf 90' lang='lat' dir='ltr'><strong>et</strong></span> <span class='ocrx_word' id='word_1_403' title='bbox 728 5111 1072 5183; x_wconf 89' lang='lat' dir='ltr'><strong>profundiora</strong></span> <span class='ocrx_word' id='word_1_404' title='bbox 1096 5111 1200 5166; x_wconf 89' lang='lat' dir='ltr'><strong>dici</strong></span> <span class='ocrx_word' id='word_1_405' title='bbox 1228 5119 1492 5180; x_wconf 86' lang='lat' dir='ltr'><strong>poterant,</strong></span> <span class='ocrx_word' id='word_1_406' title='bbox 1532 5118 1588 5164; x_wconf 91' lang='lat' dir='ltr'><strong>et</strong></span> <span class='ocrx_word' id='word_1_407' title='bbox 1622 5108 1692 5165; x_wconf 88' lang='lat' dir='ltr'><strong>de</strong></span> <span class='ocrx_word' id='word_1_408' title='bbox 1714 5109 1826 5178; x_wconf 86' lang='lat' dir='ltr'><strong>ipsa</strong></span> <span class='ocrx_word' id='word_1_409' title='bbox 1857 5109 2043 5163; x_wconf 89' lang='lat' dir='ltr'><strong>disseri</strong></span> <span class='ocrx_word' id='word_1_410' title='bbox 2089 5158 2093 5163; x_wconf 90' lang='lat'><strong>.</strong></span> 
     </span>
    </p>
   </div>
   <div class='ocr_carea' id='block_1_54' title="bbox 470 5200 2045 5269">
    <p class='ocr_par' dir='ltr' id='par_1_54' title="bbox 470 5200 2045 5269">
     <span class='ocr_line' id='line_1_54' title="bbox 470 5200 2045 5269; baseline -0.002 -13"><span class='ocrx_word' id='word_1_411' title='bbox 470 5213 743 5269; x_wconf 84' lang='lat' dir='ltr'><strong>creatura;</strong></span> <span class='ocrx_word' id='word_1_412' title='bbox 770 5204 863 5259; x_wconf 87' lang='lat' dir='ltr'><strong>sed</strong></span> <span class='ocrx_word' id='word_1_413' title='bbox 888 5205 940 5258; x_wconf 92' lang='lat' dir='ltr'><strong>in</strong></span> <span class='ocrx_word' id='word_1_414' title='bbox 964 5204 1254 5258; x_wconf 89' lang='lat' dir='ltr'><strong>crastinum</strong></span> <span class='ocrx_word' id='word_1_415' title='bbox 1298 5202 1385 5256; x_wconf 90' lang='lat' dir='ltr'><strong>illa</strong></span> <span class='ocrx_word' id='word_1_416' title='bbox 1413 5200 1715 5257; x_wconf 72' lang='lat' dir='ltr'><strong>differentes</strong></span> <span class='ocrx_word' id='word_1_417' title='bbox 1734 5240 1750 5264; x_wconf 92' lang='lat'><strong>,</strong></span> <span class='ocrx_word' id='word_1_418' title='bbox 1793 5200 1932 5254; x_wconf 90' lang='lat' dir='ltr'><strong>dicta</strong></span> <span class='ocrx_word' id='word_1_419' title='bbox 1961 5200 2045 5254; x_wconf 87' lang='lat' dir='ltr'><strong>di-</strong></span> 
     </span>
    </p>
   </div>
   <div class='ocr_carea' id='block_1_55' title="bbox 471 5289 2047 5362">
    <p class='ocr_par' dir='ltr' id='par_1_55' title="bbox 471 5289 2047 5362">
     <span class='ocr_line' id='line_1_55' title="bbox 471 5289 2047 5362; baseline -0.003 -15"><span class='ocrx_word' id='word_1_420' title='bbox 471 5293 698 5362; x_wconf 83' lang='lat' dir='ltr'><strong>ligenter</strong></span> <span class='ocrx_word' id='word_1_421' title='bbox 724 5293 954 5347; x_wconf 89' lang='lat' dir='ltr'><strong>retinere</strong></span> <span class='ocrx_word' id='word_1_422' title='bbox 983 5301 1038 5347; x_wconf 89' lang='lat' dir='ltr'><strong>et</strong></span> <span class='ocrx_word' id='word_1_423' title='bbox 1066 5293 1118 5347; x_wconf 92' lang='lat' dir='ltr'><strong>in</strong></span> <span class='ocrx_word' id='word_1_424' title='bbox 1142 5292 1277 5346; x_wconf 89' lang='lat' dir='ltr'><strong>alios</strong></span> <span class='ocrx_word' id='word_1_425' title='bbox 1295 5291 1487 5346; x_wconf 77' lang='lat' dir='ltr'><strong>eﬂ‘erre</strong></span> <span class='ocrx_word' id='word_1_426' title='bbox 1510 5290 1831 5344; x_wconf 80' lang='lat' dir='ltr'><strong>Studeamus.</strong></span> <span class='ocrx_word' id='word_1_427' title='bbox 1853 5290 1919 5343; x_wconf 78' lang='lat' dir='ltr'><strong>Et</strong></span> <span class='ocrx_word' id='word_1_428' title='bbox 1937 5289 2047 5343; x_wconf 91' lang='lat' dir='ltr'><strong>scio</strong></span> 
     </span>
    </p>
   </div>
   <div class='ocr_carea' id='block_1_56' title="bbox 473 5380 2048 5452">
    <p class='ocr_par' dir='ltr' id='par_1_56' title="bbox 473 5380 2048 5452">
     <span class='ocr_line' id='line_1_56' title="bbox 473 5380 2048 5452; baseline 0.001 -17"><span class='ocrx_word' id='word_1_429' title='bbox 473 5384 686 5452; x_wconf 87' lang='lat' dir='ltr'><strong>quidem</strong></span> <span class='ocrx_word' id='word_1_430' title='bbox 734 5383 1116 5438; x_wconf 80' lang='lat' dir='ltr'><strong>sententiarum</strong></span> <span class='ocrx_word' id='word_1_431' title='bbox 1158 5381 1567 5449; x_wconf 73' lang='lat' dir='ltr'><strong>profunditatem</strong></span> <span class='ocrx_word' id='word_1_432' title='bbox 1605 5381 1820 5435; x_wconf 88' lang='lat' dir='ltr'><strong>auribus</strong></span> <span class='ocrx_word' id='word_1_433' title='bbox 1861 5380 2048 5436; x_wconf 89' lang='lat' dir='ltr'><strong>vestris</strong></span> 
     </span>
    </p>
   </div>
   <div class='ocr_carea' id='block_1_57' title="bbox 477 5473 2049 5545">
    <p class='ocr_par' dir='ltr' id='par_1_57' title="bbox 477 5473 2049 5545">
     <span class='ocr_line' id='line_1_57' title="bbox 477 5473 2049 5545; baseline -0.001 -16"><span class='ocrx_word' id='word_1_434' title='bbox 477 5479 777 5530; x_wconf 86' lang='lat' dir='ltr'><strong>inusitatam</strong></span> <span class='ocrx_word' id='word_1_435' title='bbox 805 5492 922 5532; x_wconf 90' lang='lat' dir='ltr'><strong>esse</strong></span> <span class='ocrx_word' id='word_1_436' title='bbox 945 5519 961 5544; x_wconf 88' lang='lat'><strong>,</strong></span> <span class='ocrx_word' id='word_1_437' title='bbox 1001 5477 1095 5532; x_wconf 89' lang='lat' dir='ltr'><strong>sed</strong></span> <span class='ocrx_word' id='word_1_438' title='bbox 1121 5477 1164 5531; x_wconf 90' lang='lat' dir='ltr'><strong>si</strong></span> <span class='ocrx_word' id='word_1_439' title='bbox 1196 5490 1479 5545; x_wconf 88' lang='lat' dir='ltr'><strong>parumper</strong></span> <span class='ocrx_word' id='word_1_440' title='bbox 1518 5473 1825 5543; x_wconf 81' lang='lat' dir='ltr'><strong>vigilemus,</strong></span> <span class='ocrx_word' id='word_1_441' title='bbox 1870 5482 1924 5527; x_wconf 90' lang='lat' dir='ltr'><strong>et</strong></span> <span class='ocrx_word' id='word_1_442' title='bbox 1965 5473 2049 5527; x_wconf 91' lang='lat' dir='ltr'><strong>his</strong></span> 
     </span>
    </p>
   </div>
   <div class='ocr_carea' id='block_1_58' title="bbox 478 5565 2050 5639">
    <p class='ocr_par' dir='ltr' id='par_1_58' title="bbox 478 5565 2050 5639">
     <span class='ocr_line' id='line_1_58' title="bbox 478 5565 2050 5639; baseline -0.002 -16"><span class='ocrx_word' id='word_1_443' title='bbox 478 5586 574 5624; x_wconf 88' lang='lat' dir='ltr'><strong>nos</strong></span> <span class='ocrx_word' id='word_1_444' title='bbox 617 5572 761 5639; x_wconf 88' lang='lat' dir='ltr'><strong>ipsos</strong></span> <span class='ocrx_word' id='word_1_445' title='bbox 802 5570 1248 5632; x_wconf 84' lang='lat' dir='ltr'><strong>assuefaciamus,</strong></span> <span class='ocrx_word' id='word_1_446' title='bbox 1293 5569 1453 5623; x_wconf 87' lang='lat' dir='ltr'><strong>etiam</strong></span> <span class='ocrx_word' id='word_1_447' title='bbox 1499 5566 1617 5622; x_wconf 86' lang='lat' dir='ltr'><strong>aliis</strong></span> <span class='ocrx_word' id='word_1_448' title='bbox 1658 5566 1855 5623; x_wconf 90' lang='lat' dir='ltr'><strong>erimus</strong></span> <span class='ocrx_word' id='word_1_449' title='bbox 1898 5565 2050 5620; x_wconf 84' lang='lat' dir='ltr'><strong>facile</strong></span> 
     </span>
    </p>
   </div>
   <div class='ocr_carea' id='block_1_59' title="bbox 479 5660 2050 5720">
    <p class='ocr_par' dir='ltr' id='par_1_59' title="bbox 479 5660 2050 5720">
     <span class='ocr_line' id='line_1_59' title="bbox 479 5660 2050 5720; baseline -0.004 -2"><span class='ocrx_word' id='word_1_450' title='bbox 479 5666 744 5719; x_wconf 80' lang='lat' dir='ltr'><strong>doctores.</strong></span> <span class='ocrx_word' id='word_1_451' title='bbox 786 5664 996 5720; x_wconf 90' lang='lat' dir='ltr'><strong>Interim</strong></span> <span class='ocrx_word' id='word_1_452' title='bbox 1025 5678 1151 5719; x_wconf 78' lang='lat' dir='ltr'><strong>vero</strong></span> <span class='ocrx_word' id='word_1_453' title='bbox 1169 5661 1296 5717; x_wconf 89' lang='lat' dir='ltr'><strong>illud</strong></span> <span class='ocrx_word' id='word_1_454' title='bbox 1312 5660 1554 5717; x_wconf 89' lang='lat' dir='ltr'><strong>charitati</strong></span> <span class='ocrx_word' id='word_1_455' title='bbox 1582 5669 1770 5715; x_wconf 80' lang='lat' dir='ltr'><strong>vestra:</strong></span> <span class='ocrx_word' id='word_1_456' title='bbox 1806 5672 2050 5713; x_wconf 86' lang='lat' dir='ltr'><strong>necessa-</strong></span> 
     </span>
    </p>
   </div>
   <div class='ocr_carea' id='block_1_60' title="bbox 482 5753 2049 5827">
    <p class='ocr_par' dir='ltr' id='par_1_60' title="bbox 482 5753 2049 5827">
     <span class='ocr_line' id='line_1_60' title="bbox 482 5753 2049 5827; baseline -0.004 -14"><span class='ocrx_word' id='word_1_457' title='bbox 482 5760 617 5814; x_wconf 79' lang='lat' dir='ltr'><strong>rium</strong></span> <span class='ocrx_word' id='word_1_458' title='bbox 638 5770 722 5815; x_wconf 90' lang='lat' dir='ltr'><strong>est</strong></span> <span class='ocrx_word' id='word_1_459' title='bbox 739 5753 915 5815; x_wconf 69' lang='lat' dir='ltr'><strong>(ﬁcere</strong></span> <span class='ocrx_word' id='word_1_460' title='bbox 936 5775 949 5813; x_wconf 90' lang='lat'>:</span> <span class='ocrx_word' id='word_1_461' title='bbox 973 5760 1107 5814; x_wconf 90' lang='lat' dir='ltr'><strong>sicut</strong></span> <span class='ocrx_word' id='word_1_462' title='bbox 1132 5774 1228 5812; x_wconf 90' lang='lat' dir='ltr'><strong>nos</strong></span> <span class='ocrx_word' id='word_1_463' title='bbox 1244 5756 1551 5827; x_wconf 81' lang='lat' dir='ltr'><strong>glorificavit</strong></span> <span class='ocrx_word' id='word_1_464' title='bbox 1577 5755 1714 5812; x_wconf 86' lang='lat' dir='ltr'><strong>Deus</strong></span> <span class='ocrx_word' id='word_1_465' title='bbox 1737 5768 1830 5825; x_wconf 89' lang='lat' dir='ltr'><strong>per</strong></span> <span class='ocrx_word' id='word_1_466' title='bbox 1852 5762 2049 5808; x_wconf 88' lang='lat' dir='ltr'><strong>tantam</strong></span> 
     </span>
    </p>
   </div>
   <div class='ocr_carea' id='block_1_61' title="bbox 1357 341 2760 407">
    <p class='ocr_par' dir='ltr' id='par_1_61' title="bbox 1357 341 2760 407">
     <span class='ocr_line' id='line_1_61' title="bbox 1357 341 2760 407; baseline -0.004 -3"><span class='ocrx_word' id='word_1_467' title='bbox 1357 350 1451 404; x_wconf 85' lang='lat' dir='ltr'><strong>AD</strong></span> <span class='ocrx_word' id='word_1_468' title='bbox 1492 345 1809 404; x_wconf 79' lang='lat' dir='ltr'><strong>POPULUM</strong></span> <span class='ocrx_word' id='word_1_469' title='bbox 1850 343 2336 407; x_wconf 68' lang='lat' dir='ltr'><strong>AN&#39;I‘IOCIIENUM</strong></span> <span class='ocrx_word' id='word_1_470' title='bbox 2400 342 2629 399; x_wconf 79' lang='lat' dir='ltr'><strong>IIOMIL.</strong></span> <span class='ocrx_word' id='word_1_471' title='bbox 2668 341 2760 401; x_wconf 79' lang='lat' dir='ltr'><strong>1X.</strong></span> 
     </span>
    </p>
   </div>
   <div class='ocr_carea' id='block_1_62' title="bbox 3584 342 3685 405">
    <p class='ocr_par' dir='ltr' id='par_1_62' title="bbox 3584 342 3685 405">
     <span class='ocr_line' id='line_1_62' title="bbox 3584 342 3685 405; baseline -0.04 -14"><span class='ocrx_word' id='word_1_472' title='bbox 3584 342 3685 405; x_wconf 74' lang='grc' dir='ltr'>ιιυ</span> 
     </span>
    </p>
   </div>
   <div class='ocr_carea' id='block_1_63' title="bbox 2110 450 3715 525">
    <p class='ocr_par' dir='ltr' id='par_1_63' title="bbox 2110 450 3715 525">
     <span class='ocr_line' id='line_1_63' title="bbox 2110 450 3715 525; baseline -0.006 -15"><span class='ocrx_word' id='word_1_473' title='bbox 2110 465 2431 520; x_wconf 83' lang='lat' dir='ltr'><strong>creaturam,</strong></span> <span class='ocrx_word' id='word_1_474' title='bbox 2467 454 2535 508; x_wconf 91' lang='lat' dir='ltr'><strong>ita</strong></span> <span class='ocrx_word' id='word_1_475' title='bbox 2567 468 2663 525; x_wconf 91' lang='lat' dir='ltr'><strong>nos</strong></span> <span class='ocrx_word' id='word_1_476' title='bbox 2690 466 2898 522; x_wconf 91' lang='lat' dir='ltr'><strong>quoque</strong></span> <span class='ocrx_word' id='word_1_477' title='bbox 2927 465 3020 521; x_wconf 86' lang='lat' dir='ltr'><strong>per</strong></span> <span class='ocrx_word' id='word_1_478' title='bbox 3044 465 3231 521; x_wconf 79' lang='lat' dir='ltr'><strong>puram</strong></span> <span class='ocrx_word' id='word_1_479' title='bbox 3259 450 3429 520; x_wconf 89' lang='lat' dir='ltr'><strong>ipsum</strong></span> <span class='ocrx_word' id='word_1_480' title='bbox 3462 460 3715 523; x_wconf 75' lang='lat' dir='ltr'><strong>couver-_</strong></span> 
     </span>
    </p>
   </div>
   <div class='ocr_carea' id='block_1_64' title="bbox 2108 526 3678 614">
    <p class='ocr_par' dir='ltr' id='par_1_64' title="bbox 2108 526 3678 614">
     <span class='ocr_line' id='line_1_64' title="bbox 2108 526 3678 614; baseline -0.006 -17"><span class='ocrx_word' id='word_1_481' title='bbox 2108 544 2364 599; x_wconf 87' lang='lat' dir='ltr'><strong>sationem</strong></span> <span class='ocrx_word' id='word_1_482' title='bbox 2382 526 2755 614; x_wconf 28' lang='lat' dir='ltr'><strong>glorificemttvs.</strong></span> <span class='ocrx_word' id='word_1_483' title='bbox 2776 541 2899 598; x_wconf 71' lang='grc' dir='ltr'><strong>σιειὶ</strong></span> <span class='ocrx_word' id='word_1_484' title='bbox 2917 550 3152 611; x_wconf 76' lang='lat' dir='ltr'><strong>enarrant</strong></span> <span class='ocrx_word' id='word_1_485' title='bbox 3168 526 3379 611; x_wconf 81' lang='lat' dir='ltr'><strong>gloriam</strong></span> <span class='ocrx_word' id='word_1_486' title='bbox 3397 538 3494 594; x_wconf 87' lang='lat' dir='ltr'><strong>Dei</strong></span> <span class='ocrx_word' id='word_1_487' title='bbox 3515 535 3678 608; x_wconf 72' lang='lat' dir='ltr'><strong>(Paul.</strong></span> 
     </span>
    </p>
   </div>
   <div class='ocr_carea' id='block_1_65' title="bbox 2111 624 3681 708">
    <p class='ocr_par' dir='ltr' id='par_1_65' title="bbox 2111 624 3681 708">
     <span class='ocr_line' id='line_1_65' title="bbox 2111 624 3681 708; baseline -0.007 -17"><span class='ocrx_word' id='word_1_488' title='bbox 2111 637 2198 691; x_wconf 81' lang='grc'><strong>18.</strong></span> <span class='ocrx_word' id='word_1_489' title='bbox 2228 634 2286 708; x_wconf 79' lang='grc'><strong>2)</strong></span> <span class='ocrx_word' id='word_1_490' title='bbox 2311 678 2327 703; x_wconf 84' lang='grc'><em>,</em></span> <span class='ocrx_word' id='word_1_491' title='bbox 2372 637 2497 691; x_wconf 91' lang='lat' dir='ltr'><strong>dum</strong></span> <span class='ocrx_word' id='word_1_492' title='bbox 2528 646 2787 705; x_wconf 89' lang='lat' dir='ltr'><strong>apparent</strong></span> <span class='ocrx_word' id='word_1_493' title='bbox 2814 636 2985 688; x_wconf 89' lang='lat' dir='ltr'><strong>solum</strong></span> <span class='ocrx_word' id='word_1_494' title='bbox 3012 652 3025 687; x_wconf 91' lang='lat'><strong>:</strong></span> <span class='ocrx_word' id='word_1_495' title='bbox 3049 640 3103 689; x_wconf 86' lang='lat' dir='ltr'><strong>et</strong></span> <span class='ocrx_word' id='word_1_496' title='bbox 3129 647 3227 687; x_wconf 88' lang='lat' dir='ltr'><strong>nos</strong></span> <span class='ocrx_word' id='word_1_497' title='bbox 3256 624 3414 701; x_wconf 76' lang='lat' dir='ltr'><strong>igitur</strong></span> <span class='ocrx_word' id='word_1_498' title='bbox 3447 628 3537 686; x_wconf 86' lang='lat' dir='ltr'><strong>Dei</strong></span> <span class='ocrx_word' id='word_1_499' title='bbox 3572 631 3681 700; x_wconf 77' lang='lat' dir='ltr'><strong>glo-</strong></span> 
     </span>
    </p>
   </div>
   <div class='ocr_carea' id='block_1_66' title="bbox 2110 716 3688 795">
    <p class='ocr_par' dir='ltr' id='par_1_66' title="bbox 2110 716 3688 795">
     <span class='ocr_line' id='line_1_66' title="bbox 2110 716 3688 795; baseline -0.005 -11"><span class='ocrx_word' id='word_1_500' title='bbox 2110 731 2241 784; x_wconf 88' lang='lat' dir='ltr'><strong>riam</strong></span> <span class='ocrx_word' id='word_1_501' title='bbox 2264 716 2593 795; x_wconf 88' lang='lat' dir='ltr'><strong>enarremus,</strong></span> <span class='ocrx_word' id='word_1_502' title='bbox 2617 744 2721 783; x_wconf 89' lang='lat' dir='ltr'><strong>non</strong></span> <span class='ocrx_word' id='word_1_503' title='bbox 2742 728 2979 782; x_wconf 89' lang='lat' dir='ltr'><strong>dicentes</strong></span> <span class='ocrx_word' id='word_1_504' title='bbox 3001 735 3224 791; x_wconf 86' lang='lat' dir='ltr'><strong>tantum,</strong></span> <span class='ocrx_word' id='word_1_505' title='bbox 3243 725 3334 779; x_wconf 87' lang='lat' dir='ltr'><strong>sed</strong></span> <span class='ocrx_word' id='word_1_506' title='bbox 3356 734 3407 777; x_wconf 82' lang='lat' dir='ltr'><strong>et</strong></span> <span class='ocrx_word' id='word_1_507' title='bbox 3426 733 3688 785; x_wconf 77' lang='lat' dir='ltr'><strong>tacentes,</strong></span> 
     </span>
    </p>
   </div>
   <div class='ocr_carea' id='block_1_67' title="bbox 2110 815 3688 875">
    <p class='ocr_par' dir='ltr' id='par_1_67' title="bbox 2110 815 3688 875">
     <span class='ocr_line' id='line_1_67' title="bbox 2110 815 3688 875; baseline -0.006 0"><span class='ocrx_word' id='word_1_508' title='bbox 2110 830 2161 875; x_wconf 91' lang='lat' dir='ltr'><strong>et</strong></span> <span class='ocrx_word' id='word_1_509' title='bbox 2189 821 2309 875; x_wconf 75' lang='lat' dir='ltr'><strong>vita:</strong></span> <span class='ocrx_word' id='word_1_510' title='bbox 2329 821 2571 875; x_wconf 91' lang='lat' dir='ltr'><strong>claritate</strong></span> <span class='ocrx_word' id='word_1_511' title='bbox 2596 834 2785 874; x_wconf 90' lang='lat' dir='ltr'><strong>omnes</strong></span> <span class='ocrx_word' id='word_1_512' title='bbox 2811 820 2863 873; x_wconf 93' lang='lat' dir='ltr'><strong>in</strong></span> <span class='ocrx_word' id='word_1_513' title='bbox 2894 818 3301 873; x_wconf 89' lang='lat' dir='ltr'><strong>admirationem</strong></span> <span class='ocrx_word' id='word_1_514' title='bbox 3325 815 3688 869; x_wconf 81' lang='lat' dir='ltr'><strong>adducentes:</strong></span> 
     </span>
    </p>
   </div>
   <div class='ocr_carea' id='block_1_68' title="bbox 2113 906 3690 978">
    <p class='ocr_par' dir='ltr' id='par_1_68' title="bbox 2113 906 3690 978">
     <span class='ocr_line' id='line_1_68' title="bbox 2113 906 3690 978; baseline -0.005 -13"><span class='ocrx_word' id='word_1_515' title='bbox 2113 911 2298 966; x_wconf 71' lang='lat' dir='ltr'><strong>Lusca:</strong></span> <span class='ocrx_word' id='word_1_516' title='bbox 2324 912 2490 978; x_wconf 89' lang='lat' dir='ltr'><strong>enim,</strong></span> <span class='ocrx_word' id='word_1_517' title='bbox 2521 912 2596 964; x_wconf 86' lang='lat' dir='ltr'><strong>ait</strong></span> <span class='ocrx_word' id='word_1_518' title='bbox 2621 951 2637 977; x_wconf 94' lang='lat'><strong>,</strong></span> <span class='ocrx_word' id='word_1_519' title='bbox 2669 910 2761 965; x_wconf 77' lang='lat' dir='ltr'><strong>tua:</strong></span> <span class='ocrx_word' id='word_1_520' title='bbox 2785 919 2949 964; x_wconf 77' lang='lat' dir='ltr'><strong>vestra</strong></span> <span class='ocrx_word' id='word_1_521' title='bbox 2975 924 3144 962; x_wconf 84' lang='lat' dir='ltr'><strong>coram</strong></span> <span class='ocrx_word' id='word_1_522' title='bbox 3182 906 3496 972; x_wconf 76' lang='lat' dir='ltr'><strong>hominibus,</strong></span> <span class='ocrx_word' id='word_1_523' title='bbox 3533 915 3589 960; x_wconf 85' lang='lat' dir='ltr'><strong>ut</strong></span> <span class='ocrx_word' id='word_1_524' title='bbox 3615 906 3690 958; x_wconf 82' lang='lat' dir='ltr'><strong>ri-</strong></span> 
     </span>
    </p>
   </div>
   <div class='ocr_carea' id='block_1_69' title="bbox 2112 997 3691 1072">
    <p class='ocr_par' dir='ltr' id='par_1_69' title="bbox 2112 997 3691 1072">
     <span class='ocr_line' id='line_1_69' title="bbox 2112 997 3691 1072; baseline -0.006 -15"><span class='ocrx_word' id='word_1_525' title='bbox 2112 1004 2263 1057; x_wconf 81' lang='lat' dir='ltr'><strong>deant</strong></span> <span class='ocrx_word' id='word_1_526' title='bbox 2287 1020 2441 1072; x_wconf 85' lang='lat' dir='ltr'><strong>opera</strong></span> <span class='ocrx_word' id='word_1_527' title='bbox 2466 1013 2628 1057; x_wconf 74' lang='lat' dir='ltr'><strong>vestra</strong></span> <span class='ocrx_word' id='word_1_528' title='bbox 2655 1002 2783 1057; x_wconf 86' lang='lat' dir='ltr'><strong>bona</strong></span> <span class='ocrx_word' id='word_1_529' title='bbox 2801 1043 2818 1069; x_wconf 92' lang='lat'><strong>,</strong></span> <span class='ocrx_word' id='word_1_530' title='bbox 2842 1011 2889 1055; x_wconf 83' lang='lat' dir='ltr'><strong>et</strong></span> <span class='ocrx_word' id='word_1_531' title='bbox 2914 1000 3195 1070; x_wconf 74' lang='lat' dir='ltr'><strong>gloriﬁcent</strong></span> <span class='ocrx_word' id='word_1_532' title='bbox 3239 997 3451 1059; x_wconf 76' lang='lat' dir='ltr'><strong>Patrem</strong></span> <span class='ocrx_word' id='word_1_533' title='bbox 3471 1007 3691 1050; x_wconf 78' lang='lat' dir='ltr'><strong>vestrum</strong></span> 
     </span>
    </p>
   </div>
   <div class='ocr_carea' id='block_1_70' title="bbox 2111 1087 3692 1166">
    <p class='ocr_par' dir='ltr' id='par_1_70' title="bbox 2111 1087 3692 1166">
     <span class='ocr_line' id='line_1_70' title="bbox 2111 1087 3692 1166; baseline -0.008 -16"><span class='ocrx_word' id='word_1_534' title='bbox 2111 1092 2199 1164; x_wconf 83' lang='lat' dir='ltr'><strong>qui</strong></span> <span class='ocrx_word' id='word_1_535' title='bbox 2224 1104 2298 1150; x_wconf 79' lang='lat' dir='ltr'><strong>est</strong></span> <span class='ocrx_word' id='word_1_536' title='bbox 2323 1095 2375 1149; x_wconf 88' lang='lat' dir='ltr'><strong>in</strong></span> <span class='ocrx_word' id='word_1_537' title='bbox 2403 1093 2540 1149; x_wconf 71' lang='lat' dir='ltr'><strong>caelis</strong></span> <span class='ocrx_word' id='word_1_538' title='bbox 2568 1092 2781 1166; x_wconf 77' lang='lat' dir='ltr'><strong>(Matth.</strong></span> <span class='ocrx_word' id='word_1_539' title='bbox 2822 1094 2874 1149; x_wconf 81' lang='lat'><strong>5.</strong></span> <span class='ocrx_word' id='word_1_540' title='bbox 2909 1091 3019 1157; x_wconf 80' lang='grc'><strong>16).</strong></span> <span class='ocrx_word' id='word_1_541' title='bbox 3060 1091 3193 1146; x_wconf 79' lang='lat' dir='ltr'><strong>Cum</strong></span> <span class='ocrx_word' id='word_1_542' title='bbox 3217 1090 3359 1145; x_wconf 88' lang='lat' dir='ltr'><strong>enim</strong></span> <span class='ocrx_word' id='word_1_543' title='bbox 3393 1088 3582 1142; x_wconf 83' lang='lat' dir='ltr'><strong>viderit</strong></span> <span class='ocrx_word' id='word_1_544' title='bbox 3608 1087 3692 1139; x_wconf 84' lang='lat' dir='ltr'><strong>iu-</strong></span> 
     </span>
    </p>
   </div>
   <div class='ocr_carea' id='block_1_71' title="bbox 2116 1180 3693 1253">
    <p class='ocr_par' dir='ltr' id='par_1_71' title="bbox 2116 1180 3693 1253">
     <span class='ocr_line' id='line_1_71' title="bbox 2116 1180 3693 1253; baseline -0.006 -13"><span class='ocrx_word' id='word_1_545' title='bbox 2116 1185 2287 1241; x_wconf 85' lang='lat' dir='ltr'><strong>fidelis</strong></span> <span class='ocrx_word' id='word_1_546' title='bbox 2313 1195 2366 1241; x_wconf 92' lang='lat' dir='ltr'><strong>te</strong></span> <span class='ocrx_word' id='word_1_547' title='bbox 2409 1185 2617 1241; x_wconf 83' lang='lat' dir='ltr'><strong>fidelem</strong></span> <span class='ocrx_word' id='word_1_548' title='bbox 2644 1182 2996 1253; x_wconf 88' lang='lat' dir='ltr'><strong>compositum</strong></span> <span class='ocrx_word' id='word_1_549' title='bbox 3020 1223 3035 1248; x_wconf 94' lang='lat'><strong>,</strong></span> <span class='ocrx_word' id='word_1_550' title='bbox 3065 1180 3363 1235; x_wconf 89' lang='lat' dir='ltr'><strong>modestum</strong></span> <span class='ocrx_word' id='word_1_551' title='bbox 3401 1222 3414 1242; x_wconf 86' lang='lat'><strong>,</strong></span> <span class='ocrx_word' id='word_1_552' title='bbox 3443 1190 3693 1231; x_wconf 89' lang='lat' dir='ltr'><strong>ornatum</strong></span> 
     </span>
    </p>
   </div>
   <div class='ocr_carea' id='block_1_72' title="bbox 2112 1271 3689 1344">
    <p class='ocr_par' dir='ltr' id='par_1_72' title="bbox 2112 1271 3689 1344">
     <span class='ocr_line' id='line_1_72' title="bbox 2112 1271 3689 1344; baseline -0.008 -11"><span class='ocrx_word' id='word_1_553' title='bbox 2112 1294 2254 1344; x_wconf 90' lang='lat' dir='ltr'><strong>esse,</strong></span> <span class='ocrx_word' id='word_1_554' title='bbox 2284 1278 2561 1333; x_wconf 88' lang='lat' dir='ltr'><strong>mirabitur</strong></span> <span class='ocrx_word' id='word_1_555' title='bbox 2583 1287 2635 1333; x_wconf 93' lang='lat' dir='ltr'><strong>et</strong></span> <span class='ocrx_word' id='word_1_556' title='bbox 2658 1277 2835 1332; x_wconf 90' lang='lat' dir='ltr'><strong>dicet:</strong></span> <span class='ocrx_word' id='word_1_557' title='bbox 2860 1274 2996 1329; x_wconf 87' lang='lat' dir='ltr'><strong>Vere</strong></span> <span class='ocrx_word' id='word_1_558' title='bbox 3027 1289 3247 1344; x_wconf 80' lang='lat' dir='ltr'><strong>magnus</strong></span> <span class='ocrx_word' id='word_1_559' title='bbox 3269 1271 3689 1326; x_wconf 87' lang='lat' dir='ltr'><strong>Christianorum</strong></span> 
     </span>
    </p>
   </div>
   <div class='ocr_carea' id='block_1_73' title="bbox 2118 1361 3693 1439">
    <p class='ocr_par' dir='ltr' id='par_1_73' title="bbox 2118 1361 3693 1439">
     <span class='ocr_line' id='line_1_73' title="bbox 2118 1361 3693 1439; baseline -0.008 -15"><span class='ocrx_word' id='word_1_560' title='bbox 2118 1370 2257 1424; x_wconf 90' lang='lat' dir='ltr'><strong>Deus</strong></span> <span class='ocrx_word' id='word_1_561' title='bbox 2278 1387 2293 1425; x_wconf 88' lang='lat'><strong>:</strong></span> <span class='ocrx_word' id='word_1_562' title='bbox 2315 1369 2500 1439; x_wconf 82' lang='lat' dir='ltr'><strong>quales</strong></span> <span class='ocrx_word' id='word_1_563' title='bbox 2537 1368 2809 1423; x_wconf 81' lang='lat' dir='ltr'><strong>constituit</strong></span> <span class='ocrx_word' id='word_1_564' title='bbox 2855 1366 3100 1421; x_wconf 87' lang='lat' dir='ltr'><strong>homines</strong></span> <span class='ocrx_word' id='word_1_565' title='bbox 3122 1404 3137 1430; x_wconf 89' lang='lat'><strong>,</strong></span> <span class='ocrx_word' id='word_1_566' title='bbox 3177 1363 3362 1433; x_wconf 89' lang='lat' dir='ltr'><strong>quales</strong></span> <span class='ocrx_word' id='word_1_567' title='bbox 3387 1380 3417 1416; x_wconf 90' lang='lat' dir='ltr'><strong>e</strong></span> <span class='ocrx_word' id='word_1_568' title='bbox 3451 1361 3693 1430; x_wconf 77' lang='lat' dir='ltr'><strong>qualibus</strong></span> 
     </span>
    </p>
   </div>
   <div class='ocr_carea' id='block_1_74' title="bbox 2116 1449 3694 1529">
    <p class='ocr_par' dir='ltr' id='par_1_74' title="bbox 2116 1449 3694 1529">
     <span class='ocr_line' id='line_1_74' title="bbox 2116 1449 3694 1529; baseline -0.005 -15"><span class='ocrx_word' id='word_1_569' title='bbox 2116 1460 2241 1514; x_wconf 89' lang='lat' dir='ltr'><strong>fecit</strong></span> <span class='ocrx_word' id='word_1_570' title='bbox 2264 1460 2281 1513; x_wconf 82' lang='lat'><strong>!</strong></span> <span class='ocrx_word' id='word_1_571' title='bbox 2307 1461 2525 1529; x_wconf 82' lang='lat' dir='ltr'><strong>angelos</strong></span> <span class='ocrx_word' id='word_1_572' title='bbox 2561 1474 2628 1514; x_wconf 78' lang='lat' dir='ltr'><strong>ex</strong></span> <span class='ocrx_word' id='word_1_573' title='bbox 2671 1457 2971 1513; x_wconf 90' lang='lat' dir='ltr'><strong>hominibus</strong></span> <span class='ocrx_word' id='word_1_574' title='bbox 3019 1456 3163 1524; x_wconf 82' lang='lat' dir='ltr'><strong>ipsos</strong></span> <span class='ocrx_word' id='word_1_575' title='bbox 3190 1452 3436 1509; x_wconf 89' lang='lat' dir='ltr'><strong>reddidit.</strong></span> <span class='ocrx_word' id='word_1_576' title='bbox 3473 1450 3531 1506; x_wconf 90' lang='lat' dir='ltr'><strong>Si</strong></span> <span class='ocrx_word' id='word_1_577' title='bbox 3572 1449 3694 1521; x_wconf 82' lang='lat' dir='ltr'><strong>quis</strong></span> 
     </span>
    </p>
   </div>
   <div class='ocr_carea' id='block_1_75' title="bbox 2115 1537 3694 1613">
    <p class='ocr_par' dir='ltr' id='par_1_75' title="bbox 2115 1537 3694 1613">
     <span class='ocr_line' id='line_1_75' title="bbox 2115 1537 3694 1613; baseline -0.006 -9"><span class='ocrx_word' id='word_1_578' title='bbox 2115 1550 2490 1605; x_wconf 88' lang='lat' dir='ltr'><strong>contumeliam</strong></span> <span class='ocrx_word' id='word_1_579' title='bbox 2531 1548 2746 1613; x_wconf 90' lang='lat' dir='ltr'><strong>fecerit,</strong></span> <span class='ocrx_word' id='word_1_580' title='bbox 2788 1563 2894 1602; x_wconf 90' lang='lat' dir='ltr'><strong>non</strong></span> <span class='ocrx_word' id='word_1_581' title='bbox 2930 1541 3395 1601; x_wconf 86' lang='lat' dir='ltr'><strong>conviciantur:si</strong></span> <span class='ocrx_word' id='word_1_582' title='bbox 3423 1537 3541 1611; x_wconf 86' lang='lat' dir='ltr'><strong>quis</strong></span> <span class='ocrx_word' id='word_1_583' title='bbox 3570 1555 3694 1610; x_wconf 87' lang='lat' dir='ltr'><strong>per-</strong></span> 
     </span>
    </p>
   </div>
   <div class='ocr_carea' id='block_1_76' title="bbox 2116 1631 3692 1711">
    <p class='ocr_par' dir='ltr' id='par_1_76' title="bbox 2116 1631 3692 1711">
     <span class='ocr_line' id='line_1_76' title="bbox 2116 1631 3692 1711; baseline -0.008 -14"><span class='ocrx_word' id='word_1_584' title='bbox 2116 1642 2363 1709; x_wconf 90' lang='lat' dir='ltr'><strong>cusserit,</strong></span> <span class='ocrx_word' id='word_1_585' title='bbox 2396 1656 2502 1695; x_wconf 92' lang='lat' dir='ltr'><strong>non</strong></span> <span class='ocrx_word' id='word_1_586' title='bbox 2528 1656 2669 1711; x_wconf 69' lang='lat' dir='ltr'><strong>mgre</strong></span> <span class='ocrx_word' id='word_1_587' title='bbox 2697 1642 2872 1695; x_wconf 90' lang='lat' dir='ltr'><strong>ferunt</strong></span> <span class='ocrx_word' id='word_1_588' title='bbox 2896 1657 2912 1695; x_wconf 89' lang='lat'>:</span> <span class='ocrx_word' id='word_1_589' title='bbox 2934 1638 2977 1693; x_wconf 90' lang='lat' dir='ltr'><strong>si</strong></span> <span class='ocrx_word' id='word_1_590' title='bbox 3003 1637 3123 1707; x_wconf 90' lang='lat' dir='ltr'><strong>quis</strong></span> <span class='ocrx_word' id='word_1_591' title='bbox 3148 1634 3397 1704; x_wconf 75' lang='lat' dir='ltr'><strong>iniuriam</strong></span> <span class='ocrx_word' id='word_1_592' title='bbox 3422 1631 3692 1696; x_wconf 90' lang='lat' dir='ltr'><strong>intulerit,</strong></span> 
     </span>
    </p>
   </div>
   <div class='ocr_carea' id='block_1_77' title="bbox 2117 1722 3690 1802">
    <p class='ocr_par' dir='ltr' id='par_1_77' title="bbox 2117 1722 3690 1802">
     <span class='ocr_line' id='line_1_77' title="bbox 2117 1722 3690 1802; baseline -0.008 -15"><span class='ocrx_word' id='word_1_593' title='bbox 2117 1748 2217 1802; x_wconf 91' lang='lat' dir='ltr'><strong>pro</strong></span> <span class='ocrx_word' id='word_1_594' title='bbox 2248 1733 2310 1786; x_wconf 88' lang='lat' dir='ltr'><strong>iis</strong></span> <span class='ocrx_word' id='word_1_595' title='bbox 2334 1732 2424 1802; x_wconf 94' lang='lat' dir='ltr'><strong>qui</strong></span> <span class='ocrx_word' id='word_1_596' title='bbox 2453 1747 2513 1787; x_wconf 90' lang='lat' dir='ltr'><strong>se</strong></span> <span class='ocrx_word' id='word_1_597' title='bbox 2540 1732 2795 1797; x_wconf 64' lang='lat' dir='ltr'><strong>laeserint,</strong></span> <span class='ocrx_word' id='word_1_598' title='bbox 2824 1740 2982 1785; x_wconf 88' lang='lat' dir='ltr'><strong>orant</strong></span> <span class='ocrx_word' id='word_1_599' title='bbox 3003 1746 3016 1783; x_wconf 91' lang='lat'>:</span> <span class='ocrx_word' id='word_1_600' title='bbox 3040 1728 3310 1782; x_wconf 89' lang='lat' dir='ltr'><strong>inimicum</strong></span> <span class='ocrx_word' id='word_1_601' title='bbox 3342 1740 3447 1779; x_wconf 90' lang='lat' dir='ltr'><strong>non</strong></span> <span class='ocrx_word' id='word_1_602' title='bbox 3476 1722 3690 1785; x_wconf 87' lang='lat' dir='ltr'><strong>habent,</strong></span> 
     </span>
    </p>
   </div>
   <div class='ocr_carea' id='block_1_78' title="bbox 2119 1811 3695 1888">
    <p class='ocr_par' dir='ltr' id='par_1_78' title="bbox 2119 1811 3695 1888">
     <span class='ocr_line' id='line_1_78' title="bbox 2119 1811 3695 1888; baseline -0.008 -11"><span class='ocrx_word' id='word_1_603' title='bbox 2119 1823 2252 1877; x_wconf 83' lang='lat' dir='ltr'><strong>imm</strong></span> <span class='ocrx_word' id='word_1_604' title='bbox 2293 1837 2509 1877; x_wconf 89' lang='lat' dir='ltr'><strong>servare</strong></span> <span class='ocrx_word' id='word_1_605' title='bbox 2546 1837 2650 1876; x_wconf 92' lang='lat' dir='ltr'><strong>nou</strong></span> <span class='ocrx_word' id='word_1_606' title='bbox 2697 1829 2920 1886; x_wconf 90' lang='lat' dir='ltr'><strong>norunt,</strong></span> <span class='ocrx_word' id='word_1_607' title='bbox 2956 1818 3141 1888; x_wconf 79' lang='lat' dir='ltr'><strong>nugari</strong></span> <span class='ocrx_word' id='word_1_608' title='bbox 3176 1816 3440 1881; x_wconf 88' lang='lat' dir='ltr'><strong>nesciunt,</strong></span> <span class='ocrx_word' id='word_1_609' title='bbox 3482 1811 3695 1868; x_wconf 87' lang='lat' dir='ltr'><strong>mentiri</strong></span> 
     </span>
    </p>
   </div>
   <div class='ocr_carea' id='block_1_79' title="bbox 2118 1904 3693 1984">
    <p class='ocr_par' dir='ltr' id='par_1_79' title="bbox 2118 1904 3693 1984">
     <span class='ocr_line' id='line_1_79' title="bbox 2118 1904 3693 1984; baseline -0.009 -15"><span class='ocrx_word' id='word_1_610' title='bbox 2118 1929 2225 1969; x_wconf 89' lang='lat' dir='ltr'><strong>non</strong></span> <span class='ocrx_word' id='word_1_611' title='bbox 2269 1915 2602 1977; x_wconf 86' lang='lat' dir='ltr'><strong>didicerunt,</strong></span> <span class='ocrx_word' id='word_1_612' title='bbox 2654 1913 2895 1984; x_wconf 86' lang='lat' dir='ltr'><strong>pejerare</strong></span> <span class='ocrx_word' id='word_1_613' title='bbox 2942 1926 3047 1965; x_wconf 92' lang='lat' dir='ltr'><strong>non</strong></span> <span class='ocrx_word' id='word_1_614' title='bbox 3088 1907 3383 1969; x_wconf 89' lang='lat' dir='ltr'><strong>sustinent,</strong></span> <span class='ocrx_word' id='word_1_615' title='bbox 3438 1904 3545 1959; x_wconf 92' lang='lat' dir='ltr'><strong>imo</strong></span> <span class='ocrx_word' id='word_1_616' title='bbox 3593 1918 3693 1957; x_wconf 90' lang='lat' dir='ltr'><strong>nec</strong></span> 
     </span>
    </p>
   </div>
   <div class='ocr_carea' id='block_1_80' title="bbox 2114 1995 3691 2076">
    <p class='ocr_par' dir='ltr' id='par_1_80' title="bbox 2114 1995 3691 2076">
     <span class='ocr_line' id='line_1_80' title="bbox 2114 1995 3691 2076; baseline -0.01 -15"><span class='ocrx_word' id='word_1_617' title='bbox 2114 2006 2324 2076; x_wconf 86' lang='lat' dir='ltr'><strong>jurare,</strong></span> <span class='ocrx_word' id='word_1_618' title='bbox 2364 2006 2457 2061; x_wconf 88' lang='lat' dir='ltr'><strong>sed</strong></span> <span class='ocrx_word' id='word_1_619' title='bbox 2501 2005 2731 2076; x_wconf 82' lang='lat' dir='ltr'><strong>linguam</strong></span> <span class='ocrx_word' id='word_1_620' title='bbox 2759 2002 2926 2058; x_wconf 83' lang='lat' dir='ltr'><strong>excidi</strong></span> <span class='ocrx_word' id='word_1_621' title='bbox 2956 2001 3206 2064; x_wconf 91' lang='lat' dir='ltr'><strong>mallent,</strong></span> <span class='ocrx_word' id='word_1_622' title='bbox 3248 2012 3406 2068; x_wconf 89' lang='lat' dir='ltr'><strong>quam</strong></span> <span class='ocrx_word' id='word_1_623' title='bbox 3437 1995 3599 2050; x_wconf 90' lang='lat' dir='ltr'><strong>ullum</strong></span> <span class='ocrx_word' id='word_1_624' title='bbox 3625 2008 3691 2047; x_wconf 85' lang='lat' dir='ltr'><strong>ex</strong></span> 
     </span>
    </p>
   </div>
   <div class='ocr_carea' id='block_1_81' title="bbox 2119 2084 3699 2166">
    <p class='ocr_par' dir='ltr' id='par_1_81' title="bbox 2119 2084 3699 2166">
     <span class='ocr_line' id='line_1_81' title="bbox 2119 2084 3699 2166; baseline -0.009 -14"><span class='ocrx_word' id='word_1_625' title='bbox 2119 2112 2213 2152; x_wconf 91' lang='lat' dir='ltr'><strong>ore</strong></span> <span class='ocrx_word' id='word_1_626' title='bbox 2250 2097 2607 2166; x_wconf 88' lang='lat' dir='ltr'><strong>juramentum</strong></span> <span class='ocrx_word' id='word_1_627' title='bbox 2649 2096 2914 2151; x_wconf 89' lang='lat' dir='ltr'><strong>emittere.</strong></span> <span class='ocrx_word' id='word_1_628' title='bbox 2957 2093 3083 2148; x_wconf 82' lang='lat' dir='ltr'><strong>Ha-c</strong></span> <span class='ocrx_word' id='word_1_629' title='bbox 3122 2092 3225 2145; x_wconf 91' lang='lat' dir='ltr'><strong>illis</strong></span> <span class='ocrx_word' id='word_1_630' title='bbox 3269 2088 3596 2160; x_wconf 75' lang='lat' dir='ltr'><strong>pnebeantus</strong></span> <span class='ocrx_word' id='word_1_631' title='bbox 3628 2084 3699 2139; x_wconf 87' lang='lat' dir='ltr'><strong>de</strong></span> 
     </span>
    </p>
   </div>
   <div class='ocr_carea' id='block_1_82' title="bbox 2122 2183 3700 2256">
    <p class='ocr_par' dir='ltr' id='par_1_82' title="bbox 2122 2183 3700 2256">
     <span class='ocr_line' id='line_1_82' title="bbox 2122 2183 3700 2256; baseline -0.007 -15"><span class='ocrx_word' id='word_1_632' title='bbox 2122 2187 2275 2243; x_wconf 91' lang='lat' dir='ltr'><strong>nobis</strong></span> <span class='ocrx_word' id='word_1_633' title='bbox 2294 2187 2537 2251; x_wconf 89' lang='lat' dir='ltr'><strong>dicenda,</strong></span> <span class='ocrx_word' id='word_1_634' title='bbox 2569 2194 2625 2242; x_wconf 92' lang='lat' dir='ltr'><strong>et</strong></span> <span class='ocrx_word' id='word_1_635' title='bbox 2652 2184 2947 2256; x_wconf 78' lang='lat' dir='ltr'><strong>impmbam</strong></span> <span class='ocrx_word' id='word_1_636' title='bbox 2972 2183 3393 2254; x_wconf 65' lang='lat' dir='ltr'><strong>iuramentorum</strong></span> <span class='ocrx_word' id='word_1_637' title='bbox 3416 2184 3700 2245; x_wconf 86' lang='lat' dir='ltr'><strong>consuetu-</strong></span> 
     </span>
    </p>
   </div>
   <div class='ocr_carea' id='block_1_83' title="bbox 2122 2267 3702 2350">
    <p class='ocr_par' dir='ltr' id='par_1_83' title="bbox 2122 2267 3702 2350">
     <span class='ocr_line' id='line_1_83' title="bbox 2122 2267 3702 2350; baseline -0.009 -15"><span class='ocrx_word' id='word_1_638' title='bbox 2122 2279 2301 2335; x_wconf 88' lang='lat' dir='ltr'><strong>dinem</strong></span> <span class='ocrx_word' id='word_1_639' title='bbox 2328 2280 2657 2350; x_wconf 79' lang='lat' dir='ltr'><strong>expellamus</strong></span> <span class='ocrx_word' id='word_1_640' title='bbox 2681 2295 2694 2332; x_wconf 86' lang='lat'><strong>:</strong></span> <span class='ocrx_word' id='word_1_641' title='bbox 2718 2286 2773 2332; x_wconf 92' lang='lat' dir='ltr'><strong>et</strong></span> <span class='ocrx_word' id='word_1_642' title='bbox 2796 2276 2878 2331; x_wconf 87' lang='lat' dir='ltr'><strong>vel</strong></span> <span class='ocrx_word' id='word_1_643' title='bbox 2906 2284 3108 2331; x_wconf 91' lang='lat' dir='ltr'><strong>tantum</strong></span> <span class='ocrx_word' id='word_1_644' title='bbox 3148 2274 3255 2328; x_wconf 89' lang='lat' dir='ltr'><strong>Deo</strong></span> <span class='ocrx_word' id='word_1_645' title='bbox 3279 2271 3578 2327; x_wconf 84' lang='lat' dir='ltr'><strong>tribuamus</strong></span> <span class='ocrx_word' id='word_1_646' title='bbox 3604 2267 3702 2322; x_wconf 77' lang='lat' dir='ltr'><strong>ho-</strong></span> 
     </span>
    </p>
   </div>
   <div class='ocr_carea' id='block_1_84' title="bbox 2125 2358 3699 2440">
    <p class='ocr_par' dir='ltr' id='par_1_84' title="bbox 2125 2358 3699 2440">
     <span class='ocr_line' id='line_1_84' title="bbox 2125 2358 3699 2440; baseline -0.008 -17"><span class='ocrx_word' id='word_1_647' title='bbox 2125 2360 2269 2424; x_wconf 88' lang='lat' dir='ltr'><strong>noris</strong></span> <span class='ocrx_word' id='word_1_648' title='bbox 2299 2410 2314 2433; x_wconf 90' lang='lat'><strong>,</strong></span> <span class='ocrx_word' id='word_1_649' title='bbox 2369 2380 2622 2440; x_wconf 84' lang='lat' dir='ltr'><strong>quantum</strong></span> <span class='ocrx_word' id='word_1_650' title='bbox 2669 2367 3000 2433; x_wconf 73' lang='lat' dir='ltr'><strong>vestimentis</strong></span> <span class='ocrx_word' id='word_1_651' title='bbox 3043 2363 3238 2419; x_wconf 90' lang='lat' dir='ltr'><strong>nostris</strong></span> <span class='ocrx_word' id='word_1_652' title='bbox 3272 2358 3699 2435; x_wconf 82' lang='lat' dir='ltr'><strong>pretiosioribus.</strong></span> 
     </span>
    </p>
   </div>
   <div class='ocr_carea' id='block_1_85' title="bbox 2124 2448 3703 2528">
    <p class='ocr_par' dir='ltr' id='par_1_85' title="bbox 2124 2448 3703 2528">
     <span class='ocr_line' id='line_1_85' title="bbox 2124 2448 3703 2528; baseline -0.009 -12"><span class='ocrx_word' id='word_1_653' title='bbox 2124 2460 2404 2528; x_wconf 87' lang='lat' dir='ltr'><strong>Quomodo</strong></span> <span class='ocrx_word' id='word_1_654' title='bbox 2429 2461 2571 2515; x_wconf 91' lang='lat' dir='ltr'><strong>enim</strong></span> <span class='ocrx_word' id='word_1_655' title='bbox 2603 2474 2708 2517; x_wconf 91' lang='lat' dir='ltr'><strong>non</strong></span> <span class='ocrx_word' id='word_1_656' title='bbox 2739 2457 3026 2527; x_wconf 89' lang='lat' dir='ltr'><strong>absurdum</strong></span> <span class='ocrx_word' id='word_1_657' title='bbox 3056 2463 3159 2519; x_wconf 90' lang='lat' dir='ltr'><strong>est,</strong></span> <span class='ocrx_word' id='word_1_658' title='bbox 3186 2452 3556 2513; x_wconf 85' lang='lat' dir='ltr'><strong>vestimentum</strong></span> <span class='ocrx_word' id='word_1_659' title='bbox 3586 2448 3703 2517; x_wconf 87' lang='lat' dir='ltr'><strong>qui-</strong></span> 
     </span>
    </p>
   </div>
   <div class='ocr_carea' id='block_1_86' title="bbox 2126 2539 3699 2619">
    <p class='ocr_par' dir='ltr' id='par_1_86' title="bbox 2126 2539 3699 2619">
     <span class='ocr_line' id='line_1_86' title="bbox 2126 2539 3699 2619; baseline -0.01 -11"><span class='ocrx_word' id='word_1_660' title='bbox 2126 2552 2247 2608; x_wconf 90' lang='lat' dir='ltr'><strong>dem</strong></span> <span class='ocrx_word' id='word_1_661' title='bbox 2279 2552 2534 2607; x_wconf 82' lang='lat' dir='ltr'><strong>habentes</strong></span> <span class='ocrx_word' id='word_1_662' title='bbox 2559 2550 2774 2619; x_wconf 90' lang='lat' dir='ltr'><strong>reliquis</strong></span> <span class='ocrx_word' id='word_1_663' title='bbox 2799 2549 3018 2611; x_wconf 91' lang='lat' dir='ltr'><strong>melius,</strong></span> <span class='ocrx_word' id='word_1_664' title='bbox 3066 2546 3181 2614; x_wconf 76' lang='lat' dir='ltr'><strong>ipso</strong></span> <span class='ocrx_word' id='word_1_665' title='bbox 3224 2542 3530 2612; x_wconf 76' lang='lat' dir='ltr'><strong>frequenter</strong></span> <span class='ocrx_word' id='word_1_666' title='bbox 3554 2539 3699 2597; x_wconf 84' lang='lat' dir='ltr'><strong>abuti</strong></span> 
     </span>
    </p>
   </div>
   <div class='ocr_carea' id='block_1_87' title="bbox 2127 2636 3706 2711">
    <p class='ocr_par' dir='ltr' id='par_1_87' title="bbox 2127 2636 3706 2711">
     <span class='ocr_line' id='line_1_87' title="bbox 2127 2636 3706 2711; baseline -0.009 -13"><span class='ocrx_word' id='word_1_667' title='bbox 2127 2659 2231 2699; x_wconf 90' lang='lat' dir='ltr'><strong>non</strong></span> <span class='ocrx_word' id='word_1_668' title='bbox 2260 2644 2545 2707; x_wconf 89' lang='lat' dir='ltr'><strong>sustinere,</strong></span> <span class='ocrx_word' id='word_1_669' title='bbox 2592 2641 2683 2696; x_wconf 92' lang='lat' dir='ltr'><strong>Dei</strong></span> <span class='ocrx_word' id='word_1_670' title='bbox 2708 2655 2837 2695; x_wconf 89' lang='lat' dir='ltr'><strong>vero</strong></span> <span class='ocrx_word' id='word_1_671' title='bbox 2863 2653 3054 2693; x_wconf 91' lang='lat' dir='ltr'><strong>nomen</strong></span> <span class='ocrx_word' id='word_1_672' title='bbox 3086 2636 3278 2711; x_wconf 87' lang='lat' dir='ltr'><strong>ubique</strong></span> <span class='ocrx_word' id='word_1_673' title='bbox 3305 2642 3505 2699; x_wconf 81' lang='lat' dir='ltr'><strong>temere</strong></span> <span class='ocrx_word' id='word_1_674' title='bbox 3525 2673 3539 2697; x_wconf 87' lang='lat'><strong>,</strong></span> <span class='ocrx_word' id='word_1_675' title='bbox 3565 2640 3620 2687; x_wconf 87' lang='lat' dir='ltr'><strong>et</strong></span> <span class='ocrx_word' id='word_1_676' title='bbox 3647 2639 3706 2684; x_wconf 85' lang='lat' dir='ltr'><strong>ut</strong></span> 
     </span>
    </p>
   </div>
   <div class='ocr_carea' id='block_1_88' title="bbox 2126 2721 3705 2802">
    <p class='ocr_par' dir='ltr' id='par_1_88' title="bbox 2126 2721 3705 2802">
     <span class='ocr_line' id='line_1_88' title="bbox 2126 2721 3705 2802; baseline -0.01 -10"><span class='ocrx_word' id='word_1_677' title='bbox 2126 2735 2379 2802; x_wconf 90' lang='lat' dir='ltr'><strong>occurrit,</strong></span> <span class='ocrx_word' id='word_1_678' title='bbox 2407 2732 2737 2789; x_wconf 83' lang='lat' dir='ltr'><strong>distrahere?</strong></span> <span class='ocrx_word' id='word_1_679' title='bbox 2766 2731 2926 2801; x_wconf 79' lang='lat' dir='ltr'><strong>Igitur</strong></span> <span class='ocrx_word' id='word_1_680' title='bbox 2953 2742 3141 2798; x_wconf 84' lang='lat' dir='ltr'><strong>precor</strong></span> <span class='ocrx_word' id='word_1_681' title='bbox 3164 2734 3220 2787; x_wconf 88' lang='lat' dir='ltr'><strong>et</strong></span> <span class='ocrx_word' id='word_1_682' title='bbox 3246 2723 3506 2795; x_wconf 81' lang='lat' dir='ltr'><strong>supplico,</strong></span> <span class='ocrx_word' id='word_1_683' title='bbox 3534 2738 3602 2792; x_wconf 86' lang='lat' dir='ltr'><strong>ne</strong></span> <span class='ocrx_word' id='word_1_684' title='bbox 3625 2721 3705 2791; x_wconf 86' lang='lat' dir='ltr'><strong>sic</strong></span> 
     </span>
    </p>
   </div>
   <div class='ocr_carea' id='block_1_89' title="bbox 2128 2812 3703 2885">
    <p class='ocr_par' dir='ltr' id='par_1_89' title="bbox 2128 2812 3703 2885">
     <span class='ocr_line' id='line_1_89' title="bbox 2128 2812 3703 2885; baseline -0.01 -3"><span class='ocrx_word' id='word_1_685' title='bbox 2128 2828 2349 2883; x_wconf 88' lang='lat' dir='ltr'><strong>salutem</strong></span> <span class='ocrx_word' id='word_1_686' title='bbox 2379 2833 2785 2881; x_wconf 85' lang='lat' dir='ltr'><strong>contemnamus</strong></span> <span class='ocrx_word' id='word_1_687' title='bbox 2814 2830 3048 2879; x_wconf 82' lang='lat' dir='ltr'><strong>nostram</strong></span> <span class='ocrx_word' id='word_1_688' title='bbox 3070 2860 3086 2885; x_wconf 92' lang='lat'><strong>,</strong></span> <span class='ocrx_word' id='word_1_689' title='bbox 3132 2816 3226 2881; x_wconf 87' lang='lat' dir='ltr'><strong>sed</strong></span> <span class='ocrx_word' id='word_1_690' title='bbox 3263 2814 3495 2884; x_wconf 83' lang='lat' dir='ltr'><strong>studium</strong></span> <span class='ocrx_word' id='word_1_691' title='bbox 3515 2854 3531 2881; x_wconf 95' lang='lat'><strong>,</strong></span> <span class='ocrx_word' id='word_1_692' title='bbox 3559 2812 3703 2885; x_wconf 90' lang='lat' dir='ltr'><strong>quod</strong></span> 
     </span>
    </p>
   </div>
   <div class='ocr_carea' id='block_1_90' title="bbox 2127 2902 3703 2983">
    <p class='ocr_par' dir='ltr' id='par_1_90' title="bbox 2127 2902 3703 2983">
     <span class='ocr_line' id='line_1_90' title="bbox 2127 2902 3703 2983; baseline -0.01 -11"><span class='ocrx_word' id='word_1_693' title='bbox 2127 2917 2196 2972; x_wconf 87' lang='lat' dir='ltr'><strong>ab</strong></span> <span class='ocrx_word' id='word_1_694' title='bbox 2231 2917 2380 2972; x_wconf 92' lang='lat' dir='ltr'><strong>initio</strong></span> <span class='ocrx_word' id='word_1_695' title='bbox 2406 2916 2548 2971; x_wconf 88' lang='lat' dir='ltr'><strong>circa</strong></span> <span class='ocrx_word' id='word_1_696' title='bbox 2575 2913 2880 2983; x_wconf 82' lang='lat' dir='ltr'><strong>mandatum</strong></span> <span class='ocrx_word' id='word_1_697' title='bbox 2912 2909 3051 2969; x_wconf 87' lang='lat' dir='ltr'><strong>istud</strong></span> <span class='ocrx_word' id='word_1_698' title='bbox 3079 2907 3495 2973; x_wconf 82' lang='lat' dir='ltr'><strong>adhibebanius,</strong></span> <span class='ocrx_word' id='word_1_699' title='bbox 3534 2902 3703 2965; x_wconf 85' lang='lat' dir='ltr'><strong>dedu-</strong></span> 
     </span>
    </p>
   </div>
   <div class='ocr_carea' id='block_1_91' title="bbox 2130 2993 3707 3074">
    <p class='ocr_par' dir='ltr' id='par_1_91' title="bbox 2130 2993 3707 3074">
     <span class='ocr_line' id='line_1_91' title="bbox 2130 2993 3707 3074; baseline -0.01 -10"><span class='ocrx_word' id='word_1_700' title='bbox 2130 3022 2314 3064; x_wconf 90' lang='lat' dir='ltr'><strong>camus</strong></span> <span class='ocrx_word' id='word_1_701' title='bbox 2357 3007 2424 3069; x_wconf 84' lang='lat' dir='ltr'><strong>ad</strong></span> <span class='ocrx_word' id='word_1_702' title='bbox 2454 3009 2631 3061; x_wconf 84' lang='lat' dir='ltr'><strong>linem.</strong></span> <span class='ocrx_word' id='word_1_703' title='bbox 2661 3006 2946 3074; x_wconf 73' lang='lat' dir='ltr'><strong>Propterea</strong></span> <span class='ocrx_word' id='word_1_704' title='bbox 2985 3016 3084 3072; x_wconf 82' lang='lat' dir='ltr'><strong>ego</strong></span> <span class='ocrx_word' id='word_1_705' title='bbox 3111 2999 3416 3073; x_wconf 80' lang='lat' dir='ltr'><strong>continuam</strong></span> <span class='ocrx_word' id='word_1_706' title='bbox 3454 2995 3522 3065; x_wconf 88' lang='lat' dir='ltr'><strong>de</strong></span> <span class='ocrx_word' id='word_1_707' title='bbox 3560 2993 3707 3065; x_wconf 82' lang='lat' dir='ltr'><strong>jura-</strong></span> 
     </span>
    </p>
   </div>
   <div class='ocr_carea' id='block_1_92' title="bbox 2131 3088 3702 3163">
    <p class='ocr_par' dir='ltr' id='par_1_92' title="bbox 2131 3088 3702 3163">
     <span class='ocr_line' id='line_1_92' title="bbox 2131 3088 3702 3163; baseline -0.011 -7"><span class='ocrx_word' id='word_1_708' title='bbox 2131 3101 2326 3163; x_wconf 89' lang='lat' dir='ltr'><strong>mentis</strong></span> <span class='ocrx_word' id='word_1_709' title='bbox 2375 3096 2804 3153; x_wconf 76' lang='lat' dir='ltr'><strong>exhortationem</strong></span> <span class='ocrx_word' id='word_1_710' title='bbox 2854 3094 3027 3161; x_wconf 88' lang='lat' dir='ltr'><strong>facio,</strong></span> <span class='ocrx_word' id='word_1_711' title='bbox 3079 3107 3184 3153; x_wconf 91' lang='lat' dir='ltr'><strong>non</strong></span> <span class='ocrx_word' id='word_1_712' title='bbox 3235 3088 3377 3161; x_wconf 91' lang='lat' dir='ltr'><strong>quod</strong></span> <span class='ocrx_word' id='word_1_713' title='bbox 3434 3096 3702 3156; x_wconf 84' lang='lat' dir='ltr'><strong>torporem</strong></span> 
     </span>
    </p>
   </div>
   <div class='ocr_carea' id='block_1_93' title="bbox 2131 3182 3705 3256">
    <p class='ocr_par' dir='ltr' id='par_1_93' title="bbox 2131 3182 3705 3256">
     <span class='ocr_line' id='line_1_93' title="bbox 2131 3182 3705 3256; baseline -0.01 -11"><span class='ocrx_word' id='word_1_714' title='bbox 2131 3201 2364 3248; x_wconf 90' lang='lat' dir='ltr'><strong>vestrum</strong></span> <span class='ocrx_word' id='word_1_715' title='bbox 2397 3190 2785 3252; x_wconf 84' lang='lat' dir='ltr'><strong>condemnem,</strong></span> <span class='ocrx_word' id='word_1_716' title='bbox 2829 3186 2925 3244; x_wconf 86' lang='lat' dir='ltr'><strong>sed</strong></span> <span class='ocrx_word' id='word_1_717' title='bbox 2964 3183 3105 3256; x_wconf 85' lang='lat' dir='ltr'><strong>quod</strong></span> <span class='ocrx_word' id='word_1_718' title='bbox 3143 3182 3399 3253; x_wconf 77' lang='lat' dir='ltr'><strong>majorem</strong></span> <span class='ocrx_word' id='word_1_719' title='bbox 3443 3187 3643 3249; x_wconf 75' lang='lat' dir='ltr'><strong>partem</strong></span> <span class='ocrx_word' id='word_1_720' title='bbox 3673 3192 3705 3230; x_wconf 68' lang='grc' dir='ltr'><strong>ι</strong></span> 
     </span>
    </p>
   </div>
   <div class='ocr_carea' id='block_1_94' title="bbox 2133 3272 3706 3341">
    <p class='ocr_par' dir='ltr' id='par_1_94' title="bbox 2133 3272 3706 3341">
     <span class='ocr_line' id='line_1_94' title="bbox 2133 3272 3706 3341; baseline -0.01 -6"><span class='ocrx_word' id='word_1_721' title='bbox 2133 3282 2284 3337; x_wconf 89' lang='lat' dir='ltr'><strong>vobis</strong></span> <span class='ocrx_word' id='word_1_722' title='bbox 2311 3289 2605 3341; x_wconf 83' lang='lat' dir='ltr'><strong>correctam</strong></span> <span class='ocrx_word' id='word_1_723' title='bbox 2636 3278 2846 3335; x_wconf 88' lang='lat' dir='ltr'><strong>videam</strong></span> <span class='ocrx_word' id='word_1_724' title='bbox 2876 3286 2967 3331; x_wconf 89' lang='lat' dir='ltr'><strong>:et</strong></span> <span class='ocrx_word' id='word_1_725' title='bbox 2995 3273 3183 3336; x_wconf 86' lang='lat' dir='ltr'><strong>studeo</strong></span> <span class='ocrx_word' id='word_1_726' title='bbox 3214 3272 3513 3340; x_wconf 86' lang='lat' dir='ltr'><strong>festinoque</strong></span> <span class='ocrx_word' id='word_1_727' title='bbox 3537 3276 3706 3337; x_wconf 81' lang='lat' dir='ltr'><strong>totum</strong></span> 
     </span>
    </p>
   </div>
   <div class='ocr_carea' id='block_1_95' title="bbox 2136 3363 3709 3443">
    <p class='ocr_par' dir='ltr' id='par_1_95' title="bbox 2136 3363 3709 3443">
     <span class='ocr_line' id='line_1_95' title="bbox 2136 3363 3709 3443; baseline -0.011 -14"><span class='ocrx_word' id='word_1_728' title='bbox 2136 3372 2424 3443; x_wconf 87' lang='lat' dir='ltr'><strong>perfectum</strong></span> <span class='ocrx_word' id='word_1_729' title='bbox 2449 3385 2597 3436; x_wconf 88' lang='lat' dir='ltr'><strong>esse,</strong></span> <span class='ocrx_word' id='word_1_730' title='bbox 2626 3378 2681 3429; x_wconf 86' lang='lat' dir='ltr'><strong>et</strong></span> <span class='ocrx_word' id='word_1_731' title='bbox 2703 3367 2862 3427; x_wconf 82' lang='lat' dir='ltr'><strong>ﬁnem</strong></span> <span class='ocrx_word' id='word_1_732' title='bbox 2892 3366 3153 3435; x_wconf 90' lang='lat' dir='ltr'><strong>accipere.</strong></span> <span class='ocrx_word' id='word_1_733' title='bbox 3194 3363 3281 3419; x_wconf 87' lang='lat' dir='ltr'><strong>Sic</strong></span> <span class='ocrx_word' id='word_1_734' title='bbox 3306 3370 3360 3416; x_wconf 89' lang='lat' dir='ltr'><strong>et</strong></span> <span class='ocrx_word' id='word_1_735' title='bbox 3384 3367 3709 3431; x_wconf 77' lang='lat' dir='ltr'><strong>spectatores</strong></span> 
     </span>
    </p>
   </div>
   <div class='ocr_carea' id='block_1_96' title="bbox 2134 3452 3708 3535">
    <p class='ocr_par' dir='ltr' id='par_1_96' title="bbox 2134 3452 3708 3535">
     <span class='ocr_line' id='line_1_96' title="bbox 2134 3452 3708 3535; baseline -0.009 -15"><span class='ocrx_word' id='word_1_736' title='bbox 2134 3465 2353 3531; x_wconf 88' lang='lat' dir='ltr'><strong>faciunt,</strong></span> <span class='ocrx_word' id='word_1_737' title='bbox 2384 3463 2473 3535; x_wconf 93' lang='lat' dir='ltr'><strong>qui</strong></span> <span class='ocrx_word' id='word_1_738' title='bbox 2499 3462 2695 3518; x_wconf 88' lang='lat' dir='ltr'><strong>braviis</strong></span> <span class='ocrx_word' id='word_1_739' title='bbox 2718 3460 2988 3532; x_wconf 79' lang='lat' dir='ltr'><strong>proximos</strong></span> <span class='ocrx_word' id='word_1_740' title='bbox 3014 3458 3180 3529; x_wconf 71' lang='lat' dir='ltr'><strong>magis</strong></span> <span class='ocrx_word' id='word_1_741' title='bbox 3204 3456 3454 3511; x_wconf 74' lang='lat' dir='ltr'><strong>excitant.</strong></span> <span class='ocrx_word' id='word_1_742' title='bbox 3484 3452 3592 3509; x_wconf 88' lang='lat' dir='ltr'><strong>Nec</strong></span> <span class='ocrx_word' id='word_1_743' title='bbox 3613 3465 3708 3506; x_wconf 90' lang='lat' dir='ltr'><strong>nos</strong></span> 
     </span>
    </p>
   </div>
   <div class='ocr_carea' id='block_1_97' title="bbox 2137 3548 3709 3625">
    <p class='ocr_par' dir='ltr' id='par_1_97' title="bbox 2137 3548 3709 3625">
     <span class='ocr_line' id='line_1_97' title="bbox 2137 3548 3709 3625; baseline -0.01 -15"><span class='ocrx_word' id='word_1_744' title='bbox 2137 3556 2296 3625; x_wconf 82' lang='lat' dir='ltr'><strong>igitur</strong></span> <span class='ocrx_word' id='word_1_745' title='bbox 2351 3554 2608 3610; x_wconf 89' lang='lat' dir='ltr'><strong>lassemur</strong></span> <span class='ocrx_word' id='word_1_746' title='bbox 2637 3569 2650 3607; x_wconf 92' lang='lat'>:</span> <span class='ocrx_word' id='word_1_747' title='bbox 2679 3565 2863 3625; x_wconf 72' lang='lat' dir='ltr'><strong>sumus</strong></span> <span class='ocrx_word' id='word_1_748' title='bbox 2903 3551 3046 3611; x_wconf 84' lang='lat' dir='ltr'><strong>enim</strong></span> <span class='ocrx_word' id='word_1_749' title='bbox 3102 3560 3266 3625; x_wconf 85' lang='lat' dir='ltr'><strong>prope</strong></span> <span class='ocrx_word' id='word_1_750' title='bbox 3315 3548 3479 3613; x_wconf 89' lang='lat' dir='ltr'><strong>totius</strong></span> <span class='ocrx_word' id='word_1_751' title='bbox 3529 3554 3709 3609; x_wconf 84' lang='lat' dir='ltr'><strong>corre-</strong></span> 
     </span>
    </p>
   </div>
   <div class='ocr_carea' id='block_1_98' title="bbox 2133 3630 3707 3720">
    <p class='ocr_par' dir='ltr' id='par_1_98' title="bbox 2133 3630 3707 3720">
     <span class='ocr_line' id='line_1_98' title="bbox 2133 3630 3707 3720; baseline -0.011 -17"><span class='ocrx_word' id='word_1_752' title='bbox 2133 3648 2328 3703; x_wconf 72' lang='lat' dir='ltr'><strong>ctioiiis</strong></span> <span class='ocrx_word' id='word_1_753' title='bbox 2372 3647 2562 3711; x_wconf 81' lang='lat' dir='ltr'><strong>tinem,</strong></span> <span class='ocrx_word' id='word_1_754' title='bbox 2609 3653 2663 3699; x_wconf 86' lang='lat' dir='ltr'><strong>et</strong></span> <span class='ocrx_word' id='word_1_755' title='bbox 2708 3643 2847 3698; x_wconf 90' lang='lat' dir='ltr'><strong>circa</strong></span> <span class='ocrx_word' id='word_1_756' title='bbox 2890 3637 3203 3720; x_wconf 81' lang='lat' dir='ltr'><strong>principium</strong></span> <span class='ocrx_word' id='word_1_757' title='bbox 3247 3642 3362 3703; x_wconf 82' lang='lat' dir='ltr'><strong>erat</strong></span> <span class='ocrx_word' id='word_1_758' title='bbox 3403 3630 3707 3699; x_wconf 82' lang='lat' dir='ltr'><strong>difficultas.</strong></span> 
     </span>
    </p>
   </div>
   <div class='ocr_carea' id='block_1_99' title="bbox 2134 3721 3708 3807">
    <p class='ocr_par' dir='ltr' id='par_1_99' title="bbox 2134 3721 3708 3807">
     <span class='ocr_line' id='line_1_99' title="bbox 2134 3721 3708 3807; baseline -0.015 -12"><span class='ocrx_word' id='word_1_759' title='bbox 2134 3738 2359 3806; x_wconf 82' lang='lat' dir='ltr'><strong>Quando</strong></span> <span class='ocrx_word' id='word_1_760' title='bbox 2384 3750 2513 3792; x_wconf 86' lang='lat' dir='ltr'><strong>vero</strong></span> <span class='ocrx_word' id='word_1_761' title='bbox 2538 3731 2937 3807; x_wconf 76' lang='lat' dir='ltr'><strong>consuetudinis</strong></span> <span class='ocrx_word' id='word_1_762' title='bbox 2978 3726 3263 3800; x_wconf 82' lang='lat' dir='ltr'><strong>plurimum</strong></span> <span class='ocrx_word' id='word_1_763' title='bbox 3294 3738 3434 3800; x_wconf 86' lang='lat' dir='ltr'><strong>nunc</strong></span> <span class='ocrx_word' id='word_1_764' title='bbox 3460 3730 3543 3797; x_wconf 86' lang='lat' dir='ltr'><strong>est</strong></span> <span class='ocrx_word' id='word_1_765' title='bbox 3570 3721 3708 3793; x_wconf 84' lang='lat' dir='ltr'><strong>reci-</strong></span> 
     </span>
    </p>
   </div>
   <div class='ocr_carea' id='block_1_100' title="bbox 2136 3812 3710 3899">
    <p class='ocr_par' dir='ltr' id='par_1_100' title="bbox 2136 3812 3710 3899">
     <span class='ocr_line' id='line_1_100' title="bbox 2136 3812 3710 3899; baseline -0.014 -14"><span class='ocrx_word' id='word_1_766' title='bbox 2136 3844 2277 3896; x_wconf 87' lang='lat' dir='ltr'><strong>sum,</strong></span> <span class='ocrx_word' id='word_1_767' title='bbox 2304 3837 2362 3883; x_wconf 87' lang='lat' dir='ltr'><strong>et</strong></span> <span class='ocrx_word' id='word_1_768' title='bbox 2384 3826 2651 3883; x_wconf 88' lang='lat' dir='ltr'><strong>modicum</strong></span> <span class='ocrx_word' id='word_1_769' title='bbox 2676 3828 2953 3899; x_wconf 84' lang='lat' dir='ltr'><strong>superest:</strong></span> <span class='ocrx_word' id='word_1_770' title='bbox 2976 3819 3083 3889; x_wconf 88' lang='lat' dir='ltr'><strong>jam</strong></span> <span class='ocrx_word' id='word_1_771' title='bbox 3109 3832 3207 3872; x_wconf 87' lang='lat' dir='ltr'><strong>nec</strong></span> <span class='ocrx_word' id='word_1_772' title='bbox 3232 3815 3338 3888; x_wconf 81' lang='lat' dir='ltr'><strong>pllo</strong></span> <span class='ocrx_word' id='word_1_773' title='bbox 3368 3812 3550 3893; x_wconf 83' lang='lat' dir='ltr'><strong>labore</strong></span> <span class='ocrx_word' id='word_1_774' title='bbox 3578 3824 3710 3880; x_wconf 91' lang='lat' dir='ltr'><strong>opus</strong></span> 
     </span>
    </p>
   </div>
   <div class='ocr_carea' id='block_1_101' title="bbox 2135 3902 3710 3987">
    <p class='ocr_par' dir='ltr' id='par_1_101' title="bbox 2135 3902 3710 3987">
     <span class='ocr_line' id='line_1_101' title="bbox 2135 3902 3710 3987; baseline -0.013 -9"><span class='ocrx_word' id='word_1_775' title='bbox 2135 3930 2252 3987; x_wconf 89' lang='lat' dir='ltr'><strong>est,</strong></span> <span class='ocrx_word' id='word_1_776' title='bbox 2299 3919 2393 3976; x_wconf 89' lang='lat' dir='ltr'><strong>sed</strong></span> <span class='ocrx_word' id='word_1_777' title='bbox 2437 3918 2643 3974; x_wconf 90' lang='lat' dir='ltr'><strong>modica</strong></span> <span class='ocrx_word' id='word_1_778' title='bbox 2690 3913 3096 3979; x_wconf 78' lang='lat' dir='ltr'><strong>observatione;</strong></span> <span class='ocrx_word' id='word_1_779' title='bbox 3146 3919 3201 3979; x_wconf 86' lang='lat' dir='ltr'><strong>et</strong></span> <span class='ocrx_word' id='word_1_780' title='bbox 3241 3907 3386 3979; x_wconf 80' lang='lat' dir='ltr'><strong>brevi</strong></span> <span class='ocrx_word' id='word_1_781' title='bbox 3438 3902 3710 3980; x_wconf 75' lang='lat' dir='ltr'><strong>diligentia</strong></span> 
     </span>
    </p>
   </div>
   <div class='ocr_carea' id='block_1_102' title="bbox 2137 3999 3710 4083">
    <p class='ocr_par' dir='ltr' id='par_1_102' title="bbox 2137 3999 3710 4083">
     <span class='ocr_line' id='line_1_102' title="bbox 2137 3999 3710 4083; baseline -0.014 -14"><span class='ocrx_word' id='word_1_782' title='bbox 2137 4027 2375 4083; x_wconf 81' lang='lat' dir='ltr'><strong>egemus,</strong></span> <span class='ocrx_word' id='word_1_783' title='bbox 2406 4019 2465 4066; x_wconf 84' lang='lat' dir='ltr'><strong>ut</strong></span> <span class='ocrx_word' id='word_1_784' title='bbox 2492 4008 2593 4080; x_wconf 87' lang='lat' dir='ltr'><strong>ipsi</strong></span> <span class='ocrx_word' id='word_1_785' title='bbox 2615 4006 2839 4081; x_wconf 75' lang='lat' dir='ltr'><strong>correcti</strong></span> <span class='ocrx_word' id='word_1_786' title='bbox 2864 4004 2985 4072; x_wconf 73' lang='lat' dir='ltr'><strong>aliis</strong></span> <span class='ocrx_word' id='word_1_787' title='bbox 3008 4002 3257 4072; x_wconf 78' lang='lat' dir='ltr'><strong>doctores</strong></span> <span class='ocrx_word' id='word_1_788' title='bbox 3286 3999 3449 4063; x_wconf 86' lang='lat' dir='ltr'><strong>simus</strong></span> <span class='ocrx_word' id='word_1_789' title='bbox 3468 4034 3483 4059; x_wconf 91' lang='lat'><strong>,</strong></span> <span class='ocrx_word' id='word_1_790' title='bbox 3514 4003 3567 4049; x_wconf 91' lang='lat' dir='ltr'><strong>et</strong></span> <span class='ocrx_word' id='word_1_791' title='bbox 3589 4008 3710 4048; x_wconf 86' lang='lat' dir='ltr'><strong>cum</strong></span> 
     </span>
    </p>
   </div>
   <div class='ocr_carea' id='block_1_103' title="bbox 2139 4085 3710 4168">
    <p class='ocr_par' dir='ltr' id='par_1_103' title="bbox 2139 4085 3710 4168">
     <span class='ocr_line' id='line_1_103' title="bbox 2139 4085 3710 4168; baseline -0.015 -9"><span class='ocrx_word' id='word_1_792' title='bbox 2139 4104 2330 4159; x_wconf 78' lang='lat' dir='ltr'><strong>ﬁducia</strong></span> <span class='ocrx_word' id='word_1_793' title='bbox 2356 4116 2565 4158; x_wconf 87' lang='lat' dir='ltr'><strong>sacrum</strong></span> <span class='ocrx_word' id='word_1_794' title='bbox 2595 4097 2790 4168; x_wconf 87' lang='lat' dir='ltr'><strong>pascha</strong></span> <span class='ocrx_word' id='word_1_795' title='bbox 2820 4095 3117 4159; x_wconf 87' lang='lat' dir='ltr'><strong>videamus,</strong></span> <span class='ocrx_word' id='word_1_796' title='bbox 3143 4102 3342 4147; x_wconf 88' lang='lat' dir='ltr'><strong>etcum</strong></span> <span class='ocrx_word' id='word_1_797' title='bbox 3368 4086 3530 4165; x_wconf 86' lang='lat' dir='ltr'><strong>multa</strong></span> <span class='ocrx_word' id='word_1_798' title='bbox 3557 4085 3710 4157; x_wconf 73' lang='lat' dir='ltr'><strong>volu-</strong></span> 
     </span>
    </p>
   </div>
   <div class='ocr_carea' id='block_1_104' title="bbox 2137 4177 3710 4269">
    <p class='ocr_par' dir='ltr' id='par_1_104' title="bbox 2137 4177 3710 4269">
     <span class='ocr_line' id='line_1_104' title="bbox 2137 4177 3710 4269; baseline -0.015 -16"><span class='ocrx_word' id='word_1_799' title='bbox 2137 4206 2282 4269; x_wconf 87' lang='lat' dir='ltr'><strong>ptate</strong></span> <span class='ocrx_word' id='word_1_800' title='bbox 2323 4195 2536 4264; x_wconf 86' lang='lat' dir='ltr'><strong>duplam</strong></span> <span class='ocrx_word' id='word_1_801' title='bbox 2574 4201 2631 4263; x_wconf 83' lang='lat' dir='ltr'><strong>et</strong></span> <span class='ocrx_word' id='word_1_802' title='bbox 2667 4189 2881 4261; x_wconf 79' lang='lat' dir='ltr'><strong>tripiam</strong></span> <span class='ocrx_word' id='word_1_803' title='bbox 2923 4194 3230 4252; x_wconf 78' lang='lat' dir='ltr'><strong>consuetam</strong></span> <span class='ocrx_word' id='word_1_804' title='bbox 3273 4180 3543 4250; x_wconf 87' lang='lat' dir='ltr'><strong>capiamus</strong></span> <span class='ocrx_word' id='word_1_805' title='bbox 3575 4177 3710 4269; x_wconf 55' lang='lat' dir='ltr'><strong>laeti-</strong></span> 
     </span>
    </p>
   </div>
   <div class='ocr_carea' id='block_1_105' title="bbox 2141 4266 3712 4349">
    <p class='ocr_par' dir='ltr' id='par_1_105' title="bbox 2141 4266 3712 4349">
     <span class='ocr_line' id='line_1_105' title="bbox 2141 4266 3712 4349; baseline -0.015 -6"><span class='ocrx_word' id='word_1_806' title='bbox 2141 4266 2286 4343; x_wconf 79' lang='lat' dir='ltr'><strong>tiam.</strong></span> <span class='ocrx_word' id='word_1_807' title='bbox 2313 4285 2429 4342; x_wconf 84' lang='lat' dir='ltr'><strong>Non</strong></span> <span class='ocrx_word' id='word_1_808' title='bbox 2451 4284 2594 4346; x_wconf 80' lang='lat' dir='ltr'><strong>enim</strong></span> <span class='ocrx_word' id='word_1_809' title='bbox 2618 4290 2823 4347; x_wconf 68' lang='grc' dir='ltr'>ιειιιιμιῐι</span> <span class='ocrx_word' id='word_1_810' title='bbox 2849 4291 2947 4345; x_wconf 80' lang='lat' dir='ltr'><strong>nos</strong></span> <span class='ocrx_word' id='word_1_811' title='bbox 2967 4275 3151 4348; x_wconf 73' lang='lat' dir='ltr'><strong>jejunii</strong></span> <span class='ocrx_word' id='word_1_812' title='bbox 3179 4272 3450 4349; x_wconf 76' lang='lat' dir='ltr'><strong>laboribus</strong></span> <span class='ocrx_word' id='word_1_813' title='bbox 3474 4279 3526 4325; x_wconf 92' lang='lat' dir='ltr'><strong>et</strong></span> <span class='ocrx_word' id='word_1_814' title='bbox 3548 4266 3712 4331; x_wconf 87' lang='lat' dir='ltr'><strong>sudo-</strong></span> 
     </span>
    </p>
   </div>
   <div class='ocr_carea' id='block_1_106' title="bbox 2140 4359 3716 4441">
    <p class='ocr_par' dir='ltr' id='par_1_106' title="bbox 2140 4359 3716 4441">
     <span class='ocr_line' id='line_1_106' title="bbox 2140 4359 3716 4441; baseline -0.014 -5"><span class='ocrx_word' id='word_1_815' title='bbox 2140 4381 2286 4436; x_wconf 90' lang='lat' dir='ltr'><strong>ribus</strong></span> <span class='ocrx_word' id='word_1_816' title='bbox 2311 4379 2558 4434; x_wconf 81' lang='lat' dir='ltr'><strong>liberatos</strong></span> <span class='ocrx_word' id='word_1_817' title='bbox 2578 4388 2698 4435; x_wconf 68' lang='lat' dir='ltr'><strong>esse</strong></span> <span class='ocrx_word' id='word_1_818' title='bbox 2729 4372 2958 4437; x_wconf 76' lang='lat' dir='ltr'><strong>delectat</strong></span> <span class='ocrx_word' id='word_1_819' title='bbox 2975 4406 2990 4430; x_wconf 88' lang='lat'><strong>.</strong></span> <span class='ocrx_word' id='word_1_820' title='bbox 3018 4376 3272 4441; x_wconf 71' lang='lat' dir='ltr'><strong>quantum</strong></span> <span class='ocrx_word' id='word_1_821' title='bbox 3299 4377 3419 4418; x_wconf 90' lang='lat' dir='ltr'><strong>cum</strong></span> <span class='ocrx_word' id='word_1_822' title='bbox 3446 4359 3637 4436; x_wconf 82' lang='lat' dir='ltr'><strong>merito</strong></span> <span class='ocrx_word' id='word_1_823' title='bbox 3662 4366 3716 4412; x_wconf 84' lang='lat' dir='ltr'><strong>et</strong></span> 
     </span>
    </p>
   </div>
   <div class='ocr_carea' id='block_1_107' title="bbox 2141 4454 3713 4543">
    <p class='ocr_par' dir='ltr' id='par_1_107' title="bbox 2141 4454 3713 4543">
     <span class='ocr_line' id='line_1_107' title="bbox 2141 4454 3713 4543; baseline -0.016 -16"><span class='ocrx_word' id='word_1_824' title='bbox 2141 4469 2416 4543; x_wconf 88' lang='lat' dir='ltr'><strong>splendida</strong></span> <span class='ocrx_word' id='word_1_825' title='bbox 2461 4481 2660 4539; x_wconf 78' lang='lat' dir='ltr'><strong>corona</strong></span> <span class='ocrx_word' id='word_1_826' title='bbox 2703 4477 2871 4527; x_wconf 79' lang='lat' dir='ltr'><strong>sacrae</strong></span> <span class='ocrx_word' id='word_1_827' title='bbox 2915 4460 2991 4526; x_wconf 81' lang='lat' dir='ltr'><strong>illi</strong></span> <span class='ocrx_word' id='word_1_828' title='bbox 3039 4454 3362 4519; x_wconf 90' lang='lat' dir='ltr'><strong>solemnitati</strong></span> <span class='ocrx_word' id='word_1_829' title='bbox 3403 4463 3713 4543; x_wconf 69' lang='lat' dir='ltr'><strong>occurrere,</strong></span> 
     </span>
    </p>
   </div>
   <div class='ocr_carea' id='block_1_108' title="bbox 2142 4539 3717 4629">
    <p class='ocr_par' dir='ltr' id='par_1_108' title="bbox 2142 4539 3717 4629">
     <span class='ocr_line' id='line_1_108' title="bbox 2142 4539 3717 4629; baseline -0.017 -10"><span class='ocrx_word' id='word_1_830' title='bbox 2142 4539 2339 4619; x_wconf 78' lang='lat' dir='ltr'><strong>corona</strong></span> <span class='ocrx_word' id='word_1_831' title='bbox 2361 4573 2648 4629; x_wconf 88' lang='lat' dir='ltr'><strong>numquam</strong></span> <span class='ocrx_word' id='word_1_832' title='bbox 2673 4559 3057 4621; x_wconf 83' lang='lat' dir='ltr'><strong>marcescente.</strong></span> <span class='ocrx_word' id='word_1_833' title='bbox 3082 4548 3152 4605; x_wconf 90' lang='lat' dir='ltr'><strong>Ut</strong></span> <span class='ocrx_word' id='word_1_834' title='bbox 3169 4557 3346 4609; x_wconf 85' lang='lat' dir='ltr'><strong>autem</strong></span> <span class='ocrx_word' id='word_1_835' title='bbox 3373 4542 3598 4621; x_wconf 72' lang='lat' dir='ltr'><strong>celerior</strong></span> <span class='ocrx_word' id='word_1_836' title='bbox 3624 4539 3717 4603; x_wconf 75' lang='lat' dir='ltr'><strong>ﬁat</strong></span> 
     </span>
    </p>
   </div>
   <div class='ocr_carea' id='block_1_109' title="bbox 2144 4629 3720 4719">
    <p class='ocr_par' dir='ltr' id='par_1_109' title="bbox 2144 4629 3720 4719">
     <span class='ocr_line' id='line_1_109' title="bbox 2144 4629 3720 4719; baseline -0.017 -9"><span class='ocrx_word' id='word_1_837' title='bbox 2144 4652 2468 4718; x_wconf 88' lang='lat' dir='ltr'><strong>emendatio,</strong></span> <span class='ocrx_word' id='word_1_838' title='bbox 2510 4652 2611 4707; x_wconf 91' lang='lat' dir='ltr'><strong>hoc</strong></span> <span class='ocrx_word' id='word_1_839' title='bbox 2648 4647 2731 4719; x_wconf 86' lang='lat' dir='ltr'><strong>fac</strong></span> <span class='ocrx_word' id='word_1_840' title='bbox 2769 4643 2910 4715; x_wconf 87' lang='lat' dir='ltr'><strong>quod</strong></span> <span class='ocrx_word' id='word_1_841' title='bbox 2933 4642 3087 4697; x_wconf 89' lang='lat' dir='ltr'><strong>dico:</strong></span> <span class='ocrx_word' id='word_1_842' title='bbox 3111 4636 3284 4694; x_wconf 86' lang='lat' dir='ltr'><strong>scribe</strong></span> <span class='ocrx_word' id='word_1_843' title='bbox 3309 4635 3361 4691; x_wconf 91' lang='lat' dir='ltr'><strong>in</strong></span> <span class='ocrx_word' id='word_1_844' title='bbox 3390 4633 3590 4717; x_wconf 87' lang='lat' dir='ltr'><strong>pariete</strong></span> <span class='ocrx_word' id='word_1_845' title='bbox 3618 4629 3720 4684; x_wconf 88' lang='lat' dir='ltr'><strong>do-</strong></span> 
     </span>
    </p>
   </div>
   <div class='ocr_carea' id='block_1_110' title="bbox 2148 4721 3720 4807">
    <p class='ocr_par' dir='ltr' id='par_1_110' title="bbox 2148 4721 3720 4807">
     <span class='ocr_line' id='line_1_110' title="bbox 2148 4721 3720 4807; baseline -0.017 -8"><span class='ocrx_word' id='word_1_846' title='bbox 2148 4758 2265 4799; x_wconf 88' lang='lat' dir='ltr'><strong>mus</strong></span> <span class='ocrx_word' id='word_1_847' title='bbox 2293 4753 2396 4799; x_wconf 66' lang='lat' dir='ltr'><strong>tua:</strong></span> <span class='ocrx_word' id='word_1_848' title='bbox 2415 4782 2430 4806; x_wconf 86' lang='lat'><strong>,</strong></span> <span class='ocrx_word' id='word_1_849' title='bbox 2458 4752 2513 4799; x_wconf 83' lang='lat' dir='ltr'><strong>et</strong></span> <span class='ocrx_word' id='word_1_850' title='bbox 2538 4740 2591 4800; x_wconf 85' lang='lat' dir='ltr'><strong>in</strong></span> <span class='ocrx_word' id='word_1_851' title='bbox 2618 4736 2797 4805; x_wconf 82' lang='lat' dir='ltr'><strong>cordis</strong></span> <span class='ocrx_word' id='word_1_852' title='bbox 2826 4735 2898 4789; x_wconf 91' lang='lat' dir='ltr'><strong>tui</strong></span> <span class='ocrx_word' id='word_1_853' title='bbox 2927 4732 3127 4807; x_wconf 79' lang='lat' dir='ltr'><strong>pariete</strong></span> <span class='ocrx_word' id='word_1_854' title='bbox 3152 4728 3341 4805; x_wconf 86' lang='lat' dir='ltr'><strong>falcem</strong></span> <span class='ocrx_word' id='word_1_855' title='bbox 3368 4726 3508 4780; x_wconf 89' lang='lat' dir='ltr'><strong>illam</strong></span> <span class='ocrx_word' id='word_1_856' title='bbox 3537 4721 3720 4795; x_wconf 81' lang='lat' dir='ltr'><strong>volan-</strong></span> 
     </span>
    </p>
   </div>
   <div class='ocr_carea' id='block_1_111' title="bbox 2147 4812 3713 4901">
    <p class='ocr_par' dir='ltr' id='par_1_111' title="bbox 2147 4812 3713 4901">
     <span class='ocr_line' id='line_1_111' title="bbox 2147 4812 3713 4901; baseline -0.016 -10"><span class='ocrx_word' id='word_1_857' title='bbox 2147 4847 2277 4899; x_wconf 88' lang='lat' dir='ltr'><strong>tem,</strong></span> <span class='ocrx_word' id='word_1_858' title='bbox 2306 4842 2361 4890; x_wconf 90' lang='lat' dir='ltr'><strong>et</strong></span> <span class='ocrx_word' id='word_1_859' title='bbox 2385 4834 2521 4888; x_wconf 88' lang='lat' dir='ltr'><strong>hanc</strong></span> <span class='ocrx_word' id='word_1_860' title='bbox 2543 4830 2610 4885; x_wconf 82' lang='lat' dir='ltr'><strong>ad</strong></span> <span class='ocrx_word' id='word_1_861' title='bbox 2634 4827 3055 4895; x_wconf 86' lang='lat' dir='ltr'><strong>maledictionem</strong></span> <span class='ocrx_word' id='word_1_862' title='bbox 3082 4822 3262 4891; x_wconf 89' lang='lat' dir='ltr'><strong>volare</strong></span> <span class='ocrx_word' id='word_1_863' title='bbox 3289 4827 3413 4888; x_wconf 90' lang='lat' dir='ltr'><strong>puta</strong></span> <span class='ocrx_word' id='word_1_864' title='bbox 3435 4814 3621 4901; x_wconf 76' lang='grc' dir='ltr'><strong>(ΖαοΙι.</strong></span> <span class='ocrx_word' id='word_1_865' title='bbox 3655 4812 3713 4868; x_wconf 81' lang='lat'><strong>5.</strong></span> 
     </span>
    </p>
   </div>
   <div class='ocr_carea' id='block_1_112' title="bbox 2151 4908 3721 4995">
    <p class='ocr_par' dir='ltr' id='par_1_112' title="bbox 2151 4908 3721 4995">
     <span class='ocr_line' id='line_1_112' title="bbox 2151 4908 3721 4995; baseline -0.015 -15"><span class='ocrx_word' id='word_1_866' title='bbox 2151 4926 2270 4995; x_wconf 75' lang='grc'><strong>1-5)</strong></span> <span class='ocrx_word' id='word_1_867' title='bbox 2292 4942 2304 4978; x_wconf 90' lang='lat'>:</span> <span class='ocrx_word' id='word_1_868' title='bbox 2327 4931 2383 4981; x_wconf 86' lang='lat' dir='ltr'><strong>et</strong></span> <span class='ocrx_word' id='word_1_869' title='bbox 2408 4920 2620 4981; x_wconf 69' lang='lat' dir='ltr'><strong>aSSidue</strong></span> <span class='ocrx_word' id='word_1_870' title='bbox 2654 4920 2823 4989; x_wconf 84' lang='lat' dir='ltr'><strong>ipsam</strong></span> <span class='ocrx_word' id='word_1_871' title='bbox 2852 4914 3103 4986; x_wconf 83' lang='lat' dir='ltr'><strong>recogita,</strong></span> <span class='ocrx_word' id='word_1_872' title='bbox 3136 4912 3248 4967; x_wconf 88' lang='lat' dir='ltr'><strong>sive</strong></span> <span class='ocrx_word' id='word_1_873' title='bbox 3274 4908 3433 4987; x_wconf 87' lang='lat' dir='ltr'><strong>alium</strong></span> <span class='ocrx_word' id='word_1_874' title='bbox 3453 4908 3721 4976; x_wconf 88' lang='lat' dir='ltr'><strong>jurautem</strong></span> 
     </span>
    </p>
   </div>
   <div class='ocr_carea' id='block_1_113' title="bbox 2151 5010 3720 5083">
    <p class='ocr_par' dir='ltr' id='par_1_113' title="bbox 2151 5010 3720 5083">
     <span class='ocr_line' id='line_1_113' title="bbox 2151 5010 3720 5083; baseline -0.014 -14"><span class='ocrx_word' id='word_1_875' title='bbox 2151 5015 2351 5081; x_wconf 89' lang='lat' dir='ltr'><strong>videas,</strong></span> <span class='ocrx_word' id='word_1_876' title='bbox 2375 5013 2583 5077; x_wconf 89' lang='lat' dir='ltr'><strong>cohibe,</strong></span> <span class='ocrx_word' id='word_1_877' title='bbox 2604 5020 2745 5077; x_wconf 72' lang='lat' dir='ltr'><strong>veta,</strong></span> <span class='ocrx_word' id='word_1_878' title='bbox 2766 5016 2821 5062; x_wconf 91' lang='lat' dir='ltr'><strong>et</strong></span> <span class='ocrx_word' id='word_1_879' title='bbox 2838 5020 3018 5075; x_wconf 86' lang='lat' dir='ltr'><strong>curam</strong></span> <span class='ocrx_word' id='word_1_880' title='bbox 3045 5014 3255 5083; x_wconf 78' lang='lat' dir='ltr'><strong>tuorum</strong></span> <span class='ocrx_word' id='word_1_881' title='bbox 3279 5014 3405 5071; x_wconf 81' lang='lat' dir='ltr'><strong>gere</strong></span> <span class='ocrx_word' id='word_1_882' title='bbox 3424 5010 3720 5065; x_wconf 85' lang='lat' dir='ltr'><strong>servorum.</strong></span> 
     </span>
    </p>
   </div>
   <div class='ocr_carea' id='block_1_114' title="bbox 2150 5085 3724 5173">
    <p class='ocr_par' dir='ltr' id='par_1_114' title="bbox 2150 5085 3724 5173">
     <span class='ocr_line' id='line_1_114' title="bbox 2150 5085 3724 5173; baseline -0.013 -12"><span class='ocrx_word' id='word_1_883' title='bbox 2150 5108 2205 5162; x_wconf 85' lang='lat' dir='ltr'><strong>Si</strong></span> <span class='ocrx_word' id='word_1_884' title='bbox 2227 5104 2368 5163; x_wconf 88' lang='lat' dir='ltr'><strong>enim</strong></span> <span class='ocrx_word' id='word_1_885' title='bbox 2396 5105 2496 5160; x_wconf 88' lang='lat' dir='ltr'><strong>hoc</strong></span> <span class='ocrx_word' id='word_1_886' title='bbox 2521 5100 2939 5173; x_wconf 80' lang='lat' dir='ltr'><strong>consideremus,</strong></span> <span class='ocrx_word' id='word_1_887' title='bbox 2957 5093 3231 5171; x_wconf 82' lang='lat' dir='ltr'><strong>quomodo</strong></span> <span class='ocrx_word' id='word_1_888' title='bbox 3256 5107 3361 5147; x_wconf 92' lang='lat' dir='ltr'><strong>non</strong></span> <span class='ocrx_word' id='word_1_889' title='bbox 3389 5097 3593 5167; x_wconf 88' lang='lat' dir='ltr'><strong>tantum</strong></span> <span class='ocrx_word' id='word_1_890' title='bbox 3623 5085 3724 5157; x_wconf 86' lang='lat' dir='ltr'><strong>ipsi</strong></span> 
     </span>
    </p>
   </div>
   <div class='ocr_carea' id='block_1_115' title="bbox 2153 5174 3724 5263">
    <p class='ocr_par' dir='ltr' id='par_1_115' title="bbox 2153 5174 3724 5263">
     <span class='ocr_line' id='line_1_115' title="bbox 2153 5174 3724 5263; baseline -0.015 -9"><span class='ocrx_word' id='word_1_891' title='bbox 2153 5204 2297 5254; x_wconf 85' lang='lat' dir='ltr'><strong>recte</strong></span> <span class='ocrx_word' id='word_1_892' title='bbox 2341 5209 2437 5251; x_wconf 88' lang='lat' dir='ltr'><strong>nos</strong></span> <span class='ocrx_word' id='word_1_893' title='bbox 2462 5206 2743 5263; x_wconf 81' lang='lat' dir='ltr'><strong>geramus,</strong></span> <span class='ocrx_word' id='word_1_894' title='bbox 2787 5188 2881 5245; x_wconf 90' lang='lat' dir='ltr'><strong>sed</strong></span> <span class='ocrx_word' id='word_1_895' title='bbox 2925 5196 2979 5259; x_wconf 78' lang='lat' dir='ltr'><strong>et</strong></span> <span class='ocrx_word' id='word_1_896' title='bbox 3007 5174 3149 5241; x_wconf 86' lang='lat' dir='ltr'><strong>alios</strong></span> <span class='ocrx_word' id='word_1_897' title='bbox 3164 5184 3217 5239; x_wconf 92' lang='lat' dir='ltr'><strong>in</strong></span> <span class='ocrx_word' id='word_1_898' title='bbox 3245 5181 3347 5255; x_wconf 83' lang='lat' dir='ltr'><strong>hoc</strong></span> <span class='ocrx_word' id='word_1_899' title='bbox 3368 5180 3684 5263; x_wconf 76' lang='lat' dir='ltr'><strong>inducamus</strong></span> <span class='ocrx_word' id='word_1_900' title='bbox 3705 5215 3724 5241; x_wconf 94' lang='lat'><strong>,</strong></span> 
     </span>
    </p>
   </div>
   <div class='ocr_carea' id='block_1_116' title="bbox 2152 5262 3727 5359">
    <p class='ocr_par' dir='ltr' id='par_1_116' title="bbox 2152 5262 3727 5359">
     <span class='ocr_line' id='line_1_116' title="bbox 2152 5262 3727 5359; baseline -0.013 -17"><span class='ocrx_word' id='word_1_901' title='bbox 2152 5287 2394 5351; x_wconf 80' lang='lat' dir='ltr'><strong>celeriter</strong></span> <span class='ocrx_word' id='word_1_902' title='bbox 2416 5262 2514 5355; x_wconf 81' lang='lat' dir='ltr'><strong>ipsi</strong></span> <span class='ocrx_word' id='word_1_903' title='bbox 2538 5283 2603 5339; x_wconf 88' lang='lat' dir='ltr'><strong>ad</strong></span> <span class='ocrx_word' id='word_1_904' title='bbox 2622 5283 2781 5349; x_wconf 70' lang='lat' dir='ltr'><strong>tinem</strong></span> <span class='ocrx_word' id='word_1_905' title='bbox 2808 5278 3099 5359; x_wconf 80' lang='lat' dir='ltr'><strong>veniemus.</strong></span> <span class='ocrx_word' id='word_1_906' title='bbox 3122 5274 3269 5339; x_wconf 83' lang='lat' dir='ltr'><strong>Alios</strong></span> <span class='ocrx_word' id='word_1_907' title='bbox 3287 5272 3428 5328; x_wconf 90' lang='lat' dir='ltr'><strong>enim</strong></span> <span class='ocrx_word' id='word_1_908' title='bbox 3455 5262 3727 5347; x_wconf 80' lang='lat' dir='ltr'><strong>corrigere</strong></span> 
     </span>
    </p>
   </div>
   <div class='ocr_carea' id='block_1_117' title="bbox 2154 5358 3727 5450">
    <p class='ocr_par' dir='ltr' id='par_1_117' title="bbox 2154 5358 3727 5450">
     <span class='ocr_line' id='line_1_117' title="bbox 2154 5358 3727 5450; baseline -0.015 -14"><span class='ocrx_word' id='word_1_909' title='bbox 2154 5378 2518 5450; x_wconf 83' lang='lat' dir='ltr'><strong>aggredicntes</strong></span> <span class='ocrx_word' id='word_1_910' title='bbox 2538 5418 2551 5440; x_wconf 84' lang='lat'><strong>,</strong></span> <span class='ocrx_word' id='word_1_911' title='bbox 2585 5373 2948 5447; x_wconf 80' lang='lat' dir='ltr'><strong>erubescimus</strong></span> <span class='ocrx_word' id='word_1_912' title='bbox 2971 5358 3026 5429; x_wconf 86' lang='lat' dir='ltr'><strong>et</strong></span> <span class='ocrx_word' id='word_1_913' title='bbox 3048 5364 3442 5439; x_wconf 86' lang='lat' dir='ltr'><strong>confundimur,</strong></span> <span class='ocrx_word' id='word_1_914' title='bbox 3469 5376 3587 5441; x_wconf 71' lang='lat' dir='ltr'><strong>qua:</strong></span> <span class='ocrx_word' id='word_1_915' title='bbox 3600 5358 3727 5414; x_wconf 80' lang='lat' dir='ltr'><strong>aliis</strong></span> 
     </span>
    </p>
   </div>
   <div class='ocr_carea' id='block_1_118' title="bbox 2155 5452 3729 5537">
    <p class='ocr_par' dir='ltr' id='par_1_118' title="bbox 2155 5452 3729 5537">
     <span class='ocr_line' id='line_1_118' title="bbox 2155 5452 3729 5537; baseline -0.014 -8"><span class='ocrx_word' id='word_1_916' title='bbox 2155 5472 2486 5535; x_wconf 87' lang='lat' dir='ltr'><strong>mandamus,</strong></span> <span class='ocrx_word' id='word_1_917' title='bbox 2511 5472 2626 5524; x_wconf 76' lang='lat' dir='ltr'><strong>hzec</strong></span> <span class='ocrx_word' id='word_1_918' title='bbox 2643 5466 2744 5536; x_wconf 89' lang='lat' dir='ltr'><strong>ipsi</strong></span> <span class='ocrx_word' id='word_1_919' title='bbox 2765 5466 3087 5537; x_wconf 80' lang='lat' dir='ltr'><strong>amittentes.</strong></span> <span class='ocrx_word' id='word_1_920' title='bbox 3110 5459 3218 5537; x_wconf 61' lang='lat' dir='ltr'><strong>Nec</strong></span> <span class='ocrx_word' id='word_1_921' title='bbox 3237 5452 3475 5529; x_wconf 83' lang='lat' dir='ltr'><strong>pluribus</strong></span> <span class='ocrx_word' id='word_1_922' title='bbox 3493 5463 3577 5531; x_wconf 86' lang='lat' dir='ltr'><strong>est</strong></span> <span class='ocrx_word' id='word_1_923' title='bbox 3594 5465 3729 5522; x_wconf 86' lang='lat' dir='ltr'><strong>opus</strong></span> 
     </span>
    </p>
   </div>
   <div class='ocr_carea' id='block_1_119' title="bbox 2155 5544 3728 5637">
    <p class='ocr_par' dir='ltr' id='par_1_119' title="bbox 2155 5544 3728 5637">
     <span class='ocr_line' id='line_1_119' title="bbox 2155 5544 3728 5637; baseline -0.016 -16"><span class='ocrx_word' id='word_1_924' title='bbox 2155 5562 2491 5625; x_wconf 87' lang='lat' dir='ltr'><strong>sermonibus</strong></span> <span class='ocrx_word' id='word_1_925' title='bbox 2515 5578 2528 5613; x_wconf 89' lang='lat'><strong>:</strong></span> <span class='ocrx_word' id='word_1_926' title='bbox 2552 5558 2716 5615; x_wconf 91' lang='lat' dir='ltr'><strong>multa</strong></span> <span class='ocrx_word' id='word_1_927' title='bbox 2750 5556 2901 5637; x_wconf 76' lang='lat' dir='ltr'><strong>enim</strong></span> <span class='ocrx_word' id='word_1_928' title='bbox 2942 5553 3085 5624; x_wconf 78' lang='lat' dir='ltr'><strong>prius</strong></span> <span class='ocrx_word' id='word_1_929' title='bbox 3114 5559 3237 5613; x_wconf 85' lang='lat' dir='ltr'><strong>sunt</strong></span> <span class='ocrx_word' id='word_1_930' title='bbox 3272 5544 3683 5627; x_wconf 83' lang='lat' dir='ltr'><strong>commemorata</strong></span> <span class='ocrx_word' id='word_1_931' title='bbox 3710 5581 3728 5607; x_wconf 91' lang='lat'><strong>,</strong></span> 
     </span>
    </p>
   </div>
   <div class='ocr_carea' id='block_1_120' title="bbox 2158 5638 3728 5715">
    <p class='ocr_par' dir='ltr' id='par_1_120' title="bbox 2158 5638 3728 5715">
     <span class='ocr_line' id='line_1_120' title="bbox 2158 5638 3728 5715; baseline -0.014 -3"><span class='ocrx_word' id='word_1_932' title='bbox 2158 5666 2209 5712; x_wconf 90' lang='lat' dir='ltr'><strong>et</strong></span> <span class='ocrx_word' id='word_1_933' title='bbox 2240 5655 2353 5710; x_wconf 74' lang='lat' dir='ltr'><strong>lucc</strong></span> <span class='ocrx_word' id='word_1_934' title='bbox 2375 5651 2694 5709; x_wconf 64' lang='lat' dir='ltr'><strong>renovandae</strong></span> <span class='ocrx_word' id='word_1_935' title='bbox 2710 5647 2985 5715; x_wconf 69' lang='lat' dir='ltr'><strong>memoria:</strong></span> <span class='ocrx_word' id='word_1_936' title='bbox 3011 5652 3212 5699; x_wconf 81' lang='lat' dir='ltr'><strong>tantum</strong></span> <span class='ocrx_word' id='word_1_937' title='bbox 3239 5654 3395 5695; x_wconf 86' lang='lat' dir='ltr'><strong>causa</strong></span> <span class='ocrx_word' id='word_1_938' title='bbox 3416 5638 3556 5711; x_wconf 87' lang='lat' dir='ltr'><strong>dicta</strong></span> <span class='ocrx_word' id='word_1_939' title='bbox 3579 5642 3728 5691; x_wconf 88' lang='lat' dir='ltr'><strong>sunt.</strong></span> 
     </span>
    </p>
   </div>
   <div class='ocr_carea' id='block_1_121' title="bbox 2163 5724 3724 5815">
    <p class='ocr_par' dir='ltr' id='par_1_121' title="bbox 2163 5724 3724 5815">
     <span class='ocr_line' id='line_1_121' title="bbox 2163 5724 3724 5815; baseline -0.015 -13"><span class='ocrx_word' id='word_1_940' title='bbox 2163 5748 2302 5802; x_wconf 90' lang='lat' dir='ltr'><strong>Deus</strong></span> <span class='ocrx_word' id='word_1_941' title='bbox 2329 5760 2452 5807; x_wconf 82' lang='lat' dir='ltr'><strong>vero</strong></span> <span class='ocrx_word' id='word_1_942' title='bbox 2477 5742 2565 5815; x_wconf 90' lang='lat' dir='ltr'><strong>qui</strong></span> <span class='ocrx_word' id='word_1_943' title='bbox 2593 5741 2758 5813; x_wconf 76' lang='lat' dir='ltr'><strong>magis</strong></span> <span class='ocrx_word' id='word_1_944' title='bbox 2786 5753 2942 5810; x_wconf 86' lang='lat' dir='ltr'><strong>quam</strong></span> <span class='ocrx_word' id='word_1_945' title='bbox 2973 5724 3068 5791; x_wconf 77' lang='lat' dir='ltr'><strong>nos</strong></span> <span class='ocrx_word' id='word_1_946' title='bbox 3096 5733 3288 5805; x_wconf 77' lang='lat' dir='ltr'><strong>nos&#39;ris</strong></span> <span class='ocrx_word' id='word_1_947' title='bbox 3317 5731 3480 5801; x_wconf 85' lang='lat' dir='ltr'><strong>parcit</strong></span> <span class='ocrx_word' id='word_1_948' title='bbox 3508 5726 3724 5789; x_wconf 83' lang='lat' dir='ltr'><strong>animis,</strong></span> 
     </span>
    </p>
   </div>
  </div>
