4112 6388
494 474 551 520 et
574 466 630 522 in
658 462 763 520 hoc
798 472 854 520 et
891 463 946 519 in
979 462 1125 519 omni
1170 477 1270 517 nos
1301 462 1443 517 bono
1480 459 1746 531 perfectos
1791 462 1978 527 faciat,
2025 470 2083 515 ut

492 572 709 614 omnem
746 557 966 626 iustitia:
1006 555 1238 611 fructum
1280 554 1588 625 assequuti,
1629 553 1885 608 canorum
1918 568 2084 623 regno

493 649 639 721 digni
664 664 983 706 censeamur
1002 688 1022 716 ,
1056 649 1222 717 gratia
1250 657 1304 702 et
1334 646 1658 715 benignitate
1684 644 1893 699 Domini
1915 645 2083 700 nostri

490 764 2066 793 .—-L———————————————-——————-—~

1217 348 1274 402 8.
1312 344 1591 403 JOANNIS
1626 343 2106 402 CHRYSOSTOMI
2142 347 2458 406 ARCIIIEP.
2499 349 3031 413 CONSTANTINOP.

3674 369 3783 427 ΗΞ

2193 462 2318 518 Jesu
2359 464 2588 533 Christi,
2641 483 2736 537 per
2773 486 2931 538 quem
2962 482 3015 524 et
3043 487 3163 526 cum
3191 478 3297 544 (ﬂio
3324 475 3470 531 Patri
3493 480 3658 548 gloria
3697 487 3773 539 si-

2196 556 2413 627 mulque
2439 569 2626 613 sancto
2646 559 2888 630 Spiritui.
2920 562 2971 615 in
3000 564 3193 618 saecula
3219 569 3553 624 sweuloruin.
3580 575 3772 631 Amen.

2079 775 3767 804 Ἠ.

488 873 644 920 ιλω
685 873 906 918 ιοιιυιι
948 870 1059 925 QUI
1101 870 1253 915 νοεῖ
1293 869 1494 914 018011
1537 870 1622 912 ΔΙ)
1679 867 2038 912 AUDIENDUI

2137 862 2474 921 'ENEBANT,
2538 866 2622 910 ΕΤ
2690 869 3043 917 ιηἰουιιε
3109 875 3315 919 HUNDI
3379 879 3766 941 ENARRATH),

645 973 803 1017 ιτιιι
846 971 1095 1015 σοαπ-ΕΑ
1138 968 1448 1014 θειπιιες
1475 966 1861 1011 ΩΙΒΔΤΠΙΔΙ
1911 966 1992 1008 υτ
2032 966 2038 1006 l

2137 963 2209 1006 ΠΙ
2255 961 2595 1021 οοιιῑκτεε,
2641 967 2723 1011 Εἰ*
2763 970 2846 1015 ΠΒ
2894 971 3174 1019 νιτιιωο
3200 975 3601 1025 δυωωειπτο.

1900 1089 2320 1144 σεςοωοοοοῃυ

1131 1235 1343 1275 ιοιιιιΑ
1385 1236 1438 1272 Χ.

549 1316 605 1373 1.
642 1313 899 1380 Gaudeo,
935 1323 990 1370 et
1036 1312 1274 1384 gratulor
1302 1311 1549 1366 omnibus
1580 1310 1732 1364 vobis
1756 1349 1774 1374 ,
1799 1306 1941 1378 quod
1975 1305 2067 1359 ad-

2178 1208 2528 1283 reditatibus,
2556 1217 2637 1273 vel
2666 1217 2735 1275 de
2769 1219 2887 1278 aliis
2912 1224 3106 1282 talibus
3141 1242 3174 1282 a
3211 1231 3416 1285 cunctis
3453 1247 3520 1287 eo
3562 1249 3761 1291 conve-

2175 1301 2442 1362 nientibus
2476 1324 2753 1370 sermones
2787 1314 3072 1376 habentur.
3100 1320 3165 1375 Et
3192 1322 3236 1377 si
3266 1323 3318 1377 in
3348 1324 3513 1394 ipsam
3550 1331 3758 1385 veneris

437 1435 441 1439 ν
478 1405 826 1462 ωοηῑιὶοηθιιι
861 1415 1097 1460 nostram
1127 1445 1142 1469 ,
1173 1418 1331 1472 quam
1361 1418 1457 1471 pro
1478 1418 1582 1455 non
1623 1399 1986 1471 ieiunantibus
2012 1405 2068 1451 et
2174 1396 2373 1466 regiam
2392 1439 2411 1465 ,
2433 1410 2487 1456 et
2515 1402 2621 1459 illic
2650 1420 2862 1462 rursum
2890 1423 3079 1467 omnes
3102 1412 3425 1473 disserentes
3463 1421 3647 1477 audies
3688 1425 3756 1479 dc

478 1506 757 1567 propterea
800 1496 1111 1551 absentibus
1139 1510 1307 1563 nuper
1332 1492 1468 1555 feci,
1499 1508 1557 1546 re
1596 1490 1936 1562 prscstitistis.
1964 1490 2067 1543 Ar-

478 1587 647 1641 bitror
665 1585 806 1640 enim
836 1585 1031 1639 multos
1063 1584 1170 1651 iam
1196 1597 1418 1652 pransus
1444 1580 1603 1635 hodie
1635 1580 1822 1635 adesse
1856 1587 1907 1634 et
1948 1578 2064 1646 pul-

473 1678 659 1734 chram
692 1677 829 1734 hanc
858 1678 1011 1733 nobis
1049 1677 1274 1747 implere
1293 1676 1606 1730 concionem
1632 1691 1645 1727 :
1674 1681 1730 1728 et
1764 1672 1867 1727 hoc
1889 1671 2061 1740 conji-

2173 1488 2433 1557 pecuniis,
2460 1490 2530 1547 de
2555 1495 2813 1563 potentia,
2838 1498 2907 1554 de
2933 1500 3100 1570 gloria
3120 1544 3135 1569 ,
3158 1520 3277 1574 qua:
3305 1507 3390 1562 hic
3424 1507 3752 1578 honoratur;

2169 1580 2444 1649 spirituale
2471 1600 2599 1643 vero
2623 1588 2751 1642 nihil
2783 1606 2798 1644 :
2833 1589 2920 1647 hic
2951 1609 3076 1649 vero
3103 1599 3427 1654 contrarium
3456 1612 3620 1657 totum
3640 1645 3656 1669 ,
3682 1605 3752 1661 de

2169 1671 2235 1727 iis
2259 1689 2379 1745 quas
2402 1677 2456 1731 in
2483 1678 2616 1734 corio
2636 1691 2761 1736 sunt
2786 1684 2965 1751 rebus,
2996 1686 3063 1741 de
3091 1687 3290 1757 anima,
3317 1690 3383 1745 de
3406 1692 3511 1746 vita
3548 1706 3745 1763 nostra,

475 1770 561 1825 cio
602 1786 668 1826 eo
691 1811 707 1835 ,
739 1768 880 1839 quod
928 1769 1163 1839 amplius
1200 1767 1354 1825 nobis
1394 1766 1658 1822 theatrum
1688 1764 1884 1820 factum
1913 1765 1981 1819 sit
2007 1772 2063 1819 ct
2167 1775 2221 1821 et
2258 1783 2424 1838 quare
2448 1769 2571 1826 facti
2613 1788 2827 1842 sumus,
2859 1785 2911 1832 et
2937 1794 3101 1848 quare
3145 1780 3232 1837 hic
3262 1792 3463 1839 tantum
3494 1790 3749 1858 temporis

474 1864 644 1934 major
669 1866 1000 1923 audientium
1028 1875 1340 1922 conventus.
1364 1863 1479 1919 Non
1508 1864 1723 1926 frustra,
1746 1870 1801 1916 ut
1828 1860 2057 1927 videtur,

473 1957 672 2013 multos
712 1959 781 2014 de
828 1960 958 2029 ipsis
1001 1973 1278 2014 sermones
1320 1972 1492 2026 nuper
1536 1954 1931 2024 impendimus,
1960 1967 2057 2007 ve-

2164 1872 2578 1952 commoramur,
2597 1874 2650 1920 et
2667 1866 2735 1922 ad
2759 1884 2878 1938 quae
2909 1869 3032 1927 hinc
3062 1872 3369 1944 migramus,
3398 1881 3599 1948 etquid
3628 1892 3745 1952 post

2165 1947 2279 2004 haec
2308 1965 2406 2006 nos
2434 1954 2686 2025 suscipiet
2712 1998 2729 2023 ,
2761 1968 2816 2013 et
2842 1976 2999 2029 quam
3030 1962 3100 2018 ob
3122 1980 3338 2021 causam
3378 1947 3531 2025 nobis
3552 1947 3745 2043 corpus

472 2055 641 2101 stram
664 2048 1009 2104 exhortantes
1029 2047 1372 2113 charitatem,
1401 2046 1546 2117 ipsos
1586 2044 1655 2101 ad
1696 2053 1921 2099 matrem
1950 2054 2059 2098 tra-
2160 2049 2244 2095 est
2275 2042 2471 2100 luteum
2495 2087 2512 2112 ,
2540 2056 2594 2102 et
2620 2065 2739 2119 qua:
2767 2055 2950 2107 mortis
2985 2067 3168 2110 natura
3192 2098 3209 2124 ,
3252 2060 3377 2129 quid
3421 2064 3631 2119 tandem
3648 2042 3743 2122 est

471 2137 631 2205 here,
661 2150 716 2196 et
740 2142 804 2196 iis
828 2142 1153 2212 persuadere
1190 2140 1334 2212 quod
1372 2140 1531 2195 liceat
1557 2148 1613 2194 et
1655 2146 1775 2208 post
1812 2138 2056 2209 corporis

468 2233 852 2288 nutrimentum
917 2235 1213 2306 spiritualis
1274 2247 1414 2289 escae
1472 2230 1878 2302 participatione
1943 2246 2052 2286 non

467 2322 718 2379 fraudari.
750 2325 974 2395 Quando
1001 2341 1165 2394 vero,
1208 2338 1425 2396 quaeso,
1454 2336 1554 2379 vos
1573 2363 1589 2388 ,
1612 2322 1827 2389 dilecti,
1858 2323 2052 2379 melius

465 2414 707 2471 fecistis?
739 2431 807 2471 an
837 2417 1105 2487 prmterita
1134 2415 1321 2488 synaxi
1347 2455 1363 2481 ,
1402 2411 1618 2484 quando
1654 2419 1779 2483 post
1810 2415 2049 2468 mensam

462 2507 529 2563 ad
555 2522 804 2564 somnum
832 2508 1305 2572 convertebamini,
1334 2521 1403 2561 an
1428 2518 1574 2560 nunc
1597 2518 1719 2559 cum
1749 2512 1872 2574 post
1895 2519 2049 2559 men-

460 2613 576 2654 sam
602 2599 673 2655 ad
694 2599 900 2656 divinas
926 2600 1073 2672 leges
1114 2597 1408 2656 audiendas
1434 2595 1799 2653 convenistis?
1833 2595 2047 2666 quando

462 2692 516 2746 in
560 2691 679 2748 foro
721 2692 1234 2759 connnorabamini,
1266 2699 1324 2748 et
1362 2702 1712 2746 consessuum
1757 2687 1889 2743 nihil
1919 2686 2046 2743 boui

461 2784 768 2841 habentium
818 2788 1103 2857 participes
1153 2786 1316 2843 eratis
1338 2827 1354 2851 ,
1386 2799 1455 2839 an
1498 2795 1643 2837 nunc
1673 2780 1886 2851 quando
1920 2794 2043 2836 cum

459 2874 714 2931 fratribus
740 2878 935 2933 vestris
961 2875 1114 2933 statis
1153 2887 1209 2934 et
1250 2878 1592 2948 propheticos
1630 2895 1907 2937 sermones
1949 2896 2045 2937 au-

454 2965 749 3022 ditis?Non
775 2979 857 3023 est
885 2968 1174 3039 ignominia
1194 2968 1477 3027 comedere
1493 3012 1510 3040 ,
1538 2972 1749 3039 dilecti,
1780 2973 1875 3029 sed
1895 2988 2043 3029 sum-

455 3067 546 3127 pto
573 3059 695 3114 cibo
718 3060 861 3116 domi
883 3076 1161 3117 remanere
1186 3070 1242 3117 et
1275 3062 1373 3118 hac
1395 3077 1547 3119 sacra
1572 3064 1910 3120 solemnitate
1933 3066 2043 3136 pri-

453 3151 587 3205 vari.
615 3151 768 3206 Domi
785 3152 929 3207 enim
949 3167 1172 3208 manens
1206 3152 1430 3209 otiosior
1452 3154 1561 3211 eris
1576 3163 1632 3211 et
1658 3156 1907 3226 segnior:
1934 3156 2040 3213 huc
2096 3202 2101 3207 η

451 3252 628 3298 autem
655 3244 874 3300 veniens
896 3286 915 3312 ,
941 3260 1156 3299 omnem
1196 3258 1444 3301 somnum
1481 3253 1538 3301 et
1564 3254 1834 3318 torporem
1873 3263 2038 3303 excu-

450 3335 585 3400 ties,
622 3351 722 3391 nec
752 3345 1019 3405 torporem
1064 3351 1194 3392 vero
1238 3343 1480 3402 tantum,
1525 3337 1620 3394 sed
1663 3346 1720 3393 et
1769 3338 2035 3396 tristitiam

447 3442 661 3481 onmem
690 3427 965 3499 deponens
984 3470 1002 3496 ,
1030 3427 1240 3483 facilior
1266 3437 1322 3484 et
1361 3428 1535 3485 laetior
1574 3429 1628 3484 in
1653 3430 1900 3487 omnibus
1926 3430 2035 3488 eris

446 3518 678 3574 casibus.
708 3518 774 3573 Et
799 3519 929 3589 quid
963 3533 1097 3591 opus
1132 3528 1216 3575 est
1256 3518 1411 3589 plura
1443 3518 1658 3575 dicere?
1686 3519 1778 3575 Sta
1828 3528 2033 3575 tantum

448 3625 613 3679 prope
659 3610 1026 3680 jejunantem,
1076 3621 1134 3668 et
1179 3611 1345 3682 ipsius
1395 3612 1574 3667 statim
1622 3611 1807 3668 odoris
1854 3612 2035 3668 suavi-

446 3711 606 3756 tatem
635 3702 857 3758 senties.
898 3701 1031 3757 Nam
1055 3703 1145 3774 qui
1167 3702 1410 3773 ieiunat,
1456 3711 1781 3772 unguentum
1808 3710 1892 3759 est
1917 3703 2030 3774 spi-

445 3791 635 3847 rituale
656 3833 671 3855 ,
699 3801 754 3847 et
797 3808 893 3863 per
925 3793 1110 3850 oculos
1133 3802 1188 3850 et
1212 3808 1311 3865 per
1351 3794 1584 3865 linguam
1618 3804 1674 3851 et
1718 3809 1814 3864 per
1849 3796 2028 3851 omnia

446 3886 639 3939 bonam
685 3884 877 3940 anima:
912 3884 1317 3954 dispositionem
1358 3884 1642 3942 exhibens.
1665 3884 1792 3941 llaec
1823 3902 1929 3942 non
1969 3897 2030 3944 ut

443 3992 668 4045 pransus
696 3992 945 4033 accusem
977 3978 1125 4046 dixi,
1153 3976 1249 4034 sed
1273 3987 1332 4034 ut
1356 3977 1540 4049 ieiunii
1567 3978 1775 4035 lucrum
1797 3978 2025 4037 demon-

441 4080 630 4126 strem.

512 4162 732 4218 Prwth
759 4162 959 4218 verbum
986 4162 1080 4219 Dei
1120 4162 1300 4218 audin
1324 4178 1476 4233 quam
1494 4162 1755 4234 jejunum.
1779 4191 1851 4203 —
1872 4162 2024 4234 Jeju-

441 4257 587 4312 ninm
622 4273 753 4314 vero
796 4273 900 4312 non
930 4257 1172 4313 ciborum
1200 4256 1582 4313 abstinentiam
1625 4266 1831 4312 tantum
1860 4257 1982 4313 dico
2002 4297 2019 4323 ,

436 4347 531 4403 sed
559 4356 614 4403 et
628 4355 964 4416 peccatorum
992 4347 1167 4418 fugam
1188 4347 1357 4417 magis
1384 4362 1543 4418 quam
1564 4347 1707 4402 illam
1728 4364 1747 4403 :
1770 4350 2023 4419 quoniam

436 4449 492 4497 et
519 4442 865 4507 convi‘vatus,
889 4450 943 4495 et
984 4440 1088 4495 huc
1125 4454 1247 4495 cum
1292 4438 1554 4494 modestia
1583 4438 1855 4509 profectus
1894 4453 2024 4494 con-

434 4548 562 4604 grua
583 4575 599 4600 ,
630 4549 735 4587 non
764 4533 934 4588 multo
957 4547 991 4587 a
1009 4531 1285 4602 ieiunante
1321 4529 1553 4585 vincitur
1581 4546 1597 4585 :
1625 4530 1763 4585 sicut
1787 4530 2019 4585 vicissim

431 4626 678 4698 ieiunans
717 4641 815 4679 nec
842 4640 962 4680 eum
1006 4624 1186 4679 studio
1217 4632 1273 4679 et
1294 4622 1567 4694 diligentia
1596 4622 1662 4677 iis
1686 4638 1807 4692 quae
1828 4622 2018 4677 dicun-

433 4730 521 4776 tur
552 4718 862 4782 attendens,
903 4715 1040 4772 nihil
1061 4732 1127 4772 ex
1156 4716 1258 4773 hoc
1274 4715 1482 4787 jejunio
1510 4730 1760 4785 magnum
1788 4713 2019 4769 lucrabi-

433 4822 536 4865 tur.
577 4810 876 4865 Comcdcns
919 4809 1063 4863 enim
1106 4818 1160 4864 et
1201 4807 1477 4863 concionis
1530 4815 1731 4862 sanctae
1781 4821 2019 4877 congruo

430 4903 608 4957 studio
637 4902 947 4973 participem
974 4916 1035 4956 sc
1064 4899 1285 4966 faciens,
1309 4899 1440 4954 nihil
1475 4897 1792 4954 eomedente
1829 4906 1885 4953 et
1922 4898 2019 4952 ab-

429 5004 587 5049 sente
608 4993 783 5049 multo
805 4993 995 5048 melior
1020 5000 1103 5048 est
1132 5009 1144 5045 :
1173 5006 1279 5046 non
1306 4990 1449 5046 enim
1482 4997 1688 5045 tantum
1716 5002 1815 5044 nos
1843 4988 2017 5045 inedia

429 5087 682 5157 adjuvare
728 5085 955 5156 poterit,
986 5092 1240 5155 quantum
1268 5083 1488 5154 prodest
1511 5091 1567 5139 et
1590 5081 1791 5139 bonum
1816 5080 2014 5150 affert,

428 5177 693 5249 spirituali
719 5176 1015 5246 disciplinae
1044 5176 1324 5231 interesse.
1356 5173 1584 5231 Ubinam
1630 5172 1747 5229 haec
1791 5172 2011 5240 audies,

426 5284 547 5339 qua:
574 5268 660 5323 hic
688 5266 1079 5339 philosopharis
1102 5267 1131 5321 τ
1153 5265 1210 5322 Si
1241 5266 1296 5321 in
1323 5266 1497 5321 forum
1544 5264 1705 5320 iveris
1726 5305 1744 5333 ,
1774 5264 1905 5320 rixze
1940 5264 2014 5321 ibi

426 5373 481 5417 et
508 5378 696 5434 pugnae
724 5378 739 5417 :
769 5361 814 5417 si
846 5361 899 5416 in
918 5360 1143 5425 curiam,
1169 5359 1401 5415 civilium
1430 5372 1609 5414 rerum
1644 5371 1771 5413 cura
1796 5374 1810 5411 :
1842 5355 1892 5412 si
1914 5355 2014 5411 do-
2044 5430 2049 5445 ‘

2046 5450 2049 5457 “
2116 5454 2216 5510 bus
2237 5495 2253 5520 ,
2279 5462 2336 5509 et
2372 5453 2598 5507 alterum
2624 5450 2851 5507 alterum
2879 5466 2985 5505 non
3014 5463 3330 5505 consumere
3347 5488 3365 5515 ,
3392 5448 3518 5503 licet
3558 5448 3697 5503 alte-

425 5471 571 5511 rnum
593 5498 610 5524 ,
640 5455 963 5526 privatarum
1006 5452 1306 5509 sollicitudo
1350 5450 1584 5521 undique
1609 5448 1797 5520 afﬂigit
1827 5466 1840 5503 :
1883 5449 1928 5503 si
1960 5449 2012 5503 in

423 5549 528 5604 fori
552 5545 919 5604 conventicula
947 5554 1002 5601 et
1023 5558 1308 5601 consessus
1329 5584 1345 5606 ,
1378 5541 1557 5596 omnia
1586 5541 1693 5596 illic
1717 5549 1931 5595 terrena
1956 5548 2014 5595 et

422 5640 787 5710 curruptibilia
815 5655 831 5695 :
861 5638 948 5694 vel
976 5636 1118 5694 enim
1145 5634 1214 5691 de
1231 5634 1538 5697 venalibus,
1564 5631 1647 5687 vel
1672 5631 1741 5686 de
1765 5629 1975 5685 tributis
1995 5670 2010 5695 ,

424 5736 509 5791 vel
536 5736 604 5790 de
629 5735 768 5789 lauta
793 5747 978 5788 mensa
1004 5773 1018 5799 ,
1048 5732 1132 5788 vel
1167 5730 1235 5786 de
1258 5743 1508 5801 agrorum
1547 5726 1855 5783 venditione
1874 5767 1890 5792 ,
1922 5724 2013 5779 vel

424 5828 493 5887 de
520 5829 639 5888 aliis
665 5827 1061 5895 contractibus,
1091 5824 1177 5883 vel
1205 5824 1274 5882 de
1298 5821 1630 5883 testamentis
1652 5862 1668 5889 ,
1724 5815 1811 5875 vel
1825 5813 1893 5873 de
1908 5814 2016 5872 bae-

2160 2147 2398 2201 praesens
2421 2137 2525 2191 vita
2550 2148 2605 2194 et
2628 2156 2748 2210 qua:
2773 2142 2944 2197 futura
2976 2163 2991 2200 :
3030 2147 3162 2203 nihil
3189 2165 3404 2218 prorsus
3430 2162 3696 2210 terrenum
3719 2198 3738 2223 ,

2156 2225 2251 2279 sed
2278 2241 2467 2284 omnes
2490 2228 2558 2285 de
2584 2232 2948 2302 spiritualibus
2966 2252 3244 2297 sermones
3264 2243 3416 2299 nobis
3439 2244 3736 2317 habentur;

2155 2326 2210 2371 et
2256 2334 2445 2388 magna
2479 2323 2666 2380 salutis
2709 2337 2905 2382 nostra:
2947 2331 3135 2388 viatica
3168 2336 3473 2406 capientes,
3501 2339 3625 2396 hinc
3664 2341 3737 2397 ita

2154 2421 2274 2462 cum
2304 2409 2443 2466 bona
2472 2426 2569 2483 spe
2596 2417 2960 2487 migrahimus.

2224 2500 2279 2555 2.
2313 2502 2572 2571 Quoniam
2597 2507 2757 2579 igitur
2784 2526 2892 2565 non
2923 2521 3122 2568 temere
3147 2517 3349 2572 semina
3370 2518 3615 2589 iecimus,
3638 2523 3733 2578 sed

2151 2590 2290 2646 sicut
2317 2607 2413 2649 vos
2450 2594 2761 2654 exhortatus
2783 2599 3010 2667 fueram,
3041 2618 3230 2661 omnes
3251 2608 3342 2677 qui
3367 2626 3435 2665 ex
3462 2612 3611 2668 vobis
3633 2613 3733 2669 de-

2149 2680 2385 2742 fecerant
2405 2726 2422 2751 ,
2452 2690 2630 2745 venati
2657 2692 2787 2748 estis
2816 2710 2830 2748 :
2860 2709 2959 2767 age
2984 2704 3040 2752 et
3080 2712 3179 2755 nos
3216 2699 3365 2756 vobis
3390 2704 3613 2774 gratiam
3641 2723 3732 2763 re—

2150 2776 2444 2846 pendamus
2470 2790 2526 2837 et
2553 2796 2719 2853 pauca
2760 2787 2915 2844 vobis
2961 2789 3109 2859 prius
3135 2790 3399 2849 dictorum
3427 2795 3481 2851 in
3522 2813 3729 2855 memo-

2147 2866 2281 2922 riam
2343 2882 2691 2943 revocantes,
2735 2874 2938 2947 reliqua
2978 2894 3188 2951 quoque
3241 2884 3547 2942 reddamus.
3598 2888 3725 2956 Qua:

2146 2957 2304 3030 igitur
2327 2962 2474 3032 prius
2504 2974 2630 3020 sunt
2655 2965 2797 3023 dicta
2815 2968 2840 3023 Υ
2859 2969 3239 3037 Quarrebamus
3260 2978 3487 3047 qualiter
3510 2990 3566 3035 et
3591 2996 3726 3051 quo-

2143 3052 2307 3108 modo
2349 3064 2474 3112 ante
2514 3057 2908 3130 scripturarum
2956 3064 3155 3121 donum
3203 3084 3289 3124 res
3332 3080 3542 3128 nostras
3585 3073 3725 3129 Deus

2141 3142 2405 3215 disposuit
2429 3166 2443 3203 :
2468 3157 2522 3203 et
2545 3148 2884 3221 dicebamus,
2920 3156 3064 3225 quod
3091 3172 3188 3226 per
3205 3169 3503 3217 creaturam
3529 3162 3726 3220 docue-

2140 3238 2212 3293 rit
2252 3253 2423 3309 genus
2457 3254 2697 3298 nostrum
2718 3285 2734 3310 ,
2765 3246 2956 3303 calum
2997 3250 3289 3308 extendens
3314 3254 3452 3309 etin
3491 3256 3721 3311 medium

2139 3344 2444 3401 proponens
2465 3374 2482 3401 ,
2514 3337 2807 3393 maximum
2848 3339 3039 3395 librum
3070 3342 3248 3398 idiotis
3272 3354 3327 3399 et
3353 3346 3679 3415 sapientibus
3698 3388 3719 3417 ,

2140 3422 2458 3492 pauperibus
2484 3434 2540 3481 et
2566 3426 2838 3497 divitibus,
2864 3429 3078 3503 Scythis
3101 3441 3156 3487 et
3178 3433 3442 3501 Barbaris,
3470 3445 3526 3492 et
3548 3440 3720 3494 omni-

2139 3510 2239 3567 bus
2262 3515 2584 3585 generaliter
2611 3526 2809 3574 terram
2841 3519 3201 3577 habitantibus
3229 3524 3410 3580 utilem
3437 3566 3451 3590 ,
3480 3526 3672 3582 librum
3699 3530 3717 3561 ⁸

2134 3607 2304 3662 multo
2366 3609 2623 3680 maiorem
2672 3627 2855 3666 eorum
2906 3614 2999 3682 qui
3051 3614 3311 3670 docentur
3359 3618 3711 3674 multitudine.

2133 3696 2295 3753 Multa
2327 3700 2488 3755 etiam
2525 3701 2593 3756 de
2619 3713 2775 3758 nocte
2798 3712 2853 3759 et
2879 3702 2998 3769 die,
3024 3714 3080 3760 et
3102 3705 3293 3761 horum
3315 3709 3502 3764 ordine
3522 3750 3536 3774 ,
3565 3720 3620 3764 et
3646 3711 3714 3765 de

2131 3793 2501 3849 convenientia
2540 3793 2617 3848 ab.
2634 3795 2764 3864 ipsis
2786 3810 2907 3851 cum
2936 3795 3206 3867 diligentia
3232 3808 3438 3853 servata
3463 3800 3716 3855 dissemi-

2130 3896 2288 3937 nuts:
2319 3884 2481 3939 multa
2510 3893 2565 3941 et
2591 3886 2659 3941 de
2685 3896 3057 3956 tempestatum
3086 3890 3211 3944 anni
3234 3906 3475 3957 numero,
3498 3908 3712 3948 earum-

2129 3989 2234 4045 que
2275 3976 2599 4045 aequalitate.
2640 3978 2788 4033 Sicut
2836 3979 2981 4034 enim
3021 3980 3139 4035 dies
3190 3991 3349 4037 nocte
3388 3997 3456 4036 ne
3495 3983 3712 4037 dimidia

2128 4066 2342 4136 quidem
2375 4068 2506 4123 hora
2551 4068 2669 4137 plus
2712 4068 2874 4125 habet
2919 4085 3017 4140 per
3057 4079 3228 4127 totum
3267 4087 3464 4127 annum
3488 4114 3506 4139 ,
3533 4074 3610 4127 sic
3656 4084 3712 4128 et

2129 4157 2213 4211 ha:
2255 4158 2394 4213 inter
2428 4174 2488 4214 se
2514 4175 2581 4215 ex
2619 4175 2778 4230 aequo
2810 4160 2931 4216 dies
2965 4176 3154 4217 omnes
3197 4161 3582 4219 distribuerunt
3611 4180 3631 4219 ι
3656 4175 3711 4219 et

2126 4249 2269 4319 quod
2312 4252 2459 4320 prius
2505 4251 2791 4320 dicebam,
2839 4269 2947 4308 non
2999 4254 3305 4323 magnitudo
3350 4266 3605 4310 creatura:
3654 4266 3710 4310 et

2126 4339 2468 4410 pulchritudo
2518 4351 2720 4396 tantum
2771 4354 3068 4399 creatorem
3120 4344 3480 4409 demonstrat,
3511 4346 3611 4401 sed
3652 4355 3709 4401 et

2125 4433 2240 4503 ipse
2264 4435 2741 4505 coagmentationis
2766 4436 2994 4502 modus,
3026 4444 3082 4491 et
3121 4436 3267 4507 quod
3290 4453 3451 4508 super
3486 4447 3708 4492 natura-

2123 4526 2229 4582 lem
2274 4527 2710 4598 consequentiam
2766 4529 2836 4582 sit
2888 4528 3079 4583 modus
3130 4529 3439 4585 creationis.
3494 4529 3706 4583 Natta-a2

2123 4632 2316 4687 nempe
2339 4617 2715 4688 consequentia
2745 4626 2880 4682 erat,
2904 4633 3093 4689 aquam
3119 4632 3283 4689 super
3308 4628 3503 4673 terram
3532 4618 3657 4673 ferri
3685 4636 3701 4673 :

2121 4726 2264 4766 nunc
2315 4725 2443 4767 vero
2485 4710 2812 4765 contrarium
2862 4709 3140 4777 videmus,
3190 4718 3388 4766 terram
3439 4710 3508 4764 ab
3553 4711 3705 4779 aquis

2120 4801 2270 4860 ferri.
2298 4801 2510 4857 Naturae
2546 4810 2663 4857 erat
2700 4802 3099 4872 consequentia,
3131 4802 3305 4873 ignem
3333 4802 3403 4857 ad
3427 4802 3701 4872 superiora

2119 4910 2335 4952 currere
2364 4911 2379 4949 :
2408 4909 2549 4949 nunc
2609 4909 2737 4949 vero
2789 4893 3113 4948 contrarium
3162 4891 3436 4960 videmus,
3483 4891 3701 4948 inferius

2119 5001 2318 5048 terram
2344 5006 2531 5048 versus
2554 4982 2842 5046 conversos
2871 4990 3001 5045 solis
3034 4989 3241 5055 radios,
3274 4997 3329 5043 et
3350 5003 3515 5059 aquas
3540 5003 3698 5057 super

2116 5085 2281 5142 celos
2315 5099 2467 5151 esse,
2495 5093 2550 5139 et
2576 5098 2682 5138 non
2707 5082 2949 5139 consumi
2978 5098 2993 5147 ;
3038 5082 3208 5138 solem
3256 5082 3443 5137 subtus
3479 5096 3703 5136 curren-

2118 5186 2228 5232 tem
2262 5190 2370 5232 non
2408 5173 2677 5244 exstingui
2701 5173 2772 5229 ab
2811 5174 2985 5244 aquis,
3015 5187 3118 5228 nec
3155 5171 3526 5227 humiditatem
3556 5171 3699 5226 illam

2116 5268 2421 5323 absumere.
2450 5265 2532 5321 Ad
2579 5265 2695 5321 hrec
2739 5264 2973 5320 diximus
2995 5304 3012 5332 ,
3044 5279 3113 5320 ex
3149 5272 3375 5335 quatuor
3418 5263 3700 5318 elementis

2118 5360 2219 5416 hoc
2244 5367 2411 5415 totum
2439 5359 2735 5414 consistere
2770 5357 2909 5413 inter
2944 5372 3005 5413 se
3028 5357 3311 5413 contrariis
3336 5366 3392 5412 et
3416 5356 3698 5427 pugnanti-

2116 5561 2234 5602 rum
2263 5545 2331 5600 ab
2354 5544 2531 5600 altero
2552 5551 2737 5598 natura
2766 5557 2865 5597 sua
2887 5540 3129 5597 consumi
3154 5539 3365 5595 debeat.
3395 5537 3547 5595 Unde
3577 5553 3696 5593 ma-

2116 5636 2388 5702 nifestum,
2417 5633 2559 5706 quod
2588 5636 2755 5689 virtus
2779 5632 3022 5704 quiedam
3062 5631 3341 5688 invisibilis
3381 5629 3498 5686 haec
3540 5629 3694 5685 cohi-

2179 5827 2194 5857 ί
2224 5830 2417 5883 vocem,
2440 5818 2635 5879 librum,
2656 5817 2735 5867 hic
2752 5818 3130 5881 interposuimus
3148 5810 3371 5865 satillum:
3392 5810 3566 5861 secuti.
