4112 6388
309 298 405 353 Ml

318 412 729 482 ιαταξιωθῶμεν
764 413 863 484 τῆς
902 414 1177 483 βασιλείας
1209 416 1316 469 τῶν
1347 418 1590 488 οὐρανῶν
1612 461 1628 484 ,
1657 420 1837 489 χάριτι
1871 420 1966 473 καὶ

314 500 693 573 φιλανθρωπίᾳ
731 502 825 555 τοῦ
872 503 1075 573 Κυρίου
1121 504 1277 576 ήμῶν
1312 506 1485 576 Ἰησοῦ
1516 507 1773 578 Χριστοῦ,
1817 507 1885 561 δι’
1911 500 1973 560 οὗ

1330 302 1420 356 ΑΙ)
1459 301 1787 359 POPULUM
1830 302 2339 361 ANTIOCIIENUM
2378 304 2612 363 IIOMIL.
2650 305 2717 362 Χ.

3654 315 3757 366 112

2086 422 2180 474 καὶ
2206 421 2324 491 μεθ’
2349 416 2411 475 οὗ
2460 421 2537 493 τῷ
2567 423 2745 494 Πατρὶ
2779 422 2811 493 ή
2841 421 2969 487 δόξα
3009 421 3125 493 ἅμα
3162 423 3239 494 τῷ
3280 424 3425 495 ἁγίῳ
3457 423 3757 497 Πνεύματι,

2083 509 2164 573 είς
2190 508 2318 573 τοὺς
2344 509 2548 573 αἰῶνας
2576 509 2685 563 τῶν
2710 509 2943 563 αἰώνων.
2981 511 3175 582 Ἀμήνι

3599 714 3653 733 ἆ.

300 830 590 898 Ἐπαινος
616 829 737 884 τῶν
774 830 926 900 μετὰ
954 829 1067 898 τὴν
1099 830 1375 885 ἑστίασιν
1404 830 1834 900 ἀπηντηκότων
1864 832 1953 897 εἰς
1988 830 2105 900 τὴν
2127 831 2422 899 ἀκρόασιν
2442 846 2454 859 ⁸
2483 831 2583 886 καί
2606 836 2972 905 φυσιολογία
2991 837 3222 906 κόσμου
3246 855 3260 869 ο
3287 839 3383 892 καί
3441 842 3593 896 κατὰ
3636 840 3755 897 τῶν

1176 925 1610 979 θεοποιούντων
1648 925 1763 991 τὴν
1792 924 2026 979 κτίσιν-ο
2060 923 2323 993 καὶπερὶ
2357 922 2465 977 τοῦ
2488 924 2576 994 μὴ
2606 925 2874 994 ὀμνύειν.

982 1150 1212 1221 Ὀμιλία
1248 1158 1301 1207 ι’.

2080 1152 2248 1224 ἢγάρ
2290 1152 2420 1222 1:591
2467 1152 2575 1205 τῶν
2608 1152 2806 1219 ὠνίων,
2834 1154 2866 1224 ἢ
2914 1156 3046 1227 1:591
3080 1156 3199 1216 τῶν¹
3230 1159 3520 1232 εἰσφορῶν,
3555 1162 3587 1233 ἢ
3625 1168 3752 1239 περὶ

262 1287 272 1307 ,
373 1240 747 1314 α⁹.Χαίρωκαὶ
762 1241 1248 1312 συγχαίρωζπᾶσινο
1267 1243 1415 1313 ὑμῖν,
1440 1242 1523 1296 ὅτι
1547 1243 1643 1312 τὴν
1657 1242 1976 1312 παραίνεσιν
2076 1239 2357 1311 τραπέζης
2388 1240 2737 1304 πολυτελοῦς.
2770 1242 2803 1312 ἢ
2840 1244 2968 1313 περὶ
3006 1244 3223 1315 χωρίων
3248 1248 3525 1317 πράσεως,
3557 1252 3590 1321 ἢ
3623 1255 3753 1325 περὶ

297 1331 478 1401 ήμῶν,
504 1332 572 1402 ἢν
607 1330 747 1403 ὑπὲρ
782 1330 892 1383 τῶν
925 1330 1000 1402 μὴ
1024 1331 1391 1402 νηστευόντων
1417 1333 1511 1385 καὶ
1532 1330 1621 1384 διὰ
1649 1330 1809 1385 τοῦτο
1834 1333 1970 1385 ἀπο-

297 1418 716 1490 λιμπανομένων
752 1417 1129 1489 ἐποιησάμεθα
1163 1418 1373 1489 πρώην,
1399 1419 1477 1482 εἰς
1506 1418 1665 1490 ἔργον
1697 1420 1855 1489 ὑμεῖς
1880 1420 1971 1485 ἐξ·

295 1506 587 1578 ηνέγκατε.
639 1505 749 1558 Καὶ
794 1505 903 1575 γὰρ
952 1505 1180 1569 πολλοὺς
1231 1500 1388 1576 οἶμαι
1432 1505 1541 1559 τῶν
1594 1507 1970 1576 ἠριστηκότων

295 1598 555 1667 παρεῖναι
582 1596 853 1667 τήμερον,
892 1597 989 1647 καὶ
1017 1595 1109 1648 τὸν
1140 1595 1301 1650 καλὸν
1333 1597 1464 1666 ἡμῖν
1489 1596 1745 1666 σύλλογον
1781 1596 1970 1651 τοῦτον

295 1683 575 1754 πληροῦν·
618 1683 712 1736 καὶ
762 1682 921 1737 τοῦτο
968 1683 1299 1754 στοχάζομαι
1344 1685 1409 1737 ὲκ
1449 1684 1541 1737 τοῦ
1589 1680 1968 1756 λαμπρότερον

294 1774 431 1843 ἡμῖν
461 1772 523 1825 16
562 1770 786 1843 θέατρον
817 1771 1069 1840 γενέσθαι
1099 1771 1195 1824 καὶ
1233 1772 1403 1825 πλείω
1447 1772 1557 1827 τῶν
1598 1772 1967 1844 ἀκροωμένων

294 1858 395 1930 τὴν
422 1859 660 1914 σύνοδον.
708 1861 783 1913 Οὐ
826 1859 1035 1930 μάτην,
1079 1858 1155 1922 ὡς
1184 1858 1353 1921 ἔοικε,
1394 1861 1519 1924 τοὺς
1567 1859 1796 1923 πολλοὺς
1839 1859 1969 1931 περὶ

297 1948 479 2001 αὐτῶν
508 1947 700 2020 πρώην
737 1947 1094 2018 ἀνηλώσαμεν
1124 1946 1333 2015 λόγους,
1378 1948 1476 2017 τὴν
1516 1948 1788 2019 ὑμετέραν
1825 1947 1966 2015 ἀγά-

297 2051 408 2105 πην
446 2033 891 2104 παρακαλοῦντες
937 2034 1117 2087 ἕλκειν
1161 2034 1297 2105 πρὸς
1337 2035 1436 2104 τὴν
1470 2034 1682 2105 μητέρα
1728 2035 1964 2098 αὐτοὺς,

298 2126 391 2176 καὶ
419 2123 648 2188 πείθειν,
687 2123 762 2187 ὡς
789 2122 964 2188 ἔξεστι
988 2123 1084 2176 καὶ
1120 2123 1257 2193 μετά
1295 2122 1499 2194 τροφὴν
1528 2124 1845 2195 σωματικὴν
1873 2122 1968 2176 καὶ

295 2210 503 2280 τροφῆς
554 2212 846 2281 μετασχεῖν
890 2211 1282 2281 πνευματικῆς.
1330 2211 1467 2263 Πότε
1517 2212 1656 2283 γάρ,
1692 2211 1812 2264 εἰπέ
1852 2228 1964 2281 μοι,

302 2296 509 2367 βέλτιον
537 2299 893 2369 πεποιήκατε,
925 2298 1233 2367 ἀγαπητοί;
1263 2301 1328 2369 τῇ
1358 2299 1701 2374 παρελθούσῃ
1728 2296 1962 2365 συνάξει,

295 2387 384 2438 εἴτε
408 2385 547 2454 μετά
581 2384 677 2455 τὴν
702 2385 983 2454 τράπεζαν
1015 2385 1109 2438 ἐπὶ
1135 2384 1300 2439 ὕπνον
1334 2386 1648 2459 ὲτρέπεσθε,
1677 2386 1710 2457 ἦ
1739 2385 1853 2449 νῦν,
1877 2386 1964 2439 ὅτε

299 2470 440 2540 μετά
487 2471 586 2539 τὴν
636 2471 917 2540 τράπεζαν
959 2472 1096 2542 πρὸς
1140 2471 1297 2546 [106]
1342 2475 1440 2546 τὴν
1488 2474 1750 2543 ἀκρόασιν
1788 2473 1818 2513 1³
1857 2472 1966 2527 τῶν

296 2557 458 2611 θείων
494 2558 842 2629 ἀπηντήκατε
876 2558 1091 2628 νόμωνς
1134 2560 1224 2614 ὅτε
1270 2562 1363 2615 ἐπὶ
1394 2563 1495 2632 τῆς
1525 2562 1728 2631 ἀγορᾶς
1764 2559 1965 2632 διετρί-

293 2644 438 2710 ϐετε,
480 2646 574 2699 καὶ
612 2645 898 2717 συνεδρίων
935 2646 1213 2720 μετείχετε
1252 2650 1406 2703 οὐδὲν
1437 2649 1668 2720 ἐχόντων
1706 2649 1962 2719 χρηστὸν,

293 2734 328 2798 ἦ
359 2734 478 2797 νῦν,
506 2735 593 2787 ὅτε
624 2734 761 2804 μετὰ
797 2734 903 2786 τῶν
939 2736 1183 2805 ἀδελφῶν
1211 2738 1480 2808 ἑστήκατε
1522 2736 1632 2791 τῶν
1660 2736 1961 2808 ὑμετέρων,

293 2821 389 2878 καὶ
420 2826 769 2895 προφητικῶν
821 2825 1044 2877 ἀκούετε
1076 2824 1279 2893 λόγων;
1317 2826 1431 2879 Οὐκ
1471 2824 1617 2877 ἐστιν
1640 2823 1871 2895 αἰσχύνη
1903 2825 1966 2878 16

296 2915 511 2980 φαγεῖν,
542 2911 839 2983 ἀγαπητοὶ,
871 2911 1007 2964 ἀλλά
1043 2911 1126 2976 τίς
1170 2911 1244 2963 Τὸ
1282 2912 1524 2981 φαγόντα
1546 2922 1570 2950 ο
1605 2911 1786 2982 μένειν
1825 2913 1965 2965 οἶκοι

298 3000 392 3053 καὶ
434 3000 681 3069 ὑστερεῖν
716 3001 817 3068 τῆς
857 3001 1008 3070 ίερᾶς
1036 3000 1240 3070 ταύτης
1284 3000 1495 3070 ἑορτῆς.
1533 3000 1684 3053 Οίκοι
1720 3000 1820 3071 μὲν
1855 3000 1965 3073 γὰρ

299 3088 479 3156 μένων
508 3087 804 3159 ἀργότερος
836 3087 934 3160 ἔσῃ
962 3089 1055 3141 καὶ
1081 3088 1426 3159 νωθέστερος,
1457 3087 1763 3142 ὲνταῦθαδὲ
1793 3088 1963 3143 ἐλθὼν

296 3175 478 3228 πάντα
511 3175 678 3227 ὑπνον
716 3176 809 3228 καὶ
868 3177 1048 3228 πᾶσαν
1095 3175 1369 3246 ρᾳθυμίαν
1422 3175 1769 3243 ἀποτινάξεις
1797 3174 1857 3216 δ’
1900 3178 1963 3231 οὑ

298 3261 572 3333 ῥᾳθυμίαν
607 3262 666 3315 δὲ
711 3263 890 3332 μόνον,
926 3263 1062 3315 ἀλλά
1094 3263 1186 3315 καὶ
1235 3263 1472 3335 ἀθυμίαν
1505 3264 1722 3319 ἀπασαν
1762 3266 1963 3319 ἀποθέ-

297 3367 479 3420 μενος,
514 3350 659 3421 ράων
687 3351 782 3403 καὶ
820 3350 1183 3422 εὐθυμότερος
1213 3353 1271 3404 ἐν
1300 3352 1503 3406 ἅπασιν
1542 3351 1642 3424 ἔσῃ
1677 3355 1791 3415 τοῖς
1821 3370 1964 3424 συμ-

296 3438 559 3491 πίπτουσι
593 3438 903 3509 πράγμασι.
936 3439 1048 3491 Καὶ
1083 3440 1136 3490 τί
1167 3439 1272 3512 χρὴ
1296 3439 1364 3492 τὰ
1390 3439 1526 3493 ἄλλα
1549 3441 1731 3508 λέγειν
1755 3457 1769 3506 ;
1798 3441 1962 3510 Στῆθι

298 3526 461 3597 μόνον
494 3526 662 3594 ἐγγὺς
689 3526 782 3580 τοῦ
821 3526 1190 3597 νηστεύοντος.
1223 3528 1317 3581 καὶ
1351 3528 1644 3597 μετέλαϐες
1670 3527 1832 3581 αὐτοῦ
1867 3527 1962 3581 εὑ-

296 3612 440 3677 θέως
467 3613 567 3681 τῆς
598 3613 827 3676 εὐωδίας
848 3628 861 3641 ·
900 3612 1072 3685 μύρον
1098 3613 1209 3686 γάρ
1236 3616 1384 3668 ἐστιν
1414 3614 1443 3666 6
1479 3614 1755 3684 νηστεύων
1799 3631 1963 3668 πνευ-

298 3700 553 3773 ματικὸν,
591 3703 685 3755 καὶ⁵
729 3702 819 3755 διὰ
849 3702 957 3755 τῶν
990 3700 1284 3773 ὀφθαλμῶν
1324 3703 1418 3755 καὶ
1461 3701 1548 3755 διά
1593 3701 1692 3769 τῆς
1717 3701 1964 3773 γλώττης

295 3791 393 3843 καὶ
405 3789 496 3844 διὰ
513 3788 730 3843 πάντων
759 3790 1040 3861 ἐμφαίνων
1063 3789 1160 3861 τὴν
1182 3789 1283 3859 τῆς
1300 3789 1481 3859 ψυχῆς
1503 3789 1964 3853 εὐταξίανέΤαῦτα

293 3878 419 3951 οὐχὶ
449 3880 773 3951 κατηγορῶν
797 3878 907 3933 τῶν
940 3878 1315 3950 ἠριστηκότων
1340 3872 1511 3943 εἶπον,
1534 3876 1651 3931 ἀλλ’
1687 3877 1772 3930 ἵνα
1803 3876 1964 3944 δείξω

294 3968 396 4037 τῆς
421 3968 678 4039 νηστείας
712 3967 770 4020 :6
798 3967 1011 4035 κέρδος.

365 4055 640 4126 Νηστείαν
666 4055 723 4109 δὲ
750 4056 810 4109 οὐ
843 4056 940 4127 τὴν
973 4058 1182 4129 ἀποχην
1214 4056 1358 4125 λέγω
1390 4054 1499 4108 τῶν
1526 4052 1831 4125 βρωμάτων
1864 4053 1961 4124 μό-

293 4159 407 4203 νον,
429 4142 569 4196 ἀλλά
601 4144 695 4196 καὶ¹
728 4144 835 4215 πρὸ
870 4145 1075 4215 ταύτης
1111 4146 1208 4215 τὴν
1243 4144 1354 4197 τῶν
1400 4143 1816 4215 ἁμαρτημάτων
1856 4141 1963 4195 ἀπ·

291 4230 453 4300 οχήν*
484 4230 607 4283 ἐπεὶ
635 4232 772 4285 καὶὸ
802 4233 1090 4296 ἑστιαθεὶς,
1118 4234 1211 4287 καὶ
1241 4231 1472 4287 ἐνταῦθα
1505 4229 1643 4303 μετά
1663 4228 1763 4299 τῆς
1795 4244 1962 4298 προσ-

292 4316 536 4389 ηκούσης
577 4321 1019 4391 παραγενόμενος
1055 4319 1430 4395 σωφροσύνης,
1462 4319 1524 4372 οὐ
1568 4317 1703 4372 πολὺ
1736 4315 1831 4370 τοῦ
1864 4333 1960 4387 νη-

293 4403 576 4469 στεύοντος
624 4406 1085 4478 ἀπολιμπάνεται,
1117 4408 1306 4480 ὥσπερ
1335 4403 1429 4461 οὖν
1460 4408 1489 4460 6
1536 4404 1837 4476 νηστεύσας
1868 4403 1962 4458 καὶ

292 4491 372 4562 μὴ
408 4494 547 4562 μετά
581 4494 821 4565 σπουδῆς
846 4496 941 4549 καὶ
984 4496 1270 4568 ἀκριϐείας
1296 4498 1409 4559 τοῖς
1446 4494 1763 4565 λεγομένοις
1793 4511 1961 4565 προσ-

286 4577 454 4648 έχων,
481 4580 633 4634 οὐδὲν
660 4581 768 4635 ἀπὸ
786 4583 887 4651 τῆς
907 4583 1156 4654 νηστείας
1186 4583 1540 4656 καρπώσεται
1576 4582 1737 4653 μέγα.
1767 4582 1826 4635 '0
1850 4584 1960 4653 γάρ

289 4665 489 4719 ἐσθίων
534 4669 629 4721 καὶ
659 4670 932 4735 συνάξεως
961 4670 1122 4738 ἁγίας
1169 4670 1444 4725 κοινωνῶν
1490 4671 1628 4741 μετὰ
1651 4671 1752 4740 τῆς
1789 4687 1959 4740 προσ-

286 4753 533 4826 ηκούσης
554 4757 808 4828 σπουδῆς,
839 4757 935 4811 τοῦ
959 4759 1124 4829 μηδὲν
1161 4759 1433 4822 ἐσθίοντος
1462 4758 1556 4811 καὶ
1584 4755 1958 4826 ἀπολιμπάνο-

290 4842 457 4914 μένου
506 4844 640 4899 πολὺ
695 4845 920 4916 βελτίων
959 4848 1140 4902 ἐστίν·
1187 4848 1339 4902 οὐδὲν
1378 4846 1489 4918 γάρ
1523 4844 1731 4898 τοιοῦτο
1771 4844 1833 4897 16
1884 4845 1957 4915 μὴ

288 4933 487 4999 φαγεῖν
544 4933 687 5003 ἡμᾶς
754 4934 1033 5007 ὠφελῆσαι
1088 4937 1411 5006 δυνήσεται,
1458 4936 1560 4987 ὅσα
1613 4932 1811 5001 ὠφελεῖ
1864 4932 1959 4985 καὶ

287 5019 506 5073 δίδωσιν
543 5020 727 5088 ἀγαθά
778 5022 841 5075 16
886 5026 1259 5095 πνευματικῆς
1304 5023 1595 5094 μετασχεῖν
1634 5032 1658 5060 ο
1706 5020 1957 5074 διδασκα-

289 5108 434 5171 λίας.
469 5106 579 5160 Ποῦ
622 5106 732 5178 γάρ
778 5110 1007 5181 ἑτέρωθι
1055 5112 1227 5165 ταῦτα
1272 5111 1482 5183 ἀκούσῃ
1528 5110 1673 5181 ἀπερ
1726 5108 1959 5162 ἐνταῦθα

289 5197 629 5269 φιλοσοφεῖς;
666 5202 765 5255 Ἂν
793 5202 875 5266 εἰς
919 5201 1266 5273 δικαστήριον
1302 5200 1547 5274 ἀπέλθῃς
1567 5240 1581 5264 ,
1613 5198 1960 5269 ἀμφισϐητή-

288 5302 412 5351 σεις
435 5287 551 5341 ικεῖ
588 5288 682 5343 καὶ
714 5290 919 5361 μάχαι*
947 5290 1015 5343 ἂν
1045 5290 1127 5355 εἰς
1166 5289 1564 5361 βουλευτήριον,
1600 5289 1632 5357 ἡ
1663 5285 1773 5339 τῶν
1804 5284 1958 5338 πολι-

285 5374 460 5429 τικῶν
480 5378 823 5449 πραγμάτων
845 5378 1066 5450 φροντίς
1082 5394 1095 5408 ·
1126 5378 1192 5432 ἂν
1223 5379 1303 5441 εἰς
1320 5376 1520 5441 οίκίαν,
1539 5375 1648 5429 τῶν
1674 5372 1960 5428 ἰδιιιηικῶν

286 5463 329 5534 ἡ
356 5464 593 5535 μέριμνα
630 5466 961 5539 κατατρύχει
998 5465 1295 5519 πάντοθενο
1329 5464 1396 5519 ἀν
1429 5465 1510 5527 είς
1548 5461 1838 5531 συλλόγους
1866 5462 1960 5517 m1

290 5551 546 5622 συνέδρια
571 5553 673 5624 τῆς
713 5556 941 5625 ἀγορᾶς,
983 5553 1160 5607 πάντα
1186 5554 1346 5607 κάκεῖ
1372 5552 1537 5623 γήινα
1563 5551 1659 5605 καὶ
1705 5549 1918 5622 φθαρτά
1940 5568 1954 5584 ο

355 5676 384 5740 _‘
408 5673 878 5740 Quiqﬁnianuspnus
899 5676 1050 5740 habet
1069 5677 1221 5740 χαίρω
1239 5676 1319 5740 καὶ
1342 5674 1616 5740 ωγχορεὺω
1636 5678 1799 5723 πᾶσιν.

350 5736 380 5801 1}
411 5736 541 5801 δεινίί
585 5744 637 5801 ει
667 5739 863 5799 quidam
889 5737 969 5787 alii
998 5736 1174 5796 εἰς’τήν
1192 5738 1433 5801 ἀκρόασιν.

352 5799 378 5862 εξ
406 5798 554 5862 δενὶἰ.
578 5798 699 5847 ἀλλὰ
718 5800 774 5848 τὸ
797 5801 1022 5862 φαγόντα·

351 5856 378 5923 εἰ
402 5860 548 5923 Savil.
578 5868 629 5909 et
653 5856 849 5920 quidam
872 5856 953 5912 ﬁlii
976 5860 1246 5923 άποτινάξῃ.

354 5922 380 5953 ⁸
404 5921 551 5973 Savil.
578 5928 800 5987 μετέχειν.

2079 1326 2423 1397 συμϐολαίων
2456 1329 2683 1400 ἐτέρων.
2710 1328 2743 1400 ἢ
2784 1332 2914 1401 περὶ
2950 1331 3243 1402 διαθηκῶν,
3266 1336 3301 1404 ἢ
3334 1337 3461 1407 1:591
3492 1338 3749 1410 κληρονο-

2078 1414 2237 1484 μιῶν,
2270 1415 2302 1485 ἢ
2342 1416 2471 1487 περὶ
2517 1417 2723 1487 ἐτέρων
2753 1420 2917 1471 τινῶν
2947 1420 3202 1474 τοιούτων
3229 1423 3469 1486 ἅπαντες
3497 1428 3608 1488 τοῖς
3636 1429 3751 1480 ἐκεῖ

2075 1502 2491 1572 συλλεγομένοις
2532 1506 2578 1557 οί
2609 1504 2757 1573 λόγοι
2786 1506 3047 1574 γίνονται.
3082 1509 3201 1562 Κάν
3240 1512 3320 1574 εἰς
3348 1510 3518 1575 αὐτὰς
3555 1514 3610 1566 δὲ
3639 1516 3749 1567 είσ-

2071 1589 2233 1663 έλθῃς
2284 1591 2384 1654 τὰς
2425 1591 2715 1661 βασιλικάς
2751 1594 2942 1657 αὐλὰς,
2993 1595 3089 1649 καὶ
3143 1598 3261 1650 ἐκεῖ
3297 1598 3461 1652 πάλιν
3498 1600 3566 1652 τὰ
3607 1603 3746 1656 αὑτά

2070 1676 2278 1748 ἀκούσῃ
2325 1678 2723 1750 διαλεγομένων
2771 1682 3027 1736 ἀπάντων
3058 1685 3186 1754 περὶ
3234 1686 3564 1757 χρημάτων,
3617 1694 3748 1762 1:591

2070 1762 2421 1831 δυναστείας,
2455 1768 2583 1838 περὶ
2613 1768 2771 1836 δόξης
2803 1769 2904 1839 τῆς
2940 1770 3171 1825 ἐνταῦθα
3206 1774 3544 1844 τιμωμένης,
3582 1794 3746 1831 πνευ-

2075 1852 2304 1921 ματικὸν
2333 1854 2389 1906 δὲ
2410 1855 2595 1907 οὐδέν·
2625 1856 2857 1910 ἐνταῦθα
2885 1858 2941 1911 δὲ
2969 1859 3276 1914 τούναντίον
3296 1860 3462 1929 ἅπαν,
3496 1866 3624 1936 1:591
3650 1866 3747 1919 τοῦ

2071 1939 2301 2009 οὐρανοῦ
2349 1942 2442 1995 καὶ
2478 1942 2588 1995 τῶν
2622 1943 2680 1996 ἐν
2720 1944 2934 2016 οὐρανῷ
2967 1948 3311 2017 πραγμάτων
3331 1988 3345 2011 ,
3378 1951 3507 2021 περὶ
3547 1953 3743 2024 ψυχῆς,

2072 2043 2141 2079 πε
2150 2028 2202 2098 91
2223 2028 2368 2099 ζωῆς
2392 2028 2493 2099 τῆς
2513 2030 2807 2102 ἡμετέρας,
2832 2033 2924 2085 καὶ
2942 2033 3084 2097 τίνος
3109 2035 3293 2089 ἕνεκεν
3310 2038 3633 2111 γεγόναμεν,
3653 2045 3746 2095 καὶ

2070 2113 2159 2167 διὰ
2185 2115 2238 2168 τί
2262 2116 2517 2170 τοσοῦτον
2540 2118 2885 2189 διατρίϐομεν
2900 2120 3133 2174 ἐνταῦθα
3152 2124 3361 2193 χρόνον,
3377 2128 3470 2180 καὶ
3489 2129 3582 2182 ἐπὶ
3603 2130 3749 2184 τίσιν

2066 2200 2454 2273 ἀποδημοῦμεν
2480 2203 2749 2268 ἐντεῦθεν,
2788 2207 2881 2257 καὶ
2913 2206 2967 2258 τί
3002 2208 3141 2276 μετὰ
3176 2210 3350 2264 ταῦτα
3386 2214 3533 2285 ἡμᾶς
3560 2216 3741 2271 διαδέ-

2068 2285 2240 2351 ξεται,
2276 2289 2372 2341 καὶ
2404 2290 2549 2353 τίνος
2576 2291 2763 2345 ἕνεκεν
2794 2292 2855 2345 16
2887 2292 3047 2361 σῶμα
3078 2297 3212 2365 ήμῖν
3255 2299 3501 2370 πήλινον,
3537 2304 3631 2356 καὶ
3657 2306 3744 2370 τίς

2066 2374 2100 2444 ή
2129 2373 2225 2427 τοῦ
2257 2374 2491 2431 θανάτου
2521 2378 2703 2446 φύσις,
2737 2379 2830 2433 καὶ
2858 2380 2911 2432 τί
2937 2382 3067 2434 ποτέ
3094 2384 3239 2437 ἐστιν
3267 2388 3300 2456 ή
3325 2388 3572 2458 παροῦσα
3603 2390 3739 2464 ζωὴ,

2064 2461 2160 2514 καὶ
2191 2462 2331 2534 τίςή
2362 2463 2649 2533 μέλλουσα,
2672 2466 2768 2519 καὶ
2796 2467 2950 2521 οὐδὲν
2980 2468 3166 2535 ἁπλῶς
3198 2472 3406 2543 γήινιν,
3436 2475 3573 2531 ἀλλά
3601 2461 3738 2532 πάν-

2064 2565 2157 2612 τες
2187 2550 2316 2622 περὶ
2356 2553 2744 2624 πνευματικῶν
2773 2555 2904 2624 ἡμῖν
2937 2559 2985 2609 οί
3026 2557 3173 2626 λόγοι
3202 2561 3440 2628 γίνονται
3460 2580 3473 2592 ’
3513 2566 3606 2617 καὶ
3641 2583 3740 2636 με·

2064 2637 2208 2705 γάλα
2231 2639 2331 2709 τῆς
2356 2641 2629 2712 σωτηρίας
2663 2641 2822 2712 ήμῶν
2852 2641 3107 2708 λαϐόντες
3133 2648 3341 2715 ἐφόδια,
3368 2648 3540 2713 οὕτως
3560 2652 3741 2708 ἐντεῦ-

2067 2724 2160 2778 θεν
2186 2726 2606 2798 ἀπελευσόμεθα
2637 2729 2774 2799 μετά
2801 2732 3043 2801 χρηστῆς
3064 2733 3164 2804 τῆς
3190 2734 3418 2799 ἐλπίδος.

2137 2812 2202 2882 β’.
2230 2809 2486 2868 Ἐπεὶοῦν
2502 2815 2601 2868 οὐκ
2634 2817 2756 2887 εἰκῆ
2782 2817 2850 2871 τά
2883 2819 3172 2890 σπέρματα
3204 2823 3594 2895 κατεϐάλομεν,
3626 2829 3738 2883 ἀλλ’

2064 2898 2255 2972 ὥσπερ
2285 2901 2430 2972 ὑμᾶς
2457 2904 2803 2975 παρεκάλεσα
2844 2906 3053 2971 πάντας
3079 2908 3412 2979 ἐθηρεύσατε
3434 2911 3586 2987 [1οη
3613 2919 3739 2982 τοὺς

2064 2987 2491 3059 ἀπολειφθέντας
2522 2992 2695 3063 ὑμῶν,
2716 2994 2846 3066 φέρε
2876 2996 2970 3048 καὶ
2997 2997 3156 3067 ἡμεῖς
3186 2998 3329 3069 ὑμᾶς
3355 3001 3741 3075 ἀμειῲώμεθα,

2065 3076 2161 3131 καὶ
2185 3078 2356 3149 μικρά
2377 3079 2486 3132 τῶν
2515 3080 2780 3150 πρότερον
2809 3083 3114 3153 εἰρημένων
3139 3086 3282 3156 ὑμᾶς
3306 3089 3741 3161 ἀναμνήσαντες,

2063 3164 2135 3218 τά
2180 3165 2471 3236 λειπόμενα
2511 3169 2800 3240 ἀποδῶμεν
2831 3170 3012 3225 πάλιν.
3050 3173 3185 3227 Τίνα
3218 3171 3310 3229 οὖν
3346 3172 3413 3248 ῆν
3445 3179 3514 3230 τά
3549 3180 3740 3253 πρώην

2065 3254 2364 3324 εἰρημένα;
2402 3255 2733 3328 Ἐζητοῦμεν
2763 3259 2882 3322 πῶς
2912 3260 3007 3313 x011
3034 3260 3138 3315 τίνι
3159 3264 3346 3335 τρόπῳ
3370 3265 3474 3338 1:96
3503 3269 3601 3337 τῆς
3629 3270 3739 3324 τῶν

2064 3340 2298 3411 Γραφῶν
2329 3344 2532 3407 δόσεως
2568 3344 2636 3398 τὰ
2672 3347 2795 3399 καθ’
2840 3348 2987 3418 ἡμᾶς
3021 3348 3371 3421 ᾡκονόμησεν
3403 3356 3430 3406 6
3461 3356 3613 3419 Θεὸς,
3644 3359 3747 3414 καὶ

2066 3428 2346 3500 ὲλέγομεν,
2373 3431 2455 3484 ὅτι
2482 3432 2571 3486 διὰ
2594 3433 2694 3503 τῆς
2720 3433 2950 3498 κτίσεως
2971 3437 3287 3491 ἐπαίδευσεν
3303 3440 3457 3511 ήμῶν
3482 3442 3541 3495 τὸ
3560 3444 3740 3512 γένος,

2063 3515 2293 3587 οὐρανὸν
2331 3518 2579 3583 ἐκτείνας
2609 3520 2702 3573 καὶ
2720 3522 2809 3585 σείς
2834 3522 2895 3574 16
2924 3522 3085 3592 μέσον
3115 3526 3370 3596 προθεὶς,
3402 3528 3604 3599 βιϐλίον
3640 3534 3738 3604 μέ-

2064 3618 2269 3669 γιστον,
2294 3606 2387 3658 καὶ
2414 3605 2650 3670 ίδιώταις
2667 3608 2759 3661 καὶ
2785 3612 3094 3678 σοφοῖς,καὶ
3108 3613 3303 3684 πένησι
3326 3619 3416 3669 καὶ
3439 3617 3734 3685 πλουσίοις,

2064 3692 2159 3744 καὶ
2190 3691 2424 3756 Σκύθαις
2456 3694 2550 3748 καὶ
2582 3694 2905 3767 βαρϐάροις,
2938 3698 3032 3752 καὶ
3065 3702 3228 3755 πᾶσιν
3258 3703 3443 3770 ἀπλῶς
3485 3710 3599 3772 τοῖς
3637 3710 3738 3781 τὴν

2063 3778 2169 3869 γῆν
2200 3779 2408 3869 οἰκοῦσι
2437 3782 2730 3853 χρήσιμον,
2775 3784 2978 3853 βιϐλίον
3005 3786 3025 3826 ί
3059 3789 3194 3842 πολὺ
3236 3792 3420 3862 μεῖζον
3458 3795 3551 3849 τοῦ
3598 3778 3737 3869 πλήη

2065 3865 2192 3929 θους
2220 3866 2331 3920 τῶν
2357 3867 2760 3940 διδασκομένων
2800 3872 2879 3928 ὅν.
2919 3875 3095 3928 Πολλά
3135 3880 3227 3930 καὶ
3258 3880 3387 3950 1:591
3414 3884 3607 3948 νυκτὸς
3646 3865 3737 3939 καὶ

2063 3954 2296 4027 ἡμέρας,
2324 3957 2419 4009 καὶ
2444 3957 2545 4028 τῆς
2588 3958 2794 4013 τούτων
2823 3962 3096 4029 εὐταξίας,
3128 3966 3223 4019 καί⁹
3251 3967 3345 4020 τοῦ
3390 3971 3599 4041 ῥυθμοῦ
3639 3972 3735 4026 τοῦ

2067 4041 2206 4112 μετὰ
2248 4043 2538 4117 ἀκριϐείας
2571 4046 2665 4099 ὑπ’
2694 4047 2876 4102 αὐτῶν
2909 4051 3309 4123 φυλαττομένου
3343 4056 3694 4128 διελέχθημεν
3717 4077 3730 4089 ·

2063 4129 2234 4184 πολλά
2262 4132 2358 4185 καὶ
2384 4134 2512 4205 περὶ
2538 4134 2633 4187 τοῦ
2663 4135 2827 4207 χοροῦ
2854 4137 2961 4191 τῶν
2986 4139 3146 4209 ὡρῶν
3180 4142 3274 4195 τοῦ
3305 4143 3480 4208 ἔτους,
3515 4151 3608 4199 καὶ
3632 4149 3733 4215 τῆς

2061 4217 2268 4271 τούτων
2317 4220 2583 4291 ἰσότητος.
2635 4223 2900 4296 Καθάπερ
2930 4225 3041 4297 γὰρ
3098 4228 3131 4298 ή
3177 4230 3357 4302 ήμέρα
3403 4233 3502 4301 τῆς
3541 4236 3732 4299 νυκτὸς

2060 4306 2183 4359 οὐδὲ
2230 4306 2501 4379 ήμιώριον
2548 4309 2862 4365 πλεονεκτεῖ
2908 4315 3053 4368 κατά
3094 4315 3271 4369 πάντα
3317 4318 3408 4372 τὸν
3457 4322 3731 4375 ἐνιαυτόν

2060 4392 2203 4447 οὕτω
2253 4394 2350 4448 καὶ
2408 4390 2571 4450 αὗται
2629 4399 2768 4469 πρὸς
2820 4400 3055 4472 ἀλλήλας
3104 4401 3165 4467 ἐξ
3209 4405 3329 4475 ἴσης
3376 4408 3473 4469 τὰς
3520 4409 3731 4481 ήμέρας

2060 4480 2401 4553 διενείμαντο
2442 4486 2642 4551 πάσας.
2685 4489 2824 4542 Ἀλλ’
2854 4490 2995 4563 ὅπερ
3038 4492 3131 4545 καὶ
3172 4493 3480 4564 ἔμπροσθεν
3525 4480 3728 4567 ἔλεγον.

2059 4570 2142 4624 ὃτι
2170 4572 2231 4624 οὐ
2262 4571 2324 4625 16
2360 4573 2589 4644 μέγεθος
2622 4576 2719 4629 καὶ
2751 4578 2811 4630 16
2852 4578 3046 4643 κάλλος
3076 4580 3179 4650 τῆς
3219 4582 3450 4645 κτίσεως
3492 4586 3730 4639 δείκνυσι

2057 4658 2151 4712 τὸν
2173 4662 2516 4733 Δημιουργὸν
2540 4665 2567 4704 ⁸
2598 4664 2759 4734 μόνον
2778 4706 2793 4725 .
2824 4666 2961 4723 ἀλλά
2997 4669 3091 4721 καὶ
3122 4671 3151 4721 6
3196 4670 3396 4740 τρόπος
3428 4672 3591 4737 αὐτὸς
3631 4675 3729 4745 τῆς

2060 4748 2415 4819 συμπήξεως,
2450 4751 2547 4804 καὶ
2578 4751 2639 4805 16
2678 4752 2820 4825 ὑπὲρ
2852 4755 3067 4823 φύσεως
3092 4756 3412 4812 ἀκολουθίαν
3460 4756 3598 4814 εἶναι
3630 4764 3729 4831 τῆς

2056 4835 2419 4907 δημιουργίας
2446 4839 2539 4893 τὸν
2566 4841 2789 4911 τρόπον.
2812 4842 3031 4908 Φύσεως
3061 4844 3161 4914 μὲν
3186 4845 3296 4915 γὰρ
3326 4847 3616 4902 ἀκολουθία
3637 4847 3727 4921 ἦν,

2055 4922 2118 4975 16
2162 4923 2309 4995 ὕδωρ
2356 4926 2493 4999 ὑπὲρ
2544 4928 2643 4998 τὴν
2671 4930 2775 5000 γῆν
2827 4930 3121 5001 φέρεσθαι·
3167 4933 3261 4985 νῦν
3307 4934 3364 4986 δὲ
3419 4937 3728 4992 τούναντίον

2056 5009 2295 5096 δρῶμεν,
2316 5013 2416 5083 τὴν
2442 5015 2543 5084 γῆν
2568 5016 2674 5069 ὑπὸ
2698 5017 2804 5069 τῶν
2832 5018 3037 5073 ὑδάτων
3064 5020 3492 5096 βασταξομένην.
3511 5024 3729 5089 Φύσεως

2056 5094 2125 5170 ἦν
2147 5100 2457 5169 ἀκολουθία,
2475 5104 2534 5155 16
2553 5104 2663 5174 πῦρ
2683 5104 2794 5158 ἀνω
2821 5107 3034 5177 τρέχειν
3050 5124 3062 5137 ·
3085 5108 3182 5161 νῦν
3203 5109 3257 5162 δὲ
3273 5111 3333 5162 16
3355 5094 3594 5166 ἐναντίον
3612 5113 3730 5183 βλέ-

2058 5203 2233 5258 πομεν
2266 5189 2418 5246 κάτω
2451 5191 2587 5261 πρὸς
2614 5193 2713 5262 τὴν
2755 5194 2858 5262 γῆν
2902 5196 3285 5266 τετραμμένας
3310 5197 3404 5250 τοῦ
3436 5200 3588 5270 ήλίου
3629 5204 3728 5265 τὰς

2057 5274 2304 5341 ἀκτῖνας,
2339 5278 2435 5330 καὶ
2465 5277 2536 5330 τὰ
2570 5278 2737 5332 ὑδατα
2768 5280 3022 5351 ὑπεράνω
3043 5284 3151 5336 τῶν
3176 5285 3422 5355 οὐρανῶν
3454 5287 3604 5351 ὄντα,
3635 5292 3728 5342 καὶ

2056 5360 2119 5413 οὐ
2144 5361 2585 5429 διολισθαίνοντα,
2622 5365 2715 5418 καὶ
2744 5366 2833 5419 16v
2865 5367 3016 5437 ἦλιον
3046 5370 3290 5425 κάτωθεν
3315 5372 3598 5445 τρέχοντα,
3634 5382 3729 5431 καὶ

2056 5449 2177 5502 οὐδὲ
2206 5450 2560 5523 σϐεννύμενον
2586 5453 2690 5507 ὑπὸ
2714 5455 2824 5506 τῶν
2863 5455 3092 5521 ὑδάτων,
3118 5456 3240 5512 οὒτε
3270 5460 3602 5528 ἀφανίζοντα
3628 5467 3730 5534 τὴν

2057 5536 2236 5590 νοτίδα
2267 5538 2500 5610 ἐκείνην.
2517 5541 2660 5613 Πρὸς
2685 5541 2894 5605 τούτοις
2918 5545 3237 5619 εἰρήκαμεν,
3258 5547 3342 5599 ὅτι
3368 5550 3432 5601 ὲκ
3450 5553 3728 5622 τεττάρω)

2058 5623 2337 5696 στοιχείων
2360 5626 2479 5681 τόδε
2528 5629 2589 5681 16
2641 5632 2751 5683 πᾶν
2794 5631 3123 5702 συνέστηκεν
3171 5634 3431 5689 ἐναντίων
3476 5638 3729 5712 ἀλλήλοις

2059 5710 2154 5764 καὶ
2190 5714 2533 5784 μαχομένων,
2564 5718 2658 5770 καὶ
2690 5717 2917 5788 θάτερον
2948 5719 3009 5772 16
3037 5720 3223 5792 ἕτερον
3253 5724 3315 5777 οὐ
3349 5710 3729 5799 κατηνάλωσε,

2124 5855 2142 5892 f
2174 5854 2278 5903 Vox
2306 5857 2483 5918 βιϐλίον
2504 5870 2563 5907 ex
2591 5857 2773 5906 Savilio
2794 5863 3015 5909 arcessit.
3048 5862 3175 5910 Enn.

2120 5918 2144 5958 ε
2172 5918 2317 5969 Savil.
2344 5925 2393 5969 et
2418 5920 2611 5981 quidam
2633 5934 2743 5969 mss.
2772 5922 3197 5985 δημιουργήσαυτα.
