4112 6388
391 295 498 354 “3

389 411 640 480 καίτοιγε
687 409 935 483 ἀλλήλων
987 409 1117 464 δντα
1165 408 1494 463 ἀναλωτικά.
1555 408 1716 463 Ὅθεν
1760 409 1938 480 δῆλον,
1982 411 2066 463 ὅτι

386 499 615 571 δύναμίς
643 517 726 563 τις
756 499 988 570 ἀόρατος
1015 497 1156 551 αὐτά
1188 497 1418 567 χαλινοῖ,
1446 498 1542 551 καὶ
1569 497 1768 568 δεσμὸς
1789 496 2000 566 γίνεται
2030 501 2064 572 ή

385 587 484 642 τοῦ
523 587 658 642 Θεοῦ
691 587 965 659 βούλησις.
1008 585 1196 654 Τούτῳ
1243 585 1409 652 πλέον
1449 585 1790 659 ἐνδιατρῖψαι
1819 588 2062 660 σήμερον

391 675 657 748 βούλομαι
691 676 772 746 τῷ
801 676 973 747 λόγῳ·
1027 673 1166 729 ἀλλά
1211 675 1569 747 διανάστητε,
1621 676 1716 730 καὶ
1765 673 2062 744 προσέχετε

393 765 511 835 μετ’
543 763 829 828 ἀκριϐείας
864 765 1018 834 ἡμῖν.
1061 764 1225 816 Ὥστε
1251 761 1309 816 δέ
1353 762 1686 834 σαφέστερον
1718 761 1971 831 γενέσθαι
2001 763 2064 816 16

389 851 596 923 θαῦμα,
625 847 736 906 ἀπὸ
761 852 858 904 τοῦ
888 850 1140 922 σώματος
1163 849 1261 904 τοῦ
1295 849 1564 922 ἡμετέρου
1597 849 1696 922 τὴν
1717 849 2062 904 διδασκαλίαν

386 939 487 1012 τὴν
519 941 650 1010 περὶ
679 938 885 993 τούτων
911 939 1228 1009 ποιήσομαι.
1258 938 1369 992 Καὶ
1400 937 1511 1010 γάρ
1535 937 1596 992 τὸ
1628 937 1788 1008 σῶμα
1825 938 1888 992 τὸ
1918 939 2060 1009 ὴμέ-

387 1044 544 1100 τερον
582 1028 646 1080 16
686 1027 859 1098 βραχὺ
913 1026 1072 1080 τοῦτο
1102 1027 1196 1080 καὶ
1240 1026 1434 1097 μικρὸν
1492 1027 1556 1080 ἑκ
1605 1027 1881 1099 τεττάρων
1933 1044 2059 1081 συν-

388 1115 589 1186 ἑστηκε
619 1127 646 1156 α
673 1114 983 1185 στοιχείων,
1016 1113 1220 1186 θερμοῦ
1263 1114 1360 1186 μὲν
1395 1112 1492 1167 τοῦ
1519 1113 1770 1185 αἵματος,
1804 1113 1971 1187 ξηροῦ
1997 1115 2054 1169 δὲ

385 1204 484 1273 τῆς
511 1202 672 1274 χολῆς
697 1202 798 1273 τῆς
820 1201 1040 1272 ξανθῆς·
1059 1201 1155 1255 καὶ
1183 1201 1352 1272 ὑγροῦ
1373 1202 1472 1273 μὲν
1495 1200 1592 1255 τοῦ
1614 1201 1942 1272 φλέγματος,
1959 1201 2056 1272 ψυο

386 1290 518 1362 χροῦ
545 1290 602 1344 δέ
633 1291 734 1360 τῆς
765 1289 1024 1362 μελαίνης
1043 1289 1226 1360 χολῆς.
1257 1290 1366 1343 Καὶ
1387 1291 1462 1362 μή
1486 1307 1571 1354 τις
1595 1289 1873 1364 ἀλλότριον
1901 1289 2060 1362 ήμῶν

383 1374 524 1432 εἶναι
552 1376 826 1448 νομιζέτω
844 1377 1033 1432 τοῦτον
1065 1377 1156 1430 τὸν
1178 1376 1336 1445 λόγον
1355 1393 1370 1407 ·
1408 1376 1471 1430 '0
1502 1376 1614 1450 γὰρ
1658 1378 2060 1449 πνευματικὸς

382 1465 690 1534 ἀνακρίνει
715 1465 834 1533 μὲν
860 1465 932 1518 τὰ
957 1465 1175 1526 πάντα,
1205 1464 1389 1532 αὐτὸς
1412 1463 1482 1518 δὲ
1507 1464 1608 1520 ὑπ’
1637 1466 1887 1533 οὐδενὸς
1913 1467 2058 1521 ἀνα-

384 1553 669 1620 κρίνεται.
710 1551 868 1606 Οῦτω
898 1554 993 1606 καὶ
1027 1553 1238 1616 Παῦλος
1279 1552 1601 1623 γεωργικῶν
1637 1552 1815 1625 ἥψατο
1846 1554 2058 1626 θεωρη-

316 1669 322 1677 ·
385 1641 594 1712 μάτων,
613 1641 742 1711 περὶ
766 1640 1115 1703 ἀναστάσεως
1143 1642 1272 1712 ήμίν
1293 1640 1699 1712 διαλεγόμενος,
1728 1642 1824 1696 καί
1852 1661 2019 1715 φησιν
2040 1659 2055 1675 ·

386 1731 627 1799 Ἀφρον,
671 1728 755 1783 σὺ
799 1727 831 1782 δ
876 1729 1146 1796 σπείρεις
1205 1731 1278 1784 οὐ
1315 1729 1674 1791 ζωοποιεῖται
1718 1731 1768 1797 δ,
1811 1732 1920 1786 ἐὰν
1969 1731 2056 1802 μὴ

381 1817 678 1887 ἀποθάνῃ.
706 1817 772 1871 Εί
796 1816 855 1870 δέ
875 1818 904 1870 6
945 1817 1215 1889 μακάριος
1240 1817 1448 1883 ἐκεῖνος
1483 1821 1611 1883 τοὺς
1650 1819 1753 1890 τῆς
1779 1821 2058 1892 γεωργίας

380 1906 549 1960 ἐκίνει
580 1905 792 1974 λόγους,
835 1903 958 1958 οὐδέ
987 1906 1119 1976 ἡμῖν
1165 1905 1432 1978 μέμφοιτό
1470 1924 1553 1971 τις
1597 1907 1856 1978 ἰατρικῶν
1885 1909 2055 1962 ἁπτο-

383 1992 568 2065 μένοις
599 1993 884 2064 νοημάτων
905 2010 920 2024 ·
953 1993 1085 2064 περὶ
1123 1993 1232 2063 γὰρ
1258 1994 1624 2066 δημιουργίας
1647 1995 1782 2048 Θεοῦ
1809 1995 1902 2050 νῦν
1926 1997 2058 2068 ἡμῖν

379 2084 410 2135 6
431 2081 590 2150 λόγος
606 2097 619 2112 ·
652 2080 746 2135 καὶ
774 2080 1050 2149 άναγκαία
1071 2080 1266 2150 γένοιτ’
1293 2082 1359 2137 ἂν
1392 2083 1522 2154 ἡμῖν
1552 2082 1692 2154 αῦτη
1714 2083 1824 2138 τῶν
1847 2085 2057 2156 νοημά-

378 2186 488 2223 των
515 2170 552 2241 ή
585 2168 864 2233 ὑπόθεσις.
893 2169 1073 2240 Ὅπερ
1117 2165 1211 2222 οὑν
1249 2169 1422 2241 ἔφθην
1456 2169 1650 2233 εἰπὼν,
1683 2173 1747 2225 ἐκ
1781 2173 2057 2244 τεττάρων

379 2258 512 2328 ἡμῖν
546 2259 828 2328 στοιχείων
853 2255 1012 2310 τοῦτο
1033 2256 1095 2309 τὸ
1123 2257 1285 2328 σῶμα
1308 2257 1626 2330 συνέστηκε,
1658 2259 1762 2314 κᾶν
1785 2260 1846 2314 τὸ
1869 2260 2056 2331 ἔτερον

378 2345 650 2418 στασιάσῃ
685 2343 848 2416 μέχρι
874 2343 1098 2407 παντὸς,
1140 2344 1370 2409 Θάνατος
1414 2346 1527 2400 ἀπὸ
1551 2347 1651 2418 τῆς
1698 2347 1940 2412 στάσεως
1965 2349 2052 2417 γί-

376 2448 529 2487 νεται
557 2431 760 2501 ταύτης
777 2446 792 2462 ·
814 2425 969 2503 [108]
996 2424 1108 2484 οἷον
1128 2432 1228 2503 τῆς
1250 2431 1411 2503 χολῆς
1433 2432 1855 2505 πλεοναζούσης,
1877 2435 2056 2488 τίκτε-

375 2534 468 2572 ται
498 2517 753 2590 πυρετδς,
770 2516 875 2573 κᾶν
897 2519 1243 2590 ἐπικρατήσῃ
1263 2519 1408 2592 πέρα
1426 2519 1521 2574 τοῦ
1547 2519 1769 2592 μέτρου,
1792 2523 2054 2594 ταχίστην

378 2603 580 2674 ἐπάγει
611 2605 721 2676 τὴν
747 2605 1036 2677 τελευτήν·
1069 2607 1231 2660 πάλιν
1263 2606 1358 2660 τοῦ
1388 2607 1598 2679 ψυχροῦ
1644 2607 2050 2677 πλεονάζοντος,

378 2694 641 2766 παρέσεις
668 2694 762 2747 καὶ
783 2693 977 2765 τρόμοι
1005 2695 1099 2748 καὶ
1125 2694 1456 2766 ἀποπληξίαι
1481 2696 1574 2750 καὶ
1593 2695 1764 2768 μυρία
1780 2696 1944 2768 ἔτερα
1967 2715 2052 2751 νο-

376 2781 598 2854 σήματα
623 2781 896 2836 τίκτεται·
935 2785 1030 2836 καὶ
1057 2782 1195 2846 ὅλως
1220 2783 1428 2854 ἑκάστη
1450 2783 1772 2855 νοσημάτων
1799 2785 1910 2839 ίδέα
1940 2785 2052 2840 ἀπὸ

375 2870 474 2939 τῆς
513 2868 826 2936 πλεονεξίας
852 2868 963 2923 τῶν
1005 2871 1285 2941 στοιχείων
1317 2871 1527 2940 γίνεται
1563 2871 1789 2934 τούτων,
1831 2873 1959 2927 ὅταν
1991 2873 2052 2927 16

379 2961 569 3028 ἓτερον
591 2957 718 3019 τοὺς
765 2957 1000 3022 οἰκείους
1032 2958 1279 3028 ὑπερϐἀν
1319 2960 1478 3032 δρους
1521 2959 1664 3014 κατὰ
1711 2960 1819 3015 τῶν
1848 2960 2050 3015 λοιπῶν

376 3043 636 3116 τυραννῇ.
671 3045 765 3098 καί
792 3044 890 3116 τὴν
914 3048 1256 3119 συμμετρίαν
1285 3045 1592 3118 λυμήνηται
1618 3048 1796 3102 πᾶσαν
1823 3061 1870 3103 ε.

439 3127 751 3206 Ἐρώτησον
765 3132 942 3186 τοίνυν
959 3133 1052 3188 τὸν
1071 3134 1297 3203 λέγοντα
1312 3135 1594 3207 αὐτόματα
1612 3132 1831 3190 εἶναιτὰ
1851 3136 2048 3201 πάντα,

371 3219 467 3273 καὶ
497 3219 590 3290 ἀφ’
624 3221 833 3276 ἑαυτῶν
880 3223 1219 3278 συνεστάναι.
1283 3224 1347 3277 Εί
1395 3224 1454 3278 τὸ
1493 3224 1664 3297 βραχὺ
1699 3226 1858 3278 τοῦτο
1890 3225 2049 3296 σῶμα

372 3309 467 3361 καὶ
502 3307 718 3380 μικρὸν,
753 3309 848 3363 καὶ
877 3310 1182 3380 φαρμάκων
1216 3311 1486 3365 ἀπολαῦον
1514 3314 1608 3366 καὶ
1641 3313 1891 3384 ἰατρικῆς
1924 3314 2047 3366 ἑπι-

372 3396 608 3466 στήμης,
640 3395 736 3450 καὶ
759 3397 858 3468 τῆς
882 3397 1188 3471 διοικούσης
1209 3400 1341 3453 αὐτὸ
1369 3401 1547 3472 ψυχῆς
1576 3400 1744 3466 ἔνδον,
1774 3402 1866 3454 καὶ
1901 3400 2051 3470 φιλο-

372 3484 564 3553 σοφίας
607 3485 828 3554 πολλῆς,
878 3488 974 3540 καὶ
1021 3488 1229 3559 μυρίων
1285 3489 1490 3562 ἑτέρων
1529 3489 1912 3562 βοηθημάτων,
1947 3491 2050 3545 οὐκ

374 3569 549 3654 ίσχύει
575 3569 864 3650 διαπαντὸς
892 3574 950 3625 ἑν
989 3575 1212 3646 εὐταξίᾳ
1243 3575 1443 3645 μένειν,
1477 3576 1594 3630 ἀλλ’
1618 3577 1914 3632 ἀπόλλυται
1951 3579 2048 3633 καὶ

369 3657 741 3728 διαφθείρεται
789 3659 1074 3726 πολλάκις,
1109 3661 1167 3714 ἐν
1201 3662 1351 3733 αὐτῷ
1407 3666 1653 3736 ταραχῆς
1714 3666 2043 3737 γενομένης·

369 3743 490 3806 πῶς
523 3744 589 3798 ἂν
627 3745 656 3797 6
699 3745 952 3810 τοσοῦτος
991 3748 1195 3818 κόσμος
1225 3749 1514 3815 τοσούτους
1549 3752 1751 3821 ὄγκους
1778 3754 2048 3825 σωμάτων

371 3831 531 3900 ἔχων,
568 3832 664 3884 καὶ
695 3833 760 3885 ἑκ
787 3832 895 3886 τῶν
939 3834 1120 3888 αὐτῶν
1153 3838 1509 3910 συγκείμενος
1545 3841 1848 3912 στοιχείων,
1883 3843 1934 3896 εί
1970 3841 2046 3913 μὴ

370 3917 577 3988 πολλῆς
602 3919 891 3990 άπήλαυσε
917 3923 1190 3991 προνοίας,
1209 3923 1424 3995 ἔμεινεν
1445 3925 1511 3982 ἂν
1534 3928 1629 3982 61:1
1649 3929 1903 3984 τοσοῦτον
1919 3930 2047 4002 x96-

371 4023 462 4061 νον
485 4007 790 4078 ἀτάραχοςς
824 4010 958 4064 Οὐδὲ
979 4011 1086 4083 γὰρ
1115 4011 1181 4066 ἂν
1211 4012 1324 4084 ἔχοι
1357 4014 1534 4084 λόγον,
1567 4016 1630 4070 τὸ
1661 4017 1759 4088 μὲν
1789 4017 2047 4090 προνοίας

369 4095 642 4150 ἀπολαῦον
669 4097 828 4168 ήμῶν
872 4098 1032 4170 σῶμα
1071 4101 1167 4154 καὶ
1203 4101 1304 4170 τῆς
1335 4102 1534 4169 ἔξωθεν
1562 4106 1657 4160 καὶ
1684 4109 1782 4177 τῆς
1808 4106 2042 4172 ἔνδοθεν,

372 4183 525 4254 μόλις
559 4185 802 4256 διαρκεῖν
825 4186 963 4259 πρὸς
987 4187 1086 4259 τὴν
1110 4189 1305 4244 ἑαυτοῦ
1335 4191 1599 4247 σύστασιν
1617 4210 1630 4224 ·
1655 4195 1746 4248 τὸν
1777 4195 1833 4248 δὲ
1854 4195 2038 4250 τοσοῦο

367 4289 461 4326 τον
484 4273 707 4343 κόσμον,
734 4274 1006 4345 μηδεμιᾶς
1027 4276 1369 4332 ἀπολαύοντα
1388 4280 1665 4350 προνοίας,
1688 4281 1781 4334 ἐπὶ
1807 4285 2044 4338 τοσαῦτα

368 4359 466 4431 ἔτη
501 4361 666 4431 μηδὲν
699 4362 938 4416 τοιοῦτον
971 4363 1184 4430 παθεῖν,
1229 4361 1340 4421 οἷον
1372 4368 1432 4421 16
1463 4369 1625 4441 σῶμα
1655 4370 1717 4423 τὸ
1754 4371 2039 4444 ἡμέτερον.

369 4446 497 4510 Πῶς
515 4447 625 4518 γάρ
645 4449 765 4502 οὐδὲ
787 4447 844 4501 ἐν
860 4449 968 4503 τῶν
992 4453 1274 4522 στοιχείων
1296 4454 1521 4520 τούτων,
1543 4456 1667 4510 είπέ
1694 4475 1804 4528 μοι,
1822 4461 1947 4523 τοὺς
1967 4462 2044 4514 οί·

372 4535 553 4598 κείους
567 4536 838 4608 ὑπερέϐηά
852 4538 1132 4609 δρους,καὶ
1142 4539 1210 4593 τὰ
1225 4540 1387 4596 λοιπὰ
1402 4545 1784 4614 κατηνάλωσεν
1801 4546 2040 4614 ἅπαντας

367 4621 454 4686 τίς
482 4622 540 4676 δὲ
566 4621 708 4675 αὑτά
738 4625 1043 4696 συνήγαγεν
1069 4627 1162 4680 ἀπ’
1189 4628 1395 4700 άρχῆςς
1427 4630 1514 4694 τίς
1542 4631 1720 4703 ἔδησε,
1750 4634 1833 4697 τίς
1858 4635 2042 4704 ἐχαλί-

370 4727 530 4774 νωσε,
574 4711 658 4774 τίς
687 4711 785 4764 61:1
830 4713 1084 4767 τοσοῦτον
1120 4715 1402 4788 διακρατεῖ
1441 4719 1666 4791 χρόνον;
1713 4722 1820 4774 Καὶ
1852 4725 1962 4792 γάρ
1994 4725 2043 4778 εί

373 4796 473 4867 μὲν
504 4798 712 4852 ἀπλοῦν
743 4802 836 4852 καὶ
869 4805 1138 4870 μονοειδὲς
1181 4800 1250 4876 ἦν
1277 4804 1372 4858 τοῦ
1407 4807 1612 4877 κόσμου
1640 4808 1701 4861 16
1731 4809 1910 4880 σῶμα,
1944 4813 2046 4883 οὐχ

371 4884 546 4948 οὕτως
572 4885 833 4939 ἀδύνατον
850 4883 923 4957 ἦν
949 4889 1010 4941 16
1033 4889 1321 4960 λεγόμενον
1339 4909 1351 4922 ·
1385 4893 1514 4946 ὅταν
1537 4893 1594 4948 δὲ
1626 4896 1774 4968 μάχη
1808 4899 2043 4970 τοσαύτη

369 4970 479 5023 τῶν
511 4971 794 5042 στοιχείων
828 4973 888 5038 ἐξ
923 4975 1098 5046 ἀρχῆς
1131 4973 1190 5050 ᾖ,
1231 4977 1313 5042 τίς
1343 4978 1516 5044 οῦτως
1561 4981 1786 5052 ἀνόητος
1835 4985 1912 5050 ὡς
1958 4988 2045 5040 ἐν-

371 5058 582 5129 νοῆσαι,
604 5059 687 5112 ὃτι
715 5059 886 5132 χωρὶς
919 5061 1015 5114 τοῦ
1049 5064 1374 5132 συνάγοντος
1418 5068 1646 5138 συνῆλθε
1684 5070 1859 5124 ταῦτα
1882 5074 2046 5128 αὐτό-

376 5162 541 5214 ματα,
564 5147 657 5200 καὶ
685 5147 1008 5203 συνελθόντα
1041 5150 1285 5222 ἔμεινεν;
1311 5155 1374 5206 Εί
1395 5153 1503 5226 γάρ
1527 5157 1690 5226 ἡμεῖς
1717 5158 1836 5230 οὐχὶ
1859 5160 2044 5230 φύσει,

371 5231 510 5286 ἀλλὰ
552 5234 872 5306 προαιρέσει
908 5236 1046 5308 πρὸς
1085 5237 1347 5310 ἀλλήλους
1384 5240 1671 5312 ἐχθρωδῶς
1700 5242 1914 5314 ἔχοντες
1945 5249 2046 5302 οὐκ

373 5318 440 5372 ἂν
467 5320 766 5394 αὐτόματοι
795 5323 1166 5396 συμϐαίημεν,
1205 5326 1311 5392 ἔως
1355 5328 1423 5382 ἂν
1449 5329 1635 5401 ἐχθροὶ
1666 5332 1919 5406 μένωμεν
1950 5337 2046 5391 καὶ

371 5407 508 5478 πρὸς
532 5407 794 5479 ἀλλήλους
823 5408 1076 5482 ἔχωμενο
1101 5411 1303 5484 ἀηδῶς,
1336 5413 1450 5468 ἀλλ’
1480 5415 1668 5488 ἑτέρου
1697 5417 1930 5491 δεόμεθα
1948 5422 2046 5476 τοῦ

373 5493 699 5562 συνάγοντος
719 5496 885 5566 ἡμᾶς,
906 5500 1002 5553 καὶ
1027 5498 1168 5570 μετά
1182 5499 1244 5554 16
1264 5504 1592 5570 συναγαγεῖν
1606 5505 2043 5577 ἑπισφίγγοντος,

371 5581 467 5634 καὶ
499 5581 776 5669 πείθοντος
809 5583 990 5654 μένειν
1023 5587 1117 5641 ἐπὶ
1153 5589 1252 5660 τῆς
1293 5591 1662 5662 καταλλαγῆς,
1703 5595 1798 5648 καὶ
1833 5598 1908 5669 μὴ
1937 5599 2045 5653 πά-

432 5669 460 5737 ξι
486 5668 635 5737 ﬁam;
667 5676 719 5717 et
745 5671 942 5737 qgidam
971 5686 1086 5722 mss.
1113 5676 1374 5737 σύγκειται.

432 5683 460 5699 α
486 5683 635 5716 nam.
667 5683 719 5717 el.
745 5683 942 5779 (‘umam
971 5686 1086 5722 mss.
1113 5683 1374 5737 σύγκειται.

429 5725 461 5802 ξ
482 5725 642 5802 βοή).
667 5737 719 5802 ει
737 5733 921 5802 ιι-ξαυοι
943 5747 1056 5782 πιςς.
1081 5736 1136 5802 οὐ
1159 5741 1472 5802 ζωογονεῖται.
1497 5741 1616 5792 Mor.
1644 5745 1699 5794 οὐ
1725 5746 2042 5801 ζωοποιεῖται.

436 5795 462 5858 “_
482 5790 633 5858 ξυνῇ.
657 5797 711 5839 et
736 5790 923 5858 alidum
943 5809 1057 5844 mss.
1087 5790 1364 5858 λυμαίνηται
1386 5790 1589 5854 ἄπασανξ

435 5852 464 5921 «ι
488 5852 642 5921 ξενίῃ.
666 5858 719 5921 οι
737 5851 901 5906 iidém.
929 5870 1045 5908 mss.
1071 5851 1268 5921 παρέϐη.

438 5917 464 5947 ⁸
487 5911 640 5966 SaVil.
667 5913 872 5979 ἔχοιμεν.

1167 295 1226 350 S.
1267 289 1554 351 JOANNIS
1587 291 2092 351 CHRYSOS’I‘OMI
2124 293 2443 351 ARCHIEP.
2479 294 3038 355 CONSTANTINOP.

3745 296 3851 356 ﬂ".

2172 410 2253 464 λιν
2294 411 2614 483 ἀποπηδᾷν·
2669 413 2787 477 πῶς
2838 413 2905 468 ἂν
2945 412 3014 466 τά
3041 411 3178 484 μήτε
3207 411 3472 482 λογισμοῦ
3498 413 3637 483 μήτε
3663 412 3853 484 αίσθή-

2173 497 2312 562 σεώς
2345 517 2489 564 τινος
2531 501 2828 572 μετέχοντα
2869 505 3128 572 στοιχεῖα,
3171 502 3265 554 καὶ
3293 501 3452 570 φύσει
3483 501 3722 571 πολέμια
3751 502 3850 556 ἀλ-

2171 583 2350 660 λήλοις
2393 584 2524 640 ὄντα
2565 586 2661 640 καὶ
2704 587 2874 658 ἐχθρά
2918 587 3146 658 συνῆλθε
3180 587 3276 640 καὶ
3328 587 3550 657 συνέϐη,
3597 587 3691 640 καὶ
3731 588 3850 658 μετ’

2174 673 2420 744 ἀλλήλων
2454 674 2690 745 ἔμεινεν,
2725 677 2772 728 εί
2807 675 2882 746 μὴ
2912 674 3139 745 δύναμίς
3171 692 3253 738 τις
3300 670 3372 746 ἦν
3402 675 3659 746 ἇρῥητος,
3696 676 3852 746 ήκαὶ

2172 763 2500 830 συνάγουσα,
2525 767 2620 816 καὶ
2655 762 2794 834 μετά
2823 763 2886 816 τὸ
2919 765 3242 832 συναγαγεῖν
3271 763 3560 827 διαπαντὸς
3589 762 3729 836 μετά
3750 761 3854 819 τοῦ

2169 848 2370 918 δεσμοῦ
2401 850 2591 903 τούτου
2623 850 2956 920 κατέχουσα;

2237 937 2427 1007 γ’.οὐχ
2448 937 2580 1008 ὁρᾷς
2605 936 2887 1000 πῶςτοῦτο
2901 937 2960 990 16
2977 937 3133 1009 σῶμα
3161 937 3259 1008 τῆς
3286 937 3458 1009 ψυχῆς
3482 939 3800 1010 -αποστάσης
3825 938 3847 978 ί

2166 1023 2398 1096 διαρρεῖ,
2435 1026 2529 1077 καὶ
2565 1025 2908 1095 μαραίνεται,
2957 1026 3050 1078 καὶ
3093 1025 3412 1091 ἀπόλλυται,
3448 1025 3542 1080 καὶ
3574 1027 3713 1098 πρὸς
3747 1027 3854 1097 τὴν

2167 1109 2372 1161 οίκείαν
2403 1109 2634 1164 ἕκαστον
2669 1111 2778 1164 τῶν
2828 1112 3107 1182 στοιχείων
3152 1111 3510 1182 ἐπανέρχεται
3538 1113 3722 1183 λῆξινς
3773 1113 3853 1170 Τὸ

2171 1197 2304 1251 αὐτὸ
2325 1196 2391 1267 δὴ
2415 1197 2572 1250 τοῦτο
2603 1198 2698 1252 καὶ
2727 1199 2822 1251 ἐπὶ
2865 1198 3020 1252 τοῦδε
3065 1199 3283 1268 ἐγένετο
3313 1199 3380 1252 ἂν
3407 1199 3502 1252 τοῦ
3533 1200 3761 1270 κόσμου,
3798 1202 3853 1253 εί

2174 1283 2464 1337 κατέλιπεν
2486 1283 2647 1337 αὐτὸν
2676 1284 2882 1356 ἔρημον
2903 1284 3002 1355 τῆς
3028 1285 3236 1348 οίκείας
3266 1285 3521 1356 προνοίας
3553 1283 3586 1358 ή
3611 1285 3848 1339 διαπαν-

2165 1368 2258 1431 τὸς
2285 1369 2448 1423 αὐτὸν
2480 1367 2798 1438 κυϐερνῶσα
2829 1369 3080 1440 δύναμις.
3133 1371 3195 1423 Εί
3226 1370 3336 1442 γάρ
3375 1369 3558 1426 πλοῖον
3587 1370 3716 1425 ἀνευ
3743 1389 3846 1426 κυ-

2165 1455 2429 1527 ϐερνήτου
2466 1456 2528 1509 οὐ
2564 1455 2898 1517 συνίσταται,
2929 1456 3068 1510 ἀλλά
3094 1453 3547 1520 καταποντίζεται
3580 1457 3849 1522 εὐκόλως,

2163 1545 2192 1596 6
2221 1543 2423 1615 κόσμος
2448 1543 2566 1608 πῶς
2608 1543 2674 1598 ἂν
2721 1545 2951 1615 συνέστη
2989 1546 3081 1599 61:1
3123 1545 3377 1598 τοσοῦτον
3398 1545 3588 1617 χρόνον
3616 1546 3850 1617 μηδενὸς

2169 1630 2342 1702 αὐτὸν
2374 1631 2780 1703 κυϐερνῶντος;
2808 1633 2919 1686 Καὶ
2952 1633 3038 1686 ἴνα
3070 1633 3234 1705 μηδὲν
3258 1633 3399 1687 εἴπω
3418 1632 3599 1696 πλέον,
3621 1635 3849 1705 νόμισον

2164 1713 2305 1773 εἶναι
2339 1718 2522 1773 πλοῖον
2565 1720 2657 1773 τὸν
2702 1721 2926 1790 κόσμον,
2963 1719 3114 1792 [109]
3156 1721 3350 1792 τρόπιν
3386 1721 3710 1775 ὑποκεῖσθαι
3741 1722 3848 1794 τὴν

2169 1807 2294 1877 γῆν,
2325 1806 2469 1859 ίστία
2497 1805 2592 1859 τὸν
2635 1807 2884 1878 οὐρανὸν,
2920 1807 3184 1870 ἐπιϐάτας
3212 1807 3339 1871 τούς
3375 1806 3715 1878 ἀνθρώπους,
3742 1807 3847 1860 πέ-

2161 1893 2323 1964 λαγος
2349 1895 2448 1966 τήν
2478 1895 2842 1966 ὑποκειμένην
2887 1895 3124 1950 ἄϐυσσον
3155 1911 3168 1926 ·
3215 1894 3329 1958 πῶς
3352 1891 3445 1948 οῦν
3468 1894 3561 1948 ἐπὶ
3587 1894 3848 1948 τοσούτου

2163 1983 2363 2054 χρόνου
2389 1985 2415 2023 8
2446 1981 2702 2051 ναυάγιον
2731 1983 2832 2035 οὐκ
2869 1981 3087 2050 ἐγένετο
3111 1999 3126 2048 ;
3174 1982 3333 2036 ἔασον
3355 1981 3484 2051 γοῦν
3507 1981 3690 2035 πλοῖον
3715 1982 3851 2053 μίαν

2175 2069 2386 2141 ἡμέραν
2425 2069 2596 2141 χωρὶς
2632 2068 2963 2140 κυϐερνήτου
2997 2070 3090 2122 καὶ
3121 2069 3352 2132 ναυτῶν,
3392 2069 3487 2122 καὶ
3517 2068 3637 2139 ὄψει
3672 2087 3850 2122 κατα-

2174 2154 2559 2226 ποπιζὸμενον
2575 2153 2804 2218 εὐθέως·
2829 2153 2942 2208 ἀλλ’
2963 2155 2992 2206 6
3015 2153 3216 2226 κόσμος
3240 2153 3392 2208 οὐδὲν
3411 2154 3649 2208 τοιοῦτον
3671 2154 3847 2208 ἔπαθε

2171 2243 2584 2315 πεντακισχίλια
2615 2243 2709 2297 καὶ
2732 2243 2914 2314 πολλῷ
2943 2243 3165 2297 πλείονα
3189 2243 3376 2296 λοιπὸν
3405 2243 3502 2314 ἔτη
3537 2242 3694 2314 ἔχων.
3732 2244 3850 2297 Καὶ

2165 2331 2220 2384 τί
2271 2331 2415 2399 λέγω
2449 2331 2666 2396 πλοῖον;
2703 2330 2947 2400 καλύϐην
2989 2331 3192 2402 μικρὰν
3232 2329 3471 2401 ἑπήξατό
3516 2347 3601 2394 τις
3629 2331 3687 2383 έν
3717 2332 3848 2394 ταῖς

2162 2417 2454 2487 ἀμπέλοις,
2489 2418 2582 2470 καὶ
2617 2416 2708 2470 τοῦ
2741 2416 2952 2488 καρποῦ
2989 2415 3440 2487 συναιρεθέντοςὶι
3474 2416 3686 2486 ἀφῆκεν
3715 2417 3848 2488 ἔρη-

2162 2520 2283 2574 μον,
2312 2504 2406 2557 καὶ
2433 2503 2553 2556 οὐδὲ
2592 2503 2685 2557 δύο
2718 2503 2977 2567 πολλάκις
3027 2503 3240 2575 ἡμέρας
3267 2503 3532 2574 διαμένει,
3557 2503 3692 2557 άλλά
3721 2503 3844 2556 δια-

2157 2590 2344 2646 λύεται
2367 2591 2460 2645 καὶ
2492 2590 2827 2644 καταπίπτει
2853 2591 3084 2661 ταχέως.
3110 2587 3244 2644 Εἶτα
3275 2589 3485 2662 καλύϐη
3521 2591 3616 2661 μέν
3642 2592 3744 2644 οὐκ
3771 2590 3842 2643 ἂν

2160 2677 2316 2748 σταίη
2345 2678 2515 2749 χωρὶς
2543 2676 2638 2730 τοῦ
2672 2677 3049 2748 προνοοῦντος,
3083 2675 3473 2748 δημιούργημα
3501 2677 3558 2730 δέ
3583 2675 3846 2730 τοσοῦτον

2156 2765 2298 2820 οῦτω
2336 2766 2498 2819 καλὸν
2539 2767 2635 2819 καὶ
2672 2765 3003 2836 θαυμαστὸν,
3041 2767 3136 2820 καὶ
3161 2766 3316 2837 νόμοι
3348 2767 3544 2829 νυκτὸς
3576 2765 3670 2818 καὶ
3701 2764 3844 2836 ἠμέ-

2158 2868 2277 2922 ρας,
2308 2853 2402 2904 καὶ
2415 2850 2574 2922 ὡρῶν
2603 2849 3001 2922 ἑνηλλαγμέναι
3041 2854 3268 2922 χορεῖαι,
3292 2851 3387 2904 καὶ
3405 2849 3617 2920 φύσεως
3641 2849 3844 2921 δρόμος

2156 2939 2399 3002 ποικίλος
2425 2957 2510 3004 τις
2573 2939 2672 2993 καὶ
2707 2938 3047 3001 παντοδαπὸς
3090 2942 3148 2992 ἐν
3191 2941 3262 3011 γῇ
3297 2939 3391 2992 καὶ
3439 2936 3700 3010 θαλάττῃ,
3742 2938 3844 2990 καὶ

2156 3024 2302 3097 ἀέρι,
2345 3027 2440 3080 καὶ
2485 3024 2721 3097 οὐρανῷ,
2771 3026 2864 3080 καὶ
2904 3029 3110 3096 φυτοῖς,
3145 3028 3240 3080 καὶ
3281 3026 3440 3090 ζώοις
3498 3025 3840 3094 πετομένοις,

2155 3112 2496 3183 νηχομένοις,
2547 3111 2874 3182 βαδίζουσιν,
2925 3114 3172 3185 ἔρπουσι,
3231 3113 3326 3166 καὶ
3374 3113 3432 3166 ἐν
3493 3111 3570 3184 τῷ
3616 3112 3838 3166 πάντων

2161 3199 2384 3252 ἐκείνων
2411 3199 2731 3271 κυριωτέρῳ
2750 3201 2859 3255 τῶν
2883 3201 3184 3272 ἀνθρώπων
3205 3201 3374 3270 γένει,
3400 3199 3516 3264 πῶς
3543 3199 3608 3254 ἂν
3639 3198 3840 3270 διέμει-

2155 3303 2241 3341 νεν
2294 3288 2388 3341 6111
2422 3287 2676 3342 τοσοῦτον
2727 3289 3067 3352 ἀδιάπτωτος
3111 3289 3302 3360 χρόνον
3348 3287 3517 3360 χωρὶς
3580 3290 3836 3360 προνοίας

2153 3373 2326 3439 τινός;
2361 3374 2517 3427 Μετά
2541 3375 2651 3444 γάρ
2678 3375 2786 3429 τῶν
2808 3377 3118 3448 είρημένων
3150 3376 3342 3430 ἔπελθέ
3371 3393 3458 3447 μοι
3485 3376 3612 3440 τοὺς
3643 3376 3840 3447 λειμῶ-

2154 3477 2252 3525 νας
2295 3462 2373 3532 τῷ
2418 3461 2582 3532 λόγῳ,
2612 3464 2740 3527 τοὺς
2791 3464 3176 3535 παραδείσους,
3211 3463 3280 3517 τὰ
3333 3463 3464 3534 γένη
3498 3463 3606 3516 τῶν
3633 3463 3834 3532 ἀνθῶν,

2155 3547 2254 3612 τάς
2287 3547 2515 3618 βοτάνας
2548 3549 2783 3614 άπάσας,
2826 3551 2928 3614 τὰς
2966 3550 3156 3621 χρείας
3212 3549 3412 3615 αὐτῶν,
3440 3551 3537 3621 τὴν
3582 3550 3834 3615 εὐωδίαν,

2151 3635 2220 3688 τὰ.
2252 3635 2528 3706 σχήματα,
2549 3635 2646 3706 τὴν
2672 3636 2840 3702 θέσιν,
2870 3635 2940 3690 τά
2964 3636 3204 3708 ὀνόματα
3252 3638 3431 3708 μόνον·
3464 3638 3530 3691 τά
3553 3636 3742 3708 δένδρα
3765 3638 3836 3692 τά

2153 3722 2428 3795 ἔγκαρπα,
2481 3723 2552 3776 τά
2609 3724 2863 3794 ἄκαρπα·
2910 3725 3021 3777 τῶν
3070 3723 3347 3795 μετάλλων
3377 3725 3477 3796 τὴν
3511 3725 3694 3794 φύσιν·
3722 3724 3834 3778 τῶν

2155 3809 2310 3874 ζώων
2336 3810 2446 3863 τῶν
2477 3811 2535 3863 ἑν
2577 3799 2837 3882 θαλάττῃ,
2869 3812 2980 3865 τῶν
3011 3811 3069 3866 ἐν
3098 3815 3164 3884 τῇ
3211 3815 3304 3882 γῇ,
3335 3813 3440 3865 τῶν
3462 3811 3696 3881 νηκτῶν,
3722 3811 3833 3866 τῶν

2151 3897 2492 3968 ἀεροπόρων·
2529 3899 2598 3950 τὰ
2625 3897 2749 3969 ὅρη,
2785 3897 2884 3960 τὰς
2917 3897 3113 3962 νάπας,
3131 3898 3256 3962 τοὺς
3273 3899 3530 3970 δρυμοὺς,
3559 3899 3652 3952 τὸν
3681 3901 3831 3954 κάτω

2149 3983 2412 4055 λειμῶνα,
2457 3985 2549 4039 16v
2583 3986 2694 4040 ἄνω
2739 3985 2981 4055 λειμῶνα
3040 3988 3155 4059 (καὶ
3199 3985 3308 4057 γὰρ
3345 3989 3402 4040 ἐν
3428 3989 3494 4057 τῇ
3527 3990 3598 4058 γῇ
3626 3987 3832 4058 λειμὼν

2151 4072 2246 4126 καὶ
2272 4074 2329 4126 ἑν
2351 4073 2429 4144 τῷ
2449 4071 2661 4144 οὐρανῷ
2689 4073 2938 4144 λειμὼν),
2959 4074 3028 4127 τά
3053 4075 3272 4128 ποικίλα
3295 4074 3404 4127 τῶν
3429 4075 3644 4142 ἄστρων
3667 4077 3827 4146 ἀνθη,

2149 4159 2298 4212 κάτω
2323 4160 2472 4231 ῥόδα.
2499 4161 2612 4214 ἄνω
2649 4156 2780 4231 ῐρις.
2831 4159 3018 4214 Βούλει
3067 4162 3162 4215 καὶ
3202 4162 3295 4215 ἐπὶ
3341 4162 3450 4214 τῶν
3483 4162 3713 4234 ὀρνίθων
3743 4181 3826 4217 σοι

2147 4243 2306 4308 δείξω
2325 4244 2593 4315 λειμῶνα;
2618 4246 2899 4317 κατάμαθε
2921 4247 3014 4301 τοῦ
3039 4247 3154 4301 ταὼ
3173 4249 3188 4288 ί
3218 4249 3280 4300 16
3303 4249 3460 4319 σῶμα
3503 4250 3565 4302 16
3586 4250 3828 4303 ποικίλον

2149 4331 2244 4383 καὶ
2261 4332 2440 4385 πᾶσαν
2462 4332 2787 4404 ὑπερϐαῖνον
2805 4333 3005 4405 βαφὴν,
3030 4336 3156 4398 τοὺς
3182 4334 3614 4406 πορφυρίζοντας
3636 4353 3828 4408 στρου-

2149 4413 2294 4482 θούς.
2314 4417 2594 4490 Ἐννόησόν
2618 4436 2708 4491 μοι
2728 4421 2790 4473 16
2807 4421 3000 4484 κάλλος
3017 4421 3108 4474 τοῦ
3133 4423 3194 4474 οὐ
3204 4421 3366 4491 ρανοῦ
3385 4423 3550 4476 πόσον
3571 4423 3684 4494 ἔχει
3706 4424 3827 4496 χρό-

2149 4523 2238 4559 νον
2266 4505 2359 4559 καὶ
2382 4507 2483 4560 οὑκ
2507 4507 2832 4578 ἠμαυρώθη,
2855 4508 2971 4562 ἀλλ’
2996 4508 3186 4580 ὥσπερ
3215 4511 3454 4580 σήμερον
3481 4527 3828 4564 κατασκευα·

2150 4593 2318 4656 σοεὶς,
2362 4593 2535 4658 οὑτως
2575 4596 2723 4648 ἐστὶν
2746 4595 3087 4650 ἀποστίλϐων
3125 4598 3220 4650 καὶ
3247 4597 3499 4669 λαμπρός
3522 4615 3537 4629 ⁸
3587 4601 3687 4668 τῆς
3722 4600 3830 4670 γῆἶ

2146 4681 2246 4753 τὴν
2275 4681 2527 4754 δύναμιν,
2560 4685 2678 4748 πῶς
2706 4686 2805 4738 οὐκ
2832 4686 3098 4758 ἠτόνησεν
3127 4687 3357 4758 αὐτῆςή
3390 4688 3603 4760 γαστήρ
3636 4691 3829 4742 τοσοῦ-

2146 4788 2241 4824 τον
2264 4772 2524 4825 τίκτουσα
2549 4770 2758 4844 χρόνον.
2790 4773 3070 4843 Ἐννόησόν
3095 4791 3184 4844 μοι
3211 4777 3311 4840 τάς
3341 4776 3525 4845 πηγάς
3559 4777 3678 4840 πῶς
3696 4777 3828 4831 ἀνα-

2148 4856 2426 4924 ϐλύζουσι,
2464 4860 2561 4913 καὶ
2598 4860 2700 4913 οὐκ
2747 4861 3004 4915 ἐπέλιπον
3051 4860 3111 4927 ἐξ
3154 4856 3216 4916 οῦ
3264 4861 3522 4932 γεγόνασι
3560 4861 3829 4935 διηνεκῶς

2150 4946 2409 5018 βρύουσαι
2455 4948 2550 5000 καὶ
2582 4947 2795 5019 ἡμέραν
2844 4949 2938 5002 καὶ
2971 4948 3142 5003 νύκτα
3183 4950 3396 5003 πᾶσαν·
3447 4951 3701 5020 ἐννόησόν
3736 4971 3829 5023 μοι

2148 5034 2250 5106 τὴν
2277 5033 2566 5098 θάλατταν,
2604 5035 2802 5100 πόσους
2831 5035 3096 5107 δεχομένη
3139 5037 3420 5109 ποταμοὺς
3457 5039 3556 5109 οὐχ
3585 5040 3826 5111 ὑπερέϐη

2148 5121 2210 5174 τὸ
2234 5119 2453 5194 μέτρον.
2497 5121 2658 5176 Ἀλλά
2684 5123 2846 5195 μέχρι
2869 5124 3014 5188 τίνος
3044 5124 3313 5197 διώκομεν
3338 5127 3609 5198 ἀκίχητα;
3645 5128 3829 5192 Ἄξιον

2150 5207 2236 5278 ἐφ’
2266 5208 2482 5280 ἑκάστῳ
2505 5209 2616 5263 τῶν
2643 5212 2763 5283 είρη
2773 5211 2947 5281 μένων
2970 5213 3150 5282 λέγειν
3172 5230 3187 5245 ·
3229 5215 3325 5279 Ὠς
3351 5213 3724 5284 ἐμεγαλύνθη
3753 5219 3830 5270 τὰ

2149 5296 2294 5367 ἔργα
2313 5313 2451 5359 σου,
2482 5299 2696 5366 Κύριεί
2749 5298 2947 5355 πάντα
2979 5301 3049 5354 ἐν
3085 5302 3270 5372 σοφίᾳ
3307 5302 3620 5370 ἐποίησας.
3666 5303 3829 5358 Ἀλλά

2147 5383 2234 5446 τίς
2284 5383 2314 5438 6
2359 5384 2523 5455 σοφὸς
2569 5385 2676 5439 τῶν
2723 5386 2970 5442 ἀπίστων
3013 5388 3193 5458 λόγος,
3226 5391 3356 5443 ὅταν
3397 5389 3616 5444 ἅπαντα
3651 5391 3829 5445 ταῦτα

2148 5467 2448 5539 διέλθωμεν
2484 5471 2621 5542 πρὸς
2645 5473 2859 5536 αὐτοὺς,
2893 5475 2951 5527 τὸ
2984 5475 3231 5545 μέγεθος,
3269 5477 3333 5530 τὸ
3360 5477 3559 5542 κάλλος
3579 5477 3680 5550 τῆς
3707 5479 3828 5532 κτί-

2153 5573 2315 5621 σεως,
2341 5556 2442 5627 τὴν
2463 5557 2768 5628 δαψίλειαν,
2799 5560 2898 5632 τὴν
2918 5561 3177 5630 ἀφθονίαν
3208 5563 3308 5635 τὴν
3336 5566 3394 5619 ἐν
3415 5565 3623 5620 ἀπασιν
3647 5583 3660 5632 ;
3685 5566 3829 5621 Αὐτύ

2153 5642 2253 5712 μὲν
2283 5636 2377 5697 οὖν
2404 5645 2564 5698 τοῦτο
2599 5645 2834 5716 μάλιστά
2864 5651 3012 5702 ἑστιν
3051 5649 3326 5723 ἔγκλημα,
3356 5653 3544 5722 φησὶν.
3576 5655 3658 5708 ὅτι
3679 5653 3829 5709 οὕτω

2219 5748 2238 5827 ξ
2267 5750 2552 5827 ἑθςιῐοοοιη
2582 5754 2771 5827 Sayuli.
2804 5759 3100 5827 ἀτεοαάσης,
3144 5762 3357 5813 reddidit
3387 5766 3656 5827 interpres.
3687 5767 3822 5819 Enrr.

2213 5814 2238 5884 ξ
2264 5813 2466 5884 Quidam
2495 5830 2608 5884 ιῃςης.
2641 5819 2715 5866 ἐπὶ
2738 5820 2967 5869 τοσοῦτον
2989 5813 3173 5884 χρόνον.

2213 5871 2243 5938 ξι
2263 5876 2410 5938 §aviL
2438 5877 2666 5938 ἀρθέντος.

2217 5936 2231 5974 i
2264 5935 2415 5988 Savil.
2439 5935 2490 5987 ci
2513 5941 2712 6002 quidam
2736 5954 2849 5993 mss.
2877 5942 2962 5992 τοῦ
2984 5948 3177 6003 ταῶνας.
3207 5947 3383 5999 Morel.
3410 5955 3461 5999 et
3481 5950 3566 6001 alii
3593 5949 3680 6001 τοῦ
3700 5951 3824 6001 ταώ.
