4112 6388
429 357 529 412 115

421 474 583 536 beat,
630 477 683 524 et
729 468 998 522 vinculum
1064 466 1133 518 sit
1194 464 1285 519 Dei
1343 465 1608 517 voluntas.
1670 462 1801 517 lluie
1851 461 2009 515 hodie

419 561 659 616 sermoni
715 558 943 614 amnlius
1000 556 1271 611 immorari
1328 555 1448 609 volo
1483 596 1498 617 ,
1542 552 1635 608 sed
1684 552 2007 623 expergisci-

422 654 572 719 mini,
605 664 660 707 et
685 652 967 707 diligenter
1004 650 1156 704 nobis
1181 647 1456 703 attemlite.
1486 646 1556 703 Ut
1577 655 1753 701 autem
1782 646 2014 700 miracu-

418 746 529 799 lum
567 746 658 798 fiat
690 742 1020 798 manifestius
1062 758 1092 795 a
1121 755 1344 810 corpore
1380 752 1567 795 uestro
1600 738 2007 794 demonstratio-

420 851 542 891 nem
594 836 780 890 horum
829 835 1037 889 faciam.
1074 834 1279 887 Etenim
1322 846 1517 901 corpus
1560 839 1798 885 nostrum
1849 829 2012 883 breve

420 928 521 981 hoc
554 940 609 983 et
639 943 857 997 parvum
887 942 919 981 e
952 936 1178 995 quatuor
1206 924 1559 994 compositum
1588 935 1673 977 est
1695 921 2013 985 elementis,

420 1020 594 1074 calido
615 1019 847 1089 quidem,
882 1017 1141 1085 sanguine
1164 1033 1181 1081 ;
1206 1016 1350 1069 sicco
1372 1030 1498 1068 vero
1521 1056 1535 1077 ,
1565 1013 1669 1067 bile
1703 1012 1843 1066 Dav-tu
1867 1029 1891 1076 ;
1907 1011 2017 1065 hu-r

425 1112 592 1174 mide,
620 1111 802 1180 pituita
826 1127 839 1174 ;
871 1108 1081 1178 frigido,
1110 1118 1225 1161 atra
1248 1107 1371 1161 bile.
1395 1106 1462 1159 Et
1483 1121 1641 1161 nemo
1662 1106 2007 1173 incongruum

425 1205 565 1254 hunc
590 1212 736 1269 putet
764 1216 889 1255 csse
915 1214 1217 1262 sermonem
1251 1216 1263 1250 :
1296 1197 1595 1264 Spiritnalis
1619 1212 1807 1264 nempe
1837 1195 2008 1247 omnia

421 1294 700 1365 dijadieat,
732 1294 841 1361 ipse
882 1308 996 1345 vero
1024 1308 1055 1342 α
1098 1291 1293 1343 nemine
1336 1288 1647 1359 diiudicatur
1672 1287 1693 1359 (.
1723 1289 1771 1340 ί.
1802 1285 1922 1341 Cor.
1948 1286 2009 1338 2.

424 1389 491 1442 15
521 1388 557 1456 ).
592 1385 679 1441 Sic
717 1395 768 1438 ct
812 1385 1008 1437 i‘aulns
1035 1383 1371 1452 agriculturae
1411 1380 1647 1434 rationes
1686 1379 1896 1447 tetigit,
1939 1376 2011 1432 de

422 1477 817 1532 resurrectione
840 1476 991 1529 nobis
1018 1474 1286 1527 disserens
1314 1484 1331 1525 :
1363 1471 1548 1534 Stulte,
1576 1471 1763 1540 inquit,
1794 1480 1847 1522 tu
1872 1469 2007 1537 quod

420 1570 635 1623 scininas
673 1584 774 1620 non
814 1566 1091 1631 uivi/icatur
1114 1606 1135 1632 ,
1158 1564 1254 1618 nisi
1284 1562 1526 1615 moriatur
1551 1557 1756 1617 (LCor.
1774 1555 1943 1614 15.36

420 1658 477 1712 Si
506 1674 634 1712 vero
661 1659 848 1711 beatus
877 1656 966 1709 ille
986 1656 1054 1710 de
1077 1654 1398 1724 agricultura
1423 1667 1727 1707 sermonem
1756 1650 2009 1710 habebat,

421 1765 488 1802 ne
516 1764 613 1802 nos
636 1748 899 1817 quispiam
932 1754 1145 1800 accuset
1185 1745 1230 1798 si
1272 1743 1642 1798 medicinalem
1673 1742 2005 1809 disciplinam

417 1840 737 1908 attingamus
769 1857 784 1893 :
813 1837 877 1891 de
917 1837 1005 1892 Dei
1041 1836 1183 1891 enim
1230 1835 1500 1889 creatione
1528 1849 1669 1888 nunc
1703 1833 1855 1887 nobis
1880 1847 2005 1885 ora-

418 1934 514 1998 tio,
544 1942 599 1986 et
642 1931 996 1985 necessarium
1045 1929 1198 1984 nobis
1223 1938 1307 1983 est
1334 1928 1490 1995 hujus
1513 1927 1808 1996 disciplinae
1849 1941 2005 1993 argu-

418 2034 677 2077 mentum.
708 2022 860 2090 Quod
910 2022 1068 2091 igitur
1095 2031 1217 2076 ante
1244 2021 1352 2075 dixi
1376 2061 1391 2085 ,
1420 2036 1485 2073 ex
1515 2029 1743 2089 quatuor
1784 2019 1864 2071 his
1893 2020 2003 2071 ele-

417 2116 613 2170 mentis
640 2130 835 2184 corpus
858 2114 1017 2169 nobis
1034 2114 1386 2179 compositum
1408 2123 1511 2177 est,
1535 2121 1588 2165 et
1614 2113 1657 2165 si
1686 2127 1808 2180 pars
1834 2126 1861 2163 a
1895 2121 2004 2164 toto

414 2208 690 2273 dissideat,
721 2223 784 2262 ex
838 2206 942 2261 hoc
990 2205 1217 2260 dissidio
1260 2220 1411 2259 mors
1442 2205 1669 2259 efficitur
1700 2222 1712 2257 :
1748 2212 1806 2257 ut
1835 2211 1956 2272 puta
1983 2245 1998 2267 ,

415 2298 523 2355 hilo
568 2298 1035 2369 superabundante
1090 2297 1399 2366 producitur
1450 2296 1612 2351 febris
1646 2336 1660 2356 .
1692 2304 1747 2349 et
1792 2297 1833 2348 si
1867 2297 2003 2347 ultra

416 2408 719 2446 mensuram
751 2391 1069 2460 praevaleat,
1100 2390 1256 2444 finem
1288 2389 1442 2443 aifert
1467 2389 1805 2443 celerrimum
1832 2406 1844 2440 :
1880 2403 2002 2440 rur-

415 2500 533 2539 sum
564 2482 751 2554 frigido
791 2484 1292 2554 superabundante.
1343 2482 1601 2553 paralysis
1646 2490 1701 2535 et
1747 2491 2003 2535 tremores

415 2584 473 2629 et
490 2575 781 2644 apoplexize
801 2584 857 2628 et
877 2574 1139 2627 innumeri
1164 2572 1336 2626 morbi
1370 2573 1666 2640 pariuntur,
1693 2580 1747 2624 et
1786 2569 2003 2622 ornnino

414 2681 639 2737 qumque
687 2666 1056 2734 aegritudinum
1105 2663 1270 2718 forma
1299 2664 1366 2717 ab
1396 2665 1582 2716 borum
1613 2662 2002 2716 elementorum

415 2756 895 2826 superabundantia
926 2757 1177 2819 nascitur,
1198 2754 1410 2823 quando
1441 2770 1601 2808 umtm
1628 2768 1691 2807 ex
1722 2753 1849 2821 ipsis
1880 2768 2004 2822 pro-

416 2849 561 2918 prios
610 2847 878 2903 excedens
932 2849 1228 2912 terminos,
1269 2856 1455 2901 contra
1502 2845 1605 2899 alia
1659 2845 2004 2915 insurgit,et

418 2954 634 2994 ornnem
665 2939 811 2994 la-dit
838 2939 1222 3010 symmetriam.

489 3029 713 3085 Mundus
728 3032 835 3085 sine
854 3030 945 3085 Dei
962 3031 1275 3101 providentia
1300 3040 1435 3085 stare
1459 3029 1998 3100 nequit.-lnterroga

418 3123 580 3193 igitur
593 3124 883 3188 dicentem,
900 3123 1041 3193 quod
1066 3138 1159 3193 per
1194 3139 1252 3177 se.
1282 3133 1402 3176 nata
1421 3124 1623 3189 omnia,
1644 3138 1740 3192 per
1754 3138 1813 3177 se
1829 3123 2003 3177 subsi-

415 3223 574 3269 stant.
590 3216 645 3270 Si
663 3216 822 3270 breve
839 3215 940 3269 hoc
962 3225 1015 3269 et
1035 3215 1301 3270 modicum
1322 3229 1513 3284 corpus
1539 3214 2002 3278 medicaminibus,

415 3315 467 3360 ct
486 3304 784 3360 medicinali
823 3306 1042 3360 scientia
1066 3315 1240 3367 utens,
1269 3306 1444 3361 anima
1464 3305 1685 3361 interius
1704 3303 2005 3376 ipsumdis—

417 3400 655 3461 ponente
709 3410 772 3449 ac
792 3395 956 3448 multa
974 3395 1305 3465 philosOphia
1323 3404 1377 3450 et
1393 3394 1867 3450 innumerabilibus
1883 3394 2004 3451 aliis

416 3485 641 3548 auxiliis,
665 3501 769 3540 non
787 3502 1001 3556 semper
1017 3487 1068 3540 in
1087 3486 1230 3541 bono
1246 3496 1382 3541 statu
1407 3502 1717 3556 permanere
1733 3487 1890 3552 valet,
1909 3486 2002 3541 scd

416 3576 550 3641 perit
566 3585 619 3629 et
641 3576 999 3646 corrumpitur
1024 3578 1240 3647 saepius,
1269 3578 1635 3632 turbationein
1674 3579 1789 3648 ipso
1819 3577 1955 3632 facta
1985 3595 1999 3631 :

416 3667 681 3733 quomodo
699 3675 873 3721 tantus
890 3667 1316 3734 mundus,tantas
1328 3667 1527 3723 habens
1537 3683 1819 3739 corporum
1838 3669 2004 3723 moles

416 3764 469 3808 et
487 3772 552 3809 ex
570 3756 755 3810 iisdem
773 3758 1098 3827 compositus
1109 3760 1408 3822 elementis,
1429 3760 1527 3815 nisi
1547 3760 1709 3813 nmlta
1729 3760 2006 3829 providen-

416 3846 489 3900 tia
507 3846 942 3911 frueretur,tanto
960 3859 1198 3919 tempore
1231 3851 1644 3920 imperturbatus
1660 3866 1874 3905 manere
1911 3867 2004 3920 po-

417 3940 647 3995 luisset?
687 3942 791 3995 Nec
813 3945 951 3996 enim
980 3958 1100 3996 cum
1128 3944 1334 3999 ratione
1364 3945 1476 4000 fieri
1517 3955 1717 4015 posset,
1747 3956 1802 3999 ut
1827 3946 2002 4015 provi-

416 4029 646 4083 dentiam
677 4031 889 4099 quidem
926 4033 1127 4087 habcus
1169 4035 1390 4089 interius
1425 4044 1480 4089 et
1503 4035 1737 4090 exterius
1763 4045 2001 4089 nostrnnt

416 4135 629 4189 corpus,
663 4123 745 4175 vix
791 4124 855 4175 ad
898 4125 977 4177 sui
1006 4126 1464 4180 conservationem
1497 4126 1790 4192 sufficeret;
1826 4134 2002 4181 tantus

417 4228 545 4267 vero
560 4216 790 4269 mundus
810 4217 949 4270 nulla
970 4218 1149 4273 fruens
1171 4220 1498 4288 providentia
1523 4236 1617 4290 per
1637 4230 1716 4275 tot
1735 4237 1905 4275 annos
1927 4223 2001 4277 nil

418 4308 520 4359 tale
551 4317 819 4375 pateretur
841 4311 994 4378 quale
1014 4327 1209 4379 corpus
1231 4323 1490 4367 nostrum.
1534 4314 1814 4381 Quomodo
1857 4316 1999 4369 enim

418 4400 618 4453 nullum
648 4402 834 4455 horum
867 4405 1249 4459 elementorum
1276 4445 1291 4469 ,
1320 4421 1523 4474 qumso,
1552 4408 1798 4475 proprios
1824 4416 2000 4461 trans-

417 4493 988 4557 cemlitterminosmec
1034 4498 1234 4565 reliqua
1272 4498 1449 4551 ornnia
1484 4498 1851 4567 consumpsit?
1878 4499 2000 4568 quis

418 4601 543 4637 vero
595 4587 703 4653 ipsa
754 4589 821 4639 ab
867 4589 1015 4641 initio
1055 4590 1375 4658 conjunxit?
1410 4590 1529 4659 quis
1578 4589 1850 4645 devinxit?
1882 4593 2001 4660 quis

418 4674 678 4731 frenavit?
706 4680 829 4748 quis
857 4696 1024 4749 usque
1068 4681 1119 4735 in
1174 4692 1374 4735 tantum
1407 4694 1615 4752 tempus
1643 4685 1914 4739 continet?
1944 4685 2000 4740 Si

417 4769 556 4821 enim
579 4769 802 4838 simplex
830 4780 882 4824 ct
912 4772 1175 4825 uniforme
1204 4774 1389 4827 fuisset
1421 4775 1599 4829 mundi
1631 4791 1853 4844 corpus,
1891 4792 1996 4832 non

419 4870 522 4911 tam
552 4859 884 4928 impossibile
925 4861 1110 4917 fuisset
1136 4864 1274 4933 quod
1320 4865 1546 4929 dicitur;
1579 4867 1792 4935 quando
1820 4878 1999 4923 autem

419 4956 562 5001 tanta
589 4953 975 5007 elementorum
1006 4969 1175 5023 pugna
1206 4954 1301 5010 fuit
1334 4956 1402 5009 ab
1430 4957 1597 5022 initio,
1621 4959 1739 5026 quis
1765 4967 1872 5014 tam
1902 4960 2000 5015 de-

418 5056 588 5102 mens.
621 5052 678 5097 ut
705 5053 855 5113 putet
878 5046 996 5099 sine
1037 5058 1259 5116 cogente
1286 5047 1401 5102 lucc
1446 5063 1540 5117 per
1577 5063 1636 5104 se
1664 5051 1997 5117 convenisse,

416 5141 469 5185 et
496 5133 774 5202 conjuncta
797 5138 1095 5192 mansisse?
1119 5139 1172 5192 Si
1214 5139 1351 5193 enim
1382 5155 1481 5194 nos
1514 5156 1617 5195 non
1658 5150 1843 5197 natura
1865 5183 1880 5209 ,
1906 5144 2001 5199 sed

418 5224 688 5279 voluntate
708 5227 846 5281 male
874 5238 1058 5282 mutuo
1076 5228 1250 5283 affecti
1280 5240 1469 5298 sponte
1494 5246 1598 5285 non
1629 5232 1998 5299 convenimus,

417 5312 586 5370 donec
610 5331 887 5372 manenms
913 5319 1110 5374 inimici
1146 5329 1202 5375 et
1228 5322 1433 5376 oti'enso
1468 5321 1537 5374 ab
1566 5322 1789 5377 invicem
1815 5324 1998 5378 animo

415 5408 765 5475 dissidemus;
795 5411 889 5466 sed
913 5414 1086 5469 altero
1114 5412 1408 5483 indigemus
1433 5414 1525 5484 qui
1553 5428 1650 5469 nos
1690 5415 1996 5485 coniungat,

416 5508 471 5552 et
497 5508 773 5569 postquam
811 5503 1175 5573 coniunxerit,
1205 5504 1530 5573 constringat
1560 5519 1614 5558 et
1640 5505 1689 5558 in
1729 5520 1859 5575 pace
1887 5521 2000 5558 ma-

416 5603 544 5645 nere
584 5592 937 5661 persuadeat,
972 5609 1144 5666 neque
1183 5612 1393 5650 rursum
1424 5596 1632 5651 resilire
1661 5612 1673 5649 :
1708 5613 1813 5666 quo
1840 5597 1999 5651 modo

415 5679 674 5738 elementa
707 5700 878 5755 neque
914 5687 1117 5742 ratione
1142 5704 1315 5759 neque
1340 5704 1501 5744 sensu
1531 5690 1641 5745 ullo
1667 5692 1906 5759 prmdita,
1935 5706 1998 5747 ac

414 5773 516 5831 sibi
532 5792 627 5847 per
652 5788 891 5835 naturam
913 5782 1119 5839 inimica
1137 5784 1930 5854 etadversantia,c0nvenisscnt
1943 5796 1997 5841 et

1416 352 1506 407 AD
1546 349 1868 407 POPULUM
1909 348 2395 406 ANTIOCHENUM
2459 347 2688 403 llOMlL.
2732 348 2796 402 Χ.

3602 345 3707 402 ιη

2116 476 2407 529 congressa
2421 462 2721 525 fuissent,et
2738 461 2961 515 alterum
2975 474 3099 515 cum
3108 459 3277 514 altero
3288 458 3582 528 potuissent
3595 474 3702 529 pes-

2117 555 2463 617 manere,nisi
2479 554 2711 625 potentia
2726 553 2969 624 quaidam
2986 563 3129 609 esset
3141 552 3559 617 inen‘abilis,qu:e
3576 568 3681 607 con
3694 585 3711 592 -

2114 658 2377 715 gregarct,
2402 656 2455 700 ct
2472 656 2789 714 congregata
2818 662 3030 715 semper
3048 646 3147 700 hoc
3169 646 3381 702 vinculo
3400 645 3706 701 cohiberet"

2186 738 2239 791 '5.
2281 736 2395 791 Non
2425 738 2601 792 cernis
2623 736 2890 807 quomodo
2914 753 3108 807 corpus
3130 736 3230 793 hoc
3257 737 3433 792 anima
3455 736 3703 793 avolante

2116 826 2301 881 deflua
2337 836 2392 883 et
2430 827 2672 891 tabescit,
2703 838 2765 881 et
2781 828 3052 897 perditur,
3075 838 3127 882 et
3153 828 3202 882 in
3248 844 3402 885 suam
3452 826 3715 899 quodque

2115 919 2507 973 elementorum.
2533 920 2818 973 revertitur
2844 930 3045 974 sortem
3063 919 3086 959 ν
3118 920 3228 973 lloc
3263 920 3436 989 ipsum
3464 919 3700 989 profecto

2117 1010 2245 1063 etin
2269 1009 2371 1063 hoc
2399 1010 2549 1063 ﬁeret
2578 1009 2807 1073 mtmdo,
2836 1011 2889 1063 si
2912 1010 3079 1063 virtus
3111 1019 3366 1079 perpetuo
3398 1011 3702 1078 gubernans

2114 1102 2286 1171 ipsum
2317 1103 2621 1171 reliquisset
2667 1104 2876 1170 prepria
2924 1103 3235 1157 destitutum
3260 1103 3612 1172 providentia.
3647 1104 3701 1156 Si

2112 1195 2255 1248 enim
2285 1195 2551 1264 navigium
2581 1196 2697 1249 sine
2717 1194 3070 1263 gubernatore
3100 1210 3207 1248 non
3234 1195 3547 1264 persisteret
3567 1236 3582 1257 ,
3606 1195 3699 1247 sed

2112 1285 2266 1341 facile
2319 1288 2755 1358 submergeretnr
2803 1290 3126 1359 :quomodo
3184 1300 3391 1345 tantum
3443 1291 3702 1359 temporis

2110 1378 2427 1433 subsisteret
2460 1379 2687 1434 mundus
2713 1380 3044 1449 gubernante
3096 1381 3351 1436 neruine?
3380 1380 3451 1437 Et
3481 1396 3546 1436 ne
3572 1380 3699 1449 quid

2112 1470 2229 1540 plus
2268 1471 2460 1537 dicam,
2492 1472 2759 1541 navigium
2805 1474 3058 1529 mund-un
3097 1489 3219 1529 esse
3250 1482 3393 1543 puta,
3461 1475 3697 1529 carinarii

2110 1563 2439 1631 suppositam
2471 1571 2688 1627 terram,
2718 1565 2892 1619 velum
2923 1566 3131 1625 omium.
3164 1576 3405 1621 vectores
3433 1565 3697 1631 homines,

2110 1669 2258 1709 mare
2282 1656 2572 1726 subiectam
2603 1658 2853 1727 abyssum
2886 1677 2899 1713 ε
2931 1659 3199 1729 quomodo
3226 1660 3546 1729 igiturtanto
3572 1675 3696 1713 nau-

2110 1747 2330 1818 fragium
2382 1759 2621 1817 temporc
2642 1767 2747 1805 non
2777 1762 2857 1807 est
2889 1751 3131 1807 factum?
3175 1752 3388 1808 Dimitte
3416 1752 3559 1808 enim
3599 1768 3697 1805 na-

2111 1839 2305 1908 vigium
2331 1855 2425 1908 per
2452 1839 2595 1894 diem
2626 1858 2785 1894 unum
2808 1844 3009 1911 absque
3026 1843 3381 1912 gubematore
3421 1852 3475 1898 et
3502 1842 3697 1905 nautis,

2110 1940 2165 1983 et
2194 1931 2372 1983 statim
2404 1931 2741 1987 submersum
2774 1932 3020 1998 videbis;
3051 1933 3145 1987 sed
3169 1935 3397 1989 mundus
3428 1933 3532 1989 tale
3563 1932 3694 1988 nihil

2110 2035 2296 2089 passus
2328 2031 2429 2088 est,
2461 2024 2695 2093 quinque
2720 2024 2885 2078 millia
2906 2034 2959 2077 et
2990 2024 3157 2079 multo
3180 2026 3295 2093 plus
3335 2025 3445 2094 jam
3490 2026 3693 2080 habens

2108 2128 2389 2167 annorum.
2444 2114 2509 2169 Et
2551 2116 2676 2185 quid
2715 2117 2837 2171 dico
2885 2118 3188 2187 navigium?
3233 2117 3469 2173 easulam
3509 2118 3697 2186 aliquis

2110 2217 2329 2271 parvam
2358 2205 2408 2258 in
2441 2206 2607 2261 \ineis
2633 2208 2919 2278 compegit,
2952 2216 3005 2262 et
3028 2208 3197 2264 fructu
3224 2208 3400 2264 ablato
3429 2209 3696 2265 desertam

2110 2295 2347 2365 reliquit.
2380 2306 2433 2349 et
2454 2313 2626 2366 neque
2649 2297 2786 2353 duos
2812 2314 2954 2367 saepe
2982 2299 3099 2355 dies
3125 2309 3429 2368 permanet.
3454 2300 3549 2357 sed
3580 2301 3693 2355 sol-

2109 2387 2249 2440 vitur
2289 2396 2345 2440 et.
2384 2388 2530 2443 brevi
2574 2389 2734 2443 cadit.
2772 2389 2933 2457 Igitur
2960 2391 3223 2460 tugurium
3245 2391 3461 2459 quidem
3492 2391 3696 2459 absque

2113 2478 2427 2547 providente
2455 2496 2557 2534 non
2584 2489 2778 2543 staret;
2803 2492 3046 2536 creatura
3082 2497 3215 2536 vero
3249 2491 3415 2548 tanta,
3439 2491 3547 2537 tam
3576 2483 3696 2552 pul-

2105 2571 2255 2636 chra,
2290 2580 2394 2623 tam
2424 2571 2705 2637 mirabilis,
2736 2583 2790 2626 et
2816 2572 2959 2643 leges
2990 2574 3162 2628 noctis
3188 2583 3243 2628 et
3267 2573 3374 2628 diei
3397 2615 3417 2638 ,
3456 2573 3694 2628 alterna-

2106 2676 2329 2731 rumque
2350 2662 2597 2716 horarum
2618 2662 2830 2718 chorea:
2854 2707 2869 2730 ,
2903 2673 2959 2719 et
2991 2674 3193 2719 natura:
3221 2679 3412 2720 cursus
3438 2666 3615 2720 varius
3642 2673 3698 2721 et

2108 2753 2446 2807 omnimudus
2478 2755 2529 2808 in
2556 2762 2717 2819 terra,
2754 2756 2803 2808 in
2832 2756 2988 2820 mari,
3020 2770 3169 2821 aere,
3197 2756 3333 2811 coelo
3354 2797 3370 2822 ,
3397 2765 3455 2812 et
3480 2755 3695 2826 plantis,

2107 2851 2164 2899 et
2212 2845 2529 2899 animalibus
2569 2846 2899 2909 volantibus,
2943 2846 3271 2911 natatilibtts,
3311 2846 3695 2916 gradientibus,

2108 2938 2473 3006 serpentibus,
2506 2948 2556 2991 et
2580 2937 2633 2991 in
2661 2937 2934 2992 hominum
2966 2953 3163 3007 genere
3189 2938 3437 2995 omnibus
3471 2938 3575 2994 illis
3598 2940 3683 2993 di-

2104 3027 2309 3098 gniore,
2339 3037 2542 3082 tantum
2576 3029 2829 3097 temporis
2872 3029 3074 3098 absque
3130 3029 3305 3099 aliqua
3352 3029 3687 3099 providentia

2062 3110 2307 3173 istabilis
2335 3119 2751 3186 permansisset?
2809 3119 3073 3173 Praeterea
3126 3129 3305 3175 mente
3351 3120 3481 3175 mihi
3536 3134 3688 3190 prata

2106 3225 2382 3279 percurre,
2414 3209 2620 3274 hortos,
2660 3211 2851 3265 florum
2899 3228 3116 3281 genera,
3160 3212 3354 3267 herbas
3396 3226 3615 3273 omnes,
3642 3221 3697 3267 et

2109 3318 2293 3356 earum
2323 3319 2481 3369 usus,
2512 3303 2929 3357 suaveolentiam
2948 3344 2964 3368 ,
2991 3304 3185 3373 figuras
3209 3345 3224 3368 ,
3253 3304 3412 3357 situm
3434 3346 3449 3370 ,
3477 3303 3692 3358 nomina

2109 3402 2337 3459 mtuum,
2362 3394 2583 3449 arbores
2622 3394 2917 3450 fructuosas
2938 3405 2991 3449 et
3028 3394 3381 3449 infructuosas
3407 3436 3423 3459 ,
3451 3394 3696 3451 metallo-

2108 3501 2227 3538 rum
2284 3494 2549 3550 naturam,
2593 3486 2894 3539 animalium
2949 3486 3282 3549 terreslium,
3332 3484 3693 3553 marinorum,

2108 3578 2424 3643 natatilium,
2456 3593 2548 3645 per
2573 3592 2749 3631 aerem
2772 3578 3081 3643 meantium,
3115 3587 3325 3631 montes
3349 3617 3363 3640 ,
3387 3575 3585 3641 saltus,
3608 3576 3690 3631 lu-

2107 3686 2218 3734 cos,
2245 3670 2463 3725 inferius
2492 3679 2735 3739 pratum,
2775 3669 3018 3738 superius
3060 3677 3288 3739 pratum,
3318 3677 3400 3723 est
3446 3668 3590 3724 enim
3635 3668 3690 3725 in

2110 3770 2248 3816 terra
2274 3772 2508 3832 pratum,
2530 3770 2585 3816 et
2614 3761 2665 3813 in
2695 3768 2828 3814 cmto
2845 3770 3074 3830 pratum,
3105 3759 3340 3814 siderum
3366 3759 3492 3812 varii
3512 3758 3692 3823 ﬂores,

2107 3854 2326 3907 inferius
2351 3870 2506 3918 rosae,
2539 3853 2781 3922 superius
2808 3852 2920 3906 iris.
2967 3851 3061 3906 Vis
3084 3860 3131 3905 ct
3160 3851 3211 3905 in
3231 3850 3415 3906 avibus
3445 3851 3535 3905 tibi
3574 3867 3686 3919 ιιι-(ιο

2107 3955 2217 3997 tum
2245 3945 2604 3998 demonstrem
2628 3944 2651 3996 ?
2688 3943 2966 3998 considera
2995 3943 3215 4012 pavonis
3238 3958 3431 4011 corpus
3453 3942 3653 3999 varium
3671 3984 3689 4007 ,

2106 4047 2160 4092 ct
2188 4054 2399 4091 onmem
2431 4037 2695 4091 excedens
2739 4022 3022 4091 tinctura‘m
3044 4076 3058 4098 ,
3091 4045 3547 4105 pttrpttrantesque
3582 4035 3691 4087 avi.

2105 4132 2271 4185 colas.
2313 4131 2492 4199 Cogita
2517 4129 2643 4183 mihi
2665 4130 2781 4185 caeli
2804 4128 3269 4198 pulchritudinem,
3292 4138 3541 4196 quantum
3563 4138 3691 4183 tem.

2105 4225 2249 4293 poris
2270 4224 2374 4292 agit
2400 4264 2414 4285 ,
2448 4238 2547 4276 nec
2571 4222 2884 4278 offuscatum
2910 4232 2992 4277 est
3012 4263 3027 4285 ,
3059 4222 3152 4276 sed
3180 4222 3323 4277 velut
3349 4221 3506 4276 hodie
3532 4222 3693 4275 fabri-

2106 4325 2303 4378 catum,
2354 4314 2425 4368 ita
2478 4324 2562 4369 est
2607 4315 2780 4368 nitens
2805 4324 2861 4369 et
2888 4314 3224 4383 splendidum
3263 4332 3276 4367 :
3315 4324 3471 4368 terra:
3512 4324 3693 4370 uterus

2106 4414 2309 4459 tantum
2336 4415 2545 4475 tempus
2570 4406 2803 4474 pariens,
2830 4404 3101 4475 quomodo
3121 4421 3225 4458 non
3248 4405 3514 4460 hebetavit
3530 4406 3692 4461 virtu-

2109 4506 2216 4552 tem
2240 4514 2412 4552 suam.
2469 4498 2651 4568 Cogita
2680 4499 2808 4552 mihi
2840 4498 3012 4552 fontes
3036 4539 3052 4564 ,
3083 4498 3350 4568 quomodo
3374 4500 3689 4562 scaturiunt,

2105 4601 2159 4645 et
2186 4606 2289 4645 non
2310 4590 2623 4645 defecerunt
2647 4605 2713 4645 ex
2733 4604 2838 4659 quo
2868 4588 2988 4644 facti
3008 4598 3134 4644 sunt
3151 4631 3166 4656 ,
3192 4590 3388 4659 jngiter
3416 4603 3694 4645 manantes

2108 4680 2295 4735 diebus
2323 4688 2379 4736 et
2403 4681 2682 4735 noctibus:
2714 4680 2884 4749 cogita
2909 4695 3058 4735 mare
3077 4721 3093 4746 ,
3115 4689 3247 4749 quot
3276 4679 3490 4734 flumina
3521 4681 3689 4735 susci-

2107 4774 2261 4843 piens
2289 4787 2595 4827 mensuram
2626 4786 2731 4826 non
2771 4771 3026 4827 excessit.
3063 4770 3168 4826 Sed
3194 4787 3472 4842 quousque
3496 4772 3693 4825 ineunt.

2106 4866 2478 4938 prehensibilia
2505 4864 2816 4921 sectamur?
2836 4865 2892 4919 In
2919 4873 3335 4920 memoratorum
3365 4864 3587 4935 singulis
3606 4865 3694 4919 dia

2106 4974 2229 5014 cere
2255 4973 2352 5027 par
2375 4967 2457 5013 est
2489 4975 2503 5011 :
2542 4957 2710 5025 Quam
2732 4957 3061 5028 magniﬁcam
3077 4966 3194 5010 sunt
3216 4968 3493 5027 apemtum,
3521 4957 3691 5010 Domi-

2105 5066 2168 5104 ne
2196 5066 2210 5104 :
2244 5051 2415 5104 omnia
2439 5067 2492 5103 tn
2537 5049 2784 5120 sapientia
2814 5048 2977 5118 fecisti
2999 5048 3225 5115 (Psalm.
3272 5049 3396 5103 £03.
3446 5047 3561 5119 9.5).
3591 5047 3696 5102 Scd

2106 5139 2233 5211 quid
2258 5140 2325 5195 ad
2354 5140 2468 5196 haec
2491 5142 2665 5196 solent
2683 5140 2928 5196 infideles
2953 5140 3154 5208 dicere,
3182 5140 3395 5211 quoties
3414 5140 3544 5209 ipsis
3556 5155 3694 5193 eoin-

2110 5248 2471 5289 memoramus
2492 5233 2905 5303 magnitudinem
2931 5233 3114 5288 mundi
3131 5231 3697 5299 ,ornstum,abundan-

2107 5327 2258 5391 tiam,
2287 5325 2493 5395 copiam
2518 5324 2569 5379 in
2588 5325 2881 5380 omnibus?
2912 5324 3024 5380 Hoc
3048 5325 3246 5394 ipsum,
3277 5326 3542 5395 inquiunt,
3576 5340 3698 5379 ma-

2105 5416 2248 5470 xima
2269 5415 2511 5470 criminis
2530 5424 2615 5470 est
2640 5430 2820 5479 causa,
2850 5415 2992 5485 quod
3039 5425 3148 5470 tam
3173 5415 3455 5485 pulchrum
3490 5424 3544 5469 et
3582 5430 3697 5469 ma-

2108 5522 2268 5577 gnum
2324 5506 2450 5563 fecit
2497 5508 2636 5563 Deus
2677 5507 3092 5563 mununmznisi
3146 5508 3289 5561 enim
3338 5522 3584 5577 maguum
3640 5514 3696 5561 et

2107 5598 2384 5667 pulchrum
2418 5599 2649 5666 iecisset,
2678 5613 2781 5654 non
2802 5600 2978 5667 ipsum
3008 5598 3166 5654 deum
3193 5599 3535 5664 fecissemus;
3556 5613 3696 5654 nunc

2106 5706 2234 5745 vero
2259 5692 2617 5761 magnitudine
2644 5692 2893 5762 perculsi,
2926 5702 2985 5748 et
3030 5692 3198 5761 ipsius
3244 5692 3695 5764 pulchritudinem

2108 5783 2372 5851 admirati,
2404 5784 2577 5853 ipsum
2606 5783 2765 5841 deum
2784 5800 2904 5841 esse
2930 5782 3251 5853 putavimus.
3292 5784 3399 5841 Sed
3430 5792 3694 5841 vanuscst
