4112 6388
402 370 507 426 IIS

398 481 484 534 hic
514 493 693 533 sermo
727 495 739 529 :
764 474 906 545 quod
932 473 1073 528 enim
1105 485 1277 539 neque
1315 463 1621 536 magnitudo
1642 476 1742 517 nec
1762 468 1983 515 ornatus

400 570 692 639 ttupietatis
741 568 809 620 sit
856 579 1044 626 causa,
1074 560 1165 616 sed
1195 560 1407 614 illorum
1439 554 1756 626 ignorantia,
1785 566 1884 605 nos
1910 549 1984 603 nil

400 664 501 718 tale
533 661 673 732 passi
698 658 1053 714 declaramus.
1093 654 1205 721 Qua
1258 650 1400 704 enim
1438 648 1506 701 de
1543 659 1705 700 causa
1762 656 1860 697 nos
1885 639 1984 709 ipsi

396 753 607 806 divinos
639 749 872 804 honores
903 763 1005 798 non
1030 739 1406 797 decrevimus?
1433 750 1610 791 nonne
1641 732 1828 788 iisdem
1852 745 1985 785 ocu-

399 843 461 898 lia
490 844 663 911 ipsum
686 836 1017 909 aspicimus?
1054 849 1230 889 nonne
1254 830 1441 886 eadem
1469 843 1535 883 ex
1565 824 1838 880 creatione
1863 836 1987 891 per-

397 910 627 1005 cipimus
649 947 768 1004 qua:
791 930 903 985 illi?
937 941 1115 982 nonne
1143 922 1384 979 eamdem
1416 919 1647 973 animam
1687 910 1987 1005 habemus?

401 1001 581 1082 nonne
607 1001 746 1078 idem
782 1034 980 1090 corpus
1002 1012 1370 1086 possidemus?
1392 1023 1571 1064 nonne
1592 1004 1836 1063 eamdem
1877 1001 1986 1057 cal-

402 1131 590 1173 camus
625 1110 915 1170 tellurem?
939 1124 1045 1179 quo
1065 1105 1225 1162 modo
1254 1099 1589 1174 pulchritudo
1609 1108 1665 1153 et
1684 1093 1988 1167 magnitudo

402 1223 503 1263 nos
527 1206 714 1261 eadem
740 1218 862 1258 eum
895 1201 999 1256 illis
1030 1199 1229 1253 sentire
1265 1210 1370 1249 non
1396 1188 1694 1263 persuasit?
1727 1186 1837 1241 Nec
1867 1184 1989 1239 hinc

402 1314 535 1353 vero
561 1304 765 1351 tantum
816 1293 920 1347 hoc
948 1291 1118 1361 palam
1154 1287 1278 1351 erit,
1304 1283 1399 1340 sed
1453 1292 1509 1338 et
1556 1278 1789 1335 aliunde.
1836 1275 1988 1346 Quod

401 1392 546 1445 enim
578 1404 683 1443 non
715 1395 933 1457 propter
958 1378 1404 1453 pulchritudinem
1444 1375 1616 1445 ipsum
1646 1383 1992 1426 consecrave-

404 1482 531 1545 rint,
557 1478 650 1534 sed
673 1478 744 1532 ob
773 1475 1037 1545 propriam
1080 1469 1377 1531 stultitiam,
1408 1465 1587 1519 dicant
1627 1461 1839 1516 simiam
1878 1474 1983 1527 qua

405 1573 473 1627 de
493 1586 653 1626 causa
683 1569 1059 1629 adoraverunt,
1082 1558 1429 1622 crocodilum,
1448 1570 1659 1617 (alitem,
1686 1551 1990 1605 animalium

405 1662 694 1716 vilissima?
724 1659 857 1713 Vere
887 1655 1215 1709 Evanuerunt
1248 1654 1300 1703 in
1352 1645 1734 1718 cogitationibus
1779 1642 1916 1702 suis,
1946 1647 1992 1691 ct

408 1754 783 1809 obtenebratum
802 1759 873 1804 est
898 1749 1138 1816 insipiens
1166 1760 1253 1796 cor
1279 1756 1453 1795 eorum
1486 1754 1505 1793 :
1540 1738 1759 1791 dicentes
1787 1733 1916 1787 enim
1943 1748 1995 1784 se

409 1862 518 1901 esse
536 1847 805 1913 sapientes,
837 1840 975 1894 stulti
995 1838 1115 1909 facti
1154 1843 1269 1889 sunt
1312 1832 1486 1902 (Rom.
1522 1830 1573 1882 1.
1604 1828 1696 1881 21.
1739 1825 1854 1893 22).
1889 1823 1992 1877 Vc-

410 1947 709 1993 rumtanteu
742 1949 845 1986 non
875 1947 938 1985 ex
973 1930 1053 1982 his
1086 1937 1286 1981 tantum
1314 1920 1775 1993 respondebimus,
1802 1916 1895 1970 sed
1941 1923 1995 1967 et

411 2031 554 2086 aliud
581 2028 706 2097 quid
738 2026 965 2095 amplius
988 2024 1244 2076 dicemus.

483 2124 537 2177 4.
579 2120 704 2174 llzec
746 2118 888 2172 enim
917 2116 1055 2168 Deus
1080 2112 1209 2167 olim
1241 2107 1537 2179 prtcvidens
1557 2145 1570 2165 ,
1604 2110 1659 2156 ct
1686 2102 1821 2154 hanc
1868 2098 1997 2166 ipsis

414 2228 599 2267 ansam
618 2208 909 2265 secundum
932 2204 1242 2274 sapientiam
1264 2213 1414 2254 suam
1435 2195 1645 2250 sustulit
1673 2210 1687 2246 :
1716 2198 1997 2261 propterea

416 2322 522 2360 non
552 2312 753 2357 tantum
785 2298 1079 2355 mirabilem
1109 2304 1164 2350 et
1190 2306 1435 2362 magnum
1453 2289 1579 2343 fecit
1607 2283 1880 2346 mundum,
1902 2279 1995 2335 sed

416 2406 472 2451 et
499 2392 897 2463 corruptibilem
927 2397 983 2443 et
1026 2383 1465 2446 marcescibiletn,
1490 2388 1546 2434 et
1566 2378 1733 2448 ipsius
1762 2372 2001 2429 imbecil-

419 2484 589 2540 litatis
638 2483 835 2537 mnltas
891 2477 1115 2533 inseruit
1151 2471 1740 2529 demoustrationes:et
1767 2463 1909 2535 quod
1946 2464 1998 2516 in

422 2573 679 2643 apostolis
706 2571 831 2625 fecit
850 2610 866 2633 ,
897 2568 997 2622 hoc
1020 2575 1075 2622 et
1099 2566 1150 2619 in
1177 2571 1289 2618 toto
1323 2559 1541 2615 mundo.
1580 2556 1717 2625 Quid
1742 2562 1921 2609 autem
1948 2552 2002 2606 in

418 2664 677 2735 apostolis
725 2659 889 2715 fecit?
938 2656 1198 2724 Quoniam
1246 2654 1392 2724 signa
1422 2649 1585 2704 multa
1622 2645 1919 2708 faciebant,
1948 2651 2004 2696 et

423 2734 676 2810 miracula
706 2766 892 2821 magna
919 2760 973 2804 et
998 2746 1280 2808 mirabilia,
1328 2744 1472 2814 ipsos
1522 2747 1696 2793 tamen
1731 2751 1873 2805 stupe
1916 2734 2004 2789 lla-

425 2848 610 2921 gellari
659 2844 918 2916 permisit,
964 2841 1108 2912 pelli,
1136 2852 1401 2894 carcerem
1456 2834 1693 2889 habitare
1720 2871 1735 2896 ,
1764 2828 2005 2898 corporis

431 2941 647 2995 morbos
674 2936 852 2993 subire
875 2976 891 3003 ,
923 2936 975 2988 in
1001 2930 1267 2988 continuis
1289 2943 1408 2983 esse
1446 2922 1867 2980 tribulationibus
1890 2962 1905 2986 ,
1938 2935 2006 2973 ne

428 3033 700 3101 signorum
726 3024 1030 3097 magnitudo
1058 3022 1187 3077 deos
1218 3021 1359 3089 ipsos
1386 3016 1524 3086 apud
1560 3015 1803 3069 homines
1830 3010 2005 3081 putari

429 3124 659 3184 faceret;
702 3126 999 3189 propterea,
1035 3124 1233 3169 tantam
1274 3110 1491 3180 largitus
1538 3106 1782 3176 gratiam,
1813 3116 2007 3172 corpus

427 3229 547 3269 esse
564 3213 785 3267 mortale
801 3209 1063 3282 permisit,
1078 3205 1256 3261 multis
1272 3218 1397 3259 vero
1414 3197 1852 3255 valetudinarium
1874 3211 1888 3257 ;
1907 3208 2008 3248 nec

430 3306 665 3374 ipsorum
693 3302 1051 3356 inﬁrmitatem
1084 3295 1328 3359 mutavit,
1349 3302 1405 3347 ut
1428 3301 1670 3347 naturam
1698 3287 2006 3341 insinuaret.

429 3397 540 3452 Nec
568 3410 717 3449 meus
757 3394 843 3446 hic
872 3404 1048 3446 sermo
1069 3430 1083 3454 ,
1114 3387 1208 3443 sed
1256 3386 1421 3457 ipsius
1448 3383 1597 3437 Pauli
1634 3381 1712 3435 sic
1735 3377 1959 3434 dicentis
1991 3392 2006 3429 :

432 3488 497 3542 Si
524 3486 655 3539 enim
684 3482 890 3554 gloriari
910 3480 1112 3534 voluero
1138 3520 1153 3543 ,
1199 3493 1301 3530 non
1329 3492 1413 3531 ero
1434 3473 1709 3542 insipiens;
1734 3485 1885 3540 parco
1909 3485 2007 3521 au-

436 3588 555 3640 tem,
580 3592 642 3629 ne
673 3575 784 3643 quis
826 3574 880 3625 in
918 3586 999 3623 me
1027 3576 1164 3637 putet
1193 3582 1348 3638 supra
1372 3564 1507 3636 quod
1533 3562 1684 3626 videt,
1734 3560 1811 3614 vel
1864 3556 2007 3611 audit

436 3667 628 3738 aliquid
649 3684 711 3721 ea:
729 3682 808 3718 me
831 3663 1031 3735 (2.Cor.
1059 3662 1143 3717 l2.
1172 3661 1250 3731 6):
1270 3669 1323 3714 et
1351 3671 1560 3712 rursum
1585 3673 1598 3709 :
1624 3654 1882 3708 Habemus
1910 3667 2009 3703 au-

435 3772 534 3815 tem
561 3761 848 3813 thesaurum
871 3758 1004 3811 hunc
1028 3756 1081 3808 in
1101 3755 1231 3808 vasis
1251 3750 1487 3821 ﬁctilibus
1508 3744 1852 3818 (2Cor.4.7).
1874 3742 2011 3812 Quid

435 3863 613 3909 autem
643 3859 744 3916 est,
778 3849 845 3904 In
868 3849 998 3903 vasis
1024 3843 1299 3915 ﬁctilibus?
1324 3843 1379 3897 In
1405 3854 1632 3911 corpore
1660 3838 1781 3899 hoc.
1818 3836 2009 3905 inquit.

437 3943 651 4000 mortali
695 3951 749 3997 et
775 3938 1125 4009 corruptibili.
1169 3936 1318 3993 Sicut
1357 3935 1498 3990 enim
1529 3940 1663 3986 testa
1697 3945 1763 3982 ex
1809 3929 1920 3982 luto
1958 3935 2013 3980 et

434 4038 558 4107 igne
585 4035 636 4090 ﬁt
668 4033 784 4089 :sic
826 4032 1062 4103 profecto
1088 4036 1143 4085 et
1170 4041 1367 4098 corpus
1414 4033 1716 4079 sanctorum
1766 4020 2010 4083 illorum,

438 4145 560 4185 cum
583 4128 654 4183 sit
679 4128 877 4182 luteum
901 4133 958 4181 et
975 4122 1263 4194 spiritualis
1290 4118 1424 4189 ignis
1446 4116 1736 4173 efﬁcaciam
1767 4127 2016 4181 suscepe-

416 4222 527 4287 rit,
559 4228 692 4273 testa
724 4217 917 4272 factum
948 4223 1050 4271 est.
1080 4214 1145 4268 Et
1162 4228 1267 4284 qua
1287 4211 1354 4266 de
1379 4224 1537 4265 causa
1560 4207 1661 4261 hoc
1685 4204 1880 4259 factum
1910 4213 2010 4266 est,

437 4322 497 4368 et
519 4310 822 4365 thesaurum
845 4308 1043 4372 talem,
1079 4312 1135 4359 et
1171 4303 1460 4374 gratiarum
1488 4299 1694 4369 ecpiam
1723 4294 1932 4350 mortali
1962 4301 2017 4347 et

434 4401 765 4472 Corruptibili
796 4399 973 4454 intulit
995 4395 1245 4466 corpori?
1288 4394 1353 4449 Ut
1396 4387 1859 4472 superabundantia
1889 4384 2016 4472 pir-

438 4488 558 4542 tutis
578 4467 642 4540 sit
667 4502 699 4538 a
718 4482 849 4550 Deo,
869 4492 915 4536 et
939 4498 1042 4535 non
1066 4497 1099 4533 a
1126 4479 1268 4533 nobis
1289 4476 1340 4549 (1
1348 4476 1449 4530 bid.
1462 4477 1498 4546 ).
1514 4472 1645 4528 Cum
1661 4471 1802 4527 enim
1821 4467 2018 4522 videris

438 4577 709 4649 apostolos
758 4582 996 4630 mortuos
1037 4571 1248 4642 quidem
1302 4569 1653 4631 suscitantes,
1702 4565 1847 4634 ipsos
1892 4576 2020 4615 vero

438 4676 782 4738 aegrotantes,
813 4679 914 4719 nec
937 4662 1246 4719 inﬁrmitate
1273 4675 1333 4715 se
1362 4659 1587 4714 liberare
1607 4656 1875 4716 valentes,
1908 4666 2021 4706 ma-

438 4761 635 4817 nil‘este
676 4759 816 4814 scies
836 4799 851 4825 ,
899 4756 1097 4812 mortui
1140 4753 1583 4809 resurrectionem
1610 4764 1715 4802 non
1745 4762 1809 4802 ex
1828 4746 2021 4800 virtute

435 4849 763 4914 suseitantis,
790 4846 884 4903 sed
911 4846 1139 4917 Spiritus
1158 4843 1468 4914 operatione
1489 4842 1681 4895 laetam
1700 4852 1841 4893 esse.
1867 4835 2018 4901 Quod

436 4943 579 4998 enim
611 4939 918 5009 frequenter
944 4943 1298 5007 :egrotarent,
1327 4932 1447 4987 audi
1482 4929 1608 5001 quid
1644 4928 1713 4983 de
1743 4927 2020 4981 Timotheo

435 5034 580 5088 dicat
595 5029 921 5103 Apostolus:
960 5026 1090 5081 Vino
1110 5025 1308 5080 modico
1328 5034 1467 5077 utere
1483 5031 1688 5093 propter
1708 5017 2019 5073 stomachum

433 5136 481 5180 et
507 5128 787 5196 frequentes
811 5120 1130 5191 inﬁrmitates
1156 5127 1267 5172 tuas
1287 5118 1359 5189 (l.
1385 5115 1521 5170 Tim.
1541 5109 1691 5182 5.25)
1714 5119 1801 5178 ;et
1812 5124 2021 5165 rursum

373 5274 383 5298 ἱ
439 5218 508 5271 de
531 5216 672 5269 alio:
708 5213 1041 5283 Traphimum
1077 5220 1245 5263 autem
1263 5207 1445 5278 reliqui
1475 5204 1640 5259 Mileti
1662 5202 1917 5271 infirmum
1940 5199 2017 5269 (2.

378 5291 385 5352 ἲ
444 5307 582 5362 Tim.
642 5308 695 5361 ι.
728 5304 846 5375 20).
894 5303 964 5359 Et
1001 5298 1429 5372 Philippensibus
1479 5296 1722 5351 scribens
1766 5291 2021 5348 dicebat:

379 5433 382 5436 ~
438 5398 823 5469 Epaphroditus
853 5398 869 5431 ⁸
897 5395 1155 5467 tegrotavit
1180 5409 1336 5464 prope
1357 5398 1565 5444 mortem
1588 5384 2021 5459 (Philipp.2.27).

442 5492 500 5546 Si
529 5490 673 5545 enim
703 5498 758 5543 et
782 5503 903 5544 cum
935 5488 1050 5542 haec
1075 5496 1278 5551 essent,
1301 5485 1444 5553 ipsos
1462 5481 1591 5537 deos
1610 5494 1732 5535 esse
1748 5478 2021 5549 putabant,

443 5592 499 5637 et
524 5581 822 5636 sacriﬁcam
847 5580 1129 5650 parabant,
1147 5578 1387 5633 dicentes
1417 5592 1431 5629 :
1463 5572 1552 5628 Dii
1578 5571 1767 5627 similes
1788 5570 1910 5643 facti
1929 5570 2022 5624 ho-

443 5673 662 5728 minibus
682 5672 1045 5727 descenderunt
1066 5671 1135 5725 ad
1159 5686 1250 5725 nos
1273 5668 1406 5739 (Act.
1437 5667 1523 5722 14.
1556 5664 1671 5735 10).
1702 5663 1750 5719 si
1777 5664 1891 5720 huic
1917 5678 2022 5719 non

509 5770 527 5798 ι
561 5765 635 5813 ste
655 5762 795 5813 savil.
815 5770 869 5814 et
890 5761 1055 5814 Morel.
1076 5762 1295 5821 Quinque
1318 5766 1446 5819 Mss,
1471 5758 1741 5823 Epaphras.

1144 360 1204 418 S.
1242 353 1519 415 JOANNIS
1553 343 2028 409 CllRYSOSTOMI
2067 341 2384 399 ARCIIIEP.
2423 334 2965 397 CONSTANTINOP.

3573 330 3675 387 HG

2090 453 2427 518 accidissent,
2457 451 2521 505 ad
2548 450 2676 521 quid
2706 447 3014 518 impietatis,
3044 442 3317 499 miraculis
3340 444 3674 512 conspectis,

2090 554 2217 601 tunc
2240 559 2345 599 non
2370 540 2794 614 processissent?
2816 540 2966 595 Sicut
3008 538 3166 609 igitur
3213 537 3300 592 hic
3348 546 3566 606 propter
3604 536 3677 590 si-

2089 653 2316 710 gnorum
2347 634 2765 706 magnitudinem
2791 642 2845 688 et
2868 640 3113 688 naturam
3143 645 3330 685 eorum
3364 629 3418 683 in
3464 627 3678 683 inﬁrmi-

2099 739 2206 786 tate
2235 743 2355 785 esse
2381 727 2644 799 permisit,
2669 734 2724 781 et
2746 724 3049 794 frequentes
3068 721 3313 793 permisit
3333 720 3676 783 tentationes,

2092 838 2161 878 ne
2190 828 2500 893 putarentur
2518 834 2637 874 esse
2659 817 2733 873 dii
2765 832 2781 870 :
2810 816 2888 871 sic
2906 824 2960 871 et
2987 816 3039 869 in
3060 821 3301 868 creatura
3321 812 3502 867 mundi
3521 810 3677 882 quid-

2090 913 2215 969 dam
2240 911 2323 968 his
2341 910 2515 967 simile
2543 906 2924 965 lecit:etenim
2962 905 3237 976 pulchram
3264 904 3434 973 ipsam
3469 912 3526 957 et
3566 918 3679 956 ma-

2090 1020 2249 1077 gnam
2277 1002 2401 1060 fecit
2428 1044 2443 1070 ,
2463 1010 2517 1058 et
2560 1016 2772 1057 rursum
2814 997 3215 1069 corruptibilem
3261 996 3560 1051 constituit.
3614 995 3677 1050 Et

2093 1098 2210 1152 huic
2234 1104 2457 1164 utraque
2482 1093 2773 1163 Scriptura:
2810 1090 3041 1146 docent:
3069 1088 3158 1143 hic
3184 1086 3398 1158 quidem
3425 1086 3677 1140 ctelornm

2094 1185 2541 1259 pulchritudinem
2593 1198 2837 1246 narrans,
2891 1181 2970 1237 sic
3015 1180 3187 1249 inquit
3232 1196 3246 1233 :
3288 1178 3412 1233 σιειὶ
3439 1188 3677 1231 enarrant

2096 1280 2320 1353 gloriam
2346 1278 2444 1333 Dei
2470 1277 2642 1349 (Psal.
2664 1276 2751 1333 18.
2777 1278 2815 1334 2
2843 1275 2899 1346 ):
2933 1283 2987 1330 et
3006 1287 3218 1327 rursum
3244 1288 3256 1325 :
3294 1272 3393 1338 Qui
3421 1270 3678 1323 constituit

2095 1371 2277 1427 etclam
2298 1369 2432 1425 velut
2456 1385 2728 1435 cameram,
2768 1379 2817 1421 et
2841 1366 3062 1422 extendit
3089 1366 3257 1435 ipsum
3282 1364 3428 1434 quasi
3450 1364 3680 1416 taberna-

2094 1467 2263 1521 culum
2292 1465 2344 1518 in
2370 1473 2503 1518 terra
2532 1461 2686 1534 (lsai.
2708 1461 2798 1517 40.
2829 1460 2924 1530 22)
2946 1476 2962 1526 ;
2984 1468 3040 1515 et
3068 1472 3278 1513 rursum
3305 1475 3319 1510 :
3342 1457 3442 1524 Qui
3462 1456 3679 1509 continet

2089 1558 2358 1613 circuitum
2378 1555 2492 1611 caeli
2512 1554 2698 1628 (Eccli.
2714 1555 2803 1609 45.
2828 1554 2943 1625 15).
2962 1552 3112 1606 Alter
3134 1566 3266 1605 vero
3280 1550 3678 1612 demonstrans,

2096 1652 2197 1708 etsi
2228 1650 2504 1721 pulchrum
2530 1656 2582 1703 et
2610 1662 2858 1716 magnum
2880 1687 2896 1713 ,
2922 1654 3100 1699 tamen
3146 1640 3492 1711 corruptibile
3532 1654 3677 1705 esse,

2097 1746 2175 1800 sic
2195 1744 2398 1813 inquit:
2433 1741 2591 1795 Initio
2620 1751 2695 1804 tu,
2728 1738 2963 1802 Domine,
2987 1745 3174 1790 terram
3205 1732 3456 1804 fundasti,
3483 1741 3530 1783 et
3556 1747 3679 1799 ope-

2097 1853 2158 1890 ra
2185 1850 2426 1888 manuum
2469 1843 2669 1885 tuarum
2710 1838 2827 1885 sunt
2850 1828 2961 1883 cteli
2984 1844 3002 1882 :
3022 1828 3121 1899 ipsi
3144 1826 3401 1897 peribunt,
3426 1833 3480 1877 tu
3514 1832 3682 1876 autem

2098 1944 2382 1999 permanes,
2421 1935 2467 1979 et
2506 1940 2675 1978 omnes
2700 1923 2833 1977 sicut
2869 1920 3217 1977 vestimentum
3269 1924 3572 1970 veterascent
3594 1930 3614 1977 ,'
3636 1923 3682 1967 et

2098 1997 2227 2073 sicut
2251 2016 2558 2087 opertorium
2582 2013 2800 2067 mutabis
2824 2028 2944 2079 eos,
2995 2020 3045 2067 et
3090 2008 3439 2065 mutabuntur
3471 2001 3488 2069 (
3515 1997 3675 2053 Psal.

2102 2113 2222 2167 101.
2252 2110 2343 2165 26.
2364 2108 2479 2181 27).
2505 2108 2572 2162 Et
2600 2107 2791 2161 iterum
2825 2104 2894 2159 de
2935 2101 3049 2157 sole
3089 2100 3261 2170 inquit
3300 2098 3438 2153 idem
3474 2094 3673 2151 David:

2105 2203 2381 2273 Tamquam
2406 2216 2619 2269 sponsus
2652 2196 2925 2267 procedens
2958 2193 3022 2247 de
3072 2192 3297 2246 thalamo
3346 2205 3438 2243 suo
3470 2203 3489 2242 :
3511 2185 3685 2241 exsul-

2103 2296 2225 2350 tavit
2246 2305 2299 2347 ut
2324 2294 2466 2365 gigas
2485 2292 2553 2344 ad
2572 2288 2871 2343 currendum
2889 2286 3021 2339 viam
3041 2282 3213 2354 (Psal.
3239 2283 3328 2337 18.
3360 2279 3437 2353 6).
3468 2278 3683 2344 Vidisti,

2102 2384 2369 2454 quomodo
2393 2381 2583 2436 sideris
2624 2377 3072 2450 pulchritudinem
3097 2372 3251 2429 simul
3277 2381 3333 2427 et
3363 2368 3686 2441 magnitudi-

2108 2492 2229 2531 nem
2254 2476 2345 2530 Iibi
2367 2483 2491 2529 ante
2512 2473 2698 2527 oculos
2736 2468 2947 2539 posuit?
2993 2466 3145 2522 Sicut
3171 2465 3313 2520 enim
3343 2479 3409 2518 ex
3452 2460 3688 2515 thalamo

2104 2566 2333 2638 quodam
2357 2578 2586 2635 sponsus
2605 2574 2887 2631 apparens,
2909 2558 2988 2612 sic
3020 2565 3074 2612 et
3093 2556 3173 2610 sol
3200 2555 3300 2609 sub
3325 2566 3575 2608 auroram
3596 2565 3685 2605 ra-

2106 2661 2222 2715 dios
2249 2659 2432 2721 mittit,
2470 2665 2525 2710 et
2555 2665 2821 2723 tamquam
2858 2648 3088 2721 quodam
3139 2660 3335 2702 croceo
3362 2643 3482 2698 velo
3500 2641 3687 2698 omium

2107 2765 2303 2808 ornans
2325 2790 2340 2815 ,
2370 2758 2425 2803 et
2458 2760 2641 2802 roseas
2671 2744 2870 2798 faciens
2895 2741 3083 2805 nubes,
3113 2748 3168 2794 et
3192 2740 3309 2793 sine
3336 2735 3540 2792 oﬂ'ensa
3568 2748 3691 2788 cur-

2108 2858 2234 2899 rens
2263 2851 2429 2896 totnm
2453 2839 2618 2901 diem,
2638 2836 2781 2891 nullo
2800 2848 3014 2889 cursum
3030 2829 3309 2886 obstaculo
3331 2823 3687 2893 interrumpit.

2110 2932 2299 2989 Vidisti
2322 2932 2477 3004 igitur
2506 2928 2671 2999 ipsius
2692 2921 3181 2997 pulchritudinem?
3208 2918 3386 2974 vidisti
3423 2915 3691 2987 magnitu-

2108 3026 2328 3084 dinem?
2365 3025 2484 3080 vide
2513 3032 2568 3078 et
2595 3020 2968 3077 imbecillitatis
2997 3016 3117 3087 ejus
3155 3010 3690 3069 demonstrationem.

2111 3121 2318 3176 Etenim
2341 3126 2393 3173 et
2418 3118 2517 3170 hoc
2542 3116 2916 3169 demonstrans
2949 3110 3164 3179 sapiens
3186 3105 3403 3178 quidam
3424 3101 3639 3158 dicebat
3674 3117 3689 3153 :

2115 3212 2250 3279 Quid
2276 3209 2494 3265 lucidius
2522 3208 2732 3262 sole?et
2753 3204 2835 3257 hic
2855 3202 3023 3271 deﬁcit
3050 3199 3236 3270 (Eccli.
3277 3197 3366 3251 17.
3425 3192 3545 3263 30).
3580 3190 3692 3245 Nec

2112 3322 2177 3360 ex
2205 3304 2307 3357 hoc
2353 3310 2558 3355 tantum
2603 3297 2770 3366 ipsius
2820 3291 3238 3348 imbecillitatem
3286 3286 3471 3341 videre
3512 3283 3691 3347 datur,

2113 3395 2207 3451 sed
2233 3394 2390 3448 etiam
2418 3391 2470 3445 iu
2493 3389 2712 3444 nubium
2735 3383 3103 3441 concursibus.
3144 3378 3293 3435 Nube
3325 3378 3481 3447 igitur
3498 3372 3697 3442 saepius

2114 3487 2300 3541 subtus
2314 3480 2763 3546 currente,radios
2785 3476 3160 3541 immitteus,et
3178 3472 3375 3526 nubem
3393 3465 3697 3522 discindere

2114 3590 2358 3643 conatus,
2390 3593 2495 3631 non
2520 3571 2814 3644 prtevaluit,
2835 3584 2956 3624 cum
2976 3575 3120 3623 esset
3139 3564 3312 3620 nubes
3325 3559 3577 3623 crassior,
3598 3571 3699 3611 nec

2116 3673 2216 3742 ipsi
2246 3669 2439 3726 cedere
2465 3666 2645 3721 vellet.
2683 3662 2793 3718 Sed
2818 3659 3045 3726 semina,
3074 3658 3277 3729 inquit,
3310 3654 3477 3710 nutrit
3507 3672 3521 3708 :
3547 3650 3694 3722 atqui

2116 3779 2225 3818 non
2247 3763 2359 3831 ipse
2376 3758 2543 3813 nutrit
2564 3756 2733 3822 solus,
2758 3753 2853 3808 sed
2873 3762 2930 3808 et
2947 3760 3104 3808 terra:
3131 3748 3333 3818 indiget
3377 3761 3441 3801 ac
3466 3745 3622 3810 roris,
3645 3752 3701 3799 et

2118 3854 2411 3925 pluviarum
2433 3860 2594 3920 atque
2621 3856 2922 3910 ventorum,
2954 3852 3010 3899 et
3023 3843 3179 3898 bona:
3207 3847 3585 3910 tempestatum
3605 3849 3703 3889 an-

2120 3947 2172 4001 ni
2199 3941 2616 4006 distributionis;
2640 3939 2742 3995 nisi
2768 3937 2883 3993 haec
2908 3935 3086 3992 omnia
3099 3930 3485 3996 concurrerint,
3506 3942 3702 3998 super-

2121 4038 2265 4093 ﬁnus
2297 4038 2356 4090 lit
2379 4035 2510 4089 solis
2538 4048 2686 4087 usus.

2192 4129 2289 4182 Dei
2311 4126 2469 4181 solius
2499 4125 2758 4195 proprium
2800 4137 2902 4175 non
2938 4119 3181 4191 indigere.
3207 4145 3279 4157 --
3303 4114 3416 4171 Hoc
3441 4128 3571 4170 vero
3600 4112 3699 4167 Dei

2122 4237 2227 4275 non
2255 4228 2355 4283 est,
2382 4216 2449 4271 ad
2489 4230 2550 4270 ea
2578 4212 2813 4269 facienda
2841 4225 2959 4282 qum
2986 4210 3121 4274 vult,
3151 4206 3269 4262 aliis
3306 4204 3581 4276 indigere:
3611 4200 3703 4256 Dei

2121 4313 2264 4368 enim
2295 4308 2525 4365 maxime
2553 4305 2843 4377 proprium,
2867 4317 2973 4356 non
2996 4299 3251 4370 indigere.
3282 4296 3402 4368 Ipse
3426 4295 3569 4350 enim
3599 4308 3703 4347 non

2123 4405 2201 4460 sic
2237 4418 2271 4458 e
2322 4411 2463 4457 terra
2510 4398 2713 4454 semina
2763 4394 2999 4467 protulit,
3048 4391 3144 4448 sed
3193 4400 3397 4445 tantum
3431 4387 3612 4458 jussit,
3653 4392 3707 4441 et

2125 4498 2304 4553 omnia
2333 4493 2782 4564 germinavernnt.
2813 4490 2877 4542 Et
2901 4501 3112 4542 rursum
3142 4494 3198 4540 ut
3221 4484 3418 4547 discas,
3456 4499 3562 4537 non
3598 4482 3709 4536 elc-

2125 4597 2422 4644 mentorum
2452 4593 2714 4646 naturam,
2746 4579 2841 4635 sed
2885 4577 3051 4648 ipsius
3087 4574 3395 4630 mandatum
3420 4572 3599 4627 omnia
3628 4571 3706 4624 la-

2124 4696 2269 4746 cere,
2306 4679 2524 4748 ipsaque
2551 4674 2837 4738 elementa,
2877 4684 2997 4740 qua:
3038 4682 3145 4723 non
3183 4675 3357 4730 erant,
3386 4662 3706 4734 producere,

2125 4770 2328 4827 Judzeis
2372 4768 2570 4823 nullius
2606 4779 2707 4833 ope
2736 4776 2927 4818 manna
2965 4760 3216 4816 demisit:
3247 4757 3466 4822 Panem,
3516 4755 3708 4825 inquit,

2125 4864 2237 4919 coeli
2278 4862 2416 4916 dedit
2454 4860 2527 4913 eis
2571 4856 2738 4927 (Psal.
2770 4855 2857 4909 77.
2884 4852 2999 4924 24).
3048 4844 3116 4906 Et
3142 4848 3270 4920 quid
3296 4848 3417 4904 dico
3441 4847 3613 4901 solem
3644 4844 3710 4899 ad

2127 4956 2391 5010 fructuum
2421 4948 2805 5019 vegetationem
2834 4944 3286 5011 mutationemque
3325 4938 3447 4994 aliis
3472 4937 3713 5007 indigere

2126 5043 2426 5105 elementis,
2449 5056 2569 5096 cum
2592 5048 2647 5094 et
2674 5037 2854 5092 multis
2879 5035 2945 5089 ad
2965 5036 3045 5089 sui
3071 5031 3505 5088 constitutionem
3534 5038 3711 5099 egeat,

2130 5153 2228 5192 nec
2252 5138 2366 5206 ipse
2394 5134 2493 5188 sibi
2522 5129 2769 5185 sufﬁcere
2792 5124 3034 5197 possit‘?
3062 5123 3269 5194 Quippe
3293 5132 3351 5177 ut
3370 5120 3553 5185 vadat,
3582 5118 3718 5174 etBIo

2129 5229 2348 5299 indiget,
2377 5236 2625 5295 tanquam
2650 5220 2951 5289 pavimento
2979 5215 3206 5288 quodam
3234 5213 3512 5283 supposito
3537 5228 3553 5267 :
3579 5220 3636 5265 et
3660 5217 3718 5263 ut

2129 5323 2324 5387 luceat,
2349 5321 2488 5373 acris
2508 5317 2733 5387 puritate
2760 5322 2816 5369 et
2843 5311 3120 5366 tenuitate.
3146 5306 3300 5377 Quod
3326 5307 3370 5361 si
3407 5304 3505 5361 hic
3523 5312 3719 5373 printer

2131 5412 2347 5469 modum
2374 5410 2647 5474 densetur,
2669 5406 2759 5461 ille
2787 5404 2961 5459 lucem
2992 5416 3145 5457 suam
3171 5396 3456 5455 ostendere
3486 5410 3595 5451 non
3626 5408 3719 5464 po-

2195 5567 2213 5599 ι
2246 5566 2331 5614 ilic
2355 5563 2512 5613 secuti
2546 5572 2715 5610 sumus
2739 5556 2982 5608 Sarilium.
3006 5551 3328 5617 Apud‘ttor_el.
3352 5557 3407 5600 et
3440 5545 3699 5617 Montefalc

2129 5630 2200 5678 sic
2221 5609 2378 5677 bal-iet-
2388 5609 2651 5675 hicnlocus
2672 5609 2953 5672 mutilatas:
2981 5609 3186 5678 Et'quid
3227 5612 3340 5678 dico
3377 5610 3507 5678 quod
3530 5609 3597 5658 ad
3617 5609 3721 5678 [ru-

2132 5671 2652 5751 Eiitﬁéégéiumm
2687 5671 2796 5751 aliis
2833 5681 3015 5751 indiget
3038 5671 3331 5751 elementis?
3366 5671 3435 5724 ad
3468 5671 3721 5737 propriam

2134 5738 2510 5805 constitutionem
2526 5760 2618 5797 non
2640 5743 2874 5808 sufﬁceret
2895 5738 2997 5806 ipse
3018 5738 3129 5794 sibi.
