4112 6388
305 342 412 401 115

1336 342 1429 400 ΑΙ)
1465 340 1803 400 POPULUM
1863 336 2363 399 ANTIOCHENUM
2404 341 2644 399 HOMIL.
2686 342 2754 399 Χ.

3670 339 3772 395 IIS

303 458 470 513 καλὸν
497 458 591 513 καὶ
620 457 794 529 μέγαν
824 457 916 512 τὸν
940 457 1144 530 κόσμον
1163 457 1417 529 ἐποίησεν
1446 460 1475 513 ὁ
1505 458 1669 523 Θεός·
1699 460 1749 512 εἰ
1775 459 1848 530 μὴ
1870 458 1980 528 γὰρ
2078 457 2432 527 ραπλήσιον
2449 458 2705 525 θανάτῳ.
2735 458 2799 511 El
2822 456 2933 529 γὰρ
2961 454 3280 510 καὶτούτων
3303 455 3474 510 ὄντων
3499 455 3654 519 θεοὺς
3683 456 3770 509 αύ-

303 546 469 599 αύτὸν
495 546 659 600 καλὸν
705 546 800 600 καὶ
838 545 1011 616 μέγαν
1054 545 1311 616 ἐποίησεν
1342 547 1372 599 ό
1403 546 1558 611 Θεὸς,
1592 548 1696 600 οὑκ
1725 547 1791 600 ἂν
1821 545 1984 598 αὑτὸν

302 632 781 705 ἐθεοποιήσαμενι
803 650 818 664 ·
846 632 943 687 νῦν
968 632 1026 686 δὲ
1063 633 1430 702 ἐκπλαγέντες
1456 634 1622 687 αὑτοῦ
1646 634 1708 687 τὸ
1734 632 1984 706 μέγεθος,

2088 545 2215 607 τοὺς
2241 539 2380 598 εἷναι
2419 546 2702 615 ἐνόμισαν,
2762 545 2857 598 καὶ
2885 544 3035 597 θύειν
3084 542 3467 615 ἐπεχείρησαν,
3498 542 3768 612 λέγοντες,

2097 635 2162 685 οι
2176 632 2298 685 θεοὶ
2319 632 2706 701 ὁμοιωθέντες
2721 631 3052 700 ἀνθρώποις
3062 631 3404 698 κατέϐησαν
3418 630 3568 699 πρὸς
3591 628 3767 698 ἡμᾶς.

303 722 400 774 καὶ
440 721 824 793 θαυμάσαντες
866 720 1031 775 αὐτοῦ
1075 721 1137 775 τὸ
1180 721 1400 786 κάλλος,
1444 723 1778 794 ἐνομίσαμεν
1824 722 1987 775 αὑτὸν
2094 717 2245 791 [111]
2280 720 2329 772 εί
2364 717 2440 790 μὴ
2486 718 2660 773 ταῦτα
2709 719 2944 788 ἐγένετο,
2976 718 3078 771 ποῦ
3107 719 3205 770 οὐκ
3247 718 3313 771 ἂν
3351 718 3613 788 ἐξέϐησαν
3645 717 3763 769 ἀσε-

303 804 442 863 εϊναι
465 809 606 863 θεόν.
626 809 765 863 Ἀλλ’
792 809 956 874 ἕωλος
979 802 1135 872 οὗτος
1157 809 1185 860 ὁ
1208 808 1366 878 λόγος
1392 809 1560 865 ἐστίν.
1580 810 1702 862 Ὀτι
1730 807 1841 878 γὰρ
1862 806 1984 861 οὔτε
2092 804 2265 869 θείας,
2294 806 2361 860 τά
2402 804 2657 876 θαύματα
2691 806 2813 858 τότε
2846 805 3079 876 ὁρῶντες
3104 820 3119 867 ;
3157 804 3370 875 Ὠσπερ
3415 804 3509 860 οὖν
3535 802 3763 855 ἐνταῦθα

300 896 366 950 τὸ
398 896 627 968 μέγεθος
656 894 782 950 οὔτε
813 896 876 951 τὸ
902 895 1099 961 κάλλος
1120 895 1222 966 τῆς
1260 897 1517 961 ἀσεϐείας
1552 898 1756 959 αίτιον,
1803 896 1918 950 ἀλλ’
1949 897 1984 968 ή
2090 891 2180 945 διὰ
2215 892 2276 947 τὸ
2325 892 2553 963 μέγεθος
2590 893 2701 946 τῶν
2735 891 2976 963 σημείων
3017 891 3111 945 καὶ
3141 892 3239 963 τὴν
3278 890 3438 960 φύσιν
3474 890 3687 960 ἀφῆκεν
3713 889 3765 941 ἐκ

301 984 527 1038 ἐκείνων
570 984 747 1047 ἄνοια,
776 983 1065 1055 δείκνυμεν
1115 985 1277 1055 ἡμεῖς
1310 986 1358 1039 οἱ
1391 985 1558 1055 μηδὲν
1602 984 1843 1038 τοιοῦτον
1880 1001 1985 1039 πα-

302 1070 487 1135 θόντες
514 1072 664 1126 ποτέ.
690 1072 848 1136 Τίνος
872 1071 982 1142 γὰρ
1004 1070 1191 1126 ἱνεκεν
1216 1072 1378 1126 αὑτὸν
1404 1072 1503 1125 οὐκ
1531 1071 1979 1144 ἐθεοποιήσαμενς

298 1157 363 1210 οὐ
389 1160 502 1221 τοῖς
540 1160 725 1222 αὐτοῖς
754 1159 1056 1228 ὀφθαλμοῖς
1094 1159 1257 1213 αὐτὸν
1284 1158 1432 1232 [110]
1466 1159 1773 1231 βλέπομεν;
1810 1160 1871 1214 ού
1914 1160 1981 1214 τά

299 1242 442 1297 αὐτὰ
464 1243 567 1313 τῆς
594 1244 827 1308 κτίσεως
857 1245 1205 1318 ἀπολαύομεν
1232 1247 1376 1318 ειπερ
1401 1247 1495 1301 καὶ
1526 1247 1724 1301 ἐκεῖνοι
1747 1263 1762 1313 ;
1793 1248 1854 1301 ού
1880 1248 1981 1318 τὴν

298 1328 468 1401 αὐτὴν
498 1329 688 1402 ψυχὴν
704 1332 1057 1404 κεκτήμεθα;
1107 1335 1169 1387 οὐ
1202 1335 1263 1388 τὸ
1296 1335 1429 1388 αὐτὸ
1457 1335 1615 1406 σῶμα
1648 1335 1847 1407 ἔχομεν
1874 1378 1889 1401 ,
1918 1336 1978 1389 ού

297 1416 396 1487 τὴν
426 1417 598 1490 αὐτὴν
626 1419 909 1490 πατοῦμεν
936 1422 1068 1492 γῆνς
1101 1421 1220 1486 πῶς
1257 1424 1404 1493 ημᾶς
1433 1424 1534 1476 οὐκ
1559 1423 1747 1476 ἔπεισε
1765 1425 1829 1476 τὸ
1852 1424 1981 1477 κάλ-

297 1502 390 1567 λος
438 1505 531 1558 καὶ
562 1506 623 1559 τὸ
659 1506 890 1577 μέγεθος
920 1507 990 1561 τά
1034 1508 1175 1563 αύτά
1205 1509 1397 1579 νοῆσαι
1430 1510 1691 1576 ἐκείνοις;
1747 1512 1860 1565 Ούκ
1893 1514 1979 1564 ἐν·

296 1592 490 1646 τεῦθεν
521 1594 576 1647 δὲ
604 1594 763 1648 τοῦτο
804 1595 954 1649 ἔσται
979 1595 1138 1667 δῆλον
1175 1596 1355 1667 μόνον,
1390 1596 1527 1650 ἀλλά
1564 1599 1657 1651 καὶ
1690 1597 1974 1667 ὲτέμυλεν.

298 1681 421 1733 ’Ότι
452 1681 559 1752 γάρ
593 1681 653 1735 ού
687 1682 776 1736 διὰ
810 1682 869 1735 τὺ
895 1682 1089 1748 κάλλος
1128 1684 1292 1738 αὑτὸν
1322 1684 1701 1756 ἐθεοποίησαν,
1729 1684 1866 1739 ἀλλά
1889 1686 1978 1740 διά

292 1768 395 1838 τὴν
418 1770 625 1823 οίκείαν
654 1770 864 1837 ἄνοιαν,
886 1771 975 1825 τὸν
994 1771 1226 1842 πίθηκον
1252 1771 1401 1836 τίνος
1426 1772 1612 1825 ἕνεκεν
1641 1772 1978 1845 προσεκύνη-

296 1857 521 1917 σαν,τ³›ν
542 1857 903 1929 κροκόδειλον,
916 1860 1008 1912 τὸν
1030 1859 1189 1922 κύνα,
1202 1859 1272 1913 τά
1292 1858 1652 1915 εὐτελέστατα
1669 1860 1779 1914 τῶν
1798 1860 1974 1928 ζὼωνς

299 1943 510 2007 Ὄντως
525 1944 1008 2013 Ἐματαιώθησαν
1032 1946 1104 2000 ἐν
1148 1946 1274 2014 τοῖς
1306 1946 1719 2018 διαλογισμοῖς
1752 1948 1975 2017 αὐτῶν,

292 2029 395 2082 καὶ
425 2030 752 2100 ἐσκοτίσθη
792 2034 830 2101 ἡ
862 2034 1160 2101 ἀσύνετος
1192 2032 1394 2089 αὐτῶν
1425 2035 1668 2103 καρδία·
1706 2035 1978 2105 φάσκον-

291 2134 393 2183 τες
423 2118 536 2187 γὰρ
568 2114 720 2173 εἶναι
744 2120 925 2190 σοφοὶ
948 2121 1403 2192 ἐμωράνθησαν.
1428 2122 1575 2195 Πλὴν
1606 2122 1722 2177 ἀλλ’
1746 2125 1846 2178 οὐκ
1869 2126 1976 2179 ἀπὸ

290 2203 502 2257 τούτων
527 2206 985 2279 ἀπολογησόμεθα
1020 2210 1200 2280 μόνον,
1230 2209 1365 2263 ἀλλά
1396 2211 1492 2264 καὶ
1516 2211 1704 2283 ἐτερόν
1734 2228 1785 2265 τι
1813 2212 1976 2267 πλέον

292 2291 551 2363 ἐροῦμεν.

365 2378 407 2431 δ’
414 2379 624 2433 ,Ταῦτα
647 2380 760 2453 γὰρ
791 2381 998 2437 ἀνωθεν
1020 2383 1050 2437 ό
1076 2382 1207 2447 Θεὸς
1218 2384 1506 2456 προειδὼς,
1533 2384 1842 2458 καὶταύτην
1872 2387 1975 2441 αύ-

289 2466 402 2520 τῶν
422 2469 600 2522 ἀνεῖλε
630 2470 732 2541 τὴν
758 2470 1034 2540 πρόφασιν
1062 2471 1207 2526 κατά
1237 2472 1333 2544 τὴν
1388 2472 1556 2527 αὑτοῦ
1608 2474 1800 2542 σοφίαν
1823 2491 1838 2506 ·
1887 2474 1976 2530 διά

289 2553 453 2608 τοῦτο
486 2556 548 2609 οὐ
579 2558 740 2628 μόνον
772 2556 1087 2629 θαυμαστόν
1113 2559 1208 2614 καὶ
1240 2559 1415 2630 μέγαν
1441 2560 1535 2614 τὸν
1565 2562 1769 2633 κόσμον
1798 2562 1977 2634 ἐποίη-

290 2656 410 2704 σεν.
432 2640 571 2695 ἀλλά
593 2644 690 2697 καὶ
716 2642 957 2716 φθαρτὸν
988 2646 1084 2700 καὶ
1111 2646 1398 2719 ἐπίκηρον,
1446 2648 1543 2702 καὶ
1565 2648 1666 2720 τῆς
1689 2649 1974 2715 ἀσθενείας

289 2726 459 2781 αὐτοῦ
508 2728 679 2784 πολλά
709 2730 978 2803 δείγματα
1028 2733 1377 2802 ἐγκατέθετο,
1431 2735 1527 2788 καὶ
1575 2734 1713 2806 ὅπερ
1742 2735 1837 2789 ἐπὶ
1864 2734 1974 2789 τῶν

287 2814 605 2870 ἀποστόλων
645 2817 894 2890 ἐποίησε,
921 2819 1083 2874 τοῦτο
1121 2820 1216 2874 καὶ
1248 2822 1342 2874 ἐπὶ
1367 2819 1464 2875 τοῦ
1502 2820 1710 2892 κόσμου
1750 2822 1969 2887 παντός.

290 2902 358 2954 Τί
381 2902 441 2956 δέ
469 2904 562 2958 ἐπὶ
598 2905 707 2959 τῶν
734 2906 1047 2962 ἀποστόλων
1074 2908 1361 2979 ἐποίησεν;
1420 2909 1640 2982 Ἐπειδὴ
1670 2910 1840 2965 πολλά
1875 2928 1974 2983 ση-

293 2992 424 3060 μεῖα
450 2993 544 3046 καὶ
573 2992 827 3064 θαύματα
858 2995 1124 3049 ἐποίουνδ
1168 2997 1267 3050 καὶ
1303 2997 1515 3068 μεγάλα
1544 2998 1637 3052 καὶ
1670 2998 1969 3071 παράδοξα,

290 3080 474 3132 ετασεν
498 3080 695 3145 αὐτοὺς
715 3081 956 3153 συνεχῶς
980 3082 1361 3153 μαστίζεσθαι,
1387 3084 1727 3149 ἐλαύνεσθαι,
1761 3086 1974 3158 δεσμω-

286 3166 479 3237 τήριον
524 3168 713 3232 οἰκεῖν,
750 3168 1055 3233 ἀσθενείαις
1093 3170 1445 3243 περιπίπτειν
1501 3176 1859 3243 σωματικαῖς,
1912 3174 1973 3228 ἐν

286 3252 594 3324 διηνεκέσιν
626 3253 763 3310 εἶναι
796 3255 1061 3327 θλίψεσιν,
1098 3258 1185 3311 ἶνα
1216 3258 1292 3330 μὴ
1316 3260 1425 3312 τῶν
1455 3260 1697 3331 σημείων
1721 3261 1781 3313 τὸ
1806 3260 1970 3333 μέγε-

288 3338 381 3404 θος
405 3340 564 3405 θεοὺς
592 3343 788 3407 αὐτοὺς
814 3343 968 3416 παρά
993 3346 1105 3409 τοῖς
1130 3344 1439 3417 ἀνθρώποις
1467 3346 1785 3417 νομίζεσθαι
1814 3350 1973 3420 ποιή-

288 3444 393 3499 σῃ·
447 3428 536 3481 διὰ
570 3429 749 3494 τοῦτο,
787 3430 1058 3502 τοσαύτην
1098 3432 1223 3497 δοὺς
1264 3432 1448 3505 χάριν,
1478 3435 1541 3487 τὸ
1567 3434 1728 3506 σῶμα
1757 3436 1970 3505 ἀφῆκεν

286 3510 429 3569 εἶναι
457 3516 670 3585 θνητὸν,
699 3516 912 3583 πολλοῖς
933 3518 990 3572 δέ
1013 3519 1109 3575 xal
1139 3520 1408 3585 ἐπίνοσον,
1445 3522 1540 3575 καὶ
1572 3523 1634 3576 οὐ
1674 3523 1971 3592 μετέϐαλεν

283 3603 465 3657 αὐτῶν
495 3604 595 3676 τὴν
630 3606 937 3670 ἀσθένειαν,
979 3608 1067 3661 ἶνα
1099 3608 1438 3681 ἐγγυήσηται
1475 3609 1573 3682 τὴν
1623 3611 1804 3680 φύσιν.
1859 3613 1971 3666 Kal

284 3691 387 3744 οὐκ
408 3692 540 3761 ἐμὸς
588 3685 742 3756 οὗτος
784 3694 813 3746 ό
857 3694 1035 3763 λόγος,
1077 3695 1194 3749 ἀλλ’
1232 3697 1397 3752 αὐτοῦ
1440 3698 1534 3752 τοῦ
1582 3699 1794 3754 Παύλου
1825 3700 1971 3756 οῦτω

284 3778 561 3847 λέγοντος·
625 3780 760 3833 Ἐὰν
791 3779 903 3851 γὰρ
953 3781 1053 3837 καί
1085 3783 1326 3851 θελήσω
1364 3786 1821 3856 καυχήσασθαι,
1857 3790 1970 3843 οὐκ

281 3867 499 3935 ἔσομαι
525 3865 760 3936 ἄφρων·
800 3866 1075 3938 φείδομαι
1103 3868 1192 3937 δέ,
1222 3870 1307 3940 μή
1341 3890 1430 3940 τις
1457 3876 1546 3941 είς
1580 3874 1686 3944 ἐμὲ
1717 3876 1970 3946 λογίση-

283 3970 381 4008 ται
412 3953 567 4023 ὑπὲρ
593 3953 627 4007 δ
657 3953 899 4019 βλέπει,
935 3955 975 4025 ἢ
1009 3957 1215 4012 ἀκούει
1250 3976 1305 4012 τι
1333 3960 1403 4026 ἐξ
1430 3961 1608 4031 ἐμοῦ·
1644 3964 1740 4017 καὶ
1770 3963 1967 4018 πάλιν·

289 4045 547 4112 Ἕχομεν
578 4042 648 4096 δὲ
700 4042 808 4097 τὸν
853 4045 1168 4114 θησαυρὸν
1210 4048 1429 4103 τοῦτον
1465 4051 1536 4105 ἐν
1582 4051 1971 4121 ὀστρακίνοις

283 4134 555 4187 σκεύεσι.
618 4133 684 4185 Τί
728 4133 786 4187 δέ
823 4136 1004 4202 ἐστιν,
1049 4136 1152 4191 Ἐν
1189 4138 1574 4207 ὀστρακίνοις
1633 4143 1971 4208 σκεύεσιν;

298 4222 387 4274 Ἐν
424 4220 504 4292 τῷ
550 4219 767 4293 σώματι
815 4222 1011 4295 τούτῳ,
1055 4226 1210 4297 φησὶ,
1244 4226 1323 4299 τῷ
1368 4228 1548 4301 θνητῷ
1572 4231 1666 4284 καὶ
1694 4232 1967 4305 ἐπικήρῳ.

285 4308 555 4391 καθάπερ
615 4309 727 4391 γὰρ
783 4310 844 4364 τὸ
908 4309 1176 4385 ὄστρακον
1204 4325 1226 4353 ε
1295 4317 1359 4369 ἐκ
1424 4306 1597 4388 πηλοῦ
1649 4319 1747 4373 καὶ
1796 4320 1970 4391 πυρὸς

284 4390 516 4458 γίνεται,
570 4389 716 4445 οὕτω
768 4392 835 4464 δὴ
894 4392 991 4447 καὶ
1041 4393 1103 4447 τὸ
1153 4395 1316 4466 σῶμα
1367 4396 1477 4450 τῶν
1524 4397 1695 4466 ἀγίων
1745 4389 1970 4455 ἐκείνων

284 4473 512 4545 -πήλινον
560 4474 643 4539 ὃν,
687 4474 785 4529 καὶ⁸
826 4476 920 4529 τοῦ
953 4479 1325 4548 πνευματικοῦ
1356 4479 1528 4551 πυρὸς
1552 4481 1843 4554 δεξάμενον
1867 4484 1969 4556 τὴν

284 4556 588 4629 ἐνέργειαν,
636 4557 857 4625 γέγονεν
905 4558 1193 4630 ὄστρακον.
1248 4562 1358 4615 Kal
1399 4564 1549 4628 τίνος
1598 4566 1787 4620 ἐνεκεν
1811 4567 1969 4623 τοῦτο

282 4640 599 4710 γεγένηται,
646 4640 740 4693 καὶ
785 4638 1059 4711 θησαυρὸν
1100 4644 1353 4699 τοσοῦτον
1381 4647 1475 4700 καὶ
1501 4648 1854 4719 χαρισμάτων
1875 4650 1968 4705 δα-

282 4721 497 4791 ψίλειαν
531 4720 709 4803 θνητῴ
750 4722 844 4775 καὶ
874 4721 1098 4803 φθαρτῷ
1148 4724 1359 4796 σώματι
1403 4728 1739 4797 ἐναπέθετο;
1768 4731 1893 4785 Ἵνα
1925 4734 1965 4803 ἡ

284 4802 591 4873 ὑπερϐολὴ
616 4802 725 4872 τῆς
739 4803 1048 4874 δυνάμεως
1067 4802 1110 4878 ᾖ
1131 4808 1238 4863 τοῦ
1257 4811 1426 4874 Θεοῦ,
1450 4813 1548 4866 καὶ
1569 4812 1656 4883 μὴ
1685 4814 1756 4879 ἐξ
1773 4802 1962 4885 ήμῶν.

286 4888 456 4942 Ὅταν
479 4886 589 4957 γάρ
607 4886 723 4959 ἴδῃς
737 4887 865 4952 τοὺς
882 4888 1214 4955 ἀποστόλους
1240 4894 1467 4961 νεκροὺς
1492 4895 1589 4965 μὲν
1610 4897 1963 4964 ἀνιστῶντας,

282 4970 484 5032 αὐτοὺς
507 4968 565 5022 δὲ
589 4969 950 5054 ἀσθενοῦντας
996 4973 1092 5026 καὶ
1123 4975 1198 5046 μὴ
1227 4975 1560 5047 δυναμένους
1584 4980 1965 5054 ἀπαλλαγῆναι

284 5054 387 5125 τῆς
413 5053 747 5126 ἀρρωστίας,
779 5055 899 5127 εἴσῃ
926 5056 1117 5126 σαφῶς
1141 5059 1222 5112 ὃτι
1254 5060 1289 5131 ή
1315 5060 1409 5113 τοῦ
1442 5062 1641 5134 νεκροῦ
1667 5053 1966 5129 ἀνάστασις

283 5138 346 5223 ού
369 5136 777 5223 τῆς-διὲράμεως
805 5139 900 5192 τοῦ
932 5140 1358 5223 ἀναστήσαντος,
1392 5144 1530 5199 ἀλλά
1557 5148 1658 5219 τῆς
1682 5150 1965 5223 ἐνεργείας

284 5219 386 5290 τῆς
412 5218 508 5274 τοῦ
538 5218 855 5291 Πνεύματος
886 5220 1126 5290 γέγονεν.
1180 5225 1303 5279 Ὅτι
1333 5227 1442 5299 γὰρ
1467 5218 1785 5300 ὴρρώστουν
1823 5218 1965 5287 συν-

283 5302 448 5375 εχῶς,
476 5302 710 5357 ἀκουσον
732 5303 785 5356 τί
809 5321 973 5375 φησιν
1010 5306 1041 5359 ό
1076 5306 1283 5372 Παῦλος
1329 5311 1460 5381 περὶ
1495 5312 1783 5382 Τιμοθέου·
1810 5317 1965 5384 Οῑνῳ

284 5387 469 5455 ὀλίγῳ
513 5385 639 5455 χρῶ
674 5386 772 5441 διὰ
806 5388 915 5442 τὸν
957 5390 1267 5460 στόμαχόν
1302 5408 1420 5447 σου
1460 5396 1559 5449 καὶ
1594 5396 1699 5462 τὰς
1725 5398 1963 5466 πυκνάς

284 5483 402 5550 σου
428 5469 781 5538 ἀσθενείας·
824 5473 920 5526 καὶ
965 5474 1126 5529 πάλιν
1164 5476 1292 5547 περὶ
1331 5476 1539 5548 ἐτέρου·
1573 5481 1868 5550 Τρόφιμον
1892 5482 1963 5536 δὲ

719 5553 962 5623 Μιλήτῳ
1004 5556 1411 5613 ἀσθενοῦντα·
1461 5561 1555 5614 καὶ
1580 5548 1960 5633 Φιλιππησίοις

282 5630 613 5686 ἐπιστέλλων
638 5632 843 5703 ελεγεν,
869 5636 953 5689 ὅτι
988 5636 1414 5708 Ἐπαφρόδιτος
1433 5641 1461 5681 (ι
1506 5630 1817 5713 ἠσθένησε
1840 5662 1956 5701 πα-

351 5737 380 5806 f'
400 5734 560 5806 §8V_i_l.
587 5740 857 5806 et_qu_idam
879 5742 1342 5806 plii_éﬂeo1:0l05azv.

346 5796 376 5864 ᾗ
574 5801 657 5864 καὶ
679 5796 851 5864 τέρατα
872 5802 1075 5852 ἐποίουν.

347 5859 548 5926 ῗὲἓινίέο
583 5859 860 5926 ὸςπράὲινον

310 5982 319 5989 ,
348 5921 375 5964 ι
395 5902 484 5998 ἐξά
495 5902 915 5995 ἒᾶγῖῖίῖιῖῖῖόῶῐ.
943 5928 1171 5991 Quinque
1192 5944 1307 5981 mss.
1348 5932 1585 5995 Ἐπαφρᾶς.
1608 5934 1733 5984 Infra
1750 5936 1946 5998 quidam

273 5982 392 6031 θύειν
428 5982 715 6050 ἐπεχείρουν.

2090 981 2345 1053 ἀσθενείᾳ
2375 983 2579 1053 μένειν,
2624 981 2719 1034 καὶ
2746 983 2872 1044 τοὺς
2897 979 3233 1050 ἐπαλλήλους
3274 976 3621 1050 συνεχώρησε
3650 993 3765 1029 πει-

2094 1071 2352 1140 ρασμοὺς,
2385 1070 2471 1123 ἵνα
2521 1068 2597 1141 μὴ
2629 1067 2958 1139 νομισθῶσιν
2998 1064 3136 1121 εἶναι
3182 1065 3317 1127 θεοὶ.
3358 1064 3502 1118 οὕτω
3549 1065 3643 1118 xal
3678 1065 3765 1116 ἐπ”

2087 1158 2186 1226 τῆς
2208 1158 2435 1221 κτίσεως
2465 1155 2847 1228 παραπλήσιόν
2888 1172 2941 1208 τι
2972 1153 3183 1217 τούτοις
3211 1152 3452 1222 ἐποίησε,
3516 1154 3625 1205 Kal
3660 1151 3761 1220 γάί

2089 1245 2259 1315 καλὴν
2298 1246 2467 1317 αὐτὴν
2520 1246 2614 1299 καὶ
2659 1244 2933 1315 μεγάλην,
2991 1243 3086 1295 καὶ
3137 1241 3382 1313 φθαρτὴν
3425 1240 3588 1293 πάλιν
3636 1256 3763 1292 κατ-

2088 1332 2373 1387 εσκεύασε.
2396 1333 2505 1387 Kal
2532 1332 2818 1403 ἀμφότερα
2841 1331 3015 1385 ταῦτα
3040 1332 3094 1383 αἱ
3118 1328 3331 1400 Γραφαὶ
3361 1326 3759 1398 φιλοσοφοῦσιν·

2085 1420 2115 1471 ό
2142 1420 2240 1488 μὲν
2256 1419 2362 1491 γάρ
2392 1420 2453 1472 τὸ
2477 1419 2670 1482 κάλλος
2698 1418 2804 1472 τῶν
2825 1418 3069 1489 οὐρανῶν
3093 1416 3469 1487 διηγούμενος,
3494 1416 3637 1469 οὕτω
3662 1432 3737 1485 φη

2089 1504 2202 1557 σίν·
2266 1510 2328 1560 Ol
2366 1506 2607 1573 οὐρανοὶ
2638 1506 2977 1575 διηγοῦνται
3007 1505 3196 1569 δόξαν
3219 1505 3367 1559 Θεοῦ
3391 1520 3404 1534 ’
3445 1505 3542 1558 κα)⁸
3575 1504 3761 1558 πάλιν·

2098 1593 2152 1647 Ὀ
2182 1593 2421 1660 στήσας
2442 1594 2548 1647 τὸν
2576 1594 2838 1662 οὐρανὸν
2863 1594 3006 1647 ὡσεὶ
3028 1593 3319 1663 καμάραν,
3348 1591 3447 1645 καί
3467 1592 3758 1657 διατείνας

2084 1680 2272 1735 αὐτόν
2301 1681 2381 1746 ὡς
2410 1679 2653 1748 σκηνὴν
2689 1680 2787 1734 ἐπὶ
2821 1679 2931 1749 τῆς
2961 1679 3077 1750 γῆς
3101 1698 3114 1712 ·
3154 1680 3249 1734 καὶ
3283 1679 3479 1733 πάλιν·
3532 1679 3585 1733 Ὀ
3622 1695 3761 1730 κατ-

2082 1768 2241 1837 έχων
2279 1769 2387 1822 τόν
2420 1768 2606 1839 γῦρον
2636 1768 2743 1822 τοῦ
2771 1767 3053 1837 οὐρανοῦ.
3093 1767 3321 1842 ’Έτερος
3351 1767 3411 1820 δὲ
3440 1766 3655 1829 δεικνὺς
3681 1766 3761 1819 ὅτι

2084 1860 2133 1911 εί
2160 1859 2255 1913 καὶ
2279 1857 2445 1922 καλὸς
2475 1860 2568 1912 καὶ
2601 1860 2793 1929 μέγας,
2821 1858 2958 1913 ἀλλά
2981 1856 3221 1928 φθαρτός
3240 1858 3409 1920 ἐστιν,
3432 1855 3575 1909 οὕτω
3605 1854 3761 1924 φησί·

2083 1949 2221 2001 Κατ’
2250 1947 2439 2016 ἀρχὰς
2488 1946 2591 2012 σὺ,
2627 1948 2823 2017 Κύριε,
2863 1946 2977 2015 τὴν
3019 1945 3137 2017 γῆν
3189 1944 3611 2015 ἐθεμελίωσας,
3660 1943 3761 1996 καί

2086 2033 2232 2104 ἔργα
2259 2034 2378 2089 τῶν
2400 2034 2616 2106 χειρῶν
2642 2051 2759 2090 σου
2793 2035 2953 2088 εἰσιν
2990 2038 3043 2089 al
3091 2034 3341 2103 οὐρανοί
3374 2050 3389 2065 ·
3428 2032 3601 2087 αὐτοὶ
3646 2031 3762 2085 άπ-

2083 2122 2386 2187 ολοῦνται,
2430 2123 2513 2177 σὺ
2562 2123 2631 2177 δὲ
2657 2123 2977 2193 διαμένεις·
3003 2123 3103 2176 καὶ
3149 2121 3372 2189 πάντες
3398 2122 3480 2188 ὠς
3523 2120 3762 2190 ίμάτιον

2082 2211 2629 2278 παλαιωθήσονται.
2664 2213 2763 2266 καί
2805 2212 2949 2266 ὡσεί
2988 2212 3368 2279 περιϐόλαιον
3397 2209 3624 2275 ἑλίξεις
3652 2210 3761 2262 αὐ-

2084 2298 2244 2366 τοὺς,
2286 2300 2387 2353 καὶ
2432 2299 2908 2369 ἀλλαγήσονται.
2954 2299 3066 2353 Kal
3109 2298 3271 2352 πάλιν
3310 2298 3439 2369 περὶ
3484 2296 3578 2351 τοῦ
3605 2296 3759 2367 ήλίου

2083 2388 2248 2458 φησιν
2293 2390 2323 2442 ὁ
2373 2389 2556 2454 Δαυῒδ,
2586 2389 2667 2442 ὅτι
2709 2389 2802 2455 Ὡς
2861 2388 3121 2458 νυμφίος
3166 2388 3643 2457 ἐκπορευόμενος
3689 2387 3760 2439 ἐκ

2081 2476 2321 2531 παστοῦ
2337 2476 2527 2531 αὑτοῦ
2547 2492 2559 2505 ·
2584 2477 3016 2547 ἁγαλλιάσεται
3038 2477 3118 2542 ὡς
3134 2477 3304 2547 γίγας
3325 2476 3572 2546 δραμεῖν
3591 2474 3756 2530 ὀδόν.

2080 2558 2235 2627 Εἶδες
2284 2563 2347 2617 τὺ
2384 2563 2579 2628 κάλλος
2617 2564 2713 2618 τοῦ
2754 2566 2955 2637 ἄστρου
3004 2566 3099 2619 xal
3142 2564 3203 2619 τὸ
3253 2564 3483 2637 μέγεθος
3518 2563 3635 2626 πῶς
3675 2579 3758 2615 σοι

2080 2651 2425 2724 παρέστησε;
2475 2652 2741 2725 Καθάπερ
2774 2652 2882 2726 γὰρ
2911 2656 2976 2708 ἐκ
3000 2655 3270 2718 παστάδος
3294 2666 3317 2693 θ
3345 2654 3489 2717 τινος
3526 2651 3759 2724 νυμφίος

2079 2745 2290 2814 φανεὶς,
2315 2745 2486 2809 οὕτως
2525 2747 2555 2800 ὁ
2581 2745 2733 2817 ἥλιος
2760 2746 2866 2800 ὑπὸ
2899 2745 2996 2818 τὴν
3027 2747 3102 2801 ξω
3147 2747 3246 2812 τὰς
3288 2750 3513 2811 ἀκτῖνας
3539 2747 3756 2818 ἀφίησι,

2079 2832 2175 2886 καὶ
2194 2831 2383 2905 ῶσπερ
2426 2832 2534 2886 τινὶ
2575 2833 2839 2906 κροκωτῷ
2885 2833 3351 2905 παραπετάσματι
3382 2832 3476 2887 τὸν
3523 2833 3757 2905 οὐρανὸν

2079 2918 2457 2985 καλλωπίζων,
2500 2920 2593 2975 καὶ
2634 2921 2915 2992 ῥοδοειδεῖς
2967 2921 3138 2977 ποιῶν
3204 2922 3305 2987 τὰς
3362 2920 3614 2991 νεφέλας,
3660 2921 3758 2975 καὶ

2078 3008 2488 3079 ἀνεμποδίστως
2511 3008 2722 3080 τρέχων
2750 3011 2930 3065 πᾶσαν
2963 3012 3063 3083 τὴν
3104 3010 3339 3083 ἡμέραν,
3371 3010 3545 3064 οὐδενὶ
3567 3010 3754 3064 διακό-

2079 3113 2271 3151 πτεται
2301 3096 2440 3168 πρὸς
2458 3096 2551 3151 τὸν
2576 3097 2775 3169 δρόμον
2800 3097 3100 3171 κωλύματι.
3158 3094 3313 3163 Εἶδες
3332 3098 3513 3152 τοίνυν
3542 3098 3602 3151 τὸ
3624 3098 3756 3152 κάλ-

2079 3184 2169 3248 λος
2200 3186 2363 3239 αὺτοῦ
2384 3227 2398 3251 ,
2425 3184 2563 3250 εἶδες
2589 3186 2756 3240 αὐτοῦ
2782 3188 2845 3240 τὸ
2870 3187 3139 3259 μέγεθος;
3167 3186 3330 3258 βλέπε
3356 3186 3570 3257 καὶτῆς
3594 3186 3757 3240 ἀσθε-

2078 3272 2228 3337 νείας
2255 3274 2420 3328 αὑτοῦ
2448 3274 2511 3327 τὸ
2533 3275 2755 3346 δεῖγμα.
2798 3278 2908 3330 Kal
2933 3276 3041 3347 γάρ
3066 3278 3160 3331 καὶ
3196 3275 3353 3331 τοῦτο
3386 3275 3561 3348 δηλῶν
3592 3275 3755 3345 σοφός

2077 3377 2161 3423 τις
2192 3360 2373 3429 ἔλεγε·
2413 3363 2475 3415 Τί
2510 3362 2935 3431 φωτεινότερον
2967 3364 3147 3430 ἡλίου
3168 3375 3192 3424 ;
3222 3364 3387 3434 φησὶ,
3426 3363 3526 3417 καί
3578 3362 3755 3417 τοῦτο

2076 3448 2358 3503 ἐκλείπει.
2389 3452 2501 3504 Ούκ
2529 3452 2637 3505 ἀπὸ
2658 3451 2848 3505 τούτου
2872 3453 2929 3506 δὲ
2958 3453 3116 3522 μόνον
3140 3450 3306 3506 αὐτοῦ
3340 3452 3437 3523 τὴν
3470 3450 3757 3505 ἀσθένειαν

2079 3535 2228 3591 ἔστιν
2264 3538 2412 3604 ἰδεῖν,
2435 3539 2571 3593 ἀλλά
2602 3541 2694 3595 καὶ
2716 3543 2773 3594 ἐν
2800 3543 2921 3605 ταῖς
2947 3540 3055 3594 τῶν
3091 3541 3329 3610 νεφελῶν
3348 3541 3367 3580 ί
3406 3540 3751 3611 συνδρομαῖς.

2078 3623 2292 3693 Νέφους
2314 3625 2444 3694 γοῦν
2474 3627 2878 3699 ὑποδραμόντος
2901 3627 3161 3693 πολλάκις
3190 3629 3290 3693 τὰς
3326 3628 3549 3691 ἀκτῖνας
3573 3628 3752 3696 ἀφεὶς,

2078 3712 2176 3766 καὶ
2202 3712 2583 3786 φιλονεικήσας
2614 3712 2905 3788 διαρρῆξαι
2930 3715 2992 3768 τὸ
3022 3716 3181 3786 νέφος
3208 3716 3308 3769 οὐκ
3342 3715 3551 3786 ἴσχυσε,
3581 3731 3755 3783 παχυ-

2077 3799 2243 3871 τέρας
2291 3800 2392 3870 τῆς
2434 3801 2665 3874 νεφέλης
2708 3800 2875 3873 οὔσης
2921 3803 3015 3856 καὶ
3042 3804 3142 3857 ούκ
3185 3802 3560 3875 ἀνασχομένης
3606 3800 3755 3871 αὐτῷ

2076 3886 2336 3959 διασχεῖν.
2387 3888 2546 3943 Ἀλλά
2592 3889 2660 3944 τά
2697 3889 2989 3961 σπέρματα
3026 3891 3237 3963 τρέφει,
3274 3892 3445 3962 φησί·
3502 3890 3594 3943 καὶ
3646 3889 3755 3961 μὴν

2076 3975 2178 4028 ούκ
2205 3975 2368 4041 αὐτὸς
2396 3976 2586 4049 τρέφει
2625 3977 2804 4047 μόνος,
2841 3977 2976 4032 ἀλλά
3008 3980 3103 4032 καὶ
3144 3980 3247 4051 γῆς
3287 3979 3479 4043 δεῖται,
3510 3978 3604 4031 καὶ
3632 3977 3754 4048 δρόο

2080 4079 2196 4130 σου,
2231 4064 2324 4118 καὶ
2364 4064 2557 4130 ὑετῶν,
2600 4066 2694 4118 καὶ
2730 4066 2970 4136 ἀνέμων,
3004 4067 3098 4120 καὶ
3130 4067 3228 4137 τῆς
3253 4067 3363 4120 τῶν
3386 4065 3546 4138 ὡρῶν
3568 4064 3753 4136 εὐμοι-

2082 4151 2200 4221 ρίας
2224 4169 2238 4182 ·
2270 4151 2375 4207 κᾶν
2404 4153 2478 4224 μὴ
2531 4153 2705 4207 ταῦτα
2740 4154 2954 4208 ᾶπαντα
2991 4155 3293 4228 συνδράμῃ,
3343 4155 3628 4227 περιττὴή
3656 4152 3752 4207 τοῦ

2077 4240 2232 4312 ἡλίου
2266 4240 2477 4310 γίνεται
2504 4242 2682 4313 χρεία.

2153 4325 2325 4380 Τοῦτο
2368 4327 2424 4381 δὲ
2461 4329 2561 4381 οὐκ
2603 4328 2670 4383 ἂν
2715 4329 2803 4399 εἴη
2845 4328 3005 4393 Θεοῦ,
3033 4329 3096 4383 τὸ
3135 4330 3341 4385 δεῖσθαι
3383 4329 3584 4401 ἐτέρων
3616 4329 3753 4401 πρὸς

2077 4414 2222 4486 ἆπερ
2251 4414 2318 4469 ἂν
2349 4414 2603 4486 βούληται
2641 4418 2816 4471 ποιεῖν
2837 4435 2851 4450 ·
2891 4416 3027 4471 Θεοῦ
3074 4418 3185 4489 γάρ
3227 4417 3363 4473 ἴδιον
3413 4418 3646 4489 μάλιστα
3690 4418 3753 4470 τὸ

2075 4502 2343 4566 ἀνενδεές.
2372 4503 2544 4567 Αὐτὸς
2571 4502 2704 4572 γοῦν
2730 4504 2830 4575 οὐχ
2852 4504 2993 4558 οὓτω
3035 4504 3105 4559 τὰ
3151 4496 3441 4577 σπέρματα
3484 4503 3753 4575 ἐξήγαγεν

2075 4587 2186 4643 ἀπὸ
2208 4589 2307 4659 τῆς
2332 4589 2455 4661 γῆς,
2477 4589 2591 4643 ἀλλ’
2617 4590 2868 4644 ἐκέλευσε
2904 4590 3083 4662 μόνον,
3106 4591 3199 4646 καὶ
3223 4590 3403 4644 πάντα
3428 4590 3748 4661 ἐϐλάστησε.

2078 4676 2192 4731 Kal
2223 4676 2406 4745 πάλιν,
2443 4678 2529 4731 ἵνα
2562 4678 2737 4750 μάθῃς
2769 4679 2853 4732 ὅτι
2885 4678 2983 4749 οὐχ
3030 4680 3065 4751 ή
3113 4678 3222 4733 τῶν
3256 4678 3533 4749 στοιχείων
3566 4679 3749 4749 φύσις,

2074 4763 2212 4819 ἀλλὰ
2234 4763 2299 4818 τὸ
2326 4764 2656 4836 πρόσταγμα
2684 4764 2849 4819 αὐτοῦ
2883 4767 3059 4820 πάντα
3087 4769 3250 4832 ποιεῖ,
3277 4766 3419 4821 αὐτά
3441 4783 3501 4820 τε
3520 4766 3589 4820 τά
3612 4784 3752 4820 στοι-

2074 4855 2197 4922 χεῖα
2226 4853 2327 4907 οὐκ
2350 4853 2481 4907 ὄντα
2505 4853 2821 4924 παρήγαγε,
2842 4855 2936 4907 καὶ
2962 4855 3055 4907 ἐπὶ
3085 4855 3195 4908 τῶν
3223 4854 3515 4918 Ἰουδαίων,
3538 4854 3752 4920 οὐδενὸς

2074 4940 2307 5012 δεηθεὶς,
2340 4941 2403 4994 τὸ
2433 4941 2611 5013 μάννα
2642 4942 2986 5012 κατήγαγεν·
3022 4944 3229 5011 Ἄρτον
3268 4944 3399 5016 γὰρ,
3436 4945 3620 5014 φησὶν,
3646 4945 3750 4997 οὺ-

2067 5031 2262 5100 ρανοῦ
2292 5032 2518 5087 ἔδωκεν
2538 5031 2766 5099 αὐτοῖς.
2789 5034 2899 5087 Kal
2925 5034 2977 5088 τί
2998 5034 3160 5106 λέγω,
3192 5037 3328 5109 πρὸς
3351 5037 3449 5108 τὴν
3473 5036 3581 5089 τῶν
3612 5053 3682 5090 κα
3691 5052 3750 5105 ρ-

2075 5118 2195 5174 πῶν
2222 5120 2407 5191 ἀκμὴν
2438 5122 2521 5174 ὅτι
2550 5119 2756 5191 ἐτέρων
2783 5120 2954 5175 δεῖται
2980 5122 3258 5193 στοιχείων
3287 5124 3422 5195 πρὸς
3450 5125 3549 5195 τὴν
3571 5124 3752 5178 αὐτῶν

2076 5208 2358 5272 σύστασιν,
2385 5209 2522 5262 ὃπου
2548 5224 2611 5276 γε
2642 5208 2737 5262 καὶ
2767 5208 2932 5273 αὐτὸς
2954 5210 3164 5264 πολλῶν
3188 5211 3377 5283 χρῄζει
3398 5212 3531 5283 πρὸς
3559 5212 3751 5264 σύστα-

2074 5312 2181 5357 σιν,
2216 5297 2310 5350 καὶ
2338 5296 2440 5351 ούκ
2474 5296 2540 5351 ἂν
2578 5298 2741 5361 αὐτὸς
2768 5297 3056 5367 ἀρκέσειεν
3088 5299 3336 5370 ἐαυτῷ8;
3364 5298 3469 5352 Kal
3514 5299 3622 5369 γάρ
3663 5300 3751 5353 ἴνα

2075 5383 2288 5457 βαδίζῃ,
2320 5383 2415 5437 τοῦ
2440 5384 2677 5456 οὐρανοῦ
2706 5384 2878 5439 δεῖται
2911 5385 3162 5457 καθάπερ
3193 5386 3421 5456 ἐδάφους
3446 5386 3590 5450 τινὸς
3618 5388 3750 5440 131:0-

2072 5471 2346 5542 κειμένου,
2372 5472 2467 5525 καὶ
2499 5472 2586 5525 ἵνα
2616 5472 2894 5543 φαίνηται,
2926 5473 3024 5545 τῆς
3052 5472 3146 5526 τοῦ
3184 5472 3347 5543 ἀέρος
3381 5472 3750 5543 καθαρότητος

2070 5561 2166 5614 καὶ
2192 5558 2544 5632 λεπτότητος,
2571 5559 2712 5614 ὥστε
2734 5559 2802 5614 ἀν
2829 5559 3088 5632 πυκνωθῇ
3121 5560 3266 5631 πέρα
3295 5559 3388 5614 τοῦ
3427 5561 3628 5632 μέτρου
3658 5565 3748 5615 καὶ

2068 5642 2251 5712 οὗτος,
2290 5648 2390 5701 οὐκ
2427 5647 2600 5718 ἰσχύει
2642 5647 2812 5713 δεῖξαι
2862 5647 2924 5701 τὸ
2969 5646 3121 5721 [112]
3153 5648 3347 5703 ἑαυτοῦ
3384 5650 3497 5719 φῶς
3526 5651 3751 5720 ἐκεῖνος,

2131 5752 2155 5814 f’
2181 5750 2384 5814 Aliquot
2403 5766 2518 5802 mss.
2546 5754 2601 5802 ἐκ
2622 5751 2829 5802 παστοῦ.

2131 5809 2150 5877 Ῐ
2184 5809 2291 5877 Alii
2314 5816 2410 5877 τῶν
2429 5817 2597 5877 νεφῶν.

2125 5875 2153 5940 ξ
2174 5876 2257 5940 Sic
2280 5876 2430 5940 Sayil.
2451 5875 2523 5940 ret,
2540 5878 2805 5940 interpres.
2842 5875 3035 5940 Μοηιίί,
3057 5876 3228 5926 multis
3253 5879 3597 5940 pyetermlssis
3618 5895 3629 5926 :
3653 5876 3750 5927 Καὶ

2062 5938 2118 6008 τί.
2136 5938 2317 6009 λέγω...
2342 5938 2418 6009 δτι
2442 5939 2479 5985 ἐ.
2583 5937 2837 6009 στριγιείων
2858 5939 3004 6004 ;πρὸς
3024 5940 3107 5997 τήν
3131 5937 3304 5991 ἑαυτοῦ
3331 5942 3561 5992 σύστασιν
3585 5940 3673 5992 οὐκ
3691 5946 3748 5987 τι

2068 5990 2212 6054 αὐτὸς
2244 5998 2489 6061 ἀρκέσειεν
2513 5990 2848 6067 ἐαυτῷ.Ἐοιπ.
