4112 6388
394 330 497 387 ΗΊ

392 451 487 505 καὶ
525 451 613 506 ἵνα
649 451 725 522 μὴ
755 444 921 505 πᾶσιν
951 450 1224 522 ἀφόρητος
1252 447 1310 524 ᾗ.
1345 451 1481 522 μηδὲ
1505 451 1829 524 κατακαύση
1870 450 2073 511 πάντα,

387 540 730 612 ψυχρότητος
758 541 931 595 δεῖται
960 539 1122 594 πάλιν
1157 541 1252 593 καὶ
1295 541 1686 611 δρόσου.“’οταν
1718 537 1812 594 οὖν
1840 539 1937 618 καῖ
1973 555 2069 591 πε-

391 628 666 700 ριγίνηται
692 628 858 682 αὑτοῦ
884 631 1122 698 στοιχεῖα
1141 627 1323 700 ἔτερα,
1353 629 1447 682 καὶ
1467 629 1566 700 τὴν
1586 629 1874 683 ἀσθένειαν
1900 625 2066 682 αὑτοῦ

388 715 673 788 διορθῶται
708 717 1088 788 (περιγίνεται
1126 717 1225 787 μὲν
1255 716 1330 780 ὡς
1361 717 1580 787 νεφέλαι
1624 717 1720 771 καὶ
1755 719 1944 787 τοῖχοι,
1978 715 2070 768 καὶ

387 802 526 857 ἀλλα
555 804 676 858 τινά
709 802 934 876 σώματα
959 803 1382 874 ἀποκρύπτοντα
1422 804 1588 859 αὑτοῦ
1623 806 1684 859 τδ
1729 805 1846 874 φῶς
1867 821 1878 832 ο
1930 802 2064 873 διορι

387 889 576 945 θοῦται
600 891 657 945 δὲ
684 890 849 946 αὑτοῦ
878 890 976 962 τὴν
1006 891 1274 962 ἀμετρίαν
1303 893 1378 956 ὠς
1406 894 1609 956 δρόσοι,
1635 891 1730 946 καὶ
1760 891 1956 963 πηγαὶ,
1977 891 2070 943 καὶ

385 979 666 1052 ψυχρότης
691 980 897 1051 ἀέρος),
925 979 1043 1041 πῶς
1067 977 1134 1032 ἂν
1163 972 1320 1042 οὗτος
1357 981 1441 1049 εἴη
1462 975 1630 1046 Θεός;
1668 979 1770 1034 Τὺν
1798 978 1907 1050 7&9
1937 978 2070 1032 Θεὸν

387 1067 612 1138 ἀνενδεῆ
639 1065 776 1121 εἶναι
807 1068 935 1140 χρὴ,
959 1068 1053 1120 καὶ
1079 1067 1308 1138 μηδενὸς
1333 1067 1562 1132 δεῖσθαι,
1584 1068 1680 1122 καὶ
1707 1070 1873 1122 πᾶσιν
1895 1069 2070 1122 ἀπάν-

385 1171 494 1206 των
520 1154 692 1208 αίτιον
719 1151 857 1209 εἶναι
886 1155 996 1209 τῶν
1027 1156 1228 1219 καλῶν,
1262 1156 1357 1210 καὶ
1398 1157 1547 1227 παρά
1589 1155 1815 1228 μηδενὸς
1861 1155 2070 1210 κωλύε-

371 1243 512 1319 ισθαι
535 1259 550 1274 ο
584 1243 834 1315 καθάπερ
882 1240 974 1298 οὖν
1020 1245 1115 1299 καὶ
1155 1248 1284 1316 περὶ
1325 1243 1419 1297 τοῦ
1445 1243 1580 1297 Θεοῦ
1609 1261 1773 1315 φησιν
1802 1246 1830 1298 6
1860 1244 2072 1308 Παῦλος

385 1331 480 1384 καὶ
505 1333 534 1384 6
565 1334 854 1404 προφήτης
895 1334 1144 1396 Ἡσαΐας,
1171 1333 1200 1384 ό
1247 1332 1346 1402 μὲν
1397 1331 1540 1384 οῦτω
1585 1331 1758 1400 λέγων
1796 1335 1860 1386 ἐκ
1903 1350 2069 1404 προσ-

384 1417 538 1472 ώπου
574 1420 760 1472 αὑτοῦ·
808 1421 918 1474 Τὸν
946 1421 1209 1487 οὐρανὸν
1239 1420 1338 1474 καὶ
1371 1420 1483 1488 τὴν
1524 1419 1642 1489 γῆν
1838 1420 2068 1488 πληρῶ,

386 1506 551 1577 λέγει
583 1509 800 1576 Κύριος
819 1525 831 1537 ·
871 1507 965 1562 καί
1000 1509 1179 1562 πάλιν·
1220 1508 1367 1575 Θεὸς
1395 1507 1638 1578 ἐγγίζων
1661 1507 1775 1576 ἐγώ
1800 1511 1935 1578 εἰμι,
1973 1508 2072 1562 καὶ

384 1596 459 1649 οὐ
509 1595 654 1662 Θεὸς
687 1597 1022 1666 πόρρωθεν·
1062 1596 1155 1650 καὶ
1195 1596 1358 1651 πάλιν
1382 1598 1411 1650 ὁ
1444 1596 1625 1650 Δαυῖδο
1663 1593 1822 1651 Εἷπα
1851 1595 1931 1662 τῷ
1956 1600 2073 1650 Κυ-

380 1682 510 1751 ρίῳ·
533 1684 749 1752 Κύριός
762 1701 882 1752 μου
905 1679 966 1737 εἴ
980 1677 1082 1748 σὺ,
1108 1684 1195 1738 ὅτι
1224 1684 1340 1739 τῶν
1361 1683 1600 1756 ἀγαθῶν
1623 1703 1741 1755 μου
1763 1687 1835 1739 οὐ
1859 1685 2074 1753 χρείαν

384 1771 565 1840 ἔχεις.
585 1773 642 1827 ὐ
670 1773 726 1826 δὲ
754 1772 966 1838 Παῦλος
995 1774 1056 1827 τὸ
1089 1775 1335 1838 ἀνενδεὲς
1383 1773 1548 1828 αὑτοῦ
1594 1773 1788 1844 δηλῶν,
1825 1775 1921 1827 καὶ
1964 1773 2073 1827 δει-

385 1862 519 1922 κνὺς
536 1861 618 1914 ὅτι
649 1861 936 1934 ἀμφότερα
959 1862 1134 1917 ταῦτα
1163 1863 1400 1934 μάλιστά
1425 1864 1541 1916 ἐστι
1570 1862 1728 1928 Θεοῦ,
1752 1862 1812 1915 τὸ
1842 1862 2072 1934 μηδενὸς

383 1947 612 2012 δεῖσθαι,
644 1950 740 2002 καὶ
785 1952 950 2004 πᾶσιν
999 1951 1162 2004 αὑτὸν
1198 1953 1415 2006 ἅπαντα
1456 1953 1736 2024 χορηγεῖν,
1762 1950 1905 2004 οὕτω
1951 1949 2071 2016 πώς

386 2053 552 2106 φησιν
572 2053 585 2066 °
629 2038 683 2088 '0
717 2039 862 2104 Θεὸς
891 2041 925 2092 ό
957 2039 1218 2105 ποιήσας
1246 2040 1354 2093 τὸν
1387 2040 1650 2107 οὐρανὸν
1681 2039 1778 2094 καὶ
1807 2039 1922 2107 τὴν
1951 2038 2073 2109 γῆν

386 2123 482 2177 καὶ
517 2123 632 2192 τὴν
662 2124 1008 2190 θάλασσαν,
1053 2129 1124 2180 οὐ
1169 2127 1615 2196 προσδεόμενός
1654 2145 1812 2194 τινος
1863 2127 2070 2194 αὐτὸς,

383 2211 592 2279 διδοὺς
619 2212 771 2267 πᾶσι
804 2213 958 2282 ζωὴν
988 2215 1085 2268 καὶ
1115 2215 1334 2282 πνοὴν,
1367 2217 1462 2269 καὶ
1495 2216 1566 2269 τὰ
1589 2214 1804 2271 πάντα.

455 2307 518 2355 ε’.
555 2301 712 2373 Ἐνῆν
736 2301 836 2373 μὲν
853 2300 1058 2374 οῦνικαὶ
1085 2303 1153 2356 τά
1191 2303 1357 2356 λοιπά
1403 2304 1644 2374 στοιχεῖα
1686 2302 2070 2368 ὲπελθεῖν,τδν

384 2388 642 2460 οὒρανὸν,
685 2389 777 2444 τὸν
810 2389 972 2462 ἀέρα,
1017 2390 1117 2461 τὴν
1142 2391 1268 2461 γῆν,
1301 2390 1401 2461 τὴν
1427 2391 1718 2455 θάλατταν,
1763 2391 1859 2444 καὶ
1898 2392 2070 2457 δεῖξαι

383 2475 566 2531 αὑτῶν
602 2477 702 2549 τὴν
730 2477 1037 2543 ἀσθένειαν,
1070 2479 1167 2533 καὶ
1193 2479 1310 2542 πῶς
1329 2478 1560 2534 ἕκαστον
1583 2479 1680 2532 τοῦ
1716 2478 1942 2551 πλησίον
1963 2479 2072 2533 δεῖ-

384 2582 498 2630 ται,
520 2567 629 2619 καὶ
653 2566 848 2620 τούτου
875 2568 1047 2639 χωρίς
1073 2566 1372 2621 ἀπόλλυται
1406 2568 1503 2620 καὶ
1534 2567 1922 2638 διαφθείρεται.
1957 2567 2071 2621 Καὶ

385 2655 492 2725 γὰρ
534 2654 626 2708 καὶ
656 2657 691 2726 ἡ
728 2654 822 2726 γῆ,
855 2655 951 2709 ὲάν
986 2655 1328 2710 ἀπολίπωσιν
1359 2657 1528 2727 αὐτὴν
1561 2657 1617 2709 αί
1669 2657 1845 2728 πηγαὶ
1890 2656 1988 2710 καὶ
2032 2659 2067 2728 ή

385 2741 539 2813 παρά
567 2744 668 2813 τῆς
692 2742 962 2814 Θαλάττης
993 2745 1088 2797 καὶ
1113 2743 1224 2797 τῶν
1257 2743 1520 2814 ποταμῶν
1547 2744 1943 2816 ὲνσπειρομένη
1985 2761 2073 2800 νο-

385 2831 489 2896 τὶς,
519 2835 931 2903 καταφρογεῖσα
953 2833 1162 2904 ταχέως
1195 2832 1520 2886 ἀπόλλυταιο
1562 2834 1658 2888 καὶ
1705 2834 1774 2888 τά
1817 2833 1982 2888 λοιπά
2013 2835 2072 2888 δὲ

388 2921 629 2992 στοιχεῖα
674 2919 852 2974 ἀλλων
902 2921 1141 2989 δεῖταιι,
1174 2924 1269 2976 καὶ
1313 2923 1424 2996 ἀὴρ
1459 2922 1638 2995 ἡλίου,
1685 2922 1878 2995 ὥσπερ
1918 2923 2072 2994 ἣλιος

387 3009 550 3080 ἀέρος
571 3027 584 3040 ·
615 3009 732 3064 ἀλλ’
783 3011 872 3064 ἳνα
913 3011 990 3083 μὴ
1037 3013 1376 3084 μακρότερον
1407 3014 1651 3086 ποιῶμεν
1675 3013 1767 3069 τὸν
1797 3014 1974 3084 λόγον,
2006 3016 2074 3068 ὲκ

353 3099 358 3102 ’
385 3097 496 3151 τῶν
523 3099 642 3170 είρη
653 3099 829 3169 μένων
867 3101 1056 3165 ίκανάς
1084 3104 1198 3166 τοῖς
1231 3102 1579 3175 βουλομένοις
1608 3104 1866 3176 ἀφορμὰς
1890 3104 2073 3168 δόντες

389 3187 870 3259 ἀρκεσθησόμεθα.
894 3191 958 3243 EE
981 3190 1090 3261 7&9
1118 3192 1147 3244 6
1179 3191 1360 3263 πάσης
1385 3192 1489 3262 τῆς
1511 3193 1742 3257 κτίσεως
1763 3193 2074 3266 θαυμαστό-

387 3293 546 3346 τερος
570 3276 724 3346 ἥλιος
751 3277 926 3342 οὑτως
951 3278 1186 3351 ἀσθενὴς
1225 3278 1301 3334 ὢν
1329 3281 1426 3334 καὶ
1455 3281 1641 3352 ἀνδεὴς
1670 3279 1848 3352 ὤφθη,
1892 3281 2073 3353 πολλῷ

391 3364 590 3432 μᾶλλον
621 3365 692 3419 τά
719 3365 884 3421 λοιπά
914 3367 1009 3420 τοῦ
1043 3369 1250 3439 κόσμου
1284 3369 1424 3442 μέρη
1443 3385 1457 3398 ·
1489 3370 1628 3441 ὅπερ
1659 3365 1753 3424 οῦν
1779 3366 1934 3425 εἷπον
1957 3373 2073 3435 τοῖς

389 3452 699 3520 φιλοπόνοις
732 3456 914 3510 ἐκεῖνα
964 3456 1088 3520 δοὺς
1133 3457 1496 3525 ἀναλέγεσθαι
1514 3458 1564 3522 b,
1605 3457 1768 3523 αὐτὸς
1806 3458 1916 3512 ἀπὸ
1962 3457 2072 3513 τῶν

390 3540 622 3612 Γραφῶν
649 3543 778 3613 ὑμῖν
815 3544 1130 3615 διαλέξομαι
1163 3545 1347 3610 πάλιν,
1379 3546 1594 3610 δεικνὺς
1616 3549 1696 3600 ὅτι
1728 3548 1826 3618 οὐχ
1855 3549 1884 3601 ό
1920 3548 2071 3621 ἥλιος

393 3628 573 3698 μόνος,
607 3630 746 3683 ἀλλὰ
792 3633 889 3685 καὶ
937 3631 1084 3696 ἀπας
1125 3632 1364 3704 φθαρτός
1395 3635 1543 3689 ἐστιν
1584 3626 1740 3699 οὗτος
1775 3637 1804 3690 ὁ
1845 3636 2068 3708 κόσμος.

391 3715 564 3770 Ὅταν
592 3717 702 3790 γὰρ
725 3719 971 3788 ἀλλήλων
999 3720 1309 3774 ἀναλωτικὰ
1335 3723 1405 3776 τὰ
1431 3725 1670 3793 στοιχεῖα
1701 3719 1757 3795 ᾖ,
1785 3724 1880 3778 καὶ
1906 3725 2070 3780 κολά-

387 3803 462 3876 ζῃ
513 3805 611 3876 μὲν
653 3804 745 3858 τοῦ
798 3806 952 3877 ἡλίου
997 3809 1097 3879 τὴν
1146 3808 1372 3880 δύναμιν
1402 3810 1678 3882 ψυχρότης
1717 3814 2070 3886 ὲπιγινομένη

391 3891 577 3954 πλέον,
606 3892 874 3967 ἀναλίσκῃ
902 3894 958 3948 δὲ
991 3895 1197 3968 ταύτην
1236 3897 1300 3950 τὸ
1333 3897 1533 3969 θερμὸν
1567 3899 1728 3952 πάλιν
1771 3902 2072 3974 ἐπικρατῆ-

394 3996 515 4046 σαν,
554 3981 651 4041 καὶ
697 3981 798 4046 τὰς
834 3983 1080 4049 ἐναντίας
1125 3985 1417 4057 ποιότητας
1454 4003 1515 4039 τε
1563 3989 1658 4042 καὶ
1702 3988 1972 4055 διαθέσεις
2012 3993 2071 4046 ὲν

394 4067 646 4139 ἀλλήλοις
672 4072 798 4141 ποιῇ
830 4071 924 4124 καὶ
950 4071 1132 4144 πάσχῃ
1164 4071 1236 4126 τὰ
1269 4076 1528 4144 στοιχεῖα,
1551 4074 1770 4145 εὔδηλον
1791 4079 1872 4131 ὅτι
1902 4080 2070 4149 μεγά-

392 4153 491 4227 λης
521 4157 728 4229 φθορᾶς
754 4157 930 4213 ταῦτα
957 4160 1254 4226 ἀπόδειξις,
1291 4163 1385 4216 καὶ
1409 4162 1503 4215 τοῦ
1536 4164 1696 4234 σῶμα
1727 4160 1867 4219 εἶναι
1893 4168 2071 4222 πάντα

393 4244 463 4298 τά
507 4245 782 4319 ὁρώμενα.
801 4247 940 4310 Ἀλλ’
975 4249 1306 4321 ὲπειδὴ,τῆς
1343 4250 1603 4320 ἀφελείας
1647 4252 1746 4324 τῆς
1793 4255 2072 4327 ἡμετέρας

392 4331 726 4407 ὑψηλότερος
763 4338 790 4390 6
821 4337 979 4406 λόγος
1011 4330 1188 4404 οὗτος,
1217 4340 1349 4412 φέρε
1379 4341 1474 4393 ἐπὶ
1501 4339 1600 4412 τὴν
1631 4339 1888 4409 γλυκεῖαν
1927 4343 2072 4414 ὑμᾶς

340 4499 344 4504 ⁵
392 4421 503 4474 τῶν
531 4422 761 4494 Γραφῶν
784 4425 1082 4495 ἀγαγόντες
1107 4427 1308 4499 πηγὴν,
1328 4428 1428 4498 τὴν
1457 4427 1625 4500 ἀκοὴν
1649 4429 1802 4499 ὑμῶν
1827 4430 2074 4485 ἀναπαύ-

397 4526 600 4580 σωμεν.
630 4513 704 4565 Οὑ
747 4512 854 4586 γὰρ
887 4514 951 4586 δὴ
987 4514 1116 4590 περὶ
1144 4514 1373 4586 ούρανοῦ
1426 4517 1521 4570 καὶ
1564 4515 1668 4587 γῆς
1719 4517 1863 4571 κατὰ
1908 4519 2074 4592 μέρος

395 4597 527 4668 ὑμῖν
549 4599 802 4672 ἐροῦμεν,
836 4601 973 4655 ἀλλὰ
999 4603 1128 4674 περὶ
1157 4603 1336 4674 πάσης
1370 4603 1503 4674 ὁμοῦ
1537 4607 1637 4676 τῆς
1663 4605 1892 4670 κτίσεως
1916 4607 2074 4662 τοῦτο

394 4685 531 4738 αὑτὸ
576 4687 670 4741 τὸν
711 4689 1034 4744 Ἀπόστολον
1057 4693 1188 4762 ἡμῖν
1213 4692 1652 4762 ἀποφαινόμενον
1681 4693 1946 4766 δείξομεν,
1979 4697 2074 4751 καὶ

397 4772 622 4844 λέγοντα
652 4777 840 4849 σαφῶς
868 4778 1062 4844 οὑτως,
1091 4780 1173 4834 ὅτι
1200 4782 1350 4834 πᾶσα
1379 4783 1411 4852 ἡ
1435 4781 1612 4842 κτίσις
1638 4780 1813 4854 φθορᾷ
1835 4783 2074 4838 δουλεύει

395 4860 512 4928 νῦν,
547 4865 642 4917 καὶ
668 4865 756 4918 διὰ
782 4867 835 4919 τί
867 4867 1129 4934 δουλεύει,
1163 4870 1258 4922 καὶ
1300 4868 1430 4922 πότε
1474 4870 1646 4940 αὑτῆς
1687 4871 2073 4947 ἀπαλλαγήσε-

394 4967 505 5017 ται,
539 4951 636 5006 καὶ
681 4955 760 5018 είς
802 4955 960 5009 ποίαν
1007 4956 1372 5028 μεταϐήσεται
1417 4955 1590 5028 λῆξιν.
1628 4957 1809 5013 Εἰπὼν
1832 4960 1961 5033 γὰρ,
1990 4963 2074 5016 ὅτι

398 5041 522 5096 Οὐκ
541 5039 692 5116 [H5]
713 5043 791 5109 ᾰξ
794 5061 853 5098 ια
873 5043 947 5098 τὰ
959 5045 1278 5114 παθήματα
1291 5043 1398 5098 τοῦ
1412 5043 1531 5099 νῦν
1560 5049 1768 5118 καιροῦ
1795 5043 1945 5120 πρὸς
1960 5049 2076 5120 τὴν

393 5127 750 5199 μέλλουσαν
775 5130 968 5197 δόξαν
989 5132 1522 5188 ἀποκαλύπτεσθαι
1554 5137 1642 5201 εἰς
1664 5135 1842 5206 ἡμᾶς,
1866 5139 2076 5211 ἐπήγα-

395 5235 491 5286 γεν
510 5234 524 5248 ⁸
567 5217 630 5275 Ἠ
649 5219 760 5290 γὰρ
791 5220 1241 5290 ἀποκαραδοκία
1279 5220 1392 5290 τῆς
1416 5222 1666 5290 κτίσεως
1695 5223 1814 5293 τὴν
1843 5227 2069 5282 ἀποκά-

394 5309 592 5378 λυψιν
629 5307 752 5362 τῶν
791 5310 940 5364 υἱῶν
962 5308 1070 5363 τοῦ
1099 5310 1248 5365 Θεοῦ
1274 5309 1690 5378 ἀπεκδέχεται.
1720 5311 1801 5382 Τῇ
1827 5315 1938 5385 γὰρ
1959 5333 2076 5386 μα-

396 5397 656 5464 ταιότητι
679 5397 719 5465 ἠ
739 5397 940 5462 κτίσις
959 5397 1225 5466 ὑπετάγη
1254 5400 1366 5468 οὐχ
1393 5399 1640 5467 ἑκοῦσα,
1658 5400 1819 5457 ἀλλὰ
1847 5403 1945 5460 διὰ
1968 5406 2075 5462 τὸν

397 5483 782 5549 ὑποτάξαντα
801 5484 896 5538 ἐπ’
911 5485 1133 5540 ἐλπίδι.
1147 5487 1211 5538 Ὃ
1230 5485 1286 5538 δὲ
1312 5487 1458 5554 λέγει
1479 5488 1720 5544 τοιοῦτόν
1741 5491 1886 5546 ἐστι’
1905 5492 2077 5567 Φθαρ·

398 5571 488 5641 τὴ,
517 5573 700 5643 φησὶν.
726 5575 759 5642 ἡ
779 5573 958 5636 κτίσις
985 5574 1204 5642 ἐγένετο
1221 5584 1267 5613 ο·
1288 5573 1445 5628 τοῦτο
1469 5577 1579 5647 γάρ
1611 5579 1726 5632 έστι
1752 5579 1835 5644 τὸ,
1859 5579 1939 5650 Τῇ
1957 5599 2074 5652 μα·-

399 5660 660 5727 ταιότητι
682 5662 950 5732 ὑπετάγη
972 5679 984 5693 ·
1014 5661 1228 5733 φθαρτὴ
1255 5663 1312 5716 δὲ
1335 5665 1551 5732 ἐγένετο
1585 5665 1680 5720 τοῦ
1714 5667 1849 5721 Θεοῦ
1888 5669 2080 5725 κελεύο

458 5783 486 5813 ³
509 5782 680 5858 Mprel.
699 5783 859 5832 ἄλλων
882 5784 1044 5833 δεῖται.
1069 5784 1217 5834 Savil.
1234 5787 1451 5845 ἀλλήλων
1471 5789 1633 5838 δεῖται.
1659 5788 1785 5840 Infra
1804 5791 2076 5843 Savil.0av-

338 5869 340 5872 ν
400 5861 713 5908 μασιωτερος.

437 5905 490 5956 ,δ
515 5905 717 5968 ΑΙὶίῖιιοὶ
741 5922 853 5956 mss.
886 5907 992 5960 δοὺς
1016 5908 1330 5965 ἐπιλέξασθαι.

459 5971 480 5999 ⁸
516 5968 617 6020 Alii
639 5972 668 6024 ἡ
694 5969 844 6024 κτίσις
869 5972 1070 6027 γέγονεν.

1178 331 1237 389 S.
1273 329 1563 389 ΙΟΛΝΝΙΞ
1599 327 2098 389 CIIRYSOSTOIII
2137 331 2460 390 ARCHIED.
2500 333 3049 394 CONSTANTINOP.

3755 336 3858 396 “3

2186 465 2381 516 σαντος
2406 451 2600 517 οὕτως.
2621 453 2902 508 Ἐκὲλευσε
2932 453 2989 508 δὲ
3021 456 3050 509 ὁ
3077 454 3209 519 Θεὸς
3247 453 3390 512 οὑτω
3416 453 3506 510 διὰ
3534 455 3595 510 τὸ
3622 455 3778 524 γένος
3811 461 3876 514 τὸ

2187 536 2488 611 ἡμέτερον·
2518 540 2707 613 ἐπειδὴ
2756 541 2866 612 γάρ
2905 541 3144 611 φθαρτὸν
3171 542 3374 613 ήμελλε
3397 544 3628 614 τρέφειν.
3663 541 3872 615 ἀνθρω-

2201 641 2324 690 πον,
2355 629 2449 682 καὶ
2484 628 2655 700 αὐτὴν
2687 630 2945 701 τοιαύτην
2968 624 3106 685 εἶναι
3133 631 3298 702 ὲχρῆν
3319 647 3334 663 ο
3356 630 3417 683 οὑ
3441 631 3550 702 γάρ
3571 631 3635 702 δὴ
3658 630 3873 702 φθαρτά

2196 713 2427 784 σώματα
2473 716 2708 788 ἤμελλεν
2751 718 3016 788 ἀφθάρτῳ
3071 717 3442 774 ἐνδιαιτᾶσθαι
3498 717 3694 775 κτίσει.
3730 717 3874 772 Ἀλλ’

2191 800 2341 872 ὅμως
2373 804 2435 862 οὑ
2470 805 2621 875 μένει
2657 804 2906 874 τοιαύτη,
2953 806 3139 876 φησὶν,
3175 804 3311 871 ἀλλά
3348 804 3456 862 Καὶ
3484 805 3638 874 αὑτὴ
3677 806 3716 874 ἠ
3749 806 3875 860 κτι-

2191 905 2292 956 σις
2319 890 2868 961 ἐλευθερωθήσεται
2891 892 3012 946 ἀπὸ
3032 892 3144 961 τῆς
3168 891 3451 959 δουλείας
3479 893 3587 962 τῆς
3609 893 3836 962 φθορᾶς
3853 910 3871 925 ο

2190 973 2310 1032 εἶτα
2340 979 2516 1050 δηλῶν
2561 981 2692 1035 πότε
2721 981 2882 1035 τοῦτο
2927 980 3083 1034 έσται
3127 980 3221 1035 καὶ
3249 979 3339 1036 διὰ
3364 981 3537 1044 τινας.
3568 983 3874 1052 ἐπήγαγενο

2188 1069 2294 1132 Εἰς
2317 1067 2434 1136 τὴν
2461 1069 2817 1139 ἐλευθερίαν
2839 1067 2948 1136 τῆς
2970 1068 3158 1138 δόξης
3180 1067 3300 1138 τῶν
3319 1068 3545 1129 τέκνων
3563 1070 3670 1126 τοῦ
3697 1069 3874 1125 Θεοῦ.

2188 1155 2364 1211 Ὅταν,
2387 1155 2497 1227 γάρ
2525 1157 2868 1227 ἀναστῶμεν,
2910 1158 3064 1226 φησὶ,
3091 1157 3188 1211 καὶ
3212 1156 3465 1229 ἀφθαρτα
3486 1157 3740 1229 λάϐωμεν
3763 1157 3877 1211 σώ-

2189 1262 2357 1316 ματα,
2392 1246 2516 1298 τότε
2559 1245 2657 1299 καὶ
2700 1245 2795 1298 τοῦ
2846 1244 3076 1316 ούρανοῦ
3107 1245 3167 1298 τὸ
3196 1243 3356 1315 σῶμα
3388 1246 3480 1300 καὶ
3509 1245 3607 1315 τῆς
3633 1246 3737 1315 γῆς
3778 1248 3878 1300 καὶ

2184 1335 2284 1406 τῆς
2305 1335 2538 1397 κτίσεως
2563 1333 2782 1403 ἀπάσης
2804 1333 3081 1406 ἄφθαρτον
3105 1334 3258 1386 ἔσται
3280 1333 3376 1388 καὶ
3397 1333 3502 1402 ἀκή
3513 1335 3876 1405 ρατον.”οταν

2182 1419 2275 1476 οῦν
2321 1422 2437 1495 ἴδῃς
2483 1422 2636 1492 ἥλιον
2681 1423 2993 1492 ἀνίσχοντα,
3023 1421 3303 1492 θαύμασον
3351 1423 3443 1474 τὸν
3491 1422 3871 1492 Δημιουργόνο

2182 1511 2309 1564 ὅταν
2343 1513 2458 1584 ἴδῃς
2490 1512 2655 1565 αὑτὸν
2682 1510 3058 1583 κρυπτόμενον
3106 1510 3201 1563 καὶ
3254 1509 3671 1580 ἀφανιζόμενον,
3703 1511 3875 1563 κατά-

2185 1599 2326 1670 μαθε
2367 1599 2465 1670 τῆς
2502 1599 2718 1668 φύσεως
2743 1598 2843 1670 τὴν
2871 1598 3180 1662 ἀσθένειαν,
3214 1598 3310 1650 καὶ
3355 1598 3432 1668 μὴ
3482 1598 3874 1668 προσκυνήσῃς

2182 1688 2346 1741 αὑτὸν
2377 1688 2451 1751 ὡς
2481 1683 2636 1739 Θεόν.
2670 1687 2768 1740 Διά
2793 1685 2902 1758 γὰρ
2927 1687 3086 1739 τοῦτο
3129 1685 3189 1738 οὑ
3241 1685 3400 1756 μόνον
3441 1687 3510 1756 τῇ
3558 1684 3717 1758 φύσει
3760 1686 3872 1738 τῶν

2184 1776 2466 1847 στοιχείων
2513 1775 2714 1845 δεῖγμα
2757 1775 2860 1844 τῆς
2903 1773 3188 1836 ἀσθενείας
3240 1771 3420 1828 αὐτῶν
3467 1771 3794 1841 ἐγκατέθετο
3840 1775 3874 1826 ὁ

2183 1863 2339 1928 Θεὸς,
2369 1863 2505 1918 ἀλλά
2528 1864 2625 1918 καὶ
2651 1865 2762 1927 τοῖς
2791 1861 2956 1916 αὑτοῦ
2992 1860 3200 1925 δούλοις
3225 1860 3532 1933 ἀνθρώποις
3563 1856 3714 1914 οὖσιν
3749 1861 3874 1913 ἑπι-

2180 1953 2341 2018 τάξαι
2373 1953 2560 2016 αὑτοῖς
2584 1951 2898 2016 ἐκέλευσεν,
2933 1951 3022 2004 ῖνα
3049 1948 3154 2003 κάν
3187 1948 3295 2003 ἀπὺ
3318 1950 3417 2021 τῆς
3440 1949 3613 2019 ὅψεως
3639 1949 3711 2018 μὴ
3728 1965 3874 2016 γνω-

2186 2041 2344 2112 ρίσῃς
2377 2039 2559 2093 αὑτῶν
2602 2026 2728 2108 τὴν
2752 2038 3020 2101 δουλείαν,
3056 2037 3166 2092 ἀπὸ
3200 2037 3308 2092 τῶν
3341 2037 3737 2090 ὲπιταττόντων
3767 2036 3876 2105 μά⁴

2181 2127 2302 2199 θῃς,
2327 2128 2408 2180 ὅτι
2439 2125 2700 2180 σύνδουλά
2724 2126 2806 2180 σοί
2828 2127 2944 2179 ἐστι
2963 2124 3138 2180 ταῦτα
3158 2125 3396 2179 ἅπαντα.
3412 2125 3473 2177 Ὁ
3497 2123 3629 2190 γοῦν
3663 2121 3875 2192 Ἰησοῦς

2181 2217 2212 2268 6
2252 2215 2349 2269 τοῦ
2388 2215 2545 2286 Ναυῆ
2580 2230 2716 2285 φησι
2735 2231 2748 2244 ·
2783 2213 2989 2283 Στήτω
3018 2217 3052 2267 ό
3084 2213 3261 2281 ἥλιος
3287 2213 3439 2276 κατὰ
3467 2209 3736 2273 Γαϐαὼν,
3766 2209 3873 2263 καί

2180 2304 2219 2372 ἡ
2244 2301 2480 2371 σελήνη
2501 2303 2653 2356 κατὰ
2674 2302 2952 2372 φάραγγα
2979 2301 3241 2355 Αὶλώνά.
3270 2301 3380 2354 Καὶ
3406 2298 3569 2354 πάλιν
3595 2301 3623 2352 6
3655 2299 3873 2369 προφή-

2179 2408 2281 2463 της
2323 2391 2552 2454 Ἦσαῖας
2593 2383 2917 2446 ἀναποδίσαι
2957 2391 3124 2444 αὑτὸν
3155 2390 3247 2444 ἐπὶ
3278 2389 3376 2443 τοῦ
3415 2387 3679 2459 βασιλέως
3718 2385 3874 2450 Ἑζε-

2179 2479 2300 2534 κίου
2329 2479 2620 2550 πεποίηκε,
2651 2481 2746 2532 καὶ
2778 2479 2988 2550 Μωσῆς
3012 2478 3135 2550 ἀέρι
3169 2480 3263 2531 καὶ
3293 2478 3536 2550 θαλάττῃ
3557 2478 3654 2530 καὶ
3675 2477 3744 2545 γῇ
3767 2473 3871 2528 καὶ

2180 2566 2411 2638 πέτραις
2443 2567 2736 2633 ἐπέταξενο
2782 2566 3086 2628 Ἐλισσαῖος
3116 2565 3324 2620 ὑδάτων
3351 2565 3512 2635 φύσιν
3549 2561 3865 2635 μετέϐαλεν,

2178 2657 2228 2710 οἱ
2254 2659 2402 2730 τρεῖς
2427 2657 2616 2720 παῖδες
2646 2655 2818 2728 πυρὸς
2844 2654 3241 2726 περιεγένοντο.
3257 2654 3422 2726 Ὁρᾷς
3445 2653 3566 2717 πῶς
3593 2651 3868 2725 ἑκατέρω-

2180 2745 2271 2800 θεν
2299 2745 2457 2817 ἡμῶν
2481 2744 2812 2816 προενόησεν
2849 2743 2880 2796 ὁ
2924 2741 3079 2807 Θεὸς,
3107 2741 3198 2797 διὰ
3239 2741 3339 2814 μὲν
3375 2740 3470 2795 τοῦ
3501 2740 3729 2804 κάλλους
3753 2740 3866 2794 τῶν

2181 2833 2464 2904 στοιχείων
2508 2834 2589 2896 είς
2630 2831 2730 2903 τὴν
2761 2829 2929 2886 αὑτοῦ
2958 2829 3286 2900 θεογνωσίαν
3312 2831 3461 2901 ἡμᾶς
3489 2829 3657 2898 ἄγων,
3689 2829 3776 2881 διά
3801 2828 3866 2882 δὲ

2177 2922 2276 2992 τῆς
2303 2917 2589 2985 ἀσθενείας
2612 2919 2715 2974 οὑκ
2733 2919 2917 2990 ἀφιεὶς
2938 2921 3018 2984 είς
3041 2919 3141 2990 τὴν
3163 2917 3390 2973 hcc!va
3415 2919 3743 2973 καταπεσεῖν
3767 2915 3868 2969 λα-

2178 3026 2406 3082 τρειαν;

2253 3106 2331 3164 ς’.
2349 3097 2522 3168 ’Υπὲρ
2538 3096 2604 3169 δὴ
2633 3095 2840 3151 τούτων
2867 3095 3126 3152 ἀπάντων
3137 3155 3141 3159 ,
3152 3095 3360 3161 δοξάσω
3366 3111 3466 3166 μεν
3480 3093 3644 3148 αὑτὸν
3655 3093 3748 3147 τὸν
3758 3109 3862 3164 κη-

2179 3187 2380 3258 δεμόνα
2401 3185 2580 3258 ἡμῶν,
2607 3185 2682 3257 μὴ
2706 3183 2796 3239 διὰ
2826 3186 3090 3257 ῥημάτων
3120 3185 3303 3256 μόνον.
3335 3182 3471 3238 ἀλλά
3497 3181 3593 3236 καὶ
3613 3180 3704 3235 διὰ
3720 3198 3865 3250 πρα-

2179 3275 2428 3346 γμάτων,
2459 3275 2556 3328 καὶ
2583 3273 2861 3328 πολιτείαν
2882 3273 3117 3344 ἀρίστην
3144 3271 3560 3343 ὲπιδειξώμεθα,
3583 3271 3682 3340 τήν
3702 3269 3864 3324 τ’ἀλ-

2180 3363 2280 3434 λην
2325 3363 2422 3416 καὶ
2449 3363 2548 3434 τὴν
2577 3362 2707 3434 περὶ
2731 3362 2862 3427 τοὺς
2893 3361 3088 3434 ὅρκους
3113 3361 3442 3432 ἐγκράτειαν
3465 3358 3628 3428 λέγω.
3659 3357 3733 3410 Οὑ
3754 3356 3866 3426 γὰρ

2179 3451 2244 3522 δὴ
2273 3452 2380 3505 πᾶν
2409 3451 2714 3523 ἁμάρτημα
2735 3451 2835 3523 τὴν
2863 3450 3035 3522 αὑτὴν
3070 3449 3227 3521 φέρει
3249 3448 3489 3509 κόλασιν,
3515 3445 3653 3499 ἀλλά
3676 3444 3744 3498 τά
3768 3445 3862 3498 εὑ-

2184 3539 2508 3612 κατόρθωτα
2537 3537 2764 3610 μείζονα
2790 3541 2922 3609 ἡμῖν
2944 3539 3140 3606 ἐπάγει
3160 3536 3260 3608 τὴν
3283 3534 3553 3606 τιμωρίαν
3573 3552 3585 3564 ·
3611 3532 3746 3602 ὅπερ
3767 3528 3864 3585 οῦν

2180 3629 2276 3683 καὶ
2294 3629 2323 3681 6
2345 3625 2597 3699 Σολομὼν
2629 3627 2998 3697 αἰνιττόμενος
3027 3625 3230 3694 ἔλεγεν·
3253 3625 3335 3680 Οὐ
3359 3621 3730 3692 θαυμαστὸν,
3755 3619 3867 3673 ἐὰν

2179 3715 2309 3782 ἁλῷ
2341 3732 2432 3781 τις
2459 3713 2769 3769 κλέπτωνο
2798 3712 3045 3768 κλέπτει
3077 3713 3188 3784 γὰρ
3229 3714 3329 3766 ἵνα
3363 3711 3478 3779 τὴν
3503 3708 3716 3779 ψυχὴν
3756 3717 3867 3762 αὺ-

2177 3803 2288 3857 τοῦ
2331 3801 2617 3872 ἐμπλήσῃ
2669 3800 3012 3858 πεινῶσαν
3071 3806 3103 3856 ὀ
3156 3801 3225 3855 δὲ
3263 3801 3476 3870 μοιχὸς
3529 3797 3604 3850 δι’
3626 3797 3867 3851 ἔνδειαν

2180 3890 2418 3960 φρενῶν
2463 3877 2771 3945 ἀπώλειαν
2796 3889 2871 3958 τῇ
2904 3890 3122 3944 ἑαυτοῦ
3166 3888 3337 3967 ψυχῇ
3385 3885 3869 3956 περιποιεῖται.’0

2179 3979 2237 4033 δὲ
2279 3979 2425 4048 λέγει
2471 3978 2710 4032 τοιοῦτόν
2754 3977 2870 4031 ἐστι
2889 3995 2903 4010 ·
2933 3977 3112 4032 Δεινδν
3147 3978 3244 4048 μὲν
3276 3980 3371 4030 καὶ
3399 3979 3426 4031 ὁ
3455 3975 3716 4044 κλέπτης,
3746 3972 3864 4025 ἀλλ’

2178 4067 2278 4137 οὑχ
2319 4066 2460 4119 οὕτω
2494 4065 2666 4119 δεινὸν
2708 4065 2782 4130 ὡς
2823 4068 2851 4119 6
2900 4065 3121 4136 μοιχός·
3155 4067 3358 4127 ἐκεῖνος
3396 4064 3495 4134 μὲν
3537 4062 3647 4132 7&9
3681 4063 3732 4113 εί
3767 4061 3866 4112 κα“⁸

2178 4153 2394 4226 ψυχρὰν
2414 4154 2611 4219 αἰτίαν,
2641 4153 2756 4206 ἀλλ’
2778 4151 2930 4224 ὅμως
2957 4153 3070 4223 ἔχει
3101 4152 3472 4224 προϐαλέσθαι
3499 4153 3597 4222 τὴν
3621 4149 3732 4202 ἀπὸ
3763 4148 3865 4218 τῆς

2180 4242 2372 4306 πενίας
2405 4243 2672 4313 ἀνάγκηνο
2700 4235 2852 4304 οὗτος
2875 4240 2954 4306 δὲ,
2976 4241 3234 4312 οὐδεμιᾶς
3268 4241 3515 4310 ἀνάγκης
3542 4237 3706 4292 αὑτὸν
3741 4235 3863 4306 βια-

2181 4327 2434 4401 ζομένης,
2460 4330 2566 4383 ὑπὸ
2607 4329 2794 4394 ἀνοίας
2839 4329 3007 4400 μόνης
3033 4330 3113 4392 είς
3139 4328 3201 4381 τὸ
3229 4327 3501 4400 βάραθρον
3526 4323 3866 4379 καταπίπτει

2181 4417 2284 4488 τῆς
2315 4417 2615 4489 ἁμαρτίας.
2646 4417 2820 4470 Τοῦτο
2855 4417 2953 4470 καλ⁵
2985 4417 3080 4469 ἐπὶ
3113 4416 3223 4469 τῶν
3269 4415 3572 4488 όμνυόντων
3602 4413 3752 4464 ἔστιν
3784 4410 3864 4464 εἰ-

2181 4507 2304 4559 πεῖν
2324 4523 2340 4539 ·
2359 4506 2483 4560 οὑδὲ
2505 4506 2614 4578 γὰρ
2639 4499 2784 4560 οὗτοί
2809 4523 2932 4559 τινα
2960 4505 3232 4577 πρόφασιν
3255 4502 3438 4574 ἔχουσι
3468 4497 3861 4573 προϐαλέσθαι,
3903 4559 3908 4563 _

2175 4594 2320 4648 ἀλλὰ
2349 4595 2756 4666 καταφρόνησιν
2789 4591 2942 4666 [114]
2996 4583 3178 4664 μόνον.
3225 4592 3336 4652 Καὶ
3383 4584 3501 4643 οἶδα
3528 4589 3628 4660 μὲν
3656 4588 3740 4640 ὃτι
3767 4586 3839 4637 ἐπ

2182 4682 2356 4755 αχθὴς
2382 4679 2521 4736 εἶναι
2564 4681 2706 4736 δοκῶ
2731 4681 2918 4736 λοιπὸν
2949 4682 3046 4736 καὶ
3077 4679 3352 4754 φορτικὸς,
3375 4680 3442 4752 τῇ
3479 4673 3734 4746 συνεχείᾳ
3760 4671 3865 4741 τῆς

2183 4769 2559 4842 παραινέσεως
2585 4769 2758 4822 δοκῶν
2795 4769 3052 4842 ἐνοχλεῖν,
3080 4768 3197 4823 ἀλλ’
3225 4769 3375 4840 ὅμως
3403 4770 3504 4821 οὑκ
3528 4766 3858 4842 ἀφίσταμαι,

2182 4858 2269 4916 ἶνα
2310 4857 2416 4914 κᾶν
2461 4858 2560 4930 τὴν
2589 4857 2973 4930 ἀναισχυντίαν
3003 4847 3344 4922 αίδεσθέντες
3372 4856 3471 4928 τὴν
3515 4855 3679 4926 ἐμὴν,
3719 4853 3860 4905 ἀπο-

2183 4947 2346 5016 στῆτε
2370 4944 2470 5015 τῆς
2495 4947 2738 5018 πονηρᾶς
2764 4946 2874 5000 τῶν
2899 4946 3079 5020 ὅρκων
3105 4931 3412 5017 συνηθείας.
3441 4945 3502 5002 Εἰ
3526 4944 3636 5015 7&9
3661 4944 3689 4994 6
3711 4942 3864 4995 δικα-

2183 5034 2316 5105 στὴς
2341 5034 2601 5097 ἐκεῖνοςὸ
2629 5034 2847 5104 ἀπηνὴς
2875 5034 2970 5088 καλ⁸
3002 5034 3174 5107 ὠμὸς,
3208 5035 3380 5112 χήρας
3411 5031 3692 5104 ἐνόχλησιν
3716 5030 3864 5084 αἰδε-

2183 5123 2332 5188 σθεὶς
2355 5122 2447 5175 τὸν
2481 5122 2680 5192 τρόπον
2717 5121 3000 5192 μετέϐαλε,
3027 5121 3206 5193 πολλῷ
3250 5121 3451 5194 μᾶλλον
3499 5121 3658 5192 ὑμεῖς
3697 5118 3862 5172 τοῦτο

2180 5209 2512 5283 ἐργάσασθε,
2541 5211 2637 5274 καὶ
2675 5209 2909 5280 μάλιστα
2947 5211 3078 5274 ὃταν
3125 5213 3154 5275 ό
3203 5209 3536 5282 παρακαλῶν
3588 5209 3733 5278 ὑμᾶς
3777 5207 3856 5276 μὴ

2182 5300 2324 5372 ὑπὲρ
2355 5299 2572 5364 ἑαυτοῦ,
2603 5297 2717 5352 ἀλλ’
2741 5299 2883 5370 ὑπὲρ
2922 5297 3023 5367 τῆς
3055 5298 3328 5370 ὑμετέρας
3357 5296 3517 5358 τοῦτο
3542 5298 3714 5372 ποιῇθ
3745 5311 3855 5348 σωο

2179 5387 2378 5461 τηρίας
2398 5406 2412 5420 ⁶
2445 5387 2648 5459 μᾶλλον
2679 5385 2737 5440 δὲ
2767 5386 2863 5441 καὶ
2897 5385 3038 5457 ὑπὲρ
3087 5385 3328 5456 ἐμαυτοῦ
3357 5385 3459 5439 οὑκ
3488 5384 3555 5440 ἃν
3595 5385 3860 5456 ἀρνησαι-

2185 5495 2293 5550 μην
2315 5475 2474 5530 τοῦτο
2502 5476 2674 5528 ποιεῖν
2691 5491 2704 5505 ·
2731 5474 2801 5528 τά
2827 5472 2934 5542 γὰρ
2965 5473 3206 5544 ὑμέτερα
3237 5473 3418 5541 ἀγαθά
3437 5471 3680 5543 ,ἐμαυτοῦ
3701 5471 3859 5542 νομί-

2183 5567 2261 5633 ζω
2283 5561 2424 5619 εἶναι
2451 5561 2866 5634 κατορθώματα.
2887 5561 3216 5632 Ἐϐουλόμην
3237 5560 3294 5614 δὲ
3315 5561 3485 5632 ὑμᾶς,
3519 5557 3708 5630 ὥσπερ
3741 5559 3860 5627 ἐγὼ

2185 5653 2281 5709 νῦν
2325 5652 2472 5707 πονῶ
2501 5652 2596 5707 καὶ
2625 5650 2892 5720 κόπτομαι
2939 5650 3067 5720 περὶ
3109 5648 3208 5719 τῆς
3253 5647 3522 5718 ὑμετέρας
3557 5648 3856 5718 σωτηρίας,

2248 5792 2276 5832 σι
2299 5793 2680 5872 ΜοεθμρΑἰλὼν,
2719 5805 2848 5843 unus
2879 5791 3036 5841 codex
3073 5791 3257 5854 Αἰλώμ.
3297 5791 3452 5844 Savil.
3499 5789 3671 5854 Ὲλάμ,
3706 5796 3765 5841 et
3803 5792 3857 5841 in

2235 5870 2258 5904 a
2326 5893 2337 5902 .
2377 5858 2497 5903 Ἑλώ
2541 5893 2552 5902 .

2183 5869 2230 5906 m
2251 5869 2641 5991 erilqidamurpss.
2669 5918 2867 5966 ποιοῖτο.
2895 5917 3023 5991 ιιιίιςιι
3056 5917 3205 5966 Savil.
3235 5921 3286 5989 οἱ
3309 5916 3500 5990 quidam
3532 5928 3640 5991 015$.
3673 5914 3862 5962 κόπτοι

2187 5995 2268 6039 μαι
2292 5981 2405 6031 ὑπὲρ
2431 5984 2509 6033 τῆς
2533 5983 2690 6038 ἣκετε,
2720 5986 2766 6028 cl
2790 5993 2900 6028 mox
2931 5981 3077 6030 Iidem
3103 5981 3352 6043 ’ξροντίζὲιν
3376 5981 3489 6038 ὑπὲρ
3514 5981 3593 6034 τῆς
3621 5981 3760 6041 ὑμετ.
