4112 6388
366 514 464 567 117

364 638 507 683 test:
537 639 590 683 et
635 645 702 685 ne
739 632 987 688 omnibus
1017 634 1087 687 sit
1126 635 1492 703 intolerabilis,
1552 656 1723 709 neque
1760 650 1951 694 cuncta

363 721 671 787 comburatr
697 722 983 793 l‘rigiditate
1011 741 1198 781 rursus
1228 738 1349 798 eget
1370 744 1432 784 ac
1457 746 1597 785 rore.
1624 732 1753 786 Cum
1784 733 1955 801 ipsum

369 814 527 878 igitur
557 814 755 883 reliqua
777 815 989 870 vincant
1014 818 1295 882 elcmenta,
1327 830 1380 874 et
1404 820 1568 891 ipsius
1592 823 1954 892 impotentiam

365 907 653 960 elllcmlt'tll
678 925 691 960 :
722 909 939 964 vincunt
962 910 1199 980 quidem,
1232 914 1368 967 sicut
1397 916 1585 977 nubes,
1629 926 1682 970 et
1712 916 1872 983 muri,
1901 924 1955 971 et

364 999 463 1052 alia
482 999 725 1056 oua'daut
754 1016 977 1071 corpora
1009 1005 1172 1073 ipsius
1195 1006 1364 1061 lucem
1393 1008 1767 1064 abscondentia
1798 1028 1810 1063 :
1838 1025 1958 1065 cor-

364 1105 542 1159 rigunt
566 1105 743 1149 autem
786 1096 952 1165 ipsius
988 1097 1475 1168 intemperantiam,
1522 1104 1662 1158 sicut
1691 1120 1864 1171 rores,
1897 1115 1953 1161 et

364 1191 555 1253 fontes,
588 1201 642 1245 et
670 1194 811 1247 aeris
838 1192 1118 1265 frigiditas,
1139 1197 1408 1266 quomodo
1438 1196 1525 1252 bic
1552 1199 1690 1255 Deus
1715 1214 1834 1255 esse
1857 1216 1952 1270 po-

363 1285 505 1337 test?
537 1284 703 1338 Deum
744 1287 887 1341 enim
930 1303 1031 1341 non
1081 1289 1315 1358 indigere
1357 1292 1711 1345 necessarium
1754 1301 1855 1357 est,
1898 1302 1949 1347 et

369 1375 511 1427 nulla
565 1390 623 1430 re
667 1391 803 1446 opus
840 1378 1054 1443 habere,
1077 1388 1131 1433 et
1155 1382 1391 1435 omnium
1422 1382 1667 1437 omnibus
1692 1382 1948 1437 bonorum

362 1482 480 1520 esse
509 1478 802 1531 auctorem,
842 1479 895 1524 et
936 1486 964 1522 a
998 1471 1209 1525 nemine
1250 1472 1540 1540 prohiberi,
1584 1474 1720 1526 sicut
1749 1473 1953 1527 scilicet

361 1558 434 1613 de
451 1559 557 1613 Deo
573 1560 648 1613 ait
667 1561 861 1615 Paulus
888 1572 941 1617 et
968 1563 1222 1633 prepheta
1240 1562 1517 1623 Jcremias.
1544 1563 1629 1617 hic
1648 1564 1859 1635 quidem
1881 1581 1950 1620 ex

362 1652 527 1721 ipsius
553 1667 802 1722 persona,
848 1654 1069 1709 dicens:
1101 1654 1291 1710 Culum
1326 1665 1373 1710 et
1401 1666 1583 1710 terram
1625 1673 1715 1727 ego
1744 1657 1948 1726 impleo.

359 1743 432 1795 ait
460 1741 708 1797 Dominus
730 1742 856 1812 (Jer.
879 1744 1114 1815 25.24);
1147 1753 1202 1799 et
1239 1757 1449 1801 rursum
1476 1763 1490 1801 :
1518 1746 1649 1800 Deus
1670 1749 1951 1817 apprOpin-

359 1852 638 1903 quans‘ego
666 1853 801 1902 sum,
821 1846 867 1889 et
895 1853 991 1890 non
1024 1836 1158 1891 Deus
1179 1838 1376 1908 alonge
1403 1837 1585 1909 (Ib.v.
1612 1838 1705 1911 25)
1726 1857 1745 1893 :
1766 1849 1952 1893 etrur-

358 1941 450 1978 sus
476 1926 634 1979 David
658 1945 669 1979 t
702 1926 824 1980 Dixi
842 1926 1080 1993 Domino,
1113 1927 1249 1983 Deus
1270 1946 1407 1983 meus
1433 1946 1483 1983 es
1508 1940 1581 1993 tu,
1604 1932 1841 2000 quoniam
1863 1932 1951 1985 bo-

358 2030 538 2068 norum
568 2033 790 2069 meorum
833 2034 933 2071 non
965 2035 1077 2088 eges
1108 2017 1275 2090 (Psal.
1312 2021 1400 2075 15.
1432 2020 1510 2092 2).
1542 2022 1735 2077 Paulus
1771 2033 1948 2077 autem

358 2107 526 2176 ipsius
575 2107 783 2177 copiam
825 2111 1022 2165 nullius
1074 2112 1394 2181 indigentem
1447 2113 1847 2179 demonstrans,
1895 2126 1950 2172 et

356 2202 642 2255 ostendens
664 2201 777 2256 luce
800 2203 958 2257 ambo
982 2206 1217 2259 maxime
1243 2205 1333 2259 Dei
1356 2220 1494 2271 esse,
1517 2208 1663 2261 nullo
1689 2209 1944 2277 indigere,

355 2300 411 2345 et
438 2294 689 2346 omnibus
724 2295 903 2348 omnia
949 2297 1375 2363 subministrare,
1422 2301 1501 2353 sie
1540 2300 1709 2368 inquit
1750 2318 1763 2353 :
1813 2301 1949 2356 Deus

356 2383 443 2449 qui
484 2383 600 2453 fecit
627 2384 809 2439 cretum
836 2396 884 2439 et
922 2396 1108 2441 terram
1156 2399 1204 2443 et
1247 2406 1408 2455 mare,
1438 2390 1643 2445 nullius
1675 2392 1905 2463 indigens
1928 2433 1944 2459 ,

355 2478 465 2545 ipse
491 2476 644 2530 vitam
673 2479 903 2534 omnibus
955 2481 1213 2551 prebens,
1261 2492 1310 2538 et
1365 2484 1635 2551 spiritum,
1685 2495 1734 2540 et
1776 2487 1947 2540 omnia

356 2566 493 2640 (Aet.
540 2570 626 2624 t7.
665 2570 758 2626 24.
786 2570 903 2643 25).

430 2658 483 2713 5.
524 2658 743 2715 Lieebat
787 2662 1001 2733 quidem
1048 2672 1103 2719 et
1146 2663 1251 2720 alia
1302 2678 1616 2735 percurrere
1656 2667 1942 2735 elementa,

352 2750 567 2819 eiciunt,
597 2768 800 2817 aerem,
836 2765 1056 2824 terram,
1087 2774 1256 2823 mare,
1288 2768 1344 2813 et
1390 2760 1624 2829 ipsorum
1658 2762 1942 2815 imbecilli-

357 2853 515 2899 tatem
560 2846 953 2916 demonstrare,
996 2861 1051 2905 et
1088 2852 1358 2921 quomodo
1410 2854 1650 2922 proximo
1693 2854 1944 2924 quodque

357 2935 578 3007 indiget,
628 2948 683 2993 et
728 2940 845 2995 sine
885 2941 985 2995 hoc
1028 2944 1169 3011 perit
1215 2952 1270 2997 et
1310 2945 1687 3013 corrumpitur.
1731 2945 1941 2999 Etenim

356 3038 516 3096 terra,
536 3032 579 3085 si
596 3031 846 3088 deﬁciant
864 3046 982 3089 eam
1008 3034 1204 3102 fontes,
1228 3046 1283 3091 et
1303 3036 1588 3091 ltumiditas
1614 3046 1724 3091 tum
1751 3052 1779 3090 a
1808 3040 1939 3092 mari

356 3132 468 3177 tum
497 3140 525 3175 a
554 3124 728 3179 ﬂuviis
759 3125 953 3193 inlusa,
980 3137 1115 3183 tosta
1155 3128 1300 3185 brevi
1327 3129 1663 3199 disperdetur
1689 3146 1702 3183 :
1726 3138 1781 3185 et
1817 3131 1941 3185 reli-

355 3230 459 3283 qua
500 3229 629 3270 vero
673 3217 935 3274 elementa
980 3220 1150 3275 altero
1189 3222 1416 3276 alterum
1457 3222 1712 3292 indigent,
1765 3231 1942 3277 etraer

354 3309 487 3371 sole,
511 3309 649 3364 sicut
677 3311 756 3365 sol
785 3326 910 3368 aere
934 3331 946 3365 :
977 3312 1068 3367 sed
1095 3329 1163 3368 ne
1184 3314 1523 3383 prolixiorem
1546 3314 1797 3369 faciamus
1825 3329 1941 3371 ser-

355 3416 590 3464 monem,
631 3416 696 3455 ex
723 3402 879 3457 dictis
924 3404 1117 3458 multas
1156 3406 1461 3462 volentibus
1502 3406 1811 3461 occasiones
1839 3405 1940 3461 de-

353 3491 497 3545 disse
529 3492 658 3545 satis
687 3492 863 3547 fuerit.
896 3492 952 3549 Si
978 3495 1119 3549 enim
1147 3496 1289 3549 omni
1317 3506 1561 3551 creatura
1600 3497 1677 3551 sol
1709 3497 1937 3571 admira-~

352 3582 510 3636 bilior
586 3595 691 3638 tam
739 3586 1017 3641 imbecillis
1072 3598 1126 3642 et
1173 3588 1327 3658 inops
1384 3604 1502 3643 esse
1539 3589 1648 3659 jam
1696 3599 1937 3660 apparet,

354 3673 526 3727 multo
555 3675 725 3745 magis
750 3676 870 3730 alite
891 3677 1071 3731 mundi
1103 3688 1280 3744 partes
1306 3697 1319 3734 :
1344 3680 1485 3750 quod
1512 3695 1578 3735 eo
1615 3681 1744 3744 dixi,
1776 3690 1832 3736 ut
1858 3682 1939 3735 la-

354 3764 579 3819 boriosis
610 3766 697 3819 illa
718 3768 1009 3835 pneberem
1039 3769 1335 3839 colligenda
1375 3790 1388 3824 :
1421 3774 1533 3841 ipse
1557 3772 1626 3826 de
1650 3774 1940 3842 Scripturis

355 3856 544 3910 iterum
576 3858 731 3912 vobis
756 3858 1034 3925 disseram,
1067 3860 1462 3927 demonstrans,
1495 3878 1599 3916 n0n
1641 3864 1807 3918 solem
1833 3873 1942 3918 tan-

354 3954 485 4007 tum.
516 3946 609 4000 sed
640 3958 694 4001 et
722 3957 888 4002 totum
926 3951 1179 4005 mundum
1205 3954 1603 4022 corrupnbilcm
1628 3970 1768 4009 esse.
1806 3953 1937 4011 Cum

352 4038 491 4092 enim
528 4039 793 4095 elementa
836 4056 957 4097 sese
985 4054 1171 4098 mutuo
1194 4055 1532 4110 consumant,
1565 4055 1622 4101 et
1660 4048 1790 4100 solis
1814 4047 1938 4117 qui-

350 4128 472 4185 dem
493 4133 784 4201 potentiam
808 4136 1190 4202 superveniens
1212 4137 1382 4205 major
1408 4138 1663 4207 frigiditas
1691 4140 1936 4209 castiget,

352 4222 490 4277 hanc
516 4234 696 4278 autem
725 4225 958 4280 vicissim
1000 4228 1147 4281 ealar
1187 4228 1516 4284 invalescens
1549 4241 1847 4291 consumat,
1884 4240 1938 4285 et

349 4318 643 4368 contrarias
660 4317 941 4384 qualitates
959 4328 1013 4374 et
1032 4318 1408 4388 dispositiones
1427 4323 1652 4376 alterum
1686 4323 1737 4376 in
1768 4325 1937 4378 altero

350 4402 545 4458 faciant
584 4415 640 4460 et
665 4407 933 4474 patiantur
967 4409 1230 4465 elementa
1271 4420 1521 4467 :~certum
1551 4422 1635 4469 est
1672 4412 1786 4468 haec
1817 4430 1934 4469 ma-

349 4508 466 4563 gna:
514 4499 873 4566 corruptionis
918 4514 1294 4570 argumentum
1334 4504 1593 4573 praebere,
1637 4514 1692 4560 et
1742 4521 1936 4575 corpus

350 4600 470 4641 esse
492 4603 842 4659 quascumque
861 4591 1126 4647 videntur.
1156 4593 1259 4650 Sed
1287 4596 1535 4665 quoniam
1560 4598 1813 4652 tenuitate
1842 4613 1939 4653 no-

350 4692 459 4735 stra
487 4682 646 4737 altior
673 4682 761 4739 hic
788 4694 870 4741 est
895 4700 1093 4752 sermo,
1125 4703 1222 4757 age
1251 4688 1317 4742 ad
1344 4689 1552 4743 dulcem
1574 4705 1669 4743 vos
1698 4690 1936 4761 Scriptu-

350 4789 529 4829 rarum
575 4775 776 4832 fontem
819 4788 1063 4848 agentes,
1104 4796 1262 4835 aures
1318 4794 1523 4837 vestras
1580 4783 1927 4838 mulceamus.

348 4864 464 4920 Non
496 4868 639 4921 enim
664 4868 732 4923 de
750 4869 884 4924 cu‘lo
903 4878 958 4924 et
980 4880 1121 4925 terra
1147 4872 1452 4939 singillatim
1492 4874 1644 4928 vobis
1668 4874 1931 4939 dicemus,

348 4958 443 5011 sed
465 4957 537 5012 de
559 4960 703 5012 omni
730 4961 930 5030 pariter
952 4971 1194 5016 creatura
1218 4962 1316 5016 hoc
1342 4964 1513 5031 ipsum
1542 4966 1691 5019 vobis
1710 4964 1934 5022 demon-

346 5059 603 5105 strantem
619 5053 1321 5122 Apostolumosteudemus,
1337 5056 1517 5125 sicque
1543 5057 1821 5111 manifeste
1846 5057 1932 5109 di-

349 5153 587 5205 contem,
624 5143 764 5212 quod
794 5146 969 5198 omnis
1004 5155 1249 5199 creatura
1279 5148 1606 5217 corruptioni
1650 5164 1790 5202 nunc
1817 5164 1933 5205 ser-

343 5235 475 5297 viat,
517 5242 573 5288 et
614 5250 777 5305 quare
817 5236 1035 5299 serviat,
1078 5247 1130 5291 et
1165 5239 1379 5307 quando
1418 5240 1726 5305 mutabitur,
1781 5250 1837 5297 et
1880 5243 1932 5296 in

344 5324 560 5391 qualem
586 5326 832 5379 transibit
866 5328 1241 5380 cooditionem.
1279 5330 1561 5399 Postquam
1592 5332 1734 5385 enim
1758 5332 1927 5385 dixit:

346 5415 470 5468 Non
496 5420 612 5470 stlnt
638 5419 903 5489 condigna:
922 5421 1179 5487 passiones
1207 5424 1464 5490 prtesentis
1493 5425 1729 5493 temporis
1752 5426 1820 5477 ad
1846 5429 1931 5493 [u-

344 5525 514 5559 .urnm
545 5510 761 5578 gloriam
788 5528 901 5580 quae
935 5512 1236 5566 revelabitur
1272 5515 1323 5566 in
1355 5515 1516 5576 nobis.
1546 5516 1760 5572 intulit:
1796 5517 1931 5571 Nam

343 5602 654 5667 exspectatio
673 5614 918 5657 creatura:
935 5605 1286 5657 reuelationem
1308 5606 1529 5671 ﬁliorum
1553 5605 1643 5660 Dei
1654 5617 1933 5677 exspectat.

356 5689 577 5745 Vanitati
622 5695 753 5746 enim
793 5706 1023 5747 creatura
1065 5696 1288 5767 subjecta
1326 5707 1418 5759 est,
1465 5715 1565 5751 non
1603 5710 1799 5769 sponte,
1842 5701 1932 5753 sed

345 5796 553 5851 propter
576 5802 713 5848 eum,
740 5788 826 5857 qui
854 5789 1064 5856 subjecit
1090 5806 1200 5841 eum
1228 5790 1279 5841 in
1304 5806 1393 5856 spe
1420 5790 1594 5858 (llam.
1629 5793 1679 5845 8.
1714 5792 1803 5846 18.
1844 5794 1933 5849 19·

342 5872 457 5939 ΞΟ).
506 5875 657 5943 Quod
701 5886 877 5931 autem
905 5879 1053 5943 dicit,
1097 5878 1394 5948 hujusmodi
1429 5884 1933 5951 est:corruptibilis

339 5980 589 6025 creatura
633 5971 766 6025 facta
809 5980 934 6027 est:
968 5972 1069 6028 hoc
1115 5973 1256 6028 enim
1294 5980 1400 6040 est,
1439 5970 1664 6028 Vanitati
1706 5976 1959 6042 subjecta.

1427 521 1516 576 AD
1553 521 1868 578 POI‘ULUM
1910 522 2398 581 ANTIOCIIEXUM
2463 527 2690 583 IIUMIL.
2731 528 2796 585 Χ.

2067 651 2144 695 est
2171 656 2189 694 :
2214 644 2576 713 corruptibilis
2605 656 2782 699 autem
2829 646 2966 700 facta
2997 655 3099 712 est,
3134 648 3244 702 Deo
3290 649 3367 703 sic
3392 648 3643 718 jubeme;

2056 732 2219 803 jussit
2256 743 2435 789 autent
2482 736 2560 790 sic
2602 737 2739 791 Deus
2780 746 2999 806 propter
3026 754 3193 808 genus
3224 748 3461 793 nostrum
3489 758 3502 793 :
3529 741 3649 811 quia

2061 827 2201 879 enim
2227 826 2493 881 hominem
2524 830 2726 884 nutrire
2746 830 2975 886 debebat
3003 833 3425 902 corruptibilem,
3456 846 3509 888 et
3539 837 3648 904 ipsa

2064 917 2183 972 talis
2219 934 2340 974 esse
2382 920 2649 975 debebat:
2683 938 2786 976 non
2831 924 2975 977 enim
3020 926 3381 993 corruptibilia
3425 942 3648 998 corpora

2060 1008 2283 1065 decebat
2312 1012 2360 1065 in
2387 1012 2769 1082 incorruptibili
2794 1014 2987 1084 degere
3008 1026 3271 1070 creatura.
3299 1016 3425 1080 Sed,
3457 1019 3643 1087 inquit,

2061 1116 2165 1155 non
2195 1111 2369 1156 tamen
2401 1104 2524 1157 talis
2557 1116 2817 1168 remanet,
2848 1106 2938 1159 sed
2970 1104 3037 1159 Et
3065 1106 3178 1177 ipsa
3202 1119 3433 1161 creatura
3470 1108 3644 1161 libera-

2059 1190 2191 1245 bitur
2234 1209 2266 1245 α
2305 1194 2537 1248 servitute
2580 1198 2916 1266 corruptionis
2957 1196 3126 1267 (Rom.
3179 1199 3233 1252 8.
3284 1198 3376 1268 2i)
3410 1216 3424 1253 :
3453 1199 3646 1253 deinde

2057 1283 2433 1340 demonstrans
2463 1288 2674 1357 quando
2717 1288 2817 1343 hoc
2847 1292 2965 1351 erit.
3005 1298 3059 1344 et
3103 1306 3196 1359 per
3222 1306 3377 1361 quos,
3421 1292 3595 1346 intulit
3624 1310 3643 1348 :

2059 1373 2125 1428 In
2154 1375 2431 1430 libertatem
2462 1380 2638 1448 gloria:
2667 1379 2891 1444 ﬁliorum
2937 1374 3051 1435 Dei.
3092 1381 3224 1435 Cum
3270 1383 3410 1436 enim
3464 1400 3644 1438 resur-

2057 1469 2374 1531 rexerimus,
2420 1469 2610 1539 inquit,
2653 1478 2707 1525 et
2753 1472 3054 1541 incorrupta
3102 1473 3484 1542 sumpserimus
3519 1489 3645 1528 cor-

2058 1573 2207 1625 pora,
2246 1568 2370 1613 tunc
2403 1568 2457 1613 et
2491 1560 2610 1613 ctrli
2637 1576 2831 1630 corpus
2871 1571 2925 1615 et
2964 1572 3140 1625 teme,
3185 1572 3239 1616 et
3268 1564 3448 1617 mundi
3481 1565 3643 1618 totius

2057 1650 2422 1720 incorruptum
2453 1652 2573 1715 erit,
2604 1660 2658 1705 et
2688 1653 3150 1708 inunarcescibile.
3185 1653 3315 1708 Cum
3359 1657 3517 1723 igitur
3547 1670 3639 1708 so-

2054 1740 2157 1794 lem
2188 1740 2383 1795 videris
2404 1742 2754 1808 exorientem,
2782 1752 3078 1798 creatorem
3100 1744 3399 1810 admirare;
3428 1744 3639 1815 quando

2054 1830 2228 1900 ipsum
2256 1847 2317 1887 se
2352 1834 2615 1888 celantem
2644 1844 2698 1889 et
2723 1845 3129 1891 evanescentem
3166 1836 3385 1902 videris,
3432 1845 3635 1891 natura:

2055 1922 2472 1979 imbecillitatem
2498 1925 2666 1988 disce.
2698 1942 2795 1980 nec
2827 1928 2996 1996 ipsum
3026 1936 3084 1983 ut
3118 1928 3281 1981 Deum
3306 1928 3517 1983 adores.
3548 1929 3636 1983 ld-

2052 2015 2197 2068 cireo
2241 2016 2382 2069 enim
2423 2032 2530 2070 non
2581 2033 2647 2072 ex
2700 2018 2801 2073 hoc
2846 2020 2964 2074 solo
3002 2021 3388 2075 elementorum
3437 2030 3640 2075 natura:

2054 2106 2436 2162 imbecillitatis
2465 2109 2972 2165 demonstrationem
3004 2112 3140 2166 Deus
3181 2112 3418 2175 inseruit,
3454 2113 3546 2165 sed
3585 2122 3641 2167 et

2061 2200 2365 2256 hominibus
2396 2202 2565 2255 servis
2596 2204 2726 2267 suis,
2757 2213 2816 2256 ut
2854 2204 2932 2257 eis
2972 2205 3316 2272 imperarent,
3344 2203 3634 2266 mandavit,

2050 2303 2109 2347 ιιι
2131 2294 2175 2347 si
2207 2309 2305 2348 nec
2343 2310 2409 2347 ex
2448 2306 2664 2363 aspectu
2697 2295 2930 2364 ipsorutn
2967 2297 3276 2350 servitutem
3321 2311 3635 2366 cognoscas,

2050 2388 2118 2441 ab
2165 2388 2551 2457 imperantibus
2598 2388 2793 2452 discas,
2839 2404 3016 2442 omnia
3064 2404 3320 2442 conserva
3369 2400 3453 2442 tua
3493 2404 3634 2443 esse.

2051 2479 2175 2534 Ideo
2198 2479 2354 2534 Iesus
2382 2479 2523 2534 Nave
2548 2480 2674 2533 dicit
2697 2499 2710 2534 :
2738 2480 2847 2534 Stet
2872 2481 2950 2534 sol
2970 2492 3143 2533 contra
3166 2479 3374 2534 Gabaon
3400 2522 3413 2543 ,
3444 2491 3489 2534 et
3517 2482 3638 2533 luna

2047 2582 2224 2625 contra
2254 2572 2432 2626 vallem
2464 2570 2626 2625 zElon
2648 2571 2783 2642 (los.
2814 2572 2900 2626 10.
2930 2572 3039 2638 12).
3074 2572 3140 2626 Ει
3166 2574 3355 2627 iterum
3379 2570 3634 2641 propheta

2048 2660 2211 2716 Isaias
2246 2664 2418 2731 ipsum
2448 2662 2499 2716 in
2530 2662 2853 2716 contrarium
2883 2663 3174 2733 retrogredi
3210 2665 3330 2717 fecit
3357 2665 3457 2717 sub
3496 2664 3635 2717 Eze-

2047 2755 2168 2808 ehia
2191 2770 2316 2825 rege
2341 2753 2491 2825 (Isai.
2526 2755 2613 2808 38.
2638 2754 2715 2824 8),
2748 2764 2801 2807 et
2837 2754 3009 2808 Moses
3037 2770 3247 2824 quoque
3278 2755 3387 2808 aeri
3421 2763 3477 2807 et
3504 2755 3632 2807 mani

2046 2855 2101 2898 et
2130 2853 2287 2899 terra:
2334 2854 2390 2899 et
2421 2844 2585 2912 petris
2625 2845 2941 2913 imperavit:
2972 2844 3197 2898 Elisazus
3238 2860 3495 2914 aquarum
3542 2860 3634 2897 na-

2048 2947 2218 2990 turam
2242 2937 2464 2991 mutavit
2485 2936 2562 3005 (4.
2588 2936 2715 3005 Reg.
2747 2935 2824 3006 5),
2855 2935 3140 3005 trespueri
3171 2935 3345 3003 ignem
3376 2935 3633 2989 vicerunt.

2045 3029 2207 3085 Vides
2243 3031 2511 3101 quomodo
2557 3034 2842 3099 utrumque
2879 3030 3031 3083 nobis
3074 3029 3214 3084 Deus
3245 3030 3495 3098 providit,
3543 3045 3634 3095 per

2044 3124 2430 3179 elementorum
2453 3122 2665 3193 quidem
2698 3122 3145 3192 pulchritudinem
3176 3138 3276 3175 nos
3304 3124 3355 3175 in
3378 3124 3631 3176 divinita-

2045 3212 2112 3268 tis
2139 3226 2250 3268 sua:
2283 3213 2944 3284 cognitionem-inducens.
2982 3229 3078 3283 per
3118 3213 3476 3267 inﬁrmitatem
3507 3229 3637 3268 vero

2044 3308 2480 3375 nonpe’rmittens
2506 3307 2556 3358 in
2588 3306 2798 3359 illorum
2824 3305 3016 3359 cadere
3041 3304 3447 3358 adorationem?

2114 3398 2150 3453 6
2211 3397 2268 3451 Μ
2271 3399 2425 3452 oratis
2451 3400 2731 3453 exhortatio
2766 3398 2834 3450 ad
2863 3399 3156 3467 juramenta
3181 3398 3403 3450 vitanda.
3431 3427 3500 3438 ——
3524 3397 3630 3452 Su-

2044 3504 2140 3558 per
2168 3490 2233 3544 iis
2259 3505 2387 3560 ergo
2413 3491 2658 3545 omnibus
2680 3489 2850 3558 ipsum
2880 3487 3053 3542 nostri
3077 3489 3483 3555 gubernatorem
3512 3489 3631 3558 glo-

2043 3580 2334 3647 riﬁeemus,
2360 3596 2461 3636 nec
2481 3597 2576 3650 per
2600 3581 2760 3635 verba
2781 3589 3008 3643 tantum,
3032 3579 3128 3634 sed
3148 3581 3306 3633 etiam
3331 3596 3424 3648 per
3443 3596 3629 3649 opera,

2042 3682 2097 3727 et
2124 3674 2589 3728 conversationem
2611 3673 2862 3741 optimam
2889 3671 3258 3736 exhibeamus,
3278 3681 3333 3726 et
3359 3673 3500 3726 circa
3527 3673 3629 3727 alia

2042 3773 2098 3819 et
2125 3765 2265 3819 circa
2304 3765 2745 3819 abstinentiamra
2781 3763 3121 3831 juramentis.
3153 3762 3266 3817 Non
3297 3764 3437 3817 enim
3464 3778 3627 3817 omne

2043 3866 2318 3927 peccatum
2337 3857 2576 3909 eamdem
2606 3856 2769 3924 exigu
2794 3870 3025 3924 poenam,
3058 3854 3152 3908 sed
3184 3864 3429 3909 correctu
3455 3854 3630 3909 facilia

2044 3949 2298 4019 majorem
2326 3950 2555 4003 aﬂ'eruut
2582 3966 2596 4002 :
2630 3948 2768 4018 quod
2800 3948 3004 4003 scilicet
3033 3958 3087 4002 et
3114 3948 3364 4001 Salomon
3399 3949 3626 4001 innuens

2041 4040 2252 4095 dicebat
2275 4060 2288 4095 :
2310 4039 2427 4093 Non
2458 4041 2662 4104 mirum,
2686 4042 2726 4092 si
2749 4042 2859 4111 quis
2876 4040 3213 4109 deprehensus
3231 4039 3383 4110 fuerit
3414 4039 3591 4105 [uram
3611 4052 3631 4091 :

2044 4136 2245 4203 [uratur
2294 4133 2446 4195 enim,
2489 4143 2543 4186 ut
2585 4133 2809 4186 animum
2855 4149 3002 4186 suam
3039 4132 3247 4202 impleat
3290 4130 3630 4193 esurientem;

2041 4225 2242 4279 adulter
2275 4240 2391 4278 vero
2416 4235 2621 4295 prapter
2645 4224 2872 4292 inopiam
2903 4225 3099 4289 mentis,
3138 4223 3467 4293 perditionem
3503 4222 3621 4274 ani-

2041 4332 2139 4371 ma:
2169 4333 2275 4370 sum
2299 4317 2511 4384 acquirit
2538 4315 2889 4387 (Prov.6.50.
2920 4314 3035 4385 3‘2).
3067 4313 3217 4382 Quod
3248 4323 3426 4367 autem
3458 4312 3621 4373 dicit,

2041 4408 2148 4460 tale
2175 4416 2257 4462 est
2286 4425 2298 4460 :
2328 4408 2504 4477 gravis
2546 4406 2759 4476 quidem
2799 4422 2885 4461 res
2910 4407 3068 4461 etiam
3103 4406 3204 4468 iur,
3253 4408 3349 4459 sed
3381 4418 3484 4457 non
3516 4413 3628 4457 tam

2040 4500 2235 4569 gravis,
2263 4515 2421 4568 quant
2447 4498 2653 4553 adulter
2682 4515 2694 4551 :
2725 4498 2812 4552 ille
2836 4498 2979 4552 enim
3006 4495 3106 4550 etsi
3142 4495 3383 4549 frivolam
3411 4508 3627 4548 causam

2042 4590 2221 4656 habet,
2261 4602 2436 4645 tamen
2476 4606 2542 4644 ex
2585 4590 2835 4660 pauperie
2878 4588 3245 4642 neceSsitatcm
3294 4585 3626 4657 prmtenderu

2041 4697 2216 4756 potest
2242 4703 2255 4737 :
2281 4685 2365 4739 hic
2393 4699 2521 4738 vero
2547 4683 2686 4736 nulla
2718 4684 2889 4750 ipsum
2918 4690 3140 4751 cogente
3170 4679 3488 4735 necessitate
3513 4695 3625 4748 pra:

2041 4779 2305 4834 dementia
2329 4780 2441 4832 sola
2463 4778 2515 4831 in
2540 4776 2738 4846 peccati
2770 4775 3076 4843 voraginem
3096 4773 3316 4827 corruit.
3350 4772 3459 4825 lloc
3484 4780 3537 4825 et
3557 4771 3629 4825 de

2036 4873 2337 4941 jurautibus
2373 4871 2549 4925 dicere
2581 4871 2703 4923 licet
2725 4886 2738 4899 ο
2766 4882 2870 4923 nec
2913 4868 3057 4923 enim
3102 4867 3187 4921 isti
3227 4866 3392 4920 ullum
3429 4864 3629 4920 habent

2040 4979 2197 5031 quem
2224 4963 2543 5031 prmmittant
2567 4970 2903 5029 pnetextum,
2925 4958 3019 5013 sed
3039 4966 3404 5027 contemptum
3424 4957 3623 5011 solum.

2042 5056 2109 5110 Et
2138 5056 2257 5108 cmi
2294 5055 2504 5122 quidem
2536 5070 2620 5107 me
2645 5069 2857 5122 gravem
2891 5067 3009 5106 esse
3039 5051 3204 5105 videri
3235 5059 3289 5104 et
3315 5064 3625 5114 onerosum,

2041 5159 2199 5216 atque
2238 5146 2858 5212 mlmonttiouisjugitate
2904 5143 3185 5196 molestum
3217 5157 3368 5205 esse;
3414 5156 3626 5195 verum-

2040 5247 2220 5293 tamen
2247 5255 2350 5291 non
2380 5238 2588 5301 desino,
2608 5248 2663 5290 ut
2690 5237 2768 5290 vel
2802 5250 2972 5290 meam
2999 5234 3214 5289 reveriti
3246 5233 3626 5301 impudentiam

2040 5332 2280 5400 improba
2320 5331 2740 5398 jurameutorum
2788 5329 3173 5382 consuetudine
3224 5328 3511 5381 absistatis.
3567 5326 3627 5380 Si

2040 5424 2180 5480 etaim
2203 5423 2364 5491 jndex
2408 5423 2494 5477 ille
2524 5423 2741 5476 immitis
2768 5430 2819 5475 et
2846 5436 3039 5485 saevus,
3075 5419 3246 5473 viduae
3290 5420 3627 5473 vexationem

2040 5517 2259 5580 veritus,
2292 5532 2469 5569 mores
2510 5516 2733 5570 nuttavit
2759 5516 2905 5585 (Luc.
2942 5516 3024 5570 18.
3053 5516 3108 5569 2.
3136 5513 3283 5585 sqq):
3317 5513 3483 5566 multo
3508 5526 3628 5563 ma-

2040 5609 2233 5677 gis-hoc
2262 5623 2354 5659 vos
2386 5607 2610 5672 faciatis,
2642 5616 2695 5661 et
2724 5609 2951 5661 maxime
2978 5623 3098 5659 cmn
3142 5605 3443 5673 supplicans
3474 5604 3628 5657 vobis

2042 5716 2145 5753 non
2185 5716 2279 5769 pro
2310 5717 2394 5754 me
2423 5701 2558 5770 ipso,
2599 5701 2690 5753 sed
2721 5716 2816 5769 pro
2854 5700 3024 5753 salute
3063 5710 3233 5752 vestra
3263 5697 3362 5751 hoc
3391 5698 3575 5750 faciam
3608 5714 3622 5749 :

2041 5793 2148 5845 imo
2193 5808 2318 5846 vero
2348 5803 2399 5847 et
2445 5808 2540 5861 pro
2589 5795 2689 5846 mei
2736 5793 2901 5860 ipsius
2942 5792 3113 5845 salute
3158 5790 3259 5845 hoe
3303 5789 3479 5845 facere
3518 5805 3629 5843 non

2042 5884 2341 5952 negaverim
2378 5901 2390 5937 :
2424 5894 2599 5938 vestra
2632 5884 2773 5936 enim
2807 5884 2939 5936 bona
2974 5892 3098 5951 puto
3127 5898 3242 5935 mea
3265 5896 3383 5936 esse
3411 5880 3624 5934 merita.

2046 5975 2250 6029 Vellem
2277 5986 2477 6045 autem,
2520 5981 2663 6039 sicut
2694 5991 2792 6046 ego
2821 5992 2959 6031 nunc
2988 5975 3171 6029 laboro
3211 5984 3267 6029 et
3312 5974 3500 6045 fatigor
3528 5991 3627 6045 pro
