4112 6388
456 470 553 525 119

452 580 622 635 salute
642 588 840 645 vestra,
870 579 946 635 sic
975 586 1029 633 et
1056 593 1152 633 vos
1180 578 1372 633 anima:
1398 588 1587 633 vestra:
1612 592 1793 632 curam
1820 592 2037 647 gerere:

453 676 531 729 sic
557 675 712 744 plane
756 674 857 729 hoc
887 684 1091 729 tantum
1138 673 1408 744 negotium
1449 672 1607 727 finem
1650 673 1935 739 acciperet.
1975 670 2041 726 Et

453 765 580 834 quid
621 780 755 834 opus
796 776 880 820 est
927 765 1090 819 multa
1131 765 1353 819 dicere?
1382 764 1424 819 si
1470 765 1611 819 enim
1651 763 1889 831 geheuna
1934 778 2039 817 non

453 868 620 921 esset,
654 874 753 913 nec
782 874 935 925 penna
982 857 1405 919 contumacibus,
1457 872 1629 926 neque
1675 871 1882 911 merces
1912 856 2041 909 obe-

454 946 741 1014 dientilms,
761 966 860 1019 ego
888 960 1066 1004 autem
1085 950 1149 1004 ad
1180 964 1273 1003 vos
1301 950 1581 1012 accedens,
1613 948 1664 1002 in
1686 948 1870 1017 gratim
1892 958 2042 1017 parte

457 1041 750 1109 petiissem,
797 1057 972 1095 nonne
1017 1057 1251 1095 annuere
1292 1042 1651 1096 debuissetis?
1690 1057 1794 1094 non
1828 1042 2041 1110 petitio-

459 1147 581 1185 nem
626 1133 945 1197 concedere,
985 1141 1089 1185 tam
1136 1133 1307 1187 levem
1351 1132 1551 1201 petenti
1599 1134 1864 1202 gratiam?
1908 1132 2043 1188 Cum

458 1233 585 1275 vero
632 1223 770 1277 Deus
819 1224 985 1293 ipsam
1036 1235 1240 1293 petens,
1289 1236 1505 1294 propter
1550 1241 1645 1279 vus
1682 1225 1892 1293 dantes,
1937 1241 2041 1281 non

461 1325 679 1384 propter
721 1317 953 1385 seipsunt
993 1318 1374 1387 percipieutem
1426 1318 1529 1373 hoc
1559 1319 1750 1371 faciat:
1780 1319 1899 1388 quis
1935 1327 2044 1373 tam

461 1406 719 1476 ingratus,
756 1409 873 1476 quis
918 1417 1023 1461 tam
1060 1409 1241 1472 miser,
1267 1418 1323 1462 et
1370 1425 1721 1474 :erumnosus,
1757 1420 1813 1464 ut
1841 1410 2045 1465 benefl-

1195 466 1253 522 S.
1288 464 1564 522 JOANNIS
1585 462 2056 522 CllRYSOSTOMl
2099 459 2418 516 ARCIllEP.
2456 458 2987 516 CONSTANTINOP.

3633 462 3733 520 120

2146 576 2289 628 cium
2330 574 2530 644 petenti
2575 573 2690 629 Deo
2737 590 2843 628 non
2886 571 3176 643 impendat,
3226 581 3282 628 et
3330 573 3560 629 maxime
3605 589 3728 630 cum

2149 667 2263 736 ipse
2290 666 2379 737 qui
2411 667 2688 736 impendit,
2716 667 2784 721 sit
2810 666 3067 721 beneficio
3098 665 3395 736 petiturus?
3422 666 3545 721 "me
3576 667 3733 738 igitur

2144 758 2461 827 cogitantes,
2490 766 2545 812 et
2571 757 2637 811 ad
2662 772 2756 811 vos
2786 756 2912 811 hinc
2944 756 3273 822 recedentes,
3302 758 3480 811 omnia
3509 759 3733 827 repetite

2146 847 2305 912 dicta,
2350 857 2405 902 et
2448 864 2543 903 eos
2571 849 2660 917 qui
2709 848 2758 901 id
2813 864 2917 901 non
2944 848 3230 902 observant
3264 848 3511 904 outuibus
3560 849 3733 904 modis

2146 941 2419 1009 corrigite,
2457 952 2513 995 ut
2543 942 2877 1010 propriorum
2918 952 2971 995 et
3007 941 3299 995 alienorum
3332 942 3733 996 retributionem

2148 1031 2457 1086 meritorum
2498 1032 2836 1101 recipiamus,
2867 1032 3034 1101 gratia
3078 1040 3131 1085 ct
3170 1032 3492 1103 benignitate
3520 1032 3732 1087 Domini

2148 1123 2314 1177 nostri
2341 1123 2466 1178 Jesu
2494 1124 2711 1188 Christi,
2756 1139 2850 1193 per
2876 1139 3036 1193 quem
3078 1132 3133 1177 et
3161 1138 3281 1177 cum
3308 1139 3413 1193 quo
3441 1123 3584 1178 Patri
3612 1124 3732 1193 glo-

2150 1213 2225 1268 ria
2271 1214 2427 1268 simul
2472 1223 2526 1268 et
2568 1224 2756 1269 sancto
2792 1214 3031 1285 Spiritui,
3064 1229 3206 1269 nunc
3247 1223 3303 1270 et
3327 1230 3559 1285 semper,
3591 1225 3647 1271 et
3676 1215 3732 1272 in

2148 1305 2343 1359 sa:cula
2365 1305 2705 1361 swculorum.
2739 1305 2931 1360 Amen.

463 1536 3695 1562 W

464 1634 839 1679 GBATIARUM
874 1635 1057 1679 ACTIO
1098 1636 1179 1677 AD
1222 1636 1398 1677 DEUM
1454 1635 1532 1677 OB
1577 1636 2048 1679 LIBERATIONEM
2094 1637 2130 1679 Δ
2174 1636 2361 1679 ΜΑιιε
2408 1636 2493 1677 EX
2534 1635 2869 1678 SEDITIONE
2902 1636 3348 1690 EXSPECTATIS,
3393 1639 3475 1679 ET
3516 1637 3732 1680 Εοῐιωι

541 1740 684 1791 ΟυιΕ
727 1739 891 1780 ΤυἿο
940 1738 1339 1779 ACCIDEBUNT
1368 1737 1879 1780 COMMEMORATIO
1909 1739 1924 1778 2
1956 1738 2047 1780 INS

2151 1738 2224 1778 ειι
2269 1737 2435 1779 νειιο
2488 1738 2569 1779 ΕΤ
2610 1737 2859 1780 CONTRA
2904 1738 3016 1780 EOS
3043 1737 3151 1790 QUI
3182 1738 3416 1782 CORPUS
3444 1740 3732 1783 Νοδτιιῠυ

545 1840 1067 1893 CALL'MNIANTUR,
1114 1840 1194 1881 ET
1237 1839 1299 1880 IN
1345 1834 1707 1882 UNIVERSUM
1753 1839 1835 1881 DE
1880 1838 2041 1882 30M]

2172 1836 2568 1894 *CREATIONE,
2612 1839 2694 1881 ET
2735 1838 2849 1881 SUB
2879 1840 3080 1883 FINEM
3123 1841 3207 1883 DE
3240 1840 3512 1885 νιΤΑιωο
3538 1842 3695 1885 ιΙῐΙΒΔ
3716 1858 3737 1870 -ο

541 1940 779 1985 MENTO.

1927 2066 1981 2117 84
1992 2064 2255 2114 ‹ω›->θ›

1102 2204 1318 2242 ιιολιιιιλ
1360 2206 1431 2240 Kl.

540 2276 591 2329 1.
643 2277 775 2329 Cum
826 2279 1147 2346 praui-ritum
1199 2289 1567 2347 tempestatem
1619 2288 1673 2333 et
1728 2286 2047 2349 pr:eseutem

466 2371 642 2438 cogito
670 2371 1125 2439 tranquillimtem,
1150 2388 1251 2425 non
1270 2372 1457 2426 desino
1484 2373 1661 2425 dicere
1690 2391 1703 2427 :
1731 2371 2049 2426 Benedictus

470 2459 611 2513 Deus
652 2460 741 2530 qui
784 2462 909 2514 facit
941 2462 1144 2529 omnia,
1182 2470 1238 2517 et
1281 2463 1391 2531 ipsa
1425 2470 1776 2527 transmutat;
1810 2462 1898 2529 qui
1928 2462 2051 2515 fecit

467 2550 642 2606 lucem
679 2551 744 2605 de
776 2551 1010 2605 tenebris
1041 2551 1241 2622 (Amos.
1274 2553 1328 2607 5.
1360 2552 1414 2607 8.
1461 2562 1515 2607 et
1538 2551 1657 2606 Job.
1686 2553 1774 2607 57.
1813 2552 1927 2620 15).
1956 2551 2049 2621 qui

473 2640 693 2696 deducit
719 2644 786 2698 ad
814 2658 1001 2715 portas
1024 2647 1182 2701 inferi
1202 2656 1253 2701 et
1282 2648 1487 2701 reducit
1518 2648 1596 2717 (Ι.
1625 2649 1729 2719 Reg
1771 2649 1826 2704 2.
1856 2650 1935 2721 6),
1958 2655 2054 2721 qui

469 2735 763 2804 castigatet
777 2754 884 2791 non
902 2738 1100 2793 occidit
1124 2738 1201 2808 (ἐ.
1220 2737 1343 2792 Cor.
1358 2738 1412 2802 6,
1427 2738 1481 2807 9)
1507 2757 1521 2793 :
1540 2750 1592 2793 et
1613 2740 1714 2794 hoc
1730 2755 1825 2794 vos
1841 2741 2061 2797 assidue

467 2828 651 2882 dicere
686 2831 827 2893 volo,
861 2847 961 2885 nec
997 2832 1287 2885 desistere.
1322 2830 1376 2884 Si
1405 2833 1550 2885 enim
1588 2832 1703 2899 ipse
1730 2832 1892 2887 ttobis
1921 2848 2055 2903 ope-

470 2916 617 2971 ribus
642 2917 932 2984 bcnefecit,
962 2934 1066 2989 qua
1111 2934 1208 2974 nos
1235 2922 1387 2975 venia
1413 2919 1556 2991 digni
1590 2934 1711 2975 esse
1748 2934 2048 2988 possemus,

469 3024 540 3063 ne
579 3010 757 3065 verbis
794 3010 1008 3081 quidem
1058 3012 1231 3082 ipsum
1280 3013 1719 3067 remunerautes?
1762 3012 2048 3082 Propterea

469 3099 727 3155 exhortor
746 3117 842 3157 vos
872 3118 1161 3174 numquam
1191 3118 1405 3159 cessare
1439 3104 1535 3175 ipsi
1561 3104 1759 3173 gratias
1785 3119 1965 3174 agere.
1993 3103 2049 3158 Si

467 3192 612 3246 enim
642 3208 738 3262 pro
760 3194 947 3264 primis
981 3196 1116 3265 grati
1146 3194 1423 3261 fuerimus,
1456 3204 1663 3250 certum
1692 3194 1834 3265 quod
1856 3203 1911 3249 et
1933 3193 2051 3249 aliis

468 3284 759 3352 majoribus
789 3286 1069 3355 potiemur.
1103 3287 1355 3343 Dicamus
1382 3287 1542 3358 igitur
1563 3288 1852 3343 continue:
1877 3286 2049 3343 Bene-

468 3374 642 3429 dictus
675 3375 836 3440 Deus,
876 3378 964 3447 qui
995 3387 1050 3433 et
1085 3379 1241 3434 nobis
1271 3377 1419 3433 dedit
1461 3380 1668 3433 solitam
1698 3394 1820 3433 cum
1860 3378 2047 3434 fiducia

468 3468 618 3523 vobis
648 3483 885 3524 mensam
908 3484 1198 3538 apponere,
1219 3478 1276 3524 et
1304 3469 1453 3525 vobis
1478 3470 1704 3539 praebuit
1734 3484 1923 3525 secure
1948 3485 2049 3523 nu-

469 3566 609 3612 stros
655 3560 839 3614 audire
890 3574 1204 3615 sermones:
1236 3560 1546 3615 benedictus
1586 3561 1745 3626 Dens,
1799 3560 2047 3630 quoniam
2078 3586 2093 3599 -

470 3665 577 3703 non
605 3651 836 3720 amplius
862 3654 1127 3706 exteriora
1165 3650 1427 3721 fugientes
1454 3651 1712 3722 pericula,
1741 3650 1836 3705 sed
1866 3650 2050 3705 audire

469 3752 719 3812 optantes
758 3743 860 3797 huc
885 3743 1274 3809 concurrimus,
1321 3760 1426 3797 non
1466 3744 1694 3813 amplius
1721 3758 1841 3797 cum
1867 3744 2053 3798 anxie-

470 3841 579 3885 tate
615 3842 669 3886 et
695 3842 926 3886 tremore
941 3843 997 3887 et
1017 3834 1371 3889 sollicitudine
1397 3835 1535 3889 inter
1560 3850 1657 3888 nos
1677 3832 2047 3899 convenimus,

470 3924 563 3977 sed
581 3939 702 3977 cum
735 3924 923 3978 fiducia
946 3941 1158 3979 onmem
1172 3926 1503 3980 excutientes
1534 3926 1800 3987 timorem,
1829 3940 1935 3996 quo
1955 3940 2051 3994 per

469 4019 775 4088 superiores
802 4019 918 4073 dies
955 4018 1328 4073 fluctuantibus
1370 4020 1421 4073 in
1453 4018 1631 4073 medio
1656 4018 1813 4084 mari,
1838 4026 1892 4071 et
1919 4034 2051 4072 nau-

469 4108 693 4179 fragium
722 4125 814 4179 per
839 4110 1074 4179 singulas
1112 4111 1269 4164 horas
1289 4111 1717 4179 exspectantibus
1746 4108 1911 4162 nihilo
1937 4124 2051 4162 mc-

470 4203 571 4255 Iius
596 4216 693 4255 nos
720 4202 1062 4268 habebamus,
1102 4200 1323 4257 infinitis
1355 4211 1459 4255 tota
1486 4202 1572 4255 die
1598 4201 1895 4256 rumoribus
1928 4201 2049 4269 pul-

468 4293 594 4358 sati,
642 4292 927 4362 perturbati
977 4302 1032 4347 et
1077 4293 1308 4363 undique
1361 4293 1688 4355 circumacti,
1729 4301 1786 4347 et
1826 4291 2049 4361 singulis

467 4390 769 4451 satagentes
795 4382 1003 4447 diebus,
1029 4393 1084 4437 et
1121 4383 1331 4437 curiose
1359 4383 1710 4449 sciscitantes,
1750 4382 1878 4449 Quis
1905 4384 2051 4437 venit

466 4490 499 4527 e
525 4474 736 4538 castris,
768 4474 892 4541 quid
935 4490 1062 4530 vero
1087 4476 1306 4529 veniens
1349 4475 1644 4529 nuntiavit?
1671 4474 1926 4545 nutuquid
1951 4489 2046 4529 ve-

468 4583 584 4621 rum
615 4584 681 4621 an
725 4566 914 4621 falsum
943 4567 1084 4637 quod
1122 4567 1350 4621 dicitur?
1391 4577 1445 4621 et
1473 4576 1655 4621 noctes
1693 4570 1808 4621 sine
1854 4582 2045 4621 somno

470 4661 841 4730 transigentes,
874 4670 928 4715 et
951 4662 1216 4715 civitatem
1262 4660 1603 4729 respicientes
1646 4676 1767 4713 cum
1795 4659 2047 4731 lacrymis

467 4763 735 4823 tamquam
764 4769 885 4807 mox
914 4754 1218 4825 perituram.
1246 4754 1529 4822 Propterea
1556 4762 1609 4807 et
1630 4769 1725 4807 nos
1744 4755 2047 4823 superiores

467 4845 564 4899 hos
594 4845 709 4898 dies
732 4846 1010 4911 tacuimus,
1043 4844 1290 4908 quoniam
1320 4845 1504 4899 civitas
1526 4853 1705 4897 nostra
1733 4844 1905 4897 omnis
1933 4853 2048 4899 erat

466 4936 746 5001 exhausta,
774 4951 961 4991 omnes
1000 4937 1052 4991 in
1096 4936 1409 4992 solitudines
1439 4936 1961 5006 transmigraverant,
1994 4947 2045 4991 et

470 5028 660 5084 residui
699 5027 925 5081 tristitia:
963 5029 1102 5082 nube
1127 5028 1536 5096 caligavcrant‘.
1578 5028 1766 5081 Anima
1793 5028 1932 5081 enim
1962 5044 2043 5081 sc-

466 5121 569 5178 tuel
602 5121 813 5175 tristitia
859 5121 1081 5188 repleta,
1128 5120 1257 5173 nihil
1301 5119 1485 5173 audire
1535 5128 1617 5173 est
1660 5120 1866 5173 idonea.
1919 5120 2046 5173 Pro-

464 5224 641 5283 pterea
665 5222 717 5265 et
732 5213 885 5265 amici
906 5212 1006 5265 Joh
1020 5211 1352 5273 accedentes,
1372 5210 1563 5265 domus
1579 5211 1720 5265 illius
1733 5211 1933 5280 tragtnd
1942 5211 2042 5264 iam

462 5314 765 5368 cernentes,
814 5317 1020 5357 necnon
1061 5301 1260 5371 justum
1292 5302 1342 5354 in
1385 5311 1620 5354 stercore
1648 5301 1944 5365 sedentem,
1991 5311 2046 5355 et

465 5395 729 5447 ulcerilms
770 5394 1005 5462 plenum,
1038 5393 1350 5444 Vt-stiuu-uta
1392 5406 1485 5444 sua
1514 5391 1859 5450 discidernnt.
1890 5393 2041 5459 inge-

466 5495 837 5554 Inueruutque,
872 5494 1073 5538 etcqu
1114 5482 1327 5536 silentio
1355 5476 1429 5539 illi
1472 5483 1789 5535 assederunt
1810 5481 1931 5553 (Job
1981 5481 2038 5535 2.

468 5578 702 5647 HA3),
732 5577 1089 5645 significantes
1117 5572 1256 5644 quod
1298 5573 1426 5627 nihil
1455 5588 1483 5626 a
1511 5573 1770 5642 principio
1809 5583 1914 5626 tam
1940 5572 2041 5626 do-

469 5670 695 5724 lentilms
736 5678 1113 5739 opportunum,
1160 5684 1315 5737 quam
1366 5667 1579 5737 requies
1631 5676 1685 5721 et
1729 5666 2037 5721 silentium:

467 5773 584 5822 erat
615 5764 765 5819 cnim
790 5761 1153 5815 consolatione
1189 5760 1359 5826 major
1398 5756 1631 5811 tristitia.
1668 5756 1955 5824 Propterea
1987 5764 2037 5810 et

532 5968 550 5999 ι
588 5961 720 6026 Apud
737 5962 927 6014 lontef.
947 5961 1239 6027 legebatur:
1271 5964 1467 6027 Nrpatt
1495 5972 1650 6017 erarat.

2159 2186 2326 2243 Judzci
2358 2190 2469 2244 luto
2494 2200 2548 2245 et
2571 2192 2717 2262 operi
2740 2192 2969 2248 lateritio
2989 2194 3183 2262 alligati
3218 2193 3409 2267 (Exod.
3432 2196 3483 2251 5.
3506 2197 3573 2252 i9
3595 2194 3737 2265 -2l).

2155 2276 2355 2334 Mosem
2390 2281 2457 2335 ad
2497 2298 2557 2337 se
2599 2283 2812 2339 venisse
2840 2296 3144 2353 cernentes,
3186 2286 3251 2341 iis
3277 2303 3397 2357 quae
3423 2287 3737 2343 dicebantur

2153 2374 2431 2430 attendere
2458 2392 2562 2431 non
2595 2386 2841 2447 poterant
2867 2395 2976 2450 pra;
3018 2381 3452 2450 pusillanimitate
3480 2393 3535 2437 et
3565 2384 3738 2438 tribu-

2154 2470 2369 2534 latione,
2401 2486 2558 2540 quam
2591 2471 2947 2541 patiebantur.
2976 2472 3044 2527 Et
3070 2473 3197 2544 quid
3230 2475 3443 2538 mirum,
3490 2476 3535 2530 si
3566 2475 3739 2531 homi-

2155 2578 2250 2617 nes
2302 2563 2513 2633 quidam
2568 2565 2932 2633 pusillanimes
2983 2566 3087 2622 hoc
3135 2568 3276 2637 passi
3327 2576 3470 2634 sunt,
3524 2582 3645 2623 cum
3685 2575 3739 2624 et

2152 2654 2349 2709 Christi
2380 2655 2667 2725 discipulos
2696 2656 2749 2710 in
2783 2657 2923 2711 hunc
2946 2658 3189 2712 morbum
3216 2658 3476 2715 cecidisse
3502 2657 3740 2714 invenis.

2154 2747 2312 2801 mus?
2356 2747 2479 2801 Post
2516 2748 2659 2803 illam
2690 2764 2917 2819 namque
2955 2752 3232 2821 mysticam
3267 2766 3475 2806 cautam
3527 2751 3740 2822 quando

2154 2836 2301 2905 ipsos
2341 2848 2643 2908 assumptos
2672 2839 2917 2895 Chrisms
2956 2856 3196 2896 seorsum
3239 2841 3626 2911 alloquebatur,
3668 2842 3738 2896 ab

2154 2928 2305 2984 initio
2332 2930 2547 3001 quidem
2580 2931 2751 3001 ipsum
2783 2933 3180 3004 interrogabant
3213 2935 3479 3007 discipuli,
3511 2950 3617 3006 quo
3643 2950 3739 2990 va-

2153 3024 2271 3077 dis?
2294 3032 2349 3077 ut
2368 3039 2494 3078 vero
2512 3023 2647 3079 dixit
2668 3025 2772 3080 illis
2793 3028 2928 3080 mala
2953 3029 3096 3097 ipsos
3112 3028 3269 3098 paulo
3289 3037 3411 3098 post
3429 3038 3739 3101 exceptura,

2155 3119 2313 3183 bella,
2360 3122 2820 3192 persequutiones,
2864 3123 3166 3179 inimicitias
3202 3124 3271 3179 ab
3317 3124 3591 3191 omnibus,
3638 3122 3739 3178 fla-

2154 3212 2313 3282 gella,
2370 3228 2633 3279 carceres,
2677 3214 2896 3284 judicia,
2953 3215 3322 3281 abductiones,
3385 3216 3530 3271 velut
3574 3231 3739 3272 onere

2155 3305 2651 3374 ponderosissimo,
2702 3308 2967 3363 dictorum
3009 3309 3291 3365 formidine
3336 3318 3392 3366 et
3442 3310 3739 3365 futurorum

2156 3396 2365 3451 tristitia
2396 3414 2608 3466 pressus
2632 3407 2756 3453 tunc
2783 3400 3018 3469 ipsorum
3045 3400 3273 3463 animus,
3297 3410 3478 3470 postea
3499 3400 3740 3471 stupidus

2154 3489 2406 3542 remansit
2435 3506 2450 3543 :
2486 3488 2603 3543 ideo
2633 3499 3001 3545 conSIernatos
3029 3506 3255 3547 cernens
3293 3492 3436 3561 ipsos
3474 3491 3737 3553 Christus,

2156 3576 2256 3632 hoc
2309 3578 2480 3648 ipsum
2530 3579 2860 3649 exprobrans
2904 3580 3115 3635 dicebat
3154 3598 3167 3634 :
3211 3580 3352 3636 Vada
3406 3580 3740 3635 ad~Patrem

2156 3686 2340 3734 meum,
2373 3680 2419 3722 et
2467 3687 2612 3723 nemo
2651 3688 2677 3723 e
2710 3672 2847 3725 vobis
2873 3688 2952 3726 me
2990 3674 3293 3741 interrogat:
3306 3673 3416 3739 Quo
3444 3674 3630 3727 vadis?
3651 3674 3741 3727 sed

2154 3761 2391 3831 quoniam
2417 3762 2522 3815 haec
2547 3763 2782 3832 loquutus
2823 3780 2935 3815 sum
2961 3763 3118 3830 vobis,
3160 3766 3361 3818 tristitia
3400 3766 3623 3831 implevit
3652 3780 3741 3818 cor

2153 3864 2370 3907 vestrum
2396 3852 2574 3924 (Joau.
2605 3854 2691 3910 l6.
2718 3855 2772 3909 5.
2797 3854 2874 3925 6).
2903 3854 3191 3925 Propterea
3224 3871 3320 3911 nos
3339 3872 3550 3926 quoque
3574 3856 3739 3910 tacui-

2154 3960 2271 3998 mns
2314 3945 2580 4015 pra-terito
2624 3954 2882 4016 tempore,
2927 3958 3243 4016 przesentem
3286 3948 3737 4019 opportunitatem

2152 4045 2543 4104 exspectantes.
2574 4035 2631 4091 Si
2658 4038 2798 4090 enim
2845 4038 2889 4091 is
2913 4038 3000 4107 qui
3026 4038 3256 4108 aliquem
3304 4047 3584 4106 rogaturus
3627 4049 3735 4105 est,

2153 4128 2253 4181 etsi
2302 4128 2490 4182 rationi
2528 4139 2885 4184 consentanea
2933 4132 3320 4199 propositurus,
3362 4130 3619 4199 temporis
3659 4139 3739 4183 ta-

2153 4234 2274 4273 tnen
2305 4220 2640 4273 occasionem
2678 4229 2972 4289 exspectat,
3002 4230 3061 4275 nt
3097 4220 3336 4275 sedatum
3362 4231 3417 4275 et
3446 4222 3581 4276 bene
3607 4222 3739 4274 affe-

2152 4318 2295 4363 ctum
2332 4311 2453 4364 eum
2496 4310 2753 4377 inveniat,
2784 4312 2873 4381 qui
2923 4312 3231 4381 petitionem
3279 4312 3499 4366 daturus
3537 4321 3640 4378 est,
3678 4321 3738 4366 ut

2155 4403 2410 4472 temporis
2437 4402 2690 4456 auxilium
2722 4412 2906 4458 nactus
2933 4403 3247 4459 beneficium
3274 4403 3512 4458 obtineat
3536 4423 3546 4453 :
3567 4403 3740 4459 multo

2152 4494 2321 4563 magis
2344 4503 2583 4547 amntem
2612 4502 2821 4564 tempus
2847 4509 3090 4565 quzerere
3130 4494 3469 4549 commodum
3498 4502 3736 4563 oportet,

2153 4598 2211 4640 nt
2234 4587 2372 4655 apud
2398 4586 2534 4641 bene
2562 4586 2808 4642 affectum
2850 4586 3147 4641 auditorem
3170 4596 3225 4642 et
3252 4587 3398 4655 omni
3438 4601 3565 4640 cura
3602 4586 3740 4640 libe-

2152 4688 2325 4732 ratum
2356 4694 2419 4733 ac
2448 4679 2683 4743 tristitia,
2712 4679 2869 4734 verba
2897 4679 3091 4735 iaciat:
3119 4678 3261 4750 quod
3293 4678 3532 4750 profecto
3550 4686 3606 4734 et
3635 4694 3737 4735 nos

2151 4786 2291 4825 nunc
2312 4771 2550 4825 fecimus.

2218 4861 2272 4914 2.
2302 4860 2453 4915 Nunc
2471 4862 2627 4930 igitur
2647 4869 2922 4931 postquam
2952 4861 3215 4916 tristitiam
3232 4862 3560 4923 exeussistis,
3585 4862 3734 4933 prius

2148 4954 2409 5007 dictorum
2438 4955 2749 5008 memoriam
2772 4969 3029 5008 renovare
3053 4953 3318 5017 volumus,
3352 4962 3407 5007 ut
3432 4968 3612 5008 sermo
3636 4969 3738 5005 vo-

2150 5044 2231 5097 bis
2258 5044 2350 5099 fiat
2373 5045 2707 5099 manifestior
2735 5062 2749 5098 :
2777 5044 2916 5114 quod
2938 5044 3080 5099 enim
3108 5054 3159 5098 et
3188 5044 3241 5099 in
3261 5043 3444 5098 tnundi
3465 5045 3738 5099 creatione

2148 5136 2394 5199 diximus,
2426 5136 2565 5205 quod
2599 5150 2702 5189 non
2730 5136 3009 5204 pulchrum
3043 5144 3243 5189 tantum
3274 5144 3329 5189 et
3356 5135 3652 5190 mirabilem
3682 5146 3739 5188 et

2151 5243 2399 5298 magnum
2446 5228 2583 5281 Deus
2611 5226 2794 5281 fecerit
2843 5228 3035 5296 ipsum,
3063 5227 3155 5283 sed
3184 5228 3344 5282 etiam
3386 5226 3652 5281 infirmum
3682 5238 3739 5283 et

2147 5319 2566 5387 corruptibilem,
2595 5328 2650 5373 et
2678 5319 2866 5373 horum
2891 5334 3074 5375 rursus
3110 5320 3306 5374 multas
3336 5320 3620 5375 inseruerit
3643 5320 3740 5375 de-

2148 5411 2580 5475 monstrationes,
2610 5422 2833 5480 utraque
2858 5411 2922 5464 ad
2952 5412 3228 5465 utilitatem
3251 5421 3485 5466 nostram
3513 5406 3736 5481 dispen-

2146 5522 2291 5571 sans;
2313 5514 2367 5560 et
2386 5521 2484 5576 per
2508 5505 2952 5573 pulchritudinem
2970 5505 3180 5574 quidem
3197 5506 3248 5559 in
3262 5505 3553 5560 conditoris
3572 5505 3741 5561 admi-

2147 5599 2404 5653 rationem
2424 5612 2520 5651 nos
2553 5597 2828 5662 inducens,
2852 5611 2948 5667 per
2968 5596 3323 5651 infirmitatem
3343 5612 3469 5651 vero
3499 5611 3529 5650 a
3546 5597 3729 5650 colen-

2146 5690 2213 5744 da
2245 5705 2342 5744 nos
2366 5689 2634 5744 abducens
2653 5697 2895 5743 creatura
2928 5707 2941 5741 :
2976 5690 3075 5742 hoc
3100 5697 3155 5742 et
3206 5689 3257 5742 in
3296 5702 3520 5757 corpore
3549 5699 3739 5741 nostro

2145 5784 2328 5840 videre
2346 5793 2429 5840 est
2450 5785 2693 5840 evenisse
2734 5802 2747 5839 :
2793 5783 2988 5838 etenim
3016 5783 3083 5839 de
3111 5785 3211 5837 hoc
3251 5798 3461 5853 quoque
3486 5790 3737 5853 quarunt

2144 5886 2200 5933 et
2238 5878 2476 5933 veritatis
2517 5876 2850 5931 inimicorum
2898 5885 2953 5931 et
2981 5886 3284 5931 nostrorum
3323 5874 3498 5940 multi.
3526 5887 3627 5945 qua
3662 5872 3737 5927 de

2138 5977 2298 6021 causa
2327 5964 2431 6021 hoc
2454 5961 2801 6034 corruptibile
2829 5972 2884 6017 ct
2914 5961 3137 6018 mortale
3167 5963 3362 6017 factum
3386 5962 3475 6017 sit.
