4112 6388
358 493 463 545 119

356 606 501 662 οὕτω
522 607 615 662 καὶ
639 608 785 679 ὑμᾶς
811 605 1120 679 φροντίζειν
1143 607 1241 677 τῆς
1267 609 1539 681 ὑμετέρας
1561 610 1766 681 ψυχῆς,
1791 613 1887 665 καὶ
1911 614 2044 666 πάν-

358 713 466 758 τως
506 695 573 750 ἂν
596 696 749 759 τέλος
776 696 936 750 ἔλαϐε
962 698 1114 749 τουτὶ
1141 697 1203 750 τὸ
1226 697 1580 769 κατόρθωμα.
1618 699 1728 751 Kal
1754 700 1808 752 τί
1836 700 1941 771 χρὴ
1976 699 2045 753 τὰ

359 784 532 837 πολλὰ
559 784 774 853 λέγειν;
809 788 857 838 εἰ
885 786 993 856 γὰρ
1026 786 1160 855 μηδέ
1189 786 1381 853 γέεννα
1395 782 1463 855 ἦν
1485 787 1620 857 μηδὲ
1648 787 1869 851 κόλασις
1901 805 2044 859 παρα

360 872 635 928 ἀκούουσι.
680 874 814 943 μηδέ
872 874 1062 945 μισθὸς
1100 874 1490 937 ὑπακούουσιν,
1520 874 1710 944 ἐγὼδέ
1734 875 2047 947 προσελθὼν

361 963 489 1030 ὑμῖν
513 962 673 1015 τοῦτο
699 964 757 1015 ἐν
785 964 1007 1034 χάριτος
1035 963 1214 1034 ᾔτησα
1251 963 1428 1034 μέρει,
1462 959 1572 1036 ἆρα
1597 963 1698 1017 οὐκ
1736 962 1803 1018 ἂν
1826 964 2049 1016 ἐπενεύ-

362 1066 526 1114 σατε;
571 1052 673 1103 οὑκ
721 1050 788 1104 ἂν
833 1050 1071 1103 ἐδώκατε
1104 1050 1205 1122 τὴν
1236 1052 1473 1122 αἴτησιν,
1514 1050 1726 1122 κούφην
1762 1051 1934 1115 οὑτως
1961 1052 2048 1104 αἰ-

361 1136 542 1190 τοῦντι
585 1140 775 1209 χάριν;
802 1141 970 1192 Ὅταν
1013 1138 1071 1190 δὲ
1115 1141 1145 1191 ό
1188 1138 1322 1202 Θεὸς
1352 1138 1521 1209 αὐτὴν
1548 1132 1773 1213 αἰτῶν
1799 1138 1869 1193 δι’
1902 1138 2047 1209 ὑμᾶς

361 1225 488 1287 τοὺς
518 1225 780 1291 διδόντας,
810 1227 873 1279 οὐ
906 1225 973 1278 δι’
1004 1225 1196 1279 ἑαυτὸν
1224 1226 1318 1279 τὸν
1345 1225 1714 1295 λαμϐάνοντα,
1744 1226 1829 1289 τίς
1874 1224 2048 1289 οὓτως

362 1313 658 1385 ἀγνώμων,
685 1315 768 1378 τίς
814 1314 987 1378 οὕτως
1027 1314 1212 1378 ἄθλιος
1258 1314 1355 1368 καὶ
1396 1312 1767 1385 ταλαίπωρος,
1799 1312 1877 1378 ὡς
1928 1312 2047 1385 Θεῷ

1387 494 1480 549 AD
1515 494 1848 552 POPULUM
1880 495 2382 555 ANTIOCIIENUM
2422 496 2657 554 HOMIL.
2698 499 2785 553 XI.

3719 501 3825 559 £20

2147 611 2309 684 χάριν
2336 611 2575 668 αἰτοῦντι
2610 612 2687 685 μὴ
2725 613 2930 678 δοῦναι,
2956 615 3052 667 καὶ
3088 613 3323 685 μάλιστα
3353 615 3481 669 ὅταν
3509 615 3666 680 αὐτὸς
3692 618 3828 671 ἀπο-

2151 699 2336 752 λαύειν
2366 700 2537 774 μέλλῃ
2568 702 2669 771 τῆς
2698 702 2923 772 χάριτος
2945 704 2973 755 ό
2998 702 3208 767 διδούς;
3239 703 3401 757 Ταῦτ’
3422 699 3515 757 οὖν
3546 706 3829 774 ἐννοήσαν·

2150 805 2263 853 τες,
2297 789 2393 842 καὶ
2422 789 2559 860 πρὸς
2589 790 2817 853 ἐαυτούς
2850 790 3302 862 ἀναχωρήσαντες
3328 790 3597 855 ἐντεῦθεν,
3641 792 3829 862 λέγετε

2151 877 2223 930 τά
2255 877 2525 949 εἰρημένα
2574 877 2808 943 ἅπαντα,
2838 880 2933 933 καὶ
2973 880 3102 943 τοὺς
3147 879 3221 950 μὴ
3270 881 3636 950 προσέχοντας
3664 881 3831 933 παντὶ

2152 964 2431 1035 διορθοῦτε
2481 965 2690 1037 τρόπῳ,
2724 967 2812 1019 ἵνα
2856 967 2952 1019 καὶ
2993 966 3101 1021 τῶν
3132 967 3347 1020 οἰκείων
3386 970 3480 1022 καὶ
3526 971 3632 1022 τῶν
3675 969 3831 1022 ἀλλο-

2150 1052 2320 1121 τρίων
2354 1053 2801 1123 κατορθωμάτων
2825 1054 2924 1125 τὴν
2950 1054 3184 1126 ἀμοιϐὴν
3227 1055 3613 1127 ἀπολάϐωμεν,
3644 1057 3829 1128 χάριτι

2154 1140 2249 1193 καὶ
2274 1139 2661 1212 φιλανθρωπίᾳ
2692 1141 2786 1194 τοῦ
2825 1142 3035 1214 Κυρίου
3068 1142 3225 1213 ἡμῶν
3262 1143 3437 1214 Ἰησοῦ
3470 1144 3728 1216 Χριστοῦ,
3761 1146 3830 1198 δι’

2153 1218 2215 1280 οὐ
2243 1227 2340 1281 καὶ
2370 1228 2488 1299 μεθ’
2514 1222 2576 1283 οῦ
2600 1228 2677 1299 τῷ
2708 1230 2883 1301 Πατρὶ
2908 1231 2943 1301 ἡ
2967 1230 3092 1297 δόξα
3116 1232 3233 1302 ἅμα
3263 1232 3345 1303 τῷ
3368 1233 3508 1304 ἀγίῳ
3528 1232 3831 1304 Πνεύματι,

2155 1315 2237 1378 εἰς
2265 1316 2393 1379 τούς
2421 1315 2626 1382 αἰῶνας
2657 1317 2766 1371 τῶν
2800 1316 3034 1376 αἰώνων.
3053 1320 3245 1391 Ἀμήν.

392 1510 3783 1545 _________________________________________

359 1671 726 1743 Εὐχαριστία
757 1669 909 1739 πρὸς
935 1668 1045 1722 τόν
1071 1665 1221 1722 Θεὸν
1248 1664 1381 1735 περί
1416 1664 1529 1733 τῆς
1576 1658 1939 1732 ἀπαλλαγῆς
1962 1659 2084 1714 τῶν
2118 1659 2188 1713 ἐκ
2224 1659 2337 1730 τῆς
2362 1661 2639 1729 στάσεως
2671 1665 3210 1734 προσδοκηθέντων
3237 1670 3458 1737 κακῶν,
3522 1673 3622 1729 καί
3687 1674 3831 1729 ἀνά-

292 1764 319 1791 λ)
435 1783 661 1833 urnan
684 1763 805 1818 τῶν
836 1763 972 1817 τότε
1002 1759 1395 1831 συμϐάντων-ο
1434 1756 1522 1811 ἔτι
1555 1756 1624 1810 δὲ
1644 1754 1744 1809 καὶ
1772 1753 1923 1807 κατὰ
1959 1750 2079 1806 τῶν
2096 1752 2166 1806 τὸ
2201 1752 2375 1822 σῶμα
2417 1753 2588 1823 ἡμῶν
2636 1756 3106 1827 διαϐαλλόντων,
3136 1763 3237 1817 καί
3265 1762 3340 1818 δι’
3372 1765 3521 1820 ὅλου
3554 1765 3685 1836 περί
3722 1764 3834 1837 τῆς

435 1862 541 1916 τοῦ
573 1857 891 1928 ἀνθρώπου
922 1852 1339 1921 κατασκευῆς·
1375 1850 1478 1905 καὶ
1509 1848 1661 1919 πρὸς
1692 1846 1774 1914 τῷ
1797 1846 1958 1901 τέλει
1978 1846 2112 1915 περὶ
2140 1844 2250 1900 τοῦ
2287 1846 2659 1915 κατορθῶσαι
2689 1849 2751 1903 τὸ
2774 1850 2861 1921 μὴ
2899 1852 3164 1923 ὀμνύειν.

1037 2155 1276 2227 Ὀμιλία
1302 2153 1397 2208 ια’.

435 2332 504 2380 α’.
524 2319 773 2378 Ἐπειδὰν
788 2318 943 2390 ἐννοὴ
952 2334 1030 2371 σω
1050 2315 1142 2369 τὸν
1176 2311 1517 2383 παρελθόντα
1539 2306 1785 2380 χειμῶνα
1818 2304 1913 2358 καὶ
1952 2302 2051 2372 τὴν

367 2413 648 2486 παροῦσαν
664 2408 928 2479 γαλήνην,
946 2406 1007 2458 οὐ
1027 2402 1274 2473 παύομαι
1288 2401 1483 2469 λέγων’
1505 2394 1810 2465 Εὐλογητὸς
1827 2395 1855 2445 6
1875 2392 2006 2454 Θεὸς
2024 2392 2053 2443 6

367 2503 541 2557 ποιῶν
566 2499 771 2560 πάντα,
804 2496 897 2549 xal
934 2491 1358 2564 μετασκευάζων
1394 2488 1551 2541 αὑτά·
1596 2488 1625 2538 6
1663 2484 1894 2554 ποιήσας
1936 2479 2052 2548 φῶς

369 2596 435 2645 ἐκ
466 2589 709 2651 σκότους,
752 2586 781 2638 6
818 2584 1072 2650 κατάγων
1117 2581 1197 2642 εἰς
1235 2577 1412 2640 πύλας
1454 2575 1582 2646 ᾅδου
1619 2574 1715 2627 καὶ
1749 2570 1990 2637 ἀνάγων,
2025 2571 2054 2621 ὁ

369 2677 643 2731 παιδεύων
676 2674 772 2727 καὶ
814 2671 889 2742 μὴ
928 2667 1197 2731 θανατῶν,
1233 2665 1327 2719 καὶ
1361 2662 1519 2716 τοῦτο
1556 2660 1651 2715 καὶ
1688 2660 1833 2731 ὑμᾶς
1875 2653 2055 2723 λέγειν

372 2765 634 2836 βούλομαι
667 2759 964 2832 διηνεκῶς,
1003 2757 1099 2812 καὶ
1136 2756 1212 2826 μὴ
1240 2751 1645 2822 διαλιμπάνειν·
1676 2750 1725 2801 εἰ
1753 2746 1863 2818 γάρ
1893 2746 2054 2809 αὐτὸς

367 2835 483 2917 τοῖς
504 2852 688 2923 έργοις
709 2849 856 2919 ἡμᾶς
878 2845 1243 2918 εὐηργέτησε,
1268 2841 1415 2904 τίνος
1442 2839 1508 2893 ἂν
1533 2838 1724 2908 εἴημεν
1752 2835 1893 2901 ἄξιοι
1922 2851 2053 2903 συγ-

373 2922 596 3012 γνώμης
625 2940 807 3010 ἡμεῖς,
841 2936 977 3007 μηδὲ
1008 2933 1188 3001 λόγοις
1217 2929 1380 2983 αὑτὸν
1405 2926 1797 2997 ἀμειϐόμενοι;
1832 2922 1925 2976 Διὸ
1952 2940 2057 2975 πα-

373 3010 597 3104 ρακαλῶ
646 3026 916 3099 μηδέποτε
957 3021 1339 3093 διαλιμπάνειν
1387 3013 1840 3087 εὐχαριστοῦντας
1884 3010 2053 3082 αὐτῷ’

373 3100 441 3173 ἀν
471 3118 582 3189 γὰρ
608 3116 740 3188 περὶ
768 3114 836 3168 τά
870 3112 1062 3184 πρῶτα
1104 3108 1393 3181 γενώμεθα
1434 3104 1795 3175 εὐγνώμονες,
1836 3100 2058 3171 εὐδηλον

375 3209 456 3262 ὅτι
483 3188 577 3260 xal
600 3205 800 3277 ἑτέρων
830 3201 1091 3273 μειζόνων
1126 3196 1527 3267 ἀπολαύσομεν.
1572 3193 1835 3261 Λέγωμεν
1877 3188 2057 3241 τοίνυν

374 3295 660 3366 διηνεκῶς
694 3276 997 3361 Εὐλογητὸς
1018 3287 1214 3349 όΘεὸς,
1237 3288 1265 3339 6
1280 3284 1375 3339 καὶ
1408 3285 1540 3354 ἡμῖν
1560 3282 1685 3344 δοὺς
1714 3277 1851 3349 μετά
1875 3276 2056 3339 ἁδείας

375 3388 473 3456 τὴν
536 3384 792 3435 εἰωθυῖαν
860 3381 989 3449 ὑμῖν
1032 3375 1361 3447 παραθεῖναι
1406 3370 1725 3441 τράπεζαν,
1776 3366 1871 3419 καὶ
1926 3366 2054 3434 ὑμῖν

380 3452 681 3545 παρασχὼν
696 3469 835 3541 μετά
863 3466 957 3520 τοῦ
975 3465 1199 3537 θαρρεῖν
1227 3462 1334 3514 τῶν
1362 3460 1646 3530 ἡμετέρων
1661 3452 2059 3527 ἀκροᾶσθαιλὸ-

374 3543 508 3632 γων·
534 3558 824 3629 εὐλογητὸς
850 3558 879 3611 6
902 3553 1055 3619 Θεὸς,
1089 3553 1171 3606 ὃτι
1199 3549 1385 3604 οὐκέτι
1413 3549 1505 3601 τὸν
1533 3545 1736 3610 ἔξωθεν
1765 3543 2061 3612 φεύγοντες

350 3629 644 3713 -κίνδυνον,
692 3644 843 3720 [115]
884 3642 998 3698 ἀλλ’
1037 3639 1356 3712 ἀκροάσεως
1399 3629 2064 3705 ἐπιθυμοῦντες,ἐνταῦθα

382 3719 768 3808 συντρέχομεν,
788 3732 975 3786 οὐκέτι
1004 3729 1145 3801 μετά
1164 3726 1407 3797 ἀγωνίας
1432 3724 1525 3778 καὶ
1548 3722 1751 3799 τρόμου
1777 3719 1873 3773 καὶ
1904 3733 2067 3788 φρον-

378 3805 529 3888 τίδος-
563 3822 810 3894 ἁλλὴλοις
852 3817 1243 3888 συγγινόμεθα,
1282 3812 1419 3868 ἀλλά
1466 3812 1604 3882 μετά
1641 3808 1823 3871 ἀδείας
1870 3805 2069 3875 πολλῆς

382 3913 529 3966 ἅπαν
556 3891 1014 3979 ἀποτιναξάμενοι
1036 3905 1099 3959 τὸ
1123 3905 1258 3968 δέος’
1288 3902 1361 3966 ὡς
1394 3901 1492 3964 τάς
1518 3916 1583 3969 γε
1610 3895 1921 3969 ἔμπροσθεν
1942 3891 2082 3963 ἡμέ-

385 4018 484 4072 ρας
511 4001 620 4054 τῶν
646 3996 1120 4068 κλυδωνιζομένων
1147 3996 1204 4048 ἐν
1239 3994 1388 4065 μέσῳ
1418 3990 1663 4057 πελάγει,
1691 3987 1785 4039 καὶ
1818 3983 2074 4072 ναυάγιον

386 4071 503 4143 καθ’
544 4088 781 4158 ἑκάστην
825 4083 1252 4158 προσδοκώντων
1297 4079 1395 4152 τὴν
1442 4079 1615 4150 ὥραν,
1661 4074 1814 4128 οὐδὲν
1854 4071 2076 4139 ἄμεινον

386 4177 724 4247 διεκείμεθα,
761 4175 979 4247 μυρίαις
1006 4172 1072 4225 δι’
1095 4172 1223 4240 ὅλης
1256 4169 1471 4240 ἡμέρας
1498 4164 1814 4235 σοϐούμενοι
1843 4160 2075 4229 φήμαις,

387 4265 781 4338 ταραττόμενοι
804 4265 896 4318 καὶ
918 4261 1227 4332 δονούμενοι
1252 4258 1539 4319 πάντοθεν,
1569 4255 1664 4309 καὶ
1691 4250 1815 4306 καθ’
1840 4248 2077 4314 ἑκάστην

390 4332 604 4428 ἡμέραν
634 4332 1136 4425 -περιεργαζόμενοι
1185 4349 1280 4403 καὶ
1332 4339 1943 4415 πολυπραγμονοῦντες,
1996 4332 2079 4428 τίς

392 4422 618 4511 ἀφῖκται
649 4422 834 4496 ἐκτοῦ
866 4438 1262 4511 στρατοπέδου;
1288 4436 1340 4489 τί
1366 4436 1423 4489 δέ
1445 4433 1613 4487 ἐλθὼν
1634 4425 1960 4499 ἀπήγγειλε.
1986 4422 2081 4475 καὶ

393 4531 624 4602 πότερον
674 4529 874 4599 ἀληθὲς
919 4528 951 4599 ἢ
992 4525 1183 4598 ψευδὲς
1230 4525 1291 4577 τὸ
1349 4523 1669 4593 λεγόμενον;
1730 4517 1826 4571 καὶ
1878 4512 2080 4573 νύκτας

393 4622 636 4682 ἀΰπνους
672 4616 1064 4678 διατελοῦντες,
1105 4613 1202 4667 καὶ
1243 4612 1343 4683 τὴν
1385 4610 1542 4664 πόλιν
1580 4606 1815 4678 ὁρῶντες
1854 4602 1950 4656 καὶ
1988 4602 2081 4654 δα·-

396 4707 654 4777 κρύοντες
671 4706 745 4770 ὡς
761 4704 958 4758 αὐτίκα
978 4701 1377 4772 ἀπολουμένην.
1397 4698 1494 4752 Διά
1508 4696 1666 4752 τοῦτο
1690 4695 1784 4747 καὶ
1799 4692 1959 4762 ἡμεῖς
1974 4688 2072 4752 τάς

396 4776 707 4867 ἔμπροσθεν
725 4792 925 4855 ταύτας
940 4793 1277 4860 ὲσιγὴσαμεν
1297 4788 1532 4859 ἡμέρας,
1547 4784 1634 4838 διὰ
1656 4783 1717 4836 τὸ
1738 4776 2073 4835 κεκενῶσθαι

395 4883 495 4954 τὴν
531 4882 687 4936 πόλιν
730 4880 888 4952 ἡμῶν
940 4880 1180 4938 ἅπασαν.
1221 4876 1319 4930 καὶ
1360 4873 1498 4946 πρὸς
1540 4872 1640 4936 τὰς
1681 4868 1917 4941 ἐρημίας
1951 4882 2079 4937 μετ-

397 4970 632 5024 ωκίσθαι
662 4981 686 5010 ο
722 4969 953 5031 πάντας,
982 4968 1074 5021 καὶ
1100 4965 1187 5018 διὰ
1218 4964 1279 5018 τὸ
1298 4965 1424 5026 τοὺς
1461 4957 1885 5027 ὑπολειφθέντας
1923 4956 2080 5006 ἐσκο-

398 5058 605 5113 τσυσθαι
632 5056 710 5121 τῷ
736 5056 887 5126 νέφει
916 5055 1016 5125 τῆς
1045 5053 1301 5124 ἀθυμίας.
1333 5050 1495 5121 Ψυχὴ
1526 5049 1635 5118 γάρ
1665 5046 1813 5111 ἅπαξ
1841 5043 2081 5113 ἀθυμίας

401 5146 735 5218 πλησθεῖσα,
782 5144 919 5216 πρὸς
960 5144 1141 5196 πᾶσαν
1185 5139 1449 5213 ἀκρόασιν
1494 5141 1643 5192 ἐστιν
1684 5133 2078 5203 ἀνεπιτήδειος.

402 5236 502 5288 Διά
527 5234 688 5287 τοῦτο
713 5233 807 5287 καὶ
834 5233 886 5286 οἰ
904 5230 998 5284 τοῦ
1027 5229 1146 5283 Ἰὼϐ
1176 5229 1317 5297 φίλοι
1351 5224 1823 5299 παραγενόμενοι.
1855 5221 1950 5275 καὶ
1980 5220 2081 5288 τὴν

403 5320 712 5394 τραγῳδίαν
746 5321 843 5391 τῆς
884 5318 1063 5381 οἰκίας
1098 5316 1315 5387 ἐκείνης
1362 5315 1581 5378 ἰδόντες,
1618 5313 1712 5365 καὶ
1750 5310 1840 5363 τὸν
1877 5309 2082 5361 δίκαιον

406 5410 499 5465 ἐπὶ
526 5410 627 5481 τῆς
655 5409 885 5480 κοπρίας
925 5406 1231 5477 καθήμενον
1278 5405 1371 5458 καὶ
1407 5400 1746 5473 ἡλκωμένον,
1795 5396 2084 5468 διέρρηξάν

404 5517 466 5553 τε
503 5498 574 5551 τὰ
623 5497 814 5567 ἱμάτια
845 5495 1061 5558 αὐτῶν,
1100 5494 1194 5547 καὶ
1245 5491 1574 5562 ἀνῴμωξαν,
1617 5489 1712 5542 καὶ
1752 5489 1883 5557 Δσιγῇ
1939 5502 2082 5556 παρ-

407 5586 697 5656 εκάθηντο,
712 5585 995 5655 δηλοῦντες
1016 5584 1098 5636 ὃτι
1131 5581 1282 5635 οὐδὲν
1303 5579 1475 5643 οὓτως
1491 5576 1793 5647 ἐπιτήδειον
1818 5574 1968 5647 παρά
1986 5574 2085 5645 τὴν

408 5676 585 5748 ἀρχὴν
616 5676 727 5738 τοῖς
760 5672 1117 5743 ὀδυνωμένοις
1150 5670 1225 5732 ὡς
1252 5669 1448 5739 ἡσυχία
1469 5668 1562 5721 καί
1584 5668 1732 5736 σιγὴ·
1768 5666 1860 5719 καὶ
1884 5663 1993 5733 γὰρ
2017 5659 2086 5733 ἦν

414 5764 599 5835 μεῖζον
632 5760 983 5832 παραμυθίας
1011 5759 1071 5811 τὸ
1099 5757 1289 5821 πάθος.
1326 5758 1422 5809 Διά
1458 5756 1615 5808 τοῦτο
1649 5756 1739 5808 καὶ
1771 5754 1821 5806 οἰ
1846 5753 2086 5806 Ἰουδαῖοι

477 5995 501 6022 ⁸
527 5994 610 6041 Sic
633 5989 1003 6040 rescribendum
1032 5989 1139 6046 fuit,
1165 5998 1217 6037 ul
1241 5989 1564 6049 ιιι-ςιπιηιξιιίετςυ
1593 5994 1646 6035 et
1667 5987 1834 6033 sensui
1858 5985 2087 6049 ponsula-

416 6060 511 6103 tur.
544 6054 714 6103 Morel.
737 6058 790 6100 ιιι
817 6052 980 6100 Monu'.
999 6045 1329 6113 μετῳκεῖσῡαι.
1348 6048 1744 6113 Αιὶἱάιιιρτιιῄιιοε
1763 6045 2086 6113 δοιοὶιμετοι-

417 6120 627 6173 κισθῆναι
656 6117 878 6169 ἅπαντας.
904 6110 1011 6163 Ibid
1055 6110 1184 6163 εεινιι
1227 6120 1278 6160 el
1300 6113 1381 6161 alii
1413 6111 1768 6168 ἀπολειφθέντας
1792 6110 2086 6158 ἐσκοτῶσθαι

2150 2142 2228 2214 τῷ
2272 2147 2425 2218 πηλῷ
2452 2150 2544 2203 καὶ
2571 2153 2635 2222 τῇ
2667 2151 2916 2223 πλινθεία
2960 2154 3394 2225 προσδεδεμένοι,
3424 2156 3628 2210 Μωσέα
3657 2175 3835 2232 παρα-

2152 2233 2442 2304 γενόμενον
2476 2236 2697 2304 ἰδόντες,
2741 2241 2845 2293 οὐκ
2876 2242 3127 2296 ἐδύναντο
3170 2246 3283 2307 τοῖς
3322 2243 3638 2316 λεγομένοις
3667 2263 3839 2317 προσ-

2151 2321 2296 2390 ἐχειν
2325 2325 2434 2378 ἀπὸ
2457 2327 2557 2398 τῆς
2592 2328 2941 2399 ὀλιγοψυχίας
2976 2332 3072 2383 καὶ
3092 2332 3192 2403 τῆς
3233 2331 3465 2403 θλίψεως
3491 2333 3691 2388 αὐτῶν.
3728 2336 3839 2388 Kal

2150 2410 2203 2512 τί
2224 2411 2537 2512 θαυμαστὸν
2559 2417 2608 2469 εἰ
2633 2419 2958 2512 μιαρόιξαυχοί
2980 2437 3124 2483 τινες
3139 2420 3416 2492 ἄνθρωποι
3438 2421 3595 2475 τοῦτο
3614 2421 3835 2484 ἔπαθον,

2152 2501 2286 2551 ὅπου
2324 2501 2420 2554 καὶ
2451 2504 2577 2568 τοὺς
2606 2505 2855 2578 μαθητὰς
2885 2508 3212 2579 εὑρίσκομεν
3238 2508 3413 2580 τούτῳ
3443 2509 3841 2580 περιπεσόντας

2151 2588 2231 2659 τῷ
2259 2590 2455 2655 πάθει;
2486 2593 2642 2647 Μετά
2676 2594 2785 2666 γὰρ
2808 2595 2869 2648 τὸ
2899 2596 3159 2666 μυστικὸν
3188 2598 3365 2651 ἐκεῖνο
3389 2596 3625 2663 δεῖπνον,
3652 2595 3841 2665 ἐπειδὴ

2152 2678 2334 2732 λαϐὼν
2364 2681 2562 2745 αὐτοὺς
2586 2685 2615 2735 6
2648 2684 2882 2756 Χριστὸς
2914 2687 3035 2736 κατ’
3065 2684 3199 2737 ἰδίαν
3225 2684 3518 2753 διελέγετο,
3560 2682 3710 2754 παρά
3740 2682 3840 2754 μὲν

2152 2767 2253 2838 τὴν
2277 2768 2449 2841 ἀρχὴν
2476 2771 2714 2841 συνεχῶς
2751 2772 2912 2826 αὐτὸν
2941 2772 3168 2845 ἠρώτων
3196 2773 3245 2824 οἰ
3280 2771 3540 2843 μαθηταίο
3591 2770 3701 2825 Ποῦ
3738 2772 3843 2825 ὑπ·

2154 2858 2308 2925 άγεις
2332 2876 2345 2919 ;
2368 2858 2555 2928 ἐπειδὴ
2579 2860 2635 2912 δὲ
2658 2856 2810 2913 εἶπεν
2842 2861 3027 2925 αὐτοῖς
3065 2861 3132 2914 τά
3170 2861 3364 2931 μικρὸν
3389 2859 3617 2931 ὕστερον
3644 2859 3843 2924 αὐτοὺς

2153 2947 2504 3018 διαδεξόμενα
2526 2950 2692 3010 κακά,
2716 2952 2843 3013 τοὺς
2867 2950 3157 3021 πολέμους,
3180 2950 3279 3012 τάς
3302 2949 3719 3013 ἐπαναστάσεις.
3741 2948 3841 3013 τάς

2157 3036 2453 3105 ἀπεχθείας
2477 3038 2577 3101 τάς
2596 3037 2745 3108 παρά
2766 3038 3007 3101 πάντων,
3027 3039 3126 3101 τὰς
3154 3038 3443 3107 μάστιγας,
3467 3036 3536 3089 τά
3556 3036 3842 3108 δεσμωτὴ-

2159 3140 2271 3192 ρια,
2308 3124 2375 3177 τὰ
2405 3125 2753 3196 δικαστήρια,
2788 3124 2888 3188 τὰς
2920 3126 3244 3193 ἀπαγωγὰς,
3282 3124 3474 3196 ὥσπερ
3501 3124 3607 3176 τινὶ
3637 3123 3844 3194 φορτίῳ

2159 3210 2447 3282 βαρυτάτῳ
2464 3212 2543 3282 τῷ
2565 3213 2715 3283 φόϐῳ
2736 3212 2843 3266 τῶν
2866 3214 3171 3284 εἰρημένων
3196 3212 3292 3265 καὶ
3314 3214 3381 3283 τῇ
3412 3212 3520 3265 τῶν
3543 3210 3844 3282 μελλόντων

2159 3300 2368 3372 ἀθυμίᾳ
2405 3301 2699 3373 πιεζομένη
2746 3302 2868 3355 τότε
2912 3302 3090 3355 αὐτῶν
3120 3304 3154 3373 ἡ
3199 3301 3371 3371 ψυχὴ,
3416 3300 3624 3371 ἀχανὴς
3659 3298 3844 3352 λοιπὸν

2160 3389 2363 3459 ἔμεινε.
2394 3390 2484 3443 Διὸ
2520 3390 2888 3461 συγχυθέντας
2914 3390 2941 3430 δ
2967 3390 3166 3451 αὐτοὺς
3203 3388 3325 3443 ἰδὼν
3354 3390 3383 3441 6
3412 3386 3649 3459 Χριστὸς
3669 3427 3684 3450 ,
3713 3385 3846 3440 αὐτὸ

2102 3513 2111 3521 -
2158 3478 2313 3531 τοῦτο
2335 3478 2611 3545 ὀνειδίζων
2655 3480 2830 3549 ἔλεγε·
2883 3480 3225 3547 Πορεύομαιμ
3257 3476 3410 3547 πρὸς
3462 3476 3570 3529 τὸν
3614 3473 3847 3549 Πατέρα

2156 3584 2298 3636 μου,
2324 3568 2423 3621 καὶ
2450 3567 2652 3633 οὐδεὶς
2671 3568 2739 3632 ἐξ
2761 3547 2930 3636 ὑμῶν
2948 3567 3132 3635 ἐρωτᾷ
3145 3555 3245 3637 ﬁt
3263 3566 3386 3620 Ποῦ
3401 3563 3650 3634 ὑπάγεις
3670 3579 3688 3626 ;
3706 3547 3846 3616 ἀλλ’

2164 3656 2253 3709 ὅτι
2277 3657 2460 3711 ταῦτα
2482 3658 2800 3724 λελάληκα
2818 3659 2981 3728 ὑμῖν,
3011 3657 3050 3724 ἡ
3076 3657 3242 3723 λύπη
3264 3653 3660 3721 πεπλήρωκεν
3682 3649 3849 3720 ὑμῶν

2164 3743 2281 3812 τὴν
2312 3746 2583 3813 καρδίαν.
2615 3747 2714 3799 Διά
2727 3746 2886 3801 τοῦτο
2905 3746 3000 3799 καὶ⁸
3027 3746 3188 3817 ἡμεῖς
3212 3746 3550 3812 ἐσιγὴσαμεν
3574 3739 3674 3792 ’τὸν
3715 3754 3848 3807 παρ⁶

2169 3832 2391 3887 ελθόντα
2434 3834 2646 3906 χρόνον,
2690 3834 2783 3888 τὸν
2818 3834 3064 3906 παρόντα
3106 3832 3297 3902 καιρὸν
3362 3829 3743 3898 ἀναμένοντες.
3789 3828 3848 3879 Εἰ

2170 3922 2279 3994 γὰρ
2300 3925 2327 3977 6
2349 3923 2557 3993 μέλλων
2576 3922 2783 3976 δεῖσθαί
2800 3940 2966 3986 τινος,
2989 3923 3092 3976 κᾶν
3112 3918 3309 3989 εὔλογα
3334 3918 3502 3989 μέλλῃ
3524 3916 3848 3988 προτείνειν,

2172 4012 2585 4084 ἐπιτηδειότητα
2608 4011 2868 4081 ἀναμένει
2891 4007 3107 4081 καιροῦ.
3139 4010 3285 4071 ὅπως
3316 4007 3509 4078 ἡμέρῳ
3536 4005 3628 4059 καὶ
3657 3999 3715 4057 εὖ
3738 4003 3853 4055 δια-

2174 4099 2412 4169 κειμένῳ
2444 4098 2523 4169 τῷ
2559 4099 2804 4170 μέλλοντι
2827 4098 3027 4151 διδόναι
3050 4097 3148 4168 τὴν
3183 4096 3399 4166 αἴτησιν
3424 4091 3733 4165 προσέλθοι,
3758 4091 3853 4143 καὶ

2174 4188 2273 4257 τὴν
2301 4187 2409 4241 ἀπὸ
2431 4186 2526 4240 τοῦ
2562 4187 2758 4258 καιροῦ
2786 4186 2967 4240 λαϐὼν
2997 4185 3314 4257 συμμαχίαν
3352 4180 3599 4250 ἐπιτύχοι
3626 4178 3727 4249 τῆς
3756 4178 3855 4248 χά-

2180 4293 2345 4346 ριτος,
2382 4275 2561 4347 πολλῷ
2597 4276 2798 4346 μᾶλλον
2833 4275 2924 4328 τὸν
2960 4273 3184 4341 λέγοντα
3216 4270 3404 4342 καιρὸν
3432 4267 3733 4337 ἐπιτήδειον
3758 4266 3856 4336 ζη-

2177 4366 2288 4416 τεῖν
2328 4366 2451 4435 χρὴ,
2485 4365 2634 4428 ὅπως
2676 4360 2735 4418 εῦ
2767 4362 3092 4433 διακειμένῳ
3133 4360 3210 4430 τῷ
3249 4359 3491 4430 ἀκροατῇ
3532 4357 3627 4409 καὶ
3674 4354 3856 4424 πάσης

2179 4452 2584 4524 ἀπηλλαγμένῳ
2627 4451 2908 4523 φροντίδος
2950 4449 3046 4503 καὶ
3095 4448 3334 4520 ἀθυμίας
3364 4445 3694 4518 προσαγάγῃ
3728 4441 3856 4503 τοὺς

2179 4538 2389 4608 λόγουςο
2415 4540 2445 4592 ὃ
2470 4540 2535 4611 δὴ
2566 4540 2661 4594 καὶ
2688 4542 2848 4611 ἡμεῖς
2878 4538 3281 4608 πεποιήκαμεν.

2253 4649 2263 4719 Ι
2281 4652 2299 4704 1
2322 4648 2404 4722 16]
2418 4650 2479 4720 β’.
2491 4650 2603 4703 Νῦν
2624 4648 2754 4716 γοῦν
2777 4648 2964 4719 ἐπειδὴ
2977 4645 3073 4717 τὴν
3088 4644 3325 4715 ἀθυμίαν
3342 4632 3858 4704 ἀπετινάξασθε,κσί

2179 4740 2289 4791 τῶν
2310 4739 2589 4810 πρ,τέρων
2624 4739 2770 4809 ὑμᾶς
2829 4736 3142 4806 ἀναμνῆσαι
3176 4730 3495 4802 βουλόμεθα,
3527 4728 3668 4781 ὥστε
3691 4725 3859 4795 σαφέ-

2181 4843 2372 4899 στερον
2393 4828 2520 4897 ὑμῖν
2537 4826 2787 4895 γενέσθαι
2809 4825 2902 4879 τὸν
2934 4823 3113 4891 λόγον’
3143 4821 3170 4874 ὃ
3198 4820 3308 4891 γὰρ
3339 4819 3468 4890 περ)⁵
3502 4817 3600 4887 τῆς
3628 4814 3860 4876 κτίσεως

2179 4918 2504 4987 εἰρήκαμεν,
2528 4917 2609 4969 ὅτι
2637 4916 2760 4985 οὐχὶ
2785 4914 2958 4984 καλὴν
2991 4911 3150 4983 μόνον
3184 4908 3279 4962 καὶ
3304 4907 3621 4977 θαυμαστὴν
3644 4903 3739 4956 καί⁵
3761 4918 3860 4972 με·

2179 5005 2354 5075 γάλην
2390 5003 2559 5074 αὐτὴν
2607 5004 2863 5072 ἐποίησεν
2905 5004 2933 5055 6
2977 5000 3144 5063 Θεὸς,
3190 4996 3328 5050 ἀλλά
3370 4994 3464 5048 καὶ
3517 4990 3721 5059 ἀσθενῆ
3765 4988 3860 5043 καὶ

2183 5092 2450 5163 φθαρτὴν,
2495 5093 2590 5145 καὶ
2632 5091 2837 5144 τούτων
2872 5087 3053 5142 αὐτῶν
3091 5086 3254 5140 πάλιν
3305 5082 3475 5136 πολλά
3524 5079 3861 5148 ἐγκατέθηκε

2180 5183 2479 5252 δείγματα,
2504 5180 2786 5250 ἀμφότερα
2814 5179 2952 5249 πρὸς
2978 5176 3039 5230 τὸ
3069 5178 3337 5247 χρήσιμον
3366 5173 3497 5242 ἡμῖν
3526 5168 3823 5237 οἰκονομῶν
3842 5206 3859 5229 ,

2183 5272 2278 5325 καὶ
2315 5271 2404 5323 διὰ
2446 5271 2544 5340 μὲν
2564 5268 2657 5321 τοῦ
2692 5268 2923 5330 κάλλους
2956 5267 3036 5329 εἰς
3066 5265 3127 5317 τὸ
3154 5263 3339 5333 θαῦμα
3372 5259 3467 5313 τοῦ
3501 5255 3863 5327 πεποιηκότος

2184 5361 2415 5428 ἐνάγων,
2456 5358 2545 5413 διὰ
2578 5357 2633 5410 δὲ
2670 5357 2771 5427 τῆς
2809 5354 3091 5417 ἀσθενείας
3124 5351 3218 5406 τοῦ
3264 5346 3517 5404 σέϐεσθαι
3549 5346 3648 5417 τὴν
3685 5344 3863 5399 κτίσιν

2186 5451 2331 5520 ἡμᾶς
2360 5448 2607 5515 ἀπάγων·
2641 5445 2797 5500 τοῦτο
2829 5444 2922 5498 καὶ
2957 5444 3049 5496 ἐπὶ
3075 5440 3168 5494 τοῦ
3203 5438 3451 5509 σώματος
3475 5434 3568 5488 τοῦ
3591 5433 3862 5505 ἡμετέρου

2187 5538 2333 5590 ἔστιν
2363 5538 2488 5590 ἰδεῖν
2514 5535 2900 5605 γεγενημένον.
2931 5531 3038 5584 Kal
3059 5528 3167 5599 γὰρ
3188 5528 3282 5581 καὶ
3311 5525 3441 5596 περὶ
3460 5524 3652 5578 τούτου
3680 5520 3864 5575 πολλοὶ

2189 5625 2410 5695 ζητοῦσι
2444 5623 2552 5677 τῶν
2591 5640 2651 5675 τε
2682 5623 2782 5693 τῆς
2822 5619 3079 5691 ἀληθείας
3108 5614 3318 5689 ἐχθρῶν
3352 5615 3462 5667 τῶν
3494 5629 3555 5665 τε
3599 5612 3698 5664 σὺν
3730 5611 3866 5680 ἡμῖν

2186 5713 2553 5785 τεταγμένων,
2605 5712 2751 5775 τίνος
2813 5710 2996 5763 ἕνεκεν
3051 5703 3287 5777 φθαρτὸν
3333 5702 3427 5757 καὶ
3468 5700 3731 5773 ἐπίκηρον
3769 5698 3865 5766 γέ·-

2189 5818 2365 5870 γονεν.

2191 5962 2261 6025 τῷ
2280 5962 2423 6023 νέφει.
2465 5956 2784 6021 (Savilianum
2808 5956 3103 6005 ἐσκοτῶσθαι
3135 5957 3365 6019 recipere
3399 5948 3696 6013 vlsumcst.)
3726 5947 3846 6000 ΕΜΙ

2254 6042 2283 6083 ι)
2310 6042 2433 6093 Tres
2456 6053 2569 6091 mss.
2596 6039 2669 6088 διὸ
2693 6038 3019 6101 συσχεθέντας.
