4112 6388
319 486 412 542 I21

392 599 666 670 Ἑλλήνων
712 599 768 652 δέ
812 596 994 652 πολλοὶ
1037 599 1129 651 καὶ
1173 595 1464 667 αἰρετικῶν
1510 597 1629 649 οὐδὲ
1671 596 1997 667 γεγενῆσθαι

315 688 452 741 αὐτὸ
479 688 628 758 παρά
666 687 761 740 τοῦ
799 687 935 739 Θεοῦ
970 701 1132 752 φασιν
1193 685 1412 748 ἀνάξιον
1451 686 1559 755 γάρ
1591 686 1725 738 αὐτὸ
1759 685 1857 756 τῆς
1897 683 1994 736 τοῦ

307 776 454 828 ’Θεοῦ
469 776 540 846 ’δη
551 792 672 845 μιου
683 772 838 844 ργίας
864 769 1002 826 εἶναι
1027 772 1267 840 λέγουσι,
1299 771 1502 842 ῥύπους
1523 773 1617 824 καὶ
1644 772 1873 842 ἱδρῶτας
1901 771 1996 824 καὶ

299 863 527 933 ιδάκρυα
561 865 654 916 καὶ
686 864 880 920 πόνους
927 862 1024 914 καὶ
1071 860 1447 930 ταλαιπωρίας
1485 862 1580 912 καὶ
1621 859 1690 912 τά
1728 859 1866 913 ἄλλα
1903 859 1995 912 τοῦ

321 952 571 1021 σώματος
587 951 832 1012 ἐπιόντες
853 950 1090 1002 ἅπαντα.
1123 947 1263 1014 Ἐγὼ
1291 946 1369 1008 δὲ,
1401 947 1616 1000 ἐπειδάν
1633 948 1770 1018 περὶ
1795 947 1997 1000 τούτων

321 1039 543 1107 γένηται
565 1038 740 1104 λόγος,
768 1035 984 1107 πρῶτον
1011 1035 1109 1098 μὲν
1133 1035 1308 1086 ἐκεῖνο
1330 1033 1396 1085 ἂν
1427 1032 1774 1102 εἴποιμιοΜή
1803 1050 1891 1102 μοι
1905 1033 1997 1085 τὸν

314 1125 603 1192 ἄνθρωπον
637 1125 762 1189 λέγε
792 1123 980 1175 τοῦτον
1002 1121 1093 1172 τὸν
1119 1121 1625 1191 προσκεκρουκότα,
1669 1121 1761 1171 τὸν
1790 1120 1999 1189 ἠτιμω-

322 1212 500 1280 μένον,
523 1212 615 1263 τὸν
645 1209 1128 1265 καταδικασθέντα·
1157 1208 1271 1262 ἀλλ’
1302 1210 1350 1260 εί
1385 1206 1563 1275 βούλει
1597 1208 1790 1277 μαθεῖν
1816 1209 1997 1260 ὁποῖον

318 1299 377 1363 ἐξ
414 1300 587 1370 ἀρχῆς
618 1302 748 1368 ἡμῖν
782 1313 806 1338 ι·
837 1298 898 1351 τὸ
933 1297 1094 1367 σῶμα
1126 1297 1361 1349 ἔπλασεν
1389 1298 1416 1348 ό
1447 1297 1598 1357 Θεὸς,
1635 1297 1726 1347 ἐπὶ
1751 1296 1844 1347 τὸν
1878 1312 1998 1346 πα·-

324 1386 565 1457 ράδεισον
588 1387 850 1454 ἔλθωμεν,
873 1386 969 1438 καὶ
993 1386 1084 1438 τὸν
1113 1384 1169 1450 ἐξ
1194 1385 1368 1454 ἀρχῆς
1392 1384 1686 1453 γενόμενον
1714 1382 1998 1452 ἄνθρωπον

319 1475 653 1544 ίδωμεν.λ·υύ
683 1471 965 1544 γὰρ-οὕτω
997 1470 1060 1525 τὸ
1090 1471 1250 1541 σῶμα
1280 1474 1453 1523 ἐκεῖνο
1485 1470 1720 1540 φθαρτὸν
1743 1471 1838 1522 καὶ
1874 1469 1995 1522 ἐπί-

318 1579 488 1632 κηρον
520 1557 609 1631 ἦν,
646 1560 761 1613 ἀλλ’
789 1559 978 1628 ὥσπερ
1015 1576 1097 1620 τις
1126 1558 1356 1630 χρυσοῦς
1399 1557 1622 1628 ἀνδριάς
1658 1555 1766 1609 ἀπὸ
1796 1574 1998 1625 χωνευ·

315 1649 504 1720 τηρίου
545 1647 826 1718 προελθὼν
867 1646 992 1717 ἄρτι
1035 1644 1130 1699 καὶ
1174 1646 1422 1715 λαμπρόν
1461 1643 1823 1706 ἀποστίλϐων,
1858 1642 2000 1695 οὕτω

320 1738 500 1807 πάσης
533 1735 736 1805 φθορᾶς
771 1735 945 1786 ἐκεῖνο
969 1731 1029 1784 τὸ
1057 1732 1224 1803 σῶμα
1257 1731 1593 1801 ἀπήλλακτο,
1624 1732 1718 1783 καὶ
1744 1729 1867 1783 οὔτε
1900 1731 1998 1783 πό-

319 1840 408 1884 νος
429 1822 662 1892 ήνόχλει,
685 1821 806 1874 οὕτε
835 1821 993 1891 ἱδρὼς
1018 1820 1358 1890 ἐλυμαίνετο,
1387 1821 1447 1872 οὐ
1468 1819 1754 1890 ,φροντίδες
1779 1817 2002 1872 ἐπεϐού·

320 1910 495 1970 λευον,
527 1911 625 1962 οὐκ
657 1908 885 1978 ἀθυμίαι
919 1908 1291 1978 ἐπολιόρκουν,
1325 1907 1424 1959 οὐκ
1453 1906 1580 1958 ἄλλο
1612 1922 1666 1958 τι
1691 1904 1798 1957 τῶν
1822 1903 1998 1957 τοιού-

315 2013 426 2049 των
454 1997 638 2050 ἐλύπει
676 1996 883 2048 παθῶν·
921 1995 1108 2064 ἐπειδὴ
1139 1995 1198 2047 δὲ
1234 1994 1526 2064 σωφρόνως
1555 1994 1656 2063 τήν
1695 1992 1998 2063 εὐημερίαν

317 2087 417 2136 οὐκ
443 2084 670 2156 ήνεγκεν
689 2124 702 2143 ,
740 2083 853 2137 ἀλλ’
895 2083 1180 2150 ἐξύϐρισεν
1209 2083 1288 2145 εἰς
1314 2082 1404 2134 τὸν
1437 2080 1752 2152 εὐεργέτην,
1787 2079 1880 2131 καὶ
1907 2078 1998 2131 τὸν

314 2172 607 2224 ἀπατεῶνα
637 2171 866 2240 δαίμονα
911 2170 1005 2223 τοῦ
1047 2170 1343 2240 κηδεμόνος
1378 2168 1512 2221 Θεοῦ
1548 2169 1642 2222 καὶ
1671 2167 2000 2237 τιμήσαντος

313 2260 479 2314 αὐτὸν
507 2261 753 2330 ἐνόμισεν
785 2259 1220 2326 ἀξιοπιστότερον
1266 2252 1427 2322 εἶναι,
1473 2256 1567 2310 καὶ
1595 2255 1716 2319 θεὸς
1747 2253 2000 2324 γενέσθαι

317 2349 706 2419 προσεδόκησε,
742 2349 837 2401 καὶ
874 2346 1097 2417 μείζονα
1130 2347 1229 2416 τῆς
1253 2346 1462 2408 οἰκείας
1495 2344 1654 2410 ἀξίας
1686 2343 1878 2397 ἔλαϐεν
1910 2342 1997 2394 ἐν-

313 2452 488 2500 νοιαν,
518 2436 638 2487 τότε
669 2436 756 2506 δὴ,
789 2435 909 2487 τότε
942 2435 1037 2488 καὶ
1063 2433 1153 2487 διὰ
1177 2433 1286 2486 τῶν
1314 2431 1658 2503 πραγμάτων
1683 2429 1864 2484 αὐτῶν
1892 2447 1999 2482 σω-

314 2523 587 2594 φρονίζων
618 2523 780 2574 αὐτὸν
804 2525 832 2575 ὀ
864 2521 1020 2585 Θεὸς,
1044 2521 1283 2591 φθαρτόν
1315 2536 1376 2573 τε
1403 2519 1627 2590 ἐποίησε
1651 2519 1744 2572 καὶ
1775 2516 1996 2588 θνητὸν,

317 2611 412 2663 καὶ
442 2613 560 2673 ταῖς
585 2609 805 2673 πολλαῖς
839 2610 1064 2672 ταύταις
1101 2607 1396 2678 κατέδησεν
1437 2607 1722 2676 ἀνάγκαις,
1758 2605 1877 2675 οὐχὶ
1909 2621 2000 2674 μι-

319 2698 448 2759 σῶν,
468 2697 586 2749 οὐδὲ
615 2697 1111 2766 ἀποστρεφόμενος,
1136 2695 1270 2748 ἀλλά
1289 2695 1610 2766 κηδόμενος,
1643 2693 1739 2746 καὶ
1770 2691 1868 2764 τὴν
1897 2708 1998 2743 ποι

316 2788 490 2858 νηράν
526 2785 619 2838 καὶ
643 2784 885 2855 ὀλέθριον
918 2783 1135 2855 ἐκείνην
1163 2784 1422 2835 ἀπόνοιαν
1460 2784 1522 2835 ἐκ
1557 2781 1859 2852 προοιμίων
1889 2797 1999 2832 κω-

316 2874 480 2939 λύων,
515 2873 607 2926 καὶ
635 2872 944 2944 περαιτέρω
973 2871 1259 2940 προελθεῖν
1282 2871 1382 2921 οὐκ
1415 2870 1539 2930 ἐῶν,
1577 2869 1713 2922 ἀλλὰ
1739 2868 1804 2922 δι’
1833 2868 2001 2937 αὐτῆς

315 2961 426 3016 τῶν
455 2962 796 3034 πραγμάτιον
826 2962 924 3031 τῆς
956 2959 1151 3030 πείρας
1175 2959 1442 3012 διδάσκων
1468 2958 1630 3010 αὐτὸν
1649 2998 1663 3020 ,
1693 2959 1776 3010 ὅτι
1807 2955 2001 3026 θνητός

316 3051 376 3102 τέ
402 3051 518 3103 ἐστι
557 3050 650 3103 καὶ
695 3049 984 3120 ἐπίκηρος,
1016 3049 1110 3102 καὶ
1146 3047 1320 3118 ταύτῃ
1358 3047 1558 3099 πείθων
1587 3046 1854 3117 μηδέποτε
1891 3061 2002 3096 τοι·

317 3138 459 3192 αῦτα
516 3136 881 3208 φαντάζεσθαι
923 3137 1016 3190 καὶ
1061 3135 1444 3207 ὀνειροπολεῖν·
1490 3135 1584 3188 καὶ
1629 3135 1735 3206 γὰρ
1771 3129 1924 3185 εἶπεν
1974 3133 2002 3184 ὀ

317 3227 580 3290 διάϐολος·
601 3229 861 3280 Ἔσεσθε
875 3225 953 3291 ὡς
965 3225 1108 3279 θεοί.
1123 3223 1425 3296 Πρόρριζον
1440 3219 1532 3276 οὖν
1546 3221 1748 3293 ταύτην
1765 3221 2005 3274 ἀνασπά-

320 3331 410 3368 σαι
447 3314 766 3386 βουλόμενος
787 3314 885 3384 τὴν
908 3313 1138 3374 ἔννοιαν,
1168 3310 1479 3375 πολυπαθὲς
1509 3310 1672 3364 αὐτοῦ
1697 3310 1790 3362 καὶ
1810 3309 2000 3361 ταλαί-

319 3420 503 3475 πωρον
531 3401 592 3455 τὸ
630 3401 788 3473 σῶμα
821 3400 1123 3471 πεποίηκε,
1169 3399 1237 3453 δι’
1279 3398 1452 3468 αὐτῆς
1489 3399 1588 3469 τῆς
1628 3398 1844 3466 φύσεως
1878 3414 2005 3449 παι-

317 3491 489 3546 δεύων
517 3489 699 3553 αὐτὸν,
737 3489 1008 3583 μηδέιςοτε
1031 3487 1288 3558 τοιαύτην
1309 3485 1495 3538 λαϐεῖν
1522 3485 1750 3538 ἔννοιαν.
1791 3485 1899 3537 Καὶ
1922 3485 2004 3537 ότι

318 3579 479 3631 τοῦτό
505 3581 650 3632 ἐστιν
683 3573 1172 3647 άληθὲς,“μάλιστα
1206 3575 1301 3644 μὲν
1328 3574 1422 3627 καὶ
1445 3575 1510 3626 ἐκ
1543 3574 1651 3624 τῶν
1682 3574 1766 3624 ἐπ’
1794 3573 2002 3625 ἐκείνου

322 3665 704 3736 γεγενημένων
749 3665 926 3736 δῆλον·
973 3664 1112 3734 μετά
1150 3663 1258 3734 γάρ
1293 3664 1392 3733 τὴν
1427 3661 1752 3732 προσδοκίαν
1789 3663 2004 3730 ἐκείνην

322 3753 496 3826 ταύτῃ
537 3753 902 3824 κατεδικάσθη
943 3756 1010 3824 τῇ
1049 3751 1307 3822 τιμωρίᾳ.
1353 3751 1464 3805 Καὶ
1506 3750 1697 3802 σκόπει
1734 3766 1822 3819 μοι
1867 3749 2003 3802 Θεοῦ

325 3841 560 3895 σύνεσιν·
603 3843 702 3896 οὒκ
723 3842 934 3910 ἀφῆκεν
966 3841 1129 3894 αὐτὸν
1156 3841 1370 3911 πρῶτον
1400 3837 1713 3903 ἀποθανεῖν,
1755 3836 1890 3890 ἀλλά
1914 3837 2006 3889 τὸν

323 3931 441 3983 υἱὸν
472 3930 560 3983 τὸν
595 3930 806 3982 ἐκείνου
835 3928 1179 3999 συνεχώρησε
1207 3926 1364 3979 τοῦτο
1402 3925 1615 3988 παθεῖν,
1643 3925 1730 3978 ἵνα
1760 3925 1868 3995 πρὸ
1898 3924 2006 3978 τῶν

320 4017 614 4088 ὀφθαλμῶν
642 4016 764 4070 ἰδὼν
786 4017 844 4069 τὸ
870 4017 1028 4088 σῶμα
1055 4016 1358 4086 σηπόμενον
1389 4014 1484 4067 καὶ
1516 4013 1890 4085 φθειρόμενον,
1920 4031 2008 4078 με-

323 4106 496 4178 γάλην
529 4105 636 4159 ἀπὸ
668 4105 767 4176 τῆς
798 4105 975 4174 ὄψεως
1011 4104 1214 4175 ταύτης
1245 4103 1462 4174 δέξηται
1508 4100 1656 4174 [H7]
1691 4102 2008 4171 φιλοσοφίας

322 4194 692 4254 διδασκαλίαν,
722 4193 817 4247 καὶ
855 4192 1000 4263 μάθῃ
1031 4192 1084 4246 τί
1118 4192 1330 4260 γέγονε,
1361 4190 1458 4244 καὶ
1485 4189 1872 4262 σωφρονισθείς
1905 4207 2007 4242 κα-

324 4282 453 4348 λῶς,
486 4282 659 4348 οὕτως
691 4280 940 4336 ἐντεῦθεν
965 4280 1196 4353 ἀπέλθῃ.

396 4371 646 4426 Μάλιστα
669 4370 774 4441 μὲν
795 4364 910 4434 οῦν,
940 4369 1079 4439 ὅπερ
1113 4367 1271 4436 ἐφην,
1306 4365 1401 4419 καὶ
1435 4366 1499 4418 ἐκ
1521 4363 1627 4418 τῶν
1653 4364 1752 4436 ἤδη
1783 4381 2009 4436 γεγενη-

328 4457 507 4529 μένων
534 4455 691 4510 τοῦτο
711 4454 889 4525 δῆλον,
915 4456 1014 4509 οὐκ
1032 4451 1252 4507 ἔλαττον
1272 4453 1328 4504 δὲ
1349 4453 1443 4506 καὶ
1463 4454 1528 4506 ἐκ
1545 4451 1652 4505 τῶν
1677 4452 1816 4522 μετά
1836 4451 2008 4506 ταῦτα

328 4545 719 4617 ῥηθησομένων
762 4543 918 4597 ἔσται
963 4541 1218 4614 φανερόν.
1265 4541 1329 4592 Εἰ
1371 4540 1480 4612 γὰρ
1529 4540 1742 4612 ἀνάγκῃ
1783 4539 2010 4613 τοιαύτῃ

323 4633 422 4684 τοῦ
465 4634 714 4702 σώματος
752 4630 1120 4701 ἐνδεδεμένου,
1164 4628 1261 4680 καὶ
1302 4627 1522 4682 πάντων
1557 4627 2008 4698 ἀποθνησκόντων

326 4722 424 4774 καὶ
479 4720 847 4791 φθειρομένων
899 4721 993 4772 καὶ
1036 4717 1361 4789 σηπομένων
1405 4718 1465 4769 ἐν
1516 4720 1634 4779 ταῖς
1683 4717 1940 4770 ἁπάντων
1979 4717 2008 4757 ι)

309 4807 486 4877 ’ὕψεσι
519 4809 612 4860 καὶ
639 4806 1035 4876 διαλελυμένων
1065 4807 1144 4868 εἰς
1173 4804 1342 4867 κόνιν,
1371 4803 1468 4857 καὶ
1495 4803 1603 4855 τῶν
1635 4803 1830 4868 ἔξωθεν
1856 4804 2009 4873 φιλο-

330 4895 624 4962 σόφωνιένα
649 4895 744 4947 καὶ
770 4893 960 4948 τοῦτον
994 4893 1376 4966 ποιησαμένων
1405 4892 1862 4963 συμπληρωτικὸν
1885 4894 2009 4963 ὅρον

323 4981 425 5036 τοῦ
473 4982 584 5035 τῶν
631 4980 934 5054 ἀνθρώπων
976 4983 1166 5051 γένους
1195 4979 1582 5052 (ἐρωτηθέντες
1623 4980 1753 5051 γὰρ,
1791 4979 1844 5033 τί
1877 4997 2008 5033 ποτε

329 5070 616 5143 ἅνθρωπός
649 5071 784 5132 ἐστι,
828 5070 964 5134 ζῶον
1004 5069 1220 5138 λογικὸν
1265 5067 1458 5137 θνητὸν
1501 5063 1694 5137 εἷπον)·
1743 5069 1792 5121 εί
1829 5067 2008 5122 τοίνυν

328 5160 552 5212 *πάντων
576 5157 751 5212 ταῦτα
776 5157 1182 5228 ὁμολογούντων
1212 5156 1515 5227 ἐτόλμησαν
1540 5156 1768 5220 ἑαυτοὺς
1796 5155 2008 5209 ἀπαθα-

329 5246 545 5300 νατίσαι
589 5246 731 5310 τινὲς
773 5247 829 5299 ἐν
865 5249 986 5309 ταῖς
1024 5245 1134 5298 τῶν
1174 5245 1385 5296 πολλῶν
1426 5243 1746 5314 ὑπολήψεσι,
1781 5244 1877 5298 καὶ
1913 5245 2011 5314 τῆς

328 5335 506 5404 ὖψεως
550 5333 930 5406 μαρτυρούσης
967 5334 1058 5386 τὸν
1098 5332 1360 5393 θάνατον,
1396 5331 1806 5400 ἐφιλονείκησαν
1846 5333 2010 5404 ἀναρ-

333 5423 566 5494 ρηθῆναι
591 5422 723 5486 θεοὶ,
747 5423 841 5476 καὶ
863 5421 1200 5492 ἐτιμήθησαν
1222 5419 1415 5481 οὕτως·
1438 5419 1485 5470 εἰ
1508 5419 1581 5488 μὴ
1617 5419 2010 5490 προύχώρησεν

330 5511 360 5564 ὁ
386 5509 615 5575 θάνατος
646 5509 912 5564 διδάσκων
956 5507 1202 5570 ἅπαντας
1247 5507 1306 5560 τὸ
1345 5507 1443 5576 τῆς
1483 5507 1696 5575 φύσεως
1747 5507 2010 5578 ἐπίκηρον

333 5599 428 5652 καὶ
454 5598 714 5668 φθαρτὸν,
748 5597 852 5650 ποῦ
884 5598 986 5650 οὐκ
1021 5597 1088 5650 ἂν
1115 5594 1382 5663 ἐξέϐησαν
1410 5595 1659 5657 ἀσεϐείας
1686 5595 1871 5648 πολλοὶ
1899 5595 2009 5648 τῶν

333 5685 673 5755 ἁνθρώπων;
705 5687 968 5738 ’Ᾱκουσον
1000 5683 1179 5736 τοίνυν
1215 5683 1268 5735 τί
1309 5699 1472 5751 φησιν
1507 5683 1534 5734 ὀ
1561 5685 1846 5754 προφήτης
1883 5684 2010 5755 περί

332 5791 478 5835 τινος
535 5772 808 5843 βαρϐάρου
859 5773 1121 5844 βασιλέως
1180 5770 1434 5840 τοιαύτην
1480 5771 1738 5841 μανέντος
1789 5772 2005 5840 μανίαν·

399 5914 425 5940 ⁸
452 5911 544 5959 Alii
571 5913 719 5972 ἡμῶν.

399 5973 424 6012 b
452 5974 550 6020 Alii
574 5974 647 6018 ἐπὶ
670 5975 768 6028 ταῖς
791 5976 873 6020 ἀπ.
902 5975 1054 6020 Paulo
1076 5980 1186 6034 post
1214 5973 1385 6021 Morel.
1411 5976 1492 6022 ἕνα
1513 5976 1592 6022 καὶ
1615 5973 1782 6023 τοῦτον
1801 5993 2006 6031 ποιησα-

339 6036 508 6098 μένων.
531 6034 678 6080 SnVil.
708 6037 754 6081 in
781 6041 921 6098 lexin
945 6035 1026 6098 ἕνα
1062 6037 1146 6098 καί
1170 6036 1349 6081 τούτων
1373 6039 1726 6098 ποιησαμένων,
1753 6047 1854 6086 tres
1889 6051 2003 6086 mss.

342 6096 453 6143 Sui.
474 6108 525 6142 in
549 6108 697 6158 marg.
725 6098 806 6143 ἕνα
829 6097 908 6142 καὶ
932 6097 1010 6142 τὸν
1045 6096 1185 6144 αὐτὸν
1221 6096 1568 6157 ποιησαμένων,

1060 483 1118 538 S.
1161 481 1449 537 JOAN‘NIS
1489 481 1988 537 CHRYSOSTOMI
2031 480 2352 536 ARCIIIEP.
2395 474 2946 535 CONSTANTINOP.

3671 479 3779 531 ΗΞ

2103 595 2339 648 Ἰἰπιὶνω
2366 594 2484 648 τῶν
2537 596 2775 662 ἄστρων
2808 595 2914 647 τοῦ
2961 590 3219 661 οὐρανοῦ
3245 591 3432 657 θήσω.
3469 593 3626 660 φησὶ,
3670 593 3782 644 τὸν

2100 683 2318 750 θρόνον
2337 700 2476 751 μου,
2510 683 2606 736 καὶ
2633 683 2845 750 ἔσομαι
2873 681 3072 749 ὅμοιος
3103 678 3183 744 τῷ
3225 673 3648 747 Ὑψίστφ..Εἷτα
3681 697 3782 732 και

2101 770 2345 839 ταγελῶν
2386 769 2577 834 αὐτοῦ,
2615 770 2710 822 καὶ
2751 770 2851 839 τὴν
2889 767 3147 837 τελευτὴν
3169 767 3330 819 αὐτοῦ
3355 765 3553 836 δηλῶν,
3591 767 3776 836 φησίν·

2109 857 2416 911 ’Υποκάτω
2455 872 2572 911 σου
2610 856 2954 924 στρώσουσι
3001 857 3220 923 σῆψιν,
3265 853 3365 908 καὶ
3410 855 3476 907 τὸ
3517 853 3780 908 κατακά-

2097 943 2301 1013 λυμμά
2331 956 2353 983 ε
2379 963 2495 999 σου
2526 942 2792 1009 σκώληξ.
2830 945 2894 994 Ὃ
2930 942 2987 995 δὲ
3014 943 3162 1010 λέγει
3183 941 3426 995 τοιοῦτόν
3457 944 3621 994 ἐστιν·
3651 943 3782 993 "Av-

2099 1031 2318 1101 Optuma;
2350 1033 2608 1103 τοιαύτην
2650 1031 2936 1100 ἀναμένων
2975 1031 3254 1100 τελευτὴν,
3309 1029 3533 1083 τοιαῦτα
3574 1030 3779 1098 φαντά-

2099 1115 2286 1180 ζεσθαι
2314 1119 2621 1190 ἐτόλμησας
2639 1135 2653 1183 ;
2674 1119 2790 1170 ,Καὶ
2819 1119 2946 1190 περὶ
2968 1117 3160 1188 ἐτέρου
3180 1117 3344 1170 πάλιν
3371 1117 3466 1169 τοῦ
3495 1117 3778 1186 βασιλέως,

2098 1205 2242 1272 λέγω
2267 1207 2376 1258 τῶν
2407 1207 2644 1277 Τυρίων,
2674 1207 2901 1259 τοιαῦτα
2936 1205 3435 1268 κατασκευάζοντος
3467 1205 3559 1257 καὶ
3590 1204 3777 1274 βουλο-

2101 1292 2261 1361 μένου
2288 1293 2602 1364 νομίζεσθαι
2647 1294 2790 1355 θεοῦ,
2836 1292 2988 1364 φησί·
3021 1292 3100 1344 Σὺ
3130 1291 3197 1344 δὲ
3233 1294 3343 1344 οὐκ
3374 1286 3433 1344 εἷ
3449 1291 3603 1356 θεὸς,
3638 1291 3781 1344 ἀλλ’

2098 1379 2426 1447 ἅνθρωπος,
2456 1381 2555 1434 καὶ
2583 1385 2637 1435 οἱ
2661 1380 3170 1446 κίιτακεντοῦντές
3198 1397 3270 1432 σε
3301 1381 3475 1433 τοῦτο
3511 1380 3778 1448 ἐροῦσιν.

2102 1469 2261 1519 Ὥστε
2293 1469 2496 1521 ἄνωθεν
2525 1470 2639 1523 καί.⁴
2651 1469 2768 1540 μεθ’
2798 1468 3105 1541 ὑπερϐολῆς
3145 1467 3387 1536 ἀναιρῶν
3426 1468 3522 1538 τῆς
3562 1467 3778 1520 εἰδωλο-

2097 1553 2350 1624 λατρείας
2374 1557 2473 1626 τὴν
2499 1556 2755 1610 ὑπόθεσιν
2775 1597 2790 1621 ,
2814 1554 3059 1608 τοιοῦτον
3087 1557 3220 1625 ήμῖν
3246 1554 3306 1607 τὸ
3338 1554 3497 1624 σῶμα
3523 1555 3781 1623 ἐποίησεν

2099 1643 2126 1694 ὀ
2150 1642 2306 1706 Θεός.
2337 1643 2448 1696 Καὶ
2472 1645 2529 1696 τί
2559 1641 2862 1714 θαυμάζεις
2886 1644 2934 1695 εἰ
2972 1642 3065 1696 ἐπὶ
3091 1642 3186 1695 τοῦ
3220 1641 3470 1713 σώματος
3495 1641 3654 1694 τοῦτο
3681 1641 3778 1710 γέ-

2098 1746 2274 1796 γονεν,
2302 1731 2435 1784 ὅπου
2465 1748 2529 1800 γε
2558 1733 2650 1784 καὶ
2677 1731 2774 1784 ἐπὶ
2795 1731 2894 1801 τῆς
2923 1730 3102 1800 ψυχῆς
3127 1729 3275 1782 ἐστιν
3307 1731 3434 1782 ἰδεῖν
3459 1729 3698 1783 τοιοῦτόν
3723 1747 3780 1782 τι

2099 1817 2502 1887 γεγενημένονς
2530 1818 2743 1889 Θνητὴν
2773 1817 2872 1888 μὲν
2900 1818 3008 1889 γὰρ
3069 1817 3170 1870 οὐκ
3209 1816 3487 1888 ἐποίησεν,
3521 1816 3636 1870 ἀλλ’
3671 1817 3782 1886 ἀφ-

2101 1905 2235 1974 ῆκεν
2261 1905 2525 1960 ἀθάνατον
2553 1901 2712 1959 εἶναι·
2743 1906 2880 1977 λήθῃ
2898 1906 2954 1959 δὲ
2984 1907 3076 1959 καὶ
3107 1906 3299 1976 ἀγνοίᾳ
3337 1906 3428 1959 καὶ
3457 1905 3664 1975 ἀθυμία
3686 1905 3784 1958 καὶ

2099 1993 2375 2064 φροντίσιν
2433 1994 2736 2048 ὑπεύθυνον
2792 1995 2964 2065 αὐτὴν
3017 1994 3383 2048 κατεσκεύασε
3409 2010 3422 2023 ·
3476 1995 3572 2048 καὶ
3620 1995 3784 2047 τοῦτο

2100 2080 2374 2150 ἐποίησεν,
2418 2083 2504 2136 ἵνα
2559 2083 2634 2152 μὴ
2687 2083 2822 2154 πρὸς
2851 2083 2950 2154 τὴν
2993 2083 3200 2136 οἰκείαν
3250 2083 3528 2150 εὐγένειαν
3573 2081 3780 2143 ἰδοῦσα,

2102 2169 2326 2238 μείζονα
2353 2172 2451 2241 τῆς
2477 2172 2684 2233 οἰκείας
2707 2171 2866 2238 ἀξίας
2891 2171 3098 2225 ἔννοιαν
3129 2170 3288 2241 λάϐῃ.
3325 2172 3388 2224 Εἰ
3413 2169 3521 2242 γάρ
3544 2170 3635 2224 καὶ
3657 2172 3782 2223 τού-

2096 2271 2205 2306 των
2237 2257 2405 2310 ὗντων
2433 2257 2736 2328 ἐτόλμησάν
2775 2276 2918 2322 τινες
2953 2260 3148 2322 εἰπεῖν,
3183 2259 3267 2311 ὄτι
3303 2258 3402 2329 τῆς
3433 2259 3622 2320 οὐσίας
3656 2259 3778 2310 ἐστί

2097 2341 2190 2396 τοῦ
2218 2342 2374 2396 Θεοῦ·
2406 2347 2453 2397 εί
2483 2345 2804 2400 καὶτούτων
2825 2346 3140 2417 ἀπήλλακτο
3169 2345 3278 2399 τῶν
3311 2345 3521 2409 παθῶν,
3553 2346 3657 2399 ποῦ
3682 2348 3784 2399 οὐκ

2098 2429 2163 2482 ἂν
2197 2426 2358 2500 ἦλθον
2382 2425 2526 2486 οὕτοι
2564 2433 2792 2502 μανίαςς
2826 2433 2972 2504 Πλὴν
3003 2433 3117 2487 ἀλλ’
3142 2434 3279 2505 ὅπερ
3305 2434 3398 2486 ἐπὶ
3422 2433 3520 2503 τῆς
3551 2433 3784 2496 κτίσεως

2098 2517 2300 2585 ἔλεγον,
2333 2518 2491 2572 τοῦτο
2522 2522 2617 2573 καὶ
2640 2522 2734 2574 ἐπὶ
2769 2519 2862 2574 τοῦ
2900 2521 3150 2590 σώματος
3179 2521 3342 2590 λέγω,
3377 2523 3459 2574 ὅτι
3488 2522 3688 2592 ὁμοίως
3712 2521 3782 2574 δι’

2098 2605 2383 2678 ἀμφότερα
2439 2608 2611 2661 ταῦτα
2663 2608 2926 2680 θαυμάζω
2964 2610 3055 2663 τὸν
3095 2609 3248 2674 Θεὸν,
3295 2611 3390 2662 καὶ
3434 2611 3516 2663 ὅτι
3546 2610 3785 2681 φθαρτὸν

2098 2693 2229 2745 αὐτὸ
2261 2694 2481 2766 ἐποίησε
2507 2735 2521 2759 ,
2562 2697 2655 2749 καὶ
2696 2697 2778 2750 ὅτι
2821 2699 2877 2748 ἐν
3024 2697 3199 2769 φθορᾷ
3236 2698 3336 2766 τὴν
3378 2697 3583 2751 οἰκείαν
3632 2698 3785 2768 ἰσχὺν

2099 2781 2412 2846 ἐπεδείξατο
2459 2785 2552 2836 καὶ
2587 2785 2800 2854 σοφίαν.
2857 2785 2981 2839 Ὅτι
3031 2786 3126 2856 μὲν
3169 2786 3278 2857 γάρ
3335 2784 3599 2855 βελτίονος
3651 2785 3786 2837 αὐτὸ

2105 2869 2260 2937 ῐσχυε
2288 2871 2512 2942 ποιῆσαι
2540 2871 2690 2943 ὕλης,
2725 2870 2923 2937 ἔδειξεν
2952 2874 3016 2926 ἐκ
3043 2873 3136 2927 τοῦ
3163 2874 3416 2944 οὐρανίου
3448 2891 3508 2927 τε
3534 2872 3785 2944 σώματος

2100 2957 2195 3009 καὶ
2229 2957 2322 3010 τοῦ
2365 2959 2616 3029 ήλιακοῦ.
2647 2961 2706 3012 Ὀ
2738 2959 2846 3030 γάρ
2891 2962 3074 3013 ἐκεῖνα
3116 2961 3341 3015 τοιαῦτα
3389 2965 3652 3032 ποιήσας,
3690 2960 3786 3014 καὶ

2098 3044 2256 3098 τοῦτο
2287 3047 2525 3100 τοιοῦτον
2554 3049 2775 3118 ποιῆσαι
2816 3045 2869 3110 ἀ,
2917 3047 3075 3120 εἴπερ
3115 3047 3390 3118 ἐθέλησεν,
3435 3051 3654 3118 ἴσχυσεν
3694 3049 3780 3103 ἀν·

2100 3133 2214 3186 ἀλλ’
2239 3135 2270 3204 ή
2302 3134 2448 3188 αἰτία
2466 3137 2565 3206 τῆς
2587 3135 2868 3199 ἀσθενείας
2884 3136 3076 3207 ἐστὶνή
3098 3137 3469 3208 προειρημένη
3488 3137 3779 3208 πρόφασις.

2101 3221 2176 3272 Οὐ
2203 3221 2307 3292 μὴν
2324 3221 2480 3275 τοῦτο
2495 3224 2856 3294 ὑποτέμνεται
2875 3225 2970 3278 τοῦ
2987 3226 3060 3296 Δη
3070 3225 3328 3296 μιουργοῦ
3352 3226 3410 3278 τὸ
3425 3225 3628 3296 θαῦμα,
3648 3225 3786 3282 ἀλλά

2103 3309 2194 3360 καὶ
2223 3309 2479 3363 ἐπιτείνει
2503 3311 2680 3365 πλέον.
2701 3313 2773 3364 Τὸ
2801 3311 2908 3381 γὰρ
2935 3312 3149 3376 εὐτελὲς
3172 3313 3271 3384 τῆς
3291 3314 3476 3376 οὐσίας
3495 3314 3650 3367 τοῦτο
3674 3313 3783 3385 μά-

2100 3395 2257 3447 λιστα
2304 3396 2542 3450 δείκνυσι
2577 3399 2675 3470 τῆς
2710 3399 2907 3471 τέχνης
2948 3401 3009 3452 τὸ
3049 3399 3283 3471 εὔπορον
3317 3401 3409 3454 καὶ
3448 3402 3780 3472 εὐμήχανον,

2099 3482 2180 3535 ὅτι
2204 3485 2259 3536 ἐν
2288 3484 2445 3555 πηλῷ
2467 3486 2561 3538 καὶ
2585 3487 2758 3558 τέφρα
2799 3488 3068 3560 τοσαύτην
3091 3489 3345 3560 ἐνέθηκεν
3371 3490 3657 3560 ἁρμονίαν,
3690 3491 3786 3544 καὶ

2101 3570 2356 3635 τοιαύτας
2391 3573 2671 3644 αἰσθήσεις
2703 3574 2847 3628 οὕτω
2882 3577 3134 3641 ποικίλας
3182 3578 3276 3632 καὶ
3315 3576 3660 3639 παντοδαπὰς
3689 3577 3786 3631 καὶ

2101 3659 2323 3711 τοιαῦτα
2351 3661 2652 3731 δυναμένας
2690 3663 3018 3734 φιλοσοφεῖν.

2176 3744 2220 3816 [l
2237 3746 2322 3817 18]
2349 3756 2414 3816 γ’.
2437 3749 2598 3802 Ὥστε
2610 3751 2829 3822 ὅσῳπερ
2845 3751 2909 3804 ἂν
2935 3753 3350 3823 κατηγορῇςτοῦ
3365 3750 3466 3822 τῆς
3491 3750 3678 3814 οὐσίας
3701 3750 3787 3806 εὐ-

2103 3834 2314 3898 τελοῦς,
2372 3837 2607 3907 τοσούτῳ
2659 3839 2858 3909 μᾶλλον
2905 3839 3186 3909 θαύμασον
3237 3841 3300 3893 τὸ
3357 3839 3642 3911 μεγαλεῖον
3682 3837 3785 3906 τῆς

2103 3921 2317 3992 τέχνης.
2355 3924 2507 3977 Ἐπεὶ
2531 3927 2622 3978 καὶ
2643 3927 3081 3998 ἀνδριαντοποιὸν
3104 3928 3200 3998 οὐχ
3225 3927 3369 3981 οὕτω
3397 3927 3660 3998 θαυμάζω
3691 3925 3787 3980 τὸν

2106 4011 2213 4062 ἀπὸ
2244 4012 2444 4082 χρυσοῦ
2480 4014 2641 4068 καλὸν
2676 4016 2969 4086 ἀνδριάντα
3002 4017 3280 4078 ποιοῦντα,
3311 4016 3387 4080 ὡς
3418 4015 3508 4070 τὸν
3539 4015 3648 4069 ἀπὸ
3675 4032 3785 4085 πη-

2105 4098 2196 4150 λοῦ
2229 4099 2324 4153 τοῦ
2353 4101 2732 4167 διαπίπτοντος
2765 4107 2830 4176 τῇ
2858 4104 2956 4175 τῆς
2985 4104 3180 4175 τέχνης
3222 4105 3454 4175 εὐπορίᾳ
3487 4103 3787 4173 δυνάμενον

2107 4186 2300 4252 κάλλος
2345 4189 2608 4254 ἐπιδεῖξαι
2661 4192 2910 4255 πλάσεως
2969 4191 3282 4263 θαυμαστὸν
3336 4193 3430 4246 καὶ
3483 4192 3782 4262 ἀμήχανον.

2106 4273 2254 4328 Ἐκεῖ
2295 4276 2390 4346 μὲν
2421 4277 2528 4350 γάρ
2563 4279 2656 4331 καὶ
2688 4279 2928 4332 συντελεῖ
2952 4281 3059 4350 τιή
3090 4280 3189 4350 ὕλη
3226 4279 3304 4351 τῷ
3349 4280 3659 4343 πλάττοντι,
3698 4282 3788 4334 ἐν·

2105 4363 2277 4417 ταῦθα
2306 4365 2383 4428 δὲ,
2403 4365 2583 4436 γυμνὴ
2620 4367 2718 4436 τῆς
2752 4366 2949 4437 τέχνης
2979 4368 3127 4421 ἐστὶν
3160 4370 3192 4439 ή
3219 4368 3498 4436 ἐπίδειξις.

2172 4451 2248 4504 Σύ
2304 4451 2360 4506 δὲ
2403 4455 2450 4506 εἰ
2501 4453 2679 4522 βούλει
2727 4455 2921 4524 μαθεῖν
2961 4454 3103 4526 πόση
3144 4454 3238 4508 τοῦ
3282 4456 3786 4528 δημιουργήσαντος

2105 4540 2256 4608 ἡμᾶς
2287 4541 2433 4595 ἐστιν
2475 4543 2508 4613 ή
2555 4542 2736 4611 σοφία,
2786 4542 3039 4614 ἐννόησον
3087 4542 3140 4596 τί
3198 4544 3406 4612 γίνεται
3449 4545 3557 4598 ἀπὸ
3585 4545 3783 4615 πηλοῦ·

2105 4626 2158 4679 τί
2203 4626 2257 4679 δὲ
2284 4627 2469 4699 ἕτερον
2507 4629 2621 4684 ἀλλ’
2669 4629 2701 4700 ἦ
2739 4629 2960 4692 πλίνθος
3006 4630 3100 4684 καὶ
3140 4631 3416 4703 κέραμος;
3459 4631 3600 4684 Ἀλλ’
3631 4632 3785 4702 ὅμως

2108 4714 2326 4786 ἴσχυσεν
2366 4718 2394 4768 ὁ
2442 4719 2826 4789 ἀριστοτέχνης
2862 4730 2884 4756 ο
2951 4717 3083 4780 Θεὸς
3128 4719 3239 4772 ἀπὸ
3287 4719 3386 4789 τῆς
3429 4718 3561 4788 ὕλης
3611 4721 3670 4786 ἐξ
3714 4715 3784 4792 ἧς

2107 4802 2313 4871 γίνεται
2365 4806 2608 4876 κέραμος
2666 4808 2759 4859 καὶ
2809 4806 3020 4868 πλίνθος
3061 4807 3258 4877 μόνον,
3321 4807 3598 4877 ὀφθαλμὸν
3639 4809 3786 4864 οὕτω

2108 4891 2328 4962 ποιῆσαι
2383 4893 2546 4945 καλὸν
2573 4932 2588 4956 ,
2647 4894 2721 4958 ὡς
2771 4895 3013 4958 ἅπαντας
3071 4895 3390 4965 ἐκπλήττειν
3443 4898 3564 4960 τοὺς
3611 4897 3786 4968 ὀρῶν-

2108 4995 2225 5043 τας,
2271 4981 2361 5033 καί
2410 4981 2679 5052 τοσαύτην
2728 4983 2962 5036 ἐνθεῖναι
2998 4983 3173 5054 τούτῳ
3225 4983 3474 5054 δύναμιν.
3519 4983 3596 5047 ὡς
3619 4984 3783 5055 ἀέρος

2105 5067 2357 5121 τοσοῦτον
2407 5069 2539 5137 ὕψος
2577 5069 2843 5142 καθορᾷν,
2882 5073 2974 5124 καὶ
3030 5073 3231 5142 μικρᾶς
3283 5071 3453 5143 κόρης
3499 5071 3784 5142 ἀντιλήψει

2108 5157 2344 5210 τοσαῦτα
2384 5157 2811 5227 περιλαμϐάνειν
2846 5159 3095 5229 σώματα,
3147 5161 3238 5213 καὶ
3285 5159 3406 5229 ὅρη.
3443 5160 3537 5212 καὶ
3580 5160 3780 5223 νάπας,

2109 5244 2203 5298 καὶ
2235 5245 2474 5313 βουνοὺς,
2512 5247 2604 5299 καὶ
2643 5246 2878 5318 πελάγη,
2923 5247 3018 5300 καὶ
3053 5247 3279 5318 οὐρανὸν
3319 5247 3384 5299 δι’
3424 5247 3641 5317 ἐκείνης
3685 5248 3785 5318 τῆς

2111 5334 2331 5402 μικρᾶς.
2363 5332 2452 5402 Μὴ
2477 5335 2652 5386 τοίνυν
2682 5333 2842 5406 εἴπῃς
2872 5352 2959 5404 μοι
2984 5335 3054 5388 τὰ
3078 5337 3286 5406 δάκρυα
3315 5335 3408 5387 καὶ
3442 5335 3540 5398 τάς
3569 5335 3780 5406 λήμας·

2108 5418 2263 5471 τοῦτο
2290 5419 2398 5492 γάρ
2419 5419 2508 5472 διά
2535 5420 2633 5490 τὴν
2669 5421 2768 5491 σὴν
2793 5420 3070 5492 ἁμαρτίαν
3098 5421 3324 5489 γέγονεν
3341 5436 3353 5448 ·
3381 5422 3496 5475 ἀλλ’
3531 5423 3785 5493 ἐννόησον

2108 5507 2274 5561 αὐτοῦ
2325 5508 2385 5560 τὸ
2439 5507 2654 5572 κάλλος,
2710 5509 2804 5562 καὶ
2851 5509 2949 5578 τὴν
3003 5509 3231 5578 δύναμιν
3262 5508 3362 5580 τὴν
3397 5510 3648 5581 ὀπτικήν,
3688 5511 3785 5564 καὶ

2109 5596 2227 5660 πῶς
2259 5596 2514 5650 τοσοῦτον
2549 5596 2717 5650 ἐπιὼν
2751 5597 2912 5668 ἀέρος
2949 5599 3120 5667 μῆκος
3152 5599 3214 5650 οὐ
3250 5599 3448 5668 κάμνει
3479 5599 3573 5652 καὶ
3595 5601 3787 5652 ταλαι-

2110 5687 2304 5754 πωρεῖ,
2341 5684 2478 5737 ἀλλά
2509 5685 2666 5748 πόδες
2695 5683 2792 5754 μὲν
2829 5685 3008 5749 ὀλίγον
3040 5685 3393 5754 προελθόντες
3438 5686 3661 5739 πονοῦσι
3689 5689 3785 5740 καὶ

2110 5771 2430 5836 ἐκλύονται,
2472 5766 2752 5841 ὸρθαλμὺς
2806 5771 2863 5824 δέ
2909 5772 3107 5828 ὁδεύων
3165 5772 3388 5826 τοσοῦτο
3450 5775 3550 5844 μὲν
3610 5774 3782 5844 ὕψος,

2168 5909 2189 5935 ο
2220 5911 2370 5975 Savii.
2397 5919 2448 5959 el
2484 5913 2678 5972 plurimi
2711 5925 2824 5959 mss.
2852 5911 2906 5958 τὸ
2936 5913 3203 5975 κατάλυμα.
3235 5916 3411 5964 Morel.
3434 5923 3488 5962 ei
3522 5917 3785 5975 pauciores

2107 5972 2160 6018 τὸ
2183 5973 2546 6044 κατακαλυμμοι,

2167 6032 2194 6070 «Ι
2220 6035 2313 6080 Mii
2344 6032 2643 6095 ἐργάσασθαι.

2175 6101 2196 6126 υ
2236 6098 2316 6143 Sic
2339 6097 2487 6144 Sani].
2517 6105 2567 6143 cl
2590 6112 2674 6144 ms.
2704 6095 2873 6144 Morel.
2903 6099 2928 6145 ὀ
2950 6097 3175 6160 τεχνίτης.
3199 6160 3202 6168 Ι
