4112 6388
345 424 439 481 121
1216 434 1305 489 AD
1335 432 1658 492 POPULUM
1696 425 2182 489 ANTIOCHENUM
2239 426 2465 496 llOMlL.
2497 428 2589 485 XI.

404 545 608 600 Contra
655 540 971 597 Manichteos
1013 539 1650 609 loquitur.—Gentilium
1689 555 1819 597 vero
1857 548 1912 596 et

334 637 704 692 haereticorum
729 633 880 688 multi
906 647 972 688 ne
1005 630 1198 687 factum
1227 633 1439 703 quidem
1478 650 1508 689 a
1550 635 1661 690 Deo
1686 633 1908 690 dicunt:

334 730 607 799 indignum
634 728 777 782 enim
806 726 898 781 Dei
927 725 1197 808 creatione
1234 740 1354 780 esse
1392 735 1599 795 putant,
1623 725 1831 791 sordes,
1859 733 1914 780 et

332 823 573 885 sudores,
618 829 673 874 et
703 820 982 891 lacrymas,
1009 828 1063 874 et
1085 820 1316 883 labores,
1347 827 1402 872 et
1424 833 1708 883 :erumnas,
1730 828 1785 872 et
1809 817 1913 871 alia

332 911 573 980 corporis
611 911 788 965 omnia
820 918 1211 980 percurrentes.
1252 909 1365 980 Ego
1397 918 1593 975 autem,
1634 916 1912 979 postquam

333 1005 503 1059 dehis
524 1013 733 1072 emptus
758 1014 838 1057 est
858 1017 1036 1057 sermo
1056 1043 1070 1069 ,
1094 1002 1323 1071 primum
1347 1002 1560 1070 quidem
1590 999 1717 1055 illud
1737 999 1916 1055 dicere

336 1110 546 1164 possem
580 1111 593 1147 :
624 1093 702 1148 Ne
742 1094 872 1148 mihi
912 1107 1182 1164 proponas
1210 1092 1480 1147 hominem
1504 1091 1644 1146 hunc
1668 1090 1916 1160 praevari-

333 1197 531 1247 catum,
560 1185 763 1239 honore
816 1185 1105 1254 privatum,
1132 1184 1475 1248 damnatum;
1513 1182 1605 1239 sed
1634 1183 1679 1237 si
1718 1183 1797 1237 vis
1829 1182 1912 1236 di-

334 1290 502 1342 scere,
529 1276 683 1346 quale
704 1275 859 1330 nobis
874 1275 942 1329 ab
962 1275 1111 1330 initio
1135 1275 1276 1329 Deus
1293 1275 1500 1329 ﬁnxerit
1518 1288 1731 1345 corpus,
1750 1274 1802 1327 in
1823 1288 1915 1344 pa-

336 1366 569 1419 radisum
585 1382 787 1431 eamus,
807 1378 859 1421 et
876 1367 942 1420 ab
960 1366 1107 1420 initio
1126 1364 1318 1420 faetum
1336 1364 1601 1419 hominem
1620 1364 1914 1419 videamus.

333 1455 451 1511 Non
476 1457 617 1511 enim
639 1456 718 1511 sic
738 1465 853 1511 erat
872 1472 1065 1526 corpus
1095 1456 1218 1511 illud
1238 1457 1579 1526 corruptibile
1595 1466 1649 1511 et
1668 1456 1913 1522 mortale,

332 1549 430 1603 sed
458 1558 725 1618 tamquam
761 1563 919 1602 aurea
964 1557 1136 1602 statua
1168 1547 1234 1602 de
1273 1547 1486 1602 fornace
1528 1561 1804 1618 progressa
1832 1564 1917 1603 re-

334 1649 517 1695 center
546 1650 600 1694 et
629 1640 907 1710 Splendide
929 1640 1153 1710 fulgens,
1183 1641 1263 1695 sic
1292 1640 1437 1695 omni
1463 1640 1553 1695 tali
1577 1641 1917 1710 corruptione

335 1735 461 1789 illud
487 1750 679 1803 corpus
704 1734 1000 1789 absolutum
1034 1745 1147 1789 erat
1174 1751 1186 1786 ε
1218 1742 1272 1789 et
1300 1748 1471 1804 neque
1501 1734 1648 1788 labor
1673 1734 1915 1799 vexabat,

334 1840 507 1895 neque
526 1826 688 1880 sudor
712 1828 952 1888 nocebat,
982 1842 1079 1880 nec
1100 1841 1243 1879 curae
1263 1825 1664 1889 insidiabantur,
1698 1840 1801 1879 non
1822 1826 1918 1880 ob—

330 1917 578 1971 sidebant
614 1917 861 1983 tristitiae,
907 1932 1005 1970 nec
1057 1915 1199 1969 aliud
1247 1915 1533 1985 quidquam
1560 1914 1699 1985 quod
1755 1915 1917 1969 hede-

332 2021 435 2077 ret,
460 2010 784 2080 patiebatur;
817 2019 1095 2079 postquam
1117 2024 1242 2063 vero
1264 2024 1367 2062 non
1400 2008 1674 2063 moderate
1699 2007 1919 2063 felicita-

333 2113 439 2156 tem
464 2104 604 2167 tulit,
629 2102 721 2157 sed
747 2102 1137 2157 benefactorem
1176 2102 1337 2156 homo
1375 2101 1696 2156 contumelia
1719 2099 1915 2165 all‘ecit,

330 2208 388 2250 et
418 2196 658 2251 fallacem
681 2196 886 2264 putavit
910 2194 1207 2248 daemonem
1231 2209 1371 2261 esse,
1399 2193 1755 2264 gubernatore
1784 2192 1914 2258 Deo,

330 2288 422 2356 qui
449 2302 507 2342 se
532 2288 583 2341 in
612 2287 815 2342 honore
841 2290 1206 2351 constituerat,
1244 2287 1346 2341 fide
1371 2286 1686 2357 digniorem,
1713 2296 1767 2342 et
1785 2285 1918 2341 deus

332 2380 447 2434 ﬁeri
484 2380 742 2449 speravit,
774 2391 827 2433 et
869 2380 1123 2449 majorem
1156 2379 1366 2448 propria
1390 2379 1644 2449 dignitate
1674 2380 1921 2448 concepit

330 2470 633 2538 opinionem
664 2487 677 2522 :
710 2477 837 2524 tunc
864 2469 1116 2540 profecto,
1147 2478 1271 2524 tunc
1294 2477 1349 2523 et
1377 2484 1471 2539 per
1496 2470 1606 2539 ipsa
1631 2469 1770 2525 Deus
1790 2485 1917 2539 ope-

332 2578 389 2616 ra
428 2563 597 2632 ipsum
642 2563 891 2617 erudiens
917 2562 1316 2632 corruptibilem
1354 2571 1409 2617 et
1436 2564 1710 2618 mortalem
1737 2562 1918 2625 reddi-

330 2655 431 2719 dit,
454 2665 507 2710 et
536 2656 617 2710 his
637 2656 815 2711 multis
837 2658 1073 2712 ohvinxit
1094 2657 1520 2723 necessitatibus,
1542 2673 1646 2711 non
1672 2673 1913 2728 perosus,

332 2764 505 2819 neque
533 2760 808 2804 aversatus
829 2790 846 2815 ,
880 2749 971 2804 sed
1001 2749 1287 2804 consulens
1310 2758 1365 2804 et
1414 2750 1708 2819 improbam
1749 2751 1914 2819 pesti-

333 2842 637 2911 lentemque
681 2841 823 2895 illam
851 2841 918 2895 ab
943 2840 1091 2895 initio
1122 2849 1431 2895 nascentem
1462 2840 1763 2910 superbiam
1794 2856 1917 2910 pro-

333 2933 523 2986 hibens
546 2973 563 2999 ,
612 2947 712 2988 nec
749 2934 970 2988 ulterius
1012 2933 1303 3002 procedere
1333 2934 1664 3002 permittens,
1698 2934 1789 2988 sed
1824 2949 1918 3003 per

332 3023 500 3091 ipsam
528 3039 708 3077 rerum
730 3025 1112 3092 experientiam
1135 3039 1359 3079 monens
1385 3040 1528 3086 eum,
1551 3024 1691 3094 quod
1714 3009 1913 3079 morta-

331 3113 399 3167 lis
424 3121 479 3167 et
509 3116 869 3182 corruptibilis
902 3124 1078 3184 esset,
1106 3126 1161 3171 et
1187 3116 1258 3170 ita
1299 3117 1650 3186 persuadens,
1680 3126 1735 3171 ut
1764 3134 1914 3171 num-

327 3223 489 3276 quam
522 3208 640 3261 talia
670 3210 947 3277 Cogitaret,
980 3219 1068 3261 aut
1093 3208 1417 3262 somniaret:
1452 3210 1646 3263 etenim
1674 3210 1915 3265 diabolus

328 3298 538 3353 dixerat
565 3316 578 3352 :
608 3297 767 3352 Erilis
793 3300 921 3352 velut
953 3301 1025 3352 dii
1054 3298 1217 3370 (Gen.
1252 3301 1303 3355 5.
1341 3301 1430 3369 5).
1458 3301 1606 3355 lianc
1634 3303 1788 3371 igitur
1816 3318 1913 3356 vo-

326 3393 446 3447 lens
469 3393 786 3446 sententiam
822 3394 1071 3446 radicitus
1104 3392 1369 3455 evellere,
1401 3395 1704 3449 morbosum
1748 3396 1914 3464 ipsius

327 3496 384 3539 ct
408 3500 766 3539 mrumnosum
792 3499 987 3553 corpus
1008 3486 1201 3551 effecit,
1227 3500 1318 3553 per
1346 3486 1511 3554 ipsam
1542 3488 1737 3541 docens
1762 3498 1913 3541 natu-

328 3594 482 3643 ram,
516 3594 582 3631 ne
612 3593 859 3647 umquam
896 3580 1051 3633 talem
1081 3581 1388 3648 conciperet
1419 3581 1811 3650 cogitationem.
1848 3583 1914 3637 Et

328 3670 470 3737 quod
494 3669 595 3722 hoc
622 3670 691 3722 sit
713 3685 916 3731 verum,
949 3670 1181 3723 maxime
1209 3671 1423 3739 quidem
1447 3681 1500 3725 et
1519 3686 1585 3725 ex
1613 3673 1776 3742 gestis
1804 3674 1908 3726 cir-

325 3778 388 3814 ca
418 3761 589 3829 ipsum
619 3771 700 3813 est
723 3760 1058 3815 manifestum
1094 3779 1106 3813 :
1141 3770 1260 3830 post
1285 3761 1428 3815 illam
1459 3764 1601 3817 enim
1633 3776 1908 3833 exspecta-

328 3853 526 3905 tionem
559 3851 657 3905 hac
680 3851 962 3907 damnatus
988 3863 1068 3907 est
1109 3869 1284 3922 poma.
1334 3854 1403 3907 Et
1450 3856 1729 3910 considera
1783 3856 1909 3912 mihi

330 3944 421 3998 ltei
470 3944 803 4012 prudentiam
835 3961 848 3995 :
878 3961 981 3997 non
1029 3946 1196 4015 ipsum
1227 3946 1360 4000 mori
1392 3947 1620 4015 primum
1651 3949 1906 4016 permisit,

326 4036 420 4088 sed
449 4037 550 4088 hoc.
573 4035 690 4104 ejus
717 4036 881 4090 lilium
901 4037 1030 4107 pati,
1060 4048 1115 4090 ut
1144 4046 1267 4091 ante
1289 4039 1471 4094 oculos
1493 4038 1769 4094 tabescens
1792 4056 1911 4095 cor-

328 4143 426 4198 pus
456 4132 677 4185 intuitus
713 4140 767 4185 et
808 4146 1162 4197 marcescens,
1191 4146 1433 4200 magnam
1472 4148 1537 4188 ex
1566 4130 1671 4188 hoc
1694 4144 1909 4203 aspectu

329 4220 678 4289 philosophice
724 4221 1054 4290 disciplinam
1101 4232 1336 4291 caperet,
1391 4230 1447 4277 et
1497 4222 1727 4280 disceret
1780 4224 1905 4293 quid

326 4316 509 4361 actum
545 4316 722 4372 esset,
766 4316 927 4381 atque
959 4310 1031 4362 ita
1065 4306 1207 4364 bene
1248 4321 1528 4367 correctus
1577 4313 1704 4367 hinc
1733 4312 1911 4367 disce-

324 4398 490 4456 dereL

409 4493 653 4562 Deﬁnitio
682 4493 895 4545 hominis
916 4494 1189 4545 secundant
1216 4494 1560 4564 pltilosephos.
1594 4525 1663 4534 —
1691 4495 1916 4551 Maxime

335 4584 516 4653 igitur,
548 4584 687 4653 quod
726 4583 855 4648 dixi,
898 4593 954 4637 et
980 4601 1045 4637 ex
1078 4585 1187 4653 jam
1236 4587 1397 4654 gestis
1438 4586 1539 4641 hoc
1580 4587 1914 4643 manifestum

335 4686 421 4730 est
448 4694 461 4729 :
492 4692 590 4730 nec
618 4676 791 4730 minus
836 4692 961 4731 vero
1000 4689 1052 4731 et
1095 4694 1162 4732 ex
1205 4678 1323 4733 aliis
1372 4688 1491 4749 post
1520 4678 1635 4735 haec
1676 4680 1915 4734 dicendis

333 4777 578 4837 apertum
617 4770 738 4835 erit.
780 4768 833 4822 Si
876 4769 1018 4822 enim
1059 4770 1147 4822 tali
1176 4773 1413 4840 corporis
1462 4772 1776 4828 necessitate
1817 4787 1915 4826 nos

334 4862 616 4923 vinciente,
657 4870 711 4913 et
749 4861 996 4915 onmibus
1025 4862 1370 4917 morientibus
1406 4865 1909 4934 corruptionemque

334 4950 654 5019 patientibus
679 4960 733 5005 et
752 4953 1201 5006 marcescenlibus
1224 4962 1347 5007 ante
1372 4955 1607 5007 omnium
1629 4954 1831 5019 oculos,
1860 4962 1914 5009 et

330 5045 521 5099 solutis
569 5044 622 5099 in
678 5044 991 5113 pulverem,
1036 5054 1091 5099 et
1140 5046 1468 5116 philosophis
1512 5062 1670 5100 unam
1721 5046 1857 5101 hanc
1892 5048 1910 5079 ¹

332 5134 606 5190 hominum
638 5136 845 5202 generis
876 5135 1245 5203 completivam
1280 5136 1639 5192 definitionem
1673 5136 1913 5192 facienti-

332 5233 431 5285 hus
451 5252 464 5286 :
484 5233 792 5304 interrogati
819 5250 1047 5304 namque
1059 5235 1185 5305 quid
1206 5237 1416 5291 tandem
1437 5237 1505 5291 sit
1522 5236 1702 5302 homo,
1716 5234 1911 5289 animal

329 5327 609 5391 rationale,
629 5329 874 5381 mortale.
889 5328 1105 5383 dicunt:
1128 5328 1172 5383 si
1204 5330 1359 5399 igitur
1378 5329 1623 5384 omnibus
1640 5330 1751 5383 haac
1780 5344 1910 5383 con-

328 5421 633 5484 fitentibus,
678 5421 793 5475 ausi
836 5430 962 5476 sunt
1000 5422 1215 5491 quidam
1262 5437 1321 5478 se
1361 5422 1683 5478 immortales
1735 5422 1912 5478 facere

326 5511 467 5578 :tpttd
497 5511 786 5566 tntiltorum
817 5513 1130 5582 opiniones,
1171 5522 1225 5568 et
1249 5514 1414 5569 oculis
1453 5523 1680 5568 mortem
1725 5513 1912 5569 testiﬁ-

325 5603 594 5667 cantibus,
623 5614 677 5657 ut
699 5604 770 5657 dii
795 5604 1067 5672 prmdicari
1094 5603 1501 5665 contenderunt,
1524 5616 1579 5659 et
1609 5613 1665 5658 ut
1686 5604 1759 5658 dii
1782 5605 1909 5660 culti

326 5704 453 5747 sunt
484 5711 499 5748 :
526 5695 627 5748 nisi
652 5696 930 5764 prodiisset
952 5700 1111 5750 'mors
1149 5705 1351 5749 natura;
1388 5696 1762 5751 mortalitatem
1789 5712 1907 5753 om-

391 5871 409 5901 ι
443 5878 563 5919 Tres
584 5877 692 5920 uss.
714 5878 767 5920 et
780 5878 885 5920 sar.
910 5871 959 5920 in
982 5883 1137 5933 marg.
1165 5884 1178 5921 :
1210 5879 1361 5921 Uttan:
1382 5878 1428 5924 et
1448 5872 1688 5924 eamdem.

651 5962 920 6019 Parnon.
967 5962 1082 6021 Gn.
1122 5961 1350 6023 XLIX.

3508 435 3610 489 ηεξ

2032 556 2126 596 nes
2173 541 2370 597 docens
2419 552 2476 597 et
2518 541 3032 613 corruptibilitatem,
3062 543 3130 599 ad
3159 543 3283 614 quid
3325 545 3610 616 impietatis

2031 648 2135 687 non
2158 633 2526 703 prorupissent
2554 634 2827 690 hominum
2848 635 3096 704 plurimi?
3128 636 3264 691 Audi
3288 637 3462 708 itaque
3484 639 3608 707 quid

2028 724 2169 778 dicat
2196 724 2450 795 propheta
2487 726 2556 781 de
2592 726 2821 796 quodam
2860 726 3087 782 barbaro
3127 743 3251 797 rege
3290 729 3382 783 tali
3431 728 3611 783 furore.

2029 826 2186 886 capto
2210 835 2224 872 :
2257 816 2424 887 Super
2446 829 2584 872 astra
2604 817 2699 873 Dei
2741 818 2970 873 exaltabo
2999 820 3179 873 solium
3220 836 3384 873 meum
3406 861 3421 883 ,
3452 828 3498 872 et
3528 836 3611 873 ero

2029 890 2784 979 εξηιίιεεΑιιξεεῑηιουεαίζη.
2818 909 2903 962 ιδ.
2935 908 3001 963 tt
3019 908 3061 978 ).
3106 908 3278 979 Ipsum
3308 923 3437 962 vero
3462 906 3610 962 deri-

2030 1003 2182 1068 dens,
2226 1010 2278 1056 et
2322 1010 2545 1055 mortem
2574 1001 2690 1070 ejus
2718 1001 3016 1065 declarans,
3062 1000 3232 1069 inquit
3276 1021 3289 1054 :
3341 998 3527 1054 Subter
3567 1010 3612 1051 te

2029 1104 2245 1149 sternent
2288 1094 2620 1164 putredinem,
2667 1104 2713 1147 et
2742 1095 3104 1163 operimentum
3145 1102 3283 1146 tuum
3312 1093 3403 1145 erit
3431 1091 3610 1145 vermis

2031 1187 2195 1256 (Ibid.
2230 1203 2280 1240 ν.
2323 1186 2435 1258 Η).
2467 1186 2615 1254 Quod
2663 1185 3018 1249 autemdicit,
3053 1184 3153 1238 tale
3181 1192 3303 1238 est:
3338 1182 3507 1236 Homo
3534 1190 3608 1235 ln-

2032 1280 2137 1333 lem
2165 1287 2478 1349 exspectans
2518 1278 2697 1342 finem,
2731 1276 2857 1331 talia
2884 1276 3119 1347 cogitare
3145 1288 3304 1328 ausus
3325 1273 3422 1328 es?
3449 1272 3513 1326 Et
3543 1270 3610 1324 de

2030 1371 2134 1424 alio
2161 1371 2375 1436 iterum,
2400 1385 2576 1441 regem
2606 1369 2727 1423 dico
2756 1368 3058 1440 Tyriorum,
3091 1365 3281 1420 similia
3311 1372 3605 1434 parantem,
3692 1426 3700 1435 _

2029 1472 2083 1517 et
2107 1462 2263 1517 deum
2288 1476 2346 1517 se
2376 1460 2559 1516 haberi
2582 1461 2845 1515 volentem
2878 1478 2891 1513 :
2924 1458 3003 1513 Tu
3026 1474 3161 1525 vero,
3203 1456 3390 1526 inquit,
3431 1472 3531 1508 non
3557 1471 3609 1508 es

2029 1556 2263 1620 deus,xed
2286 1556 2456 1620 homo,
2500 1564 2547 1608 et
2574 1564 2620 1609 te
2645 1563 2917 1625 pungentes
2959 1554 3053 1606 hoc
3081 1553 3248 1605 dicent
3277 1545 3486 1621 (Ezech.
3516 1549 3606 1602 28.

2030 1652 2106 1719 9).
2139 1650 2324 1719 Itaque
2347 1665 2376 1703 a
2404 1648 2708 1719 primordiis
2733 1646 2997 1719 superbia:
3023 1655 3077 1699 et
3099 1643 3410 1698 idololatrim
3437 1650 3608 1694 mate-

2031 1744 2161 1797 riam
2190 1743 2399 1811 penitus
2416 1740 2683 1805 auferens,
2709 1739 2850 1794 Deus
2874 1738 2978 1792 tale
2997 1736 3150 1791 nohis
3169 1749 3360 1802 corpus
3387 1732 3607 1803 paravit.

2033 1837 2099 1891 Et
2124 1837 2246 1906 quid
2277 1837 2506 1903 miraris,
2543 1837 2586 1889 si
2611 1836 2663 1889 in
2690 1850 2914 1904 corpore
2941 1835 3043 1889 hoc
3070 1833 3260 1887 factum
3287 1839 3385 1895 est,
3415 1844 3535 1884 cum
3559 1838 3611 1884 et

2033 1927 2083 1980 in
2111 1926 2284 1979 anima
2313 1926 2492 1981 videre
2531 1926 2689 1980 liceat
2734 1926 2836 1980 tale
2884 1925 3008 1994 quid
3046 1922 3292 1995 gestum?
3335 1919 3609 1977 Mortalem

2032 2032 2224 2087 nempe
2256 2018 2394 2071 Deus
2422 2032 2528 2071 non
2571 2018 2727 2083 fecit,
2756 2016 2849 2072 sed
2880 2016 3235 2070 immortalem
3265 2032 3385 2072 esse
3413 2017 3611 2086 permi-

2030 2105 2129 2171 sit;
2157 2106 2413 2161 oblivioni
2438 2114 2616 2161 autem
2641 2115 2696 2160 et
2720 2107 3035 2175 ignorantia:
3058 2115 3113 2161 et
3139 2107 3366 2161 tristitiae
3391 2114 3447 2162 et
3468 2109 3611 2162 curis

2029 2197 2312 2254 obnoxiam
2361 2198 2529 2266 ipsam
2574 2196 2806 2252 reddidit
2846 2214 2860 2250 :
2892 2206 2946 2251 et
2969 2195 3072 2253 hoc
3095 2196 3239 2263 fecit,
3269 2211 3336 2253 ne
3377 2197 3446 2252 ad
3489 2211 3611 2267 pro~

2031 2289 2199 2358 priam
2219 2288 2632 2359 generositatem
2660 2287 2973 2358 reSpiciens,
3004 2288 3263 2356 majorem
3287 2287 3499 2357 propria
3526 2286 3611 2341 di-

2029 2382 2231 2451 gnitate
2259 2379 2563 2448 opinionem
2594 2380 2877 2448 concipiat.
2909 2377 2964 2434 Si
2992 2380 3135 2434 enim
3156 2419 3173 2445 ,
3216 2393 3338 2433 cum
3382 2378 3497 2433 hare
3538 2378 3610 2431 ila

2029 2472 2156 2537 sint,
2189 2471 2404 2541 quidam
2447 2471 2626 2526 dicere
2676 2481 2801 2525 sunt
2837 2471 2972 2536 ausi,
3017 2484 3135 2525 eam
3167 2470 3476 2525 substantia:
3520 2470 3611 2526 Dei

2028 2578 2171 2631 esse,
2203 2563 2251 2618 si
2276 2562 2345 2618 ab
2370 2563 2433 2617 iis
2459 2570 2603 2618 esset
2629 2561 2869 2617 absoluta
2902 2561 3260 2631 passionibus,
3288 2560 3353 2615 ad
3381 2560 3504 2631 quid
3532 2559 3611 2613 fu-

2031 2654 2168 2708 roris
2212 2654 2297 2708 isti
2338 2669 2444 2708 non
2489 2652 2911 2722 processissent?
2953 2651 3329 2707 Verumtamen
3367 2650 3509 2721 quod
3545 2650 3611 2705 de

2030 2744 2300 2800 creatione
2328 2744 2512 2799 mundi
2558 2743 2820 2810 dicebam,
2854 2742 2957 2797 hoc
2986 2751 3040 2797 et
3082 2742 3150 2797 de
3189 2756 3413 2810 corpore
3450 2740 3571 2795 dico
3594 2780 3609 2803 ,

2032 2853 2118 2893 me
2143 2836 2387 2892 similiter
2414 2847 2631 2907 propter
2658 2836 2770 2890 hare
2798 2844 3017 2905 utraque
3048 2835 3213 2889 Deum
3244 2833 3527 2898 admirari,
3559 2844 3610 2889 et

2030 2930 2171 3002 quod
2196 2929 2539 2999 corruptibile
2564 2929 2734 2998 ipsum
2764 2926 2968 2991 fecerit,
2995 2936 3049 2982 et
3072 2926 3214 2996 quod
3237 2928 3289 2980 in
3317 2924 3613 2994 corruptio.

2033 3036 2102 3076 ne
2126 3020 2393 3090 propriam
2434 3020 2683 3074 virtutem
2714 3027 2769 3074 et
2804 3019 3117 3088 sapientiam
3146 3017 3607 3072 demonstraverit.

2031 3112 2185 3179 Quod
2227 3114 2368 3167 enim
2419 3112 2655 3167 melioris
2703 3113 2875 3179 ipsum
2919 3111 3156 3165 materia:
3198 3109 3372 3165 facere
3410 3120 3607 3179 p0sset,

2029 3202 2263 3259 ostendit
2305 3217 2370 3257 ex
2410 3202 2607 3256 caelesti
2638 3216 2864 3272 corpore
2900 3209 2954 3255 et
2991 3200 3171 3255 solari.
3199 3199 3301 3267 Qui
3339 3200 3481 3254 enim
3521 3199 3608 3253 illa

2030 3295 2156 3350 fecit
2181 3294 2325 3357 talia,
2358 3302 2412 3348 et
2438 3296 2540 3348 hoc
2582 3292 2688 3348 tale
2716 3292 2909 3357 facere,
2946 3291 2992 3347 si
3017 3290 3289 3355 voluisset,
3318 3290 3606 3360 potuisset;

2030 3386 2122 3439 sed
2164 3384 2487 3439 inﬁrmitatis
2515 3397 2675 3437 causa
2712 3390 2797 3438 est
2825 3396 2925 3452 ea,
2973 3396 3131 3454 quam
3169 3396 3329 3451 supra
3359 3381 3606 3436 diximus.

2028 3476 2143 3530 Non
2175 3487 2346 3529 tamen
2376 3474 2477 3528 hoc
2513 3473 2806 3527 mirabilem
2838 3474 2942 3527 vim
2968 3469 3245 3528 Creatoris
3259 3470 3473 3533 deterit,
3515 3471 3607 3525 sed

2026 3570 2187 3623 etiam
2224 3567 2453 3637 amplius
2478 3567 2702 3621 intendit
2732 3584 2745 3619 :
2777 3566 3012 3620 materia:
3055 3565 3196 3618 enim
3241 3564 3413 3618 vilitas
3442 3564 3607 3633 magis

2028 3664 2363 3718 demonstrat
2406 3662 2536 3716 artis
2576 3661 2781 3730 copiam
2818 3667 2873 3713 et
2915 3657 3251 3722 facultatem,
3280 3657 3525 3726 quoniam
3557 3657 3606 3709 in

2027 3755 2139 3810 luto
2167 3762 2222 3810 et
2241 3754 2416 3808 favilla
2445 3762 2642 3807 tantam
2666 3751 2840 3821 posuit
2865 3749 3219 3816 harmoniam,
3250 3758 3303 3804 et
3332 3750 3461 3803 tales
3481 3764 3604 3803 sen-

2024 3861 2116 3902 sus
2145 3856 2251 3900 tam
2283 3846 2457 3899 varios
2484 3854 2539 3901 et
2566 3844 2901 3899 omnimodos
2938 3851 2994 3898 et
3019 3852 3222 3898 tantum
3246 3841 3607 3912 philosophari

2025 3938 2277 3992 valentes.

2094 4031 2147 4085 5.
2180 4029 2356 4097 Itaque
2375 4036 2573 4098 quanto
2596 4026 2763 4096 magis
2782 4025 3092 4081 substantia:
3120 4024 3423 4079 tenuitatem
3447 4039 3607 4079 accu-

2024 4135 2130 4187 sas,
2161 4131 2307 4175 tanto
2355 4120 2523 4190 magis
2574 4119 2665 4173 Dei
2695 4119 2826 4173 artis
2863 4117 3278 4189 magnitudinem
3318 4117 3602 4171 admirare.

2022 4211 2281 4279 Quoniam
2303 4221 2354 4266 et
2380 4211 2691 4266 statuarium
2710 4210 2967 4274 admiror,
2988 4224 3092 4263 non
3112 4218 3216 4263 tam
3245 4223 3314 4263 ex
3340 4222 3472 4262 auro
3492 4209 3609 4277 pul-

2021 4303 2203 4357 chram
2228 4301 2507 4357 facientem
2528 4310 2777 4365 statuam,
2801 4316 2959 4369 quam
2982 4314 3050 4355 ex
3075 4300 3188 4354 luto
3216 4298 3480 4354 dilabente
3506 4298 3604 4351 mi-

2020 4392 2240 4447 rabilem
2282 4402 2336 4447 et
2375 4391 2833 4461 inexcogitabilem
2882 4391 3117 4460 figmenti
3158 4390 3602 4459 pulchritudinem

2018 4483 2148 4539 artis
2178 4483 2427 4539 facultate
2465 4481 2719 4537 exhibere
2758 4482 3043 4537 valentem.
3078 4480 3189 4536 Illic
3213 4483 3356 4537 enim
3386 4481 3605 4552 fingenti

2021 4576 2242 4632 materia
2278 4590 2488 4645 quoque
2528 4575 2771 4643 confert,
2817 4574 2905 4628 hic
2942 4573 3084 4629 nuda
3124 4582 3209 4629 est
3247 4574 3380 4629 artis
3418 4586 3605 4630 osten-

2022 4669 2167 4724 talio.

2087 4760 2185 4814 Dei
2217 4759 2463 4830 sapientia
2488 4758 2541 4812 in
2575 4757 2838 4813 oculorum
2875 4757 3244 4811 constitutione.
3273 4787 3345 4798 —
3370 4757 3451 4812 Tu
3475 4775 3607 4814 vero

2017 4855 2061 4908 si
2086 4853 2291 4908 discere
2313 4851 2412 4916 vis,
2434 4859 2630 4921 quanta
2656 4852 2725 4905 sit
2748 4852 2884 4919 ejus,
2908 4850 2995 4919 qui
3027 4864 3124 4903 nos
3143 4850 3360 4914 creavit,
3388 4851 3606 4919 sapien-

2019 4948 2112 5014 tia,
2153 4946 2324 5016 cogita
2367 4944 2492 5014 quid
2517 4961 2582 4998 ex
2621 4944 2731 4998 luto
2754 4943 2843 4997 fiat
2870 4959 2885 4998 :
2912 4942 3037 5012 quid
3066 4951 3243 4998 autem
3275 4942 3417 4998 aliud
3445 4959 3604 5014 quam

2018 5041 2222 5094 lateret
2247 5036 2420 5091 testa?
2454 5035 2832 5091 Verumtamen
2870 5036 3103 5105 optimus
3129 5035 3319 5091 artifex
3362 5037 3502 5091 Deus
3543 5053 3605 5091 ex

2018 5130 2237 5185 materia
2273 5126 2413 5183 unde
2455 5126 2513 5180 ﬁt
2538 5134 2671 5181 testa
2694 5134 2749 5180 et
2775 5125 2910 5180 later
2936 5126 3232 5193 dumtaxat,
3256 5127 3469 5182 oculum
3501 5136 3604 5179 tam

2018 5220 2298 5292 pulchrum
2319 5218 2534 5274 efficere
2560 5218 2747 5286 potuit,
2776 5228 2833 5271 ut
2852 5233 3064 5285 omnes,
3094 5217 3187 5288 qui
3211 5211 3456 5281 cernunt,
3488 5228 3604 5273 stu-

2018 5322 2195 5383 peant,
2218 5322 2272 5365 et
2292 5318 2489 5363 tantam
2516 5307 2641 5362 huic
2664 5308 2770 5360 vim
2793 5308 3049 5375 inserere,
3074 5319 3132 5362 ut
3152 5310 3291 5364 aeris
3317 5309 3601 5362 immanem

2017 5403 2347 5458 altitudinem
2385 5408 2588 5470 spectet
2610 5441 2625 5463 ,
2664 5407 2721 5455 et
2747 5398 2952 5469 exigua:
2980 5399 3191 5469 pupilla:
3234 5399 3497 5468 adjutorio
3528 5407 3603 5451 tot

2017 5512 2239 5566 corpora
2261 5492 2698 5565 comprehendat,
2727 5501 2782 5546 et
2802 5500 3031 5558 montes,
3056 5501 3111 5546 et
3134 5491 3320 5555 saltus,
3343 5500 3395 5544 et
3415 5490 3599 5553 colles,

2015 5599 2070 5644 et
2094 5588 2281 5654 maria,
2310 5599 2363 5642 et
2390 5583 2598 5641 calum.
2624 5583 2701 5639 Ne
2730 5583 3031 5653 mihidicas
3068 5583 3226 5652 igitur
3268 5582 3530 5653 lacrymas
3550 5592 3603 5635 et

2015 5679 2359 5751 lippitudines
2409 5694 2422 5731 :
2462 5675 2565 5732 hoc
2606 5675 2748 5731 enim
2792 5684 3007 5744 propter
3046 5680 3318 5741 peccatum
3349 5682 3493 5726 tuum
3525 5672 3605 5725 fan

2016 5783 2161 5827 etum
2188 5779 2272 5827 est
2294 5788 2311 5837 ;
2335 5768 2429 5824 sed
2457 5770 2628 5839 cogita
2658 5767 2821 5838 ipsius
2842 5764 3285 5835 pulchritudinem
3315 5770 3370 5817 et
3390 5761 3603 5818 videndi

2018 5865 2288 5929 virtutem,
2316 5871 2367 5918 et
2390 5875 2496 5932 quo
2522 5860 2679 5916 modo
2702 5868 2898 5913 tantam
2919 5856 3056 5912 aeris
3080 5854 3459 5925 longitudinem
3482 5869 3603 5925 per-

3215 5956 3253 6016 8
