4112 6388
556 445 651 499 123

551 574 793 619 t'tll't't'lls,
828 571 930 610 neu
952 556 1174 618 laborat,
1205 569 1376 623 neque
1403 554 1680 624 fatigatur;
1703 550 1798 606 Sed
1831 550 1990 618 pedes
2015 549 2130 618 qui-

551 651 670 703 dem
699 649 966 720 paululum
993 647 1254 718 progressi
1287 647 1531 700 fatiscunt
1551 656 1604 700 et
1628 647 1912 709 lassantur,
1950 642 2133 696 oculus

555 757 679 795 vero
707 750 902 794 tantam
933 741 1260 794 altitudinem
1287 753 1587 808 permeans,
1621 745 1924 802 tantamque
1953 732 2131 786 latitu-

552 835 753 896 dinem,
781 832 975 887 nullam
993 833 1153 886 sentit
1174 831 1553 886 inlirmitatetn.
1577 829 1836 897 Quoniam
1858 827 1998 882 enim
2019 839 2134 878 om-

557 926 697 975 niurn
721 923 1080 977 membrorum
1103 922 1202 976 hoc
1230 931 1311 976 est
1331 920 1481 974 nobis
1503 920 1730 974 maxime
1753 915 2132 979 necessarium,

558 1015 727 1082 ipsum
772 1015 949 1068 labore
978 1013 1143 1083 premi
1188 1029 1290 1066 non
1323 1010 1591 1082 permisit,
1633 1010 1700 1062 ita
1740 1016 1800 1062 ut
1833 1006 2134 1075 expeditum

558 1106 722 1174 ipsius
749 1105 1120 1170 ministerium,
1152 1112 1206 1159 et
1235 1104 1454 1158 liberum
1483 1101 1636 1155 nobis
1664 1109 1826 1156 esset.
1856 1098 1985 1166 Quis
2010 1111 2137 1150 vero

557 1212 770 1250 omnem
793 1197 1014 1251 membri
1036 1196 1190 1264 huius
1211 1196 1455 1248 virtutem
1472 1208 1716 1248 sermone
1737 1191 2000 1244 disserere
2017 1202 2139 1256 pos-

560 1289 678 1342 set?
702 1290 769 1342 Et
790 1289 912 1358 quid
934 1287 1001 1342 dc
1041 1287 1234 1356 pupilla
1262 1285 1577 1354 videndique
1600 1283 1847 1338 facultate
1871 1281 2033 1335 dico?
2081 1279 2136 1332 Si

561 1379 702 1433 enim
729 1378 869 1448 quod
897 1379 1130 1432 omnium
1156 1378 1467 1430 vilissimum
1493 1390 1614 1430 esse
1643 1375 1851 1428 videtur
1873 1373 2138 1426 membro-

563 1471 856 1538 rutu,ocu|i
891 1471 1166 1539 palpebras
1182 1469 1492 1539 exqtti'sieris
1511 1466 1892 1530 tantummodo,
1908 1475 1961 1520 et
1988 1466 2037 1518 in
2058 1465 2138 1518 his

567 1561 784 1614 multam
819 1561 905 1614 Ilei
936 1564 1191 1614 creatoris
1212 1561 1521 1628 sapientiam
1556 1559 1778 1612 videbis.
1831 1557 1976 1611 Sicut
1997 1557 2135 1608 enim

565 1649 618 1702 in
660 1651 819 1712 spicis
860 1651 1036 1704 arista:
1072 1660 1336 1719 tamquam
1366 1649 1605 1718 qua-dam
1645 1657 1898 1715 prtetenta
1939 1647 2138 1714 spicula

567 1754 694 1792 aves
723 1740 1005 1808 repellunt,
1044 1755 1147 1792 non
1181 1741 1416 1793 sitientes
1446 1738 1634 1792 fructui
1680 1737 1928 1801 insidere,
1968 1747 2018 1789 et
2041 1737 2138 1788 sti-

569 1832 740 1899 pulam
772 1832 1111 1885 infirmiorem
1134 1832 1439 1901 diffringi-re
1461 1849 1471 1882 :
1494 1832 1569 1885 sic
1599 1831 1832 1899 profecto
1861 1829 1983 1882 etin
2015 1843 2140 1881 ocu-

569 1921 653 1985 lis,
695 1923 830 1976 velut
869 1923 1107 1990 qna-dam
1150 1924 1324 1975 arista:
1378 1931 1432 1974 et
1470 1922 1666 1989 Spicula
1720 1928 1972 1989 prmteuta
2019 1929 2142 1972 sunt

525 2038 527 2040 -
569 2010 935 2078 palpebrarum
992 2011 1122 2080 pili,
1167 2014 1434 2080 pulverem
1479 2019 1532 2065 et
1572 2010 1800 2065 festucas
1855 2021 1906 2064 et
1964 2012 2138 2062 oninia

569 2102 811 2153 vexantia
839 2104 1167 2156 extrinsecus
1197 2103 1517 2171 repellentes
1543 2102 1611 2155 ab
1647 2102 1835 2164 oculis,
1882 2117 1978 2154 nec
2029 2101 2142 2170 pal-

570 2192 761 2259 pebras
796 2191 1030 2245 infestari
1078 2196 1331 2246 sitientes.
1381 2194 1570 2246 Videas
1600 2201 1776 2245 autem
1815 2203 1869 2245 et
1922 2193 2138 2245 alteram

569 2284 883 2350 sapientiam
922 2285 971 2338 in
1015 2286 1312 2354 superciliis
1345 2285 1442 2338 hac
1481 2301 1584 2338 non
1639 2285 1959 2339 inferiorem.
2013 2286 2141 2349 Quis

568 2375 710 2426 enim
742 2373 910 2442 ipsum
944 2376 1101 2429 situm
1131 2391 1234 2428 non
1265 2376 1640 2445 obstupescat?
1678 2377 1925 2445 quoniam
1969 2390 2141 2444 neque

569 2467 704 2518 ultra
734 2481 1036 2521 mensuram
1063 2470 1337 2536 promissm
1362 2478 1504 2534 sunt,
1529 2468 1598 2521 ita
1627 2477 1682 2521 ut
1709 2469 1891 2521 oculos
1918 2468 2139 2520 obtcne-

569 2557 742 2618 brent,
789 2572 956 2627 neque
997 2574 1152 2626 quam
1181 2575 1313 2627 opus
1356 2568 1438 2613 est
1473 2560 1695 2614 interius
1737 2559 2002 2621 resident;
2049 2557 2140 2610 sed

569 2648 712 2702 velut
737 2649 926 2704 donius
955 2651 1274 2720 suggrunda,
1315 2652 1390 2706 sic
1419 2665 1648 2721 superne
1683 2652 1936 2714 eminent,
1979 2651 2140 2703 sudo-

568 2752 681 2792 rem
708 2739 879 2808 capite
905 2740 1220 2795 defluentem
1240 2742 1609 2810 suscipientes,
1624 2756 1723 2797 nec
1750 2741 1932 2796 oculos
1949 2742 2142 2796 laedere

568 2830 955 2896 permittentes.
1003 2830 1282 2900 Propterea
1323 2831 1532 2901 quidem
1580 2843 1632 2887 et
1664 2833 1752 2901 pili
1804 2832 1930 2900 ipsis
1973 2831 2135 2885 innati

568 2929 712 2980 sunt,
737 2921 998 2976 densitate
1041 2922 1323 2978 deï¬‚uentia
1366 2935 1693 2988 coercentes,
1733 2937 1780 2978 et
1821 2926 1984 2978 multa
2020 2941 2139 2978 cum

567 3011 836 3082 diligentia
870 3024 1240 3084 protegentes,
1288 3017 1674 3086 afferentesque
1716 3019 1933 3071 multam
1975 3018 2141 3072 oculis

569 3097 970 3158 formesitatetn.
999 3105 1106 3160 Nec
1131 3106 1230 3162 hoc
1259 3117 1456 3161 tantum
1488 3108 1605 3178 quis
1643 3108 1891 3162 admirari
1924 3120 2136 3178 posset,

567 3194 660 3247 sed
683 3205 735 3248 et
761 3196 903 3250 aliud
921 3212 1026 3251 non
1055 3199 1228 3254 minus
1253 3213 1408 3268 quam
1430 3200 1542 3254 hoc.
1564 3200 1676 3266 Qua
1702 3202 1842 3254 cuitu
1870 3201 1934 3254 de
1958 3217 2134 3266 causa,

567 3300 766 3354 QIliBStl,
795 3289 983 3358 capitis
1011 3291 1221 3360 quidem
1252 3292 1428 3360 capilli
1471 3306 1718 3347 crescunt
1750 3304 1800 3346 et
1842 3293 2136 3347 dctonden-

569 3389 669 3441 tur,
703 3383 1103 3450 superciliorum
1132 3399 1255 3437 vero
1273 3384 1526 3438 minime?
1553 3400 1723 3454 neque
1752 3386 1892 3439 enim
1931 3384 2141 3438 hocne-

565 3471 647 3525 bis
675 3481 872 3528 temere
889 3482 944 3529 et
974 3489 1098 3529 casu
1131 3474 1323 3530 factum
1349 3485 1449 3540 est,
1481 3476 1572 3531 sed
1603 3491 1669 3530 ne
1702 3491 1760 3530 se
1801 3475 2142 3530 demittetur:

567 3565 748 3618 oculos
774 3567 1203 3637 obtcnebrarcut,
1240 3571 1380 3640 quod
1420 3571 1674 3641 decrepiti
1725 3588 1884 3627 senes
1929 3577 2140 3642 patiun-

569 3665 671 3708 tur.
703 3658 830 3722 Quis
847 3668 1024 3713 autem
1045 3671 1222 3729 posset
1253 3663 1566 3732 sapientiam
1611 3679 1824 3718 omnem
1855 3680 1948 3734 per
1985 3681 2137 3720 cere-

570 3745 1154 3805 brtundemon-.tratam
1203 3755 1662 3809 commemorare?
1702 3755 1878 3810 Primo
1921 3757 2135 3826 quidem

565 3835 734 3904 ipsum
766 3839 927 3894 molle
947 3839 1091 3906 fecit,
1131 3843 1378 3911 quoniam
1408 3844 1652 3899 sensibus
1684 3844 1856 3901 fontes
1889 3848 2138 3903 omnibus

566 3927 827 3983 ministrat
860 3947 873 3983 :
906 3944 1084 3999 postea
1113 3949 1180 3988 ne
1210 3944 1422 4004 propter
1446 3937 1714 4006 propriam
1737 3937 1961 3992 laedatur
1987 3949 2137 3992 natu-

565 4031 700 4081 ram,
734 4021 902 4087 ipsum
934 4022 1143 4077 ossibus
1161 4024 1389 4094 undique
1415 4026 1673 4079 munivit:
1714 4041 1926 4081 rursum
1955 4044 2022 4084 ne
2049 4044 2135 4083 os-

563 4111 700 4164 sium
741 4113 1023 4181 asperitate
1061 4117 1297 4170 attritum
1330 4125 1570 4185 vexetur,
1605 4119 1970 4174 membranam
2023 4137 2136 4176 me-

562 4201 702 4255 diam
743 4201 1000 4269 obtendit,
1052 4218 1151 4259 nec
1200 4219 1357 4260 unam
1407 4206 1596 4274 solam,
1651 4209 1745 4263 sed
1795 4220 1849 4264 et
1889 4211 2133 4278 alteram,

564 4309 720 4348 unam
759 4294 978 4364 quidem
999 4294 1242 4350 calvaria:
1283 4295 1500 4353 inferius
1534 4299 1881 4368 subtendens,
1915 4301 2135 4358 alteram

563 4399 692 4440 vero
719 4400 950 4456 superne
975 4387 1180 4442 cerebri
1207 4387 1352 4442 carni
1373 4389 1814 4458 circumvolvens,
1855 4404 1909 4448 et
1937 4402 2019 4448 est
2048 4395 2134 4451 illa

563 4477 663 4532 hac
689 4479 888 4533 durior.
921 4478 1033 4534 Hoc
1048 4487 1225 4534 autem
1255 4477 1382 4535 fecit
1412 4488 1522 4535 tum
1550 4491 1768 4552 propter
1806 4497 2136 4540 commemo-

563 4579 730 4625 ratam
756 4584 994 4636 causam,
1029 4578 1138 4624 tum
1162 4578 1219 4624 ut
1255 4570 1428 4626 illatas
1454 4573 1610 4641 capiti
1650 4573 1830 4643 plagas
1873 4589 1978 4629 non
2031 4578 2137 4645 pri-

569 4676 715 4714 mum
745 4661 976 4730 excipiat
1011 4661 1312 4728 cerebrum,
1339 4661 1432 4717 sed
1459 4674 1908 4732 przeoccurrentes
1953 4667 2135 4736 hujus-

566 4753 706 4806 tnodi
739 4753 1061 4806 membrana:
1103 4753 1293 4808 ictibus
1319 4763 1695 4808 nocumentum
1742 4771 1902 4811 oume
1943 4759 2137 4814 dissol-

565 4856 710 4912 vant,
737 4855 789 4899 et
817 4846 1038 4900 illwsum
1070 4846 1240 4914 ipsum
1262 4855 1595 4901 conservent.
1625 4847 1762 4914 Quin
1791 4858 1844 4903 et
1870 4850 2009 4918 quod
2031 4867 2135 4906 non

562 4940 905 4994 continuetur
927 4950 980 4994 et
1009 4955 1169 4993 unum
1199 4939 1270 4992 sit
1295 4951 1355 4992 os
1376 4939 1546 5008 ipsum
1573 4939 1848 5010 obtegens,
1881 4941 1974 4995 sed
2002 4944 2137 4996 mul-

563 5045 642 5089 tas
674 5049 740 5089 ex
770 5033 950 5088 multis
982 5033 1216 5102 partibus
1247 5031 1437 5087 habeat
1463 5041 1692 5096 suturas,
1727 5034 1904 5088 multa:
1927 5051 2134 5091 rursum

559 5126 862 5184 securitatis
888 5125 986 5194 ipsi
1015 5139 1173 5178 causa
1225 5133 1325 5178 est.
1377 5124 1444 5177 Et
1470 5138 1722 5193 vaporum
1771 5126 1912 5179 enim
1962 5127 2134 5196 ipsum

560 5217 947 5273 continentium
975 5215 1143 5270 facilis
1183 5231 1277 5285 per
1321 5227 1552 5279 suturas,
1599 5215 1713 5269 illas
1743 5217 1976 5271 exterius
2021 5218 2135 5273 fieri

562 5318 736 5379 potest
763 5308 1062 5377 respiratio,
1094 5309 1165 5362 ita
1195 5317 1250 5361 ut
1273 5323 1376 5360 non
1404 5306 1692 5362 sull'ocetur
1730 5323 1743 5360 :
1793 5318 1848 5363 et
1891 5309 1936 5363 si
1981 5310 2132 5380 plaga

560 5405 805 5461 alicunde
829 5403 1106 5467 inferatur,
1141 5419 1244 5457 non
1290 5403 1482 5472 ubique
1531 5402 1588 5456 ï¬t
1633 5413 2029 5459 nocumentum.
2076 5403 2132 5461 Si

557 5497 699 5552 enim
717 5497 889 5552 solum
915 5504 969 5550 et
993 5495 1300 5550 continuum
1326 5509 1387 5549 os
1407 5503 1569 5560 esset,
1621 5494 1671 5548 in
1719 5510 1877 5549 unam
1928 5507 2132 5565 partem

559 5591 734 5646 delata
776 5589 927 5660 plaga
969 5597 1133 5644 totum
1162 5589 1426 5653 lmsisset;
1484 5603 1624 5644 nunc
1671 5600 1848 5644 autem
1904 5606 2023 5646 cum
2079 5593 2130 5647 in

559 5683 720 5736 multa
769 5681 995 5736 divisum
1045 5681 1133 5746 sit,
1177 5680 1278 5734 hoc
1326 5681 1436 5735 fieri
1461 5697 1563 5736 non
1593 5692 1788 5751 posset.
1831 5685 1941 5738 Etsi
1988 5686 2129 5739 enim

565 5789 721 5830 unam
750 5782 953 5840 partem
983 5774 1241 5827 vulnerari
1272 5773 1497 5836 accidat,
1538 5790 1599 5829 os
1628 5790 1782 5829 secus
1820 5776 1961 5830 illam
2006 5792 2128 5846 par-

559 5876 666 5919 tem
709 5865 864 5918 situm
912 5865 1118 5919 ltcditur
1145 5866 1339 5930 solum,
1373 5866 1570 5938 reliqua
1595 5883 1721 5921 vero
1747 5880 1929 5922 cuncta
1959 5884 2133 5924 rema-

1265 443 1316 499 S.
1357 441 1632 499 JO.\NNIS
1669 436 2143 496 CHRYSOSI'OMI
2186 431 2501 489 ARCHIIEP.
2543 425 3068 484 CONSTANTINOP.

3711 417 3812 472 195

2245 555 2370 600 nent
2399 545 2582 606 illa-sa,
2617 545 2780 612 plaga:
2829 533 3260 596 continuitateex
3311 537 3508 590 ossium
3557 534 3815 589 divisione

2241 638 2480 701 sublata,
2508 651 2606 691 nec
2630 637 2682 689 in
2707 635 2998 705 proximam
3027 630 3238 687 extendi
3269 630 3494 684 valente.
3529 628 3814 695 Propterea

2241 743 2308 782 ex
2332 730 2508 782 multis
2532 728 2695 796 ipsius
2718 736 2961 795 tegtuuen
2986 723 3195 788 ossibus
3221 721 3356 775 Deus
3381 717 3680 787 composuit
3703 733 3717 768 :
3763 725 3818 768 et

2243 822 2376 875 sicut
2404 820 2620 874 domum
2648 818 2837 888 aliquis
2863 817 3152 880 :edilieans,
3186 803 3460 868 tectum'et
3485 809 3688 879 tegulas
3719 821 3815 860 su-

2244 912 2489 981 perponit
2517 927 2530 963 :
2566 911 2644 965 sic
2669 924 2828 978 supra
2853 917 3014 978 caput
3043 908 3180 961 Deus
3208 919 3327 959 ossa
3356 902 3545 956 locavit
3572 909 3627 953 et
3653 896 3821 966 capil-

2239 996 2322 1058 los
2348 1005 2469 1059 fecit
2495 1001 2816 1072 germinare,
2868 1011 2926 1054 ut
2958 1015 3051 1068 pro
3077 996 3387 1068 quibusdam
3415 991 3609 1062 galeris
3662 987 3821 1056 capiti

2242 1103 2439 1147 essent.
2473 1094 2581 1146 l-loc
2602 1093 2773 1160 ipsum
2796 1088 3029 1160 profecto
3046 1097 3101 1144 et
3131 1088 3182 1140 in
3209 1085 3370 1140 corde
3393 1082 3533 1136 fecit.
3553 1079 3818 1148 Quoniam

2243 1187 2381 1238 enim
2413 1200 2507 1238 cor
2555 1185 2918 1238 membrorum
2960 1190 3262 1235 nostrorum
3321 1173 3819 1247 principalissimum

2243 1286 2344 1340 est,
2371 1284 2426 1331 et
2454 1276 2612 1330 totius
2637 1276 2759 1329 vitae
2781 1282 2976 1329 nostra:
3005 1273 3226 1326 ï¬rmitas
3253 1280 3333 1326 est
3363 1270 3461 1339 ipsi
3509 1267 3717 1328 tradita,
3758 1276 3817 1321 et

2246 1368 2361 1436 ipâ€˜o
2387 1368 2880 1436 quomodocumque
2908 1378 3158 1434 percusso
3190 1379 3335 1417 mors
3362 1361 3573 1425 accidit,
3628 1359 3821 1414 solidis

2243 1468 2297 1511 et
2320 1457 2467 1511 duris
2493 1458 2703 1512 ossibus
2755 1457 2855 1512 hoc
2883 1456 3115 1526 undique
3162 1453 3607 1517 circummunivit,
3633 1461 3689 1506 et
3730 1467 3824 1520 pe-

2243 1554 2405 1606 cteris
2435 1553 2800 1622 prominentiis
2824 1560 2878 1607 et
2918 1553 3046 1621 tergi
3083 1550 3313 1618 scapulis
3343 1549 3510 1617 ipsum
3559 1546 3825 1615 posterius

2246 1644 2488 1698 muniens
2518 1661 2531 1697 :
2561 1654 2613 1698 et
2638 1643 2778 1714 quod
2806 1643 2858 1697 in
2890 1642 3093 1698 cerebri
3126 1640 3444 1696 membranis
3494 1639 3635 1700 fecit,
3665 1646 3717 1692 et
3769 1637 3822 1689 in

2247 1738 2346 1790 hoc
2364 1738 2499 1791 idem
2532 1736 2726 1790 factum
2749 1746 2850 1790 est.
2880 1735 2960 1790 Ad
2992 1735 3089 1787 hoc
3115 1735 3255 1787 cnim
3309 1747 3374 1786 ne
3404 1730 3705 1798 frequenter
3729 1741 3821 1782 sa-

2248 1830 2403 1893 liens,
2434 1840 2486 1883 et
2515 1830 2564 1883 in
2591 1831 2663 1883 ira
2691 1827 3097 1898 hujusmodique
3125 1825 3352 1879 motibus
3401 1824 3678 1892 palpitans,
3726 1834 3820 1872 os-

2247 1922 2381 1974 sium
2416 1920 2683 1990 asperitati
2725 1920 3175 1974 circumstantium
3226 1914 3466 1983 inlligens
3516 1920 3822 1966 conteratur

2245 2025 2296 2067 et
2319 2015 2510 2073 doleat,
2540 2013 2730 2065 multas
2757 2021 2809 2065 et
2830 2011 2898 2064 ibi
2927 2009 3262 2063 membranas
3287 2005 3572 2068 subtendit,
3602 2014 3654 2056 et
3699 2002 3820 2071 pttl-

2248 2124 2456 2160 monetn
2485 2105 2780 2176 supposuit,
2813 2105 2954 2158 velut
2979 2102 3139 2156 molle
3166 2099 3430 2170 quoddam
3473 2107 3691 2151 stratum
3736 2096 3820 2164 ip-

2246 2200 2354 2251 sius
2383 2198 2601 2251 saltibus
2627 2209 2920 2265 apponens,
2946 2203 3000 2247 ut
3041 2193 3254 2261 impune
3287 2205 3570 2257 erumpens
3616 2203 3682 2241 ex
3721 2185 3821 2239 hoâ€˜c

2249 2292 2376 2344 nihil
2411 2289 2629 2343 noxium
2663 2289 2907 2356 patiatur.
2957 2286 3021 2339 Et
3049 2282 3173 2352 quid
3219 2283 3339 2336 dico
3390 2281 3455 2334 de
3505 2278 3726 2333 cerebro
3769 2283 3820 2329 et

2251 2383 2427 2446 corde,
2459 2397 2576 2436 cum
2602 2383 2777 2447 utique
2802 2381 2843 2433 si
2876 2379 2993 2448 quis
3018 2377 3099 2431 vel
3126 2375 3191 2430 de
3213 2374 3338 2444 ipsis
3365 2374 3623 2442 unguibus
3669 2371 3820 2424 inve-

2247 2475 2404 2544 sdget
2431 2473 2646 2526 multam
2669 2483 2724 2526 et
2757 2471 2807 2523 in
2853 2469 2934 2523 his
2966 2468 3058 2521 Dei
3087 2467 3398 2535 sapientiam
3443 2464 3617 2517 videat
3661 2474 3820 2530 appa-

2249 2575 2472 2627 rentem,
2507 2572 2614 2615 tum
2647 2577 2711 2616 ex
2744 2562 2976 2630 ipsorum
3006 2557 3196 2623 forma,
3221 2566 3331 2611 tum
3353 2572 3414 2610 ex
3445 2553 3735 2607 substantia
3765 2559 3818 2608 et

2247 2657 2392 2710 situ?
2419 2654 2636 2709 Licebat
2663 2655 2860 2714 dicere,
2889 2666 3054 2723 quare
3098 2660 3153 2706 et
3189 2647 3546 2719 magnitudine
3590 2647 3818 2715 impare!

2247 2749 2400 2802 nobis
2425 2747 2569 2817 digiti
2597 2747 2724 2812 sint,
2749 2756 2802 2800 et
2832 2745 2994 2798 multa
3019 2743 3118 2798 alia
3169 2741 3249 2795 his
3302 2740 3487 2810 plura;
3525 2738 3619 2792 sed
3665 2736 3818 2792 suill-

2246 2843 2446 2895 cienter
2467 2856 2528 2894 ex
2559 2838 2715 2893 dictis
2743 2837 3019 2891 attendere
3045 2833 3342 2888 volentibus
3368 2830 3624 2885 creatoris
3653 2829 3819 2882 nostri

2247 2933 2498 3001 sapientia
2530 2930 2621 2984 Dei
2650 2929 2871 2999 refulget
2897 2944 2910 2981 :
2942 2935 3217 2996 propterea
3249 2934 3448 2991 partem
3486 2922 3620 2975 hanc
3668 2919 3818 2972 labo-

2245 3025 2399 3078 riosis
2448 3024 2749 3093 relinquens
2800 3019 3176 3090 exquirendam
3242 3031 3363 3069 cum
3419 3013 3686 3083 diligentia
3752 3011 3818 3065 ad

2245 3118 2400 3170 aliam
2430 3124 2713 3168 convertar
2739 3112 3147 3182 oppositionem.

2317 3209 2370 3262 4.
2405 3206 2568 3260 Homo
2597 3205 2898 3259 animalibus
2928 3202 3157 3256 omnibus
3209 3207 3434 3268 prwstal,
3468 3197 3818 3265 quomodo.â€”

2246 3298 2389 3352 Multi
2423 3312 2649 3365 namque
2679 3303 2872 3364 printer
2901 3293 3042 3347 dicta
3087 3299 3140 3346 et
3183 3289 3310 3344 illud
3355 3297 3662 3358 opponunt:
3693 3285 3818 3354 quid

2247 3390 2455 3441 tandem
2487 3387 2530 3441 si
2562 3386 2833 3441 brutorum
2864 3399 2956 3439 rex
2983 3390 3066 3438 est
3082 3382 3259 3442 homo.
3289 3387 3344 3434 et
3367 3379 3560 3434 robore
3587 3387 3641 3432 et
3659 3377 3814 3446 agili-

2245 3489 2352 3534 tate
2377 3487 2432 3532 et
2473 3477 2744 3532 celeritate
2795 3474 2958 3529 multa
3013 3474 3184 3543 ipsum
3227 3479 3482 3540 superant
3526 3466 3818 3522 animalia!

2243 3570 2438 3624 etenim
2469 3568 2684 3622 homine
2706 3565 2938 3621 velocior
2965 3578 3136 3633 equus
3185 3572 3239 3617 et
3265 3561 3576 3616 tolerantior
3600 3559 3718 3624 bos,
3761 3567 3815 3610 t-t

2243 3660 2410 3713 levior
2433 3658 2631 3727 aquila,
2663 3666 2716 3711 et
2738 3654 2925 3709 fortior
2951 3655 3054 3707 leo.
3085 3652 3220 3720 Quid
3261 3651 3419 3721 igitur
3455 3649 3520 3704 ad
3568 3649 3684 3705 haec
3733 3649 3817 3701 di-

2242 3768 2367 3808 cere
2393 3765 2673 3820 possutnus
2697 3749 2720 3802 ?
2748 3747 2898 3814 Quod
2928 3756 2981 3802 et
3023 3746 3147 3799 hinc
3187 3744 3417 3798 maxime
3468 3741 3559 3796 Dei
3609 3742 3818 3810 sapien-

2243 3845 2370 3898 tiam
2409 3842 2796 3912 coguoscimns,
2831 3849 2884 3894 et
2931 3838 3188 3892 honorem
3228 3851 3334 3905 quo
3381 3848 3478 3888 nos
3518 3832 3815 3887 decoravit.

2242 3933 2490 3989 Velocior
2518 3932 2712 4002 quippe
2739 3945 2904 4000 equus
2925 3938 3006 3982 est
3033 3928 3271 3988 homine,
3301 3925 3394 3980 sed
3423 3925 3487 3979 ad
3513 3924 3819 3994 peregrina-

2243 4026 2400 4081 tionis
2452 4024 2785 4078 velocitatem
2834 4034 2972 4090 equo
3016 4017 3347 4073 commodior
3395 4015 3572 4068 homo.
3635 4013 3820 4082 Equus

2242 4133 2452 4188 nempe,
2492 4115 2732 4186 quamvis
2756 4112 2990 4168 omnium
3017 4109 3382 4166 velocissimus
3404 4116 3458 4161 et
3498 4105 3818 4160 fortissimus

2240 4214 2327 4277 sit,
2359 4213 2441 4265 vix
2462 4211 2687 4265 ducenta
2714 4206 2881 4263 stadia
2909 4220 3018 4260 uno
3044 4202 3132 4258 die
3168 4211 3378 4265 curret;
3430 4200 3591 4252 homo
3635 4206 3816 4252 autem

2241 4307 2434 4361 multos
2460 4319 2527 4360 ex
2546 4301 2883 4357 successione
2920 4311 3086 4368 equos
3132 4295 3199 4350 ad
3243 4309 3454 4350 currum
3494 4293 3722 4363 iungens
3761 4300 3816 4346 et

2241 4399 2346 4453 duo
2372 4395 2659 4451 stadiorum
2702 4391 2865 4446 millia
2907 4387 3161 4458 expedire
3198 4385 3409 4456 poterit.
3450 4382 3632 4452 Itaque
3673 4381 3816 4451 quod

2241 4490 2318 4544 illi
2347 4487 2618 4550 velocitas,
2646 4483 2770 4538 huic
2793 4482 2927 4537 ratio
2958 4489 3012 4536 et
3039 4493 3127 4534 ars
3151 4493 3272 4534 eum
3301 4476 3485 4546 majori
3515 4474 3702 4530 tribuit
3723 4489 3816 4527 su-

2243 4577 2658 4650 perabanduntia
2686 4591 2702 4631 :
2731 4584 2784 4631 et
2812 4583 2917 4627 tam
2947 4571 3158 4627 veloces
3182 4568 3393 4640 quidem
3435 4566 3597 4637 pedes
3653 4565 3816 4620 homo

2243 4690 2346 4727 non
2391 4672 2734 4740 babetquam
2771 4667 2877 4732 ille,
2930 4665 3089 4720 habet
3141 4678 3268 4718 vero
3314 4660 3475 4731 pedes
3519 4661 3657 4714 illius
3706 4673 3814 4712 non

2241 4767 2415 4820 minus
2442 4778 2598 4834 quam
2628 4777 2752 4815 suos
2783 4759 2882 4814 sibi
2912 4757 3294 4812 ministrantes.
3344 4753 3625 4808 Brutorum
3671 4751 3814 4804 enim

2241 4856 2439 4910 nullum
2467 4851 2658 4907 animal
2687 4850 2827 4904 aliud
2856 4848 2919 4902 ad
2949 4863 3098 4902 usum
3128 4861 3280 4900 suum
3327 4843 3607 4912 subjugare
3657 4850 3815 4909 pote-

2239 4949 2351 5013 rit,
2385 4946 2543 5000 homo
2575 4953 2753 4997 autem
2783 4939 2960 4995 omnia
3004 4936 3324 5008 aggreditur,
3372 4941 3427 4988 et
3471 4947 3566 5002 per
3612 4933 3815 4985 variam

2240 5035 2598 5095 artemaDeo
2637 5031 2737 5087 sibi
2788 5029 3052 5092 traditam,
3105 5026 3172 5080 ad
3222 5039 3378 5080 usum
3434 5022 3533 5078 sibi
3582 5022 3817 5077 maxime

2239 5128 2638 5185 convenientem
2680 5121 2984 5176 animalium
3025 5117 3271 5188 quodque
3314 5114 3526 5185 subigit.
3572 5113 3629 5169 Si
3685 5128 3816 5168 vero

2241 5231 2346 5276 tam
2379 5218 2539 5272 fortes
2571 5216 2839 5269 hominum
2868 5211 3029 5281 pedes
3055 5223 3211 5278 quam
3238 5220 3496 5276 equorum
3548 5203 3812 5268 fuissent;

2238 5312 2305 5365 ad
2329 5310 2429 5364 alia
2453 5308 2674 5362 fuissent
2695 5304 2928 5368 inutiles,
2971 5301 3039 5356 ad
3088 5301 3323 5355 locorum
3370 5296 3712 5353 difï¬cultates
3760 5305 3815 5351 et

2239 5402 2496 5457 montium
2534 5399 2760 5453 vertices
2784 5404 2839 5451 et
2877 5394 3124 5448 arborum
3175 5389 3515 5446 ascensiones
3548 5405 3562 5444 :
3617 5389 3812 5457 ungula

2236 5496 2378 5550 enim
2408 5492 2472 5546 ad
2500 5491 2619 5544 talia
2645 5501 2860 5558 gressus
2879 5485 3135 5554 impedire
3158 5481 3316 5539 solet.
3340 5480 3523 5551 Itaque
3543 5477 3646 5534 etsi
3675 5479 3813 5531 mol-

2237 5587 2397 5641 liores
2423 5584 2656 5653 ipsorum
2688 5579 2869 5649 pedes,
2897 5585 3072 5632 tamen
3099 5575 3337 5644 pluribus
3365 5571 3647 5642 opportuni
3679 5581 3808 5624 sunt

2237 5679 2570 5743 utilitatibus,
2616 5683 2670 5730 et
2717 5673 2844 5728 nihil
2889 5687 2956 5726 ex
3009 5668 3311 5724 infirmitate
3354 5665 3636 5730 Ireduntur,
3693 5667 3816 5732 equi

2239 5782 2432 5829 Virtute
2459 5772 2557 5827 sibi
2587 5769 2866 5832 serviente,
2901 5773 2954 5820 et
2986 5778 3079 5832 per
3104 5775 3316 5832 gressus
3363 5756 3618 5811 varietate
3674 5770 3816 5821 pra:-

2234 5867 2452 5923 cellunt.
2479 5865 2701 5919 Rursum
2732 5870 2814 5918 est
2840 5858 3027 5933 aquila:
3059 5856 3228 5910 levior
3269 5852 3372 5917 ala,
3402 5849 3492 5905 sed
3551 5856 3631 5903 est
3687 5844 3815 5900 mihi
