4112 6388
205 484 309 541 125

1221 483 1312 539 AD
1346 481 1675 541 POPULUM
1711 481 2216 540 ANTIOCHENUM
2255 483 2493 540 HOMIL.
2533 485 2624 541 Xl.

3545 494 3655 554 ηε

200 598 488 653 τοσοῦτοδέ
507 593 684 670 εὖρος,
705 597 957 670 οὐδεμιᾶς
983 597 1637 672 αἰσθάνεταιάρῤωστίας.
1657 598 1873 670 Ἐπειδὴ
1979 599 2148 671 ρέσει,
2172 600 2265 653 καὶ
2291 600 2392 654 οὑκ
2425 601 2698 672 ἰσχύοντος
2725 600 2806 666 εἰς
2833 601 2902 657 τὰ
2923 602 3301 675 παρακείμενα
3327 605 3647 680 ἐκταθῆναι.

195 687 310 757 γὰρ
366 687 475 740 τῶν
537 687 792 741 ἁπάντων
848 685 1026 757 μελῶν
1082 689 1214 758 ἡμῖν
1275 686 1696 758 ἀναγκαιότερόν
1753 687 1870 740 ἐστι

195 773 374 836 τοῦτο,
409 775 508 826 οὑκ
539 774 746 844 ἀφῆκεν
775 774 906 826 αὑτὸ
939 773 1220 837 πιέζεσθαι
1250 776 1504 845 καμάτῳ,
1539 773 1677 827 ὥστε
1698 773 1864 844 ἀνεμ-

193 861 444 916 ⁴ιτόδιστον
480 864 610 933 ἡμῖν
639 861 804 916 αὑτοῦ
833 862 930 934 τὴν
956 862 1226 916 διακονίαν
1257 859 1396 916 εἶναι
1429 863 1523 916 καὶ
1567 861 1862 916 ἀκώλυτον.

193 950 412 1002 Μᾶλλον
441 953 497 1004 δέ
527 953 676 1013 ποῖος
705 952 864 1018 λόγος
911 952 1260 1022 παραστῆσαι
1303 952 1591 1022 δυνήσεται
1630 950 1724 1004 τοῦ
1768 949 1864 1022 μέ-

192 1037 322 1101 λους
365 1039 554 1091 τούτου
615 1039 714 1110 τὴν
766 1039 969 1110 ἀρετὴν
1014 1039 1265 1106 ἃπασαν;
1315 1041 1411 1094 καὶ
1447 1040 1500 1093 τί
1541 1040 1684 1108 λέγω
1735 1039 1868 1107 περὶ

191 1127 364 1196 κόρης
400 1127 491 1179 καὶ
518 1129 619 1197 τῆς
657 1140 682 1167 α
714 1128 946 1198 ὀπτικῆς
982 1128 1296 1198 δυνάμεωςς
1339 1129 1462 1182 Ἐὰν
1501 1129 1631 1199 γάρ,
1661 1127 1690 1181 ὀ
1731 1129 1867 1182 πάν-

189 1229 306 1265 των
337 1214 711 1285 εὐτελέστερον
742 1211 881 1268 εἶναι
911 1217 1056 1271 δοκεῖ
1080 1217 1188 1270 τῶν
1216 1216 1415 1286 μελῶν,
1446 1215 1540 1270 τοῦ
1585 1214 1866 1286 ὀφθαλμοῦ

190 1302 295 1364 1i;
331 1301 654 1372 βλεφαρίδας
687 1303 947 1374 ἐξετάσῃς
983 1305 1162 1373 μόνον,
1186 1305 1280 1358 καὶ
1307 1306 1366 1357 ἐν
1398 1304 1621 1368 ταύταις
1665 1304 1866 1374 πολλὴν

189 1389 314 1458 ὕψει
340 1389 432 1442 τοῦ
455 1390 788 1460 δημιουργοῦ
813 1391 949 1444 Θεοῦ
977 1393 1076 1462 τὴν
1107 1392 1320 1460 σοφίαν.
1350 1392 1616 1462 Καθάπερ
1639 1392 1747 1460 γὰρ
1775 1392 1865 1444 ἐπὶ

189 1478 304 1530 τῶν
346 1477 631 1548 ἀσταχύων
665 1482 714 1532 οἰ
747 1478 1030 1549 ἀνθέρικες
1065 1479 1254 1552 ὥσπερ
1291 1480 1412 1535 τινὰ
1436 1481 1637 1552 δόρατα
1666 1479 1866 1551 προϐε-

189 1565 452 1637 ϐλημένοι
485 1567 609 1630 τοὺς
639 1567 858 1636 ὄρνιθας
903 1568 1286 1632 άποσοϐοῦσιν,
1332 1569 1432 1622 οὑκ
1479 1568 1864 1640 ἐπιτρέποντες

187 1653 583 1722 ἐγκαθέζεσθαι
601 1654 680 1724 τῷ
709 1655 906 1726 καρπῷ
936 1655 1031 1708 καὶ
1057 1656 1280 1727 διακλᾷν
1305 1657 1402 1727 τὴν
1426 1656 1678 1727 καλάμην
1704 1656 1865 1710 ἀσθε-

187 1741 452 1812 νεστέραν
477 1737 640 1796 οὖσαν
658 1760 672 1773 ·
703 1741 845 1796 οὑτω
871 1743 933 1813 δὴ
960 1745 1052 1796 καὶ
1081 1745 1172 1796 ἐπὶ
1200 1744 1308 1796 τῶν
1339 1744 1653 1814 ὀφθαλμῶν,
1675 1744 1864 1816 ὥσπερ

184 1830 337 1889 τινές
376 1829 660 1900 ἀνθέρικες
707 1831 801 1883 καὶ
825 1831 1026 1902 δόρατα
1072 1831 1468 1903 προϐέϐληνται
1511 1836 1567 1886 αἰ
1600 1834 1708 1886 τῶν
1744 1833 1865 1903 βλε-

185 1916 380 1984 φάρων
412 1917 615 1986 τρίχες,
653 1919 801 1972 κόνιν
838 1918 931 1971 καὶ
977 1919 1162 1990 κάρφη
1193 1920 1221 1960 δ
1276 1922 1370 1974 καὶ
1403 1922 1578 1974 πάντα
1613 1922 1680 1974 τά
1727 1922 1865 1975 διεν-

185 2003 448 2072 οχλοῦντα
475 2005 673 2071 ἔξωθεν
703 2008 1142 2079 ἁποκρουόμεναι
1174 2009 1283 2062 τῶν
1313 2009 1623 2078 ὀφθαλμῶν,
1656 2011 1748 2063 καὶ
1767 2010 1866 2064 οὑκ

185 2091 358 2146 ἐῶσαι
405 2093 736 2163 ἐνοχλεῖσθαι
782 2095 849 2148 τά
885 2094 1147 2167 βλέφαρα.
1187 2097 1344 2161 Ἴδοις
1383 2097 1449 2151 ἂν
1495 2099 1587 2152 καὶ
1634 2099 1725 2150 ἐπὶ
1759 2098 1864 2151 τῶν

185 2181 408 2252 ὀφρύων
485 2183 676 2252 ἑτέραν
746 2183 938 2252 σοφίαν
986 2184 1085 2236 οὑκ
1143 2185 1401 2240 ἐλάττονα
1465 2186 1686 2256 ταύτης.
1769 2187 1864 2252 Τίς

185 2270 300 2342 γὰρ
356 2271 455 2324 οὑκ
508 2270 572 2324 ἂν
627 2271 928 2341 ἐκπλαγείη
986 2273 1084 2343 τὴν
1146 2272 1295 2326 θέσιν
1342 2274 1550 2339 αὑτῶν;
1594 2276 1674 2326 ὃτι
1738 2274 1862 2329 οὔτε

185 2359 333 2428 πέρα
360 2357 454 2411 τοῦ
486 2359 686 2430 μέτρου
736 2359 1172 2431 προϐέϐληνται,
1220 2360 1359 2414 ὥστε
1401 2363 1706 2416 ἐπισκοτεῖν
1754 2367 1865 2428 τοῖς

181 2446 506 2516 ὀφθαλμοῖς,
554 2446 678 2500 οὗτε
736 2449 994 2519 ἐνδοτέρω
1039 2449 1133 2502 τοῦ
1205 2451 1418 2526 δέοντος
1479 2452 1859 2520 ὑφιζάνουσιν⁸

182 2536 304 2588 ἀλλ’
339 2535 526 2608 ῶσπερ
553 2537 729 2601 οἰκίας
769 2541 972 2606 γεῖσος,
1004 2539 1176 2604 οὕτως
1214 2539 1487 2610 ἐξέχουσιν
1519 2541 1744 2607 ἄνωθεν,
1772 2542 1864 2596 τὸν

185 2625 255 2676 ἐκ
297 2624 396 2695 τῆς
435 2625 677 2695 κεφαλῆς
722 2627 974 2681 κατιόντα
1026 2628 1226 2699 ἱδρῶτα
1258 2629 1564 2699 δεχόμεναι,
1600 2632 1694 2684 καὶ
1738 2633 1864 2697 τοὺς

181 2711 500 2783 ὀφθαλμοὺς
531 2713 719 2767 λυπεῖν
747 2715 845 2792 οὑκ
894 2715 1080 2770 ἐῶσαι.
1115 2715 1215 2769 Διὰ
1245 2715 1308 2786 δὴ
1338 2715 1494 2768 τοῦτο
1544 2719 1636 2771 καὶ
1679 2720 1864 2790 τρίχες

183 2801 380 2864 αὑταῖς
409 2803 547 2853 εἰσιν
583 2803 972 2872 ἐμπεφυκυῖαι,
1008 2807 1074 2875 τῇ
1111 2803 1459 2873 δασύτητιτά
1489 2806 1862 2876 καταρρέοντα

184 2889 500 2967 ἐπέχουσαι,
554 2892 646 2943 καὶ
685 2891 823 2961 μετά
860 2892 1058 2963 πολλῆς
1098 2891 1384 2960 στέγουσαι
1418 2893 1515 2963 τῆς
1554 2894 1859 2964 ἀκριϐείας,

186 2977 283 3030 καὶ
328 2977 530 3050 πολλὴν
557 2981 677 3042 ταῖς
706 2979 859 3048 ὄψεσι
901 2980 1000 3052 τὴν
1040 2981 1343 3051 εὐμορφίαν
1378 2981 1733 3053 παρέχουσαι.
1785 2983 1859 3035 Οὑ

181 3063 346 3117 τοῦτο
374 3065 430 3118 δὲ
468 3065 625 3137 μόνον
660 3067 724 3122 ἄν
755 3085 836 3131 τις
861 3067 1210 3138 θαυμάσειεν,
1240 3069 1374 3122 ἀλλὰ
1415 3071 1510 3123 καὶ
1548 3070 1731 3141 ἕτερον
1761 3071 1861 3124 οὑκ

182 3153 407 3206 ἔλαττον
432 3153 642 3207 τούτου.
683 3155 838 3218 Τίνος
870 3156 976 3227 γάρ
1004 3156 1209 3218 ἕνεκεν,
1247 3157 1367 3209 εἰπέ
1403 3174 1515 3226 μοι,
1547 3159 1602 3210 αἱ
1638 3159 1735 3225 μὲν
1761 3159 1862 3229 τῆς

182 3243 429 3313 κεφαλῆς
458 3242 711 3309 αὔξονται
761 3243 946 3314 τρίχες
991 3245 1084 3297 καὶ
1117 3245 1522 3315 ἀποκείρονται,
1563 3248 1620 3299 αἱ
1653 3247 1709 3298 δὲ
1753 3247 1860 3300 τῶν

181 3330 403 3400 ὀφρύων
427 3331 527 3383 οὑκ
561 3329 675 3395 ἐτις
711 3329 858 3403 [H9]
893 3331 1013 3384 οὑδέ
1055 3331 1165 3402 γὰρ
1193 3331 1350 3384 τοῦτο
1381 3333 1590 3398 ἁπλῶς,
1625 3335 1744 3387 ούδέ
1784 3335 1861 3399 ώς

183 3419 374 3490 ἔτυχεν
406 3421 538 3491 ἡμῖν
565 3421 803 3488 γέγονεν,
839 3420 954 3474 ἀλλ’
987 3417 1130 3472 ὥστε
1175 3421 1248 3492 μὴ
1277 3421 1600 3492 χαλωμένας
1637 3425 1860 3477 ἐπισκο-

181 3511 296 3562 τεῖν
325 3513 439 3572 τοῖς
480 3509 800 3578 ὀφθαλμοῖς,
829 3510 965 3580 ὅπερ
993 3509 1042 3561 οἱ
1076 3509 1212 3580 πρὸς
1249 3509 1384 3580 βαθὺ
1408 3513 1584 3583 γῆρας
1613 3513 1859 3577 ἐλθόντες

183 3599 476 3670 πάσχουσι.
521 3598 618 3661 Τίς
661 3597 705 3650 δ’
755 3597 821 3650 ἂν
864 3597 1114 3668 δυνηθείη
1151 3597 1248 3668 τὴν
1281 3598 1366 3652 δια
1413 3600 1506 3652 τοῦ
1556 3601 1857 3670 ἐγκεφάλου

178 3685 538 3754 δ;ικνυμένην
566 3684 758 3754 σοφίαν
788 3683 1004 3737 άπασαν
1036 3684 1260 3739 διελθεῖν
1285 3697 1305 3724 ο
1329 3703 1342 3751 ;
1367 3686 1588 3756 Πρῶτον
1620 3689 1719 3757 μὲν
1751 3689 1858 3761 γάρ

181 3772 346 3824 αὑτὸν
379 3771 584 3824 ἁπαλὸν
607 3772 878 3840 ἐποίησεν,
907 3771 1094 3843 ἐπειδὴ
1129 3775 1248 3836 ταῖς
1275 3773 1592 3844 αἰσθήσεσιν
1616 3776 1856 3840 άπάσαις

181 3859 344 3920 αὑτδς
374 3862 600 3928 χορηγεῖ
617 3858 714 3922 τὰς
747 3859 928 3928 πηγάς
947 3877 959 3889 ο
992 3856 1111 3913 εἷτα
1133 3861 1217 3913 ἴνα
1253 3861 1326 3931 μὴ
1351 3862 1500 3932 παρὰ
1526 3863 1624 3933 τὴν
1651 3864 1857 3917 οἰκείαν

182 3946 644 4017 παραϐλάπτηται
689 3946 871 4016 φύσιν.
919 3948 1095 4012 ὀστοῖς
1131 3949 1290 4002 αὑτὸν
1329 3950 1592 4002 πάντοθεν
1641 3953 1856 4006 ἐπετεί-

181 4052 302 4104 χισε
323 4049 338 4064 ⁶
378 4035 538 4088 πάλιν
563 4035 649 4087 ἵνα
687 4035 760 4106 μὴ
792 4038 857 4106 τῇ
894 4036 1219 4107 σκληρότητι
1248 4037 1357 4089 τῶν
1383 4038 1554 4092 ὀστῶν
1590 4057 1858 4110 παρατρι-

181 4123 411 4192 ϐόμενος
463 4121 765 4193 ἐνοχλῆται,
819 4123 994 4193 ὑμένα
1047 4125 1214 4194 μέσον
1267 4125 1562 4186 ἐπέτεινεν,
1618 4128 1716 4198 οὑχ
1761 4130 1858 4184 ἕνα

185 4212 370 4282 μόνον,
394 4210 529 4264 ἀλλὰ
552 4211 645 4263 καὶ
667 4211 936 4282 δεύτερον.
955 4211 1046 4264 τὸν
1065 4213 1162 4282 μὲν
1193 4213 1478 4276 ὑποτείνας
1494 4215 1570 4284 τῷ
1587 4214 1856 4286 βρέγματι

181 4299 446 4358 κάτωθεν,
501 4300 590 4352 τὸν
620 4299 676 4351 δέ
722 4299 924 4352 ἄνωθεν
960 4298 1264 4369 περιϐαλὼν
1311 4303 1377 4371 τῇ
1419 4300 1510 4353 τοῦ
1551 4303 1854 4371 ἐγκεφάλου

184 4387 382 4458 σαρκί·
421 4389 515 4440 καὶ
545 4387 688 4440 ἔστιν
718 4389 922 4449 ἐκεῖνος
949 4386 1139 4440 τούτου
1177 4387 1559 4460 σκληρότερος.
1603 4391 1772 4444 Τοῦτο
1797 4393 1854 4445 δέ

183 4475 409 4544 ἐποίησε
439 4476 525 4529 διά
554 4492 612 4528 τε
642 4475 740 4546 τὴν
765 4477 1061 4545 εἰρημένην
1081 4476 1282 4539 αἰτίαν,
1312 4479 1406 4530 καὶ
1439 4478 1528 4531 ἵνα
1557 4479 1656 4542 τὰς
1690 4497 1854 4548 φερο-

186 4565 353 4634 μένας
387 4565 479 4615 ἐπὶ
512 4564 610 4634 τῆς
643 4563 882 4632 κεφαλῆς
919 4562 1132 4633 πληγάς
1162 4563 1236 4634 μὴ
1265 4565 1475 4636 πρῶτος
1493 4559 1531 4618 ’ό
1557 4567 1858 4636 ἐγκέφαλος

180 4652 432 4721 δέχηται,
478 4651 615 4703 ἀλλὰ
664 4652 1089 4722 προαπαντῶσαι
1136 4653 1191 4704 αἰ
1229 4653 1493 4723 μήνιγγες
1538 4649 1696 4708 αῦται
1737 4657 1857 4719 ταῖς

185 4738 370 4809 βολαῖς
393 4738 492 4809 τὴν
519 4737 722 4808 βλάϐην
750 4737 1039 4791 διαλύωσιν
1068 4737 1302 4803 ἃπασαν,
1331 4726 1422 4792 καὶ
1446 4740 1856 4810 ἀνεπηρέαστον

181 4826 348 4881 αὑτὸν
385 4825 699 4896 διατηρῶσι.
733 4826 841 4878 Καὶ
869 4825 929 4878 τὸ
959 4825 1032 4895 μὴ
1065 4825 1284 4894 συνεχές
1319 4843 1378 4877 τε
1411 4827 1504 4878 καὶ
1540 4825 1598 4878 ἒν
1629 4823 1768 4879 εἶναι
1797 4827 1857 4880 τὸ

182 4914 458 4969 καλύπτον
482 4913 644 4966 αὑτὸν
686 4911 898 4976 ὀστοῦν,
927 4912 1063 4966 ἀλλὰ
1104 4911 1305 4974 πολλὰς
1337 4913 1674 4983 πανταχόθεν
1712 4913 1856 4984 ἐχειν

183 5002 386 5074 ῥαφὰς,
421 5001 620 5070 πολλῆς
650 5001 948 5068 ἀσφαλείας
980 4999 1126 5070 αὑτῷ
1150 4999 1310 5053 πάλιν
1342 4999 1596 5064 ὑπόθεσις
1625 5001 1853 5070 γίνεται.

181 5091 306 5144 Τῶν
335 5107 394 5142 τε
428 5089 537 5160 γάρ
565 5088 892 5158 συνεχόντων
936 5088 1096 5140 αὑτὸν
1127 5087 1315 5157 ἀτμῶν
1346 5090 1427 5151 εἰς
1465 5087 1525 5141 τὸ
1563 5088 1669 5156 ἔξω
1697 5089 1856 5161 ῥᾳδία

180 5180 380 5248 γένοιτ’
407 5177 473 5231 ἂν
501 5177 743 5247 ἀναπνοὴ
774 5177 864 5230 διὰ
895 5176 1003 5229 τῶν
1045 5176 1229 5247 ῥαφῶν
1259 5175 1501 5242 ἐκείνων,
1525 5176 1666 5230 ὥστε
1695 5177 1856 5234 αὑτὸν

185 5268 262 5336 μὴ
301 5263 731 5334 συμπνίγεσθαι·
771 5263 950 5335 πληγή
987 5280 1047 5315 τε
1095 5263 1147 5316 εἴ
1181 5279 1266 5326 τις
1304 5262 1620 5335 ἐπενεχθείη
1670 5265 1853 5329 ποθὲν,

181 5357 280 5425 οὑχ
311 5353 608 5423 ὁλοσχερὴς
637 5353 845 5421 γίνεται
879 5351 1128 5424 ὴβλάϐη.
1162 5352 1225 5405 Εἰ
1249 5352 1358 5422 ίμέν
1391 5353 1498 5423 γὰρ
1516 5352 1575 5406 ἓν
1594 5353 1688 5406 καὶ
1718 5371 1849 5406 συν-

179 5444 304 5512 εχὲς
325 5439 394 5513 ἦν
416 5441 478 5495 τό
498 5441 706 5505 ὀστοῦν,
725 5441 817 5494 καὶ
837 5443 914 5502 εἰς
937 5441 995 5492 ἐν
1019 5441 1184 5511 μέρος
1213 5441 1647 5512 κατενεχθεῖσαὴ
1674 5443 1854 5514 πληγὴ

179 5529 242 5580 τὺ
276 5531 385 5583 πᾶν
415 5530 720 5599 ἐλυμήνατο
749 5527 814 5581 ἄν
837 5544 848 5556 ·
875 5526 953 5595 τῷ
989 5527 1046 5580 δέ
1078 5528 1158 5590 εἰς
1184 5526 1354 5580 πολλά
1389 5527 1712 5598 διαιρεῖσθαι
1737 5529 1852 5595 νῦν,

178 5619 281 5670 οὑκ
321 5616 389 5670 ἂν
433 5615 643 5684 γένοιτο
691 5615 864 5668 τοῦτο.
906 5616 968 5668 Εἰ
1001 5615 1111 5685 γὰρ
1157 5616 1250 5668 καί
1292 5615 1533 5687 συμϐαίη
1580 5617 1852 5688 τρωθῆναι

181 5705 351 5776 μέρος
378 5705 458 5769 ἓν,
493 5704 554 5758 τὸ
587 5705 705 5756 κατ’
741 5706 916 5756 ἐκεῖνο
947 5703 1008 5755 τὸ
1049 5703 1213 5774 μέρος
1240 5702 1432 5755 ὀστοῦν
1461 5703 1714 5773 κείμενον
1754 5722 1854 5758 πα-

178 5773 553 5864 ραϐλάπτεται
587 5793 768 5864 μόνον,
793 5792 862 5844 τά
886 5791 942 5844 δὲ
965 5773 1129 5844 λοιπάν
1149 5790 1306 5861 ἀσινῆ
1341 5791 1491 5860 μένει
1532 5793 1730 5854 πάντα,
1761 5792 1852 5846 τοῦ
1887 5773 1904 5805 θ

175 5881 440 5953 συνεχοῦς
465 5883 562 5952 τῆς
591 5879 806 5951 πληγῆς
830 5879 1250 5949 διακοπτομένου
1287 5882 1353 5950 τῇ
1381 5878 1490 5932 τῶν
1517 5880 1689 5935 ὀστῶν
1720 5881 1854 5933 διαι-

236 6003 264 6068 ξ
291 6003 499 6068 Quidam
522 6017 636 6053 mss.
659 6004 765 6068 περὶ
788 6004 932 6067 κόρης
953 6001 1195 6066 ὀφθαλμοῦ
1221 6004 1301 6051 καὶ
1325 6009 1421 6062 τῆς.

239 6063 272 6129 1}
296 6067 394 6114 Alii
419 6067 612 6129 κάρφος.

239 6127 270 6160 ⁸
294 6130 394 6177 Alii
423 6127 644 6177 ἐπελθεῖν.
669 6129 795 6178 Infra
819 6129 968 6180 Savil.
997 6134 1049 6179 el
1066 6131 1148 6180 alii
1169 6132 1314 6188 ὑμένα
1335 6130 1482 6191 μέσον
1505 6129 1740 6177 ὑπέτεινεν

1977 687 2074 741 Διά
2098 687 2255 741 τοῦτο
2284 689 2348 742 ἐκ
2378 689 2586 742 πολλῶν
2609 690 2770 743 αὑτοῦ
2800 691 2901 762 τῆν
2931 691 3142 764 σκέπην
3156 693 3330 748 ὀστῶν
3349 696 3654 768 συνέθηκεν

1973 777 2002 828 6
2030 775 2181 839 Θεὸς,
2198 776 2290 828 καὶ
2307 777 2551 848 καθάπερ
2580 778 2755 832 οἰκίαν
2778 796 2858 841 τις
2880 780 3198 851 οἰκοδομῶν,
3219 780 3420 854 στέγην
3438 785 3533 838 καὶ
3550 803 3647 839 κε-

1971 863 2198 932 ραμῖδας
2220 863 2420 918 ἄνωθεν
2442 864 2767 933 ἐπιτίθησιν·
2785 865 2926 918 οὑτω
2961 867 3057 920 καὶ
3090 867 3158 920 τά
3182 869 3316 922 ὀστᾶ
3348 867 3524 924 ταῦτα
3550 873 3650 925 ἐπ-

1970 949 2164 1022 έθηκεν
2183 952 2386 1006 ἄνωθεν
2403 953 2496 1006 ἐπὶ
2511 954 2608 1024 τῆς
2625 953 2866 1024 κεφαλῆς
2881 957 2908 1008 ὀ
2923 954 3076 1020 Θεὸς,
3097 956 3190 1009 καὶ¹
3204 956 3395 1027 τρίχας
3413 956 3648 1027 βλαστά-

1966 1053 2076 1091 νειν
2106 1040 2536 1108 παρεσκεύασεν,
2569 1042 2708 1095 ὥστε
2739 1044 2859 1096 ἀντὶ
2889 1043 3015 1113 πιλη
3026 1047 3210 1114 μάτων
3225 1046 3388 1099 τινῶν
3417 1041 3643 1116 εἷναιτῇ

1967 1126 2196 1198 κεφαλῇ.
2233 1127 2306 1180 Τὸ
2331 1129 2460 1182 αὑτὸ
2483 1129 2540 1183 δὲ
2569 1129 2722 1184 τοῦτο
2750 1131 2846 1184 καὶ
2875 1132 2968 1184 ἐπὶ
2995 1133 3094 1202 τῆς
3115 1132 3338 1203 καρδίας
3365 1133 3638 1202 ἐποίησεν.

1980 1213 2192 1286 Ἐπειδὴ
2221 1215 2329 1288 γάρ
2363 1217 2424 1270 τὸ
2451 1217 2785 1287 κυριώτατόν
2833 1220 2948 1272 ἐστι
2988 1220 3096 1272 τῶν
3130 1223 3191 1274 ἐν
3221 1222 3356 1292 ἡμῖν
3403 1220 3578 1291 μελῶν
3609 1223 3648 1292 ἡ

1967 1302 2181 1371 καρδία,
2195 1304 2289 1358 καὶ
2309 1305 2409 1373 τῆς
2438 1304 2583 1374 ζωῆς
2611 1305 2766 1375 ἡμῶν
2793 1306 3006 1376 ἁπάσης
3029 1306 3168 1378 αῦτη
3190 1308 3251 1360 τὸ
3282 1307 3450 1380 κῦρος
3477 1309 3633 1378 ἐγκε-

1966 1391 2250 1461 χείρισται,
2300 1394 2393 1446 καὶ
2425 1394 2486 1445 τὸ
2528 1394 2689 1464 τυχὸν
2727 1395 3023 1465 πληγείσης
3038 1397 3207 1466 αὑτῆς
3238 1395 3466 1460 θάνατος
3497 1397 3645 1465 γίνε-

1964 1495 2072 1544 ται,
2108 1483 2381 1548 στεγανοῖς
2401 1481 2492 1534 καὶ
2529 1482 2780 1553 σκληροῖς
2801 1483 2978 1546 ὀστοῖς
3009 1483 3103 1536 καὶ
3140 1482 3346 1555 ταύτην
3377 1486 3646 1556 πανταχιῖε

1967 1565 2058 1618 θεν
2088 1568 2440 1640 περιέφραξε,
2488 1573 2611 1634 ταῖς
2646 1569 2740 1623 τοῦ
2786 1569 3033 1642 θώρακος
3065 1571 3355 1642 προϐολαῖς
3399 1573 3493 1625 καὶ
3521 1575 3643 1635 ταῖς

1965 1653 2314 1726 ώμοπλάταις
2342 1657 2562 1711 ὄπισθεν
2601 1659 2844 1729 τειχίσας
2871 1659 3040 1729 αὑτήν
3061 1675 3075 1689 ’
3117 1660 3212 1711 καὶ
3245 1659 3381 1730 ὅπερ
3411 1660 3505 1713 ἐπὶ
3531 1659 3645 1712 τῶν

1966 1744 2244 1812 μηνίγγων
2291 1745 2739 1816 ἐποίησε,,τοῦτο
2781 1749 2876 1801 καὶ
2925 1747 3019 1800 ἐπὶ
3062 1747 3267 1818 ταύτης
3321 1747 3637 1818 εἰργάσατο.

1966 1832 2126 1886 Ὥστε
2158 1834 2266 1904 γὰρ
2299 1834 2372 1906 μὴ
2415 1835 2654 1906 συνεχῶς
2688 1835 2990 1907 ἁλλομένην
3037 1835 3208 1906 αὑτὴν
3254 1835 3351 1888 καὶ
3384 1835 3642 1906 πηδῶσαν

1964 1921 2022 1973 ἐν
2050 1924 2163 1986 τοῖς
2188 1922 2378 1994 θυμοῖς
2416 1925 2511 1978 καὶ
2538 1927 2659 1988 ταῖς
2686 1923 2962 1986 τοιαύταις
2993 1925 3191 1994 ὁρμαῖς
3229 1924 3324 1976 καὶ
3370 1926 3436 1994 τῇ
3471 1924 3638 1992 σκλη-

1966 2009 2150 2080 ρότητι
2194 2011 2302 2064 τῶν
2352 2011 2524 2066 ὀστῶν
2580 2011 2949 2082 ἐγκρούουσαν
3005 2011 3110 2064 τῶν
3159 2011 3640 2082 περιφραττόντων

1964 2097 2132 2169 αὑτὴν
2163 2099 2596 2170 παρατρίϐεσθαι
2631 2100 2724 2153 καὶ
2746 2097 3057 2164 ὀδυνᾶσθαι,
3091 2099 3296 2168 ὑμένας
3326 2115 3385 2152 τε
3417 2099 3642 2152 ὑπέτειν-

1963 2202 2052 2238 νεν
2089 2188 2204 2239 ἐκεῖ
2240 2187 2486 2252 πολλοὺς,
2543 2189 2758 2241 καὶτὸν
2801 2186 3079 2257 πνεύμονα
3127 2186 3401 2258 ὑπέθηκεν
3448 2186 3640 2254 ὥσπερ

1965 2273 2170 2327 ἁπαλὸν
2199 2275 2423 2346 στρῶμα
2454 2279 2566 2338 τοῖς
2591 2277 2826 2346 ἅλμασιν
2858 2275 3030 2345 αὑτῆς
3059 2275 3344 2346 παραθεὶς,
3385 2275 3474 2329 ἵνα
3503 2275 3637 2328 άλύο

1964 2378 2081 2426 πως
2113 2364 2488 2436 ἐρῤηγνυμένη
2525 2364 2719 2434 τούτῳ,
2759 2365 2929 2435 μηδὲν
2970 2364 3133 2434 ἀηδὲς
3180 2362 3382 2435 πάσχῃ.
3428 2363 3538 2416 Καὶ
3583 2363 3638 2416 τί

1962 2449 2106 2519 λέγω
2137 2454 2263 2522 περὶ
2295 2453 2595 2521 ἐγκεφάλου
2633 2453 2725 2505 καὶ
2771 2452 3019 2524 καρδίας,
3052 2453 3185 2505 ὅπου
3230 2468 3296 2520 γε
3341 2451 3395 2503 εῐ
3419 2468 3503 2515 τις
3546 2452 3638 2504 καὶ

1961 2540 2089 2609 περὶ
2106 2539 2213 2592 τῶν
2241 2539 2446 2610 ὀνύχων
2474 2538 2653 2593 αὑτῶν
2685 2538 2965 2610 ζητήσειε,
2996 2539 3195 2611 πολλὴν
3221 2539 3318 2594 καὶ
3345 2540 3404 2593 ἐν
3424 2538 3634 2602 τούτοις

1961 2625 2150 2695 ὄψεται
2182 2628 2281 2699 τὴν
2334 2628 2523 2697 σοφίαν
2574 2626 2668 2680 τοῦ
2715 2627 2850 2680 Θεοῦ
2891 2627 3359 2699 διαδεικνυμένην,
3396 2627 3492 2680 καὶ
3528 2627 3639 2681 ἀπὸ

1959 2713 2052 2766 τοῦ
2089 2716 2365 2787 σχήματος
2395 2715 2595 2778 αὑτῶν,
2629 2716 2722 2770 καὶ
2754 2715 2862 2768 ἀπὸ
2887 2715 2987 2786 τῆς
3019 2716 3228 2779 οὑσίας,
3259 2716 3355 2768 καὶ
3381 2713 3490 2768 ἀπὸ
3534 2715 3637 2782 τῆς

1960 2800 2182 2866 θέσεως.
2235 2804 2390 2873 Ἐνῆν
2414 2803 2471 2856 δέ
2500 2805 2672 2857 εἰπεῖν
2699 2804 2793 2858 καὶ
2819 2803 2962 2865 τίνος
2982 2803 3167 2857 ’ένεκεν
3191 2804 3292 2857 οὑκ
3320 2802 3634 2874 ἰσόμετροιά

1959 2889 2158 2954 πάντες
2183 2893 2316 2962 ἡμῖν
2342 2893 2478 2944 εἰσιν
2504 2891 2554 2944 οἰ
2600 2891 2873 2954 δάκτυλοι,
2921 2891 3016 2944 καὶ
3043 2890 3213 2943 πολλὰ
3232 2889 3319 2942 έτε
3331 2907 3397 2959 ρα
3422 2888 3596 2942 τούτω
3613 2910 3629 2939 ι

1960 2975 2112 3051 [120]
2154 2979 2408 3032 πλείονα·
2439 2979 2554 3033 ἀλλ’
2584 2979 2900 3050 ἀρκούντως
2940 2979 3034 3032 καὶ
3075 2980 3140 3032 ἐκ
3186 2977 3294 3032 τῶν
3327 2977 3634 3049 εἰρημένω)

1957 3068 2069 3128 τοῖς
2115 3066 2355 3119 ἐθέλουσι
2389 3067 2676 3137 προσέχειν
2715 3070 2751 3138 ἡ
2799 3066 2961 3136 σοφία
2997 3065 3092 3119 τοῦ
3128 3065 3635 3137 δημιουργήσαντος

1957 3153 2106 3224 ἡμᾶς
2129 3154 2425 3226 διαλάμπει
2455 3155 2591 3208 Θεοῦ
2613 3173 2626 3186 ο
2657 3155 2847 3226 διόπερ
2882 3153 3042 3224 ἀφεὶς
3062 3154 3219 3206 τοῦτο
3244 3152 3306 3206 τὸ
3333 3153 3498 3224 μέρος
3521 3155 3634 3215 τοῖς

1959 3243 2267 3309 φιλοπόνοις
2314 3243 2710 3312 ἐξεργάσασθαι
2767 3243 2904 3314 μετὰ
2953 3241 3260 3314 ἀκριϐείας,
3311 3241 3396 3310 ἐφ’
3442 3242 3634 3313 ἑτέραν

1956 3329 2227 3382 ἀντίθεσιν
2256 3331 2546 3401 τρέψομαι.

2028 3417 2089 3471 δ’.
2112 3419 2222 3472 Καὶ
2253 3419 2362 3490 γὰρ
2389 3420 2572 3472 πολλοὶ
2601 3419 2736 3490 μετὰ
2752 3419 2860 3473 τῶν
2876 3419 3181 3491 εἰρημένων
3206 3416 3422 3471 κάκεῖνο
3435 3417 3633 3472 ἀντιλέ·

1956 3521 2142 3570 γουσι’
2180 3507 2244 3559 Τί
2288 3508 2508 3578 δήποτε,
2546 3510 2593 3560 εἰ
2629 3507 2879 3576 βασιλεὺς
2902 3507 3011 3560 τῶν
3053 3507 3265 3576 ἀλόγων
3302 3509 3448 3559 ἐστὶν
3481 3507 3509 3557 ό
3541 3505 3633 3558 ἄν·

1957 3591 2192 3664 θρωπος.
2224 3596 2315 3648 καὶ
2350 3595 2509 3669 ῥώμῃ
2561 3597 2656 3648 καὶ
2704 3594 2923 3666 ὀξύτητι
2965 3595 3060 3649 καὶ
3103 3595 3262 3664 τάχει
3313 3593 3484 3646 πολλὰ
3521 3592 3636 3646 τῶν

1957 3681 2108 3744 ζώων
2134 3683 2298 3737 αὑτοῦ
2330 3684 2638 3738 πλεονεκτεῖ
2671 3694 2695 3722 ε
2720 3700 2733 3748 ;
2765 3684 2860 3736 καὶ
2887 3683 2995 3754 γὰρ
3023 3683 3318 3755 ταχύτερον
3345 3682 3509 3743 ἵππος
3539 3682 3631 3734 άν-

1957 3768 2195 3839 θρώπου,
2221 3773 2312 3824 καὶ
2348 3769 2744 3841 τλητικώτερον
2783 3769 2928 3840 βοῦς,
2956 3771 3052 3824 καὶ
3082 3771 3410 3841 κουφότερον
3452 3767 3628 3830 ἀετὸς,

1956 3858 2050 3911 καὶ
2080 3858 2426 3929 ἰσχυρότερον
2451 3858 2608 3911 λέων.
2651 3858 2714 3910 Τί
2745 3854 2838 3911 οὖν
2867 3857 2934 3910 ἂν
2963 3858 3214 3927 εἴποιμεν
3246 3857 3382 3928 προς
3423 3855 3590 3909 ταῦτα
3621 3872 3638 3913 1

1958 3944 2078 3998 ’Ότι
2113 3945 2205 3998 καὶ
2234 3945 2483 3998 ἐντεῦθεν
2525 3945 2757 4014 μάλιστα
2798 3943 3055 4014 εἰσόμεθα
3097 3943 3190 3996 τοῦ
3221 3942 3356 3996 Θεοῦ
3401 3941 3502 4013 τὴν
3543 3959 3632 3994 σο-

1957 4033 2105 4101 φίαν,
2136 4034 2228 4087 καὶ⁸
2259 4032 2356 4104 τὴν
2389 4033 2552 4103 τιμὴν
2599 4034 2666 4103 ἢν
2707 4033 2854 4102 ἡμᾶς
2891 4031 3141 4100 ἐτίμησε.
3176 4031 3487 4101 Ταχύτερον
3533 4029 3634 4100 μὲν

1955 4121 2060 4192 γὰρ
2109 4121 2271 4184 ἵππος
2300 4119 2610 4192 ἀνθρώπου,
2647 4121 2762 4174 ἀλλ’
2792 4123 2873 4185 εἰς
2897 4119 3209 4191 ἀποδημίας
3239 4119 3404 4188 τάχος
3447 4119 3632 4188 ἐπιτη-

1954 4209 2220 4281 δειότερον
2245 4209 2528 4280 ἄνθρωπος
2559 4209 2723 4262 ἵππου
2746 4227 2758 4241 ·
2793 4209 2960 4272 ἵππος
2987 4209 3084 4279 μὲν
3109 4207 3238 4280 γὰρ,
3276 4206 3381 4262 κᾶν
3414 4205 3635 4258 πάντων

1955 4297 2210 4364 ὀξύτατος
2254 4299 2346 4352 καὶ⁸
2385 4297 2765 4365 ἀλκιμώτατος
2792 4295 2849 4370 ᾖ,
2886 4297 3040 4369 μόλις
3073 4297 3379 4359 διακοσίους
3406 4295 3632 4366 δραμεῖ-

1953 4403 2042 4440 ται
2085 4388 2183 4457 τῆς
2228 4386 2437 4459 ἡμέρας
2479 4387 2760 4449 σταδίουςο
2802 4385 3086 4457 ἄνθρωπος
3110 4385 3167 4439 δὲ
3212 4384 3512 4450 ὑποζεύξας
3541 4385 3627 4436 ἴπ-

1955 4492 2090 4539 πους
2111 4478 2176 4530 ἐκ
2193 4475 2443 4545 διαδοχῆς
2468 4474 2714 4539 πολλοὺς,
2745 4474 2839 4528 καὶ
2867 4473 3161 4544 δισχιλίους
3193 4471 3480 4542 δυνήσεται
3505 4487 3632 4524 στα-

1952 4563 2100 4627 δίους
2143 4563 2407 4617 διανύσαι.
2448 4563 2610 4616 Ὥστε
2658 4564 2798 4632 ὅπερ
2847 4560 3041 4630 ἐκείνῳ
3067 4559 3128 4612 τὸ
3179 4559 3362 4629 τάχος,
3393 4556 3569 4628 τούτῳ
3598 4559 3627 4611 ὀ

1955 4650 2209 4722 λογισμὸς
2246 4652 2339 4704 καί
2363 4653 2394 4721 ἡ
2428 4651 2593 4720 τέχνη
2620 4649 2862 4721 παρέσχε
2889 4647 3026 4719 μετὰ
3055 4645 3298 4708 πλείονος
3327 4644 3427 4710 τῆς
3458 4644 3626 4715 ὑπερ-

1955 4738 2116 4810 ϐολῆς
2135 4755 2150 4772 ο
2179 4739 2280 4791 οὑκ
2305 4737 2416 4809 ἔχει
2448 4738 2546 4808 μὲν
2585 4737 2694 4808 γὰρ
2733 4737 2901 4800 πόδας
2931 4735 3183 4805 ἰσχυροὺς
3214 4731 3232 4771 ί
3264 4733 3292 4785 ὀ
3317 4731 3623 4802 ἄνθρωπος,

1954 4825 2142 4898 ῶσπερ
2188 4828 2421 4890 ἐκεῖνος,
2459 4825 2572 4896 ἔχει
2618 4825 2676 4879 δέ
2723 4823 2849 4887 τοὺς
2896 4821 3105 4876 ἐκείνου
3145 4818 3252 4874 τῶν
3281 4818 3477 4873 ἐαυτοῦ
3524 4819 3626 4873 οὑκ

1955 4915 2176 4968 ἔλαττον
2202 4913 2351 4984 αὑτῷ
2371 4911 2840 4983 διακονουμένους.
2865 4908 2986 4962 Τῶν
3013 4909 3110 4979 μὲν
3134 4907 3242 4978 γὰρ
3268 4907 3478 4975 ἀλόγων
3505 4907 3626 4961 οὑδὲ

1955 5001 2013 5056 ἐν
2041 5001 2193 5067 ζώων
2227 5002 2411 5072 ἓτερον
2438 5001 2573 5072 πρὸς
2609 5000 2705 5069 τὴν
2745 4996 2940 5052 ἐαυτοῦ
2984 4994 3174 5067 χρείαν
3206 4993 3498 5059 ὑποζεύξαι
3529 4993 3624 5048 δύο

1954 5108 2130 5152 ναται,
2161 5090 2190 5141 ὀ
2212 5089 2266 5141 δέ
2291 5087 2574 5158 ἄνθρωπος
2601 5088 2778 5140 πάντα
2807 5086 3003 5146 ἔπεισι,
3029 5084 3122 5138 καὶ
3141 5082 3228 5138 διὰ
3253 5083 3351 5153 τῆς
3374 5081 3624 5153 ποικίλης

1953 5177 2148 5247 τέχνης
2183 5175 2284 5244 τῆς
2324 5175 2473 5244 παρᾶ
2512 5175 2605 5227 τοῦ
2643 5173 2778 5226 Θεοῦ
2825 5172 3070 5244 δοθείσης
3113 5171 3300 5242 αὐτῷ,
3349 5171 3484 5241 πρὸς
3521 5170 3621 5242 τὴν

1957 5264 2191 5335 μάλιστα
2221 5265 2602 5335 προσήκουσαν
2629 5261 2780 5331 αὑτῷ
2821 5261 3131 5330 οἰκονομίαν
3154 5259 3386 5311 ἕκαστον
3420 5257 3622 5324 ὑπάγει

1953 5353 2062 5404 τῶν
2092 5351 2263 5416 ζώων.
2306 5349 2368 5402 Εἰ
2409 5349 2466 5402 δέ
2497 5345 2638 5420 ἦσαν
2665 5349 2837 5410 οὑτως
2883 5348 3092 5418 ἰσχυροὶ
3119 5348 3167 5400 οἰ
3202 5346 3359 5409 πόδες
3387 5346 3496 5400 τῶν
3523 5347 3622 5400 άν-

1955 5440 2187 5511 θρώπων
2209 5439 2283 5501 ὡς
2311 5439 2360 5490 οί
2387 5437 2495 5490 τῶν
2517 5438 2718 5499 ἵππων,
2744 5435 2881 5507 πρὸς
2910 5435 3070 5506 ἔτερα
3093 5433 3160 5486 ἂν
3185 5435 3431 5502 ἐγένοντο
3449 5431 3622 5503 ἄχρη-

1957 5545 2090 5588 στοι,
2125 5527 2259 5597 πρὸς
2299 5524 2626 5595 δυσχωρίας,
2674 5524 2811 5594 πρὸς
2859 5521 3187 5593 ἀκρωρείας.
3233 5521 3368 5592 πρὸς
3415 5519 3621 5572 ἀναϐά-

1955 5633 2066 5678 σεις
2092 5615 2355 5686 δένδρων-
2406 5615 2440 5684 ὴ
2477 5613 2584 5684 γὰρ
2615 5611 2754 5682 όπλὴ
2784 5612 2906 5673 ταῖς
2935 5610 3072 5680 πρὸς
3100 5609 3170 5661 τὰ
3219 5607 3446 5662 τοιαῦτα
3478 5606 3621 5679 βαδί-

1955 5720 2104 5756 σεσιν
2161 5701 2472 5772 ἐμποδίζειν
2521 5701 2728 5755 εἴωθεν.
2776 5701 2940 5752 Ὥστε
2987 5700 3036 5752 εἰ
3077 5699 3169 5752 καὶ
3200 5695 3538 5768 ἁπαλώτεροι
3569 5696 3621 5750 οι

1954 5790 2113 5853 πόδες
2146 5789 2345 5853 αὑτῶν,
2385 5788 2519 5842 ἀλλὰ
2555 5789 2689 5860 πρὸς
2717 5787 2935 5851 πλείους
2959 5787 3379 5858 ἐπιτηδειότεροι
3407 5786 3618 5858 χρείας,

1953 5879 2046 5932 καὶ
2077 5876 2200 5931 οὗτε
2230 5877 2319 5932 διὰ
2349 5878 2448 5945 τὴν
2480 5877 2762 5931 ἀσθένειάν
2789 5893 2842 5929 τι
2883 5875 3226 5946 βλάπτονται,
3257 5875 3359 5945 τῆς
3389 5872 3485 5928 τοῦ
3529 5873 3622 5926 τπ-

2016 5999 2042 6038 d
2067 6000 2164 6062 Alii
2189 5999 2432 6062 ἰσόμηκοι.

2018 6063 2048 6122 εἶ
2079 6061 2161 6108 Sic
2183 6056 2332 6109 Sav'iIQ
2354 6069 2405 6108 el
2428 6059 2622 6122 plurimi
2644 6073 2753 6108 mss.
2786 6060 2958 6109 Morel.
2986 6073 3105 6110 vero
3134 6061 3265 6116 ζώων
3287 6060 3428 6109 αὑτὸν
3459 6056 3618 6105 πλέον.

2026 6117 2048 6162 ἱ
2076 6122 2224 6172 Savil.
2251 6129 2305 6172 et
2329 6125 2412 6173 alii
2430 6117 2631 6184 'quidam
2656 6124 2998 6186 ἰσχυροτέρους.
