4112 6388
457 443 478 495 1
490 444 560 498 ‘25

447 581 560 621 emo
607 564 887 634 δυνάμεως
915 564 1362 636 διακονουμένης,
1399 567 1493 619 καὶ
1536 569 1685 636 παρά
1730 568 1830 636 τήν
1865 566 2140 620 ποικιλίαν

457 655 561 724 τῆς
592 653 854 725 βαδίσεως
881 652 1284 707 πλεονεκτοῦσι.
1320 655 1489 708 Πάλιν
1516 657 1633 708 ἐστὶ
1667 656 1865 726 πτερὸν
1892 655 1969 725 τῷ
1997 655 2140 725 ἀετῷ

457 744 681 812 κοῦφον,
715 741 828 796 ἀλλ’
869 742 1012 795 ἐστιν
1047 742 1172 812 ἐμοὶ
1204 742 1463 812 λογισμὸς
1495 744 1589 812 καί
1627 743 1788 813 τέχνη
1842 743 1909 797 δι’
1937 739 2004 815 ἦς
2037 743 2132 797 δύο

455 848 624 900 ναμαι
655 831 832 883 πάντα
861 830 928 882 τά
961 830 1233 900 ίπτάμενα
1259 830 1376 895 ζῶα
1410 835 1760 900 κατενεγκεῖν
1792 834 1886 886 καὶ
1935 831 2132 902 χειρώ-

457 917 674 972 σασθαι.
698 920 760 971 Εἰ
784 919 839 970 δέ
866 917 1044 987 βούλει
1073 920 1166 972 καὶ
1187 920 1247 972 τὸ
1268 920 1398 989 ἐμὸν
1427 921 1622 991 πτερὸν
1647 920 1797 985 ἰδεῖν,
1826 921 1934 990 ἐχω
1958 919 2136 990 πολλῷ

456 1007 783 1078 κουφότερον
823 1007 1050 1069 ἐκείνου,
1085 1009 1146 1060 οὐ
1189 1007 1351 1078 μέχρι
1384 1008 1516 1061 δέκα
1553 1009 1781 1061 σταδίων
1816 1010 1909 1063 καὶ
1940 1010 2132 1070 είκοσι,

457 1095 577 1148 οὐδέ
613 1096 774 1166 μέχρι
802 1095 896 1148 τοῦ
939 1095 1190 1166 οὐρανοῦ,
1228 1096 1365 1148 ἀλλὰ
1393 1097 1488 1149 καὶ
1522 1097 1662 1167 ὑπὲρ
1702 1098 1866 1150 αὐτὸν
1909 1099 2134 1151 ἀνιπτά-

458 1200 618 1252 μενον
643 1181 734 1235 τόν
765 1183 1012 1254 οὐρανὸν,
1050 1185 1143 1236 καὶ
1193 1185 1330 1254 ὑπὲρ
1361 1185 1452 1238 τὸν
1485 1187 1712 1253 οὐρανὸν
1763 1186 1854 1238 τοῦ
1906 1186 2132 1256 οὐρανοῦ

457 1271 589 1335 ἄνω,
631 1264 692 1326 οῦ
721 1272 749 1323 6
779 1271 1012 1343 Χριστός
1045 1275 1190 1324 ἐστιν
1221 1274 1276 1324 ἐν
1306 1273 1453 1342 δεξιᾷ
1496 1273 1590 1326 τοῦ
1638 1273 1772 1326 Θεοῦ
1807 1274 2132 1344 καθήμενος.

457 1360 539 1415 Τά
561 1361 732 1430 ἄλογα
762 1360 923 1414 πάλιν
949 1361 1006 1412 ἐν
1037 1361 1113 1431 τῷ
1138 1360 1352 1432 σώματι
1381 1361 1450 1414 τὰ
1478 1362 1618 1415 ὅπλα
1653 1361 1786 1432 ἔχει,
1813 1356 1924 1414 οἷον
1959 1364 1988 1414 6
2011 1362 2136 1431 βοῦς

455 1448 524 1502 τὰ
554 1448 784 1518 κέρατα.
815 1451 941 1511 τοὺς
969 1448 1188 1509 ὀδόντας
1221 1433 1348 1512 δ’ῦς
1390 1452 1419 1503 6
1468 1449 1678 1521 ἄγριος,
1712 1452 1838 1514 τοὺς
1884 1451 2081 1522 ὄνυχας
2109 1452 2137 1502 6

440 1527 624 1590 ίλέων·
662 1539 788 1608 ἐμοὶ
820 1539 877 1592 δέ
925 1539 1024 1592 οὐκ
1064 1541 1121 1592 ἐν
1165 1540 1232 1607 τῇ
1278 1537 1438 1607 φύσει
1472 1538 1566 1591 τοῦ
1602 1539 1854 1609 σώματος
1901 1538 1970 1591 τὰ
1997 1539 2138 1592 ὅπλα

442 1627 718 1680 ’κατέθετο
755 1629 783 1680 6
827 1627 980 1689 Θεὸς,
1029 1628 1144 1680 ἀλλ’
1195 1627 1300 1693 ἐξω
1346 1628 1440 1680 τοῦ
1482 1627 1755 1698 σώματος,
1799 1628 2008 1691 δεικνὺς
2058 1629 2138 1681 ὅτι

454 1716 662 1785 ἥμερον
695 1716 834 1778 ζῶον
862 1718 892 1768 6
921 1717 1226 1788 ἄνθρωπος.
1260 1718 1353 1769 καὶ
1400 1718 1483 1769 ὅτι
1529 1717 1630 1796 οὐκ
1678 1718 1764 1769 ἀεί
1799 1734 1887 1787 μοι
1930 1716 2136 1769 τούτων

453 1801 563 1854 τῶν
587 1803 766 1856 ὅπλων
784 1805 972 1875 καιρός
989 1823 1000 1834 '
1017 1806 1111 1858 καὶ
1125 1805 1234 1874 γάρ
1253 1805 1512 1868 πολλάκις
1539 1806 1638 1874 μὲν
1652 1804 1790 1858 αὐτὰ
1815 1804 2136 1875 ἀποτίθημι,

457 1889 718 1954 πολλάκις
765 1892 820 1944 66
875 1892 1344 1964 μεταχειρίζομαι.
1381 1894 1480 1946 Ἵν⁹
1524 1888 1614 1946 οὖν
1657 1892 1938 1963 ἐλεύθερος
1970 1885 2014 1944 ὦ
2047 1891 2140 1944 καί

457 1976 874 2047 ἀπολελυμένος,
905 1979 997 2031 καὶ
1031 1980 1104 2049 μὴ
1129 1980 1392 2050 διηνεκῶς
1423 1979 1820 2049 ἀναγκάζωμαι
1853 1978 2140 2048 βαστάζειν

458 2066 527 2118 τά
548 2066 708 2129 ὅπλα,
743 2067 994 2141 ἐποίησεν
1020 2067 1158 2120 αὐτὰ
1197 2069 1577 2138 κεχωρισμένα
1621 2068 1718 2137 τῆς
1741 2067 1954 2134 φύσεως
2001 2064 2138 2119 εἶναι

457 2153 558 2223 τῆς
587 2155 741 2223 ἐμῆς.
767 2155 841 2207 Οὐ
870 2155 978 2225 γάρ
1010 2155 1168 2223 μόνον
1185 2154 1260 2224 τῷ
1289 2156 1468 2226 ψυχὴν
1501 2156 1645 2224 ἔχειν
1664 2155 1887 2224 λογικήν
1905 2153 2138 2224 κρατοῦ-

463 2261 561 2312 μεν
595 2243 701 2295 τῶν
747 2243 977 2310 ἀλόγων,
1016 2243 1152 2296 ἀλλά
1196 2244 1291 2296 καὶ
1337 2242 1414 2311 τῷ
1463 2241 1676 2313 σώματι
1707 2241 2138 2312 πλεονεκτοῦμεν

457 2328 636 2383 αὐτῶν
659 2349 672 2361 ο
700 2331 793 2383 καὶ
810 2330 916 2399 γάρ
941 2332 1036 2382 καὶ
1059 2330 1217 2382 τοῦτο
1250 2333 1314 2400 τῇ
1340 2331 1430 2400 τῆς
1445 2331 1623 2400 ψυχῆς
1641 2330 1889 2400 εὐγενείᾳ
1908 2330 2138 2400 συμϐαῖ-

458 2435 546 2471 νον
579 2417 982 2470 κατεσκεύασεν
1012 2419 1039 2468 6
1065 2417 1214 2481 Θεὸς,
1232 2421 1326 2471 καὶ
1349 2418 1499 2488 [121]
1523 2421 1634 2482 τοῖς
1651 2419 2022 2488 ἐπιτάγμασιν
2038 2419 2136 2471 αὐ-

456 2505 556 2574 τῆς
600 2503 932 2574 ἐπιτήδειονο
973 2505 1067 2556 καὶ
1106 2505 1214 2576 γάρ
1243 2507 1304 2558 τὸ
1336 2490 1495 2576 σῶμα
1545 2504 1782 2558 τοιοῦτον
1827 2505 1923 2574 οὐχ
1948 2505 2137 2568 ἁπλῶς

457 2594 731 2664 ἐποίησεν,
752 2593 863 2646 ἀλλ’
878 2588 985 2646 οἷον
1005 2595 1148 2658 εἰκὸς
1169 2592 1306 2648 εἶναι
1322 2595 1511 2665 λογικῇ
1530 2594 1676 2665 ψυχῇ
1693 2593 2131 2664 διακονούμενον·

457 2681 533 2743 ώς
558 2681 605 2734 εί
629 2681 702 2750 μὴ
726 2679 964 2734 τοιοῦτον
988 2676 1074 2750 ἦν,
1092 2681 1294 2753 σφόδρα
1311 2682 1377 2736 ἂν
1393 2682 1814 2752 ἐνεποδίσθησαν
1839 2685 1894 2736 αἰ
1922 2683 2021 2752 τῆς
2036 2681 2140 2750 ψυ-

457 2769 556 2838 χῆς
604 2769 872 2839 ἐνέργειαι
893 2785 906 2798 ³
961 2769 1055 2821 καὶ
1083 2770 1239 2822 τοῦτο
1273 2770 1431 2841 δῆλον
1459 2773 1524 2823 ἐκ
1565 2771 1672 2823 τῶν
1699 2771 2042 2841 νοσημάτων.
2074 2771 2136 2823 Εἰ

455 2855 565 2926 γάρ
619 2857 808 2926 μικρόν
842 2873 891 2908 τι
934 2858 1318 2929 παρατραπείη
1371 2859 1466 2928 τῆς
1491 2858 1697 2921 οἰκείας
1745 2859 2136 2922 καταστάσεως

456 2944 594 3012 αὐτὴ
623 2945 717 3015 τῆς
754 2945 953 3015 σαρκὸς
985 2947 1016 3014 ή
1059 2945 1436 3015 διακόσμησις,
1479 2947 1672 3000 πολλαὶ
1703 2948 1810 3000 τῶν
1846 2946 2137 3018 ἐνεργειῶν

456 3029 558 3098 τῆς
583 3030 761 3101 ψυχῆς
793 3033 1208 3102 ἐμποδίζονται·
1248 3028 1358 3088 οἷόν
1386 3052 1436 3086 τι
1464 3035 1627 3102 λέγω,
1663 3038 1712 3088 εί
1739 3036 2072 3106 θερμότερος
2102 3036 2134 3104 ἢ

455 3116 790 3190 ψυχρότερος
819 3120 848 3171 6
878 3119 1174 3188 ἐγκέφαλος
1205 3121 1433 3189 γένοιτο.
1478 3123 1641 3175 Ὥστε
1684 3123 1884 3194 πολλὴν
1909 3125 2004 3175 καὶ
2030 3123 2139 3176 61:6

455 3205 550 3257 τού
580 3205 830 3277 σώματος
861 3207 1008 3261 ἔστιν
1045 3209 1172 3261 ἰδεῖν
1208 3209 1306 3280 τὴν
1351 3209 1676 3281 κηδεμονίαν
1718 3211 1812 3264 τοῦ
1853 3210 2009 3266 Θεοῦ.
2041 3211 2137 3280 οὐχ

455 3293 537 3346 ὃτι
575 3295 733 3364 μόνον
759 3295 815 3362 ἐξ
842 3297 1014 3366 ἀρχῆς
1041 3297 1172 3349 αὐτὸ
1215 3297 1420 3367 βέλτιον
1459 3300 1682 3369 ἐποίησε
1713 3299 1804 3352 τοῦ
1840 3299 1932 3351 νῦν
1961 3298 2134 3362 ὸντος,

455 3381 564 3435 οὐδ’
601 3383 683 3436 ὅτι
711 3385 806 3436 καὶ
839 3384 933 3436 νῦν
963 3385 1100 3455 πρὸς
1133 3385 1195 3438 τὸ
1235 3387 1506 3456 χρήσιμον
1549 3387 1681 3440 αὐτὸ
1710 3387 2135 3456 μετεσκεύασεν,

455 3469 571 3523 ἀλλ’
595 3471 676 3524 ὅτι
701 3473 794 3524 καὶ
823 3472 957 3543 πρὸς
987 3473 1167 3543 πολλῴ
1198 3473 1420 3542 μείζονα
1448 3476 1742 3543 ἀναστήσει
1766 3476 1922 3539 δόξαν
1950 3475 2130 3529 πάλιν.

455 3560 520 3612 Εί
551 3559 608 3612 δὲ
645 3564 740 3614 καὶ
778 3563 1042 3633 ἑτέρωθεν
1071 3562 1246 3626 θέλεις
1283 3563 1475 3634 μαθεῖν
1507 3565 1638 3634 ὅσην
1671 3568 1799 3636 περὶ
1831 3567 1892 3617 τὸ
1921 3565 2081 3636 σῶμα
2109 3566 2138 3616 ὁ

454 3646 588 3709 Θεὸς
617 3649 929 3716 ἐπεδείξατο
963 3650 1174 3720 σοφίαν,
1223 3651 1337 3722 ἐρῶ
1373 3652 1528 3706 τοῦτο
1569 3653 1598 3706 6
1635 3654 1870 3724 μάλιστα
1920 3657 2136 3708 πάντων

453 3737 484 3788 6
515 3737 727 3799 Παῦλος
756 3739 1191 3809 ἐκπληττόμενος
1219 3741 1472 3809 φαίνεται
1505 3743 1764 3812 συνεχῶς.
1801 3743 1865 3796 Τί
1897 3743 1955 3796 66
1981 3743 2137 3796 τοῦτό

453 3822 638 3892 ἐστιν;
667 3827 746 3879 Τά
784 3828 919 3897 μέλη
962 3824 1294 3880 πλεονεκτεῖν
1321 3831 1563 3901 ἀλλήλων
1597 3832 1916 3901 πεποίηκεν,
1947 3833 2046 3884 οὐκ
2079 3835 2136 3884 ἐν

456 3918 569 3978 τοῖς
595 3919 795 3979 αὐτοῖς,
831 3913 964 3968 αλλὰ
992 3917 1061 3969 τά
1095 3918 1192 3986 μὲν
1220 3921 1276 3970 ἐν
1304 3919 1511 3985 κάλλει,
1545 3920 1614 3973 τά
1648 3921 1713 3973 66-
1745 3922 1888 3991 ἰσχύϊ
1918 3926 2136 3993 κρατεῖν

459 4003 902 4073 παρεσκεύασεν·
940 3998 1050 4058 οἷον
1083 4007 1246 4070 καλὸς
1271 4010 1298 4060 6
1323 4009 1619 4080 ὀφθαλμὸς,
1649 4010 1762 4063 ἀλλ’
1800 4011 2135 4082 ἰσχυρότεροι

456 4092 507 4142 οἱ
547 4091 734 4155 πόδες·
767 4092 923 4162 τιμία
953 4094 986 4164 ή
1021 4095 1251 4165 κεφαλὴ,
1298 4098 1410 4149 ἀλλ’
1445 4099 1504 4150 ού
1540 4098 1762 4152 δύναται
1805 4101 1983 4152 εἰπεῖν
2024 4105 2136 4164 τοῖς

456 4179 633 4232 ποσίν·
679 4181 882 4252 Χρείαν
929 4182 1082 4258 ὐμῶν
1109 4184 1210 4236 οὐκ
1257 4184 1382 4254 ἔχω.
1419 4187 1527 4240 Καὶ
1569 4186 1726 4240 τοῦτο
1769 4189 1862 4240 καὶ
1907 4189 2136 4242 ἐπὶτῶν

454 4269 665 4337 ἀλόγων
711 4269 856 4323 ἔστιν
903 4271 1051 4334 ίδεῖν,
1082 4273 1242 4326 τοῦτο
1277 4277 1368 4328 καὶ
1413 4277 1506 4328 ἐπὶ
1531 4277 1626 4329 τοῦ
1658 4277 1774 4347 βίου
1805 4279 2027 4342 παντός.
2075 4280 2134 4332 ’0

455 4356 586 4425 γοῦν
619 4357 1004 4428 βασιλεὺς¹τῶν
1034 4361 1290 4431 ὑπηκόων
1329 4364 1523 4429 δεῖται,
1552 4367 1600 4418 οἱ
1635 4367 1869 4436 ὑπήκοοι
1910 4366 2006 4420 τοῦ
2038 4367 2137 4438 βα-

457 4445 670 4510 σιλέως,
699 4446 884 4520 ὥσπερ
909 4450 941 4517 ή
969 4450 1176 4522 κεφαλὴ
1205 4452 1312 4504 τῶν
1337 4453 1532 4507 ποδῶν.
1572 4455 1682 4506 Καὶ
1715 4455 1876 4508 πάλιν
1902 4456 1996 4508 ἐπὶ
2027 4457 2136 4509 τῶν

456 4533 668 4602 ἀλόγων
701 4535 771 4588 τά
814 4536 912 4607 μὲν
941 4537 1088 4591 ἔστιν
1130 4540 1474 4612 ἰσχυρότερα,
1508 4542 1577 4594 τά
1610 4543 1666 4596 δὲ
1696 4544 2132 4616 εὐπρεπέστερα,

457 4623 550 4673 καὶ
580 4622 647 4674 τὰ
684 4623 782 4692 μὲν
820 4625 967 4693 ἡμᾶς
997 4627 1212 4698 τέρπει,
1246 4628 1315 4681 τὰ
1341 4629 1395 4681 66
1431 4631 1640 4700 τρέφει,
1675 4633 1744 4686 τά
1777 4633 1833 4686 66
1875 4635 2136 4704 περιϐάλο-

457 4708 538 4762 λει
558 4725 572 4740 ·
607 4706 718 4763 οἷον
749 4713 939 4782 τέρπει
972 4715 1070 4784 μὲν
1097 4717 1125 4768 6
1152 4717 1296 4780 ταὼς
1336 4730 1384 4781 ο,
1419 4719 1679 4788 τρέφουσι
1717 4721 1774 4773 66
1802 4721 2013 4794 ὄρνιθες
2041 4725 2136 4776 καὶ

458 4794 571 4860 ὕες,
614 4799 994 4869 περιϐάλλουσι
1037 4802 1094 4855 66
1137 4805 1387 4873 πρόϐατα
1435 4809 1529 4859 καὶ
1559 4803 1732 4876 αἶγες,
1769 4815 2038 4879 συμπονεῖ
2079 4812 2135 4866 δὲ

461 4883 585 4954 βοῦς
620 4888 711 4938 καὶ
742 4886 878 4951 ὄνος.
939 4891 1093 4943 Ἐστι
1137 4893 1193 4945 66
1232 4894 1326 4971 καὶ
1363 4895 1497 4949 ἀλλα
1536 4896 1571 4950 ἀ
1603 4897 1810 4951 τούτων
1846 4899 1948 4969 μὲν
1979 4902 2133 4956 οὐδὲν

456 4975 1007 5047 παρέχει,,γυμνάζει
1045 4980 1101 5032 66
1135 4982 1292 5052 ήμῶν
1333 4984 1432 5055 τὴν
1467 4985 1715 5057 δύναμιν,
1759 4989 1834 5051 ὡς
1866 4990 1935 5044 τά
1967 4991 2137 5061 ἄγρια

457 5061 622 5134 θηρία
655 5063 762 5116 τῶν
808 5067 1120 5136 κυνηγετῶν
1161 5069 1314 5136 αὐξει
1361 5073 1462 5146 τὴν
1516 5075 1688 5144 ἰσχὺν,
1737 5078 1830 5130 καὶ
1869 5077 1948 5148 τῷ
1984 5080 2136 5151 φόϐῳ

455 5151 701 5205 παιδεύει
729 5152 790 5205 τὸ
819 5153 973 5221 γένος
1004 5155 1181 5226 ήμῶν,
1210 5159 1303 5211 καὶ
1330 5163 1832 5234 προσεκτικώτερον
1855 5169 2018 5231 ποιεῖ,
2042 5171 2136 5220 καὶ

453 5241 591 5311 πρὸς
635 5240 934 5312 θεραπείαν
966 5245 1022 5296 δὲ
1058 5247 1187 5316 ἡμῖν
1216 5248 1316 5300 οὐκ
1352 5249 1538 5317 ὀλίγην
1569 5252 1742 5321 φορὰν
1784 5253 1892 5306 ἀπὸ
1923 5255 2030 5308 τῶν
2057 5259 2135 5310 οἰ-

453 5328 615 5382 κείων
653 5329 864 5409 εἰσάγει
903 5334 1192 5402 σωμάτων.
1231 5335 1391 5388 Ὥστε
1428 5339 1556 5392 ὅταν
1582 5341 1709 5409 εἴπῃ
1754 5342 1835 5394 σοί
1869 5360 1971 5405 τις·
2009 5346 2135 5409 Πῶς

452 5413 635 5496 ἄρχων
669 5407 734 5496 ξεί
773 5411 882 5464 τῶν
923 5413 1135 5483 ἀλόγων
1181 5416 1515 5487 φοϐούμενος
1558 5407 1781 5485 λέοντας
1835 5425 1957 5477 εἰπὲ
1997 5407 2134 5496 πρὸς

453 5493 637 5577 αὐτὸν,
663 5494 746 5547 ὅτι
780 5496 938 5566 Παρὰ
965 5497 1065 5568 τὴν
1100 5498 1276 5569 ἀρχὴν
1326 5502 1423 5571 οὐχ
1449 5501 1591 5556 οὕτω
1632 5505 1700 5556 τά
1723 5507 2025 5577 πράγματα
2044 5493 2126 5563 -δι-

453 5575 661 5640 έκειτο,
705 5579 793 5631 ὅτε
826 5579 1148 5648 εὐδοκίμουν
1172 5583 1324 5653 παρὰ
1348 5583 1424 5654 τῷ
1449 5586 1588 5657 Θεῷ,
1613 5590 1701 5642 ὅτε
1729 5575 1784 5641 ἐν
1818 5575 2132 5666 παραδείσῳ

452 5659 749 5747 διέτριϐον·
787 5662 901 5747 ἀλλ’
941 5663 1127 5736 ἐπειδὴ
1161 5668 1540 5740 προσέκρουσα
1563 5672 1639 5741 τῷ
1672 5659 1940 5747 Δεσπότῃ,
1967 5659 2132 5731 ὑπεύ.-

653 5746 921 5832 ἐγενόμην
945 5749 1060 5810 τοῖς
1107 5748 1310 5832 δούλοις
1329 5769 1344 5783 ’
1384 5755 1479 5808 καὶ
1505 5740 1628 5810 οὐδέ
1670 5759 1766 5812 νῦν
1807 5740 2130 5832 ὁλοσχερῶς,

453 5825 570 5914 ἀλλ’
599 5824 714 5914 ’ἔχω
747 5829 866 5914 τινὰ
899 5835 1094 5902 τέχνην
1124 5832 1192 5885 δι’
1225 5831 1291 5907 ἧς
1337 5840 1525 5908 κρατῶ
1560 5841 1669 5894 τῶν
1706 5824 2133 5914 θηρίωνδόῦτω

452 5909 549 5996 καὶ
596 5910 688 5996 ἐπὶ
728 5910 836 5964 τῶν
861 5914 1071 5996 *οἰκιῶν
1111 5918 1320 5985 γίνεται
1364 5921 1470 5974 τῶν
1501 5909 1898 5994 μεγάλωνξδτε
1928 5930 1976 5981 οἱ
2003 5930 2124 5996 υίοί,

453 5992 558 6046 κᾶν
583 5992 825 6062 εὐγενεῖς
854 5987 1010 6061 ὦσιν,
1039 5991 1140 6051 ὦσι
1172 6000 1227 6053 δὲ
1271 6004 1501 6071 ἀτελεῖς,
1536 6002 1764 6075 πολλοὺς
1795 6011 1902 6066 τῶν
1929 6011 2132 6065 δούλων

515 6101 550 6135 ἃ
575 6095 724 6149 εανίι.
747 6108 798 6151 el
817 6109 1026 6163 quatuor
1049 6117 1161 6153 mss.
1188 6109 1332 6158 ταών.

1161 449 1216 505 S.
1254 448 1542 506 JOANNIS
1575 448 2068 507 CHRYSOSTOMI
2108 449 2426 507 ARCIIIEP.
2469 450 3015 508 CONSTANTINOI’.

3834 449 3933 506 126

2247 566 2576 619 δεδοίκασιν·
2615 568 2740 621 ὅταν
2772 566 2828 619 δὲ
2859 567 2952 619 καὶ
2999 565 3504 637 προσκεκρουκότες
3543 561 3696 631 ὦσιν,
3729 568 3938 624 ἐπιτεί-

2248 671 2395 707 νεται
2440 654 2640 725 μᾶλλον
2680 656 2713 725 ἡ
2757 655 2983 723 ἀγωνία.
3032 653 3217 707 Ταῦτα
3257 656 3351 708 καὶ
3389 656 3519 726 περί
3557 657 3736 726 ὄφεων
3775 660 3800 698 ι)
3844 662 3938 713 καὶ

2243 743 2518 814 σκορπίων
2565 745 2660 796 καὶ
2689 743 2915 813 ἐχιδνῶν
2951 742 3098 796 ἐστιν
3142 745 3338 806 εἰπεῖν,
3371 744 3452 796 ὅτι
3491 744 3578 798 διά
3618 746 3718 817 τὴν
3751 747 3936 818 ἀμαρ-

2241 831 2369 884 τίαν
2409 833 2544 902 ἡμῖν
2579 832 2696 884 ἐστι
2723 831 2951 903 φοϐερά.

2313 926 2374 977 ε’.
2404 921 2519 973 Οὐκ
2553 919 2645 972 ἐπὶ
2679 919 2774 972 τοῦ
2795 918 3048 990 σώματος
3091 918 3150 972 δέ
3179 918 3273 972 τοῦ
3296 919 3563 991 ἡμετέρου
3607 921 3788 991 μόνον.
3817 922 3938 976 οὐδέ

2240 1010 2330 1064 ἐπὶ
2359 1009 2468 1076 τῶν
2498 1008 2628 1078 βίων
2657 1009 2766 1061 τῶν
2788 1007 3077 1078 διαφόρων,
3103 1007 3227 1060 οὐδέ
3265 1009 3355 1060 ἐπὶ
3389 1009 3496 1061 τῶν
3529 1010 3763 1078 ἀλόγων,
3802 1012 3940 1064 ἀλλά

2240 1099 2334 1152 καὶ
2376 1098 2470 1150 ἐπὶ
2511 1097 2744 1168 δένδρων
2782 1096 2930 1149 ἐστιν
2973 1096 3102 1150 ἰδεῖν
3131 1097 3230 1168 τὴν
3259 1097 3534 1150 ποικιλίαν
3559 1098 3793 1168 ταύτην·
3841 1099 3938 1153 καὶ

2238 1186 2298 1238 τὸ
2325 1186 2540 1240 πάντων
2567 1185 2949 1256 εὐτελέστερον
2988 1185 3086 1238 ἴδοι
3116 1203 3200 1249 τις
3235 1186 3301 1238 ἂν
3351 1186 3494 1238 κατά
3541 1187 3633 1238 τοῦ
3683 1188 3937 1257 μείζονος

2239 1273 2358 1344 ἐχον
2383 1273 2678 1346 ὑπεροχὴν,
2711 1274 2806 1328 καὶ
2837 1274 2900 1326 οὐ
2929 1274 3108 1328 πάντα
3133 1275 3189 1326 ἐν
3219 1273 3422 1327 ἅπασιν
3448 1274 3596 1337 ὄντα,
3631 1275 3721 1328 ἴνα
3752 1275 3937 1330 πάντα

2239 1364 2370 1432 ἡμῖν
2393 1362 2665 1431 ἀναγκαῖα
2693 1357 2750 1434 ᾗ,
2782 1364 2880 1415 καὶ
2906 1361 3000 1414 τοῦ
3028 1363 3296 1414 Δεσπότου
3327 1363 3424 1432 τὴν
3447 1364 3698 1433 ποικίλην
3737 1364 3935 1432 σοφίαν

2243 1450 2460 1521 ἴδωμεν.
2492 1451 2585 1522 Μὴ
2614 1450 2794 1504 τοίνυν
2827 1450 3127 1520 κατηγόρει
3158 1448 3252 1502 τοῦ
3293 1450 3427 1503 Θεοῦ
3456 1450 3545 1504 διὰ
3581 1452 3678 1522 τὴν
3724 1453 3936 1523 φθορὰν

2240 1539 2332 1592 τοῦ
2366 1538 2637 1609 σώματος,
2675 1538 2810 1592 ἀλλά
2842 1536 3099 1609 διάίίὲἳ]
3129 1537 3287 1591 τοῦτο
3331 1537 3532 1608 μᾶλλον
3555 1539 3718 1592 αὐτὸν
3759 1559 3930 1610 προσ-

2240 1627 2412 1690 κύνει,
2449 1628 2668 1697 καὶτῆς
2706 1626 2899 1694 σοφίας
2959 1626 3181 1696 καὶτῆς
3225 1626 3551 1698 κηδεμονίας
3592 1629 3757 1681 αὐτὸν
3796 1629 3935 1683 θαύ-

2243 1716 2406 1786 μαζε·
2441 1716 2541 1785 τῆς
2567 1715 2761 1784 σοφίας
2788 1714 2908 1784 μὲν,
2942 1714 3024 1766 ὅτι
3075 1714 3292 1785 ἴσχυσεν
3314 1715 3371 1766 ἐν
3393 1714 3534 1768 οὕτω
3564 1715 3792 1786 φθαρτῷ
3818 1718 3930 1768 σώ-

2243 1821 2375 1874 ματι
2405 1803 2672 1872 τοσαύτην
2703 1801 3074 1868 ἐπιδείξασθαι
3112 1803 3379 1873 ἁρμονίαν
3407 1821 3418 1832 ·
3461 1804 3561 1873 τῆς
3597 1805 3927 1874 κηδεμονίας

2239 1891 2316 1955 66,
2366 1893 2450 1944 ὅτι
2497 1892 2584 1944 διὰ
2637 1892 2736 1962 τὴν
2789 1891 2890 1961 τῆς
2942 1890 3126 1961 ψυχῆς
3191 1890 3459 1960 ὠφέλειαν
3508 1892 3746 1963 φθαρτὸν
3800 1895 3936 1946 αὐτὸ

2241 1979 2516 2050 ἐποίησεν,
2557 1979 2645 2032 ἵνα
2679 1979 2846 2048 αὐτῆς
2889 1976 3220 2048 καταστείλῃ
3271 1977 3332 2029 τὸ
3387 1976 3638 2050 φύσημα,
3694 1980 3790 2033 καί
3833 1980 3934 2050 τήν

2240 2067 2498 2120 ἀπόνοιαν
2533 2067 2736 2140 καθέλῃ
2775 2077 2822 2118 ο.
2867 2066 2931 2118 Τί
2963 2063 3054 2118 οὖν
3085 2065 3184 2118 οὐκ
3217 2065 3275 2129 ἐξ
3304 2067 3479 2136 ἀρχῆς
3510 2068 3643 2119 αὐτὸ
3687 2068 3936 2120 τοιοῦτον

2240 2155 2463 2224 ἐποίησε
2507 2155 2535 2206 6
2578 2154 2744 2219 Θεὸς,
2794 2155 2993 2226 φησίν;
3051 2153 3514 2224 Ἀπολογούμενός
3563 2172 3643 2207 σοι
3691 2155 3784 2207 διὰ
3825 2156 3936 2208 τῶν

2239 2241 2582 2311 πραγμάτων
2620 2241 2820 2304 αὐτῶν,
2849 2243 2942 2294 καὶ
2973 2241 3256 2311 μονονουχί
3287 2241 3462 2309 λέγων
3504 2243 3592 2295 διὰ
3627 2244 3726 2312 τῆς
3765 2245 3937 2296 ἐκδά-

2241 2343 2378 2391 σεως
2404 2328 2596 2395 αὐτῆς,
2627 2329 2709 2382 ὅτι
2753 2329 2895 2396 Ἐγὼ
2927 2331 3025 2398 μέν
3055 2345 3114 2379 σε
3131 2329 3222 2380 ἐπὶ
3247 2329 3470 2397 μείζονα
3491 2328 3719 2381 ἐκάλουν
3744 2347 3791 2381 τι
3802 2331 3933 2402 μὴν,

2241 2414 2304 2467 σὺ
2339 2415 2393 2467 δὲ
2425 2416 2619 2470 σαυτὸν
2649 2417 2864 2484 ἀνάξιον
2906 2417 3251 2487 κατέστησας
3282 2417 3379 2487 τῆς
3413 2417 3637 2488 δωρεᾶς,
3678 2417 3936 2470 ἐκπεσὼν

2237 2501 2329 2554 τοῦ
2372 2504 2738 2574 παραδείσου’
2785 2503 2922 2576 πλὴν
2955 2504 3069 2558 ἀλλ’
3109 2503 3228 2556 οὐδέ
3278 2504 3420 2557 οὕτω
3474 2504 3806 2576 περιόψομαί
3849 2522 3933 2570 σε,

2238 2589 2373 2644 ἀλλὰ
2401 2591 2762 2663 διορθώσομαι
2792 2609 2885 2646 σου
2909 2591 2968 2646 :6
2993 2593 3212 2663 ἀμάρτη
3223 2609 3319 2661 μα,
3349 2594 3443 2644 καὶ
3469 2595 3548 2654 εἰς
3574 2593 3666 2644 τὸν
3690 2593 3925 2662 οὐρανόν

2241 2694 2300 2729 σε
2331 2678 2530 2742 ἀνάξω.
2574 2681 2682 2733 Καὶ
2716 2679 2825 2750 γάρ
2859 2679 2950 2732 διὰ
2978 2679 3136 2732 τοῦτό
3193 2697 3252 2732 σε
3285 2681 3391 2750 ,ἐπὶ
3437 2680 3695 2733 τοσοῦτον
3737 2682 3935 2750 χρόνον

2240 2766 2431 2836 ἀφῆκα
2457 2766 2484 2805 ά
2525 2749 2802 2837 σήπεσθαι
2837 2768 2931 2820 καὶ
2976 2749 3405 2838 διασρθείρεσθιῖι,
3445 2767 3533 2819 ἵνα
3562 2767 3620 2818 ἐν
3661 2766 3742 2835 τῷ
3781 2749 3928 2836 1:11;-

2239 2850 2322 2904 θει
2350 2851 2443 2904 τοῦ
2466 2853 2657 2924 χρόνου
2684 2852 2908 2924 μόνιμός
2938 2871 3020 2907 σοι
3045 2854 3272 2925 γένηται
3299 2855 3396 2924 τῆς
3423 2853 3932 2924 ταπεινοφροσύνης

2239 2942 2273 3012 ὴ
2301 2940 2636 3005 διδασκαλία,
2669 2941 2764 2995 καὶ
2795 2942 3064 3012 μηδέποτε
3111 2943 3210 3012 τὴν
3245 2942 3518 3012 προτέραν
3549 2941 3762 2995 ἔννοιαν
3795 2943 3930 2995 ἀναο

2239 3028 2430 3099 λάϐῃς.
2478 3028 2650 3098 ’Υπὲρ
2683 3028 2749 3098 δὴ
2790 3028 2998 3083 τούτων
3035 3031 3293 3084 ἁπάντων
3327 3031 3816 3102 εὐχαριστήσωμεν
3850 3029 3931 3099 τῷ

2239 3115 2605 3188 φιλανθρώπῳ
2633 3116 2771 3187 Θεῷ,
2825 3117 2921 3171 καὶ
2959 3119 3057 3189 τῆς
3095 3119 3424 3188 κηδεμονίας
3473 3118 3638 3172 αὐτὸν
3679 3118 3930 3190 ἀμειψώ-

2242 3204 2381 3273 μεθα
2403 3204 2635 3276 ἀμοιϐὴν
2674 3206 2820 3276 ἡμᾶς
2852 3206 3168 3274 ὠφελοῦσαν
3207 3208 3388 3270 πάλιν,
3424 3209 3520 3262 καὶ
3552 3208 3654 3277 τῆς
3679 3207 3926 3277 ἐντολῆς,

2238 3292 2381 3364 ὑπὲρ
2407 3288 2474 3364 ἦς
2503 3292 2713 3363 συχνῶς
2752 3293 2881 3364 ὑμῖν
2930 3294 3268 3365 διαλέγομαι,
3318 3295 3518 3368 πολλὴν
3567 3295 3926 3366 ποιησώμεθα

2237 3379 2336 3450 τὴν
2376 3380 2630 3452 σπουδήν.
2669 3381 2802 3434 Οὐδὲ
2841 3382 2950 3454 γὰρ
2981 3383 3364 3455 ἀποστήσομαι
3405 3385 3511 3447 ’έως
3544 3383 3610 3437 ἂν
3641 3383 3924 3455 κατορθώ-

2239 3483 2391 3538 σητε,
2421 3468 2608 3540 ἐπειδὴ
2636 3470 2698 3522 :6
2727 3469 3058 3540 ζητούμενον
3096 3473 3225 3542 ἡμῖν
3255 3473 3315 3524 ού
3340 3471 3496 3525 τοῦτό
3529 3473 3698 3537 ἐστιν,
3731 3472 3766 3543 ἢ
3813 3471 3927 3525 61-.—

2237 3555 2399 3622 γάκις
2427 3557 2622 3618 εἰπεῖν,
2660 3556 2692 3627 ἢ
2741 3557 3023 3621 πολλάκις,
3058 3559 3194 3611 ἀλλά
3229 3559 3390 3630 μέχρι
3421 3559 3542 3612 τότε
3587 3560 3790 3628 λέγειν,
3820 3560 3928 3623 ἕως

2239 3641 2305 3695 ἂν
2329 3643 2470 3712 ὑμᾶς
2501 3644 2799 3714 πείσωμεν.
2832 3645 2976 3716 Πρὸς
3003 3647 3104 3716 μὲν
3124 3643 3216 3700 οὖν
3249 3647 3536 3711 Ἰουδαίους
3559 3649 3587 3700 6
3610 3646 3744 3711 Θεὸς
3769 3648 3930 3716 ἔλεγε

2236 3729 2324 3782 διά
2370 3730 2465 3784 τοῦ
2512 3734 2830 3801 προφήτου·
2891 3735 2962 3788 El
3013 3736 3099 3800 εἰς
3153 3735 3386 3802 κρίσεις
3429 3735 3526 3789 καὶ
3572 3736 3775 3804 μάχας
3818 3754 3931 3802 νη-

2237 3819 2502 3880 στεύετε,
2535 3820 2635 3872 ἵνα
2669 3820 2724 3872 τί
2754 3837 2857 3888 μοι
2884 3823 3248 3888 νηστεύετες
3276 3823 3412 3893 πρὸς
3447 3824 3590 3893 ὑμᾶς
3620 3823 3676 3876 66
3716 3825 3835 3893 ἐρεῖ
3859 3825 3927 3876 δι’

2239 3906 2426 3975 ἡμῶν·
2460 3907 2522 3960 Et
2555 3909 2634 3970 είς
2671 3907 2867 3977 ὅρκους
2918 3911 3011 3962 καί
3062 3909 3345 3980 ἐπιορκίας
3390 3911 3698 3982 νηστεύετε,
3747 3913 3837 3964 ἵνα
3874 3911 3929 3964 τί

2238 3997 2555 4063 νηστεύετε;
2589 3995 2712 4058 Πῶς
2741 3998 2848 4067 γάρ
2873 3996 2934 4049 τὸ
2968 3997 3160 4066 Πάσχα
3199 3998 3443 4069 ὀψόμεθα
3479 3999 3540 4052 τὸ
3585 4001 3763 4071 ίερόνς
3808 4002 3928 4065 πῶς

2236 4081 2333 4152 τὴν
2381 4081 2569 4135 θυσίαν
2608 4083 2874 4154 δεξόμεθα
2909 4084 3005 4156 τὴν
3035 4085 3230 4152 ἀγίαν;
3287 4085 3404 4149 πῶς
3448 4089 3557 4140 τῶν
3592 4088 3929 4157 θαυμαστῶν

2238 4172 2637 4242 κοινωνήσομεν
2679 4174 2991 4244 μυστηρίων
3023 4173 3114 4227 διὰ
3147 4175 3248 4245 τῆς
3287 4176 3556 4247 γλώττης,
3605 4177 3674 4230 δι’
3713 4174 3782 4249 ἧς
3831 4179 3928 4230 τὸν

2237 4258 2399 4328 νόμον
2424 4259 2516 4312 τοῦ
2539 4260 2673 4311 Θεοῦ
2707 4265 3185 4332 κατεπατήσαμεν,
3225 4263 3315 4316 διὰ
3337 4265 3432 4334 τῆς
3456 4265 3726 4334 γλώττης,
3763 4267 3833 4318 δι’
3859 4262 3927 4337 ἧς

2236 4345 2335 4415 τὴν
2357 4346 2534 4418 ψυχὴν
2555 4346 2927 4418 ἐμολύναμεν;
2956 4348 3018 4402 Εἰ
3043 4351 3151 4420 γὰρ
3182 4352 3490 4423 πορφυρίδα
3518 4370 3602 4416 τις
3634 4353 3926 4424 βασιλικὴν

2237 4433 2337 4486 οὐκ
2379 4434 2445 4488 ἂν
2489 4436 2776 4505 ἀνάσχοιτο
2829 4438 2987 4506 χερσί⁵
3032 4437 3289 4502 δέξασθαι
3340 4441 3768 4510 μεμιασμέναις,
3804 4443 3928 4506 πῶς

2239 4520 2398 4592 σῶμα
2426 4523 2752 4575 Δεσποτικὸν
2787 4523 3050 4595 δεξόμεθα
3098 4526 3395 4598 ἀκαθάρτῳ
3443 4529 3711 4600 γενομένῃ
3747 4530 3926 4591 γλώτ-

2237 4623 2336 4681 τῃ;
2400 4609 2457 4662 Ὀ
2495 4611 2591 4680 μὲν
2635 4611 2740 4682 γὰρ
2791 4612 2954 4682 ὅρκος
2998 4611 3093 4664 τοῦ
3146 4614 3418 4685 Πονηροῦ,
3461 4617 3494 4687 ή
3537 4616 3596 4670 66
3633 4617 3795 4672 θυσία
3827 4621 3924 4672 τοῦ

2238 4697 2531 4751 Δεσπότου.
2587 4700 2681 4763 Τίς
2728 4695 2842 4753 οὖν
2885 4702 3166 4754 κοινωνία
3202 4703 3346 4770 φωτί
3400 4703 3553 4771 πρὸς
3586 4705 3837 4770 σκότος,
3883 4709 3922 4776 ἦ

2237 4783 2328 4848 τίς
2355 4783 2753 4852 συμφώνησις
2787 4787 3021 4856 Χριστῷ
3049 4789 3202 4856 πρὸς
3232 4791 3488 4859 Βελίαρς
3521 4793 3644 4846 Ὀτι
3690 4794 3791 4863 μὲν
3829 4791 3924 4848 οὖν

2237 4871 2604 4926 ἐσπουδάκατε
2643 4873 2844 4946 ταύτης
2873 4875 3255 4948 ἀπαλλαγῆναι
3283 4879 3383 4949 τῆς
3412 4881 3778 4950 παρανομίας,
3805 4879 3924 4936 οἶδα

2238 4957 2448 5026 σαφῶς,
2486 4960 2602 5013 ἀλλ’
2632 4961 2820 5032 ἐπειδὴ
2845 4963 2966 5016 καθ’
2989 4963 3154 5017 αὐτὸν
3181 4965 3412 5031 ἕκαστος
3443 4969 3546 5021 οὐκ
3574 4969 3641 5021 ἂν
3681 4970 3923 5034 εὐκόλως

2236 5043 2367 5096 αὐτὸ
2403 5045 2789 5116 κατορθώσειε,
2840 5049 3199 5120 ποιησώμεθα
3246 5055 3520 5125 φρατρίας
3567 5057 3664 5110 καί
3709 5074 3924 5128 συμμο-

2241 5131 2382 5215 ρίας,
2421 5134 2514 5187 καί
2534 5136 2668 5207 ὅπερ
2701 5137 2924 5192 ἐπὶτῶν
2947 5141 3266 5210 συμποσίων
3297 5145 3346 5195 οἰ
3379 5145 3612 5215 πένητες
3650 5145 3918 5210 ποιοῦσιν,

2237 5212 2454 5274 ἐπειδάν
2482 5223 2660 5276 αὐτῶν
2682 5224 2910 5290 ἕκαστος
2945 5228 3212 5299 ἑστιάτωρ
3238 5212 3534 5303 ὁλόκληρος
3557 5233 3808 5302 γενέσθαι
3844 5235 3922 5307 μὴ

2237 5308 2482 5380 δύνηται,
2531 5314 2876 5379 συνελθόντες
2922 5316 3160 5384 ἅπαντες
3205 5320 3266 5387 ἐξ
3304 5321 3500 5392 ἐράνου
3535 5324 3635 5395 τὴν
3679 5323 3922 5396 εὐωχίαν

2236 5399 2578 5470 εἰσφέρουσι,
2608 5401 2767 5455 τοῦτο
2798 5405 2892 5457 καὶ
2942 5407 3106 5476 ἡμεῖς
3159 5412 3507 5481 ποιήσωμεν·
3562 5413 3750 5487 ἐπειδὴ
3794 5417 3921 5470 καθ’

2235 5486 2461 5550 ἐαυτούς
2492 5489 2658 5558 ἐσμεν
2688 5490 2941 5562 ρᾴθυμοι,
2967 5497 3279 5567 συμμορίας
3309 5501 3634 5571 ποιήσαντες
3667 5486 3922 5574 ἀλλήλοις

2236 5577 2638 5647 παρεγγυῶμεν
2678 5581 2954 5651 εἰσφέρειν
3000 5584 3338 5657 συμϐουλὴν,
3377 5590 3472 5641 καὶ
3517 5592 3920 5661 παραγγελίαν,

2243 5665 2330 5714 καὶ
2362 5664 2728 5736 παράκλησιν,
2774 5671 2868 5725 καὶ
2909 5673 3263 5746 ἐπιτίμησιν,
3308 5677 3403 5729 καὶ
3449 5677 3780 5749 ὑπόμνησιν,
3826 5683 3921 5735 καὶ

2238 5751 2488 5823 ἀπειλὴν,
2521 5754 2607 5808 ἵνα
2634 5757 2698 5809 ἐκ
2723 5759 2820 5828 τῆς
2844 5761 3076 5815 ἑκάστου
3105 5765 3338 5836 σπουδῆς
3368 5764 3606 5830 ἅπαντες
3635 5768 3920 5841 κατορθὼ-

2299 5871 2324 5954 ξ
2348 5872 2709 5954 "et
2729 5885 2942 5954 quag’aov
2964 5898 3081 5933 mss.
3112 5885 3263 5949 Spvil.
3291 5891 3450 5954 εἰειΗὶ
3471 5892 3554 5954 καὶ
3577 5891 3653 5940 ἐπὶ
3677 5893 3853 5954 ὄφεων.

2246 5934 2760 6015 ίεξ-δξξξξί--καθέλκῃξ
2797 5944 2986 6006 aliquot
3019 5961 3135 5997 mss.
3148 5934 3450 6015 ’καταθλίξῃξ
3475 5934 3921 6004 ’ξίὸῖὶώἓῖ

2232 6010 2372 6058 αςιονγ
2386 6010 2756 6058 κατεσκευασας.

2494 6058 2678 6140 ᾕξβςηι
2705 6053 2845 6140 signem
2871 6069 3192 6140 ,φιν-ἀφῆκα.-
3211 6071 3333 6140 Ibid.
3360 6077 3556 6137 quidam
3595 6091 3710 6127 mss.
3741 6075 3920 6140 χρόνον

2235 6133 2374 6178 νομος
2395 6133 2471 6165 σοι
2496 6125 2698 6180 γένηται.
2732 6125 2838 6176 Mox
2863 6125 2944 6179 :ilii
2973 6125 3148 6182 ἔννοιαν
3183 6137 3344 6194 λάϐῃς.
