4112 6388
317 379 419 434 125

317 491 452 543 ratio
470 497 656 549 etars,
689 500 783 555 per
825 499 983 554 quam
1039 495 1254 552 possum
1304 480 1482 533 omnia
1523 476 1754 533 volantia
1799 474 1893 531 de—

1329 369 1419 423 AD
1455 363 1775 423 POPULUM
1813 357 2294 418 ANTIOCHENUM
2352 356 2577 413 llOillL.
2612 357 2701 412 XI.

3485 358 3587 412 136

2002 483 2106 528 tur.
2141 472 2265 527 llaec
2285 481 2338 527 et
2365 471 2432 526 de
2452 471 2788 541 serpentibus
2813 471 3101 540 etscorpiis
3127 479 3182 526 et
3222 471 3416 540 viperis
3457 474 3580 530 licet

316 581 533 636 trahere
557 577 804 632 animalia
830 583 886 629 et
913 589 1126 644 capere.
1148 573 1204 628 Si
1225 586 1352 626 vero
1380 572 1460 625 vis
1479 579 1532 624 et
1554 571 1694 624 alam
1721 581 1896 622 meam
2002 558 2204 630 dicere,
2227 564 2366 635 quod
2390 575 2603 634 prepter
2631 573 2902 634 peccatum
2935 563 3087 618 nobis
3109 564 3215 618 sint
3246 565 3534 620 terribiles.

317 673 520 728 videre:
543 670 714 724 habeo
737 669 824 722 illa
853 668 1020 722 multo
1049 667 1325 725 leviorem,
1357 679 1461 718 non
1493 677 1659 732 usque
1677 660 1745 715 ad
1774 669 1888 714 sta-

317 763 403 817 dia
432 762 640 824 decem,
669 760 751 814 vel
783 755 991 832 viginti.
1024 771 1121 811 nec
1143 771 1308 826 usque
1327 756 1392 808 ad
1413 754 1621 812 caelum.
1653 751 1746 808 sed
1799 765 1890 805 su-

319 870 414 924 per
450 854 622 923 ipsum
647 851 836 907 emtum
864 850 1160 905 evolantem
1188 856 1242 901 et
1267 862 1428 916 super
1450 845 1639 900 coelum
1677 842 1797 898 (τωιί
1822 857 1904 897 su-

325 944 526 1012 perius,
556 942 644 997 ubi
672 952 754 997 est
773 941 1015 996 Christus
1041 941 1091 992 in
1117 938 1302 993 dextra
1344 936 1436 992 Dei
1482 935 1694 991 sedens.
1743 935 1904 990 Bruta

321 1049 534 1088 rursum
564 1035 616 1088 in
645 1048 871 1103 corpore
894 1039 1085 1101 gerunt
1127 1045 1276 1084 arma
1310 1047 1322 1081 :
1373 1035 1498 1098 puta
1544 1027 1638 1083 bos
1682 1041 1902 1089 cornua,

319 1124 509 1180 dentes
524 1139 675 1194 aper,
701 1139 900 1194 ungues
926 1123 1008 1178 leo
1038 1141 1053 1186 ;
1083 1120 1213 1175 mihi
1257 1135 1385 1174 vero
1414 1135 1520 1172 non
1567 1119 1620 1172 in
1665 1117 1907 1188 corporis

323 1228 509 1271 natura
541 1217 679 1271 Deus
705 1231 852 1269 arma
905 1213 1160 1284 reposuit,
1206 1211 1299 1267 sed
1357 1220 1507 1265 extra
1545 1224 1738 1278 corpus
1763 1249 1777 1271 .
1807 1208 1904 1263 de-

323 1317 626 1361 monstrans
644 1305 786 1376 quod
814 1305 1008 1359 animal
1033 1305 1158 1358 mite
1205 1304 1273 1356 sit
1314 1302 1494 1365 homo,
1539 1298 1756 1369 etquod
1801 1314 1907 1353 non

325 1399 454 1453 mihi
500 1413 711 1466 semper
736 1397 921 1451 horum
956 1405 1164 1464 tempus
1206 1409 1476 1448 armorum
1513 1408 1526 1444 :
1561 1391 1756 1446 ctenim
1805 1389 1911 1445 fre-

326 1499 553 1558 quenter
593 1488 804 1558 quidem
845 1488 955 1556 ipsa
1007 1487 1251 1555 depono,
1311 1499 1686 1554 nonnunquam
1734 1491 1909 1537 autem

330 1582 574 1636 manibus
594 1597 769 1636 sumo.
807 1579 875 1637 Ut
907 1580 1063 1649 igitur
1092 1581 1224 1633 liber
1256 1589 1308 1633 et
1355 1577 1630 1631 absolutus
1673 1576 1795 1638 sim,
1843 1589 1911 1629 ne

326 1687 542 1741 δείπνει·
565 1681 775 1742 gestare
798 1687 958 1738 cogar
994 1686 1166 1734 arma,
1201 1685 1229 1721 a
1281 1679 1464 1722 natura
1496 1683 1612 1722 mea
1667 1675 1910 1736 separata

327 1764 456 1817 fecit
492 1764 604 1834 ipsa
646 1765 805 1819 Deus.
864 1765 978 1817 Non
1033 1765 1175 1818 enim
1225 1771 1450 1824 tantum,
1499 1761 1618 1831 quia
1669 1770 1912 1815 naturam

329 1854 587 1909 habemus
612 1854 946 1918 rationalem,
993 1853 1148 1908 bruta
1174 1867 1507 1923 superamus,
1557 1851 1652 1907 sed
1695 1861 1748 1906 et
1788 1867 1914 1906 cor-

331 1962 459 2012 pore
485 1946 613 2015 ipsis
637 1957 983 2014 prmstamus:
1037 1954 1090 1998 et
1117 1944 1219 1999 hoc
1245 1946 1386 1998 enim
1415 1945 1606 1997 anima:
1644 1942 1917 2013 generosi-

330 2040 425 2091 tali
476 2039 815 2102 conveniens,
890 2045 945 2092 et
994 2036 1254 2091 mandatis
1305 2034 1421 2105 ejus
1468 2033 1717 2088 idoneum
1775 2033 1916 2088 Deus

332 2129 688 2199 praeparavit:
720 2129 916 2182 ctenim
940 2144 1134 2198 corpus
1164 2127 1268 2182 tale
1285 2142 1391 2182 nor.
1415 2135 1614 2180 temere
1636 2125 1780 2191 fecit,
1822 2125 1916 2178 sed

332 2223 488 2292 quale
513 2222 804 2276 decctesse
847 2221 1089 2275 rationali
1125 2229 1325 2274 natura;
1351 2217 1660 2274 ministrans
1709 2233 1721 2267 :
1775 2215 1918 2285 quod

333 2316 434 2369 nisi
466 2315 569 2368 tale
597 2322 760 2378 esset,
795 2314 1138 2367 vehementer
1167 2311 1433 2380 impedita:
1463 2310 1694 2365 fuissent
1725 2309 1918 2363 anima:

332 2405 716 2473 υικϊιιιίοηεει
753 2416 805 2459 et
858 2405 956 2457 hoc
995 2419 1059 2458 ex
1105 2402 1506 2474 {egritudinibus
1557 2401 1918 2458 manifestum.

333 2497 389 2551 Si
417 2498 556 2551 enim
589 2496 853 2550 modicum
885 2495 1009 2565 quid
1033 2509 1064 2548 a
1097 2508 1308 2563 propria
1343 2493 1723 2546 constitutione
1770 2507 1921 2546 aver-

336 2598 478 2641 tatur
505 2590 616 2656 ipse
645 2588 823 2646 carnis
867 2597 1056 2653 status,
1089 2584 1267 2638 multa:
1293 2599 1357 2638 ex
1412 2583 1602 2636 aninne
1651 2582 1921 2650 operatio-

335 2679 493 2733 nibus
519 2679 896 2748 impediuntur,
932 2686 1054 2746 puta
1083 2676 1126 2729 si
1153 2674 1376 2728 calidius
1407 2673 1492 2727 vel
1545 2672 1783 2742 frigidius
1835 2687 1923 2726 ce-

337 2771 552 2825 rebrum
582 2770 688 2824 fiat.
714 2769 893 2838 Itaque
922 2777 976 2823 ct
999 2783 1062 2822 ex
1089 2780 1314 2835 corpore
1339 2765 1558 2818 multam
1603 2763 1695 2817 Dei
1745 2763 1924 2833 provi-

335 2865 572 2918 dentiam
603 2879 824 2918 cerncre
851 2861 992 2927 licet,
1021 2875 1125 2914 non
1154 2867 1358 2912 tantum
1384 2857 1634 2926 quoniam
1662 2856 1728 2910 ab
1775 2856 1924 2909 initio

340 2956 512 3024 ipsum
541 2955 749 3016 melius,
769 2967 925 3020 quam
955 2965 1096 3004 nunc
1120 2958 1222 3015 est,
1265 2949 1406 3002 Deus
1458 2946 1602 3011 fecit,
1648 2945 1741 3000 sed
1793 2959 1924 3016 quo-

339 3048 483 3100 niam
512 3055 566 3100 et
590 3044 655 3098 ad
683 3045 907 3114 gloriam
940 3041 1106 3095 multo
1132 3039 1387 3110 majorem
1434 3053 1644 3092 rursum
1694 3035 1920 3091 resusci-

343 3140 498 3194 tabit.
522 3136 577 3193 Si
611 3152 735 3191 vero
760 3143 816 3189 et
841 3134 1053 3188 aliunde
1092 3132 1300 3186 discere
1340 3132 1438 3195 vis,
1480 3139 1731 3201 quantam
1793 3129 1929 3182 Deus

342 3231 657 3299 sapientiam
682 3229 823 3283 circa
852 3241 1048 3296 corpus
1075 3224 1538 3288 demonstraverit,
1585 3220 1759 3275 dicam
1806 3220 1926 3283 hoc,

343 3323 486 3393 quod
513 3323 746 3376 omnium
769 3321 998 3375 maxime
1021 3318 1213 3372 Paulus
1233 3315 1482 3370 admirari
1527 3312 1740 3368 assidue
1779 3312 1930 3366 vide-

345 3424 450 3469 tur.
505 3413 640 3484 Quid
685 3421 862 3466 autem
903 3412 1005 3466 hoc
1060 3409 1183 3464 est?
1229 3406 1462 3462 Membra
1509 3405 1733 3460 alterum
1777 3403 1931 3457 alteri

345 3516 601 3576 pra'starc
624 3502 767 3567 fecit,
800 3518 904 3556 non
933 3502 985 3556 in
1015 3501 1220 3564 iisdem,
1253 3499 1346 3553 sed
1377 3497 1493 3551 hmc
1545 3495 1758 3566 quidem
1809 3493 1932 3564 pul-

348 3600 649 3656 chritudine
670 3599 959 3669 praevalere
986 3597 1190 3663 statuit,
1217 3595 1306 3648 illa
1326 3607 1452 3647 vero
1482 3590 1676 3646 robore
1707 3605 1722 3642 :
1781 3598 1931 3659 puta,

350 3694 572 3764 pulcher
595 3695 804 3757 oculus,
834 3692 927 3747 sed
958 3692 1202 3746 fortiores
1233 3689 1395 3759 pedes
1424 3705 1436 3739 :
1463 3686 1751 3756 pretiosum
1777 3691 1938 3751 caput

355 3787 450 3841 sed
496 3787 675 3840 dicere
701 3802 804 3838 non
829 3791 1001 3854 potest
1032 3780 1274 3852 pedibus,
1301 3778 1452 3832 vobis
1476 3791 1610 3846 opus
1635 3790 1738 3828 non
1767 3773 1936 3828 habeo

351 3879 448 3948 (l.
481 3877 598 3932 Cor.
634 3876 721 3930 l2.
748 3876 812 3929 2|
843 3875 886 3948 ).
920 3874 1033 3930 Hoc
1061 3883 1117 3929 et
1145 3874 1197 3927 in
1216 3873 1384 3927 brutis
1409 3883 1629 3925 cernere
1654 3867 1798 3929 licet,
1830 3863 1936 3920 hoc

351 3982 406 4027 et
433 3972 484 4026 in
517 3981 625 4025 tota
654 3972 850 4041 pariter
871 3971 996 4023 vita.
1021 3969 1132 4023 Rex
1160 3967 1316 4037 igitur
1338 3963 1564 4018 subditis
1583 3976 1718 4032 Opus
1752 3957 1932 4022 habet,

353 4064 551 4119 subditi
583 4079 728 4134 rege,
759 4065 893 4129 sicut
915 4068 1074 4130 caput
1095 4058 1336 4129 pedibus.
1364 4057 1429 4110 Et
1448 4069 1657 4110 rursum
1688 4054 1741 4106 in
1771 4049 1941 4104 brutis

357 4159 472 4213 lucc
509 4159 722 4228 quidem
768 4167 890 4211 sunt
938 4154 1176 4216 fortiora,
1218 4150 1332 4205 hrec
1377 4142 1939 4213 autemspeciosiora;

358 4251 467 4305 harc
499 4266 596 4304 nos
622 4249 908 4309 delectant,
938 4247 1050 4300 haec
1079 4252 1256 4297 autem
1317 4238 1570 4294 amiciunt
1595 4254 1610 4290 :
1650 4245 1774 4307 puta
1795 4235 1942 4290 dele-

359 4349 470 4397 ctat
499 4356 634 4411 pavo
652 4383 666 4406 ,
716 4340 954 4394 nutriunt
982 4336 1189 4406 gallina:
1215 4348 1277 4388 ac
1305 4346 1460 4396 sues;
1492 4343 1618 4384 oves
1644 4335 1818 4381 autem
1850 4339 1942 4379 ve—

358 4434 522 4487 stiunt
550 4441 605 4486 et
629 4446 825 4500 caprae,
844 4428 1172 4484 collaborant
1200 4424 1295 4477 bos
1317 4429 1371 4476 et
1391 4420 1590 4475 asinus.
1608 4418 1743 4473 Sunt
1767 4425 1944 4471 autem

359 4538 413 4581 et
435 4526 559 4590 alia,
587 4541 706 4595 qua:
733 4523 920 4577 horum
978 4519 1188 4590 quidem
1215 4515 1342 4570 nihil
1387 4514 1644 4584 praibeut,
1690 4517 1946 4566 exercent

360 4627 540 4671 autem
561 4615 810 4670 virtutem
833 4620 1092 4676 nostram,
1133 4617 1192 4662 ut
1213 4607 1339 4663 fera:
1387 4613 1697 4660 venatorum
1753 4607 1948 4669 augent

363 4707 724 4764 fortitudinem
762 4713 818 4760 et
861 4705 1051 4757 timore
1105 4714 1271 4770 genus
1316 4705 1553 4751 nostrum
1577 4693 1846 4758 erudiunt,
1894 4699 1948 4744 et

363 4802 569 4855 cautius
589 4799 838 4861 reddunt,
864 4811 960 4850 nec
983 4795 1246 4849 modicum
1273 4792 1336 4844 ad
1363 4789 1675 4844 medicinam
1696 4785 1948 4840 tribututn

365 4893 521 4947 nobis
546 4891 612 4946 de
634 4890 862 4961 propriis
885 4888 1165 4943 conferunt
1195 4885 1466 4940 membris.
1497 4880 1677 4948 Itaque
1701 4895 1824 4934 cum
1853 4877 1950 4932 tibi

363 4985 488 5054 quis
513 4984 725 5048 dixerit,
748 4979 1018 5052 quomodo
1039 4978 1314 5031 brutorum
1335 4989 1394 5028 es
1441 4971 1710 5033 dominus,
1761 4984 1850 5037 qui
1882 4969 1948 5020 ti-

367 5090 484 5130 mes
505 5073 759 5129 leonem?
793 5068 1058 5140 responde
1091 5067 1158 5122 ab
1187 5066 1338 5120 initio
1358 5078 1463 5118 non
1499 5062 1570 5115 ita
1619 5075 1679 5114 se
1727 5074 1817 5114 res
1858 5057 1954 5111 ha-

367 5169 568 5232 buisse,
591 5165 804 5237 quando
849 5163 988 5233 apud
1040 5161 1208 5216 Deum
1260 5159 1314 5213 in
1363 5153 1755 5212 existimatione
1801 5159 1956 5206 erant

370 5260 615 5313 homines
636 5296 654 5324 ,
684 5255 895 5328 quando
921 5255 972 5308 in
996 5251 1246 5321 paradiso
1274 5247 1617 5302 morabantur
1642 5260 1656 5309 ;
1681 5243 1772 5299 sed
1806 5253 1954 5312 post-

369 5366 530 5419 quam
557 5349 838 5404 Dominum
868 5343 1084 5408 olfendi,
1118 5341 1287 5396 servis
1315 5339 1484 5394 factus
1509 5353 1626 5391 sum
1654 5334 1952 5399 obnoxius,

374 5451 684 5497 nontamen
722 5438 964 5505 omnino,
1024 5434 1118 5490 sed
1163 5432 1332 5488 habeo
1371 5431 1598 5500 aliquam
1643 5437 1812 5480 artem
1862 5439 1957 5494 per

371 5549 529 5603 quam
554 5531 694 5585 feras
714 5527 1091 5600 superem.Sic
1117 5525 1253 5581 etin
1308 5522 1554 5579 domibus
1598 5519 1803 5590 magnis
1855 5532 1956 5572 usu

374 5624 536 5688 venit,
567 5633 618 5677 ut
649 5622 761 5686 lilii,
789 5621 1030 5691 quamvis
1054 5617 1260 5673 nobiles
1286 5616 1412 5678 sint,
1455 5612 1582 5666 dum
1628 5625 1814 5680 parum
1858 5624 1954 5660 va-

373 5716 480 5771 lcnt
507 5715 844 5777 auctoritate,
898 5726 1173 5766 servorum
1223 5707 1418 5762 multos
1457 5703 1777 5763 formident;
1832 5715 1955 5754 cum

374 5818 552 5863 autem
582 5819 633 5863 ct
651 5807 1007 5878 peccaverint,
1032 5803 1198 5856 nmlto
1228 5799 1393 5869 magis
1431 5795 1667 5851 anxietas
1716 5790 1954 5848 intenda-

2077 657 2130 712 5.
2163 656 2272 711 Nec
2295 670 2426 709 vero
2455 664 2652 709 tantum
2687 656 2737 708 in
2773 669 2997 724 corpore
3038 663 3220 708 nostro
3257 657 3580 711 conditioni-

2006 750 2211 819 busque
2248 749 2445 813 variis,
2483 759 2537 804 et
2583 748 2634 802 in
2677 748 2864 811 brutis,
2906 763 3087 802 verum
3122 757 3176 801 et
3217 747 3267 802 in
3313 749 3616 804 arboribus-

2007 842 2316 897 varietatem
2341 841 2478 895 hanc
2505 850 2748 909 spectare
2770 841 2910 905 licet,
2938 850 2993 897 et
3017 842 3252 895 onmium
3278 843 3591 897 vilissimum

2009 947 2152 1003 stepe
2180 932 2362 988 videas
2391 933 2648 1001 majorem
2679 947 2954 1001 superare,
2989 948 3087 988 nec
3113 933 3290 988 omnia
3322 935 3372 988 in
3402 936 3584 1005 singu-

2009 1025 2076 1081 lis
2103 1040 2253 1093 esse,
2300 1035 2356 1079 ut
2397 1026 2573 1080 omnia
2616 1026 2768 1080 nobis
2807 1027 2910 1080 sint
2944 1028 3242 1082 necessaria
3265 1069 3280 1093 ,
3311 1038 3364 1083 ct
3391 1031 3591 1082 variam

2014 1115 2225 1171 Domini
2257 1117 2566 1171 noverimus
2593 1118 2926 1186 sapientiam.
2957 1117 3074 1172 Noli
3106 1119 3265 1189 igitur
3293 1120 3456 1173 Deum
3484 1138 3596 1188 pro-

2011 1216 2130 1276 pter
2156 1209 2396 1277 corporis
2417 1211 2808 1278 corruptionem
2834 1223 3104 1276 accusare,
3131 1210 3222 1264 sed
3255 1220 3472 1280 propter
3497 1212 3596 1265 hoc

2012 1303 2179 1373 magis
2220 1304 2390 1371 ipsmn
2439 1303 2599 1358 adora
2627 1345 2642 1368 ,
2692 1312 2747 1358 et
2787 1305 3101 1373 sapientiam
3127 1315 3177 1359 et
3209 1305 3594 1374 providentiam

2015 1393 2181 1463 ipsius
2202 1395 2466 1450 admirare
2486 1414 2499 1448 :
2519 1396 2834 1465 sapientiam
2863 1396 3098 1467 quidem,
3125 1399 3373 1468 quoniam
3405 1400 3456 1452 in
3487 1409 3592 1450 tam

2014 1486 2344 1555 corruptibili
2384 1502 2607 1557 corpore
2644 1496 2842 1542 tantam
2873 1489 3043 1558 potuit
3076 1488 3407 1545 harmoniam
3443 1493 3597 1546 exhi-

2015 1574 2180 1641 bere;
2215 1577 2601 1646 providentiam
2650 1594 2813 1646 vero,
2841 1580 3090 1646 quoniam
3131 1581 3302 1651 ipsum
3336 1585 3598 1652 corrupti-

2018 1668 2124 1724 bile
2168 1668 2236 1724 ad
2279 1672 2469 1725 anima:
2513 1669 2638 1726 fecit
2680 1671 2994 1736 utilitatem,
3042 1680 3099 1726 ut
3133 1671 3298 1742 ipsius
3333 1683 3608 1729 tumorem.

2016 1764 2368 1831 comprimat,
2407 1773 2462 1818 et
2490 1764 2792 1833 superbiam
2821 1766 3063 1836 castiget.
3096 1765 3270 1833 Quare
3309 1767 3464 1837 igitur
3492 1782 3610 1822 non-

2017 1854 2085 1909 ab
2109 1855 2258 1908 initio
2287 1855 2457 1924 ipsum
2487 1855 2593 1912 tale
2621 1856 2745 1910 fecit
2773 1856 2911 1910 Dens
2937 1897 2953 1923 ,
2983 1856 3151 1925 inquit
3175 1857 3402 1927 aliquis?
3422 1858 3602 1912 Excu-

2018 1962 2143 2002 sans
2168 1963 2228 2002 se
2257 1947 2348 2002 tibi
2375 1963 2470 2016 per
2499 1949 2609 2016 ipsa
2635 1958 2818 2018 opera,
2846 1959 2899 2004 et
2926 1958 3128 2004 tantum
3150 1965 3260 2005 non
3279 1950 3465 2006 dicens
3498 1967 3596 2021 per

2019 2049 2268 2092 eventum
2297 2055 2310 2092 :
2345 2039 2459 2110 Ego
2487 2037 2701 2109 quidem
2734 2047 2786 2094 te
2814 2039 2878 2094 ad
2921 2041 3176 2110 majorem
3205 2041 3457 2096 vocabam
3499 2043 3609 2097 ho-

2022 2146 2228 2197 norem,
2260 2141 2314 2186 tu
2343 2147 2472 2187 vero
2500 2132 2726 2201 teipsum
2755 2148 2978 2188 munere
3002 2134 3275 2204 indignum
3302 2134 3610 2201 reddidisti,

2023 2225 2268 2294 paradiso
2312 2224 2595 2289 excidens;
2629 2234 2991 2280 verumtamen
3025 2243 3195 2296 neque
3236 2227 3314 2282 sic
3355 2235 3405 2282 te
3430 2227 3606 2297 despi«

2022 2319 2180 2383 ciam,
2213 2319 2307 2374 sed
2353 2330 2625 2389 peccatum
2659 2330 2804 2374 tuum
2834 2322 3110 2390 corrigens
3141 2320 3191 2375 in
3219 2321 3411 2374 cmlum
3440 2321 3604 2376 redu-

2023 2425 2162 2464 cam.
2195 2411 2403 2465 Etenim
2437 2420 2717 2481 propterea
2749 2420 2799 2466 te
2831 2412 3102 2466 tabescere
3126 2421 3177 2466 et
3197 2412 3465 2481 corrumpi
3494 2420 3608 2466 tan-

2026 2509 2135 2554 tum
2187 2501 2440 2569 temporis
2488 2503 2742 2572 permisi,
2793 2513 2851 2557 ut
2898 2504 2951 2557 in
3004 2503 3260 2573 temporis
3309 2503 3609 2572 prolixitate

2025 2590 2228 2645 stabilis
2252 2592 2267 2622 ¹
2302 2591 2392 2645 tibi
2441 2593 2531 2646 liat
2560 2592 2873 2647 humilitatis
2899 2593 3176 2661 disciplina
3197 2634 3210 2656 ,
3244 2604 3298 2648 et
3321 2608 3608 2663 numquam

2023 2671 2257 2754 priorem
2303 2699 2544 2740 resumas
2588 2694 2842 2740 mentem.
2890 2685 2992 2739 Pro
3035 2684 3118 2740 his
3161 2685 3409 2740 omnibus
3456 2685 3612 2753 igitur

2025 2776 2221 2845 gratias
2241 2790 2458 2846 agamus
2484 2775 2712 2846 benigno
2741 2777 2868 2841 Deo,
2896 2785 2950 2830 et
2976 2791 3071 2846 pro
3099 2777 3187 2830 tali
3227 2791 3352 2832 cura
3386 2775 3610 2846 gratiam

2030 2865 2408 2936 rependanms,
2439 2882 2559 2938 quae
2581 2869 2734 2922 nobis
2760 2868 2920 2922 etiam
2950 2868 3018 2922 sit
3055 2869 3195 2921 utilis
3223 2885 3236 2922 :
3265 2876 3320 2922 ct
3357 2869 3612 2935 mandati,

2030 2957 2098 3013 de
2139 2974 2245 3027 quo
2290 2959 2441 3014 vobis
2487 2960 2682 3028 sacpius
2731 2959 2994 3024 disserui,
3045 2961 3278 3014 studium
3327 2958 3618 3015 habeamus

2033 3051 2340 3104 maximum.
2387 3049 2572 3120 Neque
2606 3050 2748 3105 enim
2780 3049 3070 3112 desistam,
3097 3050 3268 3105 donec
3296 3050 3425 3105 illud
3449 3067 3616 3121 expe-

2031 3142 2235 3196 dieritis
2263 3161 2275 3195 :
2309 3141 2558 3212 quoniam
2589 3141 2690 3196 hoc
2713 3156 2817 3196 non
2841 3145 3094 3212 quaeritur
3115 3157 3144 3196 a
3169 3141 3344 3209 nobis,
3367 3143 3621 3212 paucisne

2032 3249 2098 3286 an
2144 3233 2327 3288 multis
2368 3244 2581 3287 utamur
2622 3233 3112 3298 admonitionibus,
3149 3233 3244 3288 sed
3276 3243 3331 3288 ut
3356 3248 3422 3288 eo
3454 3248 3622 3302 usque

2035 3339 2350 3378 moneamns
2375 3364 2390 3389 ,
2418 3324 2590 3378 donec
2615 3323 2766 3378 vobis
2797 3325 3235 3392 persuaSerimus.
3268 3323 3467 3378 Juda-is
3500 3325 3619 3393 qui-

2035 3415 2156 3470 dem
2183 3417 2321 3471 Deus
2353 3432 2447 3485 per
2487 3416 2800 3486 prophetam
2838 3416 3048 3470 dicebat
3075 3435 3086 3470 :
3118 3417 3177 3472 Si
3222 3417 3291 3470 ad
3330 3417 3531 3487 judicia
3575 3425 3620 3469 et

2035 3509 2373 3562 contentiones
2387 3509 2655 3577 jejunatis,
2683 3517 2737 3560 ut
2764 3507 2885 3577 quid
2903 3508 3150 3576 jejunatis
3171 3507 3412 3577 (lsai.58.
3434 3508 3490 3561 4.
3519 3506 3573 3576 5)
3597 3506 3620 3558 ?

2038 3602 2140 3653 Per
2167 3615 2265 3654 nos
2291 3614 2419 3653 vero
2445 3599 2592 3652 vobis
2622 3598 2784 3664 dicet,
2808 3598 2862 3652 Si
2890 3599 2956 3651 ad
2978 3599 3279 3667 juramenta
3309 3607 3362 3653 et
3393 3598 3621 3667 perjnria

2033 3689 2321 3760 jejunatis,
2351 3701 2411 3744 ut
2436 3690 2560 3760 quid
2593 3689 2889 3760 jejunatis?
2923 3689 3204 3758 Quomodo
3237 3691 3384 3743 enim
3413 3703 3621 3742 sacrum

2041 3783 2339 3838 videbimus
2380 3782 2616 3854 pascha?
2661 3783 2930 3852 quomodo
2977 3793 3218 3836 sanctum
3274 3783 3626 3852 suscipiemus

2041 3874 2686 3945 sacrilicium'lquomodo
2741 3872 3071 3928 mirabilibus
3117 3873 3627 3927 communicabimus

2045 3968 2314 4040 mysteriis
2345 3967 2520 4038 lingua
2552 3967 2639 4020 illa
2667 3981 2768 4036 qua
2797 3965 2892 4019 Dei
2924 3967 3090 4035 legem
3113 3964 3625 4027 conculcaverimus,

2045 4061 2220 4130 lingua
2248 4060 2356 4124 illa,
2385 4075 2488 4129 qua
2517 4059 2750 4112 animam
2772 4056 3344 4111 contaminaverimus?
3372 4041 3444 4110 Si.
3473 4070 3628 4108 nemo

2046 4166 2272 4222 namque
2304 4166 2588 4220 purpuram
2618 4149 2850 4220 regalem
2884 4149 3128 4201 manibus
3163 4147 3403 4214 accipere
3450 4147 3623 4214 inqui-

2047 4244 2184 4296 natis
2225 4242 2481 4306 auderet,
2525 4238 2793 4311 quomodo
2843 4238 3174 4292 Dominicnm
3217 4252 3410 4305 corpus
3454 4236 3628 4305 lingua

2049 4335 2245 4405 polluta
2275 4331 2664 4402 suscipiemus?
2691 4329 3062 4386 Juramentuni
3095 4329 3234 4381 enim
3265 4327 3474 4396 maligni
3498 4367 3513 4386 ,
3540 4342 3630 4380 sa-

2047 4426 2303 4482 crificium
2336 4440 2462 4480 vero
2492 4424 2721 4479 Domini.
2756 4422 2883 4489 Quae
2923 4421 3078 4490 igitur
3114 4419 3498 4475 comnmnicatio
3535 4418 3633 4470 luci

2050 4519 2118 4572 ad
2161 4517 2416 4581 tenebras,
2457 4516 2534 4570 vel
2571 4529 2685 4586 quae
2727 4512 3068 4567 convenientia
3113 4510 3310 4565 Christo
3359 4509 3426 4560 ad
3471 4507 3634 4561 Belial

2053 4611 2070 4680 (
2094 4611 2145 4664 2.
2177 4609 2296 4666 Cor.
2333 4608 2386 4664 6.
2423 4609 2510 4662 M.
2541 4607 2608 4662 15
2628 4607 2689 4679 )?
2714 4605 2866 4672 Quod
2895 4604 3051 4674 igitur
3079 4601 3179 4656 hac
3207 4599 3418 4654 liberari
3447 4599 3632 4666 impie-

2054 4710 2162 4756 tate
2209 4699 2548 4764 studueritis,
2603 4681 2882 4752 manifeste
2930 4693 3075 4757 scio;
3121 4690 3215 4746 sed
3259 4690 3506 4761 quoniam
3546 4706 3637 4759 per

2053 4792 2287 4861 seipsum
2335 4805 2438 4845 non
2489 4788 2646 4844 facile
2690 4788 2915 4858 quisque
2957 4767 3084 4839 illud
3126 4783 3379 4852 expedire
3428 4793 3636 4852 potest,

2054 4885 2310 4942 faciamus
2354 4883 2597 4940 sodalitia
2634 4891 2691 4938 et
2732 4881 2975 4936 classes:
3007 4889 3062 4934 et
3102 4879 3244 4949 quod
3288 4877 3341 4933 in
3385 4879 3642 4934 conviviis

2057 4991 2317 5046 pauperes
2347 4973 2578 5038 faciunt,
2607 4972 2859 5042 quoniam
2889 4986 2994 5024 non
3036 4978 3212 5040 potest
3238 4970 3464 5040 quisque
3497 4970 3642 5022 solus

2057 5067 2356 5122 conviviqu
2387 5063 2643 5120 exhibere
2685 5061 2979 5132 perfectum
3004 5102 3020 5129 ,
3049 5061 3432 5116 convenientes
3459 5075 3643 5112 omnes

2057 5176 2123 5213 ex
2167 5157 2412 5230 symbolo
2450 5155 2751 5211 convivium
2789 5153 3074 5209 conferunt
3105 5169 3119 5206 :
3150 5153 3251 5206 hoc
3276 5160 3456 5207 etans
3484 5150 3644 5204 facia-

2061 5265 2199 5316 mus,
2225 5247 2436 5317 quando
2462 5261 2556 5315 per
2586 5258 2684 5300 nos
2705 5244 2850 5312 ipsos
2881 5243 3072 5312 torpidi
3101 5258 3286 5296 sumus
3307 5282 3323 5307 ,
3351 5241 3541 5295 divisis
3567 5241 3645 5292 in-

2063 5350 2142 5396 ter
2167 5355 2263 5394 nos
2287 5339 2431 5393 curis
2457 5354 2522 5392 ex
2553 5347 2711 5406 pacto
2737 5344 3035 5390 statuamus
3063 5334 3310 5389 conferre
3339 5333 3641 5392 consilium,

2061 5431 2405 5486 munitionem
2427 5470 2441 5492 ,
2469 5427 2898 5486 exhortationem
2917 5467 2933 5493 ,
2964 5425 3377 5493 increpationem
3399 5463 3413 5486 ,
3438 5424 3607 5476 minas
3625 5460 3641 5488 ,

2062 5537 2119 5579 ut
2146 5539 2210 5579 ex
2241 5521 2568 5592 singulorum
2599 5520 2776 5576 studio
2814 5533 3002 5573 omnes
3049 5527 3194 5570 recte
3230 5530 3464 5584 agamus.
3495 5515 3643 5581 Quo-

2060 5616 2199 5671 niam
2244 5615 2384 5670 enim
2429 5615 2792 5684 proximorum
2837 5627 2924 5667 res
2957 5611 3166 5664 acutius
3209 5611 3446 5662 videnms
3485 5621 3638 5677 quam

2127 5797 2142 5826 ³
2179 5793 2373 5854 Quidam
2397 5798 2502 5843 Mss.
2527 5805 2539 5840 :
2571 5789 2764 5856 Regula,
2792 5787 2914 5846 loco,
2940 5783 3136 5836 stabilis.
