4112 6388
524 307 625 363 1ἳῖ

515 432 746 489 nostras,
775 435 880 477 non
905 419 1038 476 alios
1063 418 1458 484 custodiamus,
1489 428 1546 473 et
1573 417 1740 472 nostri
1770 417 1873 471 illis
1901 425 2082 472 custo-

512 519 653 572 diam
684 515 1028 580 mandemus,
1065 523 1121 568 et
1163 513 1263 568 hoc
1303 511 1578 582 pulchrum
1622 510 1876 564 faciamus
1917 519 2094 564 certa-

513 628 656 675 men,
689 618 747 665 ut
777 610 845 663 ita
878 618 1082 678 turpem
1110 607 1248 662 hanc
1276 604 1717 660 consuetudinem
1747 610 2057 672 superantes
2075 640 2091 666 ,

513 717 634 755 cum
678 699 867 754 fiducia
905 698 972 752 ad
1004 697 1138 753 hanc
1181 706 1420 751 sanctam
1465 695 1742 750 veniamus
1784 691 2095 747 solemnita-

513 803 618 846 tem
641 833 654 856 ,
683 801 732 845 et
776 791 944 845 sancti
987 789 1274 860 participes
1314 789 1482 842 simus
1521 785 1766 842 sacriﬁcii
1789 799 1909 839 cum
1939 783 2096 838 beata

536 907 808 921 ﬂ

1227 305 1286 361 S.
1325 304 1605 362 J0.\NNIS
1633 304 2107 362 CHRYSOSTOMI
2147 307 2459 362 ARCHIEP.
2500 308 3029 367 CUNSTANTINOP.

3685 316 3788 374 123

2203 432 2318 486 Spe,
2347 429 2401 473 et
2426 420 2748 474 conscientia
2773 420 2928 484 bona,
2952 420 3118 490 gratia
3148 431 3202 476 et
3231 421 3555 492 benignitate
3574 424 3780 480 Domini

2205 513 2370 566 nostri
2419 512 2546 567 Jesu
2589 513 2821 579 Christi,
2878 528 2974 583 per
3015 529 3174 583 quem
3225 527 3278 569 et
3327 531 3447 570 cum
3491 533 3597 587 quo
3647 519 3788 574 Patri

2203 604 2371 672 gloria
2402 618 2503 657 una
2531 618 2654 658 cum
2679 602 2875 659 Sancto
2899 604 3119 674 Spiritu,
3150 605 3202 658 in
3232 607 3426 661 sarcula
3446 609 3785 664 saeculorum.

2209 696 2399 747 Anien.

813 890 3784 918 Μ

519 975 726 1021 ΔΒΗΠΟ
768 977 854 1020 ΔΙ)
896 976 1076 1019 DEUM
1118 973 1491 1019 GBATIABUM
1536 971 1721 1015 ACTIO
1765 968 1886 1012 Ριιο
1927 967 2099 1011 ΔΟΟΕ]

2189 967 2207 1007 ι
2253 960 2441 1004 νΕΝῐΔ
2483 958 2936 1003 οοΜΜιεεοιιυΜ
2979 959 3227 1004 CONTRA
3269 961 3728 1008 IMPERATOREII
3767 967 3783 1005 ζ

592 1077 673 1119 ΕΤ
714 1074 1065 1118 ΝΑΤωιΑιιε
1109 1074 1193 1115 DE
1234 1072 1458 1117 MUNDO
1501 1068 1971 1114 SEBMOCINATIO
2018 1068 2032 1108 :

591 1175 896 1218 TURALEM
937 1171 1272 1216 lNDlDENT
1317 1172 1332 1212 ζ

2080 1065 2160 1108 ΕΤ
2201 1060 2371 1114 QUOD
2415 1058 2713 1101 HOMINEM
2756 1059 2996 1102 CBEANS
3042 1060 3201 1105 DEUS
3246 1061 3457 1105 LEGEM
3502 1064 3618 1107 lPSl
3663 1066 3785 1109 NA”

1381 1171 1460 1212 ET
1503 1170 1586 1212 DE
1633 1166 2016 1212 JURAMENTO
2057 1163 2216 1208 OMNI
2261 1157 2629 1202 DILIGENTIA
2671 1157 2977 1203 VITANDO.

1942 1265 2361 1327 «Mica

1127 1396 1344 1436 HOIILIA
1384 1394 1478 1433 XII.

580 1483 634 1537 1.
667 1481 733 1536 Et
778 1478 892 1534 heri
935 1475 1084 1540 dixi,
1128 1473 1451 1530 Benedictus
1480 1469 1655 1535 Deus,
1698 1477 1753 1522 et
1796 1463 1954 1518 hodie
1992 1461 2094 1514 hoc

509 1576 679 1644 ipsum
712 1584 896 1626 rursus
922 1568 1115 1624 dicam.
1145 1564 1257 1621 Etsi
1285 1563 1428 1619 enim
1472 1561 1651 1631 gravia
1687 1556 2089 1629 praeterierunt,

510 1677 690 1720 tamen
717 1661 960 1732 gravium
988 1657 1246 1713 memoria
1277 1670 1344 1709 ne
1371 1661 1675 1724 praetereat,
1703 1664 1806 1704 non
1837 1657 1896 1701 ut
1919 1644 2092 1699 dolea-

509 1768 649 1819 mus,
677 1751 771 1807 sed
800 1761 855 1804 ut
875 1748 1070 1820 gratias
1095 1762 1331 1818 agamus.
1355 1745 1410 1800 Si
1431 1744 1572 1799 enim
1601 1742 1860 1797 malorum
1881 1751 2086 1792 memo-

509 1846 586 1900 ria
626 1843 912 1908 manserit,
955 1841 1214 1894 malorum
1261 1835 1589 1907 experientia
1616 1846 1904 1903 numquam
1934 1843 2090 1898 urge-

508 1939 603 1994 bit.
630 1935 766 2005 Quid
797 1935 938 1989 enim
965 1931 1294 2001 experientia
1325 1945 1460 2000 opus
1504 1938 1621 1994 est,
1667 1943 1788 1981 cum
1832 1923 2086 1980 memoria

506 2045 605 2085 nos
645 2025 912 2096 corrigat?
949 2025 1097 2081 Sicut
1138 2023 1297 2094 igitur
1339 2020 1610 2090 submergi
1657 2032 1755 2073 nos
1804 2017 1943 2071 Deus
1982 2029 2086 2067 non

507 2123 749 2194 permisit
776 2119 1129 2192 prmsentibus
1171 2116 1452 2186 procellis,
1495 2114 1571 2169 sic
1619 2126 1790 2181 neque
1819 2124 1916 2164 nos
1946 2110 2089 2178 ipsos

507 2215 612 2270 illis
642 2213 864 2269 sublatis
889 2209 1085 2265 resolvi
1111 2208 1368 2262 sinamus.
1391 2205 1711 2262 Consolatus
1737 2211 1818 2258 est
1846 2215 1944 2256 nos
1963 2206 2088 2254 tunc

506 2316 792 2362 maerentes
813 2347 830 2371 ,
862 2304 1058 2376 gratias
1085 2302 1184 2372 ipsi
1216 2317 1358 2356 nunc
1397 2300 1637 2355 laetantes
1665 2309 1883 2368 agamus
1912 2312 1926 2349 :
1957 2309 2088 2349 con-

502 2399 705 2453 solatus
727 2406 811 2453 est
839 2396 1191 2466 suspirantes,
1222 2407 1400 2462 neque
1423 2389 1660 2446 deseruit
1683 2406 1698 2445 :
1729 2389 1884 2458 igitur
1912 2399 2087 2454 neque

504 2509 603 2548 nos
648 2493 793 2562 ipsos
834 2501 1089 2560 prospere
1129 2497 1351 2557 agentes
1380 2483 1698 2556 prodamus,
1734 2481 1788 2535 in
1816 2489 2084 2549 torporem

504 2584 834 2640 declinantes
869 2599 882 2635 :
917 2595 1039 2635 nam
1075 2580 1333 2650 scriptum
1371 2585 1490 2634 est:
1523 2572 1811 2631 Recordare
1847 2568 2087 2640 temporis

502 2677 650 2746 famis
694 2675 747 2729 in
787 2674 870 2728 die
906 2671 1150 2729 satietatis
1193 2669 1397 2744 (Eccli.
1424 2667 1512 2724 18.
1541 2666 1614 2724 25
1638 2665 1680 2738 ).
1719 2662 2088 2720 Recordemur

500 2768 685 2838 itaque
709 2775 1008 2836 temporum
1037 2762 1346 2820 tentationis
1374 2768 1430 2816 et
1457 2773 1557 2814 nos
1585 2758 1639 2812 in
1679 2756 1766 2812 die
1806 2753 2082 2810 remissio-

501 2863 618 2927 nis;
648 2860 775 2931 quin
821 2869 877 2915 et
923 2858 979 2913 in
1025 2855 1256 2928 peccatis
1282 2855 1386 2910 hoc
1415 2854 1589 2924 ipsum
1627 2849 1902 2906 faciamus.
1942 2847 2012 2903 Et
2037 2845 2080 2900 si

501 2951 836 3025 peccaveris,
867 2960 920 3005 et
951 2948 1044 3004 tibi
1089 2955 1306 3019 peccata
1346 2945 1490 3002 Deus
1530 2941 1826 3007 remiserit,
1872 2938 2083 2996 veniam

501 3043 715 3115 quidem
745 3042 976 3110 suscipe,
1007 3047 1062 3095 et
1085 3038 1280 3108 gratias
1307 3051 1440 3108 age;
1473 3034 1678 3105 peccati
1703 3047 1831 3088 vero
1856 3045 1925 3085 ne
1948 3028 2082 3084 obli-

496 3136 726 3199 viscere,
757 3148 864 3187 non
894 3141 950 3186 ut
977 3131 1202 3202 teipsum
1226 3127 1546 3200 cogitatione
1571 3137 1874 3189 consumas,
1902 3121 1994 3177 sed
2024 3131 2082 3176 ut

497 3225 730 3279 a-nitmm
777 3221 969 3278 doceas
1015 3236 1120 3275 non
1162 3217 1443 3281 lascivire,
1476 3231 1645 3287 neque
1663 3228 1874 3269 rursum
1904 3213 1957 3267 in
1987 3226 2081 3267 ea-

497 3318 619 3370 dem
655 3314 839 3370 relabi.
869 3312 958 3369 Sic
984 3321 1040 3368 et
1075 3312 1270 3367 Paulus
1299 3310 1422 3365 fecit
1451 3327 1464 3363 :
1495 3323 1615 3363 cum
1645 3307 1790 3361 enim
1816 3305 2039 3362 dixisset
2063 3322 2078 3360 :

496 3407 725 3462 Fidelem
751 3422 832 3459 me
857 3404 1183 3466 existimavit,
1215 3417 1405 3472 ponens
1441 3401 1494 3454 in
1534 3399 1830 3462 ministerio,
1861 3396 2036 3452 intulit
2064 3413 2078 3451 :

500 3498 600 3566 Qui
627 3497 766 3567 prius
788 3495 1106 3563 blasphemus
1130 3491 1208 3561 {ui
1231 3499 1276 3545 et
1301 3499 1645 3561 persequutor,
1677 3497 1724 3542 et
1749 3487 2081 3541 contumelio-

497 3608 583 3644 sus
605 3590 683 3659 (1.
717 3587 847 3642 Tim.
874 3587 925 3641 1.
959 3585 1045 3640 12.
1071 3585 1183 3652 15).
1207 3582 1558 3649 Tradueatur,
1582 3581 1768 3650 inquit,
1789 3579 1897 3635 vita
1918 3579 2078 3645 servi,

499 3691 556 3736 ut
584 3688 836 3751 appareat
859 3671 1159 3732 humanitas
1184 3673 1405 3729 domini.
1433 3673 1543 3727 Etsi
1572 3672 1715 3726 enim
1741 3679 2080 3740 peccatorum

501 3772 712 3826 veniam
741 3769 920 3838 accepi
945 3807 960 3831 ,
989 3780 1093 3819 non
1121 3773 1296 3819 tamen
1324 3763 1481 3833 ejicio
1509 3769 1850 3833 peccatorum
1878 3774 2082 3815 memo-

496 3865 652 3918 riam.
674 3860 782 3914 Nec
806 3859 976 3913 solum
1002 3855 1207 3910 Domini
1230 3854 1332 3909 hoc
1349 3853 1730 3923 benignitatem
1746 3850 2080 3906 demonstra-

495 3955 605 4016 bat,
633 3950 726 4006 sed
755 3960 809 4005 et
837 3949 983 4003 illum
1009 3947 1290 4002 clariorem
1317 3945 1559 4001 faciebat.
1587 3943 1722 4000 Cum
1759 3943 1902 3999 enim
1937 3941 2078 3997 didi-

491 4045 650 4108 ceris,
673 4043 792 4113 quis
811 4042 958 4113 prius
979 4040 1156 4105 fuerit,
1176 4049 1301 4094 tunc
1320 4040 1491 4109 ipsum
1512 4037 1678 4108 magis
1699 4035 2042 4092 admiraberis
2063 4051 2076 4088 :

490 4147 545 4190 et
571 4150 692 4189 cum
723 4133 919 4188 videris
944 4147 1008 4186 ex
1039 4146 1148 4201 quo
1174 4131 1293 4200 quis
1323 4129 1490 4185 factus
1519 4127 1713 4198 fuerit,
1753 4136 1876 4182 tunc
1905 4127 2075 4197 ipsum

492 4229 661 4298 magis
686 4223 1084 4282 commendabis
1113 4241 1125 4276 ε
1153 4231 1208 4278 et
1235 4223 1280 4277 si
1308 4222 1530 4276 multum
1554 4219 1874 4290 peccaveris,
1906 4228 2080 4273 muta-

491 4330 574 4374 tus
604 4317 727 4373 inde
750 4317 942 4372 bonam
969 4329 1118 4385 spem
1151 4313 1410 4368 habebis:
1435 4327 1556 4365 nam
1595 4320 1785 4379 praeter
1822 4311 1993 4376 dicta,
2027 4318 2082 4364 et

493 4415 546 4467 in
573 4411 942 4480 desperatione
969 4407 1170 4478 positos
1195 4405 1495 4474 exemplum
1523 4404 1686 4458 allicit
1711 4413 1766 4457 et
1793 4417 2080 4474 exsurgere

491 4505 639 4560 facit.
665 4501 820 4570 Quod
843 4500 1056 4572 quidem
1094 4508 1148 4553 et
1188 4497 1242 4551 in
1281 4497 1493 4551 civitate
1520 4504 1700 4550 nostra
1726 4493 1830 4550 erit
1857 4511 1871 4545 τ
1901 4493 2079 4548 omnia

462 4589 466 4594 ’
492 4597 633 4652 enim
662 4610 780 4665 qua:
812 4592 1180 4663 contigerunt,
1222 4599 1277 4644 et
1305 4589 1555 4654 virtutem
1592 4595 1826 4641 vestram
1855 4585 2079 4641 demon-

492 4695 685 4748 strant,
718 4685 808 4754 qui
835 4698 928 4752 per
957 4681 1323 4752 paenitentiam
1353 4688 1556 4734 tantum
1575 4679 1667 4733 irae
1689 4676 1962 4747 depellere
1986 4690 2080 4746 po-

493 4777 733 4840 tueritis;
777 4784 835 4830 et
877 4774 972 4828 Dei
1013 4771 1352 4828 clementiam
1384 4769 1704 4839 praedicant,
1742 4768 1831 4838 qui
1859 4768 1929 4824 ob
1963 4781 2080 4822 mo-

490 4869 666 4924 dicam
718 4865 1160 4929 conversionem,
1221 4872 1418 4917 tantam
1464 4861 1662 4917 nubem
1715 4860 2076 4915 imminentem

492 4960 746 5016 abstulit:
775 4957 828 5012 in
853 4955 1228 5025 desperatione
1254 4967 1466 5024 quoque
1491 4953 1693 5023 positos
1719 4966 1907 5006 omnes
1931 4951 2080 5006 exci-

495 5062 601 5118 tat,
628 5051 896 5106 discentes
925 5063 990 5103 ex
1022 5046 1183 5102 rebus
1209 5045 1406 5100 nostris
1433 5059 1554 5099 eum
1572 5083 1586 5109 ,
1621 5044 1710 5113 qui
1737 5042 1805 5096 ad
1831 5041 2078 5098 sublimia

491 5154 548 5198 et
575 5143 643 5198 ad
668 5143 761 5198 Dei
787 5140 1042 5196 auxilium
1070 5137 1340 5208 respiciat,
1364 5135 1606 5206 quamvis
1629 5133 1816 5189 infiniti
1847 5132 2081 5204 undique

491 5235 684 5290 ﬂuetus
727 5231 1072 5300 obstrepant,
1112 5227 1382 5299 submergi
1420 5242 1526 5281 non
1570 5240 1749 5297 posse.
1781 5225 1909 5293 Quis
1935 5226 2079 5283 enim

498 5326 655 5391 vidit,
685 5324 806 5395 quis
832 5323 1036 5379 audivit
1062 5336 1316 5392 umquam
1357 5320 1554 5376 nostris
1591 5321 1805 5377 casibus
1841 5321 2080 5376 similia?

494 5417 735 5489 quotidie
775 5415 1045 5471 civitatem
1091 5423 1329 5470 nostram
1373 5427 1492 5467 cum
1539 5413 1651 5467 suis
1694 5411 2080 5468 habitatoribus

493 5509 728 5563 funditus
757 5505 1042 5562 tollendam
1069 5517 1190 5560 esse
1217 5502 1618 5576 suspicabamur
1642 5519 1656 5557 :
1681 5502 1774 5557 sed
1812 5517 1933 5558 cum
1960 5503 2083 5558 dia-

491 5599 648 5655 holus
695 5598 960 5668 navigium
1011 5598 1353 5663 submergere
1395 5593 1676 5663 sperabat,
1719 5601 1846 5648 tunc
1895 5609 2078 5663 puram

495 5691 726 5748 reddidit
753 5691 894 5746 Deus
921 5689 1370 5758 tranquillitatem.
1409 5686 1484 5741 Ne
1513 5686 1672 5756 igitur
1699 5687 2078 5742 obliviscamur

496 5781 872 5853 magnitudinis
903 5781 1197 5844 malorum,
1233 5791 1290 5833 ut
1314 5780 1692 5835 beneficiorum
1723 5795 1753 5834 a
1780 5779 1887 5838 Deo
1913 5780 2075 5835 colla-

2211 1389 2386 1436 turum
2425 1381 2837 1453 magnitudinem
2869 1384 3251 1440 recordemur:
3283 1387 3478 1442 etenim
3513 1390 3604 1458 qui
3641 1405 3785 1445 mor-

2208 1471 2392 1526 borum
2424 1483 2664 1528 naturam
2696 1476 2884 1542 nescit,
2914 1475 3106 1532 medici
3130 1487 3298 1533 artem
3324 1495 3607 1551 numquam
3627 1483 3781 1538 sciet.

2205 1563 2332 1619 Haec
2361 1574 2415 1620 et
2445 1568 2622 1636 pueris
2648 1568 2848 1623 nostris
2871 1568 3111 1625 dicamus
3129 1611 3142 1636 ,
3182 1580 3235 1626 et
3260 1572 3310 1626 in
3341 1573 3486 1628 mille
3514 1575 3786 1632 mittamus

2200 1657 2590 1724 generationes,
2619 1667 2674 1713 et
2699 1673 2886 1714 omnes
2911 1660 3140 1728 discant,
3165 1664 3434 1732 quomodo
3459 1665 3704 1721 diabolus
3728 1678 3784 1722 et

2199 1745 2429 1801 civitatis
2472 1748 2644 1802 solum
2672 1749 2856 1806 delere
2881 1751 3168 1818 studuerit,
3211 1763 3264 1809 et
3303 1758 3569 1826 quomodo
3612 1760 3782 1830 ipsam

2204 1836 2344 1892 Deus
2371 1839 2571 1909 lapsam
2602 1851 2656 1897 et
2679 1842 2944 1911 iacentem
2969 1860 3155 1900 rursus
3179 1847 3383 1916 erigere
3408 1851 3660 1918 potuerit,
3689 1867 3784 1908 ne-

2198 1945 2301 1999 que
2333 1931 2494 1986 ullum
2524 1934 2629 2004 pati
2659 1934 2912 1990 damnum
2939 1939 3283 2006 concesserit,
3310 1939 3377 1995 ad
3408 1942 3507 1996 hoc
3533 1952 3589 1997 et
3627 1944 3783 1998 timo-

2197 2039 2310 2077 rem
2338 2025 2645 2093 sustulerit,
2675 2036 2730 2082 et
2754 2029 3017 2097 repulerit
3045 2046 3164 2084 cum
3193 2033 3358 2086 multa
3384 2033 3659 2089 celeritate
3687 2051 3783 2104 pe-

2197 2116 2442 2171 riculum.
2461 2118 2670 2174 Etenim
2691 2121 3019 2177 hebdomada
3043 2127 3306 2193 praeterita
3329 2125 3604 2183 facultates
3619 2129 3778 2200 diripi

2195 2221 2382 2262 omnes
2406 2210 2844 2279 exspectabamus
2865 2253 2882 2278 ,
2912 2220 2968 2268 et
2997 2214 3194 2269 milites
3225 2216 3379 2270 nobis
3423 2219 3630 2273 immitti
3657 2260 3675 2285 ,
3723 2230 3780 2274 et

2196 2295 2400 2351 inlinita
2428 2299 2531 2353 alia
2558 2301 2694 2354 mala
2721 2302 3154 2371 suspicabamur;
3187 2305 3282 2361 sed
3309 2322 3434 2361 ecce
3473 2309 3559 2362 illa
3599 2311 3780 2365 omnia

2193 2389 2584 2458 prmterierunt,
2617 2401 2887 2462 tamquam
2915 2393 3104 2461 nubes,
3140 2405 3195 2450 et
3208 2397 3552 2453 velutumbra
3565 2406 3778 2466 praeter-

2197 2482 2336 2548 iens,
2399 2490 2452 2535 et
2480 2481 2594 2538 sola
2633 2483 2994 2539 calamitatum
3036 2487 3432 2556 exspectatione
3477 2490 3644 2558 puniti
3687 2504 3779 2545 su-

2192 2585 2341 2637 mus;
2388 2573 2496 2628 imo
2541 2590 2672 2632 vero
2713 2591 2814 2632 nec
2861 2579 3028 2648 puniti
3072 2594 3277 2646 sumus,
3319 2579 3414 2635 sed
3451 2583 3679 2638 correcti
3723 2593 3780 2640 et

2191 2663 2442 2720 meliores
2482 2663 2648 2734 facti,
2691 2668 2814 2739 quia
2841 2670 2981 2725 Deus
3005 2670 3349 2740 Imperatoris
3375 2687 3471 2727 eor
3493 2675 3774 2731 emollivit.

2193 2753 2441 2811 Dicamus
2467 2756 2626 2826 igitur
2649 2772 2864 2828 semper
2882 2769 2937 2816 et
2957 2761 3192 2831 quotidie
3223 2781 3236 2817 :
3263 2763 3582 2820 Benedictus
3609 2766 3774 2834 Deus,

2191 2857 2246 2903 et
2271 2863 2394 2904 cum
2422 2851 2610 2922 majori
2637 2853 2812 2907 studio
2832 2855 3020 2926 synaxi
3043 2870 3311 2920 vacemus,
3337 2865 3392 2913 et
3415 2873 3689 2915 curramus
3709 2861 3778 2916 ad

2193 2939 2475 2996 ecclesiam
2497 2984 2513 3010 ,
2541 2941 2685 2998 unde
2711 2944 2991 3000 utilitatem
3030 2954 3231 3000 tantam
3269 2947 3593 3018 accepimus.
3619 2950 3779 3004 Scitis

2189 3031 2332 3086 enim
2373 3033 2442 3088 ab
2480 3034 2630 3088 initio
2675 3050 2783 3106 quo
2821 3036 3200 3108 confugeritis,
3240 3054 3345 3109 quo
3376 3042 3777 3107 concurreritis,

2190 3122 2332 3178 unde
2359 3122 2496 3179 facta
2539 3125 2608 3180 sit
2649 3126 2805 3182 nobis
2833 3127 2998 3183 salus.
3031 3128 3335 3184 Teneamus
3375 3130 3536 3200 igitur
3567 3146 3777 3186 sacram

2188 3227 2477 3282 ancoram,
2515 3225 2570 3270 et
2611 3217 2747 3272 sicut
2777 3217 2835 3272 in
2866 3228 3104 3288 tempore
3131 3221 3484 3290 periculorum
3527 3236 3625 3276 nos
3668 3238 3777 3276 non

2189 3305 2442 3374 prodidit,
2472 3307 2550 3361 sic
2575 3323 2747 3378 neque
2775 3323 2874 3364 nos
2903 3309 3072 3379 ipsam
3097 3311 3148 3364 in
3179 3319 3418 3382 tempore
3443 3313 3778 3368 remissionis

2189 3396 2587 3468 relinquamus;
2630 3399 2727 3454 sed
2774 3414 2896 3455 cum
2940 3414 3068 3455 cura
3106 3417 3432 3467 maneamus,
3457 3412 3512 3458 et
3540 3403 3778 3473 quotidie

2189 3485 2444 3543 faciamus
2486 3500 2782 3544 conventus
2823 3505 3147 3562 precesque,
3181 3493 3459 3563 divinaque
3497 3493 3778 3549 audiamus

2191 3576 2401 3648 eloquia
2427 3595 2441 3632 :
2472 3589 2526 3633 et
2554 3579 2696 3650 quod
2726 3579 3166 3650 impendebamus
3198 3583 3364 3637 otium
3395 3593 3696 3653 satagentes
3721 3593 3776 3639 et

2187 3671 2398 3726 curiose
2424 3673 2776 3742 sciscitantes,
2796 3689 2827 3729 e
2849 3674 3040 3729 castris
3060 3676 3326 3745 profectos
3348 3675 3775 3730 circumcurren-

2187 3768 2290 3829 tes,
2322 3778 2417 3832 pro
2443 3765 2759 3821 instantibus
2788 3765 2944 3821 malis
2971 3781 3154 3822 curam
3185 3777 3448 3837 gerentes,
3479 3768 3580 3823 hoc
3603 3779 3773 3823 totum

2187 3855 2394 3912 divinas
2436 3857 2579 3928 leges
2621 3858 2886 3914 audiendo
2928 3859 3333 3928 impendamus,
3370 3875 3473 3915 non
3514 3871 3690 3916 autem
3721 3862 3773 3915 in

2190 3946 2522 4015 importunas
2564 3958 2620 4004 et
2667 3949 2880 4005 inutiles
2919 3950 3364 4015 exercitationes,
3397 3966 3464 4005 ne
3500 3966 3686 4007 rursus
3719 3953 3774 4010 in

2187 4038 2330 4094 illius
2355 4039 2554 4109 negotii
2581 4041 2953 4096 necessitatem
2985 4056 3081 4097 nos
3110 4043 3254 4112 ipsos
3279 4043 3600 4113 redigamus.

2255 4129 2310 4185 2.
2340 4130 2529 4185 Tribus
2559 4132 2717 4202 igitur
2745 4133 3024 4202 prazteritis
3049 4134 3235 4189 diebus
3260 4150 3422 4188 unum
3447 4136 3776 4205 cognitionis

2188 4224 2280 4278 Dei
2311 4224 2524 4277 modum
2553 4226 2940 4294 quaerebamus,
2968 4227 3247 4296 ipsumque
3276 4228 3326 4282 in
3355 4227 3512 4283 ﬁnem
3539 4229 3774 4285 deduxi-

2190 4328 2328 4376 mus,
2362 4313 2771 4383 interpretantes
2794 4357 2810 4383 ,
2852 4317 3119 4386 quomodo
3155 4318 3280 4373 (ἕωιὶ
3308 4331 3517 4373 narrant
3557 4322 3774 4392 gloriam

2187 4402 2283 4457 Dei
2310 4404 2329 4475 (
2346 4403 2487 4459 Psal.
2521 4406 2604 4460 18.
2636 4403 2710 4478 2)
2736 4423 2748 4458 :
2777 4416 2832 4462 et
2857 4409 3012 4478 quale
3040 4409 3250 4463 tandem
3280 4411 3349 4465 sit
3371 4411 3514 4466 Pauli
3546 4413 3769 4479 dictum,

2185 4495 2212 4550 I
2221 4498 2468 4551 nvisibilia
2489 4498 2644 4568 ipsius
2660 4516 2690 4551 a
2708 4509 2935 4553 creatura
2951 4502 3127 4554 mundi
3150 4519 3239 4571 per
3258 4520 3334 4568 ea,
3353 4520 3468 4573 qua:
3485 4508 3620 4576 facta
3634 4515 3772 4572 sunt,

2183 4586 2438 4640 intellecta
2464 4592 2844 4656 conspiciuntur
2871 4589 2889 4661 (
2914 4589 3062 4644 Rom.
3098 4594 3149 4646 1.
3179 4593 3288 4662 20)
3318 4611 3330 4646 :
3361 4604 3414 4649 et
3439 4594 3774 4650 demonstra-

2185 4677 2396 4745 vimus,
2423 4680 2691 4748 quomodo
2717 4695 2744 4732 a
2774 4690 3014 4737 creatura
3043 4683 3222 4737 mundi
3249 4725 3262 4744 .
3297 4694 3352 4739 et
3375 4686 3647 4753 quomodo
3677 4702 3774 4754 per

2184 4767 2375 4826 caelum
2406 4778 2460 4824 et
2486 4776 2681 4824 terram
2710 4779 2764 4825 et
2801 4787 2949 4826 mare
2978 4771 3195 4828 Creator
3219 4775 3563 4844 gloriﬁcatur.
3605 4778 3774 4833 lludie

2183 4875 2312 4915 vero
2333 4859 2605 4931 paulisper
2624 4862 2676 4917 in
2697 4861 2834 4917 hanc
2854 4879 3063 4918 rursum
3087 4865 3442 4936 philosophati
3469 4870 3770 4936 materiam,

2185 4951 2253 5005 ad
2298 4952 2460 5005 alium
2499 4952 2842 5008 transibimus
2881 4969 3183 5010 sermonem
3214 4975 3228 5011 :
3260 4973 3363 5011 non
3397 4961 3541 5013 enim
3567 4967 3774 5012 tantum

2183 5043 2309 5099 fecit
2328 5043 2603 5109 mundum,
2630 5045 2726 5100 sed
2746 5046 2906 5100 etiam
2929 5057 2984 5101 ut
3013 5049 3180 5104 factus
3205 5060 3536 5120 operaretur,
3558 5050 3773 5108 effecit:

2183 5149 2358 5206 neque
2385 5143 2554 5190 totum
2581 5135 2906 5192 immobilem
2935 5137 3209 5194 dimittens
3235 5180 3250 5205 ,
3279 5155 3453 5209 neque
3482 5149 3652 5195 totum
3678 5141 3771 5211 ju-

2185 5227 2319 5283 bens
2345 5227 2549 5283 moveri
2573 5268 2588 5291 ,
2621 5229 2714 5282 sed
2739 5229 2932 5287 caelum
2961 5230 3177 5300 quidem
3208 5232 3487 5287 immotum
3517 5248 3772 5303 perman-

2183 5320 2274 5386 sit,
2301 5320 2439 5376 sicut
2463 5318 2720 5389 propheta
2751 5320 2920 5389 inquit
2949 5337 2962 5374 :
2990 5321 3092 5388 Qui
3119 5322 3291 5375 statuit
3315 5323 3494 5376 cwlum
3519 5333 3774 5392 tamquam

2185 5411 2505 5476 testudinem,
2532 5419 2579 5464 et
2605 5410 2824 5465 extendit
2850 5411 3018 5482 ipsum
3045 5423 3300 5484 tamquam
3329 5415 3596 5469 tentorium
3621 5431 3778 5485 super

2183 5513 2368 5560 terram
2389 5503 2409 5576 (
2430 5502 2555 5560 Isai.
2576 5503 2665 5559 40.
2687 5503 2791 5573 22)
2820 5521 2834 5560 :
2863 5505 2942 5559 sol
2969 5521 3097 5561 vero
3115 5522 3237 5563 eum
3267 5507 3486 5579 reliquis
3508 5507 3777 5564 sideribus

2183 5595 2422 5665 quotidie
2447 5594 2614 5650 currit
2642 5611 2657 5648 :
2689 5605 2743 5649 et
2771 5610 2983 5650 rursum
3017 5605 3157 5651 terra
3189 5598 3290 5652 lixa
3320 5606 3404 5654 est
3422 5638 3438 5664 ,
3464 5613 3618 5678 aqua:
3645 5613 3778 5654 vero

2190 5704 2405 5760 semper
2429 5697 2711 5744 moventur
2738 5706 2754 5742 :
2785 5703 2884 5744 nec
2909 5704 3062 5760 aqua:
3090 5699 3289 5745 tantum
3318 5731 3333 5757 ,
3366 5691 3458 5746 sed
3483 5698 3537 5746 et
3566 5691 3735 5746 nubes
3759 5732 3776 5759 ,

2185 5791 2239 5839 et
2269 5783 2471 5840 imbres
2503 5783 2808 5855 frequentes
2850 5793 2903 5838 et
2943 5783 3235 5839 successivi
3278 5791 3516 5854 tempore
3561 5783 3775 5854 proprie
