4112 6388
302 318 406 377 127
1316 328 1409 383 AD
1439 323 1769 386 POPULUM
1811 325 2307 387 ANTIOCIIENUM
2347 325 2581 384 HOMlL.
2626 325 2738 382 XII.
3646 322 3756 383 πεδ’

301 456 508 510 σωμεν.
545 439 760 511 Ἑπιδὴ
786 439 893 510 γὰρ
911 439 980 495 τὰ
1010 441 1120 496 τῶν
1157 441 1385 514 πλησίον
1416 443 1668 516 ὀξύτερον
1699 445 1968 516 βλέπομεν
2073 445 2169 516 τὴν
2200 443 2361 514 ἁγίαν
2389 441 2592 512 ταύτην
2623 442 2864 512 ἔλθωμεν
2896 440 3108 516 ἐορτὴν,
3138 440 3232 495 καὶ
3261 440 3361 510 τῆς
3392 441 3552 510 ἁγίας
3581 443 3746 512 μετά-

287 526 336 596 ηῆ
361 527 430 580 τὰ
455 527 719 598 ἡμέτερα,
747 530 908 599 ἡμεῖς
941 529 1161 600 ἑτέρους
1184 531 1560 604 φυλάττωμεν,
1591 533 1682 586 καὶ
1706 533 1805 605 τὴν
1833 535 1971 604 ἡμε-
2073 549 2290 602 σχωμεν
2339 529 2530 594 θυσίας
2571 530 2709 600 μετὰ
2738 530 2984 601 χρηστῆς
3024 529 3257 593 ἐλπίδος,
3301 529 3394 582 καὶ
3447 527 3752 594 συνειδότος

298 613 466 685 τέραν
509 615 751 687 φυλακήν
792 617 1172 688 ἐπιτρέψωμεν
1228 619 1486 684 ἐκείνοις,
1529 621 1624 673 καὶ
1664 619 1763 691 τὴν
1800 619 1970 691 καλὴν
2071 617 2299 685 ἀγαθοῦ,
2329 618 2512 688 χάριτι
2538 618 2630 670 καὶ
2661 617 3040 689 φιλανθρωπίᾳ.
3075 616 3170 670 τοῦ
3211 616 3416 688 Κυρίου
3445 615 3606 687 ἡμῶν
3644 616 3751 687 ’1η-

299 701 533 772 ᾶμιλλαν
576 703 780 774 ταύτην
827 705 1200 775 ποιησώμεθα,
1243 707 1330 759 ἵνα
1370 707 1513 761 οὕτω
1560 708 1968 778 περιγενόμενοι
2075 706 2169 760 σοῦ
2200 705 2458 776 Χριστοῦ,
2492 705 2559 759 δι’
2589 699 2649 761 οῦ
2684 705 2777 758 καὶ
2805 704 2924 776 μεθ’
2972 699 3032 759 οὗ
3074 703 3151 775 τῷ
3183 704 3357 774 Πατρὶ
3396 705 3430 775 ἡ
3471 701 3600 770 δόξα
3632 701 3752 772 ἃμα

297 787 399 860 τῆς
417 791 654 860 πονηρᾶς
673 790 874 861 ταύτης
903 791 1190 862 συνηθείας
1207 793 1381 866 ,[125]
1404 795 1542 865 μετὰ
1557 794 1864 867 παρρησίας
1877 794 1969 848 ἐπὶ
2071 793 2150 865 τῷ
2181 793 2320 866 ἁγίῳ
2347 792 2648 865 Πνεύματι,
2672 795 2752 858 είς
2776 795 2901 857 τοὺς
2920 792 3121 856 αἰῶνας
3149 791 3258 845 τῶν
3281 791 3511 845 αἰώνων.
3551 791 3746 862 Ἀμήν.

303 1007 430 1060 Ἔτι
465 1007 821 1075 εὐχαριστία
863 1009 1014 1077 πρὸς
1051 1009 1158 1063 τὸν
1191 1010 1339 1066 Θεὸν⁴
1366 1010 1498 1079 περὶ
1532 1009 1643 1079 τῆς
1671 1011 2110 1080 συγχωρήσεως
2172 1009 2289 1067 τῶν
2313 1011 2741 1080 ἡμαρτηκότων
2794 1012 2881 1077 είς
2901 1009 3006 1065 τὸν
3045 1010 3346 1075 βασιλέα·
3392 1009 3491 1064 καὶ
3544 1026 3754 1080 gumo-

373 1099 546 1168 λογία
577 1098 710 1167 περὶ
746 1099 859 1168 τῆς
888 1101 1142 1167 κτίσεως
1160 1118 1177 1133 ο
1202 1102 1301 1157 καί
1331 1102 1422 1156 ὅτι
1446 1101 1706 1170 ποιήσας
1731 1105 1764 1157 ὁ
1788 1103 1932 1168 Θεὸς
1953 1102 2060 1158 τὸν
2091 1102 2405 1172 ἄνθρωπον
2446 1104 2634 1172 νόμον
2681 1101 2945 1171 φυσικόν
2975 1101 3372 1172 ἐπι-κατέθηκεν
3407 1101 3600 1168 αὐτῷ·
3653 1101 3761 1158 και-

370 1192 505 1260 περὶ
539 1190 647 1246 τοῦ
682 1190 854 1260 πάσῃ
882 1192 1128 1263 σπουδῇ
1155 1195 1484 1263 ἀπέχεσθαι
1518 1193 1635 1249 τῶν
1665 1194 1877 1264 ὅρκων.

960 1394 1193 1464 σομιλία
1227 1397 1322 1460 ιβ,
1680 1405 1684 1408 -
2084 1376 2179 1430 τοῦ
2207 1373 2392 1464 ἰατροῦ
2420 1373 2517 1445 τὴν
2542 1375 2754 1464 τέχνην.
2783 1374 2826 1426 Τ
2831 1371 2978 1464 αῦταέ
3006 1372 3100 1428 καὶ
3137 1373 3272 1464 πρὸς
3294 1373 3420 1436 τοὺς
3451 1372 3644 1464 παῖδας
3665 1371 3758 1428 λέο

2077 1479 2261 1533 γωμεν
2287 1463 2414 1525 τοὺς
2437 1460 2762 1532 ἡμετέρους,
2796 1460 2891 1514 καὶ
2930 1461 3010 1524 είς
3054 1460 3253 1531 μυρίας
3295 1459 3754 1529 παραπέμπωμεν

370 1553 439 1599 α’.
475 1545 585 1599 Καὶ
614 1545 739 1616 χθὲς
768 1542 940 1612 εἷπον,
961 1549 1262 1620 Εὐλογητὸς
1291 1553 1318 1603 6
1341 1550 1492 1616 Θεὸς,
1527 1553 1622 1605 καὶ
1657 1552 1896 1624 σήμερον
1919 1551 1978 1605 τὸ
2076 1550 2287 1618 γενεὰς,
2320 1548 2407 1602 ἵνα
2441 1546 2686 1616 μάθωσιν
2716 1547 2954 1612 ἅπαντες
3013 1546 3130 1610 πῶς
3154 1545 3484 1600 ἐσπούδασεν
3516 1548 3544 1598 6
3575 1544 3756 1598 διάϐο-

297 1632 435 1686 αύτὸ
471 1633 627 1687 τοῦτο
660 1634 822 1687 πάλιν
860 1635 989 1707 ἐρῶ.
1016 1637 1077 1689 Εί
1104 1637 1211 1708 γὰρ
1250 1640 1345 1690 καὶ
1381 1637 1448 1691 τὰ
1487 1640 1636 1692 δεινὰ
1668 1640 1974 1711 παρῆλθεν,
2077 1637 2167 1699 λος
2197 1635 2372 1688 καὶτὸ
2398 1633 2591 1703 ἔδαφος
2629 1634 2887 1703 ἀφανίσαι
2919 1634 3017 1705 τῆς
3063 1633 3291 1698 πόλεως,
3329 1633 3424 1686 καί
3457 1632 3572 1696 πῶς
3599 1633 3754 1703 ἴσχυ-

297 1720 414 1772 ἀλλ’
450 1722 483 1791 ἡ
527 1723 715 1792 μνήμη
750 1723 858 1777 τῶν
882 1722 1072 1778 δεινῶν
1100 1724 1174 1796 μή
1205 1726 1582 1797 παρερχέσθω,
1631 1728 1728 1797 οὐχ
1767 1728 1854 1780 ἵνα
1882 1729 1976 1781 ἁλ-
2081 1741 2170 1776 σεν
2204 1724 2230 1774 6
2267 1722 2398 1786 Θεὸς
2445 1725 2794 1776 πεπτωκυῖαν
2829 1723 2998 1794 αὐτὴν
3027 1723 3120 1776 καὶ
3159 1722 3418 1792 κειμένην
3466 1722 3552 1774 ἐπ’
3599 1721 3756 1791 ὄψεσι

299 1808 505 1877 γῶμεν.
544 1808 654 1862 ἀλλ’
686 1810 772 1863 ἵνα
804 1811 1236 1882 εὐχαριστῶμεν.
1287 1813 1412 1867 Ἐὰν
1446 1813 1554 1886 γὰρ
1583 1816 1616 1885 ἡ
1647 1816 1835 1885 μνήμη
1865 1815 1975 1868 τῶν
2081 1812 2275 1880 στῆσαι
2301 1809 2484 1875 πάλιν,
2535 1810 2628 1861 καὶ
2669 1809 2804 1880 μηδὲ
2839 1809 2938 1880 τὴν
2975 1808 3244 1880 τυχοῦσαν
3282 1808 3634 1880 συγχωρῆσαι
3666 1824 3758 1876 γε-

297 1893 488 1946 δεινῶν
511 1897 664 1970 μένῃ,
695 1898 728 1966 ἡ
760 1899 919 1967 πεῖρα
956 1898 1064 1952 τῶν
1097 1899 1284 1952 δεινῶν
1325 1901 1566 1954 οὐδέποτ’
1596 1903 1974 1974 ἐπιστήσεται.
2079 1898 2263 1952 νέσθαι
2292 1897 2515 1967 βλάϐην,
2550 1897 2684 1948 ἀλλὰ
2715 1898 2808 1949 καὶ
2840 1897 2934 1949 τὸν
2975 1897 3139 1966 φόϐον
3161 1897 3359 1962 ἀνεῖλε,
3398 1897 3493 1950 καὶ
3527 1896 3619 1950 τὸν
3643 1897 3761 1949 κίν-

299 1981 370 2034 Τί
398 1983 507 2052 γὰρ
542 1983 622 2035 δεῖ
649 1985 748 2054 τῆς
780 1986 995 2056 πείρας.
1021 1987 1118 2057 τῆς
1161 1988 1382 2059 μνήμης
1416 1990 1562 2060 ἡμᾶς
1605 1990 1975 2061 σωφρονιζού-
2077 1985 2228 2037 δυνον
2251 1983 2626 2054 ἀπεκρούσατο
2661 1983 2798 2053 μετὰ
2818 1983 3012 2036 πολλοῦ
3035 1981 3127 2036 τοῦ
3165 1985 3382 2054 τάχους.
3418 1986 3529 2039 Καὶ
3553 1985 3663 2056 γὰρ
3688 1987 3756 2055 τῇ

300 2084 439 2140 σηςς
478 2070 685 2142 ’Ὠσπερ
711 2069 803 2124 οὖν
839 2075 940 2125 οὐκ
975 2075 1186 2144 ἀφῆκεν
1225 2078 1374 2146 ἡμᾶς
1404 2077 1433 2128 6
1473 2078 1603 2140 Θεὸς
1639 2095 1975 2131 καταποντι-
2079 2071 2425 2143 παρελθούσῃ
2463 2070 2724 2140 ἐϐδομάδι
2771 2070 2868 2134 τὰς
2913 2071 3098 2134 οὐσίας
3134 2071 3466 2142 δημεύεσθαι
3499 2072 3754 2136 προσεδο-

301 2156 498 2224 σθῆναι
523 2159 805 2234 παρόντων
843 2161 954 2214 τῶν
991 2161 1273 2232 λυπηρῶν,
1313 2163 1453 2216 οὓτω
1482 2165 1555 2236 μὴ
1585 2165 1814 2236 ἀφῶμεν
1855 2167 1980 2218 ἑαυ-
2082 2160 2267 2230 κῶμεν
2296 2159 2557 2221 ἅπαντες,
2593 2159 2687 2212 καὶ
2729 2157 3067 2228 στρατιώτας
3106 2160 3236 2229 ἡμῖν
3279 2160 3630 2229 ἐπαφίεσθαι.
3662 2162 3754 2212 καὶ

286 2247 428 2308 ’τοὺς
486 2247 781 2319 ἐκλυθῆναι,
835 2251 1216 2319 παρελθόντων
1284 2253 1526 2308 ἐκείνων.
1596 2255 1979 2325 Παρεκάλεσεν
2083 2248 2254 2319 μυρία
2303 2247 2466 2317 ἕτερα
2513 2244 2978 2316 ὠνειροπολοῦμεν
3029 2246 3208 2300 δεινά·
3265 2248 3378 2301 ἀλλ’
3428 2247 3537 2301 ίδοὺ
3579 2247 3759 2328 πάντα

301 2333 451 2401 ἡμᾶς
481 2334 820 2404 ἀθυμοῦντας
840 2337 984 2402 τότε,
1015 2339 1498 2412 εὐχαριστήσωμεν
1526 2340 1673 2411 αὐτῷ
1700 2343 1980 2413 χαίροντες
2081 2338 2262 2389 ἐκεῖνα
2299 2334 2597 2404 παρῆλθεν,
2637 2335 2824 2404 ὥσπερ
2854 2333 3013 2402 νέφος
3054 2335 3148 2387 καὶ
3187 2332 3376 2406 ῶσπερ
3421 2336 3552 2389 σκιά
3578 2351 3760 2408 παρα·

301 2421 428 2472 νῦν·
461 2424 884 2494 παρεμυθήσατο
912 2425 1275 2497 ὀδυνωμένους
1333 2429 1426 2480 καὶ
1464 2429 1524 2480 οὐ
1556 2429 1856 2500 προέδωκε.
1903 2433 1978 2500 μὴ
2081 2424 2374 2494 τρέχουσα,
2416 2423 2510 2475 καὶ
2546 2425 2612 2494 τῇ
2669 2421 2968 2493 προσδοκίᾳ
3000 2421 3108 2475 τῶν
3151 2423 3344 2476 δεινῶν
3382 2423 3759 2494 ἐκολάσθημεν

299 2507 480 2573 τοίνυν
508 2509 642 2579 μηδέ
665 2513 822 2580 ἡμεῖς
853 2513 1077 2577 ἑαυτοὺς
1105 2515 1532 2586 εύθηνουμένους
1576 2515 1979 2586 προδῶμεν,είς
2085 2513 2274 2581 μόνον·
2310 2510 2509 2581 μᾶλλον
2541 2511 2600 2563 δὲ
2632 2509 2732 2562 οὐκ
2765 2508 3154 2580 ὲκολάσθημεν,
3197 2510 3336 2564 ἀλλὰ
3381 2512 3474 2564 καὶ
3512 2511 3764 2566 ἐπαιδεύ-

303 2593 577 2666 ῥᾳθυμία-ι
625 2599 990 2664 ἐκκλίνοντες·
1031 2602 1345 2671 Μνήσθητι
1377 2603 1486 2673 γὰρ
1530 2602 1738 2670 καιρὸν
1778 2603 1975 2672 λιμοῦ,
2083 2597 2257 2668 θημεν
2301 2598 2396 2652 καὶ
2433 2597 2673 2667 βελτίους
2720 2597 3049 2668 γεγόναμεν,
3096 2597 3192 2652 τοῦ
3222 2598 3356 2652 Θεοῦ
3390 2597 3487 2670 τὴν
3533 2600 3763 2670 καρδίαν

303 2683 490 2750 φησὶν,
527 2683 597 2736 ἐι·
639 2685 823 2754 ἡμέρα
853 2689 1236 2759 πλησμονῆς.
1273 2689 1617 2761 Μνησθῶμεν
1648 2684 1741 2743 οῦν
1787 2689 1979 2760 καιρὸν
2079 2686 2175 2739 τοῦ
2217 2685 2480 2754 βασιλέως
2529 2684 2889 2755 μαλάξαντος.
2940 2685 3202 2755 Δέγωμεν
3246 2685 3425 2739 τοίνυν
3473 2685 3762 2753 διαπαντὸς

304 2769 613 2841 πειρασμοῦ
659 2773 751 2825 καὶ
786 2775 944 2844 ἡμεῖς
974 2777 1030 2828 έν
1071 2777 1252 2848 ἡμέρα
1293 2778 1556 2841 ἀνέσεως·
1614 2779 1708 2830 καὶ
1745 2778 1838 2830 ἐπὶ
1868 2778 1977 2831 τῶν
2081 2775 2177 2826 καὶ
2205 2773 2328 2828 καθ’
2362 2774 2597 2844 ἡμέραν,
2635 2771 2940 2841 Εὐλογητὸς
2969 2774 2997 2824 6
3027 2770 3182 2836 Θεὸς,
3227 2773 3323 2827 καὶ
3346 2773 3485 2844 μετὰ
3519 2773 3764 2839 πλείονος

304 2855 718 2929 ἁμαρτημάτων
751 2861 809 2914 δὲ
843 2863 903 2916 τὸ
936 2864 1066 2918 αὐτὸ
1093 2865 1250 2918 τοῦτο
1280 2865 1544 2936 ποιῶμεν.
1580 2867 1697 2919 Κᾶν
1728 2865 1981 2936 ἁμάρτῃς
2083 2860 2320 2932 σπουδῆς
2346 2863 2413 2932 τῇ
2446 2859 2661 2926 συνάξει
2699 2858 3072 2930 προσέχωμεν,
3101 2861 3195 2914 καί
3222 2861 3360 2932 πρὸς
3393 2861 3492 2932 τὴν
3535 2862 3760 2932 Ἐκκλη-
3839 2885 3842 2892 ·

305 2943 405 2995 καὶ
463 2949 794 3020 συγχωρήσῃ
836 2967 917 3003 σοι
967 2951 1067 3022 τὴν
1119 2953 1398 3024 ἁμαρτίαν
1451 2955 1480 3006 6
1528 2952 1680 3017 Θεὸς,
1732 2953 1830 3024 τὴν
1883 2953 1982 3022 μὲν
2084 2947 2205 3002 σίαν
2227 2948 2532 3019 τρέχωμεν,
2558 2945 2679 3000 ὅθεν
2711 2946 3154 3020 ἐκαρπωσάμεθα
3177 2947 3274 3020 τὴν
3298 2949 3588 3018 ὠφέλειαν.
3618 2949 3734 3003 Ἰστ

307 2967 405 2995 και
463 2967 794 3020 συγχωρήσῃ
836 2967 917 3003 σοι
967 2967 1067 3022 την
1119 2967 1398 3024 αμαρτιαν
1451 2967 1480 3006 ο
1528 2967 1680 3017 υεος,
1732 2967 1830 3024 την
1883 2967 1982 3022 μεν
2084 2967 2205 3002 σιαν
2227 2967 2679 3019 τρεχωμεν,οοεν
2711 2967 3154 3020 εκαρπωσαμευα
3177 2967 3274 3020 την
3298 2967 3588 3018 ωφεΛειαν.
3619 2967 3734 3003 ἰστ

307 3031 653 3104 συγχώρησιν
674 3037 820 3103 δέξαι
878 3041 972 3092 καὶ
1024 3041 1438 3113 εὐχαρίστησον,
1469 3040 1570 3111 τῆς
1608 3040 1666 3094 δὲ
1707 3041 1984 3112 ἁμαρτίας
2083 3035 2190 3106 γὰρ
2233 3038 2290 3088 ἐν
2320 3037 2460 3107 ἀρχῇ
2493 3034 2597 3130 ⁷ξοῦ
2635 3034 2990 3130 »ξατεφύγεῗν
3018 3036 3142 3130 ,ποῖξ
3171 3036 3560 3130 συνεδράμεξεν
3595 2967 3841 3130 ταίθῇ
3880 3063 3889 3076 ’

310 3121 390 3192 μὴ
427 3123 676 3196 ἐπιλάθῃ,
706 3129 801 3197 οὔχ
848 3128 935 3181 ἵνα
980 3130 1172 3182 σαυτὸν
1211 3129 1562 3203 κατατρύχῃς
1601 3129 1679 3202 τῷ
1716 3129 1980 3200 λογισμῷ,
2082 3125 2216 3193 ἡμῖν
2249 3126 2281 3193 ὴ
2317 3121 2561 3193 σωτηρία
2605 3121 2848 3191 γέγονεν.
2906 3121 3187 3194 Ἐχώμεθα
3227 3125 3408 3179 τοίνυν
3453 3127 3552 3195 τῆς
3610 3127 3786 3197 ἱερᾶτο-

306 3209 427 3263 ἀλλ’
462 3211 546 3265 ἵνα
578 3213 677 3283 τὴν
715 3215 891 3285 ψυχὴν
944 3215 1239 3288 παιδεύσῃς
1280 3217 1355 3289 μὴ
1387 3220 1613 3289 σκιρτᾷν
1656 3217 1791 3289 μηδὲ
1825 3234 1982 3289 περι·
2084 3210 2352 3281 ἀγκύρας.
2386 3210 2478 3263 καὶ
2516 3208 2764 3281 καθάπερ
2787 3210 2844 3262 ἐν
2876 3209 2952 3280 τῷ
2982 3210 3159 3282 καιρῷ
3181 3211 3291 3265 τῶν
3325 3211 3585 3267 κινδύνων
3615 3214 3765 3285 ἡμᾶς
3867 3276 3870 3280 ι

308 3298 532 3351 πίπτειν
563 3301 721 3354 πάλιν
742 3305 854 3365 τοῖς
876 3304 1072 3366 αὐτοῖς.
1104 3303 1258 3358 Οὕτω
1285 3307 1378 3358 καὶ
1402 3307 1430 3358 6
1453 3303 1668 3369 Παῦλος
1692 3304 1948 3374 ἐποίησεν
1967 3321 1981 3336 ·
2084 3300 2144 3350 οὗ
2170 3296 2498 3368 προέδωκεν,
2525 3295 2666 3348 οὕτω
2699 3295 2834 3365 μηδὲ
2868 3297 3026 3366 ἡμεῖς
3061 3297 3229 3368 αὐτὴν
3253 3300 3310 3352 ἐν
3347 3299 3427 3369 τῷ
3452 3299 3628 3371 καιρῷ
3662 3301 3763 3371 τῆς

309 3386 481 3439 εξπὼν
506 3389 614 3458 γὰρ
646 3389 746 3448 ὅτι,
781 3393 1005 3445 maza-
1030 3407 1108 3459 με
1147 3391 1421 3460 ἡγήσατο
1448 3391 1696 3462 θέμενος
1733 3395 1821 3458 εἰς
1856 3390 1984 3445 δια-
2086 3385 2334 3446 ἀνέσεως
2402 3383 2831 3452 καταλίπωμεν,
2889 3382 3026 3436 ἀλλὰ
3088 3384 3356 3455 μείνωμεν
3417 3387 3553 3455 μετὰ
3606 3390 3766 3460 ἀκρι-

310 3475 544 3537 κογίαν,
597 3477 868 3547 ἐπήγαγε.
925 3477 1042 3532 Τὸν
1078 3480 1368 3546 πρότερον
1417 3479 1562 3532 ὄντα
1608 3479 1987 3546 ,ϐλάσφημον
2089 3471 2243 3533 θείας
2271 3509 2285 3532 .
2352 3471 2447 3522 καὶ
2506 3467 2604 3531 τὰς
2660 3467 2907 3532 συνάξεις
2970 3469 3064 3522 καὶ
3124 3470 3224 3533 τὰς
3293 3470 3458 3542 εὐχὰς
3521 3475 3614 3527 καὶ
3665 3474 3766 3546 τὴν

309 3560 412 3612 καὶ
450 3562 705 3629 διώκτην
731 3565 825 3617 καὶ
859 3565 1170 3633 ὑϐριστήν.
1215 3565 1704 3634 Ἐκπομπευέσθω,
1743 3565 1928 3635 φησὶν,
1959 3567 1987 3617 ὁ
2085 3557 2194 3610 τῶν
2234 3557 2393 3610 θείων
2450 3555 2644 3623 λογίων
2705 3554 2967 3626 ἀκρόασιν
3024 3555 3306 3628 ποιώμεθα
3354 3558 3474 3613 καθ’
3528 3561 3765 3633 ἡμέραν,

312 3646 429 3715 βίος
450 3649 541 3702 τοῦ
566 3651 905 3712 οἱκέτου,ἴνα
926 3656 1064 3724 φανῇ
1093 3654 1125 3724 ἡ
1159 3651 1535 3723 φιλανθρωπία
1564 3652 1658 3704 τοῦ
1687 3652 1983 3706 Δεσπότου.
2089 3645 2181 3697 καὶ
2213 3642 2540 3718 τὴνσχολὴν
2574 3643 2639 3711 ἣν
2675 3641 3038 3712 ἀνηλίσκομεν
3073 3645 3577 3716 περιεργαζόμενοι,
3610 3648 3768 3701 πολυ-

310 3734 378 3786 Eg
400 3737 506 3807 γὰρ
533 3737 626 3790 καὶ
668 3739 1014 3811 συγχώρησιν
1040 3740 1228 3794 ἔλαβον
1255 3738 1364 3792 τῶν
1394 3739 1825 3810 ἁμαρτημάτων,
1854 3738 1988 3792 ἀλλὰ
2088 3729 2552 3802 πραγμονοῦντες,
2586 3727 2711 3791 τοὺς
2743 3726 2852 3779 ἀπὸ
2886 3728 2980 3781 τοῦ
3017 3733 3381 3801 στρατοπέδου
3416 3735 3769 3805 περιτρέχον-
3852 3799 3856 3804 ι

308 3823 412 3894 τὴν
448 3828 550 3895 μνῆ
561 3843 667 3896 μην
705 3827 806 3879 οὐκ
845 3827 1088 3880 ἐκϐάλλω
1129 3828 1236 3880 τῶν
1277 3827 1708 3897 ἁμαρτημάτων,
1761 3827 1835 3879 οὐ
1893 3827 1986 3880 τοῦ
2099 3834 2214 3881 τες,
2239 3814 2634 3880 σπουδάζοντες
2652 3813 2793 3883 ὑπὲρ
2822 3814 2930 3868 τῶν
2959 3817 3321 3888 ἐπικειμένων
3342 3820 3546 3884 κακῶν,
3565 3823 3767 3892 ταύτην

312 3911 586 3964 Δεσπότου
628 3913 685 3965 δὲ
730 3913 826 3984 τὴν
879 3914 1284 3983 φιλανθρωπίαν
1326 3914 1533 3967 έδείκνυ
1586 3913 1744 3966 τοῦτο
1794 3913 1951 3982 μόνον
1972 3952 1986 3975 ,
2092 3903 2458 3974 ἀναλώσωμεν
2483 3901 2699 3956 ἃπασαν
2723 3903 2801 3964 εις
2833 3902 2929 3973 τὴν
2961 3903 3069 3957 τῶν
3095 3904 3252 3960 θείων
3275 3909 3453 3978 νόμων
3481 3909 3765 3980 ἀκρόασιν,

311 3988 450 4047 ἀλλα
479 3998 731 4050 κάκεῖνον
759 3999 1135 4072 λαμπρότερον
1162 3999 1354 4053 ἐποίει.
1383 4001 1550 4053 Ὅταν
1575 3999 1682 4071 γὰρ
1708 3999 1884 4070 μάθῃς
1908 4001 1992 4063 τίς
2093 3990 2229 4044 ἀλλὰ
2267 3991 2341 4062 μὴ
2367 3992 2446 4054 εἰς
2473 3989 2736 4058 ἀκαίρους
2765 3989 2859 4041 καὶ
2891 3991 3185 4063 ἀνονήτους
3219 3993 3530 4066 διατριϐὰς..
3573 3997 3660 4050 ἵνα
3690 3997 3768 4070 μὴ

310 4079 382 4150 ἦν
413 4083 745 4154 ἔμπροσθεν,
771 4087 892 4140 τότε
931 4088 1094 4140 αὑτὸν
1134 4087 1438 4158 θαυμάσεις
1480 4086 1673 4140 πλέον·
1723 4087 1816 4139 καὶ
1864 4088 1990 4139 ὅταν
2094 4078 2259 4132 πάλιν
2306 4081 2384 4142 εἰς
2416 4077 2514 4148 τὴν
2552 4075 2795 4145 ἀνάγκην
2839 4075 2937 4147 τῆς
2980 4078 3232 4149 ἀσχολίας
3281 4081 3496 4153 ἐκείνης
3542 4083 3768 4150 ἑαυτοὺς
3865 4123 3870 4130 ·

313 4170 432 4240 ἴδῃς
458 4174 520 4223 ἐκ
544 4173 685 4234 τίνος
709 4174 792 4236 τίς
817 4176 1050 4242 ἐγένετο,
1083 4175 1202 4227 τότε
1242 4175 1404 4228 αὑτὸν
1431 4174 1662 4245 ἀποδέξῃ
1694 4173 1954 4244 μειζόνως
1975 4191 1988 4206 ·
2093 4167 2545 4237 καταστήσωμεν.

313 4258 417 4310 σᾶν
445 4258 653 4326 μεγαλα
676 4255 741 4330 ᾗς
767 4260 1122 4332 ἡμαρτηκὼς,
1151 4261 1397 4332 χρηστὰς
1438 4261 1582 4324 ’ἐξεις
1608 4259 1858 4312 ἐντεῦθεν
1891 4260 1990 4323 τὰς
2169 4265 2235 4334 β’.
2256 4268 2344 4319 Ἐν
2367 4267 2464 4336 μὲν
2488 4262 2582 4321 οῦν
2617 4271 2738 4332 ταῖς
2770 4265 3164 4339 παρελθούσαις
3185 4265 3361 4337 τρισὶν
3400 4265 3635 4337 ἡμέραις
3673 4267 3767 4322 ἕνα

313 4345 534 4408 ἐλπίδας
565 4347 1050 4419 μεταϐαλλόμενος·
1093 4348 1230 4417 πρὸς
1251 4347 1359 4418 γὰρ
1398 4350 1508 4411 τοῖς
1541 4348 1868 4418 εἰρημένοις,
1902 4348 1993 4399 καὶ
2095 4351 2422 4420 θεογνωσίας
2446 4353 2788 4426 ἐξητάσαμεν
2809 4355 3031 4424 τρόπον,
3063 4352 3156 4406 καὶ
3183 4353 3319 4422 πρὸς
3343 4352 3404 4406 τὸ
3430 4354 3582 4418 τέλος
3607 4356 3766 4410 αὑτὸν

315 4434 437 4495 τοὺς
473 4435 530 4486 ἐν
571 4435 879 4502 ἀπογνώσει
922 4437 982 4488 τὸ
1026 4436 1331 4506 ὑπόδειγμα
1365 4435 1523 4489 τοῦτο
1569 4434 1875 4505 παρακαλεῖ
1903 4436 1995 4488 καὶ
2094 4437 2406 4510 ἠγάγομεν,
2450 4440 2841 4510 ἑρμηνεύοντες
2871 4439 2988 4503 πῶς
3030 4443 3094 4494 Οἱ
3137 4439 3380 4507 οὐρανοὶ
3424 4439 3766 4509 διηγοῦνται

315 4519 638 4574 ἀνίστασθαι
679 4525 842 4576 ποιεῖ.
875 4521 1052 4595 Ὅπερ
1085 4520 1178 4577 οὖν
1219 4525 1312 4576 καὶ
1339 4524 1433 4576 ἐπὶ
1462 4523 1560 4593 τῆς
1590 4523 1799 4584 πόλεως
1840 4521 1994 4576 ἔσται
2095 4525 2210 4592 τὴν
2240 4523 2428 4588 δόξαν
2451 4526 2623 4589 Θεοῦ,
2649 4527 2744 4580 καὶ
2767 4526 2818 4580 τί
2847 4526 2979 4580 ποτέ
3010 4527 3128 4578 ἐστι
3164 4523 3226 4578 τὸ
3255 4524 3406 4597 παρὰ
3435 4526 3526 4580 τοῦ
3558 4527 3769 4581 Παύλου

317 4607 420 4676 τῆς
454 4609 760 4679 ἡμετέρας·
802 4611 871 4663 τὰ
898 4611 1007 4683 γὰρ
1035 4613 1321 4682 συμϐάντα
1351 4612 1564 4666 ᾶπαντα
1594 4614 1693 4681 τήν
1713 4627 1772 4663 τε
1793 4610 1994 4682 ἀρετὴν
2096 4610 2406 4681 λεγόμενον,
2433 4613 2516 4665 ὃτι
2551 4612 2627 4667 Τὰ
2649 4614 2872 4681 ἀόρατα
2887 4612 3074 4668 αὐτοῦ
3100 4612 3220 4666 ἀπὸ
3242 4613 3496 4679 κτίσεως
3534 4616 3766 4685 κόσμου

318 4693 476 4764 ὑμῶν
499 4697 762 4763 δείκνυσι,
796 4698 1134 4769 δυνηθέντων
1165 4700 1254 4753 διὰ
1281 4699 1382 4769 τῆς
1413 4699 1700 4769 μετανοίας
1728 4698 1995 4767 τοσαύτην
2095 4698 2220 4764 τοῖς
2249 4698 2540 4767 ποιήμασι
2585 4701 2886 4770 ¹νοούμενα
2923 4698 3261 4768 καθορᾶται,
3311 4701 3406 4754 καὶ
3453 4701 3767 4772 ἐδείκνυμεν

311 4782 486 4853 ὀργὴν
527 4784 994 4856 ἀποκρούσασθαι,
1038 4789 1139 4858 τήν
1181 4805 1242 4840 τε
1285 4787 1379 4840 τοῦ
1408 4786 1542 4840 Θεοῦ
1589 4785 1995 4856 φιλανθρωπίαν
2097 4784 2214 4847 πῶς
2235 4784 2341 4838 ἀπὸ
2377 4785 2608 4849 κτίσεως
2635 4787 2862 4856 κόσμου,
2887 4787 3127 4848 καὶπῶς
3169 4785 3237 4838 δι’
3267 4785 3497 4857 ούρανοῦ
3535 4787 3628 4841 καὶ
3665 4788 3768 4857 γῆς

312 4869 598 4940 κηρύττει,
653 4873 712 4937 ἐξ
756 4874 944 4946 ὀλίγης
1011 4876 1111 4946 τῆς
1161 4875 1495 4947 ἐπιστροφῆς
1544 4873 1797 4928 τοσοῦτον
1851 4889 1995 4944 παρ-
2097 4872 2193 4924 καὶ
2219 4871 2489 4942 θαλάττης
2522 4874 2552 4925 6
2587 4873 2930 4946 Δημιουργὸς
2950 4873 3510 4945 δοξάζεται.Τήμερον
3538 4875 3594 4928 δὲ
3615 4874 3768 4944 ὀλίγα

306 4956 636 5023 ἐνέγκαντος
657 4959 836 5029 νέφος,
862 4962 986 5025 τούς
1009 4980 1068 5015 τε
1089 4965 1147 5016 ἐν
1172 4961 1478 5031 ἀπογνώσει
1515 4960 1720 5023 πάντας
1746 4960 1991 5030 ἀνίστησι
2097 4958 2258 5013 πάλιν
2288 4960 2367 5023 είς
2405 4961 2574 5029 αὐτὴν
2616 4960 2819 5031 ταύτην
2861 4962 3318 5032 φιλοσοφήσαντες
3366 4963 3465 5032 τὴν
3491 4961 3766 5027 ὑπόθεσιν,

322 5043 594 5112 μαθόντας
621 5047 685 5100 ἐκ
717 5048 1151 5121 τῶνήμετέρων,
1183 5050 1266 5103 ὅτι
1289 5050 1382 5102 τὸν
1411 5047 1561 5120 [124]
1586 5047 1697 5100 ἄνω
1734 5047 1830 5100 καὶ
1861 5047 1996 5116 πρὸς
2098 5048 2182 5116 ἐφ’
2223 5047 2406 5112 ἕτερον
2449 5047 2777 5118 βαδιούμεθα
2819 5048 3003 5117 λόγον·
3048 5049 3109 5102 ού
3160 5047 3269 5120 γὰρ
3316 5049 3476 5122 μόνον
3514 5050 3769 5120 ἐποίησεν

316 5131 418 5199 τὴν
448 5131 542 5184 τοῦ
576 5132 710 5187 Θεοῦ
742 5134 1006 5204 βλέποντα
1037 5137 1229 5207 ῥοπὴν,
1262 5138 1364 5190 κᾶν
1391 5135 1558 5207 μυρία
1593 5136 1825 5206 περιστῇ
1861 5151 1988 5187 παν·
2098 5133 2286 5204 αὐτὴν,
2316 5134 2450 5188 ἀλλὰ
2482 5135 2578 5188 κα)⁵
2609 5135 2908 5207 γενομένην
2959 5135 3288 5206 ἐργάζεσθαι
3331 5137 3767 5205 παρεσκεύασενι

307 5219 543 5287 ·.αχόθεν
564 5220 801 5292 κύματα,
836 5224 1326 5294 καταποντισθῆναι
1351 5224 1449 5277 οὑκ
1477 5222 1574 5275 ένι.
1607 5222 1704 5286 Τίς
1724 5222 1834 5291 γάρ
1865 5217 1992 5282 εἶδε,
2103 5219 2225 5274 οὗτε
2260 5223 2438 5274 πᾶσαν
2475 5221 2955 5292 ἀκίνητονάφεὶς.
2995 5221 3118 5276 οὔτε
3160 5225 3340 5277 πᾶσαν
3374 5225 3639 5280 κινεῖσθαι
3681 5243 3770 5279 κε-

308 5306 400 5368 τίς
427 5307 624 5376 ἡκουσέ
671 5327 798 5363 ποτε
846 5312 914 5364 τα
955 5313 1200 5382 ἡμέτερα
1245 5311 1426 5380 πάθης
1472 5314 1536 5366 ἐκ
1571 5310 1784 5381 βάθρων
1818 5310 1994 5364 αὐτῶν
2103 5307 2328 5372 λεύσας·
2360 5309 2474 5362 ἀλλ’
2519 5310 2746 5380 οὐρανὸς
2777 5311 2874 5381 μὲν
2901 5311 3156 5381 ἀκίνητος
3197 5311 3416 5383 ἕστηκε,
3453 5313 3703 5384 καθάπερ
3738 5315 3769 5366 6

315 5393 440 5446 καθ’
480 5395 714 5465 ἑκάστην
759 5400 1175 5470 προσεδοκῶμεν
1229 5400 1440 5470 ἡμέραν
1477 5397 1992 5468 ἁνασπασθήσεσθαι
2102 5398 2386 5467 προφήτης
2420 5395 2572 5468 [125]
2605 5397 2790 5468 φησὶν,
2839 5397 2900 5451 '0
2931 5399 3169 5465 στήσας
3208 5400 3315 5452 τὸν
3339 5401 3598 5468 οίιρανὸν
3623 5400 3769 5455 ὡσεί

305 5479 416 5551 τὴν
448 5482 599 5535 πόλιν
630 5486 760 5554 ἡμῖν
795 5487 934 5557 μετὰ
970 5487 1080 5540 τῶν
1114 5487 1460 5541 ἐνοικούντων
1481 5503 1493 5515 ·
1528 5485 1642 5539 ἀλλ’
1685 5484 1772 5538 ὅτε
1801 5481 1993 5554 ἡλπιζε
2102 5482 2394 5552 καμάραν,
2426 5486 2522 5538 καὶ
2548 5485 2847 5553 διατείνας
2868 5486 3055 5542 αὐτὸν
3091 5487 3230 5542 ὡσεί
3268 5488 3512 5556 σκηνὴν
3534 5489 3632 5543 ἐπὶ
3659 5489 3765 5559 τῆςΙ

311 5571 734 5635 καταποντίζειν
787 5574 847 5627 τὸ
895 5575 1099 5644 σκάφος
1153 5577 1181 5628 6
1224 5573 1465 5636 διάϐολος
1487 5614 1502 5636 ,
1563 5573 1684 5625 τότε
1747 5571 1981 5644 καθαρὰ]
2101 5568 2241 5638 γῆς·
2275 5571 2303 5623 ό
2324 5571 2379 5624 δὲ
2403 5572 2551 5642 ἣλιος
2584 5575 2721 5644 μετὰ
2745 5573 2852 5627 τῶν
2885 5576 3096 5647 ἄστρων
3125 5573 3230 5628 τῶν
3257 5574 3456 5630 λοιπῶν
3490 5577 3610 5631 καθ’
3639 5579 3770 5632 ἐκά-

307 5657 560 5729 γαλήνην
605 5659 858 5730 ἐποίησεν
899 5663 927 5714 6
963 5662 1114 5727 Θεός.
1154 5662 1246 5733 Μὴ
1287 5661 1464 5714 τοίνυν
1510 5657 1989 5730 ἐπιλανθανώμεθα
2102 5675 2232 5727 στην
2258 5658 2440 5729 τρέχει
2466 5660 2566 5731 τὴν
2603 5662 2849 5732 ἡμέραν·
2883 5663 2978 5716 καὶ
3011 5663 3081 5731 γῆ
3125 5663 3283 5716 πάλιν
3312 5665 3549 5736 πέπηγε,
3595 5666 3665 5721 τὰ
3714 5667 3766 5723 δε

308 5742 410 5794 τοῦ
451 5748 709 5815 μεγέθους
748 5747 855 5800 τῶν
882 5749 1090 5812 δεινῶν,
1125 5750 1212 5803 ἵνα
1246 5747 1669 5819 μνημονεύωμεν
1701 5745 1795 5799 τοῦ
1832 5747 1994 5816 μεγέο
2101 5745 2270 5798 ὕδατα
2306 5746 2505 5816 βαδίζει
2545 5747 2864 5813 διαπαντός·
2894 5750 2990 5820 οὐχ
3017 5751 3181 5804 ὕδατα
3213 5752 3268 5805 δὲ
3303 5754 3480 5823 μόνον,
3515 5755 3650 5810 ἀλλὰ
3679 5772 3767 5811 και

319 5827 445 5895 θους
471 5833 576 5884 τῶν
602 5835 931 5906 εὐεργεσιῶν
954 5837 1061 5891 τῶν
1083 5837 1232 5906 παρὰ
1267 5835 1357 5888 τοῦ
1375 5834 1508 5888 Θεοῦ
1537 5835 1874 5904 γενομένων·
1903 5833 1992 5886 καῖ.
2099 5833 2318 5901 νεφέλαι
2356 5835 2450 5887 καὶ
2505 5836 2698 5906 ὄμϐροι
2744 5841 2982 5908 συνεχεῖς
3031 5840 3125 5893 καὶ
3167 5841 3454 5913 ἐπάλληλοι
3501 5843 3638 5898 κατὰ
3679 5843 3767 5896 τὸν

319 5917 428 5992 γὰρ
455 5924 481 5976 6
513 5923 585 5994 μὴ
616 5924 770 5989 εἰδὼς
807 5925 897 5979 τοῦ
945 5927 1244 5997 νοσήματος
1290 5921 1386 5998 τήν
1432 5923 1610 5993 φύσιν,
1645 5922 1743 5977 οὐκ
1792 5923 1992 5979 εἴσεται
2099 5923 2295 5976 οἰκεῖον
2321 5922 2687 5994 ἀποδιδόμενοι
2722 5925 2940 5998 καιρόν·
2979 5929 3066 5982 καὶ
3096 5927 3188 5997 μία
3227 5929 3324 5999 μὲν
3352 5932 3382 5995 ή
3415 5931 3519 5984 τῶν
3548 5933 3638 5995 ὅςτί
3660 5943 3766 5996 ρων
