  <div class='ocr_page' id='page_1' title='image "/cluster/home/n/w/nwhite01/storage/ocr_20150623/49/nnc1.0046978208/129.png"; bbox 0 0 4112 6388; ppageno 0'>
   <div class='ocr_carea' id='block_1_1' title="bbox 367 298 469 356">
    <p class='ocr_par' dir='ltr' id='par_1_1' title="bbox 367 298 469 356">
     <span class='ocr_line' id='line_1_1' title="bbox 367 298 469 356; baseline 0.049 -5"><span class='ocrx_word' id='word_1_1' title='bbox 367 298 469 356; x_wconf 74' lang='grc'>129</span> 
     </span>
    </p>
   </div>
   <div class='ocr_carea' id='block_1_2' title="bbox 367 415 2031 493">
    <p class='ocr_par' dir='ltr' id='par_1_2' title="bbox 367 415 2031 493">
     <span class='ocr_line' id='line_1_2' title="bbox 367 415 2031 493; baseline 0.002 -23"><span class='ocrx_word' id='word_1_2' title='bbox 367 415 548 486; x_wconf 84' lang='grc' dir='ltr'>φύσις,</span> <span class='ocrx_word' id='word_1_3' title='bbox 577 415 809 490; x_wconf 86' lang='grc' dir='ltr'>διάφορα</span> <span class='ocrx_word' id='word_1_4' title='bbox 828 417 886 472; x_wconf 74' lang='grc' dir='ltr'>δὲ</span> <span class='ocrx_word' id='word_1_5' title='bbox 908 417 976 472; x_wconf 79' lang='grc' dir='ltr'>τὰ</span> <span class='ocrx_word' id='word_1_6' title='bbox 998 415 1058 483; x_wconf 81' lang='grc' dir='ltr'>ἐξ</span> <span class='ocrx_word' id='word_1_7' title='bbox 1085 417 1262 472; x_wconf 86' lang='grc' dir='ltr'>αὑτῶν</span> <span class='ocrx_word' id='word_1_8' title='bbox 1290 420 1550 490; x_wconf 87' lang='grc' dir='ltr'>γινόμενα</span> <span class='ocrx_word' id='word_1_9' title='bbox 1595 433 1650 460; x_wconf 74' lang='grc' dir='ltr'>ιι·</span> <span class='ocrx_word' id='word_1_10' title='bbox 1693 425 1791 476; x_wconf 71' lang='grc' dir='ltr'>καὶ</span> <span class='ocrx_word' id='word_1_11' title='bbox 1836 421 1944 493; x_wconf 83' lang='grc' dir='ltr'>γάρ</span> <span class='ocrx_word' id='word_1_12' title='bbox 1975 424 2031 474; x_wconf 81' lang='grc' dir='ltr'>ἐν</span> 
     </span>
    </p>
   </div>
   <div class='ocr_carea' id='block_1_3' title="bbox 367 503 2033 583">
    <p class='ocr_par' dir='ltr' id='par_1_3' title="bbox 367 503 2033 583">
     <span class='ocr_line' id='line_1_3' title="bbox 367 503 2033 583; baseline 0.002 -23"><span class='ocrx_word' id='word_1_13' title='bbox 367 505 598 578; x_wconf 72' lang='grc' dir='ltr'>ἀμπέλῳ</span> <span class='ocrx_word' id='word_1_14' title='bbox 639 505 846 577; x_wconf 89' lang='grc' dir='ltr'>γίνεται</span> <span class='ocrx_word' id='word_1_15' title='bbox 866 503 1008 572; x_wconf 78' lang='grc' dir='ltr'>οἶνος</span> <span class='ocrx_word' id='word_1_16' title='bbox 1043 509 1071 562; x_wconf 89' lang='lat'>6</span> <span class='ocrx_word' id='word_1_17' title='bbox 1101 507 1272 573; x_wconf 90' lang='grc' dir='ltr'>ὑετὸς,</span> <span class='ocrx_word' id='word_1_18' title='bbox 1303 511 1398 562; x_wconf 93' lang='lat' dir='ltr'>ml</span> <span class='ocrx_word' id='word_1_19' title='bbox 1429 508 1606 562; x_wconf 74' lang='grc' dir='ltr'>ἔλαιον</span> <span class='ocrx_word' id='word_1_20' title='bbox 1635 511 1692 564; x_wconf 87' lang='grc' dir='ltr'>ἐν</span> <span class='ocrx_word' id='word_1_21' title='bbox 1729 509 1904 583; x_wconf 78' lang='grc' dir='ltr'>ἐλαίᾳ,</span> <span class='ocrx_word' id='word_1_22' title='bbox 1939 513 2033 566; x_wconf 79' lang='grc' dir='ltr'>καὶ</span> 
     </span>
    </p>
   </div>
   <div class='ocr_carea' id='block_1_4' title="bbox 370 593 2042 670">
    <p class='ocr_par' dir='ltr' id='par_1_4' title="bbox 370 593 2042 670">
     <span class='ocr_line' id='line_1_4' title="bbox 370 593 2042 670; baseline 0.003 -23"><span class='ocrx_word' id='word_1_23' title='bbox 370 597 431 650; x_wconf 77' lang='grc' dir='ltr'>ἐν</span> <span class='ocrx_word' id='word_1_24' title='bbox 459 597 572 659; x_wconf 88' lang='grc' dir='ltr'>τοῖς</span> <span class='ocrx_word' id='word_1_25' title='bbox 621 595 801 659; x_wconf 78' lang='grc' dir='ltr'>ἀλλοις</span> <span class='ocrx_word' id='word_1_26' title='bbox 845 593 902 648; x_wconf 83' lang='grc' dir='ltr'>δὲ</span> <span class='ocrx_word' id='word_1_27' title='bbox 950 598 1136 664; x_wconf 80' lang='grc' dir='ltr'>φυτοῖς</span> <span class='ocrx_word' id='word_1_28' title='bbox 1169 595 1306 667; x_wconf 88' lang='grc' dir='ltr'>πρὸς</span> <span class='ocrx_word' id='word_1_29' title='bbox 1332 595 1461 660; x_wconf 77' lang='grc' dir='ltr'>τοὺς</span> <span class='ocrx_word' id='word_1_30' title='bbox 1493 596 1672 651; x_wconf 87' lang='grc' dir='ltr'>αὑτῶν</span> <span class='ocrx_word' id='word_1_31' title='bbox 1722 597 2042 670; x_wconf 82' lang='grc' dir='ltr'>μεθίσταται</span> 
     </span>
    </p>
   </div>
   <div class='ocr_carea' id='block_1_5' title="bbox 369 681 2043 757">
    <p class='ocr_par' dir='ltr' id='par_1_5' title="bbox 369 681 2043 757">
     <span class='ocr_line' id='line_1_5' title="bbox 369 681 2043 757; baseline 0.002 -21"><span class='ocrx_word' id='word_1_32' title='bbox 369 682 595 755; x_wconf 85' lang='grc' dir='ltr'>χυμούς.</span> <span class='ocrx_word' id='word_1_33' title='bbox 628 683 738 738; x_wconf 75' lang='lat' dir='ltr'>Kal</span> <span class='ocrx_word' id='word_1_34' title='bbox 773 681 871 754; x_wconf 98' lang='grc' dir='ltr'>μία</span> <span class='ocrx_word' id='word_1_35' title='bbox 907 683 964 736; x_wconf 82' lang='grc' dir='ltr'>δὲ</span> <span class='ocrx_word' id='word_1_36' title='bbox 995 682 1092 754; x_wconf 90' lang='grc' dir='ltr'>τῆς</span> <span class='ocrx_word' id='word_1_37' title='bbox 1131 685 1230 755; x_wconf 83' lang='grc' dir='ltr'>γῆς</span> <span class='ocrx_word' id='word_1_38' title='bbox 1281 685 1314 754; x_wconf 85' lang='grc' dir='ltr'>ἡ</span> <span class='ocrx_word' id='word_1_39' title='bbox 1365 684 1576 756; x_wconf 86' lang='grc' dir='ltr'>γαστὴρ</span> <span class='ocrx_word' id='word_1_40' title='bbox 1618 686 1712 739; x_wconf 87' lang='lat' dir='ltr'>ml</span> <span class='ocrx_word' id='word_1_41' title='bbox 1754 685 2043 757; x_wconf 78' lang='grc' dir='ltr'>διαφόρους</span> 
     </span>
    </p>
   </div>
   <div class='ocr_carea' id='block_1_6' title="bbox 369 770 2043 845">
    <p class='ocr_par' dir='ltr' id='par_1_6' title="bbox 369 770 2043 845">
     <span class='ocr_line' id='line_1_6' title="bbox 369 770 2043 845; baseline 0.001 -19"><span class='ocrx_word' id='word_1_42' title='bbox 369 771 524 844; x_wconf 81' lang='grc' dir='ltr'>φέρει</span> <span class='ocrx_word' id='word_1_43' title='bbox 565 770 836 841; x_wconf 77' lang='grc' dir='ltr'>καρπούςο</span> <span class='ocrx_word' id='word_1_44' title='bbox 885 770 980 824; x_wconf 72' lang='grc' dir='ltr'>καὶ</span> <span class='ocrx_word' id='word_1_45' title='bbox 1029 771 1128 842; x_wconf 91' lang='grc' dir='ltr'>μία</span> <span class='ocrx_word' id='word_1_46' title='bbox 1178 771 1278 841; x_wconf 86' lang='grc' dir='ltr'>μὲν</span> <span class='ocrx_word' id='word_1_47' title='bbox 1319 773 1353 844; x_wconf 90' lang='grc' dir='ltr'>ἡ</span> <span class='ocrx_word' id='word_1_48' title='bbox 1395 775 1495 844; x_wconf 84' lang='grc' dir='ltr'>τῆς</span> <span class='ocrx_word' id='word_1_49' title='bbox 1536 773 1770 845; x_wconf 82' lang='grc' dir='ltr'>ἡλιακῆς</span> <span class='ocrx_word' id='word_1_50' title='bbox 1824 775 2043 838; x_wconf 84' lang='grc' dir='ltr'>ἀκτῖνος</span> 
     </span>
    </p>
   </div>
   <div class='ocr_carea' id='block_1_7' title="bbox 1131 301 3006 363">
    <p class='ocr_par' dir='ltr' id='par_1_7' title="bbox 1131 301 3006 363">
     <span class='ocr_line' id='line_1_7' title="bbox 1131 301 3006 363; baseline 0.003 -6"><span class='ocrx_word' id='word_1_51' title='bbox 1131 301 1189 357; x_wconf 91' lang='lat' dir='ltr'>S.</span> <span class='ocrx_word' id='word_1_52' title='bbox 1229 301 1518 359; x_wconf 70' lang='lat' dir='ltr'>JOANNIS</span> <span class='ocrx_word' id='word_1_53' title='bbox 1551 304 2050 362; x_wconf 72' lang='lat' dir='ltr'>CHRYSOSTOMI</span> <span class='ocrx_word' id='word_1_54' title='bbox 2087 304 2404 362; x_wconf 75' lang='lat' dir='ltr'>ARCIIIEP.</span> <span class='ocrx_word' id='word_1_55' title='bbox 2449 307 3006 363; x_wconf 66' lang='lat' dir='ltr'>CONS&#39;IAN&#39;INNUP.</span> 
     </span>
    </p>
   </div>
   <div class='ocr_carea' id='block_1_8' title="bbox 3712 314 3848 368">
    <p class='ocr_par' dir='ltr' id='par_1_8' title="bbox 3712 314 3848 368">
     <span class='ocr_line' id='line_1_8' title="bbox 3712 314 3848 368; baseline -0.015 0"><span class='ocrx_word' id='word_1_56' title='bbox 3712 314 3848 368; x_wconf 68' lang='lat' dir='ltr'>l3”-</span> 
     </span>
    </p>
   </div>
   <div class='ocr_carea' id='block_1_9' title="bbox 2137 421 3823 496">
    <p class='ocr_par' dir='ltr' id='par_1_9' title="bbox 2137 421 3823 496">
     <span class='ocr_line' id='line_1_9' title="bbox 2137 421 3823 496; baseline 0.003 -22"><span class='ocrx_word' id='word_1_57' title='bbox 2137 421 2265 493; x_wconf 80' lang='grc' dir='ltr'>γάρ,</span> <span class='ocrx_word' id='word_1_58' title='bbox 2312 421 2425 476; x_wconf 78' lang='grc' dir='ltr'>ἔστι</span> <span class='ocrx_word' id='word_1_59' title='bbox 2475 421 2688 492; x_wconf 89' lang='grc' dir='ltr'>μεγάλα</span> <span class='ocrx_word' id='word_1_60' title='bbox 2742 423 2852 476; x_wconf 90' lang='grc' dir='ltr'>ἀπὸ</span> <span class='ocrx_word' id='word_1_61' title='bbox 2899 421 3008 475; x_wconf 84' lang='grc' dir='ltr'>τῶν</span> <span class='ocrx_word' id='word_1_62' title='bbox 3057 422 3266 490; x_wconf 81' lang='grc' dir='ltr'>ἀλόγων</span> <span class='ocrx_word' id='word_1_63' title='bbox 3309 426 3701 496; x_wconf 80' lang='grc' dir='ltr'>καρπώσασθαι</span> <span class='ocrx_word' id='word_1_64' title='bbox 3735 433 3823 492; x_wconf 79' lang='grc' dir='ltr'>εἰς</span> 
     </span>
    </p>
   </div>
   <div class='ocr_carea' id='block_1_10' title="bbox 2139 509 3834 588">
    <p class='ocr_par' dir='ltr' id='par_1_10' title="bbox 2139 509 3834 588">
     <span class='ocr_line' id='line_1_10' title="bbox 2139 509 3834 588; baseline 0.005 -26"><span class='ocrx_word' id='word_1_65' title='bbox 2139 509 2286 579; x_wconf 73' lang='grc' dir='ltr'>ἡϐῶν</span> <span class='ocrx_word' id='word_1_66' title='bbox 2315 510 2621 584; x_wconf 86' lang='grc' dir='ltr'>διόρθωσιν.</span> <span class='ocrx_word' id='word_1_67' title='bbox 2649 512 2782 564; x_wconf 79' lang='grc' dir='ltr'>Ἀπὸ</span> <span class='ocrx_word' id='word_1_68' title='bbox 2814 512 3017 565; x_wconf 88' lang='grc' dir='ltr'>τούτων</span> <span class='ocrx_word' id='word_1_69' title='bbox 3053 513 3145 566; x_wconf 84' lang='grc' dir='ltr'>καί</span> <span class='ocrx_word' id='word_1_70' title='bbox 3176 516 3204 566; x_wconf 92' lang='lat'>6</span> <span class='ocrx_word' id='word_1_71' title='bbox 3229 515 3461 585; x_wconf 87' lang='grc' dir='ltr'>Χριστὸς</span> <span class='ocrx_word' id='word_1_72' title='bbox 3493 519 3620 588; x_wconf 87' lang='grc' dir='ltr'>ἡμῖν</span> <span class='ocrx_word' id='word_1_73' title='bbox 3646 519 3834 572; x_wconf 65' lang='grc' dir='ltr'>διαὶέο</span> 
     </span>
    </p>
   </div>
   <div class='ocr_carea' id='block_1_11' title="bbox 2136 599 3819 674">
    <p class='ocr_par' dir='ltr' id='par_1_11' title="bbox 2136 599 3819 674">
     <span class='ocr_line' id='line_1_11' title="bbox 2136 599 3819 674; baseline 0.004 -23"><span class='ocrx_word' id='word_1_74' title='bbox 2136 615 2293 666; x_wconf 88' lang='grc' dir='ltr'>γεται</span> <span class='ocrx_word' id='word_1_75' title='bbox 2320 599 2430 652; x_wconf 89' lang='grc' dir='ltr'>τῶν</span> <span class='ocrx_word' id='word_1_76' title='bbox 2465 599 2618 665; x_wconf 81' lang='grc' dir='ltr'>ζώων</span> <span class='ocrx_word' id='word_1_77' title='bbox 2641 615 2654 628; x_wconf 83' lang='grc'><em>’</em></span> <span class='ocrx_word' id='word_1_78' title='bbox 2682 601 2936 654; x_wconf 78' lang='grc' dir='ltr'>Γίνεσθε</span> <span class='ocrx_word' id='word_1_79' title='bbox 2958 600 3072 672; x_wconf 83' lang='grc' dir='ltr'>γὰρ</span> <span class='ocrx_word' id='word_1_80' title='bbox 3110 603 3402 670; x_wconf 70' lang='grc' dir='ltr'>φρόνιμοι,</span> <span class='ocrx_word' id='word_1_81' title='bbox 3428 605 3611 674; x_wconf 77' lang='grc' dir='ltr'>φησὶν,</span> <span class='ocrx_word' id='word_1_82' title='bbox 3655 604 3735 669; x_wconf 86' lang='grc' dir='ltr'>ὡς</span> <span class='ocrx_word' id='word_1_83' title='bbox 3757 606 3819 658; x_wconf 78' lang='grc' dir='ltr'>οι</span> 
     </span>
    </p>
   </div>
   <div class='ocr_carea' id='block_1_12' title="bbox 2139 685 3815 757">
    <p class='ocr_par' dir='ltr' id='par_1_12' title="bbox 2139 685 3815 757">
     <span class='ocr_line' id='line_1_12' title="bbox 2139 685 3815 757; baseline 0.004 -19"><span class='ocrx_word' id='word_1_84' title='bbox 2139 685 2326 754; x_wconf 59' lang='grc' dir='ltr'>ὄφεις,</span> <span class='ocrx_word' id='word_1_85' title='bbox 2375 687 2473 741; x_wconf 75' lang='grc' dir='ltr'>καί</span> <span class='ocrx_word' id='word_1_86' title='bbox 2517 686 2778 757; x_wconf 80' lang='grc' dir='ltr'>ἀκέραιοι</span> <span class='ocrx_word' id='word_1_87' title='bbox 2827 689 2906 753; x_wconf 86' lang='grc' dir='ltr'>ὠς</span> <span class='ocrx_word' id='word_1_88' title='bbox 2943 691 3002 742; x_wconf 86' lang='grc' dir='ltr'>αἰ</span> <span class='ocrx_word' id='word_1_89' title='bbox 3057 691 3419 756; x_wconf 80' lang='grc' dir='ltr'>περιστεραί.</span> <span class='ocrx_word' id='word_1_90' title='bbox 3464 692 3573 744; x_wconf 80' lang='grc' dir='ltr'>Καὶ</span> <span class='ocrx_word' id='word_1_91' title='bbox 3618 691 3815 746; x_wconf 85' lang='grc' dir='ltr'>πάλιν·</span> 
     </span>
    </p>
   </div>
   <div class='ocr_carea' id='block_1_13' title="bbox 2151 774 3820 846">
    <p class='ocr_par' dir='ltr' id='par_1_13' title="bbox 2151 774 3820 846">
     <span class='ocr_line' id='line_1_13' title="bbox 2151 774 3820 846; baseline 0.002 -17"><span class='ocrx_word' id='word_1_92' title='bbox 2151 774 2518 846; x_wconf 72' lang='grc' dir='ltr'>Ἐμϐλέψατε</span> <span class='ocrx_word' id='word_1_93' title='bbox 2545 778 2632 842; x_wconf 75' lang='grc' dir='ltr'>εἰς</span> <span class='ocrx_word' id='word_1_94' title='bbox 2659 775 2730 830; x_wconf 82' lang='grc' dir='ltr'>τὰ</span> <span class='ocrx_word' id='word_1_95' title='bbox 2751 776 2992 830; x_wconf 74' lang='grc' dir='ltr'>πετεινὰ</span> <span class='ocrx_word' id='word_1_96' title='bbox 3011 776 3116 830; x_wconf 86' lang='grc' dir='ltr'>τοῦ</span> <span class='ocrx_word' id='word_1_97' title='bbox 3143 777 3422 844; x_wconf 67' lang='grc' dir='ltr'>οἰφανοῦ,</span> <span class='ocrx_word' id='word_1_98' title='bbox 3443 777 3531 832; x_wconf 85' lang='grc' dir='ltr'>ὅτι</span> <span class='ocrx_word' id='word_1_99' title='bbox 3548 781 3620 833; x_wconf 87' lang='grc' dir='ltr'>οὐ</span> <span class='ocrx_word' id='word_1_100' title='bbox 3646 780 3820 833; x_wconf 74' lang='grc' dir='ltr'>σπεί-</span> 
     </span>
    </p>
   </div>
   <div class='ocr_carea' id='block_1_14' title="bbox 371 858 3821 935">
    <p class='ocr_par' dir='ltr' id='par_1_14' title="bbox 371 858 3821 935">
     <span class='ocr_line' id='line_1_14' title="bbox 371 858 3821 935; baseline 0.001 -20"><span class='ocrx_word' id='word_1_101' title='bbox 371 862 549 932; x_wconf 81' lang='grc' dir='ltr'>Οέρμη</span> <span class='ocrx_word' id='word_1_102' title='bbox 599 861 694 914; x_wconf 88' lang='lat' dir='ltr'>ml</span> <span class='ocrx_word' id='word_1_103' title='bbox 725 858 994 929; x_wconf 80' lang='grc' dir='ltr'>διαφόρως</span> <span class='ocrx_word' id='word_1_104' title='bbox 1038 859 1258 913; x_wconf 73' lang='grc' dir='ltr'>ᾶπαντα</span> <span class='ocrx_word' id='word_1_105' title='bbox 1300 860 1575 923; x_wconf 81' lang='grc' dir='ltr'>πεπαίνει,</span> <span class='ocrx_word' id='word_1_106' title='bbox 1607 859 1678 914; x_wconf 79' lang='grc' dir='ltr'>τὰ</span> <span class='ocrx_word' id='word_1_107' title='bbox 1715 861 1815 933; x_wconf 82' lang='grc' dir='ltr'>μὲν</span> <span class='ocrx_word' id='word_1_108' title='bbox 1850 861 2044 934; x_wconf 87' lang='grc' dir='ltr'>βραδύ·</span> <span class='ocrx_word' id='word_1_109' title='bbox 2130 880 2222 931; x_wconf 85' lang='grc' dir='ltr'>ρει</span> <span class='ocrx_word' id='word_1_110' title='bbox 2248 863 2392 918; x_wconf 88' lang='grc' dir='ltr'>οὺδέ</span> <span class='ocrx_word' id='word_1_111' title='bbox 2417 863 2644 933; x_wconf 77' lang='grc' dir='ltr'>θερίζει,</span> <span class='ocrx_word' id='word_1_112' title='bbox 2673 863 2771 916; x_wconf 82' lang='grc' dir='ltr'>καί</span> <span class='ocrx_word' id='word_1_113' title='bbox 2797 867 2829 917; x_wconf 86' lang='grc' dir='ltr'>ό</span> <span class='ocrx_word' id='word_1_114' title='bbox 2853 864 3054 933; x_wconf 82' lang='grc' dir='ltr'>Πατὴρ</span> <span class='ocrx_word' id='word_1_115' title='bbox 3073 864 3240 933; x_wconf 82' lang='grc' dir='ltr'>ὑμῶν</span> <span class='ocrx_word' id='word_1_116' title='bbox 3263 868 3296 918; x_wconf 82' lang='grc' dir='ltr'>ό</span> <span class='ocrx_word' id='word_1_117' title='bbox 3320 867 3596 933; x_wconf 78' lang='grc' dir='ltr'>οὐράνιος</span> <span class='ocrx_word' id='word_1_118' title='bbox 3619 866 3821 935; x_wconf 61' lang='grc' dir='ltr'>τρέφει</span> 
     </span>
    </p>
   </div>
   <div class='ocr_carea' id='block_1_15' title="bbox 367 945 2044 1020">
    <p class='ocr_par' dir='ltr' id='par_1_15' title="bbox 367 945 2044 1020">
     <span class='ocr_line' id='line_1_15' title="bbox 367 945 2044 1020; baseline 0.001 -19"><span class='ocrx_word' id='word_1_119' title='bbox 367 966 547 1018; x_wconf 86' lang='grc' dir='ltr'>τερον,</span> <span class='ocrx_word' id='word_1_120' title='bbox 583 950 650 1000; x_wconf 76' lang='grc' dir='ltr'>τά</span> <span class='ocrx_word' id='word_1_121' title='bbox 681 946 738 1000; x_wconf 71' lang='grc' dir='ltr'>δὲ</span> <span class='ocrx_word' id='word_1_122' title='bbox 768 945 1063 1018; x_wconf 80' lang='grc' dir='ltr'>ταχύτερον</span> <span class='ocrx_word' id='word_1_123' title='bbox 1088 946 1225 1018; x_wconf 89' lang='grc' dir='ltr'>πρὸς</span> <span class='ocrx_word' id='word_1_124' title='bbox 1253 946 1436 1020; x_wconf 82' lang='grc' dir='ltr'>ἀκμὴν</span> <span class='ocrx_word' id='word_1_125' title='bbox 1463 948 1694 1016; x_wconf 84' lang='grc' dir='ltr'>άγουσα.</span> <span class='ocrx_word' id='word_1_126' title='bbox 1726 949 1824 1013; x_wconf 94' lang='grc' dir='ltr'>Τίς</span> <span class='ocrx_word' id='word_1_127' title='bbox 1850 953 1950 1004; x_wconf 87' lang='grc' dir='ltr'>οὑκ</span> <span class='ocrx_word' id='word_1_128' title='bbox 1977 950 2044 1004; x_wconf 84' lang='grc' dir='ltr'>ἂν</span> 
     </span>
    </p>
   </div>
   <div class='ocr_carea' id='block_1_16' title="bbox 366 1034 2044 1107">
    <p class='ocr_par' dir='ltr' id='par_1_16' title="bbox 366 1034 2044 1107">
     <span class='ocr_line' id='line_1_16' title="bbox 366 1034 2044 1107; baseline 0.002 -19"><span class='ocrx_word' id='word_1_129' title='bbox 366 1035 538 1089; x_wconf 88' lang='grc' dir='ltr'>ταῦτα</span> <span class='ocrx_word' id='word_1_130' title='bbox 568 1034 865 1106; x_wconf 78' lang='grc' dir='ltr'>ἐκπλαγείη</span> <span class='ocrx_word' id='word_1_131' title='bbox 909 1036 1005 1088; x_wconf 91' lang='lat' dir='ltr'>ml</span> <span class='ocrx_word' id='word_1_132' title='bbox 1057 1035 1395 1106; x_wconf 89' lang='grc' dir='ltr'>θαυμάσειε;</span> <span class='ocrx_word' id='word_1_133' title='bbox 1454 1036 1654 1107; x_wconf 76' lang='grc' dir='ltr'>μᾶλλον</span> <span class='ocrx_word' id='word_1_134' title='bbox 1689 1036 1747 1089; x_wconf 90' lang='grc' dir='ltr'>δέ</span> <span class='ocrx_word' id='word_1_135' title='bbox 1789 1037 1850 1091; x_wconf 85' lang='grc' dir='ltr'>οὑ</span> <span class='ocrx_word' id='word_1_136' title='bbox 1884 1036 2044 1091; x_wconf 89' lang='grc' dir='ltr'>τοῦτο</span> 
     </span>
    </p>
   </div>
   <div class='ocr_carea' id='block_1_17' title="bbox 369 1121 2041 1196">
    <p class='ocr_par' dir='ltr' id='par_1_17' title="bbox 369 1121 2041 1196">
     <span class='ocr_line' id='line_1_17' title="bbox 369 1121 2041 1196; baseline 0.002 -22"><span class='ocrx_word' id='word_1_137' title='bbox 369 1121 530 1192; x_wconf 92' lang='grc' dir='ltr'>μόνον</span> <span class='ocrx_word' id='word_1_138' title='bbox 563 1123 681 1176; x_wconf 75' lang='grc' dir='ltr'>ἐστὶ</span> <span class='ocrx_word' id='word_1_139' title='bbox 715 1121 778 1175; x_wconf 89' lang='grc' dir='ltr'>τὸ</span> <span class='ocrx_word' id='word_1_140' title='bbox 809 1121 1142 1192; x_wconf 88' lang='grc' dir='ltr'>θαυμαστὸν,</span> <span class='ocrx_word' id='word_1_141' title='bbox 1179 1123 1263 1176; x_wconf 80' lang='grc' dir='ltr'>ὅτι</span> <span class='ocrx_word' id='word_1_142' title='bbox 1303 1123 1556 1196; x_wconf 78' lang='grc' dir='ltr'>ποικίλην</span> <span class='ocrx_word' id='word_1_143' title='bbox 1589 1125 1760 1196; x_wconf 82' lang='grc' dir='ltr'>αὑτὴν</span> <span class='ocrx_word' id='word_1_144' title='bbox 1799 1125 1894 1178; x_wconf 81' lang='grc' dir='ltr'>καὶ</span> <span class='ocrx_word' id='word_1_145' title='bbox 1929 1124 2041 1179; x_wconf 88' lang='grc' dir='ltr'>διά-</span> 
     </span>
    </p>
   </div>
   <div class='ocr_carea' id='block_1_18' title="bbox 366 1208 2044 1284">
    <p class='ocr_par' dir='ltr' id='par_1_18' title="bbox 366 1208 2044 1284">
     <span class='ocr_line' id='line_1_18' title="bbox 366 1208 2044 1284; baseline 0.002 -22"><span class='ocrx_word' id='word_1_146' title='bbox 366 1227 530 1281; x_wconf 86' lang='grc' dir='ltr'>φορον</span> <span class='ocrx_word' id='word_1_147' title='bbox 554 1208 974 1273; x_wconf 85' lang='grc' dir='ltr'>κατεσκεύασεν,</span> <span class='ocrx_word' id='word_1_148' title='bbox 1007 1209 1122 1263; x_wconf 84' lang='grc' dir='ltr'>ἀλλ’</span> <span class='ocrx_word' id='word_1_149' title='bbox 1149 1211 1229 1264; x_wconf 84' lang='grc' dir='ltr'>ὅτι</span> <span class='ocrx_word' id='word_1_150' title='bbox 1253 1213 1348 1264; x_wconf 93' lang='lat' dir='ltr'>ml</span> <span class='ocrx_word' id='word_1_151' title='bbox 1371 1212 1556 1281; x_wconf 84' lang='grc' dir='ltr'>κοινὴν</span> <span class='ocrx_word' id='word_1_152' title='bbox 1577 1211 1745 1284; x_wconf 84' lang='grc' dir='ltr'>αὑτὴν</span> <span class='ocrx_word' id='word_1_153' title='bbox 1773 1211 2044 1284; x_wconf 86' lang='grc' dir='ltr'>προσέθη-</span> 
     </span>
    </p>
   </div>
   <div class='ocr_carea' id='block_1_19' title="bbox 365 1296 2042 1371">
    <p class='ocr_par' dir='ltr' id='par_1_19' title="bbox 365 1296 2042 1371">
     <span class='ocr_line' id='line_1_19' title="bbox 365 1296 2042 1371; baseline 0.001 -19"><span class='ocrx_word' id='word_1_154' title='bbox 365 1315 460 1352; x_wconf 91' lang='grc' dir='ltr'>κεν</span> <span class='ocrx_word' id='word_1_155' title='bbox 491 1296 684 1362; x_wconf 74' lang='grc' dir='ltr'>ἅπασι,</span> <span class='ocrx_word' id='word_1_156' title='bbox 715 1298 808 1350; x_wconf 90' lang='lat' dir='ltr'>ml</span> <span class='ocrx_word' id='word_1_157' title='bbox 843 1297 1119 1360; x_wconf 85' lang='grc' dir='ltr'>πλουσίοις</span> <span class='ocrx_word' id='word_1_158' title='bbox 1156 1299 1250 1352; x_wconf 89' lang='lat' dir='ltr'>ml</span> <span class='ocrx_word' id='word_1_159' title='bbox 1294 1299 1522 1370; x_wconf 79' lang='grc' dir='ltr'>πένησι,</span> <span class='ocrx_word' id='word_1_160' title='bbox 1564 1301 1660 1354; x_wconf 77' lang='grc' dir='ltr'>καὶ</span> <span class='ocrx_word' id='word_1_161' title='bbox 1697 1301 2042 1371; x_wconf 82' lang='grc' dir='ltr'>ἁμαρτωλοῖς</span> 
     </span>
    </p>
   </div>
   <div class='ocr_carea' id='block_1_20' title="bbox 365 1381 2042 1458">
    <p class='ocr_par' dir='ltr' id='par_1_20' title="bbox 365 1381 2042 1458">
     <span class='ocr_line' id='line_1_20' title="bbox 365 1381 2042 1458; baseline 0.001 -19"><span class='ocrx_word' id='word_1_162' title='bbox 365 1394 461 1440; x_wconf 82' lang='lat' dir='ltr'>ml</span> <span class='ocrx_word' id='word_1_163' title='bbox 490 1386 740 1449; x_wconf 88' lang='grc' dir='ltr'>δικαίοις.</span> <span class='ocrx_word' id='word_1_164' title='bbox 773 1386 952 1458; x_wconf 88' lang='grc' dir='ltr'>Ὅπερ</span> <span class='ocrx_word' id='word_1_165' title='bbox 981 1381 1073 1440; x_wconf 79' lang='grc' dir='ltr'>οὖν</span> <span class='ocrx_word' id='word_1_166' title='bbox 1104 1387 1198 1440; x_wconf 82' lang='lat' dir='ltr'>ml</span> <span class='ocrx_word' id='word_1_167' title='bbox 1227 1389 1256 1441; x_wconf 86' lang='lat'>6</span> <span class='ocrx_word' id='word_1_168' title='bbox 1292 1388 1525 1458; x_wconf 84' lang='grc' dir='ltr'>Χριστὸς</span> <span class='ocrx_word' id='word_1_169' title='bbox 1562 1386 1766 1455; x_wconf 75' lang='grc' dir='ltr'>ἔλεγεν,</span> <span class='ocrx_word' id='word_1_170' title='bbox 1799 1387 1882 1441; x_wconf 82' lang='grc' dir='ltr'>ὅτι</span> <span class='ocrx_word' id='word_1_171' title='bbox 1931 1388 2042 1442; x_wconf 86' lang='grc' dir='ltr'>Τὸν</span> 
     </span>
    </p>
   </div>
   <div class='ocr_carea' id='block_1_21' title="bbox 365 1473 2039 1545">
    <p class='ocr_par' dir='ltr' id='par_1_21' title="bbox 365 1473 2039 1545">
     <span class='ocr_line' id='line_1_21' title="bbox 365 1473 2039 1545; baseline 0.002 -17"><span class='ocrx_word' id='word_1_172' title='bbox 365 1474 546 1542; x_wconf 72' lang='grc' dir='ltr'>ἣλιον</span> <span class='ocrx_word' id='word_1_173' title='bbox 571 1473 760 1528; x_wconf 85' lang='grc' dir='ltr'>αὐτοῦ</span> <span class='ocrx_word' id='word_1_174' title='bbox 783 1473 1102 1528; x_wconf 73' lang='grc' dir='ltr'>ἀνατέλλει</span> <span class='ocrx_word' id='word_1_175' title='bbox 1133 1475 1231 1528; x_wconf 80' lang='grc' dir='ltr'>ἐπὶ</span> <span class='ocrx_word' id='word_1_176' title='bbox 1263 1477 1567 1543; x_wconf 83' lang='grc' dir='ltr'>πονηροὺς</span> <span class='ocrx_word' id='word_1_177' title='bbox 1605 1477 1705 1530; x_wconf 83' lang='grc' dir='ltr'>καί</span> <span class='ocrx_word' id='word_1_178' title='bbox 1755 1476 2039 1545; x_wconf 82' lang='grc' dir='ltr'>ἀγαθοὺς,</span> 
     </span>
    </p>
   </div>
   <div class='ocr_carea' id='block_1_22' title="bbox 365 1560 2043 1636">
    <p class='ocr_par' dir='ltr' id='par_1_22' title="bbox 365 1560 2043 1636">
     <span class='ocr_line' id='line_1_22' title="bbox 365 1560 2043 1636; baseline 0.001 -21"><span class='ocrx_word' id='word_1_179' title='bbox 365 1562 466 1616; x_wconf 80' lang='grc' dir='ltr'>καί</span> <span class='ocrx_word' id='word_1_180' title='bbox 481 1560 689 1631; x_wconf 79' lang='grc' dir='ltr'>βρέχει</span> <span class='ocrx_word' id='word_1_181' title='bbox 717 1562 815 1616; x_wconf 78' lang='grc' dir='ltr'>ἐπὶ</span> <span class='ocrx_word' id='word_1_182' title='bbox 840 1561 1110 1628; x_wconf 78' lang='grc' dir='ltr'>δικαίους</span> <span class='ocrx_word' id='word_1_183' title='bbox 1132 1563 1230 1616; x_wconf 76' lang='grc' dir='ltr'>καὶ</span> <span class='ocrx_word' id='word_1_184' title='bbox 1259 1563 1509 1628; x_wconf 80' lang='grc' dir='ltr'>ἀδίκους</span> <span class='ocrx_word' id='word_1_185' title='bbox 1528 1581 1540 1594; x_wconf 77' lang='grc' dir='ltr'>ο</span> <span class='ocrx_word' id='word_1_186' title='bbox 1573 1565 1669 1618; x_wconf 79' lang='grc' dir='ltr'>καὶ</span> <span class='ocrx_word' id='word_1_187' title='bbox 1708 1563 1918 1636; x_wconf 86' lang='grc' dir='ltr'>μυρίων</span> <span class='ocrx_word' id='word_1_188' title='bbox 1946 1565 2043 1616; x_wconf 82' lang='grc' dir='ltr'>αὑ-</span> 
     </span>
    </p>
   </div>
   <div class='ocr_carea' id='block_1_23' title="bbox 364 1649 2037 1724">
    <p class='ocr_par' dir='ltr' id='par_1_23' title="bbox 364 1649 2037 1724">
     <span class='ocr_line' id='line_1_23' title="bbox 364 1649 2037 1724; baseline 0 -19"><span class='ocrx_word' id='word_1_189' title='bbox 364 1651 463 1724; x_wconf 79' lang='grc' dir='ltr'>τὴν</span> <span class='ocrx_word' id='word_1_190' title='bbox 490 1649 645 1716; x_wconf 82' lang='grc' dir='ltr'>ζώων</span> <span class='ocrx_word' id='word_1_191' title='bbox 677 1650 982 1722; x_wconf 83' lang='grc' dir='ltr'>ἐμπλήσας,</span> <span class='ocrx_word' id='word_1_192' title='bbox 1013 1652 1108 1705; x_wconf 69' lang='grc' dir='ltr'>καὶ</span> <span class='ocrx_word' id='word_1_193' title='bbox 1134 1653 1338 1722; x_wconf 70' lang='grc' dir='ltr'>φυσικὰ</span> <span class='ocrx_word' id='word_1_194' title='bbox 1375 1655 1489 1716; x_wconf 89' lang='grc' dir='ltr'>τοῖς</span> <span class='ocrx_word' id='word_1_195' title='bbox 1519 1652 1680 1717; x_wconf 81' lang='grc' dir='ltr'>ζώοις</span> <span class='ocrx_word' id='word_1_196' title='bbox 1709 1652 1886 1716; x_wconf 79' lang='grc' dir='ltr'>ἐνθεὶς</span> <span class='ocrx_word' id='word_1_197' title='bbox 1909 1651 2037 1723; x_wconf 57' lang='lat' dir='ltr'>non.</span> 
     </span>
    </p>
   </div>
   <div class='ocr_carea' id='block_1_24' title="bbox 364 1733 2040 1809">
    <p class='ocr_par' dir='ltr' id='par_1_24' title="bbox 364 1733 2040 1809">
     <span class='ocr_line' id='line_1_24' title="bbox 364 1733 2040 1809; baseline 0.001 -18"><span class='ocrx_word' id='word_1_198' title='bbox 364 1737 434 1791; x_wconf 78' lang='grc' dir='ltr'>τά</span> <span class='ocrx_word' id='word_1_199' title='bbox 471 1738 572 1808; x_wconf 81' lang='grc' dir='ltr'>μὲν</span> <span class='ocrx_word' id='word_1_200' title='bbox 623 1738 938 1809; x_wconf 85' lang='grc' dir='ltr'>μιμεῖσθαι,</span> <span class='ocrx_word' id='word_1_201' title='bbox 984 1739 1053 1792; x_wconf 83' lang='grc' dir='ltr'>τά</span> <span class='ocrx_word' id='word_1_202' title='bbox 1094 1738 1151 1791; x_wconf 85' lang='grc' dir='ltr'>δὲ</span> <span class='ocrx_word' id='word_1_203' title='bbox 1197 1739 1420 1808; x_wconf 83' lang='grc' dir='ltr'>φεύγειν</span> <span class='ocrx_word' id='word_1_204' title='bbox 1473 1739 1781 1793; x_wconf 86' lang='grc' dir='ltr'>ἐκέλευσεν.</span> <span class='ocrx_word' id='word_1_205' title='bbox 1813 1733 1940 1793; x_wconf 75' lang='grc' dir='ltr'>Οίόν</span> <span class='ocrx_word' id='word_1_206' title='bbox 1987 1757 2040 1792; x_wconf 93' lang='grc' dir='ltr'>τι</span> 
     </span>
    </p>
   </div>
   <div class='ocr_carea' id='block_1_25' title="bbox 365 1825 2041 1898">
    <p class='ocr_par' dir='ltr' id='par_1_25' title="bbox 365 1825 2041 1898">
     <span class='ocr_line' id='line_1_25' title="bbox 365 1825 2041 1898; baseline -0.001 -18"><span class='ocrx_word' id='word_1_207' title='bbox 365 1825 510 1896; x_wconf 90' lang='grc' dir='ltr'>λέγω</span> <span class='ocrx_word' id='word_1_208' title='bbox 529 1843 540 1854; x_wconf 94' lang='grc'><strong>·</strong></span> <span class='ocrx_word' id='word_1_209' title='bbox 575 1825 864 1894; x_wconf 87' lang='grc' dir='ltr'>φιλόπονόν</span> <span class='ocrx_word' id='word_1_210' title='bbox 887 1827 1036 1880; x_wconf 88' lang='grc' dir='ltr'>ἐστιν</span> <span class='ocrx_word' id='word_1_211' title='bbox 1061 1829 1090 1880; x_wconf 89' lang='lat'>6</span> <span class='ocrx_word' id='word_1_212' title='bbox 1116 1827 1359 1898; x_wconf 83' lang='grc' dir='ltr'>μύρμηξ,</span> <span class='ocrx_word' id='word_1_213' title='bbox 1397 1827 1492 1880; x_wconf 92' lang='lat' dir='ltr'>ml</span> <span class='ocrx_word' id='word_1_214' title='bbox 1526 1827 1782 1881; x_wconf 81' lang='grc' dir='ltr'>ἐπίπονον</span> <span class='ocrx_word' id='word_1_215' title='bbox 1805 1830 2041 1880; x_wconf 89' lang='grc' dir='ltr'>ποιεῖται</span> 
     </span>
    </p>
   </div>
   <div class='ocr_carea' id='block_1_26' title="bbox 364 1913 2040 1989">
    <p class='ocr_par' dir='ltr' id='par_1_26' title="bbox 364 1913 2040 1989">
     <span class='ocr_line' id='line_1_26' title="bbox 364 1913 2040 1989; baseline 0.001 -23"><span class='ocrx_word' id='word_1_216' title='bbox 364 1913 463 1986; x_wconf 83' lang='grc' dir='ltr'>τὴν</span> <span class='ocrx_word' id='word_1_217' title='bbox 491 1914 784 1986; x_wconf 77' lang='grc' dir='ltr'>ἐργασίανο</span> <span class='ocrx_word' id='word_1_218' title='bbox 815 1914 881 1969; x_wconf 86' lang='grc' dir='ltr'>ἂν</span> <span class='ocrx_word' id='word_1_219' title='bbox 920 1914 1099 1969; x_wconf 83' lang='grc' dir='ltr'>τοίνυν</span> <span class='ocrx_word' id='word_1_220' title='bbox 1132 1915 1428 1986; x_wconf 77' lang='grc' dir='ltr'>προσέχῃς,</span> <span class='ocrx_word' id='word_1_221' title='bbox 1465 1916 1726 1987; x_wconf 78' lang='grc' dir='ltr'>μεγίστην</span> <span class='ocrx_word' id='word_1_222' title='bbox 1760 1915 1914 1989; x_wconf 89' lang='grc' dir='ltr'>παρά</span> <span class='ocrx_word' id='word_1_223' title='bbox 1945 1914 2040 1968; x_wconf 84' lang='grc' dir='ltr'>τοῦ</span> 
     </span>
    </p>
   </div>
   <div class='ocr_carea' id='block_1_27' title="bbox 367 2000 2042 2074">
    <p class='ocr_par' dir='ltr' id='par_1_27' title="bbox 367 2000 2042 2074">
     <span class='ocr_line' id='line_1_27' title="bbox 367 2000 2042 2074; baseline 0.001 -20"><span class='ocrx_word' id='word_1_224' title='bbox 367 2000 507 2066; x_wconf 85' lang='grc' dir='ltr'>ζώου</span> <span class='ocrx_word' id='word_1_225' title='bbox 530 2001 659 2074; x_wconf 82' lang='grc' dir='ltr'>δέξῃ</span> <span class='ocrx_word' id='word_1_226' title='bbox 678 2002 1020 2074; x_wconf 90' lang='grc' dir='ltr'>παραίνεσιν,</span> <span class='ocrx_word' id='word_1_227' title='bbox 1050 2002 1192 2056; x_wconf 84' lang='grc' dir='ltr'>ὥστε</span> <span class='ocrx_word' id='word_1_228' title='bbox 1225 2003 1299 2074; x_wconf 81' lang='grc' dir='ltr'>μὴ</span> <span class='ocrx_word' id='word_1_229' title='bbox 1334 2003 1875 2072; x_wconf 79' lang='grc' dir='ltr'>καταμαλακίζεσθαι</span> <span class='ocrx_word' id='word_1_230' title='bbox 1908 2004 2042 2074; x_wconf 85' lang='grc' dir='ltr'>μηδέ</span> 
     </span>
    </p>
   </div>
   <div class='ocr_carea' id='block_1_28' title="bbox 366 2089 2043 2164">
    <p class='ocr_par' dir='ltr' id='par_1_28' title="bbox 366 2089 2043 2164">
     <span class='ocr_line' id='line_1_28' title="bbox 366 2089 2043 2164; baseline 0.001 -21"><span class='ocrx_word' id='word_1_231' title='bbox 366 2089 586 2159; x_wconf 79' lang='grc' dir='ltr'>φεύγειν</span> <span class='ocrx_word' id='word_1_232' title='bbox 613 2089 841 2161; x_wconf 77' lang='grc' dir='ltr'>ἱδρῶτας</span> <span class='ocrx_word' id='word_1_233' title='bbox 862 2091 954 2144; x_wconf 88' lang='lat' dir='ltr'>ml</span> <span class='ocrx_word' id='word_1_234' title='bbox 980 2090 1193 2154; x_wconf 86' lang='grc' dir='ltr'>πόνους.</span> <span class='ocrx_word' id='word_1_235' title='bbox 1227 2091 1327 2144; x_wconf 65' lang='lat' dir='ltr'>Ali</span> <span class='ocrx_word' id='word_1_236' title='bbox 1369 2090 1528 2144; x_wconf 89' lang='lat'><strong>10610</strong></span> <span class='ocrx_word' id='word_1_237' title='bbox 1552 2093 1643 2144; x_wconf 89' lang='lat' dir='ltr'>ml</span> <span class='ocrx_word' id='word_1_238' title='bbox 1675 2093 1708 2162; x_wconf 90' lang='grc' dir='ltr'>ἡ</span> <span class='ocrx_word' id='word_1_239' title='bbox 1737 2090 1927 2164; x_wconf 84' lang='grc' dir='ltr'>Γραφὴ</span> <span class='ocrx_word' id='word_1_240' title='bbox 1952 2091 2043 2146; x_wconf 89' lang='grc' dir='ltr'>τὸν</span> 
     </span>
    </p>
   </div>
   <div class='ocr_carea' id='block_1_29' title="bbox 366 2177 2046 2251">
    <p class='ocr_par' dir='ltr' id='par_1_29' title="bbox 366 2177 2046 2251">
     <span class='ocr_line' id='line_1_29' title="bbox 366 2177 2046 2251; baseline 0 -19"><span class='ocrx_word' id='word_1_241' title='bbox 366 2177 594 2251; x_wconf 82' lang='grc' dir='ltr'>ὀκνηρὸν</span> <span class='ocrx_word' id='word_1_242' title='bbox 643 2177 778 2249; x_wconf 89' lang='grc' dir='ltr'>πρὸς</span> <span class='ocrx_word' id='word_1_243' title='bbox 827 2179 1032 2230; x_wconf 90' lang='grc' dir='ltr'>ἐκεῖνον</span> <span class='ocrx_word' id='word_1_244' title='bbox 1070 2177 1282 2248; x_wconf 74' lang='grc' dir='ltr'>έπεμψε</span> <span class='ocrx_word' id='word_1_245' title='bbox 1318 2177 1574 2246; x_wconf 77' lang='grc' dir='ltr'>λέγουσα’</span> <span class='ocrx_word' id='word_1_246' title='bbox 1619 2179 1721 2232; x_wconf 84' lang='grc' dir='ltr'>Ἴθι</span> <span class='ocrx_word' id='word_1_247' title='bbox 1753 2179 1902 2248; x_wconf 81' lang='grc' dir='ltr'>πρὸς</span> <span class='ocrx_word' id='word_1_248' title='bbox 1939 2179 2046 2232; x_wconf 82' lang='grc' dir='ltr'>τὸν</span> 
     </span>
    </p>
   </div>
   <div class='ocr_carea' id='block_1_30' title="bbox 363 2261 2042 2336">
    <p class='ocr_par' dir='ltr' id='par_1_30' title="bbox 363 2261 2042 2336">
     <span class='ocr_line' id='line_1_30' title="bbox 363 2261 2042 2336; baseline 0 -16"><span class='ocrx_word' id='word_1_249' title='bbox 363 2267 661 2336; x_wconf 82' lang='grc' dir='ltr'>μύρμηκα.</span> <span class='ocrx_word' id='word_1_250' title='bbox 692 2261 740 2320; x_wconf 85' lang='grc' dir='ltr'><strong>ὦ</strong></span> <span class='ocrx_word' id='word_1_251' title='bbox 765 2267 1006 2334; x_wconf 74' lang='grc' dir='ltr'>ὀκνηρέ,</span> <span class='ocrx_word' id='word_1_252' title='bbox 1047 2265 1147 2320; x_wconf 85' lang='grc' dir='ltr'>καί</span> <span class='ocrx_word' id='word_1_253' title='bbox 1177 2264 1450 2332; x_wconf 76' lang='grc' dir='ltr'>ζ’ήλωσον</span> <span class='ocrx_word' id='word_1_254' title='bbox 1475 2269 1583 2330; x_wconf 82' lang='grc' dir='ltr'>τὰς</span> <span class='ocrx_word' id='word_1_255' title='bbox 1621 2265 1800 2333; x_wconf 85' lang='grc' dir='ltr'>ὀδοὺς</span> <span class='ocrx_word' id='word_1_256' title='bbox 1833 2267 2042 2331; x_wconf 85' lang='grc' dir='ltr'>αὐτοῦ,</span> 
     </span>
    </p>
   </div>
   <div class='ocr_carea' id='block_1_31' title="bbox 365 2353 2046 2427">
    <p class='ocr_par' dir='ltr' id='par_1_31' title="bbox 365 2353 2046 2427">
     <span class='ocr_line' id='line_1_31' title="bbox 365 2353 2046 2427; baseline -0.001 -17"><span class='ocrx_word' id='word_1_257' title='bbox 365 2356 465 2410; x_wconf 83' lang='grc' dir='ltr'>καί</span> <span class='ocrx_word' id='word_1_258' title='bbox 494 2355 671 2426; x_wconf 79' lang='grc' dir='ltr'>γενοῦ</span> <span class='ocrx_word' id='word_1_259' title='bbox 698 2355 935 2408; x_wconf 80' lang='grc' dir='ltr'>ἐκείνου</span> <span class='ocrx_word' id='word_1_260' title='bbox 964 2353 1322 2424; x_wconf 64' lang='grc' dir='ltr'>σοφώτερος.</span> <span class='ocrx_word' id='word_1_261' title='bbox 1353 2356 1426 2407; x_wconf 91' lang='grc' dir='ltr'>Οὑ</span> <span class='ocrx_word' id='word_1_262' title='bbox 1452 2354 1650 2424; x_wconf 85' lang='grc' dir='ltr'>βούλει,</span> <span class='ocrx_word' id='word_1_263' title='bbox 1671 2355 1805 2426; x_wconf 74' lang='grc' dir='ltr'>φησὶ</span> <span class='ocrx_word' id='word_1_264' title='bbox 1823 2396 1838 2419; x_wconf 92' lang='grc'>,</span> <span class='ocrx_word' id='word_1_265' title='bbox 1893 2355 2046 2427; x_wconf 82' lang='grc' dir='ltr'>παρὰ</span> 
     </span>
    </p>
   </div>
   <div class='ocr_carea' id='block_1_32' title="bbox 363 2441 2046 2515">
    <p class='ocr_par' dir='ltr' id='par_1_32' title="bbox 363 2441 2046 2515">
     <span class='ocr_line' id='line_1_32' title="bbox 363 2441 2046 2515; baseline 0.001 -19"><span class='ocrx_word' id='word_1_266' title='bbox 363 2443 474 2497; x_wconf 86' lang='grc' dir='ltr'>τῶν</span> <span class='ocrx_word' id='word_1_267' title='bbox 504 2443 782 2515; x_wconf 71' lang='grc' dir='ltr'>Γραφῶνιν</span> <span class='ocrx_word' id='word_1_268' title='bbox 812 2443 1002 2514; x_wconf 82' lang='grc' dir='ltr'>μαθεῖν</span> <span class='ocrx_word' id='word_1_269' title='bbox 1023 2443 1104 2495; x_wconf 84' lang='grc' dir='ltr'>ὄτι</span> <span class='ocrx_word' id='word_1_270' title='bbox 1129 2442 1291 2496; x_wconf 88' lang='grc' dir='ltr'>καλὸν</span> <span class='ocrx_word' id='word_1_271' title='bbox 1323 2442 1383 2495; x_wconf 88' lang='grc' dir='ltr'>τὸ</span> <span class='ocrx_word' id='word_1_272' title='bbox 1410 2441 1760 2512; x_wconf 75' lang='grc' dir='ltr'>ἐργάζεσθαι,</span> <span class='ocrx_word' id='word_1_273' title='bbox 1792 2444 1885 2496; x_wconf 90' lang='lat' dir='ltr'>ml</span> <span class='ocrx_word' id='word_1_274' title='bbox 1906 2444 1986 2496; x_wconf 82' lang='grc' dir='ltr'>ὅτι</span> <span class='ocrx_word' id='word_1_275' title='bbox 2017 2446 2046 2497; x_wconf 93' lang='lat'>6</span> 
     </span>
    </p>
   </div>
   <div class='ocr_carea' id='block_1_33' title="bbox 369 2529 2046 2603">
    <p class='ocr_par' dir='ltr' id='par_1_33' title="bbox 369 2529 2046 2603">
     <span class='ocr_line' id='line_1_33' title="bbox 369 2529 2046 2603; baseline -0.001 -19"><span class='ocrx_word' id='word_1_276' title='bbox 369 2531 444 2603; x_wconf 81' lang='grc' dir='ltr'>μὴ</span> <span class='ocrx_word' id='word_1_277' title='bbox 476 2529 845 2602; x_wconf 79' lang='grc' dir='ltr'>ἐργαζόμενος</span> <span class='ocrx_word' id='word_1_278' title='bbox 887 2529 1007 2583; x_wconf 83' lang='grc' dir='ltr'>οὑδὲ</span> <span class='ocrx_word' id='word_1_279' title='bbox 1049 2530 1252 2583; x_wconf 85' lang='grc' dir='ltr'>ἐσθίειν</span> <span class='ocrx_word' id='word_1_280' title='bbox 1297 2529 1535 2599; x_wconf 88' lang='grc' dir='ltr'>όφείλει;</span> <span class='ocrx_word' id='word_1_281' title='bbox 1570 2529 1632 2582; x_wconf 90' lang='grc' dir='ltr'>οὑ</span> <span class='ocrx_word' id='word_1_282' title='bbox 1669 2529 1847 2600; x_wconf 84' lang='grc' dir='ltr'>βούλει</span> <span class='ocrx_word' id='word_1_283' title='bbox 1893 2531 2046 2601; x_wconf 80' lang='grc' dir='ltr'>παρὰ</span> 
     </span>
    </p>
   </div>
   <div class='ocr_carea' id='block_1_34' title="bbox 364 2617 2045 2688">
    <p class='ocr_par' dir='ltr' id='par_1_34' title="bbox 364 2617 2045 2688">
     <span class='ocr_line' id='line_1_34' title="bbox 364 2617 2045 2688; baseline -0.002 -15"><span class='ocrx_word' id='word_1_284' title='bbox 364 2618 474 2673; x_wconf 85' lang='grc' dir='ltr'>τῶν</span> <span class='ocrx_word' id='word_1_285' title='bbox 500 2618 835 2672; x_wconf 81' lang='grc' dir='ltr'>διδασκάλων</span> <span class='ocrx_word' id='word_1_286' title='bbox 865 2617 1095 2672; x_wconf 84' lang='grc' dir='ltr'>ἀκοῦσαι</span> <span class='ocrx_word' id='word_1_287' title='bbox 1137 2618 1329 2684; x_wconf 86' lang='grc' dir='ltr'>τοῦτο;</span> <span class='ocrx_word' id='word_1_288' title='bbox 1381 2617 1701 2688; x_wconf 87' lang='grc' dir='ltr'>παιδεύθητι</span> <span class='ocrx_word' id='word_1_289' title='bbox 1745 2617 1896 2688; x_wconf 88' lang='grc' dir='ltr'>παρά</span> <span class='ocrx_word' id='word_1_290' title='bbox 1935 2618 2045 2671; x_wconf 83' lang='grc' dir='ltr'>τῶν</span> 
     </span>
    </p>
   </div>
   <div class='ocr_carea' id='block_1_35' title="bbox 365 2703 2045 2777">
    <p class='ocr_par' dir='ltr' id='par_1_35' title="bbox 365 2703 2045 2777">
     <span class='ocr_line' id='line_1_35' title="bbox 365 2703 2045 2777; baseline -0.001 -17"><span class='ocrx_word' id='word_1_291' title='bbox 365 2706 595 2776; x_wconf 82' lang='grc' dir='ltr'>ἀλόγων.</span> <span class='ocrx_word' id='word_1_292' title='bbox 631 2705 790 2760; x_wconf 88' lang='grc' dir='ltr'>Οῦτω</span> <span class='ocrx_word' id='word_1_293' title='bbox 829 2705 924 2760; x_wconf 90' lang='lat' dir='ltr'>ml</span> <span class='ocrx_word' id='word_1_294' title='bbox 953 2707 1012 2759; x_wconf 91' lang='grc' dir='ltr'>ἐν</span> <span class='ocrx_word' id='word_1_295' title='bbox 1043 2707 1164 2769; x_wconf 89' lang='grc' dir='ltr'>ταῖς</span> <span class='ocrx_word' id='word_1_296' title='bbox 1206 2705 1405 2770; x_wconf 76' lang='grc' dir='ltr'>οἰκίαις</span> <span class='ocrx_word' id='word_1_297' title='bbox 1455 2704 1741 2777; x_wconf 80' lang='grc' dir='ltr'>ποιοῦμεν,</span> <span class='ocrx_word' id='word_1_298' title='bbox 1785 2703 2045 2768; x_wconf 86' lang='grc' dir='ltr'>πολλάκις</span> 
     </span>
    </p>
   </div>
   <div class='ocr_carea' id='block_1_36' title="bbox 364 2789 2044 2866">
    <p class='ocr_par' dir='ltr' id='par_1_36' title="bbox 364 2789 2044 2866">
     <span class='ocr_line' id='line_1_36' title="bbox 364 2789 2044 2866; baseline 0 -18"><span class='ocrx_word' id='word_1_299' title='bbox 364 2795 490 2859; x_wconf 75' lang='grc' dir='ltr'>τοὺς</span> <span class='ocrx_word' id='word_1_300' title='bbox 514 2794 768 2866; x_wconf 78' lang='grc' dir='ltr'>μείζονας</span> <span class='ocrx_word' id='word_1_301' title='bbox 795 2794 890 2848; x_wconf 91' lang='lat' dir='ltr'>ml</span> <span class='ocrx_word' id='word_1_302' title='bbox 911 2793 1290 2866; x_wconf 78' lang='grc' dir='ltr'>ἐντιμοτέρους</span> <span class='ocrx_word' id='word_1_303' title='bbox 1318 2789 1459 2848; x_wconf 78' lang='grc' dir='ltr'>εῖναι</span> <span class='ocrx_word' id='word_1_304' title='bbox 1483 2793 1792 2859; x_wconf 86' lang='grc' dir='ltr'>δοκοῦντας,</span> <span class='ocrx_word' id='word_1_305' title='bbox 1822 2791 2044 2848; x_wconf 82' lang='grc' dir='ltr'>ἐπειδάν</span> 
     </span>
    </p>
   </div>
   <div class='ocr_carea' id='block_1_37' title="bbox 366 2880 2044 2955">
    <p class='ocr_par' dir='ltr' id='par_1_37' title="bbox 366 2880 2044 2955">
     <span class='ocr_line' id='line_1_37' title="bbox 366 2880 2044 2955; baseline -0.002 -14"><span class='ocrx_word' id='word_1_306' title='bbox 366 2883 676 2955; x_wconf 84' lang='grc' dir='ltr'>ἁμάρτωσι,</span> <span class='ocrx_word' id='word_1_307' title='bbox 710 2883 943 2946; x_wconf 86' lang='grc' dir='ltr'>παιδίοις</span> <span class='ocrx_word' id='word_1_308' title='bbox 966 2883 1194 2954; x_wconf 84' lang='grc' dir='ltr'>νήφουσι</span> <span class='ocrx_word' id='word_1_309' title='bbox 1221 2882 1509 2954; x_wconf 80' lang='grc' dir='ltr'>προσέχειν</span> <span class='ocrx_word' id='word_1_310' title='bbox 1551 2880 2044 2954; x_wconf 84' lang='grc' dir='ltr'>παρακελευόμεθα</span> 
     </span>
    </p>
   </div>
   <div class='ocr_carea' id='block_1_38' title="bbox 364 2969 2047 3042">
    <p class='ocr_par' dir='ltr' id='par_1_38' title="bbox 364 2969 2047 3042">
     <span class='ocr_line' id='line_1_38' title="bbox 364 2969 2047 3042; baseline -0.002 -18"><span class='ocrx_word' id='word_1_311' title='bbox 364 2972 642 3042; x_wconf 84' lang='grc' dir='ltr'>λέγοντες·</span> <span class='ocrx_word' id='word_1_312' title='bbox 693 2970 866 3024; x_wconf 81' lang='grc' dir='ltr'>Βλέπε</span> <span class='ocrx_word' id='word_1_313' title='bbox 907 2971 998 3024; x_wconf 92' lang='grc' dir='ltr'>τὸν</span> <span class='ocrx_word' id='word_1_314' title='bbox 1039 2981 1062 3008; x_wconf 76' lang='grc' dir='ltr'><strong>ο</strong></span> <span class='ocrx_word' id='word_1_315' title='bbox 1105 2971 1423 3042; x_wconf 90' lang='grc' dir='ltr'>μικρότερόν</span> <span class='ocrx_word' id='word_1_316' title='bbox 1465 2987 1558 3023; x_wconf 93' lang='grc' dir='ltr'>σου</span> <span class='ocrx_word' id='word_1_317' title='bbox 1593 2969 1709 3034; x_wconf 85' lang='grc' dir='ltr'>πῶς</span> <span class='ocrx_word' id='word_1_318' title='bbox 1738 2970 1854 3022; x_wconf 87' lang='grc' dir='ltr'>ἐστι</span> <span class='ocrx_word' id='word_1_319' title='bbox 1882 2987 2047 3022; x_wconf 85' lang='grc' dir='ltr'>σπου-</span> 
     </span>
    </p>
   </div>
   <div class='ocr_carea' id='block_1_39' title="bbox 363 3057 1098 3128">
    <p class='ocr_par' dir='ltr' id='par_1_39' title="bbox 363 3057 1098 3128">
     <span class='ocr_line' id='line_1_39' title="bbox 363 3057 1098 3128; baseline -0.003 -16"><span class='ocrx_word' id='word_1_320' title='bbox 363 3059 510 3122; x_wconf 87' lang='grc' dir='ltr'>δαῖος</span> <span class='ocrx_word' id='word_1_321' title='bbox 536 3062 630 3112; x_wconf 87' lang='lat' dir='ltr'>ml</span> <span class='ocrx_word' id='word_1_322' title='bbox 655 3057 1098 3128; x_wconf 83' lang='grc' dir='ltr'>διεγηγερμένος.</span> 
     </span>
    </p>
   </div>
   <div class='ocr_carea' id='block_1_40' title="bbox 435 3141 2045 3217">
    <p class='ocr_par' dir='ltr' id='par_1_40' title="bbox 435 3141 2045 3217">
     <span class='ocr_line' id='line_1_40' title="bbox 435 3141 2045 3217; baseline -0.004 -17"><span class='ocrx_word' id='word_1_323' title='bbox 435 3147 547 3200; x_wconf 76' lang='grc' dir='ltr'>Καὶ</span> <span class='ocrx_word' id='word_1_324' title='bbox 571 3147 636 3200; x_wconf 83' lang='grc' dir='ltr'>σὺ</span> <span class='ocrx_word' id='word_1_325' title='bbox 663 3146 844 3200; x_wconf 85' lang='grc' dir='ltr'>τοίνυν</span> <span class='ocrx_word' id='word_1_326' title='bbox 901 3146 1056 3217; x_wconf 85' lang='grc' dir='ltr'>παρὰ</span> <span class='ocrx_word' id='word_1_327' title='bbox 1094 3143 1188 3198; x_wconf 89' lang='grc' dir='ltr'>τοῦ</span> <span class='ocrx_word' id='word_1_328' title='bbox 1224 3143 1363 3210; x_wconf 78' lang='grc' dir='ltr'>ζώου</span> <span class='ocrx_word' id='word_1_329' title='bbox 1387 3143 1579 3197; x_wconf 90' lang='grc' dir='ltr'>τούτου</span> <span class='ocrx_word' id='word_1_330' title='bbox 1611 3145 1876 3216; x_wconf 88' lang='grc' dir='ltr'>μεγίστην</span> <span class='ocrx_word' id='word_1_331' title='bbox 1911 3141 2045 3197; x_wconf 89' lang='grc' dir='ltr'>λάϐε</span> 
     </span>
    </p>
   </div>
   <div class='ocr_carea' id='block_1_41' title="bbox 365 3232 2032 3307">
    <p class='ocr_par' dir='ltr' id='par_1_41' title="bbox 365 3232 2032 3307">
     <span class='ocr_line' id='line_1_41' title="bbox 365 3232 2032 3307; baseline -0.004 -19"><span class='ocrx_word' id='word_1_332' title='bbox 365 3235 684 3303; x_wconf 79' lang='grc' dir='ltr'>φιλοπονίας</span> <span class='ocrx_word' id='word_1_333' title='bbox 706 3236 1050 3307; x_wconf 87' lang='grc' dir='ltr'>παραίνεσιν,</span> <span class='ocrx_word' id='word_1_334' title='bbox 1072 3233 1167 3288; x_wconf 90' lang='lat' dir='ltr'>ml</span> <span class='ocrx_word' id='word_1_335' title='bbox 1189 3232 1290 3286; x_wconf 86' lang='grc' dir='ltr'>θαύ</span> <span class='ocrx_word' id='word_1_336' title='bbox 1300 3233 1470 3303; x_wconf 86' lang='grc' dir='ltr'>μασόν</span> <span class='ocrx_word' id='word_1_337' title='bbox 1502 3251 1594 3286; x_wconf 90' lang='grc' dir='ltr'>σου</span> <span class='ocrx_word' id='word_1_338' title='bbox 1614 3232 1706 3286; x_wconf 90' lang='grc' dir='ltr'>τὸν</span> <span class='ocrx_word' id='word_1_339' title='bbox 1735 3232 2032 3300; x_wconf 86' lang='grc' dir='ltr'>Δεσπότην,</span> 
     </span>
    </p>
   </div>
   <div class='ocr_carea' id='block_1_42' title="bbox 368 3318 2044 3394">
    <p class='ocr_par' dir='ltr' id='par_1_42' title="bbox 368 3318 2044 3394">
     <span class='ocr_line' id='line_1_42' title="bbox 368 3318 2044 3394; baseline -0.003 -19"><span class='ocrx_word' id='word_1_340' title='bbox 368 3322 443 3393; x_wconf 80' lang='grc' dir='ltr'>μὴ</span> <span class='ocrx_word' id='word_1_341' title='bbox 473 3322 660 3394; x_wconf 86' lang='grc' dir='ltr'>ἐπειδὴ</span> <span class='ocrx_word' id='word_1_342' title='bbox 687 3321 839 3394; x_wconf 82' lang='grc' dir='ltr'>ἡλιον</span> <span class='ocrx_word' id='word_1_343' title='bbox 865 3323 1090 3392; x_wconf 86' lang='grc' dir='ltr'>ἐποίησε</span> <span class='ocrx_word' id='word_1_344' title='bbox 1116 3321 1275 3392; x_wconf 81' lang='grc' dir='ltr'>μόνον</span> <span class='ocrx_word' id='word_1_345' title='bbox 1306 3321 1397 3374; x_wconf 88' lang='lat' dir='ltr'>ml</span> <span class='ocrx_word' id='word_1_346' title='bbox 1421 3320 1669 3390; x_wconf 89' lang='grc' dir='ltr'>οὑρανὸν,</span> <span class='ocrx_word' id='word_1_347' title='bbox 1705 3318 1820 3372; x_wconf 85' lang='grc' dir='ltr'>ἀλλ’</span> <span class='ocrx_word' id='word_1_348' title='bbox 1855 3318 2044 3389; x_wconf 86' lang='grc' dir='ltr'>ἐπειδὴ</span> 
     </span>
    </p>
   </div>
   <div class='ocr_carea' id='block_1_43' title="bbox 364 3404 2046 3482">
    <p class='ocr_par' dir='ltr' id='par_1_43' title="bbox 364 3404 2046 3482">
     <span class='ocr_line' id='line_1_43' title="bbox 364 3404 2046 3482; baseline -0.004 -20"><span class='ocrx_word' id='word_1_349' title='bbox 364 3410 461 3463; x_wconf 74' lang='grc' dir='ltr'>καὶ</span> <span class='ocrx_word' id='word_1_350' title='bbox 489 3409 757 3482; x_wconf 80' lang='grc' dir='ltr'>μύρμηκα</span> <span class='ocrx_word' id='word_1_351' title='bbox 779 3409 1040 3481; x_wconf 88' lang='grc' dir='ltr'>ἐποίησεν</span> <span class='ocrx_word' id='word_1_352' title='bbox 1068 3425 1085 3438; x_wconf 69' lang='grc' dir='ltr'><strong>ο</strong></span> <span class='ocrx_word' id='word_1_353' title='bbox 1110 3409 1159 3460; x_wconf 88' lang='grc' dir='ltr'>εἰ</span> <span class='ocrx_word' id='word_1_354' title='bbox 1183 3408 1292 3479; x_wconf 76' lang='grc' dir='ltr'>γὰρ</span> <span class='ocrx_word' id='word_1_355' title='bbox 1310 3408 1406 3460; x_wconf 89' lang='lat' dir='ltr'>ml</span> <span class='ocrx_word' id='word_1_356' title='bbox 1433 3407 1608 3480; x_wconf 83' lang='grc' dir='ltr'>βραχὺ</span> <span class='ocrx_word' id='word_1_357' title='bbox 1635 3407 1697 3458; x_wconf 89' lang='grc' dir='ltr'>τὸ</span> <span class='ocrx_word' id='word_1_358' title='bbox 1725 3405 1885 3470; x_wconf 80' lang='grc' dir='ltr'>ζῶον,</span> <span class='ocrx_word' id='word_1_359' title='bbox 1909 3404 2046 3458; x_wconf 79' lang='grc' dir='ltr'>ἀλλὰ</span> 
     </span>
    </p>
   </div>
   <div class='ocr_carea' id='block_1_44' title="bbox 365 3493 2046 3569">
    <p class='ocr_par' dir='ltr' id='par_1_44' title="bbox 365 3493 2046 3569">
     <span class='ocr_line' id='line_1_44' title="bbox 365 3493 2046 3569; baseline -0.003 -19"><span class='ocrx_word' id='word_1_360' title='bbox 365 3495 460 3550; x_wconf 81' lang='grc' dir='ltr'>τοῦ</span> <span class='ocrx_word' id='word_1_361' title='bbox 479 3497 742 3569; x_wconf 88' lang='grc' dir='ltr'>μεγέθους</span> <span class='ocrx_word' id='word_1_362' title='bbox 762 3497 864 3568; x_wconf 89' lang='grc' dir='ltr'>τῆς</span> <span class='ocrx_word' id='word_1_363' title='bbox 895 3495 1086 3565; x_wconf 85' lang='grc' dir='ltr'>σοφίας</span> <span class='ocrx_word' id='word_1_364' title='bbox 1107 3495 1201 3548; x_wconf 89' lang='grc' dir='ltr'>τοῦ</span> <span class='ocrx_word' id='word_1_365' title='bbox 1233 3494 1368 3548; x_wconf 83' lang='grc' dir='ltr'>Θεοῦ</span> <span class='ocrx_word' id='word_1_366' title='bbox 1399 3493 1604 3565; x_wconf 80' lang='grc' dir='ltr'>πολλὴν</span> <span class='ocrx_word' id='word_1_367' title='bbox 1636 3493 1749 3564; x_wconf 79' lang='grc' dir='ltr'>ἔχει</span> <span class='ocrx_word' id='word_1_368' title='bbox 1772 3493 1872 3564; x_wconf 78' lang='grc' dir='ltr'>τὴν</span> <span class='ocrx_word' id='word_1_369' title='bbox 1905 3493 2046 3546; x_wconf 87' lang='grc' dir='ltr'>ἀπό-</span> 
     </span>
    </p>
   </div>
   <div class='ocr_carea' id='block_1_45' title="bbox 365 3580 2043 3655">
    <p class='ocr_par' dir='ltr' id='par_1_45' title="bbox 365 3580 2043 3655">
     <span class='ocr_line' id='line_1_45' title="bbox 365 3580 2043 3655; baseline -0.004 -17"><span class='ocrx_word' id='word_1_370' title='bbox 365 3584 547 3649; x_wconf 77' lang='grc' dir='ltr'>δειξιν.</span> <span class='ocrx_word' id='word_1_371' title='bbox 591 3584 874 3655; x_wconf 81' lang='grc' dir='ltr'>Ἐννόησον</span> <span class='ocrx_word' id='word_1_372' title='bbox 897 3583 1028 3652; x_wconf 82' lang='grc' dir='ltr'>γοῦν</span> <span class='ocrx_word' id='word_1_373' title='bbox 1051 3582 1167 3645; x_wconf 87' lang='grc' dir='ltr'>πῶς</span> <span class='ocrx_word' id='word_1_374' title='bbox 1197 3584 1314 3636; x_wconf 85' lang='grc' dir='ltr'>ἐστι</span> <span class='ocrx_word' id='word_1_375' title='bbox 1341 3581 1582 3644; x_wconf 79' lang='grc' dir='ltr'>συνετὸν,</span> <span class='ocrx_word' id='word_1_376' title='bbox 1613 3582 1706 3634; x_wconf 76' lang='grc' dir='ltr'>καὶ</span> <span class='ocrx_word' id='word_1_377' title='bbox 1738 3580 2043 3651; x_wconf 87' lang='grc' dir='ltr'>Θαύμασον,</span> 
     </span>
    </p>
   </div>
   <div class='ocr_carea' id='block_1_46' title="bbox 366 3667 2044 3742">
    <p class='ocr_par' dir='ltr' id='par_1_46' title="bbox 366 3667 2044 3742">
     <span class='ocr_line' id='line_1_46' title="bbox 366 3667 2044 3742; baseline -0.004 -16"><span class='ocrx_word' id='word_1_378' title='bbox 366 3674 486 3736; x_wconf 78' lang='grc' dir='ltr'>πῶς</span> <span class='ocrx_word' id='word_1_379' title='bbox 551 3673 770 3742; x_wconf 76' lang='grc' dir='ltr'>ἴσχυσεν</span> <span class='ocrx_word' id='word_1_380' title='bbox 806 3671 836 3723; x_wconf 97' lang='lat'>6</span> <span class='ocrx_word' id='word_1_381' title='bbox 877 3671 1008 3734; x_wconf 89' lang='grc' dir='ltr'>Θεὸς</span> <span class='ocrx_word' id='word_1_382' title='bbox 1036 3671 1095 3723; x_wconf 85' lang='grc' dir='ltr'>ἐν</span> <span class='ocrx_word' id='word_1_383' title='bbox 1135 3668 1280 3724; x_wconf 81' lang='grc' dir='ltr'>οὑτω</span> <span class='ocrx_word' id='word_1_384' title='bbox 1315 3669 1508 3740; x_wconf 86' lang='grc' dir='ltr'>βραχεῖ</span> <span class='ocrx_word' id='word_1_385' title='bbox 1536 3668 1750 3740; x_wconf 89' lang='grc' dir='ltr'>σώματι</span> <span class='ocrx_word' id='word_1_386' title='bbox 1775 3667 2044 3738; x_wconf 86' lang='grc' dir='ltr'>τοσαύτην</span> 
     </span>
    </p>
   </div>
   <div class='ocr_carea' id='block_1_47' title="bbox 368 3754 2046 3830">
    <p class='ocr_par' dir='ltr' id='par_1_47' title="bbox 368 3754 2046 3830">
     <span class='ocr_line' id='line_1_47' title="bbox 368 3754 2046 3830; baseline -0.004 -18"><span class='ocrx_word' id='word_1_387' title='bbox 368 3759 748 3828; x_wconf 87' lang='grc' dir='ltr'>ἐγκαταθεῖναι</span> <span class='ocrx_word' id='word_1_388' title='bbox 786 3758 1051 3830; x_wconf 76' lang='grc' dir='ltr'>ἐργασίας</span> <span class='ocrx_word' id='word_1_389' title='bbox 1084 3755 1381 3826; x_wconf 76' lang='grc' dir='ltr'>ἐπιθυμίαν</span> <span class='ocrx_word' id='word_1_390' title='bbox 1407 3755 1770 3809; x_wconf 86' lang='grc' dir='ltr'>ἀδιάπτωτον.</span> <span class='ocrx_word' id='word_1_391' title='bbox 1803 3754 1914 3807; x_wconf 73' lang='grc' dir='ltr'>Καὶ</span> <span class='ocrx_word' id='word_1_392' title='bbox 1936 3754 2046 3808; x_wconf 85' lang='grc' dir='ltr'>ἀπὸ</span> 
     </span>
    </p>
   </div>
   <div class='ocr_carea' id='block_1_48' title="bbox 365 3842 2046 3917">
    <p class='ocr_par' dir='ltr' id='par_1_48' title="bbox 365 3842 2046 3917">
     <span class='ocr_line' id='line_1_48' title="bbox 365 3842 2046 3917; baseline -0.002 -18"><span class='ocrx_word' id='word_1_393' title='bbox 365 3847 563 3902; x_wconf 73' lang='grc' dir='ltr'>τούτου</span> <span class='ocrx_word' id='word_1_394' title='bbox 593 3847 691 3917; x_wconf 82' lang='grc' dir='ltr'>μὲν</span> <span class='ocrx_word' id='word_1_395' title='bbox 723 3846 784 3898; x_wconf 87' lang='grc' dir='ltr'>τὸ</span> <span class='ocrx_word' id='word_1_396' title='bbox 835 3845 1140 3913; x_wconf 87' lang='grc' dir='ltr'>φιλόπονον.</span> <span class='ocrx_word' id='word_1_397' title='bbox 1181 3843 1288 3896; x_wconf 87' lang='grc' dir='ltr'>ἀπὸ</span> <span class='ocrx_word' id='word_1_398' title='bbox 1334 3842 1394 3896; x_wconf 88' lang='grc' dir='ltr'>δέ</span> <span class='ocrx_word' id='word_1_399' title='bbox 1436 3843 1538 3913; x_wconf 89' lang='grc' dir='ltr'>τῆς</span> <span class='ocrx_word' id='word_1_400' title='bbox 1562 3843 1815 3913; x_wconf 86' lang='grc' dir='ltr'>μελίττης</span> <span class='ocrx_word' id='word_1_401' title='bbox 1851 3843 1946 3896; x_wconf 86' lang='lat' dir='ltr'>ml</span> <span class='ocrx_word' id='word_1_402' title='bbox 1984 3842 2046 3895; x_wconf 83' lang='lat'>16</span> 
     </span>
    </p>
   </div>
   <div class='ocr_carea' id='block_1_49' title="bbox 367 3930 2039 4004">
    <p class='ocr_par' dir='ltr' id='par_1_49' title="bbox 367 3930 2039 4004">
     <span class='ocr_line' id='line_1_49' title="bbox 367 3930 2039 4004; baseline -0.002 -16"><span class='ocrx_word' id='word_1_403' title='bbox 367 3933 656 4004; x_wconf 79' lang='grc' dir='ltr'>φιλόκαλον</span> <span class='ocrx_word' id='word_1_404' title='bbox 685 3935 778 3986; x_wconf 85' lang='lat' dir='ltr'>ml</span> <span class='ocrx_word' id='word_1_405' title='bbox 805 3933 864 3985; x_wconf 91' lang='grc' dir='ltr'>τὸ</span> <span class='ocrx_word' id='word_1_406' title='bbox 890 3931 1174 4001; x_wconf 84' lang='grc' dir='ltr'>φιλόπονον</span> <span class='ocrx_word' id='word_1_407' title='bbox 1204 3931 1444 4001; x_wconf 83' lang='grc' dir='ltr'>μάνθανε</span> <span class='ocrx_word' id='word_1_408' title='bbox 1491 3931 1587 3985; x_wconf 74' lang='grc' dir='ltr'>καὶ</span> <span class='ocrx_word' id='word_1_409' title='bbox 1613 3931 1675 3984; x_wconf 85' lang='grc' dir='ltr'>τὸ</span> <span class='ocrx_word' id='word_1_410' title='bbox 1694 3930 2039 4002; x_wconf 80' lang='grc' dir='ltr'>φιλάλληλον.</span> 
     </span>
    </p>
   </div>
   <div class='ocr_carea' id='block_1_50' title="bbox 368 4019 2039 4093">
    <p class='ocr_par' dir='ltr' id='par_1_50' title="bbox 368 4019 2039 4093">
     <span class='ocr_line' id='line_1_50' title="bbox 368 4019 2039 4093; baseline -0.003 -16"><span class='ocrx_word' id='word_1_411' title='bbox 368 4023 480 4078; x_wconf 77' lang='grc' dir='ltr'>Καὶ</span> <span class='ocrx_word' id='word_1_412' title='bbox 506 4022 614 4093; x_wconf 72' lang='grc' dir='ltr'>γὰρ</span> <span class='ocrx_word' id='word_1_413' title='bbox 648 4020 828 4088; x_wconf 86' lang='grc' dir='ltr'>ἐκείνη</span> <span class='ocrx_word' id='word_1_414' title='bbox 864 4020 963 4090; x_wconf 87' lang='grc' dir='ltr'>οὑχ</span> <span class='ocrx_word' id='word_1_415' title='bbox 989 4021 1156 4090; x_wconf 79' lang='grc' dir='ltr'>ἑαυτῇ</span> <span class='ocrx_word' id='word_1_416' title='bbox 1192 4019 1390 4088; x_wconf 79' lang='grc' dir='ltr'>μᾶλλον</span> <span class='ocrx_word' id='word_1_417' title='bbox 1415 4019 1448 4091; x_wconf 83' lang='grc' dir='ltr'>ἢ</span> <span class='ocrx_word' id='word_1_418' title='bbox 1482 4019 1613 4090; x_wconf 88' lang='grc' dir='ltr'>ἡμῖν</span> <span class='ocrx_word' id='word_1_419' title='bbox 1637 4021 1793 4071; x_wconf 86' lang='grc' dir='ltr'>πονεῖ</span> <span class='ocrx_word' id='word_1_420' title='bbox 1825 4019 1920 4071; x_wconf 93' lang='lat' dir='ltr'>ml</span> <span class='ocrx_word' id='word_1_421' title='bbox 1939 4036 2039 4072; x_wconf 79' lang='lat' dir='ltr'>1a-</span> 
     </span>
    </p>
   </div>
   <div class='ocr_carea' id='block_1_51' title="bbox 366 4106 2042 4181">
    <p class='ocr_par' dir='ltr' id='par_1_51' title="bbox 366 4106 2042 4181">
     <span class='ocr_line' id='line_1_51' title="bbox 366 4106 2042 4181; baseline -0.002 -17"><span class='ocrx_word' id='word_1_422' title='bbox 366 4111 722 4181; x_wconf 87' lang='grc' dir='ltr'>λαιπωρεῖται</span> <span class='ocrx_word' id='word_1_423' title='bbox 748 4108 866 4162; x_wconf 82' lang='grc' dir='ltr'>καθ’</span> <span class='ocrx_word' id='word_1_424' title='bbox 895 4107 1130 4177; x_wconf 77' lang='grc' dir='ltr'>ἑκάστην</span> <span class='ocrx_word' id='word_1_425' title='bbox 1155 4109 1368 4179; x_wconf 81' lang='grc' dir='ltr'>ἡμέραν</span> <span class='ocrx_word' id='word_1_426' title='bbox 1387 4124 1400 4137; x_wconf 75' lang='grc' dir='ltr'><strong>ο</strong></span> <span class='ocrx_word' id='word_1_427' title='bbox 1429 4106 1457 4159; x_wconf 85' lang='lat'>6</span> <span class='ocrx_word' id='word_1_428' title='bbox 1489 4106 1722 4177; x_wconf 80' lang='grc' dir='ltr'>μάλιστα</span> <span class='ocrx_word' id='word_1_429' title='bbox 1750 4107 1883 4160; x_wconf 86' lang='grc' dir='ltr'>ῐδιον</span> <span class='ocrx_word' id='word_1_430' title='bbox 1908 4108 2042 4178; x_wconf 85' lang='grc' dir='ltr'>Χρι-</span> 
     </span>
    </p>
   </div>
   <div class='ocr_carea' id='block_1_52' title="bbox 368 4194 2041 4270">
    <p class='ocr_par' dir='ltr' id='par_1_52' title="bbox 368 4194 2041 4270">
     <span class='ocr_line' id='line_1_52' title="bbox 368 4194 2041 4270; baseline -0.002 -17"><span class='ocrx_word' id='word_1_431' title='bbox 368 4199 591 4270; x_wconf 84' lang='grc' dir='ltr'>στιανῷ,</span> <span class='ocrx_word' id='word_1_432' title='bbox 623 4198 682 4252; x_wconf 85' lang='grc' dir='ltr'>τὸ</span> <span class='ocrx_word' id='word_1_433' title='bbox 725 4198 800 4268; x_wconf 81' lang='grc' dir='ltr'>μὴ</span> <span class='ocrx_word' id='word_1_434' title='bbox 846 4197 915 4250; x_wconf 75' lang='grc' dir='ltr'>τὰ</span> <span class='ocrx_word' id='word_1_435' title='bbox 953 4195 1146 4249; x_wconf 82' lang='grc' dir='ltr'>ἑαυτοῦ</span> <span class='ocrx_word' id='word_1_436' title='bbox 1177 4196 1381 4264; x_wconf 79' lang='grc' dir='ltr'>ζητεῖν,</span> <span class='ocrx_word' id='word_1_437' title='bbox 1409 4195 1546 4248; x_wconf 83' lang='grc' dir='ltr'>ἀλλά</span> <span class='ocrx_word' id='word_1_438' title='bbox 1571 4195 1640 4248; x_wconf 77' lang='grc' dir='ltr'>τὰ</span> <span class='ocrx_word' id='word_1_439' title='bbox 1667 4194 1777 4248; x_wconf 82' lang='grc' dir='ltr'>τῶν</span> <span class='ocrx_word' id='word_1_440' title='bbox 1811 4196 2041 4267; x_wconf 85' lang='grc' dir='ltr'>ἑτέρων.</span> 
     </span>
    </p>
   </div>
   <div class='ocr_carea' id='block_1_53' title="bbox 370 4281 2040 4359">
    <p class='ocr_par' dir='ltr' id='par_1_53' title="bbox 370 4281 2040 4359">
     <span class='ocr_line' id='line_1_53' title="bbox 370 4281 2040 4359; baseline -0.002 -18"><span class='ocrx_word' id='word_1_441' title='bbox 370 4288 580 4359; x_wconf 81' lang='grc' dir='ltr'>Ὥσπερ</span> <span class='ocrx_word' id='word_1_442' title='bbox 618 4281 710 4339; x_wconf 84' lang='grc' dir='ltr'>οὖν</span> <span class='ocrx_word' id='word_1_443' title='bbox 744 4285 926 4356; x_wconf 89' lang='grc' dir='ltr'>ἐκείνη</span> <span class='ocrx_word' id='word_1_444' title='bbox 962 4284 1167 4346; x_wconf 81' lang='grc' dir='ltr'>πάντας</span> <span class='ocrx_word' id='word_1_445' title='bbox 1204 4282 1562 4354; x_wconf 88' lang='grc' dir='ltr'>περιίπταται</span> <span class='ocrx_word' id='word_1_446' title='bbox 1592 4283 1718 4345; x_wconf 79' lang='grc' dir='ltr'>τοὺς</span> <span class='ocrx_word' id='word_1_447' title='bbox 1746 4282 2040 4353; x_wconf 83' lang='grc' dir='ltr'>λειμῶνας.</span> 
     </span>
    </p>
   </div>
   <div class='ocr_carea' id='block_1_54' title="bbox 369 4369 2040 4446">
    <p class='ocr_par' dir='ltr' id='par_1_54' title="bbox 369 4369 2040 4446">
     <span class='ocr_line' id='line_1_54' title="bbox 369 4369 2040 4446; baseline -0.002 -18"><span class='ocrx_word' id='word_1_448' title='bbox 369 4375 458 4430; x_wconf 81' lang='grc' dir='ltr'>ἵνα</span> <span class='ocrx_word' id='word_1_449' title='bbox 491 4374 714 4446; x_wconf 81' lang='grc' dir='ltr'>ἑτοίμην</span> <span class='ocrx_word' id='word_1_450' title='bbox 741 4373 912 4444; x_wconf 79' lang='grc' dir='ltr'>ἑτέρῳ</span> <span class='ocrx_word' id='word_1_451' title='bbox 929 4373 1322 4443; x_wconf 80' lang='grc' dir='ltr'>παρασκευάσῃ</span> <span class='ocrx_word' id='word_1_452' title='bbox 1347 4370 1625 4442; x_wconf 81' lang='grc' dir='ltr'>τράπεζαν</span> <span class='ocrx_word' id='word_1_453' title='bbox 1644 4388 1656 4401; x_wconf 73' lang='grc' dir='ltr'><strong>ο</strong></span> <span class='ocrx_word' id='word_1_454' title='bbox 1691 4369 1834 4424; x_wconf 80' lang='grc' dir='ltr'>οὑτω</span> <span class='ocrx_word' id='word_1_455' title='bbox 1858 4373 1954 4424; x_wconf 85' lang='lat' dir='ltr'>ml</span> <span class='ocrx_word' id='word_1_456' title='bbox 1974 4372 2040 4425; x_wconf 83' lang='grc' dir='ltr'>σὺ</span> 
     </span>
    </p>
   </div>
   <div class='ocr_carea' id='block_1_55' title="bbox 370 4457 2044 4534">
    <p class='ocr_par' dir='ltr' id='par_1_55' title="bbox 370 4457 2044 4534">
     <span class='ocr_line' id='line_1_55' title="bbox 370 4457 2044 4534; baseline -0.004 -18"><span class='ocrx_word' id='word_1_457' title='bbox 370 4462 614 4534; x_wconf 87' lang='grc' dir='ltr'>ποίησον,</span> <span class='ocrx_word' id='word_1_458' title='bbox 639 4461 915 4534; x_wconf 78' lang='grc' dir='ltr'>ἄνθρωπε,</span> <span class='ocrx_word' id='word_1_459' title='bbox 956 4459 1058 4513; x_wconf 83' lang='grc' dir='ltr'>κᾶν</span> <span class='ocrx_word' id='word_1_460' title='bbox 1096 4462 1353 4530; x_wconf 84' lang='grc' dir='ltr'>χρήματα</span> <span class='ocrx_word' id='word_1_461' title='bbox 1393 4458 1677 4529; x_wconf 87' lang='grc' dir='ltr'>συλλέγῃς,</span> <span class='ocrx_word' id='word_1_462' title='bbox 1713 4459 1792 4521; x_wconf 91' lang='grc' dir='ltr'>είς</span> <span class='ocrx_word' id='word_1_463' title='bbox 1822 4457 2044 4530; x_wconf 86' lang='grc' dir='ltr'>ἐτέρους</span> 
     </span>
    </p>
   </div>
   <div class='ocr_carea' id='block_1_56' title="bbox 368 4546 2042 4622">
    <p class='ocr_par' dir='ltr' id='par_1_56' title="bbox 368 4546 2042 4622">
     <span class='ocr_line' id='line_1_56' title="bbox 368 4546 2042 4622; baseline -0.004 -17"><span class='ocrx_word' id='word_1_464' title='bbox 368 4551 698 4622; x_wconf 88' lang='grc' dir='ltr'>δαπάνησον,</span> <span class='ocrx_word' id='word_1_465' title='bbox 731 4549 836 4602; x_wconf 77' lang='grc' dir='ltr'>κᾶν</span> <span class='ocrx_word' id='word_1_466' title='bbox 859 4547 1051 4616; x_wconf 91' lang='grc' dir='ltr'>λόγους</span> <span class='ocrx_word' id='word_1_467' title='bbox 1071 4547 1416 4610; x_wconf 78' lang='grc' dir='ltr'>διδασκαλίας</span> <span class='ocrx_word' id='word_1_468' title='bbox 1443 4547 1592 4618; x_wconf 80' lang='grc' dir='ltr'>ἔχῃς,</span> <span class='ocrx_word' id='word_1_469' title='bbox 1624 4547 1698 4618; x_wconf 84' lang='grc' dir='ltr'>μὴ</span> <span class='ocrx_word' id='word_1_470' title='bbox 1716 4546 2042 4620; x_wconf 79' lang='grc' dir='ltr'>κατορύξῃς,</span> 
     </span>
    </p>
   </div>
   <div class='ocr_carea' id='block_1_57' title="bbox 369 4633 2045 4710">
    <p class='ocr_par' dir='ltr' id='par_1_57' title="bbox 369 4633 2045 4710">
     <span class='ocr_line' id='line_1_57' title="bbox 369 4633 2045 4710; baseline -0.002 -18"><span class='ocrx_word' id='word_1_471' title='bbox 369 4639 506 4692; x_wconf 78' lang='grc' dir='ltr'>ἀλλὰ</span> <span class='ocrx_word' id='word_1_472' title='bbox 537 4635 737 4710; x_wconf 84' lang='grc' dir='ltr'>πρόθες</span> <span class='ocrx_word' id='word_1_473' title='bbox 761 4633 915 4707; x_wconf 75' lang='grc'>[126]</span> <span class='ocrx_word' id='word_1_474' title='bbox 942 4635 1024 4699; x_wconf 88' lang='grc' dir='ltr'>εἰς</span> <span class='ocrx_word' id='word_1_475' title='bbox 1052 4633 1214 4705; x_wconf 81' lang='grc' dir='ltr'>μέσον</span> <span class='ocrx_word' id='word_1_476' title='bbox 1245 4638 1356 4698; x_wconf 88' lang='grc' dir='ltr'>τοῖς</span> <span class='ocrx_word' id='word_1_477' title='bbox 1393 4633 1690 4704; x_wconf 86' lang='grc' dir='ltr'>δεομένοις,</span> <span class='ocrx_word' id='word_1_478' title='bbox 1729 4633 1833 4687; x_wconf 83' lang='grc' dir='ltr'>κᾶν</span> <span class='ocrx_word' id='word_1_479' title='bbox 1857 4633 2045 4706; x_wconf 73' lang='grc' dir='ltr'>ἕτερον</span> 
     </span>
    </p>
   </div>
   <div class='ocr_carea' id='block_1_58' title="bbox 368 4720 2044 4800">
    <p class='ocr_par' dir='ltr' id='par_1_58' title="bbox 368 4720 2044 4800">
     <span class='ocr_line' id='line_1_58' title="bbox 368 4720 2044 4800; baseline -0.004 -20"><span class='ocrx_word' id='word_1_480' title='bbox 368 4727 501 4800; x_wconf 74' lang='grc' dir='ltr'>ἔχῃς</span> <span class='ocrx_word' id='word_1_481' title='bbox 549 4724 950 4795; x_wconf 82' lang='grc' dir='ltr'>πλεονέκτημα,</span> <span class='ocrx_word' id='word_1_482' title='bbox 1000 4720 1161 4790; x_wconf 86' lang='grc' dir='ltr'>γενοῦ</span> <span class='ocrx_word' id='word_1_483' title='bbox 1197 4722 1465 4791; x_wconf 81' lang='grc' dir='ltr'>χρήσιμος</span> <span class='ocrx_word' id='word_1_484' title='bbox 1497 4723 1610 4783; x_wconf 77' lang='grc' dir='ltr'>τοῖς</span> <span class='ocrx_word' id='word_1_485' title='bbox 1641 4720 1917 4790; x_wconf 88' lang='grc' dir='ltr'>δεομένοις</span> <span class='ocrx_word' id='word_1_486' title='bbox 1935 4721 2044 4774; x_wconf 85' lang='grc' dir='ltr'>τῶν</span> 
     </span>
    </p>
   </div>
   <div class='ocr_carea' id='block_1_59' title="bbox 373 4807 2047 4880">
    <p class='ocr_par' dir='ltr' id='par_1_59' title="bbox 373 4807 2047 4880">
     <span class='ocr_line' id='line_1_59' title="bbox 373 4807 2047 4880; baseline -0.004 -12"><span class='ocrx_word' id='word_1_487' title='bbox 373 4815 480 4868; x_wconf 86' lang='grc' dir='ltr'>σῶν</span> <span class='ocrx_word' id='word_1_488' title='bbox 505 4811 798 4867; x_wconf 87' lang='grc' dir='ltr'>ἀπολαύειν</span> <span class='ocrx_word' id='word_1_489' title='bbox 838 4811 1038 4864; x_wconf 91' lang='grc' dir='ltr'>πόνων.</span> <span class='ocrx_word' id='word_1_490' title='bbox 1072 4810 1186 4879; x_wconf 89' lang='grc' dir='ltr'>Οὑχ</span> <span class='ocrx_word' id='word_1_491' title='bbox 1215 4810 1346 4880; x_wconf 76' lang='grc' dir='ltr'>ὁρᾷς</span> <span class='ocrx_word' id='word_1_492' title='bbox 1381 4809 1463 4862; x_wconf 83' lang='grc' dir='ltr'>ὅτι</span> <span class='ocrx_word' id='word_1_493' title='bbox 1489 4809 1576 4862; x_wconf 83' lang='grc' dir='ltr'>διὰ</span> <span class='ocrx_word' id='word_1_494' title='bbox 1603 4807 1762 4862; x_wconf 86' lang='grc' dir='ltr'>τοῦτο</span> <span class='ocrx_word' id='word_1_495' title='bbox 1812 4808 2047 4878; x_wconf 90' lang='grc' dir='ltr'>μάλιστα</span> 
     </span>
    </p>
   </div>
   <div class='ocr_carea' id='block_1_60' title="bbox 368 4895 2046 4968">
    <p class='ocr_par' dir='ltr' id='par_1_60' title="bbox 368 4895 2046 4968">
     <span class='ocr_line' id='line_1_60' title="bbox 368 4895 2046 4968; baseline -0.005 -12"><span class='ocrx_word' id='word_1_496' title='bbox 368 4901 480 4957; x_wconf 86' lang='grc' dir='ltr'>τῶν</span> <span class='ocrx_word' id='word_1_497' title='bbox 499 4900 672 4956; x_wconf 75' lang='grc' dir='ltr'>ἄλλων</span> <span class='ocrx_word' id='word_1_498' title='bbox 689 4899 834 4956; x_wconf 76' lang='grc' dir='ltr'>ἐστὶν</span> <span class='ocrx_word' id='word_1_499' title='bbox 863 4897 1185 4968; x_wconf 87' lang='grc' dir='ltr'>ἐντιμοτέρα</span> <span class='ocrx_word' id='word_1_500' title='bbox 1208 4895 1361 4960; x_wconf 81' lang='grc' dir='ltr'>ζώων</span> <span class='ocrx_word' id='word_1_501' title='bbox 1387 4897 1420 4967; x_wconf 84' lang='grc' dir='ltr'>ἡ</span> <span class='ocrx_word' id='word_1_502' title='bbox 1453 4895 1696 4966; x_wconf 87' lang='grc' dir='ltr'>μέλιττα,</span> <span class='ocrx_word' id='word_1_503' title='bbox 1729 4895 1830 4949; x_wconf 89' lang='grc' dir='ltr'>οὑκ</span> <span class='ocrx_word' id='word_1_504' title='bbox 1861 4895 2046 4968; x_wconf 84' lang='grc' dir='ltr'>ἐπειδὴ</span> 
     </span>
    </p>
   </div>
   <div class='ocr_carea' id='block_1_61' title="bbox 370 4985 2045 5058">
    <p class='ocr_par' dir='ltr' id='par_1_61' title="bbox 370 4985 2045 5058">
     <span class='ocr_line' id='line_1_61' title="bbox 370 4985 2045 5058; baseline -0.005 -12"><span class='ocrx_word' id='word_1_505' title='bbox 370 4993 547 5055; x_wconf 88' lang='grc' dir='ltr'>πονεῖ,</span> <span class='ocrx_word' id='word_1_506' title='bbox 593 4988 709 5044; x_wconf 84' lang='grc' dir='ltr'>ἀλλ’</span> <span class='ocrx_word' id='word_1_507' title='bbox 759 4985 946 5057; x_wconf 79' lang='grc' dir='ltr'>ἐπειδὴ</span> <span class='ocrx_word' id='word_1_508' title='bbox 1003 4987 1213 5058; x_wconf 88' lang='grc' dir='ltr'>ἐτέροις</span> <span class='ocrx_word' id='word_1_509' title='bbox 1242 4989 1430 5050; x_wconf 70' lang='grc' dir='ltr'>πονεῖς</span> <span class='ocrx_word' id='word_1_510' title='bbox 1461 4985 1585 5039; x_wconf 71' lang='grc' dir='ltr'>ἐπεὶ</span> <span class='ocrx_word' id='word_1_511' title='bbox 1618 4988 1711 5039; x_wconf 91' lang='lat' dir='ltr'>ml</span> <span class='ocrx_word' id='word_1_512' title='bbox 1743 4987 1772 5039; x_wconf 88' lang='lat'>6</span> <span class='ocrx_word' id='word_1_513' title='bbox 1802 4986 2045 5058; x_wconf 86' lang='grc' dir='ltr'>ἀράχνης</span> 
     </span>
    </p>
   </div>
   <div class='ocr_carea' id='block_1_62' title="bbox 371 5072 2047 5144">
    <p class='ocr_par' dir='ltr' id='par_1_62' title="bbox 371 5072 2047 5144">
     <span class='ocr_line' id='line_1_62' title="bbox 371 5072 2047 5144; baseline -0.004 -10"><span class='ocrx_word' id='word_1_514' title='bbox 371 5079 524 5134; x_wconf 84' lang='grc' dir='ltr'>πονεῖ</span> <span class='ocrx_word' id='word_1_515' title='bbox 593 5076 685 5130; x_wconf 81' lang='lat' dir='ltr'>ml</span> <span class='ocrx_word' id='word_1_516' title='bbox 743 5073 1169 5144; x_wconf 84' lang='grc' dir='ltr'>ταλαιπωρεῖται</span> <span class='ocrx_word' id='word_1_517' title='bbox 1225 5075 1319 5126; x_wconf 89' lang='lat' dir='ltr'>ml</span> <span class='ocrx_word' id='word_1_518' title='bbox 1365 5073 1539 5127; x_wconf 82' lang='grc' dir='ltr'>λεπτὰ</span> <span class='ocrx_word' id='word_1_519' title='bbox 1595 5072 1850 5126; x_wconf 90' lang='grc' dir='ltr'>διατείνει</span> <span class='ocrx_word' id='word_1_520' title='bbox 1905 5073 2047 5127; x_wconf 87' lang='grc' dir='ltr'>κατὰ</span> 
     </span>
    </p>
   </div>
   <div class='ocr_carea' id='block_1_63' title="bbox 368 5159 2046 5236">
    <p class='ocr_par' dir='ltr' id='par_1_63' title="bbox 368 5159 2046 5236">
     <span class='ocr_line' id='line_1_63' title="bbox 368 5159 2046 5236; baseline -0.007 -14"><span class='ocrx_word' id='word_1_521' title='bbox 368 5169 497 5231; x_wconf 80' lang='grc' dir='ltr'>τοὺς</span> <span class='ocrx_word' id='word_1_522' title='bbox 541 5164 755 5236; x_wconf 90' lang='grc' dir='ltr'>τοίχους</span> <span class='ocrx_word' id='word_1_523' title='bbox 815 5159 1113 5232; x_wconf 86' lang='grc' dir='ltr'>ὑφάσματα</span> <span class='ocrx_word' id='word_1_524' title='bbox 1153 5162 1336 5214; x_wconf 77' lang='grc' dir='ltr'>πᾶσαν</span> <span class='ocrx_word' id='word_1_525' title='bbox 1380 5160 1636 5228; x_wconf 89' lang='grc' dir='ltr'>γυναικὸς</span> <span class='ocrx_word' id='word_1_526' title='bbox 1659 5159 1851 5230; x_wconf 87' lang='grc' dir='ltr'>σοφίαν</span> <span class='ocrx_word' id='word_1_527' title='bbox 1873 5161 2046 5232; x_wconf 78' lang='grc' dir='ltr'>ὑπερ·</span> 
     </span>
    </p>
   </div>
   <div class='ocr_carea' id='block_1_64' title="bbox 372 5245 2046 5319">
    <p class='ocr_par' dir='ltr' id='par_1_64' title="bbox 372 5245 2046 5319">
     <span class='ocr_line' id='line_1_64' title="bbox 372 5245 2046 5319; baseline -0.004 -11"><span class='ocrx_word' id='word_1_528' title='bbox 372 5255 657 5319; x_wconf 79' lang='grc' dir='ltr'>ϐάλλοντα,</span> <span class='ocrx_word' id='word_1_529' title='bbox 699 5250 815 5307; x_wconf 86' lang='grc' dir='ltr'>ἀλλ’</span> <span class='ocrx_word' id='word_1_530' title='bbox 853 5248 999 5303; x_wconf 76' lang='grc' dir='ltr'>ἔστιν</span> <span class='ocrx_word' id='word_1_531' title='bbox 1035 5248 1232 5318; x_wconf 78' lang='grc' dir='ltr'>ἄτιμον</span> <span class='ocrx_word' id='word_1_532' title='bbox 1273 5247 1334 5300; x_wconf 90' lang='grc' dir='ltr'>τὸ</span> <span class='ocrx_word' id='word_1_533' title='bbox 1380 5245 1540 5313; x_wconf 77' lang='grc' dir='ltr'>ζῶον,</span> <span class='ocrx_word' id='word_1_534' title='bbox 1586 5247 1772 5319; x_wconf 85' lang='grc' dir='ltr'>ἐπειδὴ</span> <span class='ocrx_word' id='word_1_535' title='bbox 1795 5246 1858 5300; x_wconf 90' lang='grc' dir='ltr'>τὸ</span> <span class='ocrx_word' id='word_1_536' title='bbox 1880 5247 2046 5318; x_wconf 73' lang='grc' dir='ltr'>ἔργον</span> 
     </span>
    </p>
   </div>
   <div class='ocr_carea' id='block_1_65' title="bbox 371 5334 2045 5415">
    <p class='ocr_par' dir='ltr' id='par_1_65' title="bbox 371 5334 2045 5415">
     <span class='ocr_line' id='line_1_65' title="bbox 371 5334 2045 5415; baseline -0.005 -18"><span class='ocrx_word' id='word_1_537' title='bbox 371 5345 504 5415; x_wconf 84' lang='grc' dir='ltr'>ἡμῖν</span> <span class='ocrx_word' id='word_1_538' title='bbox 531 5340 765 5413; x_wconf 78' lang='grc' dir='ltr'>οὐδαμοῦ</span> <span class='ocrx_word' id='word_1_539' title='bbox 818 5339 1106 5410; x_wconf 82' lang='grc' dir='ltr'>χρήσιμον.</span> <span class='ocrx_word' id='word_1_540' title='bbox 1143 5334 1388 5389; x_wconf 88' lang='grc' dir='ltr'>Τοιοῦτοί</span> <span class='ocrx_word' id='word_1_541' title='bbox 1411 5336 1550 5388; x_wconf 91' lang='grc' dir='ltr'>εἰσιν</span> <span class='ocrx_word' id='word_1_542' title='bbox 1577 5337 1626 5388; x_wconf 92' lang='grc' dir='ltr'>οἰ</span> <span class='ocrx_word' id='word_1_543' title='bbox 1661 5336 1877 5399; x_wconf 78' lang='grc' dir='ltr'>ἑαυτοῖς</span> <span class='ocrx_word' id='word_1_544' title='bbox 1943 5334 2045 5388; x_wconf 85' lang='grc' dir='ltr'>κά-</span> 
     </span>
    </p>
   </div>
   <div class='ocr_carea' id='block_1_66' title="bbox 375 5421 2048 5504">
    <p class='ocr_par' dir='ltr' id='par_1_66' title="bbox 375 5421 2048 5504">
     <span class='ocr_line' id='line_1_66' title="bbox 375 5421 2048 5504; baseline -0.005 -20"><span class='ocrx_word' id='word_1_545' title='bbox 375 5447 598 5504; x_wconf 87' lang='grc' dir='ltr'>μνοντες</span> <span class='ocrx_word' id='word_1_546' title='bbox 625 5430 722 5484; x_wconf 91' lang='lat' dir='ltr'>ml</span> <span class='ocrx_word' id='word_1_547' title='bbox 747 5425 1272 5498; x_wconf 87' lang='grc' dir='ltr'>ταλαιπωρούμενοι.</span> <span class='ocrx_word' id='word_1_548' title='bbox 1303 5421 1351 5476; x_wconf 87' lang='grc' dir='ltr'>Μ</span> <span class='ocrx_word' id='word_1_549' title='bbox 1361 5423 1550 5493; x_wconf 89' lang='grc' dir='ltr'>ίμησαι</span> <span class='ocrx_word' id='word_1_550' title='bbox 1577 5421 1678 5492; x_wconf 89' lang='grc' dir='ltr'>τῆς</span> <span class='ocrx_word' id='word_1_551' title='bbox 1721 5424 2048 5495; x_wconf 79' lang='grc' dir='ltr'>περιστερᾶς</span> 
     </span>
    </p>
   </div>
   <div class='ocr_carea' id='block_1_67' title="bbox 370 5509 2046 5590">
    <p class='ocr_par' dir='ltr' id='par_1_67' title="bbox 370 5509 2046 5590">
     <span class='ocr_line' id='line_1_67' title="bbox 370 5509 2046 5590; baseline -0.007 -16"><span class='ocrx_word' id='word_1_552' title='bbox 370 5518 434 5574; x_wconf 85' lang='grc' dir='ltr'>τὸ</span> <span class='ocrx_word' id='word_1_553' title='bbox 480 5517 766 5590; x_wconf 79' lang='grc' dir='ltr'>ἀκέραιον,</span> <span class='ocrx_word' id='word_1_554' title='bbox 814 5514 1048 5585; x_wconf 82' lang='grc' dir='ltr'>μίμησαι</span> <span class='ocrx_word' id='word_1_555' title='bbox 1085 5510 1180 5565; x_wconf 89' lang='grc' dir='ltr'>τοῦ</span> <span class='ocrx_word' id='word_1_556' title='bbox 1227 5510 1352 5565; x_wconf 81' lang='grc' dir='ltr'>ϐνου</span> <span class='ocrx_word' id='word_1_557' title='bbox 1406 5510 1467 5564; x_wconf 88' lang='grc' dir='ltr'>τὸ</span> <span class='ocrx_word' id='word_1_558' title='bbox 1513 5509 1891 5580; x_wconf 85' lang='grc' dir='ltr'>φιλοδέσποτον</span> <span class='ocrx_word' id='word_1_559' title='bbox 1949 5510 2046 5564; x_wconf 88' lang='lat' dir='ltr'>ml</span> 
     </span>
    </p>
   </div>
   <div class='ocr_carea' id='block_1_68' title="bbox 369 5597 2046 5678">
    <p class='ocr_par' dir='ltr' id='par_1_68' title="bbox 369 5597 2046 5678">
     <span class='ocr_line' id='line_1_68' title="bbox 369 5597 2046 5678; baseline -0.007 -15"><span class='ocrx_word' id='word_1_560' title='bbox 369 5607 468 5663; x_wconf 85' lang='lat'>106</span> <span class='ocrx_word' id='word_1_561' title='bbox 523 5605 665 5678; x_wconf 86' lang='grc' dir='ltr'>βοὸς,</span> <span class='ocrx_word' id='word_1_562' title='bbox 721 5602 956 5675; x_wconf 86' lang='grc' dir='ltr'>μίμησαι</span> <span class='ocrx_word' id='word_1_563' title='bbox 1003 5599 1114 5654; x_wconf 87' lang='grc' dir='ltr'>τῶν</span> <span class='ocrx_word' id='word_1_564' title='bbox 1157 5599 1387 5672; x_wconf 87' lang='grc' dir='ltr'>ὀρνίθων</span> <span class='ocrx_word' id='word_1_565' title='bbox 1436 5598 1498 5651; x_wconf 88' lang='grc' dir='ltr'>τὸ</span> <span class='ocrx_word' id='word_1_566' title='bbox 1553 5597 1888 5669; x_wconf 79' lang='grc' dir='ltr'>ἀμέριμνον·</span> <span class='ocrx_word' id='word_1_567' title='bbox 1927 5597 2046 5652; x_wconf 77' lang='grc' dir='ltr'>ἐστι</span> 
     </span>
    </p>
   </div>
   <div class='ocr_carea' id='block_1_69' title="bbox 434 5748 2042 5830">
    <p class='ocr_par' dir='ltr' id='par_1_69' title="bbox 434 5748 2042 5830">
     <span class='ocr_line' id='line_1_69' title="bbox 434 5748 2042 5830; baseline -0.007 -23"><span class='ocrx_word' id='word_1_568' title='bbox 434 5757 456 5780; x_wconf 82' lang='grc'><strong><em>⁸</em></strong></span> <span class='ocrx_word' id='word_1_569' title='bbox 488 5757 569 5807; x_wconf 84' lang='lat' dir='ltr'>Sic</span> <span class='ocrx_word' id='word_1_570' title='bbox 588 5754 739 5830; x_wconf 61' lang='lat' dir='ltr'>Savil.</span> <span class='ocrx_word' id='word_1_571' title='bbox 763 5760 1014 5830; x_wconf 45' lang='lat' dir='ltr'><strong>al.0111an</strong></span> <span class='ocrx_word' id='word_1_572' title='bbox 1032 5765 1293 5830; x_wconf 44' lang='lat' dir='ltr'>penenr’nss.</span> <span class='ocrx_word' id='word_1_573' title='bbox 1323 5749 1497 5799; x_wconf 80' lang='lat' dir='ltr'>Morel.</span> <span class='ocrx_word' id='word_1_574' title='bbox 1523 5761 1641 5822; x_wconf 66' lang='lat' dir='ltr'>gero</span> <span class='ocrx_word' id='word_1_575' title='bbox 1661 5749 1905 5830; x_wconf 63' lang='grc' dir='ltr'>γενόμενα.</span> <span class='ocrx_word' id='word_1_576' title='bbox 1930 5748 2042 5798; x_wconf 79' lang='lat' dir='ltr'>Mox</span> 
     </span>
    </p>
   </div>
   <div class='ocr_carea' id='block_1_70' title="bbox 373 5811 1827 5994">
    <p class='ocr_par' dir='ltr' id='par_1_70' title="bbox 373 5811 1827 5994">
     <span class='ocr_line' id='line_1_70' title="bbox 373 5811 1827 5881; baseline -0.007 -13"><span class='ocrx_word' id='word_1_577' title='bbox 373 5827 480 5874; x_wconf 66' lang='lat' dir='ltr'>tres</span> <span class='ocrx_word' id='word_1_578' title='bbox 501 5832 616 5868; x_wconf 79' lang='lat' dir='ltr'>mss.</span> <span class='ocrx_word' id='word_1_579' title='bbox 637 5819 752 5881; x_wconf 86' lang='grc' dir='ltr'>πρὸς</span> <span class='ocrx_word' id='word_1_580' title='bbox 771 5817 870 5872; x_wconf 87' lang='grc' dir='ltr'>τοῖς</span> <span class='ocrx_word' id='word_1_581' title='bbox 893 5811 1082 5864; x_wconf 78' lang='grc' dir='ltr'>ἐκείνων</span> <span class='ocrx_word' id='word_1_582' title='bbox 1103 5813 1380 5862; x_wconf 83' lang='grc' dir='ltr'>καθίσταται</span> <span class='ocrx_word' id='word_1_583' title='bbox 1402 5812 1590 5875; x_wconf 83' lang='grc' dir='ltr'>χυμοῖς,</span> <span class='ocrx_word' id='word_1_584' title='bbox 1615 5813 1696 5861; x_wconf 87' lang='grc' dir='ltr'>καὶ</span> <span class='ocrx_word' id='word_1_585' title='bbox 1723 5811 1827 5874; x_wconf 84' lang='grc' dir='ltr'>μία.</span> 
     </span>
     <span class='ocr_line' id='line_1_71' title="bbox 435 5875 1502 5994; baseline -0.007 -65"><span class='ocrx_word' id='word_1_586' title='bbox 435 5880 468 5978; x_wconf 58' lang='grc' dir='ltr'>ξ</span> <span class='ocrx_word' id='word_1_587' title='bbox 492 5877 936 5994; x_wconf 45' lang='grc' dir='ltr'>ἓῖἶξὲοὲιτίέμίάλω</span> <span class='ocrx_word' id='word_1_588' title='bbox 955 5889 1072 5927; x_wconf 85' lang='lat' dir='ltr'>mss.</span> <span class='ocrx_word' id='word_1_589' title='bbox 1098 5876 1153 5926; x_wconf 78' lang='grc' dir='ltr'>ἐκ</span> <span class='ocrx_word' id='word_1_590' title='bbox 1173 5876 1268 5924; x_wconf 85' lang='grc' dir='ltr'>τῶν</span> <span class='ocrx_word' id='word_1_591' title='bbox 1289 5875 1502 5936; x_wconf 78' lang='grc' dir='ltr'>Γραφῶν.</span> 
     </span>
    </p>
   </div>
   <div class='ocr_carea' id='block_1_71' title="bbox 643 5957 824 6009">
    <p class='ocr_par' dir='ltr' id='par_1_71' title="bbox 643 5957 824 6009">
     <span class='ocr_line' id='line_1_72' title="bbox 643 5957 824 6009; baseline 0.017 -20"><span class='ocrx_word' id='word_1_592' title='bbox 643 5957 707 6009; x_wconf 71' lang='lat' dir='ltr'>pa.</span> <span class='ocrx_word' id='word_1_593' title='bbox 723 5957 824 5992; x_wconf 73' lang='grc' dir='ltr'>τον.</span> 
     </span>
    </p>
   </div>
   <div class='ocr_carea' id='block_1_72' title="bbox 2137 950 3822 1025">
    <p class='ocr_par' dir='ltr' id='par_1_72' title="bbox 2137 950 3822 1025">
     <span class='ocr_line' id='line_1_73' title="bbox 2137 950 3822 1025; baseline 0.002 -21"><span class='ocrx_word' id='word_1_594' title='bbox 2137 950 2311 1008; x_wconf 77' lang='grc' dir='ltr'>αὐτὰ.</span> <span class='ocrx_word' id='word_1_595' title='bbox 2372 953 2484 1006; x_wconf 80' lang='grc' dir='ltr'>Καὶ</span> <span class='ocrx_word' id='word_1_596' title='bbox 2518 953 2546 1005; x_wconf 92' lang='lat'>6</span> <span class='ocrx_word' id='word_1_597' title='bbox 2578 953 2866 1024; x_wconf 85' lang='grc' dir='ltr'>προφήτης</span> <span class='ocrx_word' id='word_1_598' title='bbox 2921 951 2978 1004; x_wconf 88' lang='grc' dir='ltr'>δέ</span> <span class='ocrx_word' id='word_1_599' title='bbox 3027 953 3302 1022; x_wconf 78' lang='grc' dir='ltr'>ἐντρέπων</span> <span class='ocrx_word' id='word_1_600' title='bbox 3334 955 3458 1017; x_wconf 77' lang='grc' dir='ltr'>τοὺς</span> <span class='ocrx_word' id='word_1_601' title='bbox 3495 954 3822 1025; x_wconf 85' lang='grc' dir='ltr'>ἀγνώμονας</span> 
     </span>
    </p>
   </div>
   <div class='ocr_carea' id='block_1_73' title="bbox 2151 1035 3821 1120">
    <p class='ocr_par' dir='ltr' id='par_1_73' title="bbox 2151 1035 3821 1120">
     <span class='ocr_line' id='line_1_74' title="bbox 2151 1035 3821 1120; baseline 0.001 -31"><span class='ocrx_word' id='word_1_602' title='bbox 2151 1035 2455 1120; x_wconf 71' lang='grc' dir='ltr'>Ἰουδαίους,</span> <span class='ocrx_word' id='word_1_603' title='bbox 2491 1037 2634 1092; x_wconf 79' lang='grc' dir='ltr'>οὑτω</span> <span class='ocrx_word' id='word_1_604' title='bbox 2659 1038 2776 1102; x_wconf 91' lang='grc' dir='ltr'>πώς</span> <span class='ocrx_word' id='word_1_605' title='bbox 2806 1055 2970 1108; x_wconf 89' lang='grc' dir='ltr'>φησιν</span> <span class='ocrx_word' id='word_1_606' title='bbox 2990 1056 3003 1068; x_wconf 89' lang='grc'>·</span> <span class='ocrx_word' id='word_1_607' title='bbox 3040 1040 3230 1108; x_wconf 76' lang='grc' dir='ltr'>Ἔγνω</span> <span class='ocrx_word' id='word_1_608' title='bbox 3255 1037 3410 1105; x_wconf 81' lang='grc' dir='ltr'>βοῦς</span> <span class='ocrx_word' id='word_1_609' title='bbox 3448 1041 3557 1092; x_wconf 84' lang='grc' dir='ltr'>τὸν</span> <span class='ocrx_word' id='word_1_610' title='bbox 3593 1039 3821 1107; x_wconf 66' lang='grc' dir='ltr'>κτησιίο</span> 
     </span>
    </p>
   </div>
   <div class='ocr_carea' id='block_1_74' title="bbox 2133 1124 3822 1197">
    <p class='ocr_par' dir='ltr' id='par_1_74' title="bbox 2133 1124 3822 1197">
     <span class='ocr_line' id='line_1_75' title="bbox 2133 1124 3822 1197; baseline 0.003 -20"><span class='ocrx_word' id='word_1_611' title='bbox 2133 1140 2340 1193; x_wconf 85' lang='grc' dir='ltr'>μενον,</span> <span class='ocrx_word' id='word_1_612' title='bbox 2355 1125 2454 1178; x_wconf 83' lang='grc' dir='ltr'>καί</span> <span class='ocrx_word' id='word_1_613' title='bbox 2475 1125 2614 1192; x_wconf 78' lang='grc' dir='ltr'>ὄνος</span> <span class='ocrx_word' id='word_1_614' title='bbox 2628 1125 2743 1194; x_wconf 78' lang='grc' dir='ltr'>τὴν</span> <span class='ocrx_word' id='word_1_615' title='bbox 2758 1125 2994 1194; x_wconf 70' lang='grc' dir='ltr'>φάτνην</span> <span class='ocrx_word' id='word_1_616' title='bbox 3008 1124 3115 1180; x_wconf 88' lang='grc' dir='ltr'>τοῦ</span> <span class='ocrx_word' id='word_1_617' title='bbox 3130 1127 3338 1194; x_wconf 83' lang='grc' dir='ltr'>κυρίου</span> <span class='ocrx_word' id='word_1_618' title='bbox 3354 1127 3558 1192; x_wconf 86' lang='grc' dir='ltr'>αὑτοῦ,</span> <span class='ocrx_word' id='word_1_619' title='bbox 3576 1127 3822 1197; x_wconf 67' lang='grc' dir='ltr'>Ἰσραὴλ</span> 
     </span>
    </p>
   </div>
   <div class='ocr_carea' id='block_1_75' title="bbox 2136 1210 3822 1284">
    <p class='ocr_par' dir='ltr' id='par_1_75' title="bbox 2136 1210 3822 1284">
     <span class='ocr_line' id='line_1_76' title="bbox 2136 1210 3822 1284; baseline 0.001 -19"><span class='ocrx_word' id='word_1_620' title='bbox 2136 1210 2204 1266; x_wconf 82' lang='grc' dir='ltr'>δέ</span> <span class='ocrx_word' id='word_1_621' title='bbox 2242 1229 2321 1281; x_wconf 80' lang='grc' dir='ltr'>με</span> <span class='ocrx_word' id='word_1_622' title='bbox 2381 1214 2494 1267; x_wconf 83' lang='grc' dir='ltr'>οὐκ</span> <span class='ocrx_word' id='word_1_623' title='bbox 2541 1212 2715 1283; x_wconf 77' lang='grc' dir='ltr'>ἔγνω.</span> <span class='ocrx_word' id='word_1_624' title='bbox 2767 1214 2878 1268; x_wconf 75' lang='grc' dir='ltr'>Καὶ</span> <span class='ocrx_word' id='word_1_625' title='bbox 2922 1214 3106 1275; x_wconf 85' lang='grc' dir='ltr'>πάλιν,</span> <span class='ocrx_word' id='word_1_626' title='bbox 3155 1214 3394 1284; x_wconf 77' lang='grc' dir='ltr'>Τρυγὼν</span> <span class='ocrx_word' id='word_1_627' title='bbox 3433 1216 3528 1268; x_wconf 84' lang='grc' dir='ltr'>καί</span> <span class='ocrx_word' id='word_1_628' title='bbox 3559 1215 3822 1284; x_wconf 74' lang='grc' dir='ltr'>χελιδὼν</span> 
     </span>
    </p>
   </div>
   <div class='ocr_carea' id='block_1_76' title="bbox 2137 1298 3819 1369">
    <p class='ocr_par' dir='ltr' id='par_1_76' title="bbox 2137 1298 3819 1369">
     <span class='ocr_line' id='line_1_77' title="bbox 2137 1298 3819 1369; baseline 0 -17"><span class='ocrx_word' id='word_1_629' title='bbox 2137 1298 2346 1368; x_wconf 79' lang='grc' dir='ltr'>ἀγροῦ,</span> <span class='ocrx_word' id='word_1_630' title='bbox 2378 1302 2688 1368; x_wconf 78' lang='grc' dir='ltr'>στρουθία,</span> <span class='ocrx_word' id='word_1_631' title='bbox 2746 1302 3022 1366; x_wconf 73' lang='grc' dir='ltr'>ἔγνωσαν</span> <span class='ocrx_word' id='word_1_632' title='bbox 3049 1301 3293 1369; x_wconf 80' lang='grc' dir='ltr'>καιροὺς</span> <span class='ocrx_word' id='word_1_633' title='bbox 3324 1301 3576 1354; x_wconf 75' lang='grc' dir='ltr'>εἰσόδων</span> <span class='ocrx_word' id='word_1_634' title='bbox 3595 1301 3819 1364; x_wconf 80' lang='grc' dir='ltr'>αὐτῶν,</span> 
     </span>
    </p>
   </div>
   <div class='ocr_carea' id='block_1_77' title="bbox 2137 1387 3819 1458">
    <p class='ocr_par' dir='ltr' id='par_1_77' title="bbox 2137 1387 3819 1458">
     <span class='ocr_line' id='line_1_78' title="bbox 2137 1387 3819 1458; baseline 0 -17"><span class='ocrx_word' id='word_1_635' title='bbox 2137 1390 2171 1441; x_wconf 82' lang='grc' dir='ltr'>ό</span> <span class='ocrx_word' id='word_1_636' title='bbox 2202 1387 2271 1441; x_wconf 82' lang='grc' dir='ltr'>δὲ</span> <span class='ocrx_word' id='word_1_637' title='bbox 2297 1389 2446 1453; x_wconf 77' lang='grc' dir='ltr'>λαός</span> <span class='ocrx_word' id='word_1_638' title='bbox 2475 1405 2594 1456; x_wconf 86' lang='grc' dir='ltr'>μου</span> <span class='ocrx_word' id='word_1_639' title='bbox 2614 1391 2727 1441; x_wconf 88' lang='grc' dir='ltr'>οὐκ</span> <span class='ocrx_word' id='word_1_640' title='bbox 2754 1389 2908 1458; x_wconf 73' lang='grc' dir='ltr'>ἔγνω</span> <span class='ocrx_word' id='word_1_641' title='bbox 2925 1389 2996 1442; x_wconf 83' lang='grc' dir='ltr'>τὰ</span> <span class='ocrx_word' id='word_1_642' title='bbox 3012 1389 3266 1457; x_wconf 81' lang='grc' dir='ltr'>κρΙματα</span> <span class='ocrx_word' id='word_1_643' title='bbox 3286 1390 3504 1456; x_wconf 85' lang='grc' dir='ltr'>Κυρίου</span> <span class='ocrx_word' id='word_1_644' title='bbox 3527 1387 3634 1442; x_wconf 86' lang='grc' dir='ltr'>τοῦ</span> <span class='ocrx_word' id='word_1_645' title='bbox 3666 1389 3819 1441; x_wconf 82' lang='grc' dir='ltr'>Θεοῦ</span> 
     </span>
    </p>
   </div>
   <div class='ocr_carea' id='block_1_78' title="bbox 2135 1473 3816 1546">
    <p class='ocr_par' dir='ltr' id='par_1_78' title="bbox 2135 1473 3816 1546">
     <span class='ocr_line' id='line_1_79' title="bbox 2135 1473 3816 1546; baseline 0.002 -21"><span class='ocrx_word' id='word_1_646' title='bbox 2135 1473 2341 1528; x_wconf 83' lang='grc' dir='ltr'>αὐτοῦ.</span> <span class='ocrx_word' id='word_1_647' title='bbox 2374 1475 2508 1528; x_wconf 81' lang='grc' dir='ltr'>Ἀπὸ</span> <span class='ocrx_word' id='word_1_648' title='bbox 2536 1475 2634 1546; x_wconf 83' lang='grc' dir='ltr'>μὲν</span> <span class='ocrx_word' id='word_1_649' title='bbox 2655 1475 2860 1530; x_wconf 87' lang='grc' dir='ltr'>τούτων</span> <span class='ocrx_word' id='word_1_650' title='bbox 2878 1480 2974 1529; x_wconf 70' lang='grc' dir='ltr'>καὶ</span> <span class='ocrx_word' id='word_1_651' title='bbox 3000 1477 3106 1529; x_wconf 85' lang='grc' dir='ltr'>τῶν</span> <span class='ocrx_word' id='word_1_652' title='bbox 3131 1475 3385 1529; x_wconf 80' lang='grc' dir='ltr'>τοιούτων</span> <span class='ocrx_word' id='word_1_653' title='bbox 3401 1475 3554 1540; x_wconf 74' lang='grc' dir='ltr'>ζώων</span> <span class='ocrx_word' id='word_1_654' title='bbox 3577 1475 3816 1546; x_wconf 85' lang='grc' dir='ltr'>μάνθανε</span> 
     </span>
    </p>
   </div>
   <div class='ocr_carea' id='block_1_79' title="bbox 2136 1562 3818 1634">
    <p class='ocr_par' dir='ltr' id='par_1_79' title="bbox 2136 1562 3818 1634">
     <span class='ocr_line' id='line_1_80' title="bbox 2136 1562 3818 1634; baseline 0.001 -20"><span class='ocrx_word' id='word_1_655' title='bbox 2136 1562 2436 1634; x_wconf 89' lang='grc' dir='ltr'>κατορθοῦν</span> <span class='ocrx_word' id='word_1_656' title='bbox 2465 1564 2686 1634; x_wconf 77' lang='grc' dir='ltr'>ἀρετὴν,</span> <span class='ocrx_word' id='word_1_657' title='bbox 2721 1564 2829 1616; x_wconf 89' lang='grc' dir='ltr'>ἀπὸ</span> <span class='ocrx_word' id='word_1_658' title='bbox 2869 1564 2926 1617; x_wconf 87' lang='grc' dir='ltr'>δὲ</span> <span class='ocrx_word' id='word_1_659' title='bbox 2957 1563 3067 1616; x_wconf 85' lang='grc' dir='ltr'>τῶν</span> <span class='ocrx_word' id='word_1_660' title='bbox 3094 1565 3353 1616; x_wconf 82' lang='grc' dir='ltr'>ἐναντίων</span> <span class='ocrx_word' id='word_1_661' title='bbox 3400 1562 3654 1616; x_wconf 84' lang='grc' dir='ltr'>παιδεύου</span> <span class='ocrx_word' id='word_1_662' title='bbox 3681 1563 3818 1632; x_wconf 82' lang='grc' dir='ltr'>φεύ-</span> 
     </span>
    </p>
   </div>
   <div class='ocr_carea' id='block_1_80' title="bbox 2135 1650 3818 1723">
    <p class='ocr_par' dir='ltr' id='par_1_80' title="bbox 2135 1650 3818 1723">
     <span class='ocr_line' id='line_1_81' title="bbox 2135 1650 3818 1723; baseline -0.001 -19"><span class='ocrx_word' id='word_1_663' title='bbox 2135 1667 2255 1718; x_wconf 88' lang='grc' dir='ltr'>γειν</span> <span class='ocrx_word' id='word_1_664' title='bbox 2305 1651 2524 1704; x_wconf 89' lang='grc' dir='ltr'>κακίαν.</span> <span class='ocrx_word' id='word_1_665' title='bbox 2562 1651 2773 1721; x_wconf 82' lang='grc' dir='ltr'>Ὥσπερ</span> <span class='ocrx_word' id='word_1_666' title='bbox 2812 1652 2923 1723; x_wconf 83' lang='grc' dir='ltr'>γὰρ</span> <span class='ocrx_word' id='word_1_667' title='bbox 2973 1651 3259 1720; x_wconf 85' lang='grc' dir='ltr'>φιλόκαλον</span> <span class='ocrx_word' id='word_1_668' title='bbox 3288 1653 3322 1722; x_wconf 88' lang='grc' dir='ltr'>ἡ</span> <span class='ocrx_word' id='word_1_669' title='bbox 3348 1651 3596 1722; x_wconf 87' lang='grc' dir='ltr'>μέλιττα,</span> <span class='ocrx_word' id='word_1_670' title='bbox 3641 1650 3818 1714; x_wconf 84' lang='grc' dir='ltr'>οὑτως</span> 
     </span>
    </p>
   </div>
   <div class='ocr_carea' id='block_1_81' title="bbox 2135 1738 3816 1810">
    <p class='ocr_par' dir='ltr' id='par_1_81' title="bbox 2135 1738 3816 1810">
     <span class='ocr_line' id='line_1_82' title="bbox 2135 1738 3816 1810; baseline 0 -18"><span class='ocrx_word' id='word_1_671' title='bbox 2135 1738 2376 1808; x_wconf 80' lang='grc' dir='ltr'>ὀλέθριον</span> <span class='ocrx_word' id='word_1_672' title='bbox 2408 1741 2440 1808; x_wconf 90' lang='grc' dir='ltr'>ἡ</span> <span class='ocrx_word' id='word_1_673' title='bbox 2474 1738 2640 1802; x_wconf 85' lang='grc' dir='ltr'>ἀσπίς</span> <span class='ocrx_word' id='word_1_674' title='bbox 2661 1757 2674 1768; x_wconf 89' lang='grc'>·</span> <span class='ocrx_word' id='word_1_675' title='bbox 2720 1739 3107 1810; x_wconf 80' lang='grc' dir='ltr'>ἁποστράφηθι</span> <span class='ocrx_word' id='word_1_676' title='bbox 3146 1738 3319 1792; x_wconf 86' lang='grc' dir='ltr'>τοίνυν</span> <span class='ocrx_word' id='word_1_677' title='bbox 3347 1739 3446 1809; x_wconf 79' lang='grc' dir='ltr'>τὴν</span> <span class='ocrx_word' id='word_1_678' title='bbox 3477 1740 3695 1804; x_wconf 86' lang='grc' dir='ltr'>κακίαν,</span> <span class='ocrx_word' id='word_1_679' title='bbox 3729 1740 3816 1792; x_wconf 84' lang='grc' dir='ltr'>ἴνα</span> 
     </span>
    </p>
   </div>
   <div class='ocr_carea' id='block_1_82' title="bbox 2141 1825 3815 1898">
    <p class='ocr_par' dir='ltr' id='par_1_82' title="bbox 2141 1825 3815 1898">
     <span class='ocr_line' id='line_1_83' title="bbox 2141 1825 3815 1898; baseline -0.004 -18"><span class='ocrx_word' id='word_1_680' title='bbox 2141 1827 2214 1898; x_wconf 79' lang='grc' dir='ltr'>μὴ</span> <span class='ocrx_word' id='word_1_681' title='bbox 2231 1827 2487 1898; x_wconf 88' lang='grc' dir='ltr'>ἀκούσῃς·</span> <span class='ocrx_word' id='word_1_682' title='bbox 2528 1828 2632 1892; x_wconf 82' lang='grc' dir='ltr'>Ἰὸς</span> <span class='ocrx_word' id='word_1_683' title='bbox 2646 1826 2922 1881; x_wconf 83' lang='grc' dir='ltr'>ἀσπίδων</span> <span class='ocrx_word' id='word_1_684' title='bbox 2937 1826 3057 1882; x_wconf 78' lang='grc' dir='ltr'>ὑπὸ</span> <span class='ocrx_word' id='word_1_685' title='bbox 3078 1825 3150 1880; x_wconf 85' lang='grc' dir='ltr'>τὰ</span> <span class='ocrx_word' id='word_1_686' title='bbox 3172 1828 3346 1896; x_wconf 80' lang='grc' dir='ltr'>χείλη</span> <span class='ocrx_word' id='word_1_687' title='bbox 3379 1825 3597 1880; x_wconf 78' lang='grc' dir='ltr'>αὐτῶν.</span> <span class='ocrx_word' id='word_1_688' title='bbox 3631 1826 3815 1879; x_wconf 71' lang='grc' dir='ltr'>Ἀναί-</span> 
     </span>
    </p>
   </div>
   <div class='ocr_carea' id='block_1_83' title="bbox 2140 1914 3817 1985">
    <p class='ocr_par' dir='ltr' id='par_1_83' title="bbox 2140 1914 3817 1985">
     <span class='ocr_line' id='line_1_84' title="bbox 2140 1914 3817 1985; baseline -0.002 -18"><span class='ocrx_word' id='word_1_689' title='bbox 2140 1931 2364 1985; x_wconf 87' lang='grc' dir='ltr'>σχυντον</span> <span class='ocrx_word' id='word_1_690' title='bbox 2399 1915 2560 1968; x_wconf 84' lang='grc' dir='ltr'>πάλιν</span> <span class='ocrx_word' id='word_1_691' title='bbox 2592 1917 2621 1969; x_wconf 88' lang='grc' dir='ltr'>ό</span> <span class='ocrx_word' id='word_1_692' title='bbox 2658 1915 2803 1969; x_wconf 88' lang='grc' dir='ltr'>κύων</span> <span class='ocrx_word' id='word_1_693' title='bbox 2830 1933 2843 1946; x_wconf 84' lang='grc'><strong>·</strong></span> <span class='ocrx_word' id='word_1_694' title='bbox 2888 1916 3117 1985; x_wconf 87' lang='grc' dir='ltr'>μίσησον</span> <span class='ocrx_word' id='word_1_695' title='bbox 3153 1915 3245 1968; x_wconf 92' lang='lat' dir='ltr'>ml</span> <span class='ocrx_word' id='word_1_696' title='bbox 3283 1914 3488 1984; x_wconf 85' lang='grc' dir='ltr'>ταύτην</span> <span class='ocrx_word' id='word_1_697' title='bbox 3517 1914 3617 1984; x_wconf 85' lang='grc' dir='ltr'>τὴν</span> <span class='ocrx_word' id='word_1_698' title='bbox 3646 1931 3817 1984; x_wconf 75' lang='grc' dir='ltr'>πονη-</span> 
     </span>
    </p>
   </div>
   <div class='ocr_carea' id='block_1_84' title="bbox 2141 1999 3815 2077">
    <p class='ocr_par' dir='ltr' id='par_1_84' title="bbox 2141 1999 3815 2077">
     <span class='ocr_line' id='line_1_85' title="bbox 2141 1999 3815 2077; baseline 0.001 -22"><span class='ocrx_word' id='word_1_699' title='bbox 2141 2003 2282 2074; x_wconf 88' lang='grc' dir='ltr'>ρίαν.</span> <span class='ocrx_word' id='word_1_700' title='bbox 2337 2003 2563 2077; x_wconf 90' lang='grc' dir='ltr'>Δολερὸν</span> <span class='ocrx_word' id='word_1_701' title='bbox 2601 2005 2694 2057; x_wconf 75' lang='grc' dir='ltr'>καὶ</span> <span class='ocrx_word' id='word_1_702' title='bbox 2735 2002 3042 2075; x_wconf 88' lang='grc' dir='ltr'>πανοῦργον</span> <span class='ocrx_word' id='word_1_703' title='bbox 3080 2004 3113 2073; x_wconf 85' lang='grc' dir='ltr'>ἡ</span> <span class='ocrx_word' id='word_1_704' title='bbox 3157 2000 3414 2072; x_wconf 80' lang='grc' dir='ltr'>ἀλώπηξ·</span> <span class='ocrx_word' id='word_1_705' title='bbox 3447 2001 3521 2072; x_wconf 87' lang='grc' dir='ltr'>μὴ</span> <span class='ocrx_word' id='word_1_706' title='bbox 3566 1999 3815 2072; x_wconf 77' lang='grc' dir='ltr'>ζηλώσῃς</span> 
     </span>
    </p>
   </div>
   <div class='ocr_carea' id='block_1_85' title="bbox 2137 2087 3812 2163">
    <p class='ocr_par' dir='ltr' id='par_1_85' title="bbox 2137 2087 3812 2163">
     <span class='ocr_line' id='line_1_86' title="bbox 2137 2087 3812 2163; baseline -0.003 -19"><span class='ocrx_word' id='word_1_707' title='bbox 2137 2092 2198 2145; x_wconf 86' lang='grc' dir='ltr'>τὸ</span> <span class='ocrx_word' id='word_1_708' title='bbox 2226 2092 2469 2163; x_wconf 87' lang='grc' dir='ltr'>νόσημα·</span> <span class='ocrx_word' id='word_1_709' title='bbox 2505 2091 2642 2146; x_wconf 83' lang='grc' dir='ltr'>ἀλλά</span> <span class='ocrx_word' id='word_1_710' title='bbox 2667 2089 2915 2161; x_wconf 89' lang='grc' dir='ltr'>καθάπερ</span> <span class='ocrx_word' id='word_1_711' title='bbox 2945 2092 2978 2160; x_wconf 87' lang='grc' dir='ltr'>ἡ</span> <span class='ocrx_word' id='word_1_712' title='bbox 3015 2089 3237 2159; x_wconf 87' lang='grc' dir='ltr'>μέλιττα</span> <span class='ocrx_word' id='word_1_713' title='bbox 3260 2091 3370 2153; x_wconf 88' lang='grc' dir='ltr'>τοῖς</span> <span class='ocrx_word' id='word_1_714' title='bbox 3396 2087 3656 2158; x_wconf 83' lang='grc' dir='ltr'>λειμῶσιν</span> <span class='ocrx_word' id='word_1_715' title='bbox 3713 2088 3812 2154; x_wconf 83' lang='grc' dir='ltr'>ἐφ-</span> 
     </span>
    </p>
   </div>
   <div class='ocr_carea' id='block_1_86' title="bbox 2144 2171 3812 2252">
    <p class='ocr_par' dir='ltr' id='par_1_86' title="bbox 2144 2171 3812 2252">
     <span class='ocr_line' id='line_1_87' title="bbox 2144 2171 3812 2252; baseline -0.003 -20"><span class='ocrx_word' id='word_1_716' title='bbox 2144 2180 2414 2252; x_wconf 87' lang='grc' dir='ltr'>ιπταμένη</span> <span class='ocrx_word' id='word_1_717' title='bbox 2457 2180 2517 2234; x_wconf 87' lang='grc' dir='ltr'>οὐ</span> <span class='ocrx_word' id='word_1_718' title='bbox 2550 2179 2728 2233; x_wconf 86' lang='grc' dir='ltr'>πάντα</span> <span class='ocrx_word' id='word_1_719' title='bbox 2751 2178 2982 2246; x_wconf 84' lang='grc' dir='ltr'>ἐκλέγει,</span> <span class='ocrx_word' id='word_1_720' title='bbox 3015 2177 3150 2231; x_wconf 83' lang='grc' dir='ltr'>ἀλλὰ</span> <span class='ocrx_word' id='word_1_721' title='bbox 3180 2177 3247 2230; x_wconf 80' lang='grc' dir='ltr'>τὰ</span> <span class='ocrx_word' id='word_1_722' title='bbox 3283 2178 3527 2248; x_wconf 84' lang='grc' dir='ltr'>χρήσιμα</span> <span class='ocrx_word' id='word_1_723' title='bbox 3560 2171 3812 2236; x_wconf 81' lang='grc' dir='ltr'>λαϐοῦσα,</span> 
     </span>
    </p>
   </div>
   <div class='ocr_carea' id='block_1_87' title="bbox 2139 2261 3818 2339">
    <p class='ocr_par' dir='ltr' id='par_1_87' title="bbox 2139 2261 3818 2339">
     <span class='ocr_line' id='line_1_88' title="bbox 2139 2261 3818 2339; baseline -0.004 -19"><span class='ocrx_word' id='word_1_724' title='bbox 2139 2267 2207 2321; x_wconf 78' lang='grc' dir='ltr'>τὰ</span> <span class='ocrx_word' id='word_1_725' title='bbox 2246 2268 2409 2322; x_wconf 81' lang='grc' dir='ltr'>λοιπὰ</span> <span class='ocrx_word' id='word_1_726' title='bbox 2447 2267 2694 2339; x_wconf 86' lang='grc' dir='ltr'>ἀφίησιν,</span> <span class='ocrx_word' id='word_1_727' title='bbox 2737 2265 2880 2320; x_wconf 82' lang='grc' dir='ltr'>οὑτω</span> <span class='ocrx_word' id='word_1_728' title='bbox 2926 2266 3020 2319; x_wconf 77' lang='grc' dir='ltr'>καί</span> <span class='ocrx_word' id='word_1_729' title='bbox 3069 2265 3135 2318; x_wconf 74' lang='grc' dir='ltr'>σὺ</span> <span class='ocrx_word' id='word_1_730' title='bbox 3165 2263 3386 2334; x_wconf 87' lang='grc' dir='ltr'>ποίησον</span> <span class='ocrx_word' id='word_1_731' title='bbox 3411 2279 3424 2291; x_wconf 84' lang='lat'><strong><em>°</em></strong></span> <span class='ocrx_word' id='word_1_732' title='bbox 3459 2261 3569 2314; x_wconf 81' lang='grc' dir='ltr'>τῶν</span> <span class='ocrx_word' id='word_1_733' title='bbox 3603 2262 3818 2331; x_wconf 84' lang='grc' dir='ltr'>ἀλόγων</span> 
     </span>
    </p>
   </div>
   <div class='ocr_carea' id='block_1_88' title="bbox 2145 2348 3810 2425">
    <p class='ocr_par' dir='ltr' id='par_1_88' title="bbox 2145 2348 3810 2425">
     <span class='ocr_line' id='line_1_89' title="bbox 2145 2348 3810 2425; baseline -0.004 -17"><span class='ocrx_word' id='word_1_734' title='bbox 2145 2355 2387 2409; x_wconf 85' lang='grc' dir='ltr'>ἐπελθὼν</span> <span class='ocrx_word' id='word_1_735' title='bbox 2410 2354 2472 2407; x_wconf 89' lang='grc' dir='ltr'>τὸ</span> <span class='ocrx_word' id='word_1_736' title='bbox 2497 2355 2675 2424; x_wconf 83' lang='grc' dir='ltr'>γένος,</span> <span class='ocrx_word' id='word_1_737' title='bbox 2699 2353 2812 2408; x_wconf 81' lang='grc' dir='ltr'>εἴτι</span> <span class='ocrx_word' id='word_1_738' title='bbox 2828 2354 3116 2425; x_wconf 86' lang='grc' dir='ltr'>χρήσιμον,</span> <span class='ocrx_word' id='word_1_739' title='bbox 3145 2353 3272 2423; x_wconf 80' lang='grc' dir='ltr'>παρ’</span> <span class='ocrx_word' id='word_1_740' title='bbox 3297 2349 3518 2403; x_wconf 90' lang='grc' dir='ltr'>ἐκείνων</span> <span class='ocrx_word' id='word_1_741' title='bbox 3534 2348 3776 2420; x_wconf 87' lang='grc' dir='ltr'>λάμϐανε</span> <span class='ocrx_word' id='word_1_742' title='bbox 3794 2365 3810 2378; x_wconf 85' lang='grc'><strong>·</strong></span> 
     </span>
    </p>
   </div>
   <div class='ocr_carea' id='block_1_89' title="bbox 2139 2437 3814 2514">
    <p class='ocr_par' dir='ltr' id='par_1_89' title="bbox 2139 2437 3814 2514">
     <span class='ocr_line' id='line_1_90' title="bbox 2139 2437 3814 2514; baseline -0.004 -17"><span class='ocrx_word' id='word_1_743' title='bbox 2139 2444 2235 2497; x_wconf 89' lang='lat' dir='ltr'>ml</span> <span class='ocrx_word' id='word_1_744' title='bbox 2267 2441 2644 2514; x_wconf 76' lang='grc' dir='ltr'>ἆπερέχουσιν</span> <span class='ocrx_word' id='word_1_745' title='bbox 2670 2444 2728 2496; x_wconf 85' lang='grc' dir='ltr'>ἐν</span> <span class='ocrx_word' id='word_1_746' title='bbox 2765 2445 2833 2514; x_wconf 81' lang='grc' dir='ltr'>τῇ</span> <span class='ocrx_word' id='word_1_747' title='bbox 2862 2441 3023 2512; x_wconf 89' lang='grc' dir='ltr'>φύσει</span> <span class='ocrx_word' id='word_1_748' title='bbox 3052 2440 3521 2510; x_wconf 78' lang='grc' dir='ltr'>πλεονεκτήματα,</span> <span class='ocrx_word' id='word_1_749' title='bbox 3548 2437 3717 2490; x_wconf 87' lang='grc' dir='ltr'>ταῦτα</span> <span class='ocrx_word' id='word_1_750' title='bbox 3748 2439 3814 2491; x_wconf 79' lang='grc' dir='ltr'>σὺ</span> 
     </span>
    </p>
   </div>
   <div class='ocr_carea' id='block_1_90' title="bbox 2138 2532 3816 2612">
    <p class='ocr_par' dir='ltr' id='par_1_90' title="bbox 2138 2532 3816 2612">
     <span class='ocr_line' id='line_1_91' title="bbox 2138 2532 3816 2612; baseline -0.006 -18"><span class='ocrx_word' id='word_1_751' title='bbox 2138 2540 2228 2594; x_wconf 83' lang='grc' dir='ltr'>διὰ</span> <span class='ocrx_word' id='word_1_752' title='bbox 2257 2541 2357 2611; x_wconf 87' lang='grc' dir='ltr'>τῆς</span> <span class='ocrx_word' id='word_1_753' title='bbox 2419 2540 2790 2612; x_wconf 87' lang='grc' dir='ltr'>προαιρέσεως</span> <span class='ocrx_word' id='word_1_754' title='bbox 2836 2539 3183 2611; x_wconf 86' lang='grc' dir='ltr'>κατόρθωσον</span> <span class='ocrx_word' id='word_1_755' title='bbox 3202 2552 3216 2566; x_wconf 88' lang='lat'><strong>&#39;</strong></span> <span class='ocrx_word' id='word_1_756' title='bbox 3260 2536 3354 2590; x_wconf 91' lang='lat' dir='ltr'>ml</span> <span class='ocrx_word' id='word_1_757' title='bbox 3389 2535 3499 2607; x_wconf 79' lang='grc' dir='ltr'>γάρ</span> <span class='ocrx_word' id='word_1_758' title='bbox 3526 2535 3619 2588; x_wconf 90' lang='lat' dir='ltr'>ml</span> <span class='ocrx_word' id='word_1_759' title='bbox 3642 2532 3816 2605; x_wconf 83' lang='grc' dir='ltr'>ταύτῃ</span> 
     </span>
    </p>
   </div>
   <div class='ocr_carea' id='block_1_91' title="bbox 2140 2634 3812 2710">
    <p class='ocr_par' dir='ltr' id='par_1_91' title="bbox 2140 2634 3812 2710">
     <span class='ocr_line' id='line_1_92' title="bbox 2140 2634 3812 2710; baseline -0.004 -21"><span class='ocrx_word' id='word_1_760' title='bbox 2140 2638 2293 2707; x_wconf 76' lang='grc' dir='ltr'>παρὰ</span> <span class='ocrx_word' id='word_1_761' title='bbox 2344 2637 2440 2692; x_wconf 89' lang='grc' dir='ltr'>τοῦ</span> <span class='ocrx_word' id='word_1_762' title='bbox 2484 2638 2618 2692; x_wconf 89' lang='grc' dir='ltr'>Θεοῦ</span> <span class='ocrx_word' id='word_1_763' title='bbox 2661 2639 2976 2710; x_wconf 71' lang='grc' dir='ltr'>τετίμηται,</span> <span class='ocrx_word' id='word_1_764' title='bbox 2999 2637 3083 2690; x_wconf 85' lang='grc' dir='ltr'>δτι</span> <span class='ocrx_word' id='word_1_765' title='bbox 3118 2637 3188 2690; x_wconf 84' lang='grc' dir='ltr'>τὰ</span> <span class='ocrx_word' id='word_1_766' title='bbox 3215 2634 3422 2704; x_wconf 77' lang='grc' dir='ltr'>φυσικὰ</span> <span class='ocrx_word' id='word_1_767' title='bbox 3439 2634 3614 2692; x_wconf 85' lang='grc' dir='ltr'>αὑτῶν</span> <span class='ocrx_word' id='word_1_768' title='bbox 3632 2634 3812 2688; x_wconf 85' lang='grc' dir='ltr'>πλεον-</span> 
     </span>
    </p>
   </div>
   <div class='ocr_carea' id='block_1_92' title="bbox 2134 2728 3815 2805">
    <p class='ocr_par' dir='ltr' id='par_1_92' title="bbox 2134 2728 3815 2805">
     <span class='ocr_line' id='line_1_93' title="bbox 2134 2728 3815 2805; baseline 0 -25"><span class='ocrx_word' id='word_1_769' title='bbox 2134 2729 2423 2802; x_wconf 80' lang='grc' dir='ltr'>εκτήματα</span> <span class='ocrx_word' id='word_1_770' title='bbox 2491 2733 2557 2786; x_wconf 84' lang='grc' dir='ltr'>ἐκ</span> <span class='ocrx_word' id='word_1_771' title='bbox 2582 2732 2954 2805; x_wconf 87' lang='grc' dir='ltr'>προαιρέσεώς</span> <span class='ocrx_word' id='word_1_772' title='bbox 2988 2749 3070 2786; x_wconf 91' lang='grc' dir='ltr'>σοι</span> <span class='ocrx_word' id='word_1_773' title='bbox 3109 2731 3350 2804; x_wconf 87' lang='grc' dir='ltr'>παρέσχε</span> <span class='ocrx_word' id='word_1_774' title='bbox 3377 2729 3693 2800; x_wconf 88' lang='grc' dir='ltr'>κατορθοῦν,</span> <span class='ocrx_word' id='word_1_775' title='bbox 3728 2728 3815 2780; x_wconf 77' lang='grc' dir='ltr'>ἵνα</span> 
     </span>
    </p>
   </div>
   <div class='ocr_carea' id='block_1_93' title="bbox 2140 2825 3816 2903">
    <p class='ocr_par' dir='ltr' id='par_1_93' title="bbox 2140 2825 3816 2903">
     <span class='ocr_line' id='line_1_94' title="bbox 2140 2825 3816 2903; baseline -0.004 -22"><span class='ocrx_word' id='word_1_776' title='bbox 2140 2828 2236 2882; x_wconf 70' lang='grc' dir='ltr'>καὶ</span> <span class='ocrx_word' id='word_1_777' title='bbox 2261 2827 2490 2899; x_wconf 88' lang='grc' dir='ltr'>βραϐεῖα</span> <span class='ocrx_word' id='word_1_778' title='bbox 2540 2829 2736 2903; x_wconf 88' lang='grc' dir='ltr'>λάϐῃς.</span> <span class='ocrx_word' id='word_1_779' title='bbox 2790 2828 3050 2892; x_wconf 86' lang='grc' dir='ltr'>Ἐκείνοις</span> <span class='ocrx_word' id='word_1_780' title='bbox 3073 2829 3182 2900; x_wconf 82' lang='grc' dir='ltr'>γὰρ</span> <span class='ocrx_word' id='word_1_781' title='bbox 3207 2829 3314 2881; x_wconf 88' lang='grc' dir='ltr'>οὑκ</span> <span class='ocrx_word' id='word_1_782' title='bbox 3349 2830 3413 2880; x_wconf 91' lang='grc' dir='ltr'>ἐκ</span> <span class='ocrx_word' id='word_1_783' title='bbox 3448 2825 3816 2898; x_wconf 85' lang='grc' dir='ltr'>προαιρέσεως</span> 
     </span>
    </p>
   </div>
   <div class='ocr_carea' id='block_1_94' title="bbox 2141 2906 3817 2989">
    <p class='ocr_par' dir='ltr' id='par_1_94' title="bbox 2141 2906 3817 2989">
     <span class='ocr_line' id='line_1_95' title="bbox 2141 2906 3817 2989; baseline -0.005 -18"><span class='ocrx_word' id='word_1_784' title='bbox 2141 2916 2234 2971; x_wconf 86' lang='lat' dir='ltr'>ml</span> <span class='ocrx_word' id='word_1_785' title='bbox 2258 2917 2419 2986; x_wconf 84' lang='grc' dir='ltr'>λόγου</span> <span class='ocrx_word' id='word_1_786' title='bbox 2445 2917 2513 2971; x_wconf 87' lang='grc' dir='ltr'>τά</span> <span class='ocrx_word' id='word_1_787' title='bbox 2536 2917 2954 2989; x_wconf 85' lang='grc' dir='ltr'>κατορθώματα,</span> <span class='ocrx_word' id='word_1_788' title='bbox 2976 2916 3087 2970; x_wconf 71' lang='grc' dir='ltr'>ἀλλ’</span> <span class='ocrx_word' id='word_1_789' title='bbox 3113 2915 3220 2970; x_wconf 89' lang='grc' dir='ltr'>ἀπὸ</span> <span class='ocrx_word' id='word_1_790' title='bbox 3245 2915 3458 2985; x_wconf 82' lang='grc' dir='ltr'>φύσεως</span> <span class='ocrx_word' id='word_1_791' title='bbox 3479 2913 3662 2985; x_wconf 88' lang='grc' dir='ltr'>μόνης.</span> <span class='ocrx_word' id='word_1_792' title='bbox 3691 2906 3817 2964; x_wconf 78' lang='grc' dir='ltr'>Οἷόν</span> 
     </span>
    </p>
   </div>
   <div class='ocr_carea' id='block_1_95' title="bbox 2138 3006 3819 3087">
    <p class='ocr_par' dir='ltr' id='par_1_95' title="bbox 2138 3006 3819 3087">
     <span class='ocr_line' id='line_1_96' title="bbox 2138 3006 3819 3087; baseline -0.003 -22"><span class='ocrx_word' id='word_1_793' title='bbox 2138 3029 2192 3066; x_wconf 92' lang='grc' dir='ltr'>τι</span> <span class='ocrx_word' id='word_1_794' title='bbox 2215 3012 2384 3082; x_wconf 85' lang='grc' dir='ltr'>λέγω·</span> <span class='ocrx_word' id='word_1_795' title='bbox 2420 3017 2453 3087; x_wconf 87' lang='grc' dir='ltr'>ἡ</span> <span class='ocrx_word' id='word_1_796' title='bbox 2487 3015 2707 3086; x_wconf 86' lang='grc' dir='ltr'>μέλιττα</span> <span class='ocrx_word' id='word_1_797' title='bbox 2738 3013 3086 3085; x_wconf 88' lang='grc' dir='ltr'>μελιτουργεῖ</span> <span class='ocrx_word' id='word_1_798' title='bbox 3119 3014 3181 3066; x_wconf 92' lang='grc' dir='ltr'>οὑ</span> <span class='ocrx_word' id='word_1_799' title='bbox 3209 3012 3353 3082; x_wconf 85' lang='grc' dir='ltr'>λόγῳ</span> <span class='ocrx_word' id='word_1_800' title='bbox 3384 3008 3630 3082; x_wconf 85' lang='grc' dir='ltr'>μαθοῦσα</span> <span class='ocrx_word' id='word_1_801' title='bbox 3659 3006 3819 3060; x_wconf 85' lang='grc' dir='ltr'>τοῦτο</span> 
     </span>
    </p>
   </div>
   <div class='ocr_carea' id='block_1_96' title="bbox 2142 3103 3819 3182">
    <p class='ocr_par' dir='ltr' id='par_1_96' title="bbox 2142 3103 3819 3182">
     <span class='ocr_line' id='line_1_97' title="bbox 2142 3103 3819 3182; baseline -0.005 -18"><span class='ocrx_word' id='word_1_802' title='bbox 2142 3111 2236 3164; x_wconf 88' lang='lat' dir='ltr'>ml</span> <span class='ocrx_word' id='word_1_803' title='bbox 2269 3109 2532 3182; x_wconf 80' lang='grc' dir='ltr'>λογισμῷ,</span> <span class='ocrx_word' id='word_1_804' title='bbox 2565 3111 2680 3166; x_wconf 86' lang='grc' dir='ltr'>ἀλλ’</span> <span class='ocrx_word' id='word_1_805' title='bbox 2709 3111 2818 3164; x_wconf 87' lang='grc' dir='ltr'>ἀπὸ</span> <span class='ocrx_word' id='word_1_806' title='bbox 2843 3110 2942 3180; x_wconf 87' lang='grc' dir='ltr'>τῆς</span> <span class='ocrx_word' id='word_1_807' title='bbox 2966 3109 3180 3178; x_wconf 86' lang='grc' dir='ltr'>φύσεως</span> <span class='ocrx_word' id='word_1_808' title='bbox 3203 3105 3554 3162; x_wconf 87' lang='grc' dir='ltr'>παιδευθεῖσα</span> <span class='ocrx_word' id='word_1_809' title='bbox 3572 3123 3585 3135; x_wconf 93' lang='grc'><strong>·</strong></span> <span class='ocrx_word' id='word_1_810' title='bbox 3624 3103 3747 3158; x_wconf 75' lang='grc' dir='ltr'>ἐπεὶ</span> <span class='ocrx_word' id='word_1_811' title='bbox 3767 3105 3819 3156; x_wconf 85' lang='grc' dir='ltr'>εἰ</span> 
     </span>
    </p>
   </div>
   <div class='ocr_carea' id='block_1_97' title="bbox 2145 3201 3817 3279">
    <p class='ocr_par' dir='ltr' id='par_1_97' title="bbox 2145 3201 3817 3279">
     <span class='ocr_line' id='line_1_98' title="bbox 2145 3201 3817 3279; baseline -0.005 -18"><span class='ocrx_word' id='word_1_812' title='bbox 2145 3207 2219 3279; x_wconf 84' lang='grc' dir='ltr'>μὴ</span> <span class='ocrx_word' id='word_1_813' title='bbox 2245 3207 2470 3276; x_wconf 83' lang='grc' dir='ltr'>φυσικὸν</span> <span class='ocrx_word' id='word_1_814' title='bbox 2498 3203 2566 3278; x_wconf 80' lang='grc' dir='ltr'>ἦν</span> <span class='ocrx_word' id='word_1_815' title='bbox 2593 3209 2655 3262; x_wconf 84' lang='grc' dir='ltr'>τὸ</span> <span class='ocrx_word' id='word_1_816' title='bbox 2683 3207 2866 3278; x_wconf 76' lang='grc' dir='ltr'>ἔργον,</span> <span class='ocrx_word' id='word_1_817' title='bbox 2901 3205 3036 3278; x_wconf 87' lang='grc' dir='ltr'>μηδέ</span> <span class='ocrx_word' id='word_1_818' title='bbox 3083 3203 3163 3274; x_wconf 83' lang='grc' dir='ltr'>τῷ</span> <span class='ocrx_word' id='word_1_819' title='bbox 3191 3203 3338 3273; x_wconf 80' lang='grc' dir='ltr'>γένει</span> <span class='ocrx_word' id='word_1_820' title='bbox 3373 3201 3817 3273; x_wconf 81' lang='grc' dir='ltr'>συγκεκλήρωτο,</span> 
     </span>
    </p>
   </div>
   <div class='ocr_carea' id='block_1_98' title="bbox 2139 3296 3817 3373">
    <p class='ocr_par' dir='ltr' id='par_1_98' title="bbox 2139 3296 3817 3373">
     <span class='ocr_line' id='line_1_99' title="bbox 2139 3296 3817 3373; baseline -0.004 -17"><span class='ocrx_word' id='word_1_821' title='bbox 2139 3303 2245 3356; x_wconf 72' lang='grc' dir='ltr'>ἔδει</span> <span class='ocrx_word' id='word_1_822' title='bbox 2271 3303 2486 3368; x_wconf 86' lang='grc' dir='ltr'>πάντως</span> <span class='ocrx_word' id='word_1_823' title='bbox 2506 3303 2658 3368; x_wconf 82' lang='grc' dir='ltr'>τινὰς</span> <span class='ocrx_word' id='word_1_824' title='bbox 2682 3301 2742 3369; x_wconf 81' lang='grc' dir='ltr'>ἐξ</span> <span class='ocrx_word' id='word_1_825' title='bbox 2777 3302 2957 3356; x_wconf 83' lang='grc' dir='ltr'>αὐτῶν</span> <span class='ocrx_word' id='word_1_826' title='bbox 2992 3301 3252 3373; x_wconf 83' lang='grc' dir='ltr'>ἀπείρους</span> <span class='ocrx_word' id='word_1_827' title='bbox 3281 3296 3418 3353; x_wconf 74' lang='grc' dir='ltr'>εἶναι</span> <span class='ocrx_word' id='word_1_828' title='bbox 3446 3299 3546 3369; x_wconf 87' lang='grc' dir='ltr'>τῆς</span> <span class='ocrx_word' id='word_1_829' title='bbox 3573 3297 3771 3368; x_wconf 82' lang='grc' dir='ltr'>τέχνης</span> <span class='ocrx_word' id='word_1_830' title='bbox 3800 3314 3817 3327; x_wconf 76' lang='grc' dir='ltr'><strong>ο</strong></span> 
     </span>
    </p>
   </div>
   <div class='ocr_carea' id='block_1_99' title="bbox 2144 3391 3820 3470">
    <p class='ocr_par' dir='ltr' id='par_1_99' title="bbox 2144 3391 3820 3470">
     <span class='ocr_line' id='line_1_100' title="bbox 2144 3391 3820 3470; baseline -0.005 -16"><span class='ocrx_word' id='word_1_831' title='bbox 2144 3398 2240 3454; x_wconf 91' lang='grc' dir='ltr'>νῦν</span> <span class='ocrx_word' id='word_1_832' title='bbox 2272 3400 2331 3454; x_wconf 85' lang='grc' dir='ltr'>δὲ</span> <span class='ocrx_word' id='word_1_833' title='bbox 2350 3398 2410 3466; x_wconf 81' lang='grc' dir='ltr'>ἐξ</span> <span class='ocrx_word' id='word_1_834' title='bbox 2441 3392 2502 3454; x_wconf 77' lang='lat'>06</span> <span class='ocrx_word' id='word_1_835' title='bbox 2525 3399 2748 3469; x_wconf 90' lang='grc' dir='ltr'>γέγονεν</span> <span class='ocrx_word' id='word_1_836' title='bbox 2768 3401 2797 3454; x_wconf 89' lang='grc' dir='ltr'>ό</span> <span class='ocrx_word' id='word_1_837' title='bbox 2823 3398 3025 3470; x_wconf 86' lang='grc' dir='ltr'>κόσμος</span> <span class='ocrx_word' id='word_1_838' title='bbox 3062 3397 3223 3468; x_wconf 87' lang='grc' dir='ltr'>μέχρι</span> <span class='ocrx_word' id='word_1_839' title='bbox 3245 3397 3343 3466; x_wconf 82' lang='grc' dir='ltr'>τῆς</span> <span class='ocrx_word' id='word_1_840' title='bbox 3372 3393 3654 3466; x_wconf 86' lang='grc' dir='ltr'>παρούσης</span> <span class='ocrx_word' id='word_1_841' title='bbox 3679 3391 3820 3464; x_wconf 85' lang='grc' dir='ltr'>ἡμέ-</span> 
     </span>
    </p>
   </div>
   <div class='ocr_carea' id='block_1_100' title="bbox 2142 3492 3818 3569">
    <p class='ocr_par' dir='ltr' id='par_1_100' title="bbox 2142 3492 3818 3569">
     <span class='ocr_line' id='line_1_101' title="bbox 2142 3492 3818 3569; baseline -0.002 -19"><span class='ocrx_word' id='word_1_842' title='bbox 2142 3513 2264 3569; x_wconf 90' lang='grc' dir='ltr'>ρας,</span> <span class='ocrx_word' id='word_1_843' title='bbox 2285 3497 2459 3561; x_wconf 79' lang='grc' dir='ltr'>οὑδεὶς</span> <span class='ocrx_word' id='word_1_844' title='bbox 2482 3492 2588 3551; x_wconf 81' lang='grc' dir='ltr'>εἶδε</span> <span class='ocrx_word' id='word_1_845' title='bbox 2614 3497 2870 3569; x_wconf 88' lang='grc' dir='ltr'>μελίττας</span> <span class='ocrx_word' id='word_1_846' title='bbox 2887 3493 3264 3567; x_wconf 78' lang='grc' dir='ltr'>ἡσυχαζούσας</span> <span class='ocrx_word' id='word_1_847' title='bbox 3296 3492 3388 3547; x_wconf 89' lang='lat' dir='ltr'>ml</span> <span class='ocrx_word' id='word_1_848' title='bbox 3419 3493 3492 3564; x_wconf 81' lang='grc' dir='ltr'>μὴ</span> <span class='ocrx_word' id='word_1_849' title='bbox 3529 3492 3818 3564; x_wconf 87' lang='grc' dir='ltr'>μελιτουρ-</span> 
     </span>
    </p>
   </div>
   <div class='ocr_carea' id='block_1_101' title="bbox 2139 3587 3818 3666">
    <p class='ocr_par' dir='ltr' id='par_1_101' title="bbox 2139 3587 3818 3666">
     <span class='ocr_line' id='line_1_102' title="bbox 2139 3587 3818 3666; baseline -0.004 -20"><span class='ocrx_word' id='word_1_850' title='bbox 2139 3592 2364 3662; x_wconf 86' lang='grc' dir='ltr'>γούσας.</span> <span class='ocrx_word' id='word_1_851' title='bbox 2403 3592 2644 3647; x_wconf 88' lang='grc' dir='ltr'>Τοιαῦτα</span> <span class='ocrx_word' id='word_1_852' title='bbox 2695 3593 2806 3666; x_wconf 83' lang='grc' dir='ltr'>γὰρ</span> <span class='ocrx_word' id='word_1_853' title='bbox 2827 3593 2896 3647; x_wconf 82' lang='grc' dir='ltr'>τά</span> <span class='ocrx_word' id='word_1_854' title='bbox 2924 3591 3130 3663; x_wconf 87' lang='grc' dir='ltr'>φυσικά</span> <span class='ocrx_word' id='word_1_855' title='bbox 3163 3588 3318 3644; x_wconf 84' lang='grc' dir='ltr'>κοινὰ</span> <span class='ocrx_word' id='word_1_856' title='bbox 3347 3588 3443 3642; x_wconf 87' lang='lat'>106</span> <span class='ocrx_word' id='word_1_857' title='bbox 3483 3587 3684 3651; x_wconf 87' lang='grc' dir='ltr'>παντὸς</span> <span class='ocrx_word' id='word_1_858' title='bbox 3718 3588 3818 3656; x_wconf 86' lang='grc' dir='ltr'>γέ-</span> 
     </span>
    </p>
   </div>
   <div class='ocr_carea' id='block_1_102' title="bbox 2141 3683 3817 3762">
    <p class='ocr_par' dir='ltr' id='par_1_102' title="bbox 2141 3683 3817 3762">
     <span class='ocr_line' id='line_1_103' title="bbox 2141 3683 3817 3762; baseline -0.003 -19"><span class='ocrx_word' id='word_1_859' title='bbox 2141 3707 2264 3754; x_wconf 90' lang='grc' dir='ltr'>νους</span> <span class='ocrx_word' id='word_1_860' title='bbox 2289 3691 2439 3744; x_wconf 87' lang='grc' dir='ltr'>ἐστί·</span> <span class='ocrx_word' id='word_1_861' title='bbox 2469 3691 2536 3745; x_wconf 85' lang='grc' dir='ltr'>τά</span> <span class='ocrx_word' id='word_1_862' title='bbox 2569 3691 2626 3745; x_wconf 81' lang='grc' dir='ltr'>δὲ</span> <span class='ocrx_word' id='word_1_863' title='bbox 2651 3691 2715 3744; x_wconf 86' lang='grc' dir='ltr'>ἐκ</span> <span class='ocrx_word' id='word_1_864' title='bbox 2752 3688 3131 3762; x_wconf 90' lang='grc' dir='ltr'>προαιρέσεως</span> <span class='ocrx_word' id='word_1_865' title='bbox 3161 3686 3261 3740; x_wconf 84' lang='grc' dir='ltr'>οὑκ</span> <span class='ocrx_word' id='word_1_866' title='bbox 3289 3685 3406 3739; x_wconf 78' lang='grc' dir='ltr'>ἐστι</span> <span class='ocrx_word' id='word_1_867' title='bbox 3437 3683 3594 3738; x_wconf 88' lang='grc' dir='ltr'>κοινά</span> <span class='ocrx_word' id='word_1_868' title='bbox 3614 3701 3627 3715; x_wconf 80' lang='lat'>&#39;</span> <span class='ocrx_word' id='word_1_869' title='bbox 3650 3684 3817 3739; x_wconf 86' lang='grc' dir='ltr'>πόνου</span> 
     </span>
    </p>
   </div>
   <div class='ocr_carea' id='block_1_103' title="bbox 2141 3786 3167 3861">
    <p class='ocr_par' dir='ltr' id='par_1_103' title="bbox 2141 3786 3167 3861">
     <span class='ocr_line' id='line_1_104' title="bbox 2141 3786 3167 3861; baseline -0.004 -21"><span class='ocrx_word' id='word_1_870' title='bbox 2141 3786 2251 3858; x_wconf 85' lang='grc' dir='ltr'>γὰρ</span> <span class='ocrx_word' id='word_1_871' title='bbox 2281 3788 2448 3842; x_wconf 88' lang='grc' dir='ltr'>δεῖται</span> <span class='ocrx_word' id='word_1_872' title='bbox 2484 3789 2622 3861; x_wconf 89' lang='grc' dir='ltr'>πρὸς</span> <span class='ocrx_word' id='word_1_873' title='bbox 2651 3789 2713 3842; x_wconf 89' lang='grc' dir='ltr'>τὸ</span> <span class='ocrx_word' id='word_1_874' title='bbox 2735 3786 3167 3859; x_wconf 81' lang='grc' dir='ltr'>κατορθωθῆναι.</span> 
     </span>
    </p>
   </div>
   <div class='ocr_carea' id='block_1_104' title="bbox 2211 3875 3819 3953">
    <p class='ocr_par' dir='ltr' id='par_1_104' title="bbox 2211 3875 3819 3953">
     <span class='ocr_line' id='line_1_105' title="bbox 2211 3875 3819 3953; baseline -0.005 -16"><span class='ocrx_word' id='word_1_875' title='bbox 2211 3891 2279 3953; x_wconf 85' lang='grc' dir='ltr'>γ’.</span> <span class='ocrx_word' id='word_1_876' title='bbox 2304 3885 2488 3938; x_wconf 89' lang='grc' dir='ltr'>Πάντα</span> <span class='ocrx_word' id='word_1_877' title='bbox 2502 3884 2680 3938; x_wconf 89' lang='grc' dir='ltr'>τοίνυν</span> <span class='ocrx_word' id='word_1_878' title='bbox 2694 3883 2761 3936; x_wconf 86' lang='grc' dir='ltr'>τὰ</span> <span class='ocrx_word' id='word_1_879' title='bbox 2783 3882 3040 3939; x_wconf 85' lang='grc' dir='ltr'>κάλλιστα</span> <span class='ocrx_word' id='word_1_880' title='bbox 3063 3879 3241 3934; x_wconf 89' lang='grc' dir='ltr'>λαϐὼν</span> <span class='ocrx_word' id='word_1_881' title='bbox 3258 3896 3325 3931; x_wconf 90' lang='grc' dir='ltr'>πε</span> <span class='ocrx_word' id='word_1_882' title='bbox 3335 3875 3572 3949; x_wconf 88' lang='grc' dir='ltr'>ριϐαλοῦ·</span> <span class='ocrx_word' id='word_1_883' title='bbox 3591 3875 3684 3929; x_wconf 87' lang='lat' dir='ltr'>ml</span> <span class='ocrx_word' id='word_1_884' title='bbox 3707 3876 3819 3948; x_wconf 84' lang='grc' dir='ltr'>γὰρ</span> 
     </span>
    </p>
   </div>
   <div class='ocr_carea' id='block_1_105' title="bbox 2145 3972 3818 4053">
    <p class='ocr_par' dir='ltr' id='par_1_105' title="bbox 2145 3972 3818 4053">
     <span class='ocr_line' id='line_1_106' title="bbox 2145 3972 3818 4053; baseline -0.005 -19"><span class='ocrx_word' id='word_1_885' title='bbox 2145 3980 2398 4053; x_wconf 82' lang='grc' dir='ltr'>βασιλεὺς</span> <span class='ocrx_word' id='word_1_886' title='bbox 2435 3974 2484 4032; x_wconf 81' lang='grc' dir='ltr'>εἷ</span> <span class='ocrx_word' id='word_1_887' title='bbox 2507 3979 2616 4033; x_wconf 84' lang='grc' dir='ltr'>τῶν</span> <span class='ocrx_word' id='word_1_888' title='bbox 2641 3979 2883 4048; x_wconf 88' lang='grc' dir='ltr'>ἀλόγων⁹</span> <span class='ocrx_word' id='word_1_889' title='bbox 2915 3978 2965 4031; x_wconf 84' lang='grc' dir='ltr'>οί</span> <span class='ocrx_word' id='word_1_890' title='bbox 2997 3977 3055 4030; x_wconf 85' lang='grc' dir='ltr'>δὲ</span> <span class='ocrx_word' id='word_1_891' title='bbox 3079 3974 3338 4046; x_wconf 87' lang='grc' dir='ltr'>βασιλεῖς,</span> <span class='ocrx_word' id='word_1_892' title='bbox 3374 3974 3427 4026; x_wconf 76' lang='grc' dir='ltr'>εἰ</span> <span class='ocrx_word' id='word_1_893' title='bbox 3451 3991 3501 4026; x_wconf 89' lang='grc' dir='ltr'>τι</span> <span class='ocrx_word' id='word_1_894' title='bbox 3534 3972 3818 4027; x_wconf 87' lang='grc' dir='ltr'>κάλλιστόν</span> 
     </span>
    </p>
   </div>
   <div class='ocr_carea' id='block_1_106' title="bbox 2141 4073 3817 4150">
    <p class='ocr_par' dir='ltr' id='par_1_106' title="bbox 2141 4073 3817 4150">
     <span class='ocr_line' id='line_1_107' title="bbox 2141 4073 3817 4150; baseline -0.006 -16"><span class='ocrx_word' id='word_1_895' title='bbox 2141 4084 2288 4135; x_wconf 80' lang='grc' dir='ltr'>ἐστιν</span> <span class='ocrx_word' id='word_1_896' title='bbox 2308 4083 2366 4133; x_wconf 81' lang='grc' dir='ltr'>ἐν</span> <span class='ocrx_word' id='word_1_897' title='bbox 2389 4083 2502 4144; x_wconf 89' lang='grc' dir='ltr'>τοῖς</span> <span class='ocrx_word' id='word_1_898' title='bbox 2547 4079 2828 4150; x_wconf 87' lang='grc' dir='ltr'>ὑπηκόοις,</span> <span class='ocrx_word' id='word_1_899' title='bbox 2869 4077 2978 4132; x_wconf 81' lang='grc' dir='ltr'>εἴτε</span> <span class='ocrx_word' id='word_1_900' title='bbox 3018 4075 3242 4148; x_wconf 87' lang='grc' dir='ltr'>χρυσὸς,</span> <span class='ocrx_word' id='word_1_901' title='bbox 3279 4076 3388 4128; x_wconf 74' lang='grc' dir='ltr'>εἴτε</span> <span class='ocrx_word' id='word_1_902' title='bbox 3417 4076 3675 4145; x_wconf 80' lang='grc' dir='ltr'>ἄργυρος,</span> <span class='ocrx_word' id='word_1_903' title='bbox 3704 4073 3817 4126; x_wconf 82' lang='grc' dir='ltr'>εῖτε</span> 
     </span>
    </p>
   </div>
   <div class='ocr_carea' id='block_1_107' title="bbox 2141 4168 3818 4250">
    <p class='ocr_par' dir='ltr' id='par_1_107' title="bbox 2141 4168 3818 4250">
     <span class='ocr_line' id='line_1_108' title="bbox 2141 4168 3818 4250; baseline -0.009 -16"><span class='ocrx_word' id='word_1_904' title='bbox 2141 4179 2278 4234; x_wconf 89' lang='grc' dir='ltr'>λίθοι</span> <span class='ocrx_word' id='word_1_905' title='bbox 2300 4179 2492 4250; x_wconf 91' lang='grc' dir='ltr'>τίμιοι,</span> <span class='ocrx_word' id='word_1_906' title='bbox 2518 4178 2625 4230; x_wconf 74' lang='grc' dir='ltr'>εἴτε</span> <span class='ocrx_word' id='word_1_907' title='bbox 2654 4176 2843 4247; x_wconf 85' lang='grc' dir='ltr'>ἱμάτια</span> <span class='ocrx_word' id='word_1_908' title='bbox 2865 4173 3153 4244; x_wconf 77' lang='grc' dir='ltr'>πολυτελῆ,</span> <span class='ocrx_word' id='word_1_909' title='bbox 3171 4171 3344 4226; x_wconf 84' lang='grc' dir='ltr'>ταῦτα</span> <span class='ocrx_word' id='word_1_910' title='bbox 3369 4170 3484 4241; x_wconf 83' lang='grc' dir='ltr'>μεθ’</span> <span class='ocrx_word' id='word_1_911' title='bbox 3511 4168 3818 4239; x_wconf 87' lang='grc' dir='ltr'>ὑπερϐολῆς</span> 
     </span>
    </p>
   </div>
   <div class='ocr_carea' id='block_1_108' title="bbox 2152 4266 3820 4346">
    <p class='ocr_par' dir='ltr' id='par_1_108' title="bbox 2152 4266 3820 4346">
     <span class='ocr_line' id='line_1_109' title="bbox 2152 4266 3820 4346; baseline -0.007 -16"><span class='ocrx_word' id='word_1_912' title='bbox 2152 4277 2305 4330; x_wconf 80' lang='grc' dir='ltr'>αὑτοὶ</span> <span class='ocrx_word' id='word_1_913' title='bbox 2361 4275 2656 4346; x_wconf 88' lang='grc' dir='ltr'>κέκτηνται</span> <span class='ocrx_word' id='word_1_914' title='bbox 2679 4289 2693 4303; x_wconf 91' lang='grc'><strong>·</strong></span> <span class='ocrx_word' id='word_1_915' title='bbox 2727 4271 2820 4326; x_wconf 80' lang='grc' dir='ltr'>καὶ</span> <span class='ocrx_word' id='word_1_916' title='bbox 2856 4268 3104 4340; x_wconf 75' lang='grc' dir='ltr'>θαύμαζέ</span> <span class='ocrx_word' id='word_1_917' title='bbox 3147 4284 3242 4322; x_wconf 92' lang='grc' dir='ltr'>σου</span> <span class='ocrx_word' id='word_1_918' title='bbox 3275 4268 3368 4321; x_wconf 90' lang='grc' dir='ltr'>τὸν</span> <span class='ocrx_word' id='word_1_919' title='bbox 3403 4267 3678 4337; x_wconf 81' lang='grc' dir='ltr'>Δεσπότην</span> <span class='ocrx_word' id='word_1_920' title='bbox 3707 4266 3820 4319; x_wconf 85' lang='grc' dir='ltr'>ἀπὸ</span> 
     </span>
    </p>
   </div>
   <div class='ocr_carea' id='block_1_109' title="bbox 2141 4363 3819 4444">
    <p class='ocr_par' dir='ltr' id='par_1_109' title="bbox 2141 4363 3819 4444">
     <span class='ocr_line' id='line_1_110' title="bbox 2141 4363 3819 4444; baseline -0.008 -16"><span class='ocrx_word' id='word_1_921' title='bbox 2141 4374 2239 4444; x_wconf 88' lang='grc' dir='ltr'>τῆς</span> <span class='ocrx_word' id='word_1_922' title='bbox 2265 4371 2521 4435; x_wconf 89' lang='grc' dir='ltr'>κτίσεως.</span> <span class='ocrx_word' id='word_1_923' title='bbox 2545 4373 2606 4424; x_wconf 85' lang='grc' dir='ltr'>Εἰ</span> <span class='ocrx_word' id='word_1_924' title='bbox 2634 4369 2690 4422; x_wconf 88' lang='grc' dir='ltr'>δέ</span> <span class='ocrx_word' id='word_1_925' title='bbox 2720 4369 2772 4422; x_wconf 90' lang='grc' dir='ltr'>τί</span> <span class='ocrx_word' id='word_1_926' title='bbox 2814 4385 2873 4421; x_wconf 92' lang='grc' dir='ltr'>σε</span> <span class='ocrx_word' id='word_1_927' title='bbox 2909 4365 3227 4439; x_wconf 85' lang='grc' dir='ltr'>ὑπερϐαίνει</span> <span class='ocrx_word' id='word_1_928' title='bbox 3247 4364 3356 4417; x_wconf 83' lang='grc' dir='ltr'>τῶν</span> <span class='ocrx_word' id='word_1_929' title='bbox 3381 4363 3691 4435; x_wconf 84' lang='grc' dir='ltr'>ὁρωμένων,</span> <span class='ocrx_word' id='word_1_930' title='bbox 3721 4363 3819 4416; x_wconf 75' lang='grc' dir='ltr'>καὶ</span> 
     </span>
    </p>
   </div>
   <div class='ocr_carea' id='block_1_110' title="bbox 2141 4461 3818 4540">
    <p class='ocr_par' dir='ltr' id='par_1_110' title="bbox 2141 4461 3818 4540">
     <span class='ocr_line' id='line_1_111' title="bbox 2141 4461 3818 4540; baseline -0.007 -16"><span class='ocrx_word' id='word_1_931' title='bbox 2141 4473 2232 4524; x_wconf 89' lang='grc' dir='ltr'>τὸν</span> <span class='ocrx_word' id='word_1_932' title='bbox 2269 4471 2425 4540; x_wconf 89' lang='grc' dir='ltr'>λόγον</span> <span class='ocrx_word' id='word_1_933' title='bbox 2453 4470 2513 4522; x_wconf 84' lang='grc' dir='ltr'>οὑ</span> <span class='ocrx_word' id='word_1_934' title='bbox 2536 4469 2758 4523; x_wconf 88' lang='grc' dir='ltr'>δύνασαι</span> <span class='ocrx_word' id='word_1_935' title='bbox 2803 4466 3008 4535; x_wconf 88' lang='grc' dir='ltr'>εὑρεῖν,</span> <span class='ocrx_word' id='word_1_936' title='bbox 3046 4465 3140 4518; x_wconf 91' lang='lat' dir='ltr'>ml</span> <span class='ocrx_word' id='word_1_937' title='bbox 3161 4463 3246 4516; x_wconf 75' lang='grc' dir='ltr'>διὰ</span> <span class='ocrx_word' id='word_1_938' title='bbox 3277 4461 3433 4516; x_wconf 84' lang='grc' dir='ltr'>τοῦτο</span> <span class='ocrx_word' id='word_1_939' title='bbox 3467 4462 3689 4526; x_wconf 81' lang='grc' dir='ltr'>δόξασον</span> <span class='ocrx_word' id='word_1_940' title='bbox 3722 4461 3818 4515; x_wconf 88' lang='grc' dir='ltr'>τὸν</span> 
     </span>
    </p>
   </div>
   <div class='ocr_carea' id='block_1_111' title="bbox 2144 4557 3819 4640">
    <p class='ocr_par' dir='ltr' id='par_1_111' title="bbox 2144 4557 3819 4640">
     <span class='ocr_line' id='line_1_112' title="bbox 2144 4557 3819 4640; baseline -0.007 -17"><span class='ocrx_word' id='word_1_941' title='bbox 2144 4571 2464 4640; x_wconf 87' lang='grc' dir='ltr'>ποιήσαντα,</span> <span class='ocrx_word' id='word_1_942' title='bbox 2497 4566 2580 4619; x_wconf 85' lang='grc' dir='ltr'>ὅτι</span> <span class='ocrx_word' id='word_1_943' title='bbox 2631 4562 2950 4634; x_wconf 89' lang='grc' dir='ltr'>ὑπερϐαίνει</span> <span class='ocrx_word' id='word_1_944' title='bbox 2990 4578 3084 4613; x_wconf 92' lang='grc' dir='ltr'>σου</span> <span class='ocrx_word' id='word_1_945' title='bbox 3117 4560 3217 4630; x_wconf 82' lang='grc' dir='ltr'>τὴν</span> <span class='ocrx_word' id='word_1_946' title='bbox 3244 4558 3546 4628; x_wconf 70' lang='grc' dir='ltr'>κατάληψιν</span> <span class='ocrx_word' id='word_1_947' title='bbox 3582 4560 3616 4629; x_wconf 87' lang='grc' dir='ltr'>ἡ</span> <span class='ocrx_word' id='word_1_948' title='bbox 3655 4557 3819 4627; x_wconf 76' lang='grc' dir='ltr'>σοφία</span> 
     </span>
    </p>
   </div>
   <div class='ocr_carea' id='block_1_112' title="bbox 2142 4652 3813 4736">
    <p class='ocr_par' dir='ltr' id='par_1_112' title="bbox 2142 4652 3813 4736">
     <span class='ocr_line' id='line_1_113' title="bbox 2142 4652 3813 4736; baseline -0.007 -20"><span class='ocrx_word' id='word_1_949' title='bbox 2142 4663 2253 4717; x_wconf 82' lang='grc' dir='ltr'>τῶν</span> <span class='ocrx_word' id='word_1_950' title='bbox 2275 4663 2426 4736; x_wconf 73' lang='grc'>1127]</span> <span class='ocrx_word' id='word_1_951' title='bbox 2445 4661 2764 4733; x_wconf 86' lang='grc' dir='ltr'>γινομένων.</span> <span class='ocrx_word' id='word_1_952' title='bbox 2785 4659 2876 4728; x_wconf 84' lang='grc' dir='ltr'>Μὴ</span> <span class='ocrx_word' id='word_1_953' title='bbox 2887 4657 3012 4725; x_wconf 87' lang='grc' dir='ltr'>λέγε</span> <span class='ocrx_word' id='word_1_954' title='bbox 3032 4673 3046 4688; x_wconf 74' lang='grc' dir='ltr'><strong>ο</strong></span> <span class='ocrx_word' id='word_1_955' title='bbox 3069 4656 3166 4708; x_wconf 89' lang='grc' dir='ltr'>Διὰ</span> <span class='ocrx_word' id='word_1_956' title='bbox 3179 4655 3230 4708; x_wconf 90' lang='grc' dir='ltr'>τί</span> <span class='ocrx_word' id='word_1_957' title='bbox 3252 4653 3429 4718; x_wconf 84' lang='grc' dir='ltr'>τοῦτο;</span> <span class='ocrx_word' id='word_1_958' title='bbox 3449 4655 3527 4718; x_wconf 90' lang='grc' dir='ltr'>εἰς</span> <span class='ocrx_word' id='word_1_959' title='bbox 3553 4654 3604 4706; x_wconf 88' lang='grc' dir='ltr'>τί</span> <span class='ocrx_word' id='word_1_960' title='bbox 3623 4652 3813 4718; x_wconf 87' lang='grc' dir='ltr'>τοῦτο;</span> 
     </span>
    </p>
   </div>
   <div class='ocr_carea' id='block_1_113' title="bbox 2143 4750 3816 4830">
    <p class='ocr_par' dir='ltr' id='par_1_113' title="bbox 2143 4750 3816 4830">
     <span class='ocr_line' id='line_1_114' title="bbox 2143 4750 3816 4830; baseline -0.007 -17"><span class='ocrx_word' id='word_1_961' title='bbox 2143 4760 2372 4813; x_wconf 70' lang='grc' dir='ltr'>ἕκαστον</span> <span class='ocrx_word' id='word_1_962' title='bbox 2395 4759 2504 4830; x_wconf 84' lang='grc' dir='ltr'>γάρ</span> <span class='ocrx_word' id='word_1_963' title='bbox 2528 4757 2793 4830; x_wconf 79' lang='grc' dir='ltr'>χρήσιμόν</span> <span class='ocrx_word' id='word_1_964' title='bbox 2810 4757 2977 4817; x_wconf 90' lang='grc' dir='ltr'>ἐστιν,</span> <span class='ocrx_word' id='word_1_965' title='bbox 3006 4755 3053 4805; x_wconf 89' lang='grc' dir='ltr'>εἰ</span> <span class='ocrx_word' id='word_1_966' title='bbox 3081 4753 3176 4806; x_wconf 73' lang='grc' dir='ltr'>καὶ</span> <span class='ocrx_word' id='word_1_967' title='bbox 3203 4751 3296 4804; x_wconf 92' lang='grc' dir='ltr'>τὸν</span> <span class='ocrx_word' id='word_1_968' title='bbox 3328 4750 3482 4818; x_wconf 89' lang='grc' dir='ltr'>λόγον</span> <span class='ocrx_word' id='word_1_969' title='bbox 3512 4750 3816 4820; x_wconf 85' lang='grc' dir='ltr'>ἀγνοοῦμεν</span> 
     </span>
    </p>
   </div>
   <div class='ocr_carea' id='block_1_114' title="bbox 2142 4846 3817 4927">
    <p class='ocr_par' dir='ltr' id='par_1_114' title="bbox 2142 4846 3817 4927">
     <span class='ocr_line' id='line_1_115' title="bbox 2142 4846 3817 4927; baseline -0.007 -18"><span class='ocrx_word' id='word_1_970' title='bbox 2142 4858 2325 4927; x_wconf 89' lang='grc' dir='ltr'>ἡμεῖς.</span> <span class='ocrx_word' id='word_1_971' title='bbox 2353 4855 2564 4927; x_wconf 83' lang='grc' dir='ltr'>’Ὥσπερ</span> <span class='ocrx_word' id='word_1_972' title='bbox 2616 4849 2709 4907; x_wconf 79' lang='grc' dir='ltr'>οὖν</span> <span class='ocrx_word' id='word_1_973' title='bbox 2749 4852 2846 4906; x_wconf 80' lang='grc' dir='ltr'>ἐὰν</span> <span class='ocrx_word' id='word_1_974' title='bbox 2883 4852 2962 4912; x_wconf 88' lang='grc' dir='ltr'>εἰς</span> <span class='ocrx_word' id='word_1_975' title='bbox 2998 4849 3230 4919; x_wconf 77' lang='grc' dir='ltr'>ἰατρεῖον</span> <span class='ocrx_word' id='word_1_976' title='bbox 3277 4846 3542 4918; x_wconf 86' lang='grc' dir='ltr'>εἰσέλθῃς,</span> <span class='ocrx_word' id='word_1_977' title='bbox 3575 4850 3670 4900; x_wconf 78' lang='grc' dir='ltr'>καὶ</span> <span class='ocrx_word' id='word_1_978' title='bbox 3698 4847 3817 4920; x_wconf 78' lang='grc' dir='ltr'>ῐδῃς</span> 
     </span>
    </p>
   </div>
   <div class='ocr_carea' id='block_1_115' title="bbox 2145 4941 3816 5025">
    <p class='ocr_par' dir='ltr' id='par_1_115' title="bbox 2145 4941 3816 5025">
     <span class='ocr_line' id='line_1_116' title="bbox 2145 4941 3816 5025; baseline -0.006 -20"><span class='ocrx_word' id='word_1_979' title='bbox 2145 4951 2404 5025; x_wconf 83' lang='grc' dir='ltr'>ἐργαλεῖα</span> <span class='ocrx_word' id='word_1_980' title='bbox 2446 4950 2616 5004; x_wconf 83' lang='grc' dir='ltr'>πολλὰ</span> <span class='ocrx_word' id='word_1_981' title='bbox 2669 4947 3026 5022; x_wconf 87' lang='grc' dir='ltr'>προκείμενα,</span> <span class='ocrx_word' id='word_1_982' title='bbox 3077 4941 3376 5014; x_wconf 73' lang='grc' dir='ltr'>θαυμάζεις</span> <span class='ocrx_word' id='word_1_983' title='bbox 3411 4942 3508 5013; x_wconf 84' lang='grc' dir='ltr'>τὴν</span> <span class='ocrx_word' id='word_1_984' title='bbox 3539 4941 3816 4995; x_wconf 84' lang='grc' dir='ltr'>ποικιλίαν</span> 
     </span>
    </p>
   </div>
   <div class='ocr_carea' id='block_1_116' title="bbox 2143 5038 3814 5121">
    <p class='ocr_par' dir='ltr' id='par_1_116' title="bbox 2143 5038 3814 5121">
     <span class='ocr_line' id='line_1_117' title="bbox 2143 5038 3814 5121; baseline -0.007 -19"><span class='ocrx_word' id='word_1_985' title='bbox 2143 5049 2252 5104; x_wconf 81' lang='grc' dir='ltr'>τῶν</span> <span class='ocrx_word' id='word_1_986' title='bbox 2291 5049 2558 5121; x_wconf 84' lang='grc' dir='ltr'>ὀργάνων,</span> <span class='ocrx_word' id='word_1_987' title='bbox 2600 5045 2776 5100; x_wconf 88' lang='grc' dir='ltr'>καίτοι</span> <span class='ocrx_word' id='word_1_988' title='bbox 2819 5061 2882 5114; x_wconf 80' lang='grc' dir='ltr'>γε</span> <span class='ocrx_word' id='word_1_989' title='bbox 2915 5042 3012 5103; x_wconf 80' lang='grc' dir='ltr'>τὰς</span> <span class='ocrx_word' id='word_1_990' title='bbox 3049 5040 3237 5112; x_wconf 88' lang='grc' dir='ltr'>χρείας</span> <span class='ocrx_word' id='word_1_991' title='bbox 3268 5038 3447 5092; x_wconf 80' lang='grc' dir='ltr'>αὐτῶν</span> <span class='ocrx_word' id='word_1_992' title='bbox 3483 5039 3584 5091; x_wconf 89' lang='grc' dir='ltr'>οὑκ</span> <span class='ocrx_word' id='word_1_993' title='bbox 3612 5039 3767 5102; x_wconf 85' lang='grc' dir='ltr'>εἰδώς</span> <span class='ocrx_word' id='word_1_994' title='bbox 3797 5053 3814 5068; x_wconf 86' lang='grc'><strong>·</strong></span> 
     </span>
    </p>
   </div>
   <div class='ocr_carea' id='block_1_117' title="bbox 2143 5133 3816 5214">
    <p class='ocr_par' dir='ltr' id='par_1_117' title="bbox 2143 5133 3816 5214">
     <span class='ocr_line' id='line_1_118' title="bbox 2143 5133 3816 5214; baseline -0.008 -14"><span class='ocrx_word' id='word_1_995' title='bbox 2143 5146 2286 5199; x_wconf 80' lang='grc' dir='ltr'>οὑτω</span> <span class='ocrx_word' id='word_1_996' title='bbox 2314 5146 2410 5199; x_wconf 76' lang='grc' dir='ltr'>καὶ</span> <span class='ocrx_word' id='word_1_997' title='bbox 2443 5145 2534 5197; x_wconf 76' lang='grc' dir='ltr'>ἐπὶ</span> <span class='ocrx_word' id='word_1_998' title='bbox 2552 5143 2652 5214; x_wconf 76' lang='grc' dir='ltr'>τῆς</span> <span class='ocrx_word' id='word_1_999' title='bbox 2685 5140 2912 5204; x_wconf 77' lang='grc' dir='ltr'>κτίσεως</span> <span class='ocrx_word' id='word_1_1000' title='bbox 2944 5137 3190 5209; x_wconf 88' lang='grc' dir='ltr'>ποίησον,</span> <span class='ocrx_word' id='word_1_1001' title='bbox 3221 5135 3322 5189; x_wconf 76' lang='grc' dir='ltr'>κᾶν</span> <span class='ocrx_word' id='word_1_1002' title='bbox 3362 5135 3478 5205; x_wconf 76' lang='grc' dir='ltr'>ἴδῃς</span> <span class='ocrx_word' id='word_1_1003' title='bbox 3503 5133 3672 5188; x_wconf 75' lang='grc' dir='ltr'>πολλὰ</span> <span class='ocrx_word' id='word_1_1004' title='bbox 3703 5134 3816 5187; x_wconf 81' lang='grc' dir='ltr'>τῶν</span> 
     </span>
    </p>
   </div>
   <div class='ocr_carea' id='block_1_118' title="bbox 2150 5229 3814 5309">
    <p class='ocr_par' dir='ltr' id='par_1_118' title="bbox 2150 5229 3814 5309">
     <span class='ocr_line' id='line_1_119' title="bbox 2150 5229 3814 5309; baseline -0.008 -14"><span class='ocrx_word' id='word_1_1005' title='bbox 2150 5241 2305 5307; x_wconf 86' lang='grc' dir='ltr'>ζώων</span> <span class='ocrx_word' id='word_1_1006' title='bbox 2343 5241 2438 5294; x_wconf 85' lang='lat' dir='ltr'>ml</span> <span class='ocrx_word' id='word_1_1007' title='bbox 2484 5239 2595 5292; x_wconf 82' lang='grc' dir='ltr'>τῶν</span> <span class='ocrx_word' id='word_1_1008' title='bbox 2625 5236 2861 5309; x_wconf 84' lang='grc' dir='ltr'>βοτανῶν</span> <span class='ocrx_word' id='word_1_1009' title='bbox 2892 5235 2988 5290; x_wconf 75' lang='grc' dir='ltr'>καὶ</span> <span class='ocrx_word' id='word_1_1010' title='bbox 3015 5234 3123 5288; x_wconf 85' lang='grc' dir='ltr'>τῶν</span> <span class='ocrx_word' id='word_1_1011' title='bbox 3152 5231 3333 5302; x_wconf 85' lang='grc' dir='ltr'>φυτῶν</span> <span class='ocrx_word' id='word_1_1012' title='bbox 3361 5231 3457 5284; x_wconf 91' lang='lat' dir='ltr'>ml</span> <span class='ocrx_word' id='word_1_1013' title='bbox 3492 5230 3602 5284; x_wconf 86' lang='grc' dir='ltr'>τῶν</span> <span class='ocrx_word' id='word_1_1014' title='bbox 3638 5229 3814 5285; x_wconf 79' lang='grc' dir='ltr'>ἄλλων</span> 
     </span>
    </p>
   </div>
   <div class='ocr_carea' id='block_1_119' title="bbox 2147 5326 3816 5410">
    <p class='ocr_par' dir='ltr' id='par_1_119' title="bbox 2147 5326 3816 5410">
     <span class='ocr_line' id='line_1_120' title="bbox 2147 5326 3816 5410; baseline -0.007 -19"><span class='ocrx_word' id='word_1_1015' title='bbox 2147 5338 2491 5410; x_wconf 82' lang='grc' dir='ltr'>πραγμάτων</span> <span class='ocrx_word' id='word_1_1016' title='bbox 2529 5329 2606 5390; x_wconf 84' lang='grc' dir='ltr'>ὧν</span> <span class='ocrx_word' id='word_1_1017' title='bbox 2651 5335 2749 5398; x_wconf 86' lang='grc' dir='ltr'>τὰς</span> <span class='ocrx_word' id='word_1_1018' title='bbox 2794 5334 2983 5405; x_wconf 89' lang='grc' dir='ltr'>χρείας</span> <span class='ocrx_word' id='word_1_1019' title='bbox 3006 5331 3106 5384; x_wconf 91' lang='grc' dir='ltr'>οὑκ</span> <span class='ocrx_word' id='word_1_1020' title='bbox 3131 5329 3296 5392; x_wconf 76' lang='grc' dir='ltr'>οἶδας,</span> <span class='ocrx_word' id='word_1_1021' title='bbox 3327 5327 3604 5398; x_wconf 86' lang='grc' dir='ltr'>θαύμασον</span> <span class='ocrx_word' id='word_1_1022' title='bbox 3633 5326 3816 5380; x_wconf 84' lang='grc' dir='ltr'>αὑτῶν</span> 
     </span>
    </p>
   </div>
   <div class='ocr_carea' id='block_1_120' title="bbox 2143 5425 3816 5508">
    <p class='ocr_par' dir='ltr' id='par_1_120' title="bbox 2143 5425 3816 5508">
     <span class='ocr_line' id='line_1_121' title="bbox 2143 5425 3816 5508; baseline -0.008 -18"><span class='ocrx_word' id='word_1_1023' title='bbox 2143 5437 2241 5508; x_wconf 86' lang='grc' dir='ltr'>τὴν</span> <span class='ocrx_word' id='word_1_1024' title='bbox 2273 5434 2567 5496; x_wconf 86' lang='grc' dir='ltr'>ποικιλίαν,</span> <span class='ocrx_word' id='word_1_1025' title='bbox 2593 5433 2690 5487; x_wconf 92' lang='lat' dir='ltr'>ml</span> <span class='ocrx_word' id='word_1_1026' title='bbox 2716 5428 3024 5502; x_wconf 84' lang='grc' dir='ltr'>ἐκπλάγηθι</span> <span class='ocrx_word' id='word_1_1027' title='bbox 3049 5427 3144 5483; x_wconf 90' lang='lat' dir='ltr'>ml</span> <span class='ocrx_word' id='word_1_1028' title='bbox 3160 5425 3248 5480; x_wconf 81' lang='grc' dir='ltr'>διὰ</span> <span class='ocrx_word' id='word_1_1029' title='bbox 3281 5425 3439 5478; x_wconf 83' lang='grc' dir='ltr'>τοῦτο</span> <span class='ocrx_word' id='word_1_1030' title='bbox 3467 5425 3558 5478; x_wconf 91' lang='grc' dir='ltr'>τὸν</span> <span class='ocrx_word' id='word_1_1031' title='bbox 3586 5425 3816 5494; x_wconf 79' lang='grc' dir='ltr'>ἀριστο-</span> 
     </span>
    </p>
   </div>
   <div class='ocr_carea' id='block_1_121' title="bbox 2141 5517 3816 5605">
    <p class='ocr_par' dir='ltr' id='par_1_121' title="bbox 2141 5517 3816 5605">
     <span class='ocr_line' id='line_1_122' title="bbox 2141 5517 3816 5605; baseline -0.008 -19"><span class='ocrx_word' id='word_1_1032' title='bbox 2141 5534 2336 5605; x_wconf 88' lang='grc' dir='ltr'>τέχνην</span> <span class='ocrx_word' id='word_1_1033' title='bbox 2391 5532 2546 5595; x_wconf 86' lang='grc' dir='ltr'>Θεὸν,</span> <span class='ocrx_word' id='word_1_1034' title='bbox 2597 5532 2679 5584; x_wconf 84' lang='grc' dir='ltr'>ὅτι</span> <span class='ocrx_word' id='word_1_1035' title='bbox 2709 5527 2832 5582; x_wconf 81' lang='grc' dir='ltr'>οῦτε</span> <span class='ocrx_word' id='word_1_1036' title='bbox 2880 5545 2960 5580; x_wconf 93' lang='grc' dir='ltr'>σοι</span> <span class='ocrx_word' id='word_1_1037' title='bbox 3005 5525 3182 5580; x_wconf 88' lang='grc' dir='ltr'>πάντα</span> <span class='ocrx_word' id='word_1_1038' title='bbox 3211 5523 3345 5594; x_wconf 86' lang='grc' dir='ltr'>δῆλα</span> <span class='ocrx_word' id='word_1_1039' title='bbox 3381 5521 3656 5591; x_wconf 82' lang='grc' dir='ltr'>ἐποίησεν,</span> <span class='ocrx_word' id='word_1_1040' title='bbox 3690 5517 3816 5573; x_wconf 77' lang='grc' dir='ltr'>οὔτε</span> 
     </span>
    </p>
   </div>
   <div class='ocr_carea' id='block_1_122' title="bbox 2143 5616 3814 5700">
    <p class='ocr_par' dir='ltr' id='par_1_122' title="bbox 2143 5616 3814 5700">
     <span class='ocr_line' id='line_1_123' title="bbox 2143 5616 3814 5700; baseline -0.007 -19"><span class='ocrx_word' id='word_1_1041' title='bbox 2143 5631 2319 5684; x_wconf 85' lang='grc' dir='ltr'>πάντα</span> <span class='ocrx_word' id='word_1_1042' title='bbox 2343 5629 2554 5700; x_wconf 82' lang='grc' dir='ltr'>ἀφῆκεν</span> <span class='ocrx_word' id='word_1_1043' title='bbox 2577 5626 2770 5698; x_wconf 79' lang='grc' dir='ltr'>ἄδηλα.</span> <span class='ocrx_word' id='word_1_1044' title='bbox 2807 5625 2920 5679; x_wconf 86' lang='grc' dir='ltr'>Οὑκ</span> <span class='ocrx_word' id='word_1_1045' title='bbox 2952 5623 3131 5693; x_wconf 76' lang='grc' dir='ltr'>ἀφῆκε</span> <span class='ocrx_word' id='word_1_1046' title='bbox 3157 5621 3254 5692; x_wconf 79' lang='grc' dir='ltr'>μὲν</span> <span class='ocrx_word' id='word_1_1047' title='bbox 3275 5619 3384 5691; x_wconf 81' lang='grc' dir='ltr'>γὰρ</span> <span class='ocrx_word' id='word_1_1048' title='bbox 3417 5619 3592 5672; x_wconf 86' lang='grc' dir='ltr'>πάντα</span> <span class='ocrx_word' id='word_1_1049' title='bbox 3620 5616 3814 5686; x_wconf 79' lang='grc' dir='ltr'>ἄδηλα,</span> 
     </span>
    </p>
   </div>
   <div class='ocr_carea' id='block_1_123' title="bbox 2143 5714 3817 5796">
    <p class='ocr_par' dir='ltr' id='par_1_123' title="bbox 2143 5714 3817 5796">
     <span class='ocr_line' id='line_1_124' title="bbox 2143 5714 3817 5796; baseline -0.007 -16"><span class='ocrx_word' id='word_1_1050' title='bbox 2143 5727 2229 5780; x_wconf 78' lang='grc' dir='ltr'>ἵνα</span> <span class='ocrx_word' id='word_1_1051' title='bbox 2267 5727 2341 5796; x_wconf 85' lang='grc' dir='ltr'>μὴ</span> <span class='ocrx_word' id='word_1_1052' title='bbox 2369 5724 2682 5796; x_wconf 83' lang='grc' dir='ltr'>ἀπρονόητα</span> <span class='ocrx_word' id='word_1_1053' title='bbox 2737 5717 2876 5775; x_wconf 71' lang='grc' dir='ltr'>εἶναι</span> <span class='ocrx_word' id='word_1_1054' title='bbox 2907 5719 3070 5792; x_wconf 88' lang='grc' dir='ltr'>λέγῃς</span> <span class='ocrx_word' id='word_1_1055' title='bbox 3103 5718 3169 5771; x_wconf 72' lang='grc' dir='ltr'>τά</span> <span class='ocrx_word' id='word_1_1056' title='bbox 3211 5717 3372 5770; x_wconf 76' lang='grc' dir='ltr'>ὄντα·</span> <span class='ocrx_word' id='word_1_1057' title='bbox 3409 5716 3510 5768; x_wconf 83' lang='grc' dir='ltr'>οὑκ</span> <span class='ocrx_word' id='word_1_1058' title='bbox 3549 5714 3726 5784; x_wconf 84' lang='grc' dir='ltr'>ἀφῆκε</span> <span class='ocrx_word' id='word_1_1059' title='bbox 3757 5715 3817 5768; x_wconf 73' lang='grc' dir='ltr'>δέ</span> 
     </span>
    </p>
   </div>
   <div class='ocr_carea' id='block_1_124' title="bbox 2143 5807 3814 5890">
    <p class='ocr_par' dir='ltr' id='par_1_124' title="bbox 2143 5807 3814 5890">
     <span class='ocr_line' id='line_1_125' title="bbox 2143 5807 3814 5890; baseline -0.008 -16"><span class='ocrx_word' id='word_1_1060' title='bbox 2143 5838 2226 5874; x_wconf 89' lang='grc' dir='ltr'>σοι</span> <span class='ocrx_word' id='word_1_1061' title='bbox 2243 5819 2420 5874; x_wconf 88' lang='grc' dir='ltr'>πάντα</span> <span class='ocrx_word' id='word_1_1062' title='bbox 2434 5821 2685 5890; x_wconf 89' lang='grc' dir='ltr'>γνώριμα</span> <span class='ocrx_word' id='word_1_1063' title='bbox 2712 5813 2870 5882; x_wconf 77' lang='grc' dir='ltr'>εἶναι,</span> <span class='ocrx_word' id='word_1_1064' title='bbox 2891 5816 2978 5868; x_wconf 83' lang='grc' dir='ltr'>ἵνα</span> <span class='ocrx_word' id='word_1_1065' title='bbox 3003 5814 3078 5885; x_wconf 82' lang='grc' dir='ltr'>μὴ</span> <span class='ocrx_word' id='word_1_1066' title='bbox 3095 5813 3156 5866; x_wconf 85' lang='grc' dir='ltr'>τὸ</span> <span class='ocrx_word' id='word_1_1067' title='bbox 3183 5811 3409 5884; x_wconf 86' lang='grc' dir='ltr'>μέγεθος</span> <span class='ocrx_word' id='word_1_1068' title='bbox 3443 5810 3542 5881; x_wconf 88' lang='grc' dir='ltr'>τῆς</span> <span class='ocrx_word' id='word_1_1069' title='bbox 3557 5807 3814 5876; x_wconf 88' lang='grc' dir='ltr'>γνώσεως</span> 
     </span>
    </p>
   </div>
   <div class='ocr_carea' id='block_1_125' title="bbox 2144 5908 3821 5989">
    <p class='ocr_par' dir='ltr' id='par_1_125' title="bbox 2144 5908 3821 5989">
     <span class='ocr_line' id='line_1_126' title="bbox 2144 5908 3821 5989; baseline -0.008 -15"><span class='ocrx_word' id='word_1_1070' title='bbox 2144 5921 2224 5984; x_wconf 87' lang='grc' dir='ltr'>εἰς</span> <span class='ocrx_word' id='word_1_1071' title='bbox 2251 5919 2506 5974; x_wconf 79' lang='grc' dir='ltr'>ἀπόνοιαν</span> <span class='ocrx_word' id='word_1_1072' title='bbox 2549 5935 2609 5972; x_wconf 85' lang='grc' dir='ltr'>σε</span> <span class='ocrx_word' id='word_1_1073' title='bbox 2651 5918 2850 5989; x_wconf 82' lang='grc' dir='ltr'>ἐπάρῃ.</span> <span class='ocrx_word' id='word_1_1074' title='bbox 2889 5915 3047 5970; x_wconf 83' lang='grc' dir='ltr'>Οὑτω</span> <span class='ocrx_word' id='word_1_1075' title='bbox 3083 5913 3212 5984; x_wconf 88' lang='grc' dir='ltr'>γοῦν</span> <span class='ocrx_word' id='word_1_1076' title='bbox 3245 5914 3337 5966; x_wconf 78' lang='grc' dir='ltr'>καὶ</span> <span class='ocrx_word' id='word_1_1077' title='bbox 3365 5912 3456 5965; x_wconf 88' lang='grc' dir='ltr'>τὸν</span> <span class='ocrx_word' id='word_1_1078' title='bbox 3487 5909 3699 5983; x_wconf 85' lang='grc' dir='ltr'>πρῶτον</span> <span class='ocrx_word' id='word_1_1079' title='bbox 3721 5908 3821 5974; x_wconf 72' lang='grc' dir='ltr'>ἄν.</span> 
     </span>
    </p>
   </div>
  </div>
