4112 6388
503 314 606 370 1‘29

484 448 689 550 iredditi
716 468 729 502 :
763 459 816 505 et
848 467 949 507 una
977 453 1188 523 quidem
1228 455 1475 510 imbrium
1502 467 1583 511 est
1613 467 1798 513 natura
1823 501 1837 524 ,
1864 460 2075 515 diversa

485 543 625 594 ivero
649 557 766 611 quze
791 558 855 622 ex
883 543 1009 614 ipsis
1042 546 1174 600 fiunt
1203 565 1215 599 :
1244 551 1436 602 etenim
1462 550 1512 602 in
1538 551 1642 604 vite
1669 553 1848 606 vinum
1877 554 1935 607 fit
1962 554 2080 622 plu-

499 644 579 684 ria
602 671 616 695 ,
647 616 821 686 oleum
851 635 901 688 in
932 636 1045 689 olea
1066 677 1082 702 ,
1112 648 1166 691 et
1198 640 1247 691 in
1289 638 1408 692 aliis
1436 639 1627 709 plantis
1659 642 1710 695 in
1740 643 1946 697 illarum
1976 644 2076 698 hu-

499 735 672 777 mores
695 734 947 779 mutatur.
979 727 1043 781 Et
1068 745 1202 783 unus
1228 729 1439 799 quidem
1470 746 1551 785 est
1578 744 1730 787 terrae
1756 743 1961 799 venter,
1980 736 2074 789 sed

495 813 798 872 differentes
846 819 1043 888 profert
1090 820 1291 876 fructus
1324 840 1336 876 :
1371 839 1505 879 unus
1549 825 1739 881 solaris
1780 828 2077 897 splendoris

492 914 575 959 est
598 906 761 969 calor,
796 908 888 962 sed
914 908 1221 967 dill'erenter
1242 915 1419 968 omnia
1449 925 1694 980 maturat,
1723 917 1837 973 haec
1862 919 2073 989 quidem

491 996 693 1050 tardius
715 1039 731 1062 ,
766 997 878 1053 haec
907 1015 1033 1055 vero
1066 1002 1221 1057 citius
1258 1004 1324 1059 ad
1364 1008 1873 1064 consummationem
1901 1010 2073 1065 dedu-

489 1102 637 1141 cens.
664 1089 793 1156 Quis
836 1090 951 1146 hmc
981 1109 1085 1147 non
1125 1094 1464 1166 obstupescat
1500 1109 1552 1153 et
1599 1099 1934 1155 admiretur?
1965 1103 2072 1158 imo

490 1195 617 1234 vero
668 1199 774 1238 non
815 1185 915 1239 hoc
958 1185 1132 1240 solum
1174 1197 1256 1242 est
1293 1188 1603 1245 admirabile
1632 1233 1648 1257 ,
1688 1193 1829 1261 quod
1867 1195 2069 1248 varium

489 1270 660 1338 ipsum
701 1282 753 1327 et
796 1273 1128 1331 dierrentem
1169 1276 1546 1345 fabricaverit,
1594 1282 1689 1336 sed
1728 1282 1885 1337 etiam
1929 1284 2069 1352 quod

489 1360 660 1428 ipsum
688 1363 935 1419 onmibus
957 1381 1295 1422 communem
1326 1372 1695 1437 proposuerit,
1738 1381 1791 1426 et
1820 1372 2069 1428 divitibus

485 1462 541 1505 et
570 1454 889 1521 pauperibus
914 1498 928 1521 ,
959 1465 1011 1511 et
1041 1460 1405 1527 peccatoribus
1433 1470 1487 1517 et
1506 1462 1683 1530 justis.
1715 1462 1865 1531 Quod
1887 1466 2069 1534 utique

483 1554 538 1597 et
564 1543 807 1601 Christus
833 1547 1043 1602 dicebat
1070 1567 1082 1601 :
1117 1550 1288 1604 Solem
1318 1569 1466 1605 suum
1503 1555 1624 1607 oriri
1648 1556 1769 1625 facit
1798 1572 1950 1625 super
1975 1557 2066 1610 bo-

484 1652 575 1689 nos
602 1646 648 1689 et
674 1654 825 1708 super
870 1640 1030 1694 malos
1057 1684 1070 1705 ,
1115 1652 1162 1694 et
1207 1643 1334 1710 pluit
1378 1662 1531 1714 super
1554 1647 1722 1716 justas
1770 1657 1813 1700 et
1856 1648 2067 1717 injustos

484 1726 697 1797 (Matth.
728 1730 778 1784 5.
808 1730 900 1801 45)
928 1742 1015 1786 :et
1042 1733 1258 1790 inﬁnitis
1284 1735 1453 1806 ipsmn
1483 1738 1795 1793 animalibus
1820 1741 2062 1809 ituplens,

484 1827 539 1872 et
567 1821 838 1875 naturales
864 1823 1032 1877 brutis
1063 1824 1302 1880 inserens
1332 1843 1507 1882 mores
1527 1869 1540 1892 ,
1580 1828 1676 1882 hos
1702 1831 1912 1898 quidem
1943 1831 2065 1884 imi-

483 1912 581 1963 tari
608 1953 623 1977 ,
655 1912 751 1965 hos
781 1929 905 1968 vero
935 1914 1114 1985 fugere
1143 1932 1242 1971 nos
1263 1917 1439 1986 jussit.
1476 1919 1632 1974 Verbi
1658 1924 1823 1990 gratia
1858 1940 1872 1978 :
1908 1923 2062 1975 indu-

480 2004 608 2057 stria
648 2014 730 2058 est
765 2003 980 2061 formica
1006 2047 1021 2073 ,
1058 2018 1111 2063 et
1138 2010 1458 2064 laboriosum
1487 2012 1609 2066 facit
1637 2028 1789 2082 opus.
1819 2013 1872 2069 Si
1906 2014 2064 2082 igitur

478 2097 741 2161 attendas,
773 2100 1055 2155 maximam
1080 2104 1147 2156 ab
1175 2101 1275 2157 hoc
1299 2104 1511 2157 animali
1539 2108 1716 2174 capies
1746 2106 2064 2160 admonitio-

479 2200 625 2253 nem,
659 2200 713 2242 ut
740 2206 842 2242 non
870 2192 1188 2258 emolliaris,
1218 2209 1353 2249 neve
1382 2193 1550 2265 fugias
1580 2197 1788 2251 labores
1814 2206 1867 2251 et
1895 2197 2061 2252 sudo-

477 2292 565 2331 res
588 2295 600 2330 :
628 2291 904 2349 propterea
925 2290 980 2335 ct
1006 2282 1278 2352 Scriptura
1310 2294 1605 2354 torpentem
1635 2287 1701 2340 ad
1729 2288 1869 2342 illam
1903 2290 2063 2344 mittit

477 2368 660 2423 dicens
682 2389 695 2424 :
731 2371 865 2425 Vade
884 2374 951 2425 ad
966 2375 1250 2444 formicam,
1275 2392 1303 2428 ο
1327 2375 1487 2446 piger,
1504 2386 1551 2430 et
1577 2377 1771 2432 imitare
1797 2379 1901 2432 vias
1927 2381 2057 2449 ejus,

476 2473 523 2515 et
552 2473 654 2518 esto
682 2465 772 2518 illa
802 2467 1076 2535 sapientior
1102 2466 1281 2533 (Prov.
1313 2470 1365 2524 6.
1398 2469 1473 2538 6).
1506 2469 1621 2524 Non
1649 2472 1747 2536 vis,
1778 2471 1966 2541 inquit,
1994 2489 2058 2527 ex

477 2553 768 2623 Scripturis
798 2555 1004 2611 discere
1027 2557 1168 2627 quod
1205 2558 1407 2613 bonum
1441 2561 1511 2614 sit
1549 2563 1797 2629 operari,
1834 2573 1887 2616 et
1916 2563 2056 2632 quod

476 2660 581 2698 non
613 2661 839 2715 operans
870 2665 1040 2719 neque
1067 2650 1386 2705 manducare
1415 2652 1647 2706 debeat?
1674 2669 1778 2707 non
1805 2655 1885 2708 vis
1904 2670 1932 2707 a
1963 2654 2059 2707 do—

474 2739 709 2794 ctoribus
736 2740 835 2795 hoc
858 2741 1081 2797 audire?
1102 2742 1249 2796 disce
1274 2757 1304 2796 a
1329 2742 1515 2797 brutis.
1548 2743 1634 2798 Sic
1660 2754 1713 2799 et
1740 2746 1790 2799 in
1816 2745 2058 2801 domibus

474 2842 619 2897 szepe
657 2828 878 2885 facimus
911 2849 922 2883 :
960 2831 1191 2901 maiores
1216 2875 1232 2899 ,
1272 2845 1326 2887 et
1366 2835 1456 2903 qui
1495 2834 1739 2889 videntur
1768 2852 1887 2890 esse
1918 2852 2057 2905 pra:—

473 2920 759 2974 stantiores
780 2963 793 2983 ,
823 2937 942 2976 cum
973 2926 1341 2992 peccaverint,
1374 2927 1610 2995 puerulis
1649 2926 1934 2982 solertibus
1971 2939 2055 2982 at-

474 3011 692 3067 tendere
718 3013 1088 3081 exhortamur,
1116 3016 1354 3072 dicentes
1379 3037 1391 3072 :
1422 3018 1644 3090 Respice
1674 3022 1933 3076 minorem
1964 3030 2014 3077 te
2036 3064 2053 3091 ,

472 3119 630 3174 quam
660 3116 740 3160 est
770 3107 1059 3163 industrius
1088 3120 1141 3165 et
1167 3112 1357 3166 solers.

542 3198 587 3250 Α
612 3201 831 3253 minimis
855 3202 1159 3256 animalibus
1183 3205 1407 3258 eruditur
1435 3205 1602 3260 homo.
1632 3236 1701 3247 -—
1728 3206 1793 3261 Ει
1815 3215 1869 3261 ιιι
1897 3208 2057 3278 igitur

472 3289 542 3345 ab
568 3292 667 3345 hoc
692 3293 906 3346 animali
936 3295 1225 3349 maximam
1252 3312 1382 3364 cape
1407 3297 1702 3351 sedulitatis
1731 3298 2057 3353 exhortatio-

472 3398 592 3437 nem
621 3400 634 3437 :
662 3392 717 3439 et
744 3364 1021 3439 Dominum
1049 3394 1193 3440 tuum
1220 3387 1482 3443 admirare
1509 3430 1524 3454 ,
1570 3405 1675 3442 non
1702 3389 1844 3459 quod
1884 3392 2053 3446 solem

472 3474 657 3529 fecerit
682 3484 883 3530 tantum
909 3486 962 3531 et
990 3478 1176 3533 costum
1203 3517 1217 3539 ,
1260 3478 1351 3533 sed
1394 3479 1533 3548 quod
1574 3481 1733 3535 etiam
1764 3480 2052 3539 formicam

473 3566 611 3620 fecit.
638 3566 750 3621 Etsi
774 3567 917 3621 enim
937 3570 1183 3637 exiguum
1208 3569 1425 3635 animal,
1454 3569 1611 3624 habet
1643 3581 1817 3626 tamen
1845 3573 2054 3641 sapien-

474 3656 560 3709 tia}
584 3656 675 3711 Dei
707 3657 1081 3726 magnitudinis
1112 3658 1327 3711 multam
1357 3658 1886 3716 demonstrationem.
1916 3662 2055 3717 Con-

471 3747 646 3802 sidera
672 3747 831 3818 igitur
849 3764 1005 3819 quam
1034 3749 1103 3803 sit
1129 3749 1383 3818 prudens,
1402 3758 1456 3804 et
1475 3750 1760 3818 admirare,
1785 3754 2053 3821 quomodo

473 3838 644 3906 potuit
672 3837 811 3893 Deus
836 3838 889 3892 in
945 3847 1050 3893 tam
1101 3839 1247 3894 brevi
1297 3854 1523 3909 corpore
1574 3849 1773 3896 tantam
1797 3843 1938 3913 jngis
1974 3844 2054 3898 iu-

471 3944 652 3984 serere
680 3930 1003 3999 operationis
1031 3931 1393 4001 cupiditatem.
1428 3932 1507 3986 Ab
1535 3933 1632 3988 hac
1658 3934 1872 4003 quidem
1902 3936 2053 3990 labo—

472 4021 548 4075 ris
569 4022 819 4083 studium,
839 4022 906 4075 ab
928 4038 1027 4092 ape
1057 4038 1184 4078 vero
1211 4024 1519 4077 munditiam
1537 4034 1588 4078 et
1609 4025 1878 4079 solertiam
1906 4027 2053 4084 disce

472 4110 1099 4169 etcharitatemJitenim
1143 4115 1231 4168 illa
1272 4130 1376 4177 non
1415 4117 1582 4185 magis
1620 4116 1718 4171 sibi
1749 4117 1846 4186 ipsi
1889 4134 2045 4187 quam

475 4204 627 4257 nobis
665 4204 904 4268 laborat,
946 4214 1001 4259 et
1039 4205 1274 4276 quotidie
1314 4206 1601 4275 fatigatur:
1634 4207 1773 4276 quod
1823 4210 2053 4263 maxime

471 4296 775 4350 Christiano
804 4299 1072 4367 proprium
1100 4309 1202 4363 est,
1236 4316 1339 4353 non
1380 4315 1475 4353 sua
1504 4315 1743 4369 quaerere
1765 4342 1780 4367 ,
1810 4302 1905 4356 sed
1933 4317 2053 4371 quas

472 4396 595 4440 sunt
615 4387 859 4441 aliorum.
884 4387 1032 4443 Sicut
1076 4389 1234 4459 igitur
1256 4390 1339 4444 illa
1367 4390 1713 4445 circumvolat
1732 4393 1908 4446 omnia
1933 4408 2053 4463 pra-

473 4487 524 4531 ta
549 4519 564 4545 ,
604 4487 661 4533 ut
691 4488 986 4549 promptam
1016 4481 1169 4537 alteri
1199 4491 1463 4552 prteparet
1491 4498 1729 4537 mensam
1763 4501 1779 4539 :
1809 4485 1887 4539 sic
1915 4494 1968 4540 et
1996 4493 2051 4540 tu

473 4567 593 4631 fac,
634 4568 829 4635 homo,
871 4570 982 4623 sive
1025 4570 1276 4638 pecunias
1313 4586 1604 4642 congreges
1628 4614 1643 4636 ,
1692 4573 1745 4626 in
1785 4574 1919 4628 alios
1953 4589 2051 4629 ex-

472 4658 645 4727 pende
680 4676 693 4711 :
724 4658 837 4713 sive
864 4658 1120 4714 doctrina:
1152 4660 1308 4714 verba
1336 4660 1551 4725 habeas,
1580 4676 1647 4716 ne
1672 4661 1930 4725 defodias,
1958 4662 2053 4718 sed

470 4763 708 4817 apponas
729 4748 1085 4819 indigentibus
1107 4750 1160 4803 in
1192 4750 1424 4805 medium
1449 4769 1462 4805 :
1488 4752 1601 4807 sive
1620 4753 1761 4806 aliud
1790 4754 2053 4823 peculiare

471 4838 671 4894 habeas
695 4881 710 4906 ,
742 4840 886 4893 utilis
914 4850 1031 4895 esto
1058 4841 1123 4894 iis
1146 4880 1161 4907 ,
1208 4841 1296 4910 qui
1344 4841 1585 4897 laborum
1624 4850 1833 4898 tuorum
1878 4843 2052 4899 fructu

469 4939 647 5000 egent.
678 4929 795 4984 Non
835 4932 1009 4985 cernis
1031 4972 1046 4994 ,
1075 4940 1354 5000 propterea
1395 4932 1701 4993 animalium
1734 4935 2053 5003 gloriosissi-

471 5036 617 5075 mum
647 5036 765 5076 esse
793 5036 947 5090 apem
966 5060 981 5084 ,
1013 5035 1118 5075 non
1144 5021 1264 5090 quia
1288 5021 1527 5089 laborat,
1555 5023 1649 5077 sed
1678 5024 1798 5093 quia
1828 5024 1945 5079 aliis
1970 5024 2052 5078 la-

471 5110 663 5166 borat?
690 5113 940 5179 quoniam
964 5119 1018 5165 et
1041 5126 1235 5165 aranea
1264 5111 1490 5180 laborat,
1519 5123 1574 5168 et
1600 5113 1865 5184 fatigatur,
1892 5124 1947 5170 et
1977 5124 2055 5170 te-

471 5218 605 5258 nues
633 5218 727 5273 per
753 5204 981 5273 parietes
1006 5205 1247 5259 extendit
1270 5212 1506 5261 texturas
1527 5246 1542 5270 ,
1571 5221 1785 5262 omnem
1811 5208 2053 5263 mulieris

472 5292 788 5362 sapientiam
818 5292 1161 5361 excedentes,
1187 5294 1283 5349 sed
1310 5304 1392 5350 est
1412 5296 1643 5366 ignobile
1668 5298 1883 5363 animal,
1914 5314 2051 5369 quo-

476 5386 616 5441 niam
645 5401 781 5455 opus
810 5387 927 5456 ejus
962 5387 1115 5443 nobis
1146 5388 1443 5444 nullatenus
1466 5398 1549 5444 est
1577 5389 1704 5445 utile
1731 5408 1745 5443 :
1776 5390 1908 5446 tales
1931 5399 2056 5447 sunt

476 5479 577 5533 sibi
628 5479 931 5535 laborantes
959 5491 1013 5535 et
1039 5496 1099 5536 se
1129 5480 1494 5552 defatigantes.
1537 5482 1751 5537 Imitare
1796 5483 2054 5538 columba:

475 5571 865 5639 simplicitatem
885 5613 903 5638 ,
935 5581 1141 5629 sectare
1170 5572 1304 5627 asini
1331 5582 1385 5628 et
1414 5573 1563 5628 bovis
1592 5575 1643 5628 in
1671 5575 1945 5629 dominum
1971 5576 2056 5628 di-

476 5663 783 5729 lectionem,
813 5662 1022 5719 imitare
1046 5665 1223 5720 avium
1246 5666 1585 5720 securitatem
1619 5682 1633 5719 :
1662 5665 1886 5720 multum
1912 5667 2053 5720 enim

478 5756 672 5813 lucrari
696 5757 821 5815 licet
846 5772 878 5813 a
903 5757 1071 5816 brutis
1095 5758 1163 5815 ad
1191 5772 1400 5815 morum
1426 5757 1834 5816 correctionem.
1865 5757 1946 5814 Ex
1972 5758 2055 5816 his

1498 321 1586 377 AD
1622 321 1940 380 POPULUM
1964 325 2451 386 ANIIUCHENUM
2515 333 2738 391 HOMlL.
2772 338 2884 393 Xll.

3673 358 3771 414 130

2192 440 2432 499 Christus
2458 461 2667 518 quoque
2710 466 2807 507 nos
2845 454 3161 512 animalibus
3207 460 3458 518 instruit:
3493 482 3614 522 nam
3645 474 3718 526 ait
3756 494 3765 529 :

2186 530 2364 589 Estote
2392 540 2661 603 prudentes
2696 543 2825 595 sicut
2861 558 3112 615 serpentes
3136 565 3157 603 :
3182 562 3226 604 et
3250 555 3500 623 simplices
3526 561 3651 614 sicut
3679 580 3762 617 co-

2186 621 2370 678 lumbae
2393 627 2604 696 (Matth.
2633 632 2721 687 10.
2747 634 2858 702 16).
2893 636 2955 690 Et
2983 654 3191 694 rursum
3225 659 3236 693 :
3267 621 3517 714 Respicite
3542 653 3765 707 volatilia

2182 714 2294 767 ειειί
2315 755 2327 779 ,
2354 733 2467 787 qua:
2491 736 2590 774 non
2615 734 2787 777 serunt
2815 742 2971 794 neque
2996 739 3204 796 metunt,
3232 744 3277 785 et
3303 733 3455 788 Pater
3478 750 3634 792 vester
3660 758 3760 795 eo:-

2181 805 2317 900 lestis
2356 812 2513 878 pascit
2561 828 2620 866 ea
2638 813 2878 882 (Matt.6.
2902 819 2971 873 26
2996 821 3036 886 ).
3086 823 3151 877 Et
3190 827 3447 896 propheta
3474 870 3488 893 ,
3538 834 3758 900 pudefa-

2179 898 2325 953 ciens
2353 902 2585 972 ingratos
2611 906 2821 964 Judaaos
2841 952 2857 978 ,
2899 913 2977 968 sic
3021 915 3190 987 inquit
3219 935 3232 971 :
3261 920 3475 990 Agnovit
3513 898 3600 979 bos
3638 945 3758 997 pos-

2178 1007 2417 1047 sessorem
2439 1013 2585 1051 suum
2609 1009 2656 1053 et
2683 1002 2859 1057 asinus
2882 1022 3104 1076 pmsepe
3126 1009 3317 1065 domini
3341 1016 3421 1067 sui
3440 1016 3639 1072 :Israe.’
3664 1038 3758 1073 uu-

2177 1092 2273 1136 tem
2298 1101 2378 1140 me
2401 1104 2500 1141 non
2528 1094 2726 1159 agnovit
2748 1093 2898 1163 (Isai.
2935 1098 2985 1150 1.
3010 1098 3089 1167 5).
3118 1100 3186 1155 Et
3214 1118 3424 1158 rursum
3450 1125 3463 1159 :
3500 1106 3683 1163 Turtur
3707 1120 3756 1163 et

2176 1176 2393 1233 hirundo
2419 1182 2531 1249 agri
2553 1224 2568 1246 ,
2598 1185 2809 1239 avicula:
2828 1226 2844 1251 ,
2876 1203 3208 1259 cognoverunt
3238 1205 3466 1264 tempora
3501 1200 3754 1270 ingressus

2172 1267 2286 1331 sui;
2314 1272 2531 1338 populus
2551 1288 2663 1327 vero
2685 1292 2820 1329 meus
2839 1294 2937 1331 non
2958 1284 3184 1349 coynovit
3198 1286 3398 1354 judicia
3424 1287 3630 1344 Domini
3659 1293 3754 1347 Dei

2171 1357 2249 1409 sui
2276 1356 2407 1425 (ler.
2438 1361 2491 1415 8.
2523 1363 2597 1431 7).
2628 1363 2711 1419 Ab
2740 1365 2821 1419 his
2848 1378 2900 1421 et
2927 1384 2956 1421 a
2986 1371 3245 1428 similibus
3274 1378 3583 1433 animalibus
3607 1382 3752 1437 disse

2173 1447 2419 1504 virtutem
2438 1467 2709 1519 exercere,
2736 1471 2767 1511 a
2792 1460 3072 1515 contrariis
3093 1461 3751 1535 verovitiumfugere.Sic-

2171 1545 2233 1590 ut
2280 1542 2417 1594 enim
2448 1542 2679 1599 benefica
2703 1547 2837 1616 apis,
2862 1550 2938 1603 sic
2965 1552 3255 1619 perniciosa
3277 1557 3419 1624 aspis
3448 1575 3460 1609 :
3492 1560 3743 1615 malitiam

2169 1628 2329 1696 igitur
2353 1633 2466 1697 ejus
2496 1636 2758 1689 averseris
2782 1676 2796 1700 ,
2839 1654 2905 1692 ne
2954 1640 3177 1695 audias:
3218 1641 3474 1698 Venenum
3516 1650 3750 1717 aspidum

2167 1720 2258 1773 sub
2283 1722 2427 1775 labiis
2454 1740 2624 1778 eorum
2655 1726 2823 1797 (Psal.
2858 1730 2981 1785 159.
3008 1732 3087 1799 Δ).
3117 1733 3396 1803 [mpudens
3422 1754 3631 1793 rursum
3657 1756 3741 1794 ea-

2170 1809 2254 1865 nis
2273 1853 2286 1872 ,
2315 1813 2439 1867 odio
2468 1830 2674 1887 quoque
2702 1820 2899 1877 habeas
2934 1822 3069 1877 hanc
3098 1825 3487 1894 improbitatem
3521 1849 3531 1883 :
3560 1832 3744 1888 dolosa

2168 1912 2222 1955 et
2264 1902 2595 1961 fraudulenta
2623 1910 2808 1977 vulpes
2832 1952 2846 1976 ,
2880 1928 2946 1968 ne
2972 1915 3153 1969 vitium
3187 1916 3412 1973 imiteris
3443 1938 3456 1973 :
3487 1922 3579 1975 sed
3610 1923 3747 1977 sicut

2165 1995 2280 2062 apis
2308 1997 2471 2065 partis
2500 2002 2863 2069 supervolans,
2893 2020 2999 2058 non
3026 2008 3201 2060 omnia
3234 2009 3377 2077 legit,
3411 2012 3503 2065 sed
3532 2014 3746 2069 utilibus

2165 2090 2388 2157 sumptis
2414 2091 2611 2161 reliqua
2629 2096 2853 2149 omittit:
2875 2098 2943 2150 ita
2972 2108 3025 2151 tu
3052 2116 3258 2168 quoque
3288 2102 3446 2157 facias
3469 2090 3741 2160 brutorum

2164 2193 2332 2247 genus
2374 2197 2688 2250 percurrens
2717 2202 2730 2238 :
2759 2186 2803 2239 si
2831 2187 2955 2256 quid
2999 2190 3136 2244 inest
3159 2193 3286 2246 utile
3311 2194 3378 2246 ab
3413 2195 3514 2249 illis
3552 2213 3703 2251 sume
3729 2240 3743 2261 ,

2164 2278 2218 2323 et
2241 2286 2371 2339 quas
2397 2272 2591 2327 habent
2618 2290 2645 2327 a
2678 2287 2860 2330 natura
2895 2282 3271 2349 prmmgativas
3296 2323 3309 2345 ,
3343 2284 3437 2338 has
3471 2298 3521 2338 tu
3554 2302 3650 2356 per
3677 2288 3743 2341 li-

2164 2357 2347 2414 berum
2371 2365 2608 2433 exprime
2627 2367 2901 2421 arbitrium
2927 2385 2941 2423 :
2966 2378 3019 2423 et
3043 2386 3136 2439 per
3162 2371 3263 2425 hoc
3283 2375 3422 2427 enim
3451 2391 3480 2429 a
3509 2376 3619 2430 Deo
3646 2377 3743 2432 ho-

2164 2465 2383 2510 noratus
2427 2473 2484 2511 es
2509 2499 2523 2523 ,
2555 2459 2698 2527 quod
2737 2462 3002 2515 naturales
3048 2464 3323 2519 brutorum
3370 2471 3744 2537 praerogativas

2164 2560 2256 2614 per
2283 2546 2503 2601 liberum
2532 2549 2807 2604 arbitrium
2832 2553 2922 2606 tibi
2953 2556 3169 2624 exsequi
3199 2558 3483 2624 concessit,
3514 2568 3571 2612 ut
3596 2576 3740 2629 pra:-

2161 2638 2265 2691 mia
2285 2641 2648 2709 consequaris.
2675 2640 2781 2696 Illis
2800 2644 2941 2696 enim
2966 2660 3069 2698 non
3092 2662 3161 2700 ex
3184 2647 3443 2703 electione
3459 2659 3513 2703 et
3537 2652 3743 2706 ratione

2161 2728 2295 2783 bona
2339 2746 2530 2798 opera,
2582 2733 2675 2787 sed
2713 2749 2743 2787 a
2790 2736 2900 2788 sola
2946 2746 3151 2791 natura.
3185 2738 3346 2794 Verbi
3384 2742 3551 2811 gratia
3582 2760 3596 2796 :
3631 2746 3746 2813 apis

2159 2819 2447 2884 mellificat,
2477 2837 2580 2877 non
2609 2825 2814 2880 ratione
2837 2826 2902 2880 ad
2932 2827 3033 2883 hoc
3059 2828 3356 2884 faciendum
3387 2833 3619 2898 inducta,
3648 2837 3748 2913 sed

2157 2922 2187 2976 a_
2219 2920 2402 2964 natura
2436 2914 2671 2967 instituta
2706 2932 2717 2968 :
2746 2918 2992 2985 quoniam
3035 2919 3077 2972 si
3108 2930 3249 2974 esset
3278 2936 3412 2990 opus
3450 2940 3556 2977 non
3586 2936 3745 2980 natu~

2158 3002 2290 3066 rule,
2331 3020 2502 3073 neque
2529 3006 2623 3060 ιοιί
2650 3008 2830 3076 generi
2859 3010 3166 3065 attributum
3186 3052 3204 3079 ,
3231 3022 3501 3081 oporteret
3526 3017 3745 3072 omnino

2157 3109 2224 3149 ex
2254 3094 2383 3165 ipsis
2416 3096 2621 3165 aliquas
2659 3100 2789 3152 artis
2825 3098 3128 3169 inexpertas
3153 3117 3311 3167 esse;
3344 3120 3485 3159 nunc
3519 3122 3649 3160 vero
3673 3123 3741 3162 ex

2158 3202 2265 3257 quo
2293 3189 2461 3243 factus
2499 3199 2584 3244 est
2642 3191 2871 3246 mundus
2893 3232 2909 3258 ,
2943 3208 3111 3263 usque
3154 3194 3209 3248 in
3254 3206 3570 3264 prmsentem
3601 3198 3741 3253 diem

2158 3294 2318 3334 nemo
2341 3281 2471 3335 vidit
2498 3296 2627 3352 apes
2652 3296 2925 3338 cessantes
2953 3296 3007 3339 et
3045 3302 3149 3339 non
3179 3287 3560 3344 mellifieautes.
3585 3289 3735 3346 Talia

2157 3375 2298 3425 enim
2326 3373 2585 3427 naturalia
2614 3375 2708 3427 toti
2734 3376 2915 3444 generi
2940 3378 3242 3431 cmnmunia
3267 3390 3427 3432 sunt:
3460 3396 3579 3448 quas
3608 3396 3738 3435 vero

2156 3483 2221 3523 ex
2248 3466 2415 3521 libero
2440 3467 2660 3521 arbitrio
2678 3508 2692 3530 ,
2728 3485 2831 3521 non
2864 3478 2987 3521 sunt
3014 3472 3317 3524 communia
3346 3488 3359 3523 :
3393 3471 3572 3525 labore
3596 3473 3738 3527 enim

2157 3558 2393 3630 indigent
2418 3568 2475 3612 ut
2499 3558 2634 3613 bene
2658 3559 2965 3615 succedant.

2225 3650 2282 3705 3.
2323 3648 2473 3703 Nihil
2500 3650 2552 3702 in
2578 3648 2767 3702 mundo
2792 3650 2969 3705 inutile
2992 3693 3007 3717 ,
3031 3652 3123 3705 etsi
3148 3668 3291 3707 secus
3315 3653 3456 3709 nobis
3478 3655 3725 3711 videatur.

2154 3741 2435 3797 —Omnia
2486 3742 2645 3811 igitur
2698 3742 2896 3811 optima
2944 3744 3161 3813 capiens
3220 3745 3736 3802 circumamiciaris:

2156 3834 2353 3889 etenim
2379 3834 2762 3887 irrationaliqu
2786 3850 2879 3887 rex
2906 3850 2997 3898 es;
3024 3850 3178 3905 reges
3205 3846 3408 3903 autem,
3434 3839 3478 3892 si
3505 3839 3629 3907 quid
3659 3849 3742 3894 est

2156 3924 2207 3978 in
2236 3923 2461 3979 subditis
2486 3924 2771 3993 optimum,
2793 3924 2905 3979 sive
2925 3942 3136 3991 aurum,
3169 3928 3281 3982 sive
3304 3938 3602 3998 argentum,
3630 3932 3741 3985 sive

2158 4016 2364 4086 lapides
2420 4018 2675 4086 pretiosi,
2709 4018 2822 4072 sive
2874 4030 3183 4088 sumptuosa
3227 4022 3543 4075 vestimenta
3570 4063 3587 4089 ,
3628 4022 3743 4078 haec

2155 4121 2275 4162 cum
2307 4107 2788 4177 superabundantia
2830 4109 2927 4177 ipsi
2958 4111 3264 4178 possident;
3295 4121 3349 4166 et
3388 4128 3452 4167 ex
3496 4124 3738 4167 creatura

2157 4200 2441 4254 Dominum
2505 4208 2652 4254 tuum
2700 4202 2986 4256 admirare.
3009 4201 3063 4257 Si
3112 4203 3237 4271 quid
3282 4219 3409 4258 vero
3439 4212 3491 4259 te
3533 4206 3743 4259 excedit

2155 4291 2477 4357 visibilium“,
2508 4300 2563 4345 et
2616 4292 2878 4345 rationem
2939 4292 3179 4347 invenire
3228 4309 3335 4349 non
3385 4303 3570 4364 potes,
3622 4296 3740 4349 ideo

2159 4380 2470 4434 Creatorem
2486 4376 2744 4447 glorifica.
2767 4382 2887 4450 quia
2937 4391 3171 4437 mentem
3203 4392 3344 4437 tuam
3386 4384 3550 4453 ipsius
3587 4386 3740 4455 opili-

2155 4474 2359 4527 ciorum
2404 4473 2665 4543 sapientia
2710 4473 2940 4527 excedit.
2971 4473 3048 4528 Ne
3088 4474 3255 4540 dicas,
3289 4475 3463 4542 Quare
3505 4476 3647 4530 hoc?
3673 4478 3737 4531 ad

2155 4562 2282 4631 quid
2315 4562 2456 4616 hoc?
2485 4577 2607 4616 nam
2654 4563 3067 4632 unumquodque
3092 4565 3220 4618 utile
3245 4575 3362 4627 est,
3391 4566 3489 4618 etsi
3523 4581 3620 4619 nos
3650 4584 3737 4620 ra-

2158 4656 2353 4708 tionem
2383 4654 2707 4723 ignoramus.
2736 4655 2883 4708 Sicut
2904 4657 3045 4709 enim
3077 4657 3120 4709 si
3151 4656 3201 4709 in
3244 4658 3435 4711 medici
3470 4658 3737 4713 officinam

2156 4747 2470 4817 ingrediaris
2509 4757 2564 4801 et
2606 4749 2768 4801 multa
2813 4749 3081 4818 preposita
3131 4748 3313 4804 videas
3366 4751 3738 4814 instrumenta,

2158 4839 2466 4893 varietatem
2499 4839 2973 4893 instrumentorum
3001 4838 3282 4894 admiraris
3301 4881 3314 4903 ,
3341 4840 3465 4894 licet
3506 4841 3740 4910 ipsorum

2158 4931 2368 4985 nescias
2395 4944 2523 4983 usus
2553 4947 2566 4983 :
2596 4930 2674 4984 sic
2699 4939 2753 4983 et
2783 4929 2833 4984 in
2863 4939 3108 4985 creatura
3142 4930 3324 4995 facias,
3354 4939 3409 4985 et
3450 4932 3494 4985 si
3542 4931 3743 4987 videris

2158 5024 2321 5077 multa
2365 5022 2672 5077 animalium
2699 5031 2752 5077 et
2778 5022 3060 5077 herbarum
3106 5031 3160 5076 et
3195 5022 3493 5091 plantarum
3532 5033 3585 5076 et
3625 5025 3745 5077 alia-

2158 5131 2277 5169 rum
2336 5128 2537 5179 rerum,
2591 5129 2817 5184 quarum
2881 5114 3135 5168 utilitates
3185 5114 3432 5179 nescias,
3480 5114 3745 5167 admirare

2159 5206 2393 5274 ipsarum
2420 5205 2759 5268 varietatem,
2788 5216 2943 5274 stupe
2967 5206 3125 5260 etiam
3168 5205 3403 5274 ipsarum
3442 5215 3743 5259 creatorem

2159 5298 2522 5365 optimumque
2561 5297 2804 5365 opificem
2850 5297 3018 5351 Deum
3064 5314 3077 5349 :
3124 5295 3372 5364 quoniam
3422 5310 3521 5349 nec
3568 5297 3743 5349 omnia

2161 5388 2253 5443 tibi
2286 5398 2407 5443 nota
2430 5388 2585 5453 fecit,
2620 5403 2717 5443 nec
2741 5390 2920 5442 omnia
2952 5388 3239 5457 incognita.
3266 5387 3380 5442 Non
3403 5388 3529 5443 fecit
3551 5390 3747 5458 quippe

2161 5479 2349 5541 omnia
2386 5479 2676 5548 incognita,
2703 5494 2771 5534 ne
2798 5478 2945 5534 dicas
2973 5494 3093 5534 esse
3118 5479 3374 5533 mundum
3419 5480 3535 5534 sine
3571 5481 3747 5549 provi-

2161 5571 2341 5625 dentia
2374 5587 2387 5623 :
2420 5587 2526 5625 non
2557 5572 2797 5641 permisit
2818 5587 2948 5627 vero
2990 5572 3084 5626 tibi
3116 5572 3325 5643 cognita
3364 5586 3486 5627 esse
3534 5572 3739 5638 omnia,

2162 5677 2231 5716 ne
2259 5661 2577 5731 cognitionis
2618 5662 2927 5733 magnitudo
2973 5670 3025 5717 te
3065 5662 3118 5715 in
3159 5662 3463 5732 superbiam
3495 5662 3737 5717 extollat.

2168 5754 2259 5810 Sic
2300 5754 2496 5826 quippe
2532 5762 2587 5812 et
2628 5755 2857 5829 primum
2899 5753 3171 5812 hominem
3224 5754 3497 5827 improbus
3539 5754 3747 5811 dzcmon
