4112 6388
389 455 480 510 tlte
533 450 899 523 praecipitavit,
944 463 1040 518 per
1085 448 1302 517 majoris
1347 446 1584 502 scientiae
1631 459 1779 515 spem
1805 486 1821 512 ,
1849 459 1966 500 eam

391 565 550 619 quam
584 547 806 600 habebat
827 545 1067 598 auferens
1087 561 1097 596 :
1121 543 1403 611 Propterea
1433 551 1488 594 et
1512 541 1725 611 sapiens
1753 538 1967 610 quidam

393 639 665 704 admonet,
693 637 875 692 dicens
907 652 919 686 :
958 634 1197 688 Fortiora
1234 645 1280 688 te
1321 651 1383 688 ne
1420 650 1636 703 quaeras,
1661 644 1708 688 et
1751 632 1967 704 profun-

391 731 537 784 diora
574 740 619 783 te
647 746 706 782 ne
750 728 983 782 scruteris
1006 743 1023 780 :
1047 742 1158 794 qua:
1185 726 1424 779 mandata
1447 734 1564 779 sunt
1589 724 1676 778 tibi
1698 765 1714 791 ,
1747 724 1853 778 hac
1882 740 1966 778 co-

396 821 536 890 gnita
563 819 753 888 (Ecclt.
774 820 827 874 5.
845 818 935 872 2|.
957 817 1048 888 22)
1067 835 1089 870 τ
1125 818 1288 888 ipsius
1315 817 1458 872 enim
1485 831 1706 886 operum
1732 815 1883 886 plura
1914 817 1968 869 in

391 911 619 968 secretis
647 917 773 964 sunt
790 923 810 973 ;
840 918 895 964 et
918 922 1150 972 rursum,
1183 906 1388 978 Majora
1417 907 1675 962 hominum
1699 905 1967 978 prudentia

389 1005 730 1058 demonstrata
779 1009 896 1055 sunt
943 1000 1031 1054 tibi
1057 997 1165 1070 (Ib.
1192 1015 1241 1054 υ.
1279 997 1394 1070 25).
1447 997 1562 1054 Hoc
1609 1007 1790 1053 autem
1835 996 1971 1052 dixit

389 1095 674 1150 consolans
701 1101 1014 1149 manentem
1061 1102 1116 1148 et
1160 1091 1429 1146 dolentem
1449 1129 1466 1156 ,
1488 1089 1630 1160 quod
1658 1104 1765 1144 non
1788 1088 1969 1144 omnia

389 1187 531 1242 norit
562 1186 800 1241 :etenim
828 1195 884 1241 et
909 1199 973 1239 ea
994 1225 1010 1249 ,
1041 1183 1241 1254 inquit,
1272 1197 1392 1254 quae
1437 1195 1596 1236 nosse
1636 1180 1819 1235 datum
1860 1187 1965 1245 cst,

388 1275 612 1330 multum
655 1274 988 1346 prudentiam
1044 1284 1191 1329 tuam
1232 1271 1695 1344 transgrediuntur
1739 1287 1755 1326 :
1791 1284 1968 1341 neque

386 1368 529 1422 enim
559 1384 624 1422 ex
657 1379 708 1422 te
749 1367 1030 1436 invenisti,
1061 1365 1157 1421 sed
1198 1380 1230 1420 a
1277 1366 1387 1420 Deo
1428 1363 1636 1419 doctus.
1676 1362 1969 1419 Contentus

390 1459 546 1524 igitur
573 1466 686 1512 esto
708 1457 846 1511 datis
870 1457 1066 1512 divitiis
1086 1499 1101 1523 ,
1133 1465 1186 1511 et
1235 1471 1300 1510 ne
1323 1455 1552 1524 amplius
1577 1454 1840 1524 inquiras,
1871 1454 1968 1510 sed

389 1565 484 1616 pro
519 1550 602 1614 iis,
627 1565 748 1618 qua:
775 1549 1048 1618 accepisti,
1075 1548 1270 1618 gratias
1299 1561 1428 1616 age;
1453 1545 1560 1600 noli
1591 1545 1849 1616 indignari
1868 1560 1967 1615 pro

388 1641 474 1706 iis,
497 1657 616 1711 qua:
641 1657 746 1696 non
780 1641 1049 1710 accepisti,
1071 1649 1126 1695 et
1155 1647 1250 1710 p‘ro
1292 1639 1387 1705 iis,
1431 1654 1551 1710 qua:
1597 1639 1773 1703 nosti,
1805 1639 1966 1708 glori-

388 1733 505 1790 lira.
549 1748 617 1785 ne
664 1733 1040 1786 scandalizeris
1092 1741 1308 1802 propter
1357 1746 1420 1785 ea
1471 1746 1590 1800 quae
1632 1746 1738 1784 non
1783 1731 1961 1784 nosti:

385 1823 542 1874 ambo
568 1824 713 1876 enim
741 1824 880 1877 Deus
907 1822 1105 1876 utiliter
1135 1822 1254 1875 fecit
1279 1863 1294 1887 ,
1326 1828 1380 1874 et
1409 1819 1522 1874 hare
1548 1820 1762 1890 quidem
1807 1835 1964 1873 rere-

386 1913 532 1979 lavit,
562 1914 644 1967 illa
675 1929 798 1968 vero
836 1914 1114 1968 abscondit
1153 1920 1256 1966 tua:
1297 1912 1581 1966 consulens
1616 1911 1792 1965 saluti.
1821 1910 1964 1966 Unus

383 2004 599 2073 quippe,
629 2003 770 2073 quod
799 2004 936 2066 dixi,
968 2003 1063 2057 Dei
1091 2001 1442 2072 cognoscendi
1478 2002 1667 2056 modus
1698 2017 1793 2071 per
1815 2016 1965 2056 crea-

386 2096 605 2159 tionem,
646 2096 840 2148 multos
865 2095 1051 2149 valens
1099 2093 1213 2146 dies
1250 2092 1552 2146 absumere.
1577 2091 1646 2148 Ut
1673 2093 1818 2146 enim
1856 2108 1962 2146 non

385 2186 550 2239 solius
585 2183 818 2238 hominis
858 2197 978 2238 cum
1022 2183 1292 2252 diligentia
1340 2181 1711 2236 formationem
1743 2197 1964 2251 percur-

384 2290 595 2342 ramus,
624 2293 743 2328 cutn
794 2276 1063 2345 diligentia
1093 2275 1213 2328 dico
1253 2274 1408 2329 nobis
1433 2273 1705 2343 possibili,
1739 2287 1842 2327 non
1871 2274 1959 2327 illa

383 2381 508 2421 vera
535 2366 810 2436 diligentia
841 2383 854 2420 :
884 2382 1006 2420 nam
1033 2367 1133 2420 etsi
1177 2365 1371 2419 multas
1413 2364 1675 2419 factorum
1727 2363 1962 2418 rationes

382 2458 634 2522 diximus,
657 2467 780 2510 sunt
811 2466 986 2513 tamen
1014 2466 1069 2510 et
1092 2456 1210 2510 alia:
1254 2457 1432 2525 plures
1458 2471 1669 2510 arcana:
1705 2471 1835 2525 quas
1868 2456 1961 2525 qui

383 2549 528 2614 fecit,
561 2550 702 2602 novit
729 2547 912 2613 Deus;
939 2562 1042 2601 non
1070 2548 1212 2602 enim
1253 2561 1440 2602 omnes
1484 2547 1586 2617 ipsi
1631 2547 1829 2602 scimus
1858 2565 1871 2600 :
1905 2558 1962 2603 ut

382 2640 542 2710 igitur
568 2653 780 2694 omnem
823 2639 1056 2693 hominis
1101 2637 1473 2694 formationem
1521 2653 1644 2694 cum
1689 2639 1960 2709 diligentia

382 2744 776 2800 percurramus,
798 2739 852 2785 et
891 2730 945 2783 in
984 2744 1305 2800 unoquoque
1352 2730 1596 2786 membro
1645 2731 1959 2800 sapientiam

381 2823 734 2888 inveniamus,
764 2830 820 2877 et
875 2837 1180 2888 nervorum,
1207 2837 1496 2890 venarum,
1517 2823 1835 2878 arteriarum
1877 2823 1960 2878 di-

381 2891 772 2979 stributionem,
803 2913 987 2980 situm,
1015 2913 1348 2984 aliorumque
1393 2915 1629 2968 omnium
1676 2914 1958 2970 formatio-

383 3017 506 3058 nem
534 3003 969 3069 consideremus,
1002 3019 1102 3059 nec
1127 3019 1298 3060 annus
1321 3005 1525 3076 integer
1552 3005 1706 3062 nobis
1725 3005 1791 3061 ad
1821 3006 1958 3063 hanc

381 3095 766 3163 expositionem
798 3095 1047 3150 sufﬁciet.
1076 3094 1201 3150 Ideo
1240 3095 1399 3151 istum
1436 3097 1523 3152 hic
1565 3111 1867 3153 sermonem
1897 3098 1958 3152 fi-

381 3186 608 3252 nientes,
637 3196 690 3240 et
718 3185 996 3241 laboriosis
1016 3186 1371 3257 studiosisque
1395 3203 1459 3242 ex
1485 3187 1640 3243 dictis
1659 3189 1959 3259 praebentes

380 3285 436 3330 et
486 3276 619 3330 alias
667 3277 954 3332 creationis
1001 3285 1177 3346 partes
1229 3279 1571 3347 percurrendi
1619 3280 1857 3346 modum,
1888 3280 1956 3336 ad

379 3369 538 3422 aliam
558 3383 863 3424 sermonem
885 3368 1222 3441 hypothesim
1244 3380 1532 3439 vertamus,
1551 3373 1718 3442 ipsam
1746 3390 1956 3446 quoque

381 3461 474 3516 Dei
504 3462 847 3530 providentia:
875 3463 1368 3517 demonstrativam.
1396 3465 1527 3532 Quae
1556 3465 1717 3535 igitur
1754 3476 1836 3547 est
1865 3484 1954 3522 se-

379 3552 924 3621 cundahypothesis?
953 3552 1033 3605 Ab
1055 3552 1204 3606 initio
1236 3554 1374 3609 Deus
1395 3554 1666 3610 hominem
1698 3559 1952 3627 formans,

380 3643 552 3712 legem
581 3643 678 3710 ipsi
708 3642 1000 3696 naturalem
1041 3643 1248 3697 indidit.
1278 3644 1344 3698 Et
1371 3645 1497 3714 quid
1517 3645 1728 3701 tandem
1755 3656 1839 3702 est
1868 3649 1954 3703 lex

386 3735 678 3788 naturalis?
706 3735 1098 3788 Conscientiant
1128 3736 1280 3790 nobis
1309 3739 1593 3807 expressit,
1623 3747 1679 3794 et
1706 3756 1736 3794 a
1764 3751 1952 3795 natura

384 3824 600 3879 inditam
633 3839 752 3878 esse
778 3823 943 3877 voluit
973 3824 1232 3878 bonorum
1263 3837 1317 3881 et
1351 3829 1742 3882 contrariorum
1779 3832 1954 3885 scien-

385 3921 534 3970 tiam.
562 3915 676 3970 Non
715 3916 855 3970 enim
883 3931 1017 3986 opus
1044 3916 1307 3972 habemus
1326 3917 1555 3984 discere,
1577 3920 1721 3989 quod
1752 3921 1950 3976 malum

388 4008 458 4063 sit
480 4010 774 4075 fornicatio,
801 4016 856 4064 et
881 4009 1076 4064 bonum
1100 4010 1446 4079 continentia,
1466 4011 1562 4066 sed
1589 4013 1658 4066 ab
1675 4012 1824 4067 initio
1848 4013 1951 4069 hoc

377 4100 666 4154 seimus.Et
682 4107 738 4154 ut
751 4099 924 4154 discas
940 4115 1038 4155 nos
1060 4100 1127 4154 ab
1147 4101 1296 4155 initio
1317 4101 1418 4155 hoc
1435 4103 1869 4173 scire,legislator
1885 4106 1952 4159 le-

375 4207 468 4260 ges
486 4201 664 4261 postea
683 4190 879 4255 ferens,
897 4200 952 4246 et
970 4192 1156 4248 dicens
1181 4209 1195 4246 :
1215 4191 1338 4247 Non
1361 4193 1695 4264 occides(E:c.
1719 4194 1905 4267 20.13)
1932 4215 1946 4252 :

382 4299 488 4338 non
514 4284 710 4350 intulit,
733 4282 926 4337 Malum
942 4283 1084 4338 enim
1105 4282 1312 4338 caedes:
1337 4284 1429 4339 sed
1450 4286 1794 4354 simpliciter:
1825 4286 1949 4342 Non

373 4377 588 4441 occides,
614 4377 783 4445 inquit
816 4393 830 4430 :
860 4376 1127 4446 prohibuit
1151 4377 1294 4430 enim
1326 4388 1600 4446 peccatum
1644 4378 1941 4445 dumtaxat,

375 4482 478 4521 non
498 4466 874 4536 docuit.Quare
899 4467 1058 4537 igitur
1078 4467 1167 4538 qui
1186 4467 1468 4532 dixit,Non
1483 4469 1701 4536 occides,
1720 4485 1825 4524 non
1851 4471 1948 4526 ad-

372 4559 525 4627 didit,
542 4561 674 4626 Quia
693 4556 894 4614 malum
922 4561 1096 4615 caedes
1117 4564 1141 4615 2'
1164 4559 1426 4627 Quoniam
1448 4563 1592 4631 prius
1619 4563 1945 4620 conscientia

374 4673 471 4712 nos
494 4655 598 4710 hoc
620 4654 821 4719 docuit,
844 4661 898 4708 et
919 4661 1188 4724 tamquam
1219 4653 1508 4708 scientibus
1529 4663 1585 4709 et
1604 4655 1948 4726 intelligenti-

373 4752 472 4806 bns
494 4750 564 4804 ita
595 4748 844 4817 loquitur.
867 4747 1000 4802 Cum
1021 4745 1180 4816 igitur
1195 4745 1264 4803 de
1285 4747 1390 4802 alio
1411 4748 1643 4817 loquitur
1668 4750 1940 4819 mandato,

371 4855 475 4894 non
503 4839 656 4892 nobis
685 4854 777 4907 per
796 4837 1176 4892 conscientiam
1207 4846 1364 4904 noto,
1393 4854 1499 4894 non
1529 4848 1730 4894 tantum
1759 4841 1943 4910 prohi-

370 4935 480 4998 bet,
512 4930 606 4985 sed
631 4939 685 4984 et
711 4944 928 4985 causam
956 4930 1195 4999 apponit.
1226 4930 1300 4986 De
1321 4931 1543 4986 sabbato
1569 4933 1744 5002 itaque
1771 4933 1942 5004 legem

371 5030 570 5090 ferens,
601 5033 656 5079 et
683 5020 904 5078 dicens:
935 5021 1166 5094 Septima
1189 5024 1272 5078 die
1296 5041 1396 5078 non
1417 5026 1573 5096 facies
1617 5041 1744 5094 apus
1777 5023 1939 5096 (Ibid.

370 5133 401 5168 v
441 5154 455 5169 .
487 5117 572 5184 i0)
608 5133 622 5171 :
652 5113 921 5184 subiunxit
943 5129 1160 5169 causam
1189 5131 1400 5186 quoque
1424 5118 1738 5171 cessationis
1769 5135 1782 5171 :
1810 5133 1940 5187 qua-

366 5210 467 5262 lem
498 5206 670 5261 Vero?
704 5205 836 5270 Quia
869 5204 922 5258 in
951 5204 1032 5258 die
1057 5206 1268 5275 septima
1307 5206 1540 5274 requievit
1563 5205 1704 5260 Deus
1739 5208 1802 5260 ab
1827 5226 1938 5261 om-

365 5297 508 5350 nibus
551 5295 782 5366 operibus
831 5295 937 5348 suis
962 5311 1074 5364 qua:
1107 5306 1320 5364 cwperat
1363 5299 1528 5366 facere
1555 5313 1573 5349 :
1599 5307 1653 5351 et
1681 5314 1890 5354 rursum
1922 5317 1935 5353 :

369 5389 618 5454 Quoniam
644 5404 814 5441 servus
844 5387 985 5458 fuisti
1011 5388 1065 5440 in
1093 5397 1226 5440 terra
1254 5386 1467 5457 zEgypti
1501 5388 1673 5458 (Deut.
1701 5390 1790 5446 9-4.
1823 5391 1934 5461 ib).

363 5487 540 5549 Quare
585 5480 764 5551 igitur,
793 5482 880 5535 dic
919 5481 1071 5547 mihi,
1104 5482 1155 5534 in
1195 5482 1416 5536 Sabbato
1459 5484 1672 5552 quidem
1721 5499 1937 5541 causam

363 5573 580 5643 adjecit,
611 5574 664 5628 in
695 5573 840 5629 caide
869 5589 995 5628 vero
1030 5572 1162 5627 nihil
1201 5573 1305 5629 tale
1330 5573 1498 5629 fecit?
1527 5577 1788 5642 Quoniam
1833 5577 1937 5634 hoc

362 5665 574 5732 quidem
616 5664 920 5718 mandatum
952 5680 1060 5718 non
1107 5664 1176 5719 de
1223 5667 1488 5734 primariis
1524 5676 1660 5734 erat,
1692 5683 1809 5727 nec.
1840 5683 1935 5739 per

360 5755 734 5811 conscientiam
763 5757 915 5812 nobis
941 5755 1248 5827 exquisitis,
1275 5756 1368 5814 sed
1399 5759 1715 5830 particulare
1751 5763 1922 5833 quod-

1086 334 1143 392 S.
1181 331 1455 392 JO.\NNIS
1490 331 1960 389 CllliYSOSTOMI
2003 333 2315 392 ARCBIEP.
2357 335 2888 395 CONSTANTINOP.

3551 345 3648 401 159

2082 445 2206 501 dant
2232 455 2287 502 et
2310 455 2712 518 temporaneum
2747 469 2760 504 :
2793 459 3070 521 propterea
3109 461 3229 522 post
3272 453 3385 510 tunc
3416 458 3644 513 solutum

2077 544 2160 590 est
2185 555 2198 592 :
2235 541 2533 592 necessaria
2565 555 2712 602 vero,
2746 549 2801 595 et
2825 542 2987 595 vitam
3012 551 3248 596 nostram
3276 547 3606 600 continentia
3630 589 3646 613 ,

2076 626 2164 680 illa
2214 636 2338 681 sunt
2367 646 2381 682 :
2415 627 2536 683 Non
2579 631 2771 684 occides
2793 671 2808 696 ,
2842 647 2945 684 non
2990 631 3255 702 furaberis.
3279 649 3380 688 non
3424 638 3646 690 mter/w-

2073 715 2202 771 beris
2228 716 2420 791 (Exod.
2448 719 2538 774 20.
2576 721 2766 791 15-15)
2801 739 2814 775 :
2845 731 2900 776 et
2937 722 3058 776 ideo
3087 725 3383 781 nullatenus
3403 725 3491 782 hic
3517 743 3648 782 cau-

2073 821 2188 861 sam
2219 809 2386 878 ponit,
2412 825 2513 865 nec
2537 809 2832 866 doctrinam
2862 812 3093 880 adducit,
3119 814 3214 871 sed
3236 817 3348 871 sola
3369 833 3502 887 opus
3529 835 3649 876 esse

2074 907 2228 969 putat
2261 899 2640 968 prohibitione.

2141 991 2196 1046 4.
2233 990 2380 1046 Iuris
2414 993 2659 1046 naturalis
2703 993 2921 1064 cognitio
2962 994 3127 1050 indita
3182 995 3393 1051 homini.
3425 1027 3497 1039 --
3541 998 3647 1055 Nec

2073 1083 2200 1139 inde
2230 1092 2457 1153 tantum,
2485 1085 2580 1140 sed
2627 1097 2680 1142 et
2706 1087 2918 1142 aliunde
2963 1087 3114 1143 vobis
3153 1087 3520 1145 demonstrare
3555 1106 3645 1146 eo-

2072 1174 2261 1238 nahor,
2295 1174 2561 1246 quomodo
2603 1191 2634 1230 a
2678 1185 2864 1231 natura
2905 1178 3177 1233 institutus
3216 1189 3332 1234 erat
3379 1179 3539 1236 homo
3579 1181 3646 1238 ad

2071 1267 2284 1321 virtutis
2308 1267 2689 1338 cognitionem.
2730 1268 2967 1324 Primum
2998 1270 3168 1325 Adam
3213 1272 3428 1327 admisit
3456 1289 3645 1343 pecea-

2072 1365 2206 1424 tum,
2235 1367 2429 1427 etpost
2472 1367 2748 1429 peccatum
2793 1361 2971 1414 statim
3016 1376 3076 1416 se
3112 1363 3438 1418 occultavit?
3463 1367 3508 1418 si
3550 1365 3651 1418 ali-

2070 1448 2198 1518 quid
2227 1450 2351 1503 mali
2382 1463 2441 1505 se
2487 1459 2826 1520 perpetrasse
2851 1466 2956 1505 non
2987 1462 3229 1517 noverat,
3257 1468 3362 1524 qua
3391 1453 3459 1509 de
3485 1468 3644 1508 causa

2070 1552 2129 1592 se
2149 1539 2477 1593 occultavit?
2505 1538 2685 1610 Neque
2710 1539 2852 1594 enim
2881 1549 3034 1595 erant
3053 1529 3387 1604 litteraa,non
3411 1543 3514 1606 lex,
3541 1559 3644 1598 non

2070 1629 2242 1684 Moses
2272 1646 2285 1682 :
2317 1629 2458 1685 unde
2501 1630 2658 1700 igitur
2691 1630 2839 1684 novit
2881 1641 3157 1700 peccatum
3179 1671 3194 1695 ,
3228 1639 3288 1684 ut
3322 1645 3382 1685 se
3420 1632 3650 1685 absenti-

2069 1719 2253 1774 deret?
2280 1719 2390 1775 Nec
2429 1730 2632 1774 tantum
2685 1734 2744 1774 se
2797 1720 2967 1785 celat,
3025 1719 3118 1774 sed
3167 1729 3220 1774 et
3266 1730 3543 1774 accusatus
3591 1721 3644 1773 in

2068 1811 2229 1865 alium
2285 1822 2510 1866 conatur
2555 1810 2845 1867 transferre
2897 1827 3156 1878 causam,
3203 1811 3424 1868 dicens:
3459 1813 3637 1866 Mulier

2066 1886 2218 1973 quam
2243 1903 2426 1956 dediin
2469 1903 2630 1970 mihi,
2666 1903 2776 1973 ipsa
2820 1904 2955 1957 dedit
3003 1905 3126 1958 mihi
3168 1905 3227 1959 de
3273 1905 3411 1976 ligno
3437 1945 3452 1969 ,
3483 1917 3530 1958 et
3554 1923 3642 1959 co-

2069 1993 2202 2045 medi
2232 1991 2382 2062 (Gen.
2415 1995 2468 2049 5.
2497 1993 2610 2063 12).
2666 1994 2732 2048 Et
2781 1994 2868 2048 illa
2917 2010 3101 2050 rursus
3141 1996 3194 2049 in
3239 1996 3401 2050 alium
3441 1997 3643 2052 crimen

2068 2083 2352 2151 transfert,
2419 2095 2719 2155 serpentem
2757 2088 2977 2142 scilicet.
3027 2089 3104 2142 Ac
3152 2087 3275 2143 vide
3329 2089 3642 2159 sapientiam

2069 2175 2162 2230 Dei
2194 2194 2205 2229 :
2234 2192 2354 2232 cun.
2410 2179 2549 2232 enim
2600 2178 2769 2233 Adam
2822 2179 3078 2234 dixisset:
3122 2179 3305 2234 Vocem
3358 2191 3496 2234 tuam
3545 2199 3642 2236 auo

2065 2270 2200 2336 divi,
2230 2281 2275 2324 et
2324 2272 2498 2338 timui,
2524 2287 2580 2326 eo
2620 2274 2754 2343 quod
2801 2273 2969 2327 nudus
2995 2291 3148 2327 essent
3168 2315 3184 2342 ,
3217 2285 3266 2328 et
3303 2273 3540 2328 abscondi
3567 2290 3641 2330 me

2065 2361 2170 2432 (Ib.
2193 2380 2240 2417 υ.
2275 2365 2364 2436 10)
2391 2383 2403 2419 :
2432 2365 2571 2420 Deus
2591 2383 2696 2420 non
2721 2367 2898 2421 statim
2927 2367 3120 2422 factum
3150 2367 3444 2438 redarguit,
3474 2383 3645 2437 neque

2062 2454 2231 2510 dixit:
2262 2456 2435 2524 Quare
2462 2459 2602 2512 enim
2634 2457 2698 2512 de
2723 2459 2862 2528 ligno
2885 2459 3202 2514 comedisti?
3229 2459 3322 2514 sed
3340 2460 3644 2529 quomodo?

2067 2547 2192 2614 Quis
2217 2551 2347 2602 enim
2372 2550 2608 2603 indicavit
2649 2550 2736 2604 tibi
2762 2553 2896 2618 quod
2939 2550 3104 2606 nudus
3147 2568 3275 2606 esses
3303 2553 3398 2604 nisi
3425 2552 3560 2622 quod
3581 2568 3644 2604 ea:

2063 2639 2230 2709 ligno,
2261 2647 2324 2694 de
2360 2655 2458 2712 quo
2487 2656 2822 2710 praceperam
2855 2641 2944 2695 tibi
2972 2659 3035 2696 ne
3057 2642 3358 2707 comedens,
3388 2641 3642 2695 comedim

2062 2728 2250 2801 (Ibid.
2292 2751 2348 2790 v.
2397 2731 2550 2803 ti)?
2592 2731 2776 2802 Neque
2829 2734 3030 2800 tacuit,
3078 2747 3178 2788 nec
3229 2741 3414 2802 aperte
3469 2733 3638 2800 ipsum

2061 2821 2375 2892 redarguit:
2425 2837 2532 2877 non
2587 2823 2728 2878 enim
2759 2824 2954 2892 tacuit,
2991 2833 3048 2878 ut
3086 2825 3255 2892 ipsum
3321 2823 3388 2877 ad
3439 2823 3640 2894 peccati

2058 2911 2448 2967 confessionem
2472 2921 2754 2979 evocaret;
2774 2928 2871 2968 nec
2894 2929 3021 2968 vero
3042 2913 3321 2968 manifeste
3341 2913 3629 2983 redarguit,

2060 3017 2128 3058 ne
2149 3011 2315 3058 totum
2347 3004 2439 3060 Dei
2467 3015 2628 3072 esset,
2657 3014 2712 3060 et
2754 3005 2844 3060 ille
2875 3007 3108 3076 privatus
3138 3016 3436 3060 remaneret
3466 3006 3638 3071 venia,

2063 3109 2182 3164 quae
2225 3094 2378 3150 nobis
2407 3111 2476 3150 ex
2525 3095 2861 3152 confessione
2912 3099 3166 3152 nascitur.
3204 3098 3487 3168 Propterea
3533 3113 3638 3152 non

2061 3185 2191 3239 dixit
2220 3185 2495 3242 manifeste
2516 3201 2752 3254 causam,
2772 3189 2911 3244 unde
2935 3190 3164 3259 cognitio
3184 3191 3200 3221 ⁸
3223 3199 3342 3244 nata
3365 3199 3526 3257 esset,
3545 3192 3639 3245 sed

2061 3277 2161 3330 sub
2193 3277 2622 3348 interrogationis
2664 3278 2832 3334 forma
2872 3296 3174 3336 sermonem
3216 3284 3453 3352 profert,
3482 3293 3535 3337 ut
3564 3285 3638 3336 illi

2057 3367 2259 3422 aditum
2293 3368 2360 3423 ad
2389 3368 2777 3426 confessionem
2798 3373 3141 3442 relinqueret.
3174 3372 3404 3428 Rursum
3428 3375 3479 3428 in
3507 3374 3635 3428 Cain

2058 3467 2110 3512 et
2136 3459 2268 3513 Abel
2297 3459 2436 3514 idem
2464 3461 2642 3517 videre
2669 3461 2810 3516 licet.
2845 3463 3081 3517 Primum
3130 3466 3341 3534 quidem
3383 3465 3639 3535 primitias

2060 3550 2168 3604 Deo
2199 3551 2440 3606 ferebant
2478 3552 2715 3608 laborutn
2747 3570 2983 3610 suorum.
3020 3557 3132 3611 Non
3159 3559 3300 3611 enim
3339 3575 3368 3612 a
3418 3571 3640 3629 peccato

2058 3649 2279 3705 tantum,
2312 3643 2404 3696 sed
2434 3644 2590 3698 etiam
2615 3660 2645 3698 a
2672 3645 2864 3700 virtute
2890 3645 3336 3713 demonstremus,
3367 3649 3635 3704 hominem

2059 3736 2331 3802 utriusque
2352 3736 2572 3790 scientia
2604 3737 2879 3806 prmditum
2910 3739 3088 3794 fuisse.
3119 3740 3269 3806 Quod
3294 3742 3450 3812 igitur
3475 3743 3635 3796 homo

2055 3839 2328 3897 peccatum
2393 3845 2513 3883 esse
2578 3831 2773 3884 malum
2825 3831 2934 3898 jam
3000 3834 3202 3898 sciret,
3254 3833 3635 3888 demonstravit

2055 3918 2223 3972 Adam
2249 3935 2264 3984 ;
2287 3921 2428 3989 quod
2469 3931 2644 3976 autem
2671 3923 2918 3976 virtutem
2949 3938 3070 3978 esse
3110 3924 3306 3979 bonum
3337 3927 3494 3981 etiam
3533 3927 3635 3981 sci-

2054 4021 2157 4075 ret,
2188 4023 2396 4066 rorsum
2453 4013 2587 4068 Abel
2644 4014 3018 4070 manifestavit.
3064 4017 3178 4072 Non
3229 4021 3369 4074 enim
3415 4020 3481 4074 ab
3525 4021 3634 4075 ullo

2053 4103 2261 4169 doctus,
2282 4121 2451 4173 neque
2478 4106 2590 4172 lege
2611 4105 2677 4160 de
2699 4107 2942 4176 primitiis
2970 4109 3094 4166 haec
3112 4109 3408 4167 disserente
3432 4113 3628 4178 audita,

2052 4195 2149 4251 sed
2173 4211 2204 4249 a
2231 4211 2324 4251 sua
2354 4197 2679 4252 conscientia
2707 4199 2894 4254 doctus
2916 4241 2930 4265 ,
2958 4203 3273 4257 sacrificium
3323 4205 3450 4258 illud
3475 4206 3624 4258 obtu-

2051 4287 2131 4340 lit.
2161 4287 2446 4357 Propterea
2484 4304 2590 4343 non
2635 4289 2904 4345 descendo
2938 4291 3004 4346 ad
3052 4307 3312 4360 posteros,
3347 4297 3438 4348 sed
3488 4299 3630 4351 circa

2052 4377 2256 4446 priores
2280 4377 2521 4434 homines
2545 4395 2751 4445 versor,
2777 4382 2988 4451 quando
3033 4384 3264 4438 nondum
3298 4386 3505 4455 litterae,
3534 4403 3629 4441 ne-

2049 4483 2154 4539 que
2177 4468 2282 4534 lex,
2316 4485 2489 4540 neque
2510 4471 2784 4541 prOpheta:
2813 4482 2866 4526 et
2888 4473 3094 4541 judices
3117 4515 3132 4538 ,
3169 4475 3262 4528 sed
3287 4478 3432 4528 solus
3461 4478 3628 4532 Adam

2049 4573 2172 4612 cum
2195 4559 2316 4614 filiis
2341 4571 2490 4625 erat,
2523 4572 2580 4614 ut
2605 4559 2781 4615 discas
2807 4561 2860 4615 in
2883 4575 3071 4616 natura
3111 4562 3371 4617 honorum
3415 4577 3469 4619 et
3497 4582 3628 4622 con-

2051 4651 2334 4706 trariorum
2376 4652 2652 4706 scientiam
2699 4653 2844 4720 prius
2889 4652 3053 4710 fuisse
3115 4657 3423 4724 repositam.
3480 4658 3629 4714 Unde

2049 4742 2194 4796 enim
2246 4741 2430 4798 didicit
2477 4743 2799 4814 Abel,quod
2834 4745 3029 4800 bonum
3055 4758 3197 4802 esset
3249 4749 3462 4814 offerre,
3484 4753 3626 4820 quod

2047 4832 2246 4888 bonum
2272 4833 2437 4888 Deum
2463 4837 2728 4901 venerari,
2759 4847 2812 4891 et
2839 4838 2890 4891 in
2917 4839 3163 4894 omnibus
3187 4841 3384 4908 gratias
3422 4845 3626 4912 agere?

2047 4921 2183 4989 Quid
2217 4923 2412 4994 igitur,
2436 4939 2502 4980 an
2523 4923 2652 4981 Cain
2696 4942 2799 4980 non
2843 4927 3073 4982 obtulit?
3095 4929 3296 4983 Obtulit
3333 4931 3543 5000 quidem
3573 4943 3626 4987 et

2047 5012 2191 5082 ipse,
2221 5013 2314 5068 sed
2354 5029 2460 5068 non
2509 5016 2770 5070 similiter.
2801 5017 2866 5070 Et
2906 5015 3030 5072 hinc
3065 5034 3191 5073 vero
3240 5035 3447 5074 rursum
3493 5039 3623 5074 con-

2046 5103 2281 5157 scienti-.1:
2307 5103 2538 5175 cognitio
2567 5113 2785 5174 apparet
2811 5109 3094 5176 :quoniam
3123 5109 3262 5163 enim
3291 5111 3340 5164 ei
3360 5151 3377 5177 ,
3407 5113 3496 5181 qui
3528 5113 3622 5165 lio.

2047 5205 2264 5250 noratus
2291 5195 2484 5263 fuerat,
2517 5197 2764 5253 invidens
2784 5241 2798 5265 ,
2829 5198 2896 5254 de
2921 5201 3066 5255 c:cde
3089 5199 3445 5268 deliberabat,
3472 5203 3622 5258 dolo-

2046 5301 2160 5342 sam
2194 5288 2399 5343 celebat
2427 5290 2743 5343 sententiam
2770 5299 2857 5345 :et
2882 5292 3005 5360 quid
3038 5293 3622 5365 inquit?Age,egredia-

2044 5395 2158 5432 :nur
2201 5381 2256 5433 in
2303 5397 2538 5450 campum
2570 5381 2718 5452 (Gen.
2745 5383 2798 5436 4.
2849 5383 2940 5454 8).
2980 5385 3094 5438 Alia
3127 5382 3319 5452 ﬁgura.
3349 5384 3617 5444 charitatis

2041 5470 2186 5524 enim
2213 5471 2478 5526 simulatio
2504 5488 2518 5526 :
2550 5474 2811 5528 sententia
2837 5475 2938 5528 alia
2958 5515 2973 5539 ,
3003 5476 3255 5530 fratricidi
3297 5479 3438 5531 enim
3487 5481 3621 5533 deii-

2042 5562 2268 5618 beratio.
2308 5563 2378 5618 Et
2415 5565 2516 5620 nisi
2557 5565 2757 5620 malum
2808 5567 3088 5620 consilium
3151 5569 3362 5637 putabat
3389 5611 3404 5634 ,
3452 5588 3618 5638 quare

2043 5718 2411 5832 ὡὲἕὲλδιοτρι
2442 5728 2492 5773 ct
2513 5723 2704 5785 quidam
2728 5729 2832 5772 uss.
2872 5722 3015 5772 Savil.
3042 5731 3092 5774 et
3131 5724 3326 5788 quidam
3348 5724 3445 5788 alii,
3481 5722 3617 5776 rude
