4112 6388
375 327 475 384 131

368 442 590 516 θρωπον
609 444 638 495 0
666 459 898 512 πονηρος
919 443 1127 514 δαίμων
1165 445 1370 509 ἐκεῖνος
1400 447 1834 517 ἐξετραχήλισεν,
1866 447 2038 501 ἐλπίδι

369 529 616 600 μείζονος
631 529 881 600 γνώσεως
927 531 1018 584 καὶ
1034 533 1131 602 τῆς
1151 531 1319 602 οὔσης
1345 535 1745 606 ἀποστερήσας.
1766 534 1865 587 Διά
1885 534 2042 587 τοῦτο

363 619 466 673 καὶ
515 619 675 688 σοφός
722 637 809 682 τις
851 625 1108 691 παραινεί
1143 621 1352 689 λέγων·
1404 622 1775 691 Ἰσχυρότερά
1793 640 1909 676 σου
1952 624 2038 692 μὴ

363 704 540 772 ζήτει,
559 707 658 761 καί
674 707 976 776 ,ϐαθύτερα
997 724 1113 762 σου
1135 707 1220 777 μὴ
1239 708 1452 776 ἐρεύνα
1471 727 1484 739 ·
1504 709 1542 762 ἆ
1555 707 1894 777 προσετάγη
1919 724 2039 773 σοι,

367 792 557 848 ταῦτα
614 794 857 848 διανοοῦ
880 813 892 825 ο
919 795 987 847 τά
1026 795 1135 866 γάρ
1181 795 1400 850 πλείονα
1438 795 1547 848 τῶν
1582 795 1758 866 ἐργων
1783 796 1948 849 αὐτοῦ
1983 797 2041 848 ἐν

364 881 708 952 ἀποκρύφοις
727 899 740 911 ·
767 882 862 935 καὶ
889 881 1071 945 πάλιν,
1089 883 1348 937 Πλείονα
1374 885 1682 949 συνέσεως
1709 882 2038 950 ἀνθρώπων

362 969 690 1038 amcam
744 983 864 1023 σοι.
898 969 1068 1022 Τοῦτο
1117 970 1174 1023 δὲ
1233 965 1353 1023 εἷπε
1411 968 1902 1041 παραμυθούμενος
1949 968 2042 1021 τὸν

361 1057 701 1126 ἀσχάλλοντα
741 1059 838 1110 καὶ
873 1056 1124 1121 ἀλύοντα,
1165 1057 1352 1118 ἐπειδὴ
1406 1059 1479 1129 μὴ
1516 1058 1690 1110 πάντα
1722 1053 1880 1110 οἶδεν.
1925 1056 2038 1109 Καὶ

360 1144 471 1215 γάρ
491 1143 652 1208 αὐτὰ,
685 1146 869 1215 φησὶν,
895 1144 1038 1217 ειπερ
1055 1145 1372 1217 ἐπετράπης
1397 1146 1616 1208 εἰδέναι,
1651 1145 1854 1216 σφόδρα
1879 1145 2041 1213 ὑπερ-

362 1233 537 1287 ϐαίνει
579 1252 673 1288 σου
717 1236 818 1306 τὴν
860 1234 1074 1288 σύνεσιν
1099 1251 1115 1267 ·
1155 1237 1276 1289 οὐδὲ
1320 1235 1428 1306 γάρ
1457 1235 1667 1288 οἴκοθεν
1699 1228 1877 1305 εὗρες,
1903 1233 2040 1287 ἀλλά

361 1322 618 1392 παράτοῦ
632 1323 768 1378 Θεοῦ
785 1323 1068 1395 διδαχθείς.
1089 1325 1143 1376 ’Δ
1153 1323 1284 1395 ρκοῧ
1301 1325 1478 1376 τοίνυν
1492 1322 1568 1392 τῷ
1584 1323 1790 1377 δοθέντι
1804 1321 2038 1392 πλούτῳ,

360 1411 455 1464 καὶ
486 1411 559 1482 μὴ
593 1411 753 1467 πλέον
777 1413 1046 1484 ἐπιζήτει,
1068 1412 1184 1465 ἀλλ’
1217 1413 1357 1483 ὐπέρ
1379 1404 1452 1465 ὧν
1480 1409 1672 1474 ἔλαϐες
1704 1409 2037 1480 εὐχαρίστει,

363 1498 440 1569 μὴ
475 1500 774 1568 ἀγανάκτει
810 1501 951 1574 ὑπὲρ
999 1493 1074 1554 ὧν
1108 1501 1209 1553 οὐκ
1247 1499 1454 1562 ἔλαϐες,
1482 1501 1575 1552 καὶ
1616 1499 1756 1568 ὐπέρ
1787 1491 1861 1550 ὧν
1891 1493 2037 1558 οἶδας

357 1585 572 1650 δόξαζε,
612 1587 687 1657 μὴ
721 1587 1076 1650 σκανδαλίζου
1107 1587 1175 1641 δι’
1203 1587 1238 1640 ἃ
1271 1587 1370 1640 οὐκ
1399 1581 1545 1647 οἶδας
1570 1602 1583 1616 ⁶
1619 1585 1902 1656 ἀμφότερα
1929 1581 2037 1651 γὰρ

357 1673 645 1744 χρησίμως
675 1676 703 1727 0
741 1675 871 1738 Θεὸς
899 1675 1145 1746 ἐποίησε,
1187 1675 1280 1727 καὶ
1310 1674 1376 1727 τά
1407 1674 1504 1744 μὲν
1542 1671 1859 1740 ἀπεκάλυψε
1886 1684 1933 1733 ιι,
1967 1669 2036 1723 τὰ

355 1759 415 1812 δέ
450 1761 887 1834 ἀπέκλεισε,τῆς
921 1764 1019 1834 σῆς
1050 1761 1294 1834 προνοῶν
1336 1762 1630 1831 σωτηρίας.
1668 1757 1761 1824 Εἷς
1793 1761 1890 1830 μὲν
1919 1755 2032 1821 οὖν,

355 1848 493 1918 ὅπερ
523 1849 680 1921 ἔφην,
712 1851 910 1921 τρόπος
929 1850 1252 1919 θεογνωσίας
1271 1851 1298 1902 ό
1316 1849 1402 1903 διά
1431 1851 1530 1920 τῆς
1555 1849 1804 1912 κτίσεως,
1838 1847 2036 1909 πολλὰς

352 1935 652 2005 δυνάμενος
692 1938 903 2008 ἡμέρας
951 1938 1246 1992 ἀναλῶσαι.
1298 1939 1414 1990 Ἵνα
1466 1938 1575 2008 γὰρ
1624 1937 1698 2007 μὴ
1750 1936 1912 2006 μόνου
1940 1934 2035 1988 τοῦ

352 2023 643 2093 ἀνθρώπου
689 2028 808 2079 κατ’
853 2026 1137 2095 ἀκρίϐειαν
1178 2025 1276 2096 τὴν
1325 2025 1657 2078 διατύπωσιν
1699 2023 2033 2093 ἐπέλθωμεν,

353 2112 475 2163 κατ’
503 2111 788 2180 ἀκρίϐειαν
815 2113 872 2164 δὲ
900 2113 1042 2180 λέγω
1070 2113 1170 2184 τὴν
1197 2115 1330 2182 ἡμῖν
1358 2112 1610 2181 δυνατὴν,
1647 2111 1706 2164 οὐ
1736 2110 1836 2181 τὴν
1867 2109 2037 2173 ὅντως

351 2197 667 2268 ἀκρίϐειαν·
693 2201 741 2252 εἰ
763 2201 871 2271 γάρ
893 2200 986 2253 καὶ
1014 2199 1244 2264 πολλοὺς
1274 2200 1576 2270 εἰρήκαμεν
1592 2198 1698 2251 τῶν
1729 2196 2036 2267 γενομένων

351 2282 564 2352 λόγους,
596 2285 709 2338 ἀλλ’
758 2288 868 2340 εἰσί
914 2290 1007 2340 καὶ
1049 2287 1226 2358 ἐτεροι
1263 2286 1480 2348 πλείους
1519 2285 1850 2355 ἀπόρρητοι,
1885 2281 2037 2358 οὒςό

350 2377 584 2443 ποιήσας
627 2369 736 2427 οἶδε
763 2374 897 2438 Θεός
921 2393 933 2406 ·
968 2375 1029 2428 οὑ
1075 2355 1185 2444 γάρ
1211 2375 1274 2444 δὴ
1313 2375 1524 2436 πάντας
1567 2373 1724 2444 ῐσμεν
1754 2370 1934 2423 αὐτοί⁶
1969 2355 2036 2422 ἶν’

350 2456 444 2512 οὖν
464 2461 681 2514 ἃπασαν
703 2456 796 2514 τοῦ
829 2462 1118 2533 ἀνθρώπου
1136 2463 1278 2515 κατά
1302 2461 1592 2531 ἀκρίϐειαν
1615 2459 1714 2531 τὴν
1747 2459 2035 2512 διάπλασιν

348 2547 672 2618 ἐπέλθωμεν
717 2551 813 2602 καὶ
846 2551 949 2620 τὴν
987 2551 1044 2603 ἐν
1090 2550 1308 2619 ἑκάστῳ
1346 2548 1499 2618 μέλει
1535 2548 1727 2616 σοφίαν
1759 2545 2031 2616 εὕρωμεν,

350 2634 460 2688 τῶν
479 2635 710 2706 νεύρων,
743 2637 854 2690 τῶν
892 2637 1124 2706 φλεϐῶν,
1159 2637 1268 2690 τῶν
1294 2635 1576 2708 ἀρτηριῶν
1613 2636 1712 2706 τὴν
1750 2633 2031 2706 διανομὴν,

349 2722 450 2794 τὴν
466 2722 634 2788 θέσιν,
653 2725 754 2797 τὴν
779 2725 1067 2778 διάπλασιν
1084 2725 1193 2779 τῶν
1213 2725 1389 2779 ἄλλων
1409 2723 1691 2790 ἁπάντων,
1717 2723 1838 2777 οὐδέ
1863 2725 2036 2776 ἐνιαυ-

349 2811 442 2876 τὸς
472 2811 763 2884 ὁλόκληρος
782 2815 914 2884 ἡμῖν
937 2812 1222 2884 ἀρκέσειεν
1241 2813 1308 2868 ἂν
1335 2813 1473 2884 πρὸς
1491 2813 1591 2885 τὴν
1620 2812 1880 2883 ἐξήγησιν
1895 2809 2028 2865 ταύο

349 2916 469 2971 την.
505 2899 702 2973 Διόπερ
715 2901 901 2954 τοῦτον
931 2901 1163 2955 ἐνταῦθα
1181 2901 1590 2964 καταλύσαντες
1621 2901 1716 2954 τὸν
1737 2900 1918 2968 λόγον,
1937 2900 2031 2952 καὶ

349 2990 460 3050 τοῖς
485 2989 790 3057 φιλοπόνοις
810 2991 904 3044 καὶ
920 2990 1244 3062 φιλομαθέσι
1261 2989 1635 3060 παρασχόντες
1659 2991 1724 3042 ἐκ
1741 2987 1850 3040 τῶν
1878 2989 2032 3058 εἰρη-

239 3103 242 3106 ⁴
351 3075 530 3146 μένων
563 3077 658 3130 καί⁸
685 3078 754 3131 τὸ,
767 3077 928 3132 λοιπά
954 3079 1053 3150 τῆς
1077 3079 1306 3141 κτίσεως
1330 3077 1574 3131 ἐπελθεῖν
1600 3077 1763 3149 μέρη,
1803 3077 1887 3144 ἐφ’
1917 3075 2033 3128 ἐτέ-

350 3181 455 3234 ραν
489 3165 747 3219 ὑπόθεσιν
777 3167 868 3220 τὸν
885 3166 1042 3235 λόγον
1065 3165 1378 3239 τρέφωμεν,
1394 3165 1729 3236 ἐνδεικτικὴν
1747 3164 1838 3217 καὶ
1862 3163 2032 3236 αὐτὴν

346 3247 512 3307 οὖσαν
542 3254 642 3324 τῆς
671 3254 765 3308 τοῦ
796 3254 933 3309 Θεοῦ
981 3254 1260 3326 προνοίας.
1300 3254 1396 3317 Τίς
1434 3249 1527 3307 οὖν
1569 3253 1716 3305 ἐστιν
1743 3253 1776 3323 ἡ
1803 3251 2031 3323 δευτέρα

349 3343 637 3411 ὐπόθεσιςς
674 3342 764 3408 Ἐξ
791 3343 967 3414 ἀρχῆς
995 3341 1248 3396 πλάττων
1283 3343 1312 3395 0
1333 3341 1467 3406 Θεὸς
1497 3341 1586 3395 τὸν
1609 3341 1918 3410 ἄνθρωπον,
1945 3339 2032 3393 νό-

351 3447 452 3500 μον
481 3430 630 3501 αὐτῷ
653 3431 882 3499 φυσικὸν
915 3431 1254 3502 ἐγκατέθηκε
1298 3431 1348 3483 b.
1385 3431 1496 3482 Καὶ
1530 3430 1584 3482 τί
1615 3429 1746 3482 ποτέ
1771 3429 1917 3480 ἐστιν
1940 3427 2031 3480 νό-

352 3535 453 3588 μος
484 3519 740 3588 φυσικός;
791 3519 864 3571 Τὸ
908 3518 1150 3581 συνειδὸς
1180 3520 1312 3589 ἡμῖν
1337 3517 1664 3588 διήρθρωσε,
1699 3516 1794 3569 καὶ
1819 3514 2032 3568 αὐτοδί-

349 3605 543 3659 δακτον
579 3605 729 3679 [128]
758 3605 980 3676 ἐποίησε
1009 3605 1108 3676 τὴν
1137 3605 1339 3674 γνῶσιν
1361 3604 1468 3658 τῶν
1490 3603 1672 3657 καλῶν
1711 3604 1807 3656 καὶ
1830 3603 1938 3657 τῶν
1966 3605 2028 3657 οὐ

348 3692 604 3747 τοιούτων
631 3711 645 3725 ·
680 3693 740 3747 οὐ
759 3694 868 3764 γὰρ
909 3692 1142 3764 δεόμεθα
1191 3691 1380 3763 μαθεῖν
1409 3693 1490 3746 ὅτι
1519 3691 1689 3745 κακὸν
1723 3693 1755 3762 ἡ
1783 3691 2026 3762 πορνεία,

350 3783 446 3834 καὶ
479 3782 643 3836 καλὸν
684 3783 717 3853 ἠ
754 3781 1099 3852 σωφροσύνη,
1129 3781 1244 3835 ἀλλ’
1273 3780 1428 3851 ἴσμεν
1446 3778 1506 3843 ἐξ
1533 3779 1708 3849 ἀρχῆς
1726 3777 1902 3832 τοῦτο.
1920 3779 2030 3832 Καὶ

350 3869 440 3922 ἶνα
466 3869 643 3941 μάθῃς
665 3870 749 3923 ὅτι
776 3869 934 3922 τούτο
955 3867 1012 3936 ἐξ
1035 3869 1209 3940 ἀρχῆς
1237 3867 1415 3939 ῐσμεν,
1447 3869 1476 3920 0
1505 3866 1803 3938 νομοθέτης
1835 3867 2030 3936 νόμους

347 3957 523 4020 διδοὺς
549 3956 796 4027 ὕστερον,
820 3954 1120 4022 καὶείπὼν,
1153 3957 1235 4010 Οὐ
1261 3956 1602 4024 φονεύσεις,
1624 3955 1726 4007 οὐκ
1758 3955 2025 4024 ἐπήγαγε,

355 4043 538 4100 Κακὸν
555 4042 659 4116 γὰρ
688 4048 718 4098 0
745 4045 925 4114 φόνος.
959 4043 1074 4098 ἀλλ’
1105 4043 1318 4106 ἁπλῶς,
1361 4045 1444 4097 Οὺ
1468 4043 1806 4111 φονεύσεις,
1837 4035 1988 4095 εἶπεν
2012 4059 2026 4073 ο

352 4134 694 4204 ἀπηγόρευσε
719 4133 828 4204 γὰρ
847 4132 945 4202 τὴν
978 4131 1250 4204 ἁμαρτίαν
1280 4130 1462 4201 μόνον,
1493 4130 1593 4182 οὐκ
1623 4129 1848 4193 ἐδίδαξε.
1875 4129 2032 4194 Τίνος

350 4217 446 4276 οὖν
469 4221 654 4274 ’ἐνεκεν
667 4219 854 4284 εἰπὼν,
881 4223 963 4274 Οὺ
985 4219 1321 4289 φονεύσεις,
1336 4217 1395 4270 οὐ
1414 4216 1773 4288 προσέθηκεν,
1789 4217 1911 4269 Ὀτι
1931 4233 2029 4270 καο

354 4309 452 4364 κὸν
477 4311 506 4362 0
532 4309 724 4378 φόνοςς
764 4309 984 4380 Ἐπειδὴ
1018 4306 1306 4380 προλαϐὼν
1331 4305 1394 4359 τὸ
1437 4303 1674 4368 συνειδὸς
1703 4306 1851 4374 ἡμᾶς
1874 4305 2029 4357 ἐπαί-

353 4397 510 4450 δευσε
538 4395 716 4461 τοῦτο,
745 4398 841 4450 καί.
868 4397 943 4460 ὠς
975 4397 1144 4449 εἰδόσι
1169 4397 1264 4449 καὶ
1282 4393 1667 4463 ἐπισταμένοις
1688 4392 1830 4445 οὕτω
1858 4392 2034 4445 διαλέ-

353 4502 531 4553 γεται.
569 4485 736 4538 Ὀταν
759 4483 891 4553 γοῦν
908 4482 1250 4556 περὶσέτέρας
1277 4481 1494 4552 ἐντολῆς
1516 4480 1653 4553 λέγῃ
1683 4480 1781 4550 τῆς
1809 4479 1869 4532 οὐ
1894 4496 2033 4548 γνω-

358 4574 528 4645 ρίμης
565 4573 696 4642 ἡμῖν
733 4574 843 4627 ἀπὸ
870 4571 964 4625 τοῦ
1015 4570 1312 4631 συνειδότος
1341 4568 1657 4638 γενομένης,
1691 4567 1791 4620 οὐκ
1822 4568 2032 4636 ἀπαγο-

356 4662 506 4732 ρεύει
533 4661 713 4730 μόνον,
744 4657 882 4712 ἀλλά
913 4659 1006 4712 καὶ
1033 4658 1132 4730 τὴν
1157 4657 1337 4711 αἰτίαν
1368 4656 1712 4726 προστίθησι.
1740 4655 1876 4727 Περί
1900 4655 2034 4708 σαϐ-

357 4749 523 4802 ϐάτου
566 4746 698 4817 γοῦν
755 4745 1059 4818 νομοθετῶν
1107 4747 1204 4799 καὶ
1251 4744 1446 4813 λέγων,
1519 4742 1597 4812 Τῇ
1646 4743 1715 4796 δὲ
1743 4743 1933 4812 ἡμέρᾳ
1957 4743 2033 4814 τῇ

354 4836 578 4906 ἑϐδόμη
607 4837 678 4890 οὐ
697 4835 973 4904 ποιήσεις
997 4835 1195 4903 ἔργον,
1222 4833 1317 4887 καὶ
1349 4833 1446 4903 τὴν
1469 4832 1646 4884 αἰτίαν
1669 4832 1914 4902 ἐπήγαγε
1933 4832 2036 4904 τῆς

355 4925 557 4994 ἀργίας
581 4940 595 4954 ο
621 4923 781 4977 ποίαν
798 4923 864 4995 δὴ
892 4921 1098 4994 ταύτην
1114 4937 1130 4988 ;
1149 4921 1280 4974 Ὅτι
1301 4921 1369 4975 ἐν
1391 4919 1466 4988 τῇ
1487 4919 1682 4987 ’ἡμέρᾳ
1713 4918 1787 4988 τῇ
1811 4919 2033 4992 ἐϐδόμῃ

356 5011 744 5065 κατέπαυσεν
759 5013 793 5065 ό
819 5010 964 5077 Θεὸς
985 5010 1108 5066 ἀπὸ
1135 5008 1376 5064 πάντων
1401 5006 1520 5061 τῶν
1541 5007 1730 5077 ἔργων
1746 5009 1933 5063 αὐτοῦ
1948 5003 2038 5063 ὧν

355 5099 586 5169 ἤρξατο
614 5098 896 5166 ποιῆσαι·
925 5099 1019 5151 καὶ
1045 5098 1230 5159 πάλιν,
1265 5098 1382 5150 Ὅτι
1423 5097 1658 5164 οίκέτης
1685 5091 1846 5166 ἦσθα
1867 5097 1938 5150 ἐν
1957 5095 2038 5167 γῇ

357 5188 651 5256 Αίγύπτφ.
678 5187 835 5250 Τίνος
859 5181 954 5239 οὖν
981 5186 1185 5250 ἐνεκεν,
1231 5183 1350 5237 εἰπέ
1378 5201 1489 5254 μοι,
1523 5185 1614 5236 ἐπὶ
1656 5184 1754 5254 μὲν
1786 5183 1879 5237 τοῦ
1905 5187 2036 5238 σαϐ-

359 5274 528 5328 ϐάτου
579 5275 681 5347 τὴν
723 5273 906 5328 αἰτίαν
948 5273 1310 5344 προσέθηκεν,
1343 5273 1435 5324 ἐπὶ
1467 5271 1524 5324 δὲ
1556 5270 1651 5324 τοῦ
1687 5272 1848 5340 φόνου
1884 5271 2036 5326 οὐδὲν

359 5363 604 5416 τοιοῦτον
649 5364 938 5436 ἐποίησεν;
982 5361 1196 5433 Ἐπειδὴ
1245 5361 1384 5433 αὐτη
1423 5361 1520 5431 μὲν
1561 5361 1593 5430 ἡ
1618 5361 1807 5429 ἐντολὴ
1842 5362 1903 5414 οὐ
1929 5360 2035 5414 τῶν

359 5451 790 5522 προηγουμένων
807 5446 899 5523 ἦν,
925 5451 1047 5505 οὐδὲ
1068 5451 1177 5504 τῶν
1191 5451 1256 5502 ἐκ
1279 5449 1374 5503 τοῦ
1396 5448 1696 5511 συνειδότος
1719 5449 1850 5518 ἡμῖν
1879 5451 2037 5520 ἠκρι-

361 5537 644 5608 ϐωμένων,
669 5537 806 5591 ἀλλά
831 5539 1030 5608 μερική
1056 5555 1140 5601 τις
1169 5537 1262 5590 καὶ
1280 5537 1635 5608 πρόσκαιρος,
1661 5535 1748 5590 διά
1769 5537 1925 5590 τοῦτο
1945 5537 2038 5591 καὶ

360 5625 632 5696 κατελύθη
666 5626 805 5698 μετά
829 5627 1024 5680 ταῦτα·
1058 5626 1116 5679 αί
1149 5625 1206 5678 δέ
1246 5626 1538 5695 ἀναγκαῖαι
1577 5625 1671 5680 καὶ
1717 5626 2038 5696 συνέχουσαι
2077 5671 2082 5676 .

428 5931 460 6025 ς.
478 5931 925 6025 ἓῆξςίιεξὶθέιὶτέπη
950 5938 1032 5991 ειη
1053 5937 1327 6000 έεεκάλυψεο

445 6005 460 6030 ³
484 5993 585 6048 Διὶἱ
609 5993 901 6057 ἐγκατέθετο,

1391 332 1486 387 AD
1528 331 1851 390 POPULUM
1900 332 2400 393 ANTIOCHENUM
2441 335 2673 392 HOMIL.
2717 334 2827 390 XII.

3705 328 3809 384 I33

2143 451 2242 518 τὴν
2271 450 2414 520 ζωὴν
2445 451 2542 520 τὴν
2569 449 2862 520 ἡμετέραν,
2891 443 3094 498 ἐκεῖναί
3127 445 3263 497 εἰσιν
3289 461 3300 473 ·
3352 444 3434 496 Οὺ
3467 444 3811 511 φονεύσεις,

2153 537 2603 618 Οὺμοιιχεύσεις,
2626 539 2707 592 Οὐ
2733 541 3001 610 κλέψεις.
3039 540 3237 609 Διόπερ
3263 536 3500 607 οὐδαμοῦ
3523 537 3701 591 αἰτίαν
3722 537 3813 590 ἐν-

2143 639 2319 693 ταῦθα
2346 640 2580 711 τίθησιν,
2617 639 2737 692 οὐδὲ
2764 637 3114 692 διδασκαλίαν
3153 637 3388 704 εἰσάγει,
3422 635 3536 689 ἀλλ’
3563 636 3814 706 ἀρκεῖται

2143 739 2274 810 ψιλῇ
2311 741 2374 810 τῇ
2399 738 2786 810 ἀπαγορεύσει.

2209 843 2270 896 δ’.
2297 843 2411 896 Οὐκ
2437 842 2686 896 ἐντεῦθεν
2699 841 2754 894 δὲ
2761 841 2938 911 μόνον,
2955 839 3091 894 ἀλλὰ
3109 839 3202 894 καὶ
3219 841 3482 911 ἐτέρωθεν
3499 841 3626 913 ὐμῖν
3642 840 3814 908 δεῖξαι

2141 938 2474 1012 πειράσομαι
2514 939 2633 1002 πῶς
2676 937 3051 1000 αὐτοδίδακτος
3076 933 3144 1009 ἦν
3176 939 3205 990 0
3225 937 3510 1010 ἄνθρωπος
3545 939 3682 1011 πρὸς
3711 939 3814 1011 τὴν

2140 1037 2238 1106 τῆς
2263 1036 2464 1106 ἀρετῆς
2494 1034 2716 1103 γνῶσιν.
2734 1035 3018 1106 Ἥμαρτεν
3043 1037 3070 1088 0
3101 1035 3270 1105 Ἀδὰμ
3291 1035 3387 1106 τὴν
3413 1033 3688 1106 ἁμαρτίαν
3715 1036 3815 1107 τὴν

2140 1132 2384 1204 πρώτην,
2425 1131 2521 1186 καί
2552 1131 2688 1203 μετά
2729 1130 2825 1202 τὴν
2867 1130 3138 1202 ἁμαρτίαν
3174 1130 3373 1196 εὐθέως
3403 1132 3730 1204 ἐκρύπτετο·
3762 1133 3813 1185 εἰ

2139 1221 2195 1273 δέ
2231 1220 2304 1291 μὴ
2343 1220 2458 1291 ᾔδει
2499 1219 2666 1274 κακόν
2702 1237 2755 1272 τι
2809 1218 3201 1290 ἐργασάμενος,
3245 1219 3390 1283 τίνος
3426 1219 3613 1273 ἕνεκεν
3652 1220 3815 1290 ἐκρύ-

2140 1325 2333 1374 πτετο;
2366 1309 2500 1362 Οὐδέ
2531 1307 2640 1378 γάρ
2677 1307 2981 1379 γράμματα
3011 1303 3100 1378 ἦν,
3146 1307 3206 1360 οὐ
3251 1306 3433 1377 νόμος,
3480 1307 3542 1360 οὐ
3576 1308 3810 1378 Μωσῆς-

2140 1406 2304 1460 πόθεν
2343 1403 2435 1460 οὖν
2464 1405 2605 1475 ἔγνω
2643 1405 2744 1475 τὴν
2783 1405 3055 1476 ἁμαρτίαν
3096 1406 3188 1458 καὶ
3235 1403 3722 1473 κρύπτεται;.Καὶ
3751 1405 3815 1459 οὐ

2139 1501 2436 1572 κρύπτεται
2488 1502 2666 1573 μόνον,
2717 1501 2853 1554 ἀλλά
2901 1503 2994 1554 καὶ
3043 1501 3461 1570 ἐγκαλούμενος,
3506 1502 3591 1571 ἐφ’
3630 1502 3816 1573 ἕτερον

2139 1597 2393 1670 πειρᾶται
2427 1597 2771 1670 μετατιθέναι
2802 1597 2900 1668 τὴν
2934 1598 3110 1650 αἰτίαν
3147 1608 3195 1661 ε,
3220 1596 3422 1664 λέγων·
3455 1596 3524 1652 Ἡ
3548 1598 3704 1666 γυνὴ
3737 1600 3812 1667 ἣν

2137 1694 2366 1760 ἔδωκάς
2394 1713 2516 1764 μοι,
2549 1694 2699 1760 αὕτη
2729 1693 2913 1747 ἔδωκέ
2930 1711 3032 1762 μοι
3061 1695 3127 1748 ἐκ
3159 1693 3264 1747 τοῦ
3299 1693 3511 1759 ξύλου,
3542 1694 3642 1746 καὶ
3673 1694 3817 1763 550a-

2137 1807 2275 1860 γον·
2307 1790 2531 1861 κάκείνη
2562 1789 2723 1844 πάλιν
2761 1793 2844 1860 ἐφ’
2872 1790 3056 1861 ἕτερον
3089 1789 3312 1860 μετάγει
3340 1789 3400 1841 τὸ
3426 1789 3697 1859 ἔγκλημα,
3722 1789 3814 1843 τὸν

2136 1887 2277 1956 ὅφιν.
2327 1888 2435 1940 Καὶ
2461 1887 2562 1958 δρα
2609 1886 2742 1940 Θεοῦ
2779 1886 2998 1955 σοφίανο
3036 1885 3281 1948 εἰπόντος
3325 1883 3433 1956 γάρ
3481 1885 3575 1938 τοῦ
3620 1885 3812 1956 Ἀδάμ,

2135 1984 2216 2037 ὅτι
2273 1987 2540 2038 Ἤκουσα
2579 1983 2689 2050 τῆς
2716 1982 2921 2051 φωνῆς
2950 1998 3065 2036 σου
3099 1982 3199 2036 καὶ
3230 1983 3555 2052 ἐφοϐήθην,
3590 1982 3679 2036 ὅτι
3712 2002 3814 2053 γυ-

2131 2083 2287 2151 μνός
2309 2083 2423 2150 εΙμι
2456 2081 2555 2134 καὶ
2581 2081 2860 2149 ἐκρύϐην,
2904 2081 3004 2133 οὐκ
3031 2080 3252 2150 ἤλεγξεν
3280 2080 3482 2143 εὐθέως
3515 2080 3542 2132 0
3581 2079 3714 2143 Θεὸς
3756 2080 3818 2132 τὸ

2135 2177 2377 2246 γεγονὸς,
2407 2177 2529 2231 οὐδὲ
2557 2175 2676 2231 εἷπε
2699 2195 2712 2208 ο
2749 2177 2846 2231 Διά
2874 2177 2927 2230 τί
2955 2177 3065 2249 γὰρ
3095 2177 3296 2248 ἔφαγες
3325 2178 3430 2230 ἀπὸ
3476 2176 3568 2231 τοῦ
3615 2176 3771 2242 ξύλου
3798 2196 3812 2242 ;

2137 2279 2272 2332 ἀλλὰ
2301 2279 2454 2346 πῶς;
2493 2281 2588 2344 Τίς
2615 2294 2712 2333 σοι
2753 2279 3091 2349 ἀνήγγειλε,
3122 2281 3307 2350 φησὶν,
3345 2280 3434 2335 ὅτι
3469 2281 3698 2351 γυμνὸς
3739 2276 3814 2346 εἴ,

2135 2375 2286 2443 εἰμὴ
2305 2376 2422 2430 ἀπὸ
2441 2375 2546 2429 τοῦ
2569 2375 2762 2440 ξύλου
2784 2371 2855 2431 οὗ
2873 2374 3262 2446 ἐνετειλάμην
3274 2391 3372 2430 σοι
3394 2378 3608 2432 τούτου
3622 2377 3816 2446 μόνου

2131 2472 2217 2543 μὴ
2251 2472 2484 2542 φαγεῖν,
2519 2473 2622 2528 ἀπ’
2664 2471 2851 2526 αὐτοῦ
2888 2471 3146 2542 ἐφαγεςς
3189 2471 3325 2526 Οὔτε
3375 2472 3650 2544 ἐσίγησεν,
3690 2472 3817 2526 οὔτε

2135 2572 2388 2644 φανερῶς
2418 2571 2578 2625 αὐτὸν
2607 2571 2862 2642 ἧλεγξενυ
2891 2571 2991 2625 οὐκ
3023 2570 3244 2642 ἐσίγησε
3270 2571 3390 2642 μὲν,
3417 2571 3503 2624 ἵνα
3531 2570 3694 2625 αὐτὸν
3722 2572 3818 2624 ἐκ·

2135 2673 2430 2745 καλέσηται
2461 2671 2596 2745 πρὸς
2619 2672 2912 2741 ὁμολογίαν
2940 2673 3038 2744 τῆς
3073 2673 3378 2745 ἁμαρτίας·
3405 2675 3506 2726 οὐκ
3539 2671 3735 2744 ἤλεγξε
3759 2672 3818 2727 δὲ

2135 2770 2401 2841 φανερῶς.
2435 2770 2520 2823 ἵνα
2555 2769 2628 2840 μὴ
2657 2769 2821 2824 αὐτοῦ
2861 2769 2922 2823 τὸ
2972 2771 3083 2822 πᾶν
3117 2769 3365 2842 γένηται,
3406 2770 3658 2833 κάκεῖνος
3688 2768 3819 2841 ἔρη-

2137 2884 2234 2936 μος
2260 2866 2341 2937 εἴη
2377 2867 2474 2939 τῆς
2502 2867 2610 2920 ἀπὸ
2639 2867 2740 2936 τῆς
2766 2865 3209 2938 ἐξομολογήσεως
3241 2866 3532 2938 γινομένης
3571 2864 3820 2934 συγγνὼ-

2136 2977 2244 3031 μης
2269 2962 2420 3030 ἡμῖν.
2453 2961 2549 3015 Διά
2591 2962 2751 3015 τοῦτο
2781 2963 2882 3016 οὐκ
2923 2959 3045 3016 εἷπε
3091 2963 3346 3034 φανερῶς
3378 2963 3478 3033 τὴν
3509 2962 3690 3016 αἰτίαν
3722 2962 3818 3031 ἀφ’

2129 3049 2197 3126 ἦς
2233 3055 2432 3125 γνῶσις
2459 3057 2484 3097 ἀ
2521 3058 2760 3126 γέγονεν,
2798 3057 2912 3110 ἀλλ’
2945 3059 3002 3110 ἐν
3045 3058 3373 3130 ἐρωτήσεως
3395 3059 3553 3125 τάξει
3585 3054 3818 3130 προάγει

2131 3149 2221 3203 τὸν
2249 3150 2424 3219 λόγον,
2448 3152 2644 3224 ἐκείνῳ
2695 3153 3123 3224 καταλιμπάνων
3170 3154 3251 3216 εἰς
3298 3151 3685 3226 ἐξομολόγησιν
3731 3152 3818 3206 ἐλ-

2131 3245 2261 3304 θεῖν.
2304 3249 2472 3302 Πάλιν
2502 3251 2594 3303 ἐπὶ
2625 3250 2719 3303 τοῦ
2758 3251 2895 3305 Κάῖν
2937 3251 3032 3304 καί
3071 3250 3166 3303 τοῦ
3196 3249 3362 3303 Ἅϐελ
3392 3250 3545 3324 [129]
3579 3251 3641 3305 τὸ
3683 3250 3819 3305 αὐτὸ

2129 3343 2285 3398 τοῦτο
2317 3343 2462 3398 ἐστιν
2499 3345 2644 3398 ἰδεῖν.
2684 3345 2906 3412 Πρῶτον
2938 3345 3037 3416 μὲν
3079 3347 3188 3416 γαρ
3219 3345 3534 3418 ἀπήρξαντο
3571 3347 3650 3416 τῷ
3697 3345 3819 3418 Θεῷ

2127 3441 2237 3495 τῶν
2266 3442 2480 3496 οἰκείων
2500 3442 2698 3496 πόνων.
2727 3443 2817 3513 Μὴ
2847 3441 2955 3514 γάρ
2985 3441 3048 3512 δὴ
3071 3442 3178 3496 ἀπὸ
3205 3441 3306 3510 τῆς
3336 3443 3610 3514 ἁμαρτίας
3635 3443 3818 3514 μόνον,

2131 3537 2265 3591 ἀλλὰ
2305 3537 2398 3592 καὶ
2435 3538 2544 3592 ἀπὸ
2581 3539 2680 3609 τῆς
2707 3539 2910 3610 ἀρετῆς
2951 3538 3234 3608 δείξωμεν,
3272 3539 3356 3592 ὅτι
3389 3539 3716 3610 ἀμφοτέρων
3749 3534 3822 3612 ἦν

2129 3635 2548 3706 ἐπιστημονικὸς
2571 3638 2600 3689 0
2629 3634 2932 3706 ἄνθρωπος.
2959 3636 3080 3690 Ὅτι
3113 3636 3212 3707 μέν
3235 3631 3329 3689 οὖν
3357 3635 3476 3707 ᾔδει
3507 3637 3608 3708 τὴν
3635 3638 3820 3710 ἁμαρ⁴

2129 3736 2250 3789 τίαν
2273 3735 2438 3790 κακὸν
2482 3734 2542 3789 ὃν
2585 3737 2614 3789 0
2661 3735 2966 3808 ἄνθρωπος,
2997 3736 3195 3803 ἔδειξεν
3226 3738 3255 3790 0
3295 3737 3486 3808 Ἀδάμ·
3516 3739 3597 3792 ὅτι
3628 3738 3685 3792 δὲ
3723 3737 3822 3792 καὶ

2129 3831 2226 3904 τὴν
2255 3834 2453 3906 ἀρετὴν
2480 3833 2747 3904 ἠπίστατο
2773 3832 2938 3888 καλὸν
2969 3833 3048 3899 ὂν,
3091 3835 3328 3908 ἐδήλωσε
3357 3835 3520 3890 πάλιν
3562 3837 3592 3888 0
3627 3837 3815 3894 Ἀϐελ.

2132 3930 2206 3982 Οὐ
2233 3929 2342 4001 γὰρ
2371 3929 2522 4000 παρά
2561 3946 2706 3992 τινος
2747 3928 2957 4000 μαθὼν,
2993 3931 3114 3985 οὐδὲ
3161 3932 3330 4003 νόμου
3381 3932 3510 4004 περὶ
3552 3933 3820 4004 ἀπαρχῶν

2130 4025 2507 4096 διαλεγομένου
2538 4025 2658 4078 τότε
2690 4026 2952 4090 ἀκούσας,
3004 4028 3118 4082 ἀλλ’
3145 4030 3356 4084 οἴκοθεν
3401 4031 3496 4084 καὶ
3529 4031 3683 4103 παρὰ
3723 4031 3818 4084 τοῦ

2133 4121 2432 4185 συνειδότος
2459 4121 2724 4190 διδαχθεὶς
2753 4122 2853 4194 τὴν
2898 4122 3089 4177 θυσίαν
3133 4125 3349 4197 ἐκείνην
3393 4127 3683 4198 ἀνήνεγκε.
3719 4126 3821 4180 Διά

2131 4218 2289 4271 τοῦτο
2319 4219 2379 4270 οὐ
2409 4218 2701 4290 καταφέρω
2741 4221 2891 4273 κάτω
2930 4220 3020 4273 τὸν
3069 4220 3248 4290 λόγον,
3275 4222 3390 4276 ἀλλ’
3417 4223 3510 4276 ἐπὶ
3542 4224 3650 4278 τῶν
3675 4241 3816 4297 προ-

2131 4306 2303 4376 τέρων
2334 4305 2494 4358 αὐτὸν
2531 4304 2832 4378 ἀνθρώπων
2876 4309 3156 4379 γυμνάξω,
3187 4311 3275 4362 ὅτε
3295 4309 3448 4363 οὐπω
3491 4312 3817 4384 γράμματα,

2133 4403 2254 4456 οὐτε
2280 4403 2462 4472 νόμος,
2491 4401 2614 4454 οὐτε
2645 4405 2920 4474 προφῆται
2964 4407 3058 4458 καὶ
3100 4405 3374 4472 δικασταὶ,
3418 4408 3556 4462 ἀλλά
3600 4409 3761 4481 μόνος
3788 4413 3822 4466 0

2146 4499 2316 4570 Ἀδὰμ
2346 4499 2485 4570 μετὰ
2512 4499 2619 4552 τῶν
2659 4501 2863 4554 παίδων
2892 4497 2978 4572 ἦν,
3026 4503 3113 4556 ἵνα
3142 4503 3320 4576 μάθῃς
3346 4505 3428 4558 ὅτι
3468 4506 3526 4560 ἐν
3554 4509 3620 4578 τῇ
3657 4506 3822 4577 φύσει

2135 4595 2499 4667 προαπέκειτο
2533 4594 2641 4649 τῶν
2667 4595 2848 4649 καλῶν
2872 4599 2966 4651 καὶ
2995 4600 3103 4653 τῶν
3133 4602 3194 4653 οὐ
3239 4601 3499 4656 τοιούτων
3537 4605 3570 4675 ἡ
3595 4605 3816 4674 γνῶσις.

2135 4692 2304 4746 Πόθεν
2330 4693 2438 4764 γάρ
2463 4693 2663 4766 ἔμαθεν
2699 4695 2778 4747 ὅτι
2822 4695 2986 4749 καλὸν
3012 4697 3073 4751 τὸ
3099 4700 3432 4771 προσφέρειν
3459 4704 3486 4756 0
3519 4703 3705 4769 Ἅϐελ,
3736 4705 3820 4761 ὅτι

2135 4788 2298 4841 καλὸν
2325 4789 2386 4842 τὸ
2410 4791 2572 4860 τιμᾷν
2612 4791 2702 4844 τὸν
2729 4790 2861 4844 Θεὸν
2902 4793 2996 4846 καὶ
3035 4795 3380 4866 εὐχαριστεῖν
3409 4799 3468 4851 ἐν
3500 4801 3671 4856 ἅπασι
3701 4819 3715 4862 :
3753 4802 3821 4858 Τί

2135 4882 2308 4953 οὖν;ὁ’
2347 4886 2505 4953 Κάῐν,
2547 4889 2730 4958 φησὶν,
2779 4889 2840 4943 οὐ
2896 4892 3279 4962 προσήνεγκες
3321 4896 3672 4970 Προσήνεγκε
3705 4901 3821 4972 ,μὲν

2137 4987 2231 5040 καὶ
2262 4981 2435 5052 οὗτος,
2465 4987 2579 5041 ἀλλ’
2611 4989 2710 5061 οὐχ
2737 4990 2953 5062 ὁμοίως.
2987 4992 3294 5047 Κάντεῧθεν
3341 4994 3397 5048 δὲ
3448 4997 3612 5051 πάλιν
3645 4999 3675 5069 ἡ
3725 4999 3820 5054 τοῦ

2137 5085 2436 5151 συνειδότος
2475 5087 2723 5156 φαίνεται
2767 5089 2996 5157 γνῶσις·
3037 5092 3222 5163 ἐπειδὴ
3263 5092 3373 5166 γὰρ
3416 5092 3495 5164 τῷ
3535 5094 3822 5167 τιμηθέντι

2139 5180 2415 5254 βασκήνας
2449 5185 2575 5253 περί
2602 5185 2817 5255 σφαγῆς
2846 5187 3181 5254 ἐϐουλεύετο,
3213 5189 3444 5261 κρύπτει
3471 5191 3569 5262 τὴν
3597 5191 3823 5264 δολερὰν

2137 5276 2385 5348 γνώμην.
2425 5280 2534 5332 Καὶ
2572 5280 2624 5332 τί
2674 5297 2841 5350 φησι;
2883 5282 3086 5351 Δεῦρο,
3128 5284 3468 5354 ἐξέλθωμεν
3497 5288 3585 5351 εὶς
3613 5287 3681 5340 τὸ
3716 5304 3822 5342 πε-

2137 5373 2290 5427 δίον.
2321 5375 2549 5447 Ἔτερον
2577 5375 2635 5429 τὸ
2664 5377 2870 5448 σχῆμα,
2919 5379 3319 5450 φιλοφροσύνης
3355 5380 3462 5454 γὰρ
3509 5383 3542 5451 ἡ
3587 5382 3822 5453 0110x91-

2140 5488 2252 5537 σις’
2280 5473 2375 5526 καὶ
2402 5473 2463 5526 τὸ
2493 5474 2744 5546 φρόνημα
2775 5475 2982 5543 ἓτερον,
3029 5476 3446 5546 ἀδελφοκτονίας
3477 5478 3588 5550 γὰρ
3613 5481 3647 5551 ἡ
3677 5479 3823 5550 γνώ-

2141 5587 2240 5643 μη.
2269 5571 2466 5626 Καίτοι
2491 5573 2540 5626 εί
2572 5573 2649 5646 μὴ
2690 5573 2861 5629 κακὸν
2886 5574 3002 5645 ᾔδει
3042 5574 3104 5628 τὸ
3146 5574 3416 5647 βούλημα,
3459 5575 3605 5642 τίνος
3632 5578 3822 5633 ἕνεκεν

2205 5804 2226 5827 ‘-
2261 5800 2345 5868 Sic
2366 5801 2786 5868 Savil._et_omne_s
2808 5815 2939 5864 pene
2964 5816 3101 5865 mss.,
3127 5810 3274 5866 alque
3301 5803 3364 5854 ila
3395 5805 3519 5868 legit
3543 5805 3810 5865 interpres.

2141 5859 2315 5926 Mqrel.
2345 5875 2465 5926 νειτο
2481 5866 2567 5920 τήν
2590 5859 2840 5926 αμαρτίαν.

2138 5990 2164 6037 ὖ
2177 5921 2480 6046 ςάήὃᾷὲίἇιςι
2498 5921 2705 5989 quidm"
2719 5940 2834 5977 mss.
2857 5927 2936 5991 ἀφ’
2955 5925 3010 5988 ἧς
3029 5931 3058 5988 ἡ
3078 5934 3334 5995 γύμνωσις.
3358 5927 3530 5982 Morel.
3556 5933 3609 5981 ει
3630 5923 3714 5980 alii
3736 5925 3814 5987 ἀφ’
