4112 6388
308 329 415 383 135

305 442 438 496 αὐτὸ
465 443 786 508 συνεσκίαζε
812 461 827 509 ;
862 445 972 498 Καὶ
1002 448 1142 516 μετά
1173 450 1232 501 τὸ
1255 451 1507 518 γενέσθαι
1540 454 1631 507 τὸν
1656 454 1837 524 φόνον,
1869 455 1971 513 πά-

302 534 384 585 λιν
416 531 764 605 ἐρωτώμενος
799 534 903 589 ὑπὸ
929 535 1021 589 τοῦ
1066 538 1222 602 Θεοῦ,
1277 540 1400 594 Ποῦ
1439 544 1608 596 Ἅϐελ
1645 547 1679 596 ό
1706 544 1971 614 ἀδελφός

300 635 458 684 σου;
485 621 648 691 φησίν
667 638 682 651 ·
717 624 838 677 Οὐκ
869 619 1033 676 οἶδα·
1063 625 1148 694 μὴ
1178 628 1382 694 φύλαξ
1412 629 1519 683 τοῦ
1553 631 1823 699 ἀδελφοῦ
1846 650 1967 702 μου

297 709 412 778 aly}.
445 709 596 778 ἐγώ;
623 709 779 774 Τίνος
812 710 920 782 γάρ
949 711 1134 765 ἕνεκεν
1170 715 1449 786 ἀρνεῖταις
1477 718 1577 770 οὐκ
1624 718 1844 788 εὔδηλον
1886 721 1969 774 ὅτι

298 795 722 862 καταγινώσκων
769 798 970 868 σφόδρα
1021 801 1254 865 ἐαυτοῦ;
1293 803 1504 874 Ὥσπερ
1548 803 1657 874 γὰρ
1707 805 1736 856 6
1784 805 1967 878 πατήρ

297 882 464 936 αὐτοῦ
509 883 737 954 ἐκρύϐη,
785 883 927 937 οὕτω
965 888 1057 940 καὶ
1098 884 1252 952 οὗτος
1285 891 1554 960 ἀρνεῖται·
1586 892 1680 945 καὶ
1711 893 1848 963 μετά
1876 892 1965 949 τὸν

295 967 514 1038 ἔλεγχον
548 968 708 1022 πάλιν
747 970 908 1040 φησί·
943 972 1167 1032 Μείζων
1196 976 1234 1042 η
1261 977 1419 1028 αίτία
1445 994 1566 1045 μου
1609 977 1712 1032 τοῦ
1743 978 1966 1048 ἀφεθῆ-

293 1055 394 1107 ναί
421 1073 517 1122 με.
557 1056 693 1110 Ἀλλ’
724 1060 752 1111 6
787 1058 988 1130 Ἕλλην
1025 1059 1124 1113 οὐκ
1161 1062 1409 1132 ἀνέχεται
1441 1064 1664 1119 τούτων.
1703 1066 1840 1138 Φέρε
1869 1063 1962 1121 οὖν

290 1142 387 1196 καὶ
413 1143 544 1214 πρὸς
565 1145 768 1198 ἐκεῖνον
795 1145 1182 1218 διαλεχθῶμεν,
1205 1151 1296 1203 καὶ
1325 1152 1461 1223 ὅπερ
1490 1153 1580 1204 ἐπὶ
1604 1153 1703 1224 τῆς
1733 1154 1963 1217 κτίσεως

289 1228 644 1299 ἐποιήσαμεν,
675 1231 774 1284 οὐκ
799 1234 906 1286 ἀπὸ
938 1233 1047 1286 τῶν
1093 1236 1322 1306 Γραφῶν
1351 1239 1528 1308 μόνον,
1558 1241 1693 1293 ἀλλά
1722 1241 1817 1294 καὶ
1853 1243 1961 1296 ἀπὸ

287 1311 559 1384 λογισμῶν
589 1318 714 1381 τοὺς
749 1319 885 1388 πρὸς
911 1321 1151 1385 ἐκείνους
1188 1325 1506 1394 κινήσαντες
1535 1326 1771 1394 ἀγῶνας,
1802 1326 1960 1380 τοῦτο

287 1404 382 1454 καὶ
411 1404 501 1456 ἐπὶ
527 1403 622 1457 τοῦ
651 1406 949 1471 συνειδότος
974 1410 1215 1480 ποιῶμεν
1243 1411 1338 1464 νῦν
1358 1429 1371 1442 ⁸
1404 1413 1498 1466 καὶ
1538 1414 1648 1484 γὰρ
1681 1415 1775 1466 καὶ
1802 1414 1959 1468 τοῦτο

281 1488 343 1540 τὸ
375 1490 666 1560 κεφάλαιον
689 1496 717 1546 6
741 1495 948 1559 Παῦλος
974 1497 1191 1568 ἐκίνησε
1213 1499 1350 1569 πρὸς
1372 1499 1610 1564 ἐκείνους
1633 1502 1958 1571 ἀγωνιζόμε-

283 1593 391 1640 νος.
421 1578 485 1629 Τί
501 1579 619 1632 ποτ’
635 1576 727 1635 οὖν
753 1583 897 1638 ἐστιν
915 1584 944 1636 6
958 1584 1223 1654 λέγουσιν;
1243 1589 1354 1640 Οὐκ
1380 1588 1525 1641 ἐστιν
1542 1590 1671 1659 ἡμῖν
1686 1589 1953 1644 αὐτοδίδα-

282 1681 407 1726 κτος
432 1667 592 1737 νόμος
613 1671 670 1722 ἐν
694 1670 770 1741 τῷ
794 1673 1070 1738 συνειδότι,
1097 1676 1248 1744 φησὶ,
1275 1676 1542 1746 κείμενος,
1559 1661 1679 1731 οὐδὲ
1703 1679 1768 1748 τῇ
1793 1678 1954 1748 φύσει

278 1751 434 1805 τοῦτο
467 1757 834 1828 ἐγκατέθηκεν
874 1762 902 1813 6
933 1760 1084 1825 Θεός.
1127 1762 1296 1816 Πόθεν
1327 1754 1440 1829 οῦν,
1483 1764 1604 1817 εἰπέ
1641 1783 1751 1835 μοι,
1790 1766 1952 1820 πόθεν

280 1840 407 1909 περὶ
434 1843 647 1912 γάμων,
680 1847 806 1917 περὶ
833 1847 1027 1915 φόνων,
1060 1849 1186 1920 περὶ
1213 1850 1505 1921 διαθηκῶν,
1540 1852 1668 1923 περὶ
1701 1871 1952 1925 παρακα-

274 1927 548 1997 ταθηκῶν,
578 1932 826 2002 περὶτοῦ
867 1933 940 2005 μὴ
979 1934 1314 1990 πλεονεκτεῖν
1356 1937 1639 2009 ἀλλήλους,
1683 1942 1813 2010 περὶ
1853 1961 1950 2012 μυ-

277 2014 407 2084 ρίων
431 2011 632 2086 ἑτέρων
654 2019 848 2089 νόμους
887 2021 1129 2092 ἔγραψαν
1165 2028 1213 2078 οἱ
1256 2027 1385 2096 παρ’
1414 2028 1594 2090 αὐτοῖς
1629 2011 1944 2098 νομοθέται;

273 2096 432 2156 Οὗτοι
459 2106 555 2175 μὲν
577 2106 682 2176 γάρ
709 2108 758 2159 οί
785 2109 878 2161 νῦν
903 2111 1030 2173 ἴσως
1048 2116 1194 2183 παρά
1216 2115 1321 2166 τῶν
1346 2115 1575 2186 πρώτων
1604 2117 1825 2188 ἔμαθον,
1851 2123 1945 2173 καὶ

271 2193 464 2245 ἐκεῖνοι
499 2193 650 2264 παρά
690 2195 797 2247 τῶν
831 2198 1127 2270 προτέρων,
1169 2204 1261 2253 καὶ
1299 2203 1448 2272 παρά
1484 2205 1589 2257 τῶν
1632 2205 1745 2260 ἅνω
1784 2207 1943 2261 πάλιν

267 2273 448 2334 οὗτοι·
483 2283 533 2334 οί
567 2282 623 2336 δὲ
661 2283 721 2348 ἐξ
756 2285 932 2356 ἀρχῆς
978 2287 1073 2340 καὶ
1115 2289 1318 2359 πρῶτοι
1369 2293 1497 2363 παρ’
1527 2293 1706 2356 αὐτοῖς
1747 2295 1943 2366 νόμους

269 2365 473 2432 θέντες,
503 2369 654 2442 παρά
691 2371 834 2436 τίνος
879 2373 1116 2443 έμαθον;
1149 2377 1249 2429 οὐκ
1282 2377 1500 2446 εὔδηλον
1536 2381 1616 2434 ὅτι
1658 2383 1807 2452 παρά
1846 2384 1938 2438 τοῦ

268 2457 600 2522 συνειδότος;
641 2459 702 2512 οὐ
741 2460 851 2531 γὰρ
879 2460 944 2515 ἂν
985 2465 1158 2532 ἐχοιεν
1200 2468 1372 2518 εἰπεῖν
1409 2468 1489 2520 ὅτι
1544 2470 1767 2524 Μωῦσεῖ
1818 2489 1940 2525 συνο

263 2542 529 2610 εγένοντο,
576 2547 656 2600 ὅτι
700 2549 993 2619 προφητῶν
1043 2552 1308 2620 ἥκουσαν·
1357 2553 1472 2617 πῶς
1525 2555 1634 2627 γὰρ
1680 2558 1939 2630 Ἕλληνες

261 2627 448 2696 δντες;
493 2633 630 2685 Ἀλλ’
660 2634 880 2706 εὔδηλον
925 2637 1006 2691 ὅτι
1059 2640 1166 2692 ἀπὸ
1206 2641 1298 2693 τοῦ
1341 2641 1508 2713 νόμου
1554 2643 1613 2696 6v
1665 2627 1861 2716 έθηκεν
1909 2653 1938 2702 6

260 2715 395 2782 Θεὸς
417 2719 495 2790 τῷ
520 2720 809 2793 ἀνθρώπῳ,
841 2723 900 2789 ἐξ
941 2726 1114 2796 ἀρχῆς
1146 2728 1309 2781 αὐτὸν
1349 2730 1618 2797 πλάττων,
1661 2715 1768 2788 ἀπὸ
1811 2737 1936 2789 τού-

257 2821 352 2858 του
383 2809 474 2860 καὶ
499 2810 696 2878 νόμους
721 2810 944 2881 ἔθηκαν,
979 2815 1072 2866 καὶ
1095 2816 1288 2886 τέχνας
1313 2817 1554 2889 εὕροντο,
1582 2823 1676 2875 καὶ
1707 2824 1776 2877 τά
1801 2824 1934 2878 ἄλλα

259 2894 455 2950 πάντα.
490 2898 598 2949 Καὶ
629 2899 737 2969 γάρ
761 2902 854 2952 καὶ
882 2902 936 2953 αί
970 2902 1152 2971 τέχναι
1195 2904 1336 2958 οὕτω
1367 2909 1700 2980 συνέστησαν
1727 2912 1836 2966 τῶν
1874 2914 1933 2981 ἐξ

258 2983 436 3055 ἀρχῆς
469 2983 861 3050 αὐτοδιδάκτως
899 2989 986 3040 ἐπ’
1017 2993 1186 3056 αὐτὰς
1216 2993 1476 3048 ἐλθόντων
1497 3015 1508 3026 ·
1538 2997 1680 3052 οὕτω
1716 3000 1810 3054 καὶ
1852 3001 1931 3054 δι-

255 3073 527 3143 καστήρια
569 3073 777 3142 γέγονε,
820 3074 962 3130 οὕτω
1001 3080 1092 3133 καὶ
1132 3081 1379 3146 κολάσεις
1425 3084 1756 3157 ὡρίσθησαν,
1794 3091 1932 3160 ὅπερ

252 3155 344 3212 οὖν
380 3161 472 3213 καὶ
507 3163 534 3215 6
569 3162 719 3234 [I30]
750 3165 959 3228 [Ιαῦλός
1001 3183 1182 3238 φησιν.
1225 3171 1441 3243 Ἐπειδὴ
1472 3174 1580 3246 γὰρ
1609 3155 1792 3230 πολλοὶ
1819 3155 1930 3231 τῶν

265 3246 530 3319 Ἑλλήνων
557 3250 857 3320 ἀντιλέγειν
895 3252 1138 3323 ἔμελλον,
1170 3257 1264 3310 καὶ
1303 3259 1480 3328 λέγειν
1512 3263 1615 3325 ὅτι,
1643 3264 1766 3327 Πῶς
1803 3282 1927 3336 κρι-

251 3338 332 3388 νεῖ
353 3338 382 3389 ὸ
411 3336 544 3401 Θεὸς
581 3339 708 3402 τοὺς
735 3340 1056 3411 ἀνθρώπους
1083 3345 1210 3407 τοὺς
1241 3348 1346 3416 πρὸ
1381 3350 1695 3418 Μωῡσέως;
1743 3353 1803 3406 ού
1842 3372 1928 3407 νο-

253 3423 485 3496 μοθέτην
530 3425 794 3497 ἐπεμψεν,
832 3429 893 3481 ού
940 3430 1102 3496 νόμον
1144 3435 1479 3505 εἰσήνεγκεν,
1523 3439 1584 3490 οὐ
1639 3443 1926 3513 προφήτην

247 3512 584 3578 ἀπέστειλεν,
611 3515 711 3568 οὐκ
745 3516 1059 3580 ἁπὸστολον,
1091 3520 1191 3573 οὐκ
1223 3523 1648 3598 εὐαγγελιστήν·
1685 3529 1803 3594 πῶς
1832 3529 1925 3585 οῦν

248 3600 479 3666 εὐθύνας
513 3602 772 3668 ἀπαιτεῖς
805 3604 1127 3676 βουλόμενος
1153 3609 1181 3660 6
1209 3611 1418 3675 Παῦλος
1433 3613 1620 3680 δεῖξαι,
1651 3617 1731 3671 ὅτι
1765 3620 1925 3674 αὐτο-

245 3687 493 3742 δίδακτον
534 3686 679 3760 εἶχον
715 3691 897 3761 νόμον,
947 3695 1038 3746 καὶ
1073 3696 1140 3748 τά
1187 3701 1434 3768 πρακτέα
1473 3705 1660 3771 σαφῶς
1703 3705 1918 3776 ᾔδεσαν,

245 3777 476 3830 ὸκουσον
504 3779 620 3840 πῶς
648 3797 844 3850 φησιν·
881 3782 1059 3834 Ὅταν
1092 3783 1200 3852 γὰρ
1241 3787 1388 3857 ἔθνη
1409 3828 1424 3854 ,
1478 3791 1551 3844 τὰ
1591 3793 1677 3860 μὴ
1735 3797 1924 3865 νόμον

244 3863 486 3934 ἔχοντα,
517 3868 698 3934 φύσει
735 3869 807 3922 τα
855 3868 962 3923 τοῦ
998 3871 1186 3940 νόμου
1218 3873 1383 3944 ποιῇ,
1414 3873 1578 3932 οὗτοι
1617 3863 1815 3950 νόμον
1834 3885 1919 3954 μὴ

241 3951 488 4019 ἔχοντες
539 3955 773 4023 ἑαυτοῖς
815 3961 932 4012 εἰσι
977 3963 1183 4030 νόμος,
1234 3963 1452 4030 οἵτινες
1505 3951 1920 4027 ἐνδείκνυνται

240 4039 311 4092 τὸ
338 4040 514 4111 ἔργον
534 4043 638 4096 τοῦ
663 4045 849 4114 νόμου
876 4051 1138 4116 γραπτὸν
1156 4051 1226 4105 ἐν
1246 4051 1372 4118 ταῖς
1397 4053 1669 4122 καρδίαις
1699 4057 1915 4114 αὐτῶν.

245 4127 368 4191 Πῶς
397 4131 565 4200 χωρὶς
591 4135 972 4204 γραμμάτων;
1002 4139 1048 4189 Σ
1055 4141 1554 4208 ινμμαρτυρούσης
1585 4143 1782 4196 αὐτῶν
1805 4145 1918 4214 τῆς

239 4217 651 4285 συνειδήσεως
699 4221 799 4274 καὶ
836 4222 1065 4290 μεταξὺ
1120 4225 1411 4292 ἀλλήλων
1460 4226 1578 4282 τῶν
1608 4233 1917 4300 λογισμῶν

240 4305 750 4372 κατηγορούντων,
793 4308 833 4378 ἢ
888 4310 983 4364 καί
1039 4311 1538 4384 ἀπολογουμένων
1583 4317 1654 4371 ὲν
1702 4321 1913 4390 ἡμέρα,

237 4388 338 4443 ὅτε
371 4393 562 4460 κρινεῖ
588 4397 621 4448 ό
660 4396 806 4462 Θεὸς
845 4398 918 4451 τὰ
958 4399 1192 4466 κρυπτὰ
1242 4399 1360 4454 τῶν
1403 4388 1914 4471 ἀνθρώπωνήκατὰ

237 4477 305 4530 τὸ
349 4480 702 4551 εὐαγγέλιόν
734 4501 854 4553 μου
895 4485 991 4540 διὰ
1028 4486 1224 4554 Ἰησοῦ
1259 4491 1547 4558 Χριστοῦ·
1584 4494 1680 4547 καὶ
1717 4497 1908 4551 πάλιν·
1948 4514 1950 4516 ·

237 4563 403 4620 Ὅσοι
440 4569 550 4638 γὰρ
595 4571 830 4639 ἀνόμως
866 4573 1148 4642 ἥμαρτον,
1200 4576 1435 4648 ἀνόμως
1471 4581 1567 4634 καὶ
1606 4582 1911 4639 ἀπολοῦν-

235 4670 360 4709 ται·
395 4657 492 4709 καί
529 4655 666 4710 ὅσοι
709 4659 781 4712 ἐν
823 4661 986 4728 νόμῳ
1027 4661 1315 4732 ἥμαρτον,
1351 4665 1450 4721 διὰ
1479 4670 1668 4738 νόμου
1705 4673 1910 4742 κριθή-

234 4755 466 4798 σονται.
497 4745 561 4798 Τί
591 4748 758 4814 ἐστιν,
796 4747 1046 4818 Ἀνόμως
1072 4751 1473 4819 ἀπολοῦνται;
1512 4759 1648 4830 Οὐχὶ
1687 4760 1782 4814 τοῦ
1825 4763 1912 4816 νό-

235 4847 338 4901 μου
384 4833 830 4905 κατηγοροῦντος,
862 4835 997 4890 ἀλλά
1049 4837 1155 4891 τῶν
1197 4839 1471 4913 λογισμῶν
1511 4846 1604 4898 καὶ
1644 4847 1739 4901 τοῦ
1786 4866 1912 4903 συν-

233 4917 451 4983 ειδότός.
505 4921 569 4974 Εἰ
609 4921 664 4975 66
706 4923 779 4994 μὴ
826 4919 970 4994 εἶχον
999 4925 1161 4996 νόμον
1195 4928 1285 4981 τὸν
1312 4930 1404 4984 τοῦ
1433 4935 1754 5002 συνειδότος,
1787 4939 1910 4993 οὐδέ

231 5006 526 5064 ἀπολέσθαι
567 5011 764 5076 αὐτοὺς
791 5014 1204 5087 ἁμαρτάνοντας
1232 5019 1337 5074 ἔδει
1357 5034 1370 5048 ⁶
1404 5021 1523 5086 πῶς
1550 5024 1677 5096 γάρ,
1709 5029 1758 5080 εί
1786 5029 1910 5082 ἀνό-

233 5113 349 5166 μως
373 5098 654 5169 ήμαρτον;
707 5101 843 5154 Ἀλλ’
869 5103 1105 5174 ἀνόμως
1131 5109 1257 5162 ὅταν
1286 5110 1435 5181 εῖπῃ,
1465 5113 1525 5164 οὐ
1555 5115 1712 5168 τοῦτο
1739 5115 1906 5185 λέγει,

227 5183 308 5236 ὅτι
338 5187 438 5239 οὐκ
470 5183 612 5258 εἶχον
638 5191 820 5262 νόμον,
855 5193 970 5247 ἀλλ’
998 5196 1081 5250 ὅτι
1120 5197 1220 5252 οὐκ
1261 5194 1406 5269 εἶχον
1439 5201 1601 5271 νόμον
1638 5183 1906 5274 γραπτὸν,

227 5270 318 5325 τὸν
348 5273 404 5327 66
435 5277 536 5346 τῆς
567 5277 782 5346 φύσεως
818 5281 980 5352 νόμον
1026 5281 1190 5356 εἶχον.
1251 5287 1358 5340 Καὶ
1403 5270 1594 5342 πάλιν·
1633 5270 1789 5357 Δόξα
1814 5293 1904 5360 δὲ,

226 5360 324 5452 καί
361 5363 520 5431 τιμὴ.
556 5367 655 5420 καί
687 5368 894 5438 εἰρήνη
927 5374 1106 5426 παντί
1147 5371 1228 5440 τῷ
1261 5374 1626 5446 ἐργαζομένῳ
1671 5382 1735 5434 τὸ
1763 5382 1908 5452 ἀγα-

222 5447 356 5513 θὸν,
399 5452 654 5519 Ἰουδαίῳ
677 5473 742 5509 τε
766 5458 1004 5526 πρῶτον
1029 5461 1128 5516 καί
1157 5463 1431 5533 Ἕλληνι.

295 5555 480 5611 Ταῦτα
519 5558 576 5613 δὲ
610 5560 764 5630 ἔλεγε
806 5564 935 5636 περὶ
976 5565 1084 5621 τῶν
1122 5565 1236 5621 ἄνω
1276 5571 1484 5640 χρόνων
1522 5573 1906 5648 διαλεγόμενος

222 5642 332 5697 τῶν
361 5645 466 5717 πρὸ
499 5647 597 5717 τῆς
629 5651 932 5721 παρουσίας
965 5653 1062 5706 τοῦ
1098 5656 1357 5727 Χριστοῦ.
1402 5660 1513 5714 Καὶ
1541 5642 1779 5736 Ἕλληνα
1820 5642 1906 5720 ἐνζ

221 5730 396 5785 ταῦθα
448 5733 617 5826 καλεῖΔ
644 5736 705 5789 οὐ
752 5738 844 5826 τὸν
887 5741 1298 5817 είδωλολάτρην,
1346 5748 1481 5803 ἀλλά
1518 5750 1612 5805 τὸν
1665 5730 1905 5826 προσκυ-

220 5819 419 5914 νοῦντα
444 5821 544 5892 μὲν
570 5821 662 5876 τὸν
692 5825 824 5881 Θεὸν
857 5828 1037 5898 μόνον,
1071 5833 1173 5886 οὐκ
1215 5835 1556 5907 ἐνδεδεμένον
1591 5840 1648 5894 δὲ
1680 5819 1748 5914 τῇ
1789 5843 1900 5899 τῶν

234 5905 538 5964 Ἰουδαϊκῶν
577 5916 1009 5987 παρατηρήσεων
1047 5920 1284 5995 ἀνάγκῃ,
1324 5905 1898 6003 οαϐϐατισμοῖςηλέγω

1056 332 1112 386 S.
1154 332 1443 392 JOANNIS
1473 335 1964 396 CIIBYSOSTOMI
1998 339 2320 403 ARCHIEP.
2361 342 2910 402 CONSTANTINOP.

3638 350 3740 405 £35

2077 454 2180 509 καὶ
2202 462 2466 532 περιτομῇ
2513 462 2614 515 καὶ
2644 463 3000 532 καθαρισμοῖς
3029 460 3320 531 διαφόροις,
3350 460 3485 514 ἀλλά
3525 464 3741 530 φιλοσο-

2077 542 2205 612 φίαν
2235 546 2329 598 καὶ
2352 546 2632 600 εὐσέϐειαν
2672 547 2889 600 ἅπασαν
2928 547 3384 617 ἐπιδεικνύμενον.
3427 550 3538 602 Καὶ
3578 550 3741 603 πάλιν

2075 631 2204 700 περὶ
2243 632 2336 685 τοῦ
2386 633 2552 686 αὐτοῦ
2597 633 2974 705 διαλεγόμενός
3020 651 3185 704 φησι·
3229 633 3423 702 Θυμὸς
3446 635 3544 688 καί
3569 635 3738 705 ὀργὴ,

2070 715 2274 784 θλῖψις
2303 719 2401 770 καὶ
2432 721 2800 790 στενοχωρία
2825 720 2925 773 ἐπί
2952 720 3159 775 πᾶσαν
3181 719 3392 788 ψυχὴν
3423 721 3738 788 ἀνθρώπου

2069 802 2570 874 κατεργαζομένου
2606 805 2675 858 τὸ
2706 806 2917 870 κακὸν,
2958 806 3243 861 Ἰουδαίου
3275 823 3339 859 τε
3367 806 3618 874 πρῶτον,
3637 809 3740 862 καὶ

2071 888 2387 960 Ἕλληνος.
2417 892 2587 946 Πάλιν
2625 892 2860 947 ἐνταῦθα
2897 893 3134 966 Ἕλληνα
3172 894 3325 948 καλεῖ
3367 894 3458 947 τὸν
3492 896 3738 964 ἀπηλλα-

2066 976 2266 1047 γμένον
2317 980 2417 1050 τῆς
2469 982 2906 1053 παρατηρήσεως
2955 982 3052 1054 τῆς
3093 982 3404 1053 Ἰουδαϊκῆς.
3449 983 3513 1034 Εί
3555 984 3737 1036 τοίνυν

2069 1064 2206 1133 μήτε
2242 1065 2407 1135 νόμου
2447 1067 2678 1138 ἤκουσε,
2726 1069 2863 1139 μήτε
2910 1068 3050 1138 μετά
3084 1069 3351 1122 Ἰουδαίων
3397 1071 3733 1141 ἁνεστράφη,

2065 1150 2182 1214 πῶς
2211 1150 2362 1206 ἔσται
2388 1153 2536 1224 αὐτῷ
2564 1153 2734 1225 θυμὸς
2760 1155 2855 1208 καὶ
2883 1155 3021 1226 ὀργὴ
3051 1157 3145 1209 καὶ
3169 1155 3347 1225 θλῖψις
3384 1155 3734 1227 ἐργαζομένῳ

2061 1236 2123 1290 τὸ
2149 1240 2358 1307 κακόν;
2399 1241 2619 1312 Ἐπειδὴ
2661 1242 2900 1306 συνειδὸς
2936 1240 3078 1314 εἶχεν
3120 1244 3266 1298 ἔνδον
3307 1245 3532 1314 ἐνηχοῦν
3559 1245 3730 1314 αὐτῷ,

2063 1323 2158 1375 καὶ
2189 1324 2436 1380 διδάσκον
2467 1327 2561 1380 καὶ
2595 1327 2844 1382 παιδεῦον
2876 1329 3110 1384 ἅπαντα.
3147 1332 3314 1384 Πόθεν
3340 1333 3497 1401 δῆλον
3536 1331 3729 1386 τοῦτο;

2073 1411 2194 1479 Ἀφ’
2213 1407 2289 1466 ὧν
2313 1415 2532 1484 ἐτέρους
2561 1416 2970 1488 ἁμαρτάνοντας
2997 1419 3272 1484 ἐκόλασεν,
3303 1420 3395 1488 ἀφ’
3423 1413 3498 1474 ὧν
3533 1421 3732 1490 νόμους

2059 1496 2276 1567 ἔθηκεν,
2307 1500 2398 1568 ἀφ’
2428 1495 2503 1555 ὧν
2533 1502 2602 1555 τά
2632 1503 2956 1576 δικαστήρια
2982 1506 3222 1562 ἐκάθισε.
3259 1507 3428 1560 Τοῦτο
3459 1508 3567 1576 γὰρ
3599 1509 3731 1564 αὐτὸ

2057 1585 2232 1654 δηλῶν
2261 1589 2288 1640 6
2325 1588 2533 1653 Παῦλος
2571 1590 2720 1659 έλεγε
2751 1594 2878 1664 περὶ
2911 1593 3018 1647 τῶν
3057 1596 3115 1648 ἐν
3153 1596 3320 1667 κακίᾳ
3352 1596 3598 1660 ζώντων·
3633 1596 3730 1652 Οἶ-

2057 1689 2213 1738 τινες
2251 1675 2316 1728 τὸ
2345 1675 2632 1746 δικαίωμα
2670 1680 2776 1734 τοῦ
2825 1681 2971 1735 Θεοῦ
3017 1682 3383 1749 ἐπιγνόντες,
3427 1685 3515 1737 ὅτι
3553 1690 3607 1740 οἱ
3653 1687 3728 1741 τὰ

2055 1761 2298 1814 τοιαῦτα
2321 1763 2701 1832 πράσσοντες
2731 1767 2884 1832 ἄξιοι
2917 1768 3177 1824 θανάτου
3218 1772 3396 1836 εἰσίν,
3428 1775 3498 1825 οὺ
3531 1776 3728 1842 μόνον

2053 1847 2207 1901 αὐτὰ
2249 1851 2549 1915 ποιοῦσιν,
2579 1853 2741 1908 ἀλλὰ
2779 1855 2877 1908 καί
2919 1857 3293 1912 συνδοκοῦσι
3323 1871 3350 1900 ιι
3381 1860 3504 1926 τοῖς
3535 1861 3725 1929 πράσ-

2052 1950 2253 1989 σουσι.
2301 1939 2409 1991 Καὶ
2446 1939 2608 1994 πόθεν
2657 1941 2909 2012 ᾔδεισαν,
2955 1945 3140 2015 φησιν,
3186 1947 3266 1999 ὅτι
3323 1947 3535 2019 θέλημα
3583 1950 3722 2003 Θεοῦ

2052 2023 2166 2075 ἐστι
2187 2025 2310 2105 τούς
2333 2026 2389 2078 ἐν
2416 2028 2650 2100 πονηρίᾳ
2675 2029 2882 2095 ζῶντας
2903 2030 3116 2102 θανάτῳ
3145 2034 3496 2101 κολάζεσθαι;
3527 2036 3719 2105 πόθεν;

2063 2107 2152 2172 Ἐξ
2182 2103 2256 2164 ὧν
2289 2112 2504 2184 ἐτέρους
2536 2114 2783 2180 ἐδίκαζον
2821 2119 3249 2191 ἁμαρτάνοντας.
3293 2123 3356 2175 Εἰ
3389 2122 3495 2193 γὰρ
3531 2124 3604 2195 μὴ
3633 2103 3721 2178 v0-

2051 2195 2230 2265 μίξεις
2267 2199 2435 2253 κακὸν
2474 2201 2611 2257 εἶναι
2652 2204 2745 2258 τὸν
2793 2207 2972 2274 φόνον,
3001 2208 3223 2262 ἐπειδάν
3256 2209 3428 2283 λάϐῃς
3460 2212 3720 2285 ἀνδροφό-

2047 2297 2156 2342 νον,
2190 2283 2293 2368 ὐπὸ
2325 2288 2391 2356 τῇ
2437 2291 2503 2359 σῇ
2533 2289 2698 2361 ψήφῳ
2733 2291 2808 2363 μὴ
2841 2293 3108 2366 κολάσῃς·
3151 2297 3198 2348 εί
3235 2297 3309 2368 μὴ
3343 2283 3581 2368 νομίζεις
3613 2317 3718 2353 καο

2046 2369 2141 2422 κὸν
2172 2367 2313 2425 εἶναι
2355 2374 2416 2426 τὸ
2451 2378 2755 2448 μοιχεύειν,
2797 2381 3016 2434 ἐπειδὰν
3061 2384 3274 2455 ἐμπέσῃ
3300 2367 3303 2368 ν
3329 2367 3533 2456 μοιχὸς,
3580 2387 3717 2456 ἄφες

2043 2457 2204 2513 αὐτὸν
2230 2460 2334 2530 τῆς
2361 2465 2650 2534 τιμωρίας.
2691 2465 2839 2540 [151]
2867 2469 2930 2521 Εἰ
2976 2469 3032 2522 66
3061 2473 3118 2522 ἐν
3147 2474 3259 2534 τοῖς
3291 2472 3493 2544 ἐτέρων
3536 2475 3717 2546 ἀμαρ-

2041 2546 2248 2615 τήμασι
2289 2549 2383 2602 καὶ
2417 2551 2613 2621 νόμους
2647 2555 2900 2625 γράφεις,
2947 2556 3040 2609 καὶ
3071 2559 3338 2628 τιμωρίας
3367 2559 3584 2629 ὁρίζεις,
3619 2563 3716 2615 καὶ

2041 2633 2273 2706 ἀκριϐὴς
2301 2633 2353 2690 εἴ
2381 2637 2658 2711 δικαστὴς,
2688 2642 2847 2695 ποίαν
2883 2642 2950 2696 ἂν
2979 2644 3165 2715 σχοίης
3202 2645 3492 2715 ἀπολογίαν
3532 2650 3588 2701 ἐν
3631 2646 3715 2712 οἷς

2040 2721 2201 2780 αὐτὸς
2239 2725 2594 2795 ἁμαρτάνεις,
2635 2728 2808 2796 λέγων
2854 2732 3067 2798 ἀγνοεῖν
3102 2733 3170 2785 τὰ
3204 2735 3491 2804 πρακτέα;
3530 2735 3714 2807 Ἐμοί-

2039 2824 2258 2876 χευσας,
2299 2813 2479 2865 καὶού
2523 2815 2790 2879 κάκεῖνος.
2842 2817 2997 2879 Τίνος
3029 2815 3121 2872 οῦν
3163 2820 3348 2873 ἕνεκεν
3376 2823 3580 2876 ἐκεῖνον
3612 2823 3714 2893 μὲν

2039 2897 2306 2961 κολάζεις,
2333 2901 2526 2956 σαυτὸν
2551 2901 2608 2954 δέ
2640 2902 2965 2975 συγγνώμης
2989 2906 3159 2972 ἀξιοῖς
3183 2925 3198 2973 ;
3230 2909 3293 2960 Εἰ
3321 2911 3429 2980 γὰρ
3460 2911 3532 2981 μὴ
3562 2911 3712 2982 ᾔδεις

2037 2985 2204 3038 κακὸν
2245 2983 2382 3039 εἷναι
2429 2987 2529 3058 τὴν
2573 2990 2816 3061 μοιχείαν
2861 2992 2908 3054 δ,
2952 2993 3076 3046 οὐδὲ
3121 2995 3306 3066 ἓτερον
3335 2999 3710 3068 ,τιμωρεῖσθαι

2032 3072 2176 3124 ἔδει·
2217 3073 2264 3124 εί
2301 3073 2358 3126 δὲ
2409 3073 2595 3147 ἕτερον
2629 3077 2728 3148 μὲν
2769 3079 3036 3145 κολάζεις,
3091 3083 3156 3136 σὺ
3207 3083 3264 3138 δὲ
3310 3082 3553 3154 νομίζεις
3593 3085 3711 3138 δια-

2033 3160 2255 3227 φεύγειν
2288 3161 2387 3233 τὴν
2441 3164 2680 3229 κόλασιν,
2735 3166 2851 3230 πῶς
2892 3167 2959 3221 ἂν
3001 3167 3113 3237 ἔχοι
3171 3169 3327 3239 λόγον
3371 3172 3480 3226 τῶν
3528 3173 3709 3226 αὐτῶν

2030 3249 2444 3319 ἁμαρτημάτων
2473 3253 2548 3322 μὴ
2578 3253 2676 3316 τὰς
2702 3253 2872 3318 αὐτάς
2899 3255 3098 3310 διδόναι
3127 3257 3318 3323 δίκας;
3363 3259 3536 3313 Τοῦτο
3575 3260 3709 3329 γοῦν

2030 3339 2162 3391 αὐτο
2216 3337 2461 3406 ἐγκαλῶν
2513 3342 2538 3392 6
2587 3340 2793 3405 Παῦλος
2840 3343 3025 3412 ἔλεγε·
3067 3347 3276 3416 Λογίξη
3309 3347 3378 3401 δὲ
3420 3351 3615 3416 τοῦτο,
3659 3345 3711 3406 ὦ

2029 3424 2320 3493 ἄνθρωπε,
2369 3429 2402 3480 ό
2451 3429 2671 3496 κρίνων
2716 3431 2860 3496 τοὺς
2902 3431 2975 3484 τὰ
3026 3435 3266 3488 τοιαῦτα
3315 3437 3705 3505 πράσσοντας

2031 3512 2128 3564 καί
2155 3512 2342 3566 ποιῶν
2367 3516 2539 3578 αὐτὰ,
2571 3515 2659 3568 ὅτι
2687 3516 2768 3569 σὺ
2791 3519 3056 3589 ἐκφεύξῃ
3085 3522 3150 3575 τὸ
3181 3521 3358 3593 κρῖμα
3386 3525 3493 3578 τοῦ
3523 3525 3707 3591 Θεοῦ;

2031 3600 2143 3682 Θύκ
2173 3601 2286 3653 ἔστι
2305 3600 2482 3668 τοῦτο,
2511 3603 2608 3655 οὐκ
2637 3603 2814 3658 ἔστιν·
2858 3608 2966 3660 ἀπὸ
3008 3608 3115 3680 γὰρ
3147 3611 3246 3680 τῆς
3283 3611 3485 3682 ψήφου,
3517 3614 3702 3682 φησὶν,

2027 3680 2094 3757 ἦς
2132 3687 2367 3757 ἤνεγκας
2395 3689 2513 3742 καθ’
2543 3690 2752 3762 ἐτέρου,
2787 3693 2894 3746 ἀπὸ
2932 3694 3133 3767 ταύτης
3180 3714 3262 3751 σοι
3309 3680 3538 3770 κρινεῖό
3571 3680 3706 3764 Θεὸς

2024 3774 2176 3826 τότε·
2208 3775 2268 3827 οὐ
2293 3777 2400 3848 γὰρ
2448 3775 2618 3848 δήπου
2668 3779 2733 3831 σὺ
2771 3779 2868 3849 μὲν
2907 3780 3132 3849 δίκαιος,
3162 3785 3190 3836 6
3234 3785 3291 3838 66
3335 3785 3466 3851 Θεὸς
3498 3786 3700 3848 ἄδικος.

2026 3863 2088 3914 Εἰ
2115 3862 2222 3932 γὰρ
2251 3863 2315 3916 σὺ
2347 3863 2407 3916 οὐ
2443 3867 2703 3936 περιορᾷς
2745 3866 2929 3932 ἓτερον
2960 3869 3333 3941 ἀδικούμενον,
3364 3874 3481 3938 πῶς
3517 3878 3546 3927 6
3569 3875 3704 3939 Θεὸς

2026 3949 2374 4020 περιόψεταη
2404 3953 2453 4003 εί
2488 3952 2552 4004 σὺ
2579 3952 2808 4024 διορθοῖς
2838 3955 2906 4007 τά
2936 3957 3140 4028 ἐτέρων
3163 3959 3559 4030 ἁμαρτήματα,
3586 3964 3702 4026 πῶς

2021 4038 2049 4088 6
2080 4037 2210 4099 θεὸς
2249 4038 2309 4090 οὐ
2342 4038 2694 4110 διορθώσεται
2724 4057 2819 4106 σε;
2849 4043 2914 4094 Εἰ
2951 4042 3007 4096 δὲ
3033 4045 3094 4097 οὐ
3129 4046 3281 4116 παρά
3317 4047 3483 4112 πόδας
3505 4049 3702 4116 ἐπάγει

2023 4141 2104 4176 σοι
2125 4125 2222 4194 τὴν
2243 4127 2534 4198 τιμωρίαν,
2560 4128 2633 4198 μὴ
2657 4128 2846 4201 θάρρει
2870 4129 2954 4183 διά
2980 4131 3156 4191 τοῦτο.
3183 4134 3317 4187 ἀλλά
3342 4135 3505 4204 φοϐοῦ
3529 4137 3704 4208 μειζό-

2020 4228 2145 4273 νως.
2176 4211 2332 4266 Οὕτω
2354 4215 2448 4268 καὶ
2476 4215 2685 4279 Παῦλος
2711 4217 2961 4271 ἐκέλευσε
2987 4219 3189 4288 λέγων·
3218 4224 3293 4276 ’Ἠ
3309 4223 3414 4276 τοῦ
3435 4226 3700 4280 πλούτου

2019 4296 2130 4366 τῆς
2157 4304 2566 4370 χρηστότητος
2596 4304 2780 4357 αὑτοῦ
2815 4305 2914 4358 καὶ
2940 4304 3048 4374 τῆς
3072 4307 3302 4377 ἀνοχῆς
3329 4311 3424 4364 καὶ
3460 4311 3567 4379 τῆς
3590 4330 3701 4381 μαι

2018 4388 2340 4455 κροθυμίας
2364 4390 2774 4458 καταφρονεῖς,
2804 4392 3040 4459 ἀγνοῶν
3065 4394 3154 4448 ὅτι
3187 4396 3253 4449 τὸ
3285 4398 3556 4466 χρηστὸν
3589 4401 3698 4456 τοῦ

2021 4473 2168 4527 Θεοῦ
2209 4478 2296 4541 είς
2312 4476 2639 4544 μετάνοιάν
2677 4494 2752 4532 σε
2789 4477 2953 4550 ἄγευ
2981 4482 3078 4536 Διά
3104 4483 3212 4553 γὰρ
3241 4485 3398 4538 τοῦτο
3425 4486 3694 4558 ἀνέχεται,

2019 4561 2202 4630 φησὶν,
2224 4563 2322 4633 οὐχ
2343 4565 2430 4617 ἵνα
2447 4566 2642 4637 χείρων
2659 4566 2812 4639 γένῃ,
2842 4568 2956 4622 ἀλλ’
2979 4569 3064 4622 ἵνα
3089 4573 3444 4643 μετανοήσῃς·
3468 4577 3515 4628 εἰ
3541 4575 3596 4628 δὲ
3618 4578 3694 4647 μή

2017 4647 2214 4716 βούλει,
2261 4652 2534 4718 κολάσεως
2587 4656 2833 4725 μείζονος
2883 4657 3091 4727 ἐφόδιον
3130 4663 3164 4730 ἡ
3215 4662 3567 4734 μακροθυμία
3609 4683 3695 4718 σοι

2015 4737 2224 4804 γίνεται
2259 4740 2614 4813 ἀμετανοήτῳ
2645 4744 2878 4814 μένοντι.
2928 4747 3037 4800 Καὶ
3069 4749 3229 4802 τοῦτο
3257 4751 3387 4820 γοῦν
3433 4753 3562 4807 αὐτὸ
3599 4754 3696 4825 δη-

2015 4824 2122 4878 λῶν
2151 4825 2336 4896 έλεγεο
2354 4828 2515 4883 Κατὰ
2553 4829 2623 4883 δὲ
2656 4830 2771 4900 τὴν
2798 4835 3181 4903 σκληρότητά
3210 4855 3326 4894 σου
3358 4841 3458 4894 καὶ
3483 4824 3695 4910 ἀμετα-

2014 4915 2236 4981 νόητον
2257 4917 2527 4984 καρδίαν,
2553 4920 2925 4990 θησαυρίζεις
2945 4926 3180 4992 σεαυτῷ
3207 4927 3396 4998 ὀργὴν
3412 4931 3483 4983 ἐν
3503 4931 3695 5000 ἡμέρᾳ

2013 5001 2197 5071 ὀργῆς
2244 5005 2345 5057 καὶ
2405 5006 2883 5077 ἀποκαλύψεως,
2941 5011 3040 5065 καὶ
3096 5013 3530 5084 δικαιοκρισίας
3583 5020 3695 5073 τοῦ

2015 5090 2184 5151 Θεοῦ,
2226 5090 2297 5157 ὃς
2334 5092 2634 5149 ἀποδώσει
2679 5096 2915 5161 ἑκάστῳ
2963 5100 3113 5153 κατὰ
3161 5102 3235 5156 τὰ
3283 5105 3428 5172 ἔργα
3479 5107 3692 5161 αὐτοῦ.

2026 5175 2179 5230 Ἐπεὶ
2201 5173 2295 5232 οὖν
2333 5180 2550 5252 ἐκάστῳ
2585 5185 2728 5236 κατά
2765 5185 2836 5238 τά
2881 5185 3020 5258 ἔργα
3050 5189 3364 5254 ἀποδίδωσι,
3397 5193 3491 5245 καὶ
3527 5194 3694 5263 νόμον

2010 5262 2099 5316 διά
2131 5265 2288 5318 τοῦτο
2317 5269 2545 5335 φυσικὸν
2586 5272 2719 5341 ἡμῖν
2763 5273 3011 5345 ἐνέθηκε,
3059 5274 3153 5328 καὶ
3193 5277 3436 5346 γραπτὸν
3465 5262 3694 5350 ὕστερον

2009 5350 2228 5416 ἔδωκεν,
2273 5353 2360 5407 ἵνα
2399 5355 2632 5421 εὐθύνας
2656 5358 2937 5433 ἀπαιτήσῃ
2983 5360 3091 5414 τῶν
3133 5363 3566 5434 ἁμαρτημάτων,
3598 5367 3693 5419 καὶ

2009 5437 2096 5492 ἵνα
2143 5440 2541 5512 κατορθοῦντας
2603 5445 2952 5519 στεφανώσῃ·
3005 5448 3144 5520 μετά
3195 5449 3396 5521 πολλῆς
3442 5448 3537 5506 οὖν
3588 5454 3690 5523 τῆς

1909 5533 1913 5536 ⁷
2010 5527 2268 5598 σπουδῆς,
2300 5529 2394 5582 καὶ
2423 5530 2611 5604 ὥσπερ
2646 5536 2726 5598 είς
2748 5535 3097 5609 δικαστήριον
3120 5539 3530 5611 ἀπαντήσεσθαι
3559 5543 3688 5612 μέλ-

2006 5612 2186 5679 λοντες
2213 5617 2461 5689 φοϐερὸν,
2495 5623 2566 5674 τά
2609 5622 2730 5676 καθ’
2760 5625 2987 5689 ἑαυτοὺς
3020 5627 3503 5700 οίκονομήσωμεν,
3547 5630 3687 5684 είδό⁴

2066 5823 2083 5846 ⁸
2118 5824 2319 5904 Αιὶίᾏκριὶ
2332 5827 2693 5904 ξυνεύδοκοῦσι.
2717 5828 2845 5904 Ιξιίςε
3054 5847 3112 5884 an
3121 5841 3169 5886 le
3190 5837 3465 5904 κολάζεσθαι
3483 5840 3684 5904 quidam

2005 5899 2121 5963 msg.
2137 5899 2248 5963 Δηοιι
2268 5887 2470 5963 ιωιξρηι,
2494 5903 2588 5963 ηεο
2609 5891 2716 5951 ipse
2735 5892 2884 5944 habet
2907 5887 3070 5946 uisi'in
3090 5887 3483 5963 margine'Savil.

2070 5947 2097 5988 1³
2123 5947 2221 5998 Alii
2246 5950 2394 5997 κακὸν
2418 5950 2469 5999 ὃν
2493 5953 2576 6010 τὴν
2596 5947 2725 6020 ιιὸιχ.
