4112 6388
532 409 633 468 133

528 525 697 593 ipsum
725 522 1037 586 occultabat,
1068 528 1124 577 et
1154 530 1271 591 post
1309 520 1646 575 commissam
1678 534 1863 573 necem
1892 532 2104 571 rursum

526 631 554 667 a
584 618 690 668 lion
720 615 1104 683 interrogatus,
1131 612 1229 667 Ubi
1265 622 1337 666 est
1378 611 1501 665 Abel
1525 611 1683 681 frater
1722 611 1874 664 tuus?
1900 611 2106 678 inquit,

532 709 742 761 Nescio:
760 708 1005 778 numquid
1019 716 1184 759 custos
1206 705 1377 776 fratris
1397 705 1491 758 mei
1512 721 1620 758 sum
1638 720 1728 773 ego
1749 701 1899 771 (Gen.
1915 702 2105 771 4.0.9):

526 802 705 868 Quare
733 801 873 855 enim
908 800 1106 869 negat?
1137 814 1313 853 nonne
1352 806 1497 868 patet
1543 797 1684 867 quod
1731 796 2110 851 condemnaret

527 906 761 960 seipsqu
784 891 1165 946 vehementer?
1196 891 1343 946 Sicut
1366 891 1508 944 enim
1536 890 1699 958 ipsius
1729 898 1878 957 pater
1901 903 1961 942 se
1987 890 2106 941 alis-

524 984 811 1047 couderat,
840 983 909 1036 ita
949 991 1001 1036 et
1047 982 1135 1037 hic
1178 989 1336 1051 negat
1365 997 1378 1033 :
1410 989 1464 1035 et
1492 989 1610 1049 post
1639 979 2107 1047 interrogationem

526 1075 715 1128 iterum
747 1074 932 1143 inquit,
971 1073 1140 1144 Major
1169 1084 1239 1127 est
1285 1088 1439 1125 causa
1488 1087 1618 1135 mea,
1640 1087 1789 1141 quam
1834 1081 1888 1121 ut
1935 1069 2108 1121 dimit-

524 1178 658 1218 tutur
681 1168 801 1219 mihi
829 1166 936 1235 (Ib.
965 1184 1020 1219 v.
1048 1165 1161 1233 15).
1191 1164 1297 1219 Sed
1327 1163 1539 1233 gentilis
1567 1163 1681 1217 haec
1708 1176 1812 1215 non
1840 1160 1964 1214 fert.
1998 1162 2108 1229 Age

526 1260 682 1329 igitur
709 1270 761 1313 et
786 1258 851 1313 ad
884 1259 1030 1311 illutn
1061 1258 1357 1326 loquamur,
1381 1263 1436 1310 et
1474 1253 1614 1324 quod
1645 1254 1696 1307 in
1724 1251 1999 1307 creatione
2028 1253 2106 1304 fe-

528 1352 719 1413 cimus,
755 1366 858 1403 non
898 1349 1185 1419 Scripturis
1216 1357 1443 1411 tantum,
1474 1346 1569 1400 sed
1614 1345 1776 1399 etiam
1814 1343 2108 1397 rationibus

525 1444 815 1497 certamina
841 1451 1029 1496 contra
1060 1441 1182 1494 illos
1222 1446 1521 1503 moventes,
1552 1436 1653 1490 hoc
1695 1444 1749 1490 et
1792 1435 1932 1489 circa
1974 1450 2107 1488 con-

524 1537 801 1589 scientiam
825 1550 965 1587 nunc
995 1534 1269 1588 faciamus.
1305 1532 1513 1586 Etenim
1546 1539 1600 1584 et
1628 1529 1824 1583 Paulus
1859 1527 1960 1581 hoc.
1988 1542 2106 1580 mo-

526 1614 985 1695 vitargumentum
1015 1624 1273 1678 adversus
1299 1623 1417 1677 illos
1444 1636 1701 1691 pugnans.
1725 1617 1863 1687 Quid
1893 1616 2108 1672 tandem

527 1727 608 1771 est
653 1716 795 1785 quod
844 1716 1069 1770 dicunt?
1095 1715 1213 1769 Non
1252 1721 1335 1768 est
1366 1714 1518 1767 nobis
1563 1727 1658 1781 per
1696 1725 1755 1766 se
1780 1711 1864 1766 lex
1893 1710 1947 1764 in
1975 1724 2110 1764 con-

526 1807 749 1860 scientia
780 1807 974 1876 posita,
1008 1821 1106 1859 nec
1132 1820 1248 1859 eam
1290 1813 1492 1858 naturas
1523 1803 1667 1857 Deus
1694 1801 1935 1856 inseruit.
1956 1799 2110 1857 Unde

528 1898 705 1967 igitur,
729 1898 887 1963 ttnde,
912 1897 1147 1966 inquam,
1171 1897 1237 1951 de
1256 1896 1472 1964 nuptiis,
1490 1894 1558 1949 de
1582 1893 1837 1957 aedibus,
1856 1892 1923 1947 de
1947 1901 2111 1946 testa-

528 1990 741 2052 mentis,
773 1988 841 2042 de
866 1987 1122 2056 depositis
1143 2028 1156 2043 .
1181 1987 1247 2041 de
1286 1986 1541 2056 proximis
1568 2000 1674 2038 non
1712 1982 2073 2053 opprimendis
2091 2024 2106 2048 ,

525 2083 593 2134 tle
626 2081 842 2135 inﬁnitis
879 2080 997 2134 aliis
1030 2080 1173 2148 leges
1224 2078 1362 2147 apud
1403 2092 1498 2132 eos
1538 2077 1868 2143 scripserunt
1901 2074 2111 2143 legisla-

526 2184 667 2227 tores
691 2174 714 2225 ?
741 2172 805 2225 lli
846 2171 1041 2241 quippe
1068 2179 1357 2239 pnesentes
1388 2167 1525 2222 forte
1566 2182 1595 2220 a
1646 2166 1935 2235 majoribus
1981 2178 2108 2218 natu

524 2266 841 2327 didicerunt,
866 2273 923 2317 et
966 2263 1040 2317 illi
1083 2278 1113 2316 a
1152 2261 1436 2331 prioribus,
1472 2270 1527 2315 et
1550 2274 1759 2314 rursum
1812 2274 1843 2312 a
1878 2258 2110 2326 superio-

526 2357 673 2410 ribus
699 2356 784 2409 isti
821 2373 837 2411 :
870 2356 957 2425 qui
986 2370 1116 2409 vero
1141 2354 1376 2407 abinitio
1402 2362 1457 2407 et
1486 2353 1642 2423 primi
1664 2352 1804 2421 apud
1829 2366 1923 2405 eos
1966 2352 2109 2420 leges

526 2449 789 2510 tulerunt,
819 2462 850 2501 a
902 2463 1010 2516 quo
1056 2445 1397 2500 didicerunt?
1438 2459 1615 2497 annon
1668 2444 1851 2512 utique
1894 2456 1927 2496 a
1976 2458 2107 2495 con-

526 2539 788 2593 scientia?
842 2537 1025 2608 Neque
1069 2538 1212 2592 enim
1263 2536 1442 2591 dicere
1492 2545 1745 2605 possent,
1793 2534 1935 2605 quod
1985 2549 2106 2588 cum

530 2633 673 2686 Most:
724 2631 958 2697 fuerint,
985 2629 1128 2701 quod
1175 2628 1459 2699 pr0pbetas
1507 2625 2108 2697 audierintzquomodo

525 2727 666 2779 enim
694 2726 783 2794 qui
814 2724 1043 2793 gentiles
1070 2723 1265 2777 erant?
1297 2721 1401 2776 Sed
1428 2729 1572 2791 patet
1595 2735 1689 2774 eos
1716 2736 1744 2773 a
1775 2721 1889 2788 lege
1911 2760 1925 2783 ,
1948 2731 2108 2788 quam

529 2820 801 2873 hominem
830 2820 1033 2887 lingeus
1058 2817 1199 2871 Deus
1223 2816 1291 2870 ab
1314 2815 1465 2869 initio
1494 2815 1592 2884 ipsi
1619 2814 1813 2884 posuit,
1840 2814 1908 2867 ab
1934 2813 2033 2867 hac
2054 2826 2110 2868 et

530 2912 675 2981 leges
702 2911 944 2980 posuisse
966 2923 1111 2975 suas,
1134 2918 1187 2963 et
1202 2916 1345 2963 artes
1362 2908 1645 2973 invenisse,
1665 2907 1873 2976 aliaque
1892 2921 2104 2961 omnia:

529 3003 727 3057 etenim
766 3010 821 3056 et
858 3010 1002 3055 artes
1035 3001 1114 3055 sic
1158 3001 1460 3053 constitutae
1504 3005 1656 3061 sunt,
1686 3012 1805 3052 cum
1835 2996 1992 3065 prisci
2032 2995 2110 3050 illi

530 3104 719 3163 su0ptc
747 3095 963 3163 ingenio
989 3093 1056 3148 ad
1088 3093 1207 3147 illas
1243 3107 1539 3147 accessere.
1569 3091 1659 3146 Sic
1683 3099 1736 3145 et
1773 3089 1967 3159 judicia
1991 3130 2005 3156 ,
2032 3089 2111 3144 sic

528 3198 582 3242 et
609 3202 781 3257 pana:
805 3188 1037 3242 deﬁnitae
1064 3195 1190 3241 sunt
1220 3203 1232 3236 :
1258 3184 1399 3255 quod
1430 3199 1621 3253 nempe
1642 3191 1697 3237 et
1726 3182 1917 3236 Paulus
1950 3181 2098 3241 dicit.

528 3279 662 3347 Quia
692 3280 834 3334 enim
857 3288 911 3333 et
936 3280 1213 3350 gentilium
1244 3279 1394 3332 multi
1425 3275 1807 3331 contradictori
1837 3282 2027 3337 erant,
2058 3280 2113 3327 et

529 3371 760 3425 dicturi:
792 3371 1069 3438 Quomodo
1114 3371 1257 3425 Deus
1305 3369 1551 3423 homines
1588 3369 1677 3437 qui
1728 3366 1942 3420 fuerunt
1988 3375 2112 3418 ante

533 3462 731 3517 Mosem
758 3462 1059 3531 judicabit?
1088 3477 1192 3515 non
1225 3462 1369 3515 misit
1398 3460 1780 3530 legislatorem,
1811 3473 1916 3511 non
1942 3458 2112 3525 legem

533 3558 670 3620 tulit,
705 3572 807 3610 non
861 3556 1174 3626 prophetam
1224 3555 1447 3623 paravit,
1477 3569 1582 3607 non
1627 3551 1964 3621 apostolum,
2008 3564 2113 3603 non

534 3650 907 3719 evangelistam
942 3665 955 3699 :
982 3647 1252 3718 quomodo
1298 3648 1367 3701 ab
1411 3646 1537 3715 ipsis
1567 3659 1752 3716 poenas
1780 3643 1994 3712 exiget?
2023 3657 2119 3694 vo-

536 3744 646 3796 lens
678 3743 869 3796 Paulus
894 3740 1261 3795 demonstrare
1286 3781 1301 3804 ,
1329 3739 1468 3809 quod
1499 3754 1528 3792 a
1556 3749 1743 3792 natura
1772 3736 1914 3791 docti
1943 3736 2113 3804 legem

537 3835 811 3899 haberent,
835 3844 889 3887 et
918 3833 1119 3902 agenda
1148 3832 1423 3886 manifeste
1454 3831 1689 3891 scirent,
1728 3828 1849 3881 audi
1877 3827 2003 3897 quid
2032 3828 2113 3879 itt-

534 3927 683 3996 quit:
716 3927 839 3978 Cum
870 3927 1000 3978 enim
1041 3934 1226 3995 gentes,
1249 3938 1360 3993 qua:
1407 3923 1565 3994 legem
1605 3936 1705 3973 non
1736 3919 1936 3982 habent,
1969 3926 2115 3970 natu-

536 4018 716 4071 raliter
739 4035 795 4070 ea
818 4032 930 4085 qua:
951 4018 1074 4086 legis
1096 4025 1245 4079 sunt,
1289 4016 1479 4086 faciunt
1502 4031 1518 4067 :
1541 4012 1787 4085 ejusmodi
1814 4011 1971 4080 legem
2015 4026 2115 4062 non

536 4109 788 4170 habentes,
819 4109 915 4177 ipsi
953 4108 1047 4160 sibi
1095 4118 1210 4161 sunt
1258 4108 1359 4173 lex,
1382 4107 1464 4175 qui
1511 4104 1774 4157 ostendunt
1818 4118 1945 4172 opus
1992 4101 2115 4171 legis

530 4203 784 4257 scriptum
831 4195 880 4243 in
925 4194 1168 4245 cordibus
1213 4196 1341 4245 suis.
1383 4195 1667 4258 Quomodo
1713 4194 1831 4248 sine
1870 4194 2102 4250 litteris?

536 4280 913 4334 Testimonium
954 4281 1196 4335 reddente
1246 4281 1353 4334 illis
1389 4284 1708 4336 conscientia
1752 4284 2009 4353 ipsorum,
2050 4294 2101 4339 et

532 4371 961 4422 interseiuvicem
982 4370 1386 4440 coyitationibus
1405 4372 1796 4435 accusantibus,
1820 4381 1911 4424 aut
1939 4374 2101 4426 etiam

532 4462 948 4529 defendentibus,
972 4465 1024 4515 in
1063 4463 1148 4517 die
1170 4462 1553 4533 quajudicabit
1590 4462 1729 4516 Deus
1764 4464 1971 4518 occulta
2003 4465 2102 4518 Ito-

537 4554 757 4614 miuum,
777 4558 1060 4606 secundum
1078 4554 1401 4623 evangelium
1422 4572 1591 4608 meum
1618 4572 1710 4624 per
1722 4556 1907 4610 Jesum
1943 4556 2104 4611 Citri-

532 4653 670 4694 stum
687 4642 920 4712 (Roma.
940 4645 1003 4697 14
1036 4644 1121 4715 16)
1144 4661 1156 4695 :
1178 4655 1231 4699 et
1249 4646 1441 4699 iterum
1461 4662 1473 4697 :
1492 4646 1815 4718 Quicumque
1829 4649 1968 4702 enim
1991 4649 2105 4702 sine

533 4734 640 4805 lege
665 4747 1029 4803 peccaverunt,
1057 4738 1169 4791 sine
1196 4737 1304 4808 lege
1332 4740 1574 4808 peribunt
1599 4749 1683 4792 :et
1713 4741 2025 4810 quicumque
2048 4742 2105 4794 in

533 4826 641 4893 lege
663 4840 1118 4897 peccaverunt,per
1149 4830 1307 4899 legem
1322 4830 1711 4898 judicabunmr
1738 4829 1960 4899 (Ibid.v.
1989 4831 2101 4902 12).

533 4918 671 4984 Quid
693 4930 797 4983 est,
824 4919 952 4975 Siue
974 4921 1082 4990 lege
1105 4920 1504 4988 peribunt?Non
1535 4922 1650 4992 lege
1667 4932 1979 4985 accusante,
2010 4923 2103 4976 sed

533 5012 863 5067 conscientia
890 5023 943 5066 et
974 5014 1416 5082 c0gitationihus.
1445 5015 1501 5070 Si
1521 5032 1649 5070 vero
1666 5017 1836 5085 legem
1867 5032 1973 5070 non
2004 5018 2100 5069 Ita-

534 5103 1153 5171 buissentconscieutiaa,
1169 5120 1268 5159 nec
1282 5105 1426 5174 ipsos
1445 5108 1622 5176 perire
1640 5116 1931 5176 peccantes
1948 5121 2045 5164 ωιιο
2058 5124 2103 5145 ³ο

534 5194 679 5248 tebat
697 5210 710 5245 :
731 5198 1007 5265 quomodo
1028 5196 1193 5263 cuitu,
1211 5199 1254 5252 si
1281 5200 1397 5253 sine
1426 5200 1542 5270 lege
1572 5198 1972 5269 peccaverunt?
1998 5198 2100 5248 Setl

533 5301 656 5340 cum
676 5289 787 5341 sine
804 5289 913 5358 lege
935 5290 1085 5354 dicit,
1106 5305 1210 5345 non
1232 5292 1364 5346 dicit
1390 5306 1494 5345 non
1519 5292 1773 5346 habuisse
1794 5294 1985 5360 legem,
2010 5290 2103 5342 sed

535 5394 640 5431 non
666 5380 920 5435 habuisse
943 5382 1111 5451 legem
1142 5383 1424 5452 scriptam,
1445 5392 1654 5437 natura:
1666 5397 1796 5438 vero
1819 5383 1987 5452 legem
2010 5383 2105 5435 Ita-

532 5470 734 5525 lutisse.
754 5472 814 5526 Et
832 5490 1077 5529 rursum:
1103 5472 1286 5528 Gloria
1300 5488 1498 5537 autem,
1512 5476 1759 5539 etltonor,
1778 5484 1827 5527 et
1841 5489 1946 5541 pan:
1962 5473 2105 5527 omni

534 5567 770 5631 aperanti
794 5564 1198 5631 bonumJuda’o
1215 5569 1465 5635 primunt,
1484 5578 1531 5621 et
1551 5567 1737 5623 Grtrco
1758 5563 2105 5637 (Ibid.v.l0.)

608 5659 661 5715 5.
689 5659 814 5715 ﬂare
831 5669 1007 5715 autem
1030 5660 1237 5714 dicebat
1262 5659 1329 5715 de
1348 5660 1710 5729 superioribus
1735 5662 1956 5729 loquens
1980 5673 2115 5715 tem-

534 5752 771 5824 poribus,
801 5770 919 5824 quai
943 5766 1065 5810 ante
1089 5753 1287 5809 Christi
1312 5755 1593 5809 adventum
1624 5753 1856 5809 fuerunt.
1880 5754 1947 5809 Et
1965 5755 2112 5810 Grae-

538 5863 654 5899 cum
701 5846 784 5899 hic
810 5854 961 5901 vocat
998 5862 1102 5901 non
1149 5847 1477 5902 idololatratn
1506 5888 1519 5912 ,
1551 5846 1643 5901 sed
1691 5846 1855 5902 Deum
1903 5847 2114 5918 quidem

1358 406 1447 461 AD
1486 405 1805 461 POPULUM
1846 403 2353 462 ANTIOCIIENUM.
2397 406 2621 462 llOMlL.
2664 408 2778 463 XII.

3701 419 3800 475 154

2221 519 2391 574 solum
2435 520 2743 577 adorantem
2768 563 2782 583 .
2828 521 3172 579 Judaicarum
3215 542 3341 582 vero
3378 529 3808 591 Observationum

2219 612 2520 665 necessitati
2552 628 2656 666 non
2686 612 2946 679 deditum,
2975 616 3311 673 sabbatismis
3331 619 3469 687 dico,
3494 631 3547 676 et
3572 625 3802 680 circum-

2217 701 2402 754 cisioni
2428 743 2443 769 ,
2474 712 2528 758 et
2556 704 2717 757 variis
2746 705 3240 775 purilicationibus;
3277 710 3370 764 sed
3397 713 3708 778 sapientiam
3750 726 3805 773 et

2220 792 2467 862 pietatem
2511 810 2723 849 omnem
2768 797 3129 854 exhibentem.
3174 782 3239 855 Et
3273 818 3479 857 rursum
3508 806 3573 861 de
3615 809 3805 864 eodem

2214 884 2483 939 disserens
2504 885 2674 956 inquit
2694 904 2706 939 :
2731 886 2822 940 Ira
2842 899 2887 941 et
2912 890 3211 960 indignatio,
3236 892 3489 949 tribulatio
3507 907 3552 949 et
3572 904 3805 969 angustia

2214 992 2365 1045 super
2392 994 2587 1029 omnem
2614 979 2833 1031 animam
2874 982 3088 1035 hominis
3109 989 3361 1051 operantis
3390 988 3596 1055 malum,
3633 991 3804 1045 Juda'i

2215 1070 2431 1137 primum
2465 1080 2511 1123 et
2553 1070 2717 1124 (ἱνωεὶ
2741 1073 2989 1141 (Rome.
3019 1074 3051 1129 9
3088 1078 3126 1144 ).
3157 1077 3382 1132 Rursum
3432 1081 3515 1134 hic
3559 1083 3801 1138 Gnaeum

2215 1171 2366 1212 vocat
2387 1201 2401 1223 ,
2429 1159 2804 1217 observatione
2831 1163 3042 1218 Judaica
3082 1166 3376 1221 liberatum.
3407 1171 3463 1224 Si
3495 1172 3668 1243 itaque
3711 1192 3805 1229 no-

2213 1268 2314 1320 quc
2336 1252 2503 1321 legem
2531 1254 2748 1319 audivit,
2776 1273 2944 1326 neque
2965 1274 3084 1311 cum
3112 1259 3308 1314 Judteis
3330 1278 3675 1320 conversatus
3697 1283 3799 1331 est,

2216 1344 2484 1410 quomodo
2506 1346 2606 1398 erit
2629 1347 2725 1414 ipsi
2755 1348 2830 1400 ira
2856 1360 2909 1402 et
2931 1348 3217 1418 indignatio
3237 1362 3288 1407 ct
3314 1355 3577 1410 tribulatio
3604 1360 3798 1412 malum

2213 1438 2497 1503 operanti?
2526 1437 2783 1503 Quoniam
2812 1441 2956 1495 intus
3002 1445 3381 1500 conscientiam
3411 1449 3602 1503 habeat
3627 1451 3800 1507 incre-

2213 1540 2422 1596 pantem
2453 1541 2506 1609 et
2532 1533 2808 1586 docentem
2836 1536 3237 1590 cterudientcm
3271 1538 3320 1591 in
3351 1541 3615 1595 omnibus.
3650 1543 3801 1599 Unde

2214 1617 2315 1674 hoc
2340 1621 2710 1676 manifestum?
2739 1625 2813 1678 Ex
2841 1625 2903 1679 iis
2924 1626 2975 1678 in
3002 1628 3191 1696 quibus
3217 1630 3349 1684 alios
3377 1632 3650 1701 castigavit
3671 1651 3797 1704 pecs

2212 1721 2417 1776 cantes,
2455 1713 2598 1783 leges
2630 1715 2775 1779 tulit,
2803 1716 3000 1784 judicia
3030 1719 3322 1774 constituit.
3352 1721 3462 1776 Hoc
3504 1724 3663 1794 igitur
3701 1726 3798 1779 de-

2211 1803 2418 1858 clarans
2464 1807 2656 1861 Paulus
2679 1850 2694 1873 ,
2741 1809 2807 1863 de
2835 1810 3131 1866 viventibus
3160 1814 3209 1866 in
3240 1815 3366 1866 vitio
3405 1816 3610 1870 diccbat
3644 1838 3655 1871 :
3693 1820 3793 1887 Qui

2201 1919 2320 1957 cum
2362 1897 2632 1971 justitiam
2672 1900 2768 1955 Dei
2809 1903 3184 1971 cognovissent,
3238 1904 3487 1971 qttoniant
3529 1906 3617 1973 qui
3656 1906 3788 1957 talia

2201 1999 2362 2060 agunt
2419 1990 2563 2060 digni
2615 1998 2734 2044 sunt
2794 2001 2998 2055 morte,
3052 2008 3155 2043 non
3208 1992 3373 2046 solum
3432 2010 3493 2046 ca
3550 1996 3787 2063 faciunt,

2199 2083 2290 2136 sed
2336 2082 2495 2134 etiam
2550 2083 2877 2134 consentiunt
2928 2083 2943 2113 ¹
3004 2084 3315 2153 facientibus
3373 2085 3543 2157 (Rom.
3584 2089 3630 2139 l.
3670 2088 3783 2155 δὲ).

2203 2173 2271 2226 Εῐ
2322 2173 2466 2226 unde
2512 2173 2753 2226 scierunt
2794 2173 3129 2227 voluntatem
3162 2174 3257 2229 Dei
3317 2191 3458 2237 esse.
3500 2185 3559 2229 ut
3597 2176 3688 2245 qui
3733 2178 3786 2230 in

2202 2263 2546 2333 improbitate
2578 2264 2769 2317 vivunt
2798 2265 3132 2333 puniantur?
3170 2267 3354 2320 unde?
3382 2268 3455 2320 lix
3486 2268 3549 2321 iis
3581 2270 3635 2321 in
3664 2268 3788 2337 qui-

2199 2354 2301 2407 bus
2350 2352 2483 2406 alios
2530 2352 2851 2422 judicabant
2900 2365 3208 2425 peccantes.
3266 2356 3319 2409 Si
3378 2357 3523 2411 enim
3582 2359 3788 2415 malum

2218 2468 2339 2506 esse
2369 2468 2473 2504 non
2495 2462 2650 2520 putes
2676 2455 2895 2510 eodem,
2911 2468 3035 2505 cum
3063 2451 3391 2506 homicidam
3414 2452 3642 2520 ceperis,
3662 2466 3787 2506 sen-

2221 2546 2385 2601 tentia
2414 2556 2502 2598 tua
2533 2560 2638 2597 non
2660 2546 2850 2613 punies
2870 2562 2882 2597 :
2905 2544 3004 2597 nisi
3034 2545 3232 2597 malum
3257 2560 3376 2598 esse
3394 2556 3547 2613 putes
3576 2546 3787 2597 adulta-

2219 2651 2361 2694 rare.
2383 2651 2506 2688 cum
2540 2634 2790 2687 inciderit
2820 2633 3052 2696 adulter,
3076 2633 3241 2685 libera
3274 2634 3449 2702 ipsum
3477 2650 3504 2686 a
3530 2650 3709 2703 poma.
3730 2634 3786 2687 Si

2218 2742 2349 2781 vero
2378 2735 2432 2780 et
2471 2726 2524 2778 in
2562 2725 2793 2778 aliorum
2836 2725 3071 2793 peccatis
3100 2725 3243 2793 leges
3275 2724 3493 2787 scribis,
3522 2736 3573 2777 et
3602 2740 3788 2791 pinnas

2217 2817 2429 2880 delinis,
2446 2827 2498 2870 et
2514 2832 2735 2871 Severus
2754 2816 2983 2883 csjudex
3003 2833 3017 2869 ε
3039 2830 3199 2881 quam
3220 2815 3419 2868 habere
3436 2817 3610 2884 possis
3625 2832 3789 2868 excu—

2219 2908 2507 2969 sationem,
2541 2907 2593 2958 in
2629 2905 2843 2974 quibus.
2867 2905 2979 2971 ipse
3022 2918 3235 2971 peccas,
3271 2903 3459 2956 dicens
3491 2911 3541 2955 te
3580 2902 3788 2970 agenda

2219 2998 2503 3069 ignorare?
2524 2996 2777 3051 Moechati
2801 2996 2934 3049 estis
2950 3003 3003 3048 et
3026 3006 3079 3048 ιιι
3106 3005 3159 3047 et
3177 2994 3283 3046 ille.
3301 2994 3481 3059 Quare
3498 2993 3648 3045 illum
3669 2992 3790 3061 qui-

2217 3095 2337 3148 dem
2363 3093 2543 3163 punis,
2567 3099 2620 3145 te
2637 3104 2764 3145 vero
2784 3087 2936 3142 venia
2955 3088 3175 3155 dignum
3195 3087 3420 3141 censes?
3440 3085 3495 3138 Si
3511 3086 3654 3138 enim
3678 3100 3790 3137 ma-

2218 3186 2328 3239 lum
2350 3184 2629 3239 nesciebas
2642 3197 2762 3237 esse
2780 3179 3127 3242 adulterium,
3148 3188 3397 3232 neutrum
3423 3177 3599 3246 puniri
3626 3190 3789 3243 opor—

2218 3275 2451 3341 tebat;si
2475 3290 2602 3329 vero
2622 3274 2853 3326 alterum
2875 3270 3093 3339 quidem
3107 3270 3323 3339 punias,
3345 3279 3395 3322 te
3418 3283 3546 3322 vero
3571 3280 3786 3335 pugnam

2219 3370 2456 3437 eli‘ugcre
2478 3366 2777 3426 existimes.
2819 3364 3095 3434 quomodo
3133 3362 3326 3416 rationi
3361 3372 3786 3415 consentaneum

2220 3460 2385 3515 videri
2415 3460 2610 3528 poterit
2630 3459 2943 3512 eorutndem
2972 3455 3264 3509 criminum
3295 3468 3418 3507 reos
3442 3467 3549 3505 non
3570 3451 3786 3505 easdem

2222 3552 2455 3624 pendere
2477 3550 2701 3620 poenas?
2734 3547 2849 3603 Hoc
2880 3548 3044 3617 igitur
3074 3546 3249 3616 ipsum
3281 3559 3551 3598 accusans
3578 3542 3783 3597 Paulus

2219 3642 2434 3699 dicebat
2470 3660 2484 3697 :
2520 3642 2812 3695 Existimas
2847 3650 3024 3693 autem
3054 3640 3170 3704 hoc,
3201 3654 3230 3689 o
3253 3637 3428 3700 homo,
3460 3636 3549 3704 qui
3571 3636 3790 3704 judieas

2218 3748 2304 3785 cos
2328 3733 2418 3802 qui
2441 3731 2574 3785 talia
2592 3739 2776 3800 agunt,
2808 3738 2856 3783 et
2882 3730 3050 3798 facias
3080 3744 3162 3788 ea,
3183 3727 3307 3795 quia
3327 3736 3379 3779 tu
3398 3727 3615 3795 effugies
3635 3726 3791 3793 judi-

2220 3824 2356 3877 cium
2378 3823 2474 3876 Dei
2495 3822 2668 3888 (Rom.
2688 3822 2743 3884 ‘2,
2767 3818 2978 3891 5).Non
3006 3828 3089 3873 est
3113 3818 3205 3878 ita,
3230 3834 3337 3870 non
3362 3827 3474 3882 est;
3501 3834 3564 3871 ex
3583 3817 3792 3885 judicio

2219 3919 2363 3973 enim
2383 3917 2526 3985 quod
2548 3916 2600 3969 in
2616 3917 2781 3969 alittm
2800 3912 3092 3984 protulisti,
3115 3928 3180 3966 ex
3204 3911 3304 3965 hoc
3324 3922 3373 3966 te
3398 3912 3537 3965 Dens
3558 3921 3684 3965 tunc
3699 3912 3790 3979 ju-

2220 4009 2422 4064 dicabit
2442 4027 2453 4061 :
2477 4023 2585 4062 non
2616 4007 2758 4061 enim
2790 4005 3034 4076 profecto
3065 4019 3117 4060 tu
3154 4007 3371 4075 quidem
3401 4006 3604 4073 justus,
3652 4004 3793 4058 Deus

2223 4111 2403 4155 autem
2442 4099 2699 4168 injustus.
2733 4098 2790 4152 Si
2816 4099 2958 4153 enim
2984 4114 3089 4152 non
3125 4098 3361 4166 despicis
3391 4098 3556 4151 alium
3594 4096 3793 4165 injuria

2222 4191 2492 4256 allectum,
2508 4192 2785 4260 quomodo
2806 4189 2947 4245 Deus
2966 4190 3310 4258 despiciet?si
3337 4198 3390 4243 tu
3410 4188 3640 4254 corrigis
3657 4188 3794 4241 alio-

2222 4299 2343 4337 rum
2369 4292 2607 4351 peccata,
2631 4282 2906 4351 quomodo
2926 4292 2974 4336 te
2996 4281 3139 4335 Deus
3159 4298 3264 4335 non
3296 4283 3531 4350 corriget
3548 4280 3569 4333 ἲ
3586 4279 3641 4334 Si
3664 4296 3795 4334 vero

2222 4388 2329 4426 non
2348 4372 2441 4425 tibi
2469 4374 2649 4426 statim
2675 4388 2890 4441 pinnam
2913 4370 3095 4434 infert,
3116 4388 3180 4425 ne
3204 4373 3273 4425 ob
3298 4372 3400 4425 hoc
3413 4372 3677 4433 conlidas,
3699 4372 3792 4425 sed

2224 4464 2353 4516 time
2380 4462 2572 4531 magis.
2617 4463 2708 4515 Sic
2735 4472 2785 4515 et
2803 4462 3005 4515 Paulus
3025 4461 3193 4531 jussit.
3218 4463 3440 4517 dicens:
3468 4464 3546 4515 An
3580 4463 3795 4516 divitias

2167 4546 2178 4563 ⁶
2224 4551 2474 4607 bonitatis
2491 4556 2603 4622 ejus
2623 4557 2952 4623 etpotientiaz
2967 4569 3014 4610 et
3040 4556 3462 4625 longanimitatis
3481 4557 3795 4619 contemnis,

2223 4643 2474 4711 ignorans
2510 4647 2758 4714 quoniam
2792 4646 3084 4718 benignitas
3122 4647 3215 4701 Dei
3256 4650 3324 4701 ad
3354 4650 3713 4717 paenitentiam
3751 4660 3799 4704 te

2223 4738 2438 4791 adducit
2457 4738 2628 4803 (Rom.
2648 4739 2702 4792 2.
2724 4739 2805 4808 4)ἳ
2824 4740 3105 4809 Propterea
3123 4742 3263 4795 enim
3279 4742 3493 4804 tolerat,
3518 4759 3623 4797 non
3642 4753 3800 4813 utpc-

2220 4828 2308 4897 jor
2328 4829 2447 4892 lias,
2467 4832 2557 4884 sed
2577 4840 2633 4884 ut
2651 4833 3024 4900 ptenitentiam
3045 4849 3203 4901 agas;
3220 4834 3264 4888 si
3287 4849 3415 4888 vero
3434 4851 3538 4890 non
3559 4838 3660 4899 vis,
3686 4854 3801 4890 ma-

2220 4920 2358 4990 joris
2378 4923 2599 4976 materia
2615 4923 2838 4979 ultionis
2854 4925 2945 4979 tibi
2960 4935 3042 4980 est
3060 4925 3151 4981 Dei
3167 4928 3551 4997 longanimitas
3565 4931 3682 4983 sine
3694 4945 3801 4998 pte-

2224 5013 2450 5067 nitentia
2470 5017 2829 5082 permanenti.
2853 5016 2917 5068 Et
2937 5016 3040 5071 hoc
3058 5019 3257 5085 quippe
3270 5018 3552 5073 declarans
3569 5020 3797 5074 dicebat:

2227 5102 2523 5158 Secundum
2542 5116 2719 5160 autent
2733 5108 2989 5161 duritiam
3007 5117 3151 5161 tuam
3164 5118 3211 5161 et
3227 5110 3553 5179 impa'nitens
3568 5128 3675 5175 cor,
3696 5112 3800 5163 tlte-

2225 5198 2471 5248 saurisas
2491 5198 2585 5250 tibi
2606 5199 2741 5250 irant
2763 5200 2817 5250 in
2838 5200 2922 5251 die
2939 5201 3033 5252 ira:
3050 5209 3099 5252 et
3119 5200 3802 5270 revelationisjustijudicii

2223 5284 2345 5351 Dei,
2358 5289 2447 5358 qui
2465 5288 2641 5341 reddet
2658 5291 2936 5359 unicuique
2957 5292 3241 5345 secundum
3255 5309 3412 5361 opera
3430 5294 3542 5362 ejus
3558 5293 3730 5363 (Rom.
3746 5295 3794 5373 2⁸

2226 5380 2283 5434 5.
2302 5378 2378 5449 6).
2402 5381 2673 5444 Quoniam
2696 5382 2861 5451 igitur
2879 5384 3077 5451 cuique
3096 5385 3396 5438 secundum
3422 5400 3586 5453 opera
3605 5388 3801 5457 reddit,

2224 5482 2277 5525 et
2290 5472 2460 5542 legem
2478 5482 2760 5544 propterea
2776 5476 2932 5530 nobis
2945 5477 3244 5531 naturalem
3264 5477 3533 5541 indidit,et
3544 5481 3800 5549 scriptam

2227 5567 2577 5635 postmodum
2609 5568 2775 5635 dedit,
2803 5577 2860 5623 ut
2899 5584 3088 5638 ptenas
3122 5571 3307 5639 exigat
3340 5583 3717 5640 peccatorum,
3750 5585 3798 5627 ct

2228 5665 2375 5711 recte
2390 5669 2612 5727 agentes
2624 5668 2867 5712 coronet:
2885 5659 3055 5713 multo
3076 5662 3257 5729 itaque
3270 5662 3451 5716 studio
3466 5672 3721 5734 tanquam
3734 5666 3799 5718 ad

2288 5797 2307 5830 ί
2343 5793 2450 5854 Alii,
2471 5792 2751 5846 assentiunt.
2798 5789 2920 5841 Infra
2958 5791 3093 5849 voci,
3133 5790 3409 5855 metiantur,
3447 5801 3550 5845 sav.
3592 5795 3723 5850 addit
3750 5798 3797 5848 in

2224 5860 2465 5921 margine,
2486 5863 2652 5906 morte.
