4112 6388
360 397 459 457 135

355 516 690 572 tremendum
738 516 1048 573 eonventuri
1109 516 1365 589 judicium
1392 561 1407 585 ,
1455 521 1692 577 actiones
1738 532 1948 578 nostras

352 609 752 678 dispensemus,
776 610 1003 665 scientes
1046 609 1185 679 quod
1226 611 1424 665 nullam
1472 626 1819 683 assequemur
1858 632 1948 669 ve-

354 702 495 754 niam
518 743 531 762 .
563 702 607 755 si
637 710 758 770 post
782 701 1073 757 naturalem
1102 711 1156 758 et
1186 705 1434 775 scriptam
1461 704 1631 777 legem
1660 715 1716 762 et
1744 707 1946 764 doctri-

355 806 476 843 nam
521 800 718 845 tantam
760 800 815 846 et
850 789 1265 849 admonitionem
1293 795 1563 851 assiduam
1591 797 1817 853 salutem
1844 816 1943 854 no-

350 888 514 933 stram
546 880 889 952 negligamus.

418 972 473 1026 6.
505 972 699 1026 Iterum
728 973 791 1027 de
800 976 1129 1044 juramentis.
1154 1007 1228 1017 —
1247 977 1380 1033 Volo
1422 979 1599 1049 itaque
1638 999 1847 1039 rursum
1874 984 1943 1041 de

342 1060 661 1129 juramentis
686 1066 834 1119 vobis
866 1067 1028 1137 loqui,
1060 1068 1320 1123 erubesco
1343 1082 1539 1126 autem.
1571 1073 1693 1129 Mihi
1724 1076 1938 1145 quidem

341 1169 505 1222 giave
535 1171 638 1209 non
671 1166 752 1211 est
780 1157 866 1213 die
908 1170 1167 1229 nocteque
1196 1161 1382 1217 eadem
1412 1165 1560 1220 vobis
1587 1167 1794 1233 dicere;
1845 1171 1938 1225 sed

344 1249 505 1303 timeo
533 1265 599 1305 ne
623 1260 904 1322 postquam
925 1269 1019 1309 vos
1046 1255 1127 1310 his
1166 1258 1344 1312 multis
1374 1258 1561 1313 diebus
1588 1261 1934 1329 admonuero,

343 1344 563 1398 multum
598 1352 863 1414 torporem
884 1356 1117 1403 vestrum
1142 1349 1493 1406 damnabilem
1516 1355 1815 1416 ostendam.
1848 1357 1936 1427 qui

342 1434 393 1487 in
423 1438 635 1505 negotio
680 1446 788 1492 tam
838 1437 973 1494 facili
1005 1441 1255 1496 continua
1297 1446 1506 1513 egeatis
1550 1446 1932 1503 admonitione.

341 1523 451 1581 Nec
481 1535 684 1581 tantum
727 1529 984 1585 erubesco
1008 1574 1023 1599 ,
1068 1532 1162 1587 sed
1194 1543 1247 1587 et
1288 1535 1451 1590 timeo
1491 1538 1661 1592 vobis.
1708 1541 1933 1596 Assidua

338 1631 566 1685 namque
604 1617 845 1673 doctrina
886 1620 1285 1678 adverteutibus
1333 1625 1580 1681 salutaris
1621 1629 1834 1698 quidem
1879 1644 1933 1688 et

336 1707 497 1772 utilis,
524 1711 854 1779 torpentibus
875 1726 1005 1767 vero
1028 1712 1278 1769 damnosa
1303 1727 1357 1771 et
1380 1718 1693 1787 periculosa.
1721 1722 1932 1783 Etenim

336 1810 534 1868 quanto
560 1802 677 1870 quis
706 1803 900 1871 smpius
928 1803 1174 1869 audierit,
1204 1815 1351 1861 tanto
1375 1812 1632 1877 majorem
1677 1814 1929 1871 ultionem

336 1892 599 1958 attrahet,
633 1909 737 1948 non
767 1894 967 1951 faciens
988 1913 1106 1966 quae
1126 1899 1391 1958 dicuntur.
1425 1904 1535 1960 lloc
1562 1906 1718 1977 igitur
1744 1919 1797 1965 et
1831 1910 1928 1965 Ju-

332 1982 464 2037 dmis
488 1986 857 2054 improperans
882 1988 1093 2044 dicebat
1123 1991 1261 2047 Deus
1294 2013 1306 2048 :
1334 1995 1456 2050 Misi
1498 2001 1768 2071 prop/tetas
1793 2020 1929 2059 meos

329 2090 604 2146 exsurgens
633 2078 860 2134 diluculo
885 2123 900 2146 ,
943 2091 991 2135 et
1035 2084 1295 2154 emittens,
1342 2104 1499 2159 neque
1533 2092 1607 2145 sic
1653 2097 1927 2151 exaudistis

328 2164 480 2234 (Jer.
520 2168 607 2220 25.
626 2167 743 2242 4.).
771 2171 877 2228 Nos
918 2191 1109 2247 nempe
1135 2194 1199 2234 ex
1227 2180 1392 2234 multa
1436 2183 1795 2241 sollicitudine
1824 2188 1925 2242 hoc

326 2254 553 2311 facimus
576 2299 591 2323 ,
635 2260 728 2313 sed
762 2263 1011 2321 timemus
1057 2282 1126 2323 ne
1169 2269 1220 2322 in
1248 2269 1335 2325 die
1362 2270 1446 2324 illa
1477 2275 1750 2329 tremenda
1778 2276 1922 2333 obsit

323 2346 478 2401 vobis
503 2350 753 2407 omnibus
780 2353 893 2409 lucc
912 2356 1208 2415 admonitio
1235 2369 1290 2416 et
1322 2363 1421 2417 hoc
1447 2366 1745 2419 consilium.
1781 2367 1917 2423 Cum

325 2439 466 2492 enim
489 2448 544 2493 et
560 2441 755 2497 bonum
772 2460 906 2514 opus
931 2448 999 2501 sit
1024 2449 1195 2515 facile,
1216 2463 1268 2506 et
1284 2454 1371 2522 qui
1388 2454 1601 2510 assidue
1617 2472 1924 2514 commone-

321 2528 480 2583 faciat
507 2547 611 2585 non
638 2532 813 2599 desit,
845 2538 970 2606 quid
1001 2542 1289 2609 poterimus
1321 2545 1372 2599 in
1401 2549 1795 2605 excusationem
1834 2550 1918 2606 di-

320 2624 485 2678 cere?
506 2626 588 2679 vel
610 2642 728 2696 quae
759 2643 855 2684 nos
881 2632 1017 2687 ratio
1037 2634 1103 2689 ab
1136 2636 1337 2691 ultione
1358 2638 1588 2709 eripiet?
1612 2642 1702 2697 Dic
1727 2661 1919 2715 nempe

318 2716 470 2778 mihi,
502 2718 544 2771 si
575 2731 853 2790 argentum
883 2725 979 2781 abs
1010 2737 1064 2783 te
1093 2742 1331 2785 mutuum
1355 2734 1472 2789 dari
1502 2739 1790 2810 contingat,
1823 2757 1918 2797 an-

315 2822 422 2862 non
461 2824 673 2879 semper
698 2814 924 2873 debitori
950 2810 1248 2879 ’occurrens
1280 2828 1452 2897 ipsum
1484 2835 1650 2887 mutui
1680 2849 1917 2891 commo-

314 2900 516 2957 nefacis
548 2905 706 2961 “loc
732 2918 786 2964 et
823 2925 963 2967 nunc
993 2915 1104 2976 fac,
1138 2924 1193 2971 et
1217 2918 1441 2989 quisque
1467 2932 1615 2993 putet
1636 2937 1913 2996 argentum

308 2992 411 3047 sibi
445 2997 743 3063 proximum
780 3002 1016 3072 debere,
1050 3006 1205 3078 hujus
1231 3011 1433 3067 scilicet
1467 2992 1913 3091 mandativexple-

310 3086 507 3142 tionem
531 3130 548 3155 ,
590 3102 644 3145 ct
672 3108 958 3152 occurrens
1000 3102 1281 3158 solutionis
1324 3107 1495 3177 ipsum
1526 3124 1867 3169 commoneat
1890 3157 1906 3181 ,

311 3177 487 3232 sciens
525 3196 629 3235 non
672 3199 888 3252 parvum
920 3192 1072 3246 nobis
1115 3198 1401 3264 repositum
1433 3216 1551 3256 esse
1578 3204 1905 3275 periculum,

306 3265 528 3324 fratrum
551 3287 732 3328 curam
758 3292 858 3330 non
882 3283 1179 3349 agentibus.
1208 3286 1493 3356 Propterea
1522 3303 1573 3347 et
1599 3310 1697 3365 ego
1719 3298 1904 3353 eadem

303 3357 481 3413 dicere
513 3378 615 3416 non
646 3366 849 3423 desisto
882 3389 895 3422 :
932 3373 1093 3429 timeo
1121 3377 1283 3442 enim,
1312 3396 1377 3435 ne
1409 3383 1491 3436 illa
1523 3384 1610 3439 die
1645 3389 1855 3446 audiam
1886 3410 1900 3446 :

307 3445 547 3519 Improbe
566 3471 701 3509 serve
732 3467 780 3511 et
821 3462 1008 3530 segnis,
1047 3470 1305 3534 oportebat
1332 3481 1379 3526 te
1406 3490 1615 3545 erogare
1638 3492 1903 3551 argentum

300 3556 462 3595 nteant
488 3549 874 3623 nummulariis(
902 3552 1087 3610 Matth.
1110 3559 1199 3615 25.
1230 3562 1319 3616 26.
1351 3564 1464 3635 ‘27).
1500 3568 1635 3625 Ecce
1665 3549 1896 3643 erogavi,

299 3648 402 3687 non
428 3639 625 3702 semel,
658 3657 830 3711 neque
861 3646 958 3710 his,
990 3649 1081 3702 sed
1104 3654 1335 3721 sarpius;
1365 3670 1598 3714 vestrum
1625 3679 1749 3717 vero
1776 3668 1897 3721 reli-

298 3740 461 3792 quum
488 3738 570 3782 est
600 3733 770 3787 lienus
803 3736 1028 3792 reddere
1057 3758 1069 3794 :
1103 3757 1260 3799 usura
1296 3763 1420 3802 vero
1443 3759 1526 3804 est
1554 3754 1748 3810 auditae
1777 3774 1895 3811 mo-

302 3818 519 3873 nitionis
547 3838 639 3889 per
666 3839 826 3892 opera
871 3829 1130 3885 exhibitio
1161 3851 1173 3887 :
1206 3840 1401 3891 etenim
1441 3842 1705 3900 dominica
1732 3860 1888 3916 sunt,

639 3958 1635 3986 Ἢ

295 3951 628 3966 —_p

293 4048 668 4095 GRATIARUM
713 4056 898 4098 ACTIO
945 4060 1156 4103 ADHUC
1202 4064 1285 4105 AD
1331 4064 1508 4109 DEUM
1554 4069 1635 4110 DE
1680 4071 2051 4118 MUTATIONE
2095 4077 2402 4121 TRISTIUM

1097 399 1157 458 S.
1196 400 1472 460 JO.\NNIS
1509 404 1979 466 CllRYSOSTODIl
2021 408 2336 469 ARClllEP.
2379 414 2905 474 CONSTANTINOP.

3546 428 3646 484 136

2054 540 2172 593 quia
2194 535 2378 581 mutuo
2403 527 2613 582 dantur.
2644 529 2722 583 Ne
2748 529 2907 600 igitur
2927 528 3256 602 negligenter
3277 536 3653 609 suscipiamus.

2052 617 2144 670 sed
2176 632 2295 671 cum
2333 619 2603 687 diligentia
2642 622 2940 691 depositum
2985 628 3394 694 contineamus,
3426 640 3485 685 ut
3528 647 3650 687 cum

2059 708 2221 763 multa
2269 712 2624 779 negotiatione
2672 714 2843 785 ipsum
2890 719 2978 775 illo
3023 719 3111 775 die
3165 720 3470 777 reddamus.
3536 723 3650 780 Nisi

2048 800 2190 852 enim
2218 809 2273 855 et
2308 801 2442 857 alios
2470 804 2520 857 in
2562 804 2699 860 idem
2737 806 2971 865 officium
3000 812 3303 876 induxeris,
3338 814 3523 870 audies
3551 832 3651 871 vo-

2047 903 2164 944 cem
2194 890 2367 959 illam,
2400 910 2558 964 quam
2585 896 2787 952 audivit
2815 902 2900 969 qui
2930 902 3186 957 talentum
3217 902 3435 959 defodit.
3460 907 3529 959 At
3552 921 3651 961 vo-

2044 981 2127 1036 bis
2149 998 2215 1037 ne
2249 985 2461 1039 eveniat
2484 985 2623 1041 hanc
2648 989 2850 1056 audire,
2885 992 2977 1047 sed
3008 994 3167 1048 aliam
3187 1010 3369 1049 vocem
3395 1012 3550 1065 quam
3574 998 3648 1059 ei,

2044 1073 2133 1142 qui
2161 1075 2455 1144 negotiatus
2483 1087 2617 1143 erat,
2653 1081 2887 1136 reddidit
2915 1083 3179 1151 Christus,
3208 1085 3393 1141 dicens
3424 1104 3436 1139 :
3471 1087 3646 1157 Euge,

2042 1181 2181 1219 serve
2205 1168 2329 1220 bone
2348 1177 2394 1221 et
2423 1169 2589 1236 ﬁdelis
2613 1213 2626 1231 ,
2656 1173 2894 1241 quoniam
2921 1191 3073 1245 super
3101 1192 3264 1246 pauca
3285 1178 3429 1248 fuisti
3457 1178 3643 1246 ﬁdelis,

2041 1273 2200 1326 supra
2226 1260 2385 1313 multa
2406 1270 2452 1314 te
2469 1264 2773 1317 constituam
2798 1264 3010 1336 (Matth.
3038 1267 3129 1322 25.
3148 1268 3209 1323 21
3302 1268 3446 1322 llanc
3466 1278 3645 1323 autem

2038 1347 2319 1403 audiemus
2339 1366 2521 1406 vocem
2543 1394 2557 1419 ,
2587 1354 2631 1408 si
2660 1354 2798 1408 idem
2830 1358 2970 1427 quod
3001 1358 3090 1413 ille
3132 1358 3366 1413 studium
3389 1360 3643 1416 exhibue-

2040 1440 2247 1503 rimus;
2281 1441 2419 1496 idem
2447 1459 2574 1498 vero
2603 1446 2834 1500 studium
2867 1448 3258 1518 praestabimus,
3290 1451 3334 1505 si
3358 1453 3475 1517 hoc,
3499 1451 3643 1522 quod

2037 1530 2158 1585 dico
2183 1574 2196 1596 ,
2228 1532 2533 1589 fecerimus.
2565 1536 2696 1592 Cum
2739 1538 2914 1595 adhuc
2958 1539 3175 1597 fervens
3216 1552 3299 1597 est
3341 1542 3555 1598 auditus
3584 1544 3636 1599 in

2034 1623 2207 1689 vobis,
2232 1626 2431 1695 egressi
2461 1627 2816 1684 exhortamini
2849 1632 2986 1686 inter
3015 1647 3149 1687 vos:
3181 1641 3237 1687 et
3264 1633 3399 1687 sicut
3424 1634 3632 1704 disjuu-

2033 1714 2218 1784 gimini
2242 1717 2467 1787 quisque
2496 1734 2617 1774 cum
2643 1722 2982 1787 salutatione,
3015 1724 3093 1778 sic
3119 1738 3240 1778 cum
3268 1724 3631 1780 admonitione

2033 1806 2257 1875 quisque
2288 1808 2504 1863 domum
2528 1812 2762 1876 recedat,
2793 1822 2847 1867 et
2870 1814 3012 1868 dicat
3033 1816 3275 1884 proximo
3304 1834 3316 1869 :
3344 1816 3637 1875 Considera

2032 1904 2086 1950 et
2110 1897 2424 1963 recordare,
2456 1902 2724 1970 quomodo
2751 1904 3055 1959 mandatum
3100 1905 3407 1961 custodias:
3439 1917 3493 1962 et
3514 1923 3635 1963 om-

2033 1988 2158 2043 nino
2195 1991 2586 2059 superabimus.
2616 1994 2747 2049 Cum
2780 1997 2922 2050 enim
2961 2007 3017 2052 et
3039 1997 3198 2052 amici
3229 2008 3279 2054 te
3318 2000 3618 2056 dimiserint

2029 2095 2149 2135 cum
2173 2083 2263 2136 tali
2287 2084 2532 2147 consilio,
2562 2094 2614 2140 et
2633 2086 2849 2141 domum
2876 2088 3171 2156 profectum
3201 2106 3414 2146 rursum
3436 2092 3625 2149 eadem

2031 2188 2164 2226 uxor
2187 2174 2500 2244 admoneat,
2532 2185 2617 2243 et,
2648 2193 2766 2233 cum
2796 2180 2895 2235 soli
2926 2183 3055 2236 estis
3075 2224 3090 2247 ,
3123 2184 3296 2238 oratio
3321 2195 3503 2239 nostra
3533 2201 3629 2241 vos

2027 2267 2334 2336 contineat,
2376 2271 2627 2327 celeriter
2665 2273 2803 2328 hanc
2840 2277 3278 2332 consuetudinem
3326 2279 3624 2348 improbam

2026 2362 2373 2430 expellemus.
2407 2362 2537 2418 Novi
2569 2366 2784 2435 quidem
2812 2382 2908 2421 vos
2938 2369 3188 2423 admirari
3219 2385 3383 2441 quare
3424 2380 3626 2426 tantum

2025 2452 2092 2507 de
2140 2454 2238 2509 lioc
2282 2457 2532 2511 mandato
2569 2458 2801 2512 studium
2843 2459 3068 2525 faciam;
3100 2477 3285 2517 verum
3328 2464 3615 2533 adimplete

2026 2544 2354 2612 mandatum,
2385 2557 2440 2602 et
2466 2557 2592 2603 tunc
2613 2550 2807 2606 dicam.
2842 2551 3055 2606 Interim
3085 2553 3276 2623 quippe
3304 2553 3433 2608 illud
3454 2555 3572 2610 dico
3594 2597 3612 2623 ,

2023 2635 2192 2705 legem
2219 2652 2338 2692 esse
2380 2639 2613 2694 divinam
2662 2640 2762 2695 hoc
2796 2641 3123 2709 mandatum,
3150 2653 3205 2698 et
3225 2645 3395 2713 ipsum
3430 2654 3617 2702 trans-

2014 2728 2165 2798 gredi
2195 2745 2300 2784 non
2330 2746 2449 2786 esse
2479 2741 2646 2787 tutum
2673 2750 2687 2797 ;
2718 2734 2762 2789 si
2791 2744 2969 2789 autem
3016 2736 3289 2804 impletum
3317 2738 3523 2803 videro,
3564 2749 3621 2794 et

2020 2818 2181 2874 aliam
2212 2822 2364 2877 vobis
2394 2838 2608 2879 causam
2630 2828 3065 2882 commemorabo
3087 2828 3185 2883 hac
3206 2844 3311 2883 non
3336 2831 3616 2897 minorem,

2016 2919 2072 2965 ut
2098 2910 2348 2977 discatis,
2380 2929 2466 2970 me
2490 2915 2611 2984 jure
2638 2930 2736 2985 pro
2776 2916 2875 2972 hac
2903 2917 3020 2989 lege
3068 2918 3301 2974 studium
3343 2920 3615 2977 exhibere.

2016 3000 2204 3057 Restat
2231 3019 2358 3059 vero
2380 3004 2489 3073 jam
2520 3021 2615 3075 per
2643 3006 3083 3076 supplicationem
3111 3022 3414 3067 sermonem
3439 3012 3617 3066 absol-

2012 3108 2155 3149 vere.
2185 3095 2517 3152 Unanimiter
2550 3099 2711 3169 igitur
2744 3114 2931 3156 omnes
2959 3101 3234 3158 dicamus:
3264 3102 3405 3159 Deus
3427 3105 3615 3160 uolens

2013 3195 2119 3240 tam
2151 3197 2378 3243 mortem
2400 3193 2715 3259 peccatoris,
2748 3209 2905 3263 quam
2929 3204 3339 3251 utconvertatur
3358 3206 3412 3252 ct
3432 3199 3598 3264 vivat,

2009 3286 2063 3332 et
2094 3279 2227 3333 lianc
2248 3289 2302 3333 et
2335 3281 2467 3335 alias
2497 3282 2642 3352 leges
2668 3300 2857 3339 omnes
2898 3301 2996 3340 nos
3020 3298 3342 3357 exsequutos
3386 3289 3609 3360 dignare

2006 3369 2083 3421 sic
2111 3370 2360 3425 assistere
2388 3372 2637 3426 tribunali
2664 3373 2860 3429 Christi
2894 3378 2989 3442 tui,
3024 3387 3080 3432 ut
3106 3378 3350 3433 fiduciam
3387 3382 3607 3436 multam

2005 3463 2293 3531 assequuti,
2331 3465 2383 3517 in
2412 3480 2631 3535 regnum
2663 3469 3037 3534 perveniamus
3065 3469 3131 3523 ad
3162 3470 3386 3540 gloriam
3416 3481 3556 3526 tuam
3587 3491 3602 3527 :

2004 3558 2256 3623 quoniam
2289 3568 2339 3613 te
2368 3558 2518 3615 decet
2549 3562 2739 3631 gloria,
2774 3580 2875 3617 una
2905 3580 3024 3618 cum
3050 3567 3321 3636 unigenito
3348 3568 3483 3623 Filio
3514 3578 3605 3623 tuo

2002 3660 2054 3703 et
2085 3660 2268 3705 sancto
2300 3651 2520 3721 Spiritu,
2546 3671 2686 3711 nunc
2713 3664 2768 3711 et
2793 3671 3025 3728 semper,
3054 3668 3108 3714 et
3134 3660 3186 3714 in
3209 3662 3402 3716 saecula
3427 3677 3594 3717 srecu-

2003 3740 2193 3797 lorum.
2230 3749 2420 3800 Amen.

2452 4081 2465 4119 ε
2514 4080 2594 4121 ΕΤ
2637 4079 3149 4125 COMMEMORATIO
3194 4085 3438 4140 EORUM,
3483 4085 3593 4137 QUI

370 4148 653 4194 PROPTER
678 4154 1065 4201 SEDITIONRM
1096 4161 1387 4218 RAPTATI,
1420 4166 1646 4211 POENAS
1673 4171 1989 4219 LUERANT.
2013 4178 2335 4221 SIMILITER
2364 4179 2601 4222 RURSL‘S
2645 4181 2972 4225 EXPOSITIO
3002 4185 3081 4226 DE
3110 4186 3373 4230 H03"le
3401 4189 3592 4233 CREA-

366 4252 579 4308 TIOYE,
612 4257 691 4299 ET
733 4257 904 4310 QUOD
948 4260 1159 4305 LEGEM
1200 4264 1552 4311 ACCEPERIT
1595 4271 1982 4320 NATURALEM

366 4354 694 4401 TOLLENDA
741 4343 781 4402 ¹.

2028 4281 2043 4320 ε
2093 4279 2173 4321 ET
2239 4280 2321 4322 DE
2386 4281 2662 4325 JURANDI
2706 4283 3189 4330 CONSUETUDINE
3249 4290 3583 4337 RADICITUS

1692 4481 2191 4561 W

903 4621 1121 4663 BOIILIA
1160 4625 1272 4664 XIII.

354 4693 404 4747 1.
446 4693 527 4749 Ab
547 4695 735 4751 eodem
764 4697 1024 4767 principio
1060 4708 1114 4754 et
1149 4701 1337 4757 iisdem
1365 4706 1656 4773 prooemiis,
1686 4709 1881 4779 quibus

284 4780 396 4836 heri
426 4795 476 4839 et
517 4786 905 4843 nudiustertius
935 4791 1091 4860 coepi,
1124 4802 1177 4847 et
1207 4794 1363 4849 hodie
1391 4796 1639 4868 incipiam
1666 4818 1680 4854 :
1704 4801 1876 4858 dicam

280 4883 335 4927 et
378 4890 517 4929 nunc
545 4892 557 4927 ε
587 4875 901 4934 Benedictus
930 4881 1088 4937 Deus.
1122 4884 1340 4951 Qualem
1373 4891 1694 4955 przeteritam
1741 4894 1875 4948 vidi-

283 4982 404 5020 mus
432 4965 616 5020 fcriam
645 4958 916 5036 quartam,
950 4981 1003 5027 et
1027 4975 1237 5043 qualem
1280 4994 1419 5033 nunc
1462 4979 1703 5038 videmus
1740 4999 1877 5053 prte-

281 5059 524 5113 seutem?
550 5069 746 5128 quanta
790 5062 842 5116 in
870 5063 961 5117 illo
1000 5064 1297 5122 obscuritas
1336 5076 1460 5125 tunc
1486 5072 1644 5127 erat?
1678 5085 1872 5144 quanta

278 5164 417 5202 nunc
443 5148 495 5202 in
518 5156 765 5220 prmscnti
790 5156 1177 5224 tranquillitas?
1208 5159 1405 5214 Eodem
1426 5161 1512 5217 die
1539 5167 1873 5222 tremendum

281 5241 331 5293 iu
362 5241 576 5296 civitate
606 5245 832 5299 tribunal
864 5247 991 5301 illud
1018 5257 1072 5303 et
1101 5253 1338 5307 omnium
1378 5256 1538 5310 corda
1566 5264 1867 5328 concussit,

284 5342 326 5385 at
370 5344 523 5388 nocte
558 5333 686 5390 fecit
712 5336 854 5393 diem
887 5340 1050 5395 nihilo
1075 5358 1194 5399 esse
1229 5346 1503 5403 meliorem
1528 5392 1543 5417 ,
1575 5367 1679 5407 non
1708 5353 1871 5410 radiis

275 5426 580 5493 exstinctis,
614 5430 707 5484 sed
736 5431 949 5487 tristitia
974 5444 1028 5489 et
1055 5436 1248 5493 timore
1278 5441 1460 5496 oculos
1485 5443 1870 5503 oll‘uscantibus

275 5524 501 5569 vestros.
532 5516 598 5571 Ut
640 5519 795 5589 igitur
820 5531 872 5577 et
912 5539 1009 5578 nos
1039 5527 1292 5596 majorem
1325 5534 1595 5602 capiamus
1623 5538 1866 5608 volupta-

272 5612 378 5657 tem
400 5647 415 5670 ,
449 5623 615 5676 pauca
639 5625 823 5666 eorum
850 5629 968 5684 qua:
999 5625 1123 5672 tunc
1150 5620 1456 5678 acciderunt
1480 5667 1494 5691 ,
1536 5643 1865 5685 commemo-

333 5765 559 5856 λέξῃς-13.
592 5774 840 5856 acceperit
861 5779 1140 5856 naturalem
1170 5797 1267 5851 per
1305 5787 1617 5856 coquitionrm
1650 5796 1861 5856 agendo-

265 5836 442 5940 ;u'zaet
467 5843 560 5882 non
606 5837 941 5901 agendorum;
974 5848 1021 5891 et
1056 5846 1119 5894 de
1149 5836 1863 5908 jurandi'consiiet'udiiieﬂtol-

284 5903 311 5939 ι’
398 5925 426 5940 ιο

284 5903 426 5942 emta.

1988 4637 2110 4679 rare
2140 4624 2279 4680 volo.
2314 4624 2382 4680 Et
2405 4627 2556 4681 vobis
2593 4628 2734 4682 enim
2765 4638 2819 4684 et
2856 4632 3085 4701 posteris
3125 4635 3373 4691 omnibus
3400 4638 3579 4693 utilem

1986 4713 2172 4769 horum
2205 4733 2325 4774 esse
2353 4719 2510 4773 video
2550 4722 2907 4776 narrationem
2935 4724 3220 4793 :quoniam
3255 4728 3403 4784 etde
3446 4746 3580 4785 nau-

1984 4805 2153 4876 fragio
2179 4810 2400 4864 servatis
2427 4810 2720 4879 jucundum
2761 4821 2844 4868 est
2871 4812 3125 4871 fluctuum
3167 4820 3479 4876 meminisse
3524 4830 3582 4877 et

1983 4902 2314 4968 tempestatis
2343 4910 2399 4956 et
2421 4913 2695 4958 ventorum
2719 4946 2732 4968 ,
2780 4915 3056 4976 postquam
3090 4909 3141 4963 iu
3169 4920 3378 4979 portum
3428 4915 3579 4968 navi-

1983 4989 2199 5058 garint;
2243 5002 2296 5045 et
2340 4992 2526 5047 morbo
2552 4994 2779 5049 detentis
2808 5007 3107 5067 pergratum
3122 5013 3204 5054 est
3227 5005 3577 5074 posttegritu-

1983 5081 2162 5137 dinem
2193 5081 2368 5137 febres
2393 5125 2406 5149 ,
2438 5100 2531 5153 per
2556 5101 2688 5155 quas
2728 5102 2862 5157 pene
2894 5089 2962 5144 ad
3007 5101 3231 5147 mortem
3274 5107 3575 5162 venerunt,

1979 5174 2099 5230 aliis
2127 5191 2366 5232 narrare.
2395 5176 2529 5233 Cum
2556 5181 2696 5234 enim
2724 5182 2903 5251 gravia
2930 5186 3303 5252 praeterierint,
3337 5189 3577 5259 volupta-

1981 5273 2084 5321 tem
2116 5266 2277 5323 habet
2316 5284 2501 5325 eorum
2531 5275 2988 5338 commemoratio,
3013 5276 3189 5331 anima
3215 5292 3321 5332 non
3348 5281 3573 5349 amplius

1979 5356 2338 5428 formidante,
2389 5363 2483 5418 sed
2539 5366 2798 5435 majorem
2851 5369 3094 5437 capiente
3138 5370 3568 5430 delectationem.

1976 5449 2373 5509 Praeteritorum
2424 5458 2565 5512 enim
2613 5461 2871 5516 memoria
2913 5466 3172 5521 malorum
3196 5507 3212 5532 ,
3254 5479 3570 5537 prmsentem

1976 5546 2409 5615 tranquillitatem
2436 5554 2735 5609 accuratius
2757 5558 3076 5623 gustandam
3104 5561 3339 5618 exhibet.

2046 5636 2395 5695 Consternatio
2425 5645 2857 5702 Antiochenorum
2882 5650 2935 5703 in
2971 5653 3330 5721 perquisitione
3364 5656 3429 5710 de
3457 5664 3569 5710 sta-

1974 5728 2073 5785 tuis
2093 5733 2297 5788 eversis.
2324 5764 2396 5774 —
2422 5734 2710 5807 Postquam
2756 5739 2899 5794 enim
2948 5742 3178 5817 civitatis
3217 5745 3392 5816 major
3444 5764 3567 5817 pars

1972 5835 2081 5890 pra:
2107 5824 2297 5880 timore
2332 5836 2385 5882 et
2410 5830 2826 5889 comminatione
2855 5834 2941 5890 illa
2966 5834 3030 5891 ad
3057 5836 3271 5893 deserta
3304 5848 3358 5895 et
3386 5838 3564 5895 fauces

1972 5916 2232 5971 montium
2283 5926 2336 5973 et
2382 5921 2583 5976 occulta
2637 5923 2872 5981 locorum
2927 5928 3365 5999 transmigravit,
3414 5942 3563 5988 metu
