4112 6388
318 409 420 468 ὶὸὕ

313 535 402 583 τες
431 520 505 584 ὡς
535 520 803 590 μηδεμιᾶς
836 519 1212 592 ἀπολαύσομεν
1263 521 1612 594 συγγνώμης,
1640 525 1688 575 εί
1729 524 1866 594 μετὰ
1892 541 1990 591 φυ-

317 610 467 663 σικὸν
497 610 587 661 καὶ
613 609 857 679 γραπτὸν
881 609 1062 680 νόμον,
1091 611 1184 663 καὶ
1208 610 1553 665 διδασκαλίαν
1581 611 1867 681 τοσαύτην,
1897 612 1991 666 καὶ

318 698 514 768 συνεχῆ
536 696 873 768 παραίνεσιν,
913 698 1011 767 τῆς
1062 697 1336 769 ἡμετέρας
1390 699 1769 770 ἀμελήσωμεν
1809 717 1990 770 σωτη-

321 786 465 858 ρίας.

388 873 738 944 ς⁹.Βούλομαι
755 868 847 926 οῦν
860 871 1018 926 πάλιν
1032 872 1157 945 περὶ
1172 872 1277 925 τῶν
1292 873 1468 944 ὅρκων
1481 873 1509 925 ὑ
1517 875 1608 944 μῖν
1621 873 1991 944 διαλεχθῆναι,

318 961 642 1032 αἰσχύνομαι
671 961 749 1016 δέ.
792 960 946 1031 Ἐμοὶ
973 961 1070 1032 μὲν
1099 959 1207 1034 γάρ
1235 961 1334 1014 οὐκ
1363 961 1510 1016 ἐστιν
1541 962 1776 1033 ἐπαχθὲς
1803 963 1895 1015 καὶ
1935 963 1993 1015 ἐν

321 1049 504 1119 ἡμέρα
533 1049 628 1102 καὶ
666 1050 723 1100 ἐν
752 1049 907 1101 νυκτὶ
931 1047 999 1101 τά
1041 1048 1180 1102 αύτά
1221 1047 1356 1118 πρὸς
1387 1049 1532 1118 ὑμᾶς
1559 1048 1757 1118 λέγειν,
1781 1049 1994 1103 δέδοικα

320 1139 377 1190 δὲ
407 1137 480 1208 μή
507 1135 606 1200 τὰς
634 1135 832 1199 πολλὰς
860 1134 1063 1198 ταύτας
1089 1136 1300 1206 ἡμέρας
1325 1135 1454 1206 ὑμῖν
1485 1136 1992 1208 παρακολουθήσας,

323 1225 522 1296 πολλὴν
554 1223 705 1295 ὑμῶν
737 1223 989 1290 καταγνῶ
1019 1235 1044 1263 α
1074 1222 1346 1293 ρᾳθυμίαν
1378 1224 1506 1294 περὶ
1546 1224 1870 1294 πράγματος
1903 1225 1997 1278 οῦν

321 1329 427 1375 τως
451 1311 671 1364 εύκόλου
691 1310 968 1382 διηνεκοῦς
989 1310 1255 1378 δεομένων
1278 1310 1656 1382 ὑπομνήσεως.
1679 1311 1792 1364 Οὐκ
1813 1313 1996 1384 αίσχύ-

322 1415 482 1469 νομιι
509 1397 566 1452 δέ
593 1399 775 1470 μόνον,
799 1397 935 1452 ἀλλὰ
958 1399 1048 1451 καὶ
1073 1397 1284 1450 δέδοικα
1315 1397 1445 1469 περὶ
1471 1398 1500 1450 ὑ
1509 1397 1624 1469 μῶν
1641 1416 1654 1429 ·
1683 1399 1717 1470 ἡ
1745 1399 1852 1470 γὰρ
1880 1417 2000 1456 συν-

322 1488 452 1558 εχὴς
475 1486 792 1540 διδασκαλία
823 1488 934 1549 τοῖς
964 1486 1062 1556 μὲν
1088 1486 1409 1557 προσέχουσι
1445 1487 1711 1558 σωτήριον
1741 1488 1834 1540 καὶ¹
1862 1489 1997 1560 χρή-

323 1591 501 1645 σιμον,
526 1577 638 1639 τοῖς
662 1575 718 1627 δὲ
740 1573 1041 1644 ῥᾳθυμοῦσι
1075 1571 1335 1644 βλαϐερὸν
1366 1573 1460 1626 καὶ
1500 1573 1856 1630 ἐπικίνδυνον.
1889 1577 1995 1630 Καὶ

321 1663 430 1734 γὰρ
460 1663 677 1734 ὅσῳπερ
714 1664 780 1718 ἀν
811 1679 894 1725 τις
939 1660 1225 1725 πλεονάκις
1262 1660 1489 1734 ἀκούσῃ,
1521 1662 1762 1733 τοσούτῳ
1797 1662 1997 1733 μᾶλλον

321 1751 620 1803 ἐπισπᾶται
651 1750 750 1821 τὴν
792 1750 1014 1803 κόλασιν
1061 1749 1134 1820 μή
1171 1747 1341 1802 ποιῶν
1384 1750 1454 1803 τὰ
1497 1749 1787 1821 λεγόμενα.
1828 1751 1997 1804 Τοῦτο

320 1837 451 1903 γοῦν
473 1838 565 1889 καὶ
601 1837 874 1900 Ἰουδαίοις
899 1837 1172 1900 ὀνειδίζων
1194 1835 1381 1904 ἔλεγεν
1400 1839 1428 1890 6
1450 1837 1580 1901 Θεός
1603 1853 1614 1865 ·
1651 1839 1998 1893 Ἆπέστειλα

319 1925 463 1989 τοὺς
494 1924 804 1993 προφήτας
823 1942 942 1993 μου
974 1923 1273 1992 ὀρθρίζων,
1316 1924 1413 1976 καὶ
1438 1924 1856 1989 ἀποστέλλων,
1896 1928 1995 1981 καὶ

319 2011 463 2065 οὐδὲ
491 2013 678 2078 οὕτως
705 2013 1127 2079 εἱσηκούσατε.
1145 2013 1336 2081 Ἡμεῖς
1381 2013 1478 2081 μὲν
1519 2008 1612 2065 οὖν
1658 2015 1765 2066 ἀπὸ
1798 2015 1999 2086 πολλῆς

320 2100 649 2170 κηδεμονίας
676 2101 834 2154 τοῦτο
854 2101 1133 2171 ποιοῦμεν,
1159 2101 1476 2172 δεδοίκαμεν
1509 2101 1565 2154 δὲ
1585 2103 1610 2141 b
1634 2102 1707 2173 μὴ
1735 2104 1878 2156 κατά
1901 2105 1998 2174 τὴν

321 2189 537 2260 ἡμέραν
569 2191 780 2260 ἐκείνην
811 2191 908 2261 τὴν
941 2190 1179 2260 φοϐερὰν
1209 2193 1576 2262 ἀντικαταστῇ
1618 2194 1782 2246 πᾶσιν
1811 2194 1937 2264 ὑμῖν
1965 2197 1998 2265 ἡ

323 2277 640 2347 παραίνεσις
671 2276 806 2348 αῦτη
828 2276 979 2349 [1521
998 2279 1092 2330 καὶ
1115 2281 1148 2348 ή
1183 2279 1659 2350 συμϐουλή.“οταν
1683 2281 1790 2352 γάρ
1823 2283 1914 2335 καὶ
1940 2283 2000 2334 τὸ

325 2363 653 2434 κατόρθωμα
680 2364 897 2418 εὔκολον
916 2361 972 2438 ᾖ,
1000 2367 1091 2418 καὶ
1117 2368 1145 2419 6
1173 2367 1411 2436 συνεχῶς
1447 2368 1877 2438 ὑπομιμνήσκων
1923 2372 1999 2440 μὴ

323 2451 681 2521 διαλιμπάνῃ,
714 2453 872 2506 ποίαν
900 2452 1095 2523 ’ἑξομεν
1134 2453 1432 2523 ἀπολογίαν
1457 2457 1661 2521 είπείν;
1683 2456 1716 2524 ἢ
1743 2455 1823 2518 τίς
1851 2458 2000 2526 ἡμᾶς

325 2537 672 2609 ἐξαιρήσεται
699 2541 798 2610 τῆς
831 2541 1106 2604 κολάσεως
1134 2542 1324 2610 λόγος;
1357 2542 1492 2595 Εἰπὲ
1520 2545 1630 2614 γάρ
1671 2561 1782 2614 μοι,
1811 2543 1876 2597 ἂν
1900 2546 1994 2615 ἀρ·

334 2627 518 2698 γύριόν
571 2645 652 2680 σοι
699 2629 1142 2700 χρεωστούμενον
1178 2628 1338 2702 τύχῃ,
1374 2630 1474 2682 οὐκ
1500 2631 1586 2682 ἀεὶ
1621 2632 2000 2701 συντυγχάνων

325 2713 404 2783 τῷ
451 2715 721 2783 ὀφείλοντι
771 2716 1213 2787 ἀναμιμνήσκεις
1262 2717 1426 2771 αὑτὸν
1475 2718 1570 2770 τοῦ
1606 2717 1998 2787 δανείσματος;

327 2801 498 2855 Τοῦτο
519 2804 614 2855 καὶ
642 2804 705 2856 σὺ
728 2803 975 2873 ποίησον,
1004 2804 1098 2858 καὶ
1120 2805 1349 2868 ἕκαστος
1373 2804 1640 2874 νομιζέτω
1662 2805 1752 2858 τὸν
1775 2805 2001 2875 πλησίον

329 2887 592 2961 ἀργύριον
641 2889 875 2959 ὀφείλειν
921 2891 1090 2962 αὐτῷ,
1124 2893 1222 2964 τήν
1269 2893 1616 2964 ἐκπλήρωσιν
1653 2894 1748 2964 τῆς
1783 2893 2002 2963 ἐντολῆς

328 2976 552 3048 ταύτης,
584 2979 677 3031 καί
707 2979 965 3034 ἀπαντῶν
995 2979 1137 3044 ὑπὲρ
1177 2980 1266 3050 τῆς
1291 2981 1552 3042 ἐκτίσεως
1599 2980 1762 3033 αὑτὸν
1807 2981 2004 3050 ἀναμι-

331 3067 644 3134 μνησκέτω.
679 3067 832 3132 εἰδὼς
860 3067 934 3131 ὡς
961 3069 1021 3122 ού
1060 3067 1254 3139 μικρὸς
1282 3070 1414 3138 ἡμῖν
1443 3068 1729 3122 ἀπόκειται
1763 3068 2004 3131 κίνδυνος

329 3153 439 3204 τῶν
465 3154 708 3222 ἀδελφῶν
740 3157 839 3209 ούκ
863 3155 1332 3227 ἐπιμελουμένοις.
1363 3156 1462 3211 Διά
1507 3156 1663 3209 τοῦτο
1690 3156 1783 3210 καὶ
1807 3156 1916 3226 ἐγὼ
1937 3156 2005 3210 τὰ

331 3240 472 3293 αὐτὰ
500 3240 671 3309 λέγων
705 3244 764 3296 οὐ
801 3243 1075 3314 παύομαι·
1108 3244 1322 3297 δέδοικα
1350 3245 1458 3315 γὰρ
1487 3245 1697 3316 μήποτε
1726 3246 1843 3298 κατ’
1867 3244 2007 3298 ἐκεί-

333 3345 430 3397 νην
479 3328 696 3382 ἀκούσω
744 3330 842 3402 τὴν
886 3332 1127 3402 ἡμέραν·
1161 3331 1393 3398 Πονηρὲ
1425 3329 1609 3385 δοῦλε
1636 3330 1733 3385 καὶ
1767 3331 2005 3398 ὀκνηρέ,

333 3415 457 3468 ἔδει
497 3433 570 3470 σε
610 3419 971 3472 καταϐαλεῖν
996 3419 1062 3472 τὸ
1092 3420 1377 3488 ἀργύριόν
1398 3437 1518 3488 μου
1563 3420 1660 3472 ἐπὶ
1703 3419 1846 3484 τοὺς
1876 3437 2011 3487 τρα-

335 3503 463 3562 πεζῖ
469 3522 590 3570 τας.
611 3506 739 3559 Ἰδοὺ
772 3506 904 3574 γοῦν
936 3507 1235 3560 κατέϐα).ον
1263 3507 1360 3576 ούχ
1392 3507 1556 3572 ἅπαξ,
1593 3507 1714 3560 ούδέ
1744 3507 1848 3572 δὶς,
1883 3507 2017 3560 ἀλλὰ

336 3591 627 3656 πολλάκις·
657 3594 812 3664 ὑμῶν
844 3596 959 3647 ἐστι
993 3595 1179 3648 λοιπὸν
1204 3595 1295 3647 τὸν
1320 3596 1478 3647 τόκον
1504 3594 1898 3659 ἐπιδείξασθαι·
1930 3596 2018 3647 τό·-

336 3694 432 3741 310;
471 3679 526 3731 δὲ
565 3681 902 3750 ἀκροάσεως,
934 3684 966 3754 ή
999 3683 1087 3736 διὰ
1122 3682 1229 3734 τῶν
1262 3682 1437 3755 ἔργων
1466 3682 1758 3747 ἐπίδειξις·
1788 3684 1881 3735 καὶ
1907 3683 2014 3753 γάρ

402 3833 421 3904 _'
448 3838 550 3904 lii
578 3841 963 3904 καταγνὼσωμαι

400 3895 430 3936 h
455 3899 551 3947 Alii
577 3895 769 3949 δέδοικα
803 3905 871 3952 δέ.

1365 406 1455 460 AD
1493 393 1820 463 POPULUM
1857 406 2358 462 ANTIOCHENUM
2401 402 2634 461 IIOMIL.
2671 405 2812 460 xm.

3657 403 3760 462 I36

2095 522 2398 576 Δεσποτικὶι
2425 523 2492 574 τά
2517 521 2986 592 καταϐαλλόμενα.
3008 518 3099 589 Μὴ
3119 516 3295 571 τοίνυν
3322 515 3613 588 παρίργως
3636 518 3772 572 ὐπο-

2052 652 2062 664 .
2093 611 2394 682 δεξώμεθα,
2430 611 2566 664 ἀλλά
2601 611 2740 680 μετά
2775 607 3060 681 ἀκριϐείας
3086 606 3406 676 κατέχωμεν
3449 607 3547 678 τὴν
3592 623 3771 678 παρα-

2095 699 2436 771 καταθήκην,
2467 700 2555 752 ἵνα
2581 697 2724 770 ’μετὰ
2759 697 2958 768 πολλῆς
2999 697 3100 766 τῆς
3145 695 3406 767 ἐργασίας
3445 695 3615 766 αὐτὴν
3641 695 3774 749 ἀπο-

2093 786 2273 858 δῶμεν
2302 787 2445 841 κατὰ
2472 785 2568 856 τὴν
2599 785 2814 856 ἡμέραν
2840 785 3075 855 ἐκείνην.
3095 784 3219 836 Ἐὰν
3259 783 3367 853 γὰρ
3408 785 3482 854 μὴ
3523 783 3620 836 καὶ
3651 782 3771 836 ἐτέ-

2099 892 2223 946 ρους
2251 875 2332 940 είς
2357 874 2419 928 16
2441 874 2573 928 αὐτὸ
2605 874 2880 946 ἐναγάγῃς
2905 870 3263 942 κατόρθωμα,
3293 871 3502 943 ἀκούσῃ
3528 871 3626 940 τῆς
3655 888 3774 940 φω-

2095 964 2194 1034 νῆς
2222 962 2439 1033 ἐκείνης
2469 957 2537 1034 ἦς
2562 962 2796 1033 ήκουσεν
2825 963 2853 1013 6
2881 960 2939 1013 16
2980 959 3242 1038 τάλαντον
3271 959 3596 1031 κατορύξας.
3612 955 3775 1011 Ἀλλά

2099 1051 2175 1121 μὴ
2219 1050 2430 1120 γένοιτο
2458 1047 2683 1120 ταύτης,
2710 1047 2848 1101 ἀλλά
2871 1047 2970 1117 τῆς
3001 1047 3166 1118 ἄλλης
3199 1048 3343 1117 ὑμᾶς
3381 1047 3610 1100 ἀκοῦσαι
3656 1063 3774 1114 φω·

2097 1137 2196 1208 νῆς
2225 1138 2294 1209 ἣν
2318 1137 2454 1210 πρὸς
2478 1137 2571 1190 τὸν
2603 1136 2980 1208 ἐργασάμενον
3005 1135 3186 1205 ἀφῆκε
3216 1134 3394 1203 λέγων
3437 1136 3466 1186 6
3502 1133 3734 1205 Χριστός
3755 1149 3771 1164 ·

2096 1221 2208 1291 Εὖ,
2239 1224 2424 1280 δοῦλε
2472 1224 2658 1294 ἀγαοὲ
2701 1223 2798 1278 καὶ
2849 1222 3046 1288 πιστὲ,
3081 1223 3179 1276 ἐπὶ
3225 1222 3400 1291 ὀλίγα
3429 1217 3505 1291 ἧς
3537 1221 3776 1287 πιστὸς,

2096 1311 2197 1365 ἐπὶ
2243 1311 2493 1366 πολλῶν
2546 1327 2620 1366 σε
2668 1310 3049 1376 καταστήσω.
3092 1309 3307 1380 Ταύτης
3344 1309 3399 1362 δὲ
3432 1307 3778 1379 ἀκουσόμεθα

2096 1400 2199 1470 τῆς
2228 1401 2431 1472 φωνῆς,
2460 1400 2527 1454 ἂν
2557 1399 2654 1470 τὴν
2678 1399 2847 1470 αὐτὴν
2877 1399 3070 1468 ἐκείνῳ
3096 1399 3331 1469 σπουδὴν
3363 1395 3774 1466 ἐπιδειξὼμεθα·

2100 1487 2197 1559 τὴν
2224 1488 2395 1559 αὐτὴν
2436 1488 2494 1541 δὲ
2544 1486 2926 1556 ἐπιδειξόμεθα
2975 1485 3230 1556 σπουδὴν,
3259 1485 3356 1538 ἐὰν
3386 1485 3544 1538 τοῦτο
3573 1485 3601 1537 ὃ
3635 1483 3779 1552 λέγω

2099 1577 2569 1646 ποιήσωμεν.”Ετι
2601 1574 2813 1645 θερμῆς
2846 1573 3012 1642 οῦσης
3045 1575 3144 1646 τῆς
3178 1574 3496 1644 ἀκροάσεως
3538 1574 3594 1625 ἐν
3627 1573 3778 1642 ὑμῖν,

2101 1663 2406 1730 ἐξελθόντες
2435 1661 2876 1735 παρακελεύεσθε
2909 1661 3178 1732 ἀλλήλοις,
3212 1662 3304 1716 καὶ
3328 1660 3577 1732 καθάπερ
3599 1657 3628 1699 θ’
3650 1659 3781 1712 ἐκα-

2103 1767 2227 1812 στος
2255 1749 2390 1819 μετά
2417 1749 2789 1821 προσηγορίας
2809 1748 3112 1813 διαλύεσθε,
3148 1747 3290 1800 οῦτω
3320 1749 3457 1818 μετά
3500 1764 3782 1819 παραγγε-

2104 1836 2222 1901 λίας
2250 1837 2477 1900 ἕκαστος
2507 1838 2688 1891 οἴκαδε
2736 1838 3108 1908 ἀναχωρείτω,
3149 1837 3242 1890 καὶ
3271 1836 3348 1905 τῷ
3375 1836 3599 1906 πλησίον
3627 1835 3783 1903 λεγέ-

2104 1942 2182 1977 τω
2199 1939 2215 1955 ’
2246 1925 2448 1977 Σκόπει
2479 1931 2572 1978 καὶ
2603 1925 2848 1996 μέμνησο
2875 1926 3022 1988 ὅπως
3047 1925 3286 1998 φυλάξῃς
3307 1924 3403 1995 τὴν
3430 1923 3669 1994 ἐντολὴν,
3688 1925 3785 1978 καὶ

2107 2012 2323 2076 πάντως
2371 2012 2755 2084 περιεσόμεθα.
2782 2013 2954 2066 ’Ὅταν
3007 2012 3116 2084 γὰρ
3169 2012 3313 2080 φίλοι
3371 2013 3784 2082 παραπέμπωσι

2109 2100 2250 2170 μετά
2293 2100 2551 2170 τοιαύτης
2599 2099 2930 2170 συμϐουλῆς,
2968 2101 3062 2153 καὶ
3095 2099 3233 2152 οἶκοι
3265 2101 3554 2167 γενόμενον
3582 2101 3616 2170 ή
3649 2099 3786 2170 γυνὴ

2108 2188 2268 2242 πάλιν
2292 2190 2360 2241 τὰ
2397 2189 2536 2241 αὐτὰ
2563 2189 2978 2260 ἀναμιμνήσκῃ,
3022 2188 3116 2240 καὶ
3162 2187 3356 2257 μόνους
3386 2187 3543 2250 ὄντας
3574 2189 3602 2239 6
3630 2188 3787 2255 λόγος

2106 2278 2134 2329 ὁ
2159 2275 2430 2347 ἡμέτερος
2453 2275 2680 2349 κατέχῃ,
2705 2275 2918 2344 ταχέως
2941 2275 3394 2346 ἀποκρουσόμεθα
3421 2277 3517 2346 τὴν
3547 2276 3788 2346 πονηρὰν

2111 2363 2402 2435 συνήθειαν
2432 2363 2657 2434 ταύτην.
2688 2359 2816 2416 Οἶδα
2853 2363 2950 2433 μὲν
2979 2363 3062 2415 ὃτι.
3093 2363 3406 2432 θαυμάζετε
3433 2364 3574 2426 τίνος
3603 2365 3790 2416 ἐνεκεν

2107 2451 2375 2521 τοσαύτην
2415 2452 2554 2524 ὑπὲρ
2593 2452 2692 2521 τῆς
2738 2449 2958 2520 ἐντολῆς
2989 2451 3194 2522 ταύτης
3223 2451 3476 2522 ποιοῦμαι
3511 2452 3744 2522 σπουδήν
3770 2468 3785 2482 ·

2109 2538 2495 2610 κατορθώσατε
2524 2540 2582 2592 δέ
2616 2540 2676 2591 τὸ
2717 2538 3032 2608 ἐπιταχθὲν,
3059 2539 3154 2591 καὶ
3186 2539 3306 2592 τότε
3335 2540 3465 2610 ἐρῶ.
3491 2540 3641 2603 Τέως
3691 2540 3791 2610 μὲν

2111 2628 2218 2698 γαρ
2248 2628 2427 2680 ἐκεῖνο
2454 2626 2618 2695 λέγω,
2646 2627 2728 2679 ὅτι
2755 2627 2916 2696 νόμος
2950 2627 3067 2679 ἐστὶ
3110 2625 3252 2690 θεῖος
3283 2627 3343 2678 τὸ
3373 2628 3650 2697 ἐπίταγμα
3677 2626 3793 2680 τοῦ·

2108 2732 2190 2778 το,
2231 2715 2325 2768 καὶ
2356 2713 2670 2785 παραϐῆναι
2705 2714 2868 2767 αὑτὸν
2896 2714 2996 2766 οὐκ
3022 2713 3264 2781 ἀσφαλές
3284 2729 3296 2742 ⁶
3327 2716 3423 2768 ἐὰν
3452 2715 3508 2768 δὲ
3539 2715 3632 2767 ἴδω
3659 2733 3793 2768 κατ-

2109 2801 2366 2872 ορθωθὲν,
2393 2802 2487 2854 καὶ
2516 2802 2710 2873 ἑτέραν
2738 2803 2867 2872 ὑμῖν
2900 2802 3081 2854 αἰτίαν
3109 2802 3221 2872 ἐρῶ
3245 2801 3344 2855 οὐκ
3372 2803 3627 2856 ἐλάττονα
3657 2803 3795 2856 ταύ-

2110 2903 2231 2957 της,
2269 2885 2357 2938 ἵνα
2403 2885 2609 2957 μάθητε
2643 2887 2725 2938 ὅτι
2767 2884 2992 2948 δικαίως
3030 2885 3303 2956 τοσαύτην
3338 2886 3479 2957 ὑπὲρ
3503 2885 3596 2940 τοῦ
3628 2886 3792 2957 νόμου

2113 2970 2300 3021 τούτου
2324 2967 2627 3038 ποιοῦμαιά
2653 2967 2892 3039 σπουδήν
2911 2981 2925 2996 ⁶
2954 2965 3072 3038 ὥρα
3102 2966 3159 3019 δὲ
3187 2967 3374 3020 λοιπον
3397 2971 3475 3031 τίς
3504 2969 3668 3038 εὐχὴν
3691 2984 3792 3020 κα-

2111 3051 2340 3106 ταλῦσαι
2361 3053 2453 3105 τὸν
2484 3052 2657 3119 λόγον.
2674 3053 2842 3122 Κοινῇ
2861 3052 3039 3104 τοίνυν
3060 3051 3261 3114 πάντες
3283 3050 3525 3122 εἴπωμεν
3541 3068 3553 3079 ·
3587 3051 3643 3104 Ὀ
3663 3051 3795 3116 Θεὸς

2109 3132 2137 3183 6
2175 3132 2248 3202 μὴ
2275 3129 2444 3184 θέλων
2472 3131 2562 3184 16v
2592 3130 2820 3184 θάνατον
2842 3131 2936 3184 τοῦ
2964 3129 3317 3202 ἀμαρτωλοῦ,
3347 3130 3423 3194 ὼς
3448 3131 3509 3183 16
3536 3131 3794 3202 ἐπιστρέ-

2110 3217 2209 3284 ψαι
2242 3215 2405 3268 αὐτὸν
2433 3215 2525 3266 καὶ
2556 3214 2676 3284 ζῇν,
2711 3216 2804 3267 καὶ
2833 3214 3022 3267 τοῦτον
3067 3216 3162 3268 καὶ
3189 3215 3315 3278 τοὺς
3353 3215 3571 3279 λοιποὺς
3601 3217 3796 3287 νόμους

2115 3296 2363 3355 ἃπαντας
2389 3291 2725 3358 καταξίωσον
2750 3295 2898 3364 ἡμᾶς
2927 3292 3314 3358 ἐξανύσαντας,
3351 3293 3492 3346 οῦτω
3515 3295 3797 3366 παραστῆ-

2116 3393 2206 3430 ναι
2247 3376 2325 3445 τῷ
2352 3375 2557 3446 βήματι
2588 3374 2681 3426 τοῦ
2717 3373 2954 3446 Χριστοῦ
2986 3391 3102 3436 σου,
3133 3374 3219 3426 ἵνα
3254 3376 3568 3446 παρρησίας
3597 3375 3798 3447 πολλῆς

2119 3454 2548 3520 ἀπολαύσαντες,
2573 3455 2674 3524 τῆς
2702 3452 2982 3523 βασιλείας
3011 3452 3358 3524 ἐπιτύχωμεν
3391 3457 3472 3517 είς
3494 3456 3651 3518 δόξαν
3677 3455 3795 3527 σήν,

2118 3537 2200 3588 ὃτι
2230 3537 2312 3589 σοὶ
2340 3536 2540 3605 πρέπει
2573 3535 2722 3599 δόξα,
2747 3534 2862 3604 ἃμα
2891 3533 2968 3604 τῷ
2993 3537 3274 3605 μονογενεῖ
3304 3551 3398 3586 σου
3431 3535 3586 3589 Παιδί
3611 3535 3705 3587 καὶ
3721 3535 3800 3604 τῷ

2120 3618 2258 3685 ἁγίῳ
2305 3617 2604 3686 Πνεύματι,
2643 3617 2739 3669 νῦν
2789 3615 2884 3674 καὶ
2928 3616 3034 3678 ἀεὶ,
3061 3617 3155 3670 καὶ
3187 3616 3267 3678 είς
3293 3617 3416 3679 τοὺς
3454 3617 3658 3681 αἰῶνας
3691 3617 3800 3669 τῶν

2120 3701 2355 3755 αἰώνων.
2376 3700 2571 3770 Ἀμήν.

2185 3848 2208 3908 ἦ
2247 3846 2340 3893 Alii
2363 3846 2444 3892 καὶ
2467 3845 2628 3908 ὥσπερ
2652 3846 2866 3901 ἕκαστος.

2187 3906 2213 3945 d
2237 3909 2334 3955 Alli
2359 3906 2648 3969 πεποίημαι.

342 4152 356 4224 Ι
375 4153 494 4224 155]
526 4155 892 4223 Εὑχαριστιά
947 4157 1034 4211 ἔτι
1061 4158 1212 4226 πρὸς
1255 4158 1362 4210 τὸν
1388 4159 1536 4211 Θεὸν
1574 4158 1699 4228 περὶ
1732 4159 1844 4228 τῆς
1887 4158 2228 4228 μεταϐολῆς
2275 4158 2394 4213 τῶν
2425 4157 2800 4227 σκυθρωπῶν
2821 4176 2838 4192 ·
2882 4159 2980 4213 καὶ
3021 4159 3367 4228 ἀνάμνησις
3410 4157 3528 4212 τῶν
3558 4158 3656 4214 διὰ
3690 4156 3808 4228 τὴν

411 4245 634 4300 στάσιν
678 4247 1081 4316 διασυρέντων
1122 4249 1219 4303 καὶ
1253 4249 1724 4320 τιμωρηθέντων·
1771 4251 1984 4319 ὁμοίως
2013 4250 2082 4302 δὲ
2119 4249 2306 4304 πάλιν
2319 4250 2609 4329 ἐξήγησις
2631 4251 2762 4319 περὶ
2787 4252 2899 4317 τῆς
2916 4251 3021 4305 τοῦ
3044 4249 3361 4319 ἀνθρώπου
3379 4250 3675 4321 δημιοερτ
3698 4270 3798 4315 ας.

413 4340 510 4391 καὶ
543 4338 631 4392 ὅτι
673 4340 940 4407 φυσικὸν
977 4342 1166 4411 νόμον
1195 4341 1472 4407 ἐδέξατο·
1527 4341 1628 4397 καὶ
1675 4343 1808 4411 περὶ
1858 4343 1964 4397 τοῦ
1996 4343 2239 4409 τελείως
2275 4343 2648 4410 κατορθῶσαι
2687 4344 2750 4397 τὸ
2775 4343 2862 4412 μὴ
2895 4344 3140 4413 ὀμνύειν
3171 4353 3220 4397 ⁸.

1014 4588 1236 4658 Ὁμιλιά
1266 4593 1360 4656 ιγ’.

417 4701 488 4750 α’.
506 4695 561 4747 ’Λ
571 4694 639 4748 1:6
654 4695 754 4765 τῆς
785 4696 953 4766 αὐτῆς
976 4694 1149 4765 ἀρχῆς
1176 4692 1389 4746 καὶτῶν
1410 4690 1590 4744 αὐτῶν
1609 4690 1934 4762 προοιμίων,
1952 4683 2026 4744 ὧν

349 4783 475 4854 χθὲς
506 4783 600 4835 καὶ
624 4783 730 4854 πρὸ
764 4782 978 4854 ἐκείνης
1011 4782 1289 4854 ἠρξάμην,
1326 4780 1421 4833 καὶ
1470 4781 1708 4850 σήμερον
1753 4777 2021 4850 ἄρξομαι·

349 4871 460 4943 ἐρῶ
489 4871 584 4925 καὶ
618 4870 712 4923 νῦν
731 4888 745 4901 ·
780 4870 1085 4941 Εὐλογητὸς
1116 4871 1144 4922 6
1176 4868 1328 4930 Θεός.
1358 4867 1488 4921 Οἴαν
1521 4865 1618 4936 τὴν
1647 4866 2026 4936 παρελθοῦσαν

350 4961 561 5032 εῶομεν
593 4961 846 5032 τετράδα,
879 4959 974 5014 καὶ
1015 4959 1130 5012 οἷαν
1172 4958 1270 5030 τὴν
1304 4956 1584 5028 παροῦσαν
1633 4955 1850 5027 ὁρῶμεν
1895 4957 2028 5022 νῦν;

350 5049 516 5112 πόσος
545 5051 602 5101 ἐν
637 5050 822 5120 ἐκείνῃ
852 5048 1013 5117 ζόφος
1045 5048 1166 5100 τότε
1206 5043 1312 5118 ῆν;
1342 5046 1482 5116 πόση
1525 5043 1666 5097 κατά
1696 5044 1792 5114 τὴν
1827 5044 2032 5115 παροῦ-

353 5153 452 5190 σαν
502 5136 710 5206 γαλήνη
743 5137 872 5201 νῦν;
907 5137 1064 5189 Κατά
1092 5137 1192 5206 τὴν
1225 5135 1440 5207 ἡμέραν
1469 5131 1675 5201 ταύτην
1706 5133 1767 5185 τὸ
1801 5132 2032 5203 φοϐερὸν

351 5226 526 5276 ἐκεῖνο
550 5225 771 5293 γέγονεν
799 5226 858 5278 ἐν
885 5227 953 5296 τῇ
973 5223 1127 5277 πόλει
1155 5223 1525 5292 δικαστήριον,
1555 5222 1650 5273 καὶ
1678 5220 1776 5283 τὰς
1805 5220 2032 5290 καρδίας

351 5311 608 5363 ἁπάντων
644 5311 897 5374 διέσεισε,
928 5311 1023 5364 καὶ
1065 5310 1260 5371 νυκτὸς
1296 5308 1447 5361 οὐδὲν
1475 5307 1701 5377 ἄμεινον
1729 5307 2033 5360 διακεῖσθαι

351 5399 575 5468 ἐποίησε
604 5399 706 5468 τὴν
743 5400 977 5470 ἡμέραν,
1017 5397 1078 5452 ού
1123 5397 1228 5466 τῆς
1273 5398 1490 5460 ἀκτῖνος
1522 5393 1864 5465 σϐεσθείσης,
1897 5394 2034 5448 ἀλλὰ

351 5487 451 5557 τῆς
502 5487 737 5556 ἀθυμίας
782 5488 877 5540 καὶ
922 5486 1016 5540 τοῦ
1063 5485 1232 5556 φόϐου
1293 5484 1666 5556 πηρωσάντων
1713 5483 1867 5554 ὑμῶν
1909 5484 2033 5546 τοὺς

353 5573 787 5643 ὀφθαλμούς.”1ν’
814 5569 908 5628 οῦν
939 5575 1034 5628 καὶ
1065 5575 1228 5644 ήμεῖς
1249 5573 1470 5625 πλείονα
1492 5569 1916 5643 καρπωσῶμεθα
1935 5571 2033 5641 τὴν

353 5661 568 5730 ἡδονὴν,
604 5662 776 5732 μικρά
801 5663 908 5715 τῶν
933 5663 1054 5716 τότε
1096 5661 1422 5732 συμϐάντων
1449 5657 1813 5730 διηγήσασθαι
1845 5657 2033 5728 βούλο-

359 5766 477 5818 μαι.
511 5750 622 5803 Καὶ
657 5752 766 5820 γὰρ
811 5752 906 5805 καὶ
947 5752 1075 5822 ὑμῖν
1125 5753 1221 5805 καὶ
1265 5752 1378 5813 τοῖς
1431 5747 1820 5819 γενησομένοις
1862 5745 2033 5799 ἆπασι

359 5835 632 5907 χρησίμην
655 5839 766 5908 ὁρῶ
790 5839 889 5908 τὴν
917 5838 1118 5892 τούτων
1140 5839 1391 5908 διήγησιν
1419 5832 1584 5889 οὖσαν
1609 5852 1622 5866 ·
1653 5836 1775 5888 ἐπεὶ
1801 5835 1895 5887 καὶ
1920 5837 2032 5897 τοῖς

421 5958 440 5981 ⁸
471 5959 621 6009 Savil.
649 5962 838 6015 ἐδέξατο
873 5961 950 6008 διὰ
973 5967 1054 6016 τῆς
1086 5962 1306 6021 γνιῖισειιις
1336 5959 1430 6006 τῶν
1450 5959 1715 6021 πρακτέιιιν,
1741 5959 1820 6004 καὶ
1855 5959 1947 6003 τῶν
1977 5957 2030 6004 οὐ

359 6038 622 6086 ιρακίεων,
650 6041 726 6071 και
748 6026 849 6087 περὶ
873 6023 956 6071 τοῦ
981 6020 1278 6086 κατορθῶσαι
1304 6024 1355 6068 16
1378 6023 1443 6086 μή
1471 6020 1655 6083 ομνύειν

2133 4594 2197 4644 ἐκ
2231 4591 2493 4660 ναυαγίου
2522 4590 2866 4644 διασωθεῖσιν
2903 4585 3006 4661 ἡδὺ
3049 4589 3156 4644 τῶν
3204 4592 3464 4661 κυμάτων
3501 4592 3812 4661 μεμνῆσθαι

2132 4681 2226 4733 καὶ
2259 4680 2360 4749 τῆς
2390 4679 2558 4751 ζάλης
2591 4679 2816 4732 καὶτῶν
2855 4677 3094 4747 ἀνέμων,
3123 4677 3344 4731 ἐπειδάν
3368 4680 3450 4742 είς
3487 4679 3681 4749 λιμένα
3709 4697 3810 4732 κα·

2129 4767 2505 4821 ταπλεύσωσι·
2537 4768 2627 4820 καὶ
2664 4769 2778 4830 τοῖς
2829 4765 3114 4838 ἀρρωστία
3155 4765 3513 4836 περιπεσοῦσι
3564 4767 3807 4820 ποθεινὸν

2132 4855 2269 4926 μετά
2295 4855 2393 4925 τὴν
2425 4854 2735 4926 ἀρρωστίαν
2758 4854 2884 4916 τοὺς
2907 4851 3198 4924 πυρετοὺς,
3226 4852 3293 4905 δι’
3317 4853 3410 4916 οὓς
3433 4852 3585 4924 παρὰ
3615 4853 3809 4923 μικρὸν

2127 4939 2289 5014 ἦλθον
2345 4943 2656 5007 ἀποθανεῖν,
2691 4941 2995 5012 διηγεῖσθαι
3040 4941 3177 5012 πρὸς
3223 4940 3460 5012 ἐτέρους.
3487 4943 3654 4994 Ὅταν
3699 4939 3809 5012 γὰρ

2131 5031 2377 5104 παρέλθῃ
2421 5034 2490 5086 τά
2526 5031 2692 5095 δεινὰ,
2721 5030 2915 5101 ἡδονὴν
2966 5028 3079 5100 ἔχει
3124 5027 3233 5082 τῶν
3254 5027 3440 5082 δεινῶν
3468 5031 3500 5099 ἡ
3530 5029 3806 5100 διήγησις,

2129 5122 2228 5192 τῆς
2253 5120 2434 5191 ψυχῆς
2473 5119 2572 5172 οὐκ
2613 5120 2691 5170 ἔτι
2723 5117 3046 5180 δεδοικυίας,
3085 5116 3219 5170 ἀλλά
3269 5117 3364 5169 καὶ
3413 5115 3634 5184 μείζονα
3678 5131 3813 5185 καρ-

2131 5207 2411 5279 πουμένης
2434 5204 2916 5279 τήν-εὐφροσύνην.
2935 5204 3000 5256 Ἦ
3031 5203 3140 5275 γὰρ
3161 5203 3271 5256 τῶν
3306 5202 3683 5274 παρελθόντων
3711 5219 3812 5254 κα-

2131 5277 2254 5349 κῶνἶ
2279 5297 2469 5367 μνήμη
2492 5277 2581 5348 ἀὲὶ
2603 5295 2706 5364 τὴν
2735 5290 3039 5346 ἐνεστῶσαν
3083 5291 3381 5362 εὐημερίαν
3423 5290 3812 5361 ἀκριϐέστερον

2129 5384 2358 5457 ὁρᾶσθαι
2389 5385 2553 5436 ποιεῖ.

2218 5473 2436 5542 Ἐπειδὴ
2490 5473 2598 5542 γὰρ
2636 5471 2698 5525 16
2755 5471 2853 5543 μέν
2919 5468 3080 5523 πλέον
3139 5469 3239 5540 τῆς
3304 5467 3510 5528 πόλεως
3555 5467 3664 5519 ἀπὸ
3715 5474 3813 5526 103'

2133 5565 2300 5632 φόϐου
2347 5562 2441 5615 καὶ
2496 5563 2597 5631 τῆς
2645 5559 2876 5629 ἀπειλῆς
2938 5557 3155 5627 ἐκείνης
3216 5555 3353 5627 πρὸς
3407 5554 3506 5617 τάς
3569 5555 3817 5627 ἐρήμους

2135 5653 2226 5706 καὶ
2253 5653 2353 5713 τὰς
2380 5650 2674 5721 φάραγγας
2707 5649 2802 5700 καὶ
2830 5647 2956 5710 τοὺς
2981 5644 3343 5706 λανθάνοντας
3370 5642 3675 5712 μετῴκιστο
3718 5643 3810 5697 τό-

2135 5757 2290 5804 πους,
2326 5738 2418 5791 τοῦ
2448 5737 2612 5806 φόϐου
2641 5734 2903 5788 πάντοθεν
2926 5734 3124 5795 αὐτοὺς
3149 5729 3584 5797 συνελαύνοντος,
3607 5732 3702 5785 καὶ
3723 5748 3816 5785 κε·-

2133 5829 2224 5882 ναὶ
2259 5828 2355 5900 μὲν
2387 5823 2530 5896 ἦσαν
2557 5823 2833 5893 γυναικῶν
2862 5823 2918 5875 αί
2940 5821 3133 5883 οἰκίαι,
3153 5819 3286 5891 κενὴ
3311 5819 3368 5872 δὲ
3394 5819 3604 5892 ἀνδρῶν
3628 5822 3661 5892 ή
3686 5820 3814 5890 ἀγο-

2138 5918 2225 5988 ρὰ,
2264 5916 2412 5987 μόλις
2452 5913 2505 5966 δὲ
2528 5912 2620 5966 δύο
2644 5911 2677 5981 ἢ
2703 5913 2848 5981 τρεῖς
2882 5906 3188 5978 βαδίζοντες
3209 5909 3266 5961 ἐν
3294 5906 3370 5978 τῷ
3402 5907 3551 5979 μέσῳ
3581 5909 3699 5977 μετ’
3719 5908 3812 5962 ἀλ-

2136 6005 2308 6076 λήλων
2334 6002 2632 6071 ἐφαίνοντο,
2665 6001 2756 6050 καὶ
2790 5997 2941 6052 αὐτοὶ
2986 5990 3130 6051 οῦτοι
3175 5996 3426 6067 καθάπερ
3455 5995 3685 6067 ἔμψυχοι
3725 6011 3814 6052 νε-
