4112 6388
348 413 455 478 43⁸1

351 539 476 608 κροὶ
502 537 830 610 περιιόντες·
874 537 1144 608 ἀπῄειμεν
1161 550 1187 579 ι
1228 541 1309 602 είς
1339 539 1400 593 τὸ
1423 540 1770 612 δικαστήριον
1793 541 1854 593 τὸ
1879 541 2029 605 τέλος

348 626 606 696 ἁλλόμενοι
627 624 736 678 τῶν
759 625 1074 696 γινομένων,
1099 626 1192 678 καὶ
1224 627 1422 690 ἰδόντες
1451 629 1570 693 ἐκεῖ
1595 629 1696 698 τῆς
1724 629 1932 692 πόλεως
1957 631 2026 683 τά

350 713 579 784 λείψανα
625 713 1029 782 συνειλεγμένα,
1081 714 1314 784 μάλιστα
1361 716 1576 768 πάντων
1626 716 2022 789 ἐθαυμάσαμεν

351 802 549 863 ἐκεῖνο,
581 801 662 853 ὅτι
695 799 926 870 πλήθους
958 800 1110 864 ὄντος
1157 803 1286 872 περὶ
1337 802 1436 866 τάς
1485 802 1675 874 θύρας,
1713 804 1788 868 ὡς
1819 805 2029 870 οὐδενὸς

353 891 641 960 παρόντος,
699 887 970 960 βαθυτάτη
1003 885 1072 959 ἦν
1107 893 1140 959 ή
1178 891 1326 961 σιγή,
1371 891 1590 944 πάντων
1641 893 1721 955 είς
1767 891 2031 962 ἀλλήλους

355 978 680 1047 βλεπόντων,
700 981 793 1031 καὶ
817 979 954 1048 μήτε
977 977 1196 1048 ἐρέσθαι
1219 978 1308 1030 τὸν
1333 979 1676 1049 παρεστῶτα,
1705 981 1841 1051 μήτε
1867 981 2030 1033 ἀκοῦ-

356 1066 447 1118 σαί
490 1085 540 1118 τι
595 1069 718 1137 παρ’
745 1065 952 1118 ἐκείνου
1003 1065 1307 1136 τολμῶντός
1337 1083 1498 1129 τινος.
1529 1067 1632 1120 Τὸν
1659 1069 1768 1138 γὰρ
1801 1069 2027 1138 πλησίον

355 1153 678 1206 ὑπώπτευεν
706 1153 956 1216 ἕκαστος,
980 1153 1068 1206 διά
1089 1155 1149 1205 τὸ
1172 1154 1398 1216 πολλοὺς
1423 1155 1520 1225 ἤδη
1551 1158 1681 1227 παρ’
1711 1157 1901 1210 ἐλπίδα
1923 1161 2028 1212 πᾶ-

350 1258 448 1294 σαν
493 1243 558 1294 ἐκ
597 1241 770 1312 μέσης
812 1242 1263 1311 ἀναρπασθέντας
1308 1242 1405 1311 τῆς
1447 1243 1672 1314 ἀγορᾶς,
1712 1244 1860 1298 ἔνδον
1898 1264 2024 1299 κατ-

347 1329 566 1398 έχεσθαι
589 1349 600 1359 ·
629 1330 722 1380 καὶ
745 1330 944 1391 πάντες
973 1331 1124 1398 κοινῇ
1153 1332 1289 1399 πρὸς
1318 1329 1408 1381 τὸν
1436 1331 1664 1400 οὐρανὸν
1691 1332 2021 1402 ἐϐλέπομεν,

346 1417 440 1468 καὶ
472 1416 570 1478 τὰς
599 1419 786 1486 χεῖρας
817 1416 1161 1485 ἀνετείνομεν
1193 1419 1318 1487 σιγῇ
1349 1418 1448 1486 τὴν
1489 1418 1696 1472 ἀνωθεν
1733 1417 2024 1491 ἐκδεχόμε-

344 1523 424 1558 νοι
460 1506 654 1576 ῥοπὴν,
687 1507 778 1558 καὶ
812 1506 943 1558 Θεὸν
970 1505 1412 1576 παρακαλοῦντες
1443 1507 1789 1578 παραστῆναί
1818 1527 1876 1562 τε
1909 1514 2024 1574 τοῖς

342 1594 743 1662 δικαζομένοις,
777 1593 870 1646 καὶ
900 1593 1136 1663 μαλάξαι
1167 1595 1267 1658 τάς
1288 1595 1396 1647 τῶν
1421 1595 1747 1659 δικαζόντων
1774 1598 2018 1668 καρδίας,

344 1682 439 1734 καὶ
487 1682 714 1750 ποιῆσαι
756 1683 962 1753 ἥμερον
989 1682 1240 1750 γενέσθαι
1269 1683 1366 1754 τὴν
1391 1683 1594 1752 ψῆφον.
1623 1685 1734 1737 Καὶ
1772 1687 2020 1759 καθάπερ

343 1771 392 1821 οἱ
415 1770 540 1831 τοὺς
567 1769 934 1837 ναυαγοῦντας
962 1769 1069 1823 ἀπὸ
1095 1771 1194 1840 τῆς
1227 1771 1330 1840 γῆς
1357 1771 1662 1840 βλέποντες,
1701 1773 2020 1844 προσελθεῖν

345 1857 444 1926 μὲν
495 1857 588 1910 καὶ
635 1860 791 1927 χεῖρα
819 1856 1001 1928 ὀρέξαι
1034 1859 1125 1911 καὶ
1154 1858 1446 1929 διορθῶσαι
1483 1858 1632 1932 [154]
1677 1861 1776 1932 τὴν
1813 1878 2020 1932 συμφοο

341 1943 444 2015 ράν
473 1946 572 1997 οὐκ
597 1944 797 2015 έχουσι,
821 1948 932 2008 τοῖς
963 1945 1170 2016 κύμασι
1193 1946 1576 2018 διειργόμενοι,
1607 1949 1806 2014 ἔξωθεν
1836 1949 1891 2002 δέ
1910 1950 2018 2004 ἀπὸ

339 2030 451 2084 τῶν
480 2033 741 2100 αἰγιαλῶν
779 2035 875 2096 τάς
905 2036 1091 2104 χεῖρας
1115 2036 1508 2098 ἀνατείνοντες,
1545 2037 1639 2088 καὶ
1667 2036 2015 2106 δακρύοντες,

340 2119 432 2173 τὸν
452 2119 582 2172 Θεὸν
607 2121 984 2189 παρακαλοῦσι
1009 2124 1357 2193 παραστῆναι
1381 2125 1494 2186 τοῖς
1516 2124 2014 2195 κλυδωνιζομένοιςσ

341 2205 484 2260 οὕτω
524 2209 617 2261 καὶ
649 2209 884 2263 ἐνταῦθα
914 2211 1116 2273 πάντες
1149 2213 1274 2280 σιγῇ
1309 2212 1404 2264 καὶ
1433 2211 1576 2264 κατά
1617 2211 1856 2266 διάνοιαν
1889 2215 2019 2268 ἐκά-

340 2295 466 2348 λουν
495 2295 584 2350 τὸν
619 2296 769 2360 Θεὸν,
798 2297 1073 2363 ἀξιοῦντες
1099 2300 1210 2361 τοῖς
1242 2299 1300 2350 ἐν
1339 2297 1418 2368 τῷ
1455 2298 1809 2371 δικαστηρίῳ,
1843 2303 2018 2356 καθά-

341 2400 448 2456 περ
494 2385 551 2436 ἐν
592 2384 830 2455 κύμασιν
875 2385 1311 2455 ἁνειλημμένοις,
1345 2388 1501 2456 χεῖρα
1560 2387 1764 2457 ὀρέξαι,
1799 2390 1892 2442 καὶ
1941 2392 2016 2464 μή

343 2471 698 2542 συγχωρῆσαι
727 2472 1218 2543 καταποντισθῆναι
1241 2471 1301 2524 τὸ
1327 2474 1553 2542 σκάφος,
1585 2475 1722 2544 μηδέ
1749 2478 1830 2539 είς
1855 2480 2019 2532 ναυά-

339 2575 458 2626 γιον
484 2560 744 2624 παντελές
766 2560 1064 2614 καταλῦσαι
1086 2561 1195 2613 τῶν
1218 2561 1543 2623 δικαζόντων
1565 2563 1665 2633 τὴν
1688 2563 1888 2634 κρίσιν.
1907 2567 2017 2620 Καὶ

339 2645 510 2700 ταῦτα
549 2649 645 2718 μὲν
690 2645 756 2720 ῆν
806 2649 911 2720 πρὸ
943 2648 1049 2700 τῶν
1082 2649 1259 2720 θυρῶν
1281 2665 1294 2678 ·
1325 2649 1511 2720 ἐπειδὴ
1542 2649 1598 2702 δὲ
1630 2650 1891 2724 ἐνδοτέρω
1920 2654 2019 2726 τῆς

339 2733 512 2804 αὐλῆς
543 2735 852 2806 εἰσέϐημεν,
893 2736 1053 2789 πάλιν
1079 2737 1290 2805 εἴδομεν
1315 2737 1476 2808 ἕτερα
1505 2737 1857 2811 φοϐερώτερα
1890 2741 2016 2794 τού-

339 2839 468 2882 των,
505 2824 840 2893 στρατιώτας
885 2823 1370 2894 καθωπλισμένους
1400 2825 1575 2893 ξίφεσι
1611 2826 1706 2879 καὶ
1739 2827 2014 2896 ῥοπάλοις,

341 2911 436 2962 καὶ
467 2911 663 2980 πολλὴν
688 2914 800 2975 τοῖς
828 2912 974 2965 ἔνδον
992 2913 1020 2952 ι)
1042 2911 1325 2976 δικάζουσι
1356 2914 1456 2985 τὴν
1485 2914 1719 2985 ἡσυχίαν
1751 2916 2019 2988 παρέχονο

339 3015 456 3062 τας.
477 2999 692 3071 Ἐπειδὴ
735 3000 844 3071 γὰρ
883 3002 932 3053 οἱ
968 3003 1338 3071 προσήκοντες
1368 3002 1605 3065 ἅπαντες
1639 3003 1888 3069 ἐκείνοις,
1925 3007 2017 3058 καὶ

340 3089 618 3154 γυναῖκες,
655 3089 748 3141 καὶ
780 3087 1035 3161 μητέρες,
1071 3089 1166 3141 καὶ
1199 3086 1518 3160 θυγατέρες,
1547 3089 1643 3143 καὶ
1669 3090 1906 3162 πατέρες
1936 3092 2017 3143 εί-

343 3179 637 3230 στήκεισαν
687 3176 792 3249 πρὸ
836 3176 946 3230 τῶν
997 3175 1090 3230 τοῦ
1139 3175 1489 3247 δικαστηρίου
1523 3176 1726 3249 θυρῶν,
1767 3172 1932 3239 ὥστε,
1967 3178 2023 3232 εί

338 3280 460 3316 τινα
490 3265 729 3336 συμϐαίη
758 3265 854 3336 τὴν
895 3265 990 3318 ἐπὶ
1033 3265 1264 3318 θάνατον
1289 3263 1676 3336 ἀπενεχθῆναι,
1709 3266 1914 3336 μηδένα
1952 3269 2018 3338 τῇ

376 3353 441 3424 έα
481 3354 582 3424 τῆς
619 3355 903 3424 συμφορᾶς
933 3353 1322 3424 ἐμπρησθέντα
1365 3352 1592 3423 θόρυϐόν
1629 3372 1752 3408 τινα
1793 3355 2018 3426 ποιῆσαι

343 3441 440 3492 καὶ
465 3441 732 3513 ταραχὴν,
759 3441 1043 3513 πόρρωθεν
1078 3440 1304 3509 ἐφόϐουν
1331 3441 1382 3493 οἱ
1415 3442 1743 3513 στρατιῶται
1786 3443 2017 3508 πάντας,

341 3531 959 3601 προκαταλαμϐάνοντες
983 3541 1005 3570 ο
1040 3531 1216 3584 αὐτῶν
1241 3531 1322 3602 τῷ
1345 3531 1454 3584 δέει
1485 3533 1586 3602 τὴν
1613 3531 1872 3588 διάνοιαν.

415 3621 489 3673 Τὸ
517 3621 573 3674 δὲ
596 3622 812 3675 πάντων
840 3621 1223 3692 ἐλεεινότερον,
1250 3626 1431 3694 μήτηρ
1451 3621 1550 3692 μία
1568 3623 1662 3674 καὶ
1689 3621 1890 3694 ἀδελφὴ
1911 3621 2021 3676 τῶν

339 3709 489 3762 ἔνδον
514 3710 848 3780 κρινομένων
881 3709 1046 3772 τινὸς,
1071 3711 1206 3782 πρὸς
1232 3711 1372 3765 αὐτά
1391 3710 1501 3764 τῶν
1533 3709 1861 3773 δικαζόντων
1885 3713 2018 3767 ἐκά-

339 3798 505 3868 θηντο
546 3798 615 3850 τὰ
669 3799 938 3870 πρόθυρα,
974 3799 1384 3870 κυλινδούμεναι
1417 3801 1546 3871 περὶ
1577 3801 1639 3853 τὸ
1683 3801 1898 3870 ἔδαφος,
1929 3802 2024 3855 καὶ

342 3887 521 3940 κοινὸν
553 3883 710 3940 οὖσαι
739 3888 965 3960 θέατρον
995 3892 1107 3952 τοῖς
1139 3887 1499 3960 περιεστῶσιν
1523 3887 1716 3952 ἅπασι,
1752 3889 2024 3957 συγκαλυ-

341 3975 609 4046 πτόμεναι
651 3976 748 4039 τὰς
780 3977 950 4046 ὄψεις,
981 3978 1074 4030 καὶ
1111 3976 1360 4031 τοσοῦτον
1406 3977 1790 4047 αἰσχυνόμεναι
1840 3979 2018 4048 μόνον,

339 4063 464 4118 ὅσον
500 4065 800 4137 ἐπέτρεπεν
827 4070 860 4138 ή
882 4067 980 4135 τῆς
1007 4069 1292 4139 συμφορᾶς
1320 4067 1532 4138 ἀνάγκη
1549 4084 1562 4097 ⁸
1596 4069 1690 4120 καὶ
1712 4067 1834 4120 οὐτε
1862 4069 2024 4140 θερα-

339 4153 527 4216 παινὶς
556 4153 746 4218 αὐταῖς
779 4156 982 4226 παρῆν,
1013 4155 1136 4208 οὐτε
1179 4156 1396 4225 γείτων,
1425 4155 1548 4209 οὐτε
1579 4157 1730 4227 φίλη,
1759 4157 1859 4210 οὐκ
1887 4158 2020 4231 άλλη

339 4259 424 4306 τις
461 4241 570 4297 τῶν
617 4245 958 4315 ἐπιτηδείων,
988 4245 1126 4300 ἀλλά
1166 4247 1326 4316 μόναι
1365 4245 1503 4316 μετά
1527 4247 1761 4300 εὐτελῶν
1791 4249 2022 4319 ἱματίων

341 4337 400 4387 ἐν
449 4335 600 4406 μέσῳ
644 4333 916 4387 τοσούτων
963 4333 1373 4405 ἀπειλημμέναι
1421 4336 1801 4406 στρατιωτῶν,
1846 4339 2023 4408 χαμαὶ

343 4424 657 4494 συρόμεναι-
680 4424 809 4494 περὶ
855 4422 953 4485 τάς
1001 4422 1170 4494 θύρας
1203 4423 1391 4486 αὐτὰς,
1423 4423 1532 4476 τῶν
1561 4424 1706 4478 ἔνδον
1739 4425 2025 4496 δικαζομέ-

341 4531 448 4567 νων
470 4511 805 4582 ἐλεεινότερα
831 4509 1089 4580 ἔπασχον,
1112 4513 1210 4582 τῆς
1236 4512 1348 4565 τῶν
1367 4511 1575 4582 δημίων
1595 4511 1889 4567 ἀκούουσαι
1912 4531 2024 4582 φω-

341 4601 459 4670 νῆς,
488 4599 582 4653 τοῦ
614 4598 818 4652 κτύπου
846 4598 954 4651 τῶν
987 4598 1288 4670 μαστίγων,
1319 4599 1413 4652 τοῦ
1448 4600 1648 4671 θρήνου
1681 4601 1790 4653 τῶν
1824 4618 2022 4671 μαστι-

343 4688 608 4758 ζομένων,
629 4688 728 4757 τῆς
759 4687 993 4758 φοϐερᾶς
1014 4689 1124 4741 τῶν
1147 4688 1475 4752 δικαζόντων
1500 4689 1750 4759 ἀπειλῆς,
1782 4689 1877 4742 καὶ
1897 4689 2021 4743 καθ’

343 4777 576 4829 ἕκαστον
605 4775 712 4829 τῶν
750 4775 1060 4845 παιομένων
1092 4776 1482 4848 χαλεπωτέρας
1516 4776 1783 4832 ἐκείνωνά
1819 4777 2024 4848 ὑπέμε-

344 4881 436 4917 νον
480 4863 671 4925 ὀδύνας
714 4856 1131 4934 αὖται.Ἐπειδὴ
1180 4865 1286 4936 γὰρ
1321 4865 1377 4916 ἐν
1410 4867 1529 4928 ταῖς
1562 4865 1765 4936 ἐτέρων
1811 4883 2022 4938 μαρτυ-

349 4953 496 5023 ρίαις
521 4951 889 5005 ἐκινδυνεύετο
919 4955 951 5022 ή
987 4951 1096 5005 τῶν
1119 4953 1480 5024 ἐγκλημάτων
1505 4954 1797 5020 ἀπόδειξις,
1821 4955 2022 5009 εἴποτέ

345 5057 490 5102 τινος
521 5039 748 5110 ᾔσθοντο
789 5042 1208 5112 μαστιζομένου,
1237 5042 1378 5096 ὥστε
1413 5045 1586 5095 εἰπεῖν
1633 5047 1760 5106 τοὺς
1789 5043 2023 5097 ὑπευθύ-

347 5131 615 5193 νους,καὶ
658 5129 1020 5193 όλολύζοντος,
1053 5132 1132 5193 είς
1181 5131 1270 5183 τὸν
1320 5131 1544 5202 οὐρανὸν
1589 5131 1882 5200 βλέπουσαι
1931 5134 2023 5186 τὸν

349 5217 482 5270 Θεὸν
514 5217 858 5288 παρεκάλουν
889 5217 1074 5272 δοῦναί
1103 5236 1226 5271 τινα
1271 5221 1423 5290 ἰσχὺν
1454 5219 1547 5273 καὶ
1579 5220 1853 5292 ὑπομονὴν
1881 5221 2025 5292 ἐκεί-

351 5324 448 5378 νῳ,
482 5304 622 5359 ὥστε
661 5305 735 5376 μὴ
768 5305 878 5359 τῶν
901 5307 1080 5368 αὐτοῖς
1115 5307 1497 5377 προσηκόντων
1537 5307 1635 5378 τήν
1672 5291 1942 5378 σωτηρίαν
1967 5309 2024 5362 ἐν

350 5397 472 5458 ταῖς
500 5394 702 5467 ἐτέρων
742 5394 1050 5458 ἀσθενείαις
1077 5394 1428 5466 προδοθῆναι,
1475 5395 1573 5466 τήν
1614 5396 1865 5467 δριμεῖαν
1916 5397 2024 5451 ἀπὸ

353 5482 462 5536 τῶν
492 5482 718 5554 πληγῶν
746 5481 936 5552 ὀδύνην
974 5483 1048 5554 μὴ
1070 5483 1384 5554 δυναμένων
1410 5484 1682 5552 ἐνεγκεῖν·
1709 5486 1802 5537 καὶ
1830 5485 2024 5538 ταυτὸν

356 5571 516 5624 πάλιν
546 5565 658 5624 οἷον
705 5570 799 5624 ἐπὶ
833 5571 943 5624 τῶν
976 5570 1389 5641 χειμαζομένων
1424 5571 1726 5626 συνέϐαινε.
1758 5573 2026 5644 Καθάπερ

419 5694 444 5723 α
469 5691 553 5742 Sic
574 5693 758 5758 plaguil
779 5695 1083 5758 [egergcun]
1111 5695 1243 5753 Sav.,
1269 5696 1318 5744 in
1341 5699 1591 5758 prmlerilo
1615 5712 1638 5745 ιι
1662 5699 1876 5746 ιιιριηιιιο
1890 5701 2026 5748 ἀπει-

357 5755 902 5831 μιηηοιι-υ-ιίιιᾼοτείςθι
926 5755 1120 5831 Μοιιιίπ
1139 5755 1353 5831 ἀπίεμεν
1375 5760 1506 5820 quod
1539 5761 1596 5807 ad
1635 5761 1770 5810 vorbi
1808 5762 2025 5811 inusitati

354 5822 528 5878 ἀπίημι
551 5828 767 5876 praesens
792 5822 984 5878 tempus
995 5822 1290 5878 pertineret.
1310 5822 1440 5868 Enn.

418 5879 447 5918 δ
466 5877 616 5927 Savil.
644 5877 907 5939 aliquidam’
936 5877 1048 5926 mSS.
1073 5881 1170 5936 τοῖς
1189 5881 1382 5930 ἔνδοθεν.

423 5943 446 6006 (ξ
476 5940 627 6006 ﬁdem
646 5938 822 6006 πάντας
843 5942 1102 6006 πρρκαταλ.
1131 5941 1301 6006 Morel.
1327 5946 1529 5992 πάντων.
1555 5961 1632 6006 πρ.

421 6000 450 6042 d
476 6000 648 6065 Morel.
679 6005 730 6048 el
757 6000 925 6065 Monii.
952 6003 1049 6048 τῶν
1083 6005 1368 6065 παιομένων.
1394 6000 1667 6056 Pronom'en
1698 6005 1848 6055 habet
1873 6007 2022 6057 Savil.

358 6071 413 6117 ει
439 6065 561 6127 legit
585 6063 835 6124 interpres
881 6061 1014 6114 Eorr.

1093 421 1156 475 8.
1193 417 1481 478 JOANNIS
1518 421 2017 479 CHRYSOSTOM!
2060 422 2385 479 ARCIIIEP.
2425 419 2981 479 CONSTANTINOP.

3703 419 3808 478 133

2134 540 2243 612 γὰρ
2275 543 2493 606 ἐκεῖνοι,
2526 539 2581 593 εἴ
2612 557 2742 593 ποτε
2774 539 3016 611 κύματος
3048 538 3209 594 ίδοιεν
3247 537 3480 610 ἐμϐολήν
3523 537 3808 609 πόρρωθεν

2133 645 2368 698 κορυφου
2377 627 2545 698 μένην
2569 628 2661 681 καὶ
2682 627 2822 681 κατά
2848 628 3040 699 μικρὸν
3065 627 3368 699 αὐξομένην
3391 630 3485 680 καὶ
3508 625 3807 698 μέλλουσαν

2137 713 2420 784 βαπτίζειν
2449 715 2512 767 τὸ
2549 716 2774 783 σκάφος,
2806 716 2901 768 καλ¹
2945 715 3074 786 πρὶν
3107 715 3142 786 ἢ
3177 714 3401 786 πλησίον
3428 713 3678 782 γενέσθαι
3706 709 3803 765 τοῦ

2137 802 2318 854 πλοίου
2367 801 2876 873 προαποτεθνήκασι
2919 801 2996 873 τῷ
3023 802 3164 855 δέει·
3196 801 3338 855 οὕτω
3365 800 3428 872 δὴ
3458 803 3724 866 κάκεῖναι,
3751 800 3807 852 el

2131 907 2260 942 ποτε
2305 890 2496 959 φωνῶν
2543 890 2638 943 καὶ
2669 890 2986 961 ὀλολυγμῶν
3013 891 3240 961 ᾔσθοντο
3275 890 3609 961 φερομένων,
3633 889 3805 942 δεδοι-

2130 981 2279 1032 κυῖαι
2312 979 2385 1049 μὴ
2421 978 2558 1050 πρὸς
2585 982 2685 1042 τὰς
2729 979 2992 1048 βασάνους
3030 981 3503 1049 ἀπαγορεύσαντες
3545 981 3592 1032 οἱ
3635 994 3810 1031 κατι-

2132 1068 2430 1136 μαρτυρεῖν
2465 1066 2920 1137 ἀναγκαζόμενοι,
2947 1067 3246 1120 κατείπωσί
3286 1084 3430 1130 τινος
3465 1065 3573 1118 τῶν
3616 1065 3805 1127 αὐτοῖς

2126 1154 2470 1224 ἐπιτηδείων,
2512 1158 2738 1226 μυρίους
2770 1155 2878 1225 πρὸ
2917 1155 3026 1208 τῶν
3065 1155 3359 1225 ὀφθαλμῶν
3404 1154 3590 1226 ἐώρων
3635 1154 3804 1206 θανάο

2124 1256 2270 1303 τους.
2305 1242 2412 1294 Καὶ
2437 1238 2502 1312 ἦν
2541 1243 2669 1294 ίδεῖν
2693 1243 2839 1295 ἔνδον
2876 1241 3164 1312 βασάνους,
3192 1241 3294 1306 ἔξω
3334 1241 3626 1312 βασάνους·
3658 1242 3804 1294 ἐκεί..

2125 1345 2249 1391 νους
2277 1329 2374 1398 μὲν
2399 1329 2508 1400 γὰρ
2537 1332 2585 1382 οἱ
2613 1330 2818 1400 δήμιοι,
2851 1329 3052 1392 ταύτας
3077 1329 3133 1382 δέ
3161 1328 3478 1394 ἐϐασάνιζεν
3507 1330 3539 1400 ή
3567 1330 3666 1398 τῆς
3695 1327 3802 1396 φύ-

2125 1433 2262 1480 σεως
2284 1420 2535 1488 τυραννὶς
2563 1437 2658 1471 και
2686 1419 2718 1488 ή
2746 1419 2854 1470 τῶν
2885 1418 3209 1488 σπλάγχνων
3234 1416 3544 1488 συμπάθεια
3567 1433 3580 1446 ·
3615 1419 3710 1469 καὶ
3732 1413 3801 1487 ἦν

2122 1503 2272 1556 ἔνδον
2319 1504 2534 1575 θρῆνος.
2574 1505 2679 1572 ἔξω
2714 1505 2912 1575 θρῆνος
2937 1523 2949 1534 ο
2998 1505 3144 1559 ἔνδον
3176 1505 3285 1558 τῶν
3329 1505 3665 1570 ὑπευθύνων,
3697 1504 3808 1569 ἕξις)

2119 1591 2230 1644 τῶν
2259 1593 2441 1657 αὐτοῖς
2477 1592 2628 1665 [155]
2670 1594 3074 1665 προσηκόντων.
3099 1593 3316 1648 Μᾶλλον
3335 1593 3391 1646 δέ
3415 1594 3512 1662 οὐχ
3537 1589 3679 1646 οὗτοι
3705 1594 3801 1661 μό-

2121 1697 2232 1743 νον,
2268 1680 2404 1734 am
2453 1682 2546 1734 καὶ
2576 1683 2730 1735 αὐτοὶ
2778 1683 2828 1734 οἱ
2877 1681 3188 1746 δικάζοντες
3223 1681 3480 1753 ἐθρήνουν
3513 1681 3652 1735 κατὰ
3682 1680 3799 1733 διά-

2120 1783 2288 1831 νοιαν,
2327 1768 2420 1821 καὶ
2470 1768 2824 1840 χαλεπώτερα
2881 1769 3100 1822 πάντων
3147 1769 3406 1838 ἔπασχον,
3443 1767 3584 1822 οὑτω
3625 1769 3798 1840 πικρᾷ

2118 1855 2395 1927 τραγῳδία
2417 1856 2853 1926 ἀναγκαζόμενοι
2887 1858 3009 1910 τότε
3043 1858 3356 1928 ὐτηρετεῖν.

2192 1942 2261 2012 β’.
2280 1942 2422 2011 Ἐγὼ
2455 1943 2513 1996 δὲ
2535 1944 2996 2014 παρακαθήμενος
3027 1946 3120 1998 καὶ
3149 1948 3324 1998 ταῦτα
3355 1943 3678 2015 βλέπων,ὄτι
3703 1961 3801 2012 γυ-

2117 2032 2304 2092 ναῖκες
2329 2030 2423 2083 καὶ
2459 2031 2722 2102 παρθένοι
2758 2031 3196 2104 θαλαμευόμεναι
3225 2031 3321 2086 νῦν
3354 2031 3528 2086 κοινὸν
3553 2032 3800 2101 ἐγένοντο

2119 2117 2346 2188 θέατρον
2374 2119 2569 2184 άπασι,
2599 2121 2695 2172 καὶ
2728 2121 2785 2172 αί
2829 2121 2923 2172 ἐπὶ
2969 2120 3258 2192 στρωμνῆς
3287 2120 3500 2190 ἁπαλῆς
3536 2119 3800 2174 κατακλιο

2117 2206 2363 2276 νόμεναι,
2387 2206 2450 2259 τὸ
2475 2206 2669 2275 ἔδαφος
2698 2207 2820 2260 ἀντὶ
2848 2209 3138 2279 στρωμνῆς
3159 2207 3360 2278 ἔχουσι,
3395 2209 3486 2261 καὶ
3518 2209 3575 2260 αἱ
3603 2206 3800 2259 τοσαύ-

2115 2309 2211 2362 της
2233 2293 2603 2350 ἀπολαύουσαι
2624 2295 2918 2366 θεραπείας
2940 2295 3356 2366 θεραπαινίδων,
3382 2296 3676 2365 εὐνούχων,
3697 2295 3799 2365 τῆς

2117 2379 2285 2450 ἄλλης
2319 2382 2538 2451 ἀπάσης
2578 2384 2901 2452 φαντασίας,
2933 2382 3027 2436 νῦν
3061 2385 3314 2437 ἁπάντων
3348 2385 3569 2436 ἐκείνων
3601 2383 3800 2455 ἔρημοι

2117 2468 2254 2539 πρὸς
2263 2470 2386 2533 τούς
2401 2470 2654 2522 ἀπάντων
2668 2471 2924 2540 σύρονται
2938 2472 3121 2534 πόδας,
3137 2471 3365 2525 ἕκαστον
3383 2470 3798 2542 παρακαλοῦσαι

2119 2561 2550 2625 συνεισενεγκεῖν
2565 2575 2616 2610 τι
2632 2557 2741 2610 τῶν
2760 2561 2839 2622 είς
2862 2559 3020 2611 αὐτὸν
3046 2559 3284 2630 ἡκόντων
3303 2562 3411 2622 τοῖς
3433 2558 3798 2630 κρινομένοις,

2124 2650 2220 2704 καὶ
2232 2649 2408 2703 κοινὸν
2422 2648 2574 2721 παρά
2589 2648 2806 2702 πάντων
2822 2647 2975 2700 ἐλέου
2989 2648 3105 2700 τινὰ
3122 2646 3312 2718 ἔρανον
3329 2647 3450 2714 γενέ
3459 2643 3803 2711 σθαι,ἐφθεγ-

2120 2738 2298 2809 ξάμην
2345 2738 2525 2791 ἐκεῖνο
2556 2737 2616 2790 τὸ
2661 2735 2755 2789 τοῦ
2786 2735 3156 2806 Σολομῶντος,
3202 2736 3535 2798 Ματαιότης
3560 2747 3803 2801 ματαιο-

2115 2815 2330 2884 τήτων,
2351 2816 2424 2869 τὰ
2468 2815 2665 2869 πάντα
2696 2819 3043 2885 ματαιότης.
3073 2813 3224 2869 Εἶδον
3245 2817 3354 2886 γὰρ
3375 2815 3530 2867 τοῦτό
3553 2830 3611 2867 τε
3639 2814 3793 2877 αὐτὸ,

2115 2904 2209 2956 κα)⁵
2233 2903 2417 2975 ἕτερον
2443 2902 2620 2972 λόγιον
2641 2904 2705 2958 δι’
2733 2905 2910 2958 αὐτῶν
2931 2905 3037 2957 τῶν
3057 2895 3232 2976 ἔργων
3253 2903 3518 2966 ἐκϐαῖνον,
3536 2903 3596 2956 τὸ
3613 2902 3792 2969 λέγον,

2115 2991 2216 3056 ὅτι,
2272 2991 2444 3046 Πᾶσα
2491 2991 2641 3057 δόξα
2685 2991 2998 3057 ἀνθρώπου
3034 2998 3112 3057 ὠς
3155 2989 3335 3056 ἄνθος
3365 2991 3616 3059 χόρτου·
3659 2990 3797 3059 ἑξη-

2104 3079 2301 3148 ριίνθη
2350 3083 2384 3134 ό
2439 3081 2688 3150 χόρτος,
2730 3080 2826 3134 καὶ
2879 3080 2947 3134 τὸ
2990 3079 3172 3145 ἄνθος
3215 3079 3486 3144 ἐξέπεσε.
3528 3079 3637 3132 Καὶ
3684 3080 3795 3150 γάρ

2118 3167 2345 3232 πλοῦτος
2368 3167 2514 3232 τότε,
2549 3169 2642 3221 καὶ
2665 3168 2934 3237 εὐγένεια,
2969 3167 3064 3220 καὶ
3102 3168 3450 3238 περιφάνεια.
3489 3169 3584 3221 καὶ
3617 3167 3791 3236 φίλων

2117 3256 2442 3326 προστασία,
2471 3257 2566 3310 καὶ
2597 3257 2911 3326 συγγένεια,
2942 3257 3038 3310 καὶ
3073 3256 3246 3310 πάντα
3277 3255 3538 3326 ἠλέγχετο
3562 3256 3631 3309 τὰ
3665 3255 3794 3326 βιωο

2115 3345 2264 3408 τικά,
2285 3345 2384 3416 τῆς
2406 3345 2678 3416 ἁμαρτίας
2699 3346 2790 3398 καὶ
2813 3347 2910 3416 τῆς
2931 3343 3278 3416 παρανομίας
3300 3345 3400 3414 τῆς
3421 3343 3794 3413 γεγενημένης

2116 3431 2216 3502 τήν
2249 3432 2558 3504 συμμαχίαν
2596 3433 2813 3487 ἃπασαν
2843 3432 3191 3503 τρεψαμένης
3233 3430 3452 3502 ταύτην,
3488 3432 3596 3484 Καὶ
3619 3431 3793 3485 καθά-

2119 3535 2226 3590 περ
2250 3521 2431 3592 μήτηρ
2469 3521 2766 3590 στρουθῶν,
2801 3521 2909 3572 τῶν
2930 3519 3156 3573 νεοττῶν
3179 3520 3600 3590 ἀφαιρεθέντων,
3619 3519 3800 3574 ἐλθοῦ-

2121 3624 2190 3660 σα
2230 3609 2325 3662 καὶ
2371 3609 2468 3679 τὴν
2500 3608 2693 3662 καλιὰν
2729 3607 2964 3678 εὑροῦσα
3009 3610 3210 3680 κενὴν,
3255 3607 3533 3672 ἐξελέσθαι
3584 3607 3682 3678 μὲν
3729 3609 3794 3661 οὐ

2118 3695 2338 3750 δύναται
2375 3697 2501 3758 τοὺς
2530 3697 2758 3760 ἁλόντας
2789 3696 2961 3766 αὐτῆς
2999 3698 3268 3760 νεοττοὺς,
3298 3697 3702 3768 περιιπταμένη
3735 3696 3797 3749 δέ

2119 3783 2212 3837 τοῦ
2241 3783 2476 3855 θηρατοῦ
2514 3785 2611 3847 τὰς
2639 3787 2850 3856 χεῖρας,
2880 3783 3030 3854 αὐτῷ
3067 3783 3243 3854 τούτῳ
3276 3783 3372 3853 τὴν
3405 3783 3597 3852 ὀδύνην
3628 3782 3798 3835 ἐνδεί-

2120 3889 2342 3926 κνυται·
2371 3871 2514 3926 οὕτω
2546 3873 2610 3944 δὴ
2643 3875 2740 3926 καὶ
2772 3875 2826 3925 αἱ
2860 3875 3116 3941 γυναῖκες
3149 3873 3366 3926 ἐποίουν
3404 3872 3525 3924 τότε
3564 3873 3789 3932 ἐκεῖναι.

2120 3960 2578 4032 ἀναρπασθέντων
2624 3962 2814 4024 αὐταῖς
2849 3962 2914 4013 ἐκ
2952 3961 3051 4031 τῆς
3083 3961 3261 4024 οἰκίας
3297 3960 3404 4014 τῶν
3438 3959 3661 4022 παίδων.
3696 3959 3794 4014 καὶ

2119 4048 2266 4102 ἔνδον
2304 4048 2748 4120 ἀπειλημμένων,
2783 4047 2972 4120 ὥσπερ
3004 4051 3062 4103 ἐν
3086 4048 3289 4120 δικτύῳ
3320 4050 3428 4103 τινὶ
3459 4050 3552 4102 καὶ
3579 4048 3790 4117 παγίδι,

2121 4136 2440 4208 προσελθεῖν
2473 4137 2571 4208 μὲν
2603 4137 2698 4189 καὶ
2728 4135 3003 4200 ἐξελέσθαι
3038 4138 3164 4201 τοὺς
3195 4137 3422 4200 ἁλόντας
3451 4139 3550 4190 οὐκ
3587 4137 3791 4206 ἴσχυον,

2119 4224 2197 4294 τῷ
2225 4224 2283 4278 δὲ
2312 4226 2437 4296 περὶ
2462 4225 2558 4289 τὰς
2584 4225 2751 4296 θύρας
2785 4225 2959 4288 αὐτὰς
2993 4225 3379 4290 καλινδεῖσθαι,
3421 4229 3512 4278 καὶ
3551 4225 3790 4296 θρηνεῖν,

2121 4314 2216 4365 καὶ
2242 4313 2622 4386 ὀλοφύρεσθαι,
2649 4316 2742 4367 καὶ
2772 4315 2878 4368 τῶν
2910 4313 3294 4385 θηρευσάντων
3317 4313 3608 4384 πειρᾶσθαι
3638 4314 3794 4380 γενέ-

2121 4407 2244 4461 σθαι
2259 4407 2446 4475 ἐγγὺς,
2465 4405 2563 4476 τήν
2583 4405 2776 4476 ὀδύνην
2795 4405 3085 4462 ἐδείκνυον.
3117 4405 3302 4460 Ταῦτα
3312 4406 3377 4476 δὴ
3400 4406 3518 4460 τότε
3537 4405 3698 4475 ὁρῶν,
3719 4411 3804 4472 εἰς

2127 4493 2251 4549 νοῦν
2279 4494 2552 4564 ἐϐαλόμην
2575 4505 2597 4532 θ
2620 4495 2680 4547 τὸ
2703 4494 2934 4565 φοϐερὸν
2951 4495 3126 4548 ἐκεῖνο
3143 4495 3514 4564 δικαστήριον,
3544 4489 3642 4550 καί
3662 4496 3802 4567 πρὸς

2120 4583 2356 4654 ἐμαυτόν
2378 4578 2532 4636 εἶπον
2553 4600 2566 4614 ο
2591 4584 2654 4636 Εἰ
2685 4585 2780 4636 νῦν
2809 4583 3112 4654 ἀνθρώπων
3132 4584 3480 4649 δικαζόντων,
3505 4586 3565 4638 οὐ
3592 4586 3799 4658 μήτηρ,

2119 4669 2218 4720 οὐκ
2255 4666 2476 4738 ἀδελφή,
2507 4667 2568 4720 οὐ
2593 4668 2798 4738 πατὴρ,
2828 4668 2928 4719 οὐκ
2952 4667 3108 4730 ἄλλος
3132 4668 3324 4733 οὐδεὶς,
3351 4669 3524 4721 καίτοι
3552 4685 3616 4736 γε
3641 4668 3800 4722 ἀνεύ-

2121 4755 2266 4808 θυνοι
2304 4754 2412 4806 τῶν
2446 4753 2824 4824 τολμηθέντων
2858 4754 3030 4816 ὅντες,
3075 4754 3174 4806 οὐκ
3205 4754 3478 4824 ἰσχύουσιν
3520 4755 3798 4819 ἐξελέσθαι

2117 4843 2244 4905 τοὺς
2278 4842 2649 4914 κρινομένους,
2683 4843 2764 4904 τίς
2799 4844 2854 4893 ἐν
2882 4841 2961 4906 τῷ
3008 4841 3222 4913 φοϐερῷ
3249 4842 3341 4895 τοῦ
3378 4842 3613 4914 Χριστοῦ
3637 4845 3795 4896 δικα-

2119 4931 2326 5002 στηρίῳ
2367 4932 2776 5001 παραστήσεται
2808 4931 3148 5001 κρινομένοις
3199 4932 3360 5000 ήμῖν;
3394 4931 3474 4993 τίς
3527 4930 3792 5000 τολμήσει

2119 5015 2278 5086 ῥῆξαι
2319 5015 2533 5084 φωνήν;
2571 5014 2654 5076 τίς
2685 5011 2958 5077 ἐξελέσθαι
2988 5015 3114 5076 τοὺς
3143 5014 3524 5084 ἀπαγομένους
3568 5016 3662 5066 ἐπὶ
3693 5015 3793 5077 τάς

2117 5099 2423 5170 ἀφορήτους
2455 5096 2669 5160 ἐκείνας
2697 5096 2982 5162 κολάσεις;
3009 5096 3199 5149 Καίτοι
3227 5096 3433 5166 πρῶτοι
3453 5095 3551 5166 τῆς
3583 5094 3795 5149 πόλεως

2119 5187 2259 5261 ἦσαν
2289 5193 2338 5244 οἱ
2385 5193 2506 5244 τότε
2551 5191 2915 5260 δικαζόμενοι,
2954 5190 3048 5241 καὶ
3097 5188 3226 5242 αὐτὸ
3258 5189 3356 5258 τῆς
3411 5188 3691 5255 εὐγενείας
3729 5187 3794 5242 τδ

2123 5279 2440 5350 κεφάλαιον.
2485 5279 2622 5332 Ἀλλ’
2644 5280 2793 5348 ὅμως
2825 5278 3076 5346 ἠγάπων,
3111 5276 3163 5328 εἰ
3189 5293 3273 5338 τις
3310 5273 3419 5346 δῴη
3452 5275 3626 5329 πάντα
3655 5277 3795 5328 ἀπο-

2122 5368 2398 5429 ϐαλοῦσιν,
2423 5370 2471 5422 εἰ
2497 5369 2626 5429 δέοι,
2661 5367 2754 5420 καὶ
2794 5366 2892 5437 τὴν
2915 5365 3230 5436 ἐλευθερίαν
3255 5364 3422 5434 αὐτὴν
3450 5363 3551 5432 τῆς
3589 5362 3790 5432 παρού-

2125 5475 2226 5528 σης
2275 5457 2569 5512 ἀπολαύειν
2615 5456 2782 5526 ζωῆς.
2816 5455 2929 5524 Τῆς
2973 5453 3184 5525 ἡμέρας
3226 5453 3282 5505 δὲ
3315 5451 3501 5505 λοιπὸν
3547 5451 3685 5521 πρὸς
3731 5451 3792 5504 τὸ

2121 5546 2273 5610 τέλος
2300 5545 2678 5616 ἐπειγομένης,
2721 5545 2816 5598 καὶ
2851 5542 3154 5612 βαθυτάτης
3181 5539 3480 5610 γενομένης
3529 5538 3791 5610 ἐσπέρας,

2124 5634 2218 5687 καὶ
2264 5633 2358 5686 τοῦ
2387 5633 2576 5696 τέλους
2620 5632 2721 5702 τῆς
2770 5632 2950 5699 ψήφου
2990 5628 3442 5700 προσδοκωμένου
3487 5628 3544 5680 ἐν
3583 5625 3790 5696 μείζονι

2125 5723 2326 5786 πάντες
2349 5718 2490 5792 ἦσαν
2537 5723 2764 5792 ἀγωνίᾳ,
2783 5720 2877 5774 καὶ
2900 5719 2990 5772 τὸν
3018 5716 3150 5770 Θεὸν
3177 5717 3362 5786 ἠξίουν
3390 5715 3647 5786 μέλλησίν
3670 5727 3788 5768 τινο

2126 5813 2220 5865 καὶ
2269 5810 2534 5880 ἀναϐολὴν
2580 5809 2871 5877 γενέσθαι,
2905 5807 2998 5860 καὶ
3031 5807 3095 5876 τῇ
3131 5805 3274 5875 ψυχῇ
3323 5803 3430 5856 τῶν
3462 5802 3787 5866 δικαζόντωι

2125 5899 2382 5970 ἐμϐαλεῖν
2407 5901 2486 5961 εἰς
2518 5899 2616 5968 τήν
2641 5897 2734 5950 τοῦ
2774 5895 3036 5966 βασιλέως
3065 5893 3291 5962 γνώμην
3336 5891 3646 5958 ἀνενεγκεῖν
3679 5889 3799 5944 τῶν

2191 6007 2209 6066 Ϊ
2238 6005 2391 6053 Savil.
2418 6010 2472 6052 et
2491 6003 2688 6066 quidam
2710 6016 2830 6052 mss.
2857 6003 2922 6057 εἰς
2939 5998 3048 6048 νοῦν
3073 5999 3322 6060 ἐϐαλόμην.
3353 5997 3524 6048 Morel.
3549 6002 3602 6047 el
3621 5995 3706 6046 alii
3725 6007 3796 6064 οἷς

2133 6065 2242 6116 νοῦν
2262 6067 2512 6130 ἐλαϐόμην.
