4112 6388
321 395 419 446 ΜΊ

320 511 465 579 ipsos
495 504 726 576 undique
766 511 988 573 cogente
1025 518 1038 555 :
1077 509 1133 556 et
1175 515 1355 554 vacuae
1395 499 1704 553 mulieribus
1755 504 1908 550 erant

319 601 514 656 domus
537 638 552 660 ,
583 611 805 650 vacuum
837 595 964 649 viris
991 594 1163 648 forum
1190 635 1204 660 ,
1237 595 1322 648 vix
1347 605 1524 649 autem
1551 593 1656 648 duo
1682 595 1761 648 vel
1805 601 1915 646 tres

319 699 509 747 euntes
535 690 586 742 in
615 687 790 741 medio
828 685 987 741 simul
1017 684 1336 738 videbantur
1360 726 1373 749 ,
1423 694 1478 739 et
1517 684 1619 754 ipsi
1649 694 1912 752 tamquam

323 782 543 837 animati
573 779 763 834 mortui
785 779 1211 840 circumeuntes;
1246 777 1523 831 abibamus
1553 776 1604 829 in
1625 775 1802 829 forum
1829 774 1916 840 ju-

323 873 514 928 diciale
555 881 828 944 gestorum
869 869 1027 924 ﬁnem
1073 870 1235 922 visuri
1268 887 1280 920 :
1315 879 1368 924 et
1395 869 1645 923 collectas
1684 866 1910 920 civitatis

321 969 578 1038 reliquias
619 974 930 1028 cernentes,
979 963 1106 1017 illud
1140 963 1374 1016 omnium
1409 962 1637 1015 maxime
1666 959 1911 1014 admirati

323 1061 518 1114 ftiimus
544 1101 558 1123 ,
602 1058 742 1128 quod
775 1055 1111 1110 multitudine
1140 1056 1280 1109 circa
1308 1053 1448 1108 fores
1475 1065 1717 1107 morante
1736 1093 1749 1115 ,
1784 1061 1918 1105 tam-

321 1167 480 1222 quam
518 1158 785 1220 prteseute
827 1147 1040 1201 nemine
1065 1187 1079 1210 ,
1126 1145 1396 1200 silentium
1423 1152 1531 1197 eral
1565 1141 1917 1212 profundissi-

321 1261 464 1299 mtnn
487 1286 503 1306 ,
535 1243 782 1298 omnibus
824 1242 963 1295 inter
991 1254 1110 1294 sese
1149 1237 1553 1306 respicientibus
1578 1276 1592 1300 ,
1626 1244 1676 1290 et
1704 1235 1915 1289 nemine

335 1337 672 1390 assistentem
719 1333 1046 1401 interrogare
1067 1371 1082 1395 ,
1113 1340 1204 1383 aut
1231 1329 1513 1398 quidquam
1537 1327 1719 1382 audire
1740 1327 1807 1380 ab
1834 1327 1922 1380 illo

319 1430 569 1483 audente.
596 1427 902 1480 Proximum
935 1425 1075 1478 enim
1098 1423 1321 1492 quisque
1341 1429 1644 1491 suspectum
1663 1420 1918 1474 habebat:

319 1521 570 1588 quoniam
601 1517 748 1570 multi
769 1516 876 1584 jam
902 1525 1094 1584 przeter
1114 1528 1326 1567 omnem
1353 1528 1500 1582 spem
1513 1511 1766 1565 exmedio
1789 1515 1922 1580 rapti

323 1610 589 1662 forointus
608 1608 992 1661 cocrcebantur
1007 1623 1019 1658 :
1034 1613 1284 1658 etoumrs
1303 1604 1560 1673 pariterin
1581 1603 1765 1657 cmlutu
1784 1603 1926 1672 aspi-

319 1703 613 1768 ciebamus,
627 1711 677 1754 et
691 1716 879 1754 manus
894 1699 1453 1762 extendehamus,cum
1470 1697 1679 1751 silentio
1695 1711 1925 1766 superne

321 1795 622 1848 subsidium
649 1802 1042 1862 exspectantes,
1075 1802 1128 1845 et
1161 1791 1271 1845 Deo
1291 1789 1670 1858 supplicantes,
1705 1797 1762 1840 ut
1781 1787 1926 1857 judi-

319 1887 505 1941 candis
522 1886 752 1952 adesset,
771 1894 824 1939 et
843 1884 1191 1954 judicantium
1210 1883 1368 1937 corda
1383 1881 1656 1942 mulceret,
1672 1889 1726 1934 et
1742 1879 1923 1933 mitem

321 1977 523 2032 faceret
547 1977 886 2031 sententiam.
921 1976 987 2029 Et
1015 1975 1149 2029 sicut
1189 1974 1280 2044 qui
1322 1972 1693 2039 naufragautes
1718 1988 1746 2025 a
1777 1981 1919 2026 terra

319 2070 538 2134 vident,
586 2068 844 2123 accedere
868 2067 1082 2136 quidem
1109 2109 1124 2131 ,
1158 2076 1213 2121 et
1239 2080 1454 2120 manum
1488 2066 1760 2134 porrigere
1789 2105 1804 2130 ,
1835 2064 1920 2118 vel

323 2176 614 2214 (erumnam
652 2161 895 2214 relevare
923 2175 1028 2213 non
1063 2167 1284 2227 possunt
1307 2201 1322 2225 ,
1355 2173 1475 2213 cum
1519 2159 1674 2210 undis
1701 2173 1921 2212 arcean-

325 2262 408 2306 tur
457 2271 468 2305 :
513 2253 848 2306 extrinsecus
897 2261 1074 2305 autetu
1122 2251 1191 2305 ab
1242 2249 1370 2318 ipsis
1414 2248 1680 2302 littoribus
1730 2262 1920 2301 manus

323 2343 701 2408 extendentes,
733 2353 788 2399 et
825 2343 1182 2413 lacrymantes
1205 2382 1220 2406 ,
1255 2341 1419 2395 Deum
1442 2350 1596 2394 orant
1623 2350 1678 2392 ut
1707 2339 1920 2393 assistat

325 2433 699 2487 fluctuantibus
733 2451 744 2485 :
777 2433 847 2486 ita
887 2441 942 2486 et
983 2431 1068 2486 hic
1106 2432 1264 2485 tacite
1304 2444 1490 2484 omnes
1532 2440 1709 2484 mente
1757 2431 1921 2483 Deum

327 2525 679 2590 invocabant,
715 2533 955 2592 petentes
975 2565 989 2589 ,
1021 2534 1081 2578 ut
1107 2523 1170 2576 ad
1209 2523 1439 2577 tribunal
1471 2522 1614 2576 velut
1643 2521 1696 2574 in
1727 2520 1919 2575 fluetus

325 2616 566 2669 adductis
592 2631 805 2668 manum
835 2617 1147 2683 porrigeret,
1173 2629 1271 2669 nec
1292 2615 1491 2668 sineret
1518 2615 1780 2683 navigium
1802 2614 1927 2668 sub-

338 2709 522 2778 mergi,
558 2724 658 2762 nec
689 2709 741 2762 in
769 2721 1067 2762 extremum
1094 2706 1427 2777 naufragium
1445 2705 1794 2776 judicantium
1820 2705 1926 2759 sol-

327 2808 474 2854 veret
494 2799 770 2868 judicium.
789 2800 854 2852 Et
870 2799 984 2852 lucc
1009 2798 1219 2868 quidem
1241 2807 1392 2852 erant
1411 2813 1504 2868 pro
1522 2797 1754 2852 foribus:
1780 2805 1924 2866 post-

327 2907 482 2958 quam
497 2907 623 2946 vero
641 2892 949 2946 interiorem
966 2892 1138 2946 aulam
1157 2891 1512 2956 introivimus,
1527 2905 1710 2946 rursus
1723 2891 1822 2945 alia
1846 2891 1926 2944 his

328 2983 643 3037 terribiliora
670 2983 919 3048 vidimus,
943 2983 1135 3037 milites
1156 2991 1390 3037 armatos
1412 2982 1632 3037 ensibus
1653 2991 1708 3037 et
1735 2982 1920 3045 clavis,

328 3083 382 3127 et
411 3074 629 3127 multam
657 3073 878 3128 interius
905 3073 1262 3142 judicantibus
1302 3073 1536 3142 quietem
1587 3081 1920 3142 praestantes.

327 3165 587 3232 Quoniam
618 3164 758 3218 enim
788 3164 1073 3218 necessarii
1114 3163 1326 3218 illorum
1356 3177 1577 3229 omnes,
1618 3172 1671 3217 et
1706 3179 1920 3228 uxores,

328 3268 380 3312 et
399 3267 618 3324 matres,
648 3269 701 3312 et
729 3259 848 3313 ﬁliae
871 3299 885 3321 ,
917 3267 970 3312 et
996 3267 1174 3329 patres
1199 3266 1323 3311 ante
1366 3255 1467 3310 fori
1487 3257 1703 3327 jauuam
1729 3256 1927 3311 consti-

332 3361 546 3416 terant,
596 3351 727 3405 utsi
771 3351 1011 3405 eveniret
1051 3350 1355 3419 quempiam
1395 3348 1462 3402 ad
1505 3358 1730 3402 mortem
1778 3347 1921 3412 duci,

330 3461 487 3499 nemo
531 3461 782 3499 terumna:
834 3443 1141 3513 spectaculo
1188 3458 1480 3508 accensus,
1539 3443 1818 3496 tumultum
1871 3450 1925 3496 et

333 3537 684 3590 turbatiouem
727 3537 888 3590 ullam
935 3535 1174 3601 faceret,
1227 3550 1415 3588 omnes
1448 3535 1626 3603 procul
1672 3535 1926 3588 arcebant

329 3627 546 3691 milites,
580 3627 812 3694 ipsorum
847 3636 1078 3679 mentem
1111 3640 1306 3694 pavore
1335 3635 1786 3693 praeoccupantes.

404 3716 693 3771 Miserabile
737 3717 1097 3784 spectaculum.
1149 3746 1218 3756 —-—
1261 3715 1413 3784 Quod
1460 3725 1637 3769 autem
1689 3715 1924 3768 omniunt

332 3810 570 3864 maxime
610 3809 944 3873 miserabile,
991 3819 1162 3864 mater
1189 3820 1245 3864 et
1289 3825 1442 3863 soror
1489 3809 1760 3878 cujusdam
1791 3851 1805 3872 ,
1837 3810 1926 3878 qui

332 3901 474 3955 intus
499 3900 850 3970 judicabatur,
887 3901 952 3954 ad
985 3901 1096 3970 ipsa
1121 3901 1470 3972 judicantium
1498 3900 1756 3954 vestibula
1783 3900 1923 3968 jace-

337 3991 485 4055 bant,
513 4007 570 4047 se
601 3992 743 4045 humi
765 4002 1086 4057 stet-nentes,
1110 4001 1164 4045 et
1190 4007 1474 4046 commune
1502 3991 1749 4046 omnibus
1773 3990 1925 4044 facta:

333 4084 800 4138 circumstantibus
830 4083 1191 4153 spectaculum
1217 4123 1232 4147 ,
1264 4083 1448 4137 oculos
1476 4083 1680 4145 velatae,
1720 4091 1774 4135 et
1812 4091 1928 4134 tan-

337 4187 448 4230 tum
502 4175 778 4229 dumtaxat
828 4177 1247 4240 erubescentes,
1306 4186 1561 4245 quantum
1611 4175 1928 4228 calamitatis

339 4268 630 4321 necessitas
663 4267 1001 4336 permittebat
1032 4285 1046 4320 :
1076 4282 1246 4335 neque
1275 4267 1458 4319 aderat
1489 4267 1617 4335 ipsis
1659 4265 1925 4329 ancillula,

338 4375 442 4412 non
468 4359 670 4422 vicina,
707 4373 809 4410 non
842 4358 1008 4411 amica
1029 4400 1042 4421 ,
1072 4374 1177 4411 non
1209 4357 1313 4412 ulla
1346 4357 1768 4411 necessariarum
1801 4356 1921 4416 alia,

338 4451 433 4505 sed
462 4453 588 4505 sola:
634 4452 723 4504 vili
765 4453 960 4504 amictu
1002 4451 1052 4504 in
1106 4451 1282 4504 medio
1337 4460 1412 4503 tot
1463 4449 1689 4503 militum
1723 4450 1923 4517 posita;

278 4525 284 4530 ι
340 4559 433 4610 per
462 4543 678 4594 lnnnum
710 4556 768 4594 se
812 4542 1081 4594 trahentes
1108 4541 1247 4594 circa
1289 4541 1430 4610 ipsas
1473 4540 1616 4593 fores
1641 4582 1654 4602 ,
1707 4540 1771 4594 iis
1794 4581 1807 4603 ,
1841 4540 1927 4607 qui

341 4635 485 4688 intus
519 4633 914 4701 judicabantur,
947 4633 1188 4700 graviora
1222 4632 1554 4700 patiebantur
1578 4673 1593 4695 ,
1621 4631 1928 4685 carniﬁcum

341 4742 523 4780 vocem
573 4725 885 4786 audientes,
931 4727 1214 4778 verberum
1254 4725 1523 4787 sonitum,
1567 4723 1927 4792 vapulantiutn

340 4821 561 4883 luctum,
590 4819 890 4873 tremendas
915 4817 1263 4887 judicantium
1290 4817 1482 4881 minas,
1507 4825 1560 4868 et
1588 4815 1711 4869 dum
1740 4814 1930 4885 singuli

341 4912 766 4982 ﬂagellarcntur,
818 4911 1150 4981 gravioribus
1193 4926 1350 4980 quam
1381 4911 1454 4963 illi
1485 4911 1500 4941 ¹
1530 4908 1805 4963 doloribus
1849 4909 1931 4962 lim

339 5003 778 5058 conficiebantur.
804 5002 1064 5070 Quoniam
1092 5002 1233 5056 enim
1266 5003 1316 5054 in
1345 5002 1571 5056 aliorum
1614 5001 1932 5054 testimoniis

339 5094 408 5147 dc
429 5095 710 5147 criminum
733 5095 1091 5148 declaratione
1107 5093 1526 5164 periclitabatur,
1561 5093 1727 5146 sicubi
1749 5109 1932 5162 quem-

343 5201 484 5254 ptatn
504 5186 779 5255 flagellari,
809 5196 866 5239 ut
886 5201 1006 5238 reos
1032 5186 1254 5250 diet-rcl,
1280 5184 1598 5248 sentiebant,
1629 5193 1682 5238 ct
1707 5185 1929 5249 ululare,

345 5279 394 5330 itt
426 5279 616 5330 ca-lntn
651 5279 990 5344 respicientes
1035 5278 1198 5329 Dentn
1244 5277 1466 5330 orabant
1513 5287 1568 5329 tit
1616 5276 1686 5329 illi
1729 5275 1919 5329 fortitu-

344 5370 524 5423 dinem
543 5380 598 5422 et
620 5370 948 5424 tolerantiam
978 5369 1148 5433 daret,
1183 5384 1250 5422 ne
1267 5371 1686 5422 necessariorum
1715 5382 1933 5422 suorum

344 5461 490 5514 salus
505 5459 820 5529 proderetur
840 5476 930 5528 per
950 5460 1192 5524 aliorum,
1212 5475 1385 5513 acrem
1401 5460 1679 5514 verberum
1697 5459 1935 5513 dolorem

343 5552 490 5607 ferre
520 5567 626 5604 non
658 5552 941 5605 valentium
967 5593 981 5616 ,
1013 5551 1373 5605 inﬁrmitatem
1407 5569 1420 5605 :
1453 5562 1507 5605 et
1533 5550 1638 5605 tale
1663 5550 1789 5620 quid
1816 5566 1936 5604 rur-

326 5660 487 5709 βων,
519 5644 677 5713 quale
704 5644 1081 5699 fluctuantibus
1109 5644 1266 5710 solet,
1295 5644 1589 5700 accidebat.
1617 5643 1766 5699 Sicut
1795 5644 1940 5698 enim

414 5807 430 5834 ι
467 5802 540 5864 sic
553 5801 695 5864 Savil.
715 5800 882 5851 Morel.
901 5809 953 5852 ct
975 5798 1264 5861 Moutefalc.,
1288 5813 1394 5862 pro,
1415 5813 1558 5864 quam
1575 5797 1667 5861 illi,
1690 5799 1938 5863 legerunt,

324 5876 470 5927 quam
491 5862 741 5928 ﬂageuati.

664 5957 936 6018 PATBOL.
983 5957 1102 6017 Gn.
1145 5955 1370 6017 XLIX.

1253 386 1337 444 AD
1377 384 1693 440 POPlfl.U.\l
1735 381 2220 438 ANTIOCHENUM
2276 383 2502 442 HOMIL.
2535 384 2652 441 Xlll

3515 390 3614 444 138

2027 495 2135 560 illi,
2165 497 2206 550 si
2235 497 2446 567 quando
2471 504 2626 553 undae
2655 499 2908 568 impetum
2945 501 3161 556 videant
3188 504 3396 558 eminus
3443 505 3618 558 insur-

2022 599 2235 658 gentem
2256 631 2270 655 ,
2320 591 2573 659 paulatim
2613 600 2943 646 crescentem
2973 603 3025 647 et
3053 609 3240 649 navem
3269 595 3612 666 submergere

2024 679 2311 734 minantem
2339 722 2352 746 ,
2399 681 2556 735 etiam
2613 683 2916 752 priusquam
2948 685 3045 752 ipsi
3086 686 3302 754 propior
3331 685 3453 752 ﬁat,
3502 703 3615 757 prae

2026 771 2214 825 timore
2257 786 2353 826 ceu
2393 773 2585 826 mortui
2619 783 2786 828 sunt:
2819 776 2895 830 sic
2936 787 2990 830 et
3020 776 3121 831 illa:
3147 779 3189 832 si
3225 779 3436 847 quando
3459 796 3614 836 voces

2024 871 2078 914 et
2116 861 2343 916 ululatus
2382 862 2667 917 audiebant
2691 865 2861 919 emitti
2887 906 2900 928 ,
2934 867 3117 920 verita:
3149 883 3214 922 ne
3253 869 3304 922 in
3337 873 3619 926 tormentis

2026 950 2327 1007 fatiscentes
2355 954 2444 1022 qui
2488 955 2848 1011 testimonium
2895 957 3074 1012 dicere
3108 960 3454 1030 cogebantur,
3486 977 3624 1016 cou-

2025 1053 2104 1099 tra
2151 1047 2572 1100 necessariorum
2619 1049 2848 1118 aliquem
2892 1050 3125 1104 dicerent
3153 1093 3168 1116 ,
3221 1052 3449 1107 inﬁnitas
3492 1066 3618 1109 ante

2025 1139 2207 1193 oculos
2256 1149 2457 1194 mortes
2498 1140 2769 1195 videbant.
2812 1142 2878 1196 Et
2923 1152 3037 1196 erat
3081 1158 3302 1199 cernere
3334 1146 3476 1200 intus
3509 1157 3619 1200 tor-

2027 1243 2200 1286 menta
2227 1275 2241 1298 ,
2268 1243 2419 1288 extra
2451 1243 2711 1289 tormenta
2738 1253 2752 1290 :
2783 1236 2904 1289 illos
2937 1252 3126 1306 nempe
3157 1239 3433 1294 carniﬁces
3457 1283 3472 1306 ,
3521 1241 3616 1294 has

2025 1341 2154 1380 vero
2184 1337 2384 1382 natura:
2428 1329 2706 1397 torquebat
2748 1329 3028 1398 imperium
3077 1340 3130 1384 et
3170 1332 3432 1386 viscerum
3470 1348 3614 1388 com-

2027 1420 2204 1488 passio
2238 1438 2252 1473 :
2283 1421 2425 1473 intus
2472 1420 2648 1475 luctus
2673 1464 2687 1484 ,
2739 1420 2868 1475 foris
2910 1423 3086 1477 luctus
3119 1441 3132 1476 :
3180 1423 3322 1477 intus
3361 1439 3574 1479 reorum
3596 1466 3612 1491 ,

2027 1509 2158 1565 foris
2187 1513 2626 1567 necessariorum.
2679 1512 2790 1568 lmo
2816 1529 2947 1569 vero
2982 1531 3090 1569 non
3123 1515 3219 1584 ipsi
3263 1524 3489 1583 tantum,
3521 1517 3615 1571 sed

2027 1611 2080 1657 et
2128 1603 2226 1672 ipsi
2270 1603 2478 1672 judices
2529 1605 2694 1660 corde
2737 1606 3029 1676 lugebant,
3087 1616 3142 1662 et
3193 1610 3440 1664 omnibus
3491 1625 3616 1680 gra-

2028 1694 2173 1748 viora
2196 1695 2533 1763 patiebantur
2553 1737 2567 1763 ,
2609 1705 2716 1749 tam
2744 1699 2952 1752 acerba:
2980 1699 3270 1754 calamitati
3312 1700 3617 1757 ministrare

2027 1787 2216 1840 coacti.

2099 1879 2150 1933 2.
2187 1879 2296 1948 Ego
2329 1888 2504 1935 autem
2535 1881 2778 1937 assidens
2805 1892 2860 1937 et
2889 1883 3004 1937 lucc
3028 1899 3254 1940 cernens
3280 1927 3295 1951 ,
3325 1885 3466 1956 quod
3502 1902 3614 1941 mu-

2031 1969 2190 2024 lieres
2219 1979 2273 2024 et
2310 1968 2573 2041 virgines,
2605 1972 2846 2029 thalamis
2873 1986 3124 2040 assuetaz,
3158 1993 3298 2032 nunc
3333 1993 3617 2035 commune

2029 2064 2233 2118 cunctis
2280 2066 2641 2133 spectaculum
2687 2067 2837 2122 facta:
2868 2079 3084 2132 essent,
3118 2079 3172 2123 et
3203 2072 3347 2126 molli
3390 2083 3615 2128 assueta:

2029 2165 2195 2209 strato
2219 2197 2233 2219 ,
2290 2164 2486 2211 terram
2537 2174 2634 2227 pro
2661 2168 2830 2214 strato
2857 2176 2996 2215 nunc
3039 2161 3295 2217 haberent
3316 2205 3331 2229 ,
3363 2174 3418 2218 et
3447 2180 3616 2233 nuper

2030 2255 2233 2302 tantum
2267 2259 2434 2303 nacta:
2463 2250 2774 2321 obsequium
2803 2253 3170 2307 ancillularum
3193 2295 3207 2317 ,
3245 2254 3612 2309 cunuchorum

2029 2349 2083 2394 et
2112 2341 2328 2410 reliqua:
2355 2343 2531 2397 omnis
2558 2358 2765 2413 pompa:
2794 2385 2808 2407 ,
2841 2360 2979 2398 nunc
3003 2345 3250 2400 omnibus
3271 2347 3374 2402 illis
3398 2349 3616 2416 privatae

2029 2433 2094 2487 ad
2116 2435 2352 2488 omnium
2380 2435 2542 2505 pedes
2591 2446 3057 2505 prosternerentur
3079 2479 3093 2503 ,
3137 2439 3373 2510 singulos
3402 2449 3617 2495 orantes

2031 2535 2088 2578 ut
2126 2525 2323 2595 aliquid
2362 2526 2665 2595 iudicandis
2708 2543 2804 2598 pro
2845 2528 3091 2584 facultate
3138 2545 3234 2585 sua
3279 2530 3330 2584 in
3361 2531 3614 2585 auxilium

2029 2617 2337 2674 conferrent
2360 2661 2373 2684 ,
2403 2629 2458 2674 et
2481 2621 2640 2674 simul
2669 2636 2856 2676 omnes
2882 2621 3079 2692 aliquid
3107 2622 3486 2677 misericordia:
3511 2623 3617 2676 reis

2031 2710 2356 2776 tribuerent,
2402 2709 2528 2765 illud
2556 2710 2661 2764 dixi
2693 2711 2996 2767 Salomonis
3029 2730 3042 2765 :
3081 2711 3292 2768 Vanitas
3317 2714 3612 2778 vanitatum,

2030 2811 2076 2855 et
2118 2803 2288 2855 omnia
2323 2803 2519 2856 vanitas
2559 2800 2828 2871 (Eccled.
2861 2804 2916 2857 2.
2949 2805 3022 2871 7).
3079 2804 3336 2861 Videbam
3379 2807 3521 2861 enim
3566 2821 3619 2860 et

2032 2895 2133 2951 hoc
2177 2897 2383 2967 ipsum,
2417 2906 2472 2950 et
2518 2896 2658 2950 aliud
2686 2898 2956 2952 oraculum
3005 2898 3135 2968 ipsis
3173 2899 3333 2953 rebus
3379 2900 3617 2971 complc-

2031 2999 2165 3054 tum,
2196 3005 2406 3058 nempe,
2440 2988 2617 3042 Omnis
2642 2989 2805 3060 gloria
2834 2991 3052 3043 hominis
3080 3001 3319 3060 tanquam
3339 2993 3436 3062 ﬂos
3461 2993 3582 3061 {mni
3599 3008 3619 3044 :

2029 3083 2272 3134 siccatum
2318 3091 2391 3135 est
2426 3085 2650 3152 famam,
2699 3093 2743 3135 et
2773 3083 2951 3135 cecidit
2991 3084 3088 3152 ﬂos
3137 3080 3288 3154 (Isai.
3319 3085 3406 3139 40.
3445 3087 3498 3138 6.
3540 3084 3617 3152 7).

2032 3172 2239 3228 Etenim
2268 3173 2465 3228 diviti-.e
2496 3183 2620 3228 tunc
2650 3184 2703 3228 et
2729 3173 2974 3229 nobilitas
3000 3217 3013 3240 ,
3059 3175 3271 3229 claritas
3293 3217 3307 3239 ,
3339 3185 3393 3230 et
3423 3177 3623 3230 amico-

2031 3282 2147 3321 rum
2174 3267 2523 3336 patrocinium
2550 3308 2563 3328 ,
2595 3276 2648 3321 ct
2679 3267 2955 3338 cognatio.
3001 3278 3054 3322 ct
3091 3270 3270 3322 omnia
3301 3269 3426 3322 vitae
3471 3269 3623 3339 adju-

2032 3369 2208 3414 mcnta
2234 3360 2386 3414 nihili
2426 3368 2611 3423 erant,
2657 3369 2875 3428 peccato
2916 3371 2971 3415 et
3014 3361 3288 3430 iniquitate
3333 3364 3617 3415 commissa

2031 3467 2244 3506 omnem
2285 3451 2424 3506 hanc
2449 3467 2604 3520 Opem
2632 3451 2972 3506 subvertente
3004 3470 3017 3506 :
3051 3463 3103 3506 et
3132 3454 3270 3507 sicut
3293 3454 3620 3508 avicularum

2033 3551 2202 3597 mater
2230 3544 2386 3612 pullis
2409 3543 2632 3597 sublatis
2663 3542 2910 3606 veniens,
2946 3553 3000 3598 et
3024 3543 3204 3597 nidum
3229 3544 3437 3597 inanem
3469 3559 3622 3599 com-

2033 3638 2244 3705 periens
2269 3677 2284 3702 ,
2334 3653 2460 3692 suos
2487 3637 2701 3705 quidem
2733 3638 2903 3706 pullos
2931 3647 3116 3707 captos
3156 3639 3364 3709 eripere
3392 3655 3498 3694 non
3524 3655 3624 3710 po-

2033 3739 2169 3791 test,
2197 3731 2465 3783 venatoris
2500 3738 2676 3782 autem
2708 3745 2896 3783 manus
2935 3730 3324 3784 circumvolaus
3345 3772 3360 3797 ,
3403 3745 3498 3799 per
3523 3730 3624 3785 hoc

2033 3825 2202 3891 ipsum
2221 3822 2462 3877 dolorem
2494 3838 2645 3875 suum
2673 3823 3004 3878 demonstrat
3035 3840 3046 3874 :
3073 3823 3150 3877 sic
3171 3834 3226 3877 et
3248 3822 3350 3876 illa:
3377 3823 3625 3878 mulieres

2034 3927 2162 3973 tunc
2190 3914 2472 3978 faciebant,
2494 3915 2658 3983 raptis
2681 3915 2778 3968 sibi
2804 3914 2965 3968 domo
2994 3914 3135 3978 filiis,
3168 3923 3222 3969 et
3245 3915 3464 3970 interius
3491 3924 3624 3969 tam-

2033 4021 2188 4076 quam
2222 4007 2272 4059 in
2301 4014 2414 4060 rete
2451 4005 2715 4075 quoddam
2746 4005 2831 4060 vel
2877 4005 3120 4074 laqueum
3166 4006 3430 4076 arreptis,
3471 4021 3626 4062 acco-

2034 4098 2161 4151 dere
2184 4096 2396 4166 quidem
2418 4105 2473 4150 et
2495 4097 2704 4164 eripere
2724 4103 2909 4165 captos
2935 4111 3037 4148 non
3059 4106 3306 4164 poterant
3329 4114 3340 4148 :
3365 4095 3459 4150 sed
3482 4095 3623 4150 circa

2039 4188 2177 4242 fores
2209 4187 2350 4257 ipsas
2377 4201 2435 4242 se
2459 4185 2751 4240 volutaudo
2771 4226 2786 4250 ,
2819 4186 3048 4256 lugendo
3074 4228 3087 4250 ,
3115 4187 3399 4256 gemenda,
3430 4196 3484 4242 et
3510 4187 3622 4256 spi-

2035 4277 2359 4332 culatorihus
2402 4277 2760 4346 propinquare
2803 4276 3053 4330 tentando
3105 4277 3347 4332 dolorem
3400 4277 3629 4332 demon-

2037 4370 2297 4424 strabant.
2329 4368 2453 4423 Haec
2494 4369 2741 4438 equidem
2773 4379 2898 4423 tunc
2929 4370 3191 4438 aspiciens
3215 4410 3230 4434 ,
3263 4369 3314 4423 in
3346 4370 3487 4424 illius
3513 4380 3626 4426 tre-

2039 4463 2215 4518 mendi
2242 4462 2426 4533 judicii
2457 4463 2830 4531 cogitationem
2850 4463 2990 4526 veni,
3010 4473 3060 4514 et
3090 4462 3227 4515 intra
3247 4477 3331 4516 me
3349 4462 3626 4517 dicebam:

2038 4559 2093 4611 Si
2126 4573 2264 4611 nunc
2308 4557 2374 4611 ab
2410 4555 2714 4610 hominibus
2744 4555 3106 4624 judicantibus
3141 4571 3244 4607 non
3275 4564 3446 4608 mater
3469 4595 3484 4622 ,
3517 4571 3624 4609 non

2039 4665 2190 4702 soror
2215 4690 2227 4710 ,
2260 4663 2360 4701 non
2390 4657 2540 4717 pater
2564 4689 2576 4710 ,
2611 4661 2716 4699 non
2745 4645 2879 4698 alius
2905 4645 3163 4714 quispiam
3187 4685 3202 4711 ,
3237 4645 3358 4699 licet
3384 4659 3413 4698 a
3439 4660 3630 4714 perpe-

2041 4741 2189 4795 tratis
2219 4740 2489 4804 immunis,
2523 4752 2644 4792 reos
2670 4737 2876 4806 eripere
2900 4746 3092 4806 potest,
3121 4738 3237 4807 quis
3269 4738 3320 4791 in
3353 4739 3633 4794 tremendo

2039 4831 2238 4885 (Lhristi
2285 4829 2488 4899 judicio
2539 4827 2692 4882 nobis
2742 4826 3358 4896 adstabit'judicandis?
3407 4830 3528 4899 quis
3575 4830 3626 4883 in

2043 4940 2225 4978 vocem
2253 4937 2534 4992 erumpere
2562 4920 2814 4975 audebit?
2852 4921 2972 4990 quis
2997 4920 3254 4974 abductos
3279 4920 3346 4974 ad
3378 4921 3631 4976 intolera-

2045 5017 2175 5071 oilcs
2226 5016 2342 5069 illas
2394 5030 2583 5085 pmnas
2637 5015 2846 5082 eripere
2895 5011 3127 5066 valebit?
3182 5013 3339 5082 Atqui
3398 5014 3629 5068 civitatis

2046 5110 2316 5179 primates,
2349 5108 2437 5178 qui
2460 5119 2584 5161 tunc
2607 5105 3018 5175 iudicabantur,
3049 5114 3220 5168 erant,
3250 5116 3301 5159 et
3325 5105 3499 5174 ipsum
3531 5121 3628 5158 no-

2047 5201 2261 5258 bilitatis
2281 5210 2457 5270 caput.
2508 5201 2754 5252 Attamen
2787 5197 2891 5250 laeti
2916 5195 3158 5259 fuissent,
3183 5197 3224 5249 si
3252 5199 3372 5266 quis
3400 5199 3479 5252 eis
3506 5213 3640 5250 con-

2045 5293 2312 5355 cessisset,
2345 5299 2401 5344 ut
2428 5291 2732 5344 amittentes
2753 5288 2948 5352 omnia,
2979 5299 3052 5354 et,
3085 5287 3129 5342 si
3153 5297 3443 5358 Oporteret,
3463 5289 3632 5358 ipsam

2047 5387 2341 5440 libertatem
2365 5426 2379 5450 ,
2433 5383 2680 5452 praesenti
2718 5380 2821 5433 vita
2863 5380 3178 5448 potirentur.
3232 5379 3325 5434 Die
3354 5394 3480 5434 vero
3519 5381 3632 5448 jam

2046 5487 2268 5542 exacto,
2300 5475 2818 5547 profundissimoque
2846 5473 2986 5527 facto
3014 5487 3234 5542 vespere
3258 5513 3273 5536 ,
3301 5486 3422 5526 cum
3447 5471 3635 5540 judicii

2050 5571 2172 5625 finis
2197 5579 2632 5638 exspectaretur,
2663 5567 2714 5620 in
2746 5565 2935 5634 majori
2955 5576 3107 5619 erant
3134 5579 3322 5618 omnes
3345 5564 3639 5629 anxietate,

2051 5677 2104 5718 et
2134 5681 2161 5714 :t
2189 5663 2296 5716 Deo
2341 5660 2587 5729 petebant
2623 5658 2931 5712 dilationem
2969 5657 3195 5726 aliquam
3221 5665 3272 5710 et
3301 5656 3637 5725 prorogatio-

2053 5771 2175 5810 ncm
2207 5755 2321 5808 ﬁeri
2347 5795 2361 5817 ,
2408 5763 2460 5807 et
2498 5751 2847 5822 judicantium
2877 5749 3054 5803 animo
3082 5749 3289 5802 immitti
3313 5791 3329 5816 ,
3354 5760 3412 5803 ut
3441 5750 3503 5804 ad
3533 5750 3637 5802 ltit-

2059 5848 2317 5920 peratoris
2337 5845 2654 5902 sententiam
2678 5844 2932 5900 referrent
2965 5842 3346 5914 exquisitorum
3378 5844 3637 5914 cognitiu—

3276 5931 3316 5992 9
