4112 6388
531 354 632 410 139
995 422 1007 442 ι

528 483 650 522 nem
697 485 709 520 :
752 463 864 518 fore
912 461 1053 516 enim
1097 458 1338 512 fortassxs
1381 454 1593 525 aliquod
1644 453 1839 507 bonum
1891 466 1956 504 ex
2008 449 2106 503 hac

527 561 799 614 dilatione.
849 557 911 610 Et
952 565 1260 609 communes
1289 565 1318 602 a
1363 547 1557 618 populo
1605 543 2014 614 supplicationes
2040 540 2106 595 ad

529 651 781 720 benignas
808 647 895 700 Dei
915 659 1071 698 aures
1097 639 1495 702 emittebautur,
1519 646 1574 690 ut
1601 644 1839 690 servaret
1859 632 2107 702 reliquias

527 740 792 802 civitatis,
846 750 942 789 nec
994 734 1160 801 ipsam
1207 747 1235 784 a
1284 728 1638 783 fundamentis
1685 725 1900 796 penitus
1942 724 2106 778 everti

529 833 747 885 sineret.
791 827 897 880 Nec
925 825 1105 878 videre
1143 823 1336 876 licebat
1365 833 1680 890 quemquam
1712 832 1814 870 non
1847 815 1962 869 haec
1987 829 2107 868 cum

529 922 776 990 lacrymis
819 920 1134 973 clamantem
1165 933 1178 968 :
1213 923 1571 968 verumtamen
1602 911 1728 964 nihil
1757 924 1939 963 eorum
1964 906 2108 975 judi-

527 1029 616 1067 ces
635 1012 853 1066 interius
879 1024 1067 1063 causas
1095 1006 1367 1060 audientes
1393 1015 1515 1057 tunc
1548 1001 1748 1055 inflexit
1779 1017 1792 1052 :
1826 999 1920 1054 sed
1947 1012 2106 1050 unum

526 1104 697 1158 solum
731 1100 1120 1170 respiciebant,
1166 1106 1215 1151 ut
1255 1096 1477 1165 diligens
1515 1092 1915 1147 commissorum
1961 1103 2108 1158 qum-

527 1197 629 1250 stio
658 1194 840 1258 ﬁeret,
884 1201 939 1246 et
965 1201 1236 1266 postremo
1263 1187 1466 1242 catenis
1496 1186 1622 1255 ipsis
1650 1183 1857 1253 injectis
1908 1182 1959 1236 in
1987 1196 2109 1236 car-

525 1302 702 1342 cerem
750 1301 844 1354 per
878 1283 1109 1338 medium
1141 1280 1314 1335 forum
1357 1279 1616 1349 agebant,
1663 1276 1904 1330 homines
1945 1287 2109 1342 equos

527 1376 671 1447 domi
693 1377 912 1440 alentes,
952 1373 1127 1427 bravia
1157 1384 1453 1440 proponere
1482 1368 1688 1432 solitos,
1719 1365 1929 1434 aliaque
1955 1364 2111 1417 innu-

527 1483 672 1522 mera
701 1467 937 1535 valentes
964 1465 1186 1518 clariora
1219 1475 1499 1514 numerare
1527 1458 1699 1512 officia
1731 1475 1742 1510 :
1773 1457 1911 1510 bona
1937 1453 2111 1524 publi-

527 1562 749 1625 cabant,
783 1569 836 1613 et
865 1559 915 1611 in
952 1557 1186 1610 omnium
1220 1553 1418 1607 foribus
1445 1550 1710 1620 signacula
1736 1564 1959 1603 cernere
1985 1547 2112 1601 lice-

529 1651 636 1704 bat.
668 1651 733 1703 Et
772 1648 960 1702 horum
994 1660 1185 1700 uxores
1213 1653 1430 1716 paterna
1455 1642 1614 1696 domo
1642 1641 1828 1711 ejecta:
1847 1682 1861 1704 ,
1892 1639 2111 1709 singulae

529 1741 658 1796 illud
697 1741 877 1796 uXoris
923 1739 1024 1794 Job
1065 1754 1156 1807 per
1202 1752 1362 1807 opera
1412 1736 1744 1805 implebant:
1779 1733 1996 1786 domum
2043 1747 2111 1785 ex

527 1831 687 1885 domo
725 1840 780 1884 et
825 1830 1002 1883 locum
1029 1844 1095 1884 ex
1131 1829 1250 1883 loco
1279 1827 1630 1882 circumibant
1653 1868 1667 1885 .
1716 1824 1992 1878 diversorii
2023 1825 2108 1878 iu-

526 1923 766 1991 digentes
815 1939 828 1974 :
879 1935 975 1974 nec
1001 1920 1142 1973 enim
1173 1919 1273 1972 hoc
1298 1921 1468 1987 ipsum
1495 1927 1611 1972 erat
1656 1918 1785 1988 ipsis
1839 1915 1995 1972 facile
2022 1931 2108 1970 re-

526 2011 736 2082 perire,
790 2025 1101 2080 unoquoque
1148 2009 1366 2064 timente
1408 2019 1461 2062 et
1505 2017 1767 2061 tremente
1808 2006 2109 2077 quempiam

526 2117 736 2156 reorum
769 2101 1188 2155 necessariorum
1220 2099 1490 2168 suscipere
1517 2108 1569 2152 et
1589 2113 1730 2152 curae
1761 2099 1978 2152 habere.

596 2193 871 2248 Catamitus
917 2193 984 2245 ad
1021 2194 1251 2246 virtutem
1292 2192 1449 2244 ducit.
1483 2219 1550 2231 —-
1602 2191 1978 2244 Verumtamen
2027 2199 2108 2244 tot

525 2285 614 2338 illa
652 2283 812 2354 passi,
841 2283 1088 2337 omnibus
1123 2282 1206 2336 ltis
1233 2282 1464 2336 contenti
1489 2291 1640 2336 erant
1663 2322 1678 2345 ,
1724 2281 1973 2350 quoniam
2003 2281 2108 2335 vita

525 2388 634 2428 non
663 2372 968 2428 exciderant
994 2373 1243 2442 prresenti
1272 2389 1286 2424 :
1316 2380 1369 2426 et
1407 2385 1578 2440 neque
1607 2371 1943 2438 pecuniarum
1974 2369 2109 2423 mul-

525 2473 612 2517 cta
639 2505 654 2528 ,
686 2479 856 2533 neque
886 2463 1170 2533 ignominia
1191 2504 1204 2527 ,
1234 2477 1404 2532 neque
1434 2469 1578 2515 tanta
1609 2461 1870 2514 traductio
1890 2502 1905 2527 ,
1935 2476 2107 2530 neque

518 2551 897 2624 quodcumque
932 2552 1076 2607 aliud
1100 2552 1400 2622 hujusmodi
1431 2553 1575 2621 ipsos
1600 2551 1896 2606 mordebat.
1943 2550 2106 2604 Cala-

523 2648 723 2702 mitatis
761 2647 900 2702 enim
936 2647 1272 2716 magnitudo,
1316 2655 1370 2700 et
1401 2645 1599 2714 majora
1628 2643 1710 2698 his
1748 2643 1983 2713 patiendi
2009 2658 2104 2697 ex-

522 2739 797 2809 spectatio,
829 2754 1012 2793 eorum
1041 2739 1244 2792 animos
1275 2736 1634 2806 phil050phari
1663 2745 1866 2789 tantum
1892 2734 2101 2788 effecit:

509 2839 576 2884 ct
605 2838 728 2886 tunc
752 2829 1060 2893 discebant,
1093 2844 1249 2896 quam
1279 2827 1445 2881 facilis
1477 2828 1546 2880 sit
1571 2827 1724 2880 nobis
1752 2826 1940 2892 virtus,
1973 2841 2101 2894 pro-

508 2921 670 2974 clivis
696 2929 750 2975 et
791 2901 1034 2988 espedita
1059 2961 1072 2984 ,
1121 2927 1176 2974 et
1212 2919 1353 2989 quod
1395 2934 1491 2988 per
1532 2927 1774 2973 nostrum
1829 2917 2104 2973 dumtaxat

506 3011 818 3082 neglectum
865 3011 1124 3064 laboriosa
1159 3021 1245 3064 res
1287 3025 1407 3064 esse
1445 3009 1707 3065 videatur.
1751 3009 1816 3064 Hi
1843 3009 1985 3065 enim
2014 3010 2103 3078 qui

520 3103 679 3174 paulo
731 3113 854 3157 ante
905 3103 1231 3158 modicorum
1283 3104 1536 3159 mulctum
1589 3104 1934 3173 pecuniarum
1995 3119 2103 3158 non

518 3209 672 3263 atque
698 3195 962 3258 tulerunt,
1009 3193 1210 3263 majore
1238 3194 1404 3263 pressi
1437 3193 1749 3259 formidine,
1778 3208 1898 3249 eum
1922 3195 2101 3248 omnia

516 3298 612 3339 sua
641 3284 982 3350 amisissent,
1014 3299 1077 3338 ac
1107 3284 1151 3338 si
1180 3283 1488 3338 thesaurum
1524 3283 1884 3350 invenissent,
1931 3283 2010 3339 sic
2044 3299 2103 3338 se

511 3376 805 3443 habebant,
832 3378 1079 3446 quoniam
1118 3377 1346 3430 animam
1386 3391 1491 3430 non
1521 3375 1881 3445 perdiderant.
1920 3375 2102 3446 Itaque

509 3468 564 3520 "si
588 3466 778 3524 futurae
805 3482 994 3522 sensus
1015 3467 1273 3538 gehennre
1299 3481 1397 3520 nos
1424 3475 1664 3535 teneret,
1705 3476 1759 3522 et
1797 3467 2102 3521 intolerabi-

517 3557 597 3613 les
622 3558 736 3612 illas
762 3559 1115 3628 cogitaremus
1155 3573 1340 3628 pcenas
1364 3601 1379 3625 ,
1411 3559 1620 3613 etiamsi
1645 3574 1757 3613 rem
1787 3567 1841 3612 et
1868 3559 2100 3612 animam

518 3657 572 3704 et
594 3664 788 3717 corpus
817 3650 907 3704 Dei
936 3649 1138 3720 legibus
1165 3649 1568 3704 tradidissemus
1588 3689 1604 3714 ,
1641 3665 1744 3703 non
1771 3649 2096 3715 doleremus,

519 3739 748 3794 scientes
791 3739 930 3810 quod
984 3739 1182 3810 majora
1228 3740 1586 3805 luerabimur,
1631 3754 1661 3792 a
1709 3739 1898 3796 futuris
1945 3741 2100 3796 malis

518 3831 905 3885 liberationem.
957 3830 1120 3886 Forte
1167 3845 1261 3885 cor
1300 3840 1535 3885 vestrum
1581 3845 1688 3884 non
1719 3847 1904 3901 parum
1932 3831 2101 3887 dicto-

519 3937 634 3977 rum
659 3922 952 3991 deploratio
978 3921 1202 3976 mollivit
1229 3939 1243 3986 ;
1273 3921 1365 3976 sed
1396 3937 1463 3976 ne
1487 3922 1666 3976 feratis
1681 3937 1821 3992 aegre
1856 3941 1867 3975 :
1901 3926 2098 3977 etenim

517 4012 766 4084 quoniam
797 4013 1100 4068 subtiliores
1149 4027 1266 4068 smn
1311 4027 1658 4084 aggressurus
1702 4015 2016 4081 sententias,
2045 4024 2102 4069 et

516 4105 774 4160 mollioris
813 4103 1023 4174 indigeo
1060 4105 1287 4169 mentis,
1327 4103 1429 4159 hoc
1468 4103 1568 4159 feci
1598 4104 1665 4160 de
1709 4105 2012 4160 industria:
2043 4115 2100 4160 ut

516 4197 833 4251 narrationis
857 4196 1046 4252 timore
1074 4212 1225 4252 mens
1251 4205 1424 4252 vestra
1446 4198 1590 4251 omni
1609 4207 1826 4267 torpore
1849 4213 2096 4262 excusso,

516 4289 581 4341 ab
602 4290 846 4344 omnibus
888 4305 1182 4360 exsurgens
1219 4289 1342 4345 vita;
1369 4290 1510 4344 curis
1528 4331 1543 4356 ,
1594 4289 1760 4344 multa
1785 4306 1905 4345 cum
1934 4291 2100 4346 facili-

515 4389 620 4436 tate
666 4381 720 4434 in
761 4381 954 4436 animae
989 4381 1306 4450 profundum
1350 4381 1694 4437 dicendorum
1726 4383 1976 4438 virtutem
2005 4382 2097 4438 de-

515 4477 706 4530 mittat.

583 4569 636 4620 5.
661 4567 801 4622 Satis
827 4567 986 4638 igitur
1013 4569 1239 4637 etprius
1278 4567 1430 4622 nobis
1469 4582 1647 4622 sermo
1688 4566 2092 4632 demonstravit,

511 4655 652 4728 quod
696 4657 953 4712 naturalis
988 4657 1144 4712 nobis
1183 4657 1252 4711 sit
1292 4658 1448 4711 insita
1489 4657 1575 4712 lex
1603 4658 1864 4713 bonorum
1887 4671 1943 4714 et
1967 4673 2096 4713 con-

515 4749 793 4803 trariorum
828 4757 926 4802 :ut
967 4759 1140 4802 autem
1181 4748 1508 4803 manifestior
1539 4749 1692 4805 nobis
1736 4749 1828 4804 fiat
1869 4750 2096 4804 demon-

511 4840 720 4902 stratio,
743 4841 797 4894 in
825 4840 1010 4895 eadem
1050 4851 1104 4894 et
1132 4840 1290 4895 hodie
1318 4857 1623 4897 sermonum
1655 4845 1876 4898 materia
1905 4845 2094 4900 iterum

510 4930 906 4986 desudabimus.
963 4931 1092 4984 Nam
1142 4932 1282 5000 quod
1326 4933 1393 4988 ab
1436 4935 1587 4988 initio
1634 4935 1775 4990 Deus
1819 4936 2092 4992 hominem

511 5021 752 5091 fingens,
801 5030 1022 5090 utraque
1068 5021 1469 5092 dignoscentem
1511 5024 1695 5080 fecerit
1737 5025 1911 5094 ipsum
1938 5068 1953 5094 ,
2002 5029 2096 5083 de-

511 5121 808 5168 monstrant
856 5128 1040 5168 omnes
1089 5113 1333 5169 homines
1382 5135 1393 5170 :
1445 5132 1568 5171 cum
1617 5132 1902 5186 peccamus
1953 5121 2093 5174 enim

509 5207 668 5261 etiam
704 5204 944 5260 subditos
979 5220 1258 5269 veremur;
1305 5215 1360 5260 et
1389 5222 1531 5276 saepe
1570 5207 1814 5263 dominus
1857 5219 2093 5264 scortum

505 5299 712 5362 adiens,
744 5305 928 5367 postea
955 5310 1231 5350 servorum
1265 5298 1567 5366 quempiam
1595 5297 1976 5353 tnodestiorum
2008 5299 2093 5352 in-

511 5395 672 5449 tuitus
696 5392 943 5458 erubuit,
981 5399 1036 5446 et
1066 5391 1134 5444 ab
1164 5391 1262 5444 hac
1298 5390 1539 5460 improba
1565 5393 1646 5444 via
1673 5395 1912 5447 recessit.
1947 5395 2092 5447 Rur-

509 5503 625 5540 sum
654 5501 774 5540 cum
801 5485 887 5540 alii
914 5499 1011 5538 nos
1046 5481 1349 5538 nominibus
1373 5483 1500 5537 vitia
1527 5495 1706 5538 nostra
1739 5485 2095 5541 iudicantibus

508 5577 848 5647 compellant,
875 5577 1250 5632 contumeliam
1277 5574 1330 5629 id
1359 5589 1481 5630 esse
1507 5575 1734 5631 dicimus
1764 5597 1775 5630 :
1806 5588 1859 5633 et
1883 5579 1928 5633 si
1954 5595 2093 5650 aegre

513 5666 741 5721 feramus
764 5708 779 5732 ,
828 5667 880 5721 in
913 5667 1168 5735 judicium
1199 5680 1292 5721 eos
1317 5666 1406 5736 qui
1444 5665 1498 5720 id
1529 5665 1769 5723 fecerunt
1813 5669 2090 5727 trahimus.

515 5762 586 5814 lta
615 5760 830 5827 scimus,
863 5760 988 5831 quid
1015 5761 1220 5825 vitium,
1257 5759 1385 5833 quid
1414 5759 1577 5814 virtus
1604 5760 1690 5814 sit.

1245 344 1303 398 S.
1341 339 1620 398 JOANNIS
1658 332 2130 394 CllRYSOSTOMl
2168 332 2480 389 ARCHIEP.
2523 331 3053 389 CONSTANTINOP.

3694 332 3795 386 HO

2251 443 2410 513 Leges
2425 445 2702 502 charitatis
2715 461 2835 515 erga
2861 445 3170 513 proximum.
3193 473 3263 484 —
3281 442 3393 499 Hoc
3417 443 3611 514 quippe
3625 444 3798 514 ipsum

2215 547 2268 592 et
2294 536 2536 590 Christus
2565 537 2841 590 declarans
2866 579 2879 600 ,
2925 545 2980 590 et
3017 536 3393 590 demonstrans
3431 553 3489 591 se
3536 537 3666 591 nihil
3696 553 3796 591 no-

2213 645 2338 683 vum
2360 671 2374 695 ,
2399 638 2488 682 aut
2513 638 2751 681 nostram
2779 626 3157 682 transcendens
3187 637 3428 681 naturam
3451 629 3675 691 sancire,
3705 629 3798 684 sed

2216 723 2302 786 id,
2349 721 2489 791 quod
2526 736 2552 772 a
2582 720 2844 790 principio
2885 719 3227 773 conscientiae
3270 720 3534 774 indiderat
3578 731 3794 781 ηοεῐιεω,

2216 822 2334 883 post
2361 813 2556 866 multas
2579 812 2694 865 illas
2719 810 3071 864 beatitudines
3101 810 3170 864 ita
3208 811 3420 865 diccbat
3449 830 3462 864 :
3491 813 3618 878 Quae
3650 813 3799 866 vultis

2215 913 2267 956 ut
2294 905 2482 974 faciant
2509 902 2644 955 vobis
2671 902 2918 965 homines,
2945 902 3052 955 haec
3079 911 3125 954 et
3149 919 3233 955 vos
3255 904 3407 972 facile
3427 904 3551 971 ipsis
3580 904 3798 973 (Matth.

2218 996 2270 1048 7.
2300 994 2411 1065 19.).
2443 994 2557 1048 Non
2585 1009 2716 1062 opus
2738 1001 2819 1047 est
2836 993 3016 1047 multis
3031 995 3385 1060 sermonibus,
3411 995 3600 1064 inquit,
3631 1012 3803 1065 neque

2217 1085 2434 1154 prolixis
2470 1085 2702 1155 legibus,
2749 1099 2850 1138 nec
2877 1088 3020 1138 varia
3043 1085 3283 1140 doctrina
3310 1104 3324 1141 :
3352 1089 3594 1142 Voluntas
3622 1098 3707 1142 tua
3735 1093 3799 1144 sit

2218 1178 2320 1231 lex.
2369 1177 2458 1231 Vis
2502 1176 2758 1231 beneficia
2802 1176 3030 1244 capere?
3071 1176 3256 1232 confer
3283 1178 3596 1233 beneficium
3625 1181 3800 1234 alteri.

2217 1268 2309 1324 Vis
2350 1268 2767 1325 misericordiam
2803 1269 3100 1338 consequi?
3145 1271 3402 1325 miserere
3430 1271 3676 1341 proximi.
3711 1272 3803 1325 Vis

2217 1362 2455 1418 laudari?
2501 1364 2651 1420 lauda
2699 1368 2882 1421 alium.
2931 1367 3025 1421 Vis
3064 1364 3270 1418 amari?
3308 1379 3446 1418 ama.
3473 1364 3565 1419 Vis
3603 1367 3803 1434 primas

2217 1454 2452 1510 habere?
2495 1459 2730 1513 concede
2761 1459 2878 1514 illas
2907 1459 3053 1528 prius
3096 1457 3272 1511 alteri.
3324 1455 3404 1509 Tu
3434 1455 3508 1510 sis
3531 1457 3715 1526 judex,
3747 1468 3800 1510 tu

2216 1547 2292 1600 sis
2314 1548 2432 1601 vitae
2463 1557 2565 1602 tute
2593 1549 2884 1620 legislator.
2927 1551 2992 1604 Et
3026 1565 3239 1604 rursum
3269 1566 3282 1602 :
3313 1548 3462 1612 Quod
3495 1549 3645 1602 odisti
3665 1590 3680 1612 ,
3708 1551 3797 1601 alit

2217 1653 2279 1690 ne
2307 1638 2467 1707 facias
2495 1637 2642 1709 (Tob.
2665 1640 2716 1694 4.
2749 1641 2858 1709 16).
2897 1639 2999 1694 Per
3032 1639 3134 1693 hoc
3160 1638 3372 1708 quidem
3402 1653 3430 1691 a
3460 1639 3598 1692 malo
3625 1638 3799 1707 fugam

2216 1726 2458 1792 inducit,
2493 1745 2587 1796 per
2622 1729 2752 1784 illud
2793 1740 2972 1784 autem
3000 1730 3209 1783 virtutis
3235 1729 3620 1798 operationem.
3652 1727 3800 1792 Quod

2215 1819 2387 1886 odisti,
2412 1821 2502 1874 alii
2521 1837 2582 1874 ne
2597 1822 2775 1892 facias.
2803 1820 2972 1876 Odisti
2994 1821 3366 1876 contumeliam
3396 1821 3535 1889 pati?
3557 1836 3627 1874 ne
3640 1821 3799 1873 alium

2215 1912 2417 1967 afficias
2445 1914 2784 1966 contumelia.
2837 1913 3006 1968 Odisti
3049 1912 3300 1966 invidiam
3341 1912 3485 1980 pati?
3533 1926 3705 1980 neque
3747 1922 3801 1964 tu

2215 2005 2369 2059 alteri
2417 2006 2672 2059 invideas.
2727 2003 2862 2059 0dio
2909 2005 3076 2058 habes
3133 2003 3288 2057 falli?
3337 2019 3510 2072 neque
3552 2012 3604 2055 tu
3649 2002 3800 2056 fallas

2215 2099 2396 2152 alium.
2447 2098 2516 2152 Et
2549 2113 2678 2152 vero
2722 2097 2774 2150 in
2820 2098 3067 2151 omnibus
3116 2096 3408 2164 generatim
3451 2096 3494 2148 si
3539 2095 3654 2148 haec
3693 2095 3800 2148 duo

2216 2191 2377 2243 verba
2423 2189 2787 2254 retineamus,
2833 2190 2934 2242 alia
2980 2189 3258 2256 disciplina
3289 2204 3394 2241 non
3424 2188 3798 2257 indigebimus.

2216 2279 2440 2335 Virtutis
2487 2280 2628 2334 enim
2684 2279 3044 2349 cognitionem
3098 2278 3286 2332 indidit
3342 2279 3536 2332 animo:
3581 2289 3799 2341 nostrae,

2213 2371 2478 2425 actionem
2530 2386 2661 2424 vero
2710 2379 2764 2425 et
2809 2371 3234 2425 emendationem
3285 2369 3546 2423 voluntati
3606 2379 3799 2422 nostra:

2212 2465 2496 2519 concessit.
2538 2465 2803 2518 Fortassis
2833 2465 3115 2518 obscurum
3141 2473 3224 2516 est
3261 2462 3402 2532 quod
3435 2462 3668 2516 dicitur:
3703 2463 3802 2530 igi.

2212 2563 2300 2609 tur
2327 2555 2380 2611 id
2415 2556 2590 2625 ipsum
2621 2554 2956 2610 manifestius
3000 2555 3222 2608 reddere
3248 2554 3504 2608 conabor.
3560 2552 3629 2607 Ut
3663 2554 3802 2605 scia-

2211 2662 2329 2701 mus
2350 2647 2489 2717 qttod
2518 2648 2715 2702 bonum
2745 2648 2814 2701 sit
2835 2647 3215 2715 temperantia,
3248 2662 3353 2698 non
3380 2660 3512 2714 opus
3544 2644 3802 2698 habemus

2211 2740 2418 2806 verbis,
2450 2755 2623 2809 neque
2658 2740 2899 2794 doctrina
2934 2755 2947 2791 :
2977 2754 3100 2791 nam
3141 2739 3193 2791 in
3224 2747 3408 2791 natura
3436 2737 3800 2806 cognitionem

2211 2831 2348 2885 hanc
2375 2831 2632 2885 habemus
2654 2875 2666 2896 ,
2709 2847 2809 2885 nec
2841 2847 2973 2900 opus
3001 2839 3084 2884 est
3117 2846 3234 2882 cum
3263 2829 3536 2883 laboribus
3563 2839 3653 2882 aut
3683 2828 3802 2880 fati-

2209 2922 2510 2992 gationibus
2550 2922 2833 2977 circumire
2872 2933 2927 2977 et
2963 2936 3210 2992 qumrere
3237 2936 3303 2974 an
3345 2921 3545 2975 bonum
3572 2920 3641 2974 sit
3667 2928 3799 2973 tem-

2210 3014 2448 3082 perantia
2479 3022 2532 3066 et
2561 3014 2686 3067 utile
2718 3031 2730 3066 :
2764 3013 2859 3068 sed
2882 3013 3152 3068 communi
3179 3013 3445 3068 sententia
3477 3028 3668 3067 omnes
3698 3014 3800 3066 hoc

2209 3107 2559 3171 confitemur,
2593 3115 2647 3161 et
2677 3122 2834 3161 nemo
2858 3106 3066 3162 dubitat
3087 3107 3154 3161 de
3179 3107 3396 3160 virtute.
3449 3105 3540 3160 Sic
3561 3115 3614 3159 et
3645 3105 3797 3158 adul-

2211 3200 2400 3254 terium
2434 3200 2629 3253 malum
2661 3214 2779 3254 esse
2811 3207 3090 3268 putamus,
3122 3209 3175 3254 et
3212 3214 3386 3268 neque
3413 3199 3498 3252 hic
3527 3197 3801 3252 laboribus

2208 3302 2258 3344 et
2286 3291 2562 3360 disciplina
2588 3292 2743 3346 nobis
2773 3300 2855 3346 est
2879 3306 3014 3361 opus
3040 3333 3054 3360 ,
3083 3301 3140 3344 ut
3175 3293 3377 3361 peccati
3410 3291 3566 3361 hujus
3597 3291 3797 3345 malitia

2209 3391 2491 3445 noscatur,
2525 3381 2620 3435 sed
2657 3397 2843 3435 omnes
2874 3381 2926 3436 in
2957 3381 3266 3450 hujusmodi
3297 3382 3573 3436 sententiis
3609 3396 3796 3440 sumus

2207 3487 2302 3541 per
2324 3487 2421 3526 nos
2448 3473 2594 3541 ipsos
2608 3472 2770 3540 docti,
2791 3483 2845 3528 et
2865 3476 3134 3538 virtutem,
3166 3473 3290 3528 licet
3317 3473 3482 3543 ipsam
3506 3489 3604 3528 nos
3630 3473 3796 3529 obea-

2207 3581 2365 3629 tnus,
2415 3564 2898 3618 commendamus:
2932 3565 3070 3618 sicut
3116 3564 3348 3619 vicissim
3397 3564 3582 3618 vitium
3609 3606 3623 3629 ,
3673 3565 3797 3619 licet

2206 3671 2491 3727 Operemur
2515 3698 2529 3722 ,
2557 3658 2787 3712 odimus.
2831 3658 2896 3711 Et
2925 3657 3028 3712 hoc
3056 3656 3154 3711 fuit
3190 3658 3478 3712 maximum
3513 3658 3603 3714 Dei
3626 3657 3793 3712 bene-

2208 3751 2385 3804 ficium
2407 3791 2421 3815 ,
2464 3758 2522 3805 ut
2547 3751 2930 3805 conscientiam
2962 3750 3176 3820 quidem
3205 3759 3442 3804 nostram
3473 3759 3526 3804 et
3553 3751 3794 3804 volunta-

2207 3852 2337 3910 tem,
2364 3853 2418 3898 et
2437 3845 2547 3913 jam
2573 3853 2696 3899 ante
2711 3845 2974 3898 actionem
3001 3844 3180 3898 virtuti
3203 3844 3513 3913 applicaret,
3544 3843 3794 3898 infestam

2205 3944 2383 3989 autem
2425 3935 2673 3989 redderet
2702 3935 3044 4005 improbitati.
3071 3935 3218 3990 Sicut
3258 3935 3412 4004 igitur
3439 3934 3568 3998 dixi,
3600 3934 3793 3988 horum

2206 4026 2422 4095 quidem
2475 4027 2755 4080 amborum
2801 4027 3034 4094 cognitio
3077 4026 3314 4079 omnium
3363 4025 3630 4078 hominum
3659 4039 3794 4078 con-

2205 4116 2443 4172 scientia:
2490 4117 2647 4171 insita
2692 4125 2812 4183 cst,
2855 4132 2953 4171 nec
2981 4117 3088 4171 ullo
3129 4116 3425 4186 indigemus
3467 4126 3796 4184 przcceptore

2205 4207 2271 4263 ad
2300 4208 2417 4263 haze
2445 4207 2726 4272 discenda;
2771 4208 3076 4263 emendatio
3101 4223 3230 4262 vero
3266 4208 3568 4272 laboribus,
3602 4207 3796 4261 volun-

2207 4301 2299 4354 tati
2322 4310 2376 4354 et
2403 4300 2578 4354 studio
2607 4301 2729 4354 data
2770 4308 2870 4354 est.
2919 4301 3094 4367 Quare
3137 4301 3390 4354 tandem?
3438 4301 3700 4367 Quoniam
3746 4301 3792 4353 si

2205 4400 2374 4446 totum
2425 4401 2630 4445 naturae
2678 4391 2988 4456 tribuisset,
3037 4393 3153 4445 sine
3199 4392 3416 4446 coronis
3458 4401 3513 4446 et
3557 4393 3794 4459 prtemiis

2203 4481 2493 4537 fuissemus
2525 4501 2537 4536 :
2576 4491 2630 4536 et
2669 4483 2807 4537 sicut
2856 4484 3009 4537 bruta
3059 4484 3314 4536 virtutum
3354 4498 3483 4552 quas
3535 4482 3732 4536 habent
3761 4499 3795 4538 ει

2205 4585 2412 4640 natura,
2445 4574 2745 4628 mercedem
2773 4584 2863 4628 aut
2887 4573 3096 4628 laudem
3119 4589 3313 4642 capere
3338 4589 3443 4627 non
3464 4574 3681 4635 debent,
3714 4575 3794 4628 sic

2203 4680 2376 4734 neque
2402 4679 2535 4728 nos,
2581 4664 2627 4718 si
2659 4665 2847 4718 horum
2890 4663 3086 4733 aliquid
3133 4663 3522 4718 habuissemus.
3577 4663 3795 4717 Natura:

2203 4757 2346 4810 enim
2375 4771 2597 4810 munera
2622 4771 2726 4810 non
2757 4755 3065 4810 habentium
3089 4797 3104 4820 ,
3151 4755 3242 4810 sed
3272 4755 3472 4809 datoris
3511 4765 3634 4808 sunt
3676 4756 3794 4809 laus

2202 4855 2258 4901 et
2276 4846 2692 4901 commendatio.
2748 4845 2870 4900 Ideo
2897 4846 3054 4915 igitur
3086 4862 3192 4899 non
3222 4857 3389 4900 totum
3428 4855 3632 4900 natura:
3666 4863 3794 4914 per-

2203 4936 2392 4990 misit:
2425 4951 2486 4990 ac
2531 4951 2745 4992 rursum
2789 4937 3119 4991 voluntatem
3158 4945 3326 4990 totum
3372 4937 3581 5006 pondus
3619 4938 3796 4989 susci~
3865 4992 3872 4998 ,

2204 5042 2331 5097 pere
2357 5044 2463 5081 non
2494 5028 2800 5094 concessit,
2834 5037 2890 5082 et
2916 5028 3256 5098 cognitionis,
3291 5036 3346 5081 et
3375 5029 3792 5091 emendationis,
3863 5015 3870 5020 ’

2203 5135 2271 5174 ne
2296 5138 2325 5174 a
2355 5119 2564 5174 virtutis
2600 5120 2869 5175 laboribus
2891 5118 3234 5182 abhorreret;
3264 5119 3354 5172 sed
3387 5118 3550 5173 dictat
3577 5119 3794 5188 quidem

2203 5211 2304 5280 ipsi
2349 5211 2670 5265 conscientia
2715 5227 2833 5281 qua:
2877 5219 3002 5266 sunt
3041 5211 3243 5281 agenda
3269 5252 3283 5274 ,
3329 5209 3394 5263 ad
3420 5217 3792 5277 operat‘oncm

2203 5319 2332 5356 vero
2359 5303 2470 5371 ipsa
2501 5303 2566 5356 de
2595 5317 2693 5357 suo
2721 5303 2904 5357 labore
2934 5301 3109 5357 affert.
3157 5303 3226 5356 Et
3267 5301 3408 5371 quod
3434 5302 3631 5354 bonum
3669 5301 3792 5368 qui-

2205 5383 2326 5447 dem
2354 5393 2422 5447 sit
2447 5393 2724 5447 moderate
2749 5393 2930 5448 vivere
2949 5436 2964 5460 ,
3008 5394 3122 5447 sine
3159 5393 3339 5446 labore
3369 5392 3613 5445 novimus
3644 5408 3660 5443 -.
3689 5406 3790 5443 na-

2204 5487 2389 5541 turalis
2428 5487 2569 5540 enim
2611 5498 2694 5540 est
2742 5487 3002 5556 cognitio;
3054 5485 3457 5555 temperantiam
3510 5500 3635 5540 vero
3682 5500 3790 5537 non

2202 5594 2487 5648 possumus
2529 5564 2781 5635 exercere
2805 5621 2819 5644 ,
2853 5579 2956 5633 nisi
2985 5579 3320 5642 laborantes,
3361 5585 3414 5632 et
3441 5575 3792 5645 cupiditatem

2208 5651 2570 5736 rel'rzenantes,
2599 5672 2929 5740 multumque
2948 5670 3237 5725 subeuntes
3264 5668 3482 5723 laboris.
3510 5667 3624 5721 Non
3647 5669 3793 5719 enim

2209 5765 2310 5820 hoc
2331 5779 2542 5836 quoque
2565 5763 2716 5820 nobis
2747 5761 2896 5818 adest
2926 5777 2957 5817 a
2985 5769 3170 5816 natura
3193 5803 3207 5831 ,
3239 5761 3375 5816 sicut
3404 5758 3634 5829 cognitio
3654 5798 3668 5823 ,
3699 5755 3796 5813 sed
