4112 6388
258 412 362 469 I39

258 529 648 601 ἐξητασμένων
676 528 772 599 τήν
796 527 995 597 γνῶσιν
1016 545 1028 558 ·
1062 528 1281 584 ἔσεσθαι
1312 532 1418 602 γάρ
1446 548 1498 583 τι
1532 530 1663 588 ἴσως
1698 522 1934 597 χρηστὸν

259 618 371 670 ἀπὸ
394 619 491 688 τῆς
513 616 860 685 ὑπερθέσεως
888 616 1112 688 ταύτης.
1130 619 1243 671 Kal
1270 619 1444 672 κοιναὶ
1467 617 1617 689 παρὰ
1636 615 1731 668 τοῦ
1759 614 1933 685 δήμου

260 706 409 759 λιταὶ
440 705 579 776 πρὸς
600 706 690 758 τὸν
723 705 1107 775 φιλάνθρωπον
1134 707 1265 760 Θεὸν
1298 707 1697 776 ἀνεπέμποντο,
1731 703 1799 756 τὰ
1828 700 1939 753 λεί-

260 793 409 861 ψανα
453 794 623 846 σῶσαι
656 794 757 863 τῆς
797 795 1034 857 πόλεως,
1073 795 1167 847 καὶ
1215 794 1289 865 μὴ
1328 794 1589 865 περιιδεῖν
1639 792 1819 844 τέλεον
1876 792 1939 841 ἐκ

266 880 481 954 βάθρων
526 883 931 954 ἀνασπωμένην
961 884 1150 953 αὐτήν.
1202 881 1306 937 Kal
1335 884 1435 935 οὐκ
1471 878 1540 952 ἦν
1600 882 1725 932 ἰδεῖν
1754 878 1939 931 οὐδένα

264 969 530 1039 ἀδακρυτὶ
570 969 743 1022 ταῦτα
784 970 1020 1039 βοῶντα·
1060 970 1175 1024 ἀλλ’
1206 971 1353 1039 ὅμως
1387 971 1539 1023 οὐδὲν
1570 970 1774 1022 τούτων
1814 967 1939 1028 τούς

264 1056 585 1120 δικάζοντας
622 1058 771 1111 ἔνδον
794 1058 1091 1121 ἀκούοντας
1118 1058 1269 1129 [156]
1294 1058 1612 1128 ἐπέκαμπτε
1646 1057 1789 1113 τότε,
1824 1054 1938 1107 ἀλλ’

266 1142 327 1195 ἓν
358 1145 515 1215 μόνον
543 1146 831 1211 ἐσκόπουν,
859 1147 1007 1209 ὅπως
1038 1146 1272 1217 ἀκριϐὴς
1297 1146 1519 1215 γένηται
1549 1148 1581 1215 ἡ
1611 1144 1719 1197 τῶν
1741 1143 1940 1214 τολμη-

269 1230 470 1285 θέντων
498 1233 742 1298 ἐξέτασις
761 1252 774 1263 ·
807 1235 901 1287 καὶ
926 1235 1078 1297 τέλος
1101 1234 1317 1298 ἁλύσεις
1341 1235 1523 1296 αὐτοῖς
1552 1233 1864 1302 περιθέντες
1889 1245 1939 1293 ο,

272 1318 363 1373 «.al
395 1321 596 1391 σιδήρῳ
625 1322 905 1392 δήσαντες,
942 1324 1036 1376 ἐπὶ
1068 1324 1129 1375 τὸ
1168 1323 1538 1394 δεσμωτήριον
1579 1321 1823 1392 ἔπεμπον
1855 1320 1941 1374 διὰ

269 1408 443 1477 μέσης
466 1409 564 1477 τῆς
583 1410 811 1479 ἀγορᾶς,
832 1408 1149 1480 ἀνθρώπους
1175 1410 1557 1480 ίπποτρόφους,
1581 1409 1940 1477 ἀγωνοθέτας,

264 1494 464 1565 ἐτέρας
498 1496 696 1568 μυρίας
730 1497 1115 1569 λαμπροτέρας
1155 1497 1376 1569 ἔχοντας
1419 1498 1670 1568 ἀριθμεῖν
1705 1497 1943 1566 λειτουρ-

261 1583 425 1651 γίας,
467 1586 561 1637 καὶ
596 1585 696 1647 τάς
730 1585 920 1649 οὐσίας
959 1586 1249 1656 ἐδήμευον,
1282 1586 1378 1639 καὶ
1415 1588 1700 1657 σήμαντρα
1736 1588 1792 1638 ἐν
1823 1588 1943 1648 ταῖς

266 1670 464 1743 θύραις
512 1672 767 1727 ἁπάντων
798 1669 867 1744 ἦν
913 1673 1058 1727 ίδείν.
1100 1674 1213 1727 Kal
1251 1675 1308 1727 αἱ
1348 1677 1601 1742 γυναῖκες
1636 1676 1690 1726 αἱ
1739 1673 1943 1726 τούτων

262 1758 367 1828 τῆς
392 1760 657 1830 πατρῴας
689 1757 1084 1831 ἐκϐαλλόμεναι
1112 1754 1309 1825 οἰκίας,
1335 1761 1540 1831 ἑκάστη
1562 1761 1736 1813 ἐκεῖνο
1759 1760 1819 1812 τὸ
1842 1758 1944 1827 τῆς

264 1846 528 1914 γυναικὸς
551 1847 647 1900 τοῦ
682 1847 803 1901 ’1ὼὸ
827 1848 915 1901 διὰ
941 1848 1051 1901 τῶν
1083 1848 1260 1919 ἔργων
1289 1849 1562 1921 ἐπλήρουν
1581 1865 1596 1881 ο
1628 1848 1803 1901 οἰκίαν
1836 1847 1945 1917 γὰρ

265 1933 331 1998 ἐξ
363 1934 541 1999 οἰκίας
579 1935 677 1989 καὶ¹
708 1936 873 1990 τόπον
912 1937 977 1989 ἐκ
1009 1937 1176 1990 τόπου
1207 1938 1565 2009 περιήρχοντο
1596 1935 1942 2003 καταγωγίου

264 2020 543 2092 δεόμεναι.
591 2024 703 2078 Kal
731 2024 840 2095 γὰρ
868 2024 989 2077 οὐδέ
1016 2025 1174 2077 τοῦτο
1214 2026 1347 2079 αὐτὸ
1380 2027 1569 2087 αὐταῖς
1598 2024 1815 2078 εὔκολον
1852 2022 1939 2096 ἦν,

265 2108 502 2163 ἑκάστου
525 2110 823 2173 δεδοικότος
851 2112 947 2164 καὶ
973 2110 1265 2181 τρέμοντος
1282 2111 1390 2166 τῶν
1417 2111 1802 2183 προσηκόντων
1825 2113 1944 2164 τινὰ

266 2194 377 2249 τῶν
408 2197 724 2252 ὑπευθύνων
745 2198 1105 2263 ὑποδέξασθαι
1140 2200 1234 2252 καὶ
1266 2199 1623 2271 θεραπεῦσαι.

344 2291 410 2353 γ’.
431 2285 570 2338 Ἀλλ’
586 2287 735 2357 ὅμως
760 2286 1029 2341 τοσούτων
1045 2288 1370 2358 γενομένων,
1394 2288 1648 2359 ἔστεργον
1676 2289 1811 2341 πᾶσι
1826 2286 1945 2340 τού-

265 2388 383 2436 τοις
414 2376 462 2427 οί
502 2372 803 2438 παθόντες,
850 2374 1038 2446 ἐπειδὴ
1084 2376 1184 2445 τῆς
1216 2376 1497 2447 παρούσης
1536 2377 1636 2428 οὐκ
1681 2375 1945 2440 ἐξέπεσαν

268 2461 447 2530 ζωῆς
488 2462 583 2515 καὶ
620 2460 744 2515 οὔτε
776 2460 949 2533 ζημία
982 2463 1301 2533 χρημάτων,
1332 2462 1456 2516 οὔτε
1494 2463 1704 2534 ἀτιμία,
1739 2462 1864 2516 οὗτε
1912 2465 1945 2533 ἡ

265 2549 506 2619 τοσαύτη
540 2550 754 2621 πομπὴ,
776 2549 899 2602 οὔτε
924 2549 1053 2603 ἄλλο
1082 2569 1133 2605 τι
1155 2552 1263 2603 τῶν
1292 2550 1546 2604 τοιούτων
1572 2550 1722 2605 οὐδὲν
1751 2552 1946 2615 αὐτοὺς

266 2638 482 2691 ἔδακνε.
511 2638 584 2690 Τὸ
614 2638 722 2710 γὰρ
752 2638 853 2709 τῆς
882 2640 1168 2709 συμφορᾶς
1195 2640 1446 2709 μέγεθος,
1480 2641 1573 2693 καὶ
1606 2640 1689 2703 τὸ,
1725 2639 1945 2709 μείζονα

268 2725 748 2797 προσδοκήσαντας
775 2725 1011 2789 τούτων,
1044 2726 1214 2779 ταῦτα
1260 2728 1588 2797 ὑπομεῖναι,
1636 2728 1945 2795 φιλοσοφεῖν

266 2813 655 2885 παρεσκεύαζε
683 2813 781 2885 τὴν
818 2813 1017 2884 ψυχήν.
1057 2814 1169 2867 Kal
1211 2817 1330 2867 τότε
1365 2814 1671 2886 ἐμάνθανον
1707 2816 1823 2879 πῶς
1854 2814 1944 2867 εὐ-

266 2903 429 2957 κολον
455 2906 585 2975 ἡμῖν
607 2905 641 2975 ή
668 2905 861 2976 ἀρετὴ,
891 2904 1069 2976 ῥᾴδιόν
1095 2921 1157 2957 τε
1183 2904 1274 2958 καὶ
1301 2904 1727 2976 εὐκατόρθωτον,
1752 2906 1845 2958 καὶ
1865 2905 1946 2957 ὅτι

267 2992 427 3062 παρά
486 2991 583 3063 τὴν
643 2992 919 3063 ήμετέραν
965 2991 1257 3063 ὀλιγωρίαν
1309 2994 1467 3064 μόνον
1511 2992 1763 3055 ἐπίπονος
1807 2990 1945 3045 εἶναι

266 3080 440 3135 δοκεῖ.
460 3074 616 3134 Οὗτοι
644 3080 753 3151 γὰρ
774 3081 824 3133 οἱ
849 3080 955 3151 πρὸ
980 3080 1170 3133 τούτου
1196 3082 1498 3152 χρημάτων
1524 3080 1720 3149 ὀλίγων
1744 3079 1946 3151 ζημίαν

266 3168 375 3220 οὐκ
402 3168 716 3237 ἐνεγκόντες
746 3169 961 3240 πράως,
994 3167 1180 3239 ἐπειδὴ
1212 3169 1362 3239 φόϐῳ
1396 3169 1801 3239 κατεσχέθησαν
1832 3167 1947 3238 μεί-

269 3258 411 3321 ζονι,
450 3256 627 3309 πάντα
654 3257 723 3309 τά
769 3256 899 3310 ὄντα
938 3256 1324 3321 ἀποϐαλόντες,
1358 3257 1435 3320 ὡς
1474 3257 1743 3329 θησαυρὸν
1780 3257 1945 3327 εὑρη-

268 3343 430 3406 κότες
452 3343 734 3407 διέκειντο,
764 3344 845 3397 ὅτι
872 3343 972 3415 τὴν
999 3343 1176 3415 ψυχὴν
1200 3344 1227 3383 δ
1258 3344 1356 3397 οὐκ
1388 3344 1679 3397 ἀπέϐαλον.
1702 3344 1864 3395 Ὥστε
1899 3345 1945 3394 εἰ

266 3431 484 3501 καὶτῆς
507 3430 807 3501 μελλούσης
829 3431 1057 3501 γεέννης
1082 3427 1227 3501 εἶχεν
1257 3434 1405 3501 ἡμᾶς
1432 3432 1703 3500 αἴσθησις,
1726 3433 1819 3485 καὶ
1849 3431 1946 3494 τὰς

268 3520 581 3589 ἀφορήτους
603 3518 814 3582 ἐκείνας
833 3518 1150 3589 ἐνενοοῦμεν
1169 3519 1436 3582 κολάσεις,
1459 3522 1505 3572 εἱ
1522 3520 1617 3573 καὶ
1643 3520 1738 3590 τὴν
1761 3520 1946 3571 οὐσίαν

267 3606 371 3659 καὶ
394 3607 490 3676 τὴν
520 3606 698 3677 ψυχὴν
723 3608 818 3659 καὶ
852 3607 914 3659 τὸ
950 3607 1110 3677 σῶμα
1135 3606 1492 3677 ἐπεδώκαμεν
1535 3607 1674 3678 ὑπὲρ
1718 3606 1827 3659 τῶν
1852 3606 1945 3660 τοῦ

268 3693 409 3746 Θεοῦ
434 3694 634 3764 νόμων,
653 3695 751 3748 οὐκ
784 3693 849 3747 ἂν
878 3693 1219 3765 ὴλγήσαμεν,
1240 3694 1438 3757 εἰδότες
1470 3694 1551 3747 ὅτι
1579 3694 1796 3765 μείζονα
1819 3712 1946 3765 κερ-

269 3780 538 3853 δανοῦμεν
568 3781 668 3852 τὴν
696 3782 804 3835 τῶν
840 3782 1143 3853 μελλόντων
1184 3782 1373 3835 δεινῶν
1418 3782 1761 3854 ἀπαλλαγήν.
1795 3785 1948 3852 Τάχα

270 3869 475 3934 ἱκανῶς
521 3870 674 3942 ὑμῶν
705 3869 1048 3941 κατεμάλαξε
1083 3870 1183 3941 τὴν
1217 3871 1446 3942 καρδίαν
1474 3875 1506 3940 ἡ
1540 3870 1813 3941 τραγῳδία
1841 3872 1947 3923 τῶν

272 3958 601 4027 εἰρημένων,
623 3957 759 4011 ἀλλά
788 3958 861 4028 μὴ
884 3958 1272 4029 δυσχεράνητε.
1298 3958 1406 4011 Kal
1429 3958 1536 4029 γὰρ
1557 3959 1744 4028 ἐπειδὴ
1771 3958 1948 4029 μέλλω

270 4045 619 4117 λεπτοτέρων
670 4046 1018 4117 κατατολμᾷν
1069 4046 1389 4115 νοημάτων,
1439 4047 1533 4099 καὶ
1593 4046 1950 4117 ἀπαλωτέρας

270 4133 463 4203 δέομαι
490 4134 748 4197 διανοίας,
789 4133 1043 4203 ἐπίτηδες
1069 4132 1226 4186 τοῦτο
1259 4134 1508 4204 ἐποίησα,
1527 4134 1667 4189 ὥστε
1696 4134 1773 4205 τῷ
1800 4135 1950 4204 φόϐῳ

271 4221 371 4274 τοῦ
394 4221 730 4293 διηγήματος
762 4221 861 4291 τήν
888 4221 1126 4274 διάνοιαν
1159 4221 1313 4291 ὑμῶν
1343 4224 1523 4275 πᾶσαν
1547 4222 1947 4293 ἀποτιναξαμέ-

273 4324 376 4378 νην
399 4319 421 4346 ο
462 4308 752 4379 ρᾳθυμίαν,
783 4309 875 4359 καὶ
902 4308 1010 4359 τῶν
1049 4307 1317 4377 βιωτικῶν
1354 4310 1748 4363 ἀπαναστᾶσαν
1780 4310 1952 4363 ἁπάν-

272 4413 407 4459 των,
429 4396 567 4465 μετά
592 4396 788 4467 πολλῆς
819 4395 915 4464 τῆς
941 4396 1190 4458 εὐκολίας
1213 4396 1350 4468 πρὸς
1371 4397 1432 4449 τὸ
1462 4396 1624 4467 βάθος
1648 4398 1746 4467 τῆς
1774 4398 1951 4468 ψυχῆς

274 4484 649 4555 παραπέμψαι
683 4485 791 4537 τῶν
820 4484 1130 4554 λεγομένων
1163 4485 1261 4555 τὴν
1286 4484 1537 4556 δύναμιν.

351 4570 419 4639 γ’.
438 4572 662 4635 Ἰκανῶς
688 4572 785 4641 μὲν
820 4567 911 4624 οὖν
942 4572 1036 4625 καὶ
1053 4571 1289 4643 πρώηνξή
1300 4575 1392 4643 μῖν
1411 4575 1439 4625 ό
1462 4573 1619 4641 λόγος
1651 4574 1949 4637 ἀπέδειξεν,

274 4660 365 4713 ὅτι
390 4661 617 4724 φυσικὸς
652 4660 783 4729 ἡμῖν
815 4658 1056 4726 ἔγκειται
1087 4659 1251 4729 νόμος
1276 4660 1384 4713 τῶν
1411 4660 1591 4714 καλῶν
1623 4663 1717 4713 καὶ
1761 4661 1865 4713 τῶν
1891 4663 1952 4713 οὐ

273 4747 568 4801 τοιούτωνο
599 4746 686 4799 ἵνα
714 4747 770 4798 δὲ
807 4749 869 4799 ἐκ
901 4748 1215 4818 περιουσίας
1244 4750 1378 4818 ἡμῖν
1417 4750 1450 4818 ή
1485 4748 1759 4811 ἀπόδειξις
1794 4749 1954 4818 γένη-

276 4852 390 4897 ται,
420 4837 488 4902 τῇ
522 4835 660 4904 αὐτῇ
705 4836 799 4887 καὶ
840 4835 1081 4905 σήμερον
1128 4834 1580 4905 ἐπαγωνιούμεθα
1629 4837 1791 4887 πάλιν
1825 4837 1955 4888 ὑπο-

280 4920 429 4973 θέσει
462 4921 572 4973 τῶν
614 4920 809 4989 λόγων.
853 4922 976 4974 Ὅτι
1021 4921 1131 4993 γὰρ
1168 4922 1228 4987 ἐξ
1272 4924 1447 4994 ἀρχῆς
1473 4920 1500 4959 ἀ
1535 4924 1625 4975 τὸν
1669 4924 1955 4993 ἄνθρωπον

280 5009 534 5061 πλάττων
555 5011 582 5060 ό
597 5009 728 5071 Θεὸς
744 5010 1065 5081 ἀμφοτέρων
1086 5010 1246 5065 αὐτὸν
1273 5011 1691 5081 ἐπιστημονικὸν
1708 5011 1954 5081 ἐποίησε,

279 5095 503 5165 δηλοῦσι
534 5096 736 5158 πάντες
784 5096 1097 5168 ἄνθρωπον
1132 5098 1257 5160 τοὺς
1288 5098 1416 5165 γοῦν
1454 5098 1788 5161 ὑπευθύνους
1828 5101 1958 5169 ἡμῖν

278 5183 657 5254 αἰσχυνόμεθα
702 5185 1105 5256 ἁμαρτάνοντες
1150 5186 1419 5251 ἆπαντες,
1459 5187 1554 5239 καὶ
1583 5187 1844 5251 πολλάκις
1873 5188 1960 5259 δε-

284 5271 492 5339 σπότης
524 5271 661 5342 πρὸς
696 5272 900 5343 πόρνην
938 5276 1174 5341 γυναῖκα
1210 5272 1464 5342 βαδίζων,
1492 5268 1610 5326 εἶτα
1642 5273 1750 5327 τῶν
1787 5276 1961 5327 ἐπιειο

282 5360 563 5429 κεστέρων
590 5358 712 5412 τινὰ
741 5361 966 5413 οἰκετῶν
997 5359 1139 5422 ἰδὼν,
1170 5361 1497 5432 ἐρυθριάσας
1523 5360 1838 5432 ἀνεχώρησε
1862 5365 1961 5433 τῆς

284 5450 490 5501 ἀτόπου
522 5447 727 5517 ταύτης
766 5448 906 5502 ὁδοῦ.
944 5449 1114 5502 Πάλιν
1147 5448 1543 5520 λοιδορούμενοι
1589 5450 1719 5520 παρ’
1760 5450 1961 5522 ἐτέρων

284 5536 357 5589 τὰ
381 5536 483 5603 τῆς
509 5535 773 5605 πονηρίας
797 5536 1055 5606 ὀνόματα,
1080 5536 1235 5609 ὕϐριν
1253 5538 1313 5589 τὸ
1339 5539 1567 5607 πρᾶγμα
1591 5532 1729 5590 εἷναί
1752 5556 1929 5608 φαμεν
1946 5556 1957 5568 ·

285 5624 393 5677 κᾶν
422 5622 611 5686 κακῶς
654 5622 954 5693 πάσχωμεν
980 5636 1027 5687 θ,
1064 5628 1142 5688 εἰς
1189 5625 1538 5696 δικαστήριον
1579 5624 1808 5696 ἐλκομεν
1835 5627 1963 5691 τούς

353 5731 376 5794 ξ’
402 5730 533 5794 Savil
575 5735 628 5777 ει
659 5729 849 5794 aliquot
875 5743 996 5794 mss:
1016 5731 1261 5794 ἐπιθέντες,
1285 5728 1456 5794 Morel.
1494 5734 1549 5777 et
1578 5730 1663 5779 alii
1685 5734 1965 5794 περιθέντες.

349 5788 380 5828 δ
408 5790 560 5853 δανιι.
586 5797 631 5853 ei
653 5791 953 5853 quidamialii
979 5792 1139 5848 ἐπειδὴ
1161 5793 1245 5847 τήν
1268 5792 1436 5853 ψυχήν.

352 5856 375 5883 °
405 5850 488 5900 Sic
506 5852 615 5909 alii,
638 5853 799 5913 inquit
822 5852 990 5901 Monll’.
1010 5892 1021 5912 ,
1058 5855 1242 5901 rectius
1268 5850 1413 5913 duim
1450 5853 1558 5913 ipse
1580 5854 1961 5910 ἀποτινάξασθαι.

315 5956 329 5965 ,
366 5929 429 5960 ιτ.

294 5914 382 6042 Fufi
410 5973 558 6042 ngil.
575 5978 641 6042 fl
661 5975 811 6035 aliqui
839 5975 910 6025 ὅτι
935 5976 1022 6039 γάρ
1050 5976 1093 6031 ἐξ
1116 5976 1281 6040 ἀρχῆς,
1314 5975 1429 6023 Mor.
1460 5980 1509 6023 Cl
1534 5974 1615 6023 alii
1638 5976 1707 6023 ὅτι
1732 5978 1776 6032 ἐξ
1799 5979 1961 6042 ἀρχῆς.

353 6040 378 6065 ⁸⁵
397 6036 497 6087 Alii
522 6036 759 6097 πάθωμεν.

1240 413 1331 469 AD
1369 407 1698 468 POPULUM
1737 403 2233 463 ANTIOCHENUM
2271 406 2499 463 HOMIL.
2540 408 2675 464 Xlll.

3601 401 3704 457 ΗΟ

2043 524 2397 593 ποιήσαντας,
2429 525 2613 589 Οὖτως
2645 525 2801 595 ἴσμεν
2840 524 2891 576 τί
2941 533 3036 593 μεν
3089 520 3273 582 κακία,
3317 518 3370 571 τί
3410 517 3465 571 δὲ
3515 516 3703 585 ἀρετή.

2114 610 2285 665 Τοῦτο
2317 614 2446 682 γοῦν
2493 613 2624 666 αὐτὸ
2666 612 2759 665 καὶ
2791 614 2819 664 ὁ
2847 610 3079 680 Χριστὸς
3128 609 3406 679 ἐμφαίνων
3440 602 3589 675 [157]
3616 604 3708 655 καὶ

2040 698 2276 764 δεικνὺς,
2296 703 2377 754 ὅτι
2400 702 2551 754 οὐδὲν
2575 701 2724 767 ξένον
2750 699 2871 753 οὐδὲ
2898 698 3225 769 ὑπερϐαῖνον
3248 699 3280 765 ἡ
3291 694 3405 765 μῶν
3430 691 3528 762 τὴν
3550 689 3709 759 φύσιν

2040 790 2338 859 νομοθετεῖ,
2372 791 2486 843 ἀλλ’
2529 792 2557 843 ὃ
2604 790 2771 843 πάλαι
2821 787 3107 857 προλαϐὼν
3153 786 3520 855 ἐγκατέθηκεν
3552 780 3709 852 ἡμῶν

2040 879 2118 948 τῷ
2152 880 2435 943 συνειδότι,
2472 880 2608 950 μετά
2633 880 2760 941 τοὺς
2792 879 3018 941 πολλοὺς
3052 877 3294 938 ἐκείνους
3329 875 3715 944 μακαρισμοὺς

2040 967 2211 1029 οὑτως
2244 967 2427 1035 ἔλεγεν
2448 986 2461 999 ο
2498 970 2565 1019 Ἀ
2594 967 2797 1021 θέλετε
2834 967 2932 1019 ἵνα
2963 965 3215 1019 ποιῶσιν
3246 963 3386 1032 ὑμῖν
3414 965 3466 1014 οἱ
3491 961 3715 1028 ἄνθρω-

2042 1072 2162 1119 ποι,
2186 1056 2374 1109 ταῦτα
2402 1056 2501 1109 καί
2530 1056 2698 1125 ὑμεῖς
2723 1056 2939 1109 ποιεῖτε
2969 1054 3190 1118 αὐτοῖς.
3211 1055 3285 1105 Οὑ
3315 1052 3470 1122 χρεία
3500 1050 3715 1104 πολλῶν

2041 1144 2234 1212 λόγων,
2257 1146 2442 1214 φησιν,
2472 1145 2593 1197 οὐδὲ
2624 1144 2977 1215 μακροτέρων
3005 1144 3203 1212 νόμιον,
3222 1140 3340 1193 οὐδὲ
3366 1138 3712 1199 διδασκαλίας

2043 1233 2291 1303 ποικίλης
2308 1250 2319 1260 ·
2339 1234 2399 1285 τὸ
2415 1233 2628 1303 θέλημά
2645 1251 2737 1285 σου
2759 1231 2997 1300 γενέσθω
3014 1232 3195 1298 νόμος.
3212 1228 3396 1289 Θέλεις
3414 1227 3715 1297 εὐεργετεῖ-

2045 1321 2168 1374 σθαι
2193 1339 2205 1383 ;
2227 1322 2582 1393 εὐεργέτησον
2611 1323 2815 1392 ἕτερον.
2836 1320 3022 1383 Θέλεις
3047 1318 3344 1381 ἐλεεῖσθαι;
3379 1318 3597 1386 ἐλέησον
3620 1316 3715 1366 τὸν

2043 1409 2290 1479 πλησίον.
2336 1410 2519 1473 Θέλεις
2552 1408 2919 1471 ἐπαινεῖσθαι;
2957 1407 3240 1460 ἐπαίνεσον
3281 1405 3482 1474 ἕτερον.
3528 1401 3716 1464 Θέλεις

2043 1498 2391 1565 ἀγαπᾶσθαι;
2427 1499 2672 1568 φίλησον.
2717 1497 2903 1559 Θέλεις
2941 1495 3049 1548 τῶν
3081 1493 3364 1565 πρωτείων
3393 1487 3704 1546 ἀπολαύειν,

2045 1586 2441 1656 παραχώρησον
2462 1586 2631 1656 ἐτέρῳ
2650 1586 2913 1656 πρότερον
2925 1583 3147 1635 τούτων.
3164 1580 3235 1633 Σὺ
3254 1577 3413 1646 γενοῦ
3431 1575 3717 1644 δικαστὴς,

2046 1674 2110 1726 σὺ
2139 1674 2299 1741 γενοῦ
2338 1674 2636 1743 νομοθέτης
2674 1674 2775 1742 τῆς
2816 1671 3014 1725 σαυτοῦ
3045 1668 3208 1738 ζωῆς.
3259 1667 3367 1720 Kal
3402 1664 3594 1717 πάλιν·
3643 1664 3714 1717 ⁸0

2039 1761 2259 1830 μισεῖς,
2284 1761 2453 1824 ἄλλῳ
2475 1761 2561 1829 μὴ
2596 1761 2882 1828 ποιήσῃς.
2916 1759 3014 1811 Διά
3044 1758 3139 1827 μὲν
3165 1755 3351 1808 τούτου
3382 1754 3481 1823 τῆς
3517 1749 3715 1831 κακίας

2045 1848 2257 1916 εἰσάγει
2285 1847 2383 1918 τὴν
2407 1848 2747 1917 ἀπαλλαγὴν,
2784 1846 2871 1899 διά
2895 1846 2950 1899 δὲ
2975 1845 3067 1897 τοῦ
3095 1842 3359 1913 προτέρου
3385 1841 3481 1910 τῆς
3515 1837 3717 1908 ἀρετῆς

2046 1935 2141 2006 τὴν
2171 1936 2450 2004 ἐργασίαν.
2501 1938 2570 1987 Ὃ
2600 1934 2820 2003 μισεῖς,
2858 1932 3024 1997 ἄλλῳ
3067 1931 3151 2000 μὴ
3198 1929 3477 1995 ποιήσῃς.
3525 1927 3719 1986 Μισεῖς

2046 2023 2394 2096 ὑϐρίζεσθαις
2428 2024 2502 2095 μὴ
2543 2024 2769 2094 ὑϐρίσῃς
2811 2022 3018 2093 ἕτερον.
3062 2021 3255 2081 Μισεῖς
3291 2013 3717 2087 βασκαίνεσθαι;

2050 2112 2186 2183 μηδὲ
2215 2114 2279 2165 σὺ
2330 2113 2605 2182 φθονήσῃς
2641 2112 2832 2182 ἐτέρῳ.
2872 2112 3066 2170 Μισεῖς
3101 2104 3446 2167 ἀπατᾶσθαι;
3484 2102 3615 2173 μηδὲ
3651 2103 3714 2155 σύ

2046 2202 2340 2273 ἀπατήσῃς
2370 2200 2548 2254 ἀλλον.
2578 2200 2685 2252 Kal
2718 2198 2809 2251 ἐπὶ
2852 2198 3067 2250 πάντων
3096 2195 3151 2247 δέ
3181 2193 3386 2256 ἁπλῶς,
3422 2191 3488 2244 ἂν
3528 2192 3597 2243 τὰ
3626 2189 3717 2241 δύο

2049 2289 2269 2359 ῥήματα
2315 2288 2488 2342 ταῦτα
2535 2287 2876 2358 κατέχωμεν,
2918 2286 2979 2337 οὐ
3033 2282 3339 2353 δεησόμεθα
3372 2280 3715 2347 διδασκαλίας

2046 2377 2261 2448 ἐτέρας.
2280 2378 2407 2449 *Ἰκῆς
2440 2376 2549 2448 γάρ
2578 2376 2781 2448 ἀρετῆς
2804 2373 2902 2445 τὴν
2935 2374 3031 2443 μὲν
3058 2372 3259 2442 γνῶσιν
3282 2369 3535 2438 ἐνέθηκεν
3561 2366 3719 2437 ἡμῶν

2045 2468 2110 2536 τῇ
2141 2465 2322 2535 φύσει,
2361 2466 2458 2537 τὴν
2493 2466 2549 2518 δὲ
2596 2465 2794 2537 πρᾶξιν
2832 2463 2927 2516 καὶ
2957 2462 3055 2531 τὴν
3096 2458 3381 2529 διόρθωσιν
3424 2456 3646 2526 ἐπέτρειζ
3662 2470 3719 2506 εν

2046 2556 2078 2623 ή
2089 2554 2205 2622 μῶν
2235 2558 2303 2627 τῇ
2330 2554 2677 2626 προαιρέσειί
2691 2553 2843 2622 Τάχα
2868 2550 3074 2617 ἀσαφὲς
3100 2547 3160 2600 τὸ
3182 2547 3469 2616 λεγόμενον
3487 2563 3499 2575 ο
3526 2542 3720 2596 οὐκοῦν

2050 2643 2382 2713 πειράσομαι
2414 2642 2745 2711 σαφέστερον
2774 2639 2905 2691 αὑτὸ
2931 2637 3154 2706 ποιῆσαι
3180 2636 3362 2703 πάλιν.
3397 2635 3558 2684 Ὥστε
3587 2632 3722 2683 εἰδέ-

2047 2747 2132 2781 ναι
2185 2730 2267 2782 ὃτι
2318 2728 2481 2781 καλὸν
2519 2728 2580 2780 τὸ
2614 2729 2930 2797 σωφρονεῖν,
2980 2725 3039 2776 οὐ
3076 2722 3307 2791 δεόμεθα
3347 2720 3539 2788 λόγων,
3599 2718 3719 2771 οὐδέ

2046 2816 2392 2878 διδασκαλίας
2408 2831 2420 2844 °
2444 2814 2638 2884 ἔχομεν
2660 2815 2767 2885 γὰρ
2791 2816 2846 2866 ἐν
2868 2816 2933 2882 τῇ
2961 2811 3119 2878 φύσει
3148 2811 3246 2879 τὴν
3269 2807 3470 2877 γνῶσιν
3492 2806 3647 2859 αὐτοὶ
3671 2804 3719 2870 ί,

2049 2905 2143 2958 καὶ
2169 2905 2227 2957 οὐ
2261 2904 2419 2975 χρεία
2453 2902 2629 2955 πόνων
2657 2902 2779 2955 οὐδὲ
2806 2900 3088 2971 καμάτων,
3118 2899 3259 2952 ὥστε
3294 2895 3599 2967 περιελθεῖν
3624 2912 3696 2947 κα

2049 2994 2281 3064 ζητῆσαι
2333 2994 2381 3045 εἰ
2435 2992 2599 3045 καλὸν
2643 2993 2675 3061 ἡ
2728 2989 3049 3061 σωφροσύνη
3092 2989 3186 3042 καὶ
3236 2988 3536 3058 χρήσιμον,
3585 2983 3723 3037 ἀλλα

2049 3087 2202 3155 κοινῇ
2243 3082 2436 3156 γνώμῃ
2484 3085 2684 3146 πάντες
2742 3078 3110 3152 ὁμολογοῦμεν
3162 3076 3351 3136 τοῦτο,
3410 3078 3502 3130 καὶ
3548 3072 3723 3134 οὐδεὶς

2050 3172 2382 3243 ἀμφιὸάλλει
2430 3174 2562 3243 περὶ
2612 3171 2715 3240 τῆς
2757 3169 2978 3241 ἀρετῆς.
3016 3166 3173 3218 Οὕτω
3205 3166 3298 3218 καὶ
3342 3164 3439 3231 τὴν
3479 3160 3724 3232 μοιχείαν

2051 3262 2223 3315 κακὸν
2269 3256 2410 3313 εἶναι
2449 3258 2765 3330 νομίζομεν,
2800 3258 2894 3309 καὶ
2936 3254 3058 3307 οὐδὲ
3106 3250 3338 3306 ἐνταῦθα
3384 3251 3561 3303 πόνων
3593 3252 3722 3320 ἡμῖν

2047 3349 2127 3401 δεῖ
2154 3349 2247 3401 καὶ
2284 3348 2592 3418 μαθήσεως,
2629 3346 2769 3399 ὥστε
2806 3346 3007 3414 γνῶναι
3032 3343 3132 3413 τὴν
3161 3341 3259 3409 τῆς
3286 3340 3559 3410 ἁμαρτίας
3589 3338 3721 3391 ταύ-

2049 3454 2148 3506 της
2169 3436 2370 3490 κακίαν
2387 3452 2399 3464 ·
2433 3435 2569 3488 ἀλλά
2588 3434 2788 3495 πάντες
2818 3436 2875 3485 ἐν
2902 3434 3022 3493 ταῖς
3042 3430 3316 3491 τοιαύταις
3338 3428 3536 3498 ψήφοις
3563 3426 3725 3495 ἐσμὲν

2049 3525 2437 3587 αὐτοδίδακτοι,
2465 3524 2559 3576 καὶ
2584 3523 2683 3592 τὴν
2713 3521 2932 3591 ἀρετὴν,
2959 3518 3060 3571 κᾶν
3088 3517 3163 3589 μὴ
3213 3517 3485 3587 μετίωμεν
3532 3510 3723 3579 αὐτὴν,

2050 3612 2415 3684 ἐπαινοῦμεν,
2453 3611 2639 3682 ὥσπερ
2679 3605 2771 3662 οὖν
2800 3609 2897 3677 τὴν
2931 3605 3151 3673 κακίαν,
3196 3604 3299 3658 κάν
3340 3603 3723 3674 ἐργαζώμεθα,

2053 3702 2340 3771 μισοῦμεν.
2364 3702 2475 3754 Kal
2508 3699 2666 3752 τοῦτο
2696 3697 2833 3749 Θεοῦ
2862 3694 3194 3764 κατόρθωμα
3224 3693 3413 3761 γέγονε
3442 3692 3723 3761 μέγιστον,

2050 3789 2191 3842 ὥστε
2230 3790 2291 3841 τὸ
2345 3788 2582 3851 συνειδὸς
2617 3786 2772 3857 ἡμῶν
2815 3784 2909 3838 καὶ
2949 3783 3047 3854 τὴν
3097 3783 3414 3854 προαίρεσιν
3453 3781 3588 3844 τέως
3632 3782 3717 3832 καὶ

2050 3878 2157 3949 πρὸ
2185 3878 2283 3947 τῆς
2316 3876 2571 3947 πράξεως
2606 3873 2885 3926 οἰκειῶσαι
2915 3874 2939 3911 5
2969 3872 3063 3942 μὲν
3093 3873 3155 3940 τῇ
3189 3872 3378 3941 ἀρετῇ,
3412 3868 3729 3938 ἐκπολεμῶ-

2054 3982 2141 4017 σαι
2185 3965 2241 4017 δέ
2282 3966 2347 4034 τῇ
2399 3962 2649 4033 πονηρίᾳ.
2682 3962 2893 4030 ’Ὠσπερ
2941 3955 3033 4012 οῦν
3085 3958 3260 4028 έφην,
3305 3960 3337 4027 ἡ
3375 3958 3474 4027 μέν
3525 3957 3724 4025 γνῶσις

2053 4052 2329 4123 ἑκατέρων
2357 4051 2560 4103 τούτων
2592 4050 2833 4117 ἔγκειται
2865 4047 2941 4118 τῷ
2978 4048 3240 4100 συνειδότι
3274 4048 3491 4099 πάντων
3519 4044 3728 4113 ἀνθρώ-

2053 4157 2190 4203 πων,
2232 4140 2326 4191 xal
2356 4139 2417 4190 οὐ
2457 4136 2689 4207 δεόμεθα
2724 4134 3043 4189 διδασκάλου
3090 4134 3234 4196 τινὸς
3268 4134 3402 4202 πρὸς
3446 4133 3506 4184 τὸ
3556 4133 3731 4185 ταῦτα

2058 4228 2250 4298 μαθεῖν
2272 4244 2285 4254 ’
2316 4228 2349 4296 ή
2391 4226 2448 4279 δὲ
2482 4224 2767 4295 διόρθωσις
2818 4222 3001 4276 λοιπὸν
3051 4222 3363 4292 προαιρέσει
3393 4223 3486 4273 καὶ
3523 4221 3727 4291 σπουδῇ

2053 4316 2147 4369 καὶ
2171 4315 2351 4376 πόνοις
2373 4312 2794 4383 ἐγκεχείρισται.
2823 4311 2888 4362 Τί
2917 4312 3114 4381 δήποτε
3139 4326 3153 4373 ;
3185 4310 3305 4362 Ὅτι
3333 4310 3381 4360 εἰ
3411 4308 3471 4360 τὸ
3497 4310 3605 4359 πάν
3626 4308 3728 4376 τῆς

2054 4404 2269 4473 φύσεως
2323 4401 2617 4471 ἐποίησεν,
2668 4399 3039 4467 ἀστεφάνωτοι
3090 4398 3184 4450 καὶ
3236 4396 3404 4467 χωρὶς
3458 4395 3727 4467 βραϐείων

2055 4490 2370 4561 ἀπήλθομεν
2399 4490 2463 4543 ἀν
2486 4502 2499 4514 ·
2535 4488 2628 4541 καὶ
2656 4486 2842 4558 ὥσπερ
2878 4485 2945 4538 τὰ
2975 4486 3146 4553 ἄλογα
3182 4484 3291 4537 τῶν
3322 4484 3729 4555 πλεονεκτημά-

2054 4594 2163 4630 των
2221 4572 2297 4631 ὦν
2328 4578 2438 4647 ἔχει
2490 4576 2633 4629 κατά
2684 4576 2877 4643 φύσιν,
2928 4575 3027 4626 οὐκ
3061 4574 3126 4626 ἂν
3172 4572 3325 4625 λάϐοι
3366 4571 3556 4642 μισθὸν
3608 4573 3729 4625 οὐδέ

2057 4665 2278 4719 ἔπαινον
2302 4683 2317 4696 ·
2354 4666 2524 4727 οὑτως
2552 4664 2673 4717 οὐδέ
2714 4666 2877 4734 ἡμεῖς
2908 4660 3294 4731 ἀπελαύσαμεν
3322 4661 3386 4713 ἄν
3422 4678 3567 4724 τινος
3606 4662 3730 4713 τού-

2056 4770 2185 4807 των.
2213 4753 2295 4805 Τά
2326 4752 2435 4824 γὰρ
2472 4754 2572 4821 τῆς
2601 4751 2815 4819 φύσεως
2859 4749 3307 4819 πλεονεκτήματα
3341 4749 3402 4800 οὐ
3443 4750 3552 4803 τῶν
3582 4750 3733 4819 ἐχόν-

2057 4859 2187 4907 των,
2234 4841 2370 4894 ἀλλά
2412 4840 2503 4893 τοῦ
2543 4838 2835 4899 δεδωκότος
2869 4837 3015 4889 ἐστὶν
3054 4836 3273 4900 ἔπαινος
3302 4839 3397 4889 καὶ
3434 4837 3729 4909 ἐγκώμιον.

2059 4930 2136 4999 Τῇ
2166 4930 2264 5000 μὲν
2289 4925 2379 4981 οῦν
2410 4928 2566 4995 φύσει
2597 4927 2656 4977 τὸ
2683 4929 2788 4977 πᾶν
2818 4926 2916 4976 οὐκ
2943 4924 3209 4996 ἐπέτρεψε
3234 4925 3320 4978 διὰ
3346 4926 3504 4977 τοῦτο
3525 4942 3539 4955 '
3570 4926 3733 4979 πάλιν

2060 5019 2161 5086 τὴν
2195 5017 2514 5088 προαίρεσιν
2552 5014 2842 5083 ὀλόκληρον
2884 5013 3244 5079 ἀναδέξασθαι
3284 5014 3345 5067 τὸ
3382 5013 3602 5084 φορτίον
3634 5016 3734 5067 οὐκ

2060 5107 2231 5167 εἴασε,
2270 5103 2364 5156 καὶ
2396 5102 2456 5154 τὸ
2487 5103 2585 5171 τῆς
2614 5100 2887 5169 γνώσεως,
2914 5102 3006 5154 καὶ
3035 5103 3095 5153 τὸ
3123 5103 3221 5173 τῆς
3254 5101 3613 5172 διορθώσεως,
3648 5104 3735 5156 ἵνα

2066 5194 2138 5263 μὴ
2170 5191 2304 5261 πρὸς
2341 5190 2432 5243 τὸν
2473 5191 2633 5242 πόνον
2675 5190 3033 5260 ἀπαγορεύσῃ
3073 5191 3169 5259 τῆς
3212 5190 3447 5259 ἀρετ-ἦς’
3483 5190 3597 5242 ἀλλ’
3639 5192 3734 5243 ὐπ-

2062 5278 2315 5349 αγορεύει
2342 5278 2440 5347 μὲν
2466 5277 2600 5347 αὐτῇ
2613 5276 2837 5349 τὸμῦὃ]
2869 5278 3103 5341 συνειδὸς
3127 5278 3193 5330 τὰ
3222 5279 3491 5348 πρακτέα,
3518 5279 3653 5349 πρὸς
3676 5278 3733 5331 δέ

2062 5368 2161 5437 τὴν
2206 5366 2469 5437 ἐργασίαν
2506 5366 2645 5437 αὐτὴ
2678 5367 2805 5429 τούς
2840 5369 2967 5436 παρ’
2994 5368 3191 5436 ἐαυτῆς
3227 5366 3469 5437 εἰσφέρει
3516 5367 3733 5429 πόνους.

2066 5456 2175 5508 Kal
2204 5456 2285 5507 ὅτι
2318 5454 2416 5523 μὲν
2462 5453 2626 5506 καλὸν
2675 5455 2738 5506 τὸ
2778 5458 3071 5525 σωφρονεῖν
3107 5454 3271 5523 μηδὲν
3310 5453 3576 5521 καμόντες
3617 5455 3736 5505 ἐπι-

2067 5542 2345 5612 στάμεθα·
2382 5542 2479 5610 τῆς
2532 5542 2743 5610 φύσεως
2791 5544 2898 5613 γὰρ
2939 5544 2971 5612 ἡ
3009 5542 3241 5609 γνῶσις·
3286 5540 3641 5610 σωφροσύνην
3681 5541 3737 5594 δὲ

2064 5631 2165 5683 οὐκ
2192 5630 2256 5683 ἂν
2291 5630 2653 5701 δυνηθείημεν
2680 5628 3022 5700 κατορθῶσαι
3058 5628 3131 5698 μὴ
3166 5629 3436 5697 καμόντες
3473 5629 3607 5699 μηδέ
3639 5628 3739 5699 τὴν

2066 5718 2365 5789 ἐπιθυμίαν
2402 5718 2798 5787 χαλινώσαντες
2840 5718 2932 5771 καὶ
2967 5718 3133 5769 πολὺν
3167 5716 3501 5779 ὑποστάντες
3554 5718 3735 5773 πόνον.

2068 5806 2239 5860 Τοῦτο
2272 5807 2381 5876 γάρ
2415 5807 2515 5859 οὐκ
2549 5807 2629 5859 ἔτι
2665 5810 2727 5859 ἐκ
2760 5807 2971 5873 φύσεως
3005 5808 3137 5875 ἡμῖν
3174 5807 3456 5877 πρόσεστι,
3490 5809 3739 5877 καθάπερ

2139 5976 2153 6013 ί
2186 5978 2281 6027 Alli
2311 5980 2485 6031 αὐτῶν,
2510 5978 2591 6024 alii
2615 5975 2777 6023 αὐτοῦ.

2136 6043 2158 6077 ⁸
2185 6044 2333 6090 Savil.
2356 6052 2405 6089 Cl
2430 6040 2624 6099 quidam
2650 6039 2996 6088 οἱκειώσατίαι.
