4112 6388
435 434 530 489 1;!

432 552 467 619 ἡ
497 550 716 617 γνῶσις,
747 553 885 607 ἀλλά
908 553 1079 605 δεῖται
1105 549 1413 623 προθυμίας
1435 549 1529 602 καὶ
1553 548 1807 620 σπουδῆς.
1839 549 1915 602 Οὐ
1935 548 2108 618 ταύτῃ

412 638 482 695 -δέ
525 640 683 699 μόνον
715 639 1074 708 ἐπεκούφισεν
1107 640 1241 709 ημῖν
1288 637 1350 689 τὸ
1383 635 1579 706 βάρος,
1611 635 1747 690 ἀλλά
1790 637 1887 689 καὶ
1935 635 2108 708 ἐτέρῳ

428 728 616 798 τρόπῳ
650 728 833 791 πάλιν,
880 726 974 781 καὶ
1011 725 1191 779 αὑτῶν
1227 724 1337 778 τῶν
1367 723 1807 795 κατορθωμάτων
1845 723 1962 777 ἐνια
1995 741 2097 792 φυ-

434 814 564 868 σικά
608 817 767 885 ἀφεὶς
795 811 932 869 εἶναι
980 816 1037 866 ἐν
1068 816 1220 885 ἡμῖν.
1258 813 1370 866 Καὶ
1412 810 1523 883 γὰρ
1568 811 1631 864 τὸ
1677 813 2109 880 συναγανακτεῖν

433 905 549 966 τοῖς
582 901 965 978 ὑϐριζομένοις
997 901 1223 971 φυσικὸν
1252 901 1490 963 ἅπαντες
1522 899 1720 971 ἔχομεν
1754 899 1979 970 (εὐθέως
2009 895 2103 953 οῦν

432 994 546 1054 τοῖς
590 989 992 1062 ἐπηρεάζουσιν
1036 989 1223 1061 ἐχθροὶ
1258 987 1522 1058 γινόμεθα
1547 1029 1561 1054 ,
1598 986 1702 1042 κᾶν
1759 987 1927 1058 μηδὲν
1957 981 2110 1059 ῶμεν

432 1078 588 1132 αὑτοί
617 1079 994 1145 πεπονθότες),
1036 1078 1131 1131 καὶ
1169 1077 1231 1130 τὸ
1276 1075 1603 1147 συνήδεσθαι
1635 1077 1748 1139 τοῖς
1775 1074 2111 1147 ἀντιλήψεως

431 1166 528 1219 καὶ
557 1165 807 1238 βοηθείας
835 1165 1191 1229 ἀπολαύουσι,
1227 1164 1322 1218 καὶ
1352 1168 1415 1216 τὸ
1443 1162 1823 1218 κατακλᾶσθαι
1859 1164 1952 1217 ἐπὶ
1984 1166 2105 1228 ταῖς

433 1253 635 1324 ἐτέρων
661 1256 966 1325 συμφοραῖς
983 1254 1077 1306 καὶ
1100 1255 1167 1324 τῇ
1192 1250 1542 1323 φιλοστοργίᾳ
1562 1253 1628 1322 τῇ
1655 1251 1793 1323 πρὸς
1814 1251 2106 1323 ἀλλήλους.

431 1340 554 1394 Κᾶν
598 1341 708 1414 γὰρ
736 1342 1081 1413 πραγμάτων
1113 1340 1465 1412 περιστάσεις
1509 1337 1710 1391 δοκῶσι
1745 1338 2110 1411 μικροψυχίαν

430 1427 555 1482 τινὰ
598 1430 873 1498 εἰσάγειν,
910 1429 1024 1483 ἀλλ’
1052 1429 1203 1499 ὅμως
1241 1427 1438 1498 ἔχομεν
1466 1425 1643 1480 κοινὸν
1677 1427 1811 1496 πρὸς
1846 1426 2109 1500 ἀλλήλους

432 1515 672 1587 φίλτρον.
714 1517 826 1570 Καὶ
853 1515 1011 1570 τοῦτό
1036 1532 1121 1579 τις
1152 1514 1315 1582 σοφὸς
1359 1514 1731 1585 αἰνιττόμενος
1770 1514 1952 1584 ἔλεγε·
1979 1513 2109 1571 Πᾶν

431 1599 579 1661 ζῶον
600 1602 803 1672 ἀγαπᾷ
827 1603 894 1657 τὸ
923 1603 1128 1673 ὅμοιον
1151 1601 1331 1668 αὐτῷ,
1363 1602 1461 1656 καί
1486 1601 1795 1671 ἅνθρωπος
1825 1602 1934 1656 τὸν
1957 1605 2109 1671 πλη-

431 1690 575 1743 σίον
604 1690 815 1747 αὐτοῦ.

410 1822 439 1855 ,
500 1777 564 1832 δ’.
585 1778 823 1842 Πολλοὺς
853 1779 910 1833 δὲ
936 1781 1029 1832 καὶ
1057 1780 1274 1851 ἐτέρους
1298 1778 1435 1849 μετὰ
1453 1778 1547 1831 τοῦ
1567 1778 1861 1842 συνειδότος
1878 1778 2109 1848 ἐπέστη-

431 1882 526 1918 σεν
577 1868 707 1937 ἡμῖν
755 1867 1111 1931 διδασκάλους
1149 1871 1177 1919 0
1224 1867 1389 1929 Θεός·
1437 1866 1669 1938 καὶγὰρ
1704 1867 1951 1938 πατέρας
1996 1869 2108 1930 τοῖς

434 1956 595 2019 υἰοῖς,
629 1957 725 2008 καὶ
770 1955 1038 2019 δεσπότας
1066 1959 1180 2019 τοῖς
1213 1954 1450 2019 δούλοις,
1481 1956 1574 2008 καὶ
1606 1954 1807 2026 ἀνδρας
1855 1957 1974 2018 ταῖς
2009 1971 2107 2024 γυ-

432 2041 597 2107 ναιξὶ,
615 2043 710 2096 καὶ
735 2032 1089 2106 διδασκάλους
1109 2045 1220 2106 τοῖς
1248 2041 1541 2113 μαθηταῖς,
1567 2043 1661 2096 καὶ
1687 2041 1985 2113 νομοθέτας
2015 2043 2108 2096 καὶ

431 2128 693 2193 δικαστὰς
723 2132 837 2193 τοῖς
867 2130 1211 2202 ἀρχομένοις,
1250 2128 1345 2183 καὶ
1382 2129 1570 2199 φίλους
1597 2131 1707 2193 τοῖς
1739 2128 1931 2198 φίλοις.
1972 2130 2111 2184 Πολ-

430 2215 589 2281 λάκις
632 2217 689 2270 δὲ
718 2218 813 2270 καὶ
842 2221 976 2289 παρ’
1017 2217 1227 2289 ἐχθρῶν
1266 2217 1639 2289 ἐκερδάναμεν
1685 2216 1786 2270 οὐκ
1827 2216 2106 2290 έλαττονῆ

432 2304 584 2375 παρὰ
607 2305 807 2374 φίλων
839 2307 968 2360 ὅταν
998 2305 1107 2378 γὰρ
1134 2307 1266 2377 ἡμῖν
1285 2304 1583 2368 ὀνειδίζωσι
1613 2304 1681 2358 τά
1714 2305 2106 2376 ἁμαρτήματα,

432 2395 527 2445 καὶ
549 2393 782 2456 ἄκοντας
811 2394 891 2456 εἰς
914 2392 1199 2464 διόρθωσιν
1222 2392 1403 2446 αὑτῶν
1431 2392 1783 2464 διεγείρουσι.
1810 2393 2109 2458 Τοσούτους

430 2479 488 2532 δέ
519 2482 651 2551 ἡμῖν
672 2480 1027 2543 διδασκάλους
1058 2481 1381 2552 ἐπέστησεν,
1416 2480 1503 2534 ἵνα
1535 2479 1759 2545 εὔκολος
1789 2483 1922 2552 ἡμῖν
1955 2484 1988 2553 ή
2013 2482 2109 2536 τοῦ

431 2567 835 2631 λυσιτελοῦντος
883 2568 1100 2640 εὑρεσίς
1133 2586 1193 2621 τε
1234 2569 1328 2622 καὶ
1376 2567 1662 2639 διόρθωσις
1696 2567 1960 2640 γένηται,
2016 2569 2110 2624 τοῦ

432 2654 672 2727 πλήθους
701 2654 810 2708 τῶν
841 2656 975 2726 πρὸς
1005 2656 1134 2709 αὑτὸ
1162 2656 1594 2709 συνελαυνόντων
1616 2657 1766 2727 ἡμᾶς
1797 2658 1898 2711 οὑκ
1921 2658 2110 2726 ἀφιέν-

430 2759 523 2805 τος
552 2742 805 2795 ἐκπεσεῖν
840 2743 949 2795 τῶν
977 2744 1362 2815 συμφερόντων
1397 2744 1551 2814 ἡμῖν.
1588 2744 1706 2797 Κᾶν
1734 2742 1841 2815 γὰρ
1881 2744 1992 2797 τῶν
2018 2761 2110 2812 γε·

430 2830 773 2900 γεννηκότων
811 2831 1335 2901 καταφρονήσωμεν,
1357 2831 1487 2894 τοὺς
1516 2831 1785 2902 ἄρχοντας
1812 2832 2111 2895 δεδοικότες

432 2916 830 2988 ἐπιεικέστεροι
864 2918 1081 2981 πάντως
1103 2916 1341 2988 ἐσόμεθα
1359 2934 1372 2949 ·
1403 2917 1507 2972 κᾶν
1536 2919 1778 2982 ἐκείνους
1806 2918 2113 2973 διαπτύσω-

436 3020 538 3074 μεν
581 3005 1011 3075 ἁμαρτάνοντες,
1044 3004 1141 3076 τὴν
1182 3004 1276 3058 τοῦ
1320 3004 1623 3069 συνειδότος
1662 3006 1921 3060 οὐδέποτε
1951 3007 2111 3077 δυνη-

435 3089 643 3160 σόμεθα
667 3091 951 3160 διαφυγεῖν
989 3093 1308 3164 ἐπιτίμησιν
1327 3110 1341 3123 ·
1375 3091 1477 3145 κᾶν
1515 3094 1723 3165 ταύτην
1749 3094 2111 3165 ἀτιμάσωμεν

432 3179 529 3231 καὶ
572 3178 1045 3251 διακρουσώμεθα,
1089 3180 1188 3250 τὴν
1235 3179 1387 3252 παρά
1435 3179 1542 3233 τῶν
1588 3179 1799 3235 πολλῶν
1842 3182 2112 3253 ὑπόληψιν

433 3265 731 3330 δεδοικότες
775 3267 1034 3339 ἀμείνους
1081 3267 1353 3338 ἐσόμεθα·
1396 3267 1499 3321 κᾶν
1531 3269 1671 3340 πρὸς
1704 3269 1909 3340 ταύτην
1957 3271 2112 3324 ἀναι-

435 3355 846 3425 σχυντήσωμεν,
871 3356 899 3407 0
919 3354 1026 3407 τῶν
1051 3355 1230 3424 νόμων
1252 3355 1571 3425 ἐγκείμενος
1592 3367 1619 3396 α
1642 3355 1808 3424 φόϐος
1830 3357 1925 3410 καὶ
1952 3357 2109 3411 ἀκονο

434 3455 533 3502 τας
574 3441 721 3509 ἡμᾶς
754 3440 1088 3511 σωφρονίσαι
1125 3440 1456 3511 δυνήσεται,
1494 3443 1591 3495 καὶ
1618 3442 1771 3506 νέους
1816 3444 1914 3513 μὲν
1951 3443 2110 3508 ὄντας

434 3525 742 3580 διδάσκαλοι
771 3527 865 3581 καὶ
896 3528 1149 3599 πατέρες,
1180 3528 1511 3598 αὐξηθέντας
1535 3529 1592 3582 δέ
1617 3531 1667 3582 οἱ
1690 3529 1979 3600 νομοθέται
2016 3534 2110 3603 καὶ

435 3613 694 3686 ἄρχοντες
734 3615 1139 3685 παραλαϐόντες
1171 3614 1556 3687 ῥυθμίζουσινο
1590 3617 1721 3670 οἵτε
1750 3617 1980 3682 οἰκέται,
2014 3619 2108 3672 ἅτε

438 3700 809 3772 ῥᾳθυμότερον
845 3701 1179 3772 διακείμενοι
1220 3703 1358 3772 μετὰ
1390 3703 1498 3756 τῶν
1531 3702 1836 3775 εἰρημένων
1873 3705 1970 3758 καὶ
2011 3706 2109 3777 τὴν

439 3787 591 3860 παρά
630 3788 738 3841 τῶν
773 3787 1050 3842 δεσποτῶν
1087 3789 1335 3860 ἀνάγκην
1372 3791 1454 3854 είς
1505 3791 1858 3862 σωφροσύνην
1902 3792 2107 3864 έχουσι,

438 3877 534 3930 καὶ
578 3878 633 3929 αἰ
669 3878 927 3944 γυναῖκες
966 3877 1091 3939 τοὺς
1120 3876 1348 3948 ἄνδρας
1400 3878 1495 3930 καὶ
1546 3877 1718 3931 πολλὰ
1770 3880 2109 3951 πανταχόθεν

437 3963 594 4034 ἡμῶν
631 3962 709 4033 τῷ
741 3962 887 4030 γένει
917 3962 984 4017 τὰ
1016 3964 1193 4032 τειχία
1224 3964 1361 4033 πρὸς
1387 3964 1447 4017 τὸ
1480 3964 1553 4035 μὴ
1588 3964 1787 4036 ῥᾳδίως
1808 3968 1887 4031 είς
1912 3969 2109 4023 κακίαν

437 4049 779 4122 ἐξολισθῆσαι
819 4050 911 4103 καὶ
968 4052 1321 4104 καταπεσεῖν.
1372 4051 1520 4121 Πρὸς
1556 4052 1614 4105 δέ
1653 4051 1864 4116 τούτοις
1913 4054 2106 4120 ἅπασι,

436 4139 531 4192 καὶ
556 4138 703 4192 νόσοι
729 4138 822 4190 καὶ
842 4137 1187 4208 περιστάσεις
1217 4137 1557 4209 πραγμάτων
1588 4140 1736 4210 ἡμᾶς
1762 4140 2105 4196 παιδεύουσι*

438 4226 532 4280 καὶ
563 4225 673 4296 γὰρ
702 4226 795 4278 καὶ
822 4225 984 4278 πενία
1014 4224 1255 4295 κατέχει,
1287 4225 1384 4278 καὶ
1423 4224 1597 4297 ζημία
1630 4227 1974 4298 σωφρονίζει,
2014 4232 2108 4284 καὶ

439 4312 680 4376 κίνδυνος
708 4312 1078 4375 καταστέλλει,
1111 4312 1204 4365 καὶ
1234 4311 1402 4365 πολλά
1439 4313 1601 4383 ’ἐτερα
1632 4315 1875 4369 τοιαῦτα.
1908 4319 1984 4370 Οὐ
2011 4335 2107 4387 φο-

432 4402 523 4454 ϐεῖ
555 4417 613 4454 σε
648 4401 873 4472 πατὴρς
923 4400 1043 4453 οὐδὲ
1080 4398 1395 4463 διδάσκαλος
1422 4417 1436 4466 ;
1464 4400 1565 4454 οὑκ
1599 4400 1815 4473 ἀρχωνς
1850 4404 1910 4457 οὐ
1944 4422 2105 4476 νομο-

438 4490 628 4560 θέτης;
651 4489 712 4543 οὑ
734 4489 1030 4560 δικαστής;
1063 4489 1166 4542 οὐκ
1210 4487 1461 4560 ἐντρέπει
1499 4505 1559 4541 σε
1590 4488 1773 4559 φίλος;
1808 4491 1868 4544 οὐ
1917 4492 2105 4548 δάκνει

440 4595 499 4630 σε
526 4576 753 4648 ἐχθρός;
783 4577 844 4630 οὑ
877 4577 1199 4647 σωφρονίζει
1223 4576 1521 4647 δεσπότης;
1550 4576 1611 4631 οὐ
1654 4576 1895 4631 διδάσκει
1924 4580 2101 4653 ἁνήρ;

438 4665 500 4718 οὑ
531 4662 836 4734 διορθοῦταί
865 4679 923 4716 σε
959 4664 1019 4716 τὸ
1054 4664 1320 4730 συνειδός;
1361 4665 1498 4717 Ἀλλ’
1526 4665 1809 4736 ἀρρωστία
1843 4667 2103 4734 πολλάκις

439 4750 742 4806 ἐπελθοῦσα
785 4751 1071 4821 σωματικὴ
1100 4751 1161 4804 τὸ
1194 4754 1301 4804 πᾶν
1331 4752 1681 4823 κατώρθωσε,
1721 4754 1818 4807 καὶ
1847 4754 2020 4826 ζημία
2048 4757 2106 4812 δὲ

437 4838 531 4892 τὸν
575 4836 906 4907 θρασύτερον
946 4838 1198 4908 ἐποίησεν
1237 4839 1665 4910 ἐπιεικέστερον⁸
1712 4839 1863 4914 [159]
1907 4843 2002 4896 καὶ
2044 4846 2106 4899 τὸ

438 4925 503 4996 δὴ
532 4926 735 4996 μεῖζον,
769 4925 849 4979 ὅτι
872 4925 971 4994 οὑχ
1003 4925 1134 4994 ἡμῖν
1166 4925 1344 4994 μόνον,
1372 4926 1507 4979 ἀλλὰ
1539 4927 1634 4980 καὶ
1662 4929 1869 5001 ἐτέροις
1905 4931 2103 5002 συμπί-

438 5030 641 5068 πτοντα
663 5013 733 5066 τὰ
758 5012 905 5065 δεινά
935 5012 1145 5081 μεγάλα
1177 5013 1325 5082 ἡμᾶς
1348 5011 1573 5081 ὠφελεῖν
1601 5015 1759 5068 είωθε
1782 5029 1796 5044 ⁸
1822 5017 1916 5070 καὶ
1951 5019 2104 5072 αὐτοὶ

441 5103 540 5172 μὲν
574 5100 738 5172 μηδέν
762 5117 816 5153 τι
846 5099 1125 5164 παθόντες,
1149 5099 1369 5171 ἐτέρους
1398 5100 1455 5152 δὲ
1485 5099 1876 5172 κολαζομένους
1906 5105 2103 5170 ἰδόντες

437 5192 538 5244 οὑκ
572 5189 791 5241 ἔλαττον
817 5187 1041 5242 ἐκείνων
1072 5186 1571 5260 ἐσωφρονίσθημεν.

506 5291 679 5345 Τοῦτο
706 5289 800 5342 καὶ
832 5289 924 5341 ἐπὶ
954 5288 1062 5343 τῶν
1087 5289 1525 5359 κατορθωμάτων
1561 5289 1855 5359 συμϐαῖνον
1888 5293 1987 5345 ἴδοι
2019 5311 2102 5358 τις

435 5383 500 5437 ἄν
523 5397 538 5413 ο
575 5379 764 5449 ὥσπερ
804 5376 913 5448 γὰρ
962 5375 1335 5447 κολαζομένων
1366 5375 1474 5429 τῶν
1512 5378 1698 5430 κακῶν
1720 5380 1747 5420 h
1773 5378 1952 5447 ἕτεροι
1981 5381 2102 5451 βελ-

434 5469 582 5530 τίους
627 5466 905 5534 γίνονται”
941 5463 1085 5517 οὕτω
1132 5465 1241 5516 τῶν
1290 5462 1511 5531 ἀγαθῶν
1557 5481 1610 5516 τι
1669 5465 2098 5536 κατορθούντων,

434 5555 619 5608 πολλοὶ
655 5556 732 5617 εἰς
766 5553 857 5604 τὸν
894 5552 1005 5604 ἴσον
1050 5552 1332 5617 ἐνάγονται
1360 5552 1522 5620 ζῆλον
1554 5568 1566 5580 ·
1605 5553 1633 5604 ὃ
1660 5553 1724 5622 δὴ
1760 5555 1852 5607 καὶ
1883 5554 1975 5611 ἐπὶ
2004 5556 2100 5626 τῆς

431 5642 540 5695 τῶν
583 5643 760 5710 ὅρκων
809 5639 1005 5707 συνέϐη
1053 5640 1250 5708 φυγῆς.
1281 5640 1470 5692 Πολλοὶ
1498 5640 1606 5710 γὰρ
1644 5641 1861 5711 ἐτέρους
1903 5642 2100 5706 ἰδόντες

432 5729 530 5799 τὴν
556 5727 794 5797 πονηρὰν
819 5726 1189 5795 ἀποθεμένους
1217 5726 1326 5779 τῶν
1352 5729 1529 5798 ὅρκων
1560 5728 1867 5797 συνήθειαν,
1895 5730 2100 5802 ἐμιμή-

434 5832 596 5869 σαντο
617 5813 713 5884 τὴν
737 5813 988 5883 σπουδὴν,
1019 5815 1111 5866 καὶ
1136 5815 1511 5884 περιεγένοντο
1541 5815 1637 5884 τῆς
1667 5816 1942 5886 ἁμαρτίας
1968 5833 1983 5847 ⁸
2018 5817 2098 5871 διὸ

430 5901 526 5955 καὶ
556 5901 715 5971 ἡμεῖς
746 5899 1148 5970 προθυμότερον
1173 5901 1272 5970 τῆς
1300 5901 1471 5970 αὐτῆς
1494 5902 1777 5972 ἁπτόμεθα
1794 5903 1956 5975 πάλιη
1971 5921 2108 5974 παρ-

493 6007 519 6073 _'
542 6004 767 6073 ngiL_et
788 6016 959 6073 magn?
982 6017 1092 6073 p313
1110 6007 1554 6073 πηδᾷς-ἐπικείμενος.
1583 6006 1755 6073 Morel.
1778 6007 2058 6073 ἐγκείμενος.

488 6065 520 6107 δ
543 6068 640 6117 Alii
658 6068 754 6115 τῶν
774 6066 1005 6131 πονηρῶν.
1030 6065 1139 6115 Mox
1162 6068 1244 6117 alii
1263 6065 1427 6117 πολλοί
1458 6070 1571 6132 πρὸς
1585 6069 1669 6117 τὸν
1692 6070 1813 6117 ἴσον.

1184 434 1240 489 S.
1283 430 1571 489 JOANNIS
1610 430 2102 489 CHRYSOSTOMI
2142 432 2459 489 ARCHIEP.
2498 430 3050 491 CONSTANTINOP.

3779 434 3884 492 “2

2203 553 2477 611 αινέσεως.
2564 550 2655 622 Μὴ
2681 551 2788 622 γάρ
2827 569 2915 621 μοι
2948 550 3152 619 λεγέτω
3178 568 3296 614 τις,
3331 551 3414 603 ὅτι
3449 548 3631 603 πολλοὶ
3663 549 3886 624 κατώρ-

2216 636 2393 689 θωσαν
2413 654 2427 666 ο
2462 638 2522 690 οὐ
2555 638 2714 691 τοῦτό
2741 639 2860 692 ἐστι
2893 639 2953 691 τὸ
2981 638 3345 709 ζητούμενον,
3386 638 3502 691 ἀλλ’
3524 639 3612 693 ἵνα
3657 638 3881 703 πάντες.

2221 725 2365 788 Ἕως
2391 724 2436 777 δ’
2471 726 2538 779 ἂν
2584 726 2658 796 μὴ
2699 726 2857 780 τοῦτο
2892 726 3019 789 ἴδω,
3058 727 3119 779 οὐ
3160 725 3392 793 δύναμαι
3425 725 3780 780 ἀναπνεῦσαι.
3823 726 3885 780 Ὁ

2214 812 2415 884 ποιμὴν
2440 815 2647 878 ἐκεῖνος
2675 815 2868 868 ἑκατὸν
2889 815 3140 886 πρόϐατα
3165 813 3300 885 εἶχε,
3324 815 3419 868 καὶ
3446 814 3564 877 ἐνὸς
3589 813 3887 885 πλανηθέν-

2210 917 2334 964 τος,
2364 903 2464 955 οὑκ
2495 902 2797 974 ἐλάμϐανεν
2829 903 3080 974 αἴσθησιν
3114 903 3215 974 τῆς
3247 902 3522 974 σωτηρίας
3550 903 3660 955 τῶν
3694 903 3886 975 ἐνενή-

2211 1005 2378 1044 κοντα
2406 990 2561 1044 ἐννέα
2581 1031 2594 1051 ,
2625 991 2730 1055 ἓως
2776 990 2843 1045 ἂν
2886 991 2947 1044 τὸ
2983 990 3264 1054 ἀπολωλὸς
3305 985 3435 1062 εὗρε
3466 992 3558 1045 καὶ
3582 994 3649 1063 τῇ
3676 991 3886 1064 ποίμνῃ

2212 1076 2375 1130 πάλιν
2412 1078 2712 1133 ἀπέδωκεν.
2750 1079 2862 1148 υὺχ
2906 1080 3035 1149 δρᾷς
3066 1080 3160 1132 καὶ
3188 1080 3280 1132 ἐπὶ
3309 1079 3401 1133 τοῦ
3431 1078 3681 1150 σώματος
3722 1079 3887 1134 τοῦτο

2211 1166 2533 1236 γινόμενον;
2573 1166 2667 1219 ἐὰν
2704 1166 2813 1238 γὰρ
2846 1166 2936 1219 τὸν
2982 1166 3150 1236 ὄνυχα
3200 1166 3358 1236 μόνον
3414 1166 3889 1237 προσπταίσαντες

2212 1253 2635 1326 ἀναστρέψωμεν
2661 1295 2676 1320 ,
2706 1254 2825 1307 ὅλον
2872 1252 2950 1324 τῷ
2993 1253 3145 1323 μέλει
3181 1254 3436 1323 συναλγεῖ
3475 1255 3534 1307 τὸ
3580 1254 3759 1324 σῶμα.
3788 1253 3887 1324 Μὴ

2210 1342 2391 1395 τοίνυν
2418 1342 2576 1396 τοῦτο
2605 1342 2767 1415 εἴπης
2788 1384 2802 1409 ,
2831 1342 2907 1407 ὡς
2935 1342 3105 1411 ὀλίγοι
3129 1343 3275 1407 τινὲς
3301 1342 3702 1415 ὑπελείφθησαν
3729 1345 3779 1395 οἱ
3804 1343 3886 1415 μὴ

2212 1430 2638 1502 κατωρθωκότες
2669 1442 2717 1495 ο,
2746 1422 2869 1485 ’ἀλλ’
2902 1433 3081 1486 ἐκεῖνο
3108 1431 3301 1485 σκόπει
3332 1432 3414 1485 ὅτι
3444 1426 3591 1485 οῦτοι
3624 1432 3675 1484 οἰ
3712 1430 3886 1498 ὀλίγοι

2215 1519 2291 1591 μὴ
2340 1520 2723 1591 διορθωθέντες
2776 1520 2999 1585 πολλοὺς
3046 1520 3449 1592 διαφθείρουσιν
3486 1521 3722 1591 ἐτέρους.
3772 1521 3888 1574 Καὶ

2211 1607 2320 1679 γὰρ
2358 1604 2440 1672 εἷς
2471 1604 2539 1681 ἦν
2573 1612 2601 1664 0
2628 1609 3017 1682 πεπορνευκὼς
3048 1609 3201 1682 παρά
3228 1608 3533 1680 Κορινθίοις
3556 1647 3571 1674 ,
3606 1610 3700 1662 καὶ
3732 1608 3887 1679 ὅμως

2209 1694 2383 1759 οὕτως
2428 1695 2645 1750 ἔστενεν
2693 1701 2722 1750 0
2755 1696 2965 1761 Παῦλος
3008 1698 3085 1761 ὡς
3120 1697 3251 1767 ὅλης
3291 1699 3391 1769 τῆς
3424 1696 3632 1760 πόλεως
3669 1697 3887 1749 ἀπολω-

2210 1781 2386 1847 λυίας.
2405 1785 2515 1837 Καὶ
2548 1784 2695 1854 μάλα
2719 1785 2944 1849 εἰκότως
2963 1802 2976 1817 ·
3004 1786 3121 1857 ᾔδει
3148 1785 3257 1857 γάρ
3282 1786 3364 1839 ὅτι
3387 1785 3459 1856 μὴ
3487 1783 3885 1855 σωφρονισθέν-

2212 1888 2301 1935 τος
2331 1873 2542 1925 ἐκείνου
2594 1874 2804 1943 ταχέως
2840 1873 2902 1927 τὸ
2955 1875 3168 1946 νόσημα
3203 1872 3416 1944 βαδίζον
3460 1872 3565 1945 ὁδῷ
3615 1872 3710 1931 καὶ
3757 1873 3889 1937 τοὺς

2212 1959 2405 2024 ἄλλους
2435 1962 2817 2034 ἐπιδραμεῖται
2862 1964 3087 2027 πάντας.
3124 1954 3276 2016 Εἶδον
3311 1960 3502 2033 πρὼην
3530 1964 3588 2015 ἐν
3620 1961 3699 2033 τῷ
3731 1961 3888 2015 δικα-

2216 2050 2420 2121 στηρίῳ
2444 2050 2760 2121 δεδεμένους
2787 2051 2879 2104 καὶ
2902 2051 3280 2121 ἀπαγομένους
3305 2050 3394 2104 διά
3432 2050 3600 2120 μέσης
3632 2051 3731 2121 τῆς
3755 2051 3890 2118 ἀγο-

2217 2138 2316 2207 ρᾶς
2341 2139 2466 2202 τοὺς
2492 2140 2813 2210 περιφανεῖς
2842 2139 3082 2202 ἐκείνους
3114 2138 3331 2211 ἄνδρας,
3360 2140 3453 2193 καί
3487 2155 3649 2192 τινων
3669 2138 3889 2209 θαυμαο

2213 2223 2416 2288 ζόντων
2475 2225 2564 2279 διὰ
2613 2226 2711 2298 τὴν
2770 2226 3074 2298 ὑπερϐολὴν
3124 2228 3222 2297 τῆς
3280 2225 3527 2298 ὕϐρεως,
3564 2227 3728 2280 Οὐδὲν
3778 2226 3890 2298 χρὴ

2213 2314 2513 2385 θαυμάζειν
2531 2357 2545 2379 ,
2596 2315 2774 2387 ἕτεροι
2804 2314 2989 2384 έλεγον
3015 2334 3028 2345 ·
3061 2316 3191 2369 ἔνθα
3224 2315 3333 2387 γὰρ
3362 2316 3429 2371 ἂν
3539 2315 3888 2378 καθοσίωσις,

2213 2402 2430 2474 ἀξίωμα
2475 2402 2625 2456 οὐδὲν
2674 2403 2896 2473 ὠφελεῖ.
2933 2403 3143 2458 Οὐκοῦν
3189 2404 3368 2475 πολλῷ
3412 2405 3610 2476 μᾶλλον
3657 2404 3785 2458 ἔνθα
3818 2405 3891 2458 ἂν

2213 2490 2437 2544 ἀσέϐεια
2520 2533 2532 2552 ,
2566 2491 2786 2564 ἀξίωμα
2826 2491 2978 2546 οὐδὲν
3008 2491 3228 2561 ὠφελεῖ.

2280 2597 2530 2651 ε’.Ταῦτα
2545 2592 2639 2651 οῦν
2655 2596 2958 2661 ἐννοοῦντες
2969 2597 3413 2670 διαναστήσωμεν
3425 2597 3768 2663 ἑαυτούς’ἐάν
3781 2598 3852 2668 γά
3857 2620 3892 2671 ρ

2217 2686 2291 2756 μὴ
2318 2688 2418 2757 τὴν
2452 2688 2582 2758 παρ’
2606 2686 2760 2757 ὑμῶν
2792 2686 3031 2756 σπουδὴν
3062 2688 3219 2757 ὑμεῖς
3249 2688 3620 2758 εἰσενέγκητε,
3660 2689 3891 2759 περιττά

2213 2772 2282 2826 τὰ
2310 2775 2442 2846 παρ’
2471 2774 2628 2846 ἡμῶν
2660 2773 2894 2828 ἅπαντα.
2935 2773 3000 2826 Τί
3041 2774 3272 2845 δήποτε;
3302 2775 3425 2827 Ὀτι
3474 2776 3571 2846 οὐχ
3609 2775 3798 2847 ὥσπερ
3830 2778 3891 2829 αἰ

2215 2862 2396 2917 λοιπαὶ
2424 2864 2641 2934 τέχναι,
2691 2860 2833 2915 οὕτω
2882 2863 3039 2933 καὶὴ
3089 2862 3441 2934 διδασκαλική
3476 2865 3591 2917 ἐστι
3636 2863 3890 2935 δύναμις.

2226 2952 2285 3006 '0
2317 2952 2416 3022 μὲν
2459 2951 2568 3024 γὰρ
2598 2950 2978 3023 ἀργυροκόπος
3015 2947 3127 3004 οἷον
3170 2952 3237 3005 ἂν
3282 2951 3558 3025 χαλκεύση
3584 2952 3644 3005 τὸ
3696 2952 3893 3018 σκεῦος

2214 3042 2306 3094 καὶ
2344 3042 2652 3112 ἀπόθηται,
2691 3041 2931 3095 τοιοῦτον
2975 3041 3144 3094 ἐλθὼν
3171 3045 3238 3113 τῇ
3273 3042 3502 3114 ἐπιούσῃ
3531 3042 3690 3095 πάλιν
3724 3042 3893 3112 εὑρή-

2215 3146 2323 3182 σει’
2361 3131 2454 3183 καὶ
2501 3132 2529 3183 0
2562 3130 2929 3201 χαλκοτύπος,
2989 3118 3083 3183 καὶ
3133 3132 3161 3183 0
3210 3130 3476 3195 λιθοξόος,
3524 3130 3755 3184 καὶτῶν
3791 3130 3891 3201 δη·-

2216 3218 2491 3289 μιουργῶν
2522 3219 2750 3281 ἕκαστος
2774 3212 2886 3271 οἷον
2927 3218 2993 3271 ἂν
3049 3221 3162 3290 ἀφῇ
3195 3219 3255 3272 τὸ
3285 3220 3482 3272 οἰκεῖον
3504 3219 3685 3290 ἔργον,
3711 3219 3891 3273 τοιοῦ·

2212 3322 2302 3359 τον
2348 3306 2682 3377 ἀπολήψεται
2712 3306 2873 3359 πάλιν
2901 3322 2913 3335 ·
2961 3307 3054 3359 ἐπὶ
3095 3307 3151 3359 δὲ
3189 3306 3343 3376 ἡμῶν
3371 3307 3470 3376 οὑχ
3512 3306 3720 3369 οὕτως,
3752 3306 3891 3360 ἀλλά

2212 3395 2520 3448 τούναντίον
2572 3395 2717 3448 ἅπαν
2742 3411 2756 3424 ’
2791 3394 2851 3447 ού
2911 3396 3017 3465 γὰρ
3067 3394 3249 3465 ἄψυχα
3298 3394 3465 3465 σκεύη
3488 3438 3499 3457 ,
3531 3395 3667 3448 ἀλλὰ
3709 3396 3890 3467 ψυχὰς

2211 3481 2548 3554 χαλκεύομεν
2577 3482 2818 3550 λογικάς.
2856 3483 2953 3534 Διά
2972 3482 3128 3534 τοῦτο
3155 3482 3216 3534 οὺ
3255 3481 3526 3546 τοιούτους
3560 3484 3706 3552 ὑμᾶς
3738 3484 3891 3554 εὑρί-

2215 3588 2413 3641 σκομεν
2457 3570 2601 3634 οἵους
2653 3569 3141 3640 καταλιμπάνομεν
3165 3610 3180 3634 ,
3216 3570 3331 3624 ἀλλ’
3363 3571 3580 3624 ἐπειδάν
3631 3571 3891 3636 λαϐόντες

2217 3660 2356 3728 μετὰ
2380 3657 2574 3711 πολλοῦ
2614 3659 2858 3728 καμάτου
2893 3658 3300 3729 διαπλάσωμεν,
3337 3658 3739 3730 διορθώσωμεν,
3771 3660 3888 3731 θερ-

2217 3747 2478 3818 μοτέρους
2502 3746 2888 3819 ἐργασώμεθα,
2912 3746 3223 3813 ἐξελθόντας
3256 3749 3401 3819 ὑμᾶς
3424 3751 3456 3819 ή
3487 3748 3593 3802 τῶν
3633 3750 3891 3820 πραγμά-

2210 3852 2318 3887 των
2338 3835 2658 3905 περίστασις
2672 3833 3008 3904 πανταχόθεν
3031 3832 3542 3905 περιστοιχιζομένη
3569 3835 3889 3908 διαστρέφει

2214 3922 2402 3985 πάλιν,
2461 3923 2554 3975 καὶ
2587 3922 2806 3974 πλείονα
2858 3921 3087 3993 παρέχει
3136 3921 3234 3993 τὴν
3280 3922 3566 3977 δυσκολίαί
3600 3925 3752 3995 ἡμῖν.
3784 3926 3888 3978 Διά

2210 4013 2366 4065 τοῦτο
2396 4011 2587 4082 δέομαι
2622 4011 2714 4063 καὶ
2747 4008 3012 4064 ἀντιϐολῶ
3042 4012 3197 4081 χεῖρα
3230 4009 3415 4081 ὀρέξαι
3438 4052 3452 4072 ,
3484 4011 3576 4064 καὶ
3621 4012 3755 4084 ὅσην
3799 4015 3888 4066 ἐν-

2209 4101 2383 4155 ταῦθα
2435 4099 2694 4170 ποιοῦμαι
2725 4099 2826 4170 τὴν
2861 4097 3097 4169 σπουδὴν
3128 4098 3263 4170 πρὸς
3305 4099 3405 4170 τὴν
3450 4098 3737 4171 διόρθωσιν
3785 4102 3887 4171 τὴν

2211 4190 2519 4261 ὑμετέραν,
2554 4187 2822 4257 τοσαύτην
2857 4185 3184 4250 ἀπελθόντες
3212 4186 3460 4240 ἐντεῦθεν
3508 4188 3886 4245 ἑπιδείκνυσθε

2210 4278 2339 4349 περὶ
2378 4277 2476 4348 τὴν
2531 4275 2802 4346 σωτηρίαν
2840 4276 2940 4344 τὴν
2988 4274 3259 4344 ὑμετέραν
3299 4275 3570 4346 φροντίδα.
3605 4278 3732 4331 Εἴθε
3784 4281 3886 4350 μὲν

2209 4366 2317 4437 γὰρ
2348 4365 2573 4420 δυνατὸν
2619 4358 2688 4434 ἦν
2724 4362 2865 4433 ὑπὲρ
2911 4361 3067 4431 ὑμῶν
3121 4362 3223 4432 ἐμὲ
3271 4363 3608 4435 κατορθοῦν,
3663 4368 3761 4421 καὶ
3814 4368 3887 4420 τὰ

2208 4454 2419 4508 ἔπαθλα
2453 4454 2598 4523 ὑμᾶς
2626 4449 2926 4521 λαμϐάνειν
2961 4447 3112 4520 [MO]
3144 4449 3255 4503 τῶν
3280 4450 3746 4522 κατορθωμάτων,
3788 4457 3886 4509 καὶ

2208 4545 2308 4597 οὑκ
2338 4542 2404 4596 ἂν
2428 4539 2680 4594 τοσοῦτον
2712 4537 3022 4608 ἠνώχλησα.
3064 4537 3224 4591 Ἀλλά
3248 4538 3301 4591 τί
3330 4537 3486 4593 πάθω
3508 4559 3522 4605 ;
3548 4542 3710 4595 τοῦτο
3747 4544 3887 4616 ἀμή-

2208 4648 2403 4703 χανον·
2455 4630 2670 4700 ἑκάστῳ
2706 4627 2816 4699 γὰρ
2865 4627 3013 4680 κατά
3059 4626 3128 4679 τά
3179 4627 3317 4698 ἔργα
3367 4629 3532 4682 αὑτοῦ
3587 4630 3882 4687 ἀποδώσει.

2210 4722 2423 4791 ’Ὠσπερ
2481 4717 2574 4772 οὖν
2633 4717 2819 4787 μήτηρ
2854 4715 3035 4786 ὁρῶσα
3063 4715 3125 4769 τὺ
3155 4716 3365 4769 παιδίον
3395 4717 3662 4786 πυρέττον
3687 4759 3701 4779 ,
3741 4737 3886 4791 παρ-

2207 4808 2420 4863 εστῶσα
2448 4805 2732 4876 ἁχχομένῳ
2782 4806 2875 4857 καὶ
2930 4805 3237 4876 καιομένῳ,
3294 4804 3567 4876 θρηνοῦσα
3618 4807 3883 4873 πολλάκις

2205 4894 2329 4952 εἷπε
2378 4894 2512 4966 πρὸς
2569 4893 2628 4946 τὸ
2681 4891 2871 4946 νοσοῦν
2926 4892 3176 4956 παιδίον,
3221 4892 3343 4946 Είθε
3377 4911 3466 4963 μοι
3515 4895 3740 4949 δυνατὸν
3787 4894 3879 4967 ἦν,

2184 4985 2413 5045 -τέκνον,
2442 4982 2531 5034 τὸν
2565 4980 2796 5050 πυρετὸν
2815 4979 3172 5045 ἀναδέξασθαι
3206 4982 3296 5034 τὸν
3328 4982 3439 5046 σὸν,
3472 4984 3566 5036 καὶ
3591 4985 3680 5036 ἐπ’
3706 4987 3881 5055 ἐμαυο

2204 5075 2302 5144 τὴν
2332 5070 2553 5124 ἑλκύσαι
2578 5069 2674 5139 τὴν
2699 5068 2871 5138 φλόγα
2890 5085 2903 5098 ·
2929 5068 3071 5121 οὕτω
3094 5068 3156 5140 δὴ
3186 5070 3279 5122 καὶ
3306 5068 3417 5137 ἐγὼ
3440 5069 3584 5139 λέγω
3605 5071 3723 5125 νῦν⁶
3748 5074 3877 5128 Εἴθε
3940 5090 3949 5096 “

2204 5160 2426 5215 δυνατὸν
2447 5155 2515 5229 ἦν
2536 5157 2638 5226 ἐμὲ
2660 5157 2969 5226 πονήσαντα
3005 5157 3145 5226 ὑπὲρ
3182 5157 3335 5225 ὑμῶν
3367 5159 3712 5229 κατορθῶσαι
3739 5163 3879 5216 πάν·-

2203 5267 2311 5303 των
2334 5266 2346 5279 ·
2379 5247 2492 5300 ἀλλ’
2537 5245 2637 5299 οὐκ
2676 5243 2791 5297 ἔστι
2832 5243 2989 5297 τοῦτο
3008 5283 3023 5306 ,
3072 5245 3174 5297 ούκ
3202 5244 3347 5297 ἐστιν
3374 5285 3388 5308 ,
3422 5246 3557 5300 ἀλλά
3587 5248 3697 5301 τῶν
3727 5251 3879 5321 αὺτῷ

2206 5335 2597 5408 πραττομένων
2624 5333 2854 5386 ἕκαστον
2890 5333 3101 5400 ἀνάγκη
3131 5332 3315 5386 δοῦναι
3347 5334 3446 5397 τὰς
3487 5335 3753 5403 εὐθύνας,
3782 5344 3880 5394 καὶ

2204 5428 2305 5480 οὐκ
2340 5413 2546 5479 ἀν’ῐδοι
2600 5439 2685 5485 τις
2736 5421 2921 5491 ἕτερον
2953 5422 3091 5493 ὑπὲρ
3124 5421 3312 5490 ἐτέρου
3357 5423 3739 5494 κολαζόμενον.
3777 5429 3883 5483 Διά

2202 5514 2361 5568 τοῦτο
2404 5509 2679 5581 ὀδυνῶμαι
2722 5510 2817 5563 καὶ
2844 5508 3028 5580 θρηνῶ
3048 5548 3061 5572 ,
3096 5510 3179 5561 ὅτι
3208 5509 3351 5563 κατὰ
3376 5510 3474 5581 τὴν
3501 5512 3718 5583 ἡμέραν
3748 5515 3881 5584 ὑμῖν

2203 5601 2419 5672 ἐκείνην
2451 5597 2869 5668 ἐγκαλουμένοις
2899 5597 2961 5649 οὑ
3004 5596 3306 5669 δυνήσομαι
3340 5600 3689 5671 παραστῆναι
3716 5620 3729 5632 .
3771 5604 3881 5673 μά,

2201 5690 2356 5743 λιστα
2398 5688 2496 5758 μὲν
2527 5687 2638 5756 γὰρ
2677 5684 2796 5738 οὑδὲ
2829 5686 3111 5756 παρρησία
3171 5704 3267 5755 μοι
3296 5688 3430 5758 πρὸς
3464 5690 3556 5740 τὸν
3590 5689 3725 5742 Θεόν
3757 5693 3877 5744 ἐστι

2199 5776 2459 5846 τοσαύτη.
2498 5775 2561 5828 Ei
2591 5774 2649 5826 δέ
2671 5774 2763 5826 καὶ
2789 5774 3104 5844 παρρησίαν
3135 5769 3280 5844 εἶχον
3305 5816 3320 5837 ,
3347 5776 3445 5829 οὑκ
3478 5778 3596 5847 είμί
3625 5780 3876 5846 Μωσέως

2198 5865 2496 5936 ἁγιώτερος
2518 5905 2533 5930 ,
2583 5862 2703 5916 οὐδὲ
2742 5861 2994 5933 Σαμουὴλ
3035 5863 3403 5935 δικαιότερος,
3433 5863 3527 5928 οὒς
3559 5867 3653 5919 ἐπὶ
3684 5869 3879 5923 τοσοῦ-

2263 6009 2285 6037 ο
2313 6007 2423 6055 Sav.
2457 6011 2511 6057 et
2548 6008 2757 6057 maxima
2786 6020 2897 6070 pars
2923 6020 3040 6057 mss.
3062 6009 3444 6072 κατωρθωκότες,
3472 6006 3590 6058 Mor.
3621 6012 3874 6076 κατορθὼ.

2201 6085 2382 6127 σαντες.
