4112 6388
310 346 407 400 Nl

309 474 446 530 Opus
477 457 637 511 habet
666 452 943 507 sedulitate
979 456 1033 502 et
1071 445 1265 499 studio.
1307 441 1416 497 Nec
1445 438 1617 494 solum
1640 436 1711 490 ita
1738 432 1890 487 nobis

313 550 522 622 pondus
549 548 762 610 levavit,
794 543 887 598 sed
916 551 971 596 et
991 540 1097 593 alio
1123 537 1281 592 modo
1306 548 1489 588 rursus
1521 532 1754 599 ipsorum
1784 539 1897 578 me-

312 646 535 700 ritorum
564 639 807 710 qumdam
836 634 1095 690 naturalia
1129 630 1280 686 nobis
1302 642 1422 683 esse
1449 626 1651 680 sinens.
1686 618 1892 675 Etenim

314 751 414 789 una
444 748 566 787 cum
600 732 663 785 iis
706 730 796 798 qui
833 723 1211 782 contumeliam
1256 719 1527 791 patiuntur
1550 758 1563 779 ,
1613 710 1893 781 indignari,

315 828 556 883 naturale
596 840 787 879 omnes
828 822 1085 875 habemus
1131 816 1346 886 (statim
1377 813 1572 883 quippe
1602 803 1899 863 infestanti-

313 920 414 974 bus
440 918 704 973 efficimur
726 913 924 968 inimici
948 954 962 979 ,
991 912 1115 965 licet
1141 909 1240 977 ipsi
1264 905 1398 960 nihil
1424 905 1591 958 simus
1620 899 1813 969 passi),
1845 903 1900 949 et

314 1010 568 1083 gratulari
596 1007 904 1062 defensione
930 1002 1202 1057 etauxilio
1222 996 1572 1068 patientibus,
1604 1003 1656 1046 et
1686 991 1738 1043 in
1764 988 1895 1041 alie-

317 1082 401 1161 nis
440 1102 832 1159 calamitatibus
858 1094 1389 1168 affligi,eteharitate
1415 1097 1596 1143 mutua
1626 1082 1898 1139 delectari.

315 1196 431 1251 Etsi
459 1196 601 1248 enim
631 1208 805 1247 rerum
824 1206 977 1245 casus
999 1187 1320 1242 simultatem
1343 1180 1623 1252 quamdam
1652 1176 1901 1229 inducere

316 1288 638 1350 videantur,
692 1283 952 1336 habemus
1001 1289 1179 1332 tamen
1235 1286 1574 1328 communem
1626 1269 1762 1322 inter
1808 1281 1903 1318 nos

317 1393 579 1432 amorem.
636 1375 704 1429 Et
748 1374 851 1429 hoc
886 1371 1100 1442 quidam
1129 1368 1340 1437 sapiens
1380 1366 1606 1418 inuueus
1642 1358 1854 1413 dicebat
1889 1378 1901 1411 :

322 1471 485 1524 Omne
512 1468 704 1522 animal
722 1475 858 1520 amat
878 1464 969 1519 sibi
994 1462 1176 1526 simile,
1201 1469 1244 1513 et
1266 1458 1415 1512 homo
1442 1455 1729 1527 proximum
1757 1467 1905 1505 suum

322 1561 508 1634 (Eccii.
544 1561 637 1614 ιδ.
671 1558 783 1628 19).

391 1655 442 1708 4.
478 1652 668 1706 Multos
698 1659 873 1703 autem
904 1657 957 1701 et
979 1646 1110 1700 alios
1132 1651 1327 1714 praeter
1350 1638 1735 1696 conscientiam
1768 1653 1906 1703 pra:—

321 1756 569 1813 ceptores
604 1742 761 1795 nobis
788 1741 930 1795 Deus
959 1738 1245 1808 prteposuit
1279 1754 1291 1788 :
1321 1734 1519 1788 etenim
1558 1739 1735 1801 patres
1763 1728 1905 1791 ﬁliis,

320 1849 379 1893 et
428 1837 674 1891 dominos
726 1835 933 1897 servis,
982 1842 1035 1885 et
1075 1830 1218 1883 viros
1246 1826 1497 1881 uxoribus
1522 1866 1536 1888 ,
1582 1831 1637 1877 et
1663 1822 1910 1877 doctores

322 1930 628 2000 discipulis,
659 1938 713 1982 et
738 1927 1069 1997 legislatores
1097 1932 1151 1977 et
1174 1922 1383 1990 judiees
1409 1916 1636 1973 subditis
1655 1958 1669 1981 ,
1702 1923 1757 1969 et
1775 1914 1911 1967 ami-

322 2040 415 2079 cos
443 2024 648 2077 amicis.
696 2020 851 2088 Saepe
887 2033 1017 2072 vero
1049 2025 1104 2071 et
1142 2018 1208 2069 ab
1232 2011 1459 2068 inimicis
1491 2024 1595 2064 non
1627 2007 1803 2060 minus
1832 2005 1913 2057 lu-

323 2132 570 2178 cramur,
613 2129 771 2183 quam
811 2115 879 2166 ab
912 2111 1097 2165 amicis
1129 2128 1139 2162 :
1173 2124 1294 2162 cum
1326 2107 1466 2161 enim
1504 2103 1659 2160 nobis
1694 2108 1910 2171 peccata

326 2206 801 2274 exprobraverint,
832 2203 990 2256 etiam
1036 2201 1229 2254 invitos
1270 2198 1322 2252 in
1354 2199 1591 2268 ipsorum
1615 2193 1912 2249 correctio-

329 2316 448 2353 nem
476 2299 734 2355 excitaut.
788 2295 891 2372 Tot
921 2306 1096 2349 autem
1130 2293 1378 2347 doctores
1406 2289 1562 2343 nobis
1593 2285 1907 2357 praeposuit,

330 2403 388 2448 ut
424 2392 596 2446 facilis
630 2391 782 2445 nobis
813 2389 1058 2443 utilitatis
1095 2386 1329 2441 inventio
1355 2392 1411 2438 et
1437 2381 1706 2452 reparatio
1739 2379 1911 2441 fieret,

328 2483 667 2539 multitudine
713 2483 779 2536 ad
832 2480 883 2535 id
933 2477 1369 2547 compellentium
1416 2489 1523 2528 non
1575 2471 1917 2541 permittente

331 2593 428 2632 nos
454 2577 521 2631 ab
551 2578 647 2641 iis,
692 2590 811 2645 qum
840 2574 993 2627 nobis
1033 2570 1356 2640 expediunt,
1393 2567 1658 2622 excidere.
1706 2564 1917 2618 Etenim

332 2672 376 2724 si
401 2679 649 2740 parentes
674 2675 1109 2727 contemnamus,
1140 2662 1481 2732 magistratus
1511 2660 1780 2721 timentes,
1809 2656 1918 2709 eri-

332 2776 453 2815 mus
480 2761 696 2814 omnino
738 2758 976 2811 mitiores
1010 2773 1022 2808 :
1052 2764 1106 2809 et
1144 2755 1188 2808 si
1231 2754 1349 2807 illos
1387 2753 1438 2805 in
1469 2749 1706 2819 peccatis
1736 2748 1921 2815 despi-

333 2854 537 2906 ciamus
563 2895 576 2918 ,
616 2865 903 2920 numquam
951 2847 1296 2902 conscientia:
1342 2842 1761 2911 increpationem
1791 2838 1920 2894 elTu-

333 2962 460 3015 gere
486 2958 767 3014 possumus
799 2960 812 2995 :
845 2950 899 2996 et
941 2941 985 2995 si
1027 2940 1165 2993 hanc
1212 2950 1565 3007 aspernemur
1594 2941 1649 2988 et
1688 2932 1921 3001 repella-

335 3051 476 3101 mus,
492 3036 781 3091 multorum
799 3033 1105 3103 opinionem
1128 3031 1399 3092 timentes,
1422 3026 1671 3082 meliores
1688 3024 1887 3079 erimus
1909 3040 1921 3087 ;

336 3129 381 3181 si
424 3127 490 3181 ad
535 3127 671 3181 hanc
706 3141 811 3179 non
841 3124 1256 3187 erubescamus,
1305 3120 1497 3174 insitus
1546 3118 1720 3187 legum
1765 3116 1925 3168 timor

337 3219 421 3272 vel
464 3218 659 3271 invitos
697 3232 792 3271 nos
823 3216 1084 3285 castigare
1124 3212 1321 3283 poterit
1348 3229 1360 3265 :
1392 3219 1446 3266 et
1475 3224 1568 3265 eos
1594 3209 1683 3279 qui
1700 3208 1926 3277 juvenes

341 3318 486 3374 sunt,
516 3308 755 3378 magistri
782 3317 836 3363 et
865 3318 1043 3376 patres
1066 3347 1080 3369 ,
1122 3304 1335 3358 adultos
1362 3316 1492 3357 vero
1520 3301 1851 3371 legislatores
1874 3308 1928 3353 et

342 3402 613 3471 principes
636 3401 686 3453 in
718 3415 901 3453 curam
930 3412 1080 3451 suam
1104 3404 1376 3451 sumentes
1398 3399 1735 3461 componunt
1766 3408 1777 3443 :
1806 3406 1924 3444 ser—

340 3495 503 3562 vique
549 3492 763 3562 segnius
804 3505 863 3544 se
911 3489 1168 3543 habentes
1193 3495 1246 3541 et
1271 3502 1299 3538 a
1346 3484 1665 3553 supradictis
1692 3492 1797 3536 eta
1829 3481 1929 3533 do-

344 3585 505 3639 minis
548 3583 920 3637 necessitatem
958 3579 1236 3635 modestiae
1277 3576 1551 3633 servanda:
1594 3575 1824 3638 habent,
1880 3582 1931 3625 et

346 3678 601 3732 mulieres
625 3691 654 3728 a
676 3675 837 3739 viris;
867 3683 921 3727 et
941 3673 1089 3726 multi
1112 3670 1347 3741 undique
1373 3668 1554 3739 generi
1581 3674 1768 3720 nostro
1794 3665 1931 3717 muri

348 3777 506 3833 sunt,
536 3783 602 3821 ne
638 3766 792 3820 facile
833 3766 885 3819 in
913 3765 1095 3818 vitium
1127 3763 1425 3818 dilabamur
1454 3769 1507 3815 et
1546 3758 1820 3813 cadamus.
1854 3757 1930 3810 Ad

347 3859 463 3914 lucc
488 3867 664 3912 autem
696 3858 872 3911 omnia
891 3864 944 3909 et
972 3855 1310 3925 wgritudines
1336 3863 1391 3907 et
1421 3852 1751 3921 negotiorum
1780 3864 1933 3917 pres-

348 3966 487 4006 sura:
527 3966 626 4004 nos
671 3949 867 4003 docent
899 3966 912 4001 :
949 3947 1148 4002 etenim
1179 3956 1231 3999 et
1267 3952 1549 4013 paupertas
1589 3941 1838 4005 cohibet,
1884 3948 1937 3993 ct

351 4043 547 4097 mulcta
578 4041 835 4109 castigat,
876 4048 930 4093 et
950 4038 1244 4108 periculum
1272 4037 1531 4105 corripit,
1557 4044 1611 4088 et
1641 4034 1806 4086 multa
1834 4032 1934 4085 alia

351 4132 677 4203 hujusmodi.
730 4131 845 4184 Non
875 4139 1039 4184 terret
1066 4138 1118 4184 te
1143 4128 1333 4198 pater?
1374 4142 1473 4181 nec
1513 4126 1805 4196 magister?
1832 4139 1938 4177 non

352 4223 646 4294 princeps?
691 4237 797 4274 non
841 4221 1148 4290 legislator?
1198 4234 1300 4273 non
1336 4217 1539 4288 judex?
1582 4232 1688 4271 non
1722 4227 1772 4270 te
1813 4231 1940 4269 con-

355 4317 527 4372 fundit
561 4314 804 4370 amicus?
831 4331 932 4367 non
961 4323 1010 4367 te
1040 4312 1250 4365 mordet
1279 4310 1560 4364 inimicus?
1589 4325 1691 4363 non
1721 4308 1943 4377 castigat

354 4408 641 4461 dominus?
672 4420 778 4459 non
810 4405 967 4459 docet
1002 4402 1260 4457 maritus?
1287 4417 1391 4455 non
1426 4400 1642 4469 corrigit
1667 4398 1943 4452 conscien-

358 4500 467 4553 tia?
535 4498 639 4553 Sed
693 4497 988 4566 corporalis
1044 4494 1304 4563 zrgritudo
1366 4492 1749 4563 superveniens
1801 4504 1943 4559 smpe

358 4593 538 4645 omnia
564 4591 838 4657 correxit,
875 4599 928 4643 et
966 4589 1164 4642 mulcta
1207 4587 1464 4640 audacem
1504 4586 1627 4640 fecit
1666 4584 1945 4638 humanio-

359 4701 474 4740 rem
502 4703 513 4737 :
542 4684 791 4755 quodque
828 4683 1066 4752 profecto
1099 4680 1274 4749 majus
1319 4688 1397 4733 est
1420 4719 1433 4742 ,
1476 4693 1581 4731 non
1614 4686 1813 4730 tantum
1846 4690 1939 4729 no-

358 4778 443 4832 bis
464 4819 480 4842 ,
513 4776 607 4831 sed
635 4789 685 4831 et
722 4775 840 4828 aliis
881 4773 1173 4828 accidentia
1202 4772 1334 4824 mala
1374 4785 1694 4839 magnopere
1724 4783 1821 4821 nos
1846 4767 1946 4820 ad-

357 4868 548 4937 juvare
589 4874 981 4919 consueverunt
1015 4882 1027 4916 :
1058 4872 1109 4916 et
1154 4862 1250 4930 ipsi
1286 4876 1450 4930 grave
1480 4859 1554 4913 nil
1589 4860 1768 4927 passi,
1813 4857 1947 4911 alios

360 4973 492 5011 vero
542 4957 716 5026 puniri
768 4955 1101 5023 conspicati,
1154 4970 1258 5006 non
1316 4952 1490 5006 minus
1540 4950 1647 5004 illis
1702 4948 1944 5018 castigati

360 5064 567 5104 sumus.

436 5143 687 5197 Adversus
717 5142 1028 5209 juramenta.
1058 5168 1128 5177 --
1164 5137 1273 5191 Hoc
1309 5147 1362 5190 et
1406 5136 1456 5188 in
1498 5132 1787 5189 benefactis
1825 5133 1945 5200 quis

366 5235 543 5288 videat
572 5234 786 5288 evenire
817 5250 828 5285 :
861 5233 995 5286 sicut
1041 5231 1183 5284 enim
1210 5229 1334 5282 dum
1363 5227 1653 5298 puniuntur
1681 5226 1827 5290 mali,
1858 5225 1948 5279 alii

364 5327 616 5379 meliores
662 5323 965 5378 efficiuntur
994 5339 1007 5375 :
1034 5323 1112 5374 sic
1159 5319 1312 5375 bouis
1353 5319 1489 5373 bene
1528 5333 1585 5371 se
1620 5317 1944 5386 gerentibus,

366 5415 521 5471 multi
549 5415 616 5469 ad
651 5415 876 5468 similem
916 5413 1089 5467 zelum
1126 5409 1449 5466 inducuntur
1487 5428 1498 5462 :
1534 5407 1675 5477 quod
1712 5408 1836 5461 etin
1875 5406 1952 5475 ju-

366 5516 731 5562 ramentorum
773 5504 895 5575 fuga
942 5502 1182 5572 contigit.
1223 5501 1369 5555 Multi
1417 5501 1557 5553 enim
1605 5500 1735 5553 alios
1778 5500 1949 5552 intuiti

364 5600 563 5655 malam
594 5598 903 5667 deposuisse
936 5594 1149 5665 jurandi
1195 5592 1669 5655 cousuetudmem,
1717 5590 1949 5643 studium

365 5690 557 5745 imitati
586 5698 730 5755 sunt,
760 5697 1138 5757 peccatumque
1163 5686 1405 5739 vicerunt
1430 5702 1442 5737 :
1474 5692 1751 5753 propterea
1774 5695 1828 5738 et
1854 5700 1949 5737 nos

280 5807 284 5810 ~
366 5782 665 5854 promptius
692 5784 881 5836 iterum
915 5779 1159 5835 eamdem
1200 5779 1461 5848 tangimus
1506 5778 1941 5833 admonitionem.

1205 331 1296 385 AD
1335 320 1657 384 POPULUM
1699 311 2189 371 ANTIOCHENUM
2252 313 2477 370 llOMIL.
2519 313 2657 369 XIII.

3488 314 3599 367 ΗΞ·

2004 426 2172 482 Nemo
2200 427 2342 482 enim
2372 427 2503 481 mihi
2524 427 2686 494 dicat,
2720 426 2864 482 Multi
2891 427 3119 482 correcti
3154 437 3277 481 sunt
3312 446 3322 480 :
3362 427 3460 481 huc
3484 447 3587 482 non

2004 530 2087 575 est
2115 520 2256 588 quod
2280 522 2555 591 qureritur,
2587 521 2679 575 sed
2715 531 2771 575 ut
2792 537 2999 576 omnes.
3034 522 3212 575 Donec
3251 521 3352 575 hoc
3382 521 3585 585 videro,

2004 611 2273 681 reSpirare
2310 628 2416 666 non
2461 627 2696 681 possum.
2732 613 2917 667 Pastor
2958 614 3043 667 ille
3086 622 3298 667 centum
3330 627 3456 669 oves
3504 614 3586 668 ha-

2009 702 2186 769 bebat,
2215 713 2270 758 et
2290 720 2391 758 una
2420 705 2635 769 amissa,
2670 720 2775 757 non
2799 706 2964 759 sensit
2991 706 3055 760 de
3084 708 3367 777 nonaginta
3399 722 3588 762 novem

2007 797 2179 852 salute
2198 797 2627 863 delectationem,
2656 800 2826 853 donec
2854 801 3111 867 perditam
3137 801 3335 855 invenit
3367 809 3424 855 et
3445 802 3591 873 gregi

2008 892 2237 945 restituit
2263 890 2472 960 (Malui.
2500 892 2585 944 18.
2616 890 2702 944 12.
2738 892 2848 962 15).
2880 891 2994 946 Νοη
3016 893 3192 947 cernis
3212 902 3266 948 et
3294 893 3345 947 in
3368 907 3593 962 corpore

2009 985 2111 1039 hoc
2168 984 2321 1039 fieri?
2366 986 2409 1038 si
2465 986 2607 1039 enim
2649 986 2731 1038 vel
2784 1002 3009 1057 unguem
3053 988 3224 1041 solum
3264 985 3596 1041 offendentes

2009 1076 2386 1140 subvertimus,
2414 1086 2579 1130 totum
2602 1091 2795 1145 corpus
2822 1078 3059 1131 membro
3090 1076 3357 1132 eondolet.
3389 1076 3465 1131 Ne
3493 1076 3592 1147 igi~

2013 1180 2096 1225 tur
2121 1170 2286 1234 dicas,
2334 1170 2489 1224 Pauci
2535 1170 2749 1238 quidam
2797 1169 2965 1224 relicti
3002 1178 3143 1225 sunt.
3190 1171 3278 1238 qui
3328 1184 3430 1223 non
3470 1178 3597 1224 sunt

2011 1262 2238 1316 correcti
2263 1278 2276 1326 ;
2306 1262 2398 1316 sed
2428 1261 2555 1315 illud
2576 1261 2873 1324 considera,
2904 1262 3046 1331 quod
3071 1261 3153 1315 isti
3177 1263 3327 1330 pauci
3352 1276 3453 1314 non
3475 1275 3597 1315 cor-

2013 1357 2140 1410 recti
2180 1358 2376 1410 multos
2404 1365 2746 1424 corrumpant
2778 1357 2929 1411 alios.
2979 1356 3185 1409 Etenim
3231 1364 3285 1407 et
3323 1355 3460 1422 apud
3502 1355 3597 1409 Co-

2014 1448 2238 1503 rinthios
2266 1464 2399 1502 unus
2424 1457 2539 1503 erat
2569 1448 2881 1513 fornicatus,
2922 1461 2974 1501 et
3014 1458 3189 1501 tamen
3244 1448 3313 1501 ita
3353 1446 3598 1515 gemebat

2016 1542 2227 1604 l‘aulus,
2260 1552 2526 1611 tamquam
2579 1550 2683 1594 tota
2730 1540 2935 1611 perdita
2976 1540 3190 1594 civitate
3232 1537 3452 1612 (LCor.
3492 1539 3593 1607 5):

2013 1645 2066 1690 et
2104 1635 2324 1697 merito;
2366 1634 2566 1688 sciebat
2605 1634 2744 1687 enim
2768 1674 2781 1697 ,
2831 1633 2922 1687 illo
2963 1648 3067 1686 non
3117 1642 3377 1696 correcto,
3415 1631 3597 1685 vitium

2015 1744 2237 1797 serpens
2264 1738 2316 1781 et
2355 1728 2489 1780 alios
2518 1742 2705 1781 omnes
2750 1728 3056 1780 invasurum
3093 1742 3233 1781 esse.
3278 1725 3397 1780 Vidi
3431 1741 3599 1793 nuper

2016 1820 2068 1871 in
2112 1818 2312 1887 judicio
2355 1819 2558 1872 vinctos
2609 1828 2663 1873 et
2710 1834 2805 1888 per
2852 1819 3081 1872 medium
3128 1818 3300 1873 forum
3345 1817 3600 1872 abductos

2017 1911 2136 1963 illos
2164 1910 2397 1964 illustres
2427 1911 2570 1964 viros
2602 1929 2613 1963 :
2640 1920 2694 1965 et
2721 1911 3034 1981 quibusdam
3062 1912 3399 1966 contumelia:
3426 1927 3603 1966 exces-

2018 2014 2135 2053 sum
2175 2000 2595 2065 admirantibus,
2634 2000 2765 2054 nihil
2806 2001 3057 2055 admirari
3087 2012 3317 2070 Oportet,
3356 2001 3603 2056 dicebant

2018 2092 2104 2145 alii
2134 2111 2145 2145 :
2176 2092 2262 2147 ubi
2293 2093 2434 2147 enim
2467 2092 2757 2156 damnatio,
2785 2093 3014 2163 dignitas
3040 2095 3169 2147 nihil
3203 2094 3435 2163 prodest.
3461 2094 3604 2149 Non-

2021 2202 2087 2239 ne
2115 2186 2272 2255 igitur
2300 2186 2469 2240 multo
2493 2187 2682 2257 magis,
2712 2187 2799 2242 ubi
2830 2188 2898 2240 sit
2929 2187 3192 2255 impietas,
3222 2188 3350 2240 nihil
3378 2187 3603 2257 dignitas

2020 2279 2234 2346 adjuvat
2254 2279 2277 2331 ?

2092 2372 2142 2425 5.
2179 2370 2302 2424 Haec
2327 2371 2486 2441 igitur
2507 2374 2820 2442 cogitantes.
2846 2388 2942 2426 nos
2971 2374 3112 2443 ipsos
3136 2374 3428 2428 excitemus
3459 2391 3471 2427 :
3504 2373 3607 2427 nisi

2023 2465 2164 2518 enim
2196 2462 2425 2518 studium
2454 2464 2804 2520 adhibueritis
2828 2480 2923 2520 vos
2947 2508 2960 2529 ,
2993 2481 3021 2519 a
3050 2466 3202 2520 nobis
3229 2466 3404 2520 omnia
3436 2479 3606 2534 agun-

2025 2566 2109 2609 tur
2135 2555 2422 2625 superflua.
2458 2556 2591 2624 Quid
2639 2558 2709 2611 ita
2747 2557 2998 2611 tandem?
3037 2557 3299 2623 Quoniam
3341 2572 3444 2610 non
3472 2556 3609 2611 sicut

2025 2653 2243 2721 reliqua:
2272 2659 2413 2703 artes
2437 2691 2450 2712 ,
2482 2650 2555 2703 ita
2575 2658 2657 2703 est
2683 2648 3065 2718 magisterium.
3098 2648 3440 2719 Argentarius
3466 2648 3608 2703 enim

2028 2744 2174 2799 faber
2210 2744 2597 2813 qualecumque
2631 2758 2724 2798 vas
2760 2744 3034 2799 excuderit
3073 2753 3127 2798 et
3156 2744 3472 2812 reposuerit,
3504 2740 3611 2795 tale

2028 2835 2282 2905 postridie
2323 2849 2569 2890 reversus
2618 2835 2810 2889 iterum
2856 2834 3089 2888 inveniet
3137 2854 3149 2887 :
3196 2843 3251 2888 et
3292 2834 3512 2887 aerarius
3559 2841 3611 2885 et

2030 2929 2410 2982 marmorarius
2462 2935 2516 2980 et
2566 2926 2829 2982 artificum
2874 2927 3097 2996 quisque
3134 2926 3294 2996 quale
3343 2924 3610 2994 preprium

2029 3035 2162 3088 opus
2207 3018 2490 3084 dimiserit,
2524 3018 2627 3073 tale
2658 3033 2867 3073 rursum
2909 3018 3151 3086 recipiet.
3178 3014 3328 3071 Circa
3361 3032 3458 3070 nos
3487 3030 3614 3069 vero

2032 3126 2136 3165 nou
2182 3110 2274 3174 ita,
2322 3109 2416 3164 sed
2453 3108 2777 3163 contrarium
2826 3109 3043 3163 omnino
3079 3127 3091 3161 :
3126 3123 3230 3161 nou
3260 3108 3401 3162 enim
3442 3106 3603 3160 inani.

2034 3214 2173 3258 mata
2200 3217 2344 3265 vasa,
2372 3201 2464 3257 sed
2486 3201 2692 3255 animas
2721 3198 2961 3255 cudimus
3000 3198 3305 3253 rationales.
3348 3198 3471 3252 Ideo
3510 3213 3615 3251 non

2032 3299 2168 3353 tales
2203 3313 2297 3351 vos
2336 3296 2662 3357 invenimus.
2699 3293 2884 3364 quales
2930 3294 3299 3363 relinquimus,
3335 3293 3428 3346 sed
3475 3302 3617 3361 post-

2034 3406 2193 3459 quam
2220 3396 2496 3457 susceptos
2526 3387 2694 3441 multo
2720 3387 2899 3441 labore
2924 3385 3392 3441 reformaverimus
3422 3393 3475 3439 et
3493 3398 3617 3437 cor-

2036 3483 2350 3544 rexerimus,
2398 3491 2452 3536 et
2476 3482 2810 3537 effecerimus
2853 3482 3221 3546 ferventiores,
3259 3494 3502 3550 egressos
3528 3493 3619 3532 ne-

2036 3576 2297 3643 gotiormn
2347 3574 2742 3627 circumstantia
2784 3588 2877 3625 vos
2920 3572 3151 3640 undique
3193 3572 3620 3626 circumcurrens

2038 3682 2247 3721 rursum
2280 3667 2552 3734 pervertit,
2595 3676 2649 3720 et
2682 3666 2937 3734 majorem
2976 3666 3128 3719 nobis
3173 3665 3372 3733 praihet
3396 3663 3623 3718 difficul-

2040 3768 2224 3813 tatem.
2254 3758 2457 3813 ldcirco
2478 3758 2721 3828 supplico
2748 3767 2803 3813 et
2828 3773 2943 3822 oro,
2982 3774 3198 3812 manum
3239 3758 3541 3827 porrigatis,
3570 3766 3627 3812 et

2039 3861 2295 3921 quantum
2322 3866 2421 3920 ego
2462 3849 2549 3905 hic
2591 3850 2656 3904 ad
2694 3851 3078 3905 correctionem
3120 3858 3353 3903 vestram
3388 3848 3629 3903 studium

2042 3944 2195 4007 facio,
2229 3950 2428 3997 tantum
2460 3956 2555 3995 vos
2585 3941 2709 3996 hinc
2730 3942 2953 4011 digressi
2982 3942 3121 3995 circa
3150 3940 3373 3994 Salutem
3393 3948 3623 3994 vestram

2041 4051 2185 4090 curae
2215 4034 2616 4089 demonstretis.
2668 4033 2878 4089 Utinam
2928 4040 3108 4102 posset
3144 4032 3278 4094 fieri,
3311 4041 3367 4085 ut
3393 4046 3492 4101 ego
3532 4046 3627 4099 pro

2043 4129 2192 4182 Vobis
2224 4128 2358 4182 bene
2401 4141 2651 4189 mererer,
2698 4134 2752 4178 et
2788 4125 3099 4178 meritorum
3144 4123 3322 4177 bravia
3350 4138 3443 4175 vos
3473 4137 3628 4191 cape-

2046 4221 2207 4280 retis;
2241 4234 2338 4272 uec
2364 4227 2566 4272 tantum
2611 4232 2703 4269 vos
2744 4230 3039 4269 vexassem.
3087 4214 3192 4269 Sed
3231 4213 3357 4283 quid
3402 4214 3627 4268 faciam?

2046 4312 2148 4367 hoc
2193 4310 2520 4381 impossibile
2549 4318 2674 4363 est:
2717 4308 2908 4376 cuique
2955 4308 3094 4361 enim
3143 4305 3432 4360 secundum
3467 4320 3628 4373 opera

2047 4422 2140 4460 sua
2172 4406 2448 4461 retribuet.
2482 4406 2629 4460 Sicut
2660 4404 2818 4474 igitur
2849 4414 3020 4459 mater
3046 4403 3211 4457 ﬁlium
3240 4401 3628 4457 febricitantem

2048 4515 2293 4561 cernens,
2327 4497 2525 4551 dolenti
2570 4506 2623 4551 et
2663 4497 2867 4551 ardenti
2914 4495 3186 4558 assistens,
3227 4494 3415 4563 lugens
3463 4507 3634 4562 argro-

2052 4590 2178 4643 tanti
2222 4588 2352 4642 dicit
2393 4588 2499 4640 filio
2529 4606 2542 4641 :
2577 4586 2810 4652 Utinam,
2843 4586 2935 4650 fili,
2985 4587 3183 4638 febrem
3224 4598 3322 4653 ego
3361 4584 3631 4654 suscipere

2052 4696 2281 4749 possein,
2311 4690 2366 4735 et
2396 4681 2445 4733 in
2471 4696 2556 4733 me
2580 4678 2847 4733 ﬂammam
2878 4676 3149 4731 attrahere
3173 4694 3186 4730 :
3211 4676 3287 4730 sic
3314 4675 3551 4744 profecto
3578 4686 3633 4729 et

2052 4791 2150 4844 ego
2178 4790 2318 4828 nunc
2349 4774 2469 4827 dico
2495 4791 2506 4826 :
2538 4773 2748 4828 Utinam
2780 4771 3029 4839 possibile
3059 4778 3201 4823 esset
3232 4784 3317 4824 me
3358 4784 3455 4838 pro
3482 4769 3633 4823 vobis

2052 4868 2379 4922 laborantem
2402 4866 2650 4919 omnibus
2684 4875 2827 4918 recte
2868 4880 3058 4931 agere;
3102 4862 3192 4916 sed
3226 4879 3329 4916 non
3358 4863 3484 4917 licet
3509 4862 3630 4927 hoc,

2053 4977 2158 5014 non
2189 4961 2333 5021 licet,
2366 4958 2457 5012 sed
2480 4972 2745 5026 quemque
2774 4970 2992 5009 necesse
3022 4965 3103 5007 est
3145 4970 3173 5007 a
3221 4971 3279 5007 se
3323 4955 3628 5007 eoumiissii-

2055 5068 2173 5105 rum
2215 5052 2474 5104 rationem
2514 5048 2740 5103 reddere
2770 5063 2783 5100 :
2817 5062 2987 5116 neque
3020 5047 3196 5099 videre
3234 5056 3315 5101 est
3352 5046 3511 5100 alium
3542 5062 3635 5114 pro

2054 5147 2157 5200 alio
2184 5144 2375 5214 puniri.
2405 5143 2687 5210 Propterea
2722 5140 2877 5194 doleo
2904 5148 2957 5193 et
3012 5141 3183 5207 lugeo,
3218 5139 3337 5207 quia
3370 5138 3518 5192 vobis
3548 5138 3635 5191 die

2056 5237 2147 5290 illo
2171 5235 2432 5290 accusatis
2450 5234 2702 5287 assistere
2740 5247 2841 5284 non
2874 5241 3080 5299 potero,
3123 5231 3350 5281 maxime
3376 5244 3496 5282 cum
3543 5244 3638 5282 ne-

2055 5345 2159 5399 que
2190 5328 2315 5382 milii
2347 5327 2536 5381 fiducia
2565 5325 2702 5394 apud
2749 5325 2913 5378 Deum
2961 5324 3029 5376 sit
3063 5332 3242 5384 tanta;
3273 5322 3315 5373 si
3339 5336 3465 5372 vero
3494 5331 3549 5374 et
3578 5320 3638 5373 li-

2055 5422 2262 5476 duciam
2288 5419 2559 5484 haberem,
2587 5434 2690 5471 non
2722 5432 2838 5470 sum
2866 5415 3007 5469 Mose
3041 5414 3289 5474 sanctior,
3330 5425 3503 5479 neque
3544 5409 3638 5464 Sa-

2056 5514 2229 5569 muele
2247 5513 2456 5582 justior,
2489 5526 2623 5581 quos
2655 5510 2902 5563 virtutem
2933 5519 3131 5561 tantam
3167 5514 3481 5574 assequutos
3505 5502 3637 5557 dixit

2057 5623 2161 5660 non
2189 5607 2203 5637 ¹
2231 5619 2386 5674 posse
2410 5604 2535 5674 quid
2554 5603 2767 5658 Judmos
2792 5602 3062 5672 adjuvare,
3088 5599 3224 5669 quod
3250 5598 3412 5652 nimio
3440 5600 3638 5667 torpori

2121 5724 2135 5751 ²
2176 5717 2278 5776 Alii,
2300 5731 2389 5768 non
2415 5716 2646 5780 permisit,
2676 5732 2779 5781 pro,
2807 5715 2930 5767 dixit
2965 5730 3072 5765 non.
3115 5723 3165 5765 Et
3187 5717 3247 5763 ita
3276 5718 3419 5765 vertit
3443 5722 3635 5766 Bernar-

2059 5787 2148 5834 dus
2171 5788 2432 5834 Brixiauus.
