  <div class='ocr_page' id='page_1' title='image "/cluster/home/n/w/nwhite01/storage/ocr_20150623/49/nnc1.0046978208/143.png"; bbox 0 0 4112 6388; ppageno 0'>
   <div class='ocr_carea' id='block_1_1' title="bbox 561 283 661 336">
    <p class='ocr_par' dir='ltr' id='par_1_1' title="bbox 561 283 661 336">
     <span class='ocr_line' id='line_1_1' title="bbox 561 283 661 336; baseline 0.01 -1"><span class='ocrx_word' id='word_1_1' title='bbox 561 283 661 336; x_wconf 71' lang='lat' dir='ltr'><strong>H5</strong></span> 
     </span>
    </p>
   </div>
   <div class='ocr_carea' id='block_1_2' title="bbox 558 398 2136 488">
    <p class='ocr_par' dir='ltr' id='par_1_2' title="bbox 558 398 2136 488">
     <span class='ocr_line' id='line_1_2' title="bbox 558 398 2136 488; baseline 0.018 -41"><span class='ocrx_word' id='word_1_2' title='bbox 558 398 762 464; x_wconf 77' lang='lat' dir='ltr'><strong>scipsos</strong></span> <span class='ocrx_word' id='word_1_3' title='bbox 790 399 860 454; x_wconf 88' lang='lat' dir='ltr'><strong>illi</strong></span> <span class='ocrx_word' id='word_1_4' title='bbox 885 401 1161 458; x_wconf 91' lang='lat' dir='ltr'><strong>dedissent</strong></span> <span class='ocrx_word' id='word_1_5' title='bbox 1183 406 1392 476; x_wconf 84' lang='lat' dir='ltr'><strong>(Jerem.</strong></span> <span class='ocrx_word' id='word_1_6' title='bbox 1418 411 1586 484; x_wconf 75' lang='lat'><strong>15,1).</strong></span> <span class='ocrx_word' id='word_1_7' title='bbox 1607 413 1866 480; x_wconf 81' lang='lat' dir='ltr'><strong>Quoniam</strong></span> <span class='ocrx_word' id='word_1_8' title='bbox 1890 419 2048 488; x_wconf 85' lang='lat' dir='ltr'><strong>igitur</strong></span> <span class='ocrx_word' id='word_1_9' title='bbox 2070 436 2136 476; x_wconf 78' lang='lat' dir='ltr'><strong>ex</strong></span> 
     </span>
    </p>
   </div>
   <div class='ocr_carea' id='block_1_3' title="bbox 557 491 2133 578">
    <p class='ocr_par' dir='ltr' id='par_1_3' title="bbox 557 491 2133 578">
     <span class='ocr_line' id='line_1_3' title="bbox 557 491 2133 578; baseline 0.016 -38"><span class='ocrx_word' id='word_1_10' title='bbox 557 491 787 558; x_wconf 79' lang='lat' dir='ltr'><strong>propriis</strong></span> <span class='ocrx_word' id='word_1_11' title='bbox 813 494 1062 562; x_wconf 82' lang='lat' dir='ltr'><strong>operibus</strong></span> <span class='ocrx_word' id='word_1_12' title='bbox 1106 499 1350 566; x_wconf 86' lang='lat' dir='ltr'><strong>punimur</strong></span> <span class='ocrx_word' id='word_1_13' title='bbox 1382 511 1435 555; x_wconf 91' lang='lat' dir='ltr'><strong>et</strong></span> <span class='ocrx_word' id='word_1_14' title='bbox 1471 503 1761 572; x_wconf 90' lang='lat' dir='ltr'><strong>salvamur,</strong></span> <span class='ocrx_word' id='word_1_15' title='bbox 1807 507 2133 578; x_wconf 78' lang='lat' dir='ltr'><strong>Studeamus,</strong></span> 
     </span>
    </p>
   </div>
   <div class='ocr_carea' id='block_1_4' title="bbox 552 585 2132 668">
    <p class='ocr_par' dir='ltr' id='par_1_4' title="bbox 552 585 2132 668">
     <span class='ocr_line' id='line_1_4' title="bbox 552 585 2132 668; baseline 0.018 -40"><span class='ocrx_word' id='word_1_16' title='bbox 552 595 760 647; x_wconf 81' lang='lat' dir='ltr'><strong>quaeso,</strong></span> <span class='ocrx_word' id='word_1_17' title='bbox 787 597 908 637; x_wconf 89' lang='lat' dir='ltr'><strong>cum</strong></span> <span class='ocrx_word' id='word_1_18' title='bbox 935 585 1053 640; x_wconf 91' lang='lat' dir='ltr'><strong>aliis</strong></span> <span class='ocrx_word' id='word_1_19' title='bbox 1081 589 1328 644; x_wconf 90' lang='lat' dir='ltr'><strong>omnibus</strong></span> <span class='ocrx_word' id='word_1_20' title='bbox 1348 600 1402 645; x_wconf 89' lang='lat' dir='ltr'><strong>et</strong></span> <span class='ocrx_word' id='word_1_21' title='bbox 1445 593 1544 648; x_wconf 89' lang='lat' dir='ltr'><strong>hoc</strong></span> <span class='ocrx_word' id='word_1_22' title='bbox 1570 597 1784 665; x_wconf 83' lang='lat' dir='ltr'><strong>explere</strong></span> <span class='ocrx_word' id='word_1_23' title='bbox 1805 599 2132 668; x_wconf 82' lang='lat' dir='ltr'><strong>mandatum,</strong></span> 
     </span>
    </p>
   </div>
   <div class='ocr_carea' id='block_1_5' title="bbox 553 673 2130 753">
    <p class='ocr_par' dir='ltr' id='par_1_5' title="bbox 553 673 2130 753">
     <span class='ocr_line' id='line_1_5' title="bbox 553 673 2130 753; baseline 0.017 -31"><span class='ocrx_word' id='word_1_24' title='bbox 553 678 609 722; x_wconf 89' lang='lat' dir='ltr'><strong>ut</strong></span> <span class='ocrx_word' id='word_1_25' title='bbox 639 685 761 727; x_wconf 92' lang='lat' dir='ltr'><strong>cum</strong></span> <span class='ocrx_word' id='word_1_26' title='bbox 786 673 921 729; x_wconf 90' lang='lat' dir='ltr'><strong>bona</strong></span> <span class='ocrx_word' id='word_1_27' title='bbox 949 691 1044 745; x_wconf 89' lang='lat' dir='ltr'><strong>spe</strong></span> <span class='ocrx_word' id='word_1_28' title='bbox 1079 679 1202 734; x_wconf 88' lang='lat' dir='ltr'><strong>hinc</strong></span> <span class='ocrx_word' id='word_1_29' title='bbox 1231 681 1486 738; x_wconf 85' lang='lat' dir='ltr'><strong>abeuntes</strong></span> <span class='ocrx_word' id='word_1_30' title='bbox 1516 688 1776 753; x_wconf 90' lang='lat' dir='ltr'><strong>promissa</strong></span> <span class='ocrx_word' id='word_1_31' title='bbox 1817 691 1953 746; x_wconf 89' lang='lat' dir='ltr'><strong>bona</strong></span> <span class='ocrx_word' id='word_1_32' title='bbox 1986 709 2130 749; x_wconf 89' lang='lat' dir='ltr'><strong>asse-</strong></span> 
     </span>
    </p>
   </div>
   <div class='ocr_carea' id='block_1_6' title="bbox 1180 290 2977 382">
    <p class='ocr_par' dir='ltr' id='par_1_6' title="bbox 1180 290 2977 382">
     <span class='ocr_line' id='line_1_6' title="bbox 1180 290 2977 382; baseline 0.02 -34"><span class='ocrx_word' id='word_1_33' title='bbox 1180 290 1237 348; x_wconf 92' lang='lat' dir='ltr'><strong>S.</strong></span> <span class='ocrx_word' id='word_1_34' title='bbox 1278 294 1556 354; x_wconf 75' lang='lat' dir='ltr'><strong>JOANNIS</strong></span> <span class='ocrx_word' id='word_1_35' title='bbox 1580 299 2053 360; x_wconf 78' lang='lat' dir='ltr'><strong>CHRYSOSTOMI</strong></span> <span class='ocrx_word' id='word_1_36' title='bbox 2093 307 2409 370; x_wconf 79' lang='lat' dir='ltr'><strong>ABCHIEP.</strong></span> <span class='ocrx_word' id='word_1_37' title='bbox 2449 316 2977 382; x_wconf 79' lang='lat' dir='ltr'><strong>CONSTANTINOP.</strong></span> 
     </span>
    </p>
   </div>
   <div class='ocr_carea' id='block_1_7' title="bbox 3721 345 3818 401">
    <p class='ocr_par' dir='ltr' id='par_1_7' title="bbox 3721 345 3818 401">
     <span class='ocr_line' id='line_1_7' title="bbox 3721 345 3818 401; baseline -0.01 -1"><span class='ocrx_word' id='word_1_38' title='bbox 3721 345 3818 401; x_wconf 62' lang='lat' dir='ltr'><strong>HL</strong></span> 
     </span>
    </p>
   </div>
   <div class='ocr_carea' id='block_1_8' title="bbox 2243 436 3820 514">
    <p class='ocr_par' dir='ltr' id='par_1_8' title="bbox 2243 436 3820 514">
     <span class='ocr_line' id='line_1_8' title="bbox 2243 436 3820 514; baseline 0.023 -35"><span class='ocrx_word' id='word_1_39' title='bbox 2243 441 2491 496; x_wconf 91' lang='lat' dir='ltr'><strong>quamur,</strong></span> <span class='ocrx_word' id='word_1_40' title='bbox 2534 436 2703 503; x_wconf 89' lang='lat' dir='ltr'><strong>gratia</strong></span> <span class='ocrx_word' id='word_1_41' title='bbox 2753 448 2807 494; x_wconf 88' lang='lat' dir='ltr'><strong>et</strong></span> <span class='ocrx_word' id='word_1_42' title='bbox 2852 441 3176 514; x_wconf 76' lang='lat' dir='ltr'><strong>benignitate</strong></span> <span class='ocrx_word' id='word_1_43' title='bbox 3224 449 3431 506; x_wconf 91' lang='lat' dir='ltr'><strong>Domini</strong></span> <span class='ocrx_word' id='word_1_44' title='bbox 3479 456 3646 510; x_wconf 76' lang='lat' dir='ltr'><strong>nostri</strong></span> <span class='ocrx_word' id='word_1_45' title='bbox 3693 457 3820 514; x_wconf 83' lang='lat' dir='ltr'><strong>Jesu</strong></span> 
     </span>
    </p>
   </div>
   <div class='ocr_carea' id='block_1_9' title="bbox 2251 517 3819 614">
    <p class='ocr_par' dir='ltr' id='par_1_9' title="bbox 2251 517 3819 614">
     <span class='ocr_line' id='line_1_9' title="bbox 2251 517 3819 614; baseline 0.023 -44"><span class='ocrx_word' id='word_1_46' title='bbox 2251 517 2469 588; x_wconf 85' lang='lat' dir='ltr'><strong>Christi,</strong></span> <span class='ocrx_word' id='word_1_47' title='bbox 2495 539 2590 592; x_wconf 91' lang='lat' dir='ltr'><strong>per</strong></span> <span class='ocrx_word' id='word_1_48' title='bbox 2611 541 2769 595; x_wconf 87' lang='lat' dir='ltr'><strong>quem</strong></span> <span class='ocrx_word' id='word_1_49' title='bbox 2805 541 2996 588; x_wconf 87' lang='lat' dir='ltr'><strong>etcum</strong></span> <span class='ocrx_word' id='word_1_50' title='bbox 3020 551 3125 606; x_wconf 92' lang='lat' dir='ltr'><strong>quo</strong></span> <span class='ocrx_word' id='word_1_51' title='bbox 3165 538 3305 596; x_wconf 86' lang='lat' dir='ltr'><strong>Patri</strong></span> <span class='ocrx_word' id='word_1_52' title='bbox 3339 544 3525 614; x_wconf 86' lang='lat' dir='ltr'><strong>gloria,</strong></span> <span class='ocrx_word' id='word_1_53' title='bbox 3561 563 3664 602; x_wconf 91' lang='lat' dir='ltr'><strong>una</strong></span> <span class='ocrx_word' id='word_1_54' title='bbox 3698 565 3819 606; x_wconf 91' lang='lat' dir='ltr'><strong>cum</strong></span> 
     </span>
    </p>
   </div>
   <div class='ocr_carea' id='block_1_10' title="bbox 2241 615 3822 700">
    <p class='ocr_par' dir='ltr' id='par_1_10' title="bbox 2241 615 3822 700">
     <span class='ocr_line' id='line_1_10' title="bbox 2241 615 3822 700; baseline 0.024 -36"><span class='ocrx_word' id='word_1_55' title='bbox 2241 624 2428 668; x_wconf 85' lang='lat' dir='ltr'><strong>sancto</strong></span> <span class='ocrx_word' id='word_1_56' title='bbox 2457 615 2678 686; x_wconf 86' lang='lat' dir='ltr'><strong>Spiritu,</strong></span> <span class='ocrx_word' id='word_1_57' title='bbox 2704 638 2843 679; x_wconf 91' lang='lat' dir='ltr'><strong>nunc</strong></span> <span class='ocrx_word' id='word_1_58' title='bbox 2872 637 2926 680; x_wconf 91' lang='lat' dir='ltr'><strong>et</strong></span> <span class='ocrx_word' id='word_1_59' title='bbox 2960 643 3190 699; x_wconf 85' lang='lat' dir='ltr'><strong>semper,</strong></span> <span class='ocrx_word' id='word_1_60' title='bbox 3219 644 3272 688; x_wconf 91' lang='lat' dir='ltr'><strong>et</strong></span> <span class='ocrx_word' id='word_1_61' title='bbox 3297 636 3351 691; x_wconf 91' lang='lat' dir='ltr'><strong>in</strong></span> <span class='ocrx_word' id='word_1_62' title='bbox 3375 640 3569 696; x_wconf 57' lang='lat' dir='ltr'><strong>saecula</strong></span> <span class='ocrx_word' id='word_1_63' title='bbox 3605 647 3822 700; x_wconf 69' lang='lat' dir='ltr'><strong>steeulo-</strong></span> 
     </span>
    </p>
   </div>
   <div class='ocr_carea' id='block_1_11' title="bbox 2243 704 2605 763">
    <p class='ocr_par' dir='ltr' id='par_1_11' title="bbox 2243 704 2605 763">
     <span class='ocr_line' id='line_1_11' title="bbox 2243 704 2605 763; baseline 0.03 -11"><span class='ocrx_word' id='word_1_64' title='bbox 2243 718 2378 758; x_wconf 90' lang='lat' dir='ltr'><strong>rnm.</strong></span> <span class='ocrx_word' id='word_1_65' title='bbox 2412 704 2605 763; x_wconf 83' lang='lat' dir='ltr'><strong>Amen.</strong></span> 
     </span>
    </p>
   </div>
   <div class='ocr_carea' id='block_1_12' title="bbox 586 805 3798 876">
    <p class='ocr_par' dir='ltr' id='par_1_12' title="bbox 586 805 3798 876">
     <span class='ocr_line' id='line_1_12' title="bbox 586 805 3798 876; baseline 0.009 -31"><span class='ocrx_word' id='word_1_66' title='bbox 586 805 3798 876; x_wconf 30' lang='lat' dir='ltr'><strong>Nux—~—</strong></span> 
     </span>
    </p>
   </div>
   <div class='ocr_carea' id='block_1_13' title="bbox 551 896 3817 1001">
    <p class='ocr_par' dir='ltr' id='par_1_13' title="bbox 551 896 3817 1001">
     <span class='ocr_line' id='line_1_13' title="bbox 551 896 3817 1001; baseline 0.019 -62"><span class='ocrx_word' id='word_1_67' title='bbox 551 896 790 942; x_wconf 78' lang='lat' dir='ltr'><strong>POPULO</strong></span> <span class='ocrx_word' id='word_1_68' title='bbox 832 900 992 944; x_wconf 80' lang='lat' dir='ltr'><strong>OMNI</strong></span> <span class='ocrx_word' id='word_1_69' title='bbox 1038 905 1114 945; x_wconf 84' lang='grc' dir='ltr'><strong>ΔΒ</strong></span> <span class='ocrx_word' id='word_1_70' title='bbox 1159 906 1463 950; x_wconf 76' lang='lat' dir='ltr'><strong>ANGUSTIA</strong></span> <span class='ocrx_word' id='word_1_71' title='bbox 1510 910 1822 955; x_wconf 77' lang='lat' dir='ltr'><strong>LIBERATO</strong></span> <span class='ocrx_word' id='word_1_72' title='bbox 1866 916 1946 956; x_wconf 84' lang='lat' dir='ltr'><strong>ET</strong></span> <span class='ocrx_word' id='word_1_73' title='bbox 1998 917 2386 967; x_wconf 83' lang='lat' dir='ltr'><strong>CONSTITUTO</strong></span> <span class='ocrx_word' id='word_1_74' title='bbox 2429 928 2496 971; x_wconf 75' lang='lat' dir='ltr'><strong>IN</strong></span> <span class='ocrx_word' id='word_1_75' title='bbox 2539 932 2821 991; x_wconf 76' lang='lat' dir='ltr'><strong>FIDUCIA,</strong></span> <span class='ocrx_word' id='word_1_76' title='bbox 2867 938 3113 991; x_wconf 77' lang='lat' dir='ltr'><strong>QUIDAM</strong></span> <span class='ocrx_word' id='word_1_77' title='bbox 3157 946 3414 992; x_wconf 77' lang='lat' dir='ltr'><strong>BURSUM</strong></span> <span class='ocrx_word' id='word_1_78' title='bbox 3470 952 3817 1001; x_wconf 70' lang='lat' dir='ltr'><strong>CIVITATEH</strong></span> 
     </span>
    </p>
   </div>
   <div class='ocr_carea' id='block_1_14' title="bbox 625 999 3811 1100">
    <p class='ocr_par' dir='ltr' id='par_1_14' title="bbox 625 999 3811 1100">
     <span class='ocr_line' id='line_1_14' title="bbox 625 999 3811 1100; baseline 0.016 -60"><span class='ocrx_word' id='word_1_79' title='bbox 625 999 950 1044; x_wconf 77' lang='lat' dir='ltr'><strong>CONFICTIS</strong></span> <span class='ocrx_word' id='word_1_80' title='bbox 995 1003 1354 1049; x_wconf 75' lang='lat' dir='ltr'><strong>BUMORIBUS</strong></span> <span class='ocrx_word' id='word_1_81' title='bbox 1395 1009 1756 1054; x_wconf 67' lang='lat' dir='ltr'><strong>TBEHENDIS</strong></span> <span class='ocrx_word' id='word_1_82' title='bbox 1801 1014 2290 1077; x_wconf 76' lang='lat' dir='ltr'><strong>TURBAVERUNT,</strong></span> <span class='ocrx_word' id='word_1_83' title='bbox 2341 1024 2421 1068; x_wconf 83' lang='lat' dir='ltr'><strong>ET</strong></span> <span class='ocrx_word' id='word_1_84' title='bbox 2450 1028 2744 1076; x_wconf 80' lang='lat' dir='ltr'><strong>CONVICTI</strong></span> <span class='ocrx_word' id='word_1_85' title='bbox 2788 1035 2982 1094; x_wconf 78' lang='lat' dir='ltr'><strong>SUNT;</strong></span> <span class='ocrx_word' id='word_1_86' title='bbox 3028 1042 3111 1084; x_wconf 84' lang='lat' dir='ltr'><strong>DE</strong></span> <span class='ocrx_word' id='word_1_87' title='bbox 3155 1045 3277 1090; x_wconf 77' lang='lat' dir='ltr'><strong>HOC</strong></span> <span class='ocrx_word' id='word_1_88' title='bbox 3319 1048 3536 1093; x_wconf 76' lang='lat' dir='ltr'><strong>IGITUR</strong></span> <span class='ocrx_word' id='word_1_89' title='bbox 3569 999 3811 1100; x_wconf 65' lang='lat' dir='ltr'><strong>HABIT;</strong></span> 
     </span>
    </p>
   </div>
   <div class='ocr_carea' id='block_1_15' title="bbox 627 1100 3816 1199">
    <p class='ocr_par' dir='ltr' id='par_1_15' title="bbox 627 1100 3816 1199">
     <span class='ocr_line' id='line_1_15' title="bbox 627 1100 3816 1199; baseline 0.018 -58"><span class='ocrx_word' id='word_1_90' title='bbox 627 1100 737 1143; x_wconf 82' lang='lat' dir='ltr'><strong>EST</strong></span> <span class='ocrx_word' id='word_1_91' title='bbox 783 1103 1070 1155; x_wconf 79' lang='lat' dir='ltr'><strong>HOMILIA,</strong></span> <span class='ocrx_word' id='word_1_92' title='bbox 1120 1107 1199 1147; x_wconf 84' lang='lat' dir='ltr'><strong>ET</strong></span> <span class='ocrx_word' id='word_1_93' title='bbox 1243 1108 1324 1148; x_wconf 84' lang='lat' dir='ltr'><strong>DE</strong></span> <span class='ocrx_word' id='word_1_94' title='bbox 1366 1109 1884 1155; x_wconf 78' lang='lat' dir='ltr'><strong>JURAMENTORUM</strong></span> <span class='ocrx_word' id='word_1_95' title='bbox 1934 1116 2348 1165; x_wconf 71' lang='grc' dir='ltr'><strong>ΑΒετιΝΕΝΤιΑ</strong></span> <span class='ocrx_word' id='word_1_96' title='bbox 2390 1126 2746 1175; x_wconf 77' lang='grc' dir='ltr'><strong>ΔΒΜΟΝΙΤΙΟ</strong></span> <span class='ocrx_word' id='word_1_97' title='bbox 2788 1137 3061 1196; x_wconf 76' lang='lat' dir='ltr'><strong>ADDITA;</strong></span> <span class='ocrx_word' id='word_1_98' title='bbox 3096 1142 3372 1198; x_wconf 82' lang='lat' dir='ltr'><strong>IDEOQUE</strong></span> <span class='ocrx_word' id='word_1_99' title='bbox 3405 1150 3486 1191; x_wconf 79' lang='lat' dir='ltr'><strong>DE</strong></span> <span class='ocrx_word' id='word_1_100' title='bbox 3528 1152 3816 1199; x_wconf 71' lang='lat' dir='ltr'><strong>JONATHA</strong></span> 
     </span>
    </p>
   </div>
   <div class='ocr_carea' id='block_1_16' title="bbox 624 1201 3818 1300">
    <p class='ocr_par' dir='ltr' id='par_1_16' title="bbox 624 1201 3818 1300">
     <span class='ocr_line' id='line_1_16' title="bbox 624 1201 3818 1300; baseline 0.014 -57"><span class='ocrx_word' id='word_1_101' title='bbox 624 1201 704 1244; x_wconf 83' lang='grc' dir='ltr'><strong>ΕΤ</strong></span> <span class='ocrx_word' id='word_1_102' title='bbox 746 1204 943 1246; x_wconf 82' lang='lat' dir='ltr'><strong>SAULE</strong></span> <span class='ocrx_word' id='word_1_103' title='bbox 989 1206 1067 1246; x_wconf 81' lang='grc' dir='ltr'><strong>ΕΤ</strong></span> <span class='ocrx_word' id='word_1_104' title='bbox 1108 1207 1395 1250; x_wconf 76' lang='lat' dir='ltr'><strong>JEPHTHE</strong></span> <span class='ocrx_word' id='word_1_105' title='bbox 1441 1210 1736 1253; x_wconf 74' lang='lat' dir='ltr'><strong>HISTORIA</strong></span> <span class='ocrx_word' id='word_1_106' title='bbox 1785 1213 2107 1257; x_wconf 71' lang='lat' dir='ltr'><strong>PRODUCTA</strong></span> <span class='ocrx_word' id='word_1_107' title='bbox 2154 1219 2290 1275; x_wconf 85' lang='lat' dir='ltr'><strong>EST,</strong></span> <span class='ocrx_word' id='word_1_108' title='bbox 2338 1223 2419 1267; x_wconf 83' lang='grc' dir='ltr'>ΕΤ</span> <span class='ocrx_word' id='word_1_109' title='bbox 2460 1228 3001 1297; x_wconf 74' lang='lat' dir='ltr'><strong>DEMONSTRATUM,</strong></span> <span class='ocrx_word' id='word_1_110' title='bbox 3046 1243 3216 1295; x_wconf 85' lang='lat' dir='ltr'><strong>QUOD</strong></span> <span class='ocrx_word' id='word_1_111' title='bbox 3278 1249 3362 1291; x_wconf 74' lang='lat' dir='ltr'><strong>EX</strong></span> <span class='ocrx_word' id='word_1_112' title='bbox 3427 1252 3553 1295; x_wconf 84' lang='lat' dir='ltr'><strong>UNO</strong></span> <span class='ocrx_word' id='word_1_113' title='bbox 3616 1257 3818 1300; x_wconf 71' lang='lat' dir='ltr'><strong>JURA-</strong></span> 
     </span>
    </p>
   </div>
   <div class='ocr_carea' id='block_1_17' title="bbox 623 1294 1660 1352">
    <p class='ocr_par' dir='ltr' id='par_1_17' title="bbox 623 1294 1660 1352">
     <span class='ocr_line' id='line_1_17' title="bbox 623 1294 1660 1352; baseline 0.009 -9"><span class='ocrx_word' id='word_1_114' title='bbox 623 1302 839 1346; x_wconf 81' lang='lat' dir='ltr'><strong>MENTO</strong></span> <span class='ocrx_word' id='word_1_115' title='bbox 883 1305 1253 1348; x_wconf 67' lang='lat' dir='ltr'><strong>mscou&#39;run</strong></span> <span class='ocrx_word' id='word_1_116' title='bbox 1299 1294 1660 1352; x_wconf 59' lang='lat' dir='ltr'><strong>pensanti”.</strong></span> 
     </span>
    </p>
   </div>
   <div class='ocr_carea' id='block_1_18' title="bbox 2019 1424 2332 1471">
    <p class='ocr_par' dir='ltr' id='par_1_18' title="bbox 2019 1424 2332 1471">
     <span class='ocr_line' id='line_1_18' title="bbox 2019 1424 2332 1471; baseline 0.003 -1"><span class='ocrx_word' id='word_1_117' title='bbox 2019 1424 2332 1471; x_wconf 48' lang='grc' dir='ltr'><strong>«θυοδ»</strong></span> 
     </span>
    </p>
   </div>
   <div class='ocr_carea' id='block_1_19' title="bbox 1178 1561 1496 1598">
    <p class='ocr_par' dir='ltr' id='par_1_19' title="bbox 1178 1561 1496 1598">
     <span class='ocr_line' id='line_1_19' title="bbox 1178 1561 1496 1598; baseline 0.006 -4"><span class='ocrx_word' id='word_1_118' title='bbox 1178 1563 1370 1596; x_wconf 67' lang='grc' dir='ltr'><strong>ιιολιιωΑ</strong></span> <span class='ocrx_word' id='word_1_119' title='bbox 1395 1561 1496 1598; x_wconf 63' lang='grc' dir='ltr'><strong>κη’.</strong></span> 
     </span>
    </p>
   </div>
   <div class='ocr_carea' id='block_1_20' title="bbox 619 1646 2126 1730">
    <p class='ocr_par' dir='ltr' id='par_1_20' title="bbox 619 1646 2126 1730">
     <span class='ocr_line' id='line_1_20' title="bbox 619 1646 2126 1730; baseline 0.01 -30"><span class='ocrx_word' id='word_1_120' title='bbox 619 1648 668 1700; x_wconf 83' lang='grc'><strong>1.</strong></span> <span class='ocrx_word' id='word_1_121' title='bbox 710 1646 824 1701; x_wconf 85' lang='grc' dir='ltr'><strong>Νοιι</strong></span> <span class='ocrx_word' id='word_1_122' title='bbox 858 1665 1042 1717; x_wconf 80' lang='lat' dir='ltr'><strong>parum</strong></span> <span class='ocrx_word' id='word_1_123' title='bbox 1072 1651 1339 1705; x_wconf 85' lang='lat' dir='ltr'><strong>civitatem</strong></span> <span class='ocrx_word' id='word_1_124' title='bbox 1370 1653 1522 1707; x_wconf 91' lang='lat' dir='ltr'><strong>nobis</strong></span> <span class='ocrx_word' id='word_1_125' title='bbox 1563 1653 1677 1710; x_wconf 87' lang='lat' dir='ltr'><strong>heri</strong></span> <span class='ocrx_word' id='word_1_126' title='bbox 1717 1655 1962 1713; x_wconf 86' lang='lat' dir='ltr'><strong>diabolus</strong></span> <span class='ocrx_word' id='word_1_127' title='bbox 2003 1675 2126 1730; x_wconf 54' lang='lat' dir='ltr'><strong>per.</strong></span> 
     </span>
    </p>
   </div>
   <div class='ocr_carea' id='block_1_21' title="bbox 540 1739 2119 1818">
    <p class='ocr_par' dir='ltr' id='par_1_21' title="bbox 540 1739 2119 1818">
     <span class='ocr_line' id='line_1_21' title="bbox 540 1739 2119 1818; baseline 0.011 -28"><span class='ocrx_word' id='word_1_128' title='bbox 540 1739 788 1807; x_wconf 85' lang='lat' dir='ltr'><strong>turbavit,</strong></span> <span class='ocrx_word' id='word_1_129' title='bbox 815 1742 908 1796; x_wconf 88' lang='lat' dir='ltr'><strong>sed</strong></span> <span class='ocrx_word' id='word_1_130' title='bbox 945 1752 999 1797; x_wconf 90' lang='lat' dir='ltr'><strong>et</strong></span> <span class='ocrx_word' id='word_1_131' title='bbox 1025 1743 1166 1798; x_wconf 89' lang='lat' dir='ltr'><strong>Deus</strong></span> <span class='ocrx_word' id='word_1_132' title='bbox 1210 1761 1307 1798; x_wconf 91' lang='lat' dir='ltr'><strong>nos</strong></span> <span class='ocrx_word' id='word_1_133' title='bbox 1347 1746 1538 1799; x_wconf 86' lang='lat' dir='ltr'><strong>iterum</strong></span> <span class='ocrx_word' id='word_1_134' title='bbox 1576 1761 1680 1800; x_wconf 94' lang='lat' dir='ltr'><strong>non</strong></span> <span class='ocrx_word' id='word_1_135' title='bbox 1717 1764 1902 1818; x_wconf 90' lang='lat' dir='ltr'><strong>parum</strong></span> <span class='ocrx_word' id='word_1_136' title='bbox 1927 1765 2119 1807; x_wconf 90' lang='lat' dir='ltr'><strong>conso-</strong></span> 
     </span>
    </p>
   </div>
   <div class='ocr_carea' id='block_1_22' title="bbox 539 1830 2122 1909">
    <p class='ocr_par' dir='ltr' id='par_1_22' title="bbox 539 1830 2122 1909">
     <span class='ocr_line' id='line_1_22' title="bbox 539 1830 2122 1909; baseline 0.011 -27"><span class='ocrx_word' id='word_1_137' title='bbox 539 1830 672 1884; x_wconf 83' lang='lat' dir='ltr'><strong>latus</strong></span> <span class='ocrx_word' id='word_1_138' title='bbox 702 1842 806 1894; x_wconf 90' lang='lat' dir='ltr'><strong>est,</strong></span> <span class='ocrx_word' id='word_1_139' title='bbox 851 1833 923 1887; x_wconf 88' lang='lat' dir='ltr'><strong>ita</strong></span> <span class='ocrx_word' id='word_1_140' title='bbox 966 1845 1021 1888; x_wconf 91' lang='lat' dir='ltr'><strong>ut</strong></span> <span class='ocrx_word' id='word_1_141' title='bbox 1061 1837 1283 1906; x_wconf 89' lang='lat' dir='ltr'><strong>quisque</strong></span> <span class='ocrx_word' id='word_1_142' title='bbox 1329 1848 1566 1892; x_wconf 91' lang='lat' dir='ltr'><strong>nostrum</strong></span> <span class='ocrx_word' id='word_1_143' title='bbox 1607 1851 1908 1909; x_wconf 88' lang='lat' dir='ltr'><strong>opportune</strong></span> <span class='ocrx_word' id='word_1_144' title='bbox 1944 1843 2122 1902; x_wconf 82' lang='lat' dir='ltr'><strong>dicere</strong></span> 
     </span>
    </p>
   </div>
   <div class='ocr_carea' id='block_1_23' title="bbox 538 1922 2120 1995">
    <p class='ocr_par' dir='ltr' id='par_1_23' title="bbox 538 1922 2120 1995">
     <span class='ocr_line' id='line_1_23' title="bbox 538 1922 2120 1995; baseline 0.012 -23"><span class='ocrx_word' id='word_1_145' title='bbox 538 1922 705 1989; x_wconf 88' lang='lat' dir='ltr'><strong>possit</strong></span> <span class='ocrx_word' id='word_1_146' title='bbox 751 1924 878 1978; x_wconf 89' lang='lat' dir='ltr'><strong>illud</strong></span> <span class='ocrx_word' id='word_1_147' title='bbox 930 1927 1300 1995; x_wconf 88' lang='lat' dir='ltr'><strong>propheticum</strong></span> <span class='ocrx_word' id='word_1_148' title='bbox 1350 1947 1362 1983; x_wconf 91' lang='lat'><strong>:</strong></span> <span class='ocrx_word' id='word_1_149' title='bbox 1413 1929 1704 1985; x_wconf 86' lang='lat' dir='ltr'><strong>Secundum</strong></span> <span class='ocrx_word' id='word_1_150' title='bbox 1747 1935 2120 1991; x_wconf 84' lang='lat' dir='ltr'><strong>multitudinem</strong></span> 
     </span>
    </p>
   </div>
   <div class='ocr_carea' id='block_1_24' title="bbox 535 2013 2122 2082">
    <p class='ocr_par' dir='ltr' id='par_1_24' title="bbox 535 2013 2122 2082">
     <span class='ocr_line' id='line_1_24' title="bbox 535 2013 2122 2082; baseline 0.012 -19"><span class='ocrx_word' id='word_1_151' title='bbox 535 2013 768 2066; x_wconf 70' lang='lat' dir='ltr'><strong>dolorum</strong></span> <span class='ocrx_word' id='word_1_152' title='bbox 797 2032 1020 2069; x_wconf 87' lang='lat' dir='ltr'><strong>mearum</strong></span> <span class='ocrx_word' id='word_1_153' title='bbox 1058 2019 1111 2070; x_wconf 90' lang='lat' dir='ltr'><strong>in</strong></span> <span class='ocrx_word' id='word_1_154' title='bbox 1141 2021 1290 2072; x_wconf 91' lang='lat' dir='ltr'><strong>corde</strong></span> <span class='ocrx_word' id='word_1_155' title='bbox 1321 2037 1430 2074; x_wconf 89' lang='lat' dir='ltr'><strong>meo</strong></span> <span class='ocrx_word' id='word_1_156' title='bbox 1456 2023 1826 2078; x_wconf 78' lang='lat' dir='ltr'><strong>consolationes</strong></span> <span class='ocrx_word' id='word_1_157' title='bbox 1867 2035 1967 2079; x_wconf 80' lang='lat' dir='ltr'><strong>tua:</strong></span> <span class='ocrx_word' id='word_1_158' title='bbox 1990 2029 2122 2082; x_wconf 75' lang='lat' dir='ltr'><strong>[teti-</strong></span> 
     </span>
    </p>
   </div>
   <div class='ocr_carea' id='block_1_25' title="bbox 533 2104 2118 2183">
    <p class='ocr_par' dir='ltr' id='par_1_25' title="bbox 533 2104 2118 2183">
     <span class='ocr_line' id='line_1_25' title="bbox 533 2104 2118 2183; baseline 0.011 -28"><span class='ocrx_word' id='word_1_159' title='bbox 533 2104 810 2171; x_wconf 83' lang='lat' dir='ltr'><strong>ﬁcaverunt</strong></span> <span class='ocrx_word' id='word_1_160' title='bbox 838 2107 1060 2159; x_wconf 82' lang='lat' dir='ltr'><strong>animam</strong></span> <span class='ocrx_word' id='word_1_161' title='bbox 1097 2124 1257 2160; x_wconf 83' lang='lat' dir='ltr'><strong>meam</strong></span> <span class='ocrx_word' id='word_1_162' title='bbox 1290 2111 1307 2176; x_wconf 80' lang='lat'><em>(</em></span> <span class='ocrx_word' id='word_1_163' title='bbox 1321 2109 1468 2164; x_wconf 79' lang='lat' dir='ltr'><strong>Psal.</strong></span> <span class='ocrx_word' id='word_1_164' title='bbox 1491 2111 1577 2166; x_wconf 78' lang='grc'><strong>93.</strong></span> <span class='ocrx_word' id='word_1_165' title='bbox 1604 2113 1733 2183; x_wconf 79' lang='grc'><strong>19).</strong></span> <span class='ocrx_word' id='word_1_166' title='bbox 1764 2113 1873 2170; x_wconf 84' lang='lat' dir='ltr'><strong>Nec</strong></span> <span class='ocrx_word' id='word_1_167' title='bbox 1915 2125 2118 2173; x_wconf 85' lang='lat' dir='ltr'><strong>tantum</strong></span> 
     </span>
    </p>
   </div>
   <div class='ocr_carea' id='block_1_26' title="bbox 531 2195 2121 2274">
    <p class='ocr_par' dir='ltr' id='par_1_26' title="bbox 531 2195 2121 2274">
     <span class='ocr_line' id='line_1_26' title="bbox 531 2195 2121 2274; baseline 0.01 -28"><span class='ocrx_word' id='word_1_168' title='bbox 531 2195 878 2261; x_wconf 77' lang='lat' dir='ltr'><strong>consolando,</strong></span> <span class='ocrx_word' id='word_1_169' title='bbox 904 2199 996 2252; x_wconf 89' lang='lat' dir='ltr'><strong>sed</strong></span> <span class='ocrx_word' id='word_1_170' title='bbox 1025 2209 1078 2252; x_wconf 89' lang='lat' dir='ltr'><strong>et</strong></span> <span class='ocrx_word' id='word_1_171' title='bbox 1104 2201 1403 2267; x_wconf 89' lang='lat' dir='ltr'><strong>perturbari</strong></span> <span class='ocrx_word' id='word_1_172' title='bbox 1432 2203 1813 2272; x_wconf 89' lang='lat' dir='ltr'><strong>permittendo,</strong></span> <span class='ocrx_word' id='word_1_173' title='bbox 1837 2207 2121 2274; x_wconf 84' lang='lat' dir='ltr'><strong>providen-</strong></span> 
     </span>
    </p>
   </div>
   <div class='ocr_carea' id='block_1_27' title="bbox 532 2287 2115 2370">
    <p class='ocr_par' dir='ltr' id='par_1_27' title="bbox 532 2287 2115 2370">
     <span class='ocr_line' id='line_1_27' title="bbox 532 2287 2115 2370; baseline 0.012 -33"><span class='ocrx_word' id='word_1_174' title='bbox 532 2287 657 2338; x_wconf 89' lang='lat' dir='ltr'><strong>tiam</strong></span> <span class='ocrx_word' id='word_1_175' title='bbox 685 2289 840 2341; x_wconf 87' lang='lat' dir='ltr'><strong>uobis</strong></span> <span class='ocrx_word' id='word_1_176' title='bbox 863 2303 1012 2342; x_wconf 89' lang='lat' dir='ltr'><strong>suam</strong></span> <span class='ocrx_word' id='word_1_177' title='bbox 1038 2291 1176 2345; x_wconf 90' lang='lat' dir='ltr'><strong>Dens</strong></span> <span class='ocrx_word' id='word_1_178' title='bbox 1201 2291 1462 2347; x_wconf 81' lang='lat' dir='ltr'><strong>exhibuit.</strong></span> <span class='ocrx_word' id='word_1_179' title='bbox 1488 2294 1639 2361; x_wconf 86' lang='lat' dir='ltr'><strong>Quod</strong></span> <span class='ocrx_word' id='word_1_180' title='bbox 1663 2298 1804 2351; x_wconf 91' lang='lat' dir='ltr'><strong>enim</strong></span> <span class='ocrx_word' id='word_1_181' title='bbox 1829 2313 2115 2370; x_wconf 87' lang='lat' dir='ltr'><strong>numquam</strong></span> 
     </span>
    </p>
   </div>
   <div class='ocr_carea' id='block_1_28' title="bbox 529 2377 2116 2454">
    <p class='ocr_par' dir='ltr' id='par_1_28' title="bbox 529 2377 2116 2454">
     <span class='ocr_line' id='line_1_28' title="bbox 529 2377 2116 2454; baseline 0.012 -24"><span class='ocrx_word' id='word_1_182' title='bbox 529 2377 709 2433; x_wconf 86' lang='lat' dir='ltr'><strong>dicere</strong></span> <span class='ocrx_word' id='word_1_183' title='bbox 737 2380 942 2445; x_wconf 84' lang='lat' dir='ltr'><strong>destiti,</strong></span> <span class='ocrx_word' id='word_1_184' title='bbox 973 2381 1074 2436; x_wconf 88' lang='lat' dir='ltr'><strong>hoc</strong></span> <span class='ocrx_word' id='word_1_185' title='bbox 1097 2393 1155 2437; x_wconf 90' lang='lat' dir='ltr'><strong>et</strong></span> <span class='ocrx_word' id='word_1_186' title='bbox 1180 2383 1337 2439; x_wconf 86' lang='lat' dir='ltr'><strong>hodie</strong></span> <span class='ocrx_word' id='word_1_187' title='bbox 1362 2385 1563 2454; x_wconf 90' lang='lat' dir='ltr'><strong>dicam,</strong></span> <span class='ocrx_word' id='word_1_188' title='bbox 1592 2403 1696 2442; x_wconf 92' lang='lat' dir='ltr'><strong>non</strong></span> <span class='ocrx_word' id='word_1_189' title='bbox 1734 2391 1894 2446; x_wconf 91' lang='lat' dir='ltr'><strong>modo</strong></span> <span class='ocrx_word' id='word_1_190' title='bbox 1919 2409 2116 2448; x_wconf 69' lang='lat' dir='ltr'><strong>terum-</strong></span> 
     </span>
    </p>
   </div>
   <div class='ocr_carea' id='block_1_29' title="bbox 529 2470 2115 2547">
    <p class='ocr_par' dir='ltr' id='par_1_29' title="bbox 529 2470 2115 2547">
     <span class='ocr_line' id='line_1_29' title="bbox 529 2470 2115 2547; baseline 0.012 -27"><span class='ocrx_word' id='word_1_191' title='bbox 529 2482 716 2521; x_wconf 86' lang='lat' dir='ltr'><strong>narum</strong></span> <span class='ocrx_word' id='word_1_192' title='bbox 747 2470 1063 2526; x_wconf 87' lang='lat' dir='ltr'><strong>solutionem</strong></span> <span class='ocrx_word' id='word_1_193' title='bbox 1090 2514 1104 2537; x_wconf 96' lang='lat'><strong>,</strong></span> <span class='ocrx_word' id='word_1_194' title='bbox 1150 2474 1244 2527; x_wconf 89' lang='lat' dir='ltr'><strong>sed</strong></span> <span class='ocrx_word' id='word_1_195' title='bbox 1275 2484 1330 2528; x_wconf 89' lang='lat' dir='ltr'><strong>et</strong></span> <span class='ocrx_word' id='word_1_196' title='bbox 1376 2476 1560 2530; x_wconf 90' lang='lat' dir='ltr'><strong>barum</strong></span> <span class='ocrx_word' id='word_1_197' title='bbox 1603 2481 2009 2547; x_wconf 86' lang='lat' dir='ltr'><strong>permissionem</strong></span> <span class='ocrx_word' id='word_1_198' title='bbox 2049 2501 2115 2538; x_wconf 77' lang='lat' dir='ltr'><strong>ex</strong></span> 
     </span>
    </p>
   </div>
   <div class='ocr_carea' id='block_1_30' title="bbox 531 2558 2112 2642">
    <p class='ocr_par' dir='ltr' id='par_1_30' title="bbox 531 2558 2112 2642">
     <span class='ocr_line' id='line_1_30' title="bbox 531 2558 2112 2642; baseline 0.011 -32"><span class='ocrx_word' id='word_1_199' title='bbox 531 2558 623 2611; x_wconf 82' lang='lat' dir='ltr'><strong>Dei</strong></span> <span class='ocrx_word' id='word_1_200' title='bbox 667 2559 1032 2615; x_wconf 86' lang='lat' dir='ltr'><strong>benevolentia</strong></span> <span class='ocrx_word' id='word_1_201' title='bbox 1067 2579 1205 2618; x_wconf 91' lang='lat' dir='ltr'><strong>esse.</strong></span> <span class='ocrx_word' id='word_1_202' title='bbox 1251 2563 1382 2619; x_wconf 91' lang='lat' dir='ltr'><strong>Cum</strong></span> <span class='ocrx_word' id='word_1_203' title='bbox 1421 2568 1562 2622; x_wconf 90' lang='lat' dir='ltr'><strong>enim</strong></span> <span class='ocrx_word' id='word_1_204' title='bbox 1602 2585 1700 2624; x_wconf 91' lang='lat' dir='ltr'><strong>nos</strong></span> <span class='ocrx_word' id='word_1_205' title='bbox 1738 2570 1805 2625; x_wconf 90' lang='lat' dir='ltr'><strong>ad</strong></span> <span class='ocrx_word' id='word_1_206' title='bbox 1847 2581 2112 2642; x_wconf 83' lang='lat' dir='ltr'><strong>torporem</strong></span> 
     </span>
    </p>
   </div>
   <div class='ocr_carea' id='block_1_31' title="bbox 527 2650 2112 2726">
    <p class='ocr_par' dir='ltr' id='par_1_31' title="bbox 527 2650 2112 2726">
     <span class='ocr_line' id='line_1_31' title="bbox 527 2650 2112 2726; baseline 0.011 -23"><span class='ocrx_word' id='word_1_207' title='bbox 527 2650 859 2706; x_wconf 85' lang='lat' dir='ltr'><strong>declinantes</strong></span> <span class='ocrx_word' id='word_1_208' title='bbox 887 2653 1047 2720; x_wconf 80' lang='lat' dir='ltr'><strong>videt,</strong></span> <span class='ocrx_word' id='word_1_209' title='bbox 1073 2666 1126 2710; x_wconf 92' lang='lat' dir='ltr'><strong>et</strong></span> <span class='ocrx_word' id='word_1_210' title='bbox 1163 2656 1232 2710; x_wconf 90' lang='lat' dir='ltr'><strong>ab</strong></span> <span class='ocrx_word' id='word_1_211' title='bbox 1270 2658 1435 2726; x_wconf 85' lang='lat' dir='ltr'><strong>ipsius</strong></span> <span class='ocrx_word' id='word_1_212' title='bbox 1470 2658 1827 2718; x_wconf 81' lang='lat' dir='ltr'><strong>familiaritate</strong></span> <span class='ocrx_word' id='word_1_213' title='bbox 1867 2665 2112 2720; x_wconf 70' lang='lat' dir='ltr'><strong>resilien-</strong></span> 
     </span>
    </p>
   </div>
   <div class='ocr_carea' id='block_1_32' title="bbox 527 2744 2114 2825">
    <p class='ocr_par' dir='ltr' id='par_1_32' title="bbox 527 2744 2114 2825">
     <span class='ocr_line' id='line_1_32' title="bbox 527 2744 2114 2825; baseline 0.01 -32"><span class='ocrx_word' id='word_1_214' title='bbox 527 2751 628 2804; x_wconf 85' lang='lat' dir='ltr'><strong>tes,</strong></span> <span class='ocrx_word' id='word_1_215' title='bbox 662 2757 724 2796; x_wconf 92' lang='lat' dir='ltr'><strong>ac</strong></span> <span class='ocrx_word' id='word_1_216' title='bbox 763 2744 1114 2812; x_wconf 80' lang='lat' dir='ltr'><strong>Spiritualium</strong></span> <span class='ocrx_word' id='word_1_217' title='bbox 1157 2747 1356 2801; x_wconf 91' lang='lat' dir='ltr'><strong>nullam</strong></span> <span class='ocrx_word' id='word_1_218' title='bbox 1397 2751 1655 2805; x_wconf 86' lang='lat' dir='ltr'><strong>rationem</strong></span> <span class='ocrx_word' id='word_1_219' title='bbox 1683 2752 1959 2819; x_wconf 87' lang='lat' dir='ltr'><strong>habentes,</strong></span> <span class='ocrx_word' id='word_1_220' title='bbox 1985 2771 2114 2825; x_wconf 89' lang='lat' dir='ltr'><strong>pau-</strong></span> 
     </span>
    </p>
   </div>
   <div class='ocr_carea' id='block_1_33' title="bbox 527 2834 2110 2914">
    <p class='ocr_par' dir='ltr' id='par_1_33' title="bbox 527 2834 2110 2914">
     <span class='ocr_line' id='line_1_33' title="bbox 527 2834 2110 2914; baseline 0.01 -28"><span class='ocrx_word' id='word_1_221' title='bbox 527 2834 634 2886; x_wconf 90' lang='lat' dir='ltr'><strong>lum</strong></span> <span class='ocrx_word' id='word_1_222' title='bbox 669 2849 766 2889; x_wconf 91' lang='lat' dir='ltr'><strong>nos</strong></span> <span class='ocrx_word' id='word_1_223' title='bbox 805 2835 1128 2906; x_wconf 88' lang='lat' dir='ltr'><strong>derelinquit</strong></span> <span class='ocrx_word' id='word_1_224' title='bbox 1152 2881 1166 2903; x_wconf 94' lang='lat'><strong>,</strong></span> <span class='ocrx_word' id='word_1_225' title='bbox 1212 2849 1269 2892; x_wconf 91' lang='lat' dir='ltr'><strong>ut</strong></span> <span class='ocrx_word' id='word_1_226' title='bbox 1300 2841 1370 2894; x_wconf 88' lang='lat' dir='ltr'><strong>ita</strong></span> <span class='ocrx_word' id='word_1_227' title='bbox 1400 2843 1664 2912; x_wconf 82' lang='lat' dir='ltr'><strong>castigati,</strong></span> <span class='ocrx_word' id='word_1_228' title='bbox 1696 2845 1761 2898; x_wconf 92' lang='lat' dir='ltr'><strong>ad</strong></span> <span class='ocrx_word' id='word_1_229' title='bbox 1791 2846 1965 2914; x_wconf 86' lang='lat' dir='ltr'><strong>ipsum</strong></span> <span class='ocrx_word' id='word_1_230' title='bbox 1994 2859 2110 2901; x_wconf 82' lang='lat' dir='ltr'><strong>Stu-</strong></span> 
     </span>
    </p>
   </div>
   <div class='ocr_carea' id='block_1_34' title="bbox 525 2926 2111 3002">
    <p class='ocr_par' dir='ltr' id='par_1_34' title="bbox 525 2926 2111 3002">
     <span class='ocr_line' id='line_1_34' title="bbox 525 2926 2111 3002; baseline 0.011 -23"><span class='ocrx_word' id='word_1_231' title='bbox 525 2926 724 2983; x_wconf 88' lang='lat' dir='ltr'><strong>diosius</strong></span> <span class='ocrx_word' id='word_1_232' title='bbox 753 2929 1059 2984; x_wconf 82' lang='lat' dir='ltr'><strong>redeamus.</strong></span> <span class='ocrx_word' id='word_1_233' title='bbox 1114 2932 1177 2986; x_wconf 83' lang='lat' dir='ltr'><strong>Et</strong></span> <span class='ocrx_word' id='word_1_234' title='bbox 1221 2935 1345 3002; x_wconf 90' lang='lat' dir='ltr'><strong>quid</strong></span> <span class='ocrx_word' id='word_1_235' title='bbox 1377 2934 1694 3001; x_wconf 90' lang='lat' dir='ltr'><strong>admiraris,</strong></span> <span class='ocrx_word' id='word_1_236' title='bbox 1740 2939 1784 2991; x_wconf 88' lang='lat' dir='ltr'><strong>si</strong></span> <span class='ocrx_word' id='word_1_237' title='bbox 1831 2939 1971 2994; x_wconf 88' lang='lat' dir='ltr'><strong>circa</strong></span> <span class='ocrx_word' id='word_1_238' title='bbox 2015 2956 2111 2996; x_wconf 91' lang='lat' dir='ltr'><strong>nos</strong></span> 
     </span>
    </p>
   </div>
   <div class='ocr_carea' id='block_1_35' title="bbox 524 3020 2112 3093">
    <p class='ocr_par' dir='ltr' id='par_1_35' title="bbox 524 3020 2112 3093">
     <span class='ocr_line' id='line_1_35' title="bbox 524 3020 2112 3093; baseline 0.009 -23"><span class='ocrx_word' id='word_1_239' title='bbox 524 3026 796 3086; x_wconf 88' lang='lat' dir='ltr'><strong>torpentes</strong></span> <span class='ocrx_word' id='word_1_240' title='bbox 843 3020 945 3076; x_wconf 89' lang='lat' dir='ltr'><strong>hoc</strong></span> <span class='ocrx_word' id='word_1_241' title='bbox 973 3022 1133 3088; x_wconf 91' lang='lat' dir='ltr'><strong>facit,</strong></span> <span class='ocrx_word' id='word_1_242' title='bbox 1180 3025 1374 3093; x_wconf 84' lang='lat' dir='ltr'><strong>quippe</strong></span> <span class='ocrx_word' id='word_1_243' title='bbox 1404 3040 1522 3079; x_wconf 90' lang='lat' dir='ltr'><strong>cum</strong></span> <span class='ocrx_word' id='word_1_244' title='bbox 1556 3026 1750 3081; x_wconf 86' lang='lat' dir='ltr'><strong>Paulus</strong></span> <span class='ocrx_word' id='word_1_245' title='bbox 1780 3038 1834 3083; x_wconf 92' lang='lat' dir='ltr'><strong>et</strong></span> <span class='ocrx_word' id='word_1_246' title='bbox 1877 3029 1930 3084; x_wconf 91' lang='lat' dir='ltr'><strong>in</strong></span> <span class='ocrx_word' id='word_1_247' title='bbox 1960 3045 2020 3085; x_wconf 90' lang='lat' dir='ltr'><strong>se</strong></span> <span class='ocrx_word' id='word_1_248' title='bbox 2056 3041 2112 3085; x_wconf 92' lang='lat' dir='ltr'><strong>et</strong></span> 
     </span>
    </p>
   </div>
   <div class='ocr_carea' id='block_1_36' title="bbox 525 3114 2111 3184">
    <p class='ocr_par' dir='ltr' id='par_1_36' title="bbox 525 3114 2111 3184">
     <span class='ocr_line' id='line_1_36' title="bbox 525 3114 2111 3184; baseline 0.009 -20"><span class='ocrx_word' id='word_1_249' title='bbox 525 3114 575 3166; x_wconf 92' lang='lat' dir='ltr'><strong>in</strong></span> <span class='ocrx_word' id='word_1_250' title='bbox 633 3114 910 3184; x_wconf 86' lang='lat' dir='ltr'><strong>discipulis</strong></span> <span class='ocrx_word' id='word_1_251' title='bbox 966 3117 1076 3172; x_wconf 91' lang='lat' dir='ltr'><strong>suis</strong></span> <span class='ocrx_word' id='word_1_252' title='bbox 1124 3117 1262 3171; x_wconf 89' lang='lat' dir='ltr'><strong>hanc</strong></span> <span class='ocrx_word' id='word_1_253' title='bbox 1315 3119 1668 3174; x_wconf 91' lang='lat' dir='ltr'><strong>tentationum</strong></span> <span class='ocrx_word' id='word_1_254' title='bbox 1723 3136 1938 3176; x_wconf 90' lang='lat' dir='ltr'><strong>causam</strong></span> <span class='ocrx_word' id='word_1_255' title='bbox 1990 3138 2111 3178; x_wconf 82' lang='lat' dir='ltr'><strong>esse</strong></span> 
     </span>
    </p>
   </div>
   <div class='ocr_carea' id='block_1_37' title="bbox 522 3205 2112 3271">
    <p class='ocr_par' dir='ltr' id='par_1_37' title="bbox 522 3205 2112 3271">
     <span class='ocr_line' id='line_1_37' title="bbox 522 3205 2112 3271; baseline 0.009 -15"><span class='ocrx_word' id='word_1_256' title='bbox 522 3205 769 3260; x_wconf 76' lang='lat' dir='ltr'><strong>dixerit?</strong></span> <span class='ocrx_word' id='word_1_257' title='bbox 820 3207 1031 3262; x_wconf 89' lang='lat' dir='ltr'><strong>Etenim</strong></span> <span class='ocrx_word' id='word_1_258' title='bbox 1078 3208 1144 3262; x_wconf 87' lang='lat' dir='ltr'><strong>ad</strong></span> <span class='ocrx_word' id='word_1_259' title='bbox 1192 3210 1501 3265; x_wconf 88' lang='lat' dir='ltr'><strong>Corinthios</strong></span> <span class='ocrx_word' id='word_1_260' title='bbox 1553 3213 1840 3267; x_wconf 89' lang='lat' dir='ltr'><strong>secundam</strong></span> <span class='ocrx_word' id='word_1_261' title='bbox 1893 3214 2112 3271; x_wconf 79' lang='lat' dir='ltr'><strong>mittens</strong></span> 
     </span>
    </p>
   </div>
   <div class='ocr_carea' id='block_1_38' title="bbox 521 3297 2110 3375">
    <p class='ocr_par' dir='ltr' id='par_1_38' title="bbox 521 3297 2110 3375">
     <span class='ocr_line' id='line_1_38' title="bbox 521 3297 2110 3375; baseline 0.007 -26"><span class='ocrx_word' id='word_1_262' title='bbox 521 3297 822 3367; x_wconf 75' lang='lat' dir='ltr'><strong>epistolam,</strong></span> <span class='ocrx_word' id='word_1_263' title='bbox 855 3301 932 3354; x_wconf 90' lang='lat' dir='ltr'><strong>sic</strong></span> <span class='ocrx_word' id='word_1_264' title='bbox 961 3299 1173 3354; x_wconf 88' lang='lat' dir='ltr'><strong>dicebat</strong></span> <span class='ocrx_word' id='word_1_265' title='bbox 1209 3320 1220 3354; x_wconf 95' lang='lat'>:</span> <span class='ocrx_word' id='word_1_266' title='bbox 1249 3299 1386 3355; x_wconf 87' lang='lat' dir='ltr'><strong>Nolo</strong></span> <span class='ocrx_word' id='word_1_267' title='bbox 1413 3319 1497 3356; x_wconf 84' lang='lat' dir='ltr'><strong>vos</strong></span> <span class='ocrx_word' id='word_1_268' title='bbox 1527 3303 1782 3373; x_wconf 86' lang='lat' dir='ltr'><strong>ign_orare,</strong></span> <span class='ocrx_word' id='word_1_269' title='bbox 1812 3309 2019 3375; x_wconf 78' lang='lat' dir='ltr'><strong>fratres,</strong></span> <span class='ocrx_word' id='word_1_270' title='bbox 2047 3307 2110 3360; x_wconf 86' lang='lat' dir='ltr'><strong>de</strong></span> 
     </span>
    </p>
   </div>
   <div class='ocr_carea' id='block_1_39' title="bbox 520 3390 2107 3466">
    <p class='ocr_par' dir='ltr' id='par_1_39' title="bbox 520 3390 2107 3466">
     <span class='ocr_line' id='line_1_39' title="bbox 520 3390 2107 3466; baseline 0.007 -23"><span class='ocrx_word' id='word_1_271' title='bbox 520 3390 841 3444; x_wconf 79' lang='lat' dir='ltr'><strong>tribulatione</strong></span> <span class='ocrx_word' id='word_1_272' title='bbox 885 3391 1021 3460; x_wconf 79' lang='lat' dir='ltr'><strong>facta</strong></span> <span class='ocrx_word' id='word_1_273' title='bbox 1069 3393 1210 3447; x_wconf 83' lang='lat' dir='ltr'><strong>nobis</strong></span> <span class='ocrx_word' id='word_1_274' title='bbox 1256 3395 1308 3448; x_wconf 87' lang='lat' dir='ltr'><strong>in</strong></span> <span class='ocrx_word' id='word_1_275' title='bbox 1335 3395 1491 3460; x_wconf 80' lang='lat' dir='ltr'><strong>Asia,</strong></span> <span class='ocrx_word' id='word_1_276' title='bbox 1539 3397 1674 3466; x_wconf 86' lang='lat' dir='ltr'><strong>quod</strong></span> <span class='ocrx_word' id='word_1_277' title='bbox 1719 3414 1873 3466; x_wconf 81' lang='lat' dir='ltr'><strong>supra</strong></span> <span class='ocrx_word' id='word_1_278' title='bbox 1902 3400 2107 3453; x_wconf 86' lang='lat' dir='ltr'><strong>modum</strong></span> 
     </span>
    </p>
   </div>
   <div class='ocr_carea' id='block_1_40' title="bbox 520 3486 2108 3556">
    <p class='ocr_par' dir='ltr' id='par_1_40' title="bbox 520 3486 2108 3556">
     <span class='ocr_line' id='line_1_40' title="bbox 520 3486 2108 3556; baseline 0.007 -22"><span class='ocrx_word' id='word_1_279' title='bbox 520 3486 716 3553; x_wconf 77' lang='lat' dir='ltr'><strong>gravati</strong></span> <span class='ocrx_word' id='word_1_280' title='bbox 743 3501 918 3539; x_wconf 86' lang='lat' dir='ltr'><strong>sumus</strong></span> <span class='ocrx_word' id='word_1_281' title='bbox 943 3502 1098 3556; x_wconf 83' lang='lat' dir='ltr'><strong>supra</strong></span> <span class='ocrx_word' id='word_1_282' title='bbox 1128 3487 1360 3540; x_wconf 82' lang='lat' dir='ltr'><strong>virtutem</strong></span> <span class='ocrx_word' id='word_1_283' title='bbox 1381 3531 1394 3550; x_wconf 91' lang='lat'><strong>,</strong></span> <span class='ocrx_word' id='word_1_284' title='bbox 1423 3489 1496 3541; x_wconf 91' lang='lat' dir='ltr'><strong>ita</strong></span> <span class='ocrx_word' id='word_1_285' title='bbox 1525 3498 1579 3541; x_wconf 89' lang='lat' dir='ltr'><strong>ut</strong></span> <span class='ocrx_word' id='word_1_286' title='bbox 1607 3491 1810 3543; x_wconf 71' lang='lat' dir='ltr'><strong>tazderet</strong></span> <span class='ocrx_word' id='word_1_287' title='bbox 1839 3507 1930 3545; x_wconf 89' lang='lat' dir='ltr'><strong>nos</strong></span> <span class='ocrx_word' id='word_1_288' title='bbox 1959 3493 2108 3546; x_wconf 84' lang='lat' dir='ltr'><strong>etiam</strong></span> 
     </span>
    </p>
   </div>
   <div class='ocr_carea' id='block_1_41' title="bbox 521 3576 2108 3649">
    <p class='ocr_par' dir='ltr' id='par_1_41' title="bbox 521 3576 2108 3649">
     <span class='ocr_line' id='line_1_41' title="bbox 521 3576 2108 3649; baseline 0.006 -22"><span class='ocrx_word' id='word_1_289' title='bbox 521 3577 725 3641; x_wconf 70' lang='lat' dir='ltr'><strong>vivere;</strong></span> <span class='ocrx_word' id='word_1_290' title='bbox 755 3576 844 3629; x_wconf 73' lang='lat' dir='ltr'><strong>sed</strong></span> <span class='ocrx_word' id='word_1_291' title='bbox 869 3577 966 3643; x_wconf 86' lang='lat' dir='ltr'><strong>ipsi</strong></span> <span class='ocrx_word' id='word_1_292' title='bbox 995 3578 1048 3630; x_wconf 88' lang='lat' dir='ltr'><strong>in</strong></span> <span class='ocrx_word' id='word_1_293' title='bbox 1075 3579 1216 3632; x_wconf 85' lang='lat' dir='ltr'><strong>nobis</strong></span> <span class='ocrx_word' id='word_1_294' title='bbox 1242 3579 1366 3646; x_wconf 83' lang='lat' dir='ltr'><strong>ipsis</strong></span> <span class='ocrx_word' id='word_1_295' title='bbox 1392 3596 1689 3649; x_wconf 83' lang='lat' dir='ltr'><strong>responsum</strong></span> <span class='ocrx_word' id='word_1_296' title='bbox 1727 3583 1902 3637; x_wconf 83' lang='lat' dir='ltr'><strong>mortis</strong></span> <span class='ocrx_word' id='word_1_297' title='bbox 1930 3583 2108 3637; x_wconf 71' lang='lat' dir='ltr'><strong>habui-</strong></span> 
     </span>
    </p>
   </div>
   <div class='ocr_carea' id='block_1_42' title="bbox 520 3668 2106 3747">
    <p class='ocr_par' dir='ltr' id='par_1_42' title="bbox 520 3668 2106 3747">
     <span class='ocr_line' id='line_1_42' title="bbox 520 3668 2106 3747; baseline 0.008 -28"><span class='ocrx_word' id='word_1_298' title='bbox 520 3685 633 3721; x_wconf 86' lang='lat' dir='ltr'><strong>mus</strong></span> <span class='ocrx_word' id='word_1_299' title='bbox 679 3668 1209 3742; x_wconf 73' lang='lat' dir='ltr'><strong>(2.Car.i.8.9):</strong></span> <span class='ocrx_word' id='word_1_300' title='bbox 1250 3673 1399 3740; x_wconf 89' lang='lat' dir='ltr'><strong>quasi</strong></span> <span class='ocrx_word' id='word_1_301' title='bbox 1446 3673 1690 3738; x_wconf 88' lang='lat' dir='ltr'><strong>diceret,</strong></span> <span class='ocrx_word' id='word_1_302' title='bbox 1738 3673 1868 3729; x_wconf 88' lang='lat' dir='ltr'><strong>Tam</strong></span> <span class='ocrx_word' id='word_1_303' title='bbox 1916 3691 2106 3747; x_wconf 84' lang='lat' dir='ltr'><strong>magna</strong></span> 
     </span>
    </p>
   </div>
   <div class='ocr_carea' id='block_1_43' title="bbox 521 3762 2102 3834">
    <p class='ocr_par' dir='ltr' id='par_1_43' title="bbox 521 3762 2102 3834">
     <span class='ocr_line' id='line_1_43' title="bbox 521 3762 2102 3834; baseline 0.006 -20"><span class='ocrx_word' id='word_1_304' title='bbox 521 3762 695 3828; x_wconf 91' lang='lat' dir='ltr'><strong>nobis,</strong></span> <span class='ocrx_word' id='word_1_305' title='bbox 728 3763 932 3832; x_wconf 81' lang='lat' dir='ltr'><strong>inquit,</strong></span> <span class='ocrx_word' id='word_1_306' title='bbox 965 3764 1254 3820; x_wconf 89' lang='lat' dir='ltr'><strong>incubuere</strong></span> <span class='ocrx_word' id='word_1_307' title='bbox 1281 3767 1516 3834; x_wconf 89' lang='lat' dir='ltr'><strong>pericula</strong></span> <span class='ocrx_word' id='word_1_308' title='bbox 1543 3807 1557 3831; x_wconf 93' lang='lat'><strong>,</strong></span> <span class='ocrx_word' id='word_1_309' title='bbox 1607 3775 1667 3821; x_wconf 91' lang='lat' dir='ltr'><strong>ut</strong></span> <span class='ocrx_word' id='word_1_310' title='bbox 1691 3768 1870 3823; x_wconf 88' lang='lat' dir='ltr'><strong>vivere</strong></span> <span class='ocrx_word' id='word_1_311' title='bbox 1896 3770 2102 3824; x_wconf 92' lang='lat' dir='ltr'><strong>abomi-</strong></span> 
     </span>
    </p>
   </div>
   <div class='ocr_carea' id='block_1_44' title="bbox 521 3856 2102 3926">
    <p class='ocr_par' dir='ltr' id='par_1_44' title="bbox 521 3856 2102 3926">
     <span class='ocr_line' id='line_1_44' title="bbox 521 3856 2102 3926; baseline 0.006 -20"><span class='ocrx_word' id='word_1_312' title='bbox 521 3869 794 3921; x_wconf 89' lang='lat' dir='ltr'><strong>naremur,</strong></span> <span class='ocrx_word' id='word_1_313' title='bbox 824 3870 924 3909; x_wconf 90' lang='lat' dir='ltr'><strong>nec</strong></span> <span class='ocrx_word' id='word_1_314' title='bbox 953 3856 1181 3926; x_wconf 88' lang='lat' dir='ltr'><strong>amplius</strong></span> <span class='ocrx_word' id='word_1_315' title='bbox 1209 3872 1546 3926; x_wconf 89' lang='lat' dir='ltr'><strong>speraremus</strong></span> <span class='ocrx_word' id='word_1_316' title='bbox 1577 3859 1738 3913; x_wconf 90' lang='lat' dir='ltr'><strong>ullam</strong></span> <span class='ocrx_word' id='word_1_317' title='bbox 1766 3859 1880 3915; x_wconf 89' lang='lat' dir='ltr'><strong>fore</strong></span> <span class='ocrx_word' id='word_1_318' title='bbox 1910 3860 2102 3916; x_wconf 83' lang='lat' dir='ltr'><strong>bonam</strong></span> 
     </span>
    </p>
   </div>
   <div class='ocr_carea' id='block_1_45' title="bbox 521 3947 2100 4020">
    <p class='ocr_par' dir='ltr' id='par_1_45' title="bbox 521 3947 2100 4020">
     <span class='ocr_line' id='line_1_45' title="bbox 521 3947 2100 4020; baseline 0.005 -22"><span class='ocrx_word' id='word_1_319' title='bbox 521 3947 869 4001; x_wconf 87' lang='lat' dir='ltr'><strong>mutationem</strong></span> <span class='ocrx_word' id='word_1_320' title='bbox 890 3988 906 4013; x_wconf 91' lang='lat'><strong>,</strong></span> <span class='ocrx_word' id='word_1_321' title='bbox 949 3962 1050 4002; x_wconf 89' lang='lat' dir='ltr'><strong>nec</strong></span> <span class='ocrx_word' id='word_1_322' title='bbox 1079 3948 1178 4002; x_wconf 92' lang='lat' dir='ltr'><strong>nisi</strong></span> <span class='ocrx_word' id='word_1_323' title='bbox 1209 3958 1439 4004; x_wconf 92' lang='lat' dir='ltr'><strong>mortem</strong></span> <span class='ocrx_word' id='word_1_324' title='bbox 1467 3952 1884 4020; x_wconf 80' lang='lat' dir='ltr'><strong>exspectandum</strong></span> <span class='ocrx_word' id='word_1_325' title='bbox 1914 3962 2057 4008; x_wconf 89' lang='lat' dir='ltr'><strong>esset</strong></span> <span class='ocrx_word' id='word_1_326' title='bbox 2088 3971 2100 4006; x_wconf 93' lang='lat'><strong>:</strong></span> 
     </span>
    </p>
   </div>
   <div class='ocr_carea' id='block_1_46' title="bbox 521 4037 2104 4114">
    <p class='ocr_par' dir='ltr' id='par_1_46' title="bbox 521 4037 2104 4114">
     <span class='ocr_line' id='line_1_46' title="bbox 521 4037 2104 4114; baseline 0.006 -24"><span class='ocrx_word' id='word_1_327' title='bbox 521 4037 623 4091; x_wconf 87' lang='lat' dir='ltr'><strong>hoc</strong></span> <span class='ocrx_word' id='word_1_328' title='bbox 648 4038 790 4093; x_wconf 91' lang='lat' dir='ltr'><strong>enim</strong></span> <span class='ocrx_word' id='word_1_329' title='bbox 815 4039 945 4095; x_wconf 92' lang='lat' dir='ltr'><strong>illud</strong></span> <span class='ocrx_word' id='word_1_330' title='bbox 973 4048 1075 4106; x_wconf 91' lang='lat' dir='ltr'><strong>est,</strong></span> <span class='ocrx_word' id='word_1_331' title='bbox 1109 4039 1219 4112; x_wconf 84' lang='lat' dir='ltr'><strong>Ipsi</strong></span> <span class='ocrx_word' id='word_1_332' title='bbox 1246 4043 1299 4096; x_wconf 91' lang='lat' dir='ltr'><strong>in</strong></span> <span class='ocrx_word' id='word_1_333' title='bbox 1329 4042 1471 4096; x_wconf 86' lang='lat' dir='ltr'><strong>nobis</strong></span> <span class='ocrx_word' id='word_1_334' title='bbox 1498 4044 1622 4114; x_wconf 83' lang='lat' dir='ltr'><strong>ipsis</strong></span> <span class='ocrx_word' id='word_1_335' title='bbox 1646 4059 1944 4112; x_wconf 83' lang='lat' dir='ltr'><strong>responsum</strong></span> <span class='ocrx_word' id='word_1_336' title='bbox 1969 4063 2104 4100; x_wconf 55' lang='lat' dir='ltr'><strong>mor-</strong></span> 
     </span>
    </p>
   </div>
   <div class='ocr_carea' id='block_1_47' title="bbox 519 4129 2101 4205">
    <p class='ocr_par' dir='ltr' id='par_1_47' title="bbox 519 4129 2101 4205">
     <span class='ocr_line' id='line_1_47' title="bbox 519 4129 2101 4205; baseline 0.006 -23"><span class='ocrx_word' id='word_1_337' title='bbox 519 4131 583 4183; x_wconf 87' lang='lat' dir='ltr'><strong>tis</strong></span> <span class='ocrx_word' id='word_1_338' title='bbox 609 4129 917 4197; x_wconf 80' lang='lat' dir='ltr'><strong>habuimus;</strong></span> <span class='ocrx_word' id='word_1_339' title='bbox 946 4131 1041 4186; x_wconf 87' lang='lat' dir='ltr'><strong>sed</strong></span> <span class='ocrx_word' id='word_1_340' title='bbox 1070 4140 1245 4186; x_wconf 90' lang='lat' dir='ltr'><strong>tamen</strong></span> <span class='ocrx_word' id='word_1_341' title='bbox 1281 4141 1401 4202; x_wconf 87' lang='lat' dir='ltr'><strong>post</strong></span> <span class='ocrx_word' id='word_1_342' title='bbox 1447 4143 1646 4187; x_wconf 90' lang='lat' dir='ltr'><strong>tantam</strong></span> <span class='ocrx_word' id='word_1_343' title='bbox 1675 4134 2101 4205; x_wconf 77' lang='lat' dir='ltr'><strong>deSperationem</strong></span> 
     </span>
    </p>
   </div>
   <div class='ocr_carea' id='block_1_48' title="bbox 520 4223 2102 4297">
    <p class='ocr_par' dir='ltr' id='par_1_48' title="bbox 520 4223 2102 4297">
     <span class='ocr_line' id='line_1_48' title="bbox 520 4223 2102 4297; baseline 0.004 -22"><span class='ocrx_word' id='word_1_344' title='bbox 520 4223 723 4291; x_wconf 86' lang='lat' dir='ltr'><strong>depulit</strong></span> <span class='ocrx_word' id='word_1_345' title='bbox 751 4224 887 4278; x_wconf 91' lang='lat' dir='ltr'><strong>Deus</strong></span> <span class='ocrx_word' id='word_1_346' title='bbox 917 4225 1206 4293; x_wconf 90' lang='lat' dir='ltr'><strong>procellam</strong></span> <span class='ocrx_word' id='word_1_347' title='bbox 1229 4267 1244 4292; x_wconf 97' lang='lat'><strong>,</strong></span> <span class='ocrx_word' id='word_1_348' title='bbox 1277 4235 1329 4280; x_wconf 90' lang='lat' dir='ltr'><strong>et</strong></span> <span class='ocrx_word' id='word_1_349' title='bbox 1359 4225 1556 4281; x_wconf 89' lang='lat' dir='ltr'><strong>nubem</strong></span> <span class='ocrx_word' id='word_1_350' title='bbox 1583 4227 1779 4296; x_wconf 79' lang='lat' dir='ltr'><strong>abegit,</strong></span> <span class='ocrx_word' id='word_1_351' title='bbox 1811 4241 2013 4297; x_wconf 86' lang='lat' dir='ltr'><strong>nosque</strong></span> <span class='ocrx_word' id='word_1_352' title='bbox 2037 4245 2102 4282; x_wconf 84' lang='lat' dir='ltr'><strong>ex</strong></span> 
     </span>
    </p>
   </div>
   <div class='ocr_carea' id='block_1_49' title="bbox 519 4315 2100 4389">
    <p class='ocr_par' dir='ltr' id='par_1_49' title="bbox 519 4315 2100 4389">
     <span class='ocr_line' id='line_1_49' title="bbox 519 4315 2100 4389; baseline 0.002 -19"><span class='ocrx_word' id='word_1_353' title='bbox 519 4315 649 4381; x_wconf 85' lang='lat' dir='ltr'><strong>ipsis</strong></span> <span class='ocrx_word' id='word_1_354' title='bbox 675 4317 862 4369; x_wconf 84' lang='lat' dir='ltr'><strong>mortis</strong></span> <span class='ocrx_word' id='word_1_355' title='bbox 892 4316 1128 4370; x_wconf 85' lang='lat' dir='ltr'><strong>faucibus</strong></span> <span class='ocrx_word' id='word_1_356' title='bbox 1151 4316 1364 4386; x_wconf 89' lang='lat' dir='ltr'><strong>eripuit.</strong></span> <span class='ocrx_word' id='word_1_357' title='bbox 1395 4315 1518 4371; x_wconf 80' lang='lat' dir='ltr'><strong>Mox</strong></span> <span class='ocrx_word' id='word_1_358' title='bbox 1544 4315 1934 4383; x_wconf 86' lang='lat' dir='ltr'><strong>demonstrans,</strong></span> <span class='ocrx_word' id='word_1_359' title='bbox 1959 4320 2100 4389; x_wconf 94' lang='lat' dir='ltr'><strong>quod</strong></span> 
     </span>
    </p>
   </div>
   <div class='ocr_carea' id='block_1_50' title="bbox 517 4404 2104 4477">
    <p class='ocr_par' dir='ltr' id='par_1_50' title="bbox 517 4404 2104 4477">
     <span class='ocr_line' id='line_1_50' title="bbox 517 4404 2104 4477; baseline 0.004 -20"><span class='ocrx_word' id='word_1_360' title='bbox 517 4404 815 4461; x_wconf 87' lang='lat' dir='ltr'><strong>concedere</strong></span> <span class='ocrx_word' id='word_1_361' title='bbox 843 4415 900 4460; x_wconf 92' lang='lat' dir='ltr'><strong>ut</strong></span> <span class='ocrx_word' id='word_1_362' title='bbox 920 4407 972 4460; x_wconf 91' lang='lat' dir='ltr'><strong>in</strong></span> <span class='ocrx_word' id='word_1_363' title='bbox 1001 4415 1202 4461; x_wconf 87' lang='lat' dir='ltr'><strong>tantum</strong></span> <span class='ocrx_word' id='word_1_364' title='bbox 1233 4406 1592 4462; x_wconf 89' lang='lat' dir='ltr'><strong>incideremus</strong></span> <span class='ocrx_word' id='word_1_365' title='bbox 1621 4409 1938 4477; x_wconf 90' lang='lat' dir='ltr'><strong>periculum,</strong></span> <span class='ocrx_word' id='word_1_366' title='bbox 1968 4412 2104 4464; x_wconf 87' lang='lat' dir='ltr'><strong>mul-</strong></span> 
     </span>
    </p>
   </div>
   <div class='ocr_carea' id='block_1_51' title="bbox 519 4498 2100 4567">
    <p class='ocr_par' dir='ltr' id='par_1_51' title="bbox 519 4498 2100 4567">
     <span class='ocr_line' id='line_1_51' title="bbox 519 4498 2100 4567; baseline 0.003 -18"><span class='ocrx_word' id='word_1_367' title='bbox 519 4506 588 4550; x_wconf 75' lang='lat' dir='ltr'><strong>ta:</strong></span> <span class='ocrx_word' id='word_1_368' title='bbox 631 4505 747 4550; x_wconf 90' lang='lat' dir='ltr'><strong>erat</strong></span> <span class='ocrx_word' id='word_1_369' title='bbox 794 4498 1143 4567; x_wconf 67' lang='lat' dir='ltr'><strong>providentia:</strong></span> <span class='ocrx_word' id='word_1_370' title='bbox 1170 4512 1326 4567; x_wconf 90' lang='lat' dir='ltr'><strong>opus,</strong></span> <span class='ocrx_word' id='word_1_371' title='bbox 1355 4514 1422 4553; x_wconf 79' lang='lat' dir='ltr'><strong>ex</strong></span> <span class='ocrx_word' id='word_1_372' title='bbox 1473 4500 1852 4554; x_wconf 88' lang='lat' dir='ltr'><strong>tentationibus</strong></span> <span class='ocrx_word' id='word_1_373' title='bbox 1896 4501 2100 4556; x_wconf 91' lang='lat' dir='ltr'><strong>lucrum</strong></span> 
     </span>
    </p>
   </div>
   <div class='ocr_carea' id='block_1_52' title="bbox 516 4589 2102 4657">
    <p class='ocr_par' dir='ltr' id='par_1_52' title="bbox 516 4589 2102 4657">
     <span class='ocr_line' id='line_1_52' title="bbox 516 4589 2102 4657; baseline 0.003 -16"><span class='ocrx_word' id='word_1_374' title='bbox 516 4590 678 4641; x_wconf 84' lang='lat' dir='ltr'><strong>etiam</strong></span> <span class='ocrx_word' id='word_1_375' title='bbox 738 4599 945 4657; x_wconf 85' lang='lat' dir='ltr'><strong>partum</strong></span> <span class='ocrx_word' id='word_1_376' title='bbox 988 4597 1292 4652; x_wconf 89' lang='lat' dir='ltr'><strong>memorat;</strong></span> <span class='ocrx_word' id='word_1_377' title='bbox 1341 4589 1441 4642; x_wconf 90' lang='lat' dir='ltr'><strong>hoc</strong></span> <span class='ocrx_word' id='word_1_378' title='bbox 1488 4598 1666 4644; x_wconf 88' lang='lat' dir='ltr'><strong>autem</strong></span> <span class='ocrx_word' id='word_1_379' title='bbox 1710 4599 1859 4653; x_wconf 87' lang='lat' dir='ltr'><strong>erat,</strong></span> <span class='ocrx_word' id='word_1_380' title='bbox 1889 4591 2102 4647; x_wconf 86' lang='lat' dir='ltr'><strong>assidue</strong></span> 
     </span>
    </p>
   </div>
   <div class='ocr_carea' id='block_1_53' title="bbox 516 4676 2101 4750">
    <p class='ocr_par' dir='ltr' id='par_1_53' title="bbox 516 4676 2101 4750">
     <span class='ocr_line' id='line_1_53' title="bbox 516 4676 2101 4750; baseline 0.003 -19"><span class='ocrx_word' id='word_1_381' title='bbox 516 4676 582 4731; x_wconf 87' lang='lat' dir='ltr'><strong>ad</strong></span> <span class='ocrx_word' id='word_1_382' title='bbox 612 4678 782 4746; x_wconf 89' lang='lat' dir='ltr'><strong>ipsum</strong></span> <span class='ocrx_word' id='word_1_383' title='bbox 814 4679 1102 4746; x_wconf 89' lang='lat' dir='ltr'><strong>respicere,</strong></span> <span class='ocrx_word' id='word_1_384' title='bbox 1150 4679 1246 4733; x_wconf 89' lang='lat' dir='ltr'><strong>sed</strong></span> <span class='ocrx_word' id='word_1_385' title='bbox 1289 4679 1363 4732; x_wconf 93' lang='lat' dir='ltr'><strong>nil</strong></span> <span class='ocrx_word' id='word_1_386' title='bbox 1407 4694 1658 4749; x_wconf 89' lang='lat' dir='ltr'><strong>magnum</strong></span> <span class='ocrx_word' id='word_1_387' title='bbox 1701 4695 1890 4749; x_wconf 88' lang='lat' dir='ltr'><strong>sapere</strong></span> <span class='ocrx_word' id='word_1_388' title='bbox 1928 4696 2101 4750; x_wconf 89' lang='lat' dir='ltr'><strong>neque</strong></span> 
     </span>
    </p>
   </div>
   <div class='ocr_carea' id='block_1_54' title="bbox 513 4769 2101 4842">
    <p class='ocr_par' dir='ltr' id='par_1_54' title="bbox 513 4769 2101 4842">
     <span class='ocr_line' id='line_1_54' title="bbox 513 4769 2101 4842; baseline 0.003 -19"><span class='ocrx_word' id='word_1_389' title='bbox 513 4770 722 4825; x_wconf 84' lang='lat' dir='ltr'><strong>extolli.</strong></span> <span class='ocrx_word' id='word_1_390' title='bbox 772 4769 1056 4841; x_wconf 85' lang='lat' dir='ltr'><strong>Propterea</strong></span> <span class='ocrx_word' id='word_1_391' title='bbox 1088 4786 1208 4825; x_wconf 92' lang='lat' dir='ltr'><strong>cum</strong></span> <span class='ocrx_word' id='word_1_392' title='bbox 1239 4771 1494 4836; x_wconf 83' lang='lat' dir='ltr'><strong>dixisset,</strong></span> <span class='ocrx_word' id='word_1_393' title='bbox 1545 4771 1657 4842; x_wconf 84' lang='lat' dir='ltr'><strong>Ipsi</strong></span> <span class='ocrx_word' id='word_1_394' title='bbox 1698 4774 1750 4826; x_wconf 88' lang='lat' dir='ltr'><strong>in</strong></span> <span class='ocrx_word' id='word_1_395' title='bbox 1795 4773 1936 4827; x_wconf 85' lang='lat' dir='ltr'><strong>nobis</strong></span> <span class='ocrx_word' id='word_1_396' title='bbox 1979 4776 2101 4842; x_wconf 86' lang='lat' dir='ltr'><strong>ipsis</strong></span> 
     </span>
    </p>
   </div>
   <div class='ocr_carea' id='block_1_55' title="bbox 517 4864 2100 4932">
    <p class='ocr_par' dir='ltr' id='par_1_55' title="bbox 517 4864 2100 4932">
     <span class='ocr_line' id='line_1_55' title="bbox 517 4864 2100 4932; baseline 0.003 -17"><span class='ocrx_word' id='word_1_397' title='bbox 517 4879 810 4931; x_wconf 84' lang='lat' dir='ltr'><strong>responsum</strong></span> <span class='ocrx_word' id='word_1_398' title='bbox 837 4864 1012 4917; x_wconf 87' lang='lat' dir='ltr'><strong>mortis</strong></span> <span class='ocrx_word' id='word_1_399' title='bbox 1039 4864 1342 4929; x_wconf 77' lang='lat' dir='ltr'><strong>habuimus,</strong></span> <span class='ocrx_word' id='word_1_400' title='bbox 1381 4873 1432 4919; x_wconf 89' lang='lat' dir='ltr'><strong>et</strong></span> <span class='ocrx_word' id='word_1_401' title='bbox 1468 4879 1682 4919; x_wconf 86' lang='lat' dir='ltr'><strong>causam</strong></span> <span class='ocrx_word' id='word_1_402' title='bbox 1726 4865 1922 4920; x_wconf 90' lang='lat' dir='ltr'><strong>intulit.</strong></span> <span class='ocrx_word' id='word_1_403' title='bbox 1971 4865 2100 4932; x_wconf 73' lang='lat' dir='ltr'><strong>Qua:</strong></span> 
     </span>
    </p>
   </div>
   <div class='ocr_carea' id='block_1_56' title="bbox 516 4951 2096 5022">
    <p class='ocr_par' dir='ltr' id='par_1_56' title="bbox 516 4951 2096 5022">
     <span class='ocr_line' id='line_1_56' title="bbox 516 4951 2096 5022; baseline 0.003 -17"><span class='ocrx_word' id='word_1_404' title='bbox 516 4969 642 5006; x_wconf 88' lang='lat' dir='ltr'><strong>vero</strong></span> <span class='ocrx_word' id='word_1_405' title='bbox 669 4951 785 5007; x_wconf 65' lang='lat' dir='ltr'><strong>hare</strong></span> <span class='ocrx_word' id='word_1_406' title='bbox 813 4963 894 5007; x_wconf 89' lang='lat' dir='ltr'><strong>est</strong></span> <span class='ocrx_word' id='word_1_407' title='bbox 922 4954 1126 5010; x_wconf 85' lang='lat' dir='ltr'><strong>causa?</strong></span> <span class='ocrx_word' id='word_1_408' title='bbox 1158 4952 1226 5008; x_wconf 92' lang='lat' dir='ltr'><strong>Ut</strong></span> <span class='ocrx_word' id='word_1_409' title='bbox 1266 4969 1369 5007; x_wconf 88' lang='lat' dir='ltr'><strong>non</strong></span> <span class='ocrx_word' id='word_1_410' title='bbox 1407 4956 1562 5008; x_wconf 88' lang='lat' dir='ltr'><strong>simus</strong></span> <span class='ocrx_word' id='word_1_411' title='bbox 1596 4955 1805 5022; x_wconf 82' lang='lat' dir='ltr'><strong>ﬁdentes</strong></span> <span class='ocrx_word' id='word_1_412' title='bbox 1844 4956 1896 5008; x_wconf 87' lang='lat' dir='ltr'><strong>in</strong></span> <span class='ocrx_word' id='word_1_413' title='bbox 1934 4956 2096 5019; x_wconf 86' lang='lat' dir='ltr'><strong>nobis,</strong></span> 
     </span>
    </p>
   </div>
   <div class='ocr_carea' id='block_1_57' title="bbox 516 5043 2096 5117">
    <p class='ocr_par' dir='ltr' id='par_1_57' title="bbox 516 5043 2096 5117">
     <span class='ocr_line' id='line_1_57' title="bbox 516 5043 2096 5117; baseline 0.002 -20"><span class='ocrx_word' id='word_1_414' title='bbox 516 5043 709 5113; x_wconf 89' lang='lat' dir='ltr'><strong>inquit,</strong></span> <span class='ocrx_word' id='word_1_415' title='bbox 741 5044 831 5097; x_wconf 83' lang='lat' dir='ltr'><strong>sed</strong></span> <span class='ocrx_word' id='word_1_416' title='bbox 854 5045 908 5098; x_wconf 91' lang='lat' dir='ltr'><strong>in</strong></span> <span class='ocrx_word' id='word_1_417' title='bbox 928 5043 1057 5110; x_wconf 89' lang='lat' dir='ltr'><strong>Deo,</strong></span> <span class='ocrx_word' id='word_1_418' title='bbox 1091 5045 1178 5116; x_wconf 88' lang='lat' dir='ltr'><strong>qui</strong></span> <span class='ocrx_word' id='word_1_419' title='bbox 1203 5045 1412 5099; x_wconf 83' lang='lat' dir='ltr'><strong>suscitat</strong></span> <span class='ocrx_word' id='word_1_420' title='bbox 1439 5055 1666 5099; x_wconf 87' lang='lat' dir='ltr'><strong>mortuos</strong></span> <span class='ocrx_word' id='word_1_421' title='bbox 1695 5045 1768 5117; x_wconf 72' lang='grc'><strong>(2.</strong></span> <span class='ocrx_word' id='word_1_422' title='bbox 1794 5045 1910 5100; x_wconf 90' lang='lat' dir='ltr'><strong>Cor.</strong></span> <span class='ocrx_word' id='word_1_423' title='bbox 1942 5047 1992 5100; x_wconf 81' lang='grc'><strong>1.</strong></span> <span class='ocrx_word' id='word_1_424' title='bbox 2019 5047 2096 5115; x_wconf 89' lang='grc'><strong>9).</strong></span> 
     </span>
    </p>
   </div>
   <div class='ocr_carea' id='block_1_58' title="bbox 516 5134 2102 5206">
    <p class='ocr_par' dir='ltr' id='par_1_58' title="bbox 516 5134 2102 5206">
     <span class='ocr_line' id='line_1_58' title="bbox 516 5134 2102 5206; baseline 0.003 -18"><span class='ocrx_word' id='word_1_425' title='bbox 516 5135 877 5189; x_wconf 88' lang='lat' dir='ltr'><strong>Dormitantes</strong></span> <span class='ocrx_word' id='word_1_426' title='bbox 903 5137 1046 5190; x_wconf 90' lang='lat' dir='ltr'><strong>enim</strong></span> <span class='ocrx_word' id='word_1_427' title='bbox 1069 5151 1167 5190; x_wconf 91' lang='lat' dir='ltr'><strong>nos</strong></span> <span class='ocrx_word' id='word_1_428' title='bbox 1191 5145 1245 5190; x_wconf 90' lang='lat' dir='ltr'><strong>et</strong></span> <span class='ocrx_word' id='word_1_429' title='bbox 1266 5134 1515 5204; x_wconf 88' lang='lat' dir='ltr'><strong>delapsos</strong></span> <span class='ocrx_word' id='word_1_430' title='bbox 1533 5135 1942 5206; x_wconf 81' lang='lat' dir='ltr'><strong>expergefacere</strong></span> <span class='ocrx_word' id='word_1_431' title='bbox 1963 5137 2102 5193; x_wconf 89' lang='lat' dir='ltr'><strong>solet</strong></span> 
     </span>
    </p>
   </div>
   <div class='ocr_carea' id='block_1_59' title="bbox 519 5225 2097 5296">
    <p class='ocr_par' dir='ltr' id='par_1_59' title="bbox 519 5225 2097 5296">
     <span class='ocr_line' id='line_1_59' title="bbox 519 5225 2097 5296; baseline 0.003 -17"><span class='ocrx_word' id='word_1_432' title='bbox 519 5235 573 5279; x_wconf 89' lang='lat' dir='ltr'><strong>et</strong></span> <span class='ocrx_word' id='word_1_433' title='bbox 601 5225 836 5280; x_wconf 81' lang='lat' dir='ltr'><strong>excitare</strong></span> <span class='ocrx_word' id='word_1_434' title='bbox 858 5267 874 5291; x_wconf 97' lang='lat'><strong>,</strong></span> <span class='ocrx_word' id='word_1_435' title='bbox 905 5236 961 5280; x_wconf 89' lang='lat' dir='ltr'><strong>et</strong></span> <span class='ocrx_word' id='word_1_436' title='bbox 1006 5226 1366 5296; x_wconf 81' lang='lat' dir='ltr'><strong>religiosiores</strong></span> <span class='ocrx_word' id='word_1_437' title='bbox 1397 5227 1572 5281; x_wconf 88' lang='lat' dir='ltr'><strong>facere</strong></span> <span class='ocrx_word' id='word_1_438' title='bbox 1612 5228 1962 5283; x_wconf 80' lang='lat' dir='ltr'><strong>tentationum</strong></span> <span class='ocrx_word' id='word_1_439' title='bbox 1998 5242 2097 5283; x_wconf 89' lang='lat' dir='ltr'><strong>na-</strong></span> 
     </span>
    </p>
   </div>
   <div class='ocr_carea' id='block_1_60' title="bbox 514 5314 2100 5386">
    <p class='ocr_par' dir='ltr' id='par_1_60' title="bbox 514 5314 2100 5386">
     <span class='ocr_line' id='line_1_60' title="bbox 514 5314 2100 5386; baseline 0.004 -15"><span class='ocrx_word' id='word_1_440' title='bbox 514 5328 652 5371; x_wconf 91' lang='lat' dir='ltr'><strong>tura.</strong></span> <span class='ocrx_word' id='word_1_441' title='bbox 685 5314 816 5371; x_wconf 90' lang='lat' dir='ltr'><strong>Cum</strong></span> <span class='ocrx_word' id='word_1_442' title='bbox 849 5317 1006 5386; x_wconf 81' lang='lat' dir='ltr'><strong>igitur</strong></span> <span class='ocrx_word' id='word_1_443' title='bbox 1037 5318 1232 5372; x_wconf 90' lang='lat' dir='ltr'><strong>videris</strong></span> <span class='ocrx_word' id='word_1_444' title='bbox 1253 5359 1266 5383; x_wconf 95' lang='lat'><strong>,</strong></span> <span class='ocrx_word' id='word_1_445' title='bbox 1309 5318 1507 5372; x_wconf 77' lang='lat' dir='ltr'><strong>dilecte</strong></span> <span class='ocrx_word' id='word_1_446' title='bbox 1531 5359 1546 5384; x_wconf 98' lang='lat'><strong>,</strong></span> <span class='ocrx_word' id='word_1_447' title='bbox 1579 5321 1924 5374; x_wconf 88' lang='lat' dir='ltr'><strong>tentationem</strong></span> <span class='ocrx_word' id='word_1_448' title='bbox 1958 5336 2100 5378; x_wconf 89' lang='lat' dir='ltr'><strong>nunc</strong></span> 
     </span>
    </p>
   </div>
   <div class='ocr_carea' id='block_1_61' title="bbox 511 5408 2100 5478">
    <p class='ocr_par' dir='ltr' id='par_1_61' title="bbox 511 5408 2100 5478">
     <span class='ocr_line' id='line_1_61' title="bbox 511 5408 2100 5478; baseline 0.004 -17"><span class='ocrx_word' id='word_1_449' title='bbox 511 5408 728 5478; x_wconf 87' lang='lat' dir='ltr'><strong>quidem</strong></span> <span class='ocrx_word' id='word_1_450' title='bbox 777 5410 1134 5474; x_wconf 86' lang='lat' dir='ltr'><strong>exstinctam,</strong></span> <span class='ocrx_word' id='word_1_451' title='bbox 1176 5423 1392 5462; x_wconf 90' lang='lat' dir='ltr'><strong>rursum</strong></span> <span class='ocrx_word' id='word_1_452' title='bbox 1437 5418 1614 5463; x_wconf 91' lang='lat' dir='ltr'><strong>autem</strong></span> <span class='ocrx_word' id='word_1_453' title='bbox 1662 5424 1978 5477; x_wconf 90' lang='lat' dir='ltr'><strong>accensam,</strong></span> <span class='ocrx_word' id='word_1_454' title='bbox 2031 5427 2100 5468; x_wconf 88' lang='lat' dir='ltr'><strong>ne</strong></span> 
     </span>
    </p>
   </div>
   <div class='ocr_carea' id='block_1_62' title="bbox 512 5499 2176 5572">
    <p class='ocr_par' dir='ltr' id='par_1_62' title="bbox 512 5499 2176 5572">
     <span class='ocr_line' id='line_1_62' title="bbox 512 5499 2176 5572; baseline 0.003 -19"><span class='ocrx_word' id='word_1_455' title='bbox 512 5501 693 5554; x_wconf 81' lang='lat' dir='ltr'><strong>animo</strong></span> <span class='ocrx_word' id='word_1_456' title='bbox 731 5501 979 5554; x_wconf 85' lang='lat' dir='ltr'><strong>concidas</strong></span> <span class='ocrx_word' id='word_1_457' title='bbox 1019 5515 1120 5553; x_wconf 91' lang='lat' dir='ltr'><strong>neu</strong></span> <span class='ocrx_word' id='word_1_458' title='bbox 1162 5499 1428 5564; x_wconf 81' lang='lat' dir='ltr'><strong>rcfugias;</strong></span> <span class='ocrx_word' id='word_1_459' title='bbox 1476 5500 1568 5555; x_wconf 89' lang='lat' dir='ltr'><strong>sed</strong></span> <span class='ocrx_word' id='word_1_460' title='bbox 1611 5499 1805 5555; x_wconf 86' lang='lat' dir='ltr'><strong>bonam</strong></span> <span class='ocrx_word' id='word_1_461' title='bbox 1832 5518 1981 5572; x_wconf 86' lang='lat' dir='ltr'><strong>spem</strong></span> <span class='ocrx_word' id='word_1_462' title='bbox 2016 5516 2094 5558; x_wconf 84' lang='lat' dir='ltr'><strong>te-</strong></span> <span class='ocrx_word' id='word_1_463' title='bbox 2173 5505 2176 5532; x_wconf 78' lang='grc' dir='ltr'><strong>ί</strong></span> 
     </span>
    </p>
   </div>
   <div class='ocr_carea' id='block_1_63' title="bbox 579 5611 2102 5675">
    <p class='ocr_par' dir='ltr' id='par_1_63' title="bbox 579 5611 2102 5675">
     <span class='ocr_line' id='line_1_63' title="bbox 579 5611 2102 5675; baseline 0.005 -14"><span class='ocrx_word' id='word_1_464' title='bbox 579 5619 595 5645; x_wconf 76' lang='grc' dir='ltr'><strong>ι</strong></span> <span class='ocrx_word' id='word_1_465' title='bbox 632 5615 770 5662; x_wconf 75' lang='lat' dir='ltr'><strong>savil.</strong></span> <span class='ocrx_word' id='word_1_466' title='bbox 793 5615 918 5663; x_wconf 88' lang='lat' dir='ltr'><strong>bnnc</strong></span> <span class='ocrx_word' id='word_1_467' title='bbox 940 5615 1058 5664; x_wconf 88' lang='lat' dir='ltr'><strong>item</strong></span> <span class='ocrx_word' id='word_1_468' title='bbox 1076 5616 1124 5663; x_wconf 92' lang='lat' dir='ltr'><strong>in</strong></span> <span class='ocrx_word' id='word_1_469' title='bbox 1141 5614 1361 5675; x_wconf 86' lang='lat' dir='ltr'><strong>margine</strong></span> <span class='ocrx_word' id='word_1_470' title='bbox 1380 5611 1572 5662; x_wconf 82' lang='lat' dir='ltr'><strong>titulum</strong></span> <span class='ocrx_word' id='word_1_471' title='bbox 1595 5613 1754 5664; x_wconf 83' lang='lat' dir='ltr'><strong>adfert</strong></span> <span class='ocrx_word' id='word_1_472' title='bbox 1777 5629 1789 5663; x_wconf 87' lang='lat'><strong>:</strong></span> <span class='ocrx_word' id='word_1_473' title='bbox 1819 5616 2102 5668; x_wconf 73' lang='lat' dir='ltr'><strong>Exhortatio</strong></span> 
     </span>
    </p>
   </div>
   <div class='ocr_carea' id='block_1_64' title="bbox 517 5675 2098 5744">
    <p class='ocr_par' dir='ltr' id='par_1_64' title="bbox 517 5675 2098 5744">
     <span class='ocr_line' id='line_1_64' title="bbox 517 5675 2098 5744; baseline 0.003 -18"><span class='ocrx_word' id='word_1_474' title='bbox 517 5675 578 5726; x_wconf 86' lang='lat' dir='ltr'><strong>de</strong></span> <span class='ocrx_word' id='word_1_475' title='bbox 601 5675 882 5744; x_wconf 83' lang='lat' dir='ltr'><strong>abstinentia</strong></span> <span class='ocrx_word' id='word_1_476' title='bbox 894 5675 1180 5744; x_wconf 75' lang='lat' dir='ltr'><strong>juranwnti,</strong></span> <span class='ocrx_word' id='word_1_477' title='bbox 1222 5685 1267 5725; x_wconf 78' lang='lat' dir='ltr'><strong>et</strong></span> <span class='ocrx_word' id='word_1_478' title='bbox 1293 5675 1420 5734; x_wconf 87' lang='lat' dir='ltr'><strong>quod</strong></span> <span class='ocrx_word' id='word_1_479' title='bbox 1443 5677 1976 5744; x_wconf 71' lang='lat' dir='ltr'><strong>ﬁ&#39;equenterjurantem</strong></span> <span class='ocrx_word' id='word_1_480' title='bbox 1997 5681 2098 5744; x_wconf 74' lang='lat' dir='ltr'><strong>fre-</strong></span> 
     </span>
    </p>
   </div>
   <div class='ocr_carea' id='block_1_65' title="bbox 524 5737 2004 5800">
    <p class='ocr_par' dir='ltr' id='par_1_65' title="bbox 524 5737 2004 5800">
     <span class='ocr_line' id='line_1_65' title="bbox 524 5737 2004 5800; baseline 0.003 -16"><span class='ocrx_word' id='word_1_481' title='bbox 524 5745 716 5786; x_wconf 55' lang='lat' dir='ltr'><strong>quenter</strong></span> <span class='ocrx_word' id='word_1_482' title='bbox 736 5737 879 5788; x_wconf 85' lang='lat' dir='ltr'><strong>etiam</strong></span> <span class='ocrx_word' id='word_1_483' title='bbox 905 5740 1157 5800; x_wconf 62' lang='lat' dir='ltr'><strong>pet-jurare</strong></span> <span class='ocrx_word' id='word_1_484' title='bbox 1182 5751 1372 5788; x_wconf 82' lang='lat' dir='ltr'><strong>necesse</strong></span> <span class='ocrx_word' id='word_1_485' title='bbox 1395 5743 1482 5788; x_wconf 84' lang='lat' dir='ltr'><strong>est.</strong></span> <span class='ocrx_word' id='word_1_486' title='bbox 1532 5737 1541 5740; x_wconf 68' lang='grc'><strong><em>⁷</em></strong></span> <span class='ocrx_word' id='word_1_487' title='bbox 1727 5737 1736 5739; x_wconf 13' lang='grc' dir='ltr'>ἡ</span> <span class='ocrx_word' id='word_1_488' title='bbox 1833 5737 1840 5744; x_wconf 82' lang='grc'><em>’</em></span> <span class='ocrx_word' id='word_1_489' title='bbox 1997 5737 2004 5760; x_wconf 78' lang='grc'>³</span> 
     </span>
    </p>
   </div>
   <div class='ocr_carea' id='block_1_66' title="bbox 2239 1565 3814 1659">
    <p class='ocr_par' dir='ltr' id='par_1_66' title="bbox 2239 1565 3814 1659">
     <span class='ocr_line' id='line_1_66' title="bbox 2239 1565 3814 1659; baseline 0.022 -46"><span class='ocrx_word' id='word_1_490' title='bbox 2239 1577 2385 1624; x_wconf 87' lang='lat' dir='ltr'><strong>neas,</strong></span> <span class='ocrx_word' id='word_1_491' title='bbox 2421 1565 2547 1620; x_wconf 89' lang='lat' dir='ltr'><strong>illud</strong></span> <span class='ocrx_word' id='word_1_492' title='bbox 2577 1569 2714 1626; x_wconf 90' lang='lat' dir='ltr'><strong>intra</strong></span> <span class='ocrx_word' id='word_1_493' title='bbox 2746 1575 2970 1644; x_wconf 89' lang='lat' dir='ltr'><strong>teipsum</strong></span> <span class='ocrx_word' id='word_1_494' title='bbox 2993 1581 3334 1650; x_wconf 83' lang='lat' dir='ltr'><strong>ratiocinans,</strong></span> <span class='ocrx_word' id='word_1_495' title='bbox 3365 1588 3503 1655; x_wconf 86' lang='lat' dir='ltr'><strong>quod</strong></span> <span class='ocrx_word' id='word_1_496' title='bbox 3528 1605 3629 1642; x_wconf 82' lang='lat' dir='ltr'><strong>non</strong></span> <span class='ocrx_word' id='word_1_497' title='bbox 3658 1607 3814 1659; x_wconf 85' lang='lat' dir='ltr'><strong>pero-</strong></span> 
     </span>
    </p>
   </div>
   <div class='ocr_carea' id='block_1_67' title="bbox 2230 1667 3810 1734">
    <p class='ocr_par' dir='ltr' id='par_1_67' title="bbox 2230 1667 3810 1734">
     <span class='ocr_line' id='line_1_67' title="bbox 2230 1667 3810 1734; baseline 0.022 -31"><span class='ocrx_word' id='word_1_498' title='bbox 2230 1667 2322 1706; x_wconf 88' lang='lat' dir='ltr'><strong>sus</strong></span> <span class='ocrx_word' id='word_1_499' title='bbox 2351 1669 2450 1708; x_wconf 88' lang='lat' dir='ltr'><strong>nec</strong></span> <span class='ocrx_word' id='word_1_500' title='bbox 2477 1670 2749 1716; x_wconf 87' lang='lat' dir='ltr'><strong>aversatus</strong></span> <span class='ocrx_word' id='word_1_501' title='bbox 2781 1680 2880 1719; x_wconf 92' lang='lat' dir='ltr'><strong>nos</strong></span> <span class='ocrx_word' id='word_1_502' title='bbox 2909 1667 3044 1722; x_wconf 91' lang='lat' dir='ltr'><strong>Deus</strong></span> <span class='ocrx_word' id='word_1_503' title='bbox 3070 1669 3402 1729; x_wconf 90' lang='lat' dir='ltr'><strong>inimicorum</strong></span> <span class='ocrx_word' id='word_1_504' title='bbox 3429 1679 3671 1734; x_wconf 89' lang='lat' dir='ltr'><strong>manibus</strong></span> <span class='ocrx_word' id='word_1_505' title='bbox 3701 1690 3810 1734; x_wconf 88' lang='lat' dir='ltr'><strong>tra-</strong></span> 
     </span>
    </p>
   </div>
   <div class='ocr_carea' id='block_1_68' title="bbox 2228 1743 3808 1832">
    <p class='ocr_par' dir='ltr' id='par_1_68' title="bbox 2228 1743 3808 1832">
     <span class='ocr_line' id='line_1_68' title="bbox 2228 1743 3808 1832; baseline 0.02 -36"><span class='ocrx_word' id='word_1_506' title='bbox 2228 1743 2351 1808; x_wconf 89' lang='lat' dir='ltr'><strong>dat,</strong></span> <span class='ocrx_word' id='word_1_507' title='bbox 2385 1747 2477 1801; x_wconf 93' lang='lat' dir='ltr'><strong>sed</strong></span> <span class='ocrx_word' id='word_1_508' title='bbox 2505 1750 2852 1810; x_wconf 84' lang='lat' dir='ltr'><strong>studiosiores</strong></span> <span class='ocrx_word' id='word_1_509' title='bbox 2876 1765 2932 1812; x_wconf 92' lang='lat' dir='ltr'><strong>et</strong></span> <span class='ocrx_word' id='word_1_510' title='bbox 2957 1759 3058 1814; x_wconf 92' lang='lat' dir='ltr'><strong>sibi</strong></span> <span class='ocrx_word' id='word_1_511' title='bbox 3102 1763 3268 1832; x_wconf 90' lang='lat' dir='ltr'><strong>magis</strong></span> <span class='ocrx_word' id='word_1_512' title='bbox 3313 1763 3597 1823; x_wconf 87' lang='lat' dir='ltr'><strong>familiares</strong></span> <span class='ocrx_word' id='word_1_513' title='bbox 3627 1767 3808 1827; x_wconf 85' lang='lat' dir='ltr'><strong>facere</strong></span> 
     </span>
    </p>
   </div>
   <div class='ocr_carea' id='block_1_69' title="bbox 2228 1836 3811 1922">
    <p class='ocr_par' dir='ltr' id='par_1_69' title="bbox 2228 1836 3811 1922">
     <span class='ocr_line' id='line_1_69' title="bbox 2228 1836 3811 1922; baseline 0.02 -35"><span class='ocrx_word' id='word_1_514' title='bbox 2228 1836 2430 1892; x_wconf 88' lang='lat' dir='ltr'><strong>volens.</strong></span> <span class='ocrx_word' id='word_1_515' title='bbox 2464 1839 2539 1896; x_wconf 89' lang='lat' dir='ltr'><strong>Ne</strong></span> <span class='ocrx_word' id='word_1_516' title='bbox 2568 1842 2726 1914; x_wconf 83' lang='lat' dir='ltr'><strong>igitur</strong></span> <span class='ocrx_word' id='word_1_517' title='bbox 2752 1847 2990 1903; x_wconf 91' lang='lat' dir='ltr'><strong>animum</strong></span> <span class='ocrx_word' id='word_1_518' title='bbox 3019 1851 3444 1922; x_wconf 85' lang='lat' dir='ltr'><strong>despondeamus</strong></span> <span class='ocrx_word' id='word_1_519' title='bbox 3464 1900 3477 1921; x_wconf 90' lang='lat'><strong>,</strong></span> <span class='ocrx_word' id='word_1_520' title='bbox 3506 1875 3606 1915; x_wconf 91' lang='lat' dir='ltr'><strong>nec</strong></span> <span class='ocrx_word' id='word_1_521' title='bbox 3631 1873 3811 1917; x_wconf 83' lang='lat' dir='ltr'><strong>muta-</strong></span> 
     </span>
    </p>
   </div>
   <div class='ocr_carea' id='block_1_70' title="bbox 2229 1932 3811 2024">
    <p class='ocr_par' dir='ltr' id='par_1_70' title="bbox 2229 1932 3811 2024">
     <span class='ocr_line' id='line_1_70' title="bbox 2229 1932 3811 2024; baseline 0.019 -43"><span class='ocrx_word' id='word_1_522' title='bbox 2229 1932 2428 1985; x_wconf 91' lang='lat' dir='ltr'><strong>tionem</strong></span> <span class='ocrx_word' id='word_1_523' title='bbox 2457 1933 2509 1986; x_wconf 93' lang='lat' dir='ltr'><strong>in</strong></span> <span class='ocrx_word' id='word_1_524' title='bbox 2542 1936 2729 1993; x_wconf 88' lang='lat' dir='ltr'><strong>melius</strong></span> <span class='ocrx_word' id='word_1_525' title='bbox 2759 1939 3122 2010; x_wconf 88' lang='lat' dir='ltr'><strong>desperemus,</strong></span> <span class='ocrx_word' id='word_1_526' title='bbox 3155 1947 3249 2001; x_wconf 89' lang='lat' dir='ltr'><strong>sed</strong></span> <span class='ocrx_word' id='word_1_527' title='bbox 3275 1951 3600 2008; x_wconf 91' lang='lat' dir='ltr'><strong>celerrimam</strong></span> <span class='ocrx_word' id='word_1_528' title='bbox 3628 1970 3811 2024; x_wconf 81' lang='lat' dir='ltr'><strong>spere-</strong></span> 
     </span>
    </p>
   </div>
   <div class='ocr_carea' id='block_1_71' title="bbox 2226 2022 3803 2115">
    <p class='ocr_par' dir='ltr' id='par_1_71' title="bbox 2226 2022 3803 2115">
     <span class='ocr_line' id='line_1_71' title="bbox 2226 2022 3803 2115; baseline 0.018 -42"><span class='ocrx_word' id='word_1_529' title='bbox 2226 2035 2346 2076; x_wconf 86' lang='lat' dir='ltr'><strong>mus</strong></span> <span class='ocrx_word' id='word_1_530' title='bbox 2373 2022 2487 2078; x_wconf 87' lang='lat' dir='ltr'><strong>fore</strong></span> <span class='ocrx_word' id='word_1_531' title='bbox 2515 2030 2971 2102; x_wconf 86' lang='lat' dir='ltr'><strong>tranquillitatem,</strong></span> <span class='ocrx_word' id='word_1_532' title='bbox 2994 2044 3048 2090; x_wconf 92' lang='lat' dir='ltr'><strong>et</strong></span> <span class='ocrx_word' id='word_1_533' title='bbox 3069 2039 3307 2093; x_wconf 91' lang='lat' dir='ltr'><strong>omnium</strong></span> <span class='ocrx_word' id='word_1_534' title='bbox 3328 2043 3517 2111; x_wconf 91' lang='lat' dir='ltr'><strong>quibus</strong></span> <span class='ocrx_word' id='word_1_535' title='bbox 3541 2022 3803 2115; x_wconf 76' lang='lat' dir='ltr'><strong>agitamur</strong></span> 
     </span>
    </p>
   </div>
   <div class='ocr_carea' id='block_1_72' title="bbox 2227 2116 3808 2200">
    <p class='ocr_par' dir='ltr' id='par_1_72' title="bbox 2227 2116 3808 2200">
     <span class='ocr_line' id='line_1_72' title="bbox 2227 2116 3808 2200; baseline 0.018 -34"><span class='ocrx_word' id='word_1_536' title='bbox 2227 2116 2544 2173; x_wconf 87' lang='lat' dir='ltr'><strong>tumultttum</strong></span> <span class='ocrx_word' id='word_1_537' title='bbox 2575 2119 2732 2176; x_wconf 83' lang='lat' dir='ltr'><strong>ﬁnem</strong></span> <span class='ocrx_word' id='word_1_538' title='bbox 2765 2124 2817 2178; x_wconf 91' lang='lat' dir='ltr'><strong>in</strong></span> <span class='ocrx_word' id='word_1_539' title='bbox 2851 2126 3014 2182; x_wconf 88' lang='lat' dir='ltr'><strong>Deum</strong></span> <span class='ocrx_word' id='word_1_540' title='bbox 3046 2130 3404 2200; x_wconf 88' lang='lat' dir='ltr'><strong>projicientes,</strong></span> <span class='ocrx_word' id='word_1_541' title='bbox 3437 2151 3644 2191; x_wconf 89' lang='lat' dir='ltr'><strong>rursum</strong></span> <span class='ocrx_word' id='word_1_542' title='bbox 3671 2155 3808 2194; x_wconf 90' lang='lat' dir='ltr'><strong>con-</strong></span> 
     </span>
    </p>
   </div>
   <div class='ocr_carea' id='block_1_73' title="bbox 2223 2211 3806 2290">
    <p class='ocr_par' dir='ltr' id='par_1_73' title="bbox 2223 2211 3806 2290">
     <span class='ocr_line' id='line_1_73' title="bbox 2223 2211 3806 2290; baseline 0.017 -32"><span class='ocrx_word' id='word_1_543' title='bbox 2223 2216 2370 2260; x_wconf 91' lang='lat' dir='ltr'><strong>sueta</strong></span> <span class='ocrx_word' id='word_1_544' title='bbox 2400 2211 2754 2281; x_wconf 75' lang='lat' dir='ltr'><strong>attingamus,</strong></span> <span class='ocrx_word' id='word_1_545' title='bbox 2799 2217 3114 2290; x_wconf 90' lang='lat' dir='ltr'><strong>solitamque</strong></span> <span class='ocrx_word' id='word_1_546' title='bbox 3158 2223 3210 2276; x_wconf 92' lang='lat' dir='ltr'><strong>in</strong></span> <span class='ocrx_word' id='word_1_547' title='bbox 3251 2225 3482 2280; x_wconf 90' lang='lat' dir='ltr'><strong>medium</strong></span> <span class='ocrx_word' id='word_1_548' title='bbox 3509 2229 3806 2284; x_wconf 89' lang='lat' dir='ltr'><strong>doctrinam</strong></span> 
     </span>
    </p>
   </div>
   <div class='ocr_carea' id='block_1_74' title="bbox 2225 2301 3805 2376">
    <p class='ocr_par' dir='ltr' id='par_1_74' title="bbox 2225 2301 3805 2376">
     <span class='ocr_line' id='line_1_74' title="bbox 2225 2301 3805 2376; baseline 0.015 -23"><span class='ocrx_word' id='word_1_549' title='bbox 2225 2301 2576 2368; x_wconf 90' lang='lat' dir='ltr'><strong>producamus</strong></span> <span class='ocrx_word' id='word_1_550' title='bbox 2602 2306 2618 2336; x_wconf 82' lang='grc'>¹</span> <span class='ocrx_word' id='word_1_551' title='bbox 2645 2325 2657 2360; x_wconf 92' lang='lat'><strong>:</strong></span> <span class='ocrx_word' id='word_1_552' title='bbox 2687 2323 2873 2365; x_wconf 89' lang='lat' dir='ltr'><strong>rursus</strong></span> <span class='ocrx_word' id='word_1_553' title='bbox 2913 2313 3052 2366; x_wconf 92' lang='lat' dir='ltr'><strong>enim</strong></span> <span class='ocrx_word' id='word_1_554' title='bbox 3084 2314 3234 2370; x_wconf 89' lang='lat' dir='ltr'><strong>vobis</strong></span> <span class='ocrx_word' id='word_1_555' title='bbox 3262 2319 3330 2372; x_wconf 90' lang='lat' dir='ltr'><strong>de</strong></span> <span class='ocrx_word' id='word_1_556' title='bbox 3357 2318 3543 2373; x_wconf 90' lang='lat' dir='ltr'><strong>eadem</strong></span> <span class='ocrx_word' id='word_1_557' title='bbox 3584 2323 3805 2376; x_wconf 85' lang='lat' dir='ltr'><strong>materia</strong></span> 
     </span>
    </p>
   </div>
   <div class='ocr_carea' id='block_1_75' title="bbox 2222 2391 3806 2478">
    <p class='ocr_par' dir='ltr' id='par_1_75' title="bbox 2222 2391 3806 2478">
     <span class='ocr_line' id='line_1_75' title="bbox 2222 2391 3806 2478; baseline 0.014 -34"><span class='ocrx_word' id='word_1_558' title='bbox 2222 2391 2401 2448; x_wconf 87' lang='lat' dir='ltr'><strong>dicere</strong></span> <span class='ocrx_word' id='word_1_559' title='bbox 2427 2396 2568 2461; x_wconf 86' lang='lat' dir='ltr'><strong>volo,</strong></span> <span class='ocrx_word' id='word_1_560' title='bbox 2594 2408 2648 2451; x_wconf 92' lang='lat' dir='ltr'><strong>nt</strong></span> <span class='ocrx_word' id='word_1_561' title='bbox 2673 2398 2741 2453; x_wconf 90' lang='lat' dir='ltr'><strong>de</strong></span> <span class='ocrx_word' id='word_1_562' title='bbox 2771 2410 2950 2456; x_wconf 91' lang='lat' dir='ltr'><strong>mente</strong></span> <span class='ocrx_word' id='word_1_563' title='bbox 2979 2414 3154 2459; x_wconf 89' lang='lat' dir='ltr'><strong>vestra</strong></span> <span class='ocrx_word' id='word_1_564' title='bbox 3178 2407 3413 2476; x_wconf 90' lang='lat' dir='ltr'><strong>improba</strong></span> <span class='ocrx_word' id='word_1_565' title='bbox 3438 2409 3647 2478; x_wconf 87' lang='lat' dir='ltr'><strong>jurandi</strong></span> <span class='ocrx_word' id='word_1_566' title='bbox 3673 2428 3806 2468; x_wconf 86' lang='lat' dir='ltr'><strong>con-</strong></span> 
     </span>
    </p>
   </div>
   <div class='ocr_carea' id='block_1_76' title="bbox 2221 2486 3033 2549">
    <p class='ocr_par' dir='ltr' id='par_1_76' title="bbox 2221 2486 3033 2549">
     <span class='ocr_line' id='line_1_76' title="bbox 2221 2486 3033 2549; baseline 0.014 -11"><span class='ocrx_word' id='word_1_567' title='bbox 2221 2486 2448 2542; x_wconf 90' lang='lat' dir='ltr'><strong>suetudo</strong></span> <span class='ocrx_word' id='word_1_568' title='bbox 2478 2490 2728 2545; x_wconf 77' lang='lat' dir='ltr'><strong>radicitus</strong></span> <span class='ocrx_word' id='word_1_569' title='bbox 2757 2495 3033 2549; x_wconf 86' lang='lat' dir='ltr'><strong>evellatur.</strong></span> 
     </span>
    </p>
   </div>
   <div class='ocr_carea' id='block_1_77' title="bbox 2294 2598 3800 2674">
    <p class='ocr_par' dir='ltr' id='par_1_77' title="bbox 2294 2598 3800 2674">
     <span class='ocr_line' id='line_1_77' title="bbox 2294 2598 3800 2674; baseline 0.011 -22"><span class='ocrx_word' id='word_1_570' title='bbox 2294 2598 2322 2652; x_wconf 87' lang='grc'><em>1</em></span> <span class='ocrx_word' id='word_1_571' title='bbox 2329 2611 2488 2653; x_wconf 83' lang='lat' dir='ltr'><strong>terum</strong></span> <span class='ocrx_word' id='word_1_572' title='bbox 2513 2614 2691 2656; x_wconf 79' lang='lat' dir='ltr'><strong>contra</strong></span> <span class='ocrx_word' id='word_1_573' title='bbox 2706 2607 3019 2674; x_wconf 86' lang='lat' dir='ltr'><strong>juramenta.</strong></span> <span class='ocrx_word' id='word_1_574' title='bbox 3041 2639 3108 2648; x_wconf 89' lang='lat'><strong>-—</strong></span> <span class='ocrx_word' id='word_1_575' title='bbox 3133 2609 3333 2666; x_wconf 90' lang='lat' dir='ltr'><strong>Idcirco</strong></span> <span class='ocrx_word' id='word_1_576' title='bbox 3353 2628 3571 2669; x_wconf 88' lang='lat' dir='ltr'><strong>necesse</strong></span> <span class='ocrx_word' id='word_1_577' title='bbox 3591 2631 3800 2670; x_wconf 89' lang='lat' dir='ltr'><strong>rursum</strong></span> 
     </span>
    </p>
   </div>
   <div class='ocr_carea' id='block_1_78' title="bbox 2221 2690 3800 2768">
    <p class='ocr_par' dir='ltr' id='par_1_78' title="bbox 2221 2690 3800 2768">
     <span class='ocr_line' id='line_1_78' title="bbox 2221 2690 3800 2768; baseline 0.015 -27"><span class='ocrx_word' id='word_1_578' title='bbox 2221 2690 2285 2744; x_wconf 89' lang='lat' dir='ltr'><strong>ad</strong></span> <span class='ocrx_word' id='word_1_579' title='bbox 2316 2692 2559 2747; x_wconf 84' lang='lat' dir='ltr'><strong>eamdem</strong></span> <span class='ocrx_word' id='word_1_580' title='bbox 2593 2695 2878 2766; x_wconf 85' lang='lat' dir='ltr'><strong>confugere</strong></span> <span class='ocrx_word' id='word_1_581' title='bbox 2916 2700 3375 2768; x_wconf 89' lang='lat' dir='ltr'><strong>supplicationem.</strong></span> <span class='ocrx_word' id='word_1_582' title='bbox 3407 2705 3615 2761; x_wconf 89' lang='lat' dir='ltr'><strong>Etenim</strong></span> <span class='ocrx_word' id='word_1_583' title='bbox 3646 2719 3800 2764; x_wconf 84' lang='lat' dir='ltr'><strong>antea</strong></span> 
     </span>
    </p>
   </div>
   <div class='ocr_carea' id='block_1_79' title="bbox 2220 2785 3801 2861">
    <p class='ocr_par' dir='ltr' id='par_1_79' title="bbox 2220 2785 3801 2861">
     <span class='ocr_line' id='line_1_79' title="bbox 2220 2785 3801 2861; baseline 0.011 -25"><span class='ocrx_word' id='word_1_584' title='bbox 2220 2799 2314 2838; x_wconf 92' lang='lat' dir='ltr'><strong>vos</strong></span> <span class='ocrx_word' id='word_1_585' title='bbox 2343 2785 2558 2854; x_wconf 88' lang='lat' dir='ltr'><strong>rogavi,</strong></span> <span class='ocrx_word' id='word_1_586' title='bbox 2593 2797 2650 2840; x_wconf 91' lang='lat' dir='ltr'><strong>ut</strong></span> <span class='ocrx_word' id='word_1_587' title='bbox 2676 2787 2896 2845; x_wconf 83' lang='lat' dir='ltr'><strong>Joannis</strong></span> <span class='ocrx_word' id='word_1_588' title='bbox 2926 2802 3085 2861; x_wconf 89' lang='lat' dir='ltr'><strong>caput</strong></span> <span class='ocrx_word' id='word_1_589' title='bbox 3112 2794 3404 2849; x_wconf 89' lang='lat' dir='ltr'><strong>abscissum</strong></span> <span class='ocrx_word' id='word_1_590' title='bbox 3431 2796 3605 2852; x_wconf 88' lang='lat' dir='ltr'><strong>adhuc</strong></span> <span class='ocrx_word' id='word_1_591' title='bbox 3630 2799 3801 2854; x_wconf 91' lang='lat' dir='ltr'><strong>calido</strong></span> 
     </span>
    </p>
   </div>
   <div class='ocr_carea' id='block_1_80' title="bbox 2218 2875 3798 2959">
    <p class='ocr_par' dir='ltr' id='par_1_80' title="bbox 2218 2875 3798 2959">
     <span class='ocr_line' id='line_1_80' title="bbox 2218 2875 3798 2959; baseline 0.011 -32"><span class='ocrx_word' id='word_1_592' title='bbox 2218 2889 2410 2930; x_wconf 91' lang='lat' dir='ltr'><strong>cruore</strong></span> <span class='ocrx_word' id='word_1_593' title='bbox 2433 2875 2706 2932; x_wconf 89' lang='lat' dir='ltr'><strong>destillans</strong></span> <span class='ocrx_word' id='word_1_594' title='bbox 2734 2883 3130 2948; x_wconf 86' lang='lat' dir='ltr'><strong>sumentes,sic</strong></span> <span class='ocrx_word' id='word_1_595' title='bbox 3155 2883 3370 2939; x_wconf 89' lang='lat' dir='ltr'><strong>domum</strong></span> <span class='ocrx_word' id='word_1_596' title='bbox 3399 2888 3622 2959; x_wconf 91' lang='lat' dir='ltr'><strong>quisque</strong></span> <span class='ocrx_word' id='word_1_597' title='bbox 3648 2904 3798 2944; x_wconf 89' lang='lat' dir='ltr'><strong>suam</strong></span> 
     </span>
    </p>
   </div>
   <div class='ocr_carea' id='block_1_81' title="bbox 2218 2964 3797 3048">
    <p class='ocr_par' dir='ltr' id='par_1_81' title="bbox 2218 2964 3797 3048">
     <span class='ocr_line' id='line_1_81' title="bbox 2218 2964 3797 3048; baseline 0.013 -31"><span class='ocrx_word' id='word_1_598' title='bbox 2218 2964 2447 3020; x_wconf 90' lang='lat' dir='ltr'><strong>redeatis</strong></span> <span class='ocrx_word' id='word_1_599' title='bbox 2470 3007 2486 3034; x_wconf 94' lang='lat'><strong>,</strong></span> <span class='ocrx_word' id='word_1_600' title='bbox 2516 2976 2571 3022; x_wconf 90' lang='lat' dir='ltr'><strong>et</strong></span> <span class='ocrx_word' id='word_1_601' title='bbox 2599 2971 2792 3038; x_wconf 90' lang='lat' dir='ltr'><strong>putetis</strong></span> <span class='ocrx_word' id='word_1_602' title='bbox 2823 2980 2945 3026; x_wconf 87' lang='lat' dir='ltr'><strong>ante</strong></span> <span class='ocrx_word' id='word_1_603' title='bbox 2975 2973 3160 3028; x_wconf 90' lang='lat' dir='ltr'><strong>oculos</strong></span> <span class='ocrx_word' id='word_1_604' title='bbox 3187 2974 3384 3032; x_wconf 89' lang='lat' dir='ltr'><strong>habere</strong></span> <span class='ocrx_word' id='word_1_605' title='bbox 3413 2977 3584 3048; x_wconf 91' lang='lat' dir='ltr'><strong>ipsum</strong></span> <span class='ocrx_word' id='word_1_606' title='bbox 3614 2996 3797 3036; x_wconf 76' lang='lat' dir='ltr'><strong>vocem</strong></span> 
     </span>
    </p>
   </div>
   <div class='ocr_carea' id='block_1_82' title="bbox 2217 3058 3796 3140">
    <p class='ocr_par' dir='ltr' id='par_1_82' title="bbox 2217 3058 3796 3140">
     <span class='ocr_line' id='line_1_82' title="bbox 2217 3058 3796 3140; baseline 0.01 -31"><span class='ocrx_word' id='word_1_607' title='bbox 2217 3058 2547 3113; x_wconf 90' lang='lat' dir='ltr'><strong>emittentem</strong></span> <span class='ocrx_word' id='word_1_608' title='bbox 2591 3070 2646 3115; x_wconf 92' lang='lat' dir='ltr'><strong>et</strong></span> <span class='ocrx_word' id='word_1_609' title='bbox 2687 3061 2951 3118; x_wconf 90' lang='lat' dir='ltr'><strong>dicentem</strong></span> <span class='ocrx_word' id='word_1_610' title='bbox 2995 3082 3008 3118; x_wconf 90' lang='lat'><strong>:</strong></span> <span class='ocrx_word' id='word_1_611' title='bbox 3050 3064 3185 3122; x_wconf 87' lang='lat' dir='ltr'><strong>Odio</strong></span> <span class='ocrx_word' id='word_1_612' title='bbox 3214 3067 3405 3124; x_wconf 88' lang='lat' dir='ltr'><strong>habete</strong></span> <span class='ocrx_word' id='word_1_613' title='bbox 3445 3069 3796 3140; x_wconf 87' lang='lat' dir='ltr'><strong>jugulatorem</strong></span> 
     </span>
    </p>
   </div>
   <div class='ocr_carea' id='block_1_83' title="bbox 2216 3149 3800 3229">
    <p class='ocr_par' dir='ltr' id='par_1_83' title="bbox 2216 3149 3800 3229">
     <span class='ocr_line' id='line_1_83' title="bbox 2216 3149 3800 3229; baseline 0.011 -27"><span class='ocrx_word' id='word_1_614' title='bbox 2216 3164 2393 3203; x_wconf 90' lang='lat' dir='ltr'><strong>meum</strong></span> <span class='ocrx_word' id='word_1_615' title='bbox 2430 3149 2812 3218; x_wconf 89' lang='lat' dir='ltr'><strong>juramentum.</strong></span> <span class='ocrx_word' id='word_1_616' title='bbox 2858 3153 3008 3222; x_wconf 87' lang='lat' dir='ltr'><strong>Quod</strong></span> <span class='ocrx_word' id='word_1_617' title='bbox 3039 3157 3330 3228; x_wconf 88' lang='lat' dir='ltr'><strong>increpatio</strong></span> <span class='ocrx_word' id='word_1_618' title='bbox 3359 3175 3463 3214; x_wconf 92' lang='lat' dir='ltr'><strong>non</strong></span> <span class='ocrx_word' id='word_1_619' title='bbox 3494 3160 3621 3216; x_wconf 86' lang='lat' dir='ltr'><strong>fecit</strong></span> <span class='ocrx_word' id='word_1_620' title='bbox 3642 3205 3657 3229; x_wconf 94' lang='lat'><strong>,</strong></span> <span class='ocrx_word' id='word_1_621' title='bbox 3697 3162 3800 3222; x_wconf 86' lang='lat' dir='ltr'><strong>hoc</strong></span> 
     </span>
    </p>
   </div>
   <div class='ocr_carea' id='block_1_84' title="bbox 2218 3240 3795 3324">
    <p class='ocr_par' dir='ltr' id='par_1_84' title="bbox 2218 3240 3795 3324">
     <span class='ocr_line' id='line_1_84' title="bbox 2218 3240 3795 3324; baseline 0.01 -31"><span class='ocrx_word' id='word_1_622' title='bbox 2218 3240 2341 3296; x_wconf 90' lang='lat' dir='ltr'><strong>fecit</strong></span> <span class='ocrx_word' id='word_1_623' title='bbox 2385 3243 2746 3312; x_wconf 88' lang='lat' dir='ltr'><strong>juramentum</strong></span> <span class='ocrx_word' id='word_1_624' title='bbox 2778 3265 2791 3301; x_wconf 94' lang='lat'>:</span> <span class='ocrx_word' id='word_1_625' title='bbox 2824 3247 2963 3317; x_wconf 90' lang='lat' dir='ltr'><strong>quod</strong></span> <span class='ocrx_word' id='word_1_626' title='bbox 3008 3249 3086 3303; x_wconf 87' lang='lat' dir='ltr'><strong>ira</strong></span> <span class='ocrx_word' id='word_1_627' title='bbox 3134 3266 3240 3304; x_wconf 89' lang='lat' dir='ltr'><strong>non</strong></span> <span class='ocrx_word' id='word_1_628' title='bbox 3285 3252 3455 3320; x_wconf 91' lang='lat' dir='ltr'><strong>potuit</strong></span> <span class='ocrx_word' id='word_1_629' title='bbox 3499 3254 3795 3324; x_wconf 84' lang='lat' dir='ltr'><strong>tyrannica,</strong></span> 
     </span>
    </p>
   </div>
   <div class='ocr_carea' id='block_1_85' title="bbox 2217 3331 3800 3414">
    <p class='ocr_par' dir='ltr' id='par_1_85' title="bbox 2217 3331 3800 3414">
     <span class='ocr_line' id='line_1_85' title="bbox 2217 3331 3800 3414; baseline 0.009 -28"><span class='ocrx_word' id='word_1_630' title='bbox 2217 3331 2317 3388; x_wconf 89' lang='lat' dir='ltr'><strong>hoc</strong></span> <span class='ocrx_word' id='word_1_631' title='bbox 2351 3335 2567 3404; x_wconf 87' lang='lat' dir='ltr'><strong>perjurii</strong></span> <span class='ocrx_word' id='word_1_632' title='bbox 2609 3339 2896 3393; x_wconf 87' lang='lat' dir='ltr'><strong>necessitas</strong></span> <span class='ocrx_word' id='word_1_633' title='bbox 2922 3339 3115 3396; x_wconf 77' lang='lat' dir='ltr'><strong>effecit.</strong></span> <span class='ocrx_word' id='word_1_634' title='bbox 3147 3341 3288 3398; x_wconf 88' lang='lat' dir='ltr'><strong>Sane</strong></span> <span class='ocrx_word' id='word_1_635' title='bbox 3317 3344 3525 3414; x_wconf 89' lang='lat' dir='ltr'><strong>quando</strong></span> <span class='ocrx_word' id='word_1_636' title='bbox 3551 3346 3800 3402; x_wconf 91' lang='lat' dir='ltr'><strong>omnibus</strong></span> 
     </span>
    </p>
   </div>
   <div class='ocr_carea' id='block_1_86' title="bbox 2217 3424 3796 3506">
    <p class='ocr_par' dir='ltr' id='par_1_86' title="bbox 2217 3424 3796 3506">
     <span class='ocr_line' id='line_1_86' title="bbox 2217 3424 3796 3506; baseline 0.008 -28"><span class='ocrx_word' id='word_1_637' title='bbox 2217 3424 2425 3493; x_wconf 89' lang='lat' dir='ltr'><strong>publice</strong></span> <span class='ocrx_word' id='word_1_638' title='bbox 2451 3427 2787 3484; x_wconf 90' lang='lat' dir='ltr'><strong>audientibus</strong></span> <span class='ocrx_word' id='word_1_639' title='bbox 2810 3431 3158 3500; x_wconf 85' lang='lat' dir='ltr'><strong>arguebatur,</strong></span> <span class='ocrx_word' id='word_1_640' title='bbox 3188 3433 3601 3504; x_wconf 89' lang='lat' dir='ltr'><strong>increpationem</strong></span> <span class='ocrx_word' id='word_1_641' title='bbox 3632 3452 3796 3506; x_wconf 84' lang='lat' dir='ltr'><strong>gene-</strong></span> 
     </span>
    </p>
   </div>
   <div class='ocr_carea' id='block_1_87' title="bbox 2215 3517 3796 3594">
    <p class='ocr_par' dir='ltr' id='par_1_87' title="bbox 2215 3517 3796 3594">
     <span class='ocr_line' id='line_1_87' title="bbox 2215 3517 3796 3594; baseline 0.008 -25"><span class='ocrx_word' id='word_1_642' title='bbox 2215 3531 2337 3570; x_wconf 89' lang='lat' dir='ltr'><strong>rose</strong></span> <span class='ocrx_word' id='word_1_643' title='bbox 2384 3517 2503 3571; x_wconf 87' lang='lat' dir='ltr'><strong>tulit</strong></span> <span class='ocrx_word' id='word_1_644' title='bbox 2549 3529 2842 3590; x_wconf 89' lang='lat' dir='ltr'><strong>tyrannus;</strong></span> <span class='ocrx_word' id='word_1_645' title='bbox 2892 3536 3012 3576; x_wconf 91' lang='lat' dir='ltr'><strong>cum</strong></span> <span class='ocrx_word' id='word_1_646' title='bbox 3044 3537 3170 3578; x_wconf 87' lang='lat' dir='ltr'><strong>vero</strong></span> <span class='ocrx_word' id='word_1_647' title='bbox 3203 3539 3262 3578; x_wconf 92' lang='lat' dir='ltr'><strong>se</strong></span> <span class='ocrx_word' id='word_1_648' title='bbox 3299 3527 3350 3578; x_wconf 88' lang='lat' dir='ltr'><strong>in</strong></span> <span class='ocrx_word' id='word_1_649' title='bbox 3376 3525 3796 3594; x_wconf 85' lang='lat' dir='ltr'><strong>juramentorum</strong></span> 
     </span>
    </p>
   </div>
   <div class='ocr_carea' id='block_1_88' title="bbox 2215 3609 3794 3687">
    <p class='ocr_par' dir='ltr' id='par_1_88' title="bbox 2215 3609 3794 3687">
     <span class='ocr_line' id='line_1_88' title="bbox 2215 3609 3794 3687; baseline 0.005 -25"><span class='ocrx_word' id='word_1_650' title='bbox 2215 3609 2585 3664; x_wconf 88' lang='lat' dir='ltr'><strong>necessitatem</strong></span> <span class='ocrx_word' id='word_1_651' title='bbox 2614 3611 2808 3682; x_wconf 84' lang='lat' dir='ltr'><strong>adegit,</strong></span> <span class='ocrx_word' id='word_1_652' title='bbox 2839 3622 2965 3669; x_wconf 87' lang='lat' dir='ltr'><strong>tunc</strong></span> <span class='ocrx_word' id='word_1_653' title='bbox 2988 3614 3116 3668; x_wconf 91' lang='lat' dir='ltr'><strong>illud</strong></span> <span class='ocrx_word' id='word_1_654' title='bbox 3141 3615 3348 3669; x_wconf 87' lang='lat' dir='ltr'><strong>beatum</strong></span> <span class='ocrx_word' id='word_1_655' title='bbox 3373 3628 3529 3687; x_wconf 91' lang='lat' dir='ltr'><strong>caput</strong></span> <span class='ocrx_word' id='word_1_656' title='bbox 3553 3619 3794 3672; x_wconf 86' lang='lat' dir='ltr'><strong>abscidit.</strong></span> 
     </span>
    </p>
   </div>
   <div class='ocr_carea' id='block_1_89' title="bbox 2214 3699 3797 3777">
    <p class='ocr_par' dir='ltr' id='par_1_89' title="bbox 2214 3699 3797 3777">
     <span class='ocr_line' id='line_1_89' title="bbox 2214 3699 3797 3777; baseline 0.006 -23"><span class='ocrx_word' id='word_1_657' title='bbox 2214 3699 2327 3755; x_wconf 83' lang='lat' dir='ltr'><strong>Hoc</strong></span> <span class='ocrx_word' id='word_1_658' title='bbox 2355 3700 2528 3771; x_wconf 90' lang='lat' dir='ltr'><strong>ipsum</strong></span> <span class='ocrx_word' id='word_1_659' title='bbox 2557 3701 2717 3772; x_wconf 87' lang='lat' dir='ltr'><strong>igitur</strong></span> <span class='ocrx_word' id='word_1_660' title='bbox 2743 3714 2798 3758; x_wconf 91' lang='lat' dir='ltr'><strong>et</strong></span> <span class='ocrx_word' id='word_1_661' title='bbox 2825 3719 2966 3760; x_wconf 92' lang='lat' dir='ltr'><strong>nunc</strong></span> <span class='ocrx_word' id='word_1_662' title='bbox 3009 3713 3164 3775; x_wconf 86' lang='lat' dir='ltr'><strong>peto,</strong></span> <span class='ocrx_word' id='word_1_663' title='bbox 3211 3716 3266 3761; x_wconf 90' lang='lat' dir='ltr'><strong>et</strong></span> <span class='ocrx_word' id='word_1_664' title='bbox 3301 3717 3480 3777; x_wconf 87' lang='lat' dir='ltr'><strong>petere</strong></span> <span class='ocrx_word' id='word_1_665' title='bbox 3523 3726 3626 3763; x_wconf 92' lang='lat' dir='ltr'><strong>non</strong></span> <span class='ocrx_word' id='word_1_666' title='bbox 3656 3709 3797 3764; x_wconf 88' lang='lat' dir='ltr'><strong>desi-</strong></span> 
     </span>
    </p>
   </div>
   <div class='ocr_carea' id='block_1_90' title="bbox 2215 3797 3797 3872">
    <p class='ocr_par' dir='ltr' id='par_1_90' title="bbox 2215 3797 3797 3872">
     <span class='ocr_line' id='line_1_90' title="bbox 2215 3797 3797 3872; baseline 0.006 -24"><span class='ocrx_word' id='word_1_667' title='bbox 2215 3803 2354 3850; x_wconf 89' lang='lat' dir='ltr'><strong>stam</strong></span> <span class='ocrx_word' id='word_1_668' title='bbox 2373 3837 2389 3862; x_wconf 95' lang='lat'><strong>,</strong></span> <span class='ocrx_word' id='word_1_669' title='bbox 2423 3804 2480 3850; x_wconf 88' lang='lat' dir='ltr'><strong>ut</strong></span> <span class='ocrx_word' id='word_1_670' title='bbox 2505 3811 2837 3867; x_wconf 91' lang='lat' dir='ltr'><strong>quocumque</strong></span> <span class='ocrx_word' id='word_1_671' title='bbox 2866 3797 3153 3855; x_wconf 87' lang='lat' dir='ltr'><strong>abierimus</strong></span> <span class='ocrx_word' id='word_1_672' title='bbox 3173 3841 3185 3861; x_wconf 91' lang='lat'><strong>.</strong></span> <span class='ocrx_word' id='word_1_673' title='bbox 3221 3799 3321 3854; x_wconf 90' lang='lat' dir='ltr'><strong>hoc</strong></span> <span class='ocrx_word' id='word_1_674' title='bbox 3347 3810 3614 3870; x_wconf 83' lang='lat' dir='ltr'><strong>gestantes</strong></span> <span class='ocrx_word' id='word_1_675' title='bbox 3641 3812 3797 3872; x_wconf 84' lang='lat' dir='ltr'><strong>caput</strong></span> 
     </span>
    </p>
   </div>
   <div class='ocr_carea' id='block_1_91' title="bbox 2213 3887 3795 3966">
    <p class='ocr_par' dir='ltr' id='par_1_91' title="bbox 2213 3887 3795 3966">
     <span class='ocr_line' id='line_1_91' title="bbox 2213 3887 3795 3966; baseline 0.006 -26"><span class='ocrx_word' id='word_1_676' title='bbox 2213 3887 2501 3955; x_wconf 90' lang='lat' dir='ltr'><strong>abeamus,</strong></span> <span class='ocrx_word' id='word_1_677' title='bbox 2529 3898 2583 3943; x_wconf 91' lang='lat' dir='ltr'><strong>et</strong></span> <span class='ocrx_word' id='word_1_678' title='bbox 2611 3889 2862 3944; x_wconf 86' lang='lat' dir='ltr'><strong>omnibus</strong></span> <span class='ocrx_word' id='word_1_679' title='bbox 2887 3891 3231 3947; x_wconf 88' lang='lat' dir='ltr'><strong>ostendamus</strong></span> <span class='ocrx_word' id='word_1_680' title='bbox 3273 3894 3511 3949; x_wconf 85' lang='lat' dir='ltr'><strong>clamans</strong></span> <span class='ocrx_word' id='word_1_681' title='bbox 3550 3907 3603 3951; x_wconf 90' lang='lat' dir='ltr'><strong>et</strong></span> <span class='ocrx_word' id='word_1_682' title='bbox 3644 3897 3795 3966; x_wconf 87' lang='lat' dir='ltr'><strong>jura-</strong></span> 
     </span>
    </p>
   </div>
   <div class='ocr_carea' id='block_1_92' title="bbox 2216 3980 3798 4054">
    <p class='ocr_par' dir='ltr' id='par_1_92' title="bbox 2216 3980 3798 4054">
     <span class='ocr_line' id='line_1_92' title="bbox 2216 3980 3798 4054; baseline 0.006 -22"><span class='ocrx_word' id='word_1_683' title='bbox 2216 3987 2391 4033; x_wconf 87' lang='lat' dir='ltr'><strong>menta</strong></span> <span class='ocrx_word' id='word_1_684' title='bbox 2437 3980 2767 4052; x_wconf 84' lang='lat' dir='ltr'><strong>vituperans.</strong></span> <span class='ocrx_word' id='word_1_685' title='bbox 2831 3981 3082 4049; x_wconf 87' lang='lat' dir='ltr'><strong>Quamvis</strong></span> <span class='ocrx_word' id='word_1_686' title='bbox 3138 3998 3370 4054; x_wconf 88' lang='lat' dir='ltr'><strong>namque</strong></span> <span class='ocrx_word' id='word_1_687' title='bbox 3423 3985 3578 4040; x_wconf 89' lang='lat' dir='ltr'><strong>valde</strong></span> <span class='ocrx_word' id='word_1_688' title='bbox 3628 3986 3798 4041; x_wconf 87' lang='lat' dir='ltr'><strong>simus</strong></span> 
     </span>
    </p>
   </div>
   <div class='ocr_carea' id='block_1_93' title="bbox 2215 4069 3794 4144">
    <p class='ocr_par' dir='ltr' id='par_1_93' title="bbox 2215 4069 3794 4144">
     <span class='ocr_line' id='line_1_93' title="bbox 2215 4069 3794 4144; baseline 0.007 -23"><span class='ocrx_word' id='word_1_689' title='bbox 2215 4069 2386 4138; x_wconf 87' lang='lat' dir='ltr'><strong>ignavi</strong></span> <span class='ocrx_word' id='word_1_690' title='bbox 2433 4077 2488 4124; x_wconf 90' lang='lat' dir='ltr'><strong>et</strong></span> <span class='ocrx_word' id='word_1_691' title='bbox 2535 4071 2900 4141; x_wconf 86' lang='lat' dir='ltr'><strong>negligentes,</strong></span> <span class='ocrx_word' id='word_1_692' title='bbox 2949 4073 3138 4143; x_wconf 90' lang='lat' dir='ltr'><strong>capitis</strong></span> <span class='ocrx_word' id='word_1_693' title='bbox 3185 4074 3325 4131; x_wconf 91' lang='lat' dir='ltr'><strong>illius</strong></span> <span class='ocrx_word' id='word_1_694' title='bbox 3367 4077 3551 4131; x_wconf 91' lang='lat' dir='ltr'><strong>oculos</strong></span> <span class='ocrx_word' id='word_1_695' title='bbox 3596 4077 3794 4144; x_wconf 88' lang='lat' dir='ltr'><strong>intuiti,</strong></span> 
     </span>
    </p>
   </div>
   <div class='ocr_carea' id='block_1_94' title="bbox 2215 4161 3793 4237">
    <p class='ocr_par' dir='ltr' id='par_1_94' title="bbox 2215 4161 3793 4237">
     <span class='ocr_line' id='line_1_94' title="bbox 2215 4161 3793 4237; baseline 0.006 -25"><span class='ocrx_word' id='word_1_696' title='bbox 2215 4161 2520 4215; x_wconf 87' lang='lat' dir='ltr'><strong>terribiliter</strong></span> <span class='ocrx_word' id='word_1_697' title='bbox 2562 4176 2659 4216; x_wconf 93' lang='lat' dir='ltr'><strong>nos</strong></span> <span class='ocrx_word' id='word_1_698' title='bbox 2690 4163 3035 4232; x_wconf 89' lang='lat' dir='ltr'><strong>respicientes</strong></span> <span class='ocrx_word' id='word_1_699' title='bbox 3058 4206 3073 4231; x_wconf 91' lang='lat'><strong>,</strong></span> <span class='ocrx_word' id='word_1_700' title='bbox 3105 4173 3158 4220; x_wconf 89' lang='lat' dir='ltr'><strong>et</strong></span> <span class='ocrx_word' id='word_1_701' title='bbox 3186 4165 3448 4220; x_wconf 84' lang='lat' dir='ltr'><strong>minantes</strong></span> <span class='ocrx_word' id='word_1_702' title='bbox 3470 4167 3793 4237; x_wconf 70' lang='lat' dir='ltr'><strong>iurantibus,</strong></span> 
     </span>
    </p>
   </div>
   <div class='ocr_carea' id='block_1_95' title="bbox 2212 4252 3792 4330">
    <p class='ocr_par' dir='ltr' id='par_1_95' title="bbox 2212 4252 3792 4330">
     <span class='ocr_line' id='line_1_95' title="bbox 2212 4252 3792 4330; baseline 0.006 -24"><span class='ocrx_word' id='word_1_703' title='bbox 2212 4252 2366 4309; x_wconf 88' lang='lat' dir='ltr'><strong>freno</strong></span> <span class='ocrx_word' id='word_1_704' title='bbox 2390 4255 2535 4309; x_wconf 90' lang='lat' dir='ltr'><strong>omni</strong></span> <span class='ocrx_word' id='word_1_705' title='bbox 2563 4254 2932 4311; x_wconf 88' lang='lat' dir='ltr'><strong>vehementius</strong></span> <span class='ocrx_word' id='word_1_706' title='bbox 2971 4272 3065 4326; x_wconf 88' lang='lat' dir='ltr'><strong>per</strong></span> <span class='ocrx_word' id='word_1_707' title='bbox 3093 4259 3335 4314; x_wconf 90' lang='lat' dir='ltr'><strong>timorem</strong></span> <span class='ocrx_word' id='word_1_708' title='bbox 3365 4259 3666 4330; x_wconf 89' lang='lat' dir='ltr'><strong>hujusmodi</strong></span> <span class='ocrx_word' id='word_1_709' title='bbox 3705 4278 3792 4316; x_wconf 87' lang='lat' dir='ltr'><strong>re-</strong></span> 
     </span>
    </p>
   </div>
   <div class='ocr_carea' id='block_1_96' title="bbox 2214 4347 3794 4424">
    <p class='ocr_par' dir='ltr' id='par_1_96' title="bbox 2214 4347 3794 4424">
     <span class='ocr_line' id='line_1_96' title="bbox 2214 4347 3794 4424; baseline 0.005 -25"><span class='ocrx_word' id='word_1_710' title='bbox 2214 4348 2381 4415; x_wconf 89' lang='lat' dir='ltr'><strong>pressi</strong></span> <span class='ocrx_word' id='word_1_711' title='bbox 2407 4388 2422 4410; x_wconf 92' lang='lat'><strong>,</strong></span> <span class='ocrx_word' id='word_1_712' title='bbox 2449 4347 2700 4403; x_wconf 87' lang='lat' dir='ltr'><strong>cohibere</strong></span> <span class='ocrx_word' id='word_1_713' title='bbox 2723 4359 2776 4402; x_wconf 88' lang='lat' dir='ltr'><strong>et</strong></span> <span class='ocrx_word' id='word_1_714' title='bbox 2800 4359 3040 4406; x_wconf 90' lang='lat' dir='ltr'><strong>avertere</strong></span> <span class='ocrx_word' id='word_1_715' title='bbox 3068 4350 3220 4406; x_wconf 88' lang='lat' dir='ltr'><strong>facile</strong></span> <span class='ocrx_word' id='word_1_716' title='bbox 3247 4352 3536 4421; x_wconf 84' lang='lat' dir='ltr'><strong>poterimus</strong></span> <span class='ocrx_word' id='word_1_717' title='bbox 3563 4353 3794 4424; x_wconf 89' lang='lat' dir='ltr'><strong>linguam</strong></span> 
     </span>
    </p>
   </div>
   <div class='ocr_carea' id='block_1_97' title="bbox 2210 4437 3794 4508">
    <p class='ocr_par' dir='ltr' id='par_1_97' title="bbox 2210 4437 3794 4508">
     <span class='ocr_line' id='line_1_97' title="bbox 2210 4437 3794 4508; baseline 0.005 -17"><span class='ocrx_word' id='word_1_718' title='bbox 2210 4452 2239 4490; x_wconf 89' lang='lat' dir='ltr'><strong>a</strong></span> <span class='ocrx_word' id='word_1_719' title='bbox 2265 4437 2477 4506; x_wconf 89' lang='lat' dir='ltr'><strong>jurandi</strong></span> <span class='ocrx_word' id='word_1_720' title='bbox 2507 4440 2817 4508; x_wconf 56' lang='lat' dir='ltr'><strong>praecipitio.</strong></span> <span class='ocrx_word' id='word_1_721' title='bbox 2849 4440 2957 4495; x_wconf 87' lang='lat' dir='ltr'><strong>Nec</strong></span> <span class='ocrx_word' id='word_1_722' title='bbox 2984 4443 3124 4496; x_wconf 89' lang='lat' dir='ltr'><strong>enim</strong></span> <span class='ocrx_word' id='word_1_723' title='bbox 3153 4441 3254 4496; x_wconf 87' lang='lat' dir='ltr'><strong>hoc</strong></span> <span class='ocrx_word' id='word_1_724' title='bbox 3283 4443 3452 4497; x_wconf 91' lang='lat' dir='ltr'><strong>solum</strong></span> <span class='ocrx_word' id='word_1_725' title='bbox 3481 4443 3640 4499; x_wconf 90' lang='lat' dir='ltr'><strong>habet</strong></span> <span class='ocrx_word' id='word_1_726' title='bbox 3669 4447 3794 4500; x_wconf 89' lang='lat' dir='ltr'><strong>mali</strong></span> 
     </span>
    </p>
   </div>
   <div class='ocr_carea' id='block_1_98' title="bbox 2205 4527 3796 4604">
    <p class='ocr_par' dir='ltr' id='par_1_98' title="bbox 2205 4527 3796 4604">
     <span class='ocr_line' id='line_1_98' title="bbox 2205 4527 3796 4604; baseline 0.006 -23"><span class='ocrx_word' id='word_1_727' title='bbox 2205 4527 2588 4596; x_wconf 88' lang='lat' dir='ltr'><strong>juramentum,</strong></span> <span class='ocrx_word' id='word_1_728' title='bbox 2635 4530 2774 4600; x_wconf 88' lang='lat' dir='ltr'><strong>quod</strong></span> <span class='ocrx_word' id='word_1_729' title='bbox 2801 4541 2854 4585; x_wconf 93' lang='lat' dir='ltr'><strong>et</strong></span> <span class='ocrx_word' id='word_1_730' title='bbox 2882 4541 3194 4587; x_wconf 88' lang='lat' dir='ltr'><strong>temeratum</strong></span> <span class='ocrx_word' id='word_1_731' title='bbox 3223 4542 3278 4588; x_wconf 93' lang='lat' dir='ltr'><strong>et</strong></span> <span class='ocrx_word' id='word_1_732' title='bbox 3302 4545 3566 4589; x_wconf 87' lang='lat' dir='ltr'><strong>servatum</strong></span> <span class='ocrx_word' id='word_1_733' title='bbox 3591 4536 3796 4604; x_wconf 87' lang='lat' dir='ltr'><strong>juratos</strong></span> 
     </span>
    </p>
   </div>
   <div class='ocr_carea' id='block_1_99' title="bbox 2214 4620 3796 4694">
    <p class='ocr_par' dir='ltr' id='par_1_99' title="bbox 2214 4620 3796 4694">
     <span class='ocr_line' id='line_1_99' title="bbox 2214 4620 3796 4694; baseline 0.004 -20"><span class='ocrx_word' id='word_1_734' title='bbox 2214 4636 2386 4689; x_wconf 63' lang='lat' dir='ltr'><strong>poenae</strong></span> <span class='ocrx_word' id='word_1_735' title='bbox 2412 4620 2570 4675; x_wconf 88' lang='lat' dir='ltr'><strong>faciat</strong></span> <span class='ocrx_word' id='word_1_736' title='bbox 2593 4622 2875 4690; x_wconf 85' lang='lat' dir='ltr'><strong>obnoxios,</strong></span> <span class='ocrx_word' id='word_1_737' title='bbox 2907 4623 3048 4693; x_wconf 88' lang='lat' dir='ltr'><strong>quod</strong></span> <span class='ocrx_word' id='word_1_738' title='bbox 3079 4625 3130 4678; x_wconf 90' lang='lat' dir='ltr'><strong>in</strong></span> <span class='ocrx_word' id='word_1_739' title='bbox 3156 4626 3303 4679; x_wconf 92' lang='lat' dir='ltr'><strong>nullo</strong></span> <span class='ocrx_word' id='word_1_740' title='bbox 3325 4637 3663 4694; x_wconf 87' lang='lat' dir='ltr'><strong>peccatorum</strong></span> <span class='ocrx_word' id='word_1_741' title='bbox 3689 4627 3796 4680; x_wconf 89' lang='lat' dir='ltr'><strong>alio</strong></span> 
     </span>
    </p>
   </div>
   <div class='ocr_carea' id='block_1_100' title="bbox 2209 4713 3795 4784">
    <p class='ocr_par' dir='ltr' id='par_1_100' title="bbox 2209 4713 3795 4784">
     <span class='ocr_line' id='line_1_100' title="bbox 2209 4713 3795 4784; baseline 0.004 -19"><span class='ocrx_word' id='word_1_742' title='bbox 2209 4713 2452 4767; x_wconf 87' lang='lat' dir='ltr'><strong>accidere</strong></span> <span class='ocrx_word' id='word_1_743' title='bbox 2475 4714 2734 4784; x_wconf 89' lang='lat' dir='ltr'><strong>quispiam</strong></span> <span class='ocrx_word' id='word_1_744' title='bbox 2762 4713 2905 4769; x_wconf 89' lang='lat' dir='ltr'><strong>videt</strong></span> <span class='ocrx_word' id='word_1_745' title='bbox 2928 4731 2942 4780; x_wconf 90' lang='lat'><strong>;</strong></span> <span class='ocrx_word' id='word_1_746' title='bbox 2975 4715 3068 4769; x_wconf 91' lang='lat' dir='ltr'><strong>sed</strong></span> <span class='ocrx_word' id='word_1_747' title='bbox 3093 4726 3150 4770; x_wconf 91' lang='lat' dir='ltr'><strong>et</strong></span> <span class='ocrx_word' id='word_1_748' title='bbox 3175 4715 3319 4770; x_wconf 92' lang='lat' dir='ltr'><strong>aliud</strong></span> <span class='ocrx_word' id='word_1_749' title='bbox 3347 4732 3451 4770; x_wconf 91' lang='lat' dir='ltr'><strong>non</strong></span> <span class='ocrx_word' id='word_1_750' title='bbox 3489 4719 3666 4772; x_wconf 91' lang='lat' dir='ltr'><strong>minus</strong></span> <span class='ocrx_word' id='word_1_751' title='bbox 3692 4718 3795 4771; x_wconf 90' lang='lat' dir='ltr'><strong>isto</strong></span> 
     </span>
    </p>
   </div>
   <div class='ocr_carea' id='block_1_101' title="bbox 2212 4803 3794 4880">
    <p class='ocr_par' dir='ltr' id='par_1_101' title="bbox 2212 4803 3794 4880">
     <span class='ocr_line' id='line_1_101' title="bbox 2212 4803 3794 4880; baseline 0.006 -24"><span class='ocrx_word' id='word_1_752' title='bbox 2212 4804 2430 4858; x_wconf 91' lang='lat' dir='ltr'><strong>malum.</strong></span> <span class='ocrx_word' id='word_1_753' title='bbox 2459 4803 2594 4872; x_wconf 88' lang='lat' dir='ltr'><strong>Quid</strong></span> <span class='ocrx_word' id='word_1_754' title='bbox 2619 4813 2797 4861; x_wconf 88' lang='lat' dir='ltr'><strong>autem</strong></span> <span class='ocrx_word' id='word_1_755' title='bbox 2821 4807 2921 4861; x_wconf 91' lang='lat' dir='ltr'><strong>hoc</strong></span> <span class='ocrx_word' id='word_1_756' title='bbox 2949 4808 3073 4862; x_wconf 88' lang='lat' dir='ltr'><strong>est?</strong></span> <span class='ocrx_word' id='word_1_757' title='bbox 3100 4807 3250 4878; x_wconf 89' lang='lat' dir='ltr'><strong>Quod</strong></span> <span class='ocrx_word' id='word_1_758' title='bbox 3275 4824 3447 4880; x_wconf 88' lang='lat' dir='ltr'><strong>neque</strong></span> <span class='ocrx_word' id='word_1_759' title='bbox 3471 4811 3794 4877; x_wconf 86' lang='lat' dir='ltr'><strong>volentibus,</strong></span> 
     </span>
    </p>
   </div>
   <div class='ocr_carea' id='block_1_102' title="bbox 2211 4897 3792 4973">
    <p class='ocr_par' dir='ltr' id='par_1_102' title="bbox 2211 4897 3792 4973">
     <span class='ocr_line' id='line_1_102' title="bbox 2211 4897 3792 4973; baseline 0.004 -23"><span class='ocrx_word' id='word_1_760' title='bbox 2211 4911 2385 4968; x_wconf 88' lang='lat' dir='ltr'><strong>neque</strong></span> <span class='ocrx_word' id='word_1_761' title='bbox 2413 4897 2746 4953; x_wconf 90' lang='lat' dir='ltr'><strong>studentibus</strong></span> <span class='ocrx_word' id='word_1_762' title='bbox 2773 4900 2968 4969; x_wconf 62' lang='lat' dir='ltr'><strong>saepius</strong></span> <span class='ocrx_word' id='word_1_763' title='bbox 3014 4901 3268 4970; x_wconf 89' lang='lat' dir='ltr'><strong>possibile</strong></span> <span class='ocrx_word' id='word_1_764' title='bbox 3307 4903 3374 4956; x_wconf 89' lang='lat' dir='ltr'><strong>sit</strong></span> <span class='ocrx_word' id='word_1_765' title='bbox 3415 4903 3552 4959; x_wconf 88' lang='lat' dir='ltr'><strong>bene</strong></span> <span class='ocrx_word' id='word_1_766' title='bbox 3588 4905 3792 4973; x_wconf 78' lang='lat' dir='ltr'><strong>iurare.</strong></span> 
     </span>
    </p>
   </div>
   <div class='ocr_carea' id='block_1_103' title="bbox 2210 4988 3792 5061">
    <p class='ocr_par' dir='ltr' id='par_1_103' title="bbox 2210 4988 3792 5061">
     <span class='ocr_line' id='line_1_103' title="bbox 2210 4988 3792 5061; baseline 0.004 -18"><span class='ocrx_word' id='word_1_767' title='bbox 2210 4988 2390 5043; x_wconf 79' lang='lat' dir='ltr'><strong>Primo</strong></span> <span class='ocrx_word' id='word_1_768' title='bbox 2435 4991 2554 5058; x_wconf 89' lang='lat' dir='ltr'><strong>quia</strong></span> <span class='ocrx_word' id='word_1_769' title='bbox 2595 4988 2899 5060; x_wconf 84' lang='lat' dir='ltr'><strong>frequenter</strong></span> <span class='ocrx_word' id='word_1_770' title='bbox 2919 4991 3125 5060; x_wconf 88' lang='lat' dir='ltr'><strong>jurans,</strong></span> <span class='ocrx_word' id='word_1_771' title='bbox 3155 5001 3210 5046; x_wconf 89' lang='lat' dir='ltr'><strong>et</strong></span> <span class='ocrx_word' id='word_1_772' title='bbox 3246 4993 3429 5047; x_wconf 87' lang='lat' dir='ltr'><strong>volens</strong></span> <span class='ocrx_word' id='word_1_773' title='bbox 3480 5005 3535 5049; x_wconf 88' lang='lat' dir='ltr'><strong>et</strong></span> <span class='ocrx_word' id='word_1_774' title='bbox 3575 4994 3792 5061; x_wconf 85' lang='lat' dir='ltr'><strong>invitus,</strong></span> 
     </span>
    </p>
   </div>
   <div class='ocr_carea' id='block_1_104' title="bbox 2209 5083 3796 5158">
    <p class='ocr_par' dir='ltr' id='par_1_104' title="bbox 2209 5083 3796 5158">
     <span class='ocr_line' id='line_1_104' title="bbox 2209 5083 3796 5158; baseline 0.004 -22"><span class='ocrx_word' id='word_1_775' title='bbox 2209 5090 2264 5136; x_wconf 90' lang='lat' dir='ltr'><strong>et</strong></span> <span class='ocrx_word' id='word_1_776' title='bbox 2291 5083 2533 5137; x_wconf 90' lang='lat' dir='ltr'><strong>nesciens</strong></span> <span class='ocrx_word' id='word_1_777' title='bbox 2560 5092 2614 5136; x_wconf 90' lang='lat' dir='ltr'><strong>et</strong></span> <span class='ocrx_word' id='word_1_778' title='bbox 2638 5083 2834 5150; x_wconf 86' lang='lat' dir='ltr'><strong>sciens,</strong></span> <span class='ocrx_word' id='word_1_779' title='bbox 2862 5091 2916 5139; x_wconf 89' lang='lat' dir='ltr'><strong>et</strong></span> <span class='ocrx_word' id='word_1_780' title='bbox 2946 5086 3086 5140; x_wconf 91' lang='lat' dir='ltr'><strong>serio</strong></span> <span class='ocrx_word' id='word_1_781' title='bbox 3105 5093 3159 5140; x_wconf 90' lang='lat' dir='ltr'><strong>et</strong></span> <span class='ocrx_word' id='word_1_782' title='bbox 3183 5085 3328 5154; x_wconf 87' lang='lat' dir='ltr'><strong>joco,</strong></span> <span class='ocrx_word' id='word_1_783' title='bbox 3351 5093 3408 5140; x_wconf 88' lang='lat' dir='ltr'><strong>et</strong></span> <span class='ocrx_word' id='word_1_784' title='bbox 3446 5085 3514 5140; x_wconf 91' lang='lat' dir='ltr'><strong>ab</strong></span> <span class='ocrx_word' id='word_1_785' title='bbox 3534 5088 3612 5142; x_wconf 90' lang='lat' dir='ltr'><strong>ira</strong></span> <span class='ocrx_word' id='word_1_786' title='bbox 3652 5103 3796 5158; x_wconf 64' lang='lat' dir='ltr'><strong>saepe</strong></span> 
     </span>
    </p>
   </div>
   <div class='ocr_carea' id='block_1_105' title="bbox 2208 5171 3793 5249">
    <p class='ocr_par' dir='ltr' id='par_1_105' title="bbox 2208 5171 3793 5249">
     <span class='ocr_line' id='line_1_105' title="bbox 2208 5171 3793 5249; baseline 0.003 -21"><span class='ocrx_word' id='word_1_787' title='bbox 2208 5171 2380 5228; x_wconf 88' lang='lat' dir='ltr'><strong>elatus</strong></span> <span class='ocrx_word' id='word_1_788' title='bbox 2400 5181 2454 5228; x_wconf 89' lang='lat' dir='ltr'><strong>et</strong></span> <span class='ocrx_word' id='word_1_789' title='bbox 2481 5188 2512 5228; x_wconf 86' lang='lat' dir='ltr'><strong>a</strong></span> <span class='ocrx_word' id='word_1_790' title='bbox 2540 5174 2726 5229; x_wconf 84' lang='lat' dir='ltr'><strong>multis</strong></span> <span class='ocrx_word' id='word_1_791' title='bbox 2742 5174 2884 5241; x_wconf 90' lang='lat' dir='ltr'><strong>aliis,</strong></span> <span class='ocrx_word' id='word_1_792' title='bbox 2909 5176 3128 5232; x_wconf 90' lang='lat' dir='ltr'><strong>omnino</strong></span> <span class='ocrx_word' id='word_1_793' title='bbox 3154 5176 3436 5249; x_wconf 89' lang='lat' dir='ltr'><strong>pejerabit.</strong></span> <span class='ocrx_word' id='word_1_794' title='bbox 3469 5178 3536 5232; x_wconf 88' lang='lat' dir='ltr'><strong>Et</strong></span> <span class='ocrx_word' id='word_1_795' title='bbox 3561 5179 3644 5234; x_wconf 89' lang='lat' dir='ltr'><strong>his</strong></span> <span class='ocrx_word' id='word_1_796' title='bbox 3665 5195 3793 5234; x_wconf 88' lang='lat' dir='ltr'><strong>con-</strong></span> 
     </span>
    </p>
   </div>
   <div class='ocr_carea' id='block_1_106' title="bbox 2210 5264 3794 5338">
    <p class='ocr_par' dir='ltr' id='par_1_106' title="bbox 2210 5264 3794 5338">
     <span class='ocr_line' id='line_1_106' title="bbox 2210 5264 3794 5338; baseline 0.005 -20"><span class='ocrx_word' id='word_1_797' title='bbox 2210 5264 2432 5320; x_wconf 89' lang='lat' dir='ltr'><strong>tradicet</strong></span> <span class='ocrx_word' id='word_1_798' title='bbox 2474 5280 2629 5319; x_wconf 91' lang='lat' dir='ltr'><strong>nemo</strong></span> <span class='ocrx_word' id='word_1_799' title='bbox 2671 5281 2885 5335; x_wconf 86' lang='lat' dir='ltr'><strong>:usque</strong></span> <span class='ocrx_word' id='word_1_800' title='bbox 2928 5266 3065 5322; x_wconf 91' lang='lat' dir='ltr'><strong>adeo</strong></span> <span class='ocrx_word' id='word_1_801' title='bbox 3112 5268 3325 5338; x_wconf 91' lang='lat' dir='ltr'><strong>planum</strong></span> <span class='ocrx_word' id='word_1_802' title='bbox 3371 5277 3426 5324; x_wconf 86' lang='lat' dir='ltr'><strong>et</strong></span> <span class='ocrx_word' id='word_1_803' title='bbox 3451 5268 3794 5326; x_wconf 87' lang='lat' dir='ltr'><strong>manifestum</strong></span> 
     </span>
    </p>
   </div>
   <div class='ocr_carea' id='block_1_107' title="bbox 2207 5355 3795 5430">
    <p class='ocr_par' dir='ltr' id='par_1_107' title="bbox 2207 5355 3795 5430">
     <span class='ocr_line' id='line_1_107' title="bbox 2207 5355 3795 5430; baseline 0.003 -19"><span class='ocrx_word' id='word_1_804' title='bbox 2207 5365 2321 5424; x_wconf 91' lang='lat' dir='ltr'><strong>est,</strong></span> <span class='ocrx_word' id='word_1_805' title='bbox 2350 5355 2491 5427; x_wconf 92' lang='lat' dir='ltr'><strong>quod</strong></span> <span class='ocrx_word' id='word_1_806' title='bbox 2519 5357 2743 5412; x_wconf 81' lang='lat' dir='ltr'><strong>multum</strong></span> <span class='ocrx_word' id='word_1_807' title='bbox 2768 5357 3035 5428; x_wconf 73' lang='lat' dir='ltr'><strong>iurantem</strong></span> <span class='ocrx_word' id='word_1_808' title='bbox 3055 5401 3071 5426; x_wconf 93' lang='lat'><strong>,</strong></span> <span class='ocrx_word' id='word_1_809' title='bbox 3102 5359 3374 5430; x_wconf 89' lang='lat' dir='ltr'><strong>perjurum</strong></span> <span class='ocrx_word' id='word_1_810' title='bbox 3403 5376 3522 5418; x_wconf 89' lang='lat' dir='ltr'><strong>esse</strong></span> <span class='ocrx_word' id='word_1_811' title='bbox 3547 5377 3795 5418; x_wconf 83' lang='lat' dir='ltr'><strong>necessa-</strong></span> 
     </span>
    </p>
   </div>
   <div class='ocr_carea' id='block_1_108' title="bbox 2272 5532 3794 5597">
    <p class='ocr_par' dir='ltr' id='par_1_108' title="bbox 2272 5532 3794 5597">
     <span class='ocr_line' id='line_1_108' title="bbox 2272 5532 3794 5597; baseline -0.001 -15"><span class='ocrx_word' id='word_1_812' title='bbox 2272 5536 2287 5565; x_wconf 85' lang='grc'>¹</span> <span class='ocrx_word' id='word_1_813' title='bbox 2323 5541 2577 5597; x_wconf 38' lang='grc' dir='ltr'><strong>δθντροει,</strong></span> <span class='ocrx_word' id='word_1_814' title='bbox 2595 5533 2917 5597; x_wconf 75' lang='lat' dir='ltr'><strong>projicientes,</strong></span> <span class='ocrx_word' id='word_1_815' title='bbox 2940 5533 3011 5583; x_wconf 89' lang='lat' dir='ltr'><strong>sic</strong></span> <span class='ocrx_word' id='word_1_816' title='bbox 3033 5532 3184 5597; x_wconf 83' lang='lat' dir='ltr'><strong>habet</strong></span> <span class='ocrx_word' id='word_1_817' title='bbox 3194 5546 3215 5597; x_wconf 19' lang='lat'><strong>4:</strong></span> <span class='ocrx_word' id='word_1_818' title='bbox 3236 5541 3508 5597; x_wconf 54' lang='lat' dir='ltr'><strong>maneamus</strong></span> <span class='ocrx_word' id='word_1_819' title='bbox 3529 5546 3619 5597; x_wconf 86' lang='lat' dir='ltr'><strong>pro</strong></span> <span class='ocrx_word' id='word_1_820' title='bbox 3641 5534 3794 5582; x_wconf 73' lang='lat' dir='ltr'><strong>omni-</strong></span> 
     </span>
    </p>
   </div>
   <div class='ocr_carea' id='block_1_109' title="bbox 2207 5594 3793 5666">
    <p class='ocr_par' dir='ltr' id='par_1_109' title="bbox 2207 5594 3793 5666">
     <span class='ocr_line' id='line_1_109' title="bbox 2207 5594 3793 5666; baseline -0.001 -21"><span class='ocrx_word' id='word_1_821' title='bbox 2207 5594 2524 5666; x_wconf 60' lang='lat' dir='ltr'><strong>b_iw_gi&#39;auasn</strong></span> <span class='ocrx_word' id='word_1_822' title='bbox 2546 5594 2770 5657; x_wconf 72' lang='lat' dir='ltr'><strong>agentes;</strong></span> <span class='ocrx_word' id='word_1_823' title='bbox 2792 5601 2839 5644; x_wconf 89' lang='lat' dir='ltr'><strong>et</strong></span> <span class='ocrx_word' id='word_1_824' title='bbox 2861 5595 2950 5666; x_wconf 78' lang='lat' dir='ltr'><strong>hoc</strong></span> <span class='ocrx_word' id='word_1_825' title='bbox 2967 5596 3162 5666; x_wconf 71' lang='lat' dir='ltr'><strong>quidem</strong></span> <span class='ocrx_word' id='word_1_826' title='bbox 3185 5594 3280 5666; x_wconf 73' lang='lat' dir='ltr'><strong>ipsi</strong></span> <span class='ocrx_word' id='word_1_827' title='bbox 3303 5594 3793 5666; x_wconf 42' lang='lat' dir='ltr'><strong>faciente-s’nunqumn</strong></span> 
     </span>
    </p>
   </div>
   <div class='ocr_carea' id='block_1_110' title="bbox 2207 5657 3791 5721">
    <p class='ocr_par' dir='ltr' id='par_1_110' title="bbox 2207 5657 3791 5721">
     <span class='ocr_line' id='line_1_110' title="bbox 2207 5657 3791 5721; baseline 0.001 -15"><span class='ocrx_word' id='word_1_828' title='bbox 2207 5657 2474 5721; x_wconf 69' lang='lat' dir='ltr'><strong>desinatis;</strong></span> <span class='ocrx_word' id='word_1_829' title='bbox 2496 5669 2716 5721; x_wconf 7' lang='lat' dir='ltr'><strong>egogvero</strong></span> <span class='ocrx_word' id='word_1_830' title='bbox 2738 5663 2962 5721; x_wconf 72' lang='lat' dir='ltr'><strong>consueta</strong></span> <span class='ocrx_word' id='word_1_831' title='bbox 2983 5657 3217 5721; x_wconf 82' lang='lat' dir='ltr'><strong>attingam</strong></span> <span class='ocrx_word' id='word_1_832' title='bbox 3240 5657 3414 5708; x_wconf 85' lang='lat' dir='ltr'><strong>iterum</strong></span> <span class='ocrx_word' id='word_1_833' title='bbox 3437 5657 3718 5721; x_wconf 55' lang='lat' dir='ltr'><strong>solitamque</strong></span> <span class='ocrx_word' id='word_1_834' title='bbox 3742 5657 3791 5707; x_wconf 71' lang='lat' dir='ltr'><strong>in</strong></span> 
     </span>
    </p>
   </div>
   <div class='ocr_carea' id='block_1_111' title="bbox 2207 5718 3015 5783">
    <p class='ocr_par' dir='ltr' id='par_1_111' title="bbox 2207 5718 3015 5783">
     <span class='ocr_line' id='line_1_111' title="bbox 2207 5718 3015 5783; baseline -0.002 -13"><span class='ocrx_word' id='word_1_835' title='bbox 2207 5719 2421 5772; x_wconf 84' lang='lat' dir='ltr'><strong>medium</strong></span> <span class='ocrx_word' id='word_1_836' title='bbox 2444 5718 2712 5770; x_wconf 83' lang='lat' dir='ltr'><strong>doctrinam</strong></span> <span class='ocrx_word' id='word_1_837' title='bbox 2734 5718 3015 5783; x_wconf 85' lang='lat' dir='ltr'><strong>producam.</strong></span> 
     </span>
    </p>
   </div>
  </div>
