4112 6388
347 337 450 392 1ίῦ

350 470 434 505 εον
478 451 680 522 ἀρετῆς
708 453 940 522 ἥκοντας
973 453 1071 504 οὐκ
1119 451 1222 521 ἔφη
1263 465 1288 492 ει
1322 452 1584 505 δύνασθαί
1625 470 1673 506 τι
1714 452 1840 515 τοὺς
1880 452 2012 504 Ἰου-

342 540 522 602 δαίους
550 539 874 608 ὠφελήσειν,
897 539 983 592 διὰ
1007 540 1066 591 τὸ
1094 540 1261 611 πολλῇ
1291 540 1530 612 ῥᾳθυμίᾳ
1552 540 1748 603 αὐτοὺς
1770 539 2012 604 ἐκείνους

342 628 645 698 ἐκδοθῆναι.
691 627 842 679 Ἐπεὶ
875 622 966 680 οὖν
1006 628 1116 680 ἀπὸ
1144 629 1251 682 τῶν
1303 627 1519 681 οἰκείων
1569 627 1745 699 ἔργων
1792 626 2014 691 κολαζό-

345 717 484 786 μεθα
516 719 609 770 καὶ
645 715 958 786 σωζόμεθα,
1012 717 1403 785 σπουδάσωμεν
1426 755 1441 779 ,
1488 715 1790 787 παρακαλῶ
1813 755 1828 778 ,
1874 713 2022 785 μετὰ¹

397 839 421 909 '_
439 840 533 890 Alii
557 843 644 889 οὐκ
667 843 828 904 ἐφῆκε,
855 847 906 888 et
929 843 991 909 ita
1009 840 1207 909 ridetur
1227 841 1411 902 legisse
1432 839 1710 889 Bernardus
1732 839 2012 896 Brixianus,

338 904 424 963 qui
449 911 685 964 verterat,
707 917 800 952 non
820 904 1052 965 permisit.

1335 333 1426 388 AD
1463 334 1792 391 POPULUM
1827 333 2328 390 ANTIOCHENUM
2365 333 2600 391 llOMlL.
2643 336 2779 391 XIV.

3669 341 3764 400 ιιι

2105 452 2214 506 τῶν
2241 451 2414 506 ἀλλων
2440 453 2694 506 ἁπάντων
2739 453 2834 507 καὶ
2868 453 3071 526 ταύτην
3105 455 3458 527 ἐκπληρῶσαι
3500 457 3596 528 τὴν
3626 461 3778 512 ἐντο-

2106 539 2205 612 λὴν
2231 579 2244 604 ,
2285 540 2374 594 ἵνα
2422 540 2559 610 μετὰ
2591 545 2836 614 χρηστῆς
2883 542 3098 606 ἐλπίδος
3143 545 3391 598 ἐντεῦθεν
3430 546 3776 611 ἀπελθόντες,

2105 627 2358 699 τύχωμεν
2384 627 2492 681 τῶν
2525 629 2952 701 ἐπηγγελμένων
2981 631 3225 699 ἀγαθῶν,
3252 634 3433 705 χάριτι
3466 635 3560 687 καὶ
3593 635 3782 703 φιλαν-

2106 715 2322 786 θρωπίᾳ
2351 716 2446 769 τοῦ
2481 717 2688 787 Κυρίου
2738 717 2893 788 ἡμῶν
2939 719 3114 789 Ἰησοῦ
3150 721 3388 792 Χριστοῦ
3415 765 3429 789 ,
3481 723 3548 776 δι’
3591 718 3652 777 οῦ
3683 720 3779 777 καὶ

2107 801 2225 870 μεθ’
2253 795 2316 854 οῦ
2345 802 2424 873 τῷ
2452 803 2630 872 Πατρὶ
2657 805 2690 874 ἡ
2734 804 2860 870 δόξα
2895 807 3011 876 ἅμα
3053 805 3132 877 τῷ
3161 809 3303 878 ἁγίῳ
3355 810 3657 879 Πνεύματι,
3683 808 3778 862 νῦν

2107 887 2199 940 καὶ⁵
2227 889 2314 941 ἀεὶ
2346 889 2442 942 καὶ
2471 892 2553 954 εἰς
2580 891 2707 954 τοὺς
2735 891 2940 957 αἰῶνας
2969 893 3081 947 τῶν
3112 894 3342 951 αἰώνων.
3382 899 3574 969 Ἀμήν.

339 1149 362 1176 ι
401 1136 511 1190 Τοῦ
572 1134 766 1200 δήμου
817 1131 1044 1196 παντὸς
1097 1129 1420 1199 ἀφεθέντος
1461 1127 1571 1195 τῆς
1595 1127 1852 1195 ἀγωνίας
1873 1123 1971 1177 καὶ
1994 1124 2439 1194 θαρσήσαντος,
2488 1130 2648 1196 τινὲς
2685 1132 2873 1186 πάλιν
2903 1132 3020 1202 τὴν
3067 1136 3248 1189 πόλιν
3275 1137 3574 1206 ἐτάραξαν
3601 1143 3777 1208 φοϐε-

401 1226 516 1296 ρὰς
542 1227 908 1291 πλάττοντες
939 1225 1162 1294 φήμας,
1203 1222 1303 1277 καὶ
1327 1222 1745 1291 ἠλέγχθησαν·
1773 1220 1859 1281 είς
1895 1215 2072 1269 τοῦτό
2111 1233 2174 1270 τε
2197 1213 2308 1272 οὖν
2337 1222 2376 1288 ἡ
2406 1224 2608 1290 ὁμιλία
2635 1226 2881 1293 εἴρηται,
2910 1229 3007 1281 καί
3033 1231 3121 1294 εἰς
3148 1229 3264 1298 τὴν
3284 1231 3416 1299 περὶ
3442 1230 3562 1286 τῶν
3587 1233 3779 1301 ὅρκων

406 1322 762 1390 παραίνεσιν
784 1335 799 1350 ο
837 1318 927 1372 διὸ
961 1319 1060 1370 καὶ
1094 1319 1132 1385 ἡ
1171 1318 1322 1370 κατὰ
1362 1313 1467 1368 τὸν
1501 1312 1788 1367 Ἰωνάθαν
1839 1307 1937 1362 καὶ
1967 1306 2073 1361 τὸν
2111 1311 2311 1365 Σαοὺλ
2349 1315 2579 1384 ἱστορία
2613 1319 2710 1372 καὶ
2743 1320 2850 1373 τὸν
2893 1320 3121 1389 Ἰεφθάε
3153 1322 3454 1393 παρήχθη,
3497 1325 3597 1379 καὶ
3629 1326 3779 1380 ἐδεί-

404 1418 520 1483 χθη
552 1415 736 1468 πόσαι
759 1411 827 1476 ἐξ
853 1410 991 1476 ἑνὸς
1019 1408 1199 1477 ὅρκου
1234 1409 1496 1477 γίνονται
1522 1403 1835 1472 ἐπιορκίαι.

1003 1586 1237 1665 Ὀμιλία
1259 1593 1348 1647 ιδ’.

403 1695 470 1741 α’.
487 1690 599 1758 Οὐχ
620 1687 695 1750 ώς
719 1686 872 1756 ἔτυχε
903 1684 999 1754 τὴν
1031 1684 1230 1752 πόλινή
1241 1680 1628 1751 μῖνὸδιάϐολος
1662 1677 1784 1748 χθές
1814 1674 2003 1745 ἐθορύ-

330 1777 520 1846 ϐησεν,
550 1775 686 1828 ἀλλά
714 1775 807 1826 καὶ
835 1776 863 1826 6
890 1773 1022 1834 Θεὸς
1049 1772 1196 1842 ἡμᾶς
1225 1771 1322 1839 οὐχ
1349 1769 1422 1832 ὡς
1463 1768 1619 1836 ἔτυχε
1662 1763 2001 1836 παρεκάλεσε

329 1865 495 1919 πάλιν
515 1906 528 1930 ,
568 1865 706 1917 ὥστε
734 1864 829 1916 καὶ
875 1859 1029 1931 ἡμῶν
1059 1859 1290 1911 ἕκαστον
1323 1855 1592 1926 εὐκαίρως
1623 1855 1795 1906 εἰπεῖν
1825 1852 2003 1904 ἐκεῖνο

327 1957 390 2007 τὸ
415 1953 753 2024 προφητικόν
778 1969 789 1980 ·
828 1947 986 2004 Κατὰ
1013 1948 1080 2001 τὸ
1119 1945 1354 2015 πλῆθος
1380 1942 1498 1997 τῶν
1535 1941 1770 1996 ὀδυνῶν
1791 1957 1908 2009 μου
1932 1939 2002 1992 ἐν

328 2043 404 2112 τῇ
434 2043 644 2111 καρδίᾳ
673 2059 792 2111 μου
823 2042 882 2092 al
921 2035 1335 2106 παρακλήσεις
1389 2048 1504 2085 σου
1542 2031 1847 2098 εὕφραναν
1887 2026 2002 2093 τὴν

327 2131 540 2200 ψυχήν
565 2149 702 2200 μου.
737 2130 811 2182 Οὐ
850 2127 924 2197 τῷ
970 2123 1348 2197 παρακαλέσαι
1395 2120 1450 2173 δὲ
1493 2119 1651 2190 μόνον
1679 2160 1692 2179 ,
1727 2113 1863 2170 ἀλλά
1907 2114 1999 2166 καὶ

327 2217 404 2288 τῷ
458 2219 812 2289 συγχωρῆσαι
858 2213 1221 2286 θορυϐηθῆναι
1251 2251 1264 2272 ,
1311 2208 1408 2280 τὴν
1448 2205 1776 2276 κηδεμονίαν
1810 2203 1837 2253 6
1869 2201 2000 2263 Θεὸς

328 2311 458 2378 ἡμῖν
482 2307 793 2372 ἐπεδείξατο
820 2303 918 2374 τὴν
949 2300 1164 2356 ἐαυτοῦ.
1200 2300 1375 2368 Ὅπερ
1398 2295 1507 2366 γὰρ
1538 2294 1713 2361 λέγων
1741 2291 1997 2344 οὐδέποτε

325 2377 674 2465 ἐπαυσάμην,
699 2393 858 2446 τοῦτο
880 2391 974 2444 καὶ
997 2389 1236 2459 τήμερον
1263 2384 1391 2457 ἐρῶ,
1419 2385 1501 2437 ὅτι
1529 2383 1679 2451 οὐχή
1709 2377 1997 2446 ἀπαλλαγὴ

322 2485 435 2536 τῶν
479 2482 668 2536 δεινῶν
695 2524 707 2545 ,
739 2481 874 2534 ἀλλά
915 2479 1011 2531 καὶ
1043 2481 1075 2547 ἡ
1111 2475 1459 2545 συγχώρησις
1491 2469 1694 2523 τούτων
1745 2465 1854 2520 ὰπὸ
1899 2465 1998 2534 τῆς

325 2573 541 2634 εὐνοίας
572 2572 782 2639 γίνεται
809 2567 905 2622 τοῦ
935 2565 1092 2620 Θεοῦ.
1118 2563 1289 2620 Ὅταν
1319 2561 1428 2630 γάρ
1457 2558 1540 2629 ἴδῃ
1562 2557 1696 2629 πρὸς
1724 2553 1998 2625 ρᾳθυμίαν

325 2663 471 2731 ἡμᾶς
499 2660 863 2722 ἐκκλίνοντας,
894 2655 988 2709 καὶ
1015 2655 1113 2725 τῆς
1148 2651 1284 2722 πρὸς
1313 2648 1475 2703 αὐτὸν
1504 2643 1827 2706 οἱκειώσεως
1864 2642 1997 2694 ἀπο-

323 2748 648 2820 πηδῶντας,
684 2748 780 2799 καὶ
832 2744 940 2797 τῶν
989 2739 1374 2811 πνευματικῶν
1416 2734 1607 2789 οὐδένα
1641 2731 1997 2799 ποιουμένους

324 2817 500 2906 λόγον,
536 2833 1001 2904 ἐγκαταλιμπάνει
1037 2829 1250 2900 μικρὸν,
1281 2826 1368 2878 ἵνα
1399 2823 1570 2891 ταύτῃ
1604 2817 1996 2906 σωφρονισθένῖ

323 2903 413 2990 τες
456 2903 868 2994 σπουδαιότερον
920 2922 1054 2993 πρὸς
1105 2918 1266 2972 αὐτὸν
1327 2909 1731 2977 ἐπανέλθωμεν.
1780 2905 1890 2994 Kal.
1944 2903 1997 2954 τί

325 3014 648 3085 θαυμάζεις,
675 3015 724 3065 εἰ
753 2992 839 3082 ἐφ’
869 3015 902 3082 ἡ
913 2992 1027 3081 μῶν
1055 3009 1164 3062 τῶν
1193 3005 1453 3078 ῥᾳθύμων
1481 2998 1637 3089 τοῦτο
1662 2995 1841 3089 ποιεῖ,
1860 2992 1995 3089 ὅπρυ

323 3119 387 3170 γε
415 3102 510 3154 καὶ
547 3099 760 3162 Παῦλος
787 3100 881 3151 καὶ
911 3099 999 3150 ἐπ’
1025 3095 1189 3150 αὐτοῦ
1223 3092 1317 3146 καὶ
1363 3089 1471 3142 τῶν
1523 3083 1690 3139 αὐτοῦ
1739 3079 1997 3170 μαθητῶν

325 3188 528 3261 ταύτην
556 3187 741 3256 ἔλεγεν
781 3188 957 3240 αἰτίαν
986 3181 1125 3239 εἶναι
1158 3183 1265 3235 τῶν
1298 3174 1656 3250 πειρασμῶν;
1703 3167 1853 3241 ΗΜ]
1886 3169 1994 3261 βο-

325 3254 549 3348 ρινθίόις
576 3254 685 3348 γὰρ
730 3275 1055 3328 ἐπιστέλλων
1106 3273 1203 3342 τὴν
1244 3267 1500 3336 δευτέραν
1531 3259 1820 3348 ἐπιστολὴν
1854 3254 1997 3348 οὕτω

322 3342 441 3429 πώς
464 3342 665 3436 φησινί
697 3367 780 3418 οὺ
810 3363 962 3419 θέλω
985 3361 1051 3414 δὲ
1073 3357 1226 3429 ὑμᾶς
1254 3353 1495 3426 ἀγνοεῖν
1513 3395 1527 3416 ,
1559 3345 1835 3436 ἀδελφοί,
1861 3342 1994 3436 περὶ

321 3454 433 3520 τῆς
461 3431 724 3522 θίίψειος
757 3451 865 3519 τῆς
899 3448 1227 3518 γενομένης
1256 3443 1400 3512 ἡμῖν
1437 3441 1505 3493 ἐν
1554 3436 1626 3505 τῇ
1680 3433 1873 3522 Ἀσίᾳ,
1907 3431 1996 3482 ὅτι

322 3517 449 3595 καθ’
492 3517 834 3608 ὑπερϐολὴν
881 3517 1252 3606 ἐϐαρήθημεν
1292 3531 1444 3597 ὑπὲρ
1488 3528 1746 3593 δύναμιν
1770 3562 1784 3585 ,
1840 3517 1996 3571 ὥστε

320 3628 764 3697 ἐξαπορηθῆναι
791 3627 945 3696 ’ἡμᾶς
979 3625 1076 3678 καὶ
1109 3623 1215 3677 τοῦ
1246 3620 1350 3688 ζῇν
1368 3637 1379 3648 ·
1412 3618 1548 3672 ἀλλ’
1575 3612 1742 3666 αὐτοὶ
1766 3611 1836 3662 ἐν
1861 3609 1993 3697 ἑαυ-

320 3717 446 3782 τοῖς
475 3694 540 3769 τό
575 3694 879 3784 ἀπόκριμα
906 3713 1013 3767 τοῦ
1045 3710 1305 3766 θανάτου
1337 3704 1686 3773 ἐσχήκαμεν
1712 3717 1724 3728 ·
1761 3698 1788 3750 ὃ
1816 3697 1872 3748 δέ
1903 3694 1992 3784 λέ-

321 3821 407 3872 γει
431 3805 670 3859 τοιοῦτόν
704 3805 848 3854 ἐστιν
873 3819 886 3831 θ
918 3801 1060 3854 οὕτω
1087 3798 1333 3870 μεγάλοι,
1369 3795 1553 3863 φησὶν,
1580 3789 1709 3858 ἡμῖν
1743 3780 1994 3882 ἐπῃωέξή“

323 3894 494 3963 θησαν
532 3894 557 3931 ιι
586 3891 843 3954 κίνδυνοι,
870 3890 944 3951 ὡς
973 3886 1346 3958 ἀπαγορεῦσαι
1375 3880 1468 3934 τοῦ
1502 3881 1601 3949 ζῇν
1625 3917 1639 3942 ,
1672 3875 1766 3927 καὶ

323 3953 507 4035 λοιπὸν
530 3981 748 4034 ἐλπίσαι
776 3979 1019 4049 χρηστήν
1045 3953 1167 4030 τινα
1201 3971 1420 4026 ἔσεσθαι
1455 3964 1779 4041 μεταϐολὴν,
1816 3956 1928 4012 ἀλλ’

324 4070 552 4124 θάνατον
581 4041 880 4137 ἀναμένειν
913 4041 1128 4126 πάντως
1150 4082 1161 4093 ·
1194 4062 1350 4114 τοῦτο
1376 4059 1485 4129 γάρ
1537 4059 1652 4109 ἐστι
1686 4053 1778 4115 τὸ,
1812 4041 1993 4104 Αὐτοὶ

320 4156 391 4209 ἐν
433 4155 670 4220 ἑαυτοῖς
712 4154 778 4207 τὸ
825 4154 1124 4221 ἀπόκριμα
1157 4149 1262 4203 τοῦ
1312 4145 1572 4201 θανάτου
1601 4139 1985 4208 ἐσχήκαμενι

322 4244 438 4298 ἀλλ’
458 4246 606 4314 ὅμως
639 4242 775 4314 μετά
795 4242 893 4313 τὴν
921 4240 1190 4309 τοσαύτην
1231 4237 1542 4304 ἀπόγνωσιν
1579 4231 1764 4284 ἔλυσεν
1799 4230 1826 4280 6
1860 4226 1990 4288 Θεὸς

321 4331 412 4389 τὸν
442 4331 719 4402 χειμῶνα,
753 4331 846 4382 καὶ
876 4329 935 4382 τὸ
966 4328 1124 4395 νέφος
1175 4326 1488 4394 παρήνεγκε
1511 4361 1523 4382 ,
1569 4319 1662 4370 καὶ
1703 4315 1762 4380 ἐξ
1813 4314 1990 4368 αὐτῶν

320 4420 415 4473 τοῦ
463 4420 693 4473 θανάτου
735 4417 844 4470 τῶν
887 4416 1068 4469 πυλῶν
1121 4415 1268 4484 ἡμᾶς
1308 4413 1578 4481 ἣρπασεν.
1611 4403 1744 4459 Εῐτα
1778 4404 1991 4467 δεικνὺς

320 4511 403 4562 ὅτι
437 4510 530 4561 καὶ
573 4509 634 4559 τὸ
686 4505 1033 4575 συγχωρῆσαι
1067 4502 1228 4572 μέχρι
1276 4497 1529 4552 τοσούτου
1574 4492 1988 4563 κατενεχθῆναι,

319 4596 647 4665 κηδεμονίας
666 4589 732 4664 ἦν
756 4592 954 4660 πολλῆς
972 4633 984 4651 ,
1007 4590 1067 4642 τὸ
1092 4589 1373 4656 γινόμενον
1401 4585 1508 4638 ἀπὸ
1536 4583 1644 4636 τῶν
1671 4580 1991 4652 πειρασμῶν

318 4683 585 4753 διηγεῖται
631 4681 846 4751 κέρδος·
880 4678 1038 4731 τοῦτο
1066 4678 1123 4728 δὲ
1151 4671 1217 4745 ἦν
1261 4675 1320 4726 τὸ
1372 4671 1610 4742 συνεχῶς
1645 4671 1781 4741 πρὸς
1829 4667 1991 4721 αὐτὸν

321 4772 569 4840 βλέπειν.
605 4768 741 4822 ἀλλά
788 4766 862 4837 μὴ
905 4766 1044 4836 μέγα
1081 4766 1297 4835 φρονεῖν
1336 4761 1470 4831 μηδέ
1520 4758 1865 4828 ἐπαίρεσθαι.
1895 4757 1994 4809 Διά

317 4860 476 4912 τοῦτο
506 4855 673 4911 εἰπὼν
702 4858 780 4909 ὅτι
809 4896 822 4915 ,
873 4853 1053 4908 Αὐτοὶ
1084 4853 1152 4905 ἐν
1174 4851 1407 4915 ἑαυτοῖς
1433 4852 1496 4902 τὸ
1550 4847 1848 4915 ἀπόκριμα
1888 4845 1992 4898 τοῦ

318 4948 579 5001 θανάτου
609 4944 959 5014 ἐσχήκαμεν
979 4983 992 5000 ,
1032 4943 1126 4994 καὶ
1158 4939 1258 5009 τὴν
1289 4939 1467 4991 αἰτίαν
1497 4939 1765 5008 ἐπήγαγε.
1802 4935 1898 4996 Τίς
1935 4934 1994 4986 δέ

316 5038 465 5086 ἐστιν
488 5034 521 5104 ἠ
549 5032 696 5084 αἰτία
721 5029 858 5099 αὐτη
882 5047 896 5093 ;
930 5030 1052 5081 Ἵνα
1068 5027 1153 5096 μὴ
1183 5026 1532 5090 πεποιθότες
1550 5021 1707 5093 ὦμεν
1742 5024 1835 5091 ἐφ’
1859 5024 1994 5075 ἑαυ-

315 5121 441 5186 τοῖς
461 5162 475 5184 ,
503 5121 667 5189 φησιν
687 5159 702 5180 ,
737 5118 874 5170 ἀλλ’
909 5116 1004 5168 ἐπὶ
1041 5113 1120 5178 τῷ
1165 5112 1285 5178 Θεῷ
1314 5111 1394 5177 τῷ
1441 5111 1819 5173 ζωοποιοῦντι
1851 5111 1994 5176 τοὺς

316 5208 590 5276 νεκρούς.
624 5203 1002 5268 Νυστάζοντας
1043 5203 1150 5270 γὰρ
1205 5203 1352 5272 ἡμᾶς
1406 5203 1500 5254 καὶ
1555 5199 1994 5262 καταπίπτοντας

315 5295 641 5365 ἀφυπνίζειν
674 5293 832 5346 εἴωθε
879 5293 987 5344 τῶν
1024 5289 1346 5361 πειρασμῶν
1385 5292 1417 5360 ἡ
1450 5289 1639 5359 φύσις,
1669 5288 1762 5342 καὶ
1797 5287 1992 5356 διεγεί-

316 5401 432 5456 ρειν
460 5384 553 5436 καὶ
581 5379 1004 5449 εὐλαϐεστέρους
1034 5381 1227 5433 ποιεῖν.
1249 5379 1416 5430 Ὅταν
1439 5372 1532 5429 οὐν
1554 5377 1690 5448 ἴδῃς,
1716 5377 1991 5445 ἀγαπητέ,

314 5472 622 5543 πειρασμὸν
647 5469 742 5524 νῦν
775 5469 872 5539 μὲν
907 5467 1202 5520 σόεσθέντα
1227 5507 1241 5529 ,
1269 5466 1362 5519 νῦν
1391 5466 1447 5519 δὲ
1482 5465 1778 5536 ἐγερθέντα
1807 5465 1990 5526 πάλιν,

316 5561 394 5631 μὴ
426 5559 744 5630 καταπέσῃς
797 5556 934 5628 μηδὲ
981 5554 1395 5626 ἀπαγορεύσῃς,
1444 5553 1582 5606 ἀλλά
1623 5553 1866 5624 χρηστὰς
1901 5552 1990 5622 ἔχε

379 5684 405 5710 ⁸
432 5684 584 5732 Savil.
612 5684 742 5731 hunc
771 5685 890 5731 item
923 5684 970 5730 in
1011 5682 1231 5744 margine
1256 5679 1465 5744 titulum
1483 5679 1643 5744 adfert
1671 5695 1680 5728 :
1707 5682 1992 5744 Παραίνεσις

310 5745 418 5806 περὶ
442 5751 526 5803 τῆς
547 5746 642 5792 τῶν
667 5745 821 5808 ὅρκων
840 5745 1048 5809 ἀποχῆς,
1065 5745 1146 5791 καὶ
1166 5743 1236 5810 ὅτι
1253 5741 1343 5812 ,τὸν
1364 5741 1590 5814 πολλάκις
1614 5741 1992 5814 ὀμνύοντα,πολ-

311 5804 546 5869 λάκις-καὶ
568 5807 801 5869 ἐπιορκεῖν
820 5807 1016 5869 ἀνάγκη.
1049 5805 1174 5869 lnl'rq
1198 5803 1438 5869 mlU0_§Iln
1456 5805 1591 5869 πολιν
1617 5806 1768 5869 ἡμων.

370 5864 402 5905 ι’
425 5864 546 5918 lor.
574 5864 951 5931 ἐπαιωρήθησαν.
978 5867 1130 5919 Savil.
1157 5864 1516 5927 ἐπῃωρήθησαν.
1548 5865 1680 5916 Unus
1702 5866 1991 5929 ἐπεραιώθη-

315 5948 428 5981 σαν.

2104 1583 2203 1648 τὰς
2231 1587 2452 1652 ἐλπίδας
2472 1630 2486 1654 ,
2531 1593 2707 1646 ἐκεῖνο
2737 1595 2873 1665 πρὸς
2904 1596 3093 1650 ἐαυτὸν
3118 1597 3464 1670 λογιζόμενος
3489 1640 3503 1664 ,
3546 1603 3627 1655 ὅτι
3653 1601 3777 1673 οὐχὶ

2107 1674 2279 1744 μισῶν
2313 1677 2433 1731 οὐδὲ
2479 1680 2958 1753 ἀποστρεφόμενος
2999 1685 3146 1754 ἡμᾶς
3177 1689 3206 1740 ό
3254 1687 3385 1752 Θεὸς
3441 1691 3775 1760 παραδίδωσι

2101 1766 2222 1826 ταῖς
2245 1766 2400 1837 χερσὶ
2428 1767 2536 1821 τῶν
2564 1771 2794 1842 ἐχθρῶν,
2820 1772 2955 1826 ἀλλά
2987 1776 3439 1848 σπουδαιοτέρους
3468 1779 3560 1831 καὶ
3589 1780 3776 1834 οἰκειο-

2102 1851 2296 1923 τέρους
2323 1855 2472 1926 αὐτῷ
2497 1861 2908 1914 κατασκευάσαι
2951 1861 3293 1933 βουλόμενος.
3313 1865 3406 1937 Μὴ
3456 1867 3640 1921 τοίνυν
3670 1869 3775 1920 ἀπ’

2101 1941 2654 2016 αγορεύσωμενμηδέ
2683 1947 2780 2017 τὴν
2811 1949 2903 2001 ἐπὶ
2934 1949 2995 2002 τὸ
3025 1950 3231 2020 βέλτιον
3261 1953 3588 2025 ἀπογνῶμεν
3611 1974 3771 2025 μετα-

2103 2027 2265 2100 ϐολὴν
2288 2071 2301 2093 ,
2341 2031 2477 2085 ἀλλά
2525 2033 2784 2105 ταχίστην
2831 2037 3219 2109 προσδοκῶμεν
3258 2041 3477 2095 ἔσεσθαι
3508 2043 3769 2115 γαλήνην,

2104 2117 2197 2169 καὶ
2227 2118 2288 2170 τὸ
2315 2119 2470 2182 τέλος
2521 2121 2776 2175 ἀπάντων
2827 2125 2934 2178 τῶν
2965 2125 3302 2197 κατεχόντων
3335 2130 3481 2199 ἡμᾶς
3529 2131 3775 2201 θορύϐων

2103 2202 2359 2273 ῥίψαντες
2389 2208 2482 2260 ἐπὶ
2510 2209 2600 2262 τὸν
2631 2209 2764 2263 Θεὸν
2783 2251 2797 2274 ,
2850 2214 3004 2266 αὐτοὶ
3041 2215 3150 2268 τῶν
3177 2217 3422 2288 συνήθων
3471 2218 3774 2288 ἁπτώμεθα

2101 2292 2284 2359 πάλιν,
2318 2296 2414 2348 καὶ
2445 2295 2542 2367 τὴν
2579 2298 2832 2352 εἰωθυῖαν
2861 2293 3211 2356 διδασκαλίαν
3243 2307 3320 2367 εἰς
3353 2305 3516 2375 μέσον
3547 2305 3770 2376 ἀγάγω-

2101 2398 2201 2450 μεν
2229 2393 2275 2437 τ’.
2309 2383 2479 2437 Πάλιν
2510 2385 2620 2457 γὰρ
2651 2388 2780 2456 ὑμῖν
2819 2390 2947 2460 περὶ
2981 2392 3081 2461 τῆς
3108 2393 3275 2462 αὐτῆς
3325 2393 3632 2457 ὑποθέσεως
3657 2394 3770 2448 δια-

2099 2467 2356 2540 λεχθῆναι
2389 2471 2689 2543 βούλομαι,
2720 2475 2860 2528 ὥστε
2908 2479 3203 2550 πρόρριζον
3248 2479 3356 2533 ἀπὸ
3399 2481 3498 2551 τῆς
3532 2481 3772 2546 διανοίας

2100 2556 2252 2626 ὑμῶν
2278 2560 2593 2614 ἀνασπάσαι
2623 2561 2650 2600 ει
2681 2562 2778 2632 τὴν
2817 2565 3060 2636 πονηρὰν
3099 2566 3208 2620 τῶν
3238 2568 3415 2638 ὅρκων
3457 2568 3767 2639 συνήθειαν.

2169 2647 2366 2716 Διόπερ
2386 2649 2597 2720 ἀνάγκη
2627 2649 2788 2703 πάλιν
2813 2653 2903 2705 ἐπὶ
2923 2655 3019 2723 τὴν
3040 2655 3209 2727 αὐτὴν
3233 2659 3568 2725 καταφυγεῖν
3595 2658 3771 2730 ἰκετη-

2104 2734 2244 2803 ρίαν.
2281 2736 2390 2788 Καὶ
2422 2737 2534 2806 γὰρ
2567 2738 2916 2809 παρεκάλεσα
2961 2740 3151 2812 πρώην
3193 2743 3334 2812 ὑμᾶς
3383 2744 3482 2815 τὴν
3529 2746 3770 2816 κεφαλὴν

2112 2823 2355 2877 Ἰωάννου
2389 2825 2656 2889 λαϐόντας
2678 2829 3156 2898 ἀποτετμημένην,
3190 2830 3285 2882 καὶ
3321 2829 3524 2902 θερμοῦ
3555 2834 3647 2885 τοῦ
3682 2835 3768 2888 αἴ-

2099 2927 2267 2978 ματος
2297 2911 2375 2964 ἔτι
2403 2913 2834 2976 ἀποστάζουσαν,
2855 2914 3026 2978 οὕτως
3041 2916 3296 2969 ἀπελθεῖν
3311 2917 3492 2972 οἴκαδε
3516 2920 3767 2984 ἕκαστον,

2096 2998 2190 3050 καὶ
2215 2998 2455 3061 νομίζειν
2479 3001 2585 3071 πρὸ
2604 3001 2713 3054 τῶν
2736 3002 3028 3072 ὀφθαλμῶν
3050 3005 3180 3074 ὁρᾷν
3201 3005 3370 3076 αὐτὴν
3394 3007 3575 3077 φωνὴν
3599 3009 3769 3078 ἀφιεῖ-

2096 3104 2194 3140 σαν
2221 3090 2315 3142 καὶ
2347 3089 2624 3157 λέγουσαν
2661 3092 2942 3163 Μισήσατέ
2978 3110 3078 3162 μου
3109 3093 3199 3148 τὸν
3229 3097 3436 3163 σφαγέα
3467 3097 3555 3150 τὸν
3583 3099 3767 3167 ὅρκον.

2096 3175 2270 3246 ’Όπερ
2303 3175 2520 3246 ἐλεγχος
2552 3181 2651 3231 οὐκ
2685 3182 2927 3250 ἐποίησε,
2955 3179 3112 3235 τοῦτο
3140 3181 3301 3252 ὅρκος
3326 3182 3765 3254 ἐποίησεν-ὅπερ

2094 3262 2264 3334 θυμὸς
2289 3266 2609 3335 τυραννικὸς
2633 3269 2733 3320 οὐκ
2763 3269 2983 3339 ἴσχυσε,
3012 3268 3171 3322 τοῦτο
3214 3270 3472 3339 εὐορκίας
3493 3281 3518 3310 ο
3553 3272 3766 3343 ἀνάγκη

2095 3351 2657 3420 παρεσκεύασε.’Κα“ι
2685 3356 2772 3407 ὅτε
2820 3355 2918 3425 μὲν
2968 3355 3232 3426 ἠλέγχετο
3277 3357 3512 3428 δημοσίᾳ
3549 3360 3766 3414 πάντων

2093 3438 2416 3504 ἀκουόντων,
2443 3441 2642 3511 ἡνεγκε
2668 3443 2931 3510 γενναίως
2952 3444 3052 3514 τὴν
3075 3443 3394 3515 ἐπιτίμησιν
3421 3447 3448 3498 6
3482 3445 3764 3518 τύραννος,

2092 3528 2180 3580 ὅτε
2203 3529 2261 3580 δὲ
2290 3530 2369 3593 είς
2401 3531 2579 3602 ὅρκων
2609 3531 2856 3603 ἀνάγκην
2888 3532 3079 3585 ἐαυτὸν
3109 3532 3353 3598 ἐνέϐαλε,
3384 3534 3504 3586 τότε
3535 3535 3639 3606 τὴν.
3661 3554 3768 3606 μα-

2093 3618 2290 3688 καρίαν
2318 3618 2533 3688 ἐκείνην
2561 3619 2801 3690 ἀπέτεμε
2834 3619 3099 3691 κεφαλήν.
3131 3621 3203 3674 Τὸ
3231 3621 3364 3674 αὐτὸ
3395 3622 3459 3693 δὴ
3479 3621 3635 3675 τοῦτο
3673 3627 3766 3678 καὶ

2093 3705 2187 3758 νῦν
2212 3707 2532 3776 παρακαλῶ,
2567 3708 2661 3761 καὶ
2683 3707 3019 3778 παρακαλῶν
3042 3709 3103 3762 οὐ
3136 3710 3403 3780 παύομαι,
3438 3709 3577 3764 ῶστε
3605 3713 3768 3766 ὅπου-

2095 3812 2200 3866 περ
2247 3794 2312 3848 ἂν
2370 3795 2661 3866 ἀπίωμεν,
2708 3796 2912 3866 ταύτην
2960 3796 3326 3866 βαστάζοντας
3384 3799 3484 3871 τὴν
3525 3802 3766 3872 κεφαλὴν

2092 3885 2333 3951 ἀπιέναι,
2370 3887 2463 3939 καὶ
2491 3889 2654 3940 πᾶσιν
2689 3887 2857 3958 αὐτὴν
2886 3887 3252 3941 ἐπιδεικνύναι
3292 3887 3504 3957 βοῶσαν
3535 3890 3628 3941 καὶ
3662 3891 3768 3943 τῶν

2092 3973 2270 4042 ὅρκων
2309 3975 2740 4047 κατηγοροῦσαν.
2782 3975 2902 4029 Κᾶν
2943 3975 3051 4046 γὰρ
3095 3975 3302 4046 σφόδρα
3340 3970 3490 4047 ὦμεν
3527 3978 3761 4048 ῥᾴθυμοι

2097 4063 2191 4114 καὶ
2214 4061 2486 4133 ὀλίγωροι,
2507 4065 2632 4126 τοὺς
2651 4062 2960 4134 ὀφθαλμοὺς
2988 4065 3086 4134 τῆς
3111 4063 3354 4134 κεφαλῆς
3372 4065 3588 4136 ἐκείνης
3613 4065 3766 4139 [142]

2096 4150 2330 4221 ὁρῶντες
2368 4150 2597 4222 φοϐερὸν
2631 4153 2709 4214 εἰς
2739 4153 2890 4222 ἡμᾶς
2931 4151 3228 4221 βλέποντας
3276 4152 3370 4205 καὶ
3409 4152 3768 4219 ἀπειλοῦντας

2096 4239 2375 4310 ὀμνύουσι,
2409 4237 2625 4309 χαλινοῦ
2654 4240 2855 4303 παντὸς
2888 4239 3249 4310 εὐτονώτερον
3289 4237 3367 4309 τῷ
3407 4241 3554 4310 φόόῳ
3592 4243 3768 4313 τούτῳ

2101 4329 2578 4400 σωφρονισθέντες,
2626 4331 2815 4400 ἄγχειν
2861 4329 2956 4383 καὶ
3005 4329 3370 4401 ἀποστρέφειν
3425 4328 3768 4398 δυνησόμεθα

2101 4416 2296 4486 ῥᾳδίως
2333 4416 2432 4487 τὴν
2464 4417 2711 4485 γλῶτταν
2752 4416 2860 4470 ἀπό
2899 4417 3000 4486 τῆς
3042 4417 3135 4470 ἐπὶ
3169 4417 3296 4480 τοὺς
3333 4417 3529 4486 ὅρκους
3565 4416 3764 4487 ὁρμῆς.

2098 4504 2231 4556 Οὐδέ
2266 4505 2374 4574 γὰρ
2416 4505 2572 4558 τοῦτο
2613 4505 2772 4574 μόνον
2813 4505 2875 4556 τὸ
2919 4503 3088 4557 δεινὸν
3121 4504 3234 4574 ἔχει
3273 4506 3301 4556 6
3343 4504 3524 4575 ὅρκος,
3561 4504 3643 4558 ὅτι
3672 4507 3768 4559 καὶ

2100 4593 2566 4662 παραδαινόμενος
2593 4595 2686 4645 καὶ
2723 4591 3123 4660 φυλαττόμενος
3157 4591 3372 4654 κολάζει
3395 4593 3521 4654 τοὺς
3547 4591 3765 4644 ἁλισκο-

2102 4681 2315 4750 μένους,
2358 4682 2495 4749 ὃπερ
2528 4682 2585 4732 ἐν
2617 4681 2793 4733 οὐδενὶ
2820 4679 2930 4731 τῶν
2963 4678 3137 4733 ἀλλων
3176 4679 3589 4752 ἁμαρτημάτων
3625 4697 3763 4751 συμη

2094 4770 2278 4822 ϐαῖνον
2314 4769 2412 4822 ἴδοι
2447 4785 2530 4830 τις
2559 4767 2643 4821 ἀν·
2682 4767 2817 4820 ἀλλὰ
2855 4767 2949 4820 καὶ⁵
2975 4767 3160 4836 ἕτερον
3192 4766 3294 4818 οὐκ
3323 4765 3542 4823 ἔλαττον
3573 4767 3763 4820 τούτου

2095 4857 2281 4909 κακόν.
2309 4857 2373 4908 Τί
2393 4856 2449 4909 δὲ
2472 4855 2629 4908 τοῦτό
2650 4857 2795 4918 ἐστι;
2819 4856 2892 4907 Τὸ
2919 4854 3052 4925 μηδέ
3080 4853 3422 4925 βουλομένοις
3449 4855 3583 4925 μηδὲ
3609 4873 3766 4907 σπου-

2093 4944 2313 5007 δάζουσι
2343 4944 2566 4998 δυνατὸν
2597 4940 2735 4996 εἶναι
2765 4944 3062 5014 εὐορκῆσαι
3097 4942 3374 5006 πολλάκις.
3410 4944 3634 5015 Πρῶτον
3667 4945 3766 5013 μὲν

2094 5033 2202 5104 γὰρ
2226 5035 2254 5085 ὁ
2273 5031 2536 5102 διηνεκῶς
2567 5032 2756 5101 ὀμνὺς,
2786 5032 2879 5083 καὶ
2907 5030 3048 5083 ἐκὼν
3077 5031 3172 5084 καὶ
3209 5031 3375 5088 ἄκων,
3418 5030 3513 5084 καὶ
3552 5032 3765 5098 ἀγνοῶν

2094 5122 2187 5174 καὶ
2221 5119 2397 5183 εἰδὼς,
2435 5120 2530 5173 καὶ
2580 5118 2890 5183 σπουδάζων
2919 5119 3014 5172 καὶ
3044 5117 3273 5182 παίζων,
3317 5119 3410 5171 καὶ
3451 5118 3555 5171 ὐπὸ
3588 5118 3762 5188 θυμοῦ

2094 5209 2352 5271 πολλάκις
2383 5207 2746 5278 ἐκφερόμενος
2769 5208 2862 5258 καὶ
2885 5207 2990 5259 ὐπὸ
3017 5207 3218 5278 ἐτέρων
3246 5205 3475 5269 πολλῶν,
3503 5208 3765 5277 ἐπιορκή-

2095 5315 2176 5349 σει
2199 5297 2433 5358 πάντως.
2459 5297 2568 5348 Καὶ
2597 5295 2732 5365 πρὸς
2755 5291 2932 5347 ταῦτα
2959 5294 3132 5357 οὐδεὶς
3167 5295 3400 5363 ἀντερεῖ·
3426 5291 3597 5355 οὕτως
3617 5295 3764 5346 ἐστὶν

2061 5435 2072 5444 ,
2093 5383 2511 5456 ὡμολογημένον
2547 5383 2639 5436 καὶ
2664 5382 2840 5452 δῆλον,
2866 5383 2946 5435 ὃτι
2979 5382 3067 5434 τὸν
3098 5381 3394 5452 πολύορκον
3422 5381 3634 5450 ἀνάγκη
3669 5381 3764 5433 καὶ

2094 5468 2354 5543 ἐπίορκον
2385 5467 2544 5525 εἶναι.
2583 5470 2844 5540 Δεύτερον
2874 5471 2952 5532 δέ,
2983 5469 3065 5521 ὃτι
3104 5468 3207 5522 κᾶν
3248 5467 3323 5537 μὴ
3359 5467 3763 5537 συναρπασθεὶς

2097 5562 2228 5633 μηδὲ
2252 5560 2398 5614 ἄκων
2423 5560 2556 5631 μηδέ
2579 5557 2787 5627 ἀγνοῶν
2819 5557 2976 5610 τοῦτο
3007 5555 3174 5628 πάθῃ,
3201 5555 3290 5608 ὐπ’
3318 5555 3486 5626 αὐτῆς
3507 5554 3600 5608 τοῦ
3624 5556 3765 5627 πρά-

2096 5735 2102 5742 ,
2157 5683 2357 5754 C‘Savil.
2385 5685 2436 5754 ἱῐι
2460 5682 2681 5752 margine
2701 5693 2717 5754 ξ
2815 5679 2954 5754 φεὸν,
2985 5679 3194 5747 μ’ένῳμεν
3215 5679 3550 5754 ὑπὲρ-πάντων
3575 5678 3766 5742 εὐχαρι-

2093 5737 2335 5801 στοῦντες·
2360 5745 2439 5792 καὶ
2477 5737 2620 5790 τοῦτο
2664 5742 2745 5802 μὲν
2789 5742 2923 5790 αὐτοὶ
2961 5737 3204 5804 ποιοῦντες
3233 5737 3472 5804 μηδέποτε
3503 5737 3765 5804 ἀποσῖῆτε,

2094 5810 2186 5869 ἐγὼ
2209 5809 2259 5856 δὲ
2280 5809 2382 5869 ,τῶν
2403 5807 2612 5862 συνήθων
2631 5801 2941 5867 ἅψομαιοπ....
2969 5802 3032 5856 εἰς
3057 5803 3200 5863 μέσον
3224 5801 3404 5863 ἀγάγω.

2156 5869 2182 5907 τί
2210 5868 2309 5918 Alii
2332 5869 2628 5916 ἀποσπᾶσαι.

2154 5933 2173 5957 ⁶
2207 5933 2318 5982 Sav.
2343 5935 2395 5981 et
2423 5928 2608 5992 aliquot
2627 5942 2742 5979 mss.
2768 5926 2996 5992 εὐορκίας.
3028 5925 3147 5976 Mor.
3175 5931 3228 5977 et
3245 5926 3325 5977 alii
3351 5924 3606 5989 ἐπιορκίας.
