4112 6388
379 329 482 386 {65

375 460 581 515 γματος
606 440 702 511 τῆς
728 437 961 508 φύσεως,
985 433 1078 488 καὶ
1100 432 1252 496 εἰδὼς
1274 433 1367 486 καὶ
1383 431 1542 494 ἐκὼν,
1566 431 2041 500 ἀναγκασθήσεται

373 529 696 600 ἐπιορκῆσαι
723 527 960 586 πάντως.
992 521 1263 583 Πολλάκις
1300 519 1429 588 γοῦν
1457 520 1551 571 ἐπὶ
1581 518 1678 587 τῆς
1705 517 1882 579 οἰκίας
1917 518 2042 587 ἀρι-

374 614 806 685 στοποιουμένων
825 610 1003 682 ἡμῶν,
1032 609 1128 662 καὶ
1157 609 1264 660 τῶν
1293 606 1516 660 οἰκετῶν
1547 622 1690 667 τινος
1716 604 2036 674 διαμαρτόν-

371 722 480 767 τος,
508 703 686 772 ὤμοσε
718 696 1080 771 μαστιγώσειν
1103 701 1134 767 ή
1158 697 1314 766 γυνή·
1341 691 1461 746 εἶτα
1488 692 1801 762 ἀντώμοσεν
1828 695 1856 745 6
1877 692 2035 762 ἀνὴρ,

370 793 442 845 τὰ
461 789 673 844 ἐναντία
693 784 1107 856 ἐπιφιλονεικῶν
1132 784 1224 838 καὶ
1255 784 1353 836 οὐκ
1375 781 1657 853 ἐκτρέπων
1681 793 1729 831 ει.
1776 780 2038 834 Ἐνταῦθα

370 879 473 934 κᾶν
493 879 520 931 ὅ
545 895 596 930 τι
623 877 687 930 ἂν
720 875 1041 945 ποιήσωσιν,
1067 871 1280 940 ἀνάγκη
1298 871 1513 932 πάντως
1540 867 1824 938 ἐπιορκίαν
1843 866 2041 935 συστῆ-

373 979 480 1018 ναι·
510 965 630 1018 οὐδὲ
661 965 765 1035 γάρ
797 961 1142 1034 βουλομένοις
1176 960 1358 1021 αὐτοῖς
1391 957 1510 1009 ούδέ
1542 954 1904 1019 σπουδάζουσι
1936 971 2038 1022 φυ-

371 1052 527 1117 λάξαι
561 1051 783 1104 δυνατὸν
818 1050 908 1103 τὸν
943 1050 1103 1120 ὅρκον
1144 1048 1348 1099 λοιπόν·
1387 1045 1500 1097 ἀλλ’
1531 1045 1668 1113 ὅπερ
1698 1042 1764 1095 ἂν
1793 1042 2038 1112 γένηται,

373 1140 596 1210 θάτερος
622 1139 799 1192 αὐτῶν
828 1137 1084 1207 ἐπιορκία
1106 1133 1392 1187 ἁλώσεται·
1431 1131 1630 1202 μᾶλλον
1657 1130 1713 1184 δέ
1742 1130 2040 1200 ἀμφότεροι

371 1229 628 1292 πάντως·
688 1229 781 1280 καὶ
834 1228 971 1289 πῶς,
1038 1224 1149 1293 ἐγὼ
1198 1225 1380 1292 λέγω·
1438 1221 1596 1274 τοῦτο
1655 1221 1762 1290 γάρ
1810 1221 1925 1271 ἐστι
1982 1220 2042 1271 16

371 1315 692 1387 παράδοξον.
748 1316 806 1368 'U
847 1314 1053 1385 ὀμόσας
1095 1310 1460 1384 μαστιγώσειν
1503 1309 1592 1362 τὸν
1631 1307 1910 1378 οἰκέτηνῆ
1943 1306 2040 1376 τὴν

374 1404 748 1476 θεραπαινίδα,
799 1399 916 1456 εἶτα
964 1401 1248 1465 κωλυθεὶς,
1303 1400 1461 1464 αὐτός
1495 1417 1553 1450 τε
1603 1397 1913 1467 ἐπιώρκησε
1966 1395 2039 1466 μὴ

372 1493 602 1562 ποιήσας
626 1491 762 1562 ὅπερ
793 1489 1000 1559 ὤμοσε,
1035 1490 1129 1543 καὶ
1159 1489 1237 1559 τῷ
1268 1488 1571 1542 κωλύσαντι
1610 1486 1770 1539 πάλιν
1805 1485 1900 1539 καὶ
1927 1485 2042 1536 διασ-

374 1580 601 1649 κόψαντι
627 1581 725 1649 τὴν
755 1578 1010 1649 εύορκίαν
1049 1577 1110 1630 16
1149 1577 1399 1647 ἔγκλημα
1431 1575 1528 1644 τῆς
1559 1574 1843 1644 ἐπιορκίας
1883 1589 2038 1641 περι-

371 1667 621 1736 έστησεν.
644 1667 716 1720 Οὐ
741 1667 851 1737 γὰρ
877 1667 926 1718 οἰ
957 1665 1338 1735 ἐπιορκοῦντες
1372 1664 1550 1734 μόνον,
1581 1661 1718 1715 ἀλλά
1738 1662 1831 1714 καὶ
1856 1663 1904 1712 οἰ
1930 1660 2044 1712 ἐτέ-

375 1771 491 1825 ροις
508 1755 605 1823 τὴν
632 1753 877 1823 ἀνάγκην
908 1752 1111 1824 ταύτην
1141 1752 1467 1820 ἐφιστῶντες
1493 1749 1782 1803 ὑπεύθυνοι
1815 1748 1923 1800 τῶν
1948 1748 2044 1800 αῦ-

379 1841 482 1893 τῶν
524 1839 884 1911 ἐγκλημάτων
925 1841 1084 1894 εἰσίν.
1119 1842 1232 1894 Ούκ
1273 1842 1330 1893 ἐν
1367 1839 1565 1901 οἰκίαις
1594 1838 1650 1890 δέ
1692 1837 1871 1908 μόνον,
1909 1834 2043 1887 ἀλλά

377 1930 470 1984 καὶ
498 1931 556 1982 ἐν
586 1932 704 1993 ταῖς
725 1931 951 1999 ἀγοραῖς
981 1929 1079 1981 ῖδοι
1111 1946 1194 1992 τις
1232 1928 1297 1981 ἂν
1328 1927 1485 1980 τοῦτο
1522 1927 1824 1996 γινόμενον,
1861 1925 1953 1977 καὶ
1985 1925 2042 1975 ἐν

377 2021 494 2080 ταῖς
526 2018 727 2089 μάχαις
768 2017 1021 2087 μάλιστα,
1059 2018 1186 2069 ὅταν
1218 2017 1352 2086 πρὸς
1391 2015 1651 2084 ἀλλήλους
1681 2014 2041 2074 πυκτεύοντες

375 2106 764 2174 ἁντομνύωσιν,
797 2105 824 2157 6
862 2105 957 2174 μὲν
995 2104 1308 2173 τυπτήσειν,
1339 2104 1366 2154 6
1398 2103 1454 2155 δέ
1488 2102 1561 2172 μὴ
1593 2100 1985 2165 τυπτήσεσθαι·
2015 2102 2041 2152 6

377 2191 477 2260 μὲν
517 2193 842 2263 ἀφαιρήσειν
875 2192 936 2244 τὸ
973 2191 1206 2259 ἱμάτιον,
1249 2192 1276 2242 6
1306 2189 1361 2243 δέ
1389 2192 1488 2242 οὐκ
1523 2187 1853 2258 ἐπιτρέψειν·
1885 2189 1912 2239 ὁ
1945 2187 2041 2255 μὲν

375 2280 696 2349 ἀπαιτήσειν
739 2278 798 2331 16
835 2277 1117 2348 ἀργύριον,
1148 2279 1176 2330 6
1197 2277 1252 2329 δέ
1278 2279 1376 2330 οὐκ
1403 2275 1719 2329 ἀποδώσειν·
1754 2276 1848 2327 καὶ
1875 2274 2043 2327 πολλὰ

375 2367 430 2419 δέ
467 2366 630 2436 ἐτερα
671 2366 888 2420 ἐναντία
925 2364 1149 2418 τοιαῦτα
1180 2364 1606 2432 φιλονεικοῦντες
1633 2362 1911 2432 ὀμνύουσι.
1939 2361 2042 2415 Καὶ

374 2457 432 2506 ἐν
467 2454 847 2524 ἐργαστηρίοις
885 2452 942 2506 δέ
981 2454 1075 2505 καὶ
1113 2452 1502 2514 διδασκαλείοις
1535 2451 1632 2504 ίδοι
1665 2468 1748 2513 τις
1789 2450 1855 2504 ἂν
1887 2449 2043 2503 τοῦτο

375 2541 690 2611 συμϐαῖνον.
733 2540 999 2604 Πολλάκις
1041 2538 1173 2609 γοῦν
1214 2538 1461 2608 τεχνίτης
1499 2539 1804 2608 διωμόσατο
1833 2537 1912 2607 τῷ
1941 2557 2044 2608 μα·

375 2629 509 2699 θητῇ
545 2628 618 2698 μὴ
653 2629 917 2699 πρότερον
946 2629 1107 2681 αὑτὸν
1145 2628 1372 2694 ἀφήσειν
1407 2629 1598 2694 φαγεῖν
1629 2628 1724 2678 καὶ
1754 2629 1914 2686 πιεῖν,
1939 2627 2044 2690 ἐως

375 2715 442 2767 ἂν
472 2715 532 2768 τὸ
561 2715 712 2768 δοθέν
744 2715 905 2786 ἔργον
935 2716 1080 2768 ἅπαν
1109 2714 1302 2785 ἀνύσῃ.
1345 2713 1514 2766 Τοῦτο
1539 2713 1595 2766 δὲ
1630 2716 1724 2766 καὶ
1762 2715 2042 2782 παιδαγω-

376 2803 472 2870 γὸς
501 2802 759 2866 πολλάκις
795 2802 931 2872 πρὸς
965 2802 1106 2866 νέον,
1153 2803 1248 2855 καὶ
1284 2801 1419 2870 πρὸς
1451 2801 1781 2871 θεράπαιναν
1821 2803 2042 2872 ἐποίησε

373 2889 654 2954 δέσποινα,
699 2889 792 2942 καὶ
835 2888 1048 2959 ἀνάγκη
1083 2888 1182 2958 τῆς
1217 2889 1452 2959 ἑσπέρας
1483 2887 1917 2960 καταλαϐούσης,
1949 2892 2043 2943 καὶ

373 2976 468 3030 τοῦ
512 2976 673 3047 ἔργου
710 2977 784 3046 μὴ
820 2976 1220 3046 πληρωθέντος,
1267 2976 1300 3046 ἢ
1347 2976 1488 3046 λιμῴ
1517 2975 1877 3047 διαφθαρῆναι
1919 2978 2043 3040 τοὺς

375 3065 476 3118 οὐκ
504 3063 827 3126 ἀνύσαντας,
871 3063 903 3133 ἢ
948 3063 1275 3134 ἐπιορκῆσαι
1315 3065 1440 3126 τοὺς
1468 3064 1768 3134 ὀμόσαντας
1803 3065 2038 3128 πάντως.

387 3151 446 3205 Ὀ
471 3152 580 3223 γὰρ
604 3152 834 3221 πονηρὸς
850 3151 1059 3221 δαίμων
1076 3151 1301 3214 ἐκεῖνος,
1320 3153 1346 3203 6
1366 3155 1476 3214 τοῖς
1497 3151 1719 3219 ἀγαθοῖς
1741 3153 2045 3222 ἐφεδρεύων

377 3240 464 3292 ἀεὶ
502 3241 612 3300 τοῖς
639 3237 949 3309 ἡμετέροις,
983 3239 1272 3309 παρεστὼς
1313 3240 1404 3292 καὶ
1442 3239 1654 3293 ἀκούων
1682 3241 1780 3310 τῆς
1801 3241 2045 3312 ἀνάγκης

375 3326 483 3378 τῶν
511 3327 708 3397 ὅρκων,
749 3327 826 3388 εἰς
866 3323 1136 3395 ρᾳθυμίαν
1169 3327 1294 3388 τοὺς
1331 3325 1661 3390 ὑπευθύνους
1695 3328 1973 3396 ἐμϐάλλει,
2011 3331 2042 3400 ἢ

379 3414 570 3487 ἐτ’ἐραν
597 3411 881 3468 δυσκολίαν
911 3413 1225 3483 ἐργάζεται,
1261 3412 1400 3466 ὥστε
1438 3414 1512 3483 μὴ
1544 3414 1922 3484 πληρωθέντος
1950 3418 2043 3470 τοῦ

376 3503 560 3573 ἔργου,
595 3501 690 3554 καὶ
723 3500 936 3571 πληγάς
961 3501 1054 3553 καὶ
1085 3499 1271 3570 ὕϐρεις
1307 3501 1398 3554 καὶ
1427 3503 1710 3572 ἐπιορκίας
1749 3505 1843 3556 καὶ
1878 3505 2044 3576 μυρία

376 3591 540 3659 ἕτερα
571 3587 820 3656 γενέσθαι
849 3587 1016 3638 δεινά.
1050 3586 1200 3658 [ME]
1239 3588 1506 3659 Καθάπερ
1543 3590 1648 3660 γάρ
1678 3591 1866 3655 παῖδες
1896 3610 2044 3663 σχοι-

378 3676 488 3729 νίον
524 3675 732 3746 μακρὸν
763 3676 856 3727 καὶ
885 3675 1277 3745 διεφθαρμένον
1313 3676 1562 3740 ἕλκοντες
1592 3679 1920 3744 ἀπεναντίας
1947 3682 2044 3735 ἀλ-

377 3764 554 3834 λήλων
576 3763 602 3802 b
633 3763 768 3830 μετά
791 3761 989 3831 πολλῆς
1011 3765 1108 3832 τῆς
1132 3763 1330 3833 ῥύμης,
1357 3764 1535 3817 ὕπτιοι
1557 3766 1758 3830 πάντες
1790 3768 2046 3824 πίπτουσι

376 3850 473 3904 106
505 3851 736 3920 σχοινίου
775 3851 936 3919 μέσου
973 3850 1376 3922 διαρραγέντος,
1418 3854 1512 3906 καὶ
1540 3855 1590 3906 οἰ
1631 3855 1726 3924 μὲν
1752 3856 1850 3919 τάς
1874 3875 2043 3926 κεφα-

377 3938 498 4002 λάς,
531 3939 580 3990 οἰ
614 3937 669 3989 δὲ
703 3936 890 4008 ἕτερόν
928 3955 976 3989 τι
1013 3939 1106 3990 τοῦ
1148 3937 1397 4008 σώματος
1435 3939 1824 4012 τιτρώσκονται
1858 3944 2040 4016 μέρος·

376 4025 519 4079 οὓτω
557 4023 620 4094 δὴ
662 4025 752 4076 καὶ
784 4026 833 4076 οἰ
875 4025 1264 4094 ἀντομνύοντες
1293 4026 1541 4097 ἀλλήλοις
1576 4029 1922 4094 ἀπεναντίας,
1951 4031 2043 4084 τοῦ

375 4113 538 4182 ὅρκου
576 4111 966 4184 διαῤῥαγέντος
1003 4113 1107 4164 ὑπὸ
1133 4115 1233 4183 τῆς
1263 4113 1371 4166 τῶν
1400 4114 1743 4183 πραγμάτων
1779 4119 2040 4189 ἀνάγκης,

375 4203 456 4263 εἰς
478 4200 537 4252 16
563 4200 660 4268 τῆς
685 4199 967 4270 ἐπιορκίας
993 4201 1293 4271 ἀμφότεροι
1317 4202 1720 4255 καταπίπτουσι
1745 4204 2039 4275 βάραθρον,

373 4288 424 4339 οἰ
453 4287 548 4356 μὲν
572 4285 718 4355 αὐτῷ
741 4285 818 4355 τῷ
842 4288 1140 4357 ἐπιορκεῖν,
1169 4289 1216 4339 οἰ
1239 4287 1293 4340 δέ
1317 4287 1394 4357 τῷ
1418 4288 1514 4358 τὴν
1539 4290 1716 4342 αἰτίαν
1739 4292 1837 4360 τῆς
1859 4293 2042 4363 ἐπιορ-

372 4371 498 4435 κίας
522 4375 823 4443 παρασχεῖν
850 4373 1076 4444 ἐτέροις.

444 4458 508 4528 β’.
528 4461 634 4512 Καὶ
650 4461 734 4512 ἵνα
761 4460 833 4531 μὴ
853 4461 1008 4512 τοῦτο
1030 4461 1138 4514 ἀπὸ
1154 4461 1262 4515 τῶν
1280 4464 1335 4514 ἐν
1363 4466 1479 4526 ταῖς
1505 4464 1703 4526 οἰκίαις
1731 4467 1824 4518 καὶ
1852 4467 1959 4518 τῶν
1983 4468 2041 4519 ἐν

371 4547 491 4607 ταῖς
534 4547 759 4616 ἀγοραῖς
806 4546 922 4598 καθ’
967 4548 1205 4617 ἐκάστην
1255 4549 1466 4621 ἡμέραν
1513 4552 1812 4622 γινομένων
1858 4555 2037 4623 μόνον,

373 4630 508 4683 ἀλλά
549 4633 642 4685 καὶ
675 4633 771 4684 ἀπ’
807 4634 985 4686 αὐτῶν
1011 4635 1120 4687 τῶν
1159 4637 1389 4708 Γραφῶν
1427 4637 1655 4709 γένηται
1684 4639 1860 4708 δῆλον,
1894 4643 2039 4694 ἱστο-

380 4717 498 4785 ρίαν
520 4716 650 4788 ΰμῖν
677 4717 913 4772 παλαιάν
931 4737 1052 4775 τινα
1079 4723 1408 4794 διηγήσομαι
1428 4728 1540 4788 τοῖς
1565 4727 1875 4797 εἰρημένοις
1898 4746 2038 4801 συμο

376 4802 682 4861 ϐαίνουσαν.
733 4805 1092 4862 Ἐπελθόντων
1137 4813 1266 4865 ποτέ
1310 4812 1416 4864 τῶν
1457 4813 1730 4883 πολεμίων
1757 4819 1869 4879 τοῖς
1910 4819 2040 4870 ’1ου-

373 4889 562 4974 δαξίοις,
607 4893 701 4945 καὶ
729 4893 820 4945 106
872 4895 1122 4949 ’Ῑωνάθαν
1157 4899 1294 4966 (υἱὸς
1330 4901 1387 4952 δέ
1425 4896 1579 4963 0610;
1615 4900 1682 4972 ῆν
1720 4903 1813 4955 106
1845 4905 2034 4974 Σαοὺλ)

371 4973 497 5038 τοὺς
530 4977 626 5045 μέν
657 4978 1085 5047 κατακόψαντος,
1120 4985 1244 5048 τοὺς
1275 4986 1332 5038 δὲ
1366 4989 1444 5048 εἰς
1474 4988 1650 5058 φυγὴν
1687 4973 2035 5058 ἐμϐαλόντος,

373 5060 692 5132 βουλόμενος
721 5067 749 5118 6
776 5066 946 5120 Σαοὺλ
974 5070 1001 5120 ὀ
1032 5069 1219 5122 τούτου
1254 5074 1432 5143 πατὴρ
1469 5074 1728 5144 μειζόνως
1759 5079 1898 5130 κατά
1928 5080 2035 5132 τῶν

371 5149 801 5219 ὑπολειφθέντων
842 5154 902 5206 16
945 5157 1306 5227 στρατόπεδον
1355 5161 1639 5233 διεγεῖραι,
1685 5166 1776 5217 καί
1815 5167 2034 5237 ποιῆσαι

371 5237 445 5307 μὴ
487 5238 750 5311 πρότερον
796 5241 1120 5313 ἀποστῆναι,
1167 5246 1270 5309 ἕως
1315 5247 1380 5300 ἂν
1429 5251 1633 5314 πάντας
1680 5253 2031 5324 χειρώσηται,

366 5324 673 5379 τούναντίον
699 5329 841 5399 ῆπερ
862 5329 1124 5402 ἠθέλησεν
1153 5332 1408 5404 ἔπραξεν,
1439 5336 1642 5406 ὀμόσας
1673 5341 1774 5402 ἕως
1796 5342 2032 5412 ἑσπέρας

369 5411 569 5498 μηδένα
603 5419 796 5483 φαγεῖν
837 5417 1020 5489 ἄρτον,
1058 5420 1162 5484 ἕως
1191 5421 1519 5491 ἐκδικήσεως
1552 5426 1660 5480 τῶν
1694 5426 1902 5498 ἐχθρῶν
1937 5411 2034 5482 αύ-

368 5497 476 5551 τοῦ.
503 5495 649 5571 ῗΑρα
685 5502 739 5554 τί
768 5503 956 5557 τούτου
981 5506 1176 5574 γένοιτ’
1203 5507 1268 5561 ἂν
1302 5511 1683 5582 ἀνοητότερον;
1719 5516 2029 5587 ΙΙεπονηκό-

369 5603 458 5648 τας
487 5588 596 5657 γὰρ
621 5590 715 5642 καὶ
738 5595 1151 5659 κατακοπέντας
1180 5608 1200 5634 ο
1232 5599 1569 5667 στρατιώτας
1587 5605 1818 5670 ὀφείλων
1849 5605 2032 5658 διανα-

420 5679 581 5762 κμοικ
606 5686 665 5732 τὰ
686 5687 871 5762 ἐναντία
893 5690 1264 5762 έπιφιλονεικῶν,
1288 5696 1367 5742 καὶ
1401 5696 1488 5743 ούκ
1523 5697 1777 5761 ἐκτρέπων.
1805 5700 1952 5750 Savil.
1979 5709 2030 5752 et

363 5743 403 5806 ρι
412 5746 556 5825 ιζ·
566 5749 750 5825 ιιρξξττά
762 5743 1044 5825 ἐναρίαᾴριὶ
1056 5754 1258 5825 ἀντέστη⁸
1268 5743 1639 5825 φιλονεικῶν,κάί
1652 5761 1738 5808 οὐκ
1751 5748 2028 5825 ἐπιτρέπων.

421 5801 814 5886 ἰθέῃ-[ἀλλήλοις.
840 5801 960 5859 Mox’
975 5818 1087 5886 Say.‘
1110 5801 1260 5886 ριμιίϊ
1274 5801 2024 5886 1516:6313;sizagnggi

419 5868 441 5947 ξ
468 5867 620 5915 Savil.
645 5870 725 5947 καί
750 5872 961 5931 κάματον
981 5877 1125 5924 πολὺν
1160 5867 1525 5941 ὑπομείναντας,
1543 5867 1922 5947 [ιιλυιίκ

362 5925 475 5979 dem
497 5945 666 5984 sensu.
691 5925 825 5991 Ευιτξ

1120 320 1178 376 S.
1215 318 1500 374 JOANNIS
1537 313 1717 371 CIIRY
1733 312 2033 370 SOSTOMI
2069 312 2389 370 ARCHIEP.
2431 313 2976 370 CONSTANTINOP.

3711 315 3807 369 HG

2150 429 2353 482 παῦσαι
2393 430 2487 482 καὶ
2524 430 2889 500 νεαρωτέρους
2922 431 3208 497 ἐπαφεῖναι
3235 432 3345 492 τοῖς
3374 428 3670 500 πολεμίοις,
3699 431 3812 483 τῶν

2149 514 2423 586 πολεμίων
2470 515 2649 568 αὐτῶν
2696 514 3070 586 χαλεπώτερον
3121 515 3519 585 κατειργάσατο
3569 516 3655 569 διὰ
3712 516 3815 586 τῆς

2143 603 2386 672 ἀνάγκης
2405 601 2497 655 τοῦ
2525 605 2710 673 ὅρκου,
2737 603 2880 673 λιμῷ
2912 603 3185 673 παραδοὺς
3205 604 3400 666 αὐτοὺς
3424 603 3808 678 χαλεπωτάτῳ.

2145 691 2416 762 Σφαλερὸν
2447 693 2543 761 μὲν
2573 691 2664 744 οῦν
2690 692 2750 744 τὸ
2776 691 2870 744 καὶ
2899 691 3029 761 περὶ
3053 689 3245 743 ἐαυτοῦ
3267 708 3386 743 τινα
3411 691 3659 761 ὀμνύναι·
3688 693 3814 745 πολ-

2142 779 2210 831 λὰ
2237 780 2344 850 γάρ
2374 780 2478 832 ὑπὸ
2508 778 2603 849 τῆς
2632 778 2741 831 τῶν
2771 779 3109 848 πραγμάτων
3139 779 3514 849 περιστάσεως
3549 779 3809 849 βιαζόμε-

2145 867 2230 918 θα·
2261 868 2320 919 τὸ
2347 867 2402 920 δὲ
2428 868 2522 920 καὶ
2549 867 2645 938 τὴν
2670 868 2871 937 ἐτέρων
2904 866 3126 936 γνώμην
3153 869 3219 937 τῇ
3247 867 3352 918 τῶν
3383 867 3598 919 οἰκείων
3632 868 3812 938 ὅρκων

2143 955 2357 1026 ἀνάγκη
2403 956 2703 1024 καταδῆσαι
2749 954 2926 1024 πολλῷ
2969 953 3399 1026 σφαλερώτερον,
3441 955 3533 1008 καὶ
3581 956 3814 1025 μάλιστα

2144 1043 2268 1118 ὅταν
2301 1042 2374 1113 μὴ
2404 1043 2531 1112 περί
2555 1044 2670 1104 ἐνὸς
2693 1044 2787 1095 καὶ
2816 1041 2908 1095 δύο
2937 1043 3031 1095 καὶ
3054 1041 3242 1111 τριῶν,
3265 1041 3399 1094 ἀλλά
3425 1042 3551 1111 περί
3577 1042 3815 1112 πλήθους

2145 1130 2374 1201 ἀπείρου
2403 1148 2485 1192 τις
2511 1130 2704 1201 ὀμνύῃ·
2743 1131 2878 1200 ὅπερ
2908 1132 2935 1182 6
2967 1129 3139 1181 Σαοὺλ
3171 1129 3290 1181 τότε
3333 1129 3588 1198 ἐποίησεν
3620 1131 3815 1202 ἀπεριο

2149 1219 2415 1282 σκέπτως,
2451 1221 2542 1272 καὶ
2571 1219 2691 1272 οὒτε
2725 1221 2806 1272 ὅτι
2835 1219 2980 1281 εἰκὸς
3010 1214 3079 1288 ἦν
3113 1220 3171 1269 ἐν
3209 1217 3380 1280 οὕτως
3413 1219 3623 1287 ἀπείρῳ
3655 1218 3817 1290 δήμῳ

2146 1305 2240 1358 ἕνα
2278 1308 2407 1375 γοῦν
2445 1325 2566 1361 τινα
2594 1308 2902 1378 παραϐῆναι
2924 1306 3014 1359 τὸν
3043 1308 3205 1376 ὅρκον
3234 1305 3532 1375 ἐνενόησεν,
3575 1306 3699 1359 οὕτε
3733 1308 3816 1359 ὅτι

2147 1396 2470 1465 στρατιῶται
2494 1395 2584 1448 καὶ
2609 1395 2932 1467 στρατιῶται
2956 1395 3318 1463 πολεμοῦντες
3342 1395 3476 1448 πολὺ
3498 1395 3816 1463 φιλοσοφίας

2146 1483 2506 1553 ἀφεστήκασι,
2545 1485 2638 1537 καὶ
2667 1483 2901 1554 γαστρὸς
2923 1483 2948 1522 ἀ
2978 1485 3198 1553 κρατεῖν
3228 1485 3328 1536 οὐκ
3354 1482 3695 1547 ἐπίστανται,
3721 1484 3815 1535 καὶ

2150 1571 2386 1639 μάλιστα
2419 1572 2548 1624 ὅταν
2579 1572 2744 1634 πολὺς
2777 1573 2804 1624 ὀ
2836 1573 3079 1640 κάματος
3223 1571 3380 1624 ’Λλλά
3420 1572 3594 1624 ταῦτα
3639 1573 3815 1624 πάντα

2150 1656 2388 1726 παριδὼν
2429 1661 2654 1722 ἐκεῖνος,
2693 1658 2768 1721 ὡς
2797 1660 2924 1726 περὶ
2951 1659 3066 1721 ἐνὸς
3099 1658 3307 1710 οἰκέτου
3351 1658 3509 1728 μόνον
3542 1657 3730 1727 ὀμνὺς,
3759 1658 3818 1710 ὃν

2146 1745 2381 1806 εὐκόλως
2400 1745 2628 1814 ἠδύνατο
2655 1749 2969 1815 κατασχεῖν.
2999 1745 3141 1798 οὕτω
3165 1763 3230 1798 πε
3241 1748 3292 1816 ρί
3314 1746 3512 1807 παντὸς
3537 1744 3820 1812 ἐλογίσατο

2143 1832 2235 1884 τοῦ
2272 1834 2654 1902 στρατοπέδου.
2687 1834 2786 1887 Διά
2811 1852 2892 1886 τοι
2921 1833 3079 1886 τοῦτο
3107 1833 3372 1904 τοσαύτην
3403 1834 3578 1903 ἤνοιξε
3600 1834 3679 1902 τῷ
3700 1833 3816 1884 δια-

2144 1920 2285 1990 ϐόλῳ
2313 1920 2502 1991 θύραν,
2531 1923 2606 1984 ὡς
2646 1923 2718 1993 μὴ
2761 1922 2919 1992 μόνον
2957 1921 3050 1974 δύο
3093 1922 3185 1974 καὶ
3218 1925 3366 1992 τρεῖς
3405 1923 3496 1975 καὶ
3525 1921 3816 1992 τέτταρας,

2144 2009 2279 2060 ἀλλά
2301 2009 2476 2078 πολλῴ
2503 2010 2718 2086 πλείους
2743 2011 2849 2062 ἀπὸ
2871 2009 2965 2062 τοῦ
2993 2011 3155 2080 ὅρκου
3186 2010 3372 2062 τούτου
3399 2013 3452 2062 ἐν
3483 2010 3674 2080 βραχεῖ
3697 2027 3816 2062 και-

2148 2097 2226 2166 ρῷ
2258 2097 2447 2164 πλέξαι
2475 2098 2778 2169 ἐπιορκίας.
2821 2097 3031 2170 Ὥσπερ
3063 2100 3170 2170 γὰρ
3197 2101 3325 2152 ὅταν
3362 2101 3484 2170 μηδ’
3520 2101 3655 2163 ὅλως
3686 2101 3818 2168 ὁμό-

2147 2202 2350 2256 σωμεν,
2394 2187 2610 2240 ἃπασαν
2641 2186 2789 2255 αὐτῷ
2816 2187 2914 2257 τὴν
2938 2188 3140 2240 εἴσοδον
3165 2189 3604 2258 ἀποφράττομεν·
3641 2187 3820 2251 οὕτως

2145 2273 2240 2326 ἐὰν
2259 2274 2353 2326 ἕνα
2376 2274 2536 2345 ὅρκον
2561 2274 2857 2345 προώμεθα
2893 2275 3070 2344 μόνον,
3102 2275 3302 2345 πολλὴν
3332 2275 3478 2345 αὐτῷ
3505 2276 3821 2345 παρέχομεν

2146 2361 2394 2428 ἐξουσίαν
2435 2363 2706 2416 συνθεῖναι
2757 2362 2955 2434 μυρίας
3001 2364 3307 2433 ἐπιορκίας.
3342 2364 3452 2415 Καὶ
3486 2363 3737 2433 καθάπερ
3765 2365 3820 2416 οἰ

2145 2451 2241 2513 τὰς
2270 2451 2453 2521 σειρὰς
2487 2451 2794 2516 πλέκοντες,
2829 2451 2894 2505 ἂν
2925 2453 3021 2522 μέν
3053 2451 3216 2521 ἔχωσι
3248 2451 3340 2504 τὸν
3379 2450 3673 2521 κατέχοντα
3715 2452 3820 2503 αύ-

2145 2541 2254 2601 τοῖς
2280 2540 2376 2608 τὴν
2410 2540 2606 2609 ἀρχὴν,
2637 2540 2774 2609 μετά
2807 2539 3095 2609 ἀκριϐείας
3123 2539 3341 2592 ἃπασαν
3369 2539 3691 2609 ἐργάζονται
3717 2540 3821 2608 τὴν

2147 2624 2372 2694 πλοκήν·
2397 2625 2461 2677 ἂν
2482 2625 2538 2677 δέ
2576 2626 2766 2696 μηδεὶς
2803 2627 2831 2678 ὁ
2856 2625 3017 2679 τοῦτο
3050 2625 3220 2680 ποιῶν
3255 2623 3313 2698 ᾖ,
3340 2625 3446 2678 οὐδ’
3470 2626 3819 2696 ἐπιχειρῆσαι

2145 2711 2374 2765 δύναιντ’
2401 2711 2466 2765 ἂν
2489 2713 2585 2782 τὴν
2613 2715 2808 2785 ἀρχήν·
2834 2713 2925 2765 16v
2947 2714 3108 2766 αὑτὸν
3124 2714 3179 2766 δέ
3195 2714 3392 2784 τρόπον
3414 2713 3504 2766 καὶ
3529 2715 3555 2765 ὀ
3575 2712 3821 2776 διάϐολος

2145 2800 2244 2862 τὰς
2280 2799 2468 2870 σειράς
2513 2800 2621 2852 τῶν
2677 2800 3092 2872 ἁμαρτημάτων
3148 2800 3302 2872 ήμῶν
3354 2800 3588 2864 πλέκων,
3640 2799 3706 2854 ἂν
3743 2802 3821 2872 μὴ

2147 2887 2284 2958 λάϐῃ
2313 2887 2409 2957 τὴν
2437 2887 2608 2958 ἀρχὴν
2653 2889 2760 2941 ἀπὸ
2804 2889 2902 2958 τῆς
2949 2888 3191 2959 γλώττης
3227 2889 3326 2958 τῆς
3365 2888 3636 2959 ἡμετέρας
3696 2890 3822 2943 οὐδὲ

2148 2975 2490 3044 ἐπιχειρῆσαι
2522 2975 2720 3027 δύναιτ’
2750 2976 2834 3030 ἄν·
2867 2975 2932 3028 ἂν
2965 2976 3021 3028 δέ
3046 2976 3219 3047 ἀρχὴν
3249 2975 3606 3046 ποιησώμεθα
3637 2976 3817 3046 μόνον,

2145 3061 2334 3132 ὥσπερ
2373 3064 2514 3131 χειρί
2544 3066 2611 3132 τῇ
2648 3062 2862 3135 γλώττῃ
2908 3063 2997 3115 τὸν
3046 3065 3207 3134 ὅρκον
3250 3063 3409 3134 ἡμῶν
3455 3065 3819 3133 κατεχόντων,

2150 3149 2288 3216 μετά
2329 3149 2528 3220 πολλῆς
2561 3149 2743 3202 λοιπὸν
2773 3151 2871 3220 τῆς
2900 3150 3084 3213 ἀδείας
3116 3152 3214 3221 τὴν
3253 3152 3496 3222 πονηράν
3534 3150 3696 3203 αὐτοῦ
3729 3153 3819 3205 τέ-

2147 3253 2278 3306 χνην
2307 3237 2690 3300 ἐπιδείκνυται,
2714 3238 2864 3310 [Mi]
2891 3239 2948 3303 ἐξ
2974 3239 3090 3301 ἐνὸς
3120 3240 3282 3310 δρκου
3321 3240 3521 3310 μυρίας
3555 3239 3821 3304 συντιθεὶς

2149 3325 2239 3376 καὶ
2269 3324 2482 3376 πλέκων
2504 3326 2808 3395 ἐπιορκίας·
2838 3326 2865 3377 ὃ
2891 3326 2952 3397 δὴ
2985 3328 3078 3378 καὶ
3095 3326 3186 3378 νῦν
3204 3327 3294 3379 ἐπὶ
3319 3326 3410 3379 τοῦ
3436 3326 3606 3379 Σαοὺλ
3629 3329 3819 3399 ἐποίη-

2151 3429 2240 3464 σεν
2260 3407 2432 3475 οὗτος.
2469 3413 2608 3482 Ὅρα
2639 3414 2768 3480 γοῦν
2801 3414 3000 3478 εὐθέως
3029 3415 3116 3468 οἵα
3145 3415 3352 3483 γίνεται
3375 3414 3451 3485 τῷ
3471 3416 3617 3486 ὅρκῳ
3643 3417 3817 3485 τούτῳ

2148 3499 2332 3566 παγίς.
2375 3500 2642 3570 Δρυμώνα
2685 3512 2707 3539 ε
2751 3501 2952 3571 παρῄει
2999 3502 3058 3554 16
3108 3503 3464 3574 στρατόπεδον
3513 3503 3821 3572 μελισσῶνα

2149 3587 2368 3657 ἔχοντα,
2419 3589 2511 3640 καὶ
2545 3590 2573 3640 6
2615 3589 2882 3659 μελισσῶν
2922 3591 3062 3642 κατὰ
3111 3591 3399 3661 πρόσωπον
3441 3590 3534 3644 τοῦ
3575 3591 3746 3661 ἀγροῦ
3770 3591 3816 3654 τ,

2149 3677 2244 3728 καί
2267 3676 2511 3742 εἰσῆλθεν
2541 3679 2568 3730 ὀ
2590 3676 2716 3740 λαὸς
2745 3681 2823 3740 εἰς
2849 3678 2939 3730 τὸν
2974 3677 3329 3747 μελλισσῶνα,
3357 3679 3450 3731 καὶ
3477 3679 3821 3749 διεπορεύετο

2149 3763 2342 3818 λαλῶν.
2379 3760 2532 3827 Εἶδες
2564 3759 2674 3817 οἷον
2706 3767 2765 3818 16
2798 3765 3105 3837 βάραθρονς
3134 3765 3381 3836 τράπεζα
3406 3767 3817 3837 ἐσχεδιασμένη,

2149 3853 2236 3904 ἵνα
2274 3853 2369 3906 καὶ
2403 3853 2463 3905 16
2491 3851 2710 3906 εὔκολον
2738 3855 2835 3924 τῆς
2867 3856 3279 3924 ἐπιχειρήσεως,
3333 3857 3426 3908 καὶ
3478 3857 3539 3909 16
3580 3858 3676 3926 ἡδὺ
3719 3857 3816 3926 τῆς

2146 3940 2370 4009 τροφῆς,
2415 3941 2508 3994 καὶ
2541 3944 2574 4011 ἡ
2617 3941 2709 3993 τοῦ
2751 3941 3014 4012 λήσεσθαι
3058 3944 3210 4005 ἐλπὶς
3259 3946 3337 4005 εἰς
3375 3945 3474 4014 τὴν
3506 3944 3818 4014 παράϐασιν

2148 4027 2342 4090 αὐτοὺς
2373 4029 2774 4099 προκαλέσηται
2804 4030 2911 4082 τῶν
2937 4031 3137 4100 ὅρκων.
3175 4033 3242 4083 "U
3265 4049 3324 4083 τε
3354 4031 3463 4102 γὰρ
3490 4031 3666 4101 λιμὸς,
3695 4033 3723 4084 ὃ
3756 4050 3817 4085 τε

2149 4115 2390 4184 κάματος
2416 4116 2507 4168 καὶ
2541 4117 2570 4167 6
2613 4117 2801 4186 καιρὸς
2825 4117 3018 4186 (Πᾶσα
3041 4118 3148 4191 γάρ
3175 4120 3212 4184 ἡ
3239 4117 3334 4188 γῆ,
3370 4121 3551 4188 φησὶν,
3576 4120 3814 4188 ἠρίστα)

2145 4202 2265 4254 τότε
2302 4201 2473 4254 ὤθουν
2507 4203 2600 4255 ἐπὶ
2639 4205 2736 4274 τὴν
2773 4206 3136 4276 παρανομίαν.
3179 4208 3288 4259 Καὶ
3321 4209 3353 4277 ή
3383 4206 3490 4259 τῶν
3519 4206 3726 4277 κηρίων
3759 4208 3814 4261 δέ

2145 4288 2267 4356 ὀᾲις
2292 4289 2488 4354 ἔξωθεν
2515 4293 2710 4354 αὐτοὺς
2741 4293 3097 4362 προεκαλεῖτο
3130 4293 3397 4348 ἐκλύουσα
3429 4295 3526 4364 τὴν
3547 4296 3810 4349 εὐτονίαν·

2145 4376 2205 4428 τό
2236 4394 2294 4428 τε
2324 4381 2433 4448 γὰρ
2459 4379 2557 4448 ήδὺ
2586 4379 2678 4431 καὶ
2708 4379 3124 4450 εὐπαράσκευον
3146 4384 3169 4421 ε
3197 4385 3292 4452 τῆς
3317 4382 3616 4452 τραπέζης,
3641 4383 3816 4436 καὶτὸ

2143 4463 2495 4534 δυσφώρατον
2531 4467 2629 4535 τῆς
2663 4467 2892 4531 κλοπῆς,
2932 4469 3090 4521 ἰκανά
3127 4472 3306 4523 πᾶσαν
3343 4467 3409 4540 ἦν
3437 4471 3688 4524 δελεάσαι
3717 4471 3816 4541 τὴν

2146 4552 2478 4622 φιλοσοφίαν.
2513 4555 2573 4606 Εἰ
2604 4555 2710 4623 γὰρ
2742 4557 2876 4626 κρέα
2899 4552 2987 4626 ἦν,
3020 4556 3163 4627 άπερ
3193 4559 3342 4627 ἕψειν
3367 4560 3460 4611 καὶ
3487 4559 3657 4629 ὀπτᾷν
3685 4559 3813 4624 ἔδει,

2143 4639 2242 4691 οὐκ
2281 4639 2346 4693 ἂν
2387 4639 2560 4703 οὕτως
2602 4641 2781 4693 αὐτῶν
2817 4643 3109 4712 ἐγοήτευσε
3140 4645 3237 4715 τὴν
3264 4645 3462 4715 ψυχὴν,
3506 4648 3563 4698 ἐν
3595 4645 3672 4716 τῷ
3706 4663 3812 4716 μα-

2144 4727 2412 4796 γειρεύειν
2443 4726 2582 4780 αὑτά
2607 4729 2701 4781 καὶ
2731 4731 2867 4799 πρὸς
2891 4731 3096 4802 τροφὴν
3126 4731 3564 4802 παρασκευάζειν
3597 4734 3816 4803 μελλόν-

2142 4831 2269 4876 των,
2295 4815 2388 4868 καί
2417 4814 2806 4883 βραδυνόντων,
2841 4819 2933 4870 καὶ
2964 4819 3404 4888 καραδοκούντων
3426 4822 3455 4860 h
3484 4821 3810 4876 ἁλώσεσθαι·

2142 4901 2339 4953 νυνίδέ
2371 4902 2519 4954 οὐδὲν
2552 4901 2789 4955 τοιοῦτον
2821 4899 2910 4973 ἦν,
2950 4904 3086 4958 ἀλλὰ
3119 4905 3244 4975 μέλι
3281 4908 3461 4976 μόνον,
3503 4908 3630 4961 ἔνθα
3664 4926 3811 4979 πρι-

2141 4989 2408 5057 γματείας
2443 4991 2538 5058 μὲν
2571 4990 2826 5060 οὐδεμιᾶς
2860 4992 2964 5044 ἔδει
3002 4995 3280 5064 τοιαύτης,
3307 4997 3464 5065 ἤρκει
3485 4996 3539 5048 δέ
3558 4997 3714 5066 ἄκρῳ
3733 4998 3814 5067 τῷ

2139 5074 2384 5146 δακτύλῳ
2428 5077 2675 5147 βάψαντα
2728 5084 3014 5149 μετασχεῖν
3045 5084 3142 5152 τῆς
3166 5082 3441 5152 τραπέζης
3477 5084 3570 5135 καὶ
3604 5083 3808 5139 λαθεῖν.

2153 5163 2290 5214 Ἀλλ’
2325 5164 2473 5234 ὅμως
2502 5167 2699 5220 ἐκεῖνοι
2727 5170 2974 5237 κατεῖχον
3004 5168 3104 5238 τῆς
3135 5167 3448 5237 ἐπιθυμίας,
3481 5170 3576 5223 καὶ
3603 5172 3704 5226 οὐκ
3728 5167 3810 5225 εἷ-

2141 5267 2238 5300 πον
2279 5251 2413 5321 πρὸς
2442 5253 2686 5316 ἐαυτούς·
2721 5254 2784 5306 Τί
2822 5255 2879 5306 δέ
2916 5257 3047 5326 ἡμῖν
3083 5256 3260 5325 μέλει;
3306 5257 3378 5326 μὴ
3407 5255 3516 5327 γὰρ
3557 5259 3620 5329 δὴ
3651 5261 3812 5330 ἡμῶν

2136 5353 2219 5400 τις
2251 5338 2503 5408 ὠμόσατο
2526 5343 2542 5381 ἰ
2576 5341 2768 5408 τοῦτο;
2795 5344 3000 5406 ἐκεῖνος
3023 5343 3182 5398 δώσει
3205 5346 3359 5417 δίκην
3382 5347 3490 5400 τῶν
3514 5350 3617 5401 ἀπε
3629 5349 3812 5416 ρισκέ-

2138 5441 2284 5478 πτων
2325 5427 2522 5497 ὅρκων.
2555 5429 2710 5493 Τίνος
2745 5430 2853 5502 γὰρ
2883 5432 3065 5484 ἕνεκεν
3096 5432 3284 5503 (byw;
3332 5435 3472 5487 Ἀλλ’
3505 5435 3655 5488 οὐδὲν
3687 5436 3809 5488 τού-

2197 5582 2225 5665 ς
2244 5582 2440 5693 Ely/tet
2460 5585 2655 5658 qpidam
2674 5589 2755 5635 alii
2780 5590 2861 5636 καὶ
2881 5592 3001 5638 πολὺ
3025 5592 3344 5654 ἀφεστηκότες
3368 5593 3588 5654 γαστρός·

2236 5683 2248 5692 .
2303 5657 2336 5693 ιι
2395 5662 2554 5693 ουμον.

2236 5665 2336 5693 ,ιὶιιι
2365 5665 2554 5695 οσυυιον.

2206 5662 2336 5777 {Elis
2351 5662 2728 5777 :ﬁﬁ‘vi‘nlcrp.
2756 5714 3080 5762 reslituimus.
3104 5713 3388 5777 Legebatur
3409 5712 3545 5762 λαοῦ.
3579 5716 3711 5763 Eun.

2197 5769 2222 5832 β
2248 5768 2356 5813 Sav.
2388 5768 2765 5832 ἐμπαράσκευον.

2192 5827 2220 5866 h
2243 5831 2354 5936 516v.
2380 5827 2428 5878 ili
2450 5827 2589 5879 ιωζιυ
2614 5835 3022 5895 προσδοκούντων.
3041 5836 3185 5888 Forte
3208 5839 3473 5901 legendum
3493 5839 3808 5903 προσδοκών-

2131 5907 2240 5937 των.
2289 5905 2404 5937 ,‘JHT.

2200 5951 2216 5989 ί
2247 5953 2341 6002 Alii
2365 5954 2653 6016 διωμόσατο.
