4112 6388
352 338 450 392 145

346 454 482 506 rium
510 450 600 504 sit.
645 447 889 505 Secundo
910 487 924 511 ,
958 446 1054 501 etsi
1083 461 1187 499 non
1231 453 1411 514 raptus
1431 484 1446 509 ,
1487 452 1580 495 aut
1625 439 1822 494 invitus
1849 445 1940 490 aut

348 543 598 610 ignorans
633 539 735 593 hoc
763 537 1009 608 patiatur,
1037 535 1104 589 ab
1132 535 1244 604 ipsa
1273 534 1348 587 rei
1380 540 1588 591 natura,
1620 540 1672 582 et
1697 527 1940 582 volunta-

346 633 462 687 rius
491 640 544 685 et
571 631 746 684 sciens
772 629 994 682 omnino
1026 626 1263 694 pejerare
1301 632 1536 692 cogetur.
1569 619 1773 690 Saepius
1796 618 1936 672 enim

350 723 497 778 domi
542 722 696 776 nobis
737 718 1152 789 prandentibus,
1185 725 1239 770 et
1267 728 1554 768 servorum
1593 712 1769 781 aliquo
1813 725 1936 778 pee-

352 824 542 878 cante,
575 827 634 865 se
675 810 822 864 illum
863 807 1243 879 flagellaturam
1276 821 1412 859 uxor
1437 802 1632 872 juravit
1653 841 1669 866 ,
1711 817 1832 854 mox
1861 800 1938 852 vir

358 906 683 960 contrarium
710 902 944 972 juravit,
996 911 1051 954 et
1089 899 1311 961 restitit,
1349 912 1446 950 nec
1495 895 1794 964 permisit‘.
1843 893 1940 946 [lic

357 995 614 1067 quidquid
647 994 885 1056 fecerint,
912 1005 1128 1046 necesse
1153 1000 1232 1044 est
1259 988 1477 1041 omnino
1509 987 1792 1056 perjnrium
1815 1000 1939 1038 cou-

360 1088 505 1144 stitui
537 1106 550 1140 :
582 1101 682 1140 nec
721 1086 860 1139 enim
889 1082 1184 1137 volentibus
1230 1081 1358 1148 ip~is
1393 1088 1446 1132 et
1471 1077 1806 1132 studentibus
1831 1074 1937 1144 jam

361 1193 442 1238 est
489 1159 742 1250 possibile
787 1176 1053 1232 custodire
1101 1175 1498 1244 juramentum;
1553 1169 1646 1224 sed
1690 1167 1940 1238 quidquid

361 1274 601 1338 accidat,
644 1273 874 1341 ipsorum
922 1269 1058 1323 alter
1098 1266 1309 1336 perjurii
1358 1279 1478 1330 reus
1507 1263 1628 1326 fiet,
1658 1261 1740 1316 vel
1771 1261 1944 1329 potius

363 1366 541 1430 ambo,
570 1363 673 1416 hoc
698 1362 900 1416 scilicet
927 1359 1105 1423 tnodo,
1134 1372 1292 1427 quem
1322 1355 1495 1410 dicam
1521 1372 1533 1406 :
1568 1354 1668 1406 hoc
1698 1352 1838 1405 enim
1865 1359 1947 1404 est

364 1454 696 1511 admirabile.
727 1452 942 1507 Juratus
985 1466 1043 1504 se
1068 1448 1454 1520 flagellaturum
1498 1459 1708 1500 servum
1737 1441 1818 1495 vel
1847 1457 1946 1494 an-

365 1548 598 1602 cillulam
623 1587 637 1609 ,
680 1553 865 1616 postea
896 1542 1190 1613 prohibitus
1211 1582 1224 1603 ,
1257 1548 1308 1593 et
1354 1539 1465 1606 ipse
1495 1535 1774 1605 pejeravit,
1818 1549 1950 1602 qun-

366 1641 511 1694 niam
541 1654 645 1692 non
677 1637 801 1690 fecit
825 1634 964 1705 quod
989 1633 1186 1703 juravit
1212 1651 1224 1686 :
1251 1640 1304 1685 et
1331 1630 1695 1698 prohibentem
1722 1641 1785 1680 ac
1807 1626 1952 1694 jura-

366 1731 533 1784 menti
565 1729 840 1781 veritatem
871 1725 1245 1794 impedientem
1277 1722 1489 1791 perjurii
1517 1721 1739 1775 crimine
1766 1719 1951 1786 alliga-

367 1825 464 1876 vit.
503 1820 618 1876 Non
650 1820 791 1875 enim
839 1819 1137 1888 pejerantes
1179 1825 1382 1868 tantum
1407 1855 1420 1879 ,
1464 1812 1558 1866 sed
1587 1812 1706 1866 aliis
1746 1825 1954 1879 qquue

369 1915 742 1970 necessitatem
773 1911 909 1965 hanc
931 1910 1238 1975 afferentes,
1267 1905 1575 1962 eorumdem
1600 1905 1674 1958 rei
1701 1912 1825 1956 sunt
1853 1904 1957 1955 cri-

370 2007 574 2061 minum
607 2022 620 2057 :
651 2019 753 2058 nec
799 2002 941 2058 domi
996 2011 1235 2065 tantum,
1268 1998 1363 2053 sed
1403 2007 1459 2052 et
1501 1999 1553 2050 in
1601 1995 1811 2065 publico
1857 1993 1959 2047 huc

373 2100 638 2169 quispiam
671 2098 782 2150 fieri
815 2096 1028 2160 videat,
1061 2103 1114 2147 et
1156 2095 1206 2146 in
1240 2092 1719 2162 pugnis‘maxime,
1748 2087 1960 2157 quando

376 2192 518 2244 inter
543 2205 600 2243 se
633 2195 926 2257 pugnantes
956 2184 1219 2238 contraria
1241 2183 1424 2252 juraut
1453 2199 1464 2233 :
1499 2179 1584 2233 hic
1609 2177 1820 2248 quidem
1848 2194 1964 2230 ver-

379 2285 715 2346 beratnrnm,
746 2280 833 2334 ille
855 2295 982 2333 vero
1007 2293 1112 2332 non
1142 2277 1473 2330 verberatum
1500 2273 1562 2326 iri
1596 2291 1606 2324 :
1637 2271 1724 2326 hic
1751 2272 1962 2339 pallium

380 2393 441 2431 se
469 2376 768 2430 ablaturum
790 2417 805 2439 ,
851 2373 944 2427 ille
972 2387 1076 2426 non
1118 2371 1500 2441 permissurum
1531 2384 1544 2420 :
1577 2366 1664 2419 hic
1689 2377 1964 2432 argentum

381 2485 440 2523 se
467 2468 838 2537 repetiturum,
873 2465 963 2519 ille
986 2478 1113 2517 vero
1137 2477 1196 2516 se
1227 2477 1332 2514 non
1363 2458 1692 2512 redditurum
1722 2474 1733 2507 :
1759 2464 1814 2508 et
1836 2455 1968 2507 mul-

384 2571 435 2612 ta
478 2559 580 2612 alia
620 2555 1005 2611 enittetidentes
1047 2554 1227 2623 jurant
1267 2550 1591 2620 hujusmodi.
1627 2548 1739 2601 lloe
1763 2563 1889 2600 vero
1917 2555 1970 2599 et

386 2652 440 2704 in
467 2649 692 2705 officinis
720 2657 773 2701 et
800 2647 999 2700 scholis
1019 2644 1280 2714 quispiam
1301 2642 1516 2696 evenire
1543 2639 1738 2693 videat.
1767 2637 1971 2706 Saepius

386 2742 583 2811 quippe
630 2739 818 2794 artifex
865 2736 1183 2806 discipulum
1222 2733 1503 2788 comedere
1542 2739 1596 2785 et
1643 2731 1823 2784 bibere
1866 2745 1970 2782 non

388 2833 534 2902 prius
560 2847 617 2886 se
648 2830 1026 2900 permissurum
1056 2841 1174 2880 esse
1199 2824 1430 2894 juravit,
1461 2839 1614 2892 quam
1642 2832 1807 2874 tutum
1842 2836 1974 2889 opus

392 2927 686 2994 injunctum
714 2923 1028 2992 expedierit.
1062 2921 1173 2975 lloc
1197 2931 1375 2973 autem
1405 2927 1458 2972 et
1498 2916 1814 2985 paedagogus
1835 2927 1976 2980 Sthc

394 3017 446 3070 in
476 3031 696 3084 puerum
725 3023 778 3068 et
803 3014 856 3068 in
880 3012 1126 3067 ancillam
1151 3010 1365 3066 domina
1395 3009 1518 3062 fecit
1543 3023 1556 3059 :
1580 3015 1633 3059 et
1654 3020 1872 3059 necesse
1897 3012 1978 3056 est

395 3107 803 3176 superveniente
833 3119 1093 3173 vespere,
1141 3113 1195 3157 et
1239 3117 1400 3170 opere
1444 3114 1548 3152 non
1600 3099 1852 3166 impleto,
1897 3095 1978 3148 vel

398 3199 538 3254 fame
583 3214 689 3253 non
736 3197 1082 3267 expedientes
1109 3195 1357 3260 absumi,
1402 3193 1486 3246 vel
1529 3193 1732 3260 iuratos
1765 3190 1982 3243 omnino

399 3296 660 3364 pejerare.
713 3293 974 3362 Malignus
1014 3293 1157 3346 enim
1187 3290 1395 3345 da‘mon
1441 3288 1531 3342 ille
1576 3287 1730 3341 bonis
1774 3300 1985 3355 semper

401 3389 598 3442 no~tris
626 3387 879 3440 insidians
904 3385 1106 3446 adstat,
1141 3394 1195 3438 et
1225 3383 1650 3452 juramentorum
1694 3379 1984 3432 necessita-

403 3490 509 3534 tem
532 3479 773 3542 audiens,
799 3478 850 3531 in
875 3486 1140 3545 torporem
1162 3475 1425 3528 obnoxios
1453 3471 1695 3540 impellit,
1721 3469 1804 3522 vel
1826 3467 1985 3521 aliam

404 3573 621 3625 molitur
645 3569 1012 3624 difficultatem
1038 3609 1051 3630 ,
1086 3576 1145 3620 ut
1171 3581 1278 3620 non
1309 3565 1526 3634 impleto
1555 3576 1717 3630 opere
1743 3568 1797 3614 et
1826 3560 1990 3628 plagae

406 3675 460 3718 et
488 3662 824 3719 contumeliae
851 3669 906 3715 et
945 3659 1174 3729 perjuria
1215 3666 1268 3711 et
1307 3654 1508 3709 infinita
1550 3654 1650 3707 alia
1680 3651 1816 3704 mala
1844 3649 1988 3702 fiant.

409 3758 556 3813 Sicut
594 3755 737 3811 enim
769 3753 918 3824 pueri
951 3752 1239 3805 funiculum
1271 3749 1486 3817 longum
1517 3757 1570 3800 et
1595 3753 1899 3811 corruptum
1927 3756 1993 3793 ex

411 3848 682 3904 contrario
704 3848 846 3900 inter
871 3859 930 3899 se
957 3843 1225 3897 trahentes
1249 3855 1369 3894 cum
1399 3839 1566 3892 multo
1595 3839 1792 3904 impetu
1819 3831 1995 3901 supini

415 3955 603 3996 omnes
630 3938 829 3994 cadunt
874 3935 1110 3990 funiculo
1154 3948 1247 4002 per
1277 3930 1508 3986 medium
1539 3928 1780 3994 disrupto
1799 3965 1817 3991 ,
1860 3933 1916 3977 et
1945 3923 1996 3974 hi

418 4033 630 4103 quidem
658 4031 852 4101 capite,
878 4030 952 4084 illi
978 4043 1109 4082 vero
1137 4027 1238 4080 alia
1263 4023 1502 4093 corporis
1530 4029 1677 4090 parte
1704 4018 1962 4073 feriuntur
1985 4034 1996 4068 :

420 4131 496 4181 sic
521 4136 576 4182 et
604 4126 743 4179 inter
773 4140 833 4178 se
861 4122 1126 4178 contraria
1150 4120 1422 4188 jurantes,
1447 4115 1754 4185 juramento
1791 4126 1887 4181 pro
1914 4126 1998 4162 re-

423 4237 540 4274 rum
570 4218 891 4273 necessitate
916 4215 1180 4282 disrupta,
1211 4213 1263 4266 in
1293 4209 1512 4279 perjurii
1543 4206 1849 4262 barathrum
1878 4203 2007 4256 utri-

426 4332 527 4386 que
552 4314 782 4379 eadunt,
817 4311 870 4365 bi
913 4309 1125 4381 quidem
1172 4303 1482 4376 pejerando,
1517 4301 1590 4354 illi
1618 4314 1748 4354 vero
1791 4296 2005 4367 periurii

427 4424 643 4466 causam
688 4407 808 4460 aliis
836 4401 1139 4474 praebendo.

499 4501 556 4556 2.
586 4500 672 4554 Ea:
693 4497 866 4553 Saulis
892 4496 1101 4548 historia
1120 4494 1530 4563 juramentorum
1556 4485 1824 4555 perniciem
1850 4494 2014 4535 osten-

431 4594 526 4646 dit.
554 4621 626 4632 —
654 4589 723 4644 Et
748 4599 805 4642 ut
833 4587 934 4641 ltoc
971 4603 1074 4639 non
1116 4594 1315 4638 tantum
1353 4597 1417 4635 ex
1448 4580 1512 4633 iis
1537 4592 1656 4646 qua:
1682 4573 1917 4646 quotidie
1961 4574 2012 4626 in

435 4682 685 4736 domibus
709 4687 762 4733 et
789 4677 976 4746 plateis
1003 4675 1155 4738 fiunt,
1180 4672 1272 4726 sed
1301 4672 1461 4725 etiam
1485 4683 1551 4722 ex
1581 4667 1708 4738 ipsis
1731 4662 2018 4731 Scripturis

438 4775 508 4828 sit
547 4772 882 4828 manifestum
910 4810 925 4835 ,
971 4768 1239 4836 antiquam
1277 4763 1427 4818 vobis
1471 4760 1752 4832 quamdam
1793 4755 2019 4811 narrabo

443 4866 718 4921 historiam
745 4863 902 4918 dictis
931 4859 1352 4914 convenientem.
1385 4855 1574 4910 Hostes
1619 4849 1901 4921 aliquando
1924 4848 2020 4902 Ju-

443 4961 592 5014 dzeos
608 4974 727 5012 cum
751 4955 1089 5016 invasissent,
1104 4965 1295 5018 eosque
1317 4947 1570 5002 Jonatbas
1590 4957 1867 5014 aggressus
1882 4947 2024 4995 esset

446 5055 556 5126 (hic
579 5060 757 5107 autem
783 5057 898 5103 erat
919 5047 1092 5102 Saulis
1120 5042 1300 5112 filius),
1321 5053 1373 5095 et
1401 5041 1499 5094 hos
1524 5039 1734 5108 quidem
1764 5033 2024 5088 trucidas-

448 5156 550 5207 set,
595 5144 715 5198 illos
767 5155 896 5196 vero
941 5140 993 5192 in
1041 5137 1215 5206 fugam
1259 5132 1646 5189 convertisset:
1674 5129 1856 5181 volens
1899 5124 2024 5179 Saftl

453 5238 611 5307 hujus
659 5245 808 5305 pater
844 5230 1071 5300 amplius
1101 5237 1283 5284 contra
1312 5225 1542 5292 reliquos
1565 5221 1851 5275 exercitum
1882 5217 2030 5272 exci-

454 5343 588 5394 tare,
619 5341 672 5382 et
699 5328 873 5382 facere
900 5343 965 5378 ne
1000 5322 1146 5392 prius
1169 5321 1450 5375 absastnret
1472 5359 1486 5380 ,
1518 5331 1674 5386 quam
1719 5329 1904 5368 omnes
1934 5328 2031 5381 op-

455 5420 775 5491 pressisset,
820 5413 1143 5470 contrarium
1187 5425 1344 5481 quam
1387 5407 1584 5471 voluit,
1619 5405 1784 5460 fecit:
1827 5405 2035 5472 juratus

458 5513 730 5567 neminem
779 5521 946 5577 usque
995 5505 1061 5559 ad
1110 5516 1385 5572 vesperam
1446 5513 1634 5568 panem
1680 5507 2036 5551 comesturum

462 5619 630 5674 usque
659 5601 724 5654 ad
755 5600 984 5654 hostium
1009 5596 1264 5651 ultionem
1290 5605 1526 5646 suorum.
1555 5587 1690 5656 Quid
1728 5601 1916 5655 nempe
1943 5585 2040 5639 hac

530 5761 547 5791 ¹
581 5756 723 5807 savil.
743 5767 794 5805 et
817 5754 1009 5818 plurimi
1031 5747 1350 5818 Manuscripti.
1372 5751 1679 5797 Contrarium
1693 5742 1881 5807 ,γειναυή
1899 5748 1944 5793 et
1969 5753 2045 5792 re-

469 5820 584 5875 stitit
607 5811 890 5871 contenditis
914 5826 957 5869 ct
979 5831 1070 5868 non
1093 5811 1386 5881 permittens.

1225 331 1318 386 AD
1355 327 1673 386 POPULUM
1715 323 2201 380 ANTIOCHENUM
2263 325 2491 382 llOMlL.
2535 325 2669 382 XIV.

3518 330 3620 384 ΝΘ

2045 454 2104 491 re
2147 439 2361 495 stultius
2405 440 2517 494 fieri
2564 439 2787 511 posset?
2832 439 3099 509 Fatigatos
3137 442 3308 503 enim,
3351 449 3405 493 et
3441 439 3621 494 lnbtn'e

2044 534 2212 589 multo
2253 549 2464 603 pressos
2508 535 2699 588 milites
2740 549 2860 586 cmn
2900 533 3197 587 refocillare
3225 533 3529 593 debuisset,
3571 543 3622 585 et

2046 628 2292 684 fortiores
2335 627 2576 682 hostibus
2608 627 2892 680 immittere
2913 667 2926 689 ,
2968 625 3212 680 hostibus
3243 626 3371 695 ipsis
3411 625 3622 695 gravius

2045 737 2138 775 eos
2169 721 2344 774 habuit
2369 761 2382 785 ,
2414 735 2508 788 per
2530 719 2813 787 jttramenti
2842 718 3210 772 necessitatem
3254 716 3380 770 fami
3417 718 3620 787 gravis-

2046 814 2193 865 simae
2235 811 2377 880 ipsos
2409 810 2622 863 tradens
2659 810 2734 878 (1.
2765 809 2888 879 Heg.
2916 809 3000 862 14.
3024 808 3113 861 24.
3138 806 3342 876 etsqq.)
3371 823 3383 858 :
3413 808 3625 877 pericu-

2049 904 2218 956 losum
2263 901 2457 971 quippe
2495 900 2562 954 de
2603 901 2779 968 seipso
2821 898 3122 969 quempiam
3162 899 3380 966 jurare;
3433 899 3628 965 saepius

2047 998 2186 1052 enim
2215 1011 2244 1049 a
2274 1012 2451 1049 rerum
2474 993 2867 1049 circumstantia
2899 992 3137 1061 cogimur
3161 1006 3175 1054 ;
3203 990 3426 1043 aliorum
3453 998 3628 1042 autem

2047 1089 2364 1142 sententiam
2402 1087 2826 1156 juramentorum
2874 1097 3094 1136 suorum
3135 1080 3452 1135 necessitate
3480 1095 3631 1134 com-

2051 1179 2399 1248 prehendere,
2428 1178 2596 1231 multo
2623 1175 2972 1244 periculosius
2991 1215 3005 1237 ,
3037 1183 3093 1227 et
3117 1171 3346 1224 maxime
3371 1185 3491 1223 cum
3523 1184 3628 1222 non

2050 1271 2116 1325 de
2149 1285 2255 1324 uno
2279 1312 2292 1334 ,
2327 1278 2419 1323 aut
2446 1267 2650 1321 duobus
2680 1265 2762 1319 vel
2810 1265 2976 1317 tribus
2999 1303 3014 1328 ,
3063 1261 3156 1315 sed
3201 1261 3267 1315 de
3298 1257 3634 1313 multitudine

2053 1363 2171 1433 quis
2199 1361 2398 1415 infinita
2419 1360 2560 1427 jurct
2588 1376 2600 1411 :
2631 1358 2766 1411 sicut
2787 1366 2908 1409 tunc
2929 1353 3052 1409 Sat'il
3077 1351 3464 1406 inconsiderate
3492 1350 3632 1408 fecit,

2056 1469 2227 1522 neque
2255 1451 2502 1518 cogitavit
2543 1447 2904 1504 verisimiliter
2937 1461 3000 1499 ex
3045 1451 3192 1498 tanto
3223 1455 3442 1495 numero
3472 1455 3633 1492 ttnum

2056 1545 2244 1599 saltem
2271 1544 2628 1612 juramentum
2658 1550 3111 1608 transgressurum
3143 1549 3279 1597 esse,
3310 1547 3483 1602 neque
3512 1546 3640 1584 con-

2057 1635 2310 1692 sideravit
2339 1635 2533 1689 milites
2576 1642 2629 1687 et
2666 1631 2866 1686 milites
2905 1636 3198 1700 pugnantes
3219 1669 3232 1692 ,
3281 1635 3333 1679 et
3362 1625 3582 1678 multum
3611 1637 3639 1674 a

2063 1726 2392 1797 philosophia
2439 1725 2641 1779 alienos
2683 1733 2922 1777 ventrem
2954 1721 3169 1773 vincere
3210 1731 3314 1770 non
3366 1729 3554 1784 posse.
3588 1721 3643 1766 et

2063 1821 2292 1874 maxime
2319 1834 2438 1873 cum
2483 1817 2631 1872 labor
2657 1817 2728 1870 sit
2768 1813 3048 1882 plurimus.
3079 1809 3185 1864 Sed
3213 1809 3328 1862 haec
3351 1805 3527 1858 omnia
3560 1804 3645 1856 ille

2063 1912 2362 1982 despiciens
2387 1951 2402 1976 ,
2437 1919 2703 1976 tamquam
2735 1907 2803 1959 de
2846 1919 2952 1958 uno
2997 1910 3201 1954 tantum
3245 1912 3399 1952 servo
3436 1895 3641 1964 jurans,

2065 2022 2221 2076 quem
2254 2004 2406 2059 facile
2433 2002 2682 2056 cohibere
2711 2007 2910 2068 pOSset,
2943 1996 3019 2048 sic
3044 1994 3110 2047 de
3132 1992 3273 2045 omni
3302 1988 3646 2042 ratiocinatus

2067 2109 2146 2154 est
2175 2097 2431 2152 exercitu.
2460 2094 2530 2148 Et
2553 2092 2674 2147 ideo
2696 2100 2898 2145 tantum
2921 2085 3135 2142 diabolo
3174 2083 3375 2138 aditum
3417 2079 3646 2148 aperuit,

2070 2202 2124 2244 ut
2167 2205 2272 2243 non
2305 2186 2463 2241 modo
2491 2185 2596 2238 duo
2634 2193 2688 2237 et
2733 2183 2832 2235 tria
2875 2189 2926 2234 et
2957 2188 3182 2248 quatuor
3208 2217 3220 2239 ,
3268 2173 3362 2229 sed
3404 2180 3458 2225 et
3487 2169 3650 2222 multo

2073 2285 2220 2352 plura
2253 2280 2355 2335 hoc
2383 2295 2445 2334 ex
2473 2279 2774 2347 juramento
2805 2273 2949 2327 brevi
2983 2280 3220 2336 tempore
3251 2264 3478 2334 perjuria
3507 2269 3651 2314 texe-

2074 2383 2172 2428 ret.
2217 2373 2368 2426 Sicut
2393 2371 2536 2426 enim
2565 2384 2685 2422 cum
2730 2365 2862 2418 nihil
2902 2361 3120 2416 omnino
3159 2359 3434 2427 juramus,
3466 2363 3655 2404 omnes

2076 2465 2172 2532 ipsi
2203 2464 2376 2517 aditus
2402 2460 2729 2514 obstruimus
2757 2474 2774 2512 :
2806 2456 2874 2508 ita
2905 2452 2950 2507 si
2989 2465 3150 2506 unum
3194 2449 3469 2501 dumtaxat
3506 2442 3655 2511 jura-

2077 2566 2312 2612 mentum
2343 2553 2681 2609 emiserimus
2705 2591 2718 2611 ,
2772 2547 2870 2616 ipsi
2913 2557 3156 2613 magnam
3206 2539 3406 2593 infinita
3437 2549 3658 2602 compo-

2077 2649 2238 2705 nendi
2268 2646 2497 2719 perjuria
2539 2649 2852 2710 potestatem
2895 2637 3214 2707 praebemus.
3245 2631 3312 2684 Et
3337 2629 3476 2682 sicut
3506 2625 3541 2678 ii
3570 2623 3660 2692 qui

2078 2753 2295 2798 catenas
2320 2739 2670 2808 complicant,
2703 2733 2746 2788 si
2784 2747 2906 2786 eum
2937 2730 3022 2799 qui
3051 2735 3208 2794 caput
3241 2732 3383 2777 tenet
3409 2719 3660 2778 habeant,

2082 2834 2232 2889 facile
2258 2841 2314 2887 et
2336 2831 2618 2899 diligenter
2643 2835 2807 2879 totam
2836 2821 3121 2899 expediunt
3148 2815 3404 2869 nodorum
3435 2808 3659 2864 seriem:

2083 2926 2126 2978 si
2148 2940 2274 2979 vero
2299 2922 2386 2992 qui
2416 2919 2576 2974 faciat
2607 2918 2707 2971 hoc
2728 2914 2866 2968 adsit
2893 2891 3077 2975 nemo,
3095 2922 3194 2962 nec
3221 2905 3424 2958 initium
3451 2897 3664 2969 aggredi

2084 3024 2345 3088 possunt:
2374 3012 2562 3067 eodem
2605 3008 2762 3062 modo
2789 3003 3032 3060 diabolus
3075 3013 3285 3070 quoque
3329 3003 3665 3065 peccatorum

2086 3120 2390 3164 nostrorum
2421 3115 2634 3158 catenas
2663 3108 2904 3160 nectens,
2935 3093 3033 3147 nisi
3061 3107 3089 3144 a
3117 3091 3289 3158 lingua
3315 3097 3495 3140 nostra
3521 3081 3672 3152 priu-

2087 3200 2283 3270 cipium
2329 3197 2522 3260 ducat,
2573 3205 2670 3244 nec
2713 3185 2925 3258 aggredi
2969 3181 3178 3253 quidem
3209 3179 3415 3248 possit;
3459 3174 3503 3227 si
3542 3185 3671 3225 vero

2089 3305 2189 3345 nos
2236 3286 2553 3359 principium
2590 3283 2866 3335 dumtaxat
2910 3273 3230 3332 fecerimus,
3287 3269 3462 3336 lingua
3519 3262 3672 3332 quasi

2093 3398 2272 3443 manu,
2318 3380 2678 3449 juramentum
2722 3369 2877 3424 nobis
2920 3363 3292 3424 retinentibus,
3340 3372 3461 3411 cum
3510 3352 3673 3406 multa

2089 3477 2197 3545 jam
2228 3471 2436 3526 licentia
2478 3465 2763 3534 malignam
2802 3470 2970 3514 artem
3009 3470 3156 3510 suam
3199 3459 3432 3511 exercet,
3477 3462 3543 3499 ex
3570 3459 3675 3496 uno

2091 3568 2394 3636 juramento
2425 3560 2702 3613 innumera
2730 3564 3056 3620 componens
3082 3553 3136 3600 et
3179 3554 3364 3598 texens
3405 3537 3635 3609 perjuria
3661 3553 3674 3587 :

2097 3629 2237 3728 quod
2284 3653 2518 3722 profecto
2555 3657 2609 3704 et
2648 3659 2790 3701 nunc
2831 3644 2882 3696 in
2925 3641 3088 3696 Saﬁle
3131 3638 3216 3690 hic
3253 3633 3444 3688 effecit.
3488 3629 3679 3696 Aspice

2101 3744 2489 3816 nempe'qualis
2519 3744 2619 3794 hoc
2659 3740 2962 3808 juramento
2993 3732 3213 3799 laqueus
3253 3725 3509 3780 exoritur.
3557 3720 3680 3790 Syl-

2103 3859 2219 3896 vam
2246 3810 2547 3909 praeteribat
2568 3833 2835 3888 exercitus
2861 3826 3117 3896 apiarium
3145 3821 3450 3880 habentem,
3476 3822 3529 3867 et
3556 3810 3682 3865 illud

2103 3946 2227 3988 ante
2258 3932 2443 3985 faciem
2473 3926 2583 3996 agri
2613 3926 2652 3989 ‘,
2681 3932 2735 3977 et
2764 3923 3034 3987 ingressus
3064 3923 3146 3969 est
3177 3911 3401 3980 populus
3437 3907 3502 3959 ad
3542 3905 3687 3970 apia-

2106 4029 2282 4090 rium,
2315 4032 2370 4076 et
2413 4017 2674 4073 transibat
2719 4013 2963 4081 loquens.
3008 4004 3196 4058 Vidisti
3241 4009 3493 4070 quantum
3536 3996 3689 4048 hara-

2111 4116 2323 4172 thrum?
2350 4113 2526 4166 Mensa
2548 4108 3041 4172 extemporanea,ut
3061 4105 3115 4150 et
3135 4089 3422 4147 accedendi
3447 4086 3688 4148 facilitas,

2111 4221 2165 4265 et
2192 4204 2499 4262 nutrimenti
2530 4201 2793 4259 suavitas,
2824 4204 2878 4247 et
2909 4189 3103 4245 latendi
3131 4200 3253 4254 spes
3282 4184 3334 4235 in
3358 4181 3688 4250 juramento—

2114 4319 2230 4358 rum
2279 4295 2755 4366 transgressionem
2803 4289 2946 4355 ipsos
2982 4282 3238 4336 alliceret.
3272 4274 3402 4329 Nam
3447 4271 3613 4323 fames
3643 4275 3696 4318 ct

2118 4397 2265 4450 labor
2295 4403 2346 4445 et
2375 4356 2584 4458 tempus
2607 4382 2810 4456 (Omnis
2829 4379 2994 4442 enim,
3023 4373 3211 4441 inquit,
3236 4378 3369 4422 terra
3396 4356 3696 4430 prandebat)

2120 4487 2340 4555 (LReg.
2366 4451 2561 4549 14.9.5)
2585 4451 2710 4529 tunc
2730 4473 2794 4526 ad
2819 4464 3308 4540 prtevaricalionetn
3330 4451 3693 4523 impellebant.

2119 4579 2381 4635 Favorum
2429 4578 2673 4638 aspectus
2715 4575 2926 4634 quoque
2971 4554 3132 4610 animi
3181 4551 3414 4618 vigorem
3465 4542 3699 4604 solvens,

2123 4670 2453 4725 extrinsecus
2495 4663 2638 4730 ipsos
2666 4654 2936 4710 invitabat.
2974 4648 3170 4702 Mensae
3201 4641 3341 4696 enim
3371 4649 3482 4690 tum
3509 4634 3703 4703 jucun-

2125 4723 2294 4822 ditas,
2327 4769 2434 4810 tum
2466 4723 2634 4807 facilis
2670 4751 2953 4816 apparatus
2974 4781 2989 4806 ,
3034 4747 3089 4791 et
3114 4727 3544 4803 deprehendendi
3578 4723 3701 4777 furti

2128 4814 2408 4907 difficultas
2449 4855 2660 4897 omnem
2704 4814 3091 4906 philosophiam
3140 4826 3322 4878 fallere
3354 4825 3614 4890 poterant.
3648 4814 3704 4868 Si

2132 4961 2322 5014 nempe
2342 4955 2530 4997 carnes
2560 4936 2801 4995 fuissem,
2829 4941 2960 4997 quas
2989 4924 3190 4978 elixare
3208 4918 3292 4972 vel
3321 4926 3524 4969 torrere
3553 4923 3711 4977 opor-

2135 5009 2296 5100 teret,
2331 5053 2434 5088 non
2475 5040 2676 5084 tantum
2723 5025 2958 5092 ipsorum
2987 5017 3194 5070 animos
3220 5009 3560 5067 allexissent,
3591 5016 3711 5055 cum

2138 5138 2188 5188 in
2220 5133 2348 5202 ipsis
2377 5122 2668 5196 coquendis
2697 5126 2751 5172 et
2776 5115 2842 5170 ad
2871 5126 3046 5168 escam
3083 5099 3450 5178 prmparandis
3478 5091 3717 5151 cunctari

2138 5237 2189 5280 et
2219 5194 2428 5277 tardare
2447 5194 2738 5285 oporteret,
2773 5209 2826 5260 in
2853 5221 2911 5259 re
2954 5195 3280 5271 deprehendi
3305 5194 3676 5258 exspectantes
3705 5199 3717 5234 :

2143 5330 2280 5370 nunc
2308 5327 2436 5367 vero
2467 5308 2535 5362 nil
2566 5314 2680 5358 erat
2709 5301 2812 5355 tale.
2837 5341 2851 5363 ,
2895 5294 2990 5350 sed
3021 5291 3124 5346 mel
3155 5288 3325 5344 solum
3346 5325 3361 5347 ,
3408 5279 3496 5333 ubi
3537 5275 3719 5330 labore

2144 5409 2288 5462 nullo
2314 5418 2446 5473 opus
2473 5407 2624 5460 erat;
2667 5389 2964 5448 sufficiebat
2999 5392 3176 5436 autem
3207 5385 3472 5430 summum
3497 5365 3718 5466 digitum

2146 5501 2488 5566 intingentem
2520 5506 2586 5545 ex
2617 5498 2799 5541 mensa
2828 5493 3040 5550 capere.
3072 5473 3444 5527 Verumtamen
3472 5461 3546 5514 illi
3575 5456 3721 5525 cupi-

2147 5548 2363 5650 ditatzm
2408 5586 2802 5645 continuerunt,
2847 5548 2945 5629 nec
2988 5571 3126 5623 intra
3170 5578 3230 5619 se
3273 5560 3560 5620 dixerunt,
3587 5548 3724 5620 Quid

2223 5799 2238 5831 ί
2274 5803 2347 5845 διο
2372 5790 2561 5856 plurimi
2588 5797 2692 5839 Mss.
2712 5779 2924 5838 namcf,
2953 5771 3131 5841 populi,
3159 5763 3406 5835 pro,agri.
