4112 6388
314 350 415 401 H'J

387 462 566 531 Πόρνη
612 465 719 532 γὰρ
753 459 924 529 φιλεῖν
969 461 1069 513 οῦκ
1118 460 1437 525 ἐπίσταται,
1483 457 1597 512 ἀλλ’
1640 456 1981 509 ἐπιϐουλεύει

320 549 477 620 μόνον
497 566 510 578 ·
562 548 638 601 ίὺν
669 548 782 619 ἔχει
807 550 976 620 αὐτῆς
1004 549 1067 601 τὸ
1094 548 1325 618 φίλημα,
1357 547 1451 600 καὶ
1485 545 1775 615 φάρμακον
1817 543 1980 613 δηλη-

316 638 503 706 τήριον
535 636 599 689 τὸ
633 636 826 706 στόμα.
876 635 937 688 Εἰ
965 636 1021 688 δέ
1059 635 1120 687 ού
1164 634 1415 703 φαίνεται
1448 631 1668 694 εὐθέως,
1702 629 1790 683 διὰ
1826 631 1984 682 τοῦτο

321 724 520 792 μᾶλλον
558 723 889 792 ἀποφεύγειν
931 721 1098 793 αὐτὴν
1139 722 1238 784 ζεῖ,
1262 722 1345 774 ὅτι
1374 716 1708 790 περιέστειλε
1744 716 1835 769 τὸν
1866 717 1987 769 ὄλε-

319 810 467 881 θρον,
516 812 609 865 καὶ
652 811 743 864 τὸν
789 810 1016 864 θάνατον
1061 807 1511 880 ἐγκεκρυμμένον
1559 806 1695 876 ἔχει,
1744 804 1837 857 καὶ
1867 805 1987 857 ούδέ

318 898 544 969 ἀφίησιν
576 901 640 953 ἐκ
669 899 968 969 προοιμίων
996 897 1246 965 γενέσθαι
1279 894 1602 964 κατάδηλον.
1632 893 1794 945 Ὥστε
1828 892 1881 944 εἴ
1905 909 1988 953 τις

319 985 512 1056 ⁴ἡδονὴν
558 985 763 1049 διώκει,
812 987 905 1038 καὶ
957 984 1225 1056 εὐθυμίας
1268 982 1508 1053 γέμοντα
1560 979 1694 1049 βίον,
1747 981 1846 1042 τὰς
1877 979 1987 1031 τῶν

320 1074 731 1145 πορνευομένων
760 1074 1032 1141 γυναικῶν
1068 1073 1319 1144 φευγέτω
1367 1069 1682 1131 συνουσίας·
1737 1067 1987 1137 πολέμων

318 1161 428 1233 γὰρ
478 1160 684 1233 μυρίων
728 1162 819 1215 καὶ
857 1161 1100 1232 θορύϐων
1143 1159 1242 1224 τὰς
1279 1158 1387 1211 τῶν
1424 1156 1670 1228 ἐραστῶν
1718 1153 1985 1226 πληροῦσι

317 1248 513 1319 ψυχάς,
548 1249 727 1320 μάχας
751 1250 932 1312 αὐτοῖς
962 1249 1056 1302 καὶ
1088 1246 1414 1317 φιλονεικίας
1444 1244 1691 1298 κινοῦσαι
1719 1243 1985 1314 διηνεκεῖς

317 1337 405 1391 διά
450 1337 733 1408 ῥημάτων,
761 1336 850 1391 διὰ
892 1337 1233 1407 πραγμάτων
1272 1334 1546 1388 ἁπάντων.
1596 1333 1706 1385 Καὶ
1735 1329 1988 1399 καθάπερ

317 1425 368 1478 οί
400 1424 509 1480 τῶν
541 1424 749 1496 ἐχθρῶν
780 1423 1193 1495 πολεμιώτατοι,
1229 1423 1373 1475 οὕτω
1399 1422 1463 1493 δὴ
1498 1422 1591 1474 καὶ
1618 1415 1779 1474 αὗται
1810 1418 1988 1472 πάντα

318 1511 532 1564 ποιοῦσι
552 1512 646 1566 καὶ
674 1511 1173 1583 πραγματεύονται,
1202 1509 1342 1563 ὥστε
1377 1510 1473 1562 καὶ
1501 1507 1733 1578 αἰσχύνῃ
1770 1507 1863 1559 καὶ
1887 1522 1985 1558 πε-

318 1600 408 1672 νίᾳ
436 1600 531 1652 καὶ
557 1603 669 1663 τοῖς
699 1600 946 1669 ἐσχάτοις
973 1600 1167 1661 αὐτοὺς
1196 1596 1510 1668 περιϐαλεῖν
1545 1597 1751 1653 κακοῖς.
1789 1592 1899 1646 Καὶ
1929 1592 1987 1645 ὃν

318 1688 518 1759 τρόπον
551 1690 599 1742 οί
633 1688 865 1759 θηραταί
896 1687 964 1741 τὰ
992 1687 1183 1740 δίκτυα
1226 1685 1681 1746 ἀναπετάσαντες,
1712 1682 1781 1735 τά
1820 1682 1989 1752 ἄγρια

318 1775 426 1830 τῶν
474 1773 628 1841 ζώων
670 1775 959 1846 ἐμϐάλλειν
1008 1772 1395 1844 ἐπιχειροῦσιν,
1445 1771 1587 1825 ὥστε
1635 1771 1776 1825 αὐτὰ
1822 1787 1989 1823 κατα-

318 1862 552 1931 σφάξαι·
587 1863 726 1915 οὕτω
752 1862 816 1934 δὴ
840 1865 933 1916 καὶ
958 1855 1139 1923 αὗται,
1166 1860 1384 1915 ἐπειδάν
1406 1859 1472 1913 τά
1502 1858 1682 1930 πτερά
1701 1859 1799 1926 τῆς
1830 1858 1990 1910 ἀσελ-

315 1951 471 2019 γείας
500 1952 765 2005 πάντοθεν
796 1952 1177 2004 ἀναπετάσωσι
1209 1949 1275 2002 δι’
1307 1946 1601 2019 ὀφθαλμῶν
1651 1946 1744 1999 καὶ
1778 1945 1990 2016 σχημά-

312 2055 422 2093 των
451 2040 545 2093 καὶ
573 2040 853 2112 ῥημάτων,
886 2039 1006 2092 εἶτα
1037 2040 1161 2101 τοὺς
1195 2036 1405 2091 ἑαυτῶν
1443 2036 1678 2107 ἐραστάς
1709 2034 1988 2105 ἐμϐάλωσι

315 2128 410 2181 καὶ
449 2127 849 2195 καταδήσωσιν,
891 2127 953 2179 οὐ
992 2126 1255 2197 πρότερον
1285 2125 1631 2194 ἀφίστανται,
1662 2124 1766 2187 ἕως
1796 2124 1863 2177 ἂν
1889 2123 1988 2175 αὐ-

312 2215 423 2269 τῶν
466 2216 561 2268 καὶ
610 2215 742 2267 αὐτὸ
774 2214 836 2267 τὸ
878 2209 1017 2284 αἷμα
1062 2214 1349 2276 ἐκπίωσιν,
1390 2211 1819 2283 ἐπεμϐαίνουσαι
1853 2210 1991 2282 μετά

311 2302 487 2358 ταῦτα
510 2303 606 2357 καὶ
635 2302 993 2374 κωμῳδοῦσαι
1015 2301 1193 2355 αὐτῶν
1213 2300 1312 2372 τὴν
1336 2301 1545 2361 ἄνοιαν,
1579 2299 1675 2352 καὶ
1699 2299 1868 2353 πολὺν
1892 2300 1991 2352 αὑ-

310 2392 420 2445 τῶν
449 2392 808 2463 καταχέουσαι
834 2392 927 2444 τὸν
956 2390 1189 2460 γέλωτα.
1216 2389 1351 2442 Οὐδὲ
1376 2388 1485 2459 γάρ
1512 2387 1779 2441 ἐλεεῖσθαι
1805 2387 1991 2441 λοιπὸν

314 2479 467 2553 [ιιη
495 2482 523 2535 6
552 2481 793 2544 τοιοῦτος
823 2478 994 2547 ἄξιος,
1027 2477 1166 2532 ἀλλὰ
1196 2476 1456 2546 γελᾶσθαι
1492 2477 1586 2530 καὶ
1622 2476 1990 2538 σκώπτεσθαι,

311 2570 443 2622 ὃταν
464 2570 741 2637 γυναικὸς,
762 2569 856 2623 καὶ
871 2568 1131 2636 γυναικὸς
1148 2566 1350 2637 πόρνης
1364 2563 1602 2633 ἀλογώτε
1608 2582 1700 2635 ρος
1711 2565 1989 2636 φαίνηται.

312 2658 414 2710 Διά
435 2656 592 2711 τοῦτο
618 2659 872 2727 παραινεῖ
892 2656 1054 2709 πάλιν
1091 2656 1120 2708 6
1158 2654 1317 2724 σοφὸς
1347 2654 1553 2716 ἐκεῖνος
1583 2652 1759 2721 λέγων
1782 2671 1797 2685 ·
1851 2652 1996 2706 Πῖνε

310 2745 503 2800 ὕδατα
534 2745 654 2799 ἀπὸ
681 2744 809 2799 σῶν
836 2745 1091 2814 ἀγγείων
1120 2743 1221 2796 καὶ
1259 2741 1379 2796 άπὸ
1424 2740 1555 2795 σῶν
1587 2740 1859 2811 φρεάτων
1886 2754 1996 2808 πη-

312 2835 459 2906 τῆςυ
492 2838 587 2890 καὶ
636 2836 827 2889 πάλιν
885 2835 1154 2902 Ἔλαφος
1208 2835 1416 2901 φιλίας
1470 2830 1568 2885 καὶ
1622 2828 1827 2895 πῶλος
1868 2828 1998 2883 σῶν

313 2921 571 2990 χαρίτων
589 2920 864 2989 όμιλείτω
893 2932 995 2971 σοι
1012 2934 1026 2947 ’
1069 2917 1198 2989 περὶ
1218 2916 1478 2985 γυναικὸς
1501 2915 1600 2984 τῆς
1641 2914 1791 2983 νόμῳ
1815 2912 1995 2983 γάμου

314 3010 670 3081 συνοικούσης
699 3004 922 3063 τοιαῦτα
950 3007 1124 3075 λέγων
1143 3024 1159 3038 ·
1179 3006 1245 3059 Τί
1277 3005 1711 3075 καταλιμπάνεις
1741 3002 1839 3072 τὴν
1871 3002 1999 3071 βοη-

313 3098 427 3162 θὸν,
463 3100 559 3153 καὶ
585 3098 720 3170 πρὸς
760 3096 861 3169 τὴν
905 3095 1190 3150 ἐπίϐουλον
1220 3094 1471 3166 τρέχεις;
1512 3092 1567 3144 τί
1597 3092 1694 3162 τὴν
1742 3091 1997 3145 κοινωνὸν

311 3187 635 3259 ἀποστρέφῃ
682 3185 778 3239 τοῦ
823 3184 960 3256 βίου,
1006 3184 1099 3238 καὶ
1147 3182 1247 3253 τὴν
1291 3180 1704 3251 άνατρὲπουσάν
1754 3197 1849 3233 σου
1899 3180 1998 3250 τὴν

312 3275 459 3346 ζωὴν
483 3273 844 3346 θεραπεύεις;
871 3272 1019 3342 Αὖτη
1048 3271 1143 3325 σοῦ
1171 3269 1330 3340 μέλος
1351 3269 1470 3321 ἐστὶ
1490 3269 1588 3321 καὶ
1615 3268 1794 3337 σῶμα,
1814 3268 1996 3339 ἐκείνη

311 3364 369 3416 δὲ
407 3362 560 3431 ξίφος
593 3362 741 3415 ἐστὶν
777 3359 1137 3430 ἠκονημένον.
1168 3357 1281 3419 Διὸ,
1312 3355 1608 3425 ἀγαπητοὶ,
1638 3353 1867 3423 φεύγετε
1900 3352 2001 3424 τὴν

312 3450 592 3523 πορνείαν,
622 3451 718 3504 καὶ
743 3448 833 3502 διά
874 3448 943 3501 τὰ
977 3447 1220 3516 παρόντα
1268 3442 1438 3507 κακά,
1484 3442 1578 3497 καὶ
1622 3441 1711 3494 διὰ
1739 3441 1837 3512 τὴν
1873 3442 1999 3513 μέλ.

311 3539 510 3593 λουσαν
529 3538 773 3591 κόλασιν.
801 3536 953 3604 Τάχα
976 3532 1241 3603 δοκοῦμεν
1262 3533 1361 3602 τῆς
1386 3530 1696 3592 ὑποθέσεως
1721 3532 2002 3584 ἐκπεπτω-

314 3623 494 3684 κέναι,
538 3622 654 3675 ἀλλ’
705 3621 807 3673 οὐκ
856 3619 973 3671 ἐστι
1006 3616 1166 3669 τοῦτο
1211 3618 1498 3669 ἐκπεσεῖν’
1557 3615 1617 3666 οὗ
1667 3614 1778 3685 γάρ
1813 3615 1999 3679 ἁπλῶς

313 3710 447 3780 ύμῖν
487 3708 730 3780 ἱστορίας
764 3705 1073 3774 ἀναγνῶναι
1106 3701 1428 3774 βουλόμεθα,
1463 3702 1579 3756 ἀλλ’
1602 3702 1742 3754 ὥστε
1767 3702 2001 3755 ἕκαστον

314 3796 424 3849 τῶν
446 3794 810 3865 ἐνοχλούντων
836 3794 965 3863 ὑμῖν
993 3789 1393 3861 διορθώσασθαι
1425 3801 1451 3831 α
1481 3789 1672 3842 παθῶν
1691 3807 1706 3820 ·
1731 3789 1821 3842 διά
1843 3790 2002 3843 τοῦτο

314 3884 413 3937 καὶ
444 3886 686 3955 συνεχεῖς
731 3880 1032 3953 ποιούμεθα
1064 3880 1163 3944 τάς
1198 3877 1486 3950 ἐντροπάς,
1529 3877 1869 3931 παντοδαπὸν
1903 3895 2003 3932 κα-

314 3973 746 4038 τασκευάζοντες
793 3971 923 4041 ὑμῖν
956 3969 1047 4022 τὸν
1079 3968 1258 4036 λόγον,
1305 3967 1492 4037 ἐπειδή
1538 3968 1634 4020 καὶ
1683 3967 2003 4019 παντοδαπά

316 4064 601 4133 νοσήματα
637 4063 695 4113 ἐν
727 4059 884 4130 δήμῳ
908 4057 1148 4128 τοσούτῳ
1189 4052 1327 4109 εἶναι
1355 4054 1521 4119 εἰκὸς,
1556 4054 1651 4107 καὶ
1679 4055 1777 4125 οὐχ
1823 4054 1882 4108 ἓν
1911 4054 1999 4108 ἐλ-

315 4166 415 4213 κος
440 4147 768 4221 θεραπεύειν
809 4146 1094 4217 πρόκειται
1149 4144 1333 4216 μόνον,
1359 4142 1496 4196 ἀλλὰ
1527 4141 1697 4196 πολλὰ
1742 4144 1836 4195 καὶ
1876 4143 1997 4197 διά-

318 4256 482 4311 φορα,
512 4238 601 4292 διά
627 4236 786 4291 τοῦτο
820 4237 912 4289 καὶ
944 4234 1188 4288 ποικίλον
1225 4231 1366 4286 εἶναι
1400 4232 1505 4305 χρὴ
1533 4234 1634 4301 τῆς
1655 4231 2001 4295 διδασκαλίας

317 4328 379 4380 τὸ
407 4327 715 4396 φάρμακον.
764 4322 1107 4391 Ἐπανίωμεν
1127 4320 1307 4375 τοίνυν
1349 4319 1472 4374 ὅθεν
1512 4319 1778 4390 ἐξέϐημεν
1830 4320 2002 4373 ταῦτα

317 4417 514 4470 εἰπεῖν.
569 4413 679 4469 Kal
734 4409 904 4467 εἶπεν
956 4415 989 4465 ὁ
1045 4412 1270 4478 ἱερεύς·
1351 4407 1787 4477 Προσελθωμεν
1848 4408 1998 4477 πρὸς

317 4504 427 4558 τὸν
464 4504 632 4557 Θεόν.
666 4501 778 4557 Kal
818 4498 1173 4569 ἐπηρώτησε
1205 4496 1408 4551 Σαοὺλ
1439 4498 1548 4550 τὸν
1581 4498 1764 4550 Θεόν’
1801 4499 1869 4550 El
1898 4514 2004 4551 κα-

316 4591 473 4648 ταϐῶ
520 4590 714 4645 ὀπίσω
766 4588 885 4643 τῶν
938 4587 1329 4655 ἀλλοφύλων,
1382 4584 1482 4638 καί
1525 4586 1579 4637 εὶ
1627 4584 2004 4653 παραδώσεις

317 4679 541 4745 αὐτοὺς
565 4681 653 4743 εὶς
681 4676 789 4743 τὰς
815 4673 1019 4745 χεῖράς
1038 4692 1156 4744 μου
1172 4690 1191 4737 ;
1219 4672 1329 4727 Kal
1367 4674 1479 4726 οὐκ
1520 4672 1814 4740 ἀπεκρίθη
1842 4671 2005 4738 αὑτῷ

318 4769 389 4821 ἐν
432 4765 506 4834 τῇ
543 4765 735 4836 ἡμέρᾳ
767 4764 967 4832 ἐκείνῃ
1015 4765 1047 4816 ό
1102 4762 1336 4830 Κύριος.
1391 4761 1534 4831 Ὅρα
1590 4759 1870 4830 πραότητα
1912 4760 2005 4812 καὶ

320 4853 628 4907 ἐπιείκειαν
676 4850 772 4904 τοῦ
829 4848 1214 4921 φιλανθρώπου
1269 4848 1432 4901 Θεοῦ·
1487 4847 1550 4901 οὺ
1602 4846 1713 4917 γάρ
1761 4848 2006 4919 σκηπτὸν

319 4943 552 5013 ἀφῆκεν,
583 4939 706 4993 οὐδὲ
731 4938 831 5010 τὴν
859 4939 964 5008 γῆν
995 4937 1224 5001 ἔσεισεν,
1262 4936 1377 4989 ἀλλ’
1409 4936 1438 4988 ὃ
1474 4934 1616 5005 φίλοι
1650 4934 1787 5006 πρὸς
1817 4934 2006 5003 φίλους

320 5033 590 5097 ποιοῦσιν,
627 5031 847 5085 ἐπειδὰν
894 5028 1214 5100 ὑϐρισθῶσι,
1244 5027 1403 5082 τοῦτο
1452 5028 1587 5099 πρὸς
1630 5026 1722 5080 τὸν
1749 5025 1933 5079 δοῦλον
1977 5030 2007 5081 6

321 5123 601 5194 Δεσπότης
633 5121 859 5192 ἐποίησε
880 5138 894 5152 ·
931 5118 1327 5190 παρεσιώπησε
1362 5119 1545 5189 μόνον,
1586 5116 1676 5172 διὰ
1701 5118 1801 5189 τῆς
1848 5119 2006 5189 σιγῆς

323 5210 698 5281 φθεγγόμενος
735 5210 830 5262 καλ⁸
856 5209 1037 5263 πᾶσαν
1065 5205 1473 5277 ἐνδεικνύμενος
1499 5205 1649 5277 αὐτῷ
1684 5204 1783 5276 τὴν
1811 5206 2004 5277 ὀργήν.

323 5298 536 5354 Συνεῖδε
576 5297 735 5351 τοῦτο
766 5299 795 5350 6
829 5296 1021 5357 Σαοὺλ,
1055 5294 1170 5350 Kal
1189 5291 1340 5359 εἷπε,
1385 5295 1551 5364 φησί·
1590 5295 2007 5365 Προσαγάγετε

324 5388 431 5453 τὰς
458 5387 658 5457 φυλὰς
685 5384 792 5440 τοῦ
812 5384 988 5449 λαοῦ,
1018 5384 1116 5437 καὶ
1147 5382 1334 5452 γνῶτε
1367 5383 1465 5435 καὶ
1500 5380 1654 5435 ἴδετε
1679 5383 1749 5436 ἐν
1775 5384 1894 5435 τίνι
1922 5383 2011 5452 γέ-

325 5493 504 5545 γονεν
542 5476 581 5544 ἡ
632 5474 890 5544 ἁμαρτία
939 5473 1092 5540 αὕτη
1147 5470 1436 5541 σήμερον,
1479 5470 1568 5523 ὅτι
1622 5467 1688 5539 ζῇ
1724 5472 1943 5539 Κύριος
1976 5473 2009 5525 ὀ

325 5562 535 5629 σώσας
563 5562 670 5616 τὸν
713 5560 975 5630 Ἰσραὴλ,
1008 5559 1099 5613 ὅτι
1129 5561 1241 5615 ἐὰν
1279 5556 1576 5627 ἀποκριθῇ
1607 5559 1758 5612 κατὰ
1812 5560 2008 5613 Ἰωνά-

328 5654 442 5705 θαν
477 5650 585 5705 τοῦ
618 5650 754 5705 υίοῦ
793 5668 934 5719 μου,
969 5646 1204 5712 θανάτῳ
1234 5646 1638 5702 ἀποθανεῖται.
1686 5641 1837 5710 Εἶδες
1872 5662 2007 5717 προ-

330 5738 586 5802 πέτειαν;
646 5736 770 5791 ἰδὼν
801 5738 893 5790 τὸν
927 5737 1191 5809 πρότερον
1240 5738 1399 5808 ὅρκον
1434 5733 1844 5805 παραϐαθέντα,
1889 5734 2009 5787 οὐδὲ

396 5912 413 5935 ³
436 5910 557 5962 Mor.
587 5912 689 5975 ἀλλ’
731 5913 854 5960 ὥστε
894 5912 1093 5962 ἕκαστον
1119 5914 1478 5975 διορθώσασθαι.
1524 5912 1634 5961 Sav.
1663 5915 1764 5963 ἀλλ’
1809 5914 2011 5965 ἕκαστον

333 5974 605 6041 διορθῶσαι.
635 5971 743 6023 Mox
768 5976 849 6023 alii
868 5975 945 6021 καὶ
972 5971 1205 6040 συνεχῶς,
1222 5976 1305 6025 alii
1320 5976 1399 6024 καὶ
1421 5977 1645 6038 συνεχεῖς.

1088 344 1146 400 S.
1184 342 1472 400 JOANNIS
1509 339 2007 398 CHIWSOS’I’OMI
2042 341 2360 398 ARCHIEP.
2400 343 2949 402 CONSTANTINOP.

3646 342 3748 399 150

2085 456 2228 509 οὕτω
2258 458 2666 529 σωφρονίζεται,
2712 460 2846 515 άλλά
2875 463 2969 515 καὶ
2999 460 3248 533 δεύτερον
3291 459 3614 533 προστίθησι
3644 460 3751 512 πά·-

2088 543 2190 597 λιν.
2247 546 2356 597 Καὶ
2403 546 2594 599 σκόπει
2641 547 2891 601 διαϐόλου
2949 550 3304 619 κακουργίαν.
3379 547 3597 618 Ἐπειδὴ
3643 545 3751 617 γάρ

2090 630 2324 683 συνεῖδεν
2370 632 2451 684 ὅτι
2484 634 2743 698 πολλάκις
2779 637 2807 688 6
2853 639 2982 699 παῖς
3029 636 3303 708 φωραθεὶς
3345 636 3440 689 καὶ
3467 636 3549 696 είς
3588 633 3753 704 μέσον

2085 716 2356 787 ἐνεχθεὶς,
2407 719 2515 772 ἀπὸ
2557 721 2656 791 τῆς
2695 721 2871 791 ὅψεως
2927 725 3097 794 αὐτῆς
3151 723 3353 786 εὐθέως
3400 722 3490 775 τὸν
3541 723 3755 791 πατέρα

2087 804 2326 874 πραῧναι
2356 806 2579 862 δύναται
2605 810 2700 861 καὶ
2751 810 2988 878 μαλάξαι
3013 812 3104 865 τὸν
3133 809 3228 864 τοῦ
3264 809 3525 880 βασιλέως
3558 809 3752 879 θυμὸν,

2083 891 2351 963 δευτέρων
2382 894 2544 950 πάλιν
2570 897 2749 967 ὅρκων
2779 897 2990 966 ἀνάγκῃ
3017 898 3417 969 προκατέλαϐεν
3448 896 3614 953 αὑτοῦ
3652 897 3755 966 τὴν

2084 977 2328 1050 γνώμην,
2378 981 2551 1053 διπλῷ
2598 1001 2702 1037 τινι
2756 984 2940 1056 δεσμῷ
2988 984 3229 1056 κατέχων
3280 985 3469 1048 αὐτὸν,
3524 985 3617 1037 καὶ
3651 985 3755 1037 οὐκ

2085 1066 2266 1135 ἀφιεὶς
2297 1069 2395 1139 τῆς
2426 1070 2634 1135 οίκείας
2669 1072 2921 1140 γενέσθαι
2954 1071 3180 1144 γνώμης
3211 1074 3416 1145 κύριον,
3451 1072 3588 1126 ἀλλά
3613 1089 3753 1125 παν-

2086 1154 2310 1225 ταχόθεν
2332 1156 2495 1210 αὐτὸν
2511 1158 2668 1211 ὠθῶν
2700 1161 2779 1223 είς
2794 1159 2892 1232 τὴν
2919 1160 3230 1231 παράνομον
3265 1161 3480 1232 ἐκείνην
3511 1160 3748 1229 σφαγήν.

2086 1243 2197 1295 Καὶ
2240 1242 2392 1297 οὔπω
2425 1244 2520 1298 τοῦ
2563 1247 2944 1318 ἡμαρτηκότος
2983 1248 3243 1317 φανέντος
3275 1248 3374 1319 τὴν
3421 1248 3602 1320 κρίσιν
3647 1264 3752 1300 πε-

2087 1330 2328 1399 ποίηται,
2357 1333 2450 1386 καὶ
2486 1332 2575 1386 τὸν
2598 1334 2791 1388 ἁλόντα
2808 1335 2908 1388 οὐκ
2937 1333 3092 1399 εἰδὼς
3108 1337 3446 1407 ἀπεφήνατο,
3481 1337 3572 1390 καὶ
3597 1336 3627 1388 6
3648 1352 3755 1389 πα·

2085 1417 2151 1488 τὴ
2157 1437 2187 1489 ρ
2208 1420 2422 1488 ἐγένετο
2436 1420 2650 1491 δήμιος,
2668 1422 2761 1475 καὶ
2784 1422 2890 1493 πρὸ
2906 1424 3004 1493 τῆς
3029 1422 3322 1487 ἐξετάσεως
3349 1424 3446 1496 τὴν
3464 1423 3758 1479 καταδικά-

2088 1504 2287 1569 ζουσαν
2306 1507 2483 1577 ψῆφον
2504 1509 2785 1579 ἐξήνεγκε.
2811 1509 2875 1562 Τί
2896 1509 3082 1563 τούτου
3100 1511 3291 1580 γένοιτ’
3310 1510 3375 1565 ἂν
3392 1509 3755 1582 άλογώτερον;

2158 1600 2220 1647 ε’.
2240 1595 2422 1648 Ταῦτα
2455 1598 2633 1650 τοίνυν
2657 1598 2900 1662 εἰπόντος
2927 1598 3021 1651 τοῦ
3053 1599 3244 1665 Σαοὺλ,
3279 1599 3475 1669 μᾶλλον
3497 1598 3699 1651 ἔδεισεν
3728 1598 3758 1650 6

2087 1681 2277 1751 δῆμος,
2324 1684 2419 1735 καὶ
2449 1684 2646 1747 πάντες
2674 1681 2816 1755 ἦσαν
2850 1687 2907 1738 ἐν
2934 1686 3119 1757 τρόμῳ
3157 1698 3250 1739 και
3294 1685 3441 1756 φόϐῳ
3483 1684 3697 1755 πολλῷτ
3728 1687 3757 1739 6

2088 1768 2145 1821 δὲ
2171 1769 2414 1834 διάϐολος
2445 1771 2631 1844 ἔχαιρε
2661 1774 2866 1838 πάντας
2882 1775 2939 1829 ἐν
2962 1776 3208 1845 άγωνίᾳδ
3232 1772 3379 1846 [148]
3393 1775 3753 1844 καταστήσας.

2091 1859 2174 1911 Οὐ
2202 1861 2309 1928 γὰρ
2336 1856 2416 1929 ἦν
2453 1864 2486 1914 ὁ
2522 1862 3012 1933 ἀποκρινόμενος,
3049 1863 3235 1934 φησὶν,
3275 1864 3343 1915 ἐκ
3378 1860 3605 1929 παντὸς
3647 1860 3754 1915 τοῦ

2087 1947 2258 2001 λαοῦ.
2294 1948 2403 2002 Kal
2429 1945 2560 2003 εἷπε
2600 1953 2833 2007 Σαούλ·
2877 1952 3071 2022 Ὑμεῖς
3095 1952 3315 2006 ἔσεσθε
3338 1953 3424 2016 είς
3447 1949 3754 2013 δουλείαν,

2089 2037 2189 2090 καὶ
2221 2037 2338 2107 ἐγὼ
2368 2039 2469 2091 καί
2505 2040 2789 2097 Ἰωνάθαν
2817 2045 2850 2097 ό
2892 2044 3023 2109 υἱός
3059 2059 3179 2112 μου
3224 2044 3312 2107 είς
3350 2039 3656 2094 δουλείαν.
3691 2038 3760 2092 '0

2088 2121 2144 2177 δὲ
2168 2123 2315 2191 λέγει
2340 2125 2578 2180 τοιοῦτόν
2602 2130 2750 2182 ἐστιν
2771 2145 2784 2159 ·
2805 2130 2969 2183 Οὐδὲν
2990 2130 3176 2201 ἕτερον
3196 2125 3547 2191 σπουδάζετε,
3572 2127 3759 2198 φησὶν,

2091 2212 2205 2265 ἁλλ’
2230 2212 2264 2285 ἦ
2292 2216 2404 2276 τοῖς
2438 2214 2719 2285 πολεμίοις
2745 2217 2889 2286 ὑμᾶς
2918 2216 3250 2287 παραδοῦναι
3278 2216 3368 2269 καὶ
3394 2214 3613 2276 δούλους
3644 2214 3761 2269 ἀντ’

2091 2299 2389 2372 ἐλευθέρων
2424 2302 2672 2373 ποιῆσαι,
2703 2305 2794 2357 τὸν
2827 2304 2960 2357 Θεὸν
3003 2304 3124 2358 καθ’
3159 2303 3314 2375 ὑμῶν
3340 2302 3762 2373 παροξύναντες,

2090 2392 2170 2464 τῷ
2205 2392 2278 2465 μὴ
2304 2393 2503 2448 διδόναι
2544 2394 2639 2448 τὸν
2671 2395 2990 2449 ὑπεύθυνον.
3039 2395 3182 2466 Ὅρα
3221 2395 3275 2447 δὲ
3318 2396 3411 2447 καὶ
3460 2392 3624 2462 ἄλλην
3655 2391 3765 2445 ἀπὸ

2092 2480 2187 2535 τοῦ
2218 2482 2380 2550 ὅρκου
2416 2482 2707 2553 γινομένην
2738 2483 3068 2536 ἐναντίωσιν.
3102 2483 3230 2536 Δέον
3265 2480 3392 2553 γὰρ,
3423 2480 3581 2551 εἴπερ
3606 2477 3765 2531 ἐϐού-

2093 2564 2214 2620 λετο
2242 2568 2334 2620 τὸν
2363 2568 2534 2621 αἴτιον
2572 2569 2773 2639 εὑρεῖν,
2809 2568 2973 2639 μηδὲν
3019 2568 3310 2639 ἀπειλῆσαι
3340 2566 3573 2632 τοιοῦτο,
3628 2563 3766 2636 μηδὲ

2094 2655 2243 2726 ὅρκῳ
2268 2654 2567 2727 καταδῆσαι
2594 2656 2693 2727 τὴν
2723 2656 3013 2727 τιμωρίαν,
3046 2658 3112 2710 ιν*
3139 2656 3448 2727 ἀδεέστεροι
3480 2654 3765 2723 γενόμενοι

2096 2745 2514 2816 προχειρότερον
2544 2748 2625 2808 είς
2663 2746 2826 2816 μέσον
2859 2748 3108 2816 ἀγάγωσι
3143 2748 3235 2801 τὸν
3267 2746 3564 2799 ὑπεύθυνον
3588 2760 3602 2775 ·
3635 2745 3665 2797 6
3708 2742 3766 2797 δέ

2094 2831 2201 2884 ὑπὸ
2224 2833 2396 2902 θυμοῦ
2424 2836 2519 2885 καὶ
2551 2834 2745 2903 μανίας
2766 2835 2967 2906 πολλῆς
2989 2836 3084 2889 καὶ
3110 2835 3209 2906 τῆς
3234 2833 3503 2906 προτέρας
3522 2831 3765 2900 ἀλογίας.

2098 2919 2258 2971 πάλιν
2285 2920 2594 2974 τούναντίον
2622 2922 2766 2992 ἦπερ
2799 2922 3047 2992 βούλεται
3091 2924 3251 2975 ποιεῖ.
3284 2923 3348 2974 Τί
3393 2921 3471 2974 δεῖ
3501 2921 3572 2973 τά
3600 2918 3770 2972 πολλὰ

2095 3006 2309 3075 λέγειν;
2341 3007 2544 3079 Κλήρῳ
2570 3010 2630 3061 τὸ
2661 3011 2892 3081 πρᾶγμα
2924 3011 3214 3081 ἐπέτρεψε,
3244 3010 3339 3063 καὶ
3362 3008 3768 3078 κατακληροῦν-

2097 3111 2188 3148 ται
2218 3105 2240 3132 ε
2291 3094 2462 3147 Σαοὺλ
2513 3095 2605 3148 καὶ
2648 3096 2920 3150 Ἰωνάθαν.
2966 3096 3080 3150 Kal
3118 3092 3248 3150 εἷπε
3282 3096 3513 3149 Σαούλ’
3548 3095 3771 3148 Βάλετε

2100 3179 2333 3249 κλῆρον
2373 3182 2491 3235 ἀνὰ
2544 3182 2738 3252 μέσον
2772 3182 2917 3252 ἐμοῦ
2965 3184 3062 3238 καὶ
3128 3183 3427 3238 Ἰωνάθαν·
3478 3183 3577 3236 καὶ
3612 3180 3772 3245 ,ϐάλ-

2098 3271 2282 3321 λουσι
2333 3268 2585 3337 κλῆρον,
2640 3270 2737 3323 καὶ
2776 3270 3251 3339 κατακλῳοῦται
3315 3268 3616 3324 Ἰωνάθαν.
3656 3268 3768 3321 Kal

2098 3353 2231 3411 εἷπε
2288 3358 2487 3411 Σαοὺλ
2540 3357 2691 3425 πρὸς
2748 3357 3021 3412 Ἰωνάθαν
3040 3374 3054 3388 ’
3128 3356 3517 3427 ’.ἀπάγγειλόν
3556 3373 3659 3423 μοι
3711 3354 3772 3408 τί

2101 3445 2411 3513 ἐποίησας.
2465 3446 2574 3498 Kal
2612 3443 2977 3514 ἀπήγγειλεν
3018 3445 3178 3510 αὐτῷ
3233 3442 3508 3498 Ἰωνάθαν
3535 3443 3767 3511 λέγων’

2103 3536 2152 3587 Γ
2154 3531 2489 3602 ευσάμενος
2518 3529 2863 3602 ἐγευσάμην
2892 3533 2963 3585 ἐν
2990 3532 3151 3600 ἄκρῳ
3183 3531 3260 3597 τῷ
3288 3531 3575 3600 σκήπτρῳ
3598 3531 3669 3584 ἐν
3695 3529 3773 3598 τῇ
3858 3523 3864 3527 ⁴

2104 3620 2258 3690 χειρί
2281 3637 2402 3689 μου
2438 3618 2655 3687 μικρὸν
2685 3619 2755 3672 ἐκ
2803 3619 2910 3673 τοῦ
2948 3619 3192 3689 μέλιτος
3234 3618 3297 3657 δ’
3348 3618 3447 3672 καὶ
3482 3616 3609 3670 ὶδοὺ
3658 3616 3776 3685 ἐγὼ

2104 3707 2489 3777 ἀποθνήσκω.
2522 3707 2657 3759 Τίνα
2688 3706 2787 3759 οὐκ
2824 3704 2890 3759 ἂν
2937 3707 3246 3777 ἐπέκαμψε,
3289 3706 3410 3759 τίνα
3455 3707 3555 3757 οὐκ
3596 3704 3663 3757 ἂν
3690 3706 3774 3766 είς

2102 3794 2282 3850 οἶκτον
2310 3796 2506 3866 ἤνεγκε
2536 3794 2709 3848 ταῦτα
2755 3793 2825 3847 τὰ
2863 3795 3120 3865 ρήματα;
3183 3792 3465 3864 Ἐννόησον
3507 3792 3630 3844 ὅσον
3657 3807 3773 3860 χει-

2107 3883 2259 3956 μῶνα
2303 3883 2487 3936 λοιπὸν
2527 3886 2555 3936 ὁ
2584 3881 2755 3936 Σαοὺλ
2794 3882 3072 3952 ὑπέμεινε,
3102 3880 3210 3934 τῶν
3240 3880 3562 3950 σπλάγχνων
3608 3877 3775 3931 αὑτοῦ

2102 3970 2578 4041 διακοπτομένων,
2635 3969 2728 4022 καὶ
2775 3968 3118 4039 ἑκατέρωθεν
3169 3966 3471 4038 βαθυτάτου
3523 3965 3774 4037 κρημνοῦ

2103 4059 2460 4131 φαινομένοψ
2495 4057 2611 4111 ἀλλ’
2645 4060 2794 4128 ὅμως
2824 4056 2944 4109 οὐδέ
2972 4055 3146 4118 οὕτως
3178 4052 3591 4125 ὲσωφρονίζετο,
3637 4051 3775 4107 ἀλλά

2102 4149 2155 4201 τί
2203 4165 2371 4217 φησις
2412 4147 2556 4200 Τάδε
2591 4144 2839 4211 ποιήσαι
2880 4161 2983 4213 μοι
3019 4146 3052 4197 ὁ
3088 4143 3250 4209 Θεὸς,
3290 4141 3387 4195 καὶ
3425 4140 3566 4194 τάδε
3586 4154 3775 4207 προσ-

2103 4238 2254 4303 θείη,
2306 4235 2396 4288 ὅτι
2442 4233 2674 4297 θανάτῳ
2719 4230 2993 4300 ἀποθανῇ
3046 4230 3336 4299 σήμερον.
3418 4228 3547 4281 Ἰδοὺ
3594 4227 3779 4297 τρίτος

2103 4326 2264 4396 ὅρκος
2296 4323 2475 4386 πάλιν,
2509 4321 2604 4374 καὶ
2640 4321 2761 4374 οὐδὲ
2803 4319 2990 4383 ἁπλῶς
3016 4318 3219 4390 τρίτος,
3246 4316 3382 4371 ἀλλά
3412 4316 3549 4387 μετά
3574 4315 3778 4385 πολλῆς

2103 4414 2203 4483 τῆς
2229 4412 2324 4465 τοῦ
2369 4408 2563 4481 καιροῦ
2596 4409 2990 4479 στενοχωρίας’
3025 4406 3086 4460 οὐ
3130 4407 3241 4477 γάρ
3271 4401 3423 4458 εἶπεν
3453 4404 3660 4467 ἁπλῶς,
3695 4403 3778 4456 ὅτι

2118 4496 2444 4567 Ἀποθανῇ,
2488 4496 2647 4560 ἀλλὰ,
2697 4495 2987 4565 Σήμερον.
3040 4494 3272 4562 Ἦπειγε
3319 4492 3447 4564 γάρ,
3486 4493 3711 4562 ἤπειγεν
3750 4493 3779 4544 6

2103 4587 2347 4650 διάϐολος
2376 4584 2632 4640 συνωθῶν
2664 4584 2759 4637 καὶ
2790 4582 3127 4638 συνελαύνων
3150 4580 3312 4635 αὐτὸν
3356 4584 3438 4644 εἰς
3461 4580 3561 4649 τὴν
3592 4579 3776 4650 παρά-

2104 4693 2268 4748 νομον
2317 4673 2525 4744 ταύτην
2570 4673 2828 4743 σφαγήν.⁸
2857 4670 3054 4740 Διόπερ
3096 4670 3196 4722 οὐκ
3225 4666 3450 4738 ἀφίησιν
3486 4667 3607 4721 οὐδὲ
3638 4683 3780 4737 προ-

2106 4764 2341 4835 θεσμίαν
2386 4760 2569 4814 δοῦναι
2608 4763 2675 4831 τῇ
2715 4759 2901 4830 ψήφῳ,
2941 4757 3029 4812 ἵνα
3061 4756 3299 4828 μηδεμία
3322 4755 3429 4809 άπὸ
3455 4755 3554 4827 τῆς
3580 4754 3780 4825 μελλή-

2108 4870 2246 4916 σεως
2275 4851 2560 4923 διόρθωσις
2609 4848 2833 4919 γένηται
2865 4845 2961 4899 τοῦ
3013 4843 3206 4898 κακοῦ.
3249 4844 3356 4897 Καὶ
3403 4837 3613 4895 εἶπενὸ
3653 4841 3781 4904 λαὸς

2108 4940 2245 5011 πρὸς
2287 4937 2496 4991 Σαούλ·
2553 4934 2700 4990 Τάδε
2731 4933 2982 5000 ποιήσαι
3030 4931 3175 5001 ἡμῖν
3218 4934 3251 4985 ὀ
3301 4930 3466 4995 Θεὸς,
3496 4928 3593 4983 καί
3638 4928 3782 4982 τάδε

2108 5028 2419 5097 προσθείη,
2442 5028 2494 5079 ει
2526 5023 2758 5090 θανάτῳ
2792 5019 3272 5088 θανατωθήσεται
3301 5023 3334 5072 ό
3364 5018 3624 5085 ποιήσας
3666 5017 3783 5085 τὴν

2108 5116 2409 5183 σωτηρίαν
2438 5113 2551 5181 τὴν
2594 5109 2869 5182 μεγάλην
2905 5107 2984 5174 τῷ
3043 5106 3309 5175 Ἰσραήλ.
3353 5104 3439 5174 Ζῇ
3466 5107 3700 5172 Κύριος,
3730 5108 3783 5159 εὶ

2109 5202 2377 5257 πεσεῖται
2415 5200 2526 5270 τῆς
2569 5201 2772 5269 τριχὸς
2814 5197 2924 5267 τῆς
2970 5195 3238 5266 κεφαλῆς
3284 5194 3471 5248 αὐτοῦ
3524 5194 3623 5246 ἐπὶ
3667 5194 3784 5261 τὴν

2107 5289 2244 5361 γῆν,
2279 5289 2369 5342 ὅτι
2398 5288 2577 5343 ἔλεον
2605 5286 2753 5341 Θεοῦ
2784 5286 3076 5354 ἐποίησεν
3115 5284 3184 5337 ἐν
3219 5282 3294 5352 τῇ
3340 5282 3527 5352 ἡμέρᾳ
3573 5281 3780 5348 ταύτῃ.

2123 5378 2254 5433 Ἰδοὺ
2283 5379 2378 5431 καὶ
2402 5380 2430 5432 6
2460 5378 2630 5449 δῆμος
2652 5374 2903 5444 δεύτερον
2935 5373 3138 5444 ὤμοσε,
3168 5373 3263 5425 καὶ
3288 5370 3568 5440 ἀντώμοσε
3596 5368 3675 5438 τῷ
3695 5368 3784 5437 βα-

2112 5466 2267 5522 σιλεῖ.
2296 5466 2411 5519 Νῦν
2432 5462 2815 5535 ἀναμνήσθητέ
2844 5480 2934 5532 μοι
2965 5461 3059 5516 τοῦ
3089 5460 3353 5515 καλωδίου
3383 5460 3475 5512 τοῦ
3503 5457 3652 5528 παρᾶ
3676 5456 3784 5509 τῶν

2112 5554 2317 5608 παίδων
2346 5553 2661 5624 ἑλκομένου,
2693 5553 2787 5605 καὶ
2818 5550 3286 5623 διαρῤηγνυμένου
3314 5547 3408 5601 καὶ⁵
3441 5546 3564 5605 τοὺς
3594 5543 3784 5596 ἕλκον-

2110 5659 2209 5705 τας
2236 5641 2520 5713 ῥίπτοντκ
2550 5639 2791 5701 ὑπτίους.
2824 5639 3054 5708 Ὤμοσεν
3077 5640 3105 5691 6
3129 5636 3323 5699 Σαοὺλ,
3349 5635 3446 5703 οὺχ
3470 5629 3638 5695 ἅπαξ,
3659 5631 3786 5683 οὐδὲ

2175 5784 2205 5826 b
2229 5786 2327 5835 Alii
2351 5799 2446 5835 uno
2470 5783 2619 5833 verbo
2640 5783 2929 5845 ἐναγωνίους.

2175 5838 2903 5916 ε-ΜΟΓ.,κατακληροῦνταιηιιιὶξ
2926 5840 3323 5916 κατααληριοῦται.
3354 5838 3474 5888 Infra
3498 5851 3609 5887 mss.
3626 5839 3787 5900 pluri-

2113 5911 2177 5963 mi
2197 5911 2285 5956 δινὰ
2310 5910 2452 5968 μέσον
2478 5905 2611 5969 ἐμοῦ,
2634 5909 2713 5954 καὶ
2737 5908 2823 5953 ἆνά
2848 5906 2990 5965 μέσον
3027 5905 3260 5969 ’jfnvi‘mv.

2174 5970 2200 6011 ά
2223 5972 2294 6023 lla
2311 5960 2427 6023 Salv.
2458 5960 2512 6021 cf
2532 5960 2739 6019 maxima
2762 5960 2872 6030 pars
2892 5981 3006 6017 mss.
3034 5966 3151 6015 Mor.
3177 5977 3290 6013 \cm
3318 5963 3480 6028 μικρὸν
3504 5960 3627 6023 μέλι.
