4112 6388
358 425 454 477 H9

427 539 749 594 Meretricum
774 552 956 590 mores.
980 563 1048 574 —-
1066 532 1314 588 Meretrix
1344 529 1484 585 enim
1512 541 1694 581 amare
1731 523 1936 586 nescit,

354 633 450 688 sed
480 632 758 686 insidiatur
803 637 1038 693 tantum;
1071 640 1330 680 venenum
1383 622 1543 676 habet
1587 619 1750 689 ipsius
1780 629 1942 670 oscu-

357 727 488 788 lum,
511 733 566 779 et
593 724 823 777 toxicum
854 719 1212 790 perniciosum
1238 731 1319 770 os.
1370 714 1423 770 Si
1450 729 1577 767 vero
1622 726 1728 764 non
1766 708 1943 763 statim

357 831 609 890 apparet,
638 816 758 870 ideo
788 815 955 884 magis
982 814 1148 884 ipsam
1207 809 1387 879 fugere
1412 816 1624 877 Oportet
1647 846 1661 867 .
1693 803 1944 874 quoniam

359 913 557 983 obtegit
605 909 891 978 perniciem
920 917 975 962 et
1008 917 1233 960 mortem
1277 903 1437 957 habet
1471 900 1694 954 celatam
1721 939 1736 962 ,
1770 912 1870 950 nec
1918 911 1947 948 a

362 1005 666 1076 primordiis
698 1005 1030 1057 manifestam
1055 1013 1313 1069 apparere
1362 996 1637 1066 permittit.
1699 991 1877 1061 Itaque
1903 989 1949 1042 si

361 1101 478 1168 quis
497 1099 816 1166 voluptatein
835 1105 1071 1150 sectatur
1084 1103 1135 1146 ct
1153 1094 1310 1146 vitam
1326 1089 1520 1143 laetitia:
1537 1088 1766 1156 plenam.
1788 1081 1953 1135 forni-

363 1193 595 1244 cautium
627 1189 895 1244 consortia
923 1188 1206 1242 mulierum
1239 1183 1434 1253 fugiat:
1459 1180 1609 1236 bellis
1623 1179 1763 1234 enim
1793 1177 1950 1228 innu-

364 1283 525 1336 meris
554 1293 608 1336 et
636 1280 948 1335 tumultibus
976 1285 1272 1332 amatorum
1304 1274 1512 1328 animos
1544 1270 1783 1338 implent,
1814 1282 1946 1322 con-

370 1378 542 1430 tinuas
586 1375 715 1444 ipsis
763 1389 968 1444 pugnas
998 1369 1475 1434 contentioneSque
1505 1363 1834 1418 concitantes
1862 1373 1956 1428 per

367 1471 549 1531 verba,
577 1484 670 1537 per
700 1483 860 1536 opera
887 1467 1102 1521 omnia:
1133 1473 1188 1517 et
1229 1463 1365 1516 sicut
1393 1459 1623 1513 hostium
1653 1451 1954 1508 inimicissi-

369 1562 477 1621 mi,
509 1559 586 1612 sic
616 1557 854 1628 profecto
899 1565 954 1610 et
985 1557 1065 1608 lue
1095 1554 1272 1607 omnia
1303 1550 1500 1604 faciunt
1529 1556 1584 1601 et
1623 1543 1957 1613 negotiantur

371 1652 435 1705 ad
465 1651 566 1705 hoc
591 1692 603 1713 ,
637 1663 692 1703 ut
722 1649 819 1718 ipsi
850 1639 1274 1717 in'ignominiam
1307 1652 1360 1697 et
1385 1646 1754 1711 paupertatem
1781 1643 1957 1688 extre-

372 1759 565 1812 maque
605 1743 744 1796 mala
793 1741 1049 1796 incidant.
1097 1739 1157 1792 Et
1187 1733 1635 1806 quemadmodum
1676 1736 1959 1784 venatores

372 1836 574 1891 retibus
600 1835 838 1889 extensis
866 1833 1148 1904 sylvestria
1174 1829 1423 1884 animalia
1449 1825 1738 1880 immittere
1763 1834 1956 1890 aggre-

373 1931 617 1999 diuntur,
653 1937 708 1981 ut
738 1929 846 1997 ipsa
873 1924 1158 1995 jugulent:
1193 1923 1262 1976 ita
1293 1930 1346 1975 et
1368 1919 1452 1972 hae
1486 1925 1764 1986 postquam
1807 1910 1960 1965 lasci-

383 2029 484 2082 vias
511 2041 713 2096 pennas
735 2023 966 2090 undique
981 2015 1320 2073 extenderint
1347 2028 1442 2082 per
1467 2010 1648 2064 oculos
1673 2017 1726 2061 et
1752 2004 1964 2058 habitus

376 2129 430 2172 et
452 2119 613 2173 verba
639 2159 653 2181 ,
684 2125 866 2185 postea
889 2126 1016 2166 suos
1046 2109 1290 2178 injiciunt
1312 2113 1579 2158 amatores
1600 2110 1653 2155 et
1682 2098 1957 2166 colligant,

378 2228 481 2265 non
517 2210 659 2278 prius
681 2208 1000 2261 absistentes
1021 2245 1035 2269 ,
1057 2216 1214 2273 quam
1237 2208 1288 2253 et
1313 2199 1548 2267 ipsorum
1576 2205 1819 2248 cruorem
1850 2189 1962 2243 ebi-

379 2303 574 2367 beriut,
610 2301 922 2355 insultantes
950 2293 1310 2366 postmodum,
1342 2299 1396 2344 et
1419 2290 1654 2359 ipsorum
1685 2283 1964 2338 stultitiam

379 2406 682 2463 carpentes,
711 2401 765 2446 et
785 2392 1008 2444 multum
1035 2386 1104 2441 de
1134 2385 1260 2454 ipsis
1283 2387 1445 2437 risum
1467 2378 1768 2433 fundentes.
1786 2374 1967 2442 Neque

381 2490 521 2543 enim
545 2499 602 2541 ut
639 2483 1060 2540 misericordiam
1109 2477 1342 2532 inveniat
1371 2474 1560 2543 dignus
1586 2478 1668 2524 est
1697 2467 1968 2536 hujusmo—

382 2582 476 2646 di,
523 2579 617 2634 sed
651 2587 707 2631 ut
751 2574 1058 2631 derideatur
1096 2579 1149 2624 et
1187 2567 1495 2622 mordeatur
1523 2605 1538 2628 ,
1569 2578 1692 2616 cum
1725 2559 1967 2619 muliere,

384 2683 438 2724 et
487 2669 708 2723 muliere
762 2664 1048 2721 meretrice
1087 2659 1331 2716 stolidior
1371 2662 1646 2725 appareat.
1681 2652 1969 2718 Propterea

385 2775 572 2815 rursus
590 2774 686 2813 nos
711 2757 963 2812 admonet
994 2753 1207 2822 sapiens
1232 2750 1320 2804 ille
1341 2762 1462 2802 cum
1490 2745 1647 2800 dicit:
1677 2741 1799 2795 Bibe
1817 2755 1973 2807 aquas

388 2854 451 2905 de
475 2854 604 2906 uasis
633 2852 728 2905 tuis
753 2859 800 2903 et
830 2848 893 2902 de
918 2857 1120 2900 tuorum
1149 2851 1410 2914 puteorum
1438 2843 1615 2909 fonte:
1641 2845 1695 2889 et
1727 2847 1934 2885 rursum
1956 2871 1970 2895 ,

387 2945 570 3000 Cervus
595 2943 829 2997 amicitia:
851 2950 898 2994 et
921 2939 1092 3010 pullus
1130 2946 1330 2989 tuarum
1359 2931 1634 3003 gratiarum
1660 2934 1977 2979 conversetur

389 3050 548 3092 tecum
579 3039 595 3106 (
625 3036 777 3090 Prov.
827 3036 880 3092 5.
923 3035 1008 3088 15.
1046 3048 1095 3088 et
1133 3048 1244 3101 sqq.
1283 3027 1301 3098 )
1326 3043 1338 3078 :
1369 3025 1433 3080 de
1461 3037 1624 3077 uxore
1653 3035 1747 3089 per
1770 3017 1978 3086 nuptia-

393 3149 508 3188 rum
536 3134 702 3201 legem
727 3129 1064 3185 cohabitante
1084 3126 1203 3179 talia
1232 3123 1414 3176 dicens
1440 3137 1451 3171 :
1485 3117 1626 3184 Quid
1653 3110 1980 3181 derelinquis

392 3226 726 3294 adiutricem,
762 3232 816 3276 et
841 3221 907 3274 ad
938 3218 1317 3273 insidiatricem
1340 3213 1554 3268 curris?
1585 3208 1710 3279 quid
1734 3207 1857 3260 vita:
1884 3219 1978 3258 so-

391 3320 526 3371 ciam
557 3315 820 3368 aversaris
846 3355 860 3378 ,
895 3321 946 3366 et
970 3325 1123 3374 eam,
1169 3323 1290 3378 quae
1332 3304 1494 3358 vitam
1537 3312 1682 3355 tuam
1721 3296 1982 3351 subvertit

393 3409 657 3464 sectaris?
688 3407 811 3460 llaec
855 3403 1154 3459 membrum
1209 3410 1353 3453 tuum
1395 3405 1446 3450 et
1492 3407 1685 3462 corpus
1722 3398 1848 3452 est;
1896 3387 1980 3439 illa

395 3505 601 3574 gladius
627 3515 832 3558 acutus.
869 3501 1156 3568 Propterea
1180 3539 1194 3557 ,
1227 3494 1446 3558 dilecti,
1477 3491 1640 3560 fugite
1673 3486 1982 3543 fornicatio-

398 3613 516 3650 ηοω
544 3605 598 3650 et
627 3606 846 3665 prOptcr
876 3589 1160 3662 priesentia
1191 3587 1329 3641 mala
1362 3627 1375 3648 ,
1424 3595 1477 3638 et
1507 3588 1726 3652 propter
1770 3591 1982 3646 poenam

397 3688 646 3759 futuram.
693 3687 852 3740 Forte
890 3689 1204 3753 argumento
1247 3678 1512 3734 excidisse
1558 3675 1803 3728 videmur
1832 3712 1848 3736 ,
1888 3668 1983 3723 sed

399 3779 500 3833 hoc
519 3793 625 3832 non
653 3785 734 3831 est
752 3775 1034 3838 excidere;
1077 3787 1186 3827 non
1223 3771 1364 3829 enim
1404 3766 1659 3822 historias
1681 3762 1832 3818 vobis
1853 3761 1986 3830 sim-

402 3871 610 3940 pliciter
648 3869 825 3938 legere
855 3866 1100 3921 volumus
1124 3905 1138 3928 ,
1186 3862 1277 3916 sed
1323 3859 1679 3929 nequitiarum
1717 3868 1812 3907 vos
1852 3850 1988 3905 infe-

404 3962 659 4016 stantium
698 3973 965 4029 quamque
1009 3955 1309 4024 corrigere:
1343 3951 1463 4006 ideo
1493 3948 1801 4017 frequentes
1839 3943 1991 3997 vobis

403 4053 741 4106 immittimus
785 4049 1153 4116 correptiones
1187 4087 1200 4108 ,
1245 4043 1448 4098 varium
1489 4039 1639 4094 vobis
1688 4048 1989 4092 sermonem

404 4153 777 4198 construentes
799 4184 812 4207 ,
840 4143 961 4211 quia
984 4140 1156 4193 varias
1180 4135 1522 4207 argritudincs
1550 4133 1600 4186 in
1621 4141 1768 4184 tanto
1797 4127 1991 4199 populo

405 4251 524 4291 esse
549 4235 834 4289 Verisimile
861 4243 941 4288 est
971 4251 984 4285 :
1036 4247 1136 4286 nec
1177 4245 1338 4284 unum
1383 4228 1553 4283 solum
1585 4240 1773 4279 curare
1804 4221 1994 4274 vulnus

406 4331 559 4385 nobis
589 4329 918 4399 propositum
945 4324 1156 4391 est,5ed
1185 4325 1346 4377 inulta
1380 4332 1437 4377 et
1467 4319 1640 4373 varia:
1673 4317 1874 4371 idcirco
1895 4329 1990 4366 va-

409 4425 546 4479 rium
583 4424 748 4478 etiam
789 4435 910 4476 esse
947 4419 1206 4474 doctrinm
1255 4414 1703 4470 medicamentum
1756 4413 1989 4478 oportet.

410 4518 714 4573 Redeamus
747 4517 907 4586 igitur
933 4530 1001 4568 eo
1028 4555 1042 4578 ,
1074 4511 1214 4566 unde
1261 4509 1485 4580 digressi
1516 4521 1701 4561 sumus
1735 4545 1749 4567 ,
1795 4513 1851 4557 ut
1882 4505 1996 4558 hazc

408 4612 727 4666 diceremus.
778 4608 844 4662 Et
880 4608 1008 4662 dixit
1049 4605 1283 4662 sacerdos
1306 4619 1324 4656 :
1356 4602 1664 4655 Accedamus
1707 4597 1773 4650 ad
1811 4595 1994 4648 Deum.

411 4703 476 4756 Et
503 4702 662 4756 Deum
685 4701 815 4756 δαᾶί
839 4698 1164 4768 interrogavit
1182 4711 1200 4750 :
1220 4696 1296 4748 An
1316 4693 1614 4747 descendant
1632 4699 1742 4760 post
1759 4686 1999 4756 alienige-

410 4814 523 4863 nas,
550 4808 595 4850 et
614 4797 778 4848 trades
808 4795 945 4864 ipsos
974 4794 1026 4846 in
1051 4807 1229 4845 manus
1255 4788 1434 4842 nicas?
1477 4784 1542 4838 Et
1564 4801 1665 4837 non
1681 4780 1938 4849 respondit
1955 4779 1998 4832 ei

409 4892 464 4944 in
490 4891 572 4942 die
591 4889 681 4942 illa
704 4883 1042 4955 Dominus(‘l.
1066 4883 1192 4954 Reg.
1221 4882 1306 4936 M.
1339 4880 1427 4935 56.
1461 4879 1570 4946 57).
1593 4875 1825 4945 Respice
1850 4872 2000 4927 beni-

411 4983 666 5053 gnitatem
704 4989 755 5035 et
787 4975 1255 5032 ruausuetudinem
1285 4969 1691 5026 clementissimi
1733 4965 1849 5019 Dei.
1883 4963 1997 5018 Non

415 5078 556 5130 enim
609 5075 807 5129 fulmen
852 5073 1076 5128 immisit
1104 5113 1118 5135 ,
1150 5085 1323 5140 neque
1355 5080 1550 5122 terram
1579 5063 1882 5125 concussit;
1907 5061 1998 5114 sed

413 5169 554 5240 quod
587 5170 638 5223 in
662 5170 862 5222 amicos
878 5167 1035 5222 amici
1066 5164 1284 5229 faciunt,
1313 5159 1527 5231 quando
1549 5157 1890 5212 contumeliis
1919 5155 1998 5207 af-

416 5260 537 5314 fecti
565 5259 762 5314 fuerint
783 5302 796 5324 ,
829 5259 931 5312 hoc
960 5268 1014 5313 et
1041 5256 1093 5310 in
1121 5270 1334 5310 servum
1367 5253 1624 5306 Dominus
1652 5247 1810 5304 fecit:
1840 5247 2004 5300 tacuit

417 5361 619 5405 tantum
648 5393 662 5416 ,
709 5365 804 5418 per
844 5349 1114 5402 silentium
1161 5346 1385 5415 loquens
1433 5353 1485 5397 et
1530 5355 1746 5394 omnem
1774 5339 1874 5408 ipsi
1905 5338 2001 5391 de-

396 5453 721 5529 monstrans
753 5440 1191 5510 indignationem.
1215 5435 1474 5505 Cognovit
1497 5433 1598 5486 hoc
1620 5431 1746 5487 Saftl
1781 5471 1796 5494 ,
1831 5429 1896 5482 Et
1921 5429 2003 5480 di-

415 5535 525 5587 xit:
557 5534 810 5605 Adducite
852 5547 1025 5586 omnes
1071 5530 1229 5583 tribus
1280 5527 1487 5598 populi,
1532 5536 1578 5579 et
1609 5522 1891 5595 c0gnoscitc
1916 5536 1934 5574 :
1961 5530 2005 5572 et

420 5627 582 5681 videte
607 5629 659 5680 in
695 5643 792 5696 quo
829 5631 1017 5696 factum
1041 5635 1112 5677 est
1142 5623 1292 5676 Itodie
1323 5630 1582 5692 peccatum
1612 5619 1706 5670 hoc
1726 5659 1739 5682 ,
1767 5616 2006 5686 quoniam

417 5722 532 5774 vivit
586 5719 836 5774 Dominus
861 5761 875 5786 ,
924 5721 1010 5788 qui
1050 5718 1242 5772 salvum
1284 5717 1400 5785 fecit
1440 5714 1640 5768 Israel:
1670 5712 1805 5779 quod
1839 5711 1884 5763 si
1927 5726 2009 5762 re-

421 5814 674 5883 sponderit
702 5821 881 5867 contra
908 5811 1169 5866 Jonathan
1195 5809 1360 5877 [ilium
1389 5823 1574 5872 meum,
1595 5817 1753 5858 morte
1768 5804 2008 5857 morietur

425 5908 496 5974 ξι.
537 5905 659 5977 Reg.
693 5907 778 5960 li.
813 5902 923 5966 58).
951 5903 1138 5958 Vidisti
1171 5899 1564 5957 temeritatem?
1592 5898 1810 5953 intuitus
1840 5904 2002 5950 teme-

1240 417 1330 470 AD
1371 410 1690 469 POPULUM
1731 403 2216 462 ANTIOCl-IENUM
2280 400 2507 457 llOMlL.
2549 399 2686 454 XIV.

3527 378 3627 434 150

2055 529 2224 572 ratum
2256 515 2800 586 priusjuramentum,
2827 523 3001 578 neque
3030 509 3105 560 sic
3125 499 3435 574 eaStigatur,
3462 500 3557 555 sed
3583 510 3638 554 et

2052 610 2339 664 secundum
2365 606 2548 673 adjicit
2579 618 2810 658 rursum.
2864 601 2928 656 Et
2963 598 3245 655 considera
3285 594 3481 651 diaboli
3526 607 3642 647 ma-

2055 705 2346 772 lignitatem
2371 702 2408 753 ¹.
2437 698 2697 766 Quoniam
2744 695 2886 749 enim
2926 689 3325 761 cognoscebat,
3354 684 3495 757 quod
3537 698 3642 736 sae-

2055 799 2171 868 pius
2217 811 2347 864 puer
2388 791 2750 862 deprehensus
2791 797 2844 842 et
2889 787 2940 840 in
2977 782 3208 838 medium
3237 779 3548 850 productus,
3576 789 3639 827 ex

2055 893 2171 960 ipso
2211 898 2426 958 aspectu
2465 884 2641 940 statim
2688 891 2892 952 patrem
2942 877 3184 946 mitigare
3231 883 3284 929 et
3321 872 3459 941 regis
3507 870 3642 923 iram

2056 981 2264 1036 mollire
2313 985 2558 1047 poterat,
2585 972 2940 1029 secundorum
2986 981 3170 1022 rursus
3212 964 3638 1034 juramentorum

2057 1071 2376 1128 necessitate
2420 1067 2584 1136 ipsius
2611 1063 2926 1118 sententiam
2964 1055 3358 1128 prccoccupavit
3389 1095 3403 1116 ,
3444 1049 3643 1118 duplici

2057 1164 2285 1235 quodam
2312 1160 2524 1215 vinculo
2552 1156 2806 1212 cohibens
2834 1155 3024 1222 ipsum,
3057 1165 3154 1203 nec
3181 1147 3494 1216 permittens
3517 1156 3645 1209 pro-

2059 1234 2189 1326 prim
2217 1254 2330 1308 fieri
2361 1250 2640 1307 sententia:
2669 1247 2944 1302 dominum
2970 1284 2984 1308 ,
3013 1241 3106 1296 scd
3154 1238 3388 1306 undique
3417 1237 3467 1288 in
3497 1234 3644 1288 illam

2060 1325 2261 1404 eadem
2291 1347 2521 1414 iniquam
2553 1341 2851 1410 impellens,
2885 1347 2938 1392 et
2979 1334 3211 1389 nondum
3252 1337 3526 1398 comperto
3555 1325 3645 1394 qui

2061 1449 2354 1511 peccasset,
2379 1436 2636 1504 judicium
2657 1433 2797 1495 fecit,
2826 1441 2880 1484 et
2908 1444 3056 1484 reum
3077 1426 3339 1489 nesciens,
3370 1422 3472 1474 lata
3491 1420 3645 1473 dam-

2063 1533 2206 1586 navit
2231 1528 2491 1585 sententia
2519 1545 2532 1578 :
2564 1536 2618 1580 et
2648 1536 2798 1593 pater
2821 1521 2992 1576 factus
3017 1527 3098 1573 est
3146 1515 3240 1568 ﬁlii
3283 1511 3519 1567 carnifex
3551 1551 3566 1574 ,
3597 1518 3651 1562 et

2063 1632 2187 1678 ante
2217 1635 2438 1677 examen
2467 1614 2827 1671 damnationis
2871 1609 3086 1680 protulit
3129 1604 3466 1660 sententiam.
3513 1599 3650 1668 Quid

2067 1717 2166 1770 hoc
2196 1711 2608 1768 irrationabilius
2640 1708 2750 1761 fieri
2784 1703 2998 1775 posset?

2137 1809 2189 1864 5.
2221 1807 2344 1861 Haec
2370 1805 2528 1874 igitur
2551 1803 2641 1856 illo
2666 1801 2875 1853 dicente
2907 1795 3072 1865 magis
3104 1792 3274 1846 timuit
3312 1788 3569 1858 populus,
3601 1794 3656 1839 et

2067 1914 2254 1956 omnes
2277 1906 2428 1952 erant
2451 1897 2500 1949 in
2529 1905 2759 1949 trentore
2779 1900 2833 1945 et
2856 1891 3044 1942 timore
3063 1885 3262 1938 multo:
3291 1880 3534 1935 diabolus
3563 1894 3657 1930 au-

2071 2005 2176 2047 tem
2210 1992 2490 2045 laetabatur
2521 2030 2534 2048 ,
2558 2001 2678 2040 eum
2707 1997 2894 2036 omnes
2917 1979 3104 2032 anxios
3133 1974 3454 2029 reddidisset
3475 1972 3515 2024 '.
3538 1968 3658 2022 Non

2070 2089 2202 2140 enim
2232 2092 2340 2138 erat
2371 2081 2455 2152 qui
2481 2077 2837 2148 responderet,
2878 2058 3083 2140 inquit,
3129 2083 3191 2121 ex
3219 2075 3320 2120 toto
3362 2063 3586 2134 papula:
3613 2068 3658 2113 et

2073 2178 2204 2230 dixit
2232 2173 2364 2230 Saiil
2394 2215 2408 2238 ,
2450 2171 2546 2225 Vos
2592 2168 2730 2222 eritis
2768 2167 2819 2217 in
2850 2163 3134 2217 servitutem
3158 2199 3172 2223 ,
3202 2167 3248 2210 et
3292 2172 3381 2226 ego
3431 2163 3476 2207 et
3523 2153 3660 2221 ﬁlms

2073 2286 2210 2323 meus
2225 2265 2476 2321 Jonathas
2492 2265 2544 2315 in
2567 2260 2852 2315 servitutem
2873 2255 2918 2325 (l
2933 2253 3082 2322 .Reg.
3096 2272 3148 2304 v.
3164 2249 3252 2304 59.
3267 2248 3381 2316 40).
3403 2245 3550 2314 Quod
3569 2259 3664 2296 au-

2076 2376 2179 2418 tem
2206 2362 2354 2425 dicit,
2389 2358 2493 2413 tale
2515 2365 2628 2410 est:
2657 2350 2798 2406 Nihil
2816 2347 2977 2411 aliud,
3009 2344 3199 2413 inquit,
3230 2341 3474 2404 studctis,
3505 2351 3662 2406 quam

2075 2454 2318 2510 hostibus
2357 2466 2452 2503 vos
2499 2446 2708 2501 tradere
2739 2486 2751 2504 ,
2797 2450 2850 2495 et
2879 2455 2975 2509 pro
3004 2436 3184 2490 liberis
3207 2446 3395 2488 servos
3442 2428 3621 2484 facere
3645 2468 3662 2491 ,

2077 2549 2242 2602 Deum
2283 2553 2467 2598 contra
2509 2555 2603 2592 vos
2649 2535 2963 2604 instigantes
2993 2571 3007 2594 ,
3049 2542 3198 2581 reum
3242 2539 3347 2578 non
3387 2519 3664 2576 tradendo.

2077 2637 2301 2707 Respice
2331 2642 2575 2690 autemet
2600 2630 2755 2682 aliam
2783 2640 2850 2679 ex
2871 2623 3178 2692 iuramento
3206 2615 3490 2670 conﬂatam
3532 2626 3665 2665 con-

2079 2733 2425 2786 trarietatem.
2456 2727 2586 2781 Cum
2616 2722 2758 2778 enim
2791 2735 2926 2790 opus
2953 2725 3128 2775 esset,
3157 2711 3201 2766 si
3223 2723 3491 2766 auctorem
3519 2707 3669 2759 inve-

2080 2827 2196 2880 nire
2225 2823 2464 2881 volebat,
2495 2819 2625 2873 nihil
2657 2818 2761 2872 tale
2791 2815 2978 2869 minari
3009 2854 3026 2881 ,
3057 2826 3156 2867 nec
3179 2810 3482 2880 iuramento
3512 2801 3671 2853 ultio-

2082 2937 2200 2974 nem
2226 2918 2462 2986 obligare
2495 2955 2508 2977 ,
2537 2924 2591 2966 et
2618 2912 2929 2966 audaciores
2957 2907 3080 2963 facti
3121 2919 3267 2960 reum
3295 2897 3593 2972 promptius
3621 2895 3672 2946 iu

2082 3010 2314 3066 medimn
2346 3014 2598 3076 agerent;
2653 3003 2742 3055 ille
2781 3015 2991 3054 rursum
3019 3014 3082 3052 ex
3110 2997 3184 3050 ira
3224 3004 3277 3048 et
3298 2994 3478 3044 furore
3507 2987 3672 3041 multo

2086 3112 2142 3158 et
2190 3101 2351 3172 priori
2396 3097 2615 3153 stultitia
2643 3105 2826 3149 contra
2857 3133 2871 3156 ,
2913 3106 3072 3160 quam
3105 3087 3222 3140 vult
3250 3128 3265 3149 ,
3308 3085 3501 3136 iterum
3532 3078 3673 3131 facit.

2085 3194 2221 3264 Quid
2248 3208 2381 3261 opus
2402 3201 2481 3245 est
2509 3188 2674 3241 multa
2701 3183 2916 3238 dicere?
2937 3181 3076 3236 Sorti
3101 3177 3368 3247 negotium
3387 3168 3674 3233 concessit,

2085 3298 2139 3343 et
2163 3259 2306 3341 sorte
2334 3282 2703 3338 exainiuantur
2731 3277 2857 3332 Sai'tl
2877 3285 2930 3330 et
2956 3271 3229 3328 Jonathas.
3265 3266 3327 3319 Et
3348 3264 3476 3318 dixit
3499 3259 3664 3315 Sail:

2085 3378 2251 3432 Jacite
2276 3385 2462 3428 sortem
2488 3374 2620 3424 inter
2646 3386 2726 3422 me
2752 3378 2798 3420 et
2818 3365 3117 3426 Jonathan;
3149 3371 3193 3412 et
3211 3359 3412 3429 jaciunt
3441 3361 3628 3407 sortem
3658 3391 3672 3414 ,

2089 3479 2136 3522 et
2163 3468 2362 3536 capitur
2391 3462 2662 3517 Jonatltas.
2713 3458 2778 3512 Et
2820 3457 2949 3510 dixit
2987 3453 3116 3508 δίιᾱί
3153 3451 3220 3504 ad
3243 3446 3545 3502 Jonatltan:
3572 3442 3680 3495 An-

2090 3563 2266 3616 nuntia
2285 3559 2429 3624 mihi,
2470 3555 2592 3626 quid
2611 3552 2813 3617 fecisti?
2845 3549 2910 3602 Et
2934 3544 3249 3600 annuntiavit
3275 3540 3373 3609 ipsi
3399 3535 3676 3598 Jonatltas,

2091 3654 2258 3706 dicens
2282 3667 2299 3704 :
2319 3649 2540 3703 Custaus
2560 3643 2759 3717 gustavi
2783 3643 2836 3694 iu
2865 3639 3152 3694 summitate
3179 3632 3394 3703 sceptri,
3422 3627 3557 3699 quod
3581 3628 3680 3679 Ita-

2098 3747 2272 3803 bebam
2301 3746 2352 3798 in
2396 3759 2550 3796 manu
2589 3756 2700 3792 mea
2724 3778 2740 3804 ,
2768 3751 2948 3807 parum
2976 3732 3138 3786 mellis
3167 3730 3186 3760 ³
3215 3737 3261 3782 et
3301 3745 3361 3781 en
3384 3741 3473 3796 ego
3499 3723 3688 3776 morior

2095 3843 2173 3911 (ι.
2209 3839 2335 3908 Reg.
2364 3837 2452 3891 M.
2480 3833 2568 3888 42.
2593 3833 2708 3903 45).
2737 3830 2906 3896 Quem
2931 3841 3034 3880 non
3061 3822 3363 3886 flexissent,
3394 3831 3551 3887 quem
3580 3829 3686 3867 non

2097 3935 2148 3987 in
2199 3927 2614 3986 misericordiam
2673 3923 2906 3992 egissent
2972 3918 3087 3972 hmc
3143 3911 3346 3968 verba?
3399 3906 3689 3964 Considera

2096 4035 2351 4095 quantum
2380 4020 2626 4091 proccllie
2652 4015 2845 4071 deinde
2884 4011 3012 4067 Saul
3055 4006 3304 4064 sustinuit
3330 4046 3343 4068 ,
3373 4018 3492 4056 cum
3521 3999 3685 4068 ipsius

2099 4120 2302 4173 viscera
2329 4114 2759 4181 dirumperentur
2784 4150 2796 4168 ,
2823 4114 2880 4160 et.
2907 4103 3171 4171 utrimque
3215 4094 3687 4168 profundissimutn

2099 4215 2380 4282 appareret
2401 4203 2784 4275 praecipitium;
2835 4196 2928 4251 sed
2960 4207 3134 4249 tamen
3166 4206 3263 4246 nec
3302 4190 3370 4242 ita
3416 4193 3690 4240 correctus

2203 4319 2216 4354 :
2241 4298 2333 4355 scd
2357 4296 2482 4368 quid
2508 4295 2620 4348 ait?
2654 4290 2776 4345 [Itec
2807 4289 2962 4360 faciat
2989 4285 3112 4338 mihi
3151 4281 3323 4345 Deus,
3352 4289 3399 4333 et
3429 4278 3539 4330 haec
3558 4275 3694 4344 adji-

2101 4395 2200 4448 ciat
2221 4433 2235 4458 ,
2260 4390 2499 4460 quoniam
2534 4395 2690 4439 morte
2716 4381 2944 4436 morieris
2979 4377 3126 4430 hodie
3152 4376 3170 4443 (
3202 4372 3283 4427 Ib.
3309 4393 3362 4430 v.
3391 4371 3456 4424 44
3480 4369 3521 4440 ).
3555 4368 3695 4423 Ecce

2104 4486 2316 4540 tertium
2345 4494 2530 4535 rursus
2555 4478 2916 4546 jnramentum
2939 4513 2953 4537 ,
2984 4484 3085 4522 nec
3109 4465 3420 4534 simpliciter
3444 4461 3692 4526 tertium,

2103 4576 2197 4632 sed
2234 4576 2394 4630 etiam
2431 4586 2551 4626 cum
2592 4569 2754 4622 multa
2797 4562 3051 4632 temporis
3099 4558 3360 4628 angustia.
3406 4554 3521 4609 Non
3547 4553 3689 4607 enim

2105 4668 2417 4739 simpliciter
2459 4663 2637 4729 dixit,
2693 4657 2968 4712 Morieris:
3007 4653 3101 4708 sed
3149 4650 3335 4704 Hodie.
3387 4645 3698 4702 Festinahat

2104 4764 2245 4819 enim
2283 4759 2528 4815 diabolus
2569 4757 2741 4823 ipsum
2787 4752 2837 4804 in
2883 4750 3022 4803 hanc
3053 4745 3268 4814 impiam
3293 4758 3452 4813 agere
3489 4739 3692 4795 eadem

2106 4867 2158 4911 et
2204 4853 2497 4923 impellere.
2556 4848 2844 4914 Propterea
2886 4855 2988 4896 nec
3028 4837 3306 4894 sententia:
3332 4843 3524 4888 statum
3552 4831 3695 4886 diem

2105 4946 2360 5001 adhibere
2403 4940 2695 5012 permittit,
2725 4951 2793 4990 ne
2817 4949 2920 5004 qua
2968 4947 3034 4987 ex
3061 4943 3212 4984 mora
3243 4926 3365 4980 mali
3401 4925 3491 4978 fiat
3517 4939 3700 4978 corre-

2107 5041 2233 5094 ctio.
2266 5036 2482 5092 Etdixit
2505 5031 2731 5103 populus
2756 5028 2822 5082 ad
2852 5026 3008 5082 Saul:
3037 5023 3162 5078 Haec
3181 5022 3336 5092 faciat
3359 5019 3502 5073 nobis
3532 5017 3694 5082 Deus,

2108 5145 2154 5188 et
2201 5136 2307 5186 hch
2346 5130 2555 5198 adjiciat
2575 5167 2588 5188 ,
2617 5127 2660 5178 si
2693 5131 2851 5177 morte
2891 5121 3131 5174 morietur
3163 5158 3177 5182 ,
3228 5117 3312 5187 qui
3338 5114 3454 5184 fecit
3481 5112 3696 5166 salutem

2111 5241 2346 5296 magnam
2377 5221 2563 5274 Israel.
2614 5216 2746 5270 Viuit
2790 5213 3042 5267 Dominus
3075 5253 3087 5275 ,
3135 5211 3180 5263 si
3208 5208 3352 5262 cadet
3395 5205 3611 5274 capillus
3639 5201 3703 5253 de

2110 5318 2272 5386 capite
2287 5318 2396 5386 ejus
2413 5315 2465 5366 in
2495 5324 2700 5374 terram,
2725 5307 2842 5377 quia
2862 5301 3258 5359 misericordiam
3275 5297 3372 5352 Dei
3398 5296 3514 5366 fecit
3545 5295 3598 5346 in
3620 5294 3703 5346 die

2113 5412 2206 5463 hac
2235 5407 2394 5478 (Ibid.
2428 5428 2475 5460 ν.
2504 5403 2619 5470 45).
2651 5402 2793 5456 Ecce
2817 5407 2871 5454 et
2911 5395 3136 5467 populus
3163 5391 3453 5447 secundum
3479 5387 3700 5458 juravit,

2113 5513 2166 5557 et
2197 5502 2306 5571 regi
2344 5498 2672 5554 contrarium
2696 5493 2912 5565 juravit.
2963 5490 3112 5545 Nunc
3137 5485 3267 5541 mihi
3296 5480 3702 5538 reminiscimini

2115 5595 2404 5650 funiculum
2426 5608 2454 5645 a
2486 5588 2722 5660 puerulis
2748 5595 2969 5641 tractum
3000 5625 3015 5649 ,
3056 5590 3112 5637 et
3152 5580 3446 5647 disruptum
3473 5616 3489 5641 ,
3516 5584 3571 5630 et
3596 5583 3704 5626 tra-

2182 5713 2200 5741 ί
2235 5707 2484 5758 Sententia
2528 5703 2811 5765 imperfecta
2843 5698 3032 5765 videtur
3074 5688 3438 5765 ttontefalconip
3461 5702 3538 5765 cui
3560 5687 3707 5765 mini-

2114 5785 2195 5821 me
2217 5751 2790 5820 assentimusicieteruin
2808 5762 2968 5810 omnia
2995 5753 3296 5821 exemplaria
3305 5755 3386 5821 _sic
3407 5751 3609 5800 habent.

2179 5815 2441 5880 rlilii—tino
2461 5815 2635 5885 verbo,
2664 5824 2917 5875 («dabatur
2939 5815 3159 5885 omnibus
3178 5815 3358 5866 anxiis.

2184 5897 2202 5928 ³
2235 5873 2438 5944 ita-sa:
2448 5873 2859 5951 et't-t'iavxjimapars
2878 5893 2979 5933 Mss.
2999 5879 3146 5932 Morel
3163 5892 3281 5931 vero
3305 5892 3319 5927 :
3339 5873 3702 5944 Exiguwmnei.
