4112 6388
369 349 459 406 l5l
1105 343 1162 400 S.
1201 340 1479 400 JOANNIS
1513 335 1988 396 CHRYSOSTOMI
2037 334 2350 395 ARCHIEP.
2373 338 2906 398 CONSTANTiNOP.

368 468 558 522 bentes
583 464 804 536 supinos
831 462 1216 534 projicientem.
1242 460 1449 516 Juravit
1473 458 1599 514 Saul
1629 472 1736 512 non
1760 454 1951 523 semel,

371 573 544 628 neque
565 558 648 612 bis
667 600 681 624 ,
712 557 806 612 sed
831 566 885 612 et
912 555 1134 624 smpius:
1166 553 1432 608 contraria
1452 552 1650 622 juravit
1679 548 1908 620 populus
1942 590 1958 613 ,

368 661 423 704 et
443 649 552 720 jam
575 648 948 705 contendebat.
977 646 1207 701 Necesse
1228 644 1337 714 jam
1361 645 1578 698 omnino
1600 641 1962 710 juramentum

372 743 542 798 scindi
573 761 584 796 :
620 758 738 796 nam
787 749 885 794 nos
913 754 1099 794 omnes
1126 754 1252 792 vere
1275 739 1484 807 jurasse
1504 744 1587 789 est
1612 732 1958 803 impossibile.

446 833 863 888 Juramentorum
891 832 1077 884 damna
1105 828 1284 882 multa.
1307 859 1378 868 —-
1407 827 1513 881 Nec
1537 826 1665 879 mihi
1697 824 1774 879 rei
1801 839 1964 878 even-

377 933 486 978 tum
517 924 684 987 dicas,
713 922 806 976 sed
837 923 1029 992 cogita,
1058 929 1187 990 quot
1215 921 1350 973 mala
1381 917 1755 977 nascebantur,
1779 925 1832 968 et
1858 921 1966 966 tra-

381 1015 604 1085 gzediam
645 1023 698 1068 et
726 1012 1059 1085 tyrannidem
1085 1010 1324 1064 venturis
1355 1024 1449 1078 per
1476 1006 1728 1062 Absalom
1767 1005 1968 1060 similes

383 1109 506 1162 hinc
544 1108 786 1162 diabolus
830 1106 1088 1160 Struebat.
1118 1105 1173 1159 Si
1207 1103 1348 1157 enim
1393 1101 1652 1156 voluisset
1696 1115 1787 1154 rex
1832 1098 1966 1152 resi-

378 1212 523 1256 stere
559 1211 613 1255 et
648 1200 714 1254 ad
747 1200 1108 1269 juramentum
1150 1195 1464 1268 procedere,
1507 1203 1648 1248 totus
1689 1193 1974 1248 restitisset

381 1294 628 1363 populus,
681 1300 734 1346 et
765 1291 1004 1362 tyrannis
1052 1290 1418 1344 crudelissima
1457 1287 1593 1341 facta
1645 1286 1830 1340 fuisset
1867 1302 1880 1336 :
1920 1292 1976 1338 et

385 1402 594 1439 rursum
638 1385 684 1439 si
725 1384 982 1438 voluisset
1027 1384 1166 1437 filius
1207 1382 1435 1452 propriae
1479 1381 1768 1434 consulens
1815 1378 1973 1433 saluti

383 1477 623 1546 seipsum
647 1478 904 1530 exercitui
927 1475 1146 1540 dedere,
1172 1474 1436 1544 parricida
1462 1474 1637 1528 statim
1662 1473 1972 1528 exstitisset.

385 1566 550 1622 Vides
576 1575 630 1622 et
660 1566 1012 1638 tyrannidem,
1041 1575 1094 1619 et
1123 1566 1215 1618 ﬁlii
1237 1565 1461 1629 caedem,
1482 1574 1537 1620 et
1558 1564 1897 1633 parricidium
1924 1572 1978 1618 et

386 1659 583 1713 bellum
614 1659 788 1723 civile,
820 1667 874 1712 et
898 1673 1146 1727 pugnam,
1175 1665 1230 1711 et
1251 1656 1631 1726 jugulationes,
1659 1665 1714 1710 et
1735 1669 1974 1721 cruores,

389 1757 445 1803 et
490 1749 692 1803 infinita
737 1749 996 1804 cadavera
1041 1765 1106 1803 ex
1147 1763 1254 1803 uno
1300 1757 1508 1819 patrata
1546 1748 1870 1818 juramento.
1922 1747 1978 1802 Si

392 1855 623 1908 namque
665 1840 864 1894 bellum
913 1841 1024 1895 fieri
1067 1840 1382 1905 accidisset,
1415 1848 1472 1896 et
1508 1840 1633 1894 Saﬁl
1669 1838 1890 1894 forsitan
1926 1847 1982 1892 et

392 1929 653 1985 Jonathas
688 1930 958 2000 jugulatus
991 1931 1206 1996 fuisset,
1233 1941 1288 1986 et
1317 1931 1469 1986 multi
1496 1931 1722 1986 militum
1761 1931 1984 1986 fuissent

397 2021 688 2075 trucidati:
734 2030 788 2076 et
837 2023 968 2076 nulli
1011 2024 1089 2078 sic
1125 2023 1486 2092 juramentum
1529 2023 1665 2078 bene
1708 2025 1980 2079 cessisset.

393 2111 574 2182 Itaque
614 2128 680 2169 ne
705 2114 1016 2169 consideres
1053 2116 1172 2180 hoc,
1195 2116 1335 2186 quod
1385 2132 1490 2170 non
1531 2115 1600 2170 ita
1649 2115 1845 2171 factum
1876 2117 1981 2182 sit;

394 2207 490 2262 sed
518 2207 646 2262 illud
674 2207 955 2263 considera
977 2250 992 2273 ,
1031 2209 1170 2276 quod
1201 2209 1274 2262 rei
1304 2217 1494 2262 natura
1523 2210 1638 2262 haec
1682 2209 1796 2263 fieri
1821 2224 1984 2278 coge-

398 2297 490 2353 bat
533 2316 546 2352 :
596 2299 822 2369 populus
869 2309 1046 2354 autem
1089 2300 1232 2353 vicit.
1285 2301 1395 2369 Age
1442 2299 1601 2370 igitur
1647 2314 1988 2354 numeremus

398 2390 684 2445 commissa
725 2391 979 2461 perjuria.
1022 2392 1360 2446 Temeratum
1419 2403 1497 2446 est
1541 2393 1769 2462 primum
1814 2391 1990 2447 Saiilis

394 2481 756 2551 juramentum
797 2498 829 2536 a
874 2483 982 2536 filio
1026 2501 1040 2537 :
1082 2484 1373 2538 secundum
1416 2500 1635 2550 rursus,
1681 2494 1733 2539 et
1775 2486 1988 2540 tertium

402 2574 572 2643 ipsius
601 2573 773 2628 Saiilis
797 2574 865 2629 de
908 2575 998 2628 lilii
1027 2575 1208 2629 c:ede:
1242 2585 1296 2629 et
1321 2578 1466 2630 visus
1497 2585 1578 2631 est
1609 2578 1835 2646 populus
1868 2593 1991 2632 vere

395 2666 642 2736 jurasse;
672 2667 766 2722 sed
803 2668 848 2722 si
885 2668 1004 2737 quis
1030 2669 1312 2739 diligenter
1354 2685 1466 2724 rem
1514 2672 1808 2736 examinet,
1844 2681 1897 2725 et
1936 2671 1992 2725 hi

404 2771 592 2811 rursus
616 2772 805 2812 omnes
832 2758 1053 2828 perjurii
1091 2760 1405 2815 criminibus
1435 2760 1653 2815 obnoxii
1693 2760 1816 2817 facti
1847 2773 1991 2816 sunt.

403 2845 575 2915 Ipsius
596 2848 738 2902 enim
755 2847 1000 2904 Jonatlia:
1024 2861 1227 2920 patrem
1251 2853 1494 2922 pejerare
1517 2863 1828 2922 coegerunt,
1857 2855 1993 2924 patri

407 2939 575 2993 filium
609 2957 713 2994 non
759 2941 1036 2997 dedentes.
1084 2942 1246 2998 Vides
1284 2953 1414 3014 quot
1458 2943 1705 3000 homines
1750 2954 1860 3000 tum
1905 2963 1999 3000 vo-

403 3032 613 3098 lentes,
667 3041 775 3088 tum
820 3035 1014 3089 invitos
1060 3036 1296 3106 perjurio
1341 3038 1603 3094 obnoxios
1657 3055 1818 3094 unum
1874 3039 1998 3095 fecit

402 3123 807 3195 juramentum?
842 3137 973 3198 quot
1019 3129 1156 3182 mala
1197 3129 1438 3185 molitum
1492 3139 1608 3199 est,
1654 3141 1784 3202 quot
1821 3131 1999 3187 ctedes

408 3216 638 3286 patravit
661 3219 674 3271 ε

481 3308 532 3362 6.
564 3307 826 3379 Equidem
858 3310 1179 3367 'sermonem
1212 3313 1473 3384 incipiens
1519 3315 1737 3383 promisi
1782 3331 1869 3370 me
1905 3314 2000 3370 de-

411 3412 828 3457 monstraturum
863 3405 916 3458 in
943 3407 1224 3460 contrariis
1255 3407 1574 3476 iuramentis
1613 3410 1834 3464 omnino
1883 3425 2003 3479 pcr-

405 3495 605 3564 juriurn
631 3497 794 3559 nasci,
821 3496 1039 3552 historia
1060 3515 1189 3554 vero
1211 3515 1486 3569 progressa
1515 3503 1680 3557 multo
1703 3503 1819 3572 plus
1844 3518 2001 3573 quam

415 3587 650 3640 conabar
692 3587 1129 3644 demonstravit:
1163 3606 1267 3645 non
1311 3593 1452 3646 enim
1480 3609 1640 3647 unum
1678 3603 1732 3648 et
1775 3594 1909 3649 duos
1951 3605 2006 3649 et

415 3687 526 3732 tres
557 3679 800 3733 homines
821 3717 836 3741 ,
867 3680 961 3734 sed
989 3681 1263 3750 populum,
1309 3699 1414 3737 non
1446 3700 1608 3739 unum
1655 3694 1710 3738 et
1741 3686 1868 3751 tria,
1910 3686 2006 3739 sed

417 3770 585 3824 multo
612 3771 763 3839 plura
798 3771 1100 3841 juramenta
1131 3782 1384 3829 temerata
1421 3775 1675 3830 exhibuit.
1707 3777 1922 3832 Licehat
1951 3786 2005 3832 et

415 3860 575 3915 aliam
604 3877 822 3916 narrare
849 3863 1147 3932 historiam,
1175 3875 1228 3919 et
1250 3882 1315 3922 ex
1348 3867 1433 3920 illa
1479 3867 1847 3923 demonstrare
1887 3885 2007 3938 gra-

419 3954 622 4008 viorem
671 3955 770 4009 hac
812 3965 867 4010 et
911 3957 1167 4026 majorem
1212 3960 1568 4015 calamitatem
1615 3977 1774 4015 unum
1819 3960 2009 4017 fecisse

420 4048 806 4116 juramentum.
840 4049 1050 4105 Etenim
1081 4053 1356 4107 civitatum
1388 4063 1442 4108 et
1487 4055 1768 4109 mulierum
1799 4065 1850 4110 et
1879 4071 2007 4126 pue-

423 4139 662 4194 rulorum
689 4141 1027 4210 captivitate,
1065 4153 1120 4197 et
1158 4145 1435 4212 incendio,
1469 4155 1523 4201 et
1549 4147 1894 4201 barbarorum
1927 4149 2007 4202 in-

421 4232 639 4288 vasione
659 4275 672 4297 ,
700 4243 755 4288 et
780 4245 1084 4289 sanctorum
1119 4237 1413 4306 pollutione
1432 4278 1448 4304 ,
1494 4247 1549 4293 et
1576 4238 1868 4292 innumeris
1894 4239 2012 4292 aliis

419 4329 753 4398 gravioribus
782 4330 934 4384 malis
967 4330 1181 4385 Judwos
1210 4330 1388 4385 affecit
1426 4347 1587 4385 unum
1616 4346 1805 4386 omnes
1839 4331 2010 4402 jusju-

424 4420 669 4474 randum.
696 4422 801 4476 Sed
832 4423 882 4475 in
928 4422 1146 4492 longum
1182 4438 1488 4476 sermonem
1520 4423 1765 4490 protendi
1805 4423 1960 4477 video
1998 4441 2011 4477 :

425 4526 708 4584 propterea
737 4516 972 4570 historia:
1004 4516 1161 4585 hujus
1183 4519 1545 4570 narrationem
1577 4516 1661 4569 hic
1687 4516 1968 4570 absolvens
1992 4557 2008 4581 ,

426 4622 546 4662 cum
571 4607 792 4661 Joannis
815 4609 989 4678 capite
1013 4607 1258 4663 Jonathae
1282 4607 1505 4672 caedem,
1529 4617 1582 4662 et
1606 4607 1891 4676 perniciem
1921 4622 2011 4677 ge-

427 4699 660 4753 neralem
703 4701 865 4753 totius
890 4701 1070 4770 populi
1115 4701 1240 4755 licet
1269 4715 1372 4754 non
1415 4700 1734 4764 admissam,
1765 4700 1831 4753 de
1861 4699 2015 4769 jura-

427 4800 729 4845 mentorum
755 4799 934 4844 tamen
961 4793 1278 4846 necessitate
1305 4791 1728 4860 provenientem,
1759 4792 1896 4846 inter
1922 4805 2017 4846 vos

427 4895 851 4936 commemorare
881 4881 1154 4949 exhortor,
1179 4892 1232 4937 et
1257 4881 1423 4946 domi,
1454 4890 1508 4936 et
1543 4883 1595 4936 in
1631 4882 1767 4949 foro,
1796 4891 1848 4936 et
1875 4881 2016 4950 apud

427 4975 703 5042 conjuges,
735 4983 791 5028 et
832 4973 971 5042 apud
1015 4974 1249 5041 amicos,
1275 4981 1329 5028 et
1357 4973 1494 5044 apud
1537 4973 1744 5028 vicinos
1764 5015 1779 5040 ,
1802 4980 1858 5028 et
1879 4973 2019 5044 apud

430 5081 621 5121 omnes
639 5067 960 5137 generaliter
983 5066 1139 5136 hujus
1155 5067 1232 5120 rei
1263 5081 1446 5122 curam
1463 5082 1648 5138 gerere
1675 5084 1688 5120 :
1716 5081 1815 5120 nec
1833 5076 2019 5135 putare

433 5158 681 5214 idoneam
715 5173 836 5214 esse
875 5159 1028 5214 nobis
1057 5158 1458 5225 defensionem,
1504 5159 1548 5212 si
1578 5159 2018 5214 consuetudinem

430 5252 846 5322 prtetendamus.
874 5251 1028 5320 Quod
1063 5254 1206 5308 enim
1231 5253 1504 5308 excusatio
1539 5252 1653 5307 brec
1691 5254 1760 5307 sit
1801 5263 1856 5307 et
1884 5268 2022 5323 pra!-

430 5355 626 5411 textus,
657 5362 754 5401 nec
795 5347 1217 5410 consuetudinis,
1253 5346 1346 5401 sed
1381 5346 1612 5415 torporis
1642 5346 1709 5399 sit
1744 5346 1920 5414 culpa,
1953 5345 2021 5398 ab

437 5437 523 5493 his
551 5455 670 5508 quae
695 5439 804 5509 jam
831 5454 1081 5505 evenere,
1113 5439 1265 5494 vobis
1291 5439 1613 5508 persuadere
1642 5441 1896 5494 conabor.

505 5529 792 5601 Imperator
821 5533 1157 5587 Antiochenos
1177 5533 1368 5586 balneis
1390 5533 1714 5586 interdixerat
1731 5533 1781 5585 in
1799 5549 2017 5602 pernam.

434 5621 677 5679 Civitatis
704 5625 894 5680 balnea
921 5625 1214 5694 Imperator
1243 5623 1535 5686 obstruxit,
1566 5638 1623 5677 er.
1658 5622 1820 5677 lavari
1862 5625 2021 5692 jussit

436 5715 724 5782 neminem,
755 5725 808 5770 et
841 5717 1011 5787 legem
1052 5716 1346 5786 transgredi
1373 5726 1458 5772 est
1496 5731 1656 5770 ausus
1702 5731 1881 5780 nemo,
1928 5726 2020 5771 aut

435 5807 634 5864 factum
677 5808 958 5874 incusare,
990 5817 1079 5865 aut
1126 5807 1564 5865 consuetudinem
1619 5807 1952 5876 praet'cndcrc
1999 5823 2014 5861 :

3552 338 3654 395 152

2069 473 2252 512 verum
2275 466 2330 513 et
2349 459 2438 528 qui
2469 472 2613 528 sarpe
2639 465 2762 512 sunt
2791 456 2844 511 in
2873 454 3184 527 aegritudine
3211 453 3332 522 viri,
3363 451 3652 518 mulieres,

2068 549 2218 620 pueri
2247 559 2302 604 et
2327 564 2504 616 senes,
2529 560 2584 604 et
2607 549 2788 604 multae
2814 557 2998 621 partus
3018 547 3293 603 doloribus
3319 555 3565 601 recenter
3594 545 3658 598 li-

2073 643 2275 698 berata:
2296 643 2570 706 mulieres,
2601 650 2656 696 et
2682 657 2868 695 omnes
2895 621 3204 695 necessario
3231 639 3333 694 tale
3360 637 3656 692 remedium

2071 743 2334 806 petentes,
2355 735 2522 789 velint
2539 735 2708 789 nolint
2733 733 3039 788 mandatum
3063 732 3164 786 hoc
3191 730 3388 796 ferunt,
3409 739 3462 785 et
3484 745 3661 798 neque

2075 829 2320 884 morbum
2349 827 2612 898 corporis,
2655 841 2831 896 neque
2854 823 3260 880 consuetudinis
3282 821 3615 894 tyrannidem
3641 862 3659 888 ,

2074 937 2247 992 neque
2280 921 2398 975 aliis
2449 919 2791 990 peccantibus
2827 931 2886 972 se
2928 917 3133 987 puniri,
3167 930 3266 970 nec
3299 913 3439 968 aliud
3473 912 3659 966 talium

2075 1015 2362 1086 quidquam
2408 1011 2783 1083 prtetendunt:
2835 1009 2930 1066 sed
2977 1007 3282 1077 hujusmodi
3329 1014 3477 1076 grate
3520 1004 3665 1058 exci—

2076 1109 2227 1178 piunt
2250 1105 2529 1170 ultionem,
2561 1103 2682 1172 quia
2709 1101 2909 1171 majora
2931 1107 3243 1170 exspectant
3265 1097 3422 1162 mala,
3455 1106 3508 1150 et
3530 1110 3665 1163 quo—

2077 1202 2205 1256 tidie
2253 1209 2537 1270 precantur
2588 1197 2846 1252 hactenus
2895 1194 3100 1265 regium
3163 1191 3396 1245 furorem
3449 1189 3660 1242 sistere.

2081 1294 2244 1349 Vides
2270 1291 2412 1364 quod
2435 1291 2521 1347 ubi
2551 1299 2636 1346 est
2656 1290 2834 1350 timor.
2867 1287 3021 1342 facile
3048 1285 3284 1340 solvatur
3313 1278 3664 1340 consuetudo,

2080 1387 2292 1443 etiamsi
2318 1385 2471 1440 valde
2512 1383 2761 1438 diuturna
2800 1381 2870 1438 sit
2899 1389 2954 1434 et
2991 1376 3325 1434 necessaria?
3367 1373 3525 1444 Atqui
3556 1388 3666 1426 non

2081 1481 2246 1536 lavari
2274 1495 2461 1550 grave.
2494 1477 2607 1532 Etsi
2634 1479 2776 1532 enim
2806 1474 3010 1529 centies
3039 1469 3479 1542 philosopliemur
3497 1508 3512 1530 ,
3542 1479 3667 1518 cor-

2082 1573 2232 1643 poris
2276 1581 2464 1626 natura
2489 1569 2759 1638 arguitur,
2791 1566 2922 1620 nihil
2957 1566 3024 1620 ab
3049 1563 3211 1617 animi
3243 1556 3574 1630 philosophia
3611 1557 3668 1609 iu

2084 1663 2353 1734 propriam
2369 1661 2729 1716 valetudinem
2747 1656 2985 1727 adjuvari
3011 1673 3023 1708 :
3045 1669 3152 1708 non
3170 1655 3349 1722 jurare
3365 1665 3492 1703 vero
3514 1645 3670 1700 valde

2084 1757 2260 1823 facile,
2293 1764 2347 1810 et
2375 1754 2578 1808 nullum
2600 1752 3172 1812 aﬁ'ertnocumentum,
3205 1760 3310 1800 non
3335 1740 3668 1811 corporibus,

2087 1867 2192 1908 non
2221 1851 2434 1913 animis,
2460 1847 2554 1902 sed
2585 1847 2748 1901 etiam
2775 1845 2999 1899 multum
3026 1836 3394 1900 emolumenti,
3426 1847 3671 1903 magnam

2086 1944 2390 2006 utilitatem,
2420 1941 2642 1994 multam
2680 1935 3026 2006 opulentiam.
3055 1931 3335 2000 Quomodo
3371 1927 3525 1997 igitur
3564 1939 3672 1977 non

2087 2035 2378 2093 absurdum
2416 2035 2743 2103 lmperatore
2770 2029 3014 2100 jubente,
3050 2025 3140 2081 vel
3162 2021 3476 2078 difficillima
3506 2017 3675 2071 susti-

2091 2144 2239 2192 nere,
2282 2127 2396 2182 Deo
2425 2141 2553 2180 vero
2593 2131 2860 2178 statuente
2900 2118 2949 2173 id
2994 2115 3135 2188 quod
3178 2128 3352 2184 neque
3380 2124 3538 2180 grave
3583 2108 3676 2172 sit,

2091 2235 2264 2290 neque
2284 2217 2522 2281 difficile,
2551 2229 2734 2270 verum
2765 2225 3019 2282 perquam
3043 2207 3197 2262 facile
3225 2214 3280 2260 et
3298 2200 3635 2258 commodum
3658 2239 3674 2290 ,

2091 2289 2438 2368 contemnere
2455 2319 2508 2365 et
2522 2307 2769 2363 deridere
2785 2313 2839 2359 et
2857 2299 3295 2356 consuetudinem
3314 2292 3644 2364 przetendere
3656 2289 3682 2342 ?

2092 2406 2189 2468 Ne,
2236 2419 2439 2475 quieso,
2471 2419 2539 2457 ne
2577 2402 2631 2455 in
2663 2410 2864 2454 tantum
2905 2395 3132 2451 salutem
3169 2399 3403 2445 nostram
3441 2395 3685 2440 contem-

2095 2513 2306 2561 namus,
2331 2496 2423 2551 sed
2447 2496 2729 2548 timeamus
2751 2491 2934 2552 Deum,
2961 2487 3097 2541 sicut
3121 2482 3388 2537 hominem
3409 2481 3678 2532 timemus.

2095 2590 2230 2646 Novi
2273 2603 2372 2643 vos
2420 2585 2763 2642 exhorruisse
2801 2580 2996 2634 talibus
3035 2576 3266 2638 auditis;
3318 2570 3411 2626 sed
3461 2570 3685 2622 horrore

2099 2682 2315 2751 dignum
2346 2689 2429 2734 est
2454 2693 2522 2732 ne
2552 2685 2756 2731 tantum
2790 2671 3004 2742 quidem
3051 2669 3182 2733 Deo,
3211 2671 3464 2734 quantum
3511 2656 3686 2712 homi-

2099 2775 2254 2829 nibus
2297 2773 2557 2827 honorem
2592 2766 2916 2829 attrihuere;
2958 2761 3052 2816 sed
3095 2756 3435 2828 imperatoria
3469 2752 3684 2806 decreta

2098 2867 2382 2936 diligenter
2398 2863 2766 2925 observantes,
2793 2857 2972 2911 divina
2993 2863 3047 2909 et
3066 2852 3133 2906 de
3153 2851 3297 2906 czelis
3319 2847 3533 2913 delapsa
3553 2857 3688 2897 con‘

2099 2963 2332 3025 culcare,
2362 2967 2418 3013 et
2437 2966 2892 3026 supervacaneum
2919 2963 3037 3004 esse
3066 2954 3255 3018 putare
3284 2944 3423 2998 circa
3449 2938 3551 2992 hoc
3570 2945 3687 2989 stu-

2100 3053 2267 3108 dium.
2307 3051 2564 3120 Qumnam
2610 3043 2880 3100 excusatio
2927 3039 3084 3095 nobis
3130 3036 3233 3091 erit
3278 3030 3520 3100 reliqua?
3569 3043 3690 3120 qua:

2103 3162 2234 3201 vero
2281 3118 2465 3206 venia,
2503 3139 2717 3212 quando
2760 3143 2883 3208 post
2927 3142 3128 3188 tantam
3169 3125 3584 3182 admonitionem
3634 3118 3690 3171 in

2106 3241 2295 3296 iisdem
2327 3231 2740 3308 permanemus?
2786 3229 2999 3284 Etenim
3032 3230 3283 3279 nascente
3311 3218 3523 3273 miseria
3555 3215 3688 3276 hac,

2104 3349 2222 3404 quae
2249 3330 2519 3385 civitatem
2563 3326 2795 3386 detinet,
2841 3321 2979 3374 hanc
3023 3316 3197 3385 incepi
3227 3309 3641 3404 admonitionem
3672 3321 3688 3358 :

2105 3398 2160 3480 et
2209 3425 2298 3479 illa
2336 3420 2550 3492 quidem
2584 3419 2694 3488 jam
2720 3415 2881 3469 debet
2925 3410 3094 3472 finiri,
3143 3421 3241 3460 nos
3287 3417 3414 3459 vero
3457 3398 3694 3453 nondum

2109 3534 2271 3572 unum
2311 3516 2642 3586 explevimus
2676 3507 3007 3564 mandatum.
3053 3498 3332 3570 Quomodo
3378 3495 3535 3566 igitur
3577 3508 3694 3546 ma-

2112 3615 2280 3666 lorum
2333 3623 2432 3663 nos
2480 3603 2834 3660 detinentium
2884 3607 3130 3668 petemus
3173 3592 3528 3651 solutionem,
3571 3599 3695 3640 cum

2112 3718 2385 3758 necunum
2405 3700 2554 3754 obire
2580 3695 2888 3750 mandatum
2906 3684 3266 3760 potuerimus?
3291 3679 3556 3752 quomodo
3569 3690 3699 3731 vero

2111 3799 2304 3852 bonam
2333 3790 2760 3860 exspectabimus
2789 3779 3184 3840 mutationem?
3211 3774 3478 3847 quomodo
3519 3780 3698 3824 autem

2112 3884 2426 3944 orabimns?
2452 3898 2553 3954 qua
2599 3883 2779 3950 lingua
2822 3878 2988 3940 Deum
3034 3866 3435 3927 invocabimus?
3462 3863 3517 3919 Si
3552 3862 3698 3916 enim

2114 3984 2287 4053 legem
2324 3991 2710 4048 exsequamur,
2755 3973 2974 4026 multam
3023 3967 3296 4035 capiemus
3337 3959 3698 4026 voluptatem,

2117 4079 2442 4147 lmperatore
2463 4071 2664 4127 civitati
2691 4065 3004 4124 conciliato;
3028 4060 3073 4114 si
3091 4073 3218 4112 vero
3242 4058 3292 4110 in
3315 4060 3534 4151 peccato
3553 4062 3695 4151 man-

2117 4145 2365 4232 serimus,
2399 4166 2572 4236 pudor
2600 4174 2654 4216 ct
2691 4158 3034 4229 opprobrium
3077 4152 3311 4219 undique
3358 4145 3512 4200 nobis
3552 4145 3699 4236 erit:

2118 4262 2371 4334 quoniam
2398 4233 2519 4314 cum
2550 4257 2692 4310 Dcus
2715 4251 3007 4321 periculum
3039 4244 3279 4306 solverit,
3308 4253 3406 4294 nos
3433 4238 3484 4291 in
3513 4233 3702 4289 eodem

2118 4331 2411 4411 mansimus
2454 4361 2687 4420 torpore.
2732 4346 2947 4401 Utinam
2996 4339 3123 4394 mihi
3170 4337 3356 4392 liceret
3401 4331 3707 4398 frequenter

2115 4451 2406 4521 jurantium
2428 4446 2634 4498 animas
2660 4456 2874 4501 exuere,
2905 4446 2960 4491 et
2980 4437 3213 4505 ipsarum
3240 4427 3408 4482 oculis
3443 4423 3708 4522 subjicere

2120 4519 2343 4597 vulnera
2385 4546 2440 4593 et
2482 4535 2762 4591 cicatrices
2804 4543 2936 4600 quas
2965 4523 3204 4596 quotidie
3250 4519 3465 4586 capiunt
3503 4530 3530 4567 a
3560 4519 3707 4580 jura-

2123 4635 2356 4691 mentis:
2390 4645 2490 4685 nec
2521 4623 2900 4681 admonitionis
2945 4628 3036 4672 aut
3061 4612 3271 4670 consilii
3311 4609 3705 4677 indigeremus:

2123 4729 2375 4800 quoniam
2401 4724 2680 4776 vulnerum
2713 4725 2960 4785 aSpectus
2989 4709 3137 4765 omni
3162 4719 3412 4762 sermone
3437 4698 3709 4800 potentius

2125 4789 2249 4878 huic
2287 4817 2544 4890 improba:
2587 4806 2958 4868 consuetudini
2993 4805 3156 4860 etiam
3203 4798 3490 4871 plurimum
3533 4789 3714 4891 adhze:

2125 4928 2306 4973 rentes
2353 4929 2384 4967 a
2430 4909 2630 4964 malitia
2661 4905 2928 4960 abducere
2977 4905 3178 4967 posset.
3233 4891 3613 4946 Verumtamen
3667 4896 3713 4933 sx

2127 5011 2304 5065 minus
2319 5005 2506 5068 oculis,
2536 4995 2840 5069 cogitationi
2862 4990 3076 5064 quidem
3096 4994 3242 5042 certe
3258 4985 3492 5052 ipsorum
3519 4975 3714 5029 anima:

2128 5103 2363 5158 dedecus
2392 5096 2676 5166 subjicere,
2708 5099 2764 5144 et
2788 5089 2957 5158 ipsam
2985 5081 3298 5137 tabefactam
3327 5083 3380 5129 et
3405 5075 3712 5168 corruptam

2128 5191 2413 5248 ostendere
2439 5164 2581 5242 licet.
2615 5183 2758 5237 Sicut
2775 5179 2930 5242 enim,
2954 5174 3144 5244 inquit,
3171 5183 3343 5224 servus
3371 5164 3456 5232 qui
3480 5164 3718 5214 continue

2131 5284 2444 5356 ﬂagellatur,
2475 5279 2536 5332 de
2561 5276 2793 5330 cicatrice
2814 5287 2916 5325 non
2946 5264 3266 5322 mandabitur
3291 5276 3310 5314 :
3336 5258 3414 5356 sic
3429 5256 3637 5356 jurans’,

2131 5339 2296 5431 'Deiun
2339 5389 2534 5441 semper
2571 5370 2860 5424 nominans,
2886 5381 2919 5416 a
2949 5367 3154 5431 peccato
3193 5371 3291 5408 non
3329 5350 3566 5402 innocens
3596 5339 3717 5446 ᾖξε*

2132 5473 2320 5545 (Eccli.
2349 5471 2438 5525 25.
2469 5467 2578 5536 ll).
2613 5458 2945 5532 Impossibile
2974 5455 3136 5512 enim,
3180 5441 3510 5545 impossibile
3537 5441 3718 5545 osin-

2133 5527 2374 5620 ramento
2401 5556 2777 5618 assuefactum,
2805 5566 2910 5606 non
2933 5546 3240 5615 frequenter
3261 5539 3517 5608 pejerare.
3579 5527 3718 5631 Prn-

2135 5672 2315 5732 pterea
2347 5654 2587 5725 supplico
2615 5645 2883 5706 omnibus,
2906 5649 2965 5695 ut
2991 5634 3342 5709 perniciosam
3365 5629 3501 5684 hanc
3529 5631 3582 5678 et
3610 5629 3713 5673 im-

2202 5816 2219 5846 ι
2254 5811 2390 5862 Savil.
2413 5819 2464 5862 et
2485 5809 2666 5860 alioue:
2689 5815 2812 5866 3135.,
2837 5804 3096 5865 impunitus
3117 5800 3224 5856 erit.
