4112 6388
318 385 416 442 151

304 500 408 562 δὶς,
439 497 574 552 ἀλλά
619 497 712 549 καὶ
755 495 1048 558 πολλάκιςο
1096 492 1410 562 ἀντώμοσεν
1445 498 1472 548 6
1513 496 1662 558 λαὸς,
1721 495 1816 548 καὶ
1850 496 1977 547 ἀντ-

305 589 531 639 έτεινεν.
550 584 786 653 Ἀνάγκη
819 581 1004 634 λοιπὸν
1027 582 1388 653 διαρραγῆναι
1424 583 1640 645 πάντως
1671 581 1758 634 τὸν
1782 581 1940 652 ὅρκον
1961 597 1973 609 ·

305 676 513 737 πάντας
547 671 655 742 γάρ
687 671 982 740 εὐορκῆσαι
1009 669 1230 731 τούτους
1267 665 1548 722 ἀδύνατον.

375 783 484 832 Καὶ
523 781 596 850 μή
638 796 726 849 μοι
759 779 856 848 τὴν
887 777 1110 830 ἑκϐασιν
1158 776 1252 830 τοῦ
1288 777 1609 848 πράγματος
1640 777 1821 847 εἴπῃς,
1859 774 1974 828 ἀλλ’

302 870 556 938 ἐννόησον
587 869 687 920 ὅσα
716 866 957 918 ἐτίκτετο
983 866 1150 929 κακά,
1189 869 1282 920 καὶ
1315 866 1429 929 πῶς
1453 866 1550 936 τὴν
1577 866 1672 918 τοῦ
1715 866 1974 916 Ἀϐεσσα-

301 956 426 1026 λὼμ
460 955 767 1027 τραγῳδίαν
801 955 893 1007 καὶ
918 954 1206 1026 τυραννίδα
1233 954 1482 1008 ἐντεῦθεν
1521 950 1920 1014 κατεσκεύαζεν
1945 952 1974 1002 6

300 1043 562 1106 διάϐολος.
604 1044 665 1096 Εἰ
711 1043 818 1112 γὰρ
864 1041 1117 1110 ἐθέλησεν
1167 1045 1194 1095 6
1247 1041 1497 1112 βασιλεὺς
1545 1042 1835 1093 ἀντιτεῖναι
1879 1037 1972 1090 καὶ¹

302 1130 606 1194 ἐπεξελθεῖν
633 1129 712 1199 τῷ
743 1131 908 1200 ὅρκῳ,
926 1133 1032 1192 πᾶς
1048 1134 1075 1183 6
1103 1131 1268 1200 δῆμος
1300 1129 1366 1183 ἂν
1390 1127 1752 1199 ἀντέστη,καὶ
1773 1142 1972 1195 τυραν-

301 1220 384 1282 νὶς
417 1218 481 1272 ἂν
509 1219 726 1286 ἐγένετο
754 1219 1113 1288 χαλεπωτάτη
1143 1235 1156 1248 ·
1210 1218 1372 1270 πάλιν
1406 1218 1455 1268 εἰ
1489 1216 1744 1285 ἐθέλησεν
1780 1215 1807 1266 ὁ
1841 1215 1971 1276 παῖς

301 1308 400 1376 τῆς
423 1308 628 1369 οἰκείας
646 1307 962 1376 φειδόμενος
991 1306 1265 1376 σωτηρίας
1285 1305 1466 1357 δοῦναι
1491 1304 1680 1356 ἐαυτὸν
1711 1301 1788 1371 τῷ
1810 1317 1971 1370 στρα-

299 1390 526 1458 τοπέδῳ,
557 1390 922 1460 πατροκτόνος
962 1389 1026 1442 ἂν
1058 1388 1256 1450 εὐθέως
1282 1387 1514 1455 ἐγένετο.
1564 1384 1729 1455 Ὁρᾷς
1759 1387 1850 1436 καὶ
1875 1399 1968 1433 τυ·

301 1477 516 1547 ραννίδα
543 1479 636 1530 καὶ
669 1477 1064 1538 παιδοκτονίαν,
1100 1476 1194 1528 καὶ
1233 1472 1646 1544 πατροκτονίαν,
1684 1472 1777 1524 καὶ
1812 1469 1969 1522 πόλε-

301 1581 400 1632 μον
429 1562 707 1632 ἐμφύλιον,
746 1565 839 1616 καὶ
875 1563 1076 1632 μάχην,
1110 1563 1205 1614 καὶ
1239 1561 1474 1629 σφαγάς,
1496 1561 1589 1612 καὶ
1621 1558 1848 1628 αἵματα,
1875 1558 1968 1610 καί⁸

299 1651 527 1720 μυρίους
559 1650 782 1720 νεκροὺς
813 1651 906 1719 ἀφ’
940 1648 1058 1712 ἐνὸς
1101 1649 1266 1719 ὅρκου
1299 1645 1451 1718 [149]
1489 1644 1852 1716 γενομένους;
1903 1645 1966 1696 Et

295 1736 404 1806 γὰρ
437 1737 633 1807 συνέϐη
667 1737 922 1806 γενέσθαι
969 1736 1224 1805 πόλεμον,
1266 1735 1361 1787 καὶ
1385 1736 1414 1786 6
1445 1733 1615 1786 Σαοὺλ
1657 1733 1722 1786 ἂν
1750 1731 1964 1802 ἐσφάγη

293 1825 390 1876 καὶ
421 1825 692 1888 ’1ωνάθαν,
728 1824 858 1888 ἴσως
899 1825 992 1877 καὶ
1019 1822 1203 1875 πολλοὶ
1229 1821 1340 1874 τῶν
1367 1818 1717 1892 στρατιωτῶν
1742 1820 1968 1872 κατεκό-

293 1927 476 1981 πησαν
499 1911 586 1974 ἀν,
603 1912 696 1964 καὶ
724 1911 833 1964 οὐδ’
860 1910 926 1964 ἂν
946 1909 1088 1963 οὑτω
1109 1908 1218 1962 τάα
1240 1908 1340 1978 τῆς
1369 1908 1622 1978 εὐορκίας
1651 1907 1966 1978 προεχώρη-

293 2015 405 2054 σεν.
436 2000 599 2052 Ὥστε
639 1999 714 2070 μὴ
763 1999 921 2052 τοῦτο
953 1999 1090 2070 ἴδῃς,
1130 1999 1210 2050 ὅτι
1249 1999 1310 2050 οὐ
1335 1997 1576 2064 γέγονεν,
1625 1994 1738 2048 ἀλλ’
1789 1996 1966 2048 ἐκεῖνο

293 2086 504 2149 σκόπει,
524 2088 605 2139 ὅτι
638 2087 786 2158 ήτοῦ
822 2086 1144 2157 πράγματος
1174 2085 1334 2154 φύσις
1365 2083 1538 2136 ταῦτα
1570 2083 1846 2151 ἠνάγκαζε
1874 2100 1965 2152 γε-

290 2173 478 2226 νέσθαι
497 2191 510 2204 ο
551 2177 579 2228 6
609 2175 664 2228 δέ
696 2175 822 2237 λαὸς
848 2175 1142 2244 ἐκράτησε.
1192 2173 1328 2241 Φέρε
1363 2173 1542 2223 τοίνυν
1568 2171 1962 2242 ἀριθμήσωμεν

290 2261 388 2324 τάς
410 2263 782 2332 γεγενημένας
808 2263 1112 2332 ἐπιορκίας.
1138 2259 1428 2332 Παρεϐάθη
1457 2259 1720 2329 πρότερον
1743 2260 1771 2310 6
1802 2259 1959 2329 ὅρκος

288 2347 384 2401 τοῦ
414 2349 590 2402 Σαοὺλ
612 2351 715 2402 ὐπὸ
744 2349 838 2402 τοῦ
873 2349 1059 2412 παιδὸς
1080 2350 1132 2408 ι’.
1178 2348 1426 2419 δεύτερος
1456 2348 1551 2400 καὶ
1593 2347 1776 2417 τρίτος
1805 2347 1961 2400 πάλιν

293 2435 323 2485 6
348 2433 511 2488 αὐτοῦ
542 2435 635 2488 τοῦ
671 2423 841 2488 Σαοὺλ
866 2439 894 2488 ὁ
929 2437 1058 2506 περὶ
1089 2435 1189 2505 τῆς
1224 2437 1439 2506 σφαγῆς
1471 2435 1564 2487 τοῦ
1601 2435 1788 2497 παιδός
1821 2452 1831 2463 ⁸
1867 2435 1959 2487 καὶ

284 2521 464 2586 ἔδοξεν
490 2526 519 2576 6
541 2524 666 2587 λαὸς
689 2525 936 2595 εὐορκεῖν
957 2541 970 2554 ο
1012 2524 1126 2578 ἀλλ’
1147 2525 1240 2578 ἐάν
1263 2541 1346 2587 τις
1373 2522 1616 2594 ἀκριϐῶς
1647 2523 1874 2595 ἐξετάσῃ
1898 2523 1959 2575 τὸ

289 2611 540 2680 πρᾶγμα,
563 2611 657 2664 καὶ
681 2604 827 2664 οῦτοι
854 2612 1015 2665 πάλιν
1039 2615 1150 2674 τοῖς
1181 2611 1280 2681 τῆς
1309 2611 1591 2681 ἐπιορκίας
1620 2611 1958 2682 ἐγκλήμασιν

286 2697 573 2752 ὑπεύθυνοι
601 2698 798 2762 πάντες
833 2700 1098 2766 ἐγένοντο.
1139 2698 1242 2752 Τὸν
1274 2699 1384 2770 γάρ
1414 2699 1627 2770 πατέρα
1664 2699 1828 2752 αὐτοῦ
1863 2698 1956 2751 τοῦ

296 2785 549 2841 ἰωνάθαν
570 2788 896 2858 ἐπιορκῆσαι
918 2788 1254 2858 ἠνάγκασαν,
1283 2789 1381 2842 οὐκ
1413 2788 1658 2850 ἐκδόντες
1683 2787 1760 2858 τῷ
1790 2789 1957 2858 πατρὶ

278 2873 370 2927 τὸν
402 2874 535 2926 υἱόν.
594 2873 757 2945 ὐρᾷς
788 2870 869 2938 εἷς
915 2877 1078 2946 ὅρκος
1110 2876 1268 2938 ὅσους
1312 2875 1632 2946 ἀνθρώπους
1688 2876 1955 2928 ὑπέϐαλεν

283 2959 558 3030 ἐπιορκία,
593 2963 686 3014 καὶ
727 2963 949 3022 ἑκόντας
994 2963 1087 3015 καὶ
1120 2962 1390 3027 ἄκοντας;
1428 2963 1529 3015 ὅσα
1576 2961 1722 3014 κακά
1769 2963 1956 3032 εἰργά-

285 3062 448 3111 σατο;
475 3049 603 3111 ὅσας
634 3048 848 3118 σφαγὰς
878 3050 1172 3120 ἐποίησεν;

357 3141 428 3200 ς’.
450 3134 590 3203 Ἐγὼ
613 3137 710 3207 μὲν
724 3133 816 3190 οὖν
835 3138 1150 3209 ὑπεσχόμην
1167 3137 1466 3208 ἀρχόμενος
1481 3136 1573 3190 τοῦ
1591 3137 1747 3206 λόγου
1761 3136 1953 3202 δείξειν

280 3222 341 3274 ἐν
377 3225 498 3287 ταῖς
528 3225 889 3293 ἀντωμοσίαις
925 3225 1140 3288 πάντως
1174 3227 1458 3297 ἐπιορκίαν
1488 3227 1798 3295 γινομένην,
1831 3228 1863 3297 ἡ
1896 3227 1951 3279 δέ

284 3311 492 3381 ἱστορία
547 3311 808 3383 προϊοῦσα
836 3312 1017 3381 πολλῷ
1066 3312 1226 3366 πλέον
1258 3313 1402 3383 ἥπερ
1451 3312 1950 3386 παρεσκευαζόμην

279 3397 586 3462 ἀπέδειξεψ
643 3400 702 3451 οὐ
748 3400 857 3469 γὰρ
891 3399 989 3452 ’ἐνα
1031 3401 1127 3451 καὶ
1169 3398 1261 3452 δύο
1304 3402 1398 3452 καὶ
1427 3403 1577 3470 τρεῖς
1611 3398 1950 3469 ἀνθρώπους,

279 3484 415 3536 ἀλλά
464 3487 651 3555 δῆμον,
705 3488 804 3556 οὐχ
834 3487 929 3539 ’ένα
963 3488 1058 3540 καὶ
1101 3486 1195 3539 δύο
1242 3489 1336 3540 καὶ
1377 3490 1526 3558 τρεῖς
1569 3489 1784 3558 ὅρκους,
1818 3489 1953 3542 ἀλλά

280 3571 456 3642 πολλῷ
489 3573 704 3637 πλείους
726 3574 1141 3645 παραϐαθέντας
1164 3576 1440 3645 ἀπέφηνεν
1459 3587 1507 3629 ο.
1534 3576 1692 3646 Ἐνῆν
1718 3577 1811 3629 καὶ
1839 3577 1954 3629 ἐτέ-

283 3674 380 3726 ραν
419 3661 655 3731 ἱστορίαν
685 3664 858 3714 είπεῖν
892 3663 987 3714 καὶ
1020 3662 1188 3727 δεῖξαι
1235 3665 1329 3716 καὶ
1358 3662 1416 3726 ἐξ
1450 3662 1664 3732 ἐκείνης
1699 3664 1952 3734 χαλεπω-

277 3745 442 3816 τέραν
472 3747 671 3819 ταύτης
696 3749 790 3800 καὶ
824 3749 1043 3817 μείζονα
1070 3750 1354 3820 συμφορὰν
1385 3751 1762 3820 ἐργασάμενον
1788 3753 1951 3822 ὅρκον

278 3832 395 3888 ἕνα.
434 3834 541 3888 Καὶ
572 3836 682 3907 γὰρ
714 3835 923 3889 πόλεων
954 3837 1347 3906 καὶγυναικῶν
1368 3838 1463 3891 καὶ
1496 3838 1726 3891 παιδίων
1750 3841 1952 3909 αἰχμα-

279 3919 501 3984 λωσίαν,
542 3922 636 3974 καὶ
684 3921 1046 3994 πυρπόλησιν,
1088 3925 1182 3977 καὶ
1234 3925 1526 3996 βαρϐάρων
1589 3924 1800 3994 ἔφοδον,
1853 3925 1948 3978 καὶ¹

277 4008 447 4076 ἁγίων
479 4008 772 4078 μολυσμὸν,
791 4011 886 4063 καὶ
907 4011 1077 4081 μυρία
1097 4011 1260 4084 ’έτερα
1282 4013 1635 4084 χαλεπώτερα
1657 4013 1784 4075 τοὺς
1817 4013 1948 4065 Ἰου-

278 4095 459 4159 δαίους
489 4096 732 4159 ἅπαντας
763 4091 842 4160 εἷς
866 4098 1027 4168 ὅρκος
1061 4099 1331 4170 διέθηκεν.
1369 4100 1504 4152 Ἀλλ’
1540 4098 1651 4170 ὁρῶ
1678 4099 1812 4169 πρὸς
1846 4100 1950 4169 μῆ-

278 4199 374 4244 κος
397 4183 489 4234 τὸν
521 4181 676 4250 λόγον
697 4183 1070 4253 ἐκτεινόμενον
1089 4203 1102 4215 ·
1131 4185 1220 4238 διὰ
1246 4186 1405 4239 τοῦτο
1425 4185 1656 4238 ἐνταῦθα
1680 4186 1780 4255 τῆς
1808 4187 1948 4238 £010-

280 4268 402 4338 ρίας
429 4268 627 4338 ταύτης
657 4270 754 4340 τὴν
774 4269 1026 4340 διήγησιν
1048 4275 1380 4342 καταλύσας,
1413 4273 1548 4343 μετά
1569 4273 1667 4342 τῆς
1705 4272 1946 4327 Ἰωάννου

278 4355 523 4424 κεφαλῆς
555 4356 649 4408 καὶ
681 4358 779 4427 τὴν
827 4356 923 4410 τοῦ
964 4357 1218 4412 Ἰωνάθαν
1255 4360 1488 4430 σφαγὴν,
1547 4361 1642 4414 καὶ
1679 4360 1778 4430 τὴν
1809 4377 1947 4414 παν-

277 4441 543 4513 ωλεθρίαν
569 4444 661 4497 τοῦ
691 4445 864 4516 δήμου
887 4445 1106 4509 παντὸς,
1131 4447 1230 4518 τὴν
1259 4449 1318 4500 οὐ
1337 4448 1633 4520 γενομένην
1663 4448 1783 4520 μὲν,
1814 4467 1950 4518 συμ-

276 4527 452 4582 ϐᾶσαν
489 4530 544 4582 δέ
596 4533 744 4602 ὅμως
781 4532 896 4586 ἀπὸ
920 4535 1016 4604 τῆς
1045 4534 1289 4605 ἀνάγκης
1320 4535 1426 4588 τῶν
1452 4538 1650 4606 ὅρκων,
1688 4537 1823 4608 πρὸς
1850 4537 1946 4589 ἀλ-

274 4614 466 4684 λήλους
494 4618 673 4685 λέγειν
728 4620 1050 4691 παρακαλῶ,
1098 4623 1194 4696 καὶ,
1248 4625 1306 4675 ἐν
1336 4624 1502 4695 οἰκίᾳ,
1529 4625 1623 4677 καὶ
1663 4625 1722 4677 ἐν
1749 4625 1944 4694 ἀγορᾷ,

273 4703 370 4756 καὶ
397 4705 530 4775 πρὸς
563 4710 843 4773 γυναῖκας,
869 4710 962 4762 καὶ
989 4709 1122 4781 πρὸς
1151 4710 1356 4779 φίλους,
1391 4713 1485 4764 καὶ
1513 4711 1648 4782 πρὸς
1680 4713 1944 4780 γείτονας,

273 4791 369 4842 καὶ
401 4792 537 4862 πρὸς
570 4795 778 4858 πάντας
823 4797 1142 4868 ἀνθρώπους
1180 4799 1364 4862 ἁπλῶς
1397 4800 1536 4870 ὑπὲρ
1560 4800 1653 4852 τοῦ
1687 4799 1948 4870 πράγμα-

270 4893 364 4940 τος
391 4895 581 4933 τουτου
613 4884 881 4937 ποιεῖσθαι
903 4886 1158 4955 σπουδὴν,
1183 4887 1273 4939 καὶ
1303 4887 1377 4958 μὴ
1399 4888 1640 4956 νομίζειν
1671 4886 1946 4957 ἀρκοῦσαν

272 4965 407 5035 ἡμῖν
438 4969 730 5036 ἀπολογίαν
759 4968 922 5034 εἶναι,
962 4974 1009 5025 εἰ
1037 4974 1322 5044 συνήθειαν
1354 4974 1780 5046 προϐαλοίμεθα.
1823 4976 1944 5029 ’Ότι

271 5052 384 5123 γάρ
410 5055 609 5125 σκῆψις
637 5059 809 5112 ταῦτα
826 5060 921 5112 καὶ
948 5060 1242 5131 πρόφασις,
1271 5063 1362 5114 καὶ
1389 5063 1450 5116 οὐ
1484 5063 1790 5134 συνηθείας,
1810 5064 1943 5117 ἀλλά

273 5140 550 5212 ῥᾳθυμίας
581 5146 726 5198 ἐστὶν
753 5148 786 5216 ή
833 5148 1166 5218 παρανομία,
1201 5149 1308 5202 ἀπὸ
1341 5149 1449 5203 τῶν
1488 5151 1589 5220 ἥδη
1621 5152 1942 5222 συμϐάντων

273 5228 402 5298 ὑμῖν
429 5233 612 5284 πεῖσαι
646 5233 1001 5304 πειράσομαι.

356 5341 669 5397 Ἀπέκλεισε
709 5346 780 5399 τά
827 5345 1085 5415 βαλανεῖα
1117 5350 1215 5420 τῆς
1248 5353 1454 5417 πόλεως
1479 5358 1508 5408 ὁ
1537 5355 1808 5424 βασιλεὺς,
1849 5361 1941 5412 καὶ

271 5431 476 5502 μηδένα
503 5431 794 5488 λούσασθαι
829 5436 1104 5500 ἐκέλευσε,
1135 5441 1226 5492 καὶ
1257 5441 1430 5504 οὐδεὶς
1459 5443 1726 5515 ἐτόλμησε
1763 5463 1940 5518 παρα-

267 5513 428 5583 ϐῆναι
459 5517 549 5570 τὸν
577 5520 758 5591 νόμον,
790 5522 910 5576 οὐδέ
936 5524 1284 5581 αἰτιάσασθαι
1316 5530 1377 5582 τὸ
1407 5513 1791 5602 γεγενημένον,
1819 5513 1938 5589 οὐδέ

314 5792 480 5872 ξμεξξ.
515 5799 784 5872 g‘t‘plgrimi
810 5816 924 5852 mss.
947 5808 1027 5872 καὶ
1049 5810 1148 5856 οὐδ’
1171 5810 1226 5857 ἀν
1251 5811 1375 5859 οὕτω
1397 5813 1482 5872 τά,
1519 5819 1570 5863 el
1603 5815 1727 5865 hanc
1760 5818 1936 5870 leclio-

266 5864 627 5931 ηεωιξςςιιιὶιμι·
649 5864 923 5931 iylerpygs;
950 5866 1067 5917 Mur.
1093 5884 1209 5921 vero
1233 5875 1311 5922 καὶ
1329 5864 1481 5923 οὐδενῖ
1501 5877 1626 5926 οὕτω
1649 5864 1726 5928 τά.

324 5919 352 5958 b
375 5917 594 5969 ΔΙίῖὐπὸ·
606 5922 692 5970 τοῦ
714 5917 921 5973 παὶδίουί

327 5981 355 6014 ί
381 5982 478 6031 Alii
498 5982 747 6048 ἀπέφηνεν,
772 5989 856 6037 alii
875 5989 1118 6053 ὑπέφηνεν.

1293 381 1385 435 AD
1421 379 1748 438 POPULUM
1786 379 2280 435 ANTIOCHENUM
2321 379 2554 434 HOMIL.
2594 371 2731 436 XIV.

1905 6006 2003 6048 ,δρ-

3645 382 3750 437 £53

2089 495 2370 565 συνήθειαν
2416 494 2812 564 προϐαλέσθαι·
2874 494 3008 546 ἀλλά
3055 496 3147 548 καὶ
3195 495 3252 547 ἐν
3278 495 3556 567 ἀρρωστία
3599 497 3750 562 ὄντες

2085 583 2361 644 πολλάκις,
2403 584 2494 634 καὶ
2531 582 2723 651 ἄνδρες
2761 583 2854 635 καὶ
2887 584 3162 650 γυναῖκες,
3206 586 3300 636 καὶ
3333 586 3516 648 παῖδες
3544 585 3636 636 καὶ
3659 584 3752 654 γέ-

2086 686 2289 738 ροντες,
2334 670 2425 720 καὶ
2468 669 2672 721 ώδίνων
2699 669 2822 740 ἄρτι
2873 671 3221 741 παυσάμεναι
3253 672 3443 726 πολλαὶ
3473 675 3749 741 γυναῖκες,

2081 757 2175 809 καὶ
2207 756 2517 825 ἀναγκαίως
2555 756 2791 820 ἅπαντες
2819 756 2878 810 τὸ
2918 758 3207 828 φάρμακον
3239 759 3396 812 τοῦτο
3433 760 3751 830 ἐπιζητοῦν-

2078 858 2188 904 τες,
2221 843 2443 913 φέρουσι
2476 843 2567 895 καὶ
2599 844 2816 904 ἐκόντες
2847 845 2937 896 καὶ
2970 844 3195 908 ἄκοντες
3233 846 3294 898 16
3318 848 3618 917 ἐπίταγμα,
3653 850 3750 900 καὶ

2079 927 2201 980 οὔτε
2231 929 2512 982 ἀσθένειαν
2553 929 2804 998 σώματος
2842 931 3253 1001 προϐάλλονται,
3295 933 3416 986 οὐτε
3464 934 3750 1002 συνηθείας

2078 1016 2386 1086 τυραννίδα,
2420 1015 2543 1068 οὔτε
2577 1017 2636 1069 τὸ
2665 1017 2865 1086 ἐτέρων
2898 1020 3317 1089 ἁμαρτανόντων
3345 1023 3498 1073 αὐτοὶ
3526 1022 3742 1086 κολάζε-

2081 1101 2223 1167 σθαι,
2254 1103 2375 1155 οὐτε
2401 1105 2526 1157 ἄλλο
2556 1104 2663 1156 τῶν
2701 1105 2956 1158 τοιούτων
2975 1108 3146 1170 οὐδὲν,
3173 1109 3308 1162 ἀλλά
3337 1109 3622 1180 στέργουσι
3651 1110 3748 1180 τὴν

2076 1191 2344 1260 τιμωρίαν
2370 1192 2572 1260 ταύτην
2609 1191 2696 1244 διὰ
2726 1193 2786 1244 16
2819 1193 3042 1262 μείζονα
3067 1196 3433 1266 προσδοκῆσαι
3467 1197 3634 1260 κακά,
3653 1197 3747 1250 καὶ

2078 1277 2198 1329 καθ’
2238 1278 2472 1350 ἑκάστην
2508 1279 2757 1348 εὐχονται
2797 1278 2946 1352 [150]
2981 1281 3078 1350 τὴν
3115 1283 3327 1354 ἡμέραν
3363 1284 3524 1355 μέχρι
3558 1284 3744 1338 τούτου

2078 1364 2266 1434 στῆναι
2297 1365 2393 1435 τὴν
2428 1366 2710 1436 βασιλικὴν
2743 1367 2934 1437 ὀργήν.
2975 1369 3139 1438 Ὁρᾷς
3175 1370 3254 1422 ὅτι
3288 1369 3415 1422 ἔνθα
3444 1372 3626 1440 φόϐος,
3659 1376 3747 1427 εὐ-

2076 1447 2246 1513 κόλως
2287 1450 2473 1504 λύεται
2511 1452 2784 1524 συνήθεια,
2835 1453 2937 1507 κᾶν
2978 1455 3181 1526 σφόδρα
3231 1456 3421 1526 χρονία
3457 1475 3541 1520 τις
3652 1463 3748 1514 καὶ

2074 1536 2374 1604 ἀναγκαίας
2412 1540 2600 1592 Καίτοι
2644 1541 2704 1592 τὸ
2740 1541 2814 1611 μὴ
2848 1540 3142 1594 λούσασθαι
3170 1543 3423 1612 χαλεπόν.
3467 1547 3586 1598 Κάν
3637 1549 3746 1618 γάρ

2076 1623 2330 1693 μυριάκις
2351 1624 2379 1664 d
2411 1626 2810 1697 φιλοσοφῶμεν,
2843 1629 2876 1698 ή
2917 1627 3011 1680 τοῦ
3055 1628 3305 1699 σώματος
3335 1631 3494 1700 φύσις
3531 1633 3747 1705 ἐλέγχε-

2072 1726 2158 1762 ται
2189 1711 2340 1764 οὑδέν
2367 1713 2472 1766 ἀπὸ
2507 1713 2607 1782 τῆς
2649 1713 2789 1767 κατά
2824 1715 2924 1784 τὴν
2961 1715 3140 1786 ψυχὴν
3173 1717 3490 1788 φιλοσοφίας
3524 1722 3606 1784 εἰς
3647 1721 3744 1792 τὴν

2071 1797 2275 1851 οἰκείαν
2319 1799 2527 1868 ὑγίειαν
2559 1801 2940 1872 ὠφελουμένη·
2989 1803 3050 1854 16
3086 1803 3142 1856 δέ
3169 1804 3243 1875 μὴ
3281 1805 3500 1875 ὀμνύειν
3540 1808 3744 1879 σφόδρα

2073 1883 2274 1954 ῥᾴδιον,
2309 1887 2403 1939 καὶ
2436 1887 2689 1956 οὐδεμίαν
2720 1888 2858 1940 οἴσει
2889 1887 3116 1959 βλάϐην,
3151 1891 3211 1942 οὐ
3239 1895 3351 1954 τοῖς
3383 1892 3650 1962 σώμασιν,
3681 1898 3741 1948 οὑ

2070 1975 2188 2034 ταῖς
2236 1973 2456 2042 ψυχαῖς,
2509 1974 2644 2027 ἀλλά
2681 1975 2772 2027 καὶ
2821 1975 2956 2028 πολὺ
3005 1976 3066 2030 τὸ
3113 1977 3323 2048 κέρδος,
3365 1981 3608 2051 μεγάλην
3646 1985 3744 2054 τὴν

2069 2058 2390 2126 ἀσφάλειαν,
2423 2060 2620 2132 πολλὴν
2653 2061 2750 2134 τὴν
2786 2064 3064 2136 εὐπορίαν.
3107 2065 3230 2130 Πῶς
3264 2063 3358 2120 οὖν
3390 2069 3489 2122 οὐκ
3520 2069 3740 2134 ἄτοπον,

2071 2144 2334 2214 βασιλέως
2364 2149 2460 2218 μὲν
2492 2151 2869 2214 ἐπιτάττοντος
2903 2152 2996 2204 καὶ
3043 2153 3112 2206 τά
3142 2153 3502 2222 χαλεπώτατα
3534 2159 3740 2229 φέρειν,

2068 2232 2202 2285 Θεοῦ
2227 2233 2282 2286 δέ
2304 2235 2716 2306 νομοθετοῦντος
2736 2237 2888 2290 οὐδὲν
2910 2239 3142 2308 χαλεπὸν
3165 2242 3285 2294 οὐδὲ
3307 2243 3583 2310 δύσκολον,
3605 2245 3741 2299 ἀλλά

2069 2319 2248 2389 ῥᾴδιον
2279 2323 2483 2393 σφόδρα
2505 2324 2596 2376 καὶ
2624 2323 2864 2388 εὔκολον,
2893 2331 3256 2399 καταφρονεῖν
3288 2330 3379 2382 καὶ
3409 2333 3739 2404 καταγελᾷν,

2067 2407 2162 2457 καὶ
2194 2409 2476 2478 συνήθειαν
2506 2410 2939 2481 προϐάλλεσθαι;
2981 2413 3093 2484 Μὴ,
3119 2417 3443 2486 παρακαλῶ,
3478 2417 3552 2489 μὴ
3577 2419 3740 2490 μέχρι

2066 2494 2319 2547 τοσούτου
2367 2497 2466 2567 τῆς
2520 2499 2728 2551 ἑαυτῶν
2776 2501 3205 2572 καταφρονῶμεν
3266 2505 3560 2576 σωτηρίας,
3604 2507 3740 2560 ἀλλά

2067 2581 2391 2653 φοϐηθῶμεν
2418 2585 2507 2638 τὸν
2536 2586 2690 2648 Θεὸν,
2727 2587 2801 2649 ώς
2829 2587 3139 2656 φοϐούμεθα
3167 2590 3472 2663 ἄνθρωπον.
3498 2589 3631 2646 Οἶδα
3657 2595 3739 2646 ὅτι

2065 2669 2318 2738 ἐφρίξατε
2351 2670 2510 2723 τοῦτο
2543 2672 2851 2736 ἀκούοντες,
2901 2675 3038 2728 ἀλλά
3087 2679 3288 2748 φρίκης
3317 2679 3464 2745 ἄξιον
3497 2680 3556 2733 16
3603 2682 3738 2751 μηδέ

2063 2755 2330 2826 τοσαύτην
2370 2758 2667 2828 ἀπονέμειν
2711 2759 2788 2829 τῷ
2825 2760 2943 2831 Θεῷ
2977 2763 3160 2833 τιμὴν,
3203 2764 3336 2818 ἀλλά
3370 2767 3494 2828 τοὺς
3533 2767 3738 2836 βασιλι-

2063 2844 2190 2906 κοὺς
2237 2844 2435 2914 νόμους
2480 2846 2616 2916 μετά
2659 2848 2943 2918 ἀκριϐείας
2977 2850 3360 2917 φυλάττοντας,
3409 2854 3534 2917 τοὺς
3561 2853 3738 2920 θείους

2062 2929 2157 2981 καὶ
2187 2930 2252 2983 ἐκ
2271 2931 2379 2983 τῶν
2409 2933 2650 3003 οὐρανῶν
2677 2935 3018 2998 καταϐάντας
3047 2943 3401 3004 καταπατεῖν,
3421 2941 3514 2992 καὶ
3532 2940 3737 3012 πάρερ-

2060 3033 2156 3084 γον
2189 3013 2326 3070 εἶναι
2360 3019 2598 3088 νομίζειν
2626 3021 2726 3092 τὴν
2780 3023 2906 3092 περ)¹
2943 3023 3116 3076 ταῦτα
3159 3025 3413 3097 σπουδήν.
3455 3027 3592 3081 Ποία
3625 3028 3737 3100 γάρ

2060 3105 2191 3174 ἡμῖν
2239 3106 2503 3175 ἀπολογία
2547 3107 2731 3161 λοιπὸν
2775 3109 2960 3176 ἐσται;
3022 3111 3106 3176 τίς
3143 3111 3199 3164 δέ
3236 3114 3556 3186 συγγνώμη,
3605 3116 3733 3169 ὅταν

2063 3191 2200 3260 μετά
2232 3194 2498 3266 τοσαύτην
2535 3197 2853 3266 παραίνεσιν
2877 3200 2991 3260 τοῖς
3017 3199 3199 3262 αὐτοῖς
3219 3200 3564 3271 ἐπιμένωμεν
3585 3217 3599 3267 ;
3622 3204 3733 3257 Καὶ

2059 3279 2166 3349 γὰρ
2215 3281 2529 3352 ἀρξαμένης
2574 3284 2671 3353 τῆς
2706 3287 2993 3355 συμφοράς
3045 3285 3248 3357 ταύτης
3299 3288 3399 3358 τῆς
3447 3289 3546 3358 τὴν
3579 3290 3734 3343 πόλιν

2059 3368 2394 3439 κατεχούσης
2443 3369 2693 3441 ἠρξάμην
2743 3371 2841 3440 τῆς
2875 3375 3251 3444 παραινέσεως
3297 3375 3532 3445 ταύτης·
3574 3379 3728 3449 καὶὴ

2062 3454 2158 3523 μὲν
2205 3455 2388 3524 μέλλει
2414 3457 2634 3511 λύεσθαι
2661 3458 2867 3520 λοιπὸν,
2899 3461 3059 3529 ἡμεῖς
3093 3461 3149 3513 δὲ
3183 3462 3395 3515 οὐδέπω
3429 3464 3558 3533 μίαν
3587 3467 3734 3518 ἐντο-

2058 3541 2155 3614 λὴν
2189 3543 2652 3615 κατωρθώσαμεν.
2677 3545 2800 3608 Πῶς
2828 3543 2920 3599 οὖν
2945 3547 3240 3618 αἰτήσομεν
3265 3549 3588 3622 ἀπαλλαγὴν
3621 3552 3731 3606 τῶν

2058 3631 2396 3701 κατεχόντων
2431 3633 2576 3702 ἡμᾶς
2607 3631 2814 3696 δεινῶν,
2843 3633 2972 3703 μίαν
3001 3635 3220 3705 ἐντολὴν
3247 3637 3439 3691 ἀνύσαι
3472 3639 3547 3710 μὴ
3573 3640 3732 3711 δυνη-

2059 3715 2272 3781 θέντες;
2305 3717 2420 3781 πῶς
2447 3718 2502 3771 δὲ
2534 3719 2976 3790 προσδοκὴσομεν
3005 3721 3103 3793 τὴν
3125 3725 3367 3795 χρηστὴν
3403 3727 3729 3799 μεταϐολήν;

2057 3805 2174 3868 πῶς
2195 3805 2251 3857 δέ
2279 3805 2583 3876 εὐξόμεθα;
2620 3806 2748 3878 ποία
2773 3806 2830 3859 δὲ
2868 3807 3084 3880 γλώττῃ
3113 3810 3202 3862 τὸν
3232 3810 3364 3863 Θεὸν
3389 3813 3728 3884 καλέσομεν;

2063 3891 2161 3944 Ἂν
2187 3893 2286 3962 μὲν
2306 3892 2414 3963 γάρ
2448 3892 2734 3964 ἀνύσωμεν
2754 3895 2844 3947 τὸν
2879 3895 3061 3966 νόμον,
3089 3897 3290 3968 πολλὴν
3321 3903 3730 3972 καρπωσόμεθα

2054 3978 2151 4050 τὴν
2178 3979 2390 4050 ἡδονὴν,
2421 3981 2515 4032 106
2555 3981 2818 4050 βασιλέως
2863 3985 2928 4054 τῇ
2980 3985 3132 4037 πόλει
3167 3987 3596 4056 καταλλαγέντος
3617 4007 3632 4020 ο
3663 3990 3728 4044 ἂν

2054 4066 2110 4119 δέ
2158 4068 2428 4137 μείνωμεν
2477 4069 2569 4121 ἐπὶ
2610 4070 2707 4139 τῆς
2745 4071 3106 4140 παρανομίας,
3148 4073 3373 4146 αἰσχύνη
3407 4078 3498 4128 καί
3530 4077 3728 4143 ὄνειδος

2056 4155 2185 4223 ἡμῖν
2211 4154 2362 4207 ἕσται
2381 4154 2664 4221 πάντοθεν,
2681 4156 2783 4220 ὅτι,
2802 4155 2895 4209 τοῦ
2921 4158 3055 4210 Θεοῦ
3075 4158 3333 4224 λύσαντος
3352 4162 3442 4215 τὸν
3463 4163 3723 4232 κίνδυνον,

2053 4243 2330 4312 ἡμεῖςέπὶ
2357 4242 2458 4312 τῆς
2499 4243 2669 4312 αὐτῆς
2704 4245 2997 4314 ἐμείναμεν
3027 4247 3318 4318 ῥᾳθυμίας.
3363 4249 3490 4303 Εἴθε
3523 4269 3612 4321 μοι
3637 4253 3727 4305 δυ-

2054 4330 2212 4383 νατὸν
2247 4325 2315 4400 ἦν
2345 4329 2444 4392 τὰς
2474 4329 2651 4398 ψυχὰς
2691 4331 2953 4384 ἀποδῦσαι
2980 4334 3087 4386 τῶν
3121 4336 3451 4407 πολυόρκων,
3481 4341 3575 4391 καὶ
3603 4340 3727 4410 ὅψε-

2056 4434 2138 4470 σιν
2168 4415 2457 4469 ὑποϐαλεῖν
2486 4417 2665 4470 αὐτῶν
2704 4417 2773 4470 τὰ
2811 4419 3104 4490 τραύματα
3148 4424 3242 4475 καὶ
3273 4427 3399 4488 τοὺς
3428 4425 3722 4495 μώλωπας,

2052 4503 2146 4568 οὓς
2181 4504 2288 4557 ἀπὸ
2313 4503 2421 4556 τῶν
2466 4505 2646 4574 ὅρκων
2680 4505 2799 4558 καθ’
2828 4507 3066 4578 ἐκάστην
3105 4509 3443 4581 λαμϐάνουσι
3467 4513 3563 4585 τὴν
3589 4517 3723 4587 ἡμέ-

2055 4609 2190 4664 ρανο
2232 4593 2328 4646 καὶ
2356 4593 2456 4646 οὐκ
2485 4593 2552 4646 ἀν
2580 4594 2884 4665 ἐδεήθημεν
2914 4599 3291 4667 παραινέσεως
3321 4603 3353 4672 ἢ
3387 4605 3719 4675 συμϐουλῆς,

2051 4681 2150 4749 τῆς
2169 4679 2278 4733 τῶν
2304 4679 2632 4750 τραυμάτων
2657 4681 2833 4750 ὅψεως
2857 4683 3134 4756 ἀρκούσης
3160 4686 3318 4755 λόγου
3347 4692 3548 4755 παντὸς
3573 4692 3723 4747 δυνα-

2051 4765 2285 4837 τώτερον
2319 4767 2560 4829 καὶτοὺς
2587 4766 2790 4839 σφόδρα
2817 4770 3195 4841 ἐπικειμένους
3221 4777 3285 4845 τῇ
3311 4779 3521 4848 πονηρᾷ
3548 4780 3721 4853 ταύτῃ

2053 4854 2309 4926 συνηθείᾳ
2332 4854 2432 4924 τῆς
2463 4856 2727 4926 πονηρίας
2757 4857 3066 4928 ἀπαγαγεῖν
3088 4873 3131 4912 ο.
3192 4861 3340 4933 Πλὴν
3385 4864 3498 4917 ἀλλ’
3540 4869 3588 4920 εἰ
3627 4871 3720 4922 καὶ

2053 4943 2128 5012 μὴ
2155 4945 2275 5006 ταῖς
2302 4942 2456 5012 ὄψεσι
2480 4945 2722 5007 δυνατὸν,
2751 4945 2828 5014 τῷ
2856 4945 3100 5019 λογισμῷ
3121 4949 3346 5004 δυνατὸν
3372 4954 3553 5007 αὐτῶν
3583 4957 3717 5008 ὑπο-

2051 5029 2234 5083 ϐαλεῖν
2259 5030 2358 5100 τῆς
2385 5029 2566 5101 ψυχῆς
2603 5032 2663 5084 τὸ
2694 5028 2901 5103 αἶσχος,
2949 5038 3043 5088 καὶ
3075 5037 3245 5102 δεῖξαι
3281 5045 3582 5111 σεσηπυῖαν
3615 5045 3716 5096 αὐ-

2048 5117 2146 5188 τὴν
2190 5118 2284 5170 καί¹
2322 5118 2745 5190 διεφθαρμένην.
2793 5123 3019 5191 ’Ὠσπερ
3063 5125 3196 5192 γὰρ,
3254 5129 3438 5197 φησὶν,
3482 5129 3718 5197 οἰκέτης

2046 5205 2391 5274 ἐταζόμενος
2423 5207 2756 5277 ἐνδελεχῶς
2789 5211 2907 5264 ἀπὸ
2931 5212 3228 5280 μώλωπος
3253 5217 3323 5268 οὐ
3356 5219 3717 5285 καθαρισθή-

2047 5308 2235 5356 σεται,
2258 5294 2448 5361 οὕτως
2489 5299 2522 5349 ό
2552 5298 2789 5366 ὀμνύων
2821 5301 2920 5352 καί
2957 5301 3257 5369 ὀνομάζων
3286 5303 3389 5356 τὸν
3423 5305 3568 5356 Θεὸν
3591 5304 3716 5359 δια-

2046 5381 2290 5447 παντὸς,
2321 5383 2437 5437 ἀπὸ
2470 5384 2756 5453 ἁμαρτίας
2781 5389 2853 5440 οὐ
2884 5389 3386 5458 καθαρισθήσεται
3413 5389 3455 5443 τ.
3476 5393 3715 5464 Ἀμήχα-

2045 5486 2134 5522 νον
2184 5470 2312 5540 γάρ,
2351 5471 2649 5543 ἀμήχανον,
2707 5476 2882 5545 στόμα
2941 5477 3306 5547 μεμελετηκὸς
3346 5479 3594 5549 ὀμνύναι,
3637 5487 3711 5556 μὴ

2047 5557 2283 5628 συνεχῶς
2299 5559 2588 5630 ἐπιορκεῖν.
2609 5562 2700 5613 Διὸ
2719 5561 2782 5633 δὴ
2804 5564 3107 5634 παρακαλῶ
3128 5566 3334 5630 πάντας
3348 5567 3447 5638 τὴν
3474 5567 3711 5641 ὀλέθριον

2104 5821 2264 5891 ᾆξαν.
2290 5831 2344 5891 91.
2361 5826 2547 5891 aliquot
2563 5841 2676 5875 mss.
2704 5829 2934 5891 μυριάκις,
2959 5829 3077 5878 Mor.
3093 5833 3336 5891 πολλάκις.

2104 5886 2122 5905 ⁸
2148 5886 2259 5933 Sav.
2283 5887 2561 5943 ἀπαλλάξαι.

2110 5943 2129 5983 ί
2161 5947 2272 5998 Sav.
2293 5956 2345 6000 et
2364 5950 2550 6011 aliquot
2571 5963 2686 6001 mss.
2716 5951 2801 6000 οὑκ
2822 5952 3174 6015 ἀθωωθήοεται.
