  <div class='ocr_page' id='page_1' title='image "/cluster/home/n/w/nwhite01/storage/ocr_20150623/49/nnc1.0046978208/151.png"; bbox 0 0 4112 6388; ppageno 0'>
   <div class='ocr_carea' id='block_1_1' title="bbox 367 397 469 451">
    <p class='ocr_par' dir='ltr' id='par_1_1' title="bbox 367 397 469 451">
     <span class='ocr_line' id='line_1_1' title="bbox 367 397 469 451; baseline 0.02 -2"><span class='ocrx_word' id='word_1_1' title='bbox 367 397 469 451; x_wconf 68' lang='grc'>155</span> 
     </span>
    </p>
   </div>
   <div class='ocr_carea' id='block_1_2' title="bbox 359 513 2035 596">
    <p class='ocr_par' dir='ltr' id='par_1_2' title="bbox 359 513 2035 596">
     <span class='ocr_line' id='line_1_2' title="bbox 359 513 2035 596; baseline 0.002 -28"><span class='ocrx_word' id='word_1_2' title='bbox 359 517 559 583; x_wconf 81' lang='grc' dir='ltr'>ταύτην</span> <span class='ocrx_word' id='word_1_3' title='bbox 593 513 687 566; x_wconf 80' lang='grc' dir='ltr'>καὶ</span> <span class='ocrx_word' id='word_1_4' title='bbox 720 513 961 584; x_wconf 79' lang='grc' dir='ltr'>πονηρὰν</span> <span class='ocrx_word' id='word_1_5' title='bbox 995 513 1281 584; x_wconf 81' lang='grc' dir='ltr'>συνήθειαν</span> <span class='ocrx_word' id='word_1_6' title='bbox 1316 517 1686 589; x_wconf 79' lang='grc' dir='ltr'>ἀποθεμένους</span> <span class='ocrx_word' id='word_1_7' title='bbox 1713 521 1814 591; x_wconf 90' lang='grc' dir='ltr'>τῆς</span> <span class='ocrx_word' id='word_1_8' title='bbox 1837 523 2035 596; x_wconf 72' lang='grc' dir='ltr'>ψυχῆς,</span> 
     </span>
    </p>
   </div>
   <div class='ocr_carea' id='block_1_3' title="bbox 357 603 2041 682">
    <p class='ocr_par' dir='ltr' id='par_1_3' title="bbox 357 603 2041 682">
     <span class='ocr_line' id='line_1_3' title="bbox 357 603 2041 682; baseline 0.005 -27"><span class='ocrx_word' id='word_1_9' title='bbox 357 605 443 655; x_wconf 76' lang='grc' dir='ltr'>ἐτε</span> <span class='ocrx_word' id='word_1_10' title='bbox 454 621 543 674; x_wconf 90' lang='grc' dir='ltr'>ρον</span> <span class='ocrx_word' id='word_1_11' title='bbox 566 603 828 671; x_wconf 87' lang='grc' dir='ltr'>στέφανον</span> <span class='ocrx_word' id='word_1_12' title='bbox 851 603 1236 673; x_wconf 73' lang='grc' dir='ltr'>ἀναδήσασθαι.</span> <span class='ocrx_word' id='word_1_13' title='bbox 1265 607 1372 658; x_wconf 78' lang='grc' dir='ltr'>Καὶ</span> <span class='ocrx_word' id='word_1_14' title='bbox 1395 606 1584 677; x_wconf 85' lang='grc' dir='ltr'>ὥσπερ</span> <span class='ocrx_word' id='word_1_15' title='bbox 1609 609 1883 679; x_wconf 79' lang='grc' dir='ltr'>πανταχοῦ</span> <span class='ocrx_word' id='word_1_16' title='bbox 1910 613 2041 682; x_wconf 79' lang='grc' dir='ltr'>περὶ</span> 
     </span>
    </p>
   </div>
   <div class='ocr_carea' id='block_1_4' title="bbox 358 691 2038 768">
    <p class='ocr_par' dir='ltr' id='par_1_4' title="bbox 358 691 2038 768">
     <span class='ocr_line' id='line_1_4' title="bbox 358 691 2038 768; baseline 0.005 -25"><span class='ocrx_word' id='word_1_17' title='bbox 358 692 456 760; x_wconf 90' lang='grc' dir='ltr'>τῆς</span> <span class='ocrx_word' id='word_1_18' title='bbox 495 692 700 754; x_wconf 87' lang='grc' dir='ltr'>πόλεως</span> <span class='ocrx_word' id='word_1_19' title='bbox 734 691 916 762; x_wconf 78' lang='grc' dir='ltr'>ᾅδουσι</span> <span class='ocrx_word' id='word_1_20' title='bbox 959 691 1058 759; x_wconf 88' lang='grc' dir='ltr'>τῆς</span> <span class='ocrx_word' id='word_1_21' title='bbox 1085 693 1377 763; x_wconf 87' lang='grc' dir='ltr'>ἡμετέρας,</span> <span class='ocrx_word' id='word_1_22' title='bbox 1421 695 1502 746; x_wconf 85' lang='grc' dir='ltr'>δτι</span> <span class='ocrx_word' id='word_1_23' title='bbox 1551 695 1739 768; x_wconf 83' lang='grc' dir='ltr'>πρώτη</span> <span class='ocrx_word' id='word_1_24' title='bbox 1768 698 1875 750; x_wconf 86' lang='grc' dir='ltr'>τῶν</span> <span class='ocrx_word' id='word_1_25' title='bbox 1898 699 2038 752; x_wconf 89' lang='grc' dir='ltr'>κατά</span> 
     </span>
    </p>
   </div>
   <div class='ocr_carea' id='block_1_5' title="bbox 357 779 2036 855">
    <p class='ocr_par' dir='ltr' id='par_1_5' title="bbox 357 779 2036 855">
     <span class='ocr_line' id='line_1_5' title="bbox 357 779 2036 855; baseline 0.005 -24"><span class='ocrx_word' id='word_1_26' title='bbox 357 780 453 850; x_wconf 79' lang='grc' dir='ltr'>τὴν</span> <span class='ocrx_word' id='word_1_27' title='bbox 479 779 803 850; x_wconf 77' lang='grc' dir='ltr'>οἰκουμένην</span> <span class='ocrx_word' id='word_1_28' title='bbox 833 779 1059 831; x_wconf 79' lang='grc' dir='ltr'>ἀπασῶν</span> <span class='ocrx_word' id='word_1_29' title='bbox 1090 780 1150 830; x_wconf 91' lang='grc' dir='ltr'>τὸ</span> <span class='ocrx_word' id='word_1_30' title='bbox 1191 779 1341 852; x_wconf 62' lang='lat' dir='ltr'>[liii]</span> <span class='ocrx_word' id='word_1_31' title='bbox 1373 783 1712 852; x_wconf 78' lang='grc' dir='ltr'>Χριστιανῶν</span> <span class='ocrx_word' id='word_1_32' title='bbox 1738 785 1908 855; x_wconf 77' lang='grc' dir='ltr'>ὄνομα</span> <span class='ocrx_word' id='word_1_33' title='bbox 1945 788 2036 839; x_wconf 82' lang='grc' dir='ltr'>ἀν-</span> 
     </span>
    </p>
   </div>
   <div class='ocr_carea' id='block_1_6' title="bbox 361 867 2037 946">
    <p class='ocr_par' dir='ltr' id='par_1_6' title="bbox 361 867 2037 946">
     <span class='ocr_line' id='line_1_6' title="bbox 361 867 2037 946; baseline 0.006 -28"><span class='ocrx_word' id='word_1_34' title='bbox 361 867 582 920; x_wconf 80' lang='grc' dir='ltr'>ἐδύσατο</span> <span class='ocrx_word' id='word_1_35' title='bbox 607 881 657 931; x_wconf 74' lang='grc' dir='ltr'>ι,</span> <span class='ocrx_word' id='word_1_36' title='bbox 683 868 822 920; x_wconf 79' lang='grc' dir='ltr'>οὕτω</span> <span class='ocrx_word' id='word_1_37' title='bbox 846 867 963 920; x_wconf 85' lang='grc' dir='ltr'>δότε</span> <span class='ocrx_word' id='word_1_38' title='bbox 991 870 1124 920; x_wconf 82' lang='grc' dir='ltr'>πᾶσι</span> <span class='ocrx_word' id='word_1_39' title='bbox 1147 867 1441 936; x_wconf 81' lang='grc' dir='ltr'>λέγειν,ὃτι</span> <span class='ocrx_word' id='word_1_40' title='bbox 1462 871 1599 941; x_wconf 84' lang='grc' dir='ltr'>μόνη</span> <span class='ocrx_word' id='word_1_41' title='bbox 1628 872 1735 923; x_wconf 85' lang='grc' dir='ltr'>τῶν</span> <span class='ocrx_word' id='word_1_42' title='bbox 1764 875 1903 926; x_wconf 77' lang='grc' dir='ltr'>κατὰ</span> <span class='ocrx_word' id='word_1_43' title='bbox 1937 875 2037 946; x_wconf 78' lang='grc' dir='ltr'>τὴν</span> 
     </span>
    </p>
   </div>
   <div class='ocr_carea' id='block_1_7' title="bbox 357 955 2036 1026">
    <p class='ocr_par' dir='ltr' id='par_1_7' title="bbox 357 955 2036 1026">
     <span class='ocr_line' id='line_1_7' title="bbox 357 955 2036 1026; baseline 0.004 -18"><span class='ocrx_word' id='word_1_44' title='bbox 357 956 682 1026; x_wconf 71' lang='grc' dir='ltr'>οἰκουμένην</span> <span class='ocrx_word' id='word_1_45' title='bbox 707 955 936 1007; x_wconf 86' lang='grc' dir='ltr'>ἀπασῶν</span> <span class='ocrx_word' id='word_1_46' title='bbox 991 955 1287 1025; x_wconf 82' lang='grc' dir='ltr'>Ἀντιόχεια</span> <span class='ocrx_word' id='word_1_47' title='bbox 1316 957 1441 1018; x_wconf 77' lang='grc' dir='ltr'>τοὺς</span> <span class='ocrx_word' id='word_1_48' title='bbox 1461 958 1656 1026; x_wconf 84' lang='grc' dir='ltr'>ὅρκους</span> <span class='ocrx_word' id='word_1_49' title='bbox 1686 960 1792 1012; x_wconf 80' lang='grc' dir='ltr'>τῶν</span> <span class='ocrx_word' id='word_1_50' title='bbox 1823 961 2036 1014; x_wconf 85' lang='grc' dir='ltr'>οἰκείων</span> 
     </span>
    </p>
   </div>
   <div class='ocr_carea' id='block_1_8' title="bbox 357 1043 2036 1119">
    <p class='ocr_par' dir='ltr' id='par_1_8' title="bbox 357 1043 2036 1119">
     <span class='ocr_line' id='line_1_8' title="bbox 357 1043 2036 1119; baseline 0.002 -23"><span class='ocrx_word' id='word_1_51' title='bbox 357 1047 498 1116; x_wconf 80' lang='grc' dir='ltr'>ὅρων</span> <span class='ocrx_word' id='word_1_52' title='bbox 523 1043 790 1112; x_wconf 84' lang='grc' dir='ltr'>ἀπήλασε.</span> <span class='ocrx_word' id='word_1_53' title='bbox 839 1043 1055 1096; x_wconf 84' lang='grc' dir='ltr'>Μᾶλλον</span> <span class='ocrx_word' id='word_1_54' title='bbox 1083 1043 1159 1106; x_wconf 81' lang='grc' dir='ltr'>δὲ,</span> <span class='ocrx_word' id='word_1_55' title='bbox 1199 1044 1263 1096; x_wconf 84' lang='grc' dir='ltr'>ἂν</span> <span class='ocrx_word' id='word_1_56' title='bbox 1295 1044 1449 1096; x_wconf 88' lang='grc' dir='ltr'>τοῦτο</span> <span class='ocrx_word' id='word_1_57' title='bbox 1475 1045 1720 1114; x_wconf 87' lang='grc' dir='ltr'>γένηται,</span> <span class='ocrx_word' id='word_1_58' title='bbox 1763 1047 1862 1100; x_wconf 77' lang='grc' dir='ltr'>οὐκ</span> <span class='ocrx_word' id='word_1_59' title='bbox 1895 1048 2036 1119; x_wconf 83' lang='grc' dir='ltr'>αύτὴ</span> 
     </span>
    </p>
   </div>
   <div class='ocr_carea' id='block_1_9' title="bbox 363 1131 2037 1202">
    <p class='ocr_par' dir='ltr' id='par_1_9' title="bbox 363 1131 2037 1202">
     <span class='ocr_line' id='line_1_9' title="bbox 363 1131 2037 1202; baseline 0.002 -18"><span class='ocrx_word' id='word_1_60' title='bbox 363 1133 838 1202; x_wconf 71' lang='grc' dir='ltr'>στεφανωθήσεται</span> <span class='ocrx_word' id='word_1_61' title='bbox 893 1133 1048 1201; x_wconf 88' lang='grc' dir='ltr'>μόνη,</span> <span class='ocrx_word' id='word_1_62' title='bbox 1103 1131 1239 1185; x_wconf 87' lang='grc' dir='ltr'>ἀλλά</span> <span class='ocrx_word' id='word_1_63' title='bbox 1287 1133 1378 1184; x_wconf 71' lang='grc' dir='ltr'>καὶ</span> <span class='ocrx_word' id='word_1_64' title='bbox 1411 1133 1602 1202; x_wconf 87' lang='grc' dir='ltr'>ἐτέρας</span> <span class='ocrx_word' id='word_1_65' title='bbox 1649 1135 1728 1196; x_wconf 84' lang='grc' dir='ltr'>εἰς</span> <span class='ocrx_word' id='word_1_66' title='bbox 1756 1133 1846 1186; x_wconf 90' lang='grc' dir='ltr'>τὸν</span> <span class='ocrx_word' id='word_1_67' title='bbox 1876 1134 2037 1187; x_wconf 80' lang='grc' dir='ltr'>αὑτὸν</span> 
     </span>
    </p>
   </div>
   <div class='ocr_carea' id='block_1_10' title="bbox 360 1220 2038 1291">
    <p class='ocr_par' dir='ltr' id='par_1_10' title="bbox 360 1220 2038 1291">
     <span class='ocr_line' id='line_1_10' title="bbox 360 1220 2038 1291; baseline 0.001 -19"><span class='ocrx_word' id='word_1_68' title='bbox 360 1221 534 1285; x_wconf 80' lang='grc' dir='ltr'>ἐνάξει</span> <span class='ocrx_word' id='word_1_69' title='bbox 572 1221 730 1291; x_wconf 81' lang='grc' dir='ltr'>ζῆλον</span> <span class='ocrx_word' id='word_1_70' title='bbox 755 1237 768 1250; x_wconf 87' lang='grc'><strong>·</strong></span> <span class='ocrx_word' id='word_1_71' title='bbox 833 1222 926 1273; x_wconf 74' lang='grc' dir='ltr'>καὶ</span> <span class='ocrx_word' id='word_1_72' title='bbox 963 1220 1213 1291; x_wconf 88' lang='grc' dir='ltr'>καθάπερ</span> <span class='ocrx_word' id='word_1_73' title='bbox 1241 1221 1299 1272; x_wconf 91' lang='grc' dir='ltr'>τὸ</span> <span class='ocrx_word' id='word_1_74' title='bbox 1344 1221 1513 1290; x_wconf 81' lang='grc' dir='ltr'>ὄνομα</span> <span class='ocrx_word' id='word_1_75' title='bbox 1555 1221 1663 1274; x_wconf 88' lang='grc' dir='ltr'>τῶν</span> <span class='ocrx_word' id='word_1_76' title='bbox 1694 1222 2038 1291; x_wconf 86' lang='grc' dir='ltr'>Χριστιανῶν</span> 
     </span>
    </p>
   </div>
   <div class='ocr_carea' id='block_1_11' title="bbox 359 1308 2032 1381">
    <p class='ocr_par' dir='ltr' id='par_1_11' title="bbox 359 1308 2032 1381">
     <span class='ocr_line' id='line_1_11' title="bbox 359 1308 2032 1381; baseline 0.002 -22"><span class='ocrx_word' id='word_1_77' title='bbox 359 1308 545 1377; x_wconf 72' lang='grc' dir='ltr'>ὥσπερ</span> <span class='ocrx_word' id='word_1_78' title='bbox 581 1308 644 1362; x_wconf 82' lang='grc' dir='ltr'>ἐκ</span> <span class='ocrx_word' id='word_1_79' title='bbox 681 1327 825 1371; x_wconf 88' lang='grc' dir='ltr'>τινος</span> <span class='ocrx_word' id='word_1_80' title='bbox 867 1310 1048 1378; x_wconf 82' lang='grc' dir='ltr'>πηγῆς</span> <span class='ocrx_word' id='word_1_81' title='bbox 1095 1309 1337 1360; x_wconf 84' lang='grc' dir='ltr'>ἐντεῦθεν</span> <span class='ocrx_word' id='word_1_82' title='bbox 1379 1309 1684 1379; x_wconf 83' lang='grc' dir='ltr'>ἀρξάμενον</span> <span class='ocrx_word' id='word_1_83' title='bbox 1724 1311 1902 1363; x_wconf 80' lang='grc' dir='ltr'>πᾶσαν</span> <span class='ocrx_word' id='word_1_84' title='bbox 1935 1311 2032 1381; x_wconf 75' lang='grc' dir='ltr'>τὴν</span> 
     </span>
    </p>
   </div>
   <div class='ocr_carea' id='block_1_12' title="bbox 359 1397 2033 1468">
    <p class='ocr_par' dir='ltr' id='par_1_12' title="bbox 359 1397 2033 1468">
     <span class='ocr_line' id='line_1_12' title="bbox 359 1397 2033 1468; baseline 0.002 -20"><span class='ocrx_word' id='word_1_85' title='bbox 359 1397 683 1467; x_wconf 79' lang='grc' dir='ltr'>οἰκουμένην</span> <span class='ocrx_word' id='word_1_86' title='bbox 750 1397 1068 1462; x_wconf 79' lang='grc' dir='ltr'>ἐπέκλυσεν,</span> <span class='ocrx_word' id='word_1_87' title='bbox 1115 1397 1257 1449; x_wconf 72' lang='grc' dir='ltr'>οὕτω</span> <span class='ocrx_word' id='word_1_88' title='bbox 1314 1398 1376 1468; x_wconf 76' lang='grc' dir='ltr'>δή</span> <span class='ocrx_word' id='word_1_89' title='bbox 1436 1401 1529 1451; x_wconf 82' lang='grc' dir='ltr'>καὶ</span> <span class='ocrx_word' id='word_1_90' title='bbox 1582 1399 1642 1450; x_wconf 82' lang='grc' dir='ltr'>τὸ</span> <span class='ocrx_word' id='word_1_91' title='bbox 1701 1399 2033 1468; x_wconf 86' lang='grc' dir='ltr'>κατόρθωμα</span> 
     </span>
    </p>
   </div>
   <div class='ocr_carea' id='block_1_13' title="bbox 358 1484 2028 1556">
    <p class='ocr_par' dir='ltr' id='par_1_13' title="bbox 358 1484 2028 1556">
     <span class='ocr_line' id='line_1_13' title="bbox 358 1484 2028 1556; baseline 0.001 -19"><span class='ocrx_word' id='word_1_92' title='bbox 358 1484 512 1537; x_wconf 80' lang='grc' dir='ltr'>τοῦτο</span> <span class='ocrx_word' id='word_1_93' title='bbox 565 1485 663 1550; x_wconf 85' lang='grc' dir='ltr'>τὴν</span> <span class='ocrx_word' id='word_1_94' title='bbox 731 1485 884 1554; x_wconf 74' lang='grc' dir='ltr'>ῥίζαν</span> <span class='ocrx_word' id='word_1_95' title='bbox 943 1487 1030 1536; x_wconf 73' lang='grc' dir='ltr'>καὶ</span> <span class='ocrx_word' id='word_1_96' title='bbox 1085 1485 1182 1555; x_wconf 84' lang='grc' dir='ltr'>τὴν</span> <span class='ocrx_word' id='word_1_97' title='bbox 1231 1485 1482 1556; x_wconf 79' lang='grc' dir='ltr'>ἀφορμὴν</span> <span class='ocrx_word' id='word_1_98' title='bbox 1545 1485 1793 1538; x_wconf 84' lang='grc' dir='ltr'>ἐντεῦθεν</span> <span class='ocrx_word' id='word_1_99' title='bbox 1848 1486 2028 1551; x_wconf 89' lang='grc' dir='ltr'>λαϐὸν,</span> 
     </span>
    </p>
   </div>
   <div class='ocr_carea' id='block_1_14' title="bbox 421 1641 1306 1700">
    <p class='ocr_par' dir='ltr' id='par_1_14' title="bbox 421 1641 1306 1700">
     <span class='ocr_line' id='line_1_14' title="bbox 421 1641 1306 1700; baseline -0.001 -12"><span class='ocrx_word' id='word_1_100' title='bbox 421 1643 446 1669; x_wconf 81' lang='grc'><strong>⁸</strong></span> <span class='ocrx_word' id='word_1_101' title='bbox 469 1641 577 1688; x_wconf 66' lang='lat' dir='ltr'>Sa&quot;.</span> <span class='ocrx_word' id='word_1_102' title='bbox 604 1648 652 1686; x_wconf 70' lang='grc' dir='ltr'>οι</span> <span class='ocrx_word' id='word_1_103' title='bbox 668 1642 861 1700; x_wconf 83' lang='lat' dir='ltr'>quidam</span> <span class='ocrx_word' id='word_1_104' title='bbox 886 1655 1000 1688; x_wconf 70' lang='lat' dir='ltr'>mss.</span> <span class='ocrx_word' id='word_1_105' title='bbox 1025 1642 1306 1698; x_wconf 74' lang='grc' dir='ltr'>ἀνιδήσατο.</span> 
     </span>
    </p>
   </div>
   <div class='ocr_carea' id='block_1_15' title="bbox 1148 399 3024 472">
    <p class='ocr_par' dir='ltr' id='par_1_15' title="bbox 1148 399 3024 472">
     <span class='ocr_line' id='line_1_15' title="bbox 1148 399 3024 472; baseline 0.011 -20"><span class='ocrx_word' id='word_1_106' title='bbox 1148 400 1204 453; x_wconf 90' lang='lat' dir='ltr'>S.</span> <span class='ocrx_word' id='word_1_107' title='bbox 1259 399 1546 457; x_wconf 76' lang='lat' dir='ltr'>JOANNIS</span> <span class='ocrx_word' id='word_1_108' title='bbox 1583 403 2075 464; x_wconf 76' lang='lat' dir='ltr'>CHRYSOSTOMI</span> <span class='ocrx_word' id='word_1_109' title='bbox 2114 410 2434 467; x_wconf 76' lang='lat' dir='ltr'>ARCHIEP.</span> <span class='ocrx_word' id='word_1_110' title='bbox 2481 413 3024 472; x_wconf 75' lang='lat' dir='ltr'>CONSTANTINOP.</span> 
     </span>
    </p>
   </div>
   <div class='ocr_carea' id='block_1_16' title="bbox 3713 419 3818 476">
    <p class='ocr_par' dir='ltr' id='par_1_16' title="bbox 3713 419 3818 476">
     <span class='ocr_line' id='line_1_16' title="bbox 3713 419 3818 476; baseline -0.057 1"><span class='ocrx_word' id='word_1_111' title='bbox 3713 419 3818 476; x_wconf 66' lang='grc'>154</span> 
     </span>
    </p>
   </div>
   <div class='ocr_carea' id='block_1_17' title="bbox 2100 527 3824 608">
    <p class='ocr_par' dir='ltr' id='par_1_17' title="bbox 2100 527 3824 608">
     <span class='ocr_line' id='line_1_17' title="bbox 2100 527 3824 608; baseline 0.01 -31"><span class='ocrx_word' id='word_1_112' title='bbox 2100 548 2111 566; x_wconf 75' lang='grc' dir='ltr'>υ</span> <span class='ocrx_word' id='word_1_113' title='bbox 2145 527 2354 590; x_wconf 79' lang='grc' dir='ltr'>πάντας</span> <span class='ocrx_word' id='word_1_114' title='bbox 2415 529 2540 591; x_wconf 84' lang='grc' dir='ltr'>τοὺς</span> <span class='ocrx_word' id='word_1_115' title='bbox 2595 531 2694 600; x_wconf 81' lang='grc' dir='ltr'>τὴν</span> <span class='ocrx_word' id='word_1_116' title='bbox 2728 531 2831 600; x_wconf 91' lang='grc' dir='ltr'>γῆν</span> <span class='ocrx_word' id='word_1_117' title='bbox 2882 533 3163 595; x_wconf 82' lang='grc' dir='ltr'>οἰκοῦντας</span> <span class='ocrx_word' id='word_1_118' title='bbox 3215 535 3529 606; x_wconf 80' lang='grc' dir='ltr'>ἀνθρώπους</span> <span class='ocrx_word' id='word_1_119' title='bbox 3577 535 3824 608; x_wconf 64' lang='grc' dir='ltr'>μαθητὰς</span> 
     </span>
    </p>
   </div>
   <div class='ocr_carea' id='block_1_18' title="bbox 2145 615 3821 696">
    <p class='ocr_par' dir='ltr' id='par_1_18' title="bbox 2145 615 3821 696">
     <span class='ocr_line' id='line_1_18' title="bbox 2145 615 3821 696; baseline 0.007 -30"><span class='ocrx_word' id='word_1_120' title='bbox 2145 615 2444 686; x_wconf 81' lang='grc' dir='ltr'>ὑμετέρους</span> <span class='ocrx_word' id='word_1_121' title='bbox 2501 617 2832 687; x_wconf 84' lang='grc' dir='ltr'>ἐργάσεται,</span> <span class='ocrx_word' id='word_1_122' title='bbox 2884 617 3024 670; x_wconf 81' lang='grc' dir='ltr'>ὥστε</span> <span class='ocrx_word' id='word_1_123' title='bbox 3089 619 3308 673; x_wconf 81' lang='grc' dir='ltr'>διπλοῦν</span> <span class='ocrx_word' id='word_1_124' title='bbox 3367 623 3493 692; x_wconf 84' lang='grc' dir='ltr'>ὑμῖν</span> <span class='ocrx_word' id='word_1_125' title='bbox 3548 625 3644 679; x_wconf 80' lang='grc' dir='ltr'>καὶ</span> <span class='ocrx_word' id='word_1_126' title='bbox 3699 643 3821 696; x_wconf 85' lang='grc' dir='ltr'>τρι-</span> 
     </span>
    </p>
   </div>
   <div class='ocr_carea' id='block_1_19' title="bbox 2144 700 3819 782">
    <p class='ocr_par' dir='ltr' id='par_1_19' title="bbox 2144 700 3819 782">
     <span class='ocr_line' id='line_1_19' title="bbox 2144 700 3819 782; baseline 0.006 -29"><span class='ocrx_word' id='word_1_127' title='bbox 2144 700 2313 754; x_wconf 80' lang='grc' dir='ltr'>πλοῦν</span> <span class='ocrx_word' id='word_1_128' title='bbox 2339 704 2590 770; x_wconf 89' lang='grc' dir='ltr'>γενέσθαι</span> <span class='ocrx_word' id='word_1_129' title='bbox 2618 704 2708 756; x_wconf 86' lang='grc' dir='ltr'>τὸν</span> <span class='ocrx_word' id='word_1_130' title='bbox 2737 707 2944 775; x_wconf 89' lang='grc' dir='ltr'>μισθὸν,</span> <span class='ocrx_word' id='word_1_131' title='bbox 2969 708 3063 760; x_wconf 73' lang='grc' dir='ltr'>καὶ</span> <span class='ocrx_word' id='word_1_132' title='bbox 3087 708 3227 780; x_wconf 72' lang='grc' dir='ltr'>ὑπὲρ</span> <span class='ocrx_word' id='word_1_133' title='bbox 3251 708 3357 762; x_wconf 90' lang='grc' dir='ltr'>τῶν</span> <span class='ocrx_word' id='word_1_134' title='bbox 3386 711 3600 763; x_wconf 84' lang='grc' dir='ltr'>οίκείων</span> <span class='ocrx_word' id='word_1_135' title='bbox 3626 728 3819 782; x_wconf 88' lang='grc' dir='ltr'>κατορ-</span> 
     </span>
    </p>
   </div>
   <div class='ocr_carea' id='block_1_20' title="bbox 2142 788 3819 864">
    <p class='ocr_par' dir='ltr' id='par_1_20' title="bbox 2142 788 3819 864">
     <span class='ocr_line' id='line_1_20' title="bbox 2142 788 3819 864; baseline 0.006 -23"><span class='ocrx_word' id='word_1_136' title='bbox 2142 788 2434 858; x_wconf 86' lang='grc' dir='ltr'>θωμάτων,</span> <span class='ocrx_word' id='word_1_137' title='bbox 2471 792 2564 842; x_wconf 75' lang='grc' dir='ltr'>καὶ</span> <span class='ocrx_word' id='word_1_138' title='bbox 2598 792 2738 864; x_wconf 83' lang='grc' dir='ltr'>ὑπὲρ</span> <span class='ocrx_word' id='word_1_139' title='bbox 2768 793 2864 862; x_wconf 89' lang='grc' dir='ltr'>τῆς</span> <span class='ocrx_word' id='word_1_140' title='bbox 2901 795 3008 847; x_wconf 86' lang='grc' dir='ltr'>τῶν</span> <span class='ocrx_word' id='word_1_141' title='bbox 3041 795 3214 849; x_wconf 85' lang='grc' dir='ltr'>ἄλλων</span> <span class='ocrx_word' id='word_1_142' title='bbox 3249 795 3612 860; x_wconf 79' lang='grc' dir='ltr'>διδασκαλίας.</span> <span class='ocrx_word' id='word_1_143' title='bbox 3647 799 3819 852; x_wconf 84' lang='grc' dir='ltr'>Τοῦτο</span> 
     </span>
    </p>
   </div>
   <div class='ocr_carea' id='block_1_21' title="bbox 2144 876 3818 956">
    <p class='ocr_par' dir='ltr' id='par_1_21' title="bbox 2144 876 3818 956">
     <span class='ocr_line' id='line_1_21' title="bbox 2144 876 3818 956; baseline 0.006 -27"><span class='ocrx_word' id='word_1_144' title='bbox 2144 876 2477 946; x_wconf 84' lang='grc' dir='ltr'>διαδήματος</span> <span class='ocrx_word' id='word_1_145' title='bbox 2512 880 2639 949; x_wconf 84' lang='grc' dir='ltr'>ὑμῖν</span> <span class='ocrx_word' id='word_1_146' title='bbox 2673 881 2873 944; x_wconf 86' lang='grc' dir='ltr'>παντὸς</span> <span class='ocrx_word' id='word_1_147' title='bbox 2906 883 3057 936; x_wconf 85' lang='grc' dir='ltr'>ἐσται</span> <span class='ocrx_word' id='word_1_148' title='bbox 3088 884 3484 954; x_wconf 89' lang='grc' dir='ltr'>λαμπρότερον,</span> <span class='ocrx_word' id='word_1_149' title='bbox 3525 885 3683 939; x_wconf 89' lang='grc' dir='ltr'>τοῦτο</span> <span class='ocrx_word' id='word_1_150' title='bbox 3715 905 3818 956; x_wconf 83' lang='grc' dir='ltr'>μη-</span> 
     </span>
    </p>
   </div>
   <div class='ocr_carea' id='block_1_22' title="bbox 2141 964 3822 1044">
    <p class='ocr_par' dir='ltr' id='par_1_22' title="bbox 2141 964 3822 1044">
     <span class='ocr_line' id='line_1_22' title="bbox 2141 964 3822 1044; baseline 0.007 -29"><span class='ocrx_word' id='word_1_151' title='bbox 2141 964 2396 1035; x_wconf 87' lang='grc' dir='ltr'>τρόπολιν</span> <span class='ocrx_word' id='word_1_152' title='bbox 2438 966 2566 1035; x_wconf 83' lang='grc' dir='ltr'>ὑμῖν</span> <span class='ocrx_word' id='word_1_153' title='bbox 2604 971 2815 1039; x_wconf 83' lang='grc' dir='ltr'>ποιήσει</span> <span class='ocrx_word' id='word_1_154' title='bbox 2847 971 2944 1040; x_wconf 79' lang='grc' dir='ltr'>τὴν</span> <span class='ocrx_word' id='word_1_155' title='bbox 2980 971 3153 1033; x_wconf 84' lang='grc' dir='ltr'>πόλιν,</span> <span class='ocrx_word' id='word_1_156' title='bbox 3197 972 3298 1024; x_wconf 90' lang='grc' dir='ltr'>ούκ</span> <span class='ocrx_word' id='word_1_157' title='bbox 3350 974 3406 1025; x_wconf 88' lang='grc' dir='ltr'>ἐν</span> <span class='ocrx_word' id='word_1_158' title='bbox 3452 976 3517 1042; x_wconf 83' lang='grc' dir='ltr'>τῇ</span> <span class='ocrx_word' id='word_1_159' title='bbox 3555 976 3647 1044; x_wconf 83' lang='grc' dir='ltr'>γῇ,</span> <span class='ocrx_word' id='word_1_160' title='bbox 3682 975 3822 1027; x_wconf 84' lang='grc' dir='ltr'>ἀλλά</span> 
     </span>
    </p>
   </div>
   <div class='ocr_carea' id='block_1_23' title="bbox 2141 1051 3821 1130">
    <p class='ocr_par' dir='ltr' id='par_1_23' title="bbox 2141 1051 3821 1130">
     <span class='ocr_line' id='line_1_23' title="bbox 2141 1051 3821 1130; baseline 0.005 -27"><span class='ocrx_word' id='word_1_161' title='bbox 2141 1051 2234 1103; x_wconf 74' lang='grc' dir='ltr'>καὶ</span> <span class='ocrx_word' id='word_1_162' title='bbox 2268 1053 2358 1104; x_wconf 74' lang='grc' dir='ltr'>ἐπὶ</span> <span class='ocrx_word' id='word_1_163' title='bbox 2391 1054 2499 1105; x_wconf 86' lang='grc' dir='ltr'>τῶν</span> <span class='ocrx_word' id='word_1_164' title='bbox 2540 1056 2827 1126; x_wconf 70' lang='grc' dir='ltr'>ούρανῶνὺ</span> <span class='ocrx_word' id='word_1_165' title='bbox 2852 1073 2865 1087; x_wconf 78' lang='grc'><strong><em>⁸</em></strong></span> <span class='ocrx_word' id='word_1_166' title='bbox 2922 1057 3079 1110; x_wconf 83' lang='grc' dir='ltr'>τοῦτο</span> <span class='ocrx_word' id='word_1_167' title='bbox 3108 1061 3202 1111; x_wconf 75' lang='grc' dir='ltr'>καὶ</span> <span class='ocrx_word' id='word_1_168' title='bbox 3241 1060 3357 1111; x_wconf 85' lang='grc' dir='ltr'>κατ’</span> <span class='ocrx_word' id='word_1_169' title='bbox 3394 1060 3606 1130; x_wconf 87' lang='grc' dir='ltr'>ἐκείνην</span> <span class='ocrx_word' id='word_1_170' title='bbox 3660 1061 3821 1130; x_wconf 84' lang='grc' dir='ltr'>ἡμῶν</span> 
     </span>
    </p>
   </div>
   <div class='ocr_carea' id='block_1_24' title="bbox 2142 1132 3822 1218">
    <p class='ocr_par' dir='ltr' id='par_1_24' title="bbox 2142 1141 3822 1218">
     <span class='ocr_line' id='line_1_24' title="bbox 2142 1141 3822 1218; baseline 0.005 -28"><span class='ocrx_word' id='word_1_171' title='bbox 2142 1141 2511 1209; x_wconf 83' lang='grc' dir='ltr'>προστήσεται</span> <span class='ocrx_word' id='word_1_172' title='bbox 2544 1143 2642 1212; x_wconf 76' lang='grc' dir='ltr'>τὴν</span> <span class='ocrx_word' id='word_1_173' title='bbox 2677 1145 2907 1214; x_wconf 91' lang='grc' dir='ltr'>ἡμέραν,</span> <span class='ocrx_word' id='word_1_174' title='bbox 2941 1147 3034 1198; x_wconf 84' lang='grc' dir='ltr'>καὶ</span> <span class='ocrx_word' id='word_1_175' title='bbox 3061 1146 3151 1198; x_wconf 89' lang='grc' dir='ltr'>τὸν</span> <span class='ocrx_word' id='word_1_176' title='bbox 3179 1146 3278 1216; x_wconf 86' lang='grc' dir='ltr'>τῆς</span> <span class='ocrx_word' id='word_1_177' title='bbox 3300 1146 3643 1217; x_wconf 84' lang='grc' dir='ltr'>δικαιοσύνης</span> <span class='ocrx_word' id='word_1_178' title='bbox 3685 1149 3822 1218; x_wconf 85' lang='grc' dir='ltr'>ἡμῖν</span> 
     </span>
    </p>
   </div>
   <div class='ocr_carea' id='block_1_25' title="bbox 2141 1225 3819 1305">
    <p class='ocr_par' dir='ltr' id='par_1_25' title="bbox 2141 1225 3819 1305">
     <span class='ocr_line' id='line_1_25' title="bbox 2141 1225 3819 1305; baseline 0.006 -27"><span class='ocrx_word' id='word_1_179' title='bbox 2141 1226 2276 1278; x_wconf 80' lang='grc' dir='ltr'>οἴσει</span> <span class='ocrx_word' id='word_1_180' title='bbox 2307 1227 2566 1296; x_wconf 82' lang='grc' dir='ltr'>στέφανον</span> <span class='ocrx_word' id='word_1_181' title='bbox 2591 1248 2602 1258; x_wconf 93' lang='grc'><strong>·</strong></span> <span class='ocrx_word' id='word_1_182' title='bbox 2642 1225 2702 1283; x_wconf 78' lang='grc' dir='ltr'>οῦ</span> <span class='ocrx_word' id='word_1_183' title='bbox 2739 1233 2946 1299; x_wconf 87' lang='grc' dir='ltr'>γένοιτο</span> <span class='ocrx_word' id='word_1_184' title='bbox 2988 1235 3194 1297; x_wconf 81' lang='grc' dir='ltr'>πάντας</span> <span class='ocrx_word' id='word_1_185' title='bbox 3220 1237 3250 1303; x_wconf 88' lang='grc' dir='ltr'>ἡ</span> <span class='ocrx_word' id='word_1_186' title='bbox 3262 1236 3366 1303; x_wconf 82' lang='grc' dir='ltr'>μᾶς</span> <span class='ocrx_word' id='word_1_187' title='bbox 3391 1237 3687 1305; x_wconf 88' lang='grc' dir='ltr'>ἐπιτυχεῖν,</span> <span class='ocrx_word' id='word_1_188' title='bbox 3718 1237 3819 1304; x_wconf 81' lang='grc' dir='ltr'>χά-</span> 
     </span>
    </p>
   </div>
   <div class='ocr_carea' id='block_1_26' title="bbox 2146 1316 3810 1392">
    <p class='ocr_par' dir='ltr' id='par_1_26' title="bbox 2146 1316 3810 1392">
     <span class='ocr_line' id='line_1_26' title="bbox 2146 1316 3810 1392; baseline 0.007 -28"><span class='ocrx_word' id='word_1_189' title='bbox 2146 1330 2252 1382; x_wconf 89' lang='grc' dir='ltr'>ριτι</span> <span class='ocrx_word' id='word_1_190' title='bbox 2285 1316 2379 1366; x_wconf 76' lang='grc' dir='ltr'>καὶ</span> <span class='ocrx_word' id='word_1_191' title='bbox 2411 1316 2785 1391; x_wconf 82' lang='grc' dir='ltr'>φιλανθρωπίᾳ</span> <span class='ocrx_word' id='word_1_192' title='bbox 2813 1320 2904 1373; x_wconf 87' lang='grc' dir='ltr'>τοῦ</span> <span class='ocrx_word' id='word_1_193' title='bbox 2933 1321 3139 1389; x_wconf 82' lang='grc' dir='ltr'>Κυρίου</span> <span class='ocrx_word' id='word_1_194' title='bbox 3164 1321 3318 1391; x_wconf 84' lang='grc' dir='ltr'>ἡμῶν</span> <span class='ocrx_word' id='word_1_195' title='bbox 3352 1321 3524 1391; x_wconf 81' lang='grc' dir='ltr'>Ἰησοῦ</span> <span class='ocrx_word' id='word_1_196' title='bbox 3553 1321 3810 1392; x_wconf 73' lang='grc' dir='ltr'>Χριστοῦ,</span> 
     </span>
    </p>
   </div>
   <div class='ocr_carea' id='block_1_27' title="bbox 2144 1396 3814 1479">
    <p class='ocr_par' dir='ltr' id='par_1_27' title="bbox 2144 1396 3814 1479">
     <span class='ocr_line' id='line_1_27' title="bbox 2144 1396 3814 1479; baseline 0.008 -28"><span class='ocrx_word' id='word_1_197' title='bbox 2144 1399 2261 1469; x_wconf 83' lang='grc' dir='ltr'>μεθ’</span> <span class='ocrx_word' id='word_1_198' title='bbox 2287 1396 2347 1455; x_wconf 79' lang='grc' dir='ltr'>οῦ</span> <span class='ocrx_word' id='word_1_199' title='bbox 2381 1403 2459 1472; x_wconf 83' lang='grc' dir='ltr'>τῷ</span> <span class='ocrx_word' id='word_1_200' title='bbox 2493 1406 2669 1475; x_wconf 76' lang='grc' dir='ltr'>Πατρὶ</span> <span class='ocrx_word' id='word_1_201' title='bbox 2707 1407 2739 1476; x_wconf 87' lang='grc' dir='ltr'>ἡ</span> <span class='ocrx_word' id='word_1_202' title='bbox 2773 1407 2917 1472; x_wconf 83' lang='grc' dir='ltr'>δόξα,</span> <span class='ocrx_word' id='word_1_203' title='bbox 2954 1407 3070 1478; x_wconf 75' lang='grc' dir='ltr'>ἅμα</span> <span class='ocrx_word' id='word_1_204' title='bbox 3111 1407 3188 1478; x_wconf 83' lang='grc' dir='ltr'>τῷ</span> <span class='ocrx_word' id='word_1_205' title='bbox 3224 1408 3362 1478; x_wconf 86' lang='grc' dir='ltr'>ἁγίῳ</span> <span class='ocrx_word' id='word_1_206' title='bbox 3392 1409 3686 1479; x_wconf 86' lang='grc' dir='ltr'>Πνεύματι,</span> <span class='ocrx_word' id='word_1_207' title='bbox 3717 1410 3814 1466; x_wconf 88' lang='grc' dir='ltr'>νῦν</span> 
     </span>
    </p>
   </div>
   <div class='ocr_carea' id='block_1_28' title="bbox 2141 1488 3634 1568">
    <p class='ocr_par' dir='ltr' id='par_1_28' title="bbox 2141 1488 3634 1568">
     <span class='ocr_line' id='line_1_28' title="bbox 2141 1488 3634 1568; baseline 0.007 -30"><span class='ocrx_word' id='word_1_208' title='bbox 2141 1488 2233 1538; x_wconf 75' lang='grc' dir='ltr'>καὶ</span> <span class='ocrx_word' id='word_1_209' title='bbox 2261 1489 2366 1549; x_wconf 77' lang='grc' dir='ltr'>ἀεὶ,</span> <span class='ocrx_word' id='word_1_210' title='bbox 2405 1492 2497 1542; x_wconf 75' lang='grc' dir='ltr'>καὶ</span> <span class='ocrx_word' id='word_1_211' title='bbox 2526 1493 2604 1554; x_wconf 86' lang='grc' dir='ltr'>είς</span> <span class='ocrx_word' id='word_1_212' title='bbox 2634 1495 2758 1553; x_wconf 79' lang='grc' dir='ltr'>τοὺς</span> <span class='ocrx_word' id='word_1_213' title='bbox 2787 1494 2988 1558; x_wconf 84' lang='grc' dir='ltr'>αίῶνας</span> <span class='ocrx_word' id='word_1_214' title='bbox 3015 1495 3122 1547; x_wconf 89' lang='grc' dir='ltr'>τῶν</span> <span class='ocrx_word' id='word_1_215' title='bbox 3159 1496 3387 1552; x_wconf 82' lang='grc' dir='ltr'>αἰώνων.</span> <span class='ocrx_word' id='word_1_216' title='bbox 3441 1497 3634 1568; x_wconf 82' lang='grc' dir='ltr'>Ἀμήν.</span> 
     </span>
    </p>
   </div>
   <div class='ocr_carea' id='block_1_29' title="bbox 2205 1638 2741 1708">
    <p class='ocr_par' dir='ltr' id='par_1_29' title="bbox 2205 1638 2741 1708">
     <span class='ocr_line' id='line_1_29' title="bbox 2205 1638 2741 1708; baseline 0.013 -21"><span class='ocrx_word' id='word_1_217' title='bbox 2205 1638 2230 1674; x_wconf 68' lang='grc' dir='ltr'>ι’</span> <span class='ocrx_word' id='word_1_218' title='bbox 2256 1640 2353 1688; x_wconf 72' lang='lat' dir='ltr'>Alii</span> <span class='ocrx_word' id='word_1_219' title='bbox 2379 1643 2426 1690; x_wconf 84' lang='grc' dir='ltr'>ἐν</span> <span class='ocrx_word' id='word_1_220' title='bbox 2448 1646 2516 1706; x_wconf 83' lang='grc' dir='ltr'>τῷ</span> <span class='ocrx_word' id='word_1_221' title='bbox 2541 1645 2741 1708; x_wconf 81' lang='grc' dir='ltr'>οὐρανῷ.</span> 
     </span>
    </p>
   </div>
   <div class='ocr_carea' id='block_1_30' title="bbox 357 1923 3824 2016">
    <p class='ocr_par' dir='ltr' id='par_1_30' title="bbox 357 1923 3824 2016">
     <span class='ocr_line' id='line_1_30' title="bbox 357 1923 3824 2016; baseline 0.001 -21"><span class='ocrx_word' id='word_1_222' title='bbox 357 1953 485 2004; x_wconf 79' lang='grc' dir='ltr'>Ἔτι</span> <span class='ocrx_word' id='word_1_223' title='bbox 516 1953 602 2014; x_wconf 84' lang='grc' dir='ltr'>εις</span> <span class='ocrx_word' id='word_1_224' title='bbox 627 1947 740 2016; x_wconf 66' lang='grc' dir='ltr'>τὴν</span> <span class='ocrx_word' id='word_1_225' title='bbox 763 1947 1082 2015; x_wconf 71' lang='grc' dir='ltr'>συμφορὰν</span> <span class='ocrx_word' id='word_1_226' title='bbox 1103 1943 1214 2012; x_wconf 85' lang='grc' dir='ltr'>τῆς</span> <span class='ocrx_word' id='word_1_227' title='bbox 1238 1947 1468 2008; x_wconf 75' lang='grc' dir='ltr'>πόλεως</span> <span class='ocrx_word' id='word_1_228' title='bbox 1505 1941 1885 2010; x_wconf 76' lang='grc' dir='ltr'>Ἀντιοχείας,</span> <span class='ocrx_word' id='word_1_229' title='bbox 1915 1940 2013 1993; x_wconf 83' lang='grc' dir='ltr'>καί</span> <span class='ocrx_word' id='word_1_230' title='bbox 2052 1939 2139 1992; x_wconf 80' lang='grc' dir='ltr'>ὅτι</span> <span class='ocrx_word' id='word_1_231' title='bbox 2181 1938 2484 2008; x_wconf 71' lang='grc' dir='ltr'>χρήσιμον</span> <span class='ocrx_word' id='word_1_232' title='bbox 2507 1942 2817 2009; x_wconf 78' lang='grc' dir='ltr'>πανταχοῦ</span> <span class='ocrx_word' id='word_1_233' title='bbox 2845 1943 3047 2010; x_wconf 71' lang='grc' dir='ltr'>φόϐος,</span> <span class='ocrx_word' id='word_1_234' title='bbox 3087 1944 3183 1995; x_wconf 82' lang='grc' dir='ltr'>καὶ</span> <span class='ocrx_word' id='word_1_235' title='bbox 3242 1943 3330 1996; x_wconf 86' lang='grc' dir='ltr'>ὅτι</span> <span class='ocrx_word' id='word_1_236' title='bbox 3384 1941 3601 2007; x_wconf 81' lang='grc' dir='ltr'>πένθος</span> <span class='ocrx_word' id='word_1_237' title='bbox 3632 1923 3824 2011; x_wconf 44' lang='grc' dir='ltr'>γέλως</span> 
     </span>
    </p>
   </div>
   <div class='ocr_carea' id='block_1_31' title="bbox 426 2032 3807 2107">
    <p class='ocr_par' dir='ltr' id='par_1_31' title="bbox 426 2032 3807 2107">
     <span class='ocr_line' id='line_1_31' title="bbox 426 2032 3807 2107; baseline -0.001 -14"><span class='ocrx_word' id='word_1_238' title='bbox 426 2060 528 2107; x_wconf 78' lang='grc' dir='ltr'>τος</span> <span class='ocrx_word' id='word_1_239' title='bbox 555 2039 1080 2106; x_wconf 74' lang='grc' dir='ltr'>λυσιτελέστερον,</span> <span class='ocrx_word' id='word_1_240' title='bbox 1149 2037 1247 2091; x_wconf 80' lang='grc' dir='ltr'>καὶ</span> <span class='ocrx_word' id='word_1_241' title='bbox 1285 2039 1370 2101; x_wconf 87' lang='grc' dir='ltr'>είς</span> <span class='ocrx_word' id='word_1_242' title='bbox 1400 2036 1514 2102; x_wconf 81' lang='grc' dir='ltr'>τὴν</span> <span class='ocrx_word' id='word_1_243' title='bbox 1536 2034 1727 2103; x_wconf 73' lang='grc' dir='ltr'>ῥῆσιν</span> <span class='ocrx_word' id='word_1_244' title='bbox 1761 2034 1874 2102; x_wconf 82' lang='grc' dir='ltr'>τὴν</span> <span class='ocrx_word' id='word_1_245' title='bbox 1911 2032 2251 2102; x_wconf 73' lang='grc' dir='ltr'>λέγουσαν·</span> <span class='ocrx_word' id='word_1_246' title='bbox 2297 2034 2588 2099; x_wconf 85' lang='grc' dir='ltr'>Ἑπίγνωθι</span> <span class='ocrx_word' id='word_1_247' title='bbox 2637 2035 2716 2086; x_wconf 82' lang='grc' dir='ltr'>ὅτι</span> <span class='ocrx_word' id='word_1_248' title='bbox 2747 2037 2802 2086; x_wconf 87' lang='grc' dir='ltr'>ἐν</span> <span class='ocrx_word' id='word_1_249' title='bbox 2846 2035 2994 2104; x_wconf 82' lang='grc' dir='ltr'>μέσῳ</span> <span class='ocrx_word' id='word_1_250' title='bbox 3058 2036 3296 2103; x_wconf 79' lang='grc' dir='ltr'>παγίδων</span> <span class='ocrx_word' id='word_1_251' title='bbox 3343 2035 3661 2098; x_wconf 78' lang='grc' dir='ltr'>διαϐαίνεις”</span> <span class='ocrx_word' id='word_1_252' title='bbox 3711 2038 3807 2090; x_wconf 73' lang='grc' dir='ltr'>καὶ</span> 
     </span>
    </p>
   </div>
   <div class='ocr_carea' id='block_1_32' title="bbox 425 2128 1595 2201">
    <p class='ocr_par' dir='ltr' id='par_1_32' title="bbox 425 2128 1595 2201">
     <span class='ocr_line' id='line_1_32' title="bbox 425 2128 1595 2201; baseline -0.006 -14"><span class='ocrx_word' id='word_1_253' title='bbox 425 2135 516 2187; x_wconf 81' lang='grc' dir='ltr'>ὅτι</span> <span class='ocrx_word' id='word_1_254' title='bbox 555 2133 656 2186; x_wconf 86' lang='grc' dir='ltr'>τοῦ</span> <span class='ocrx_word' id='word_1_255' title='bbox 690 2133 969 2201; x_wconf 68' lang='grc' dir='ltr'>φονεύειν</span> <span class='ocrx_word' id='word_1_256' title='bbox 1002 2129 1068 2183; x_wconf 81' lang='grc' dir='ltr'>τὸ</span> <span class='ocrx_word' id='word_1_257' title='bbox 1102 2128 1352 2198; x_wconf 75' lang='grc' dir='ltr'>ὁρκίζειν</span> <span class='ocrx_word' id='word_1_258' title='bbox 1374 2128 1595 2196; x_wconf 71' lang='grc' dir='ltr'>χεῖρον.</span> 
     </span>
    </p>
   </div>
   <div class='ocr_carea' id='block_1_33' title="bbox 1031 2381 1380 2448">
    <p class='ocr_par' dir='ltr' id='par_1_33' title="bbox 1031 2381 1380 2448">
     <span class='ocr_line' id='line_1_33' title="bbox 1031 2381 1380 2448; baseline 0.003 -13"><span class='ocrx_word' id='word_1_259' title='bbox 1031 2381 1264 2448; x_wconf 74' lang='grc' dir='ltr'>Ὀλιιλία</span> <span class='ocrx_word' id='word_1_260' title='bbox 1297 2389 1380 2436; x_wconf 83' lang='grc' dir='ltr'>ιε’.</span> 
     </span>
    </p>
   </div>
   <div class='ocr_carea' id='block_1_34' title="bbox 424 2464 2028 2541">
    <p class='ocr_par' dir='ltr' id='par_1_34' title="bbox 424 2464 2028 2541">
     <span class='ocr_line' id='line_1_34' title="bbox 424 2464 2028 2541; baseline -0.007 -16"><span class='ocrx_word' id='word_1_261' title='bbox 424 2477 494 2525; x_wconf 80' lang='grc' dir='ltr'>α’.</span> <span class='ocrx_word' id='word_1_262' title='bbox 508 2471 656 2523; x_wconf 86' lang='grc' dir='ltr'>Ἔδει</span> <span class='ocrx_word' id='word_1_263' title='bbox 685 2473 778 2524; x_wconf 68' lang='grc' dir='ltr'>καὶ</span> <span class='ocrx_word' id='word_1_264' title='bbox 794 2472 1030 2541; x_wconf 85' lang='grc' dir='ltr'>τήμερον</span> <span class='ocrx_word' id='word_1_265' title='bbox 1044 2468 1231 2538; x_wconf 76' lang='grc' dir='ltr'>καὶτῷ</span> <span class='ocrx_word' id='word_1_266' title='bbox 1250 2467 1500 2539; x_wconf 87' lang='grc' dir='ltr'>προτέρῳ</span> <span class='ocrx_word' id='word_1_267' title='bbox 1513 2465 1766 2535; x_wconf 85' lang='grc' dir='ltr'>σαϐϐάτῳ</span> <span class='ocrx_word' id='word_1_268' title='bbox 1787 2466 1877 2516; x_wconf 88' lang='grc' dir='ltr'>τὸν</span> <span class='ocrx_word' id='word_1_269' title='bbox 1901 2464 2028 2534; x_wconf 85' lang='grc' dir='ltr'>περὶ</span> 
     </span>
    </p>
   </div>
   <div class='ocr_carea' id='block_1_35' title="bbox 350 2547 2029 2628">
    <p class='ocr_par' dir='ltr' id='par_1_35' title="bbox 350 2547 2029 2628">
     <span class='ocr_line' id='line_1_35' title="bbox 350 2547 2029 2628; baseline -0.004 -18"><span class='ocrx_word' id='word_1_270' title='bbox 350 2561 604 2626; x_wconf 77' lang='grc' dir='ltr'>νηστείας</span> <span class='ocrx_word' id='word_1_271' title='bbox 631 2559 848 2628; x_wconf 86' lang='grc' dir='ltr'>κινῆσαι</span> <span class='ocrx_word' id='word_1_272' title='bbox 873 2558 1047 2626; x_wconf 88' lang='grc' dir='ltr'>λόγον,</span> <span class='ocrx_word' id='word_1_273' title='bbox 1071 2556 1165 2608; x_wconf 79' lang='grc' dir='ltr'>καὶ</span> <span class='ocrx_word' id='word_1_274' title='bbox 1191 2555 1376 2626; x_wconf 75' lang='grc' dir='ltr'>μηδεὶς</span> <span class='ocrx_word' id='word_1_275' title='bbox 1397 2555 1621 2624; x_wconf 78' lang='grc' dir='ltr'>ἄκαιρον</span> <span class='ocrx_word' id='word_1_276' title='bbox 1652 2547 1789 2606; x_wconf 80' lang='grc' dir='ltr'>εἶναι</span> <span class='ocrx_word' id='word_1_277' title='bbox 1816 2551 2029 2622; x_wconf 78' lang='grc' dir='ltr'>νομιζέ-</span> 
     </span>
    </p>
   </div>
   <div class='ocr_carea' id='block_1_36' title="bbox 345 2640 2028 2716">
    <p class='ocr_par' dir='ltr' id='par_1_36' title="bbox 345 2640 2028 2716">
     <span class='ocr_line' id='line_1_36' title="bbox 345 2640 2028 2716; baseline -0.005 -17"><span class='ocrx_word' id='word_1_278' title='bbox 345 2654 422 2693; x_wconf 82' lang='grc' dir='ltr'>τω</span> <span class='ocrx_word' id='word_1_279' title='bbox 448 2645 509 2699; x_wconf 85' lang='grc' dir='ltr'>τὸ</span> <span class='ocrx_word' id='word_1_280' title='bbox 522 2646 732 2716; x_wconf 83' lang='grc' dir='ltr'>λεχθέν.</span> <span class='ocrx_word' id='word_1_281' title='bbox 753 2647 838 2698; x_wconf 87' lang='grc' dir='ltr'>Ἐν</span> <span class='ocrx_word' id='word_1_282' title='bbox 860 2645 957 2714; x_wconf 86' lang='grc' dir='ltr'>μέν</span> <span class='ocrx_word' id='word_1_283' title='bbox 976 2645 1085 2714; x_wconf 79' lang='grc' dir='ltr'>γάρ</span> <span class='ocrx_word' id='word_1_284' title='bbox 1100 2648 1218 2707; x_wconf 85' lang='grc' dir='ltr'>ταῖς</span> <span class='ocrx_word' id='word_1_285' title='bbox 1240 2644 1470 2714; x_wconf 82' lang='grc' dir='ltr'>ἡμέραις</span> <span class='ocrx_word' id='word_1_286' title='bbox 1486 2642 1586 2710; x_wconf 88' lang='grc' dir='ltr'>τῆς</span> <span class='ocrx_word' id='word_1_287' title='bbox 1605 2640 1857 2710; x_wconf 85' lang='grc' dir='ltr'>νηστείας</span> <span class='ocrx_word' id='word_1_288' title='bbox 1877 2641 2028 2691; x_wconf 76' lang='grc' dir='ltr'>οὐδὲν</span> 
     </span>
    </p>
   </div>
   <div class='ocr_carea' id='block_1_37' title="bbox 347 2727 2026 2805">
    <p class='ocr_par' dir='ltr' id='par_1_37' title="bbox 347 2727 2026 2805">
     <span class='ocr_line' id='line_1_37' title="bbox 347 2727 2026 2805; baseline -0.003 -22"><span class='ocrx_word' id='word_1_289' title='bbox 347 2732 425 2785; x_wconf 83' lang='grc' dir='ltr'>δεῖ</span> <span class='ocrx_word' id='word_1_290' title='bbox 477 2735 784 2805; x_wconf 81' lang='grc' dir='ltr'>συμϐουλῆς</span> <span class='ocrx_word' id='word_1_291' title='bbox 827 2734 920 2784; x_wconf 78' lang='grc' dir='ltr'>καὶ</span> <span class='ocrx_word' id='word_1_292' title='bbox 953 2732 1326 2803; x_wconf 83' lang='grc' dir='ltr'>παραινέσεως</span> <span class='ocrx_word' id='word_1_293' title='bbox 1362 2732 1442 2791; x_wconf 83' lang='grc' dir='ltr'>εἰς</span> <span class='ocrx_word' id='word_1_294' title='bbox 1488 2729 1673 2792; x_wconf 88' lang='grc' dir='ltr'>τοῦτο,</span> <span class='ocrx_word' id='word_1_295' title='bbox 1722 2728 1891 2797; x_wconf 77' lang='grc' dir='ltr'>αὐτῆς</span> <span class='ocrx_word' id='word_1_296' title='bbox 1920 2727 2026 2779; x_wconf 87' lang='grc' dir='ltr'>τῶν</span> 
     </span>
    </p>
   </div>
   <div class='ocr_carea' id='block_1_38' title="bbox 351 2817 2027 2894">
    <p class='ocr_par' dir='ltr' id='par_1_38' title="bbox 351 2817 2027 2894">
     <span class='ocr_line' id='line_1_38' title="bbox 351 2817 2027 2894; baseline -0.004 -20"><span class='ocrx_word' id='word_1_297' title='bbox 351 2823 574 2894; x_wconf 73' lang='grc' dir='ltr'>ἡμερῶν</span> <span class='ocrx_word' id='word_1_298' title='bbox 605 2823 702 2892; x_wconf 84' lang='grc' dir='ltr'>τῆς</span> <span class='ocrx_word' id='word_1_299' title='bbox 733 2821 1033 2892; x_wconf 88' lang='grc' dir='ltr'>παρουσίας</span> <span class='ocrx_word' id='word_1_300' title='bbox 1064 2821 1156 2874; x_wconf 74' lang='grc' dir='ltr'>καὶ</span> <span class='ocrx_word' id='word_1_301' title='bbox 1183 2824 1308 2882; x_wconf 71' lang='grc' dir='ltr'>τοὺς</span> <span class='ocrx_word' id='word_1_302' title='bbox 1337 2818 1538 2888; x_wconf 84' lang='grc' dir='ltr'>σφόδρα</span> <span class='ocrx_word' id='word_1_303' title='bbox 1563 2817 2027 2879; x_wconf 87' lang='grc' dir='ltr'>ἀναπεπτωκότας</span> 
     </span>
    </p>
   </div>
   <div class='ocr_carea' id='block_1_39' title="bbox 347 2903 2026 2982">
    <p class='ocr_par' dir='ltr' id='par_1_39' title="bbox 347 2903 2026 2982">
     <span class='ocr_line' id='line_1_39' title="bbox 347 2903 2026 2982; baseline -0.004 -21"><span class='ocrx_word' id='word_1_304' title='bbox 347 2909 719 2982; x_wconf 86' lang='grc' dir='ltr'>διεγειρούσης</span> <span class='ocrx_word' id='word_1_305' title='bbox 747 2909 881 2979; x_wconf 88' lang='grc' dir='ltr'>πρὸς</span> <span class='ocrx_word' id='word_1_306' title='bbox 913 2909 1002 2960; x_wconf 89' lang='grc' dir='ltr'>τὸν</span> <span class='ocrx_word' id='word_1_307' title='bbox 1038 2909 1136 2978; x_wconf 86' lang='grc' dir='ltr'>τῆς</span> <span class='ocrx_word' id='word_1_308' title='bbox 1168 2907 1417 2978; x_wconf 83' lang='grc' dir='ltr'>νηστείας</span> <span class='ocrx_word' id='word_1_309' title='bbox 1457 2905 1663 2973; x_wconf 89' lang='grc' dir='ltr'>ἀγῶνα.</span> <span class='ocrx_word' id='word_1_310' title='bbox 1713 2905 1931 2974; x_wconf 80' lang='grc' dir='ltr'>Ἐπειδὴ</span> <span class='ocrx_word' id='word_1_311' title='bbox 1970 2903 2026 2955; x_wconf 82' lang='grc' dir='ltr'>δὲ</span> 
     </span>
    </p>
   </div>
   <div class='ocr_carea' id='block_1_40' title="bbox 350 2992 2025 3066">
    <p class='ocr_par' dir='ltr' id='par_1_40' title="bbox 350 2992 2025 3066">
     <span class='ocr_line' id='line_1_40' title="bbox 350 2992 2025 3066; baseline -0.004 -15"><span class='ocrx_word' id='word_1_312' title='bbox 350 2999 535 3051; x_wconf 66' lang='grc' dir='ltr'>πολλοὶ</span> <span class='ocrx_word' id='word_1_313' title='bbox 571 2999 678 3051; x_wconf 85' lang='grc' dir='ltr'>τῶν</span> <span class='ocrx_word' id='word_1_314' title='bbox 713 2996 1012 3066; x_wconf 86' lang='grc' dir='ltr'>ἀνθρώπων</span> <span class='ocrx_word' id='word_1_315' title='bbox 1061 2995 1282 3047; x_wconf 83' lang='grc' dir='ltr'>εἰσιέναι</span> <span class='ocrx_word' id='word_1_316' title='bbox 1310 3011 1367 3045; x_wconf 91' lang='grc' dir='ltr'>τε</span> <span class='ocrx_word' id='word_1_317' title='bbox 1399 2996 1478 3055; x_wconf 88' lang='grc' dir='ltr'>είς</span> <span class='ocrx_word' id='word_1_318' title='bbox 1522 2993 1775 3063; x_wconf 86' lang='grc' dir='ltr'>νηστείαν</span> <span class='ocrx_word' id='word_1_319' title='bbox 1809 2992 2025 3062; x_wconf 85' lang='grc' dir='ltr'>μέλλον-</span> 
     </span>
    </p>
   </div>
   <div class='ocr_carea' id='block_1_41' title="bbox 348 3080 2025 3155">
    <p class='ocr_par' dir='ltr' id='par_1_41' title="bbox 348 3080 2025 3155">
     <span class='ocr_line' id='line_1_41' title="bbox 348 3080 2025 3155; baseline -0.005 -15"><span class='ocrx_word' id='word_1_320' title='bbox 348 3106 461 3150; x_wconf 86' lang='grc' dir='ltr'>τες,</span> <span class='ocrx_word' id='word_1_321' title='bbox 503 3087 754 3155; x_wconf 87' lang='grc' dir='ltr'>καθάπερ</span> <span class='ocrx_word' id='word_1_322' title='bbox 794 3084 1078 3154; x_wconf 84' lang='grc' dir='ltr'>πολιορκίᾳ</span> <span class='ocrx_word' id='word_1_323' title='bbox 1116 3084 1223 3134; x_wconf 69' lang='grc' dir='ltr'>τινὶ</span> <span class='ocrx_word' id='word_1_324' title='bbox 1260 3082 1446 3151; x_wconf 80' lang='grc' dir='ltr'>μακρᾷ</span> <span class='ocrx_word' id='word_1_325' title='bbox 1476 3081 1862 3152; x_wconf 87' lang='grc' dir='ltr'>παραδίδοσθαι</span> <span class='ocrx_word' id='word_1_326' title='bbox 1899 3080 2025 3151; x_wconf 89' lang='grc' dir='ltr'>μελ-</span> 
     </span>
    </p>
   </div>
   <div class='ocr_carea' id='block_1_42' title="bbox 348 3168 2024 3243">
    <p class='ocr_par' dir='ltr' id='par_1_42' title="bbox 348 3168 2024 3243">
     <span class='ocr_line' id='line_1_42' title="bbox 348 3168 2024 3243; baseline -0.004 -16"><span class='ocrx_word' id='word_1_327' title='bbox 348 3176 545 3242; x_wconf 82' lang='grc' dir='ltr'>λούσης</span> <span class='ocrx_word' id='word_1_328' title='bbox 570 3174 668 3243; x_wconf 85' lang='grc' dir='ltr'>τῆς</span> <span class='ocrx_word' id='word_1_329' title='bbox 705 3173 959 3243; x_wconf 84' lang='grc' dir='ltr'>γαστρὸς,</span> <span class='ocrx_word' id='word_1_330' title='bbox 992 3170 1295 3241; x_wconf 79' lang='grc' dir='ltr'>ἀδηφαγίαν</span> <span class='ocrx_word' id='word_1_331' title='bbox 1330 3169 1422 3222; x_wconf 69' lang='grc' dir='ltr'>καὶ</span> <span class='ocrx_word' id='word_1_332' title='bbox 1451 3169 1620 3239; x_wconf 84' lang='grc' dir='ltr'>μέθην</span> <span class='ocrx_word' id='word_1_333' title='bbox 1661 3168 2024 3239; x_wconf 88' lang='grc' dir='ltr'>προλαϐόντες</span> 
     </span>
    </p>
   </div>
   <div class='ocr_carea' id='block_1_43' title="bbox 348 3257 2022 3330">
    <p class='ocr_par' dir='ltr' id='par_1_43' title="bbox 348 3257 2022 3330">
     <span class='ocr_line' id='line_1_43' title="bbox 348 3257 2022 3330; baseline -0.004 -14"><span class='ocrx_word' id='word_1_334' title='bbox 348 3265 716 3325; x_wconf 89' lang='grc' dir='ltr'>ἀποτίθενται,</span> <span class='ocrx_word' id='word_1_335' title='bbox 751 3261 982 3326; x_wconf 74' lang='grc' dir='ltr'>ἐξιόντες</span> <span class='ocrx_word' id='word_1_336' title='bbox 1014 3277 1074 3312; x_wconf 87' lang='grc' dir='ltr'>τε</span> <span class='ocrx_word' id='word_1_337' title='bbox 1107 3259 1287 3322; x_wconf 83' lang='grc' dir='ltr'>πάλιν,</span> <span class='ocrx_word' id='word_1_338' title='bbox 1318 3257 1504 3330; x_wconf 82' lang='grc' dir='ltr'>ὥσπερ</span> <span class='ocrx_word' id='word_1_339' title='bbox 1533 3257 1597 3310; x_wconf 75' lang='grc' dir='ltr'>ἐκ</span> <span class='ocrx_word' id='word_1_340' title='bbox 1639 3275 1782 3320; x_wconf 86' lang='grc' dir='ltr'>τινος</span> <span class='ocrx_word' id='word_1_341' title='bbox 1812 3257 2022 3328; x_wconf 90' lang='grc' dir='ltr'>μακροῦ</span> 
     </span>
    </p>
   </div>
   <div class='ocr_carea' id='block_1_44' title="bbox 347 3343 2024 3420">
    <p class='ocr_par' dir='ltr' id='par_1_44' title="bbox 347 3343 2024 3420">
     <span class='ocr_line' id='line_1_44' title="bbox 347 3343 2024 3420; baseline -0.004 -17"><span class='ocrx_word' id='word_1_342' title='bbox 347 3350 505 3420; x_wconf 80' lang='grc' dir='ltr'>λιμοῦ</span> <span class='ocrx_word' id='word_1_343' title='bbox 555 3350 647 3402; x_wconf 78' lang='grc' dir='ltr'>καὶ</span> <span class='ocrx_word' id='word_1_344' title='bbox 686 3347 921 3418; x_wconf 89' lang='grc' dir='ltr'>χαλεποῦ</span> <span class='ocrx_word' id='word_1_345' title='bbox 969 3345 1341 3416; x_wconf 85' lang='grc' dir='ltr'>δεσμωτηρίου</span> <span class='ocrx_word' id='word_1_346' title='bbox 1380 3343 1480 3413; x_wconf 82' lang='grc' dir='ltr'>τῆς</span> <span class='ocrx_word' id='word_1_347' title='bbox 1509 3345 1756 3414; x_wconf 84' lang='grc' dir='ltr'>νηστείας</span> <span class='ocrx_word' id='word_1_348' title='bbox 1782 3344 2024 3397; x_wconf 87' lang='grc' dir='ltr'>ἀπαλλα-</span> 
     </span>
    </p>
   </div>
   <div class='ocr_carea' id='block_1_45' title="bbox 347 3431 2025 3507">
    <p class='ocr_par' dir='ltr' id='par_1_45' title="bbox 347 3431 2025 3507">
     <span class='ocr_line' id='line_1_45' title="bbox 347 3431 2025 3507; baseline -0.004 -16"><span class='ocrx_word' id='word_1_349' title='bbox 347 3440 558 3507; x_wconf 85' lang='grc' dir='ltr'>γέντες,</span> <span class='ocrx_word' id='word_1_350' title='bbox 608 3436 748 3507; x_wconf 88' lang='grc' dir='ltr'>μετά</span> <span class='ocrx_word' id='word_1_351' title='bbox 788 3435 984 3503; x_wconf 83' lang='grc' dir='ltr'>πολλῆς</span> <span class='ocrx_word' id='word_1_352' title='bbox 1011 3433 1109 3502; x_wconf 83' lang='grc' dir='ltr'>τῆς</span> <span class='ocrx_word' id='word_1_353' title='bbox 1149 3431 1538 3502; x_wconf 79' lang='grc' dir='ltr'>ἀπειροκαλίας</span> <span class='ocrx_word' id='word_1_354' title='bbox 1570 3433 1661 3484; x_wconf 85' lang='grc' dir='ltr'>ἐπὶ</span> <span class='ocrx_word' id='word_1_355' title='bbox 1693 3433 1790 3494; x_wconf 79' lang='grc' dir='ltr'>τὰς</span> <span class='ocrx_word' id='word_1_356' title='bbox 1821 3433 2025 3503; x_wconf 87' lang='grc' dir='ltr'>τραπέ-</span> 
     </span>
    </p>
   </div>
   <div class='ocr_carea' id='block_1_46' title="bbox 349 3519 2023 3598">
    <p class='ocr_par' dir='ltr' id='par_1_46' title="bbox 349 3519 2023 3598">
     <span class='ocr_line' id='line_1_46' title="bbox 349 3519 2023 3598; baseline -0.004 -19"><span class='ocrx_word' id='word_1_357' title='bbox 349 3527 445 3590; x_wconf 79' lang='grc' dir='ltr'>ζας</span> <span class='ocrx_word' id='word_1_358' title='bbox 467 3527 740 3596; x_wconf 86' lang='grc' dir='ltr'>τρέχουσι,</span> <span class='ocrx_word' id='word_1_359' title='bbox 757 3523 1007 3592; x_wconf 89' lang='grc' dir='ltr'>καθάπερ</span> <span class='ocrx_word' id='word_1_360' title='bbox 1031 3519 1418 3584; x_wconf 74' lang='grc' dir='ltr'>σπουδάζοντες</span> <span class='ocrx_word' id='word_1_361' title='bbox 1434 3522 1532 3590; x_wconf 72' lang='grc' dir='ltr'>τὴν</span> <span class='ocrx_word' id='word_1_362' title='bbox 1561 3521 1624 3572; x_wconf 88' lang='grc' dir='ltr'>ἐκ</span> <span class='ocrx_word' id='word_1_363' title='bbox 1649 3520 1744 3589; x_wconf 86' lang='grc' dir='ltr'>τῆς</span> <span class='ocrx_word' id='word_1_364' title='bbox 1773 3519 2023 3598; x_wconf 87' lang='grc' dir='ltr'>νηστείας</span> 
     </span>
    </p>
   </div>
   <div class='ocr_carea' id='block_1_47' title="bbox 349 3609 2024 3683">
    <p class='ocr_par' dir='ltr' id='par_1_47' title="bbox 349 3609 2024 3683">
     <span class='ocr_line' id='line_1_47' title="bbox 349 3609 2024 3683; baseline -0.003 -17"><span class='ocrx_word' id='word_1_365' title='bbox 349 3615 645 3683; x_wconf 72' lang='grc' dir='ltr'>γενομένην</span> <span class='ocrx_word' id='word_1_366' title='bbox 678 3612 860 3673; x_wconf 79' lang='grc' dir='ltr'>αὐτοῖς</span> <span class='ocrx_word' id='word_1_367' title='bbox 896 3610 1162 3678; x_wconf 82' lang='grc' dir='ltr'>ὠφέλειαν</span> <span class='ocrx_word' id='word_1_368' title='bbox 1208 3611 1274 3678; x_wconf 84' lang='grc' dir='ltr'>τῇ</span> <span class='ocrx_word' id='word_1_369' title='bbox 1323 3609 1421 3677; x_wconf 87' lang='grc' dir='ltr'>τῆς</span> <span class='ocrx_word' id='word_1_370' title='bbox 1451 3609 1759 3676; x_wconf 70' lang='grc' dir='ltr'>ἀδηφαγίας</span> <span class='ocrx_word' id='word_1_371' title='bbox 1789 3609 2024 3681; x_wconf 76' lang='grc' dir='ltr'>ἀμετρίᾳ</span> 
     </span>
    </p>
   </div>
   <div class='ocr_carea' id='block_1_48' title="bbox 349 3692 2022 3766">
    <p class='ocr_par' dir='ltr' id='par_1_48' title="bbox 349 3692 2022 3766">
     <span class='ocr_line' id='line_1_48' title="bbox 349 3692 2022 3766; baseline -0.001 -13"><span class='ocrx_word' id='word_1_372' title='bbox 349 3700 647 3755; x_wconf 87' lang='grc' dir='ltr'>καταλῦσαι</span> <span class='ocrx_word' id='word_1_373' title='bbox 687 3698 871 3760; x_wconf 87' lang='grc' dir='ltr'>πάλιν,</span> <span class='ocrx_word' id='word_1_374' title='bbox 907 3699 1201 3763; x_wconf 83' lang='grc' dir='ltr'>ἀναγκαῖον</span> <span class='ocrx_word' id='word_1_375' title='bbox 1235 3692 1303 3766; x_wconf 78' lang='grc' dir='ltr'>ἦν</span> <span class='ocrx_word' id='word_1_376' title='bbox 1357 3697 1449 3749; x_wconf 84' lang='grc' dir='ltr'>καὶ</span> <span class='ocrx_word' id='word_1_377' title='bbox 1486 3697 1605 3748; x_wconf 86' lang='grc' dir='ltr'>τότε</span> <span class='ocrx_word' id='word_1_378' title='bbox 1645 3698 1739 3748; x_wconf 72' lang='grc' dir='ltr'>καὶ</span> <span class='ocrx_word' id='word_1_379' title='bbox 1771 3697 1864 3749; x_wconf 86' lang='grc' dir='ltr'>νῦν</span> <span class='ocrx_word' id='word_1_380' title='bbox 1898 3699 2022 3762; x_wconf 81' lang='grc' dir='ltr'>τοὺς</span> 
     </span>
    </p>
   </div>
   <div class='ocr_carea' id='block_1_49' title="bbox 352 3784 1307 3857">
    <p class='ocr_par' dir='ltr' id='par_1_49' title="bbox 352 3784 1307 3857">
     <span class='ocr_line' id='line_1_49' title="bbox 352 3784 1307 3857; baseline -0.003 -17"><span class='ocrx_word' id='word_1_381' title='bbox 352 3789 478 3857; x_wconf 86' lang='grc' dir='ltr'>περί</span> <span class='ocrx_word' id='word_1_382' title='bbox 503 3786 824 3856; x_wconf 74' lang='grc' dir='ltr'>ἐγκρατείας</span> <span class='ocrx_word' id='word_1_383' title='bbox 850 3785 1066 3854; x_wconf 83' lang='grc' dir='ltr'>κινῆσαι</span> <span class='ocrx_word' id='word_1_384' title='bbox 1095 3784 1307 3851; x_wconf 79' lang='grc' dir='ltr'>λόγους.</span> 
     </span>
    </p>
   </div>
   <div class='ocr_carea' id='block_1_50' title="bbox 432 3870 2022 3942">
    <p class='ocr_par' dir='ltr' id='par_1_50' title="bbox 432 3870 2022 3942">
     <span class='ocr_line' id='line_1_50' title="bbox 432 3870 2022 3942; baseline 0.001 -16"><span class='ocrx_word' id='word_1_385' title='bbox 432 3874 568 3926; x_wconf 88' lang='grc' dir='ltr'>Ἀλλ’</span> <span class='ocrx_word' id='word_1_386' title='bbox 622 3874 770 3942; x_wconf 81' lang='grc' dir='ltr'>ὅμως</span> <span class='ocrx_word' id='word_1_387' title='bbox 800 3871 920 3923; x_wconf 73' lang='grc' dir='ltr'>οὔτε</span> <span class='ocrx_word' id='word_1_388' title='bbox 952 3870 1141 3942; x_wconf 87' lang='grc' dir='ltr'>πρώην</span> <span class='ocrx_word' id='word_1_389' title='bbox 1188 3871 1489 3941; x_wconf 84' lang='grc' dir='ltr'>εἰρήκαμέν</span> <span class='ocrx_word' id='word_1_390' title='bbox 1530 3889 1581 3922; x_wconf 91' lang='grc' dir='ltr'>τι</span> <span class='ocrx_word' id='word_1_391' title='bbox 1613 3873 1872 3936; x_wconf 90' lang='grc' dir='ltr'>τοιοῦτον,</span> <span class='ocrx_word' id='word_1_392' title='bbox 1900 3875 2022 3928; x_wconf 79' lang='grc' dir='ltr'>οὔτε</span> 
     </span>
    </p>
   </div>
   <div class='ocr_carea' id='block_1_51' title="bbox 347 3959 2021 4037">
    <p class='ocr_par' dir='ltr' id='par_1_51' title="bbox 347 3959 2021 4037">
     <span class='ocr_line' id='line_1_51' title="bbox 347 3959 2021 4037; baseline 0.003 -27"><span class='ocrx_word' id='word_1_393' title='bbox 347 3961 442 4013; x_wconf 75' lang='grc' dir='ltr'>νῦν</span> <span class='ocrx_word' id='word_1_394' title='bbox 472 3961 702 4032; x_wconf 82' lang='grc' dir='ltr'>ἐροῦμεν</span> <span class='ocrx_word' id='word_1_395' title='bbox 727 3976 739 3988; x_wconf 91' lang='grc'><strong>·</strong></span> <span class='ocrx_word' id='word_1_396' title='bbox 800 3961 829 4011; x_wconf 93' lang='lat'>6</span> <span class='ocrx_word' id='word_1_397' title='bbox 878 3960 984 4028; x_wconf 75' lang='grc' dir='ltr'>γὰρ</span> <span class='ocrx_word' id='word_1_398' title='bbox 1016 3959 1116 4037; x_wconf 85' lang='grc' dir='ltr'>τῆς</span> <span class='ocrx_word' id='word_1_399' title='bbox 1145 3959 1497 4028; x_wconf 74' lang='grc' dir='ltr'>ἐπικειμένης</span> <span class='ocrx_word' id='word_1_400' title='bbox 1538 3963 1825 4031; x_wconf 81' lang='grc' dir='ltr'>συμφορᾶς</span> <span class='ocrx_word' id='word_1_401' title='bbox 1859 3963 2021 4031; x_wconf 88' lang='grc' dir='ltr'>φόϐος</span> 
     </span>
    </p>
   </div>
   <div class='ocr_carea' id='block_1_52' title="bbox 347 4047 2022 4119">
    <p class='ocr_par' dir='ltr' id='par_1_52' title="bbox 347 4047 2022 4119">
     <span class='ocr_line' id='line_1_52' title="bbox 347 4047 2022 4119; baseline 0.003 -19"><span class='ocrx_word' id='word_1_402' title='bbox 347 4049 468 4102; x_wconf 73' lang='grc' dir='ltr'>ἀντὶ</span> <span class='ocrx_word' id='word_1_403' title='bbox 496 4049 675 4117; x_wconf 83' lang='grc' dir='ltr'>πάσης</span> <span class='ocrx_word' id='word_1_404' title='bbox 699 4047 1076 4117; x_wconf 84' lang='grc' dir='ltr'>παραινέσεως</span> <span class='ocrx_word' id='word_1_405' title='bbox 1104 4048 1196 4099; x_wconf 73' lang='grc' dir='ltr'>καὶ</span> <span class='ocrx_word' id='word_1_406' title='bbox 1221 4047 1531 4116; x_wconf 85' lang='grc' dir='ltr'>συμϐουλῆς</span> <span class='ocrx_word' id='word_1_407' title='bbox 1554 4049 1715 4119; x_wconf 85' lang='grc' dir='ltr'>ἀρκεῖ</span> <span class='ocrx_word' id='word_1_408' title='bbox 1735 4051 1832 4113; x_wconf 82' lang='grc' dir='ltr'>τὰς</span> <span class='ocrx_word' id='word_1_409' title='bbox 1852 4053 2022 4106; x_wconf 84' lang='grc' dir='ltr'>ἁπάν-</span> 
     </span>
    </p>
   </div>
   <div class='ocr_carea' id='block_1_53' title="bbox 346 4134 2022 4206">
    <p class='ocr_par' dir='ltr' id='par_1_53' title="bbox 346 4134 2022 4206">
     <span class='ocr_line' id='line_1_53' title="bbox 346 4134 2022 4206; baseline 0.001 -14"><span class='ocrx_word' id='word_1_410' title='bbox 346 4155 453 4192; x_wconf 72' lang='grc' dir='ltr'>των</span> <span class='ocrx_word' id='word_1_411' title='bbox 483 4134 812 4206; x_wconf 81' lang='grc' dir='ltr'>σωφρονίσαι</span> <span class='ocrx_word' id='word_1_412' title='bbox 837 4134 1033 4204; x_wconf 75' lang='grc' dir='ltr'>ψυχάς.</span> <span class='ocrx_word' id='word_1_413' title='bbox 1063 4135 1157 4197; x_wconf 87' lang='grc' dir='ltr'>Τίς</span> <span class='ocrx_word' id='word_1_414' title='bbox 1178 4134 1288 4205; x_wconf 79' lang='grc' dir='ltr'>γὰρ</span> <span class='ocrx_word' id='word_1_415' title='bbox 1310 4134 1481 4198; x_wconf 87' lang='grc' dir='ltr'>οῦτως</span> <span class='ocrx_word' id='word_1_416' title='bbox 1509 4137 1688 4200; x_wconf 85' lang='grc' dir='ltr'>ἄθλιος</span> <span class='ocrx_word' id='word_1_417' title='bbox 1713 4141 1806 4191; x_wconf 80' lang='grc' dir='ltr'>καὶ</span> <span class='ocrx_word' id='word_1_418' title='bbox 1835 4141 2022 4195; x_wconf 85' lang='grc' dir='ltr'>ταλαί-</span> 
     </span>
    </p>
   </div>
   <div class='ocr_carea' id='block_1_54' title="bbox 348 4222 2022 4294">
    <p class='ocr_par' dir='ltr' id='par_1_54' title="bbox 348 4222 2022 4294">
     <span class='ocr_line' id='line_1_54' title="bbox 348 4222 2022 4294; baseline 0.006 -21"><span class='ocrx_word' id='word_1_419' title='bbox 348 4242 547 4294; x_wconf 83' lang='grc' dir='ltr'>πωρος,</span> <span class='ocrx_word' id='word_1_420' title='bbox 579 4225 654 4287; x_wconf 86' lang='grc' dir='ltr'>ὼς</span> <span class='ocrx_word' id='word_1_421' title='bbox 683 4226 739 4276; x_wconf 84' lang='grc' dir='ltr'>ἐν</span> <span class='ocrx_word' id='word_1_422' title='bbox 764 4223 1002 4292; x_wconf 82' lang='grc' dir='ltr'>τοσούτῳ</span> <span class='ocrx_word' id='word_1_423' title='bbox 1031 4222 1261 4292; x_wconf 87' lang='grc' dir='ltr'>χειμῶνι</span> <span class='ocrx_word' id='word_1_424' title='bbox 1287 4222 1538 4292; x_wconf 89' lang='grc' dir='ltr'>μεθύειν;</span> <span class='ocrx_word' id='word_1_425' title='bbox 1562 4225 1646 4287; x_wconf 89' lang='grc' dir='ltr'>τίς</span> <span class='ocrx_word' id='word_1_426' title='bbox 1673 4225 1844 4290; x_wconf 72' lang='grc' dir='ltr'>οὕτως</span> <span class='ocrx_word' id='word_1_427' title='bbox 1872 4229 2022 4282; x_wconf 87' lang='grc' dir='ltr'>ἀναί-</span> 
     </span>
    </p>
   </div>
   <div class='ocr_carea' id='block_1_55' title="bbox 347 4310 2020 4384">
    <p class='ocr_par' dir='ltr' id='par_1_55' title="bbox 347 4310 2020 4384">
     <span class='ocr_line' id='line_1_55' title="bbox 347 4310 2020 4384; baseline 0.002 -19"><span class='ocrx_word' id='word_1_428' title='bbox 347 4311 561 4383; x_wconf 68' lang='grc' dir='ltr'>σθητος,</span> <span class='ocrx_word' id='word_1_429' title='bbox 590 4313 666 4375; x_wconf 85' lang='grc' dir='ltr'>ὡς</span> <span class='ocrx_word' id='word_1_430' title='bbox 691 4313 788 4382; x_wconf 89' lang='grc' dir='ltr'>τῆς</span> <span class='ocrx_word' id='word_1_431' title='bbox 824 4311 1028 4373; x_wconf 85' lang='grc' dir='ltr'>πόλεως</span> <span class='ocrx_word' id='word_1_432' title='bbox 1060 4310 1202 4364; x_wconf 77' lang='grc' dir='ltr'>οὕτω</span> <span class='ocrx_word' id='word_1_433' title='bbox 1225 4310 1610 4382; x_wconf 88' lang='grc' dir='ltr'>σαλευομένης,</span> <span class='ocrx_word' id='word_1_434' title='bbox 1642 4315 1736 4366; x_wconf 79' lang='grc' dir='ltr'>καὶ</span> <span class='ocrx_word' id='word_1_435' title='bbox 1759 4318 2020 4384; x_wconf 85' lang='grc' dir='ltr'>ναυαγίας</span> 
     </span>
    </p>
   </div>
   <div class='ocr_carea' id='block_1_56' title="bbox 345 4400 2022 4473">
    <p class='ocr_par' dir='ltr' id='par_1_56' title="bbox 345 4400 2022 4473">
     <span class='ocr_line' id='line_1_56' title="bbox 345 4400 2022 4473; baseline 0.003 -20"><span class='ocrx_word' id='word_1_436' title='bbox 345 4401 600 4470; x_wconf 72' lang='grc' dir='ltr'>τοιαύτης</span> <span class='ocrx_word' id='word_1_437' title='bbox 620 4400 1039 4470; x_wconf 83' lang='grc' dir='ltr'>ἀπειλουμένης,</span> <span class='ocrx_word' id='word_1_438' title='bbox 1071 4401 1145 4470; x_wconf 81' lang='grc' dir='ltr'>μὴ</span> <span class='ocrx_word' id='word_1_439' title='bbox 1171 4401 1361 4470; x_wconf 79' lang='grc' dir='ltr'>νήφειν</span> <span class='ocrx_word' id='word_1_440' title='bbox 1387 4401 1481 4453; x_wconf 78' lang='grc' dir='ltr'>καὶ</span> <span class='ocrx_word' id='word_1_441' title='bbox 1513 4403 1892 4473; x_wconf 88' lang='grc' dir='ltr'>ἐγρηγορέναι,</span> <span class='ocrx_word' id='word_1_442' title='bbox 1927 4406 2022 4458; x_wconf 78' lang='grc' dir='ltr'>καὶ</span> 
     </span>
    </p>
   </div>
   <div class='ocr_carea' id='block_1_57' title="bbox 346 4487 2021 4562">
    <p class='ocr_par' dir='ltr' id='par_1_57' title="bbox 346 4487 2021 4562">
     <span class='ocr_line' id='line_1_57' title="bbox 346 4487 2021 4562; baseline 0.002 -20"><span class='ocrx_word' id='word_1_443' title='bbox 346 4491 526 4559; x_wconf 79' lang='grc' dir='ltr'>πάσης</span> <span class='ocrx_word' id='word_1_444' title='bbox 573 4489 883 4559; x_wconf 86' lang='grc' dir='ltr'>συμϐουλῆς</span> <span class='ocrx_word' id='word_1_445' title='bbox 928 4488 1024 4540; x_wconf 75' lang='grc' dir='ltr'>καὶ</span> <span class='ocrx_word' id='word_1_446' title='bbox 1069 4487 1443 4558; x_wconf 87' lang='grc' dir='ltr'>παραινέσεως</span> <span class='ocrx_word' id='word_1_447' title='bbox 1480 4490 1867 4562; x_wconf 87' lang='grc' dir='ltr'>ἀκριϐέστερον</span> <span class='ocrx_word' id='word_1_448' title='bbox 1914 4493 2021 4545; x_wconf 87' lang='grc' dir='ltr'>ἀπὸ</span> 
     </span>
    </p>
   </div>
   <div class='ocr_carea' id='block_1_58' title="bbox 344 4575 2022 4650">
    <p class='ocr_par' dir='ltr' id='par_1_58' title="bbox 344 4575 2022 4650">
     <span class='ocr_line' id='line_1_58' title="bbox 344 4575 2022 4650; baseline 0.004 -22"><span class='ocrx_word' id='word_1_449' title='bbox 344 4577 445 4645; x_wconf 86' lang='grc' dir='ltr'>τῆς</span> <span class='ocrx_word' id='word_1_450' title='bbox 473 4577 707 4644; x_wconf 89' lang='grc' dir='ltr'>ἀγωνίας</span> <span class='ocrx_word' id='word_1_451' title='bbox 727 4575 1069 4647; x_wconf 88' lang='grc' dir='ltr'>διορθοῦσθαι</span> <span class='ocrx_word' id='word_1_452' title='bbox 1097 4575 1330 4644; x_wconf 83' lang='grc' dir='ltr'>ταύτης;</span> <span class='ocrx_word' id='word_1_453' title='bbox 1357 4576 1432 4628; x_wconf 86' lang='grc' dir='ltr'><strong>Οὐ</strong></span> <span class='ocrx_word' id='word_1_454' title='bbox 1455 4575 1564 4646; x_wconf 83' lang='grc' dir='ltr'>γὰρ</span> <span class='ocrx_word' id='word_1_455' title='bbox 1580 4577 1834 4632; x_wconf 84' lang='grc' dir='ltr'>τοσοῦτον</span> <span class='ocrx_word' id='word_1_456' title='bbox 1862 4580 2022 4650; x_wconf 82' lang='grc' dir='ltr'>ἐργά-</span> 
     </span>
    </p>
   </div>
   <div class='ocr_carea' id='block_1_59' title="bbox 348 4661 2020 4736">
    <p class='ocr_par' dir='ltr' id='par_1_59' title="bbox 348 4661 2020 4736">
     <span class='ocr_line' id='line_1_59' title="bbox 348 4661 2020 4736; baseline 0.002 -20"><span class='ocrx_word' id='word_1_457' title='bbox 348 4665 843 4735; x_wconf 85' lang='grc' dir='ltr'>σασθαιδυνήσεται</span> <span class='ocrx_word' id='word_1_458' title='bbox 869 4663 1181 4732; x_wconf 79' lang='grc' dir='ltr'>λόγος,ὅσον</span> <span class='ocrx_word' id='word_1_459' title='bbox 1206 4661 1357 4736; x_wconf 72' lang='grc'>[152]</span> <span class='ocrx_word' id='word_1_460' title='bbox 1380 4664 1669 4734; x_wconf 79' lang='grc' dir='ltr'>ἐργάζεται</span> <span class='ocrx_word' id='word_1_461' title='bbox 1700 4666 1862 4734; x_wconf 89' lang='grc' dir='ltr'>φόϐος</span> <span class='ocrx_word' id='word_1_462' title='bbox 1881 4683 1893 4696; x_wconf 92' lang='grc'>·</span> <span class='ocrx_word' id='word_1_463' title='bbox 1926 4669 2020 4720; x_wconf 78' lang='grc' dir='ltr'>καὶ</span> 
     </span>
    </p>
   </div>
   <div class='ocr_carea' id='block_1_60' title="bbox 343 4750 2015 4823">
    <p class='ocr_par' dir='ltr' id='par_1_60' title="bbox 343 4750 2015 4823">
     <span class='ocr_line' id='line_1_60' title="bbox 343 4750 2015 4823; baseline 0.003 -19"><span class='ocrx_word' id='word_1_464' title='bbox 343 4750 504 4804; x_wconf 82' lang='grc' dir='ltr'>τοῦτο</span> <span class='ocrx_word' id='word_1_465' title='bbox 519 4752 651 4804; x_wconf 80' lang='grc' dir='ltr'>αὐτὸ</span> <span class='ocrx_word' id='word_1_466' title='bbox 666 4751 772 4804; x_wconf 89' lang='grc' dir='ltr'>ἀπὸ</span> <span class='ocrx_word' id='word_1_467' title='bbox 790 4751 897 4806; x_wconf 88' lang='grc' dir='ltr'>τῶν</span> <span class='ocrx_word' id='word_1_468' title='bbox 922 4753 1347 4823; x_wconf 85' lang='grc' dir='ltr'>συμϐεϐηκότων</span> <span class='ocrx_word' id='word_1_469' title='bbox 1363 4755 1458 4807; x_wconf 89' lang='grc' dir='ltr'>νῦν</span> <span class='ocrx_word' id='word_1_470' title='bbox 1473 4754 1697 4807; x_wconf 89' lang='grc' dir='ltr'>δυνατὸν</span> <span class='ocrx_word' id='word_1_471' title='bbox 1717 4756 2015 4821; x_wconf 82' lang='grc' dir='ltr'>ἀποδεῖξαι.</span> 
     </span>
    </p>
   </div>
   <div class='ocr_carea' id='block_1_61' title="bbox 343 4839 2019 4913">
    <p class='ocr_par' dir='ltr' id='par_1_61' title="bbox 343 4839 2019 4913">
     <span class='ocr_line' id='line_1_61' title="bbox 343 4839 2019 4913; baseline 0.004 -22"><span class='ocrx_word' id='word_1_472' title='bbox 343 4840 551 4902; x_wconf 78' lang='grc' dir='ltr'>Πόσους</span> <span class='ocrx_word' id='word_1_473' title='bbox 573 4841 701 4907; x_wconf 88' lang='grc' dir='ltr'>γοῦν</span> <span class='ocrx_word' id='word_1_474' title='bbox 723 4839 1077 4911; x_wconf 86' lang='grc' dir='ltr'>ἀνηλώσαμεν</span> <span class='ocrx_word' id='word_1_475' title='bbox 1099 4841 1310 4909; x_wconf 89' lang='grc' dir='ltr'>λόγους,</span> <span class='ocrx_word' id='word_1_476' title='bbox 1343 4841 1608 4904; x_wconf 74' lang='grc' dir='ltr'>πολλοὺςιι</span> <span class='ocrx_word' id='word_1_477' title='bbox 1634 4842 1741 4895; x_wconf 85' lang='grc' dir='ltr'>τῶν</span> <span class='ocrx_word' id='word_1_478' title='bbox 1759 4842 2019 4913; x_wconf 76' lang='grc' dir='ltr'>ῥᾳθύμων</span> 
     </span>
    </p>
   </div>
   <div class='ocr_carea' id='block_1_62' title="bbox 343 4927 2019 5001">
    <p class='ocr_par' dir='ltr' id='par_1_62' title="bbox 343 4927 2019 5001">
     <span class='ocr_line' id='line_1_62' title="bbox 343 4927 2019 5001; baseline 0.004 -21"><span class='ocrx_word' id='word_1_479' title='bbox 343 4928 752 5000; x_wconf 85' lang='grc' dir='ltr'>παραινοῦντες,</span> <span class='ocrx_word' id='word_1_480' title='bbox 771 4929 865 4980; x_wconf 78' lang='grc' dir='ltr'>καὶ</span> <span class='ocrx_word' id='word_1_481' title='bbox 881 4927 1338 4998; x_wconf 90' lang='grc' dir='ltr'>συμϐουλεύοντες</span> <span class='ocrx_word' id='word_1_482' title='bbox 1355 4929 1424 4982; x_wconf 71' lang='grc' dir='ltr'>τὰ</span> <span class='ocrx_word' id='word_1_483' title='bbox 1449 4928 1652 5001; x_wconf 88' lang='grc' dir='ltr'>θέατρα</span> <span class='ocrx_word' id='word_1_484' title='bbox 1667 4930 1906 4998; x_wconf 85' lang='grc' dir='ltr'>ἀφεῖναι,</span> <span class='ocrx_word' id='word_1_485' title='bbox 1925 4933 2019 4986; x_wconf 80' lang='grc' dir='ltr'>καὶ</span> 
     </span>
    </p>
   </div>
   <div class='ocr_carea' id='block_1_63' title="bbox 343 5014 2020 5086">
    <p class='ocr_par' dir='ltr' id='par_1_63' title="bbox 343 5014 2020 5086">
     <span class='ocr_line' id='line_1_63' title="bbox 343 5014 2020 5086; baseline 0.004 -18"><span class='ocrx_word' id='word_1_486' title='bbox 343 5017 441 5080; x_wconf 80' lang='grc' dir='ltr'>τὰς</span> <span class='ocrx_word' id='word_1_487' title='bbox 467 5017 674 5070; x_wconf 90' lang='grc' dir='ltr'>ἐκεῖθεν</span> <span class='ocrx_word' id='word_1_488' title='bbox 698 5014 1022 5078; x_wconf 86' lang='grc' dir='ltr'>ἀκολασίας;</span> <span class='ocrx_word' id='word_1_489' title='bbox 1055 5016 1150 5069; x_wconf 72' lang='grc' dir='ltr'>καὶ</span> <span class='ocrx_word' id='word_1_490' title='bbox 1173 5017 1273 5070; x_wconf 89' lang='grc' dir='ltr'>ούκ</span> <span class='ocrx_word' id='word_1_491' title='bbox 1296 5016 1607 5086; x_wconf 76' lang='grc' dir='ltr'>ἠνέσχοντο,</span> <span class='ocrx_word' id='word_1_492' title='bbox 1628 5018 1743 5071; x_wconf 86' lang='grc' dir='ltr'>ἀλλ’</span> <span class='ocrx_word' id='word_1_493' title='bbox 1766 5021 1851 5072; x_wconf 83' lang='grc' dir='ltr'>ἀεὶ</span> <span class='ocrx_word' id='word_1_494' title='bbox 1878 5021 2020 5074; x_wconf 84' lang='grc' dir='ltr'>κατὰ</span> 
     </span>
    </p>
   </div>
   <div class='ocr_carea' id='block_1_64' title="bbox 340 5105 2019 5180">
    <p class='ocr_par' dir='ltr' id='par_1_64' title="bbox 340 5105 2019 5180">
     <span class='ocr_line' id='line_1_64' title="bbox 340 5105 2019 5180; baseline 0.002 -23"><span class='ocrx_word' id='word_1_495' title='bbox 340 5107 440 5179; x_wconf 72' lang='grc' dir='ltr'>τὴν</span> <span class='ocrx_word' id='word_1_496' title='bbox 471 5106 678 5178; x_wconf 81' lang='grc' dir='ltr'>ἡμέραν</span> <span class='ocrx_word' id='word_1_497' title='bbox 705 5107 908 5174; x_wconf 89' lang='grc' dir='ltr'>ταύτην</span> <span class='ocrx_word' id='word_1_498' title='bbox 929 5107 1021 5158; x_wconf 74' lang='grc' dir='ltr'>ἐπὶ</span> <span class='ocrx_word' id='word_1_499' title='bbox 1043 5105 1140 5169; x_wconf 75' lang='grc' dir='ltr'>τὰς</span> <span class='ocrx_word' id='word_1_500' title='bbox 1169 5108 1516 5177; x_wconf 88' lang='grc' dir='ltr'>παρανόμους</span> <span class='ocrx_word' id='word_1_501' title='bbox 1541 5108 1648 5160; x_wconf 88' lang='grc' dir='ltr'>τῶν</span> <span class='ocrx_word' id='word_1_502' title='bbox 1677 5110 2019 5180; x_wconf 80' lang='grc' dir='ltr'>ὀρχουμένων</span> 
     </span>
    </p>
   </div>
   <div class='ocr_carea' id='block_1_65' title="bbox 344 5195 2016 5267">
    <p class='ocr_par' dir='ltr' id='par_1_65' title="bbox 344 5195 2016 5267">
     <span class='ocr_line' id='line_1_65' title="bbox 344 5195 2016 5267; baseline 0.004 -20"><span class='ocrx_word' id='word_1_503' title='bbox 344 5197 662 5266; x_wconf 87' lang='grc' dir='ltr'>συνέτρεχον</span> <span class='ocrx_word' id='word_1_504' title='bbox 697 5195 950 5267; x_wconf 86' lang='grc' dir='ltr'>θεωρίας,</span> <span class='ocrx_word' id='word_1_505' title='bbox 991 5195 1085 5248; x_wconf 78' lang='grc' dir='ltr'>καὶ</span> <span class='ocrx_word' id='word_1_506' title='bbox 1140 5196 1391 5264; x_wconf 87' lang='grc' dir='ltr'>σύλλογον</span> <span class='ocrx_word' id='word_1_507' title='bbox 1420 5197 1725 5250; x_wconf 86' lang='grc' dir='ltr'>διαϐολικὸν</span> <span class='ocrx_word' id='word_1_508' title='bbox 1760 5201 2016 5254; x_wconf 89' lang='grc' dir='ltr'>ἀντικαθ-</span> 
     </span>
    </p>
   </div>
   <div class='ocr_carea' id='block_1_66' title="bbox 345 5283 2019 5356">
    <p class='ocr_par' dir='ltr' id='par_1_66' title="bbox 345 5283 2019 5356">
     <span class='ocr_line' id='line_1_66' title="bbox 345 5283 2019 5356; baseline 0.004 -20"><span class='ocrx_word' id='word_1_509' title='bbox 345 5283 566 5337; x_wconf 89' lang='grc' dir='ltr'>ίστασαν</span> <span class='ocrx_word' id='word_1_510' title='bbox 590 5284 668 5354; x_wconf 83' lang='grc' dir='ltr'>τῷ</span> <span class='ocrx_word' id='word_1_511' title='bbox 687 5284 1008 5356; x_wconf 86' lang='grc' dir='ltr'>πληρώματι</span> <span class='ocrx_word' id='word_1_512' title='bbox 1034 5285 1133 5355; x_wconf 90' lang='grc' dir='ltr'>τῆς</span> <span class='ocrx_word' id='word_1_513' title='bbox 1159 5286 1483 5356; x_wconf 84' lang='grc' dir='ltr'>Ἐκκλησίας</span> <span class='ocrx_word' id='word_1_514' title='bbox 1507 5288 1598 5340; x_wconf 87' lang='grc' dir='ltr'>τοῦ</span> <span class='ocrx_word' id='word_1_515' title='bbox 1617 5287 1774 5352; x_wconf 87' lang='grc' dir='ltr'>Θεοῦ,</span> <span class='ocrx_word' id='word_1_516' title='bbox 1793 5289 1886 5343; x_wconf 77' lang='grc' dir='ltr'>καὶ</span> <span class='ocrx_word' id='word_1_517' title='bbox 1902 5294 2019 5354; x_wconf 83' lang='grc' dir='ltr'>ταῖς</span> 
     </span>
    </p>
   </div>
   <div class='ocr_carea' id='block_1_67' title="bbox 341 5373 2018 5451">
    <p class='ocr_par' dir='ltr' id='par_1_67' title="bbox 341 5373 2018 5451">
     <span class='ocr_line' id='line_1_67' title="bbox 341 5373 2018 5451; baseline 0.005 -27"><span class='ocrx_word' id='word_1_518' title='bbox 341 5373 575 5426; x_wconf 86' lang='grc' dir='ltr'>ἐνταῦθα</span> <span class='ocrx_word' id='word_1_519' title='bbox 612 5373 950 5445; x_wconf 69' lang='grc' dir='ltr'>ψαλμῳδίαις</span> <span class='ocrx_word' id='word_1_520' title='bbox 979 5377 1244 5446; x_wconf 88' lang='grc' dir='ltr'>ἀντήχουν</span> <span class='ocrx_word' id='word_1_521' title='bbox 1272 5379 1325 5430; x_wconf 90' lang='grc' dir='ltr'>αἱ</span> <span class='ocrx_word' id='word_1_522' title='bbox 1368 5377 1578 5430; x_wconf 80' lang='grc' dir='ltr'>ἐκεῖθεν</span> <span class='ocrx_word' id='word_1_523' title='bbox 1611 5382 1848 5449; x_wconf 81' lang='grc' dir='ltr'>κραυγαὶ</span> <span class='ocrx_word' id='word_1_524' title='bbox 1882 5383 2018 5451; x_wconf 87' lang='grc' dir='ltr'>μετά</span> 
     </span>
    </p>
   </div>
   <div class='ocr_carea' id='block_1_68' title="bbox 341 5461 2018 5538">
    <p class='ocr_par' dir='ltr' id='par_1_68' title="bbox 341 5461 2018 5538">
     <span class='ocr_line' id='line_1_68' title="bbox 341 5461 2018 5538; baseline 0.005 -26"><span class='ocrx_word' id='word_1_525' title='bbox 341 5461 543 5531; x_wconf 87' lang='grc' dir='ltr'>πολλῆς</span> <span class='ocrx_word' id='word_1_526' title='bbox 569 5463 862 5534; x_wconf 86' lang='grc' dir='ltr'>φερόμεναι</span> <span class='ocrx_word' id='word_1_527' title='bbox 888 5463 989 5533; x_wconf 90' lang='grc' dir='ltr'>τῆς</span> <span class='ocrx_word' id='word_1_528' title='bbox 1021 5464 1403 5536; x_wconf 83' lang='grc' dir='ltr'>σφοδρότητος·</span> <span class='ocrx_word' id='word_1_529' title='bbox 1433 5466 1546 5518; x_wconf 83' lang='grc' dir='ltr'>ἀλλ’</span> <span class='ocrx_word' id='word_1_530' title='bbox 1576 5465 1682 5520; x_wconf 86' lang='grc' dir='ltr'>ἰδοὺ</span> <span class='ocrx_word' id='word_1_531' title='bbox 1706 5468 1800 5519; x_wconf 85' lang='grc' dir='ltr'>νῦν</span> <span class='ocrx_word' id='word_1_532' title='bbox 1826 5469 2018 5538; x_wconf 84' lang='grc' dir='ltr'>σιγών-</span> 
     </span>
    </p>
   </div>
   <div class='ocr_carea' id='block_1_69' title="bbox 338 5549 2014 5627">
    <p class='ocr_par' dir='ltr' id='par_1_69' title="bbox 338 5549 2014 5627">
     <span class='ocr_line' id='line_1_69' title="bbox 338 5549 2014 5627; baseline 0.005 -25"><span class='ocrx_word' id='word_1_533' title='bbox 338 5565 448 5602; x_wconf 81' lang='grc' dir='ltr'>των</span> <span class='ocrx_word' id='word_1_534' title='bbox 477 5549 652 5618; x_wconf 83' lang='grc' dir='ltr'>ἡμῶν,</span> <span class='ocrx_word' id='word_1_535' title='bbox 693 5553 786 5604; x_wconf 73' lang='grc' dir='ltr'>καὶ</span> <span class='ocrx_word' id='word_1_536' title='bbox 813 5551 965 5605; x_wconf 73' lang='grc' dir='ltr'>οὐδὲν</span> <span class='ocrx_word' id='word_1_537' title='bbox 1005 5554 1130 5623; x_wconf 78' lang='grc' dir='ltr'>περὶ</span> <span class='ocrx_word' id='word_1_538' title='bbox 1165 5553 1354 5606; x_wconf 87' lang='grc' dir='ltr'>τούτου</span> <span class='ocrx_word' id='word_1_539' title='bbox 1401 5555 1690 5623; x_wconf 88' lang='grc' dir='ltr'>λεγόντων,</span> <span class='ocrx_word' id='word_1_540' title='bbox 1723 5558 2014 5627; x_wconf 81' lang='grc' dir='ltr'>αὐτόματοι</span> 
     </span>
    </p>
   </div>
   <div class='ocr_carea' id='block_1_70' title="bbox 337 5637 2017 5716">
    <p class='ocr_par' dir='ltr' id='par_1_70' title="bbox 337 5637 2017 5716">
     <span class='ocr_line' id='line_1_70' title="bbox 337 5637 2017 5716; baseline 0.007 -28"><span class='ocrx_word' id='word_1_541' title='bbox 337 5637 438 5708; x_wconf 80' lang='grc' dir='ltr'>τὴν</span> <span class='ocrx_word' id='word_1_542' title='bbox 465 5639 772 5708; x_wconf 70' lang='grc' dir='ltr'>ὀρχήστραν</span> <span class='ocrx_word' id='word_1_543' title='bbox 803 5639 1042 5711; x_wconf 76' lang='grc' dir='ltr'>ἔφραξαν</span> <span class='ocrx_word' id='word_1_544' title='bbox 1061 5641 1112 5705; x_wconf 74' lang='lat' dir='ltr'><strong>b,</strong></span> <span class='ocrx_word' id='word_1_545' title='bbox 1157 5643 1250 5695; x_wconf 71' lang='grc' dir='ltr'>καὶ</span> <span class='ocrx_word' id='word_1_546' title='bbox 1275 5645 1303 5696; x_wconf 97' lang='lat'>6</span> <span class='ocrx_word' id='word_1_547' title='bbox 1336 5644 1670 5715; x_wconf 85' lang='grc' dir='ltr'>ἱππόδρομος</span> <span class='ocrx_word' id='word_1_548' title='bbox 1703 5646 1899 5710; x_wconf 83' lang='grc' dir='ltr'>ἄϐατος</span> <span class='ocrx_word' id='word_1_549' title='bbox 1922 5649 2017 5716; x_wconf 89' lang='grc' dir='ltr'>γέ-</span> 
     </span>
    </p>
   </div>
   <div class='ocr_carea' id='block_1_71' title="bbox 337 5726 2016 5806">
    <p class='ocr_par' dir='ltr' id='par_1_71' title="bbox 337 5726 2016 5806">
     <span class='ocr_line' id='line_1_71' title="bbox 337 5726 2016 5806; baseline 0.009 -31"><span class='ocrx_word' id='word_1_550' title='bbox 337 5741 463 5792; x_wconf 86' lang='grc' dir='ltr'>γονε</span> <span class='ocrx_word' id='word_1_551' title='bbox 480 5741 494 5754; x_wconf 82' lang='grc'><em>’</em></span> <span class='ocrx_word' id='word_1_552' title='bbox 521 5726 610 5778; x_wconf 73' lang='grc' dir='ltr'>καὶ</span> <span class='ocrx_word' id='word_1_553' title='bbox 632 5727 735 5796; x_wconf 88' lang='grc' dir='ltr'>πρὸ</span> <span class='ocrx_word' id='word_1_554' title='bbox 749 5729 937 5780; x_wconf 87' lang='grc' dir='ltr'>τούτου</span> <span class='ocrx_word' id='word_1_555' title='bbox 967 5729 1064 5799; x_wconf 82' lang='grc' dir='ltr'>μὲν</span> <span class='ocrx_word' id='word_1_556' title='bbox 1088 5730 1272 5783; x_wconf 79' lang='grc' dir='ltr'>πολλοὶ</span> <span class='ocrx_word' id='word_1_557' title='bbox 1291 5731 1398 5783; x_wconf 90' lang='grc' dir='ltr'>τῶν</span> <span class='ocrx_word' id='word_1_558' title='bbox 1413 5734 1699 5803; x_wconf 87' lang='grc' dir='ltr'>ἡμετέρων</span> <span class='ocrx_word' id='word_1_559' title='bbox 1722 5736 1857 5806; x_wconf 85' lang='grc' dir='ltr'>πρὸς</span> <span class='ocrx_word' id='word_1_560' title='bbox 1875 5739 2016 5790; x_wconf 84' lang='grc' dir='ltr'>ἐκεί-</span> 
     </span>
    </p>
   </div>
   <div class='ocr_carea' id='block_1_72' title="bbox 337 5813 2015 5895">
    <p class='ocr_par' dir='ltr' id='par_1_72' title="bbox 337 5813 2015 5895">
     <span class='ocr_line' id='line_1_72' title="bbox 337 5813 2015 5895; baseline 0.008 -29"><span class='ocrx_word' id='word_1_561' title='bbox 337 5830 462 5878; x_wconf 82' lang='grc' dir='ltr'>νους</span> <span class='ocrx_word' id='word_1_562' title='bbox 499 5813 738 5883; x_wconf 76' lang='grc' dir='ltr'>ἔτρεχον,</span> <span class='ocrx_word' id='word_1_563' title='bbox 770 5817 886 5870; x_wconf 79' lang='grc' dir='ltr'>νυνὶ</span> <span class='ocrx_word' id='word_1_564' title='bbox 915 5817 970 5869; x_wconf 89' lang='grc' dir='ltr'>δέ</span> <span class='ocrx_word' id='word_1_565' title='bbox 997 5819 1193 5881; x_wconf 80' lang='grc' dir='ltr'>πάντες</span> <span class='ocrx_word' id='word_1_566' title='bbox 1217 5819 1425 5873; x_wconf 86' lang='grc' dir='ltr'>ἐκεῖθεν</span> <span class='ocrx_word' id='word_1_567' title='bbox 1456 5823 1535 5884; x_wconf 90' lang='grc' dir='ltr'>εἰς</span> <span class='ocrx_word' id='word_1_568' title='bbox 1561 5823 1657 5894; x_wconf 80' lang='grc' dir='ltr'>τὴν</span> <span class='ocrx_word' id='word_1_569' title='bbox 1720 5826 2015 5895; x_wconf 85' lang='grc' dir='ltr'>ἐκκλησίαν</span> 
     </span>
    </p>
   </div>
   <div class='ocr_carea' id='block_1_73' title="bbox 400 5986 1116 6050">
    <p class='ocr_par' dir='ltr' id='par_1_73' title="bbox 400 5986 1116 6050">
     <span class='ocr_line' id='line_1_73' title="bbox 400 5986 1116 6050; baseline 0.01 -15"><span class='ocrx_word' id='word_1_570' title='bbox 400 5987 420 6050; x_wconf 49' lang='grc' dir='ltr'>έ</span> <span class='ocrx_word' id='word_1_571' title='bbox 441 5986 547 6050; x_wconf 64' lang='lat' dir='ltr'>Alﬁ</span> <span class='ocrx_word' id='word_1_572' title='bbox 562 5989 771 6048; x_wconf 82' lang='grc' dir='ltr'>πολλοῖς,</span> <span class='ocrx_word' id='word_1_573' title='bbox 793 5990 875 6039; x_wconf 69' lang='lat' dir='ltr'>alii</span> <span class='ocrx_word' id='word_1_574' title='bbox 899 5993 1116 6050; x_wconf 84' lang='grc' dir='ltr'>πολλούς.</span> 
     </span>
    </p>
   </div>
   <div class='ocr_carea' id='block_1_74' title="bbox 401 6048 1577 6126">
    <p class='ocr_par' dir='ltr' id='par_1_74' title="bbox 401 6048 1577 6126">
     <span class='ocr_line' id='line_1_74' title="bbox 401 6048 1577 6126; baseline 0.02 -38"><span class='ocrx_word' id='word_1_575' title='bbox 401 6049 429 6091; x_wconf 67' lang='lat'>.‘:</span> <span class='ocrx_word' id='word_1_576' title='bbox 452 6048 551 6100; x_wconf 71' lang='lat' dir='ltr'><strong>Alii</strong></span> <span class='ocrx_word' id='word_1_577' title='bbox 574 6050 788 6113; x_wconf 78' lang='grc' dir='ltr'>ἔφραξαν,</span> <span class='ocrx_word' id='word_1_578' title='bbox 812 6051 897 6103; x_wconf 82' lang='lat' dir='ltr'>alii</span> <span class='ocrx_word' id='word_1_579' title='bbox 919 6048 1182 6120; x_wconf 72' lang='grc' dir='ltr'>ἐνέφραξαν,</span> <span class='ocrx_word' id='word_1_580' title='bbox 1206 6060 1284 6109; x_wconf 81' lang='lat' dir='ltr'>vc]</span> <span class='ocrx_word' id='word_1_581' title='bbox 1306 6061 1577 6126; x_wconf 63' lang='lat' dir='ltr'>tiva&#39;qvngcwd</span> 
     </span>
    </p>
   </div>
   <div class='ocr_carea' id='block_1_75' title="bbox 2038 2245 2099 2254">
    <p class='ocr_par' dir='ltr' id='par_1_75' title="bbox 2038 2245 2099 2254">
     <span class='ocr_line' id='line_1_75' title="bbox 2038 2245 2099 2254; baseline 0 0"><span class='ocrx_word' id='word_1_582' title='bbox 2038 2245 2099 2254; x_wconf 85' lang='lat'>——</span> 
     </span>
    </p>
   </div>
   <div class='ocr_carea' id='block_1_76' title="bbox 2135 2374 3804 2450">
    <p class='ocr_par' dir='ltr' id='par_1_76' title="bbox 2135 2374 3804 2450">
     <span class='ocr_line' id='line_1_76' title="bbox 2135 2374 3804 2450; baseline 0.008 -26"><span class='ocrx_word' id='word_1_583' title='bbox 2135 2374 2458 2443; x_wconf 82' lang='grc' dir='ltr'>κατέφυγον,</span> <span class='ocrx_word' id='word_1_584' title='bbox 2499 2378 2592 2429; x_wconf 75' lang='grc' dir='ltr'>καὶ</span> <span class='ocrx_word' id='word_1_585' title='bbox 2629 2377 2720 2430; x_wconf 90' lang='grc' dir='ltr'>τὸν</span> <span class='ocrx_word' id='word_1_586' title='bbox 2754 2378 3022 2448; x_wconf 88' lang='grc' dir='ltr'>ἡμέτερον</span> <span class='ocrx_word' id='word_1_587' title='bbox 3057 2378 3293 2442; x_wconf 75' lang='grc' dir='ltr'>ἅπαντες</span> <span class='ocrx_word' id='word_1_588' title='bbox 3325 2380 3612 2450; x_wconf 88' lang='grc' dir='ltr'>ἐνυμνοῦσι</span> <span class='ocrx_word' id='word_1_589' title='bbox 3650 2382 3804 2438; x_wconf 87' lang='grc' dir='ltr'>Θεόν.</span> 
     </span>
    </p>
   </div>
   <div class='ocr_carea' id='block_1_77' title="bbox 2216 2461 3808 2544">
    <p class='ocr_par' dir='ltr' id='par_1_77' title="bbox 2216 2461 3808 2544">
     <span class='ocr_line' id='line_1_77' title="bbox 2216 2461 3808 2544; baseline 0.006 -31"><span class='ocrx_word' id='word_1_590' title='bbox 2216 2461 2376 2532; x_wconf 86' lang='grc' dir='ltr'>Ὁρᾷς</span> <span class='ocrx_word' id='word_1_591' title='bbox 2399 2463 2562 2515; x_wconf 88' lang='grc' dir='ltr'>πόσον</span> <span class='ocrx_word' id='word_1_592' title='bbox 2581 2465 2688 2516; x_wconf 89' lang='grc' dir='ltr'>ἀπὸ</span> <span class='ocrx_word' id='word_1_593' title='bbox 2712 2465 2802 2516; x_wconf 90' lang='grc' dir='ltr'>τοῦ</span> <span class='ocrx_word' id='word_1_594' title='bbox 2822 2466 2987 2533; x_wconf 89' lang='grc' dir='ltr'>φόϐου</span> <span class='ocrx_word' id='word_1_595' title='bbox 3021 2467 3082 2518; x_wconf 91' lang='grc' dir='ltr'>τὸ</span> <span class='ocrx_word' id='word_1_596' title='bbox 3112 2467 3301 2536; x_wconf 89' lang='grc' dir='ltr'>κέρδος</span> <span class='ocrx_word' id='word_1_597' title='bbox 3345 2468 3594 2535; x_wconf 75' lang='grc' dir='ltr'>ἐγένετος</span> <span class='ocrx_word' id='word_1_598' title='bbox 3626 2471 3687 2522; x_wconf 73' lang='lat' dir='ltr'>EE</span> <span class='ocrx_word' id='word_1_599' title='bbox 3731 2474 3808 2544; x_wconf 82' lang='grc' dir='ltr'>μὴ</span> 
     </span>
    </p>
   </div>
   <div class='ocr_carea' id='block_1_78' title="bbox 2134 2546 3809 2624">
    <p class='ocr_par' dir='ltr' id='par_1_78' title="bbox 2134 2546 3809 2624">
     <span class='ocr_line' id='line_1_78' title="bbox 2134 2546 3809 2624; baseline 0.008 -24"><span class='ocrx_word' id='word_1_600' title='bbox 2134 2549 2295 2602; x_wconf 88' lang='grc' dir='ltr'>καλὸν</span> <span class='ocrx_word' id='word_1_601' title='bbox 2339 2546 2406 2619; x_wconf 83' lang='grc' dir='ltr'>ἦν</span> <span class='ocrx_word' id='word_1_602' title='bbox 2445 2554 2472 2604; x_wconf 91' lang='lat'>6</span> <span class='ocrx_word' id='word_1_603' title='bbox 2515 2551 2696 2619; x_wconf 84' lang='grc' dir='ltr'>φόϐος,</span> <span class='ocrx_word' id='word_1_604' title='bbox 2738 2553 2838 2606; x_wconf 88' lang='grc' dir='ltr'>ούκ</span> <span class='ocrx_word' id='word_1_605' title='bbox 2887 2553 2951 2605; x_wconf 85' lang='grc' dir='ltr'>ἂν</span> <span class='ocrx_word' id='word_1_606' title='bbox 2999 2555 3233 2624; x_wconf 85' lang='grc' dir='ltr'>πατέρες</span> <span class='ocrx_word' id='word_1_607' title='bbox 3277 2555 3656 2624; x_wconf 83' lang='grc' dir='ltr'>παιδαγωγοὺς</span> <span class='ocrx_word' id='word_1_608' title='bbox 3694 2563 3809 2624; x_wconf 82' lang='grc' dir='ltr'>τοῖς</span> 
     </span>
    </p>
   </div>
   <div class='ocr_carea' id='block_1_79' title="bbox 2134 2639 3808 2717">
    <p class='ocr_par' dir='ltr' id='par_1_79' title="bbox 2134 2639 3808 2717">
     <span class='ocr_line' id='line_1_79' title="bbox 2134 2639 3808 2717; baseline 0.007 -29"><span class='ocrx_word' id='word_1_609' title='bbox 2134 2639 2318 2690; x_wconf 80' lang='grc' dir='ltr'>παισὶν</span> <span class='ocrx_word' id='word_1_610' title='bbox 2344 2639 2671 2708; x_wconf 89' lang='grc' dir='ltr'>ἐπέστησαν,</span> <span class='ocrx_word' id='word_1_611' title='bbox 2704 2641 2805 2692; x_wconf 86' lang='grc' dir='ltr'>ούκ</span> <span class='ocrx_word' id='word_1_612' title='bbox 2834 2641 2898 2693; x_wconf 85' lang='grc' dir='ltr'>ἂν</span> <span class='ocrx_word' id='word_1_613' title='bbox 2929 2643 2978 2693; x_wconf 84' lang='grc' dir='ltr'>οἱ</span> <span class='ocrx_word' id='word_1_614' title='bbox 3005 2642 3284 2712; x_wconf 83' lang='grc' dir='ltr'>νομοθέται</span> <span class='ocrx_word' id='word_1_615' title='bbox 3321 2646 3441 2706; x_wconf 87' lang='grc' dir='ltr'>ταῖς</span> <span class='ocrx_word' id='word_1_616' title='bbox 3466 2644 3681 2698; x_wconf 83' lang='grc' dir='ltr'>πόλεσιν</span> <span class='ocrx_word' id='word_1_617' title='bbox 3709 2647 3808 2717; x_wconf 83' lang='grc' dir='ltr'>ἄρ-</span> 
     </span>
    </p>
   </div>
   <div class='ocr_carea' id='block_1_80' title="bbox 2131 2727 3811 2803">
    <p class='ocr_par' dir='ltr' id='par_1_80' title="bbox 2131 2727 3811 2803">
     <span class='ocr_line' id='line_1_80' title="bbox 2131 2727 3811 2803; baseline 0.007 -28"><span class='ocrx_word' id='word_1_618' title='bbox 2131 2741 2342 2792; x_wconf 88' lang='grc' dir='ltr'>χοντας.</span> <span class='ocrx_word' id='word_1_619' title='bbox 2377 2727 2440 2778; x_wconf 91' lang='grc' dir='ltr'>Τί</span> <span class='ocrx_word' id='word_1_620' title='bbox 2471 2728 2692 2796; x_wconf 89' lang='grc' dir='ltr'>γεέννης</span> <span class='ocrx_word' id='word_1_621' title='bbox 2722 2727 3128 2797; x_wconf 83' lang='grc' dir='ltr'>χαλεπώτερον;</span> <span class='ocrx_word' id='word_1_622' title='bbox 3163 2729 3276 2782; x_wconf 77' lang='grc' dir='ltr'>ἀλλ’</span> <span class='ocrx_word' id='word_1_623' title='bbox 3305 2730 3456 2783; x_wconf 79' lang='grc' dir='ltr'>οὐδὲν</span> <span class='ocrx_word' id='word_1_624' title='bbox 3482 2731 3572 2784; x_wconf 85' lang='grc' dir='ltr'>τοῦ</span> <span class='ocrx_word' id='word_1_625' title='bbox 3604 2734 3811 2803; x_wconf 87' lang='grc' dir='ltr'>ταύτης</span> 
     </span>
    </p>
   </div>
   <div class='ocr_carea' id='block_1_81' title="bbox 2131 2813 3809 2891">
    <p class='ocr_par' dir='ltr' id='par_1_81' title="bbox 2131 2813 3809 2891">
     <span class='ocr_line' id='line_1_81' title="bbox 2131 2813 3809 2891; baseline 0.006 -28"><span class='ocrx_word' id='word_1_626' title='bbox 2131 2813 2539 2885; x_wconf 81' lang='grc' dir='ltr'>χρησιμώτερον</span> <span class='ocrx_word' id='word_1_627' title='bbox 2570 2816 2754 2882; x_wconf 85' lang='grc' dir='ltr'>φόϐου·</span> <span class='ocrx_word' id='word_1_628' title='bbox 2789 2819 2816 2869; x_wconf 89' lang='grc' dir='ltr'>ό</span> <span class='ocrx_word' id='word_1_629' title='bbox 2842 2817 2950 2887; x_wconf 79' lang='grc' dir='ltr'>γάρ</span> <span class='ocrx_word' id='word_1_630' title='bbox 2978 2817 3078 2886; x_wconf 87' lang='grc' dir='ltr'>τῆς</span> <span class='ocrx_word' id='word_1_631' title='bbox 3109 2818 3331 2888; x_wconf 90' lang='grc' dir='ltr'>γεέννης</span> <span class='ocrx_word' id='word_1_632' title='bbox 3377 2820 3539 2886; x_wconf 85' lang='grc' dir='ltr'>φόϐος</span> <span class='ocrx_word' id='word_1_633' title='bbox 3577 2822 3668 2872; x_wconf 82' lang='grc' dir='ltr'>τὸν</span> <span class='ocrx_word' id='word_1_634' title='bbox 3706 2822 3809 2891; x_wconf 81' lang='grc' dir='ltr'>τῆς</span> 
     </span>
    </p>
   </div>
   <div class='ocr_carea' id='block_1_82' title="bbox 2131 2897 3809 2974">
    <p class='ocr_par' dir='ltr' id='par_1_82' title="bbox 2131 2897 3809 2974">
     <span class='ocr_line' id='line_1_82' title="bbox 2131 2897 3809 2974; baseline 0.007 -24"><span class='ocrx_word' id='word_1_635' title='bbox 2131 2897 2404 2966; x_wconf 86' lang='grc' dir='ltr'>βασιλείας</span> <span class='ocrx_word' id='word_1_636' title='bbox 2424 2905 2556 2972; x_wconf 83' lang='grc' dir='ltr'>ἡμῖν</span> <span class='ocrx_word' id='word_1_637' title='bbox 2579 2904 2791 2972; x_wconf 75' lang='grc' dir='ltr'>κομίζει</span> <span class='ocrx_word' id='word_1_638' title='bbox 2817 2904 3098 2972; x_wconf 82' lang='grc' dir='ltr'>στέφανον.</span> <span class='ocrx_word' id='word_1_639' title='bbox 3130 2906 3298 2960; x_wconf 87' lang='grc' dir='ltr'>Ἔνθα</span> <span class='ocrx_word' id='word_1_640' title='bbox 3330 2907 3680 2974; x_wconf 59' lang='grc' dir='ltr'>φόϐοςιέστὶν,</span> <span class='ocrx_word' id='word_1_641' title='bbox 3705 2908 3809 2962; x_wconf 80' lang='grc' dir='ltr'>οὐκ</span> 
     </span>
    </p>
   </div>
   <div class='ocr_carea' id='block_1_83' title="bbox 2129 2985 3810 3066">
    <p class='ocr_par' dir='ltr' id='par_1_83' title="bbox 2129 2985 3810 3066">
     <span class='ocr_line' id='line_1_83' title="bbox 2129 2985 3810 3066; baseline 0.008 -31"><span class='ocrx_word' id='word_1_642' title='bbox 2129 2985 2243 3036; x_wconf 78' lang='grc' dir='ltr'>ἐστι</span> <span class='ocrx_word' id='word_1_643' title='bbox 2302 2986 2512 3054; x_wconf 85' lang='grc' dir='ltr'>φθόνος·</span> <span class='ocrx_word' id='word_1_644' title='bbox 2564 2989 2690 3042; x_wconf 82' lang='grc' dir='ltr'>ἔνθα</span> <span class='ocrx_word' id='word_1_645' title='bbox 2744 2991 2906 3059; x_wconf 83' lang='grc' dir='ltr'>φόϐος</span> <span class='ocrx_word' id='word_1_646' title='bbox 2966 2992 3102 3056; x_wconf 76' lang='grc' dir='ltr'>ἐστὶ,</span> <span class='ocrx_word' id='word_1_647' title='bbox 3169 2995 3465 3063; x_wconf 89' lang='grc' dir='ltr'>χρημάτων</span> <span class='ocrx_word' id='word_1_648' title='bbox 3517 2994 3652 3066; x_wconf 75' lang='grc' dir='ltr'>ἔρως</span> <span class='ocrx_word' id='word_1_649' title='bbox 3706 2996 3810 3048; x_wconf 74' lang='grc' dir='ltr'>οὐκ</span> 
     </span>
    </p>
   </div>
   <div class='ocr_carea' id='block_1_84' title="bbox 2127 3073 3809 3152">
    <p class='ocr_par' dir='ltr' id='par_1_84' title="bbox 2127 3073 3809 3152">
     <span class='ocr_line' id='line_1_84' title="bbox 2127 3073 3809 3152; baseline 0.008 -29"><span class='ocrx_word' id='word_1_650' title='bbox 2127 3073 2350 3144; x_wconf 88' lang='grc' dir='ltr'>ἐνοχλεῖ·</span> <span class='ocrx_word' id='word_1_651' title='bbox 2407 3074 2534 3128; x_wconf 76' lang='grc' dir='ltr'>ἔνθα</span> <span class='ocrx_word' id='word_1_652' title='bbox 2578 3076 2738 3143; x_wconf 86' lang='grc' dir='ltr'>φόϐος</span> <span class='ocrx_word' id='word_1_653' title='bbox 2781 3079 2946 3140; x_wconf 73' lang='grc' dir='ltr'>ἐστὶν,</span> <span class='ocrx_word' id='word_1_654' title='bbox 3004 3078 3256 3132; x_wconf 79' lang='grc' dir='ltr'>ἔσϐεσται</span> <span class='ocrx_word' id='word_1_655' title='bbox 3301 3080 3489 3150; x_wconf 83' lang='grc' dir='ltr'>θυμὸς,</span> <span class='ocrx_word' id='word_1_656' title='bbox 3543 3084 3809 3152; x_wconf 81' lang='grc' dir='ltr'>ἐπιθυμία</span> 
     </span>
    </p>
   </div>
   <div class='ocr_carea' id='block_1_85' title="bbox 2127 3163 3806 3238">
    <p class='ocr_par' dir='ltr' id='par_1_85' title="bbox 2127 3163 3806 3238">
     <span class='ocr_line' id='line_1_85' title="bbox 2127 3163 3806 3238; baseline 0.008 -26"><span class='ocrx_word' id='word_1_657' title='bbox 2127 3163 2484 3215; x_wconf 85' lang='grc' dir='ltr'>κατέσταλται</span> <span class='ocrx_word' id='word_1_658' title='bbox 2517 3165 2756 3233; x_wconf 77' lang='grc' dir='ltr'>πονηρὰ,</span> <span class='ocrx_word' id='word_1_659' title='bbox 2787 3164 2936 3218; x_wconf 71' lang='grc' dir='ltr'>ἅπαν</span> <span class='ocrx_word' id='word_1_660' title='bbox 2971 3166 3250 3234; x_wconf 82' lang='grc' dir='ltr'>ἀλόγιστον</span> <span class='ocrx_word' id='word_1_661' title='bbox 3283 3168 3571 3238; x_wconf 80' lang='grc' dir='ltr'>ἐξώρισται</span> <span class='ocrx_word' id='word_1_662' title='bbox 3611 3171 3806 3235; x_wconf 86' lang='grc' dir='ltr'>πάθος·</span> 
     </span>
    </p>
   </div>
   <div class='ocr_carea' id='block_1_86' title="bbox 2127 3249 3806 3328">
    <p class='ocr_par' dir='ltr' id='par_1_86' title="bbox 2127 3249 3806 3328">
     <span class='ocr_line' id='line_1_86' title="bbox 2127 3249 3806 3328; baseline 0.007 -28"><span class='ocrx_word' id='word_1_663' title='bbox 2127 3249 2220 3301; x_wconf 81' lang='grc' dir='ltr'>καὶ</span> <span class='ocrx_word' id='word_1_664' title='bbox 2249 3249 2500 3320; x_wconf 87' lang='grc' dir='ltr'>καθάπερ</span> <span class='ocrx_word' id='word_1_665' title='bbox 2531 3253 2586 3302; x_wconf 89' lang='grc' dir='ltr'>ἐν</span> <span class='ocrx_word' id='word_1_666' title='bbox 2619 3253 2765 3322; x_wconf 79' lang='grc' dir='ltr'>οἰκίᾳ</span> <span class='ocrx_word' id='word_1_667' title='bbox 2807 3253 3134 3323; x_wconf 86' lang='grc' dir='ltr'>στρατιώτου</span> <span class='ocrx_word' id='word_1_668' title='bbox 3168 3256 3429 3325; x_wconf 87' lang='grc' dir='ltr'>διηνεκῶς</span> <span class='ocrx_word' id='word_1_669' title='bbox 3461 3258 3806 3328; x_wconf 80' lang='grc' dir='ltr'>ὡπλισμένου</span> 
     </span>
    </p>
   </div>
   <div class='ocr_carea' id='block_1_87' title="bbox 2125 3336 3807 3408">
    <p class='ocr_par' dir='ltr' id='par_1_87' title="bbox 2125 3336 3807 3408">
     <span class='ocr_line' id='line_1_87' title="bbox 2125 3336 3807 3408; baseline 0.007 -22"><span class='ocrx_word' id='word_1_670' title='bbox 2125 3336 2184 3386; x_wconf 86' lang='grc' dir='ltr'>ού</span> <span class='ocrx_word' id='word_1_671' title='bbox 2213 3337 2436 3408; x_wconf 78' lang='grc' dir='ltr'>λῃστὴς,</span> <span class='ocrx_word' id='word_1_672' title='bbox 2461 3339 2520 3389; x_wconf 82' lang='grc' dir='ltr'>ού</span> <span class='ocrx_word' id='word_1_673' title='bbox 2547 3339 2898 3408; x_wconf 86' lang='grc' dir='ltr'>τοιχωρύχος,</span> <span class='ocrx_word' id='word_1_674' title='bbox 2921 3341 3020 3392; x_wconf 88' lang='grc' dir='ltr'>ούκ</span> <span class='ocrx_word' id='word_1_675' title='bbox 3046 3341 3202 3404; x_wconf 81' lang='grc' dir='ltr'>ἄλλος</span> <span class='ocrx_word' id='word_1_676' title='bbox 3230 3359 3311 3406; x_wconf 88' lang='grc' dir='ltr'>τις</span> <span class='ocrx_word' id='word_1_677' title='bbox 3346 3343 3452 3395; x_wconf 90' lang='grc' dir='ltr'>τῶν</span> <span class='ocrx_word' id='word_1_678' title='bbox 3484 3345 3555 3397; x_wconf 83' lang='grc' dir='ltr'>τά</span> <span class='ocrx_word' id='word_1_679' title='bbox 3582 3345 3807 3398; x_wconf 87' lang='grc' dir='ltr'>τοιαῦτα</span> 
     </span>
    </p>
   </div>
   <div class='ocr_carea' id='block_1_88' title="bbox 2125 3423 3809 3500">
    <p class='ocr_par' dir='ltr' id='par_1_88' title="bbox 2125 3423 3809 3500">
     <span class='ocr_line' id='line_1_88' title="bbox 2125 3423 3809 3500; baseline 0.007 -27"><span class='ocrx_word' id='word_1_680' title='bbox 2125 3423 2577 3492; x_wconf 87' lang='grc' dir='ltr'>κακουργούντων</span> <span class='ocrx_word' id='word_1_681' title='bbox 2606 3426 2865 3496; x_wconf 85' lang='grc' dir='ltr'>τολμήσει</span> <span class='ocrx_word' id='word_1_682' title='bbox 2891 3427 3122 3496; x_wconf 84' lang='grc' dir='ltr'>φανῆναι</span> <span class='ocrx_word' id='word_1_683' title='bbox 3148 3429 3396 3500; x_wconf 82' lang='grc' dir='ltr'>πλησίον,</span> <span class='ocrx_word' id='word_1_684' title='bbox 3422 3429 3564 3484; x_wconf 77' lang='grc' dir='ltr'>οὕτω</span> <span class='ocrx_word' id='word_1_685' title='bbox 3589 3433 3682 3485; x_wconf 74' lang='grc' dir='ltr'>καὶ</span> <span class='ocrx_word' id='word_1_686' title='bbox 3713 3433 3809 3500; x_wconf 83' lang='grc' dir='ltr'>φό-</span> 
     </span>
    </p>
   </div>
   <div class='ocr_carea' id='block_1_89' title="bbox 2125 3507 3808 3586">
    <p class='ocr_par' dir='ltr' id='par_1_89' title="bbox 2125 3507 3808 3586">
     <span class='ocr_line' id='line_1_89' title="bbox 2125 3507 3808 3586; baseline 0.008 -28"><span class='ocrx_word' id='word_1_687' title='bbox 2125 3507 2220 3562; x_wconf 87' lang='grc' dir='ltr'>ϐου</span> <span class='ocrx_word' id='word_1_688' title='bbox 2253 3510 2352 3573; x_wconf 86' lang='grc' dir='ltr'>τὰς</span> <span class='ocrx_word' id='word_1_689' title='bbox 2381 3511 2653 3581; x_wconf 83' lang='grc' dir='ltr'>ἡμετέρας</span> <span class='ocrx_word' id='word_1_690' title='bbox 2690 3514 3009 3583; x_wconf 85' lang='grc' dir='ltr'>κατέχοντος</span> <span class='ocrx_word' id='word_1_691' title='bbox 3039 3514 3235 3586; x_wconf 76' lang='grc' dir='ltr'>ψυχὰς,</span> <span class='ocrx_word' id='word_1_692' title='bbox 3270 3517 3419 3569; x_wconf 77' lang='grc' dir='ltr'>οὐδὲν</span> <span class='ocrx_word' id='word_1_693' title='bbox 3457 3519 3563 3570; x_wconf 81' lang='grc' dir='ltr'>τῶν</span> <span class='ocrx_word' id='word_1_694' title='bbox 3591 3519 3808 3572; x_wconf 77' lang='grc' dir='ltr'>ἀνελευ-</span> 
     </span>
    </p>
   </div>
   <div class='ocr_carea' id='block_1_90' title="bbox 2128 3595 3807 3674">
    <p class='ocr_par' dir='ltr' id='par_1_90' title="bbox 2128 3595 3807 3674">
     <span class='ocr_line' id='line_1_90' title="bbox 2128 3595 3807 3674; baseline 0.008 -26"><span class='ocrx_word' id='word_1_695' title='bbox 2128 3595 2300 3666; x_wconf 86' lang='grc' dir='ltr'>θέρων</span> <span class='ocrx_word' id='word_1_696' title='bbox 2351 3599 2539 3652; x_wconf 87' lang='grc' dir='ltr'>παθῶν</span> <span class='ocrx_word' id='word_1_697' title='bbox 2579 3601 2955 3670; x_wconf 84' lang='grc' dir='ltr'>ἐπεισέρχεται</span> <span class='ocrx_word' id='word_1_698' title='bbox 3005 3605 3202 3674; x_wconf 78' lang='grc' dir='ltr'>ῥᾳδίως</span> <span class='ocrx_word' id='word_1_699' title='bbox 3250 3607 3400 3674; x_wconf 80' lang='grc' dir='ltr'>ἡμῖν’</span> <span class='ocrx_word' id='word_1_700' title='bbox 3447 3607 3582 3658; x_wconf 85' lang='grc' dir='ltr'>ἀλλά</span> <span class='ocrx_word' id='word_1_701' title='bbox 3628 3608 3807 3661; x_wconf 84' lang='grc' dir='ltr'>πάντα</span> 
     </span>
    </p>
   </div>
   <div class='ocr_carea' id='block_1_91' title="bbox 2125 3683 3807 3762">
    <p class='ocr_par' dir='ltr' id='par_1_91' title="bbox 2125 3683 3807 3762">
     <span class='ocr_line' id='line_1_91' title="bbox 2125 3683 3807 3762; baseline 0.006 -26"><span class='ocrx_word' id='word_1_702' title='bbox 2125 3683 2444 3756; x_wconf 86' lang='grc' dir='ltr'>δραπετεύει</span> <span class='ocrx_word' id='word_1_703' title='bbox 2473 3688 2567 3740; x_wconf 73' lang='grc' dir='ltr'>καὶ</span> <span class='ocrx_word' id='word_1_704' title='bbox 2595 3688 2960 3756; x_wconf 86' lang='grc' dir='ltr'>φυγαδεύεται</span> <span class='ocrx_word' id='word_1_705' title='bbox 2981 3694 3046 3761; x_wconf 83' lang='grc' dir='ltr'>τῇ</span> <span class='ocrx_word' id='word_1_706' title='bbox 3069 3694 3340 3762; x_wconf 88' lang='grc' dir='ltr'>τυραννίδι</span> <span class='ocrx_word' id='word_1_707' title='bbox 3364 3693 3457 3745; x_wconf 89' lang='grc' dir='ltr'>τοῦ</span> <span class='ocrx_word' id='word_1_708' title='bbox 3479 3695 3643 3762; x_wconf 84' lang='grc' dir='ltr'>φόϐου</span> <span class='ocrx_word' id='word_1_709' title='bbox 3670 3696 3807 3749; x_wconf 84' lang='grc' dir='ltr'>πάν-</span> 
     </span>
    </p>
   </div>
   <div class='ocr_carea' id='block_1_92' title="bbox 2125 3772 3804 3850">
    <p class='ocr_par' dir='ltr' id='par_1_92' title="bbox 2125 3772 3804 3850">
     <span class='ocr_line' id='line_1_92' title="bbox 2125 3772 3804 3850; baseline 0.006 -26"><span class='ocrx_word' id='word_1_710' title='bbox 2125 3772 2279 3825; x_wconf 88' lang='grc' dir='ltr'>τοθεν</span> <span class='ocrx_word' id='word_1_711' title='bbox 2304 3772 2712 3844; x_wconf 82' lang='grc' dir='ltr'>ἐξελαυνόμενα.</span> <span class='ocrx_word' id='word_1_712' title='bbox 2742 3776 2852 3826; x_wconf 74' lang='grc' dir='ltr'>Καὶ</span> <span class='ocrx_word' id='word_1_713' title='bbox 2880 3777 2938 3828; x_wconf 80' lang='grc' dir='ltr'>οὐ</span> <span class='ocrx_word' id='word_1_714' title='bbox 2968 3778 3125 3830; x_wconf 91' lang='grc' dir='ltr'>τοῦτο</span> <span class='ocrx_word' id='word_1_715' title='bbox 3150 3779 3309 3848; x_wconf 88' lang='grc' dir='ltr'>μόνον</span> <span class='ocrx_word' id='word_1_716' title='bbox 3339 3781 3481 3832; x_wconf 77' lang='grc' dir='ltr'>ἐστὶν</span> <span class='ocrx_word' id='word_1_717' title='bbox 3505 3779 3533 3832; x_wconf 86' lang='grc' dir='ltr'>ὃ</span> <span class='ocrx_word' id='word_1_718' title='bbox 3558 3782 3804 3850; x_wconf 82' lang='grc' dir='ltr'>καρπού-</span> 
     </span>
    </p>
   </div>
   <div class='ocr_carea' id='block_1_93' title="bbox 2129 3859 3804 3938">
    <p class='ocr_par' dir='ltr' id='par_1_93' title="bbox 2129 3859 3804 3938">
     <span class='ocr_line' id='line_1_93' title="bbox 2129 3859 3804 3938; baseline 0.005 -26"><span class='ocrx_word' id='word_1_719' title='bbox 2129 3859 2268 3930; x_wconf 86' lang='grc' dir='ltr'>μεθα</span> <span class='ocrx_word' id='word_1_720' title='bbox 2311 3860 2418 3913; x_wconf 86' lang='grc' dir='ltr'>ἀπὸ</span> <span class='ocrx_word' id='word_1_721' title='bbox 2463 3861 2556 3914; x_wconf 85' lang='grc' dir='ltr'>τοῦ</span> <span class='ocrx_word' id='word_1_722' title='bbox 2604 3861 2799 3930; x_wconf 87' lang='grc' dir='ltr'>φόϐου,</span> <span class='ocrx_word' id='word_1_723' title='bbox 2846 3863 2980 3916; x_wconf 83' lang='grc' dir='ltr'>ἀλλά</span> <span class='ocrx_word' id='word_1_724' title='bbox 3027 3867 3119 3918; x_wconf 81' lang='grc' dir='ltr'>καὶ</span> <span class='ocrx_word' id='word_1_725' title='bbox 3157 3866 3341 3936; x_wconf 79' lang='grc' dir='ltr'>ἕτερον</span> <span class='ocrx_word' id='word_1_726' title='bbox 3388 3866 3569 3938; x_wconf 87' lang='grc' dir='ltr'>πολλῴ</span> <span class='ocrx_word' id='word_1_727' title='bbox 3611 3869 3804 3921; x_wconf 87' lang='grc' dir='ltr'>τούτου</span> 
     </span>
    </p>
   </div>
   <div class='ocr_carea' id='block_1_94' title="bbox 2128 3949 3806 4027">
    <p class='ocr_par' dir='ltr' id='par_1_94' title="bbox 2128 3949 3806 4027">
     <span class='ocr_line' id='line_1_94' title="bbox 2128 3949 3806 4027; baseline 0.007 -28"><span class='ocrx_word' id='word_1_728' title='bbox 2128 3950 2328 4016; x_wconf 80' lang='grc' dir='ltr'>μεῖζον.</span> <span class='ocrx_word' id='word_1_729' title='bbox 2369 3950 2445 4002; x_wconf 88' lang='grc' dir='ltr'>Ού</span> <span class='ocrx_word' id='word_1_730' title='bbox 2471 3949 2577 4020; x_wconf 87' lang='grc' dir='ltr'>γὰρ</span> <span class='ocrx_word' id='word_1_731' title='bbox 2601 3949 2665 4021; x_wconf 83' lang='grc' dir='ltr'>δὴ</span> <span class='ocrx_word' id='word_1_732' title='bbox 2689 3950 2756 4002; x_wconf 87' lang='grc' dir='ltr'>τά</span> <span class='ocrx_word' id='word_1_733' title='bbox 2781 3953 2995 4022; x_wconf 84' lang='grc' dir='ltr'>πονηρά</span> <span class='ocrx_word' id='word_1_734' title='bbox 3021 3953 3178 4022; x_wconf 87' lang='grc' dir='ltr'>ἡμῶν</span> <span class='ocrx_word' id='word_1_735' title='bbox 3205 3954 3495 4008; x_wconf 86' lang='grc' dir='ltr'>ἀπελαύνει</span> <span class='ocrx_word' id='word_1_736' title='bbox 3526 3956 3672 4026; x_wconf 84' lang='grc' dir='ltr'>πάθη</span> <span class='ocrx_word' id='word_1_737' title='bbox 3704 3958 3806 4027; x_wconf 73' lang='grc' dir='ltr'>μό-</span> 
     </span>
    </p>
   </div>
   <div class='ocr_carea' id='block_1_95' title="bbox 2125 4035 3807 4116">
    <p class='ocr_par' dir='ltr' id='par_1_95' title="bbox 2125 4035 3807 4116">
     <span class='ocr_line' id='line_1_95' title="bbox 2125 4035 3807 4116; baseline 0.007 -29"><span class='ocrx_word' id='word_1_738' title='bbox 2125 4053 2234 4101; x_wconf 92' lang='grc' dir='ltr'>νον,</span> <span class='ocrx_word' id='word_1_739' title='bbox 2272 4035 2407 4090; x_wconf 87' lang='grc' dir='ltr'>ἀλλά</span> <span class='ocrx_word' id='word_1_740' title='bbox 2441 4037 2536 4090; x_wconf 79' lang='grc' dir='ltr'>καὶ</span> <span class='ocrx_word' id='word_1_741' title='bbox 2573 4039 2753 4091; x_wconf 85' lang='grc' dir='ltr'>πᾶσαν</span> <span class='ocrx_word' id='word_1_742' title='bbox 2785 4040 2994 4107; x_wconf 79' lang='grc' dir='ltr'>εἰσάγει</span> <span class='ocrx_word' id='word_1_743' title='bbox 3025 4041 3162 4110; x_wconf 83' lang='grc' dir='ltr'>μετά</span> <span class='ocrx_word' id='word_1_744' title='bbox 3198 4041 3399 4112; x_wconf 87' lang='grc' dir='ltr'>πολλῆς</span> <span class='ocrx_word' id='word_1_745' title='bbox 3429 4043 3674 4108; x_wconf 84' lang='grc' dir='ltr'>εὐκολίας</span> <span class='ocrx_word' id='word_1_746' title='bbox 3703 4047 3807 4116; x_wconf 76' lang='grc' dir='ltr'>τὴν</span> 
     </span>
    </p>
   </div>
   <div class='ocr_carea' id='block_1_96' title="bbox 2124 4125 3802 4204">
    <p class='ocr_par' dir='ltr' id='par_1_96' title="bbox 2124 4125 3802 4204">
     <span class='ocr_line' id='line_1_96' title="bbox 2124 4125 3802 4204; baseline 0.005 -26"><span class='ocrx_word' id='word_1_747' title='bbox 2124 4127 2344 4195; x_wconf 87' lang='grc' dir='ltr'>ἀρετήν.</span> <span class='ocrx_word' id='word_1_748' title='bbox 2371 4125 2537 4178; x_wconf 84' lang='grc' dir='ltr'>Ἔνθα</span> <span class='ocrx_word' id='word_1_749' title='bbox 2559 4126 2722 4194; x_wconf 83' lang='grc' dir='ltr'>φόϐος</span> <span class='ocrx_word' id='word_1_750' title='bbox 2742 4130 2907 4193; x_wconf 81' lang='grc' dir='ltr'>ἐστὶν,</span> <span class='ocrx_word' id='word_1_751' title='bbox 2933 4132 3048 4182; x_wconf 89' lang='grc' dir='ltr'>ἐκεῖ</span> <span class='ocrx_word' id='word_1_752' title='bbox 3062 4130 3154 4182; x_wconf 75' lang='grc' dir='ltr'>καὶ</span> <span class='ocrx_word' id='word_1_753' title='bbox 3176 4130 3545 4203; x_wconf 88' lang='grc' dir='ltr'>ἐλεημοσύνης</span> <span class='ocrx_word' id='word_1_754' title='bbox 3575 4134 3802 4204; x_wconf 83' lang='grc' dir='ltr'>σπουδὴ,</span> 
     </span>
    </p>
   </div>
   <div class='ocr_carea' id='block_1_97' title="bbox 2124 4213 3803 4290">
    <p class='ocr_par' dir='ltr' id='par_1_97' title="bbox 2124 4213 3803 4290">
     <span class='ocr_line' id='line_1_97' title="bbox 2124 4213 3803 4290; baseline 0.007 -26"><span class='ocrx_word' id='word_1_755' title='bbox 2124 4213 2215 4265; x_wconf 77' lang='grc' dir='ltr'>καὶ</span> <span class='ocrx_word' id='word_1_756' title='bbox 2246 4213 2409 4283; x_wconf 79' lang='grc' dir='ltr'>εὐχῆς</span> <span class='ocrx_word' id='word_1_757' title='bbox 2442 4215 2716 4280; x_wconf 86' lang='grc' dir='ltr'>ἐπίτασις,</span> <span class='ocrx_word' id='word_1_758' title='bbox 2757 4217 2852 4269; x_wconf 61' lang='grc' dir='ltr'>καὶ⁹</span> <span class='ocrx_word' id='word_1_759' title='bbox 2888 4216 3099 4287; x_wconf 82' lang='grc' dir='ltr'>δάκρυα</span> <span class='ocrx_word' id='word_1_760' title='bbox 3131 4216 3311 4289; x_wconf 89' lang='grc' dir='ltr'>θερμά</span> <span class='ocrx_word' id='word_1_761' title='bbox 3349 4221 3441 4273; x_wconf 78' lang='grc' dir='ltr'>καὶ</span> <span class='ocrx_word' id='word_1_762' title='bbox 3486 4221 3767 4290; x_wconf 80' lang='grc' dir='ltr'>ἐπάλληλα</span> <span class='ocrx_word' id='word_1_763' title='bbox 3788 4264 3803 4283; x_wconf 90' lang='grc'>,</span> 
     </span>
    </p>
   </div>
   <div class='ocr_carea' id='block_1_98' title="bbox 2125 4301 3804 4381">
    <p class='ocr_par' dir='ltr' id='par_1_98' title="bbox 2125 4301 3804 4381">
     <span class='ocr_line' id='line_1_98' title="bbox 2125 4301 3804 4381; baseline 0.005 -28"><span class='ocrx_word' id='word_1_764' title='bbox 2125 4301 2218 4354; x_wconf 75' lang='grc' dir='ltr'>καὶ</span> <span class='ocrx_word' id='word_1_765' title='bbox 2247 4302 2537 4372; x_wconf 76' lang='grc' dir='ltr'>στεναγμοὶ</span> <span class='ocrx_word' id='word_1_766' title='bbox 2567 4302 2767 4374; x_wconf 80' lang='grc' dir='ltr'>πολλὴν</span> <span class='ocrx_word' id='word_1_767' title='bbox 2793 4303 3007 4374; x_wconf 78' lang='grc' dir='ltr'>ἔχοντες</span> <span class='ocrx_word' id='word_1_768' title='bbox 3039 4307 3138 4376; x_wconf 79' lang='grc' dir='ltr'>τὴν</span> <span class='ocrx_word' id='word_1_769' title='bbox 3161 4307 3471 4371; x_wconf 82' lang='grc' dir='ltr'>κατάνυξιν.</span> <span class='ocrx_word' id='word_1_770' title='bbox 3505 4309 3672 4361; x_wconf 76' lang='grc' dir='ltr'>Οὐδὲν</span> <span class='ocrx_word' id='word_1_771' title='bbox 3693 4309 3804 4381; x_wconf 79' lang='grc' dir='ltr'>γὰρ</span> 
     </span>
    </p>
   </div>
   <div class='ocr_carea' id='block_1_99' title="bbox 2123 4388 3804 4469">
    <p class='ocr_par' dir='ltr' id='par_1_99' title="bbox 2123 4388 3804 4469">
     <span class='ocr_line' id='line_1_99' title="bbox 2123 4388 3804 4469; baseline 0.005 -30"><span class='ocrx_word' id='word_1_772' title='bbox 2123 4388 2264 4440; x_wconf 71' lang='grc' dir='ltr'>οὕτω</span> <span class='ocrx_word' id='word_1_773' title='bbox 2306 4389 2724 4469; x_wconf 58' lang='grc' dir='ltr'>κατεσθίειομὲν</span> <span class='ocrx_word' id='word_1_774' title='bbox 2761 4393 3164 4463; x_wconf 82' lang='grc' dir='ltr'>ἁμαρτήματα,</span> <span class='ocrx_word' id='word_1_775' title='bbox 3205 4394 3405 4465; x_wconf 78' lang='grc' dir='ltr'>ἀρετὴν</span> <span class='ocrx_word' id='word_1_776' title='bbox 3440 4396 3496 4448; x_wconf 80' lang='grc' dir='ltr'>δὲ</span> <span class='ocrx_word' id='word_1_777' title='bbox 3543 4395 3804 4462; x_wconf 76' lang='grc' dir='ltr'>αὔξεσθαι</span> 
     </span>
    </p>
   </div>
   <div class='ocr_carea' id='block_1_100' title="bbox 2123 4477 3805 4552">
    <p class='ocr_par' dir='ltr' id='par_1_100' title="bbox 2123 4477 3805 4552">
     <span class='ocr_line' id='line_1_100' title="bbox 2123 4477 3805 4552; baseline 0.007 -25"><span class='ocrx_word' id='word_1_778' title='bbox 2123 4479 2267 4528; x_wconf 85' lang='grc' dir='ltr'>ποιεῖ</span> <span class='ocrx_word' id='word_1_779' title='bbox 2304 4477 2396 4529; x_wconf 55' lang='grc' dir='ltr'>καί¹</span> <span class='ocrx_word' id='word_1_780' title='bbox 2437 4477 2667 4542; x_wconf 82' lang='grc' dir='ltr'>θάλλειν,</span> <span class='ocrx_word' id='word_1_781' title='bbox 2713 4479 2788 4542; x_wconf 83' lang='grc' dir='ltr'>ὡς</span> <span class='ocrx_word' id='word_1_782' title='bbox 2827 4480 3082 4552; x_wconf 81' lang='grc' dir='ltr'>διηνεκὴς</span> <span class='ocrx_word' id='word_1_783' title='bbox 3121 4482 3286 4551; x_wconf 89' lang='grc' dir='ltr'>φόϐου</span> <span class='ocrx_word' id='word_1_784' title='bbox 3319 4484 3498 4552; x_wconf 88' lang='grc' dir='ltr'>φύσις·</span> <span class='ocrx_word' id='word_1_785' title='bbox 3528 4485 3614 4537; x_wconf 71' lang='grc' dir='ltr'>διὰ</span> <span class='ocrx_word' id='word_1_786' title='bbox 3644 4486 3805 4539; x_wconf 87' lang='grc' dir='ltr'>τοῦτο</span> 
     </span>
    </p>
   </div>
   <div class='ocr_carea' id='block_1_101' title="bbox 2121 4562 3804 4644">
    <p class='ocr_par' dir='ltr' id='par_1_101' title="bbox 2121 4562 3804 4644">
     <span class='ocr_line' id='line_1_101' title="bbox 2121 4562 3804 4644; baseline 0.007 -30"><span class='ocrx_word' id='word_1_787' title='bbox 2121 4564 2212 4615; x_wconf 89' lang='grc' dir='ltr'>τὸν</span> <span class='ocrx_word' id='word_1_788' title='bbox 2248 4564 2320 4635; x_wconf 86' lang='grc' dir='ltr'>μὴ</span> <span class='ocrx_word' id='word_1_789' title='bbox 2352 4562 2598 4628; x_wconf 76' lang='grc' dir='ltr'>συζῶντα</span> <span class='ocrx_word' id='word_1_790' title='bbox 2627 4567 2774 4636; x_wconf 84' lang='grc' dir='ltr'>φόϐῳ</span> <span class='ocrx_word' id='word_1_791' title='bbox 2813 4568 3071 4623; x_wconf 88' lang='grc' dir='ltr'>ἀδύνατον</span> <span class='ocrx_word' id='word_1_792' title='bbox 3098 4571 3492 4641; x_wconf 85' lang='grc' dir='ltr'>κατορθοῦσθαι</span> <span class='ocrx_word' id='word_1_793' title='bbox 3529 4584 3577 4611; x_wconf 72' lang='grc' dir='ltr'>ε·</span> <span class='ocrx_word' id='word_1_794' title='bbox 3611 4573 3804 4644; x_wconf 82' lang='grc' dir='ltr'>ὥσπερ</span> 
     </span>
    </p>
   </div>
   <div class='ocr_carea' id='block_1_102' title="bbox 2121 4648 3800 4731">
    <p class='ocr_par' dir='ltr' id='par_1_102' title="bbox 2121 4648 3800 4731">
     <span class='ocr_line' id='line_1_102' title="bbox 2121 4648 3800 4731; baseline 0.007 -28"><span class='ocrx_word' id='word_1_795' title='bbox 2121 4648 2213 4704; x_wconf 74' lang='grc' dir='ltr'>οὖν</span> <span class='ocrx_word' id='word_1_796' title='bbox 2236 4652 2325 4703; x_wconf 88' lang='grc' dir='ltr'>τὸν</span> <span class='ocrx_word' id='word_1_797' title='bbox 2362 4655 2416 4704; x_wconf 87' lang='grc' dir='ltr'>ἐν</span> <span class='ocrx_word' id='word_1_798' title='bbox 2448 4653 2597 4724; x_wconf 85' lang='grc' dir='ltr'>φόϐῳ</span> <span class='ocrx_word' id='word_1_799' title='bbox 2627 4654 2804 4718; x_wconf 79' lang='grc' dir='ltr'>ζῶντα</span> <span class='ocrx_word' id='word_1_800' title='bbox 2831 4657 3087 4711; x_wconf 86' lang='grc' dir='ltr'>ἀδύνατον</span> <span class='ocrx_word' id='word_1_801' title='bbox 3129 4657 3463 4731; x_wconf 81' lang='grc' dir='ltr'>διαμαρτεῖν.</span> <span class='ocrx_word' id='word_1_802' title='bbox 3501 4662 3590 4731; x_wconf 76' lang='grc' dir='ltr'>Μὴ</span> <span class='ocrx_word' id='word_1_803' title='bbox 3620 4661 3800 4714; x_wconf 89' lang='grc' dir='ltr'>τοίνυν</span> 
     </span>
    </p>
   </div>
   <div class='ocr_carea' id='block_1_103' title="bbox 2122 4738 3799 4820">
    <p class='ocr_par' dir='ltr' id='par_1_103' title="bbox 2122 4738 3799 4820">
     <span class='ocr_line' id='line_1_103' title="bbox 2122 4738 3799 4820; baseline 0.007 -31"><span class='ocrx_word' id='word_1_804' title='bbox 2122 4738 2391 4809; x_wconf 86' lang='grc' dir='ltr'>ἀλγῶμεν,</span> <span class='ocrx_word' id='word_1_805' title='bbox 2409 4741 2702 4810; x_wconf 76' lang='grc' dir='ltr'>ἀγαπητοὶ,</span> <span class='ocrx_word' id='word_1_806' title='bbox 2725 4743 2857 4815; x_wconf 86' lang='grc' dir='ltr'>μηδέ</span> <span class='ocrx_word' id='word_1_807' title='bbox 2881 4745 3313 4817; x_wconf 88' lang='grc' dir='ltr'>καταπίπτωμεν</span> <span class='ocrx_word' id='word_1_808' title='bbox 3340 4748 3430 4801; x_wconf 83' lang='grc' dir='ltr'>ἐπὶ</span> <span class='ocrx_word' id='word_1_809' title='bbox 3458 4751 3522 4819; x_wconf 82' lang='grc' dir='ltr'>τῇ</span> <span class='ocrx_word' id='word_1_810' title='bbox 3551 4749 3799 4820; x_wconf 78' lang='grc' dir='ltr'>παρούσῃ</span> 
     </span>
    </p>
   </div>
   <div class='ocr_carea' id='block_1_104' title="bbox 2123 4826 3800 4906">
    <p class='ocr_par' dir='ltr' id='par_1_104' title="bbox 2123 4826 3800 4906">
     <span class='ocr_line' id='line_1_104' title="bbox 2123 4826 3800 4906; baseline 0.007 -28"><span class='ocrx_word' id='word_1_811' title='bbox 2123 4826 2331 4896; x_wconf 73' lang='grc' dir='ltr'>θλίψει,</span> <span class='ocrx_word' id='word_1_812' title='bbox 2377 4827 2512 4881; x_wconf 85' lang='grc' dir='ltr'>ἀλλά</span> <span class='ocrx_word' id='word_1_813' title='bbox 2550 4829 2918 4901; x_wconf 86' lang='grc' dir='ltr'>θαυμάσωμεν</span> <span class='ocrx_word' id='word_1_814' title='bbox 2951 4833 3010 4885; x_wconf 90' lang='grc' dir='ltr'>τὸ</span> <span class='ocrx_word' id='word_1_815' title='bbox 3045 4833 3348 4904; x_wconf 81' lang='grc' dir='ltr'>εὐμήχανον</span> <span class='ocrx_word' id='word_1_816' title='bbox 3387 4835 3485 4906; x_wconf 79' lang='grc' dir='ltr'>τῆς</span> <span class='ocrx_word' id='word_1_817' title='bbox 3524 4836 3617 4889; x_wconf 92' lang='grc' dir='ltr'>τοῦ</span> <span class='ocrx_word' id='word_1_818' title='bbox 3661 4837 3800 4890; x_wconf 80' lang='grc' dir='ltr'>Θεοῦ</span> 
     </span>
    </p>
   </div>
   <div class='ocr_carea' id='block_1_105' title="bbox 2123 4911 3796 4995">
    <p class='ocr_par' dir='ltr' id='par_1_105' title="bbox 2123 4911 3796 4995">
     <span class='ocr_line' id='line_1_105' title="bbox 2123 4911 3796 4995; baseline 0.007 -29"><span class='ocrx_word' id='word_1_819' title='bbox 2123 4917 2332 4983; x_wconf 88' lang='grc' dir='ltr'>σοφίας.</span> <span class='ocrx_word' id='word_1_820' title='bbox 2377 4917 2454 4968; x_wconf 87' lang='grc' dir='ltr'>Δι’</span> <span class='ocrx_word' id='word_1_821' title='bbox 2497 4911 2574 4969; x_wconf 84' lang='grc' dir='ltr'>ὧν</span> <span class='ocrx_word' id='word_1_822' title='bbox 2615 4919 2723 4988; x_wconf 80' lang='grc' dir='ltr'>γὰρ</span> <span class='ocrx_word' id='word_1_823' title='bbox 2762 4920 3158 4990; x_wconf 86' lang='grc' dir='ltr'>προσεδόκησεν</span> <span class='ocrx_word' id='word_1_824' title='bbox 3189 4923 3217 4973; x_wconf 91' lang='grc' dir='ltr'>ό</span> <span class='ocrx_word' id='word_1_825' title='bbox 3245 4922 3487 4987; x_wconf 86' lang='grc' dir='ltr'>διάϐολος</span> <span class='ocrx_word' id='word_1_826' title='bbox 3514 4925 3613 4995; x_wconf 85' lang='grc' dir='ltr'>τὴν</span> <span class='ocrx_word' id='word_1_827' title='bbox 3641 4925 3796 4977; x_wconf 86' lang='grc' dir='ltr'>πόλιν</span> 
     </span>
    </p>
   </div>
   <div class='ocr_carea' id='block_1_106' title="bbox 2120 5003 3796 5082">
    <p class='ocr_par' dir='ltr' id='par_1_106' title="bbox 2120 5003 3796 5082">
     <span class='ocr_line' id='line_1_106' title="bbox 2120 5003 3796 5082; baseline 0.007 -29"><span class='ocrx_word' id='word_1_828' title='bbox 2120 5004 2151 5072; x_wconf 89' lang='grc' dir='ltr'>ἡ</span> <span class='ocrx_word' id='word_1_829' title='bbox 2163 5003 2278 5072; x_wconf 87' lang='grc' dir='ltr'>μῶν</span> <span class='ocrx_word' id='word_1_830' title='bbox 2308 5003 2631 5056; x_wconf 87' lang='grc' dir='ltr'>καταϐαλεῖν</span> <span class='ocrx_word' id='word_1_831' title='bbox 2652 5047 2666 5069; x_wconf 93' lang='grc'>,</span> <span class='ocrx_word' id='word_1_832' title='bbox 2693 5007 2782 5057; x_wconf 68' lang='grc' dir='ltr'>διὰ</span> <span class='ocrx_word' id='word_1_833' title='bbox 2815 5007 3016 5059; x_wconf 84' lang='grc' dir='ltr'>τούτων</span> <span class='ocrx_word' id='word_1_834' title='bbox 3051 5009 3218 5078; x_wconf 73' lang='grc' dir='ltr'>αὐτὴν</span> <span class='ocrx_word' id='word_1_835' title='bbox 3251 5011 3279 5061; x_wconf 89' lang='grc' dir='ltr'><strong>ὁ</strong></span> <span class='ocrx_word' id='word_1_836' title='bbox 3309 5010 3439 5074; x_wconf 81' lang='grc' dir='ltr'>Θεὸς</span> <span class='ocrx_word' id='word_1_837' title='bbox 3469 5010 3496 5049; x_wconf 73' lang='grc' dir='ltr'><em>ἀ</em></span> <span class='ocrx_word' id='word_1_838' title='bbox 3527 5011 3796 5082; x_wconf 88' lang='grc' dir='ltr'>ἀνέστησέ</span> 
     </span>
    </p>
   </div>
   <div class='ocr_carea' id='block_1_107' title="bbox 2119 5091 3798 5165">
    <p class='ocr_par' dir='ltr' id='par_1_107' title="bbox 2119 5091 3798 5165">
     <span class='ocr_line' id='line_1_107' title="bbox 2119 5091 3798 5165; baseline 0.006 -23"><span class='ocrx_word' id='word_1_839' title='bbox 2119 5107 2177 5142; x_wconf 90' lang='grc' dir='ltr'>τε</span> <span class='ocrx_word' id='word_1_840' title='bbox 2223 5093 2317 5143; x_wconf 68' lang='grc' dir='ltr'>καὶ</span> <span class='ocrx_word' id='word_1_841' title='bbox 2359 5091 2702 5161; x_wconf 84' lang='grc' dir='ltr'>ἀνώρθωσεν·</span> <span class='ocrx_word' id='word_1_842' title='bbox 2733 5095 2761 5144; x_wconf 90' lang='lat'>6</span> <span class='ocrx_word' id='word_1_843' title='bbox 2799 5095 2896 5164; x_wconf 85' lang='grc' dir='ltr'>μὲν</span> <span class='ocrx_word' id='word_1_844' title='bbox 2928 5096 3037 5165; x_wconf 73' lang='grc' dir='ltr'>γὰρ</span> <span class='ocrx_word' id='word_1_845' title='bbox 3077 5096 3319 5159; x_wconf 82' lang='grc' dir='ltr'>διάϐολος</span> <span class='ocrx_word' id='word_1_846' title='bbox 3355 5099 3647 5152; x_wconf 86' lang='grc' dir='ltr'>ἐνέπνευσέ</span> <span class='ocrx_word' id='word_1_847' title='bbox 3687 5116 3798 5153; x_wconf 88' lang='grc' dir='ltr'>τισι</span> 
     </span>
    </p>
   </div>
   <div class='ocr_carea' id='block_1_108' title="bbox 2121 5179 3796 5259">
    <p class='ocr_par' dir='ltr' id='par_1_108' title="bbox 2121 5179 3796 5259">
     <span class='ocr_line' id='line_1_108' title="bbox 2121 5179 3796 5259; baseline 0.005 -29"><span class='ocrx_word' id='word_1_848' title='bbox 2121 5179 2460 5250; x_wconf 84' lang='grc' dir='ltr'>παρανόμοις</span> <span class='ocrx_word' id='word_1_849' title='bbox 2490 5179 2816 5250; x_wconf 85' lang='grc' dir='ltr'>ἀνθρώποις,</span> <span class='ocrx_word' id='word_1_850' title='bbox 2849 5183 2942 5234; x_wconf 70' lang='grc' dir='ltr'>καὶ</span> <span class='ocrx_word' id='word_1_851' title='bbox 2968 5185 3047 5245; x_wconf 91' lang='grc' dir='ltr'>εἰς</span> <span class='ocrx_word' id='word_1_852' title='bbox 3070 5186 3195 5246; x_wconf 85' lang='grc' dir='ltr'>τοὺς</span> <span class='ocrx_word' id='word_1_853' title='bbox 3219 5184 3326 5237; x_wconf 89' lang='grc' dir='ltr'>τῶν</span> <span class='ocrx_word' id='word_1_854' title='bbox 3356 5186 3620 5255; x_wconf 87' lang='grc' dir='ltr'>βασιλέων</span> <span class='ocrx_word' id='word_1_855' title='bbox 3647 5186 3796 5259; x_wconf 85' lang='grc' dir='ltr'>ῦϐρι-</span> 
     </span>
    </p>
   </div>
   <div class='ocr_carea' id='block_1_109' title="bbox 2122 5268 3796 5346">
    <p class='ocr_par' dir='ltr' id='par_1_109' title="bbox 2122 5268 3796 5346">
     <span class='ocr_line' id='line_1_109' title="bbox 2122 5268 3796 5346; baseline 0.007 -28"><span class='ocrx_word' id='word_1_856' title='bbox 2122 5283 2221 5319; x_wconf 90' lang='grc' dir='ltr'>σαν</span> <span class='ocrx_word' id='word_1_857' title='bbox 2259 5268 2580 5338; x_wconf 89' lang='grc' dir='ltr'>ἀνδριάντας</span> <span class='ocrx_word' id='word_1_858' title='bbox 2611 5279 2659 5332; x_wconf 76' lang='grc' dir='ltr'>ε,</span> <span class='ocrx_word' id='word_1_859' title='bbox 2689 5269 2773 5321; x_wconf 83' lang='grc' dir='ltr'>ἵνα</span> <span class='ocrx_word' id='word_1_860' title='bbox 2799 5271 2893 5322; x_wconf 77' lang='grc' dir='ltr'>καὶ</span> <span class='ocrx_word' id='word_1_861' title='bbox 2922 5271 3052 5323; x_wconf 84' lang='grc' dir='ltr'>αύτὸ</span> <span class='ocrx_word' id='word_1_862' title='bbox 3075 5273 3174 5342; x_wconf 89' lang='grc' dir='ltr'>τῆς</span> <span class='ocrx_word' id='word_1_863' title='bbox 3198 5273 3402 5338; x_wconf 90' lang='grc' dir='ltr'>πόλεως</span> <span class='ocrx_word' id='word_1_864' title='bbox 3432 5275 3702 5346; x_wconf 83' lang='grc' dir='ltr'>ἀφανισθῇ</span> <span class='ocrx_word' id='word_1_865' title='bbox 3735 5277 3796 5329; x_wconf 90' lang='grc' dir='ltr'>τὸ</span> 
     </span>
    </p>
   </div>
   <div class='ocr_carea' id='block_1_110' title="bbox 2119 5353 3796 5436">
    <p class='ocr_par' dir='ltr' id='par_1_110' title="bbox 2119 5353 3796 5436">
     <span class='ocr_line' id='line_1_110' title="bbox 2119 5353 3796 5436; baseline 0.008 -30"><span class='ocrx_word' id='word_1_866' title='bbox 2119 5353 2314 5424; x_wconf 77' lang='grc' dir='ltr'>ἔδαφος</span> <span class='ocrx_word' id='word_1_867' title='bbox 2333 5373 2347 5387; x_wconf 89' lang='grc'><strong>·</strong></span> <span class='ocrx_word' id='word_1_868' title='bbox 2375 5358 2401 5408; x_wconf 89' lang='lat'>6</span> <span class='ocrx_word' id='word_1_869' title='bbox 2433 5355 2490 5408; x_wconf 86' lang='grc' dir='ltr'>δέ</span> <span class='ocrx_word' id='word_1_870' title='bbox 2519 5356 2651 5419; x_wconf 78' lang='grc' dir='ltr'>Θεὸς</span> <span class='ocrx_word' id='word_1_871' title='bbox 2688 5357 2836 5428; x_wconf 87' lang='grc' dir='ltr'>αύτῷ</span> <span class='ocrx_word' id='word_1_872' title='bbox 2861 5358 2925 5430; x_wconf 82' lang='grc' dir='ltr'>δὴ</span> <span class='ocrx_word' id='word_1_873' title='bbox 2958 5360 3132 5430; x_wconf 86' lang='grc' dir='ltr'>τούτῳ</span> <span class='ocrx_word' id='word_1_874' title='bbox 3164 5361 3241 5431; x_wconf 83' lang='grc' dir='ltr'>τῷ</span> <span class='ocrx_word' id='word_1_875' title='bbox 3271 5365 3623 5435; x_wconf 87' lang='grc' dir='ltr'>γεγενημένῳ</span> <span class='ocrx_word' id='word_1_876' title='bbox 3658 5365 3796 5436; x_wconf 86' lang='grc' dir='ltr'>πρὸς</span> 
     </span>
    </p>
   </div>
   <div class='ocr_carea' id='block_1_111' title="bbox 2120 5445 3798 5524">
    <p class='ocr_par' dir='ltr' id='par_1_111' title="bbox 2120 5445 3798 5524">
     <span class='ocr_line' id='line_1_111' title="bbox 2120 5445 3798 5524; baseline 0.007 -29"><span class='ocrx_word' id='word_1_877' title='bbox 2120 5445 2497 5515; x_wconf 84' lang='grc' dir='ltr'>σωφρονισμὸν</span> <span class='ocrx_word' id='word_1_878' title='bbox 2527 5445 2682 5515; x_wconf 83' lang='grc' dir='ltr'>ἡμῶν</span> <span class='ocrx_word' id='word_1_879' title='bbox 2721 5446 2941 5499; x_wconf 84' lang='grc' dir='ltr'>πλείονα</span> <span class='ocrx_word' id='word_1_880' title='bbox 2987 5449 3355 5520; x_wconf 85' lang='grc' dir='ltr'>ἀπεχρήσατο,</span> <span class='ocrx_word' id='word_1_881' title='bbox 3393 5452 3471 5521; x_wconf 82' lang='grc' dir='ltr'>τῷ</span> <span class='ocrx_word' id='word_1_882' title='bbox 3509 5452 3660 5523; x_wconf 83' lang='grc' dir='ltr'>φόϐῳ</span> <span class='ocrx_word' id='word_1_883' title='bbox 3692 5453 3798 5524; x_wconf 86' lang='grc' dir='ltr'>τῆς</span> 
     </span>
    </p>
   </div>
   <div class='ocr_carea' id='block_1_112' title="bbox 2119 5532 3796 5611">
    <p class='ocr_par' dir='ltr' id='par_1_112' title="bbox 2119 5532 3796 5611">
     <span class='ocr_line' id='line_1_112' title="bbox 2119 5532 3796 5611; baseline 0.007 -28"><span class='ocrx_word' id='word_1_884' title='bbox 2119 5532 2574 5603; x_wconf 82' lang='grc' dir='ltr'>προσδοκωμένης</span> <span class='ocrx_word' id='word_1_885' title='bbox 2599 5534 2826 5603; x_wconf 81' lang='grc' dir='ltr'>ἀπειλῆς</span> <span class='ocrx_word' id='word_1_886' title='bbox 2861 5537 3041 5588; x_wconf 81' lang='grc' dir='ltr'>πᾶσαν</span> <span class='ocrx_word' id='word_1_887' title='bbox 3076 5537 3322 5590; x_wconf 87' lang='grc' dir='ltr'>ἐκϐαλὼν</span> <span class='ocrx_word' id='word_1_888' title='bbox 3355 5539 3659 5611; x_wconf 76' lang='grc' dir='ltr'>ρᾳθυμίαν·</span> <span class='ocrx_word' id='word_1_889' title='bbox 3699 5543 3796 5594; x_wconf 68' lang='grc' dir='ltr'>καὶ</span> 
     </span>
    </p>
   </div>
   <div class='ocr_carea' id='block_1_113' title="bbox 2117 5621 3793 5697">
    <p class='ocr_par' dir='ltr' id='par_1_113' title="bbox 2117 5621 3793 5697">
     <span class='ocr_line' id='line_1_113' title="bbox 2117 5621 3793 5697; baseline 0.006 -25"><span class='ocrx_word' id='word_1_890' title='bbox 2117 5621 2306 5689; x_wconf 87' lang='grc' dir='ltr'>γέγονε</span> <span class='ocrx_word' id='word_1_891' title='bbox 2336 5622 2660 5684; x_wconf 73' lang='grc' dir='ltr'>τούναντίον,</span> <span class='ocrx_word' id='word_1_892' title='bbox 2691 5623 2832 5693; x_wconf 73' lang='grc' dir='ltr'>ἥπερ</span> <span class='ocrx_word' id='word_1_893' title='bbox 2856 5626 2883 5675; x_wconf 88' lang='grc' dir='ltr'>ὁ</span> <span class='ocrx_word' id='word_1_894' title='bbox 2910 5624 3118 5693; x_wconf 89' lang='grc' dir='ltr'>δαίμων</span> <span class='ocrx_word' id='word_1_895' title='bbox 3148 5626 3400 5697; x_wconf 72' lang='grc' dir='ltr'>ἠθέλησε,</span> <span class='ocrx_word' id='word_1_896' title='bbox 3434 5629 3501 5680; x_wconf 80' lang='grc' dir='ltr'>δι’</span> <span class='ocrx_word' id='word_1_897' title='bbox 3531 5622 3605 5681; x_wconf 86' lang='grc' dir='ltr'>ὧν</span> <span class='ocrx_word' id='word_1_898' title='bbox 3631 5629 3793 5693; x_wconf 78' lang='grc' dir='ltr'>αὐτὸς</span> 
     </span>
    </p>
   </div>
   <div class='ocr_carea' id='block_1_114' title="bbox 2117 5710 3796 5788">
    <p class='ocr_par' dir='ltr' id='par_1_114' title="bbox 2117 5710 3796 5788">
     <span class='ocr_line' id='line_1_114' title="bbox 2117 5710 3796 5788; baseline 0.006 -26"><span class='ocrx_word' id='word_1_899' title='bbox 2117 5711 2536 5763; x_wconf 85' lang='grc' dir='ltr'>κατεσκεύασεν.</span> <span class='ocrx_word' id='word_1_900' title='bbox 2588 5711 2651 5761; x_wconf 82' lang='grc' dir='ltr'><strong>Ἠ</strong></span> <span class='ocrx_word' id='word_1_901' title='bbox 2693 5711 2800 5779; x_wconf 82' lang='grc' dir='ltr'>γάρ</span> <span class='ocrx_word' id='word_1_902' title='bbox 2829 5710 2982 5773; x_wconf 84' lang='grc' dir='ltr'>πόλις</span> <span class='ocrx_word' id='word_1_903' title='bbox 3019 5715 3151 5782; x_wconf 84' lang='grc' dir='ltr'>ἡμῖν</span> <span class='ocrx_word' id='word_1_904' title='bbox 3191 5715 3315 5767; x_wconf 81' lang='grc' dir='ltr'>καθ’</span> <span class='ocrx_word' id='word_1_905' title='bbox 3353 5717 3590 5788; x_wconf 77' lang='grc' dir='ltr'>ἑκάστην</span> <span class='ocrx_word' id='word_1_906' title='bbox 3630 5720 3796 5772; x_wconf 68' lang='grc' dir='ltr'>ἐκκαι-</span> 
     </span>
    </p>
   </div>
   <div class='ocr_carea' id='block_1_115' title="bbox 2117 5798 3798 5874">
    <p class='ocr_par' dir='ltr' id='par_1_115' title="bbox 2117 5798 3798 5874">
     <span class='ocr_line' id='line_1_115' title="bbox 2117 5798 3798 5874; baseline 0.007 -24"><span class='ocrx_word' id='word_1_907' title='bbox 2117 5798 2361 5869; x_wconf 87' lang='grc' dir='ltr'>θαίρεται</span> <span class='ocrx_word' id='word_1_908' title='bbox 2407 5801 2505 5868; x_wconf 77' lang='grc' dir='ltr'>τὴν</span> <span class='ocrx_word' id='word_1_909' title='bbox 2551 5799 2784 5869; x_wconf 86' lang='grc' dir='ltr'>ἡμέραν,</span> <span class='ocrx_word' id='word_1_910' title='bbox 2831 5801 2930 5868; x_wconf 65' lang='grc' dir='ltr'>καὶε</span> <span class='ocrx_word' id='word_1_911' title='bbox 2973 5803 3237 5853; x_wconf 83' lang='grc' dir='ltr'>στενωποὶ</span> <span class='ocrx_word' id='word_1_912' title='bbox 3293 5805 3383 5855; x_wconf 78' lang='grc' dir='ltr'>καὶ</span> <span class='ocrx_word' id='word_1_913' title='bbox 3433 5804 3652 5874; x_wconf 74' lang='grc' dir='ltr'>ἅμφοδα</span> <span class='ocrx_word' id='word_1_914' title='bbox 3699 5809 3798 5861; x_wconf 70' lang='grc' dir='ltr'>καὶ</span> 
     </span>
    </p>
   </div>
   <div class='ocr_carea' id='block_1_116' title="bbox 2181 5951 2929 6013">
    <p class='ocr_par' dir='ltr' id='par_1_116' title="bbox 2181 5951 2929 6013">
     <span class='ocr_line' id='line_1_116' title="bbox 2181 5951 2929 6013; baseline 0.001 -17"><span class='ocrx_word' id='word_1_915' title='bbox 2181 5953 2203 6013; x_wconf 78' lang='lat'>°_</span> <span class='ocrx_word' id='word_1_916' title='bbox 2234 5951 2331 6013; x_wconf 53' lang='lat' dir='ltr'><strong>Alii</strong></span> <span class='ocrx_word' id='word_1_917' title='bbox 2350 5951 2592 6013; x_wconf 81' lang='grc' dir='ltr'>ἀμήχανον</span> <span class='ocrx_word' id='word_1_918' title='bbox 2615 5953 2929 6012; x_wconf 85' lang='grc' dir='ltr'>κατορθῶσαι.</span> 
     </span>
    </p>
   </div>
   <div class='ocr_carea' id='block_1_117' title="bbox 2179 6009 3603 6073">
    <p class='ocr_par' dir='ltr' id='par_1_117' title="bbox 2179 6009 3603 6073">
     <span class='ocr_line' id='line_1_117' title="bbox 2179 6009 3603 6073; baseline 0.008 -16"><span class='ocrx_word' id='word_1_919' title='bbox 2179 6009 2204 6073; x_wconf 62' lang='grc' dir='ltr'><strong>ᾇ</strong></span> <span class='ocrx_word' id='word_1_920' title='bbox 2234 6010 2302 6073; x_wconf 65' lang='lat' dir='ltr'>[la</span> <span class='ocrx_word' id='word_1_921' title='bbox 2325 6009 2513 6073; x_wconf 51' lang='lat' dir='ltr'>Sa&#39;vfél</span> <span class='ocrx_word' id='word_1_922' title='bbox 2545 6025 2719 6072; x_wconf 77' lang='lat' dir='ltr'>magna</span> <span class='ocrx_word' id='word_1_923' title='bbox 2740 6009 2858 6072; x_wconf 29' lang='lat' dir='ltr'>‘pars</span> <span class='ocrx_word' id='word_1_924' title='bbox 2881 6025 2995 6060; x_wconf 89' lang='lat' dir='ltr'>mss.</span> <span class='ocrx_word' id='word_1_925' title='bbox 3025 6011 3077 6060; x_wconf 85' lang='lat' dir='ltr'>In</span> <span class='ocrx_word' id='word_1_926' title='bbox 3106 6012 3224 6060; x_wconf 80' lang='lat' dir='ltr'>Mor.</span> <span class='ocrx_word' id='word_1_927' title='bbox 3250 6016 3276 6060; x_wconf 86' lang='grc' dir='ltr'>ὁ</span> <span class='ocrx_word' id='word_1_928' title='bbox 3299 6017 3418 6073; x_wconf 76' lang='grc' dir='ltr'>Θεὸς</span> <span class='ocrx_word' id='word_1_929' title='bbox 3442 6019 3603 6070; x_wconf 72' lang='lat' dir='ltr'>deost.</span> 
     </span>
    </p>
   </div>
   <div class='ocr_carea' id='block_1_118' title="bbox 2188 6071 3459 6138">
    <p class='ocr_par' dir='ltr' id='par_1_118' title="bbox 2188 6071 3459 6138">
     <span class='ocr_line' id='line_1_118' title="bbox 2188 6071 3459 6138; baseline 0.005 -17"><span class='ocrx_word' id='word_1_930' title='bbox 2188 6072 2208 6093; x_wconf 91' lang='grc'>⁶</span> <span class='ocrx_word' id='word_1_931' title='bbox 2232 6071 2343 6122; x_wconf 81' lang='lat' dir='ltr'>Sav.</span> <span class='ocrx_word' id='word_1_932' title='bbox 2375 6072 2529 6133; x_wconf 81' lang='lat' dir='ltr'>(bene)</span> <span class='ocrx_word' id='word_1_933' title='bbox 2557 6075 2619 6128; x_wconf 81' lang='grc' dir='ltr'>εἰς</span> <span class='ocrx_word' id='word_1_934' title='bbox 2635 6071 2806 6128; x_wconf 77' lang='grc' dir='ltr'>αὐτοὺς</span> <span class='ocrx_word' id='word_1_935' title='bbox 2823 6089 2866 6120; x_wconf 92' lang='grc' dir='ltr'>τ.</span> <span class='ocrx_word' id='word_1_936' title='bbox 2891 6076 2935 6134; x_wconf 89' lang='grc' dir='ltr'>β.</span> <span class='ocrx_word' id='word_1_937' title='bbox 2964 6075 3154 6135; x_wconf 74' lang='grc' dir='ltr'>ὑϐρίσαι</span> <span class='ocrx_word' id='word_1_938' title='bbox 3184 6071 3459 6138; x_wconf 61' lang='grc' dir='ltr'>ἀνδριάντος</span> 
     </span>
    </p>
   </div>
  </div>
