4112 6388
214 354 319 409 ί53

215 470 437 539 probam
470 463 916 521 consuetudinem
945 461 1277 533 deponentes
1315 479 1380 517 ex
1421 464 1620 528 anima,
1653 464 1811 518 aliam

216 573 471 614 coronam
497 557 799 627 reportetis.
830 554 896 608 Et
925 555 1062 609 sicut
1081 554 1273 624 ubique
1304 554 1373 612 de
1393 555 1604 610 civitate
1631 564 1812 611 nostra

219 662 461 716 cantant,
492 649 633 721 quod
658 648 827 718 prima
852 647 1091 701 omnium
1124 647 1173 699 iu
1201 648 1333 701 orbe
1363 656 1625 701 terrarum
1655 648 1812 702 Chri-

217 747 518 800 stianorum
554 755 746 795 nomen
777 739 942 793 induit
972 740 985 769 ¹
1016 757 1028 791 :
1057 739 1134 792 sic
1163 738 1320 792 facite
1348 747 1406 793 ut
1425 753 1611 792 omnes
1638 737 1813 793 dicant

219 837 390 892 solam
420 833 658 888 omnium
693 832 743 885 in
776 830 974 883 mundo
1022 830 1356 884 Antiochiam
1395 830 1622 900 propriis
1663 829 1814 899 jura-

221 938 400 983 menta
444 926 638 981 ﬁnibus
677 925 963 993 expulisse.
1016 924 1126 977 lmo
1168 939 1296 977 vero
1327 924 1368 976 si
1417 924 1517 977 hoc
1559 923 1678 987 ﬁat,
1709 939 1816 977 non

222 1032 423 1076 tardum
447 1021 557 1090 ipsa
577 1018 936 1081 coronabitur,
963 1032 1148 1070 verum
1174 1017 1334 1071 etiam
1352 1017 1480 1071 alias
1497 1017 1547 1070 in
1567 1017 1814 1071 eumdem

220 1114 395 1167 zelum
422 1112 646 1181 rediget.
697 1111 762 1164 Et
788 1111 923 1164 sicut
946 1108 1371 1163 Christianorum
1409 1124 1604 1163 nomen
1628 1151 1641 1173 ,
1670 1109 1818 1163 velut

222 1223 289 1260 ex
312 1205 545 1276 qundam
576 1203 719 1258 fonte
742 1202 863 1257 hinc
886 1200 1165 1272 incipiens,
1189 1210 1358 1255 totum
1383 1200 1638 1256 mundum
1664 1202 1818 1255 inun-

222 1300 374 1355 davit
411 1318 423 1353 :
457 1298 534 1352 sic
564 1296 801 1366 profecto
827 1304 882 1350 et
910 1294 1158 1349 meritum
1187 1296 1288 1349 hoc
1312 1294 1544 1349 radicem
1574 1303 1629 1348 et
1656 1309 1815 1347 occa-

296 1408 309 1436 ²
338 1422 442 1463 sav.
470 1420 523 1462 et
544 1411 733 1475 quidam
754 1418 883 1470 Mss.,
907 1422 1080 1459 nomen
1100 1407 1191 1460 sibi
1212 1408 1491 1473 adscripsit.

226 1649 453 1692 lTlDEM

1134 349 1226 403 AD
1265 348 1589 406 POPULUM
1629 348 2116 406 ANTIOCIIENUM
2194 348 2425 405 HOMIL.
2468 349 2585 405 XV.

3410 346 3514 401 154

1922 464 2126 516 sionem
2161 462 2283 516 hinc
2308 464 2545 532 capiens,
2574 476 2762 517 omnes
2796 470 2991 515 terram
3019 459 3317 515 habitantes
3350 458 3514 513 disci-

1922 556 2075 625 pulos
2094 565 2303 609 vestros
2314 556 2528 620 efﬁciet,
2541 554 2798 626 utduplcx
2819 555 2968 609 vobis
2984 564 3037 609 et
3054 554 3245 624 triplex
3264 555 3354 607 fiat
3369 568 3515 606 mer-

1921 663 2034 713 ces,
2059 648 2200 703 etde
2220 650 2448 718 propriis
2473 650 2756 716 meritis,et
2777 649 2844 704 de
2871 649 3094 703 aliorum
3114 649 3376 704 doctrina.
3404 647 3516 702 Hoc

1922 740 2223 794 diademate
2251 741 2489 810 quolibet
2530 741 2679 795 vobis
2706 742 2811 796 erit
2852 740 3182 812 Splendidius
3212 759 3224 793 :
3255 740 3357 795 hoc
3395 755 3513 795 mc-

1924 833 2169 900 tropolim
2201 833 2351 887 vobis
2377 835 2645 888 civitatem
2684 832 2840 888 faciet
2869 850 2973 889 non
3002 835 3054 888 in
3103 845 3241 889 terra
3270 840 3475 888 tantum
3505 872 3521 896 ,

1921 942 2107 979 verum
2128 936 2191 980 et
2236 928 2288 981 in
2320 928 2466 982 cmlis
2497 945 2510 980 :
2541 927 2645 982 hoc
2685 936 2740 982 et
2778 927 2930 981 nobis
2959 928 3045 982 die
3083 928 3171 983 illa
3211 927 3514 997 patrocina-

1923 1020 2085 1082 bitur,
2113 1028 2167 1074 et
2191 1018 2409 1089 justitia:
2430 1036 2681 1074 coronam
2713 1020 2865 1074 nobis
2885 1020 3072 1075 afferet
3098 1039 3111 1075 :
3138 1036 3294 1091 quam
3321 1029 3379 1075 ut
3401 1035 3521 1073 om-

1925 1126 2019 1165 nes
2041 1126 2420 1179 assequamur,
2453 1111 2610 1167 detur
2645 1114 2813 1183 gratia
2856 1121 2912 1167 et
2938 1113 3262 1183 benignitate
3308 1110 3517 1165 Domini

1926 1201 2093 1254 nostri
2130 1200 2255 1255 Jesu
2286 1202 2519 1262 Christi,
2564 1218 2683 1256 eum
2729 1219 2834 1273 quo
2862 1203 3002 1257 Patri
3045 1201 3233 1273 gloria,
3276 1202 3435 1257 simul
3467 1211 3518 1254 et

1924 1304 2110 1343 sancto
2139 1292 2379 1359 Spiritui,
2414 1310 2553 1346 nunc
2584 1303 2637 1347 et
2664 1310 2893 1364 semper,
2929 1302 2983 1350 et
3014 1296 3065 1347 in
3112 1294 3307 1349 sarcula
3338 1309 3515 1348 saecu-

1925 1383 2117 1437 lorum.
2151 1387 2341 1439 Amen.

526 1648 588 1689 IN
658 1645 1112 1688 CALAMITATEM
1174 1645 1487 1689 CIVITATIS
1542 1648 1929 1706 ANTIOCHIE,
1978 1653 2221 1699 UTILEM
2266 1655 2505 1708 UBIQUE
2562 1656 2859 1699 TIMOREM
2931 1656 3072 1699 ESSE
3139 1655 3523 1707 LUCTUMQUE

304 1752 450 1794 nisu
484 1748 856 1795 UTILIOREM,
892 1748 970 1788 ET
1000 1747 1063 1789 ιη
1100 1747 1287 1789 ILLUD
1315 1747 1580 1801 DICTUM,
1616 1750 1892 1795 annosae
1922 1751 2093 1804 QUOD
2125 1755 2188 1797 ιη
2219 1756 2422 1799 nemo
2460 1755 2846 1807 LAQUEORUM
2901 1756 3287 1799 PERTRANSIS
3339 1737 3523 1816 (Ec-

306 1835 410 1896 cli.
457 1834 517 1893 9.
561 1833 639 1891 20
673 1834 717 1911 ),
765 1851 844 1891 er
887 1848 1055 1899 QUOD
1100 1847 1284 1889 PEJUS
1325 1848 1595 1904 sonans,
1640 1849 1818 1901 QUAM
1862 1851 2197 1896 occmnns.

1562 1971 2194 2025 me

839 2108 1058 2147 ιιοιιιιιΑ
1099 2107 1132 2144 ι
1142 2107 1173 2144 γ
1183 2134 1197 2146 .

307 2188 361 2241 1.
393 2185 685 2255 Oportebat
709 2193 764 2239 et
792 2183 953 2238 hodie
981 2191 1036 2238 et
1078 2182 1353 2251 superiore
1392 2182 1614 2237 sabbato
1652 2184 1721 2239 de
1744 2201 1828 2254 je-

229 2278 381 2348 junio
412 2276 590 2331 facere
623 2290 926 2331 sermonem
958 2292 971 2328 :
1003 2274 1438 2344 intempestivum
1485 2275 1585 2330 hoc
1628 2275 1829 2331 dictum

235 2385 356 2425 esse
384 2368 579 2438 cogitet
607 2382 783 2421 nemo.
809 2364 938 2419 Nam
970 2365 1022 2420 in
1050 2364 1235 2419 diebus
1254 2364 1467 2435 quidem
1494 2366 1678 2435 jejunii
1700 2382 1833 2421 con-

234 2460 354 2513 silio
380 2459 511 2513 nihil
542 2472 677 2527 opus
705 2466 788 2511 est
812 2467 866 2510 et
893 2456 1278 2522 admonitione,
1309 2456 1421 2525 ipsa
1452 2456 1660 2511 dierum
1692 2474 1832 2527 prse-

236 2556 408 2609 sentia
443 2555 601 2608 etiam
630 2550 1114 2622 negligentissimos
1142 2549 1207 2605 ad
1230 2549 1417 2620 jejunii
1441 2559 1709 2605 certamen
1736 2566 1831 2606 ex-

237 2650 480 2713 citante;
512 2647 604 2702 sed
653 2646 903 2717 quoniam
946 2643 1220 2699 hominum
1256 2644 1408 2698 multi
1449 2644 1707 2714 jejunium
1738 2660 1833 2715 ag-

238 2741 497 2812 gressuri,
532 2749 797 2809 tamquam
827 2738 1001 2808 longae
1026 2735 1241 2791 cuidam
1270 2735 1568 2790 obsessioui
1616 2736 1834 2791 traden-

237 2834 340 2889 dus
384 2835 455 2887 sit
500 2839 714 2898 venter,
746 2831 980 2900 crapulte
1021 2836 1075 2883 et
1116 2827 1360 2883 ebrietati
1404 2837 1837 2897 praeoccupantes

242 2924 525 2993 indulgent
553 2940 568 2977 :
597 2935 915 2991 rursumque
940 2918 1141 2991 egressi
1170 2928 1417 2989 tanquam
1436 2933 1501 2972 ex
1528 2919 1683 2989 longa
1703 2935 1834 2989 qua-

239 3017 362 3071 dam
381 3017 577 3081 esurie,
606 3024 657 3070 et
677 3014 823 3085 gravi
849 3012 1038 3083 jejunii
1069 3027 1289 3067 carcere
1315 3012 1495 3076 soluti,
1522 3027 1641 3066 cum
1670 3013 1838 3067 multo

243 3114 513 3169 dedecore
539 3114 603 3167 ad
629 3127 840 3167 mensas
857 3120 1094 3176 currunt,
1123 3127 1219 3165 ceu
1247 3109 1521 3164 studentes
1547 3107 1645 3162 sibi
1667 3114 1837 3160 ortam

242 3222 309 3259 ex
348 3205 555 3275 jejunio
602 3204 880 3259 utilitatem
933 3204 1163 3273 crapula:
1204 3218 1427 3257 excessu
1469 3214 1677 3255 rursum
1717 3214 1839 3267 per-

243 3298 409 3364 dere;
439 3313 618 3367 operaa
648 3297 877 3367 pretium
908 3295 1005 3349 fuit
1030 3303 1085 3350 et
1116 3303 1260 3359 tunc,
1289 3302 1343 3347 et
1370 3307 1510 3346 nunc
1539 3292 1604 3345 de
1634 3301 1838 3358 tempe-

244 3388 415 3442 rantia
444 3388 724 3442 instituere
751 3401 1079 3443 sermonem.

319 3478 595 3533 Catamitus
623 3480 820 3532 virtutis
859 3478 1123 3548 magistra.
1155 3506 1223 3515 —
1254 3475 1633 3530 Verumtamen
1673 3487 1843 3540 neque

248 3573 395 3641 prius
415 3572 703 3641 quidquam
729 3569 1033 3639 hujusmodi
1054 3569 1306 3635 diximus,
1338 3583 1510 3637 neque
1536 3580 1678 3619 nunc
1700 3565 1845 3617 dice-

248 3679 368 3717 mus
402 3682 415 3717 :
450 3664 701 3717 instantis
726 3663 869 3716 enim
905 3661 1222 3715 calamitatis
1250 3660 1409 3713 timor
1445 3672 1543 3727 pro
1574 3656 1718 3709 omni
1745 3654 1843 3707 ad-

247 3756 543 3811 monitione
585 3764 641 3810 et
684 3755 909 3809 consilio
963 3762 1272 3808 cunctorum
1320 3752 1525 3804 animas
1576 3746 1840 3801 moderari

248 3850 409 3903 valet.
440 3848 571 3916 Quis
599 3849 738 3902 enim
764 3857 871 3900 tam
894 3847 1055 3901 miser
1080 3854 1134 3899 et
1158 3858 1513 3906 mrumnosus,
1538 3852 1595 3895 ut
1621 3842 1673 3895 in
1704 3848 1846 3894 tanta

251 3950 569 4010 tempestate
605 3938 935 3994 inebrietur?
962 3939 1080 4008 quis
1121 3946 1226 3990 tam
1274 3936 1607 3998 inscnsatus,
1638 3942 1694 3987 ut
1717 3932 1847 3986 civi-

252 4041 361 4086 tate
384 4032 461 4085 sic
480 4030 790 4096 fluctuante,
810 4038 863 4085 et
883 4028 1157 4099 naufragio
1181 4027 1269 4081 tali
1291 4026 1602 4081 imminente
1628 4039 1733 4078 non
1756 4038 1845 4076 so—

249 4122 401 4177 brius
430 4122 500 4175 sit
544 4130 599 4177 et
622 4121 824 4190 vigilet,
867 4130 922 4175 ct
950 4120 1048 4173 hac
1076 4119 1347 4172 anxietate
1384 4128 1489 4170 non
1519 4114 1845 4183 diligentius,

249 4230 413 4284 quam
443 4214 588 4268 omni
625 4214 852 4268 consilio
882 4220 938 4267 et
974 4210 1342 4266 admonitione
1378 4205 1707 4276 corrigatur?
1730 4204 1846 4258 Non

250 4304 395 4360 enim
425 4314 628 4359 tantum
666 4304 879 4360 efﬁcere
918 4303 1114 4373 poterit
1157 4314 1356 4365 sermo,
1389 4307 1644 4369 quantum
1689 4296 1849 4350 timor

250 4407 506 4467 operatur
534 4415 548 4451 :
573 4408 626 4451 et
656 4396 757 4451 hoc
784 4396 957 4465 ipsum
983 4411 1050 4449 ex
1076 4395 1161 4460 iis,
1193 4408 1312 4463 qua:
1335 4406 1475 4446 nunc
1503 4389 1845 4454 acciderunt,

252 4490 625 4543 demonstrare
667 4488 820 4543 facile
860 4496 961 4542 est.
993 4486 1135 4553 Quot
1162 4499 1392 4554 namque
1430 4494 1708 4537 sermones
1752 4480 1849 4533 im-

256 4582 559 4651 pendimus,
589 4583 919 4652 torpidorum
952 4581 1148 4634 multos
1172 4580 1541 4641 admonentes,
1575 4584 1630 4631 et
1654 4590 1849 4629 consu-

257 4675 430 4727 lentes
464 4682 523 4727 ut
554 4674 760 4728 theatra
804 4682 859 4726 et
898 4672 1040 4725 illinc
1072 4670 1445 4739 provenientes
1486 4667 1731 4721 lascivias
1764 4666 1848 4718 di-

254 4766 567 4821 mitterent?
595 4776 649 4821 et
674 4780 778 4819 non
807 4764 1180 4828 abstinebant,
1210 4762 1305 4816 sed
1334 4775 1547 4829 semper
1586 4774 1753 4827 usque
1782 4757 1849 4811 ad

256 4860 399 4915 hanc
429 4860 569 4913 diem
594 4860 659 4913 ad
684 4859 866 4913 illicita
896 4858 1200 4912 saltantium
1229 4854 1533 4925 spectacula
1560 4868 1849 4908 concurre-

259 4953 407 5016 bant,
453 4951 770 5005 diabolicam
819 4950 1135 5004 concionem
1182 4947 1439 5001 adversus
1477 4944 1569 4998 Dei
1608 4942 1852 4998 ecclesia:

258 5042 651 5113 plenitudinem
681 5040 1112 5105 constituebant,
1141 5046 1196 5095 et
1225 5038 1383 5108 hujus
1412 5036 1515 5090 loci
1544 5033 1852 5105 psalmodiis

257 5134 522 5188 clamores
549 5133 673 5189 inde
700 5149 819 5188 cum
861 5132 1027 5186 multa
1058 5130 1251 5205 sublati
1280 5128 1614 5185 vehementia
1640 5128 1851 5181 obstre-

260 5225 477 5294 pebant.
512 5224 619 5279 Sed
664 5239 791 5279 ecce
830 5240 971 5279 nunc
1019 5223 1314 5278 tacentibus
1354 5220 1507 5274 nobis
1551 5228 1605 5273 et
1630 5217 1761 5272 nihil
1787 5217 1854 5272 de

264 5317 365 5371 huc
390 5317 712 5383 dicentibus,
743 5326 934 5386 sponte
974 5314 1304 5369 orchestram
1333 5313 1717 5366 obstruxerunt
1740 5350 1754 5374 ,
1801 5316 1856 5361 et

260 5411 434 5464 circus
480 5408 862 5465 inaccessibilis
910 5408 1076 5461 factus
1107 5417 1207 5459 est.
1263 5403 1501 5458 Antehac
1550 5410 1853 5455 nostrorum

264 5500 412 5554 Iunlti
438 5499 507 5554 ad
536 5500 654 5554 illos
684 5500 1000 5562 currebant;
1036 5512 1176 5550 nunc
1202 5507 1379 5549 autem
1410 5495 1556 5547 illinc
1582 5506 1769 5545 omnes
1789 5488 1856 5543 ad

263 5594 545 5647 ecclesiam
591 5591 975 5661 confugerunt,
1027 5598 1081 5643 et
1123 5598 1363 5642 nostrum
1409 5600 1596 5640 omnes
1643 5582 1859 5636 laudant

268 5687 453 5740 Deum.

335 5776 593 5833 (Ic/tenuat
619 5778 767 5829 timor
792 5774 932 5837 τερηὶ
955 5789 1192 5827 coronam
1216 5770 1386 5832 alfert.
1406 5798 1476 5809 —
1501 5766 1657 5822 Vides
1689 5779 1860 5829 quan-

590 5864 859 5925 PATROL.
912 5863 1029 5923 Gn.
1074 5859 1291 5923 XLIX.

1940 2106 2049 2151 tum
2097 2116 2162 2153 ex
2195 2102 2384 2156 timore
2428 2102 2561 2157 lucri
2610 2101 2806 2157 factum
2852 2102 3121 2157 est?Nisi
3172 2102 3342 2155 bonus
3384 2109 3533 2153 esset

1940 2191 2119 2254 timor,
2152 2192 2274 2247 ﬁliis
2317 2203 2493 2263 patres
2524 2194 2841 2265 pedagogos
2873 2211 2977 2248 non
3006 2199 3398 2263 prmponerent,
3427 2206 3533 2245 non

1940 2283 2270 2353 legislatores
2316 2286 2622 2341 civitatibus
2666 2286 2805 2340 ullos
2851 2286 3208 2355 magistratus.
3258 2283 3395 2349 Quid
3440 2298 3535 2350 ge-

1940 2373 2112 2427 henna
2160 2376 2404 2445 gravius?
2432 2377 2526 2431 sed
2554 2377 2709 2446 hujus
2740 2387 2883 2431 metu
2916 2376 2989 2430 nil
3021 2376 3199 2430 utilius
3226 2393 3240 2428 :
3272 2373 3531 2445 gehenna:

1941 2482 2170 2536 namque
2200 2468 2359 2521 timor
2388 2468 2534 2538 regni
2580 2468 2735 2523 nobis
2761 2468 2918 2523 affert
2942 2482 3213 2522 coronam.
3249 2465 3348 2521 Ubi
3377 2465 3537 2519 timor

1941 2569 2043 2623 est,
2082 2559 2213 2613 livor
2244 2576 2348 2614 non
2375 2569 2456 2614 est
2483 2579 2495 2613 :
2526 2560 2613 2615 ubi
2643 2562 2803 2615 timor
2843 2570 2946 2626 est,
2995 2559 3342 2629 pecuniarum
3383 2572 3537 2610 amor

1943 2668 2049 2705 non
2083 2662 2244 2707 vexat
2276 2673 2287 2705 :
2318 2654 2406 2707 ubi
2436 2654 2596 2707 timor
2625 2663 2726 2718 est,
2761 2653 3056 2707 exstinctus
3087 2652 3234 2704 furor
3258 2658 3360 2715 est,
3389 2650 3539 2718 cupi-

1941 2745 2081 2799 ditas
2131 2746 2370 2815 improba
2415 2758 2678 2808 correcta,
2712 2746 2886 2798 omnis
2933 2742 3317 2798 irrationabilis
3363 2741 3539 2810 passio

1943 2838 2314 2891 exterminata.
2350 2837 2416 2891 Et
2462 2836 2603 2891 sicut
2648 2838 2700 2890 in
2731 2835 2892 2890 domo
2923 2844 3097 2889 stante
3134 2834 3300 2888 milite
3328 2847 3543 2901 semper

1943 2940 2169 2993 armato,
2202 2944 2305 2982 non
2336 2930 2492 2989 latro,
2524 2944 2631 2983 non
2663 2927 2767 2995 fur,
2799 2943 2903 2981 non
2934 2928 3072 2981 alius
3098 2927 3217 2996 quis
3249 2925 3370 2979 talia
3402 2925 3543 2978 mala

1945 3023 2269 3091 patrantium
2317 3038 2578 3093 apparere
2624 3024 2840 3092 propius
2882 3021 3139 3076 audebit:
3171 3020 3249 3074 sic
3298 3027 3353 3073 et
3398 3028 3542 3073 metu

1947 3116 2151 3168 animas
2183 3124 2393 3169 nostras
2421 3126 2738 3184 occupaute,
2768 3114 3103 3168 illiberalium
3136 3112 3279 3166 nulla
3323 3119 3540 3181 pertur-

1947 3207 2220 3261 bationum
2252 3207 2405 3260 facile
2433 3206 2588 3261 nobis
2614 3206 2874 3275 subrepit,
2905 3204 2998 3260 sed
3027 3218 3217 3259 omnes
3241 3202 3467 3271 fugiunt,
3491 3210 3546 3255 et

1948 3298 2238 3368 pelluntur,
2273 3297 2483 3352 timoris
2512 3297 2739 3366 imperio
2782 3296 3015 3366 undique
3043 3305 3265 3349 exactae.
3294 3292 3405 3347 Nec
3443 3292 3546 3345 hoc

1949 3392 2119 3444 solum
2152 3397 2234 3443 est
2264 3388 2403 3458 quod
2446 3404 2512 3443 ex
2545 3388 2735 3442 timore
2778 3388 3064 3452 lucramur,
3094 3400 3277 3439 verum
3306 3391 3360 3438 et
3401 3380 3547 3436 aliud

1952 3482 2055 3537 hoc
2086 3483 2253 3536 multo
2276 3482 2467 3551 majus.
2498 3481 2611 3535 Non
2642 3480 2787 3535 enim
2812 3478 3084 3549 improbas
3113 3487 3315 3531 tantum
3336 3483 3547 3529 nostras

1949 3576 2167 3645 expellit
2197 3577 2491 3644 passiones,
2512 3575 2604 3629 sed
2633 3583 2688 3629 et
2714 3588 2927 3627 omnem
2952 3588 3074 3627 cum
3104 3571 3266 3625 multa
3297 3569 3547 3624 facilitate

1950 3668 2201 3721 virtutem
2250 3667 2469 3721 inducit.
2504 3665 2605 3721 Ubi
2654 3666 2814 3719 timor
2843 3672 2947 3727 est,
2991 3663 3062 3717 ibi
3109 3670 3163 3716 et
3190 3662 3547 3731 eleemosyna:

1951 3759 2207 3823 studium,
2237 3768 2292 3813 et
2329 3757 2587 3812 orationis
2618 3755 2865 3820 intentio,
2913 3764 2968 3809 et
3004 3754 3255 3824 lacrymm
3282 3751 3550 3807 ferventes

1951 3864 2005 3908 et
2033 3854 2321 3917 continuas,
2366 3862 2421 3906 et
2448 3851 2680 3921 gemitus
2722 3849 2942 3903 multam
2990 3846 3247 3903 habentes
3288 3860 3550 3914 compun-

1952 3946 2207 4000 ctionem.
2238 3944 2379 3999 Nihil
2411 3945 2552 4000 enim
2582 3952 2786 3997 tantum
2813 3951 3028 4011 peccata
3058 3940 3346 4005 consumit,
3380 3939 3551 3992 virtu-

1954 4048 2170 4107 temque
2194 4051 2440 4093 crescere
2482 4034 2609 4090 facit
2636 4042 2690 4089 et
2712 4033 3035 4104 germinare,
3068 4040 3322 4101 quantum
3352 4029 3552 4083 assidui

1954 4132 2163 4185 timoris
2212 4140 2420 4183 natura.
2455 4129 2745 4196 Propterea
2776 4128 2865 4196 qui
2912 4141 3017 4179 non
3067 4124 3199 4178 vivit
3240 4124 3292 4177 in
3326 4123 3547 4188 timore,

1954 4235 2098 4279 recte
2141 4224 2290 4277 illum
2336 4237 2495 4291 agere
2525 4236 2631 4274 non
2678 4229 2762 4274 est
2811 4218 3059 4287 possibile
3092 4235 3104 4270 :
3136 4218 3273 4270 sicut
3312 4215 3549 4269 vicissim

1953 4332 2074 4371 cum
2130 4316 2322 4369 timore
2371 4314 2638 4367 viventem
2670 4320 2753 4365 est
2804 4309 3135 4379 impossibile
3180 4322 3423 4377 peccare.
3476 4307 3554 4361 Ne

1955 4408 2113 4478 igitur
2149 4407 2449 4470 doleamus,
2479 4404 2696 4467 dilecti,
2729 4416 2903 4470 neque
2930 4400 3166 4453 animum
3210 4398 3552 4466 despondea-

1956 4515 2076 4553 mus
2105 4498 2174 4552 ob
2226 4506 2547 4566 prmscnlem
2581 4492 3004 4556 tribulationem,
3054 4489 3147 4543 sed
3179 4488 3432 4543 solertem
3463 4488 3556 4541 Dei

1955 4592 2270 4660 sapientiam
2315 4588 2661 4641 admiremur.
2712 4582 2859 4636 Unde
2888 4596 3117 4649 namque
3151 4580 3419 4635 civitatem
3454 4593 3554 4631 no-

1955 4696 2120 4738 stram
2171 4683 2415 4737 diabolus
2461 4694 2521 4733 se
2561 4689 2873 4733 eversurum
2922 4674 3175 4744 speravit,
3220 4671 3398 4726 Deus‘
3428 4669 3555 4725 inde

1957 4776 2188 4832 restituit
2247 4775 2413 4844 ipsam
2469 4780 2523 4826 et
2572 4771 2824 4825 correxit.
2895 4765 3146 4822 Diabolus
3192 4777 3386 4831 nempe
3435 4760 3556 4830 qui-

1957 4869 2180 4925 busdam
2212 4868 2388 4937 impiis
2427 4864 2729 4920 hominibus
2756 4861 3053 4933 inspiravit,
3088 4869 3144 4914 ut
3168 4858 3555 4927 lmperatorum

1957 4971 2161 5016 statuas
2191 4959 2398 5028 injuriis
2440 4955 2737 5021 afﬁcerent,
2779 4968 2886 5023 quo
2912 4962 2967 5006 et
2995 4952 3171 5020 ipsum
3204 4947 3352 5003 urbis
3379 4946 3555 5000 solum

1960 5054 2365 5114 destrueretur;
2398 5050 2536 5102 Deus
2554 5056 2731 5101 autem
2760 5045 2860 5099 hoc
2886 5044 3000 5113 ipso
3029 5041 3169 5094 facto
3198 5038 3265 5093 ad
3296 5036 3557 5106 majorem

1960 5153 2196 5200 nostram
2243 5141 2631 5195 correctionem
2679 5152 2804 5191 usus
2834 5143 2953 5199 est,
2980 5139 3304 5200 exsliectatzn
3333 5128 3557 5182 commi-

1961 5237 2194 5292 nationis
2240 5239 2432 5289 timore
2460 5247 2674 5286 omnem
2706 5227 2999 5284 extrudens
3043 5235 3310 5294 torporem
3344 5239 3357 5275 :
3385 5230 3439 5274 ct
3478 5218 3557 5273 fa-

1960 5344 2103 5387 ctum
2133 5338 2216 5383 est
2262 5336 2447 5383 contra
2498 5340 2658 5394 quam
2707 5322 2919 5377 dzemon
2966 5317 3200 5381 volebat,
3233 5332 3298 5370 ex
3343 5315 3408 5369 iis
3436 5328 3555 5381 qua:

1964 5427 2077 5494 ipse
2122 5427 2407 5478 struxerat.
2442 5418 2647 5473 Civitas
2675 5416 2816 5470 enim
2846 5412 3083 5483 quotidie
3110 5410 3263 5465 nobis
3289 5420 3553 5477 expurga-

1966 5526 2129 5581 tur,et
2151 5512 2412 5584 angiporti
2437 5522 2491 5564 et
2518 5509 2655 5563 bivia
2677 5516 2731 5562 et
2751 5505 2943 5576 platem
2978 5503 3219 5557 liberatae
3240 5496 3555 5554 meretriciis

2031 5707 2044 5733 ¹
2084 5710 2146 5751 tta
2180 5708 2285 5750 Sav.
2326 5706 2378 5749 et
2414 5698 2620 5748 maxima
2659 5705 2771 5757 pars
2802 5699 2904 5741 Mss.
2945 5695 2990 5735 tn
3025 5683 3187 5735 Morel.
3226 5696 3344 5731 vero
3380 5682 3553 5737 deest,

1972 5776 2112 5817 Deus.
