4112 6388
539 290 636 344 Πςό

534 415 585 456 i-t
638 403 852 458 lubricis
892 413 1014 458 sunt
1057 405 1297 459 cantibus
1331 423 1343 458 :
1375 415 1429 460 ct
1473 420 1808 476 quocumque
1840 406 2134 476 respexerit

536 493 749 562 aliquis,
800 495 1217 564 supplicationes
1263 504 1318 550 et
1346 496 1746 552 benedictiones
1799 508 1853 552 et
1889 499 2137 570 lacrymte

540 600 640 655 pro
667 585 776 640 risu
817 587 1008 653 soluto,
1042 597 1096 642 et
1121 589 1280 644 verba
1328 589 1716 660 phil050phiain
1770 593 2014 648 lial‘entia
2043 607 2138 661 pro

541 677 721 732 verbis
765 679 1005 748 turpibus
1039 698 1052 733 :
1087 691 1136 734 et
1169 682 1394 736 ecclesia
1444 684 1580 737 facta
1627 685 1780 738 nobis
1828 695 1910 738 est
1951 685 2139 739 civitas

544 777 676 836 tota,
708 768 934 824 ol‘l‘icinis
964 772 1181 837 clausis,
1215 774 1461 828 omnibus
1490 776 1542 829 in
1570 775 1652 829 his
1686 778 1907 844 publicis
1934 776 2137 844 suppli-

494 907 498 912 ,
546 861 848 915 cationibus
876 861 1016 914 diem
1051 873 1218 917 totum
1251 866 1552 934 agentibus,
1586 880 1637 920 et
1671 868 1834 920 Deum
1867 882 1968 920 una
1997 883 2142 920 com-

547 951 800 1035 munique
855 968 987 1007 voce
1038 969 1159 1009 eum
1204 957 1368 1010 multa
1421 957 1792 1012 invocantibus
1845 958 2140 1014 alacritate.

549 1041 679 1110 Quis
701 1043 816 1098 haec
832 1061 1011 1100 sermo
1033 1063 1280 1116 umquam
1309 1050 1558 1118 expedire
1581 1051 1885 1120 pomisset?
1911 1066 2027 1120 quae
2051 1051 2144 1104 ad-

551 1136 815 1190 monitio?
836 1138 976 1208 quod
1001 1140 1318 1194 consilium?
1340 1152 1535 1210 quanta
1561 1145 1814 1212 temporis
1834 1142 2144 1214 longitudo?

620 1229 674 1280 2.
733 1229 1021 1299 Propterea
1077 1232 1188 1286 Deo
1238 1236 1435 1302 gratias
1482 1250 1721 1304 agamus,
1774 1251 1879 1290 non
1921 1235 2146 1290 moleste

552 1321 807 1390 feramus,
855 1341 954 1378 nec
986 1326 1342 1394 indignemur.
1385 1329 1538 1396 Quod
1565 1330 1708 1383 enim
1753 1331 1949 1384 bonum
1977 1329 2046 1383 sit
2085 1329 2149 1382 ti-

556 1432 693 1481 mor,
739 1427 793 1469 et
849 1427 1145 1472 memorata
1190 1419 1696 1474 demonstraverunt
1729 1440 1742 1476 :
1771 1421 1890 1475 audi
1925 1437 2049 1476 vero
2096 1431 2151 1475 et

554 1509 895 1563 Salomonem
945 1510 1012 1563 de
1068 1511 1168 1565 lioe
1217 1513 1286 1566 ita
1344 1511 1847 1582 pliilOSOphantem,
1904 1513 2148 1566 Salomo-

557 1615 702 1663 ncm,
733 1601 969 1668 inquam,
999 1602 1246 1657 omnibus
1297 1602 1611 1658 innutritum
1637 1603 1860 1668 deliciis,
1893 1614 1947 1657 et
1987 1603 2151 1656 multa

562 1693 783 1761 potitum
816 1695 1074 1749 libertate.
1123 1696 1258 1763 Quid
1288 1697 1447 1767 igitur
1493 1698 1662 1767 inquit
1686 1698 1821 1752 ille?
1873 1697 2055 1751 lllclius
2083 1707 2154 1752 est

560 1786 633 1839 ire
648 1787 700 1839 in
730 1787 932 1840 domum
955 1789 1116 1842 luctus
1139 1806 1293 1859 quam
1325 1791 1377 1843 in
1406 1789 1610 1843 domum
1638 1791 1846 1844 convivii
1874 1789 2069 1859 (I'Iccle.
2099 1790 2152 1842 '7.

565 1879 622 1948 5)
649 1877 746 1950 (a).
783 1880 920 1946 Quid
950 1891 1053 1944 est,
1094 1897 1299 1951 qutrso,
1324 1883 1466 1953 quod
1496 1883 1618 1938 ais?
1651 1883 1746 1938 Ubi
1779 1884 1970 1942 luctus,
2003 1891 2054 1934 ct
2076 1881 2154 1935 la-

563 1986 782 2040 cryiuie,
811 1982 864 2026 et
887 1973 1137 2042 gemitus,
1163 1983 1217 2028 et
1241 1974 1414 2039 dolor,
1443 1985 1494 2030 et
1521 1975 1732 2029 tristitia
1763 1983 1926 2032 tanta.
1968 1974 2156 2028 melius

564 2063 708 2117 illinc
756 2063 1064 2130 abscedere,
1113 2082 1271 2136 quam
1323 2067 1410 2122 tibi
1441 2069 1673 2134 choreze,
1718 2076 1772 2122 et
1815 2067 2076 2138 cymbala,
2106 2075 2160 2120 et

564 2155 722 2219 risns,
753 2166 806 2210 et
834 2156 1057 2225 delicim,
1083 2168 1136 2212 et
1163 2159 1399 2229 crapula,
1429 2167 1482 2214 et
1505 2159 1770 2214 ebrietas?
1797 2159 1990 2222 Etiam,
2016 2159 2089 2213 ait
2115 2159 2157 2212 ¹.

573 2246 793 2311 Verum,
837 2264 941 2318 qua
972 2248 1038 2303 de
1081 2265 1262 2313 causa,
1295 2265 1498 2320 quieso,
1528 2259 1583 2305 et
1611 2251 1972 2320 quapropter?
2015 2250 2163 2317 Quo-

572 2341 712 2394 niam
759 2341 906 2396 illinc
949 2341 1163 2412 quidem
1212 2343 1517 2412 petulantia,
1571 2343 1694 2397 hinc
1730 2359 1856 2396 vero
1905 2342 2162 2396 modestia

570 2433 805 2487 nascitur
836 2451 847 2485 :
883 2442 934 2487 et
964 2435 1005 2487 si
1036 2435 1154 2503 quis
1179 2435 1243 2488 ad
1271 2435 1620 2504 opulcntioris
1649 2435 1802 2490 abeat
1839 2435 2162 2500 convivium,

575 2539 681 2577 non
728 2525 955 2593 amplius
981 2541 1101 2579 cum
1131 2525 1315 2581 eadem
1358 2526 1539 2580 lretitia
1567 2528 1780 2581 domum
1826 2536 2121 2582 revertetur
2147 2568 2161 2591 ,

575 2614 669 2668 sed
700 2614 866 2669 ll‘iStiS
893 2617 1104 2686 quidem
1131 2617 1196 2671 ad
1228 2632 1446 2672 uxorem
1478 2618 1688 2684 redibit,
1719 2619 1885 2674 tristis
1911 2628 2086 2674 autem
2113 2629 2167 2674 et

573 2706 640 2761 de
663 2722 758 2761 sua
804 2723 985 2762 mensa
1015 2709 1373 2778 participabit,
1403 2719 1458 2764 et
1487 2711 1741 2765 molestus
1769 2711 1938 2765 servis
1963 2721 2016 2765 et
2045 2709 2167 2764 liliis

579 2809 632 2853 et
661 2800 910 2854 omnibus
951 2803 1051 2855 erit
1081 2802 1408 2869 domesticis,
1459 2820 1524 2858 ex
1567 2803 1789 2858 aliorum
1821 2805 1972 2873 copia
2017 2818 2167 2859 suam

576 2890 884 2958 diligentius
932 2903 1296 2961 paupertatem
1325 2894 1693 2948 considerans.
1724 2895 1833 2949 Nec
1865 2895 1966 2950 hoc
1994 2895 2166 2950 solum

575 2997 658 3040 est
683 3001 860 3056 grave,
896 2987 988 3041 sed
1013 2987 1062 3041 id
1090 2987 1248 3042 etiam
1276 2988 1418 3057 quod
1448 3003 1590 3057 saepe
1617 2988 1827 3043 vocanti
1855 3003 1914 3043 se
1939 2987 2005 3042 ad
2035 3002 2168 3043 con-

576 3080 773 3132 vivium
825 3080 1055 3144 invidet;
1089 3091 1142 3134 et
1187 3081 1319 3135 nihil
1374 3083 1583 3151 penitus
1625 3082 1751 3137 boni
1798 3083 2040 3153 gratique
2076 3098 2170 3137 su-

578 3188 732 3226 mens
769 3173 985 3228 domum
1019 3174 1212 3229 reverti
1241 3191 1322 3229 ur.
1370 3175 1524 3230 Circa
1576 3177 1818 3246 lugentes
1864 3192 1992 3231 vero
2041 3177 2172 3231 nihil

579 3267 687 3327 tale
732 3267 833 3328 diei
879 3277 1074 3341 potest,
1124 3268 1216 3328 sed
1263 3269 1425 3327 multa
1471 3270 1543 3328 ibi
1592 3269 1958 3342 phil050phia,
2009 3271 2170 3324 multa

558 3363 862 3418 .modestia.
921 3364 1090 3419 Simul
1141 3364 1284 3418 enim
1333 3380 1398 3419 ac
1453 3365 1715 3434 quispiam
1781 3363 1973 3419 domus
2025 3378 2172 3419 mor-

566 3467 728 3511 tuum
779 3457 1024 3513 habentis
1069 3459 1386 3513 vestibulum
1432 3458 1754 3521 ascenderit,
1782 3469 2048 3512 mortuum
2093 3459 2174 3511 in-

556 3548 745 3602 ~tuitus
777 3556 1003 3614 mutum,
1027 3549 1313 3619 jacentein,
1339 3559 1392 3604 et
1419 3565 1636 3604 uxorem
1660 3550 1836 3604 crines
1865 3549 2172 3615 vellentem,

569 3641 905 3696 lacerantem
959 3657 1162 3711 genas,
1220 3652 1274 3698 et
1319 3643 1532 3697 brachia
1583 3653 1894 3710 secantem,
1952 3643 2174 3712 corripi-

573 3741 688 3796 .tur,
735 3733 992 3799 tristatur,
1024 3744 1077 3788 et
1101 3733 1491 3788 considentium
1519 3735 1740 3804 quisque
1769 3735 1834 3788 ad
1881 3736 2176 3805 proximum

584 3824 661 3879 nil
688 3823 829 3878 aliud
869 3823 1120 3894 loquitur,
1163 3841 1320 3894 quam
1353 3826 1493 3895 quod
1543 3826 1615 3878 nil
1661 3840 1868 3889 sumus,
1897 3835 1952 3880 et
1980 3825 2178 3879 malitia

584 3925 766 3969 nostra
795 3915 863 3970 sit
890 3913 1190 3970 ineli‘abilis.
1219 3916 1354 3983 Quid
1389 3916 1468 3969 his
1507 3916 1684 3970 verbis
1725 3916 2017 3985 sapientius
2059 3930 2179 3969 esse

579 4009 776 4078 .posSit,
819 4023 940 4063 cum
968 4018 1021 4063 et
1049 4017 1251 4063 natura:
1279 4010 1539 4064 vilitatem
1587 4023 1958 4079 agnoscamus,
2003 4017 2056 4062 et
2086 4022 2181 4060 no-

587 4111 753 4156 stram
783 4117 1096 4159 accusemus
1123 4101 1537 4170 improbitatem,
1569 4110 1623 4156 et
1650 4100 1780 4154 nihil
1807 4116 1927 4154 esse
1949 4114 2181 4166 priescn-

588 4195 662 4250 tia
689 4195 982 4266 cogitemus
1017 4213 1029 4249 τ
1061 4195 1180 4249 aliis
1226 4195 1438 4264 quidem
1483 4194 1682 4260 verbis,
1711 4195 1970 4249 sententia
2005 4205 2179 4247 tamen

583 4287 778 4342 eadem
809 4287 1111 4343 Salomonis
1143 4287 1226 4341 illa
1274 4287 1552 4356 loquentes
1598 4287 1860 4340 mirabilia
1905 4297 1960 4341 et
2004 4287 2180 4339 multae

591 4379 746 4450 plena
777 4377 1147 4448 philosophiae,
1192 4377 1400 4432 Vanitas
1426 4380 1720 4441 vanitatum,
1752 4387 1798 4432 et
1831 4379 1999 4431 omnia
2037 4377 2183 4430 vani-

597 4482 674 4525 tas
704 4469 904 4541 (Eccle.
935 4471 988 4525 1.
1033 4470 1113 4538 2).
1147 4470 1462 4540 Liigentium
1493 4470 1708 4524 domum
1741 4470 2030 4539 ingressus,
2077 4477 2185 4522 sta-

592 4564 686 4615 tim
744 4562 995 4633 lacrymis
1057 4561 1362 4617 defunctum
1433 4563 1810 4632 prosequitur,
1861 4561 2070 4616 etiamsi
2118 4563 2187 4614 sit

589 4655 858 4710 inimicus.
881 4653 1067 4708 Vidisti
1095 4665 1294 4724 quanto
1322 4657 1510 4710 melior
1537 4656 1648 4710 hate
1668 4671 1824 4726 quam
1855 4655 1939 4709 illa
1963 4655 2187 4709 domus?

593 4746 689 4802 Ille
715 4749 880 4813 enim,
916 4747 1125 4802 etiamsi
1175 4750 1378 4804 amicus
1419 4748 1508 4815 sit,
1557 4749 1792 4813 invidet;
1843 4747 1928 4802 hic
1965 4756 2141 4802 autem
2170 4786 2183 4811 ,

597 4837 804 4892 etiamsi
836 4837 1080 4892 inimicus
1106 4837 1195 4904 sit,
1229 4838 1555 4910 lacrymatur
1589 4856 1603 4893 :
1631 4839 1771 4908 quod
1801 4840 2038 4893 omnium
2069 4853 2184 4892 ina-

594 4930 735 4984 xime
777 4929 916 4983 Deus
947 4930 1195 4998 exquirit,
1246 4941 1303 4984 ut
1344 4946 1449 4985 non
1496 4930 1810 4985 insultemus
1856 4929 1940 4993 iis,
1972 4930 2058 4999 qui
2090 4943 2188 4984 nos

593 5021 998 5076 contristavere.
1029 5021 1143 5076 Non
1172 5020 1289 5076 haec
1308 5032 1486 5076 autem
1518 5022 1629 5076 sola
1656 5033 1874 5090 possunt
1899 5022 2022 5075 hinc
2047 5021 2182 5075 bona

665 5150 677 5178 '
709 5146 841 5201 Haec,
867 5141 1013 5193 etiam
1039 5141 1123 5200 ait,
1149 5140 1196 5189 in
1219 5145 1326 5191 solo
1355 5143 1524 5190 Morel.
1549 5142 1744 5188 desunt.

665 5209 735 5267 (α)
765 5209 814 5254 lii
834 5199 1118 5267 hasvoces,
1138 5217 1279 5267 quum
1304 5204 1350 5252 in
1375 5204 1571 5267 domum
1591 5199 1813 5267 convivii,
1842 5202 2194 5267 boc‘dederunt

601 5263 839 5317 monitum
866 5265 1090 5314 editores
1113 5263 1308 5319 Veneti,
1336 5280 1380 5327 p.
1406 5265 1508 5313 155.
1541 5265 1589 5312 Β.
1620 5264 1649 5312 6
1675 5279 1686 5312 :
1719 5280 1736 5310 ‹
1768 5264 1820 5309 lit
1851 5263 1996 5312 verba
2022 5273 2203 5316 sanctis

604 5329 814 5391 pagitne,
843 5334 990 5390 prout
1013 5328 1091 5392 hic
1114 5343 1139 5376 a
1165 5328 1594 5392 D.._Chrysost_omo
1636 5328 1969 5392 referuntur,”
1987 5327 2204 5375 lidelitcr

604 5383 876 5448 vertamus,
899 5404 991 5438 vox
1017 5388 1147 5440 risus
1170 5383 1510 5438 substituenda
1535 5394 1613 5436 est
1635 5391 1740 5437 voci
1765 5383 1969 5449 convivii
1992 5399 2008 5435 :
2029 5402 2202 5449 qnam-

607 5454 678 5503 vis
711 5469 810 5503 tum
840 5454 1071 5513 Vulgata,
1098 5452 1545 5512 tum-Septuaginta
1573 5465 1708 5513 cumq
1734 5448 1966 5513 hebraieo
1991 5462 2196 5497 consen-

607 5515 749 5575 tiant;
775 5510 1009 5577 quodque
1037 5510 1215 5577 mirum
1248 5510 1669 5577 magis—videatur,
1695 5510 1802 5574 ipse
1827 5510 2201 5570 Chrysostumus

604 5573 808 5625 sensum
854 5573 1084 5625 lectionis
1123 5573 1384 5635 hebraicze,
1432 5577 1478 5622 in
1527 5574 1584 5621 iis
1631 5573 1742 5635 qua:
1778 5580 2075 5635 sequuntur,
2118 5586 2200 5621 re-

606 5643 792 5699 spexit,
815 5646 867 5686 et
910 5639 1058 5700 paulo
1102 5633 1308 5700 inferius
1333 5637 1446 5700 (col.
1479 5635 1581 5700 liiG,
1617 5633 1662 5682 l.“
1681 5635 1757 5693 11)
1785 5633 2014 5700 eumdem
2041 5635 2200 5700 locum

609 5695 883 5765 .‘ialottmnis
906 5695 1367 5765 detritoproferens,
1394 5696 1536 5756 legit,
1560 5710 1669 5746 cum
1694 5698 2004 5758 septuaginta
2045 5695 2199 5746 luter-

611 5764 852 5824 pret'ibus,
880 5759 1102 5822 convivii,
1129 5773 1241 5821 non,
1270 5759 1416 5809 risus.
1446 5773 1462 5806 ι

1282 290 1338 346 S.
1375 290 1651 348 JOANNIS
1691 291 2168 349 CIIEYSOS’IOMI
2211 291 2526 347 ARCHIEP.
2559 287 3092 346 CONSTANTINOP.

3721 275 3828 332 ἐῖΒῦ

2243 407 2475 478 excerpi,
2505 423 2686 461 verum
2733 415 2786 461 et
2824 405 2924 459 alia
2957 405 3038 458 his
3065 418 3168 457 non
3201 401 3426 455 minora.
3471 398 3678 453 Etenim
3707 411 3831 466 prc-

2242 509 2481 555 catorum
2512 498 2734 577 quisque
2777 512 2993 552 suorum
3026 494 3403 558 reminiscitur,
3445 490 3706 546 tremendi
3735 491 3837 543 tri-

2246 592 2451 645 bunalis
2490 602 2544 646 et
2593 605 2868 660 pinnarum
2921 589 3132 642 illarum
3176 597 3231 641 et
3269 584 3476 656 judicii,
3519 599 3581 638 ac
3613 583 3738 637 licet
3765 583 3838 635 sit

2246 683 2448 737 inﬁnita
2480 684 2546 737 ab
2572 681 2689 736 aliis
2720 695 2907 752 passus
2929 680 3088 744 mala,
3115 687 3170 733 et
3185 677 3327 731 domi
3351 675 3590 730 tristitias
3618 673 3837 736 habeat,

2250 775 2487 844 ipsorum
2515 774 2752 827 omnium
2782 771 2986 826 medela
3027 779 3201 838 capta,
3234 769 3303 822 ita
3347 768 3651 820 revertitur.
3679 762 3842 832 Cogi-

2249 875 2366 920 tans
2388 867 2528 920 enim
2559 875 2613 920 et
2639 881 2696 920 se
2719 874 2774 920 et
2816 879 2910 918 eos
2947 876 3159 925 omnes,
3188 860 3276 929 qui
3318 858 3565 927 superbia
3589 866 3799 910 tument
3823 895 3838 917 ,

2250 958 2475 1028 idipsuin
2522 957 2672 1011 brevi
2714 970 2965 1026 passuros
3008 967 3149 1018 esse,
3203 961 3257 1006 et
3301 949 3603 1004 transitoria
3647 957 3842 1002 cuncta

2249 1051 2532 1118 priesentia
2560 1063 2700 1114 esse,
2724 1049 2834 1102 sive
2860 1046 3040 1102 suavia
3073 1045 3180 1099 sint
3207 1044 3318 1096 sive
3349 1042 3538 1105 tristia,
3572 1037 3846 1094 tristitiam

2250 1151 2306 1196 et
2341 1140 2595 1196 invidiam
2624 1155 2834 1195 omnem
2861 1139 3154 1208 deponens,
3187 1145 3240 1191 et
3280 1136 3446 1190 levem
3476 1133 3702 1187 reddens
3728 1131 3847 1184 ani-

2253 1248 2417 1300 mam,
2462 1243 2515 1288 et
2544 1235 2841 1298 relevatus,
2872 1230 2951 1286 sic
2995 1229 3213 1284 domum
3255 1237 3550 1283 revertetur
3581 1243 3592 1277 :
3623 1236 3678 1279 et
3720 1224 3845 1278 hinc

2255 1327 2582 1382 mansuetior
2608 1334 2706 1379 erit
2735 1325 2784 1378 in
2816 1339 3024 1390 omnes,
3056 1334 3109 1378 et
3134 1322 3432 1384 humanior,
3467 1319 3762 1390 benignior,
3790 1327 3846 1372 et

2255 1419 2563 1489 sapientior,
2609 1418 2907 1471 futurorum
2941 1417 3133 1470 timore
3173 1415 3336 1485 ipsius
3383 1412 3611 1466 atiiniaiii
3657 1411 3846 1464 subin-

2255 1526 2440 1582 gresso
2478 1521 2532 1565 et
2580 1525 2766 1563 omnes
2808 1509 2990 1578 Spinas
3031 1507 3363 1561 ahsmnentc.
3400 1504 3465 1558 Et
3508 1505 3620 1557 lucc
3665 1501 3844 1554 omnia

2257 1605 2686 1677 cognoscensille
2706 1603 2937 1668 dicebat,
2960 1601 3146 1656 Melius
3167 1614 3237 1657 cst
3263 1603 3336 1654 ire
3354 1603 3419 1653 ad
3441 1603 3642 1652 domum
3660 1601 3845 1658 liii-tus,

2260 1717 2412 1763 quam
2441 1699 2508 1751 ad
2545 1698 2750 1751 domum
2789 1695 2998 1750 convivii
3027 1693 3221 1762 (Hrcle.
3256 1694 3306 1746 7.
3341 1693 3417 1758 3).
3471 1691 3614 1743 Illinc
3646 1701 3846 1755 torpor,

2261 1793 2386 1846 hinc
2411 1793 2648 1846 anxietas
2672 1789 2904 1844 nascitur
2932 1805 2944 1841 :
2980 1787 3123 1842 illinc
3160 1795 3510 1854 contemptus,
3542 1782 3663 1834 hinc
3693 1781 3849 1833 timor

2261 1889 2326 1942 ad
2357 1903 2569 1942 omnem
2603 1902 2698 1940 nos
2727 1886 2973 1939 virtutem
2996 1881 3264 1937 deducens
3295 1881 3332 1930 '.
3365 1878 3471 1931 Nisi
3495 1877 3688 1929 bonum
3711 1881 3850 1928 esset

2267 1982 2447 2044 timor,
2479 1995 2582 2032 non
2614 1978 2811 2032 multos
2858 1975 3203 2046 impendisset
3227 1971 3468 2026 Christus
3497 1982 3773 2025 sermones
3799 1978 3858 2021 et

2265 2057 2472 2143 longos,
2509 2072 2576 2124 de
2623 2085 2775 2140 pu-na
2822 2079 2873 2123 et
2923 2067 3181 2138 supplicio
3227 2066 3331 2119 ilhc
3377 2063 3564 2116 liitiiris
3610 2062 3852 2128 loquens.

2266 2165 2448 2220 Timor
2475 2166 2545 2218 nil
2574 2163 2715 2218 aliud
2743 2173 2842 2226 est,
2873 2177 3030 2232 quam
3063 2175 3245 2214 murus
3275 2169 3328 2213 et
3369 2155 3776 2215 munimentum,
3803 2161 3856 2206 ct

2269 2259 2430 2313 turris
2472 2256 2896 2328 inexpugnabilis
2928 2273 2941 2310 :
2969 2254 3167 2310 etenim
3190 2252 3351 2306 multa
3385 2249 3536 2304 nobis
3564 2245 3858 2300 munitione

2268 2365 2402 2422 Opus
2445 2361 2566 2412 est;
2609 2349 2732 2419 quia
2783 2347 2962 2402 multa:
3010 2355 3135 2400 sunt
3178 2343 3407 2411 undique
3455 2336 3681 2397 insidim,
3725 2335 3863 2387 sicut

2276 2444 2389 2514 ipse
2413 2441 2663 2498 Salomon
2694 2455 2902 2496 rursum
2925 2438 3000 2494 sic
3037 2437 3332 2491 admonens
3365 2431 3574 2486 dicebat
3598 2450 3611 2481 .
3637 2433 3863 2496 Agnosre

2270 2537 2470 2606 quodin
2493 2535 2656 2588 medio
2673 2537 2968 2602 laqueorum
2997 2530 3201 2591 transis,
3235 2538 3278 2581 ct
3298 2543 3446 2590 super
3470 2522 3863 2590 prOpugnaculis

2271 2629 2407 2682 urbis
2435 2629 2454 2658 ¹
2476 2628 2704 2680 ambulas
2735 2625 2920 2692 (h‘rrli.
2949 2624 3000 2679 9.
3045 2622 3162 2687 9.0).
3202 2621 3376 2687 l‘apa‘,
3420 2627 3548 2685 quot
3603 2614 3864 2666 bonorum

2274 2722 2487 2790 plenum
2537 2728 2622 2774 est
2673 2718 2772 2772 hoc
2822 2716 3076 2779 verbum,
3130 2728 3226 2768 nec
3274 2710 3449 2765 minus
3497 2721 3654 2776 quam
3703 2715 3864 2772 supc-

2273 2812 2382 2866 rius
2405 2812 2418 2866 ε

2348 2903 2412 2957 In
2445 2905 2630 2957 mundo
2675 2903 2823 2972 plena
2861 2902 3028 2954 omnia
3061 2898 3270 2964 laqueis.
3299 2921 3364 2933 —
3406 2892 3579 2960 Ipsum
3626 2890 3785 2958 igitur
3814 2885 3866 2938 in

2275 3007 2452 3053 mente
2474 2998 2696 3066 quisque
2725 3004 2902 3050 nostra
2925 2995 3237 3054 scribamus,
3261 2998 3314 3044 et
3339 3000 3550 3054 semper
3582 2987 3633 3036 in
3664 2993 3868 3034 inemo-

2279 3090 2354 3143 ria
2385 3089 2840 3153 circuinfcramtis,
2874 3097 2922 3139 et
2952 3101 3055 3138 non
3089 3082 3238 3136 faeile
3286 3081 3642 3149 peccauimus.
3677 3070 3868 3126 Inscri-

2281 3184 2464 3237 hainus
2513 3183 2656 3252 prius
2711 3183 2879 3251 ipsum
2927 3194 3047 3234 cum
3095 3175 3238 3231 omni
3279 3175 3548 3243 diligentia
3578 3171 3868 3222 discentes.

2279 3274 2392 3328 Non
2437 3275 2581 3328 enim
2631 3273 2799 3326 dixit:
2833 3271 3025 3340 Aspice
3074 3269 3211 3336 quod
3245 3281 3295 3320 ιιι
3341 3263 3516 3319 medio
3561 3265 3870 3328 laqueorum

2280 3367 2592 3440 pertransis,
2625 3366 2742 3427 sed,
2794 3365 3036 3435 Agnosre.
3090 3360 3156 3414 Et
3192 3372 3356 3429 quare
3401 3357 3550 3412 dixit.
3605 3348 3871 3421 Agnone?

2281 3464 2640 3520 Obtunbratus
2665 3468 2767 3520 est,
2808 3456 2998 3525 inquit,
3032 3455 3250 3522 laqueus
3282 3468 3293 3502 :
3328 3450 3430 3502 hoc
3468 3461 3610 3501 Cltllll
3655 3448 3872 3509 laqueus

2282 3565 2382 3617 est,
2406 3553 2620 3625 quando
2643 3567 2746 3606 non
2770 3557 2951 3620 aperte
2971 3558 3116 3601 mors
3137 3552 3376 3611 apparet,
3403 3553 3571 3607 neque
3595 3535 3872 3588 niaiiilesta

2283 3645 2484 3710 clades,
2536 3644 2628 3700 sed
2675 3644 2907 3712 undique
2955 3641 3167 3694 obtecta
3196 3632 3404 3705 adiacet
3435 3648 3448 3684 :
3484 3639 3764 3698 propterea
3795 3627 3874 3676 di-

2283 3739 2379 3803 xit,
2430 3739 2676 3809 Agnosco.
2727 3735 2886 3790 Multa
2920 3732 3010 3787 tibi
3061 3745 3195 3800 opus
3221 3740 3303 3783 est
3348 3719 3798 3780 consideratione.
3825 3724 3875 3772 et

2285 3830 2521 3900 diligenti
2549 3828 2914 3882 scrutatione:
2940 3825 3079 3879 sicut
3115 3820 3255 3876 enini
3288 3819 3435 3888 pueri
3468 3827 3604 3870 terra
3636 3815 3875 3880 laqueos,

2285 3924 2364 3977 sic
2411 3922 2651 3976 diabolus
2695 3919 2815 3973 vita:
2860 3913 3222 3984 voluptatibus
3259 3919 3470 3980 peccata
3519 3902 3876 3960 circumtesit.

2287 4013 2394 4069 Sed
2441 4027 2670 4083 agnosce
2725 4019 3062 4080 perscrutans
3110 4005 3436 4074 diligenter:
3469 4009 3523 4053 et
3573 3997 3617 4050 si
3670 3997 3878 4048 lucrum

2287 4107 2597 4170 occurrerit,
2647 4118 2715 4158 ne
2760 4103 2964 4156 lucrum
3015 4097 3242 4167 aspicias
3288 4093 3482 4155 solum,
3514 4090 3607 4146 sed
3640 4097 3882 4143 scrutare

2287 4201 2584 4271 diligenter,
2612 4212 2678 4253 nc
2705 4195 2839 4251 forte
2867 4207 3011 4248 mors
3040 4201 3094 4247 et
3121 4199 3395 4260 peccatum
3426 4185 3560 4238 intra
3583 4184 3790 4237 liieruni
3813 4178 3883 4231 sit

2288 4291 2657 4347 absconditum
2691 4307 2706 4344 :
2737 4299 2791 4342 et
2838 4287 2882 4341 si
2920 4284 3135 4347 videris,
3169 4282 3368 4347 refugo.
3401 4278 3601 4330 liursus
3627 4289 3748 4328 cuin
3791 4271 3884 4324 de-

2289 4388 2502 4443 lectatio
2533 4394 2586 4440 et
2623 4382 2866 4452 voluptas
2912 4376 3220 4441 occurrerit,
3263 4390 3329 4427 ne
3359 4371 3681 4438 voluptatem
3710 4365 3883 4419 solum

2291 4480 2567 4550 respicias,
2610 4476 2702 4532 sed
2735 4489 2800 4530 ne
2832 4473 2968 4526 forte
3012 4469 3258 4538 iniquitas
3295 4465 3468 4532 aliqua
3499 4462 3551 4515 in
3597 4457 3886 4550 voluptatis

2294 4547 2554 4642 pro—fundo
2584 4567 2896 4620 obumbrata
2946 4563 3034 4626 sit,
3087 4560 3367 4628 diligenter
3410 4550 3714 4616 considera,
3760 4547 3885 4642 etsi

2294 4640 2578 4725 inveneris,
2612 4659 2834 4715 resilito.
2875 4658 2998 4711 Sive
3021 4653 3262 4708 consulat
3289 4648 3570 4720 quispiam,
3620 4644 3733 4698 sive
3758 4640 3887 4694 adu-

2296 4759 2454 4823 letur,
2484 4755 2595 4810 sive
2622 4753 2966 4820 obsequatur,
2998 4746 3110 4800 sive
3155 4746 3384 4798 honores
3411 4737 3746 4808 polliceatur,
3775 4731 3888 4786 sive

2295 4850 2666 4922 quodcumque
2695 4841 2872 4905 aliud;
2907 4838 3084 4893 omnia
3128 4851 3249 4890 cum
3298 4829 3568 4900 diligentia
3613 4825 3889 4881 examine-

2298 4920 2436 5010 mus,
2481 4954 2537 4996 et
2581 4940 2811 5007 undique
2859 4931 3296 4992 consideremus,
3341 4942 3408 4978 ne
3449 4923 3586 4977 forte
3635 4920 3890 5010 damnum

2296 5007 2531 5108 aliquod,
2562 5049 2628 5087 ne
2676 5034 2812 5084 forte
2857 5025 3147 5096 periculum
3179 5017 3390 5088 aliquod
3420 5031 3484 5071 ex
3515 5011 3763 5108 consilio,
3809 5007 3892 5062 vel

2298 5103 2524 5192 honore,
2559 5125 2639 5178 vel
2671 5120 2930 5190 obsequio
2961 5116 3114 5172 nobis
3135 5111 3368 5176 eveniat,
3393 5117 3446 5163 et
3471 5121 3538 5160 ne
3566 5103 3814 5159 celeriter
3843 5109 3897 5153 et

2299 5220 2690 5277 inconsiderate
2737 5226 3099 5271 accurramus.
3145 5207 3201 5264 Si
3229 5205 3372 5262 enim
3417 5216 3554 5256 unus
3601 5208 3805 5253 tantum
3840 5201 3897 5247 et

2299 5315 2404 5369 duo
2436 5311 2604 5382 laquei
2638 5309 2831 5371 l‘orcnt,
2868 5305 3034 5359 facilis
3061 5310 3202 5356 esset
3225 5294 3504 5357 custodia;
3537 5304 3676 5345 nunc
3715 5296 3900 5341 autem

2301 5409 2534 5477 ipsorum
2589 5404 2977 5458 nlllllillltiillt‘lll
3034 5395 3318 5450 ostendere
3369 5390 3556 5444 volens
3598 5384 3898 5477 Salomon,

2301 5474 2569 5572 quomodo
2599 5498 2726 5552 dicit
2747 5494 2930 5548 audias
2961 5509 2972 5542 :
3007 5491 3232 5559 Aguosce
3257 5483 3392 5554 quod
3421 5483 3472 5534 in
3501 5477 3663 5532 medio
3690 5474 3901 5570 laqueo-

2301 5611 2413 5646 i-iim
2445 5589 2740 5661 poi-transis.
2781 5585 2895 5640 Non
2926 5583 3076 5644 dixit,
3124 5578 3282 5634 Juxta
3323 5577 3538 5644 laqueos
3566 5577 3857 5640 pertransw
3883 5600 3901 5629 ,

2369 5710 2382 5738 ¹
2424 5705 2506 5753 Alii
2537 5719 2549 5753 :
2582 5702 2699 5752 Hinc
2726 5701 2887 5760 timor,
2906 5700 3046 5751 timor
3065 5696 3132 5746 ad
3153 5704 3356 5750 omnem,
3378 5695 3474 5740 etc.

2370 5773 2388 5801 ι
2427 5768 2528 5824 alii,
2555 5764 2760 5816 urbium.

3685 5801 3708 5822 ι
