  <div class='ocr_page' id='page_1' title='image "/cluster/home/n/w/nwhite01/storage/ocr_20150623/49/nnc1.0046978208/154.png"; bbox 0 0 4112 6388; ppageno 0'>
   <div class='ocr_carea' id='block_1_1' title="bbox 166 414 277 470">
    <p class='ocr_par' dir='ltr' id='par_1_1' title="bbox 166 414 277 470">
     <span class='ocr_line' id='line_1_1' title="bbox 166 414 277 470; baseline -0.018 -1"><span class='ocrx_word' id='word_1_1' title='bbox 166 414 277 470; x_wconf 69' lang='grc'>135</span> 
     </span>
    </p>
   </div>
   <div class='ocr_carea' id='block_1_2' title="bbox 159 524 1840 600">
    <p class='ocr_par' dir='ltr' id='par_1_2' title="bbox 159 524 1840 600">
     <span class='ocr_line' id='line_1_2' title="bbox 159 524 1840 600; baseline -0.004 -17"><span class='ocrx_word' id='word_1_2' title='bbox 159 529 356 600; x_wconf 75' lang='grc' dir='ltr'>ἀγοραὶ</span> <span class='ocrx_word' id='word_1_3' title='bbox 375 526 483 581; x_wconf 75' lang='grc' dir='ltr'>τῶν</span> <span class='ocrx_word' id='word_1_4' title='bbox 510 525 784 597; x_wconf 89' lang='grc' dir='ltr'>πορνικῶν</span> <span class='ocrx_word' id='word_1_5' title='bbox 810 527 905 578; x_wconf 80' lang='grc' dir='ltr'>καὶ</span> <span class='ocrx_word' id='word_1_6' title='bbox 930 525 1407 600; x_wconf 86' lang='grc' dir='ltr'>διακεκλασμένων</span> <span class='ocrx_word' id='word_1_7' title='bbox 1447 524 1840 595; x_wconf 83' lang='grc' dir='ltr'>ἀπηλλάγησαν</span> 
     </span>
    </p>
   </div>
   <div class='ocr_carea' id='block_1_3' title="bbox 161 599 1844 688">
    <p class='ocr_par' dir='ltr' id='par_1_3' title="bbox 161 599 1844 688">
     <span class='ocr_line' id='line_1_3' title="bbox 161 599 1844 688; baseline -0.002 -18"><span class='ocrx_word' id='word_1_8' title='bbox 161 599 438 688; x_wconf 67' lang='grc' dir='ltr'>ᾀσμάτων,</span> <span class='ocrx_word' id='word_1_9' title='bbox 457 615 547 669; x_wconf 71' lang='grc' dir='ltr'>καὶ</span> <span class='ocrx_word' id='word_1_10' title='bbox 562 617 806 682; x_wconf 83' lang='grc' dir='ltr'>ὅπουπερ</span> <span class='ocrx_word' id='word_1_11' title='bbox 829 615 894 668; x_wconf 82' lang='grc' dir='ltr'>ἄν</span> <span class='ocrx_word' id='word_1_12' title='bbox 918 632 1001 678; x_wconf 90' lang='grc' dir='ltr'>τις</span> <span class='ocrx_word' id='word_1_13' title='bbox 1025 613 1127 686; x_wconf 78' lang='grc' dir='ltr'>ἴδῃ,</span> <span class='ocrx_word' id='word_1_14' title='bbox 1144 613 1287 666; x_wconf 77' lang='grc' dir='ltr'>λιταὶ</span> <span class='ocrx_word' id='word_1_15' title='bbox 1301 599 1451 685; x_wconf 70' lang='grc' dir='ltr'>[ι’δδ]</span> <span class='ocrx_word' id='word_1_16' title='bbox 1467 612 1844 682; x_wconf 70' lang='grc' dir='ltr'>καὶεύφημίαι</span> 
     </span>
    </p>
   </div>
   <div class='ocr_carea' id='block_1_4' title="bbox 160 701 1846 773">
    <p class='ocr_par' dir='ltr' id='par_1_4' title="bbox 160 701 1846 773">
     <span class='ocr_line' id='line_1_4' title="bbox 160 701 1846 773; baseline -0.004 -15"><span class='ocrx_word' id='word_1_17' title='bbox 160 705 252 758; x_wconf 81' lang='grc' dir='ltr'>καὶ</span> <span class='ocrx_word' id='word_1_18' title='bbox 284 704 492 773; x_wconf 80' lang='grc' dir='ltr'>δάκρυα</span> <span class='ocrx_word' id='word_1_19' title='bbox 526 703 644 756; x_wconf 84' lang='grc' dir='ltr'>ἀντί</span> <span class='ocrx_word' id='word_1_20' title='bbox 671 703 904 771; x_wconf 79' lang='grc' dir='ltr'>γέλωτος</span> <span class='ocrx_word' id='word_1_21' title='bbox 937 702 1171 756; x_wconf 80' lang='grc' dir='ltr'>ἀτάκτου</span> <span class='ocrx_word' id='word_1_22' title='bbox 1195 745 1207 768; x_wconf 93' lang='grc'>,</span> <span class='ocrx_word' id='word_1_23' title='bbox 1251 703 1344 755; x_wconf 85' lang='grc' dir='ltr'>καὶ</span> <span class='ocrx_word' id='word_1_24' title='bbox 1380 704 1444 772; x_wconf 78' lang='grc' dir='ltr'>ρή</span> <span class='ocrx_word' id='word_1_25' title='bbox 1456 719 1600 772; x_wconf 87' lang='grc' dir='ltr'>ματα</span> <span class='ocrx_word' id='word_1_26' title='bbox 1633 701 1846 770; x_wconf 91' lang='grc' dir='ltr'>φιλοσο-</span> 
     </span>
    </p>
   </div>
   <div class='ocr_carea' id='block_1_5' title="bbox 160 787 1844 861">
    <p class='ocr_par' dir='ltr' id='par_1_5' title="bbox 160 787 1844 861">
     <span class='ocr_line' id='line_1_5' title="bbox 160 787 1844 861; baseline -0.001 -20"><span class='ocrx_word' id='word_1_27' title='bbox 160 789 287 858; x_wconf 64' lang='grc' dir='ltr'>φίαν</span> <span class='ocrx_word' id='word_1_28' title='bbox 317 790 506 860; x_wconf 76' lang='grc' dir='ltr'>ἔχοντα</span> <span class='ocrx_word' id='word_1_29' title='bbox 534 792 652 844; x_wconf 89' lang='grc' dir='ltr'>ἀντί</span> <span class='ocrx_word' id='word_1_30' title='bbox 683 791 941 861; x_wconf 79' lang='grc' dir='ltr'>ῥημάτων</span> <span class='ocrx_word' id='word_1_31' title='bbox 963 788 1225 861; x_wconf 75' lang='grc' dir='ltr'>αἰσχρῶν,</span> <span class='ocrx_word' id='word_1_32' title='bbox 1247 789 1343 842; x_wconf 75' lang='grc' dir='ltr'>καὶ</span> <span class='ocrx_word' id='word_1_33' title='bbox 1405 789 1669 859; x_wconf 75' lang='grc' dir='ltr'>ἐκκλησία</span> <span class='ocrx_word' id='word_1_34' title='bbox 1685 787 1844 856; x_wconf 90' lang='grc' dir='ltr'>γέγο-</span> 
     </span>
    </p>
   </div>
   <div class='ocr_carea' id='block_1_6' title="bbox 158 874 1840 948">
    <p class='ocr_par' dir='ltr' id='par_1_6' title="bbox 158 874 1840 948">
     <span class='ocr_line' id='line_1_6' title="bbox 158 874 1840 948; baseline -0.001 -20"><span class='ocrx_word' id='word_1_35' title='bbox 158 893 247 930; x_wconf 86' lang='grc' dir='ltr'>νεν</span> <span class='ocrx_word' id='word_1_36' title='bbox 264 879 397 948; x_wconf 81' lang='grc' dir='ltr'>ἡμῖν</span> <span class='ocrx_word' id='word_1_37' title='bbox 418 878 451 948; x_wconf 81' lang='grc' dir='ltr'>ἡ</span> <span class='ocrx_word' id='word_1_38' title='bbox 475 877 627 940; x_wconf 80' lang='grc' dir='ltr'>πόλις</span> <span class='ocrx_word' id='word_1_39' title='bbox 653 877 858 939; x_wconf 77' lang='grc' dir='ltr'>ἀπασα,</span> <span class='ocrx_word' id='word_1_40' title='bbox 877 877 984 929; x_wconf 89' lang='grc' dir='ltr'>τῶν</span> <span class='ocrx_word' id='word_1_41' title='bbox 1001 876 1377 948; x_wconf 74' lang='grc' dir='ltr'>ἐργαστηρίων</span> <span class='ocrx_word' id='word_1_42' title='bbox 1408 874 1840 945; x_wconf 79' lang='grc' dir='ltr'>ἀποκεκλεισμέο</span> 
     </span>
    </p>
   </div>
   <div class='ocr_carea' id='block_1_7' title="bbox 160 962 1844 1035">
    <p class='ocr_par' dir='ltr' id='par_1_7' title="bbox 160 962 1844 1035">
     <span class='ocr_line' id='line_1_7' title="bbox 160 962 1844 1035; baseline -0.001 -17"><span class='ocrx_word' id='word_1_43' title='bbox 160 982 286 1031; x_wconf 89' lang='grc' dir='ltr'>νων,</span> <span class='ocrx_word' id='word_1_44' title='bbox 311 966 402 1018; x_wconf 67' lang='grc' dir='ltr'>καὶ</span> <span class='ocrx_word' id='word_1_45' title='bbox 431 966 649 1019; x_wconf 87' lang='grc' dir='ltr'>πάντων</span> <span class='ocrx_word' id='word_1_46' title='bbox 676 969 731 1018; x_wconf 84' lang='grc' dir='ltr'>ἐν</span> <span class='ocrx_word' id='word_1_47' title='bbox 759 969 880 1028; x_wconf 86' lang='grc' dir='ltr'>ταῖς</span> <span class='ocrx_word' id='word_1_48' title='bbox 909 965 1214 1035; x_wconf 70' lang='grc' dir='ltr'>πανδήμοις</span> <span class='ocrx_word' id='word_1_49' title='bbox 1243 964 1465 1028; x_wconf 81' lang='grc' dir='ltr'>ταύταις</span> <span class='ocrx_word' id='word_1_50' title='bbox 1495 962 1844 1035; x_wconf 87' lang='grc' dir='ltr'>διημερευόν-</span> 
     </span>
    </p>
   </div>
   <div class='ocr_carea' id='block_1_8' title="bbox 159 1050 1846 1124">
    <p class='ocr_par' dir='ltr' id='par_1_8' title="bbox 159 1050 1846 1124">
     <span class='ocr_line' id='line_1_8' title="bbox 159 1050 1846 1124; baseline -0.001 -19"><span class='ocrx_word' id='word_1_51' title='bbox 159 1069 266 1105; x_wconf 85' lang='grc' dir='ltr'>των</span> <span class='ocrx_word' id='word_1_52' title='bbox 303 1053 496 1117; x_wconf 74' lang='grc' dir='ltr'>λῖταῖς,</span> <span class='ocrx_word' id='word_1_53' title='bbox 541 1054 630 1106; x_wconf 77' lang='grc' dir='ltr'>καὶ</span> <span class='ocrx_word' id='word_1_54' title='bbox 669 1054 760 1107; x_wconf 75' lang='grc' dir='ltr'>τὸν</span> <span class='ocrx_word' id='word_1_55' title='bbox 803 1053 936 1106; x_wconf 77' lang='grc' dir='ltr'>Θεὸν</span> <span class='ocrx_word' id='word_1_56' title='bbox 981 1054 1078 1124; x_wconf 76' lang='grc' dir='ltr'>μιᾷ</span> <span class='ocrx_word' id='word_1_57' title='bbox 1122 1054 1214 1106; x_wconf 70' lang='grc' dir='ltr'>καὶ</span> <span class='ocrx_word' id='word_1_58' title='bbox 1262 1057 1412 1122; x_wconf 83' lang='grc' dir='ltr'>κοινῇ</span> <span class='ocrx_word' id='word_1_59' title='bbox 1449 1053 1599 1122; x_wconf 86' lang='grc' dir='ltr'>φωνῇ</span> <span class='ocrx_word' id='word_1_60' title='bbox 1637 1063 1662 1091; x_wconf 70' lang='grc' dir='ltr'>α</span> <span class='ocrx_word' id='word_1_61' title='bbox 1709 1050 1846 1121; x_wconf 89' lang='grc' dir='ltr'>μετά</span> 
     </span>
    </p>
   </div>
   <div class='ocr_carea' id='block_1_9' title="bbox 158 1137 1846 1209">
    <p class='ocr_par' dir='ltr' id='par_1_9' title="bbox 158 1137 1846 1209">
     <span class='ocr_line' id='line_1_9' title="bbox 158 1137 1846 1209; baseline -0.002 -17"><span class='ocrx_word' id='word_1_62' title='bbox 158 1139 360 1209; x_wconf 82' lang='grc' dir='ltr'>πολλῆς</span> <span class='ocrx_word' id='word_1_63' title='bbox 407 1140 713 1193; x_wconf 74' lang='grc' dir='ltr'>καλούντων</span> <span class='ocrx_word' id='word_1_64' title='bbox 755 1140 856 1209; x_wconf 76' lang='grc' dir='ltr'>τῆς</span> <span class='ocrx_word' id='word_1_65' title='bbox 896 1139 1223 1209; x_wconf 84' lang='grc' dir='ltr'>προθυμίας.</span> <span class='ocrx_word' id='word_1_66' title='bbox 1275 1141 1432 1202; x_wconf 85' lang='grc' dir='ltr'>Ποῐος</span> <span class='ocrx_word' id='word_1_67' title='bbox 1473 1137 1647 1192; x_wconf 86' lang='grc' dir='ltr'>ταῦτα</span> <span class='ocrx_word' id='word_1_68' title='bbox 1690 1138 1846 1206; x_wconf 85' lang='grc' dir='ltr'>λόγος</span> 
     </span>
    </p>
   </div>
   <div class='ocr_carea' id='block_1_10' title="bbox 159 1221 1843 1297">
    <p class='ocr_par' dir='ltr' id='par_1_10' title="bbox 159 1221 1843 1297">
     <span class='ocr_line' id='line_1_10' title="bbox 159 1221 1843 1297; baseline -0.001 -19"><span class='ocrx_word' id='word_1_69' title='bbox 159 1225 352 1279; x_wconf 88' lang='grc' dir='ltr'>ἀνύσαι</span> <span class='ocrx_word' id='word_1_70' title='bbox 384 1227 516 1280; x_wconf 88' lang='grc' dir='ltr'>ποτέ</span> <span class='ocrx_word' id='word_1_71' title='bbox 566 1227 789 1297; x_wconf 76' lang='grc' dir='ltr'>ἴσχυσες</span> <span class='ocrx_word' id='word_1_72' title='bbox 839 1228 968 1279; x_wconf 87' lang='grc' dir='ltr'>ποία</span> <span class='ocrx_word' id='word_1_73' title='bbox 1007 1221 1360 1297; x_wconf 85' lang='grc' dir='ltr'>παραίνεσις;</span> <span class='ocrx_word' id='word_1_74' title='bbox 1405 1226 1489 1288; x_wconf 90' lang='grc' dir='ltr'>τίς</span> <span class='ocrx_word' id='word_1_75' title='bbox 1530 1225 1843 1296; x_wconf 75' lang='grc' dir='ltr'>συμϐουλῆς</span> 
     </span>
    </p>
   </div>
   <div class='ocr_carea' id='block_1_11' title="bbox 158 1314 786 1386">
    <p class='ocr_par' dir='ltr' id='par_1_11' title="bbox 158 1314 786 1386">
     <span class='ocr_line' id='line_1_11' title="bbox 158 1314 786 1386; baseline 0 -20"><span class='ocrx_word' id='word_1_76' title='bbox 158 1314 325 1367; x_wconf 64' lang='grc' dir='ltr'>⁴πόσον</span> <span class='ocrx_word' id='word_1_77' title='bbox 355 1315 548 1386; x_wconf 83' lang='grc' dir='ltr'>χρόνου</span> <span class='ocrx_word' id='word_1_78' title='bbox 577 1315 752 1386; x_wconf 80' lang='grc' dir='ltr'>μῆκος</span> <span class='ocrx_word' id='word_1_79' title='bbox 772 1332 786 1380; x_wconf 89' lang='grc'>;</span> 
     </span>
    </p>
   </div>
   <div class='ocr_carea' id='block_1_12' title="bbox 232 1419 1843 1492">
    <p class='ocr_par' dir='ltr' id='par_1_12' title="bbox 232 1419 1843 1492">
     <span class='ocr_line' id='line_1_12' title="bbox 232 1419 1843 1492; baseline 0 -19"><span class='ocrx_word' id='word_1_80' title='bbox 232 1419 1024 1491; x_wconf 85' lang='grc' dir='ltr'>β’.Διάταῦταεύχαριστῶμεν,</span> <span class='ocrx_word' id='word_1_81' title='bbox 1044 1422 1135 1472; x_wconf 76' lang='grc' dir='ltr'>καὶ</span> <span class='ocrx_word' id='word_1_82' title='bbox 1153 1419 1226 1490; x_wconf 82' lang='grc' dir='ltr'>μὴ</span> <span class='ocrx_word' id='word_1_83' title='bbox 1238 1419 1695 1490; x_wconf 85' lang='grc' dir='ltr'>ἀποδυσπετῶμεν</span> <span class='ocrx_word' id='word_1_84' title='bbox 1712 1420 1843 1492; x_wconf 84' lang='grc' dir='ltr'>μηδέ</span> 
     </span>
    </p>
   </div>
   <div class='ocr_carea' id='block_1_13' title="bbox 158 1507 1837 1580">
    <p class='ocr_par' dir='ltr' id='par_1_13' title="bbox 158 1507 1837 1580">
     <span class='ocr_line' id='line_1_13' title="bbox 158 1507 1837 1580; baseline 0.001 -20"><span class='ocrx_word' id='word_1_85' title='bbox 158 1507 614 1578; x_wconf 83' lang='grc' dir='ltr'>δυσχεραίνωμεν.</span> <span class='ocrx_word' id='word_1_86' title='bbox 643 1509 764 1561; x_wconf 86' lang='grc' dir='ltr'>’Ὁτι</span> <span class='ocrx_word' id='word_1_87' title='bbox 790 1509 898 1578; x_wconf 85' lang='grc' dir='ltr'>γάρ</span> <span class='ocrx_word' id='word_1_88' title='bbox 927 1509 1088 1561; x_wconf 76' lang='grc' dir='ltr'>καλὸν</span> <span class='ocrx_word' id='word_1_89' title='bbox 1113 1509 1140 1560; x_wconf 87' lang='lat'>6</span> <span class='ocrx_word' id='word_1_90' title='bbox 1171 1507 1353 1577; x_wconf 87' lang='grc' dir='ltr'>φόϐος,</span> <span class='ocrx_word' id='word_1_91' title='bbox 1385 1507 1586 1572; x_wconf 77' lang='grc' dir='ltr'>ἐδίδαξε</span> <span class='ocrx_word' id='word_1_92' title='bbox 1617 1510 1713 1580; x_wconf 80' lang='grc' dir='ltr'>μὲν</span> <span class='ocrx_word' id='word_1_93' title='bbox 1743 1511 1837 1562; x_wconf 79' lang='grc' dir='ltr'>καὶ</span> 
     </span>
    </p>
   </div>
   <div class='ocr_carea' id='block_1_14' title="bbox 159 1595 1842 1667">
    <p class='ocr_par' dir='ltr' id='par_1_14' title="bbox 159 1595 1842 1667">
     <span class='ocr_line' id='line_1_14' title="bbox 159 1595 1842 1667; baseline 0.001 -19"><span class='ocrx_word' id='word_1_94' title='bbox 159 1595 227 1648; x_wconf 73' lang='grc' dir='ltr'>τὰ</span> <span class='ocrx_word' id='word_1_95' title='bbox 254 1596 540 1667; x_wconf 76' lang='grc' dir='ltr'>εἰρημένα·</span> <span class='ocrx_word' id='word_1_96' title='bbox 569 1597 799 1650; x_wconf 81' lang='grc' dir='ltr'>ἄκουσον</span> <span class='ocrx_word' id='word_1_97' title='bbox 827 1596 885 1648; x_wconf 79' lang='grc' dir='ltr'>δὲ</span> <span class='ocrx_word' id='word_1_98' title='bbox 914 1595 1009 1648; x_wconf 72' lang='grc' dir='ltr'>καὶ</span> <span class='ocrx_word' id='word_1_99' title='bbox 1039 1595 1386 1664; x_wconf 79' lang='grc' dir='ltr'>Σολομῶντος</span> <span class='ocrx_word' id='word_1_100' title='bbox 1419 1598 1548 1666; x_wconf 70' lang='grc' dir='ltr'>περὶ</span> <span class='ocrx_word' id='word_1_101' title='bbox 1574 1597 1736 1649; x_wconf 87' lang='grc' dir='ltr'>αὐτοῦ</span> <span class='ocrx_word' id='word_1_102' title='bbox 1762 1615 1842 1666; x_wconf 85' lang='grc' dir='ltr'>φι-</span> 
     </span>
    </p>
   </div>
   <div class='ocr_carea' id='block_1_15' title="bbox 157 1683 1844 1756">
    <p class='ocr_par' dir='ltr' id='par_1_15' title="bbox 157 1683 1844 1756">
     <span class='ocr_line' id='line_1_15' title="bbox 157 1683 1844 1756; baseline 0.002 -21"><span class='ocrx_word' id='word_1_103' title='bbox 157 1683 512 1752; x_wconf 85' lang='grc' dir='ltr'>λοσοφοῦντος</span> <span class='ocrx_word' id='word_1_104' title='bbox 533 1683 726 1746; x_wconf 75' lang='grc' dir='ltr'>οὕτως,</span> <span class='ocrx_word' id='word_1_105' title='bbox 759 1684 1102 1753; x_wconf 79' lang='grc' dir='ltr'>Σολομῶντος</span> <span class='ocrx_word' id='word_1_106' title='bbox 1131 1683 1226 1736; x_wconf 90' lang='grc' dir='ltr'>τοῦ</span> <span class='ocrx_word' id='word_1_107' title='bbox 1258 1683 1405 1756; x_wconf 81' lang='grc' dir='ltr'>πάσῃ</span> <span class='ocrx_word' id='word_1_108' title='bbox 1449 1685 1844 1756; x_wconf 83' lang='grc' dir='ltr'>συντραφέντος</span> 
     </span>
    </p>
   </div>
   <div class='ocr_carea' id='block_1_16' title="bbox 157 1767 1843 1842">
    <p class='ocr_par' dir='ltr' id='par_1_16' title="bbox 157 1767 1843 1842">
     <span class='ocr_line' id='line_1_16' title="bbox 157 1767 1843 1842; baseline 0.001 -18"><span class='ocrx_word' id='word_1_109' title='bbox 157 1774 337 1842; x_wconf 82' lang='grc' dir='ltr'>τρυφῇ</span> <span class='ocrx_word' id='word_1_110' title='bbox 367 1775 464 1824; x_wconf 74' lang='grc' dir='ltr'>καὶ</span> <span class='ocrx_word' id='word_1_111' title='bbox 503 1771 704 1842; x_wconf 84' lang='grc' dir='ltr'>πολλῆς</span> <span class='ocrx_word' id='word_1_112' title='bbox 741 1770 1148 1833; x_wconf 90' lang='grc' dir='ltr'>ἀπολαύσαντος</span> <span class='ocrx_word' id='word_1_113' title='bbox 1176 1769 1377 1834; x_wconf 91' lang='grc' dir='ltr'>ἀδείας.</span> <span class='ocrx_word' id='word_1_114' title='bbox 1411 1771 1474 1823; x_wconf 89' lang='grc' dir='ltr'>Τί</span> <span class='ocrx_word' id='word_1_115' title='bbox 1509 1767 1600 1824; x_wconf 86' lang='grc' dir='ltr'>οὐν</span> <span class='ocrx_word' id='word_1_116' title='bbox 1639 1773 1843 1836; x_wconf 88' lang='grc' dir='ltr'>ἐκεῖνός</span> 
     </span>
    </p>
   </div>
   <div class='ocr_carea' id='block_1_17' title="bbox 160 1855 1842 1930">
    <p class='ocr_par' dir='ltr' id='par_1_17' title="bbox 160 1855 1842 1930">
     <span class='ocr_line' id='line_1_17' title="bbox 160 1855 1842 1930; baseline 0.001 -18"><span class='ocrx_word' id='word_1_117' title='bbox 160 1877 358 1929; x_wconf 87' lang='grc' dir='ltr'>φησιν;</span> <span class='ocrx_word' id='word_1_118' title='bbox 388 1859 631 1930; x_wconf 73' lang='grc' dir='ltr'>Ἀγαθὸν</span> <span class='ocrx_word' id='word_1_119' title='bbox 654 1857 1019 1928; x_wconf 73' lang='grc' dir='ltr'>πορευθῆναι</span> <span class='ocrx_word' id='word_1_120' title='bbox 1048 1861 1135 1923; x_wconf 73' lang='grc' dir='ltr'>εἷς</span> <span class='ocrx_word' id='word_1_121' title='bbox 1168 1855 1337 1913; x_wconf 72' lang='grc' dir='ltr'>οἷκον</span> <span class='ocrx_word' id='word_1_122' title='bbox 1364 1859 1642 1925; x_wconf 83' lang='grc' dir='ltr'>πένθους,</span> <span class='ocrx_word' id='word_1_123' title='bbox 1667 1862 1704 1929; x_wconf 73' lang='grc' dir='ltr'><em>ἢ</em></span> <span class='ocrx_word' id='word_1_124' title='bbox 1735 1877 1842 1914; x_wconf 82' lang='grc' dir='ltr'>πο-</span> 
     </span>
    </p>
   </div>
   <div class='ocr_carea' id='block_1_18' title="bbox 152 1943 1842 2016">
    <p class='ocr_par' dir='ltr' id='par_1_18' title="bbox 152 1943 1842 2016">
     <span class='ocr_line' id='line_1_18' title="bbox 152 1943 1842 2016; baseline 0 -15"><span class='ocrx_word' id='word_1_125' title='bbox 152 1946 442 2015; x_wconf 77' lang='grc' dir='ltr'>ρευθῆναι</span> <span class='ocrx_word' id='word_1_126' title='bbox 471 1949 558 2012; x_wconf 78' lang='grc' dir='ltr'>εὶς</span> <span class='ocrx_word' id='word_1_127' title='bbox 581 1943 748 1999; x_wconf 73' lang='grc' dir='ltr'>οἷκον</span> <span class='ocrx_word' id='word_1_128' title='bbox 765 1945 1041 2014; x_wconf 73' lang='grc' dir='ltr'>γέλωτος.</span> <span class='ocrx_word' id='word_1_129' title='bbox 1063 1946 1126 1998; x_wconf 90' lang='grc' dir='ltr'>Τί</span> <span class='ocrx_word' id='word_1_130' title='bbox 1147 1945 1344 2014; x_wconf 88' lang='grc' dir='ltr'>λέγεις,</span> <span class='ocrx_word' id='word_1_131' title='bbox 1372 1946 1492 1998; x_wconf 83' lang='grc' dir='ltr'>εἰπέ</span> <span class='ocrx_word' id='word_1_132' title='bbox 1524 1964 1610 2016; x_wconf 90' lang='grc' dir='ltr'>μοι</span> <span class='ocrx_word' id='word_1_133' title='bbox 1633 1965 1646 2010; x_wconf 91' lang='grc'><strong>;</strong></span> <span class='ocrx_word' id='word_1_134' title='bbox 1669 1948 1842 2001; x_wconf 88' lang='grc' dir='ltr'>Ὅπου</span> 
     </span>
    </p>
   </div>
   <div class='ocr_carea' id='block_1_19' title="bbox 160 2033 1842 2106">
    <p class='ocr_par' dir='ltr' id='par_1_19' title="bbox 160 2033 1842 2106">
     <span class='ocr_line' id='line_1_19' title="bbox 160 2033 1842 2106; baseline 0.001 -19"><span class='ocrx_word' id='word_1_135' title='bbox 160 2035 379 2106; x_wconf 76' lang='grc' dir='ltr'>θρῆνος,</span> <span class='ocrx_word' id='word_1_136' title='bbox 405 2036 500 2090; x_wconf 61' lang='grc' dir='ltr'>καὶ¹</span> <span class='ocrx_word' id='word_1_137' title='bbox 520 2036 755 2106; x_wconf 87' lang='grc' dir='ltr'>δάκρυα,</span> <span class='ocrx_word' id='word_1_138' title='bbox 786 2037 882 2088; x_wconf 85' lang='grc' dir='ltr'>καί</span> <span class='ocrx_word' id='word_1_139' title='bbox 904 2035 1163 2105; x_wconf 76' lang='grc' dir='ltr'>οἰμωγαὶ,</span> <span class='ocrx_word' id='word_1_140' title='bbox 1192 2036 1286 2088; x_wconf 70' lang='grc' dir='ltr'>καὶ</span> <span class='ocrx_word' id='word_1_141' title='bbox 1307 2033 1487 2104; x_wconf 82' lang='grc' dir='ltr'>ὀδύνη.</span> <span class='ocrx_word' id='word_1_142' title='bbox 1518 2036 1611 2087; x_wconf 60' lang='grc' dir='ltr'>καῖ¹</span> <span class='ocrx_word' id='word_1_143' title='bbox 1633 2034 1842 2106; x_wconf 78' lang='grc' dir='ltr'>ἀθυμία</span> 
     </span>
    </p>
   </div>
   <div class='ocr_carea' id='block_1_20' title="bbox 158 2121 1844 2194">
    <p class='ocr_par' dir='ltr' id='par_1_20' title="bbox 158 2121 1844 2194">
     <span class='ocr_line' id='line_1_20' title="bbox 158 2121 1844 2194; baseline 0 -18"><span class='ocrx_word' id='word_1_144' title='bbox 158 2124 416 2193; x_wconf 80' lang='grc' dir='ltr'>τοσαύτη,</span> <span class='ocrx_word' id='word_1_145' title='bbox 458 2123 666 2193; x_wconf 88' lang='grc' dir='ltr'>βέλτιον</span> <span class='ocrx_word' id='word_1_146' title='bbox 695 2121 950 2175; x_wconf 79' lang='grc' dir='ltr'>ἀπελθεῖν</span> <span class='ocrx_word' id='word_1_147' title='bbox 985 2122 1204 2192; x_wconf 82' lang='grc' dir='ltr'>μᾶλλον,</span> <span class='ocrx_word' id='word_1_148' title='bbox 1244 2122 1276 2192; x_wconf 86' lang='grc' dir='ltr'>ἢ</span> <span class='ocrx_word' id='word_1_149' title='bbox 1317 2123 1449 2175; x_wconf 83' lang='grc' dir='ltr'>ὅπου</span> <span class='ocrx_word' id='word_1_150' title='bbox 1493 2125 1720 2194; x_wconf 87' lang='grc' dir='ltr'>χορεῖαι,</span> <span class='ocrx_word' id='word_1_151' title='bbox 1750 2125 1844 2178; x_wconf 77' lang='grc' dir='ltr'>καὶ</span> 
     </span>
    </p>
   </div>
   <div class='ocr_carea' id='block_1_21' title="bbox 161 2209 1840 2282">
    <p class='ocr_par' dir='ltr' id='par_1_21' title="bbox 161 2209 1840 2282">
     <span class='ocr_line' id='line_1_21' title="bbox 161 2209 1840 2282; baseline 0 -18"><span class='ocrx_word' id='word_1_152' title='bbox 161 2211 439 2282; x_wconf 87' lang='grc' dir='ltr'>κύμϐαλα,</span> <span class='ocrx_word' id='word_1_153' title='bbox 466 2213 558 2263; x_wconf 75' lang='grc' dir='ltr'>καὶ</span> <span class='ocrx_word' id='word_1_154' title='bbox 578 2210 769 2278; x_wconf 83' lang='grc' dir='ltr'>γέλως,</span> <span class='ocrx_word' id='word_1_155' title='bbox 789 2210 880 2262; x_wconf 76' lang='grc' dir='ltr'>καὶ</span> <span class='ocrx_word' id='word_1_156' title='bbox 895 2209 1093 2279; x_wconf 83' lang='grc' dir='ltr'>τρυφὴ,</span> <span class='ocrx_word' id='word_1_157' title='bbox 1118 2211 1208 2262; x_wconf 73' lang='grc' dir='ltr'>καὶ</span> <span class='ocrx_word' id='word_1_158' title='bbox 1225 2209 1521 2280; x_wconf 85' lang='grc' dir='ltr'>ἀδηφαγία,</span> <span class='ocrx_word' id='word_1_159' title='bbox 1548 2210 1641 2262; x_wconf 72' lang='grc' dir='ltr'>καὶ</span> <span class='ocrx_word' id='word_1_160' title='bbox 1663 2211 1799 2282; x_wconf 88' lang='grc' dir='ltr'>μέθη</span> <span class='ocrx_word' id='word_1_161' title='bbox 1825 2229 1840 2278; x_wconf 88' lang='lat'><strong>;</strong></span> 
     </span>
    </p>
   </div>
   <div class='ocr_carea' id='block_1_22' title="bbox 159 2297 1844 2368">
    <p class='ocr_par' dir='ltr' id='par_1_22' title="bbox 159 2297 1844 2368">
     <span class='ocr_line' id='line_1_22' title="bbox 159 2297 1844 2368; baseline 0.001 -17"><span class='ocrx_word' id='word_1_162' title='bbox 159 2299 291 2359; x_wconf 74' lang='grc' dir='ltr'>Ναὶ,</span> <span class='ocrx_word' id='word_1_163' title='bbox 335 2297 468 2368; x_wconf 88' lang='grc' dir='ltr'>φησί</span> <span class='ocrx_word' id='word_1_164' title='bbox 509 2299 556 2349; x_wconf 74' lang='grc' dir='ltr'>δ.</span> <span class='ocrx_word' id='word_1_165' title='bbox 612 2297 767 2360; x_wconf 81' lang='grc' dir='ltr'>Τίνος</span> <span class='ocrx_word' id='word_1_166' title='bbox 796 2297 1002 2358; x_wconf 74' lang='grc' dir='ltr'>ἕνεκεν,</span> <span class='ocrx_word' id='word_1_167' title='bbox 1029 2297 1150 2350; x_wconf 88' lang='grc' dir='ltr'>εἰπέ</span> <span class='ocrx_word' id='word_1_168' title='bbox 1193 2314 1304 2367; x_wconf 91' lang='grc' dir='ltr'>μοι,</span> <span class='ocrx_word' id='word_1_169' title='bbox 1353 2297 1448 2349; x_wconf 69' lang='grc' dir='ltr'>καὶ.</span> <span class='ocrx_word' id='word_1_170' title='bbox 1480 2297 1567 2350; x_wconf 76' lang='grc' dir='ltr'>διὰ</span> <span class='ocrx_word' id='word_1_171' title='bbox 1603 2297 1690 2361; x_wconf 89' lang='grc' dir='ltr'>τί;</span> <span class='ocrx_word' id='word_1_172' title='bbox 1724 2299 1844 2352; x_wconf 72' lang='grc' dir='ltr'>Ὀτι</span> 
     </span>
    </p>
   </div>
   <div class='ocr_carea' id='block_1_23' title="bbox 160 2383 1841 2456">
    <p class='ocr_par' dir='ltr' id='par_1_23' title="bbox 160 2383 1841 2456">
     <span class='ocr_line' id='line_1_23' title="bbox 160 2383 1841 2456; baseline 0.001 -18"><span class='ocrx_word' id='word_1_173' title='bbox 160 2387 370 2440; x_wconf 88' lang='grc' dir='ltr'>ἐκεῖθεν</span> <span class='ocrx_word' id='word_1_174' title='bbox 411 2386 507 2456; x_wconf 80' lang='grc' dir='ltr'>μὲν</span> <span class='ocrx_word' id='word_1_175' title='bbox 537 2384 823 2456; x_wconf 84' lang='grc' dir='ltr'>παροινία,</span> <span class='ocrx_word' id='word_1_176' title='bbox 854 2383 1100 2437; x_wconf 82' lang='grc' dir='ltr'>ἐντεῦθεν</span> <span class='ocrx_word' id='word_1_177' title='bbox 1128 2384 1183 2436; x_wconf 87' lang='grc' dir='ltr'>δέ</span> <span class='ocrx_word' id='word_1_178' title='bbox 1226 2385 1545 2454; x_wconf 81' lang='grc' dir='ltr'>σωφροσύνη</span> <span class='ocrx_word' id='word_1_179' title='bbox 1578 2387 1841 2440; x_wconf 85' lang='grc' dir='ltr'>τίκτεται·</span> 
     </span>
    </p>
   </div>
   <div class='ocr_carea' id='block_1_24' title="bbox 161 2471 1845 2546">
    <p class='ocr_par' dir='ltr' id='par_1_24' title="bbox 161 2471 1845 2546">
     <span class='ocr_line' id='line_1_24' title="bbox 161 2471 1845 2546; baseline 0 -18"><span class='ocrx_word' id='word_1_180' title='bbox 161 2476 267 2528; x_wconf 76' lang='lat' dir='ltr'>xiv</span> <span class='ocrx_word' id='word_1_181' title='bbox 290 2474 502 2546; x_wconf 77' lang='grc' dir='ltr'>ἀπέλθῃ</span> <span class='ocrx_word' id='word_1_182' title='bbox 531 2490 614 2536; x_wconf 91' lang='grc' dir='ltr'>τις</span> <span class='ocrx_word' id='word_1_183' title='bbox 637 2474 717 2534; x_wconf 88' lang='grc' dir='ltr'>εἰς</span> <span class='ocrx_word' id='word_1_184' title='bbox 741 2471 1116 2542; x_wconf 80' lang='grc' dir='ltr'>εὐπορωτέρου</span> <span class='ocrx_word' id='word_1_185' title='bbox 1146 2471 1472 2541; x_wconf 85' lang='grc' dir='ltr'>συμπόσιον,</span> <span class='ocrx_word' id='word_1_186' title='bbox 1495 2473 1678 2525; x_wconf 86' lang='grc' dir='ltr'>οὐκέτι</span> <span class='ocrx_word' id='word_1_187' title='bbox 1708 2475 1845 2544; x_wconf 84' lang='grc' dir='ltr'>μετά</span> 
     </span>
    </p>
   </div>
   <div class='ocr_carea' id='block_1_25' title="bbox 161 2558 1844 2633">
    <p class='ocr_par' dir='ltr' id='par_1_25' title="bbox 161 2558 1844 2633">
     <span class='ocr_line' id='line_1_25' title="bbox 161 2558 1844 2633; baseline 0.008 -32"><span class='ocrx_word' id='word_1_188' title='bbox 161 2563 262 2633; x_wconf 71' lang='grc' dir='ltr'>τῆς</span> <span class='ocrx_word' id='word_1_189' title='bbox 281 2562 450 2632; x_wconf 71' lang='grc' dir='ltr'>αὐτῆς</span> <span class='ocrx_word' id='word_1_190' title='bbox 476 2559 666 2631; x_wconf 74' lang='grc' dir='ltr'>ἡδονῆς</span> <span class='ocrx_word' id='word_1_191' title='bbox 683 2559 868 2628; x_wconf 67' lang='grc' dir='ltr'>ὄψεται</span> <span class='ocrx_word' id='word_1_192' title='bbox 895 2558 991 2628; x_wconf 86' lang='grc' dir='ltr'>τὴν</span> <span class='ocrx_word' id='word_1_193' title='bbox 1012 2559 1210 2624; x_wconf 85' lang='grc' dir='ltr'>οἰκίαν,</span> <span class='ocrx_word' id='word_1_194' title='bbox 1237 2559 1351 2612; x_wconf 85' lang='grc' dir='ltr'>ἀλλ’</span> <span class='ocrx_word' id='word_1_195' title='bbox 1375 2559 1553 2630; x_wconf 87' lang='grc' dir='ltr'>ἀηδῶς</span> <span class='ocrx_word' id='word_1_196' title='bbox 1581 2560 1678 2630; x_wconf 84' lang='grc' dir='ltr'>μὲν</span> <span class='ocrx_word' id='word_1_197' title='bbox 1710 2561 1844 2631; x_wconf 85' lang='grc' dir='ltr'>πρὸς</span> 
     </span>
    </p>
   </div>
   <div class='ocr_carea' id='block_1_26' title="bbox 162 2645 1843 2721">
    <p class='ocr_par' dir='ltr' id='par_1_26' title="bbox 162 2645 1843 2721">
     <span class='ocr_line' id='line_1_26' title="bbox 162 2645 1843 2721; baseline -0.001 -18"><span class='ocrx_word' id='word_1_198' title='bbox 162 2651 259 2721; x_wconf 78' lang='grc' dir='ltr'>τὴν</span> <span class='ocrx_word' id='word_1_199' title='bbox 306 2651 540 2718; x_wconf 88' lang='grc' dir='ltr'>γυναῖκα</span> <span class='ocrx_word' id='word_1_200' title='bbox 593 2645 872 2716; x_wconf 83' lang='grc' dir='ltr'>ἐπανήξει,</span> <span class='ocrx_word' id='word_1_201' title='bbox 920 2645 1102 2715; x_wconf 85' lang='grc' dir='ltr'>ἀηδῶς</span> <span class='ocrx_word' id='word_1_202' title='bbox 1147 2647 1203 2698; x_wconf 80' lang='grc' dir='ltr'>δὲ</span> <span class='ocrx_word' id='word_1_203' title='bbox 1250 2647 1348 2717; x_wconf 85' lang='grc' dir='ltr'>τῆς</span> <span class='ocrx_word' id='word_1_204' title='bbox 1390 2647 1583 2699; x_wconf 88' lang='grc' dir='ltr'>ἐαυτοῦ</span> <span class='ocrx_word' id='word_1_205' title='bbox 1631 2647 1843 2717; x_wconf 77' lang='grc' dir='ltr'>μεθέξει</span> 
     </span>
    </p>
   </div>
   <div class='ocr_carea' id='block_1_27' title="bbox 161 2734 1845 2809">
    <p class='ocr_par' dir='ltr' id='par_1_27' title="bbox 161 2734 1845 2809">
     <span class='ocr_line' id='line_1_27' title="bbox 161 2734 1845 2809; baseline -0.001 -19"><span class='ocrx_word' id='word_1_206' title='bbox 161 2737 462 2809; x_wconf 79' lang='grc' dir='ltr'>τραπέζης,</span> <span class='ocrx_word' id='word_1_207' title='bbox 513 2735 605 2787; x_wconf 74' lang='grc' dir='ltr'>καὶ</span> <span class='ocrx_word' id='word_1_208' title='bbox 649 2734 977 2804; x_wconf 81' lang='grc' dir='ltr'>δυσάρεστος</span> <span class='ocrx_word' id='word_1_209' title='bbox 1016 2734 1110 2786; x_wconf 73' lang='grc' dir='ltr'>καὶ</span> <span class='ocrx_word' id='word_1_210' title='bbox 1150 2736 1262 2796; x_wconf 87' lang='grc' dir='ltr'>τοῖς</span> <span class='ocrx_word' id='word_1_211' title='bbox 1308 2734 1545 2797; x_wconf 83' lang='grc' dir='ltr'>οἰκέταις</span> <span class='ocrx_word' id='word_1_212' title='bbox 1589 2737 1683 2787; x_wconf 80' lang='grc' dir='ltr'>καὶ</span> <span class='ocrx_word' id='word_1_213' title='bbox 1733 2739 1845 2802; x_wconf 93' lang='grc' dir='ltr'>τοῖς</span> 
     </span>
    </p>
   </div>
   <div class='ocr_carea' id='block_1_28' title="bbox 163 2820 1845 2896">
    <p class='ocr_par' dir='ltr' id='par_1_28' title="bbox 163 2820 1845 2896">
     <span class='ocr_line' id='line_1_28' title="bbox 163 2820 1845 2896; baseline 0 -20"><span class='ocrx_word' id='word_1_214' title='bbox 163 2825 398 2887; x_wconf 81' lang='grc' dir='ltr'>παιδίοις</span> <span class='ocrx_word' id='word_1_215' title='bbox 432 2823 528 2875; x_wconf 74' lang='grc' dir='ltr'>καὶ</span> <span class='ocrx_word' id='word_1_216' title='bbox 558 2821 724 2874; x_wconf 83' lang='grc' dir='ltr'>πᾶσιν</span> <span class='ocrx_word' id='word_1_217' title='bbox 758 2820 911 2872; x_wconf 78' lang='grc' dir='ltr'>ἔσται</span> <span class='ocrx_word' id='word_1_218' title='bbox 944 2822 1057 2883; x_wconf 86' lang='grc' dir='ltr'>τοῖς</span> <span class='ocrx_word' id='word_1_219' title='bbox 1085 2820 1226 2872; x_wconf 87' lang='grc' dir='ltr'>κατὰ</span> <span class='ocrx_word' id='word_1_220' title='bbox 1256 2820 1355 2891; x_wconf 83' lang='grc' dir='ltr'>τὴν</span> <span class='ocrx_word' id='word_1_221' title='bbox 1382 2822 1580 2885; x_wconf 85' lang='grc' dir='ltr'>οἰκίαν,</span> <span class='ocrx_word' id='word_1_222' title='bbox 1609 2824 1716 2876; x_wconf 87' lang='grc' dir='ltr'>ἀπὸ</span> <span class='ocrx_word' id='word_1_223' title='bbox 1745 2825 1845 2896; x_wconf 83' lang='grc' dir='ltr'>τῆς</span> 
     </span>
    </p>
   </div>
   <div class='ocr_carea' id='block_1_29' title="bbox 161 2907 1847 2984">
    <p class='ocr_par' dir='ltr' id='par_1_29' title="bbox 161 2907 1847 2984">
     <span class='ocr_line' id='line_1_29' title="bbox 161 2907 1847 2984; baseline -0.001 -19"><span class='ocrx_word' id='word_1_224' title='bbox 161 2914 363 2984; x_wconf 86' lang='grc' dir='ltr'>ἐτέρων</span> <span class='ocrx_word' id='word_1_225' title='bbox 392 2910 650 2980; x_wconf 75' lang='grc' dir='ltr'>εὐπορίας</span> <span class='ocrx_word' id='word_1_226' title='bbox 687 2908 1073 2980; x_wconf 86' lang='grc' dir='ltr'>ἀκριϐέστερον</span> <span class='ocrx_word' id='word_1_227' title='bbox 1112 2907 1342 2962; x_wconf 88' lang='grc' dir='ltr'>κατιδὼν</span> <span class='ocrx_word' id='word_1_228' title='bbox 1379 2909 1479 2974; x_wconf 82' lang='grc' dir='ltr'>τὴν</span> <span class='ocrx_word' id='word_1_229' title='bbox 1519 2912 1712 2964; x_wconf 89' lang='grc' dir='ltr'>ἐαυτοῦ</span> <span class='ocrx_word' id='word_1_230' title='bbox 1751 2929 1847 2964; x_wconf 87' lang='grc' dir='ltr'>πε-</span> 
     </span>
    </p>
   </div>
   <div class='ocr_carea' id='block_1_30' title="bbox 163 2993 1846 3066">
    <p class='ocr_par' dir='ltr' id='par_1_30' title="bbox 163 2993 1846 3066">
     <span class='ocr_line' id='line_1_30' title="bbox 163 2993 1846 3066; baseline -0.001 -12"><span class='ocrx_word' id='word_1_231' title='bbox 163 3003 304 3054; x_wconf 85' lang='grc' dir='ltr'>νίαν.</span> <span class='ocrx_word' id='word_1_232' title='bbox 354 3001 465 3052; x_wconf 74' lang='grc' dir='ltr'>Καὶ</span> <span class='ocrx_word' id='word_1_233' title='bbox 510 2999 569 3050; x_wconf 90' lang='grc' dir='ltr'>οὐ</span> <span class='ocrx_word' id='word_1_234' title='bbox 617 2995 773 3049; x_wconf 89' lang='grc' dir='ltr'>τοῦτο</span> <span class='ocrx_word' id='word_1_235' title='bbox 815 2996 973 3066; x_wconf 85' lang='grc' dir='ltr'>μόνον</span> <span class='ocrx_word' id='word_1_236' title='bbox 1012 2996 1128 3048; x_wconf 81' lang='grc' dir='ltr'>ἐστὶ</span> <span class='ocrx_word' id='word_1_237' title='bbox 1157 2993 1217 3048; x_wconf 81' lang='grc' dir='ltr'>τὸ</span> <span class='ocrx_word' id='word_1_238' title='bbox 1253 2996 1447 3057; x_wconf 80' lang='grc' dir='ltr'>δεινὸν,</span> <span class='ocrx_word' id='word_1_239' title='bbox 1487 2997 1601 3050; x_wconf 91' lang='grc' dir='ltr'>ἀλλ’</span> <span class='ocrx_word' id='word_1_240' title='bbox 1633 2999 1712 3050; x_wconf 82' lang='grc' dir='ltr'>ὅτι</span> <span class='ocrx_word' id='word_1_241' title='bbox 1754 3002 1846 3054; x_wconf 77' lang='grc' dir='ltr'>καὶ</span> 
     </span>
    </p>
   </div>
   <div class='ocr_carea' id='block_1_31' title="bbox 165 3083 1847 3159">
    <p class='ocr_par' dir='ltr' id='par_1_31' title="bbox 165 3083 1847 3159">
     <span class='ocr_line' id='line_1_31' title="bbox 165 3083 1847 3159; baseline -0.008 -16"><span class='ocrx_word' id='word_1_242' title='bbox 165 3088 452 3159; x_wconf 70' lang='grc' dir='ltr'>βασκαίνει</span> <span class='ocrx_word' id='word_1_243' title='bbox 501 3085 758 3146; x_wconf 83' lang='grc' dir='ltr'>πολλάκις</span> <span class='ocrx_word' id='word_1_244' title='bbox 797 3083 875 3153; x_wconf 80' lang='grc' dir='ltr'>τῷ</span> <span class='ocrx_word' id='word_1_245' title='bbox 924 3083 1209 3136; x_wconf 86' lang='grc' dir='ltr'>καλέσαντι</span> <span class='ocrx_word' id='word_1_246' title='bbox 1251 3085 1412 3137; x_wconf 80' lang='grc' dir='ltr'>αὐτὸν</span> <span class='ocrx_word' id='word_1_247' title='bbox 1446 3086 1580 3156; x_wconf 83' lang='grc' dir='ltr'>πρὸς</span> <span class='ocrx_word' id='word_1_248' title='bbox 1626 3087 1722 3156; x_wconf 76' lang='grc' dir='ltr'>τὴν</span> <span class='ocrx_word' id='word_1_249' title='bbox 1757 3089 1847 3140; x_wconf 69' lang='grc' dir='ltr'>ει).</span> 
     </span>
    </p>
   </div>
   <div class='ocr_carea' id='block_1_32' title="bbox 162 3171 1843 3246">
    <p class='ocr_par' dir='ltr' id='par_1_32' title="bbox 162 3171 1843 3246">
     <span class='ocr_line' id='line_1_32' title="bbox 162 3171 1843 3246; baseline 0 -18"><span class='ocrx_word' id='word_1_250' title='bbox 162 3177 356 3246; x_wconf 84' lang='grc' dir='ltr'>ωχίαν·</span> <span class='ocrx_word' id='word_1_251' title='bbox 406 3175 500 3227; x_wconf 75' lang='grc' dir='ltr'>καὶ</span> <span class='ocrx_word' id='word_1_252' title='bbox 537 3173 673 3235; x_wconf 80' lang='grc' dir='ltr'>ὅλως</span> <span class='ocrx_word' id='word_1_253' title='bbox 713 3171 865 3224; x_wconf 78' lang='grc' dir='ltr'>οὐδὲν</span> <span class='ocrx_word' id='word_1_254' title='bbox 905 3171 1105 3239; x_wconf 81' lang='grc' dir='ltr'>ἀγαθὸν</span> <span class='ocrx_word' id='word_1_255' title='bbox 1146 3171 1323 3224; x_wconf 86' lang='grc' dir='ltr'>λαϐὼν</span> <span class='ocrx_word' id='word_1_256' title='bbox 1362 3173 1540 3225; x_wconf 78' lang='grc' dir='ltr'>οἴκαδε</span> <span class='ocrx_word' id='word_1_257' title='bbox 1568 3174 1843 3244; x_wconf 80' lang='grc' dir='ltr'>ἐπανήξει.</span> 
     </span>
    </p>
   </div>
   <div class='ocr_carea' id='block_1_33' title="bbox 165 3258 1842 3329">
    <p class='ocr_par' dir='ltr' id='par_1_33' title="bbox 165 3258 1842 3329">
     <span class='ocr_line' id='line_1_33' title="bbox 165 3258 1842 3329; baseline -0.002 -12"><span class='ocrx_word' id='word_1_258' title='bbox 165 3264 293 3317; x_wconf 68' lang='grc' dir='ltr'>Ἐπὶ</span> <span class='ocrx_word' id='word_1_259' title='bbox 337 3263 395 3316; x_wconf 83' lang='grc' dir='ltr'>δέ</span> <span class='ocrx_word' id='word_1_260' title='bbox 436 3261 543 3314; x_wconf 85' lang='grc' dir='ltr'>τῶν</span> <span class='ocrx_word' id='word_1_261' title='bbox 592 3260 929 3313; x_wconf 84' lang='grc' dir='ltr'>πενθούντων</span> <span class='ocrx_word' id='word_1_262' title='bbox 972 3258 1124 3312; x_wconf 84' lang='grc' dir='ltr'>οὐδὲν</span> <span class='ocrx_word' id='word_1_263' title='bbox 1167 3258 1406 3312; x_wconf 89' lang='grc' dir='ltr'>τοιοῦτον</span> <span class='ocrx_word' id='word_1_264' title='bbox 1453 3260 1598 3314; x_wconf 79' lang='grc' dir='ltr'>ἔστιν</span> <span class='ocrx_word' id='word_1_265' title='bbox 1651 3264 1842 3329; x_wconf 74' lang='grc' dir='ltr'>εἰπεῖν,</span> 
     </span>
    </p>
   </div>
   <div class='ocr_carea' id='block_1_34' title="bbox 164 3345 1840 3420">
    <p class='ocr_par' dir='ltr' id='par_1_34' title="bbox 164 3345 1840 3420">
     <span class='ocr_line' id='line_1_34' title="bbox 164 3345 1840 3420; baseline -0.001 -15"><span class='ocrx_word' id='word_1_266' title='bbox 164 3352 301 3405; x_wconf 85' lang='grc' dir='ltr'>ἀλλά</span> <span class='ocrx_word' id='word_1_267' title='bbox 340 3349 511 3420; x_wconf 82' lang='grc' dir='ltr'>πολλὴ</span> <span class='ocrx_word' id='word_1_268' title='bbox 549 3349 645 3418; x_wconf 81' lang='grc' dir='ltr'>μὲν</span> <span class='ocrx_word' id='word_1_269' title='bbox 685 3350 718 3417; x_wconf 79' lang='grc' dir='ltr'><strong>ἡ</strong></span> <span class='ocrx_word' id='word_1_270' title='bbox 748 3346 1054 3415; x_wconf 72' lang='grc' dir='ltr'>φιλοσοφία,</span> <span class='ocrx_word' id='word_1_271' title='bbox 1089 3345 1258 3417; x_wconf 84' lang='grc' dir='ltr'>πολλὴ</span> <span class='ocrx_word' id='word_1_272' title='bbox 1288 3347 1403 3417; x_wconf 84' lang='grc' dir='ltr'>δέή</span> <span class='ocrx_word' id='word_1_273' title='bbox 1439 3348 1761 3419; x_wconf 72' lang='grc' dir='ltr'>σωφροσύνη</span> <span class='ocrx_word' id='word_1_274' title='bbox 1795 3361 1840 3404; x_wconf 78' lang='grc' dir='ltr'>ο.</span> 
     </span>
    </p>
   </div>
   <div class='ocr_carea' id='block_1_35' title="bbox 166 3432 1846 3508">
    <p class='ocr_par' dir='ltr' id='par_1_35' title="bbox 166 3432 1846 3508">
     <span class='ocr_line' id='line_1_35' title="bbox 166 3432 1846 3508; baseline -0.002 -16"><span class='ocrx_word' id='word_1_275' title='bbox 166 3441 319 3508; x_wconf 76' lang='grc' dir='ltr'>’Ἅμα</span> <span class='ocrx_word' id='word_1_276' title='bbox 350 3435 458 3506; x_wconf 77' lang='grc' dir='ltr'>γάρ</span> <span class='ocrx_word' id='word_1_277' title='bbox 485 3435 548 3488; x_wconf 84' lang='grc' dir='ltr'>ἀν</span> <span class='ocrx_word' id='word_1_278' title='bbox 577 3451 661 3497; x_wconf 87' lang='grc' dir='ltr'>τις</span> <span class='ocrx_word' id='word_1_279' title='bbox 683 3433 842 3503; x_wconf 81' lang='grc' dir='ltr'>ἐπιϐῇ</span> <span class='ocrx_word' id='word_1_280' title='bbox 880 3432 984 3484; x_wconf 89' lang='grc' dir='ltr'>τῶν</span> <span class='ocrx_word' id='word_1_281' title='bbox 1014 3433 1302 3503; x_wconf 81' lang='grc' dir='ltr'>προθύρων</span> <span class='ocrx_word' id='word_1_282' title='bbox 1322 3434 1420 3503; x_wconf 82' lang='grc' dir='ltr'>τῆς</span> <span class='ocrx_word' id='word_1_283' title='bbox 1444 3435 1620 3496; x_wconf 85' lang='grc' dir='ltr'>οἰκίας</span> <span class='ocrx_word' id='word_1_284' title='bbox 1636 3435 1735 3505; x_wconf 80' lang='grc' dir='ltr'>τῆς</span> <span class='ocrx_word' id='word_1_285' title='bbox 1760 3454 1846 3488; x_wconf 88' lang='grc' dir='ltr'>νε-</span> 
     </span>
    </p>
   </div>
   <div class='ocr_carea' id='block_1_36' title="bbox 163 3519 1847 3597">
    <p class='ocr_par' dir='ltr' id='par_1_36' title="bbox 163 3519 1847 3597">
     <span class='ocr_line' id='line_1_36' title="bbox 163 3519 1847 3597; baseline -0.002 -19"><span class='ocrx_word' id='word_1_286' title='bbox 163 3527 295 3597; x_wconf 73' lang='grc' dir='ltr'>κρον</span> <span class='ocrx_word' id='word_1_287' title='bbox 325 3523 576 3594; x_wconf 85' lang='grc' dir='ltr'>ἐχούσης,</span> <span class='ocrx_word' id='word_1_288' title='bbox 612 3521 706 3574; x_wconf 70' lang='grc' dir='ltr'>καὶ</span> <span class='ocrx_word' id='word_1_289' title='bbox 735 3522 826 3573; x_wconf 79' lang='grc' dir='ltr'>τὸν</span> <span class='ocrx_word' id='word_1_290' title='bbox 854 3519 1274 3590; x_wconf 78' lang='grc' dir='ltr'>τετελευτηκότα</span> <span class='ocrx_word' id='word_1_291' title='bbox 1309 3519 1392 3593; x_wconf 83' lang='grc' dir='ltr'>ίδῃ</span> <span class='ocrx_word' id='word_1_292' title='bbox 1425 3522 1637 3590; x_wconf 81' lang='grc' dir='ltr'>ἄφωνον</span> <span class='ocrx_word' id='word_1_293' title='bbox 1669 3523 1847 3592; x_wconf 88' lang='grc' dir='ltr'>κείμε-</span> 
     </span>
    </p>
   </div>
   <div class='ocr_carea' id='block_1_37' title="bbox 165 3607 1845 3682">
    <p class='ocr_par' dir='ltr' id='par_1_37' title="bbox 165 3607 1845 3682">
     <span class='ocr_line' id='line_1_37' title="bbox 165 3607 1845 3682; baseline 0.008 -32"><span class='ocrx_word' id='word_1_294' title='bbox 165 3632 274 3674; x_wconf 54' lang='grc' dir='ltr'>νον,</span> <span class='ocrx_word' id='word_1_295' title='bbox 306 3614 402 3666; x_wconf 67' lang='grc' dir='ltr'>καὶ</span> <span class='ocrx_word' id='word_1_296' title='bbox 423 3611 521 3682; x_wconf 73' lang='grc' dir='ltr'>τὴν</span> <span class='ocrx_word' id='word_1_297' title='bbox 551 3612 785 3678; x_wconf 86' lang='grc' dir='ltr'>γυναῖκα</span> <span class='ocrx_word' id='word_1_298' title='bbox 813 3609 910 3670; x_wconf 83' lang='grc' dir='ltr'>τάς</span> <span class='ocrx_word' id='word_1_299' title='bbox 935 3609 1130 3680; x_wconf 84' lang='grc' dir='ltr'>τρίχας</span> <span class='ocrx_word' id='word_1_300' title='bbox 1156 3608 1458 3673; x_wconf 87' lang='grc' dir='ltr'>τίλλουσαν,</span> <span class='ocrx_word' id='word_1_301' title='bbox 1489 3607 1586 3671; x_wconf 81' lang='grc' dir='ltr'>τὰς</span> <span class='ocrx_word' id='word_1_302' title='bbox 1614 3610 1845 3680; x_wconf 81' lang='grc' dir='ltr'>παρειὰς</span> 
     </span>
    </p>
   </div>
   <div class='ocr_carea' id='block_1_38' title="bbox 166 3695 1847 3767">
    <p class='ocr_par' dir='ltr' id='par_1_38' title="bbox 166 3695 1847 3767">
     <span class='ocr_line' id='line_1_38' title="bbox 166 3695 1847 3767; baseline -0.004 -12"><span class='ocrx_word' id='word_1_303' title='bbox 166 3700 626 3767; x_wconf 82' lang='grc' dir='ltr'>καταξαίνουσαν,</span> <span class='ocrx_word' id='word_1_304' title='bbox 670 3699 794 3758; x_wconf 80' lang='grc' dir='ltr'>τοὺς</span> <span class='ocrx_word' id='word_1_305' title='bbox 845 3695 1134 3767; x_wconf 85' lang='grc' dir='ltr'>βραχίονας</span> <span class='ocrx_word' id='word_1_306' title='bbox 1180 3695 1640 3764; x_wconf 86' lang='grc' dir='ltr'>κατατέμνουσαν,</span> <span class='ocrx_word' id='word_1_307' title='bbox 1682 3714 1847 3750; x_wconf 87' lang='grc' dir='ltr'>κατα-</span> 
     </span>
    </p>
   </div>
   <div class='ocr_carea' id='block_1_39' title="bbox 167 3781 1844 3854">
    <p class='ocr_par' dir='ltr' id='par_1_39' title="bbox 167 3781 1844 3854">
     <span class='ocr_line' id='line_1_39' title="bbox 167 3781 1844 3854; baseline -0.002 -13"><span class='ocrx_word' id='word_1_308' title='bbox 167 3788 464 3847; x_wconf 89' lang='grc' dir='ltr'>στέλλεται,</span> <span class='ocrx_word' id='word_1_309' title='bbox 489 3783 892 3854; x_wconf 76' lang='grc' dir='ltr'>σκυθρωπάζει,</span> <span class='ocrx_word' id='word_1_310' title='bbox 916 3783 1012 3836; x_wconf 73' lang='grc' dir='ltr'>καὶ</span> <span class='ocrx_word' id='word_1_311' title='bbox 1033 3783 1140 3835; x_wconf 88' lang='grc' dir='ltr'>τῶν</span> <span class='ocrx_word' id='word_1_312' title='bbox 1167 3781 1594 3853; x_wconf 88' lang='grc' dir='ltr'>συγκαθημένων</span> <span class='ocrx_word' id='word_1_313' title='bbox 1618 3784 1844 3849; x_wconf 76' lang='grc' dir='ltr'>ἕκαστος</span> 
     </span>
    </p>
   </div>
   <div class='ocr_carea' id='block_1_40' title="bbox 165 3871 1843 3948">
    <p class='ocr_par' dir='ltr' id='par_1_40' title="bbox 165 3871 1843 3948">
     <span class='ocr_line' id='line_1_40' title="bbox 165 3871 1843 3948; baseline -0.003 -18"><span class='ocrx_word' id='word_1_314' title='bbox 165 3876 302 3948; x_wconf 80' lang='grc' dir='ltr'>πρὸς</span> <span class='ocrx_word' id='word_1_315' title='bbox 324 3875 416 3927; x_wconf 85' lang='grc' dir='ltr'>τὸν</span> <span class='ocrx_word' id='word_1_316' title='bbox 445 3872 668 3943; x_wconf 87' lang='grc' dir='ltr'>πλησίον</span> <span class='ocrx_word' id='word_1_317' title='bbox 696 3871 848 3924; x_wconf 83' lang='grc' dir='ltr'>οὐδὲν</span> <span class='ocrx_word' id='word_1_318' title='bbox 877 3871 1062 3940; x_wconf 73' lang='grc' dir='ltr'>ἕτερον</span> <span class='ocrx_word' id='word_1_319' title='bbox 1088 3871 1384 3938; x_wconf 87' lang='grc' dir='ltr'>φθέγγεται</span> <span class='ocrx_word' id='word_1_320' title='bbox 1411 3871 1526 3923; x_wconf 86' lang='grc' dir='ltr'>ἀλλ’</span> <span class='ocrx_word' id='word_1_321' title='bbox 1549 3871 1602 3942; x_wconf 78' lang='grc' dir='ltr'>ἢ,</span> <span class='ocrx_word' id='word_1_322' title='bbox 1631 3873 1711 3924; x_wconf 80' lang='grc' dir='ltr'>ὅτι</span> <span class='ocrx_word' id='word_1_323' title='bbox 1737 3874 1843 3926; x_wconf 90' lang='grc' dir='ltr'>Οὐ-</span> 
     </span>
    </p>
   </div>
   <div class='ocr_carea' id='block_1_41' title="bbox 163 3958 1842 4034">
    <p class='ocr_par' dir='ltr' id='par_1_41' title="bbox 163 3958 1842 4034">
     <span class='ocr_line' id='line_1_41' title="bbox 163 3958 1842 4034; baseline -0.003 -16"><span class='ocrx_word' id='word_1_324' title='bbox 163 3967 248 4018; x_wconf 81' lang='grc' dir='ltr'>δέν</span> <span class='ocrx_word' id='word_1_325' title='bbox 274 3967 464 4034; x_wconf 89' lang='grc' dir='ltr'>ἐσμεν,</span> <span class='ocrx_word' id='word_1_326' title='bbox 494 3963 588 4014; x_wconf 73' lang='grc' dir='ltr'>καὶ</span> <span class='ocrx_word' id='word_1_327' title='bbox 611 3963 644 4031; x_wconf 88' lang='grc' dir='ltr'><strong>ή</strong></span> <span class='ocrx_word' id='word_1_328' title='bbox 673 3960 840 4013; x_wconf 87' lang='grc' dir='ltr'>κακία</span> <span class='ocrx_word' id='word_1_329' title='bbox 866 3959 1020 4030; x_wconf 81' lang='grc' dir='ltr'>ἡμῶν</span> <span class='ocrx_word' id='word_1_330' title='bbox 1054 3958 1280 4027; x_wconf 74' lang='grc' dir='ltr'>ἀφατος.</span> <span class='ocrx_word' id='word_1_331' title='bbox 1319 3958 1384 4010; x_wconf 90' lang='grc' dir='ltr'>Τί</span> <span class='ocrx_word' id='word_1_332' title='bbox 1405 3958 1608 4012; x_wconf 88' lang='grc' dir='ltr'>τούτων</span> <span class='ocrx_word' id='word_1_333' title='bbox 1629 3960 1842 4029; x_wconf 84' lang='grc' dir='ltr'>φιλοσο-</span> 
     </span>
    </p>
   </div>
   <div class='ocr_carea' id='block_1_42' title="bbox 165 4045 1845 4122">
    <p class='ocr_par' dir='ltr' id='par_1_42' title="bbox 165 4045 1845 4122">
     <span class='ocr_line' id='line_1_42' title="bbox 165 4045 1845 4122; baseline -0.003 -17"><span class='ocrx_word' id='word_1_334' title='bbox 165 4053 408 4122; x_wconf 84' lang='grc' dir='ltr'>φώτερον</span> <span class='ocrx_word' id='word_1_335' title='bbox 434 4048 544 4103; x_wconf 86' lang='grc' dir='ltr'>τῶν</span> <span class='ocrx_word' id='word_1_336' title='bbox 581 4048 840 4119; x_wconf 76' lang='grc' dir='ltr'>ῥημάτων</span> <span class='ocrx_word' id='word_1_337' title='bbox 864 4046 1056 4114; x_wconf 83' lang='grc' dir='ltr'>γένοιτ’</span> <span class='ocrx_word' id='word_1_338' title='bbox 1097 4045 1184 4108; x_wconf 86' lang='grc' dir='ltr'>ἂν,</span> <span class='ocrx_word' id='word_1_339' title='bbox 1213 4047 1340 4099; x_wconf 85' lang='grc' dir='ltr'>ὅταν</span> <span class='ocrx_word' id='word_1_340' title='bbox 1381 4045 1475 4098; x_wconf 68' lang='grc' dir='ltr'>καὶ</span> <span class='ocrx_word' id='word_1_341' title='bbox 1502 4047 1600 4116; x_wconf 79' lang='grc' dir='ltr'>τῆς</span> <span class='ocrx_word' id='word_1_342' title='bbox 1629 4048 1845 4115; x_wconf 84' lang='grc' dir='ltr'>φύσεως</span> 
     </span>
    </p>
   </div>
   <div class='ocr_carea' id='block_1_43' title="bbox 163 4131 1842 4209">
    <p class='ocr_par' dir='ltr' id='par_1_43' title="bbox 163 4131 1842 4209">
     <span class='ocr_line' id='line_1_43' title="bbox 163 4131 1842 4209; baseline 0 -20"><span class='ocrx_word' id='word_1_343' title='bbox 163 4139 258 4209; x_wconf 80' lang='grc' dir='ltr'>τὴν</span> <span class='ocrx_word' id='word_1_344' title='bbox 294 4137 572 4190; x_wconf 89' lang='grc' dir='ltr'>εὐτέλειαν</span> <span class='ocrx_word' id='word_1_345' title='bbox 603 4131 1072 4201; x_wconf 83' lang='grc' dir='ltr'>ἐπιγινώσκωμεν,</span> <span class='ocrx_word' id='word_1_346' title='bbox 1100 4134 1193 4185; x_wconf 73' lang='grc' dir='ltr'>καὶ</span> <span class='ocrx_word' id='word_1_347' title='bbox 1212 4135 1308 4202; x_wconf 57' lang='grc' dir='ltr'>τὴν</span> <span class='ocrx_word' id='word_1_348' title='bbox 1333 4132 1597 4203; x_wconf 87' lang='grc' dir='ltr'>πονηρίαν</span> <span class='ocrx_word' id='word_1_349' title='bbox 1622 4134 1842 4189; x_wconf 85' lang='grc' dir='ltr'>διαϐάλ-</span> 
     </span>
    </p>
   </div>
   <div class='ocr_carea' id='block_1_44' title="bbox 163 4215 1844 4295">
    <p class='ocr_par' dir='ltr' id='par_1_44' title="bbox 163 4215 1844 4295">
     <span class='ocr_line' id='line_1_44' title="bbox 163 4215 1844 4295; baseline 0.002 -23"><span class='ocrx_word' id='word_1_350' title='bbox 163 4226 368 4295; x_wconf 78' lang='grc' dir='ltr'>λωμεν,</span> <span class='ocrx_word' id='word_1_351' title='bbox 393 4224 486 4276; x_wconf 71' lang='grc' dir='ltr'>καὶ</span> <span class='ocrx_word' id='word_1_352' title='bbox 519 4221 682 4292; x_wconf 84' lang='grc' dir='ltr'>μηδὲν</span> <span class='ocrx_word' id='word_1_353' title='bbox 720 4215 858 4273; x_wconf 83' lang='grc' dir='ltr'>εἶναι</span> <span class='ocrx_word' id='word_1_354' title='bbox 887 4219 954 4272; x_wconf 77' lang='grc' dir='ltr'>τὰ</span> <span class='ocrx_word' id='word_1_355' title='bbox 985 4219 1226 4291; x_wconf 88' lang='grc' dir='ltr'>παρόντα</span> <span class='ocrx_word' id='word_1_356' title='bbox 1256 4220 1564 4290; x_wconf 75' lang='grc' dir='ltr'>νομίζωμεν</span> <span class='ocrx_word' id='word_1_357' title='bbox 1585 4260 1600 4285; x_wconf 94' lang='grc'>,</span> <span class='ocrx_word' id='word_1_358' title='bbox 1637 4223 1844 4293; x_wconf 80' lang='grc' dir='ltr'>ἑτέροις</span> 
     </span>
    </p>
   </div>
   <div class='ocr_carea' id='block_1_45' title="bbox 169 4305 1844 4383">
    <p class='ocr_par' dir='ltr' id='par_1_45' title="bbox 169 4305 1844 4383">
     <span class='ocr_line' id='line_1_45' title="bbox 169 4305 1844 4383; baseline 0.002 -24"><span class='ocrx_word' id='word_1_359' title='bbox 169 4314 264 4382; x_wconf 78' lang='grc' dir='ltr'>μὲν</span> <span class='ocrx_word' id='word_1_360' title='bbox 305 4313 548 4383; x_wconf 77' lang='grc' dir='ltr'>ῥήμασι,</span> <span class='ocrx_word' id='word_1_361' title='bbox 600 4307 791 4379; x_wconf 83' lang='grc' dir='ltr'>γνώμῃ</span> <span class='ocrx_word' id='word_1_362' title='bbox 840 4308 897 4360; x_wconf 80' lang='grc' dir='ltr'>δέ</span> <span class='ocrx_word' id='word_1_363' title='bbox 939 4309 1004 4378; x_wconf 79' lang='grc' dir='ltr'>τῇ</span> <span class='ocrx_word' id='word_1_364' title='bbox 1059 4307 1194 4377; x_wconf 87' lang='grc' dir='ltr'>αὐτῇ</span> <span class='ocrx_word' id='word_1_365' title='bbox 1244 4307 1310 4360; x_wconf 89' lang='grc' dir='ltr'>τά</span> <span class='ocrx_word' id='word_1_366' title='bbox 1354 4305 1446 4359; x_wconf 91' lang='grc' dir='ltr'>τοῦ</span> <span class='ocrx_word' id='word_1_367' title='bbox 1501 4308 1844 4378; x_wconf 85' lang='grc' dir='ltr'>Σολομῶντος</span> 
     </span>
    </p>
   </div>
   <div class='ocr_carea' id='block_1_46' title="bbox 163 4393 1843 4470">
    <p class='ocr_par' dir='ltr' id='par_1_46' title="bbox 163 4393 1843 4470">
     <span class='ocr_line' id='line_1_46' title="bbox 163 4393 1843 4470; baseline -0.002 -17"><span class='ocrx_word' id='word_1_368' title='bbox 163 4399 527 4470; x_wconf 70' lang='grc' dir='ltr'>φθεγγόμενοι</span> <span class='ocrx_word' id='word_1_369' title='bbox 556 4398 739 4449; x_wconf 88' lang='grc' dir='ltr'>ἐκεῖνα</span> <span class='ocrx_word' id='word_1_370' title='bbox 768 4395 837 4449; x_wconf 86' lang='grc' dir='ltr'>τά</span> <span class='ocrx_word' id='word_1_371' title='bbox 864 4393 1148 4464; x_wconf 84' lang='grc' dir='ltr'>θαυμαστά</span> <span class='ocrx_word' id='word_1_372' title='bbox 1176 4395 1267 4448; x_wconf 76' lang='grc' dir='ltr'>καὶ</span> <span class='ocrx_word' id='word_1_373' title='bbox 1298 4394 1496 4464; x_wconf 82' lang='grc' dir='ltr'>πολλῆς</span> <span class='ocrx_word' id='word_1_374' title='bbox 1527 4396 1843 4466; x_wconf 74' lang='grc' dir='ltr'>φιλοσοφίας</span> 
     </span>
    </p>
   </div>
   <div class='ocr_carea' id='block_1_47' title="bbox 162 4481 1844 4558">
    <p class='ocr_par' dir='ltr' id='par_1_47' title="bbox 162 4481 1844 4558">
     <span class='ocr_line' id='line_1_47' title="bbox 162 4481 1844 4558; baseline 0.003 -25"><span class='ocrx_word' id='word_1_375' title='bbox 162 4488 424 4558; x_wconf 81' lang='grc' dir='ltr'>γέμοντα,</span> <span class='ocrx_word' id='word_1_376' title='bbox 453 4487 534 4538; x_wconf 83' lang='grc' dir='ltr'>ὅτι</span> <span class='ocrx_word' id='word_1_377' title='bbox 578 4484 911 4550; x_wconf 85' lang='grc' dir='ltr'>Ματαιότης</span> <span class='ocrx_word' id='word_1_378' title='bbox 943 4481 1374 4551; x_wconf 81' lang='grc' dir='ltr'>ματαιοτήτων,</span> <span class='ocrx_word' id='word_1_379' title='bbox 1411 4482 1510 4535; x_wconf 78' lang='grc' dir='ltr'>καὶ</span> <span class='ocrx_word' id='word_1_380' title='bbox 1545 4483 1614 4535; x_wconf 81' lang='grc' dir='ltr'>τὰ</span> <span class='ocrx_word' id='word_1_381' title='bbox 1648 4484 1844 4538; x_wconf 72' lang='grc' dir='ltr'>πάντα</span> 
     </span>
    </p>
   </div>
   <div class='ocr_carea' id='block_1_48' title="bbox 157 4567 1843 4644">
    <p class='ocr_par' dir='ltr' id='par_1_48' title="bbox 157 4567 1843 4644">
     <span class='ocr_line' id='line_1_48' title="bbox 157 4567 1843 4644; baseline -0.002 -16"><span class='ocrx_word' id='word_1_382' title='bbox 157 4576 486 4644; x_wconf 81' lang='grc' dir='ltr'>ματαιότης</span> <span class='ocrx_word' id='word_1_383' title='bbox 510 4589 528 4635; x_wconf 83' lang='grc'><em>;</em></span> <span class='ocrx_word' id='word_1_384' title='bbox 556 4573 613 4624; x_wconf 93' lang='lat'><strong>&#39;0</strong></span> <span class='ocrx_word' id='word_1_385' title='bbox 649 4574 728 4634; x_wconf 83' lang='grc' dir='ltr'>είς</span> <span class='ocrx_word' id='word_1_386' title='bbox 767 4567 914 4624; x_wconf 77' lang='grc' dir='ltr'>οἷκον</span> <span class='ocrx_word' id='word_1_387' title='bbox 946 4569 1286 4623; x_wconf 84' lang='grc' dir='ltr'>πενθούντων</span> <span class='ocrx_word' id='word_1_388' title='bbox 1321 4570 1596 4634; x_wconf 74' lang='grc' dir='ltr'>εἰσελθὼν,</span> <span class='ocrx_word' id='word_1_389' title='bbox 1641 4572 1843 4636; x_wconf 90' lang='grc' dir='ltr'>εὐθέως</span> 
     </span>
    </p>
   </div>
   <div class='ocr_carea' id='block_1_49' title="bbox 158 4654 1842 4735">
    <p class='ocr_par' dir='ltr' id='par_1_49' title="bbox 158 4654 1842 4735">
     <span class='ocr_line' id='line_1_49' title="bbox 158 4654 1842 4735; baseline -0.002 -19"><span class='ocrx_word' id='word_1_390' title='bbox 158 4663 388 4735; x_wconf 82' lang='grc' dir='ltr'>δακρύει</span> <span class='ocrx_word' id='word_1_391' title='bbox 415 4663 505 4714; x_wconf 77' lang='grc' dir='ltr'>τὸν</span> <span class='ocrx_word' id='word_1_392' title='bbox 531 4659 832 4714; x_wconf 83' lang='grc' dir='ltr'>ἀπελθόντα</span> <span class='ocrx_word' id='word_1_393' title='bbox 854 4699 868 4721; x_wconf 93' lang='grc'>,</span> <span class='ocrx_word' id='word_1_394' title='bbox 904 4658 1006 4711; x_wconf 82' lang='grc' dir='ltr'>κάν</span> <span class='ocrx_word' id='word_1_395' title='bbox 1038 4657 1229 4729; x_wconf 81' lang='grc' dir='ltr'>ἐχθρὸς</span> <span class='ocrx_word' id='word_1_396' title='bbox 1353 4656 1506 4722; x_wconf 77' lang='grc' dir='ltr'>Εἶδες</span> <span class='ocrx_word' id='word_1_397' title='bbox 1531 4659 1694 4712; x_wconf 88' lang='grc' dir='ltr'>πόσον</span> <span class='ocrx_word' id='word_1_398' title='bbox 1726 4660 1842 4729; x_wconf 83' lang='grc' dir='ltr'>βελ-</span> 
     </span>
    </p>
   </div>
   <div class='ocr_carea' id='block_1_50' title="bbox 157 4744 1838 4821">
    <p class='ocr_par' dir='ltr' id='par_1_50' title="bbox 157 4744 1838 4821">
     <span class='ocr_line' id='line_1_50' title="bbox 157 4744 1838 4821; baseline -0.002 -19"><span class='ocrx_word' id='word_1_399' title='bbox 157 4752 290 4804; x_wconf 90' lang='grc' dir='ltr'>τίων</span> <span class='ocrx_word' id='word_1_400' title='bbox 316 4749 458 4821; x_wconf 82' lang='grc' dir='ltr'>αὐτη</span> <span class='ocrx_word' id='word_1_401' title='bbox 485 4748 698 4817; x_wconf 79' lang='grc' dir='ltr'>ἐκείνης</span> <span class='ocrx_word' id='word_1_402' title='bbox 726 4749 758 4816; x_wconf 81' lang='grc' dir='ltr'>ἡ</span> <span class='ocrx_word' id='word_1_403' title='bbox 797 4747 967 4813; x_wconf 87' lang='grc' dir='ltr'>οἰκία;</span> <span class='ocrx_word' id='word_1_404' title='bbox 1005 4747 1150 4799; x_wconf 84' lang='grc' dir='ltr'>Ἐκεῖ</span> <span class='ocrx_word' id='word_1_405' title='bbox 1175 4746 1272 4816; x_wconf 89' lang='grc' dir='ltr'>μέν</span> <span class='ocrx_word' id='word_1_406' title='bbox 1305 4745 1434 4816; x_wconf 76' lang='grc' dir='ltr'>γὰρ,</span> <span class='ocrx_word' id='word_1_407' title='bbox 1471 4747 1572 4799; x_wconf 79' lang='grc' dir='ltr'>κᾶν</span> <span class='ocrx_word' id='word_1_408' title='bbox 1603 4748 1755 4814; x_wconf 87' lang='grc' dir='ltr'>φίλος</span> <span class='ocrx_word' id='word_1_409' title='bbox 1781 4744 1838 4819; x_wconf 82' lang='grc' dir='ltr'>ᾗ,</span> 
     </span>
    </p>
   </div>
   <div class='ocr_carea' id='block_1_51' title="bbox 161 4830 1842 4908">
    <p class='ocr_par' dir='ltr' id='par_1_51' title="bbox 161 4830 1842 4908">
     <span class='ocr_line' id='line_1_51' title="bbox 161 4830 1842 4908; baseline -0.004 -17"><span class='ocrx_word' id='word_1_410' title='bbox 161 4839 366 4907; x_wconf 82' lang='grc' dir='ltr'>φθονεῖ·</span> <span class='ocrx_word' id='word_1_411' title='bbox 395 4836 628 4890; x_wconf 88' lang='grc' dir='ltr'>ἐνταῦθα</span> <span class='ocrx_word' id='word_1_412' title='bbox 655 4836 735 4897; x_wconf 80' lang='grc' dir='ltr'>δὲ,</span> <span class='ocrx_word' id='word_1_413' title='bbox 766 4834 869 4888; x_wconf 72' lang='grc' dir='ltr'>κᾶν</span> <span class='ocrx_word' id='word_1_414' title='bbox 897 4835 1087 4905; x_wconf 77' lang='grc' dir='ltr'>ἐχθρὸς</span> <span class='ocrx_word' id='word_1_415' title='bbox 1115 4830 1170 4908; x_wconf 80' lang='grc' dir='ltr'>ᾗ,</span> <span class='ocrx_word' id='word_1_416' title='bbox 1201 4833 1445 4904; x_wconf 84' lang='grc' dir='ltr'>δακρύει·</span> <span class='ocrx_word' id='word_1_417' title='bbox 1473 4834 1651 4897; x_wconf 84' lang='grc' dir='ltr'>τοῦτο,</span> <span class='ocrx_word' id='word_1_418' title='bbox 1680 4834 1706 4886; x_wconf 84' lang='grc' dir='ltr'><strong>ὃ</strong></span> <span class='ocrx_word' id='word_1_419' title='bbox 1741 4837 1842 4904; x_wconf 82' lang='grc' dir='ltr'>μά-</span> 
     </span>
    </p>
   </div>
   <div class='ocr_carea' id='block_1_52' title="bbox 159 4921 1838 4993">
    <p class='ocr_par' dir='ltr' id='par_1_52' title="bbox 159 4921 1838 4993">
     <span class='ocr_line' id='line_1_52' title="bbox 159 4921 1838 4993; baseline 0 -17"><span class='ocrx_word' id='word_1_420' title='bbox 159 4927 315 4980; x_wconf 83' lang='grc' dir='ltr'>λιστα</span> <span class='ocrx_word' id='word_1_421' title='bbox 350 4927 568 4978; x_wconf 81' lang='grc' dir='ltr'>πάντων</span> <span class='ocrx_word' id='word_1_422' title='bbox 591 4927 618 4976; x_wconf 88' lang='lat'>6</span> <span class='ocrx_word' id='word_1_423' title='bbox 647 4923 776 4987; x_wconf 85' lang='grc' dir='ltr'>Θεὸς</span> <span class='ocrx_word' id='word_1_424' title='bbox 805 4921 1068 4993; x_wconf 78' lang='grc' dir='ltr'>ἐπιζητεῖ,</span> <span class='ocrx_word' id='word_1_425' title='bbox 1096 4923 1155 4974; x_wconf 85' lang='grc' dir='ltr'>τὸ</span> <span class='ocrx_word' id='word_1_426' title='bbox 1187 4922 1260 4992; x_wconf 80' lang='grc' dir='ltr'>μὴ</span> <span class='ocrx_word' id='word_1_427' title='bbox 1288 4922 1581 4993; x_wconf 76' lang='grc' dir='ltr'>ἐφήδεσθαι</span> <span class='ocrx_word' id='word_1_428' title='bbox 1611 4927 1722 4988; x_wconf 87' lang='grc' dir='ltr'>τοῖς</span> <span class='ocrx_word' id='word_1_429' title='bbox 1751 4924 1838 4976; x_wconf 89' lang='grc' dir='ltr'>λε-</span> 
     </span>
    </p>
   </div>
   <div class='ocr_carea' id='block_1_53' title="bbox 159 5010 1839 5082">
    <p class='ocr_par' dir='ltr' id='par_1_53' title="bbox 159 5010 1839 5082">
     <span class='ocr_line' id='line_1_53' title="bbox 159 5010 1839 5082; baseline -0.001 -18"><span class='ocrx_word' id='word_1_430' title='bbox 159 5015 484 5081; x_wconf 81' lang='grc' dir='ltr'>λυπηκόσιν.</span> <span class='ocrx_word' id='word_1_431' title='bbox 506 5013 580 5065; x_wconf 84' lang='grc' dir='ltr'>Οὐ</span> <span class='ocrx_word' id='word_1_432' title='bbox 598 5011 770 5065; x_wconf 86' lang='grc' dir='ltr'>ταῦτα</span> <span class='ocrx_word' id='word_1_433' title='bbox 785 5013 841 5065; x_wconf 81' lang='grc' dir='ltr'>δὲ</span> <span class='ocrx_word' id='word_1_434' title='bbox 868 5012 1025 5082; x_wconf 88' lang='grc' dir='ltr'>μόνον</span> <span class='ocrx_word' id='word_1_435' title='bbox 1049 5010 1193 5063; x_wconf 81' lang='grc' dir='ltr'>ἐστιν</span> <span class='ocrx_word' id='word_1_436' title='bbox 1216 5010 1422 5062; x_wconf 83' lang='grc' dir='ltr'>ἐκεῖθεν</span> <span class='ocrx_word' id='word_1_437' title='bbox 1443 5011 1839 5082; x_wconf 78' lang='grc' dir='ltr'>καρπώσασθαι</span> 
     </span>
    </p>
   </div>
   <div class='ocr_carea' id='block_1_54' title="bbox 159 5098 1839 5170">
    <p class='ocr_par' dir='ltr' id='par_1_54' title="bbox 159 5098 1839 5170">
     <span class='ocr_line' id='line_1_54' title="bbox 159 5098 1839 5170; baseline -0.001 -18"><span class='ocrx_word' id='word_1_438' title='bbox 159 5105 224 5154; x_wconf 65' lang='grc' dir='ltr'>τα</span> <span class='ocrx_word' id='word_1_439' title='bbox 260 5102 425 5162; x_wconf 71' lang='grc' dir='ltr'>καλὶι,</span> <span class='ocrx_word' id='word_1_440' title='bbox 459 5103 594 5154; x_wconf 76' lang='grc' dir='ltr'>ἀλλά</span> <span class='ocrx_word' id='word_1_441' title='bbox 620 5102 711 5154; x_wconf 77' lang='grc' dir='ltr'>καὶ</span> <span class='ocrx_word' id='word_1_442' title='bbox 744 5101 905 5169; x_wconf 81' lang='grc' dir='ltr'>’ἐτερα</span> <span class='ocrx_word' id='word_1_443' title='bbox 935 5099 1134 5150; x_wconf 88' lang='grc' dir='ltr'>τούτων</span> <span class='ocrx_word' id='word_1_444' title='bbox 1173 5098 1272 5149; x_wconf 87' lang='grc' dir='ltr'>οὐκ</span> <span class='ocrx_word' id='word_1_445' title='bbox 1318 5099 1540 5151; x_wconf 88' lang='grc' dir='ltr'>ἐλάττω.</span> <span class='ocrx_word' id='word_1_446' title='bbox 1590 5100 1698 5151; x_wconf 79' lang='grc' dir='ltr'>Καὶ</span> <span class='ocrx_word' id='word_1_447' title='bbox 1732 5099 1839 5170; x_wconf 78' lang='grc' dir='ltr'>γὰρ</span> 
     </span>
    </p>
   </div>
   <div class='ocr_carea' id='block_1_55' title="bbox 160 5185 1837 5260">
    <p class='ocr_par' dir='ltr' id='par_1_55' title="bbox 160 5185 1837 5260">
     <span class='ocr_line' id='line_1_55' title="bbox 160 5185 1837 5260; baseline -0.002 -18"><span class='ocrx_word' id='word_1_448' title='bbox 160 5191 639 5260; x_wconf 76' lang='grc' dir='ltr'>ἀναμιμνήσκεται</span> <span class='ocrx_word' id='word_1_449' title='bbox 673 5186 820 5258; x_wconf 63' lang='grc' dir='ltr'>ΗΜ]</span> <span class='ocrx_word' id='word_1_450' title='bbox 865 5185 974 5238; x_wconf 89' lang='grc' dir='ltr'>τῶν</span> <span class='ocrx_word' id='word_1_451' title='bbox 1016 5185 1430 5255; x_wconf 83' lang='grc' dir='ltr'>ἁμαρτημάτων</span> <span class='ocrx_word' id='word_1_452' title='bbox 1462 5186 1692 5249; x_wconf 73' lang='grc' dir='ltr'>ἕκαστος</span> <span class='ocrx_word' id='word_1_453' title='bbox 1731 5187 1837 5238; x_wconf 87' lang='grc' dir='ltr'>τῶν</span> 
     </span>
    </p>
   </div>
   <div class='ocr_carea' id='block_1_56' title="bbox 161 5271 1838 5343">
    <p class='ocr_par' dir='ltr' id='par_1_56' title="bbox 161 5271 1838 5343">
     <span class='ocr_line' id='line_1_56' title="bbox 161 5271 1838 5343; baseline -0.002 -14"><span class='ocrx_word' id='word_1_454' title='bbox 161 5277 380 5337; x_wconf 76' lang='grc' dir='ltr'>ἑαυτοῦ,</span> <span class='ocrx_word' id='word_1_455' title='bbox 409 5277 504 5329; x_wconf 74' lang='grc' dir='ltr'>καὶ</span> <span class='ocrx_word' id='word_1_456' title='bbox 530 5275 624 5327; x_wconf 78' lang='grc' dir='ltr'>τοῦ</span> <span class='ocrx_word' id='word_1_457' title='bbox 644 5274 994 5343; x_wconf 85' lang='grc' dir='ltr'>δικαστηρίου</span> <span class='ocrx_word' id='word_1_458' title='bbox 1019 5271 1112 5324; x_wconf 86' lang='grc' dir='ltr'>τοῦ</span> <span class='ocrx_word' id='word_1_459' title='bbox 1146 5272 1397 5342; x_wconf 83' lang='grc' dir='ltr'>φοϐεροῦ,</span> <span class='ocrx_word' id='word_1_460' title='bbox 1428 5273 1520 5326; x_wconf 81' lang='grc' dir='ltr'>καὶ</span> <span class='ocrx_word' id='word_1_461' title='bbox 1548 5274 1656 5326; x_wconf 85' lang='grc' dir='ltr'>τῶν</span> <span class='ocrx_word' id='word_1_462' title='bbox 1685 5275 1838 5327; x_wconf 83' lang='grc' dir='ltr'>εὐθυ-</span> 
     </span>
    </p>
   </div>
   <div class='ocr_carea' id='block_1_57' title="bbox 160 5357 1838 5435">
    <p class='ocr_par' dir='ltr' id='par_1_57' title="bbox 160 5357 1838 5435">
     <span class='ocr_line' id='line_1_57' title="bbox 160 5357 1838 5435; baseline -0.001 -18"><span class='ocrx_word' id='word_1_463' title='bbox 160 5367 264 5419; x_wconf 87' lang='grc' dir='ltr'>νῶν</span> <span class='ocrx_word' id='word_1_464' title='bbox 287 5366 534 5423; x_wconf 83' lang='grc' dir='ltr'>ἐκείνων,</span> <span class='ocrx_word' id='word_1_465' title='bbox 567 5365 660 5416; x_wconf 76' lang='grc' dir='ltr'>καὶ</span> <span class='ocrx_word' id='word_1_466' title='bbox 681 5363 777 5433; x_wconf 77' lang='grc' dir='ltr'>τῆς</span> <span class='ocrx_word' id='word_1_467' title='bbox 806 5361 1058 5432; x_wconf 83' lang='grc' dir='ltr'>κρίσεως,</span> <span class='ocrx_word' id='word_1_468' title='bbox 1081 5360 1183 5413; x_wconf 82' lang='grc' dir='ltr'>κᾶν</span> <span class='ocrx_word' id='word_1_469' title='bbox 1275 5361 1444 5432; x_wconf 88' lang='grc' dir='ltr'>μυρία</span> <span class='ocrx_word' id='word_1_470' title='bbox 1469 5363 1614 5415; x_wconf 83' lang='grc' dir='ltr'>κακά</span> <span class='ocrx_word' id='word_1_471' title='bbox 1641 5378 1838 5415; x_wconf 82' lang='grc' dir='ltr'>πεπον-</span> 
     </span>
    </p>
   </div>
   <div class='ocr_carea' id='block_1_58' title="bbox 161 5449 1834 5522">
    <p class='ocr_par' dir='ltr' id='par_1_58' title="bbox 161 5449 1834 5522">
     <span class='ocr_line' id='line_1_58' title="bbox 161 5449 1834 5522; baseline -0.002 -17"><span class='ocrx_word' id='word_1_472' title='bbox 161 5454 268 5516; x_wconf 67' lang='grc' dir='ltr'>ίὼς</span> <span class='ocrx_word' id='word_1_473' title='bbox 311 5455 441 5522; x_wconf 86' lang='grc' dir='ltr'>παρ’</span> <span class='ocrx_word' id='word_1_474' title='bbox 498 5452 721 5521; x_wconf 90' lang='grc' dir='ltr'>ἐτέρων,</span> <span class='ocrx_word' id='word_1_475' title='bbox 769 5452 864 5503; x_wconf 74' lang='grc' dir='ltr'>καὶ</span> <span class='ocrx_word' id='word_1_476' title='bbox 907 5449 1079 5511; x_wconf 85' lang='grc' dir='ltr'>λύπας</span> <span class='ocrx_word' id='word_1_477' title='bbox 1125 5449 1264 5500; x_wconf 84' lang='grc' dir='ltr'>κατὰ</span> <span class='ocrx_word' id='word_1_478' title='bbox 1310 5450 1625 5519; x_wconf 85' lang='grc' dir='ltr'>τὴνόίκίαν</span> <span class='ocrx_word' id='word_1_479' title='bbox 1675 5449 1834 5518; x_wconf 79' lang='grc' dir='ltr'>ἔχων,</span> 
     </span>
    </p>
   </div>
   <div class='ocr_carea' id='block_1_59' title="bbox 159 5537 1836 5608">
    <p class='ocr_par' dir='ltr' id='par_1_59' title="bbox 159 5537 1836 5608">
     <span class='ocr_line' id='line_1_59' title="bbox 159 5537 1836 5608; baseline 0.001 -19"><span class='ocrx_word' id='word_1_480' title='bbox 159 5540 380 5597; x_wconf 72' lang='grc' dir='ltr'>πάντων</span> <span class='ocrx_word' id='word_1_481' title='bbox 403 5539 582 5593; x_wconf 90' lang='grc' dir='ltr'>αὐτῶν</span> <span class='ocrx_word' id='word_1_482' title='bbox 604 5537 786 5592; x_wconf 89' lang='grc' dir='ltr'>λαϐὼν</span> <span class='ocrx_word' id='word_1_483' title='bbox 811 5538 872 5590; x_wconf 76' lang='grc' dir='ltr'>τδ</span> <span class='ocrx_word' id='word_1_484' title='bbox 897 5539 1183 5608; x_wconf 84' lang='grc' dir='ltr'>φάρμακον</span> <span class='ocrx_word' id='word_1_485' title='bbox 1203 5537 1375 5600; x_wconf 76' lang='grc' dir='ltr'>οὕτως</span> <span class='ocrx_word' id='word_1_486' title='bbox 1398 5537 1692 5593; x_wconf 84' lang='grc' dir='ltr'>ἐπάνεισιν.</span> <span class='ocrx_word' id='word_1_487' title='bbox 1722 5542 1836 5592; x_wconf 83' lang='lat' dir='ltr'>‘le-</span> 
     </span>
    </p>
   </div>
   <div class='ocr_carea' id='block_1_60' title="bbox 217 5741 1765 5804">
    <p class='ocr_par' dir='ltr' id='par_1_60' title="bbox 217 5741 1765 5804">
     <span class='ocr_line' id='line_1_60' title="bbox 217 5741 1765 5804; baseline -0.002 -12"><span class='ocrx_word' id='word_1_488' title='bbox 217 5745 235 5767; x_wconf 85' lang='lat'>&#39;</span> <span class='ocrx_word' id='word_1_489' title='bbox 258 5746 383 5794; x_wconf 81' lang='lat' dir='ltr'>Sice</span> <span class='ocrx_word' id='word_1_490' title='bbox 408 5745 522 5793; x_wconf 86' lang='lat' dir='ltr'>Sav.</span> <span class='ocrx_word' id='word_1_491' title='bbox 545 5743 1030 5804; x_wconf 76' lang='lat' dir='ltr'>resiiiuimus.Vulg.</span> <span class='ocrx_word' id='word_1_492' title='bbox 1049 5743 1095 5790; x_wconf 84' lang='grc' dir='ltr'>ἐν</span> <span class='ocrx_word' id='word_1_493' title='bbox 1115 5748 1172 5804; x_wconf 82' lang='grc' dir='ltr'>τῇ</span> <span class='ocrx_word' id='word_1_494' title='bbox 1199 5746 1282 5804; x_wconf 82' lang='grc' dir='ltr'>μιᾷ</span> <span class='ocrx_word' id='word_1_495' title='bbox 1309 5745 1440 5802; x_wconf 82' lang='grc' dir='ltr'>κοινῇ</span> <span class='ocrx_word' id='word_1_496' title='bbox 1469 5746 1618 5802; x_wconf 72' lang='grc' dir='ltr'>φωνῇ.</span> <span class='ocrx_word' id='word_1_497' title='bbox 1637 5741 1765 5789; x_wconf 73' lang='lat' dir='ltr'>Em.</span> 
     </span>
    </p>
   </div>
   <div class='ocr_carea' id='block_1_61' title="bbox 219 5805 1244 5868">
    <p class='ocr_par' dir='ltr' id='par_1_61' title="bbox 219 5805 1244 5868">
     <span class='ocr_line' id='line_1_61' title="bbox 219 5805 1244 5868; baseline -0.004 -14"><span class='ocrx_word' id='word_1_498' title='bbox 219 5807 247 5846; x_wconf 65' lang='grc' dir='ltr'><strong>ὃ</strong></span> <span class='ocrx_word' id='word_1_499' title='bbox 278 5809 408 5861; x_wconf 52' lang='lat' dir='ltr'><strong>llam,</strong></span> <span class='ocrx_word' id='word_1_500' title='bbox 434 5808 528 5861; x_wconf 86' lang='grc' dir='ltr'>ναὶ,</span> <span class='ocrx_word' id='word_1_501' title='bbox 553 5807 685 5868; x_wconf 76' lang='grc' dir='ltr'>φησί,</span> <span class='ocrx_word' id='word_1_502' title='bbox 708 5807 753 5851; x_wconf 92' lang='lat' dir='ltr'>in</span> <span class='ocrx_word' id='word_1_503' title='bbox 772 5805 877 5854; x_wconf 90' lang='lat' dir='ltr'>solo</span> <span class='ocrx_word' id='word_1_504' title='bbox 902 5805 1021 5852; x_wconf 80' lang='lat' dir='ltr'><strong>Mor.</strong></span> <span class='ocrx_word' id='word_1_505' title='bbox 1048 5805 1244 5868; x_wconf 53' lang='lat' dir='ltr'>(ipsum:</span> 
     </span>
    </p>
   </div>
   <div class='ocr_carea' id='block_1_62' title="bbox 222 5864 1833 5928">
    <p class='ocr_par' dir='ltr' id='par_1_62' title="bbox 222 5864 1833 5928">
     <span class='ocr_line' id='line_1_62' title="bbox 222 5864 1833 5928; baseline 0 -15"><span class='ocrx_word' id='word_1_506' title='bbox 222 5872 242 5898; x_wconf 66' lang='grc' dir='ltr'><em>τ</em></span> <span class='ocrx_word' id='word_1_507' title='bbox 275 5871 387 5914; x_wconf 71' lang='lat' dir='ltr'>SaV.</span> <span class='ocrx_word' id='word_1_508' title='bbox 424 5873 478 5915; x_wconf 76' lang='lat' dir='ltr'><strong>et</strong></span> <span class='ocrx_word' id='word_1_509' title='bbox 513 5864 651 5914; x_wconf 77' lang='lat' dir='ltr'><strong>miilli</strong></span> <span class='ocrx_word' id='word_1_510' title='bbox 684 5881 795 5915; x_wconf 80' lang='lat' dir='ltr'>mss.</span> <span class='ocrx_word' id='word_1_511' title='bbox 836 5865 1323 5928; x_wconf 34' lang='grc' dir='ltr'>φιλοφροσύνηηῆιοττ</span> <span class='ocrx_word' id='word_1_512' title='bbox 1351 5864 1649 5925; x_wconf 67' lang='grc' dir='ltr'>σωφροσύνη.</span> <span class='ocrx_word' id='word_1_513' title='bbox 1681 5865 1833 5928; x_wconf 76' lang='lat' dir='ltr'>_P:m!o</span> 
     </span>
    </p>
   </div>
   <div class='ocr_carea' id='block_1_63' title="bbox 156 5924 1834 5992">
    <p class='ocr_par' dir='ltr' id='par_1_63' title="bbox 156 5924 1834 5992">
     <span class='ocr_line' id='line_1_63' title="bbox 156 5924 1834 5992; baseline -0.002 -14"><span class='ocrx_word' id='word_1_514' title='bbox 156 5940 269 5992; x_wconf 74' lang='lat' dir='ltr'>post</span> <span class='ocrx_word' id='word_1_515' title='bbox 295 5934 391 5976; x_wconf 57' lang='grc' dir='ltr'>δαν</span> <span class='ocrx_word' id='word_1_516' title='bbox 437 5932 539 5989; x_wconf 81' lang='grc' dir='ltr'>ἅμα</span> <span class='ocrx_word' id='word_1_517' title='bbox 561 5929 649 5992; x_wconf 79' lang='grc' dir='ltr'>γάρ</span> <span class='ocrx_word' id='word_1_518' title='bbox 671 5945 797 5992; x_wconf 50' lang='grc' dir='ltr'>τιςι..</span> <span class='ocrx_word' id='word_1_519' title='bbox 821 5924 1126 5992; x_wconf 21' lang='grc' dir='ltr'>ἶδῃλάφωνον,</span> <span class='ocrx_word' id='word_1_520' title='bbox 1152 5924 1232 5976; x_wconf 81' lang='lat' dir='ltr'><strong>alii</strong></span> <span class='ocrx_word' id='word_1_521' title='bbox 1252 5927 1362 5973; x_wconf 73' lang='grc' dir='ltr'>ἰδὼν</span> <span class='ocrx_word' id='word_1_522' title='bbox 1387 5924 1585 5986; x_wconf 62' lang='grc' dir='ltr'>ἀφωνον.</span> <span class='ocrx_word' id='word_1_523' title='bbox 1617 5931 1657 5988; x_wconf 74' lang='grc' dir='ltr'>(ι</span> <span class='ocrx_word' id='word_1_524' title='bbox 1678 5926 1834 5974; x_wconf 75' lang='lat' dir='ltr'>Rece-</span> 
     </span>
    </p>
   </div>
   <div class='ocr_carea' id='block_1_64' title="bbox 157 5990 1089 6052">
    <p class='ocr_par' dir='ltr' id='par_1_64' title="bbox 157 5990 1089 6052">
     <span class='ocr_line' id='line_1_64' title="bbox 157 5990 1089 6052; baseline -0.011 -8"><span class='ocrx_word' id='word_1_525' title='bbox 157 5990 419 6050; x_wconf 53' lang='lat' dir='ltr'>iunia-51.61;</span> <span class='ocrx_word' id='word_1_526' title='bbox 457 6005 544 6051; x_wconf 82' lang='lat' dir='ltr'>pro</span> <span class='ocrx_word' id='word_1_527' title='bbox 571 5991 698 6052; x_wconf 74' lang='lat' dir='ltr'>vulg.</span> <span class='ocrx_word' id='word_1_528' title='bbox 728 5991 860 6038; x_wconf 73' lang='grc' dir='ltr'>εἶδε-ι.</span> <span class='ocrx_word' id='word_1_529' title='bbox 895 5990 1089 6050; x_wconf 63' lang='lat'>12011.»)</span> 
     </span>
    </p>
   </div>
   <div class='ocr_carea' id='block_1_65' title="bbox 1157 407 2606 467">
    <p class='ocr_par' dir='ltr' id='par_1_65' title="bbox 1157 407 2606 467">
     <span class='ocr_line' id='line_1_65' title="bbox 1157 407 2606 467; baseline 0 -1"><span class='ocrx_word' id='word_1_530' title='bbox 1157 410 1247 466; x_wconf 77' lang='grc' dir='ltr'>ΔΟ</span> <span class='ocrx_word' id='word_1_531' title='bbox 1285 409 1614 467; x_wconf 81' lang='lat' dir='ltr'>POPULUM</span> <span class='ocrx_word' id='word_1_532' title='bbox 1655 407 2169 467; x_wconf 75' lang='lat' dir='ltr'>ANTIOCHENUM</span> <span class='ocrx_word' id='word_1_533' title='bbox 2209 409 2444 467; x_wconf 77' lang='lat' dir='ltr'>HOMIL.</span> <span class='ocrx_word' id='word_1_534' title='bbox 2488 411 2606 466; x_wconf 75' lang='lat' dir='ltr'>XV.</span> 
     </span>
    </p>
   </div>
   <div class='ocr_carea' id='block_1_66' title="bbox 3525 413 3631 472">
    <p class='ocr_par' dir='ltr' id='par_1_66' title="bbox 3525 413 3631 472">
     <span class='ocr_line' id='line_1_66' title="bbox 3525 413 3631 472; baseline 0.019 -2"><span class='ocrx_word' id='word_1_535' title='bbox 3525 413 3631 472; x_wconf 69' lang='lat'>156</span> 
     </span>
    </p>
   </div>
   <div class='ocr_carea' id='block_1_67' title="bbox 1956 525 3630 598">
    <p class='ocr_par' dir='ltr' id='par_1_67' title="bbox 1956 525 3630 598">
     <span class='ocr_line' id='line_1_67' title="bbox 1956 525 3630 598; baseline 0.003 -20"><span class='ocrx_word' id='word_1_536' title='bbox 1956 527 2154 596; x_wconf 85' lang='grc' dir='ltr'>νοήσας</span> <span class='ocrx_word' id='word_1_537' title='bbox 2175 527 2302 598; x_wconf 79' lang='grc' dir='ltr'>γὰρ,</span> <span class='ocrx_word' id='word_1_538' title='bbox 2321 528 2402 580; x_wconf 79' lang='grc' dir='ltr'>ὅτι</span> <span class='ocrx_word' id='word_1_539' title='bbox 2426 527 2618 597; x_wconf 78' lang='grc' dir='ltr'>μικρὸν</span> <span class='ocrx_word' id='word_1_540' title='bbox 2644 525 2866 597; x_wconf 75' lang='grc' dir='ltr'>’ὕστερον</span> <span class='ocrx_word' id='word_1_541' title='bbox 2890 527 2982 580; x_wconf 81' lang='grc' dir='ltr'>καὶ</span> <span class='ocrx_word' id='word_1_542' title='bbox 3000 527 3160 591; x_wconf 81' lang='grc' dir='ltr'>αὐτὸς</span> <span class='ocrx_word' id='word_1_543' title='bbox 3186 529 3427 581; x_wconf 88' lang='grc' dir='ltr'>πείσεται</span> <span class='ocrx_word' id='word_1_544' title='bbox 3448 529 3630 594; x_wconf 87' lang='grc' dir='ltr'>τοῦτο,</span> 
     </span>
    </p>
   </div>
   <div class='ocr_carea' id='block_1_68' title="bbox 1958 615 3632 688">
    <p class='ocr_par' dir='ltr' id='par_1_68' title="bbox 1958 615 3632 688">
     <span class='ocr_line' id='line_1_68' title="bbox 1958 615 3632 688; baseline 0.003 -22"><span class='ocrx_word' id='word_1_545' title='bbox 1958 616 2052 667; x_wconf 77' lang='grc' dir='ltr'>καὶ</span> <span class='ocrx_word' id='word_1_546' title='bbox 2077 615 2276 678; x_wconf 88' lang='grc' dir='ltr'>πάντες</span> <span class='ocrx_word' id='word_1_547' title='bbox 2297 615 2354 668; x_wconf 82' lang='grc' dir='ltr'>δὲ</span> <span class='ocrx_word' id='word_1_548' title='bbox 2376 617 2422 668; x_wconf 88' lang='grc' dir='ltr'>οί</span> <span class='ocrx_word' id='word_1_549' title='bbox 2453 615 2662 686; x_wconf 87' lang='grc' dir='ltr'>μεγάλα</span> <span class='ocrx_word' id='word_1_550' title='bbox 2685 615 2979 685; x_wconf 88' lang='grc' dir='ltr'>φυσῶντες,</span> <span class='ocrx_word' id='word_1_551' title='bbox 3005 617 3098 668; x_wconf 75' lang='grc' dir='ltr'>καὶ</span> <span class='ocrx_word' id='word_1_552' title='bbox 3123 617 3203 669; x_wconf 78' lang='grc' dir='ltr'>ὅτι</span> <span class='ocrx_word' id='word_1_553' title='bbox 3233 617 3540 688; x_wconf 88' lang='grc' dir='ltr'>πρόσκαιρα</span> <span class='ocrx_word' id='word_1_554' title='bbox 3562 619 3632 672; x_wconf 81' lang='grc' dir='ltr'>τὰ</span> 
     </span>
    </p>
   </div>
   <div class='ocr_carea' id='block_1_69' title="bbox 1956 701 3631 776">
    <p class='ocr_par' dir='ltr' id='par_1_69' title="bbox 1956 701 3631 776">
     <span class='ocr_line' id='line_1_69' title="bbox 1956 701 3631 776; baseline 0.001 -20"><span class='ocrx_word' id='word_1_555' title='bbox 1956 703 2198 774; x_wconf 86' lang='grc' dir='ltr'>παρόντα</span> <span class='ocrx_word' id='word_1_556' title='bbox 2221 705 2437 758; x_wconf 73' lang='grc' dir='ltr'>ἅπαντα</span> <span class='ocrx_word' id='word_1_557' title='bbox 2461 744 2474 768; x_wconf 93' lang='grc'>,</span> <span class='ocrx_word' id='word_1_558' title='bbox 2505 703 2605 758; x_wconf 85' lang='grc' dir='ltr'>κᾶν</span> <span class='ocrx_word' id='word_1_559' title='bbox 2639 703 2849 774; x_wconf 87' lang='grc' dir='ltr'>χρηστά</span> <span class='ocrx_word' id='word_1_560' title='bbox 2880 701 2948 776; x_wconf 80' lang='grc' dir='ltr'>ᾖ,</span> <span class='ocrx_word' id='word_1_561' title='bbox 2982 703 3084 756; x_wconf 80' lang='grc' dir='ltr'>κᾶν</span> <span class='ocrx_word' id='word_1_562' title='bbox 3121 703 3361 774; x_wconf 73' lang='grc' dir='ltr'>λυπηρά,</span> <span class='ocrx_word' id='word_1_563' title='bbox 3393 703 3631 776; x_wconf 88' lang='grc' dir='ltr'>ἀθυμίαν</span> 
     </span>
    </p>
   </div>
   <div class='ocr_carea' id='block_1_70' title="bbox 1955 791 3632 863">
    <p class='ocr_par' dir='ltr' id='par_1_70' title="bbox 1955 791 3632 863">
     <span class='ocr_line' id='line_1_70' title="bbox 1955 791 3632 863; baseline 0.001 -19"><span class='ocrx_word' id='word_1_564' title='bbox 1955 793 2048 844; x_wconf 78' lang='grc' dir='ltr'>καὶ</span> <span class='ocrx_word' id='word_1_565' title='bbox 2073 791 2366 861; x_wconf 88' lang='grc' dir='ltr'>βασκανίαν</span> <span class='ocrx_word' id='word_1_566' title='bbox 2397 793 2612 846; x_wconf 86' lang='grc' dir='ltr'>ἀπασαν</span> <span class='ocrx_word' id='word_1_567' title='bbox 2643 791 2998 861; x_wconf 89' lang='grc' dir='ltr'>ἀποθέμενος,</span> <span class='ocrx_word' id='word_1_568' title='bbox 3036 792 3130 844; x_wconf 74' lang='grc' dir='ltr'>καὶ</span> <span class='ocrx_word' id='word_1_569' title='bbox 3157 791 3365 862; x_wconf 89' lang='grc' dir='ltr'>κούφην</span> <span class='ocrx_word' id='word_1_570' title='bbox 3399 792 3632 863; x_wconf 80' lang='grc' dir='ltr'>ποιήσας</span> 
     </span>
    </p>
   </div>
   <div class='ocr_carea' id='block_1_71' title="bbox 1953 878 3626 950">
    <p class='ocr_par' dir='ltr' id='par_1_71' title="bbox 1953 878 3626 950">
     <span class='ocr_line' id='line_1_71' title="bbox 1953 878 3626 950; baseline 0.001 -19"><span class='ocrx_word' id='word_1_571' title='bbox 1953 880 2052 949; x_wconf 82' lang='grc' dir='ltr'>τὴν</span> <span class='ocrx_word' id='word_1_572' title='bbox 2093 880 2288 950; x_wconf 76' lang='grc' dir='ltr'>ψυχὴν,</span> <span class='ocrx_word' id='word_1_573' title='bbox 2333 882 2427 933; x_wconf 71' lang='grc' dir='ltr'>καὶ</span> <span class='ocrx_word' id='word_1_574' title='bbox 2473 879 2796 950; x_wconf 75' lang='grc' dir='ltr'>πτερωθεὶς,</span> <span class='ocrx_word' id='word_1_575' title='bbox 2842 878 3013 942; x_wconf 78' lang='grc' dir='ltr'>οὓτως</span> <span class='ocrx_word' id='word_1_576' title='bbox 3052 879 3232 931; x_wconf 76' lang='grc' dir='ltr'>οἴκαδε</span> <span class='ocrx_word' id='word_1_577' title='bbox 3277 879 3626 950; x_wconf 83' lang='grc' dir='ltr'>ἀναστρέψει·</span> 
     </span>
    </p>
   </div>
   <div class='ocr_carea' id='block_1_72' title="bbox 1954 967 3628 1040">
    <p class='ocr_par' dir='ltr' id='par_1_72' title="bbox 1954 967 3628 1040">
     <span class='ocr_line' id='line_1_72' title="bbox 1954 967 3628 1040; baseline -0.001 -17"><span class='ocrx_word' id='word_1_578' title='bbox 1954 970 2048 1023; x_wconf 76' lang='grc' dir='ltr'>καὶ</span> <span class='ocrx_word' id='word_1_579' title='bbox 2077 969 2321 1022; x_wconf 85' lang='grc' dir='ltr'>ἐντεῦθεν</span> <span class='ocrx_word' id='word_1_580' title='bbox 2347 968 2692 1040; x_wconf 83' lang='grc' dir='ltr'>ἡμερώτερος</span> <span class='ocrx_word' id='word_1_581' title='bbox 2722 967 2869 1022; x_wconf 79' lang='grc' dir='ltr'>ἐσται</span> <span class='ocrx_word' id='word_1_582' title='bbox 2896 969 3026 1021; x_wconf 72' lang='grc' dir='ltr'>πᾶσι</span> <span class='ocrx_word' id='word_1_583' title='bbox 3048 968 3232 1020; x_wconf 78' lang='grc' dir='ltr'>λοιπον</span> <span class='ocrx_word' id='word_1_584' title='bbox 3251 1009 3265 1032; x_wconf 92' lang='grc'>,</span> <span class='ocrx_word' id='word_1_585' title='bbox 3291 968 3628 1021; x_wconf 87' lang='grc' dir='ltr'>ἐπιεικέστε-</span> 
     </span>
    </p>
   </div>
   <div class='ocr_carea' id='block_1_73' title="bbox 1957 1053 3628 1128">
    <p class='ocr_par' dir='ltr' id='par_1_73' title="bbox 1957 1053 3628 1128">
     <span class='ocr_line' id='line_1_73' title="bbox 1957 1053 3628 1128; baseline 0.001 -20"><span class='ocrx_word' id='word_1_586' title='bbox 1957 1073 2045 1125; x_wconf 89' lang='grc' dir='ltr'>ρος</span> <span class='ocrx_word' id='word_1_587' title='bbox 2086 1057 2179 1109; x_wconf 75' lang='grc' dir='ltr'>καί</span> <span class='ocrx_word' id='word_1_588' title='bbox 2218 1056 2648 1128; x_wconf 86' lang='grc' dir='ltr'>προσηνέστερος</span> <span class='ocrx_word' id='word_1_589' title='bbox 2695 1057 2790 1109; x_wconf 65' lang='grc' dir='ltr'>καὶ</span> <span class='ocrx_word' id='word_1_590' title='bbox 2833 1054 3283 1127; x_wconf 79' lang='grc' dir='ltr'>φιλοσοφώτερος,</span> <span class='ocrx_word' id='word_1_591' title='bbox 3323 1055 3418 1109; x_wconf 91' lang='grc' dir='ltr'>τοῦ</span> <span class='ocrx_word' id='word_1_592' title='bbox 3462 1053 3628 1126; x_wconf 88' lang='grc' dir='ltr'>φόϐου</span> 
     </span>
    </p>
   </div>
   <div class='ocr_carea' id='block_1_74' title="bbox 1951 1143 3632 1216">
    <p class='ocr_par' dir='ltr' id='par_1_74' title="bbox 1951 1143 3632 1216">
     <span class='ocr_line' id='line_1_74' title="bbox 1951 1143 3632 1216; baseline 0.001 -20"><span class='ocrx_word' id='word_1_593' title='bbox 1951 1143 2060 1196; x_wconf 88' lang='grc' dir='ltr'>τῶν</span> <span class='ocrx_word' id='word_1_594' title='bbox 2093 1144 2391 1214; x_wconf 83' lang='grc' dir='ltr'>μελλόντων</span> <span class='ocrx_word' id='word_1_595' title='bbox 2427 1144 2833 1207; x_wconf 84' lang='grc' dir='ltr'>ἐπεισελθόντος</span> <span class='ocrx_word' id='word_1_596' title='bbox 2871 1144 3036 1198; x_wconf 87' lang='grc' dir='ltr'>αὐτοῦ</span> <span class='ocrx_word' id='word_1_597' title='bbox 3081 1147 3146 1215; x_wconf 83' lang='grc' dir='ltr'>τῇ</span> <span class='ocrx_word' id='word_1_598' title='bbox 3188 1144 3332 1216; x_wconf 69' lang='grc' dir='ltr'>ψυχῇ</span> <span class='ocrx_word' id='word_1_599' title='bbox 3355 1187 3368 1209; x_wconf 93' lang='grc'>,</span> <span class='ocrx_word' id='word_1_600' title='bbox 3404 1145 3499 1198; x_wconf 72' lang='grc' dir='ltr'>καὶ</span> <span class='ocrx_word' id='word_1_601' title='bbox 3533 1145 3632 1210; x_wconf 70' lang='grc' dir='ltr'>τὰς</span> 
     </span>
    </p>
   </div>
   <div class='ocr_carea' id='block_1_75' title="bbox 1952 1232 3634 1302">
    <p class='ocr_par' dir='ltr' id='par_1_75' title="bbox 1952 1232 3634 1302">
     <span class='ocr_line' id='line_1_75' title="bbox 1952 1232 3634 1302; baseline 0 -16"><span class='ocrx_word' id='word_1_602' title='bbox 1952 1232 2192 1295; x_wconf 85' lang='grc' dir='ltr'>ἀκάνθας</span> <span class='ocrx_word' id='word_1_603' title='bbox 2216 1233 2624 1302; x_wconf 81' lang='grc' dir='ltr'>δαπανήσαντος</span> <span class='ocrx_word' id='word_1_604' title='bbox 2656 1232 2890 1295; x_wconf 88' lang='grc' dir='ltr'>ἁπάσας.</span> <span class='ocrx_word' id='word_1_605' title='bbox 2930 1234 3041 1286; x_wconf 71' lang='grc' dir='ltr'>Καὶ</span> <span class='ocrx_word' id='word_1_606' title='bbox 3073 1233 3246 1287; x_wconf 88' lang='grc' dir='ltr'>ταῦτα</span> <span class='ocrx_word' id='word_1_607' title='bbox 3286 1234 3461 1288; x_wconf 87' lang='grc' dir='ltr'>πάντα</span> <span class='ocrx_word' id='word_1_608' title='bbox 3490 1235 3634 1286; x_wconf 81' lang='grc' dir='ltr'>ἐκεῖ·</span> 
     </span>
    </p>
   </div>
   <div class='ocr_carea' id='block_1_76' title="bbox 1952 1317 3633 1390">
    <p class='ocr_par' dir='ltr' id='par_1_76' title="bbox 1952 1317 3633 1390">
     <span class='ocr_line' id='line_1_76' title="bbox 1952 1317 3633 1390; baseline 0.001 -18"><span class='ocrx_word' id='word_1_609' title='bbox 1952 1338 2039 1384; x_wconf 91' lang='grc' dir='ltr'>νος</span> <span class='ocrx_word' id='word_1_610' title='bbox 2069 1319 2290 1374; x_wconf 90' lang='grc' dir='ltr'>συνιδὼν</span> <span class='ocrx_word' id='word_1_611' title='bbox 2325 1320 2508 1389; x_wconf 77' lang='grc' dir='ltr'>ἔλεγεν</span> <span class='ocrx_word' id='word_1_612' title='bbox 2539 1321 2641 1383; x_wconf 83' lang='grc' dir='ltr'>ὅτι,</span> <span class='ocrx_word' id='word_1_613' title='bbox 2682 1320 2925 1390; x_wconf 56' lang='grc' dir='ltr'>Ἀγαθὸν</span> <span class='ocrx_word' id='word_1_614' title='bbox 2953 1321 3317 1389; x_wconf 79' lang='grc' dir='ltr'>πορευθῆναι</span> <span class='ocrx_word' id='word_1_615' title='bbox 3345 1323 3431 1387; x_wconf 77' lang='grc' dir='ltr'>εἰς</span> <span class='ocrx_word' id='word_1_616' title='bbox 3464 1317 3633 1374; x_wconf 76' lang='grc' dir='ltr'>οἷκον</span> 
     </span>
    </p>
   </div>
   <div class='ocr_carea' id='block_1_77' title="bbox 1951 1405 3632 1480">
    <p class='ocr_par' dir='ltr' id='par_1_77' title="bbox 1951 1405 3632 1480">
     <span class='ocr_line' id='line_1_77' title="bbox 1951 1405 3632 1480; baseline 0 -20"><span class='ocrx_word' id='word_1_617' title='bbox 1951 1408 2230 1474; x_wconf 77' lang='grc' dir='ltr'>πένθους,</span> <span class='ocrx_word' id='word_1_618' title='bbox 2267 1407 2304 1475; x_wconf 79' lang='grc' dir='ltr'><strong>ἢ</strong></span> <span class='ocrx_word' id='word_1_619' title='bbox 2339 1405 2700 1475; x_wconf 80' lang='grc' dir='ltr'>πορευθῆναι</span> <span class='ocrx_word' id='word_1_620' title='bbox 2734 1410 2820 1474; x_wconf 83' lang='grc' dir='ltr'>εὶς</span> <span class='ocrx_word' id='word_1_621' title='bbox 2853 1408 3023 1462; x_wconf 81' lang='grc' dir='ltr'>οἷκον</span> <span class='ocrx_word' id='word_1_622' title='bbox 3056 1409 3264 1462; x_wconf 86' lang='grc' dir='ltr'>πότου·</span> <span class='ocrx_word' id='word_1_623' title='bbox 3300 1408 3509 1461; x_wconf 86' lang='grc' dir='ltr'>ἐκεῖθεν</span> <span class='ocrx_word' id='word_1_624' title='bbox 3539 1410 3632 1480; x_wconf 71' lang='grc' dir='ltr'>ρᾳ-</span> 
     </span>
    </p>
   </div>
   <div class='ocr_carea' id='block_1_78' title="bbox 1952 1495 3626 1568">
    <p class='ocr_par' dir='ltr' id='par_1_78' title="bbox 1952 1495 3626 1568">
     <span class='ocr_line' id='line_1_78' title="bbox 1952 1495 3626 1568; baseline 0 -20"><span class='ocrx_word' id='word_1_625' title='bbox 1952 1496 2139 1568; x_wconf 88' lang='grc' dir='ltr'>θυμία,</span> <span class='ocrx_word' id='word_1_626' title='bbox 2176 1496 2423 1550; x_wconf 81' lang='grc' dir='ltr'>ἐντεῦθεν</span> <span class='ocrx_word' id='word_1_627' title='bbox 2457 1497 2666 1565; x_wconf 88' lang='grc' dir='ltr'>ἀγωνία</span> <span class='ocrx_word' id='word_1_628' title='bbox 2690 1496 2917 1566; x_wconf 87' lang='grc' dir='ltr'>γίνεται·</span> <span class='ocrx_word' id='word_1_629' title='bbox 2959 1495 3166 1550; x_wconf 85' lang='grc' dir='ltr'>ἐκεῖθεν</span> <span class='ocrx_word' id='word_1_630' title='bbox 3202 1497 3626 1566; x_wconf 88' lang='grc' dir='ltr'>καταφρόνησις,</span> 
     </span>
    </p>
   </div>
   <div class='ocr_carea' id='block_1_79' title="bbox 1949 1583 3629 1655">
    <p class='ocr_par' dir='ltr' id='par_1_79' title="bbox 1949 1583 3629 1655">
     <span class='ocr_line' id='line_1_79' title="bbox 1949 1583 3629 1655; baseline 0 -18"><span class='ocrx_word' id='word_1_631' title='bbox 1949 1585 2196 1639; x_wconf 85' lang='grc' dir='ltr'>ἐντεῦθεν</span> <span class='ocrx_word' id='word_1_632' title='bbox 2240 1585 2422 1653; x_wconf 87' lang='grc' dir='ltr'>φόϐος,</span> <span class='ocrx_word' id='word_1_633' title='bbox 2469 1586 2496 1636; x_wconf 86' lang='lat'>6</span> <span class='ocrx_word' id='word_1_634' title='bbox 2541 1584 2676 1655; x_wconf 76' lang='grc' dir='ltr'>πρὸς</span> <span class='ocrx_word' id='word_1_635' title='bbox 2722 1583 2940 1637; x_wconf 85' lang='grc' dir='ltr'>ἀπασαν</span> <span class='ocrx_word' id='word_1_636' title='bbox 2989 1583 3014 1622; x_wconf 75' lang='grc' dir='ltr'>ἀ</span> <span class='ocrx_word' id='word_1_637' title='bbox 3059 1585 3209 1653; x_wconf 82' lang='grc' dir='ltr'>ἡμᾶς</span> <span class='ocrx_word' id='word_1_638' title='bbox 3265 1584 3629 1652; x_wconf 87' lang='grc' dir='ltr'>παιδαγωγῶν</span> 
     </span>
    </p>
   </div>
   <div class='ocr_carea' id='block_1_80' title="bbox 1949 1669 3631 1744">
    <p class='ocr_par' dir='ltr' id='par_1_80' title="bbox 1949 1669 3631 1744">
     <span class='ocr_line' id='line_1_80' title="bbox 1949 1669 3631 1744; baseline -0.001 -18"><span class='ocrx_word' id='word_1_639' title='bbox 1949 1673 2167 1744; x_wconf 88' lang='grc' dir='ltr'>ἀρετήν.</span> <span class='ocrx_word' id='word_1_640' title='bbox 2192 1673 2253 1726; x_wconf 79' lang='grc' dir='ltr'><strong>Εἰ</strong></span> <span class='ocrx_word' id='word_1_641' title='bbox 2282 1673 2355 1744; x_wconf 84' lang='grc' dir='ltr'>μὴ</span> <span class='ocrx_word' id='word_1_642' title='bbox 2378 1672 2541 1725; x_wconf 81' lang='grc' dir='ltr'>καλὸν</span> <span class='ocrx_word' id='word_1_643' title='bbox 2566 1669 2634 1742; x_wconf 80' lang='grc' dir='ltr'>ἦν</span> <span class='ocrx_word' id='word_1_644' title='bbox 2653 1675 2680 1725; x_wconf 97' lang='lat'>6</span> <span class='ocrx_word' id='word_1_645' title='bbox 2704 1673 2886 1741; x_wconf 89' lang='grc' dir='ltr'>φόϐος,</span> <span class='ocrx_word' id='word_1_646' title='bbox 2916 1673 3015 1724; x_wconf 90' lang='grc' dir='ltr'>οὐκ</span> <span class='ocrx_word' id='word_1_647' title='bbox 3037 1671 3100 1725; x_wconf 85' lang='grc' dir='ltr'>ἀν</span> <span class='ocrx_word' id='word_1_648' title='bbox 3128 1672 3254 1735; x_wconf 82' lang='grc' dir='ltr'>τοὺς</span> <span class='ocrx_word' id='word_1_649' title='bbox 3284 1671 3512 1734; x_wconf 82' lang='grc' dir='ltr'>πολλοὺς</span> <span class='ocrx_word' id='word_1_650' title='bbox 3537 1673 3631 1725; x_wconf 72' lang='grc' dir='ltr'>καὶ</span> 
     </span>
    </p>
   </div>
   <div class='ocr_carea' id='block_1_81' title="bbox 1954 1760 3630 1833">
    <p class='ocr_par' dir='ltr' id='par_1_81' title="bbox 1954 1760 3630 1833">
     <span class='ocr_line' id='line_1_81' title="bbox 1954 1760 3630 1833; baseline 0 -19"><span class='ocrx_word' id='word_1_651' title='bbox 1954 1763 2198 1833; x_wconf 82' lang='grc' dir='ltr'>μακροὺς</span> <span class='ocrx_word' id='word_1_652' title='bbox 2227 1761 2470 1832; x_wconf 77' lang='grc' dir='ltr'>ἀνήλωσε</span> <span class='ocrx_word' id='word_1_653' title='bbox 2501 1761 2693 1828; x_wconf 88' lang='grc' dir='ltr'>λόγους</span> <span class='ocrx_word' id='word_1_654' title='bbox 2724 1762 2752 1813; x_wconf 91' lang='lat'>6</span> <span class='ocrx_word' id='word_1_655' title='bbox 2786 1760 3017 1829; x_wconf 75' lang='grc' dir='ltr'>Χριστὸς</span> <span class='ocrx_word' id='word_1_656' title='bbox 3047 1760 3174 1829; x_wconf 82' lang='grc' dir='ltr'>περὶ</span> <span class='ocrx_word' id='word_1_657' title='bbox 3203 1760 3300 1831; x_wconf 81' lang='grc' dir='ltr'>τῆς</span> <span class='ocrx_word' id='word_1_658' title='bbox 3327 1761 3442 1812; x_wconf 88' lang='grc' dir='ltr'>ἐκεῖ</span> <span class='ocrx_word' id='word_1_659' title='bbox 3469 1760 3630 1814; x_wconf 88' lang='grc' dir='ltr'>κολά-</span> 
     </span>
    </p>
   </div>
   <div class='ocr_carea' id='block_1_82' title="bbox 1952 1847 3631 1920">
    <p class='ocr_par' dir='ltr' id='par_1_82' title="bbox 1952 1847 3631 1920">
     <span class='ocr_line' id='line_1_82' title="bbox 1952 1847 3631 1920; baseline -0.001 -18"><span class='ocrx_word' id='word_1_660' title='bbox 1952 1867 2088 1913; x_wconf 89' lang='grc' dir='ltr'>σεως</span> <span class='ocrx_word' id='word_1_661' title='bbox 2125 1850 2218 1902; x_wconf 74' lang='grc' dir='ltr'>καὶ</span> <span class='ocrx_word' id='word_1_662' title='bbox 2248 1849 2514 1920; x_wconf 88' lang='grc' dir='ltr'>τιμωρίας</span> <span class='ocrx_word' id='word_1_663' title='bbox 2541 1847 2942 1918; x_wconf 85' lang='grc' dir='ltr'>διαλεγόμενος.</span> <span class='ocrx_word' id='word_1_664' title='bbox 2980 1847 3035 1900; x_wconf 86' lang='grc' dir='ltr'>Ὀ</span> <span class='ocrx_word' id='word_1_665' title='bbox 3065 1847 3227 1916; x_wconf 83' lang='grc' dir='ltr'>φόϐος</span> <span class='ocrx_word' id='word_1_666' title='bbox 3262 1847 3413 1900; x_wconf 82' lang='grc' dir='ltr'>οὐδὲν</span> <span class='ocrx_word' id='word_1_667' title='bbox 3443 1847 3631 1918; x_wconf 74' lang='grc' dir='ltr'>ἔτερόν</span> 
     </span>
    </p>
   </div>
   <div class='ocr_carea' id='block_1_83' title="bbox 1953 1934 3625 2008">
    <p class='ocr_par' dir='ltr' id='par_1_83' title="bbox 1953 1934 3625 2008">
     <span class='ocr_line' id='line_1_83' title="bbox 1953 1934 3625 2008; baseline -0.001 -18"><span class='ocrx_word' id='word_1_668' title='bbox 1953 1941 2117 2002; x_wconf 89' lang='grc' dir='ltr'>ἐστιν,</span> <span class='ocrx_word' id='word_1_669' title='bbox 2145 1939 2176 2008; x_wconf 82' lang='grc' dir='ltr'>ἦ</span> <span class='ocrx_word' id='word_1_670' title='bbox 2201 1941 2374 2008; x_wconf 86' lang='grc' dir='ltr'>τεῖχος</span> <span class='ocrx_word' id='word_1_671' title='bbox 2391 1939 2483 1991; x_wconf 70' lang='grc' dir='ltr'>καὶ</span> <span class='ocrx_word' id='word_1_672' title='bbox 2504 1936 2792 2005; x_wconf 87' lang='grc' dir='ltr'>ἀσφάλεια,</span> <span class='ocrx_word' id='word_1_673' title='bbox 2819 1937 2913 1989; x_wconf 76' lang='grc' dir='ltr'>καὶ</span> <span class='ocrx_word' id='word_1_674' title='bbox 2931 1935 3138 2004; x_wconf 89' lang='grc' dir='ltr'>πύργος</span> <span class='ocrx_word' id='word_1_675' title='bbox 3164 1934 3625 2003; x_wconf 84' lang='grc' dir='ltr'>ἀκαταγώνιστος·</span> 
     </span>
    </p>
   </div>
   <div class='ocr_carea' id='block_1_84' title="bbox 1951 2019 3630 2096">
    <p class='ocr_par' dir='ltr' id='par_1_84' title="bbox 1951 2019 3630 2096">
     <span class='ocr_line' id='line_1_84' title="bbox 1951 2019 3630 2096; baseline -0.001 -18"><span class='ocrx_word' id='word_1_676' title='bbox 1951 2027 2044 2078; x_wconf 72' lang='grc' dir='ltr'>καὶ</span> <span class='ocrx_word' id='word_1_677' title='bbox 2071 2025 2179 2096; x_wconf 76' lang='grc' dir='ltr'>γὰρ</span> <span class='ocrx_word' id='word_1_678' title='bbox 2209 2025 2409 2094; x_wconf 84' lang='grc' dir='ltr'>πολλῆς</span> <span class='ocrx_word' id='word_1_679' title='bbox 2440 2027 2570 2094; x_wconf 75' lang='grc' dir='ltr'>ἡμῖν</span> <span class='ocrx_word' id='word_1_680' title='bbox 2601 2023 2898 2091; x_wconf 79' lang='grc' dir='ltr'>ἀσφαλείας</span> <span class='ocrx_word' id='word_1_681' title='bbox 2926 2019 3139 2088; x_wconf 82' lang='grc' dir='ltr'>δεῖ,¹διά</span> <span class='ocrx_word' id='word_1_682' title='bbox 3176 2023 3235 2077; x_wconf 84' lang='grc' dir='ltr'>τὸ</span> <span class='ocrx_word' id='word_1_683' title='bbox 3260 2023 3461 2087; x_wconf 86' lang='grc' dir='ltr'>πολλὰς</span> <span class='ocrx_word' id='word_1_684' title='bbox 3488 2019 3630 2078; x_wconf 78' lang='grc' dir='ltr'>εἶναι</span> 
     </span>
    </p>
   </div>
   <div class='ocr_carea' id='block_1_85' title="bbox 1952 2105 3628 2182">
    <p class='ocr_par' dir='ltr' id='par_1_85' title="bbox 1952 2105 3628 2182">
     <span class='ocr_line' id='line_1_85' title="bbox 1952 2105 3628 2182; baseline 0.001 -20"><span class='ocrx_word' id='word_1_685' title='bbox 1952 2111 2223 2180; x_wconf 80' lang='grc' dir='ltr'>πανταχοῦ</span> <span class='ocrx_word' id='word_1_686' title='bbox 2258 2111 2355 2173; x_wconf 81' lang='grc' dir='ltr'>τὰς</span> <span class='ocrx_word' id='word_1_687' title='bbox 2387 2111 2624 2180; x_wconf 84' lang='grc' dir='ltr'>ἐνέδρας·</span> <span class='ocrx_word' id='word_1_688' title='bbox 2659 2109 2912 2178; x_wconf 87' lang='grc' dir='ltr'>καθάπερ</span> <span class='ocrx_word' id='word_1_689' title='bbox 2934 2110 3095 2180; x_wconf 77' lang='grc' dir='ltr'>αὐτὸς</span> <span class='ocrx_word' id='word_1_690' title='bbox 3114 2105 3268 2173; x_wconf 72' lang='grc' dir='ltr'>οὗτος</span> <span class='ocrx_word' id='word_1_691' title='bbox 3301 2111 3459 2165; x_wconf 86' lang='grc' dir='ltr'>πάλιν</span> <span class='ocrx_word' id='word_1_692' title='bbox 3490 2129 3628 2182; x_wconf 78' lang='grc' dir='ltr'>παρο</span> 
     </span>
    </p>
   </div>
   <div class='ocr_carea' id='block_1_86' title="bbox 1951 2197 3632 2268">
    <p class='ocr_par' dir='ltr' id='par_1_86' title="bbox 1951 2197 3632 2268">
     <span class='ocr_line' id='line_1_86' title="bbox 1951 2197 3632 2268; baseline 0.002 -18"><span class='ocrx_word' id='word_1_693' title='bbox 1951 2199 2113 2251; x_wconf 86' lang='grc' dir='ltr'>αινῶν</span> <span class='ocrx_word' id='word_1_694' title='bbox 2156 2201 2184 2252; x_wconf 94' lang='lat'>6</span> <span class='ocrx_word' id='word_1_695' title='bbox 2227 2197 2474 2268; x_wconf 87' lang='grc' dir='ltr'>Σολομὼν</span> <span class='ocrx_word' id='word_1_696' title='bbox 2516 2197 2720 2266; x_wconf 77' lang='grc' dir='ltr'>ἔλεγεν·</span> <span class='ocrx_word' id='word_1_697' title='bbox 2745 2197 3080 2265; x_wconf 75' lang='grc' dir='ltr'>Ἐπίγνωθι,</span> <span class='ocrx_word' id='word_1_698' title='bbox 3116 2199 3203 2250; x_wconf 79' lang='grc' dir='ltr'>ὅτι</span> <span class='ocrx_word' id='word_1_699' title='bbox 3231 2199 3300 2251; x_wconf 82' lang='grc' dir='ltr'>ἐν</span> <span class='ocrx_word' id='word_1_700' title='bbox 3325 2199 3493 2268; x_wconf 83' lang='grc' dir='ltr'>μέσῳ</span> <span class='ocrx_word' id='word_1_701' title='bbox 3520 2217 3632 2253; x_wconf 68' lang='grc' dir='ltr'>παν</span> 
     </span>
    </p>
   </div>
   <div class='ocr_carea' id='block_1_87' title="bbox 1951 2284 3628 2355">
    <p class='ocr_par' dir='ltr' id='par_1_87' title="bbox 1951 2284 3628 2355">
     <span class='ocr_line' id='line_1_87' title="bbox 1951 2284 3628 2355; baseline 0.001 -17"><span class='ocrx_word' id='word_1_702' title='bbox 1951 2285 2131 2355; x_wconf 74' lang='grc' dir='ltr'>γίδων</span> <span class='ocrx_word' id='word_1_703' title='bbox 2155 2284 2474 2349; x_wconf 77' lang='grc' dir='ltr'>διιιϐαἱνεις</span> <span class='ocrx_word' id='word_1_704' title='bbox 2499 2285 2596 2338; x_wconf 79' lang='grc' dir='ltr'>καὶ</span> <span class='ocrx_word' id='word_1_705' title='bbox 2621 2285 2717 2338; x_wconf 80' lang='grc' dir='ltr'>ἐπὶ</span> <span class='ocrx_word' id='word_1_706' title='bbox 2740 2284 3053 2349; x_wconf 78' lang='grc' dir='ltr'>ἐπάλξεων</span> <span class='ocrx_word' id='word_1_707' title='bbox 3081 2288 3312 2351; x_wconf 77' lang='grc' dir='ltr'>πόλεως</span> <span class='ocrx_word' id='word_1_708' title='bbox 3339 2298 3362 2326; x_wconf 79' lang='grc' dir='ltr'>θ</span> <span class='ocrx_word' id='word_1_709' title='bbox 3387 2301 3628 2355; x_wconf 76' lang='grc' dir='ltr'>περίπασ-</span> 
     </span>
    </p>
   </div>
   <div class='ocr_carea' id='block_1_88' title="bbox 1950 2371 3630 2443">
    <p class='ocr_par' dir='ltr' id='par_1_88' title="bbox 1950 2371 3630 2443">
     <span class='ocr_line' id='line_1_88' title="bbox 1950 2371 3630 2443; baseline -0.001 -17"><span class='ocrx_word' id='word_1_710' title='bbox 1950 2373 2089 2438; x_wconf 83' lang='grc' dir='ltr'>τεῖς.</span> <span class='ocrx_word' id='word_1_711' title='bbox 2135 2372 2306 2425; x_wconf 67' lang='grc' dir='ltr'>Βαϐαῖ</span> <span class='ocrx_word' id='word_1_712' title='bbox 2340 2373 2520 2425; x_wconf 89' lang='grc' dir='ltr'>πόσων</span> <span class='ocrx_word' id='word_1_713' title='bbox 2549 2373 2707 2442; x_wconf 85' lang='grc' dir='ltr'>γέμει</span> <span class='ocrx_word' id='word_1_714' title='bbox 2757 2371 2913 2425; x_wconf 87' lang='grc' dir='ltr'>τοῦτο</span> <span class='ocrx_word' id='word_1_715' title='bbox 2955 2372 3015 2425; x_wconf 82' lang='grc' dir='ltr'>τὸ</span> <span class='ocrx_word' id='word_1_716' title='bbox 3059 2372 3210 2443; x_wconf 76' lang='grc' dir='ltr'>ῥῆμα</span> <span class='ocrx_word' id='word_1_717' title='bbox 3255 2373 3497 2441; x_wconf 87' lang='grc' dir='ltr'>ἀγαθῶν,</span> <span class='ocrx_word' id='word_1_718' title='bbox 3535 2374 3630 2427; x_wconf 73' lang='grc' dir='ltr'>καὶ</span> 
     </span>
    </p>
   </div>
   <div class='ocr_carea' id='block_1_89' title="bbox 1951 2459 2768 2530">
    <p class='ocr_par' dir='ltr' id='par_1_89' title="bbox 1951 2459 2768 2530">
     <span class='ocr_line' id='line_1_89' title="bbox 1951 2459 2768 2530; baseline -0.002 -16"><span class='ocrx_word' id='word_1_719' title='bbox 1951 2462 2050 2514; x_wconf 88' lang='grc' dir='ltr'>οὐκ</span> <span class='ocrx_word' id='word_1_720' title='bbox 2071 2460 2288 2512; x_wconf 71' lang='grc' dir='ltr'>ἔλαττον</span> <span class='ocrx_word' id='word_1_721' title='bbox 2317 2459 2350 2530; x_wconf 78' lang='grc' dir='ltr'>ἢ</span> <span class='ocrx_word' id='word_1_722' title='bbox 2385 2460 2445 2512; x_wconf 82' lang='grc' dir='ltr'>τὸ</span> <span class='ocrx_word' id='word_1_723' title='bbox 2476 2461 2768 2530; x_wconf 76' lang='grc' dir='ltr'>πρότερονί</span> 
     </span>
    </p>
   </div>
   <div class='ocr_carea' id='block_1_90' title="bbox 2021 2545 3626 2616">
    <p class='ocr_par' dir='ltr' id='par_1_90' title="bbox 2021 2545 3626 2616">
     <span class='ocr_line' id='line_1_90' title="bbox 2021 2545 3626 2616; baseline -0.002 -16"><span class='ocrx_word' id='word_1_724' title='bbox 2021 2546 2416 2616; x_wconf 70' lang='grc' dir='ltr'>Ἐγγράψωμεν</span> <span class='ocrx_word' id='word_1_725' title='bbox 2439 2547 2615 2599; x_wconf 86' lang='grc' dir='ltr'>τοίνυν</span> <span class='ocrx_word' id='word_1_726' title='bbox 2640 2548 2868 2608; x_wconf 69' lang='grc' dir='ltr'>ἕκαστος</span> <span class='ocrx_word' id='word_1_727' title='bbox 2895 2545 2986 2598; x_wconf 73' lang='grc' dir='ltr'>ἐπὶ</span> <span class='ocrx_word' id='word_1_728' title='bbox 3011 2545 3108 2614; x_wconf 76' lang='grc' dir='ltr'>τῆς</span> <span class='ocrx_word' id='word_1_729' title='bbox 3130 2546 3365 2604; x_wconf 78' lang='grc' dir='ltr'>διανοίας</span> <span class='ocrx_word' id='word_1_730' title='bbox 3383 2545 3511 2600; x_wconf 76' lang='grc' dir='ltr'>αὐτὸ</span> <span class='ocrx_word' id='word_1_731' title='bbox 3531 2546 3626 2614; x_wconf 81' lang='grc' dir='ltr'>τῆς</span> 
     </span>
    </p>
   </div>
   <div class='ocr_carea' id='block_1_91' title="bbox 1953 2631 3633 2708">
    <p class='ocr_par' dir='ltr' id='par_1_91' title="bbox 1953 2631 3633 2708">
     <span class='ocr_line' id='line_1_91' title="bbox 1953 2631 3633 2708; baseline 0 -22"><span class='ocrx_word' id='word_1_732' title='bbox 1953 2636 2244 2706; x_wconf 85' lang='grc' dir='ltr'>ἡμετέρας,</span> <span class='ocrx_word' id='word_1_733' title='bbox 2269 2634 2361 2688; x_wconf 71' lang='grc' dir='ltr'>καὶ</span> <span class='ocrx_word' id='word_1_734' title='bbox 2381 2633 2575 2703; x_wconf 88' lang='grc' dir='ltr'>περιφέ</span> <span class='ocrx_word' id='word_1_735' title='bbox 2587 2651 2766 2704; x_wconf 89' lang='grc' dir='ltr'>ρωμεν</span> <span class='ocrx_word' id='word_1_736' title='bbox 2795 2634 2886 2685; x_wconf 70' lang='grc' dir='ltr'>ἐπὶ</span> <span class='ocrx_word' id='word_1_737' title='bbox 2907 2631 3008 2701; x_wconf 84' lang='grc' dir='ltr'>τῆς</span> <span class='ocrx_word' id='word_1_738' title='bbox 3035 2639 3254 2708; x_wconf 76' lang='grc' dir='ltr'>μνήμης</span> <span class='ocrx_word' id='word_1_739' title='bbox 3282 2634 3389 2700; x_wconf 75' lang='grc' dir='ltr'>ἀεὶ,</span> <span class='ocrx_word' id='word_1_740' title='bbox 3413 2634 3505 2687; x_wconf 79' lang='grc' dir='ltr'>καὶ</span> <span class='ocrx_word' id='word_1_741' title='bbox 3531 2635 3633 2705; x_wconf 71' lang='grc' dir='ltr'>οὐχ</span> 
     </span>
    </p>
   </div>
   <div class='ocr_carea' id='block_1_92' title="bbox 1955 2718 3630 2792">
    <p class='ocr_par' dir='ltr' id='par_1_92' title="bbox 1955 2718 3630 2792">
     <span class='ocr_line' id='line_1_92' title="bbox 1955 2718 3630 2792; baseline 0.001 -19"><span class='ocrx_word' id='word_1_742' title='bbox 1955 2719 2384 2791; x_wconf 82' lang='grc' dir='ltr'>ἁμαρτησόμεθα</span> <span class='ocrx_word' id='word_1_743' title='bbox 2441 2719 2668 2788; x_wconf 86' lang='grc' dir='ltr'>ταχέως.</span> <span class='ocrx_word' id='word_1_744' title='bbox 2727 2718 3120 2790; x_wconf 65' lang='grc' dir='ltr'>Ἐγγράψωμεν</span> <span class='ocrx_word' id='word_1_745' title='bbox 3171 2720 3434 2792; x_wconf 84' lang='grc' dir='ltr'>πρότερον</span> <span class='ocrx_word' id='word_1_746' title='bbox 3497 2720 3630 2775; x_wconf 82' lang='grc' dir='ltr'>αὐτὸ</span> 
     </span>
    </p>
   </div>
   <div class='ocr_carea' id='block_1_93' title="bbox 1956 2803 3629 2880">
    <p class='ocr_par' dir='ltr' id='par_1_93' title="bbox 1956 2803 3629 2880">
     <span class='ocr_line' id='line_1_93' title="bbox 1956 2803 3629 2880; baseline 0.001 -19"><span class='ocrx_word' id='word_1_747' title='bbox 1956 2809 2092 2880; x_wconf 86' lang='grc' dir='ltr'>μετά</span> <span class='ocrx_word' id='word_1_748' title='bbox 2119 2806 2404 2878; x_wconf 87' lang='grc' dir='ltr'>ἀκριϐείας</span> <span class='ocrx_word' id='word_1_749' title='bbox 2433 2807 2650 2878; x_wconf 87' lang='grc' dir='ltr'>ἀπάσης</span> <span class='ocrx_word' id='word_1_750' title='bbox 2697 2807 2980 2877; x_wconf 88' lang='grc' dir='ltr'>μαθόντες·</span> <span class='ocrx_word' id='word_1_751' title='bbox 3016 2807 3076 2859; x_wconf 92' lang='grc' dir='ltr'>οὐ</span> <span class='ocrx_word' id='word_1_752' title='bbox 3111 2808 3220 2878; x_wconf 90' lang='grc' dir='ltr'>γάρ</span> <span class='ocrx_word' id='word_1_753' title='bbox 3255 2803 3396 2870; x_wconf 80' lang='grc' dir='ltr'>εἶπε,</span> <span class='ocrx_word' id='word_1_754' title='bbox 3434 2807 3629 2874; x_wconf 86' lang='grc' dir='ltr'>Βλέπε,</span> 
     </span>
    </p>
   </div>
   <div class='ocr_carea' id='block_1_94' title="bbox 1951 2893 3632 2965">
    <p class='ocr_par' dir='ltr' id='par_1_94' title="bbox 1951 2893 3632 2965">
     <span class='ocr_line' id='line_1_94' title="bbox 1951 2893 3632 2965; baseline 0.001 -16"><span class='ocrx_word' id='word_1_755' title='bbox 1951 2897 2032 2950; x_wconf 78' lang='grc' dir='ltr'>ὅτι</span> <span class='ocrx_word' id='word_1_756' title='bbox 2069 2897 2125 2949; x_wconf 91' lang='grc' dir='ltr'>ἐν</span> <span class='ocrx_word' id='word_1_757' title='bbox 2173 2896 2320 2965; x_wconf 82' lang='grc' dir='ltr'>μέσῳ</span> <span class='ocrx_word' id='word_1_758' title='bbox 2351 2893 2589 2962; x_wconf 81' lang='grc' dir='ltr'>παγίδων</span> <span class='ocrx_word' id='word_1_759' title='bbox 2634 2894 2948 2957; x_wconf 88' lang='grc' dir='ltr'>διαϐαίνεις,</span> <span class='ocrx_word' id='word_1_760' title='bbox 2992 2893 3126 2955; x_wconf 80' lang='grc' dir='ltr'>ἀλλ’,</span> <span class='ocrx_word' id='word_1_761' title='bbox 3149 2895 3482 2964; x_wconf 75' lang='grc' dir='ltr'>Ἐπίτνωθι.</span> <span class='ocrx_word' id='word_1_762' title='bbox 3521 2897 3632 2951; x_wconf 72' lang='grc' dir='ltr'>Καὶ</span> 
     </span>
    </p>
   </div>
   <div class='ocr_carea' id='block_1_95' title="bbox 1951 2976 3631 3054">
    <p class='ocr_par' dir='ltr' id='par_1_95' title="bbox 1951 2976 3631 3054">
     <span class='ocr_line' id='line_1_95' title="bbox 1951 2976 3631 3054; baseline 0 -18"><span class='ocrx_word' id='word_1_763' title='bbox 1951 2984 2091 3046; x_wconf 91' lang='grc' dir='ltr'>τίνος</span> <span class='ocrx_word' id='word_1_764' title='bbox 2125 2983 2308 3036; x_wconf 71' lang='grc' dir='ltr'>ἕνεκεν</span> <span class='ocrx_word' id='word_1_765' title='bbox 2337 2976 2508 3043; x_wconf 87' lang='grc' dir='ltr'>εἶπεν,</span> <span class='ocrx_word' id='word_1_766' title='bbox 2543 2982 2887 3048; x_wconf 73' lang='grc' dir='ltr'>Ἐπίγνωθι;</span> <span class='ocrx_word' id='word_1_767' title='bbox 2927 2981 3339 3045; x_wconf 88' lang='grc' dir='ltr'>Συνεσκίασται,</span> <span class='ocrx_word' id='word_1_768' title='bbox 3382 2984 3566 3054; x_wconf 82' lang='grc' dir='ltr'>φησὶν,</span> <span class='ocrx_word' id='word_1_769' title='bbox 3593 2987 3631 3054; x_wconf 72' lang='grc' dir='ltr'>ἡ</span> 
     </span>
    </p>
   </div>
   <div class='ocr_carea' id='block_1_96' title="bbox 1954 3065 3630 3142">
    <p class='ocr_par' dir='ltr' id='par_1_96' title="bbox 1954 3065 3630 3142">
     <span class='ocr_line' id='line_1_96' title="bbox 1954 3065 3630 3142; baseline 0.001 -22"><span class='ocrx_word' id='word_1_770' title='bbox 1954 3070 2138 3137; x_wconf 87' lang='grc' dir='ltr'>παγίς·</span> <span class='ocrx_word' id='word_1_771' title='bbox 2172 3069 2328 3122; x_wconf 87' lang='grc' dir='ltr'>τοῦτο</span> <span class='ocrx_word' id='word_1_772' title='bbox 2350 3069 2456 3139; x_wconf 89' lang='grc' dir='ltr'>γάρ</span> <span class='ocrx_word' id='word_1_773' title='bbox 2479 3069 2624 3120; x_wconf 80' lang='grc' dir='ltr'>ἐστιν</span> <span class='ocrx_word' id='word_1_774' title='bbox 2657 3069 2690 3137; x_wconf 84' lang='grc' dir='ltr'>ἡ</span> <span class='ocrx_word' id='word_1_775' title='bbox 2717 3069 2905 3135; x_wconf 62' lang='grc' dir='ltr'>παγίς,</span> <span class='ocrx_word' id='word_1_776' title='bbox 2932 3068 3057 3119; x_wconf 81' lang='grc' dir='ltr'>ὅταν</span> <span class='ocrx_word' id='word_1_777' title='bbox 3093 3065 3160 3142; x_wconf 72' lang='grc' dir='ltr'>μὴ</span> <span class='ocrx_word' id='word_1_778' title='bbox 3197 3069 3428 3141; x_wconf 82' lang='grc' dir='ltr'>φανερὸς</span> <span class='ocrx_word' id='word_1_779' title='bbox 3455 3072 3482 3124; x_wconf 94' lang='lat'>6</span> <span class='ocrx_word' id='word_1_780' title='bbox 3512 3071 3630 3122; x_wconf 80' lang='grc' dir='ltr'>ὄλε-</span> 
     </span>
    </p>
   </div>
   <div class='ocr_carea' id='block_1_97' title="bbox 1954 3153 3631 3228">
    <p class='ocr_par' dir='ltr' id='par_1_97' title="bbox 1954 3153 3631 3228">
     <span class='ocr_line' id='line_1_97' title="bbox 1954 3153 3631 3228; baseline 0.003 -22"><span class='ocrx_word' id='word_1_781' title='bbox 1954 3154 2079 3224; x_wconf 89' lang='grc' dir='ltr'>θρος</span> <span class='ocrx_word' id='word_1_782' title='bbox 2126 3154 2404 3224; x_wconf 88' lang='grc' dir='ltr'>φαίνηται,</span> <span class='ocrx_word' id='word_1_783' title='bbox 2452 3154 2583 3225; x_wconf 85' lang='grc' dir='ltr'>μηδέ</span> <span class='ocrx_word' id='word_1_784' title='bbox 2620 3154 2749 3224; x_wconf 76' lang='grc' dir='ltr'>δήλη</span> <span class='ocrx_word' id='word_1_785' title='bbox 2791 3157 2824 3224; x_wconf 80' lang='grc' dir='ltr'>ἡ</span> <span class='ocrx_word' id='word_1_786' title='bbox 2880 3153 3072 3224; x_wconf 86' lang='grc' dir='ltr'>βλάϐη,</span> <span class='ocrx_word' id='word_1_787' title='bbox 3116 3154 3251 3208; x_wconf 91' lang='grc' dir='ltr'>ἀλλά</span> <span class='ocrx_word' id='word_1_788' title='bbox 3296 3158 3631 3228; x_wconf 76' lang='grc' dir='ltr'>πανταχόθεν</span> 
     </span>
    </p>
   </div>
   <div class='ocr_carea' id='block_1_98' title="bbox 1955 3240 3627 3314">
    <p class='ocr_par' dir='ltr' id='par_1_98' title="bbox 1955 3240 3627 3314">
     <span class='ocr_line' id='line_1_98' title="bbox 1955 3240 3627 3314; baseline 0.005 -22"><span class='ocrx_word' id='word_1_789' title='bbox 1955 3259 2018 3293; x_wconf 85' lang='grc' dir='ltr'>πε</span> <span class='ocrx_word' id='word_1_790' title='bbox 2031 3240 2384 3310; x_wconf 87' lang='grc' dir='ltr'>ριεσταλμένη</span> <span class='ocrx_word' id='word_1_791' title='bbox 2416 3241 2782 3310; x_wconf 85' lang='grc' dir='ltr'>παρακέηται·</span> <span class='ocrx_word' id='word_1_792' title='bbox 2806 3241 2890 3294; x_wconf 88' lang='grc' dir='ltr'>διά</span> <span class='ocrx_word' id='word_1_793' title='bbox 2912 3241 3066 3294; x_wconf 88' lang='grc' dir='ltr'>τοῦτό</span> <span class='ocrx_word' id='word_1_794' title='bbox 3092 3259 3274 3312; x_wconf 86' lang='grc' dir='ltr'>φησιν,</span> <span class='ocrx_word' id='word_1_795' title='bbox 3295 3245 3627 3314; x_wconf 69' lang='grc' dir='ltr'>Ἐπίγνωθι·</span> 
     </span>
    </p>
   </div>
   <div class='ocr_carea' id='block_1_99' title="bbox 1955 3326 3631 3402">
    <p class='ocr_par' dir='ltr' id='par_1_99' title="bbox 1955 3326 3631 3402">
     <span class='ocr_line' id='line_1_99' title="bbox 1955 3326 3631 3402; baseline 0.002 -23"><span class='ocrx_word' id='word_1_796' title='bbox 1955 3327 2150 3397; x_wconf 82' lang='grc' dir='ltr'>πολλῆς</span> <span class='ocrx_word' id='word_1_797' title='bbox 2181 3344 2261 3380; x_wconf 87' lang='grc' dir='ltr'>σοι</span> <span class='ocrx_word' id='word_1_798' title='bbox 2291 3327 2369 3378; x_wconf 89' lang='grc' dir='ltr'>δεῖ</span> <span class='ocrx_word' id='word_1_799' title='bbox 2394 3326 2494 3394; x_wconf 80' lang='grc' dir='ltr'>τῆς</span> <span class='ocrx_word' id='word_1_800' title='bbox 2532 3329 2909 3396; x_wconf 77' lang='grc' dir='ltr'>κατανοήσεως</span> <span class='ocrx_word' id='word_1_801' title='bbox 2931 3331 3022 3380; x_wconf 74' lang='grc' dir='ltr'>καὶ</span> <span class='ocrx_word' id='word_1_802' title='bbox 3052 3327 3312 3398; x_wconf 81' lang='grc' dir='ltr'>ἀκριϐοῦς</span> <span class='ocrx_word' id='word_1_803' title='bbox 3349 3329 3448 3400; x_wconf 79' lang='grc' dir='ltr'>τῆς</span> <span class='ocrx_word' id='word_1_804' title='bbox 3476 3331 3631 3402; x_wconf 83' lang='grc' dir='ltr'>ἐρεύ.</span> 
     </span>
    </p>
   </div>
   <div class='ocr_carea' id='block_1_100' title="bbox 1951 3413 3628 3486">
    <p class='ocr_par' dir='ltr' id='par_1_100' title="bbox 1951 3413 3628 3486">
     <span class='ocr_line' id='line_1_100' title="bbox 1951 3413 3628 3486; baseline 0.002 -20"><span class='ocrx_word' id='word_1_805' title='bbox 1951 3433 2069 3486; x_wconf 90' lang='grc' dir='ltr'>νης.</span> <span class='ocrx_word' id='word_1_806' title='bbox 2111 3417 2322 3485; x_wconf 84' lang='grc' dir='ltr'>Ὥσπερ</span> <span class='ocrx_word' id='word_1_807' title='bbox 2356 3415 2464 3483; x_wconf 88' lang='grc' dir='ltr'>γάρ</span> <span class='ocrx_word' id='word_1_808' title='bbox 2493 3413 2558 3466; x_wconf 81' lang='grc' dir='ltr'>τὰ</span> <span class='ocrx_word' id='word_1_809' title='bbox 2601 3413 2785 3466; x_wconf 90' lang='grc' dir='ltr'>παιδία</span> <span class='ocrx_word' id='word_1_810' title='bbox 2811 3417 2873 3484; x_wconf 83' lang='grc' dir='ltr'>τῇ</span> <span class='ocrx_word' id='word_1_811' title='bbox 2906 3419 2974 3486; x_wconf 80' lang='grc' dir='ltr'>γῇ</span> <span class='ocrx_word' id='word_1_812' title='bbox 3008 3416 3104 3486; x_wconf 76' lang='grc' dir='ltr'>τὴν</span> <span class='ocrx_word' id='word_1_813' title='bbox 3140 3417 3373 3485; x_wconf 88' lang='grc' dir='ltr'>παγίδα,</span> <span class='ocrx_word' id='word_1_814' title='bbox 3406 3419 3577 3482; x_wconf 76' lang='grc' dir='ltr'>οὕτως</span> <span class='ocrx_word' id='word_1_815' title='bbox 3599 3421 3628 3470; x_wconf 90' lang='lat'>6</span> 
     </span>
    </p>
   </div>
   <div class='ocr_carea' id='block_1_101' title="bbox 1951 3501 3630 3575">
    <p class='ocr_par' dir='ltr' id='par_1_101' title="bbox 1951 3501 3630 3575">
     <span class='ocr_line' id='line_1_101' title="bbox 1951 3501 3630 3575; baseline 0.002 -20"><span class='ocrx_word' id='word_1_816' title='bbox 1951 3502 2194 3566; x_wconf 89' lang='grc' dir='ltr'>διάϐολος</span> <span class='ocrx_word' id='word_1_817' title='bbox 2235 3503 2332 3559; x_wconf 82' lang='grc' dir='ltr'>τὰς</span> <span class='ocrx_word' id='word_1_818' title='bbox 2374 3502 2646 3571; x_wconf 82' lang='grc' dir='ltr'>ἁμαρτίας</span> <span class='ocrx_word' id='word_1_819' title='bbox 2673 3504 2791 3565; x_wconf 90' lang='grc' dir='ltr'>ταῖς</span> <span class='ocrx_word' id='word_1_820' title='bbox 2820 3501 3096 3571; x_wconf 84' lang='grc' dir='ltr'>βιωτικαῖς</span> <span class='ocrx_word' id='word_1_821' title='bbox 3123 3505 3486 3575; x_wconf 85' lang='grc' dir='ltr'>περιέστειλεν</span> <span class='ocrx_word' id='word_1_822' title='bbox 3510 3507 3630 3575; x_wconf 59' lang='grc' dir='ltr'>ἡδο.</span> 
     </span>
    </p>
   </div>
   <div class='ocr_carea' id='block_1_102' title="bbox 1952 3587 3630 3662">
    <p class='ocr_par' dir='ltr' id='par_1_102' title="bbox 1952 3587 3630 3662">
     <span class='ocr_line' id='line_1_102' title="bbox 1952 3587 3630 3662; baseline 0.001 -19"><span class='ocrx_word' id='word_1_823' title='bbox 1952 3593 2089 3654; x_wconf 83' lang='grc' dir='ltr'>ναῖς·</span> <span class='ocrx_word' id='word_1_824' title='bbox 2119 3590 2234 3643; x_wconf 79' lang='grc' dir='ltr'>ἀλλ’</span> <span class='ocrx_word' id='word_1_825' title='bbox 2261 3589 2522 3658; x_wconf 85' lang='grc' dir='ltr'>ἐπίγνωθι</span> <span class='ocrx_word' id='word_1_826' title='bbox 2551 3587 2968 3658; x_wconf 82' lang='grc' dir='ltr'>διερευνώμενος</span> <span class='ocrx_word' id='word_1_827' title='bbox 2994 3590 3253 3659; x_wconf 88' lang='grc' dir='ltr'>ἀκριϐῶς,</span> <span class='ocrx_word' id='word_1_828' title='bbox 3284 3592 3376 3643; x_wconf 78' lang='grc' dir='ltr'>καὶ</span> <span class='ocrx_word' id='word_1_829' title='bbox 3408 3592 3499 3644; x_wconf 82' lang='grc' dir='ltr'>ἐὰν</span> <span class='ocrx_word' id='word_1_830' title='bbox 3527 3593 3598 3662; x_wconf 86' lang='grc' dir='ltr'>ἐμ</span> <span class='ocrx_word' id='word_1_831' title='bbox 3617 3623 3630 3633; x_wconf 88' lang='lat'><strong>-</strong></span> 
     </span>
    </p>
   </div>
   <div class='ocr_carea' id='block_1_103' title="bbox 1952 3675 3630 3750">
    <p class='ocr_par' dir='ltr' id='par_1_103' title="bbox 1952 3675 3630 3750">
     <span class='ocr_line' id='line_1_103' title="bbox 1952 3675 3630 3750; baseline 0.001 -19"><span class='ocrx_word' id='word_1_832' title='bbox 1952 3679 2094 3750; x_wconf 76' lang='grc' dir='ltr'>πέσῃ</span> <span class='ocrx_word' id='word_1_833' title='bbox 2127 3676 2337 3748; x_wconf 87' lang='grc' dir='ltr'>κέρδος,</span> <span class='ocrx_word' id='word_1_834' title='bbox 2381 3675 2454 3746; x_wconf 83' lang='grc' dir='ltr'>μὴ</span> <span class='ocrx_word' id='word_1_835' title='bbox 2499 3675 2558 3728; x_wconf 85' lang='grc' dir='ltr'>τὸ</span> <span class='ocrx_word' id='word_1_836' title='bbox 2605 3675 2794 3745; x_wconf 88' lang='grc' dir='ltr'>κέρδος</span> <span class='ocrx_word' id='word_1_837' title='bbox 2827 3675 2941 3748; x_wconf 76' lang='grc' dir='ltr'>ἴδῃς</span> <span class='ocrx_word' id='word_1_838' title='bbox 2978 3675 3156 3745; x_wconf 86' lang='grc' dir='ltr'>μόνον,</span> <span class='ocrx_word' id='word_1_839' title='bbox 3201 3677 3313 3730; x_wconf 87' lang='grc' dir='ltr'>ἀλλ’</span> <span class='ocrx_word' id='word_1_840' title='bbox 3339 3679 3630 3750; x_wconf 81' lang='grc' dir='ltr'>ἐρεύνησον</span> 
     </span>
    </p>
   </div>
   <div class='ocr_carea' id='block_1_104' title="bbox 1955 3762 3630 3836">
    <p class='ocr_par' dir='ltr' id='par_1_104' title="bbox 1955 3762 3630 3836">
     <span class='ocr_line' id='line_1_104' title="bbox 1955 3762 3630 3836; baseline 0.001 -18"><span class='ocrx_word' id='word_1_841' title='bbox 1955 3764 2220 3836; x_wconf 90' lang='grc' dir='ltr'>ἀκριϐῶς,</span> <span class='ocrx_word' id='word_1_842' title='bbox 2261 3765 2335 3834; x_wconf 85' lang='grc' dir='ltr'>μή</span> <span class='ocrx_word' id='word_1_843' title='bbox 2366 3781 2467 3816; x_wconf 91' lang='grc' dir='ltr'>που</span> <span class='ocrx_word' id='word_1_844' title='bbox 2497 3762 2724 3825; x_wconf 88' lang='grc' dir='ltr'>θάνατος</span> <span class='ocrx_word' id='word_1_845' title='bbox 2750 3763 2842 3815; x_wconf 72' lang='grc' dir='ltr'>καὶ</span> <span class='ocrx_word' id='word_1_846' title='bbox 2873 3764 3114 3833; x_wconf 86' lang='grc' dir='ltr'>ἁμαρτία</span> <span class='ocrx_word' id='word_1_847' title='bbox 3135 3767 3214 3828; x_wconf 89' lang='grc' dir='ltr'>είς</span> <span class='ocrx_word' id='word_1_848' title='bbox 3238 3765 3298 3818; x_wconf 85' lang='grc' dir='ltr'>τὸ</span> <span class='ocrx_word' id='word_1_849' title='bbox 3323 3767 3512 3836; x_wconf 81' lang='grc' dir='ltr'>κέρδος</span> <span class='ocrx_word' id='word_1_850' title='bbox 3545 3768 3630 3820; x_wconf 80' lang='grc' dir='ltr'>ἔν-</span> 
     </span>
    </p>
   </div>
   <div class='ocr_carea' id='block_1_105' title="bbox 1950 3851 3634 3924">
    <p class='ocr_par' dir='ltr' id='par_1_105' title="bbox 1950 3851 3634 3924">
     <span class='ocr_line' id='line_1_105' title="bbox 1950 3851 3634 3924; baseline 0 -18"><span class='ocrx_word' id='word_1_851' title='bbox 1950 3853 2037 3906; x_wconf 90' lang='grc' dir='ltr'>δον</span> <span class='ocrx_word' id='word_1_852' title='bbox 2062 3853 2454 3924; x_wconf 88' lang='grc' dir='ltr'>ἐγκέκρυπται·</span> <span class='ocrx_word' id='word_1_853' title='bbox 2484 3851 2587 3904; x_wconf 83' lang='grc' dir='ltr'>κᾶν</span> <span class='ocrx_word' id='word_1_854' title='bbox 2617 3851 2752 3922; x_wconf 81' lang='grc' dir='ltr'>ἴδῃς,</span> <span class='ocrx_word' id='word_1_855' title='bbox 2777 3851 3044 3918; x_wconf 82' lang='grc' dir='ltr'>ἀπόφυγε.</span> <span class='ocrx_word' id='word_1_856' title='bbox 3075 3851 3264 3915; x_wconf 87' lang='grc' dir='ltr'>Πάλιν,</span> <span class='ocrx_word' id='word_1_857' title='bbox 3287 3853 3413 3905; x_wconf 83' lang='grc' dir='ltr'>ὅταν</span> <span class='ocrx_word' id='word_1_858' title='bbox 3442 3855 3634 3924; x_wconf 55' lang='grc' dir='ltr'>τέρψις</span> 
     </span>
    </p>
   </div>
   <div class='ocr_carea' id='block_1_106' title="bbox 1951 3937 3630 4011">
    <p class='ocr_par' dir='ltr' id='par_1_106' title="bbox 1951 3937 3630 4011">
     <span class='ocr_line' id='line_1_106' title="bbox 1951 3937 3630 4011; baseline 0 -18"><span class='ocrx_word' id='word_1_859' title='bbox 1951 3942 2046 3994; x_wconf 71' lang='grc' dir='ltr'>καὶ</span> <span class='ocrx_word' id='word_1_860' title='bbox 2080 3940 2236 4010; x_wconf 72' lang='grc' dir='ltr'>ἡδονὴ</span> <span class='ocrx_word' id='word_1_861' title='bbox 2281 3940 2632 4011; x_wconf 86' lang='grc' dir='ltr'>παρεμπέσῃ,</span> <span class='ocrx_word' id='word_1_862' title='bbox 2673 3939 2746 4008; x_wconf 83' lang='grc' dir='ltr'>μὴ</span> <span class='ocrx_word' id='word_1_863' title='bbox 2783 3938 2879 4008; x_wconf 83' lang='grc' dir='ltr'>τὴν</span> <span class='ocrx_word' id='word_1_864' title='bbox 2916 3937 3104 4008; x_wconf 77' lang='grc' dir='ltr'>ἡδονὴν</span> <span class='ocrx_word' id='word_1_865' title='bbox 3135 3939 3248 4010; x_wconf 75' lang='grc' dir='ltr'>ἴδῃς</span> <span class='ocrx_word' id='word_1_866' title='bbox 3282 3941 3461 4010; x_wconf 89' lang='grc' dir='ltr'>μόνον,</span> <span class='ocrx_word' id='word_1_867' title='bbox 3493 3943 3588 3995; x_wconf 89' lang='grc' dir='ltr'>ἀλλ</span> <span class='ocrx_word' id='word_1_868' title='bbox 3600 3948 3630 4000; x_wconf 68' lang='lat'>5;</span> 
     </span>
    </p>
   </div>
   <div class='ocr_carea' id='block_1_107' title="bbox 1955 4025 3631 4100">
    <p class='ocr_par' dir='ltr' id='par_1_107' title="bbox 1955 4025 3631 4100">
     <span class='ocr_line' id='line_1_107' title="bbox 1955 4025 3631 4100; baseline -0.003 -20"><span class='ocrx_word' id='word_1_869' title='bbox 1955 4035 2027 4100; x_wconf 81' lang='grc' dir='ltr'>μὴ</span> <span class='ocrx_word' id='word_1_870' title='bbox 2077 4045 2179 4080; x_wconf 85' lang='grc' dir='ltr'>που</span> <span class='ocrx_word' id='word_1_871' title='bbox 2233 4026 2546 4097; x_wconf 83' lang='grc' dir='ltr'>παρανομία</span> <span class='ocrx_word' id='word_1_872' title='bbox 2600 4044 2683 4081; x_wconf 79' lang='grc' dir='ltr'>τις</span> <span class='ocrx_word' id='word_1_873' title='bbox 2730 4029 2787 4079; x_wconf 85' lang='grc' dir='ltr'>ἐν</span> <span class='ocrx_word' id='word_1_874' title='bbox 2827 4025 2904 4094; x_wconf 78' lang='grc' dir='ltr'>τῷ</span> <span class='ocrx_word' id='word_1_875' title='bbox 2931 4025 3081 4094; x_wconf 87' lang='grc' dir='ltr'>βάθει</span> <span class='ocrx_word' id='word_1_876' title='bbox 3121 4027 3220 4096; x_wconf 86' lang='grc' dir='ltr'>τῆς</span> <span class='ocrx_word' id='word_1_877' title='bbox 3266 4028 3458 4098; x_wconf 76' lang='grc' dir='ltr'>ἡδονῆς</span> <span class='ocrx_word' id='word_1_878' title='bbox 3507 4046 3631 4086; x_wconf 82' lang='grc' dir='ltr'>συν-</span> 
     </span>
    </p>
   </div>
   <div class='ocr_carea' id='block_1_108' title="bbox 1951 4112 3627 4188">
    <p class='ocr_par' dir='ltr' id='par_1_108' title="bbox 1951 4112 3627 4188">
     <span class='ocr_line' id='line_1_108' title="bbox 1951 4112 3627 4188; baseline -0.002 -21"><span class='ocrx_word' id='word_1_879' title='bbox 1951 4115 2256 4180; x_wconf 89' lang='grc' dir='ltr'>εσκίασται,</span> <span class='ocrx_word' id='word_1_880' title='bbox 2304 4114 2441 4184; x_wconf 87' lang='grc' dir='ltr'>μετά</span> <span class='ocrx_word' id='word_1_881' title='bbox 2483 4112 2767 4184; x_wconf 86' lang='grc' dir='ltr'>ἀκριϐείας</span> <span class='ocrx_word' id='word_1_882' title='bbox 2803 4113 3074 4179; x_wconf 79' lang='grc' dir='ltr'>ἐξέτασον,</span> <span class='ocrx_word' id='word_1_883' title='bbox 3110 4114 3213 4166; x_wconf 75' lang='grc' dir='ltr'>κᾶν</span> <span class='ocrx_word' id='word_1_884' title='bbox 3260 4115 3446 4188; x_wconf 76' lang='grc' dir='ltr'>εὕρῃς,</span> <span class='ocrx_word' id='word_1_885' title='bbox 3492 4118 3627 4172; x_wconf 87' lang='grc' dir='ltr'>ἀπο-</span> 
     </span>
    </p>
   </div>
   <div class='ocr_carea' id='block_1_109' title="bbox 1952 4199 3627 4274">
    <p class='ocr_par' dir='ltr' id='par_1_109' title="bbox 1952 4199 3627 4274">
     <span class='ocr_line' id='line_1_109' title="bbox 1952 4199 3627 4274; baseline 0.002 -20"><span class='ocrx_word' id='word_1_886' title='bbox 1952 4203 2208 4273; x_wconf 72' lang='grc' dir='ltr'>πήδησον·</span> <span class='ocrx_word' id='word_1_887' title='bbox 2247 4200 2350 4254; x_wconf 76' lang='grc' dir='ltr'>κᾶν</span> <span class='ocrx_word' id='word_1_888' title='bbox 2382 4199 2724 4272; x_wconf 87' lang='grc' dir='ltr'>συμϐουλεύῃ</span> <span class='ocrx_word' id='word_1_889' title='bbox 2752 4217 2854 4265; x_wconf 86' lang='grc' dir='ltr'>τις,</span> <span class='ocrx_word' id='word_1_890' title='bbox 2886 4200 2989 4252; x_wconf 76' lang='grc' dir='ltr'>κᾶν</span> <span class='ocrx_word' id='word_1_891' title='bbox 3021 4201 3309 4273; x_wconf 88' lang='grc' dir='ltr'>κολακεύῃ,</span> <span class='ocrx_word' id='word_1_892' title='bbox 3333 4204 3436 4257; x_wconf 82' lang='grc' dir='ltr'>κᾶν</span> <span class='ocrx_word' id='word_1_893' title='bbox 3461 4204 3627 4274; x_wconf 84' lang='grc' dir='ltr'>θερα-</span> 
     </span>
    </p>
   </div>
   <div class='ocr_carea' id='block_1_110' title="bbox 1952 4285 3628 4360">
    <p class='ocr_par' dir='ltr' id='par_1_110' title="bbox 1952 4285 3628 4360">
     <span class='ocr_line' id='line_1_110' title="bbox 1952 4285 3628 4360; baseline 0.002 -20"><span class='ocrx_word' id='word_1_894' title='bbox 1952 4290 2110 4360; x_wconf 88' lang='grc' dir='ltr'>πεύῃ.</span> <span class='ocrx_word' id='word_1_895' title='bbox 2135 4289 2237 4342; x_wconf 85' lang='grc' dir='ltr'>κάν</span> <span class='ocrx_word' id='word_1_896' title='bbox 2270 4287 2433 4358; x_wconf 86' lang='grc' dir='ltr'>τιμάς</span> <span class='ocrx_word' id='word_1_897' title='bbox 2454 4287 2875 4357; x_wconf 85' lang='grc' dir='ltr'>ἐπαγγέλληται,</span> <span class='ocrx_word' id='word_1_898' title='bbox 2901 4285 3001 4339; x_wconf 80' lang='grc' dir='ltr'>κᾶν</span> <span class='ocrx_word' id='word_1_899' title='bbox 3021 4287 3198 4339; x_wconf 82' lang='grc' dir='ltr'>ὁτιοῦν</span> <span class='ocrx_word' id='word_1_900' title='bbox 3222 4288 3426 4360; x_wconf 75' lang='grc' dir='ltr'>ἕτερον,</span> <span class='ocrx_word' id='word_1_901' title='bbox 3451 4292 3628 4344; x_wconf 87' lang='grc' dir='ltr'>πάντα</span> 
     </span>
    </p>
   </div>
   <div class='ocr_carea' id='block_1_111' title="bbox 1951 4374 3629 4446">
    <p class='ocr_par' dir='ltr' id='par_1_111' title="bbox 1951 4374 3629 4446">
     <span class='ocr_line' id='line_1_111' title="bbox 1951 4374 3629 4446; baseline 0.002 -19"><span class='ocrx_word' id='word_1_902' title='bbox 1951 4375 2290 4441; x_wconf 73' lang='grc' dir='ltr'>ἐξετάζωμεν</span> <span class='ocrx_word' id='word_1_903' title='bbox 2329 4375 2466 4446; x_wconf 87' lang='grc' dir='ltr'>μετά</span> <span class='ocrx_word' id='word_1_904' title='bbox 2501 4374 2814 4446; x_wconf 88' lang='grc' dir='ltr'>ἀκριϐείας,</span> <span class='ocrx_word' id='word_1_905' title='bbox 2847 4375 2939 4427; x_wconf 72' lang='grc' dir='ltr'>καὶ</span> <span class='ocrx_word' id='word_1_906' title='bbox 2977 4375 3400 4446; x_wconf 85' lang='grc' dir='ltr'>περισκοπῶμεν</span> <span class='ocrx_word' id='word_1_907' title='bbox 3433 4377 3629 4432; x_wconf 76' lang='grc' dir='ltr'>πάντο-</span> 
     </span>
    </p>
   </div>
   <div class='ocr_carea' id='block_1_112' title="bbox 1950 4461 3628 4535">
    <p class='ocr_par' dir='ltr' id='par_1_112' title="bbox 1950 4461 3628 4535">
     <span class='ocr_line' id='line_1_112' title="bbox 1950 4461 3628 4535; baseline -0.001 -20"><span class='ocrx_word' id='word_1_908' title='bbox 1950 4462 2040 4515; x_wconf 89' lang='grc' dir='ltr'>θεν</span> <span class='ocrx_word' id='word_1_909' title='bbox 2072 4464 2147 4533; x_wconf 88' lang='grc' dir='ltr'>μή</span> <span class='ocrx_word' id='word_1_910' title='bbox 2171 4461 2273 4515; x_wconf 90' lang='grc' dir='ltr'>πού</span> <span class='ocrx_word' id='word_1_911' title='bbox 2299 4480 2380 4526; x_wconf 91' lang='grc' dir='ltr'>τις</span> <span class='ocrx_word' id='word_1_912' title='bbox 2403 4462 2598 4532; x_wconf 87' lang='grc' dir='ltr'>βλάϐη,</span> <span class='ocrx_word' id='word_1_913' title='bbox 2626 4463 2698 4531; x_wconf 85' lang='grc' dir='ltr'>μή</span> <span class='ocrx_word' id='word_1_914' title='bbox 2722 4462 2823 4514; x_wconf 92' lang='grc' dir='ltr'>πού</span> <span class='ocrx_word' id='word_1_915' title='bbox 2853 4480 2937 4525; x_wconf 89' lang='grc' dir='ltr'>τις</span> <span class='ocrx_word' id='word_1_916' title='bbox 2963 4462 3204 4525; x_wconf 81' lang='grc' dir='ltr'>κίνδυνος</span> <span class='ocrx_word' id='word_1_917' title='bbox 3232 4463 3340 4515; x_wconf 85' lang='grc' dir='ltr'>ἀπὺ</span> <span class='ocrx_word' id='word_1_918' title='bbox 3365 4464 3462 4534; x_wconf 84' lang='grc' dir='ltr'>τῆς</span> <span class='ocrx_word' id='word_1_919' title='bbox 3492 4481 3553 4516; x_wconf 91' lang='grc' dir='ltr'>συ</span> <span class='ocrx_word' id='word_1_920' title='bbox 3562 4485 3628 4535; x_wconf 78' lang='grc' dir='ltr'>μ.</span> 
     </span>
    </p>
   </div>
   <div class='ocr_carea' id='block_1_113' title="bbox 1951 4548 3623 4621">
    <p class='ocr_par' dir='ltr' id='par_1_113' title="bbox 1951 4548 3623 4621">
     <span class='ocr_line' id='line_1_113' title="bbox 1951 4548 3623 4621; baseline 0.001 -19"><span class='ocrx_word' id='word_1_921' title='bbox 1951 4549 2177 4620; x_wconf 81' lang='grc' dir='ltr'>ϐουλῆς,</span> <span class='ocrx_word' id='word_1_922' title='bbox 2211 4549 2244 4621; x_wconf 80' lang='grc' dir='ltr'>ἢ</span> <span class='ocrx_word' id='word_1_923' title='bbox 2274 4551 2373 4620; x_wconf 81' lang='grc' dir='ltr'>τῆς</span> <span class='ocrx_word' id='word_1_924' title='bbox 2406 4550 2592 4619; x_wconf 82' lang='grc' dir='ltr'>τιμῆς,</span> <span class='ocrx_word' id='word_1_925' title='bbox 2630 4548 2662 4618; x_wconf 83' lang='grc' dir='ltr'>ἦ</span> <span class='ocrx_word' id='word_1_926' title='bbox 2702 4549 2802 4617; x_wconf 78' lang='grc' dir='ltr'>τῆς</span> <span class='ocrx_word' id='word_1_927' title='bbox 2833 4549 3126 4620; x_wconf 81' lang='grc' dir='ltr'>θεραπείας</span> <span class='ocrx_word' id='word_1_928' title='bbox 3158 4551 3289 4618; x_wconf 80' lang='grc' dir='ltr'>ἡμῖν</span> <span class='ocrx_word' id='word_1_929' title='bbox 3320 4551 3623 4621; x_wconf 89' lang='grc' dir='ltr'>ἐγγίνηται,</span> 
     </span>
    </p>
   </div>
   <div class='ocr_carea' id='block_1_114' title="bbox 1949 4636 3628 4710">
    <p class='ocr_par' dir='ltr' id='par_1_114' title="bbox 1949 4636 3628 4710">
     <span class='ocr_line' id='line_1_114' title="bbox 1949 4636 3628 4710; baseline 0.001 -20"><span class='ocrx_word' id='word_1_930' title='bbox 1949 4639 2041 4690; x_wconf 72' lang='grc' dir='ltr'>καὶ</span> <span class='ocrx_word' id='word_1_931' title='bbox 2070 4638 2142 4709; x_wconf 83' lang='grc' dir='ltr'>μὴ</span> <span class='ocrx_word' id='word_1_932' title='bbox 2167 4638 2374 4708; x_wconf 89' lang='grc' dir='ltr'>ταχέως</span> <span class='ocrx_word' id='word_1_933' title='bbox 2409 4637 2503 4690; x_wconf 73' lang='grc' dir='ltr'>καὶ</span> <span class='ocrx_word' id='word_1_934' title='bbox 2540 4636 2962 4707; x_wconf 89' lang='grc' dir='ltr'>ἀπερισκέπτως</span> <span class='ocrx_word' id='word_1_935' title='bbox 2995 4637 3392 4707; x_wconf 88' lang='grc' dir='ltr'>ἐπιτρέχωμεν.</span> <span class='ocrx_word' id='word_1_936' title='bbox 3436 4640 3498 4692; x_wconf 84' lang='grc' dir='ltr'><strong>Εἰ</strong></span> <span class='ocrx_word' id='word_1_937' title='bbox 3527 4641 3628 4710; x_wconf 83' lang='grc' dir='ltr'>μὲν</span> 
     </span>
    </p>
   </div>
   <div class='ocr_carea' id='block_1_115' title="bbox 1949 4721 3620 4800">
    <p class='ocr_par' dir='ltr' id='par_1_115' title="bbox 1949 4721 3620 4800">
     <span class='ocr_line' id='line_1_115' title="bbox 1949 4721 3620 4800; baseline 0.001 -22"><span class='ocrx_word' id='word_1_938' title='bbox 1949 4726 2056 4795; x_wconf 85' lang='grc' dir='ltr'>γὰρ</span> <span class='ocrx_word' id='word_1_939' title='bbox 2090 4727 2187 4796; x_wconf 90' lang='grc' dir='ltr'>μία</span> <span class='ocrx_word' id='word_1_940' title='bbox 2215 4726 2308 4778; x_wconf 76' lang='grc' dir='ltr'>καὶ</span> <span class='ocrx_word' id='word_1_941' title='bbox 2343 4725 2436 4778; x_wconf 88' lang='grc' dir='ltr'>δύο</span> <span class='ocrx_word' id='word_1_942' title='bbox 2480 4725 2639 4795; x_wconf 89' lang='grc' dir='ltr'>μόνον</span> <span class='ocrx_word' id='word_1_943' title='bbox 2674 4721 2813 4796; x_wconf 78' lang='grc' dir='ltr'>ἦσαν</span> <span class='ocrx_word' id='word_1_944' title='bbox 2853 4726 2908 4777; x_wconf 87' lang='grc' dir='ltr'>αί</span> <span class='ocrx_word' id='word_1_945' title='bbox 2954 4725 3200 4792; x_wconf 88' lang='grc' dir='ltr'>παγίδες,</span> <span class='ocrx_word' id='word_1_946' title='bbox 3236 4725 3456 4790; x_wconf 74' lang='grc' dir='ltr'>εὔκολος</span> <span class='ocrx_word' id='word_1_947' title='bbox 3489 4724 3556 4798; x_wconf 83' lang='grc' dir='ltr'>ἦν</span> <span class='ocrx_word' id='word_1_948' title='bbox 3588 4733 3620 4800; x_wconf 78' lang='grc' dir='ltr'>ἠ</span> 
     </span>
    </p>
   </div>
   <div class='ocr_carea' id='block_1_116' title="bbox 1950 4811 3623 4886">
    <p class='ocr_par' dir='ltr' id='par_1_116' title="bbox 1950 4811 3623 4886">
     <span class='ocr_line' id='line_1_116' title="bbox 1950 4811 3623 4886; baseline 0.002 -20"><span class='ocrx_word' id='word_1_949' title='bbox 1950 4815 2182 4884; x_wconf 85' lang='grc' dir='ltr'>φυλακή·</span> <span class='ocrx_word' id='word_1_950' title='bbox 2216 4813 2309 4865; x_wconf 87' lang='grc' dir='ltr'>νῦν</span> <span class='ocrx_word' id='word_1_951' title='bbox 2334 4811 2390 4864; x_wconf 85' lang='grc' dir='ltr'>δὲ</span> <span class='ocrx_word' id='word_1_952' title='bbox 2416 4812 2476 4864; x_wconf 83' lang='grc' dir='ltr'>τὸ</span> <span class='ocrx_word' id='word_1_953' title='bbox 2503 4811 2703 4882; x_wconf 80' lang='grc' dir='ltr'>πλῆθος</span> <span class='ocrx_word' id='word_1_954' title='bbox 2728 4812 2905 4865; x_wconf 88' lang='grc' dir='ltr'>αὐτῶν</span> <span class='ocrx_word' id='word_1_955' title='bbox 2934 4813 3271 4878; x_wconf 81' lang='grc' dir='ltr'>ἐνδείξασθαι</span> <span class='ocrx_word' id='word_1_956' title='bbox 3304 4813 3623 4886; x_wconf 84' lang='grc' dir='ltr'>βουλόμενος</span> 
     </span>
    </p>
   </div>
   <div class='ocr_carea' id='block_1_117' title="bbox 1947 4899 3624 4972">
    <p class='ocr_par' dir='ltr' id='par_1_117' title="bbox 1947 4899 3624 4972">
     <span class='ocr_line' id='line_1_117' title="bbox 1947 4899 3624 4972; baseline 0.002 -19"><span class='ocrx_word' id='word_1_957' title='bbox 1947 4904 1975 4953; x_wconf 94' lang='lat'>6</span> <span class='ocrx_word' id='word_1_958' title='bbox 1995 4900 2262 4972; x_wconf 85' lang='grc' dir='ltr'>Σολομὼν,</span> <span class='ocrx_word' id='word_1_959' title='bbox 2294 4901 2523 4954; x_wconf 86' lang='grc' dir='ltr'>ἄκουσον</span> <span class='ocrx_word' id='word_1_960' title='bbox 2557 4900 2671 4963; x_wconf 86' lang='grc' dir='ltr'>πῶς</span> <span class='ocrx_word' id='word_1_961' title='bbox 2706 4899 2854 4972; x_wconf 69' lang='grc'>[155]</span> <span class='ocrx_word' id='word_1_962' title='bbox 2897 4917 3059 4970; x_wconf 87' lang='grc' dir='ltr'>φησιν</span> <span class='ocrx_word' id='word_1_963' title='bbox 3102 4900 3143 4938; x_wconf 71' lang='grc' dir='ltr'>ί·</span> <span class='ocrx_word' id='word_1_964' title='bbox 3172 4903 3504 4971; x_wconf 74' lang='grc' dir='ltr'>Ἐπίγνωθι,</span> <span class='ocrx_word' id='word_1_965' title='bbox 3535 4905 3624 4962; x_wconf 74' lang='grc' dir='ltr'>ὅτι</span> 
     </span>
    </p>
   </div>
   <div class='ocr_carea' id='block_1_118' title="bbox 1947 4984 3624 5060">
    <p class='ocr_par' dir='ltr' id='par_1_118' title="bbox 1947 4984 3624 5060">
     <span class='ocr_line' id='line_1_118' title="bbox 1947 4984 3624 5060; baseline 0.001 -18"><span class='ocrx_word' id='word_1_966' title='bbox 1947 4988 2198 5057; x_wconf 76' lang='grc' dir='ltr'>ἐνμέσῳ</span> <span class='ocrx_word' id='word_1_967' title='bbox 2231 4987 2497 5056; x_wconf 77' lang='grc' dir='ltr'>παγίδων</span> <span class='ocrx_word' id='word_1_968' title='bbox 2527 4987 2866 5054; x_wconf 61' lang='grc' dir='ltr'>διαϐαίνει-ις·</span> <span class='ocrx_word' id='word_1_969' title='bbox 2892 4989 2992 5040; x_wconf 91' lang='grc' dir='ltr'>οὐκ</span> <span class='ocrx_word' id='word_1_970' title='bbox 3029 4984 3201 5053; x_wconf 76' lang='grc' dir='ltr'>εἶπεν,</span> <span class='ocrx_word' id='word_1_971' title='bbox 3226 4991 3309 5042; x_wconf 82' lang='grc' dir='ltr'>ὅτι</span> <span class='ocrx_word' id='word_1_972' title='bbox 3333 4993 3488 5060; x_wconf 83' lang='grc' dir='ltr'>Παρά</span> <span class='ocrx_word' id='word_1_973' title='bbox 3519 5011 3624 5044; x_wconf 84' lang='grc' dir='ltr'>πα-</span> 
     </span>
    </p>
   </div>
   <div class='ocr_carea' id='block_1_119' title="bbox 1947 5074 3621 5148">
    <p class='ocr_par' dir='ltr' id='par_1_119' title="bbox 1947 5074 3621 5148">
     <span class='ocr_line' id='line_1_119' title="bbox 1947 5074 3621 5148; baseline 0.001 -20"><span class='ocrx_word' id='word_1_974' title='bbox 1947 5077 2099 5143; x_wconf 88' lang='grc' dir='ltr'>γίδας</span> <span class='ocrx_word' id='word_1_975' title='bbox 2125 5075 2437 5137; x_wconf 87' lang='grc' dir='ltr'>διαϐαίνεις,</span> <span class='ocrx_word' id='word_1_976' title='bbox 2471 5074 2584 5126; x_wconf 84' lang='grc' dir='ltr'>ἀλλ’</span> <span class='ocrx_word' id='word_1_977' title='bbox 2618 5076 2722 5127; x_wconf 74' lang='grc' dir='ltr'><em>Ἐν</em></span> <span class='ocrx_word' id='word_1_978' title='bbox 2737 5075 2906 5144; x_wconf 81' lang='grc' dir='ltr'>μέσῳ</span> <span class='ocrx_word' id='word_1_979' title='bbox 2927 5076 3214 5145; x_wconf 74' lang='grc' dir='ltr'>παγίδων.</span> <span class='ocrx_word' id='word_1_980' title='bbox 3253 5078 3621 5148; x_wconf 81' lang='grc' dir='ltr'>Ἐκατέρωθεν</span> 
     </span>
    </p>
   </div>
   <div class='ocr_carea' id='block_1_120' title="bbox 1947 5162 3619 5234">
    <p class='ocr_par' dir='ltr' id='par_1_120' title="bbox 1947 5162 3619 5234">
     <span class='ocr_line' id='line_1_120' title="bbox 1947 5162 3619 5234; baseline 0.002 -20"><span class='ocrx_word' id='word_1_981' title='bbox 1947 5165 2077 5234; x_wconf 79' lang='grc' dir='ltr'>ἡμῖν</span> <span class='ocrx_word' id='word_1_982' title='bbox 2109 5163 2175 5214; x_wconf 87' lang='grc' dir='ltr'>τά</span> <span class='ocrx_word' id='word_1_983' title='bbox 2205 5162 2449 5232; x_wconf 85' lang='grc' dir='ltr'>βάραθρα</span> <span class='ocrx_word' id='word_1_984' title='bbox 2470 5201 2483 5222; x_wconf 93' lang='grc'>,</span> <span class='ocrx_word' id='word_1_985' title='bbox 2515 5162 2849 5233; x_wconf 78' lang='grc' dir='ltr'>ἑκατέρωθεν</span> <span class='ocrx_word' id='word_1_986' title='bbox 2871 5165 2918 5216; x_wconf 79' lang='grc' dir='ltr'>οἱ</span> <span class='ocrx_word' id='word_1_987' title='bbox 2951 5163 3110 5216; x_wconf 85' lang='grc' dir='ltr'>δόλοι.</span> <span class='ocrx_word' id='word_1_988' title='bbox 3143 5164 3396 5216; x_wconf 87' lang='grc' dir='ltr'>Ἐνέϐαλέ</span> <span class='ocrx_word' id='word_1_989' title='bbox 3426 5181 3506 5226; x_wconf 85' lang='grc' dir='ltr'>τις</span> <span class='ocrx_word' id='word_1_990' title='bbox 3541 5167 3619 5228; x_wconf 83' lang='grc' dir='ltr'>είς</span> 
     </span>
    </p>
   </div>
   <div class='ocr_carea' id='block_1_121' title="bbox 1946 5247 3614 5324">
    <p class='ocr_par' dir='ltr' id='par_1_121' title="bbox 1946 5247 3614 5324">
     <span class='ocr_line' id='line_1_121' title="bbox 1946 5247 3614 5324; baseline 0 -19"><span class='ocrx_word' id='word_1_991' title='bbox 1946 5251 2169 5322; x_wconf 76' lang='grc' dir='ltr'>ἀγορὰν,</span> <span class='ocrx_word' id='word_1_992' title='bbox 2196 5247 2330 5303; x_wconf 82' lang='grc' dir='ltr'>εἶδεν</span> <span class='ocrx_word' id='word_1_993' title='bbox 2351 5250 2562 5320; x_wconf 75' lang='grc' dir='ltr'>ἐχθρὸν,</span> <span class='ocrx_word' id='word_1_994' title='bbox 2595 5251 2934 5321; x_wconf 81' lang='grc' dir='ltr'>ἐφλέγμανεν</span> <span class='ocrx_word' id='word_1_995' title='bbox 2961 5252 3068 5306; x_wconf 85' lang='grc' dir='ltr'>ἀπὸ</span> <span class='ocrx_word' id='word_1_996' title='bbox 3097 5252 3198 5320; x_wconf 83' lang='grc' dir='ltr'>τῆς</span> <span class='ocrx_word' id='word_1_997' title='bbox 3223 5252 3397 5321; x_wconf 74' lang='grc' dir='ltr'>ὅψεως</span> <span class='ocrx_word' id='word_1_998' title='bbox 3428 5254 3614 5324; x_wconf 83' lang='grc' dir='ltr'>μόνης·</span> 
     </span>
    </p>
   </div>
   <div class='ocr_carea' id='block_1_122' title="bbox 1944 5335 3616 5410">
    <p class='ocr_par' dir='ltr' id='par_1_122' title="bbox 1944 5335 3616 5410">
     <span class='ocr_line' id='line_1_122' title="bbox 1944 5335 3616 5410; baseline 0 -18"><span class='ocrx_word' id='word_1_999' title='bbox 1944 5336 2047 5392; x_wconf 79' lang='grc' dir='ltr'>εἶδε</span> <span class='ocrx_word' id='word_1_1000' title='bbox 2079 5339 2230 5408; x_wconf 87' lang='grc' dir='ltr'>φίλον</span> <span class='ocrx_word' id='word_1_1001' title='bbox 2259 5339 2644 5408; x_wconf 78' lang='grc' dir='ltr'>εὐδοκιμοῦντα</span> <span class='ocrx_word' id='word_1_1002' title='bbox 2670 5378 2683 5402; x_wconf 94' lang='grc'>,</span> <span class='ocrx_word' id='word_1_1003' title='bbox 2717 5340 3036 5409; x_wconf 85' lang='grc' dir='ltr'>ἐϐάσκηνεν·</span> <span class='ocrx_word' id='word_1_1004' title='bbox 3065 5335 3171 5391; x_wconf 77' lang='grc' dir='ltr'>εἶδε</span> <span class='ocrx_word' id='word_1_1005' title='bbox 3211 5340 3418 5410; x_wconf 86' lang='grc' dir='ltr'>πένητα</span> <span class='ocrx_word' id='word_1_1006' title='bbox 3437 5379 3451 5402; x_wconf 92' lang='grc'>,</span> <span class='ocrx_word' id='word_1_1007' title='bbox 3481 5357 3584 5392; x_wconf 90' lang='grc' dir='ltr'>κατ</span> <span class='ocrx_word' id='word_1_1008' title='bbox 3603 5370 3616 5379; x_wconf 92' lang='grc'><strong><em>-</em></strong></span> 
     </span>
    </p>
   </div>
   <div class='ocr_carea' id='block_1_123' title="bbox 1944 5424 3612 5498">
    <p class='ocr_par' dir='ltr' id='par_1_123' title="bbox 1944 5424 3612 5498">
     <span class='ocr_line' id='line_1_123' title="bbox 1944 5424 3612 5498; baseline 0 -18"><span class='ocrx_word' id='word_1_1009' title='bbox 1944 5427 2207 5498; x_wconf 83' lang='grc' dir='ltr'>ἐφρόνησε</span> <span class='ocrx_word' id='word_1_1010' title='bbox 2247 5429 2339 5481; x_wconf 74' lang='grc' dir='ltr'>καὶ</span> <span class='ocrx_word' id='word_1_1011' title='bbox 2373 5428 2674 5498; x_wconf 85' lang='grc' dir='ltr'>ὑπερεῖδεν·</span> <span class='ocrx_word' id='word_1_1012' title='bbox 2711 5424 2816 5480; x_wconf 75' lang='grc' dir='ltr'>εἶδε</span> <span class='ocrx_word' id='word_1_1013' title='bbox 2866 5427 3137 5489; x_wconf 89' lang='grc' dir='ltr'>πλούσιον,</span> <span class='ocrx_word' id='word_1_1014' title='bbox 3166 5428 3258 5480; x_wconf 76' lang='grc' dir='ltr'>καὶ</span> <span class='ocrx_word' id='word_1_1015' title='bbox 3299 5428 3612 5498; x_wconf 81' lang='grc' dir='ltr'>ἐφθόνησεν·</span> 
     </span>
    </p>
   </div>
   <div class='ocr_carea' id='block_1_124' title="bbox 1943 5509 3616 5584">
    <p class='ocr_par' dir='ltr' id='par_1_124' title="bbox 1943 5509 3616 5584">
     <span class='ocr_line' id='line_1_124' title="bbox 1943 5509 3616 5584; baseline 0.002 -18"><span class='ocrx_word' id='word_1_1016' title='bbox 1943 5510 2049 5567; x_wconf 84' lang='grc' dir='ltr'>εἶδέ</span> <span class='ocrx_word' id='word_1_1017' title='bbox 2112 5531 2233 5568; x_wconf 89' lang='grc' dir='ltr'>τινα</span> <span class='ocrx_word' id='word_1_1018' title='bbox 2281 5514 2722 5584; x_wconf 80' lang='grc' dir='ltr'>ἐπηρεαζόμενον</span> <span class='ocrx_word' id='word_1_1019' title='bbox 2751 5555 2764 5576; x_wconf 96' lang='grc'>,</span> <span class='ocrx_word' id='word_1_1020' title='bbox 2817 5514 3279 5584; x_wconf 84' lang='grc' dir='ltr'>ἀπεδυσπέτησεν·</span> <span class='ocrx_word' id='word_1_1021' title='bbox 3336 5509 3443 5566; x_wconf 81' lang='grc' dir='ltr'>εἶδέ</span> <span class='ocrx_word' id='word_1_1022' title='bbox 3494 5531 3616 5569; x_wconf 87' lang='grc' dir='ltr'>τινα</span> 
     </span>
    </p>
   </div>
   <div class='ocr_carea' id='block_1_125' title="bbox 1943 5599 3612 5673">
    <p class='ocr_par' dir='ltr' id='par_1_125' title="bbox 1943 5599 3612 5673">
     <span class='ocr_line' id='line_1_125' title="bbox 1943 5599 3612 5673; baseline 0.002 -21"><span class='ocrx_word' id='word_1_1023' title='bbox 1943 5601 2335 5673; x_wconf 82' lang='grc' dir='ltr'>ἐπηρεάζοντα,</span> <span class='ocrx_word' id='word_1_1024' title='bbox 2367 5602 2741 5672; x_wconf 84' lang='grc' dir='ltr'>ἐδυσχέρανεν·</span> <span class='ocrx_word' id='word_1_1025' title='bbox 2762 5599 2866 5654; x_wconf 76' lang='grc' dir='ltr'>εἶδε</span> <span class='ocrx_word' id='word_1_1026' title='bbox 2890 5605 3121 5670; x_wconf 89' lang='grc' dir='ltr'>γυναῖκα</span> <span class='ocrx_word' id='word_1_1027' title='bbox 3138 5601 3429 5672; x_wconf 79' lang='grc' dir='ltr'>εὔμορφον,</span> <span class='ocrx_word' id='word_1_1028' title='bbox 3450 5601 3612 5656; x_wconf 77' lang='grc' dir='ltr'>ἑάλω.</span> 
     </span>
    </p>
   </div>
   <div class='ocr_carea' id='block_1_126' title="bbox 1943 5687 3612 5762">
    <p class='ocr_par' dir='ltr' id='par_1_126' title="bbox 1943 5687 3612 5762">
     <span class='ocr_line' id='line_1_126' title="bbox 1943 5687 3612 5762; baseline 0.001 -20"><span class='ocrx_word' id='word_1_1029' title='bbox 1943 5687 2097 5753; x_wconf 77' lang='grc' dir='ltr'>Εἶδες</span> <span class='ocrx_word' id='word_1_1030' title='bbox 2141 5690 2299 5743; x_wconf 84' lang='grc' dir='ltr'>πόσαι</span> <span class='ocrx_word' id='word_1_1031' title='bbox 2341 5691 2394 5743; x_wconf 78' lang='grc' dir='ltr'>αἱ</span> <span class='ocrx_word' id='word_1_1032' title='bbox 2438 5689 2697 5757; x_wconf 86' lang='grc' dir='ltr'>παγίδες,</span> <span class='ocrx_word' id='word_1_1033' title='bbox 2749 5691 3024 5760; x_wconf 82' lang='grc' dir='ltr'>ἀγαπητέ;</span> <span class='ocrx_word' id='word_1_1034' title='bbox 3074 5690 3171 5744; x_wconf 88' lang='grc' dir='ltr'>Διά</span> <span class='ocrx_word' id='word_1_1035' title='bbox 3223 5688 3378 5743; x_wconf 87' lang='grc' dir='ltr'>τοῦτό</span> <span class='ocrx_word' id='word_1_1036' title='bbox 3426 5707 3612 5762; x_wconf 83' lang='grc' dir='ltr'>φησιν·</span> 
     </span>
    </p>
   </div>
   <div class='ocr_carea' id='block_1_127' title="bbox 2002 5861 2992 5926">
    <p class='ocr_par' dir='ltr' id='par_1_127' title="bbox 2002 5861 2992 5926">
     <span class='ocr_line' id='line_1_127' title="bbox 2002 5861 2992 5926; baseline 0 -14"><span class='ocrx_word' id='word_1_1037' title='bbox 2002 5861 2027 5900; x_wconf 78' lang='lat' dir='ltr'><strong>d</strong></span> <span class='ocrx_word' id='word_1_1038' title='bbox 2052 5863 2151 5926; x_wconf 72' lang='lat' dir='ltr'><strong>Alii</strong></span> <span class='ocrx_word' id='word_1_1039' title='bbox 2171 5867 2405 5924; x_wconf 71' lang='lat' dir='ltr'>repetunt</span> <span class='ocrx_word' id='word_1_1040' title='bbox 2424 5863 2584 5924; x_wconf 75' lang='grc' dir='ltr'>φόϐος,</span> <span class='ocrx_word' id='word_1_1041' title='bbox 2610 5863 2750 5926; x_wconf 76' lang='grc' dir='ltr'>φόϐος</span> <span class='ocrx_word' id='word_1_1042' title='bbox 2775 5865 2887 5926; x_wconf 73' lang='grc' dir='ltr'>πρὸς</span> <span class='ocrx_word' id='word_1_1043' title='bbox 2908 5864 2992 5912; x_wconf 78' lang='grc' dir='ltr'>ἂπ.</span> 
     </span>
    </p>
   </div>
   <div class='ocr_carea' id='block_1_128' title="bbox 2009 5925 2370 5973">
    <p class='ocr_par' dir='ltr' id='par_1_128' title="bbox 2009 5925 2370 5973">
     <span class='ocr_line' id='line_1_128' title="bbox 2009 5925 2370 5973; baseline 0 -1"><span class='ocrx_word' id='word_1_1044' title='bbox 2009 5927 2027 5946; x_wconf 69' lang='grc'>⁸</span> <span class='ocrx_word' id='word_1_1045' title='bbox 2051 5925 2145 5972; x_wconf 78' lang='lat' dir='ltr'><strong>Alii</strong></span> <span class='ocrx_word' id='word_1_1046' title='bbox 2170 5927 2370 5973; x_wconf 81' lang='grc' dir='ltr'>πόλεων.</span> 
     </span>
    </p>
   </div>
   <div class='ocr_carea' id='block_1_129' title="bbox 2010 5983 2618 6047">
    <p class='ocr_par' dir='ltr' id='par_1_129' title="bbox 2010 5983 2618 6047">
     <span class='ocr_line' id='line_1_129' title="bbox 2010 5983 2618 6047; baseline -0.002 -12"><span class='ocrx_word' id='word_1_1047' title='bbox 2010 5983 2026 6024; x_wconf 72' lang='grc' dir='ltr'>ί</span> <span class='ocrx_word' id='word_1_1048' title='bbox 2057 5986 2153 6036; x_wconf 73' lang='lat' dir='ltr'><strong>Alii</strong></span> <span class='ocrx_word' id='word_1_1049' title='bbox 2175 5988 2379 6035; x_wconf 72' lang='grc' dir='ltr'>ἄκουσον</span> <span class='ocrx_word' id='word_1_1050' title='bbox 2405 5987 2618 6047; x_wconf 72' lang='grc' dir='ltr'>τίφησιν.</span> 
     </span>
    </p>
   </div>
  </div>
