4112 6388
479 402 579 460 ίὸῚ
1225 400 1282 456 S.
1322 399 1608 456 JOANNIS
1645 397 2138 457 CHRYSOSTOMI
2175 397 2494 454 ARCHIEP.
2535 393 3077 453 CONSTANTINOP.
3812 397 3916 455 158

485 525 814 595 Ἐπίγνωθι,
846 525 932 578 ὅτι
961 524 1030 577 ἐν
1050 523 1219 594 μέσῳ
1265 525 1531 594 παγίδων
1566 525 1909 592 διαϐαίνεις.
1939 524 2051 578 Kal
2089 526 2146 577 ἐν

471 612 618 680 οἰκίᾳ
641 608 885 676 παγίδες,
913 609 1008 660 ml
1028 607 1120 660 ἐπὶ
1142 607 1422 679 τραπέζης
1446 607 1689 676 παγίδες,
1720 607 1816 661 καὶ
1843 608 1938 659 ἐπὶ
1964 605 2146 660 συλλό-

471 727 583 777 γων
614 709 858 778 παγίδες.
891 707 1155 772 Πολλάκις
1182 709 1600 780 ἀπερισκέπτως
1626 726 1712 773 τις
1745 709 1946 780 μεταξὺ
1976 709 2144 778 φίλων

472 810 690 882 θαρρῶν
732 809 1034 879 ἐφθέγξατό
1074 828 1126 862 τι
1159 809 1267 863 τῶν
1301 810 1400 862 οὐκ
1439 809 1763 879 ὀφειλόντων
1799 809 2142 881 ἐξενεχθῆναι

472 911 752 981 ῥημάτων,
782 911 875 964 ml
901 910 1142 964 κίνδυνον
1167 911 1364 980 ἤνεγκε
1391 909 1662 975 τοσοῦτον,
1691 909 1830 963 ὥστε
1854 910 2143 981 ὁλόκληρον

471 1010 769 1082 ἀνατρέψαι
789 1012 888 1082 τὴν
913 1012 1104 1065 οἰκίαν.

538 1137 605 1197 γ’.
624 1129 964 1200 Πανταχόθεν
978 1129 1155 1182 τοίνυν
1175 1128 1573 1200 διερευνώμεθα
1588 1128 1656 1181 τά
1676 1129 1971 1199 πράγματα
2007 1128 2144 1198 μετὰ

467 1232 768 1302 ἀκριϐείας.
823 1232 1087 1295 Πολλάκις
1133 1233 1225 1284 καὶ
1268 1231 1403 1302 γυνὴ
1447 1232 1634 1298 γέγονε
1681 1232 1848 1300 παγὶς
1901 1233 2014 1294 τοῖς
2067 1231 2142 1302 μὴ

468 1333 818 1402 προσέχουσι,
851 1333 1109 1396 πολλάκις
1135 1332 1342 1394 παιδία,
1386 1331 1642 1394 πολλάκις
1687 1331 1850 1401 φίλοι,
1885 1331 2142 1395 πολλάκις

466 1433 726 1500 γείτονες.
774 1433 886 1485 Kal
932 1432 1075 1496 τίνος
1119 1431 1306 1484 ἔνεκεν
1355 1431 1614 1483 τοσαῦται
1649 1430 1897 1497 παγίδες,
1945 1429 2138 1500 φησίν;

468 1537 587 1589 Ἵνα
621 1537 695 1608 μὴ
728 1536 972 1590 κάτωθεν
1006 1534 1318 1605 πετώμεθα,
1345 1533 1480 1588 ἀλλά
1504 1533 1573 1586 τὰ
1592 1533 1702 1586 ἀνω
1731 1532 2002 1604 ζητῶμεν.
2034 1531 2144 1584 Καὶ

467 1636 536 1705 γά
544 1656 575 1707 ρ
595 1637 663 1690 τά
682 1636 921 1698 πετεινὰ,
939 1635 1042 1699 ἔως
1064 1636 1130 1690 ἂν
1142 1638 1232 1688 τδν
1255 1634 1454 1706 ὑψηλὸν
1477 1632 1615 1705 ἀέρα
1635 1633 1828 1703 τέμνῃ,
1851 1632 1911 1686 οὐ
1934 1632 2142 1702 ταχέως

467 1738 767 1790 ἁλίσκεται·
811 1735 954 1790 οὕτω
992 1736 1087 1789 καὶ
1121 1737 1206 1798 σὺ,
1251 1735 1356 1798 ἓως
1396 1735 1460 1788 ἂν
1493 1735 1629 1804 πρὸς
1670 1732 1738 1785 τὰ
1777 1733 1888 1787 ἀνω
1915 1730 2140 1802 βλέπῃς,

465 1838 588 1889 οὔτε
618 1839 721 1890 ὑπὸ
763 1837 1007 1906 παγίδος,
1042 1834 1165 1889 οὔτε
1202 1837 1292 1904 ὑφ’
1325 1834 1516 1906 ἑτέρας
1552 1833 1696 1896 τινὸς
1725 1831 1910 1904 ἀλώσῃ
1947 1830 2142 1902 ῥᾳδίως

465 1939 778 2008 ἐπιϐουλῆς.
803 1937 1041 2009 ’ἰξευτής
1077 1939 1225 1991 ἐστιν
1260 1939 1288 1989 6
1328 1935 1592 1998 διάϐολος·
1629 1932 1787 2002 γενοῦ
1822 1931 1997 1985 τοίνυν
2033 1931 2141 1984 τῶν

465 2039 673 2092 ἐκείνου
715 2038 979 2108 καλάμων
1018 2038 1366 2109 ὑψηλότερος.
1393 2037 1450 2090 Ὀ
1487 2037 1622 2106 πρὸς
1658 2034 1718 2086 τὸ
1763 2033 1896 2102 ῦψος
1935 2031 2141 2095 ἀναϐἀς

465 2139 650 2192 οὐκέτι
675 2139 823 2192 οὐδὲν
850 2139 1190 2210 θαυμάσεται
1211 2138 1318 2190 τῶν
1348 2135 1616 2206 βιωτικῶν
1637 2134 1996 2205 πραγμάτων·
2022 2133 2142 2187 ἀλλ’

467 2239 614 2292 ῶσπε
625 2257 673 2310 ρ,
694 2239 909 2291 ἐπειδὰν
935 2242 1015 2302 είς
1038 2239 1136 2309 τὴν
1165 2237 1407 2308 κορυφὴν
1428 2235 1828 2304 ἀναδράμωμεν
1848 2233 1954 2286 τῶν
1978 2235 2139 2304 ὀρῶν,

470 2334 640 2405 μικρά
681 2334 775 2387 καὶ
816 2336 848 2403 ἡ
885 2334 1041 2396 πόλις
1084 2334 1217 2402 ἡμῖν
1257 2329 1394 2384 εἶναι
1428 2331 1576 2383 δοκεῖ
1607 2330 1702 2383 καὶ
1739 2329 1809 2382 τά
1843 2330 2016 2400 τείχη,
2050 2335 2143 2385 ml

469 2432 772 2498 μυρμήκων
800 2429 956 2496 δίκην
990 2429 1081 2480 ἐπὶ
1110 2429 1206 2498 τῆς
1243 2429 1344 2497 γῆς
1370 2427 1419 2478 οί
1450 2426 1640 2496 ἄνδρες
1669 2427 1800 2496 ἡμῖν
1839 2423 2142 2493 βαδίζοντες

466 2524 762 2592 φαίνονται·
818 2522 990 2586 οὕτως
1025 2523 1242 2575 ἐπειδάν
1282 2522 1370 2573 ἐπὶ
1413 2519 1512 2591 τὴν
1557 2519 1764 2590 ὑψηλὴν
1802 2519 2005 2574 ἔννοιαν
2044 2519 2142 2588 τῆς

466 2619 782 2686 φιλοσοφίας
820 2616 1070 2689 ἀνέλθῃς,
1100 2617 1254 2669 οὐδέν
1280 2634 1339 2669 σε
1363 2616 1472 2670 τῶν
1501 2616 1592 2668 ἐπὶ
1621 2617 1719 2687 τῆς
1747 2616 1851 2686 γῆς
1875 2614 2141 2686 ἐκπλῆξαι

465 2717 774 2785 δυνήσεται,
822 2713 955 2766 ἀλλα
1007 2713 1178 2783 μικρά
1227 2712 1406 2766 πάντα
1441 2714 1711 2782 φανεῖται,
1750 2716 1844 2766 ml
1889 2712 2138 2780 πλοῦτος,

465 2811 560 2862 καὶ
595 2809 741 2872 δόξα,
787 2810 882 2862 καὶ
918 2808 1226 2873 δυναστεία,
1269 2809 1364 2862 ml
1414 2808 1547 2879 τιμὴ
1594 2809 1689 2862 καὶ
1726 2810 1781 2862 εί
1813 2827 1866 2862 τι
1901 2808 2140 2863 τοιοῦτον

465 2905 669 2974 ἕτερον,
711 2907 837 2957 ὅταν
875 2904 944 2958 τά
985 2907 1040 2957 ἐν
1083 2905 1330 2975 οὐρανοῖς
1363 2904 1586 2976 βλέπῃς·
1618 2905 1870 2975 καθάπερ
1908 2902 2001 2959 οὖν
2047 2906 2141 2959 καὶ

465 3001 662 3072 Παύλῳ
696 3001 868 3072 μικρά
902 3001 1078 3054 πάντα
1111 3001 1380 3070 ἐφαίνετο,
1411 3002 1505 3055 ml
1535 3003 1741 3073 νεκρῶν
1770 3003 2142 3074 ἀχρηστότερα

463 3099 532 3151 τά
556 3097 784 3169 λαμπρά
809 3097 903 3150 τοῦ
929 3098 1195 3168 παρόντος
1216 3097 1352 3168 βίου.
1371 3099 1470 3152 Διά
1491 3096 1650 3150 τοῦτο
1672 3098 1765 3152 καὶ
1789 3099 1917 3152 ἐϐόα
1943 3099 2136 3168 λέγων·

464 3195 629 3264 Ἐμοὶ
662 3197 888 3264 κόσμος
913 3196 1297 3263 ἐσταύρωται·
1332 3195 1418 3247 διὰ
1443 3193 1599 3248 τοῦτο
1633 3195 1728 3250 καὶ
1746 3197 1878 3266 ἡμῖν
1910 3196 2140 3267 παρῄνει

464 3292 654 3360 λέγων·
691 3291 768 3345 Τὰ
796 3290 917 3344 ἅνω
945 3291 1232 3360 φρονεῖτε.
1267 3293 1452 3354 "Arcu;
1484 3293 1611 3344 ποῖα
1637 3292 1833 3359 λέγεις,
1865 3291 1986 3345 είπέ
2020 3309 2138 3362 μοις

463 3391 596 3444 ὅπου
623 3389 793 3459 ἥλιος,
819 3390 954 3442 ὅπου
987 3388 1218 3459 σελήνη;
1250 3389 1383 3458 Οὐχὶ
1406 3428 1420 3451 ,
1450 3388 1632 3458 φησίν.
1662 3388 1825 3441 Ἀλλά
1852 3389 1952 3442 ποῦ
1973 3407 1988 3452 ;
2009 3390 2142 3442 ὅπου

464 3488 706 3556 ἄγγελοι,
737 3487 870 3539 ὅπου
897 3483 1247 3555 ἀρχάγγελοι,
1287 3485 1420 3537 ὅπου
1451 3484 1520 3537 τά
1546 3485 1811 3556 χερουϐὶμ
1836 3486 1929 3538 ml
1959 3487 2030 3539 τὰ
2055 3503 2142 3539 σε-

468 3584 677 3656 ραφίμ;
724 3585 887 3652 Οὐχὶ,
941 3583 1125 3653 φησίν.
1167 3582 1336 3636 ’Ἅλλά
1376 3581 1514 3647 ποῦς
1576 3583 1767 3636 ’Ὅπου
1809 3588 1840 3638 ό
1889 3587 2142 3652 Χριστός

463 3680 638 3732 ἐστιν
651 3680 720 3732 ἐν·
735 3675 902 3744 δεξιᾷ
921 3679 1026 3732 τοῦ
1051 3677 1198 3732 Θεοῦ
1221 3677 1571 3747 καθήμενος.
1596 3679 1922 3749 Πειθώμεθα
1941 3682 2138 3748 τοίνυν,

465 3777 685 3829 κάκεῖνο
708 3773 969 3844 διηνεκῶς
992 3773 1352 3850 λογιζώμεθα,
1375 3775 1456 3827 ὅτι
1491 3773 1743 3845 καθάπερ
1768 3774 1846 3845 τῷ
1878 3776 2142 3848 στρουθίῳ

466 3867 657 3936 ὄφελος
684 3867 832 3921 οὐδὲν
858 3867 964 3921 τῶν
1001 3868 1215 3939 πτερῶν
1261 3867 1365 3920 ὑπὸ
1407 3868 1507 3937 τῆς
1545 3870 1770 3937 παγίδος
1797 3871 1996 3936 ἁλόντι,
2027 3873 2141 3926 ἀλλ’

466 3963 587 4033 εἰκῆ
612 3963 704 4015 ml
734 3963 908 4033 μάτην
933 3980 1029 4016 πτε
1040 3963 1314 4034 ρύσσεται·
1345 3963 1486 4017 οὕτω
1508 3965 1602 4018 ml
1627 3968 1707 4018 col
1733 3965 1841 4019 τῶν
1867 3967 2142 4040 λογισμῶν

465 4059 619 4112 οὐδὲν
651 4059 859 4128 ὄφελος,
892 4059 986 4111 ἐὰν
1023 4059 1160 4112 κατά
1195 4060 1394 4129 κράτος
1426 4059 1531 4112 ὑπὸ
1556 4059 1657 4130 τῆς
1686 4063 1926 4132 πονηρᾶς
1956 4063 2143 4117 ἐπιθυ-

469 4155 600 4225 μίας
639 4156 802 4225 ἁλῷς,
853 4155 968 4209 ἀλλ’
1008 4157 1106 4208 ὅσα
1160 4156 1225 4210 ἂν
1262 4157 1583 4227 σκιρτήσῃς,
1631 4157 1821 4222 ἑάλως.
1853 4161 1950 4214 Διά
1988 4161 2143 4214 τοῦτο

467 4253 641 4323 πτερά
661 4256 772 4316 τοῖς
795 4253 1113 4322 στρουθίοις,
1144 4253 1228 4306 ἵνα
1248 4253 1459 4325 ἐκφύγῃ
1484 4255 1582 4318 τὰς
1606 4256 1855 4324 παγίδας·
1881 4257 1970 4310 διά
1985 4255 2143 4311 τοῦτο

467 4347 717 4418 λογισμοὶ
745 4353 857 4412 τοῖς
885 4349 1208 4419 ἀνθρώποις,
1239 4351 1322 4403 ἵνα
1351 4351 1631 4420 ἐκφύγωσι
1655 4353 1722 4406 τά
1748 4353 2139 4426 ἁμαρτήματα.

469 4442 601 4495 Τίνα
621 4439 711 4495 οὖν
736 4442 928 4512 ἕξομεν
959 4443 1306 4514 συγγνώμην,
1329 4446 1448 4500 τίνα
1475 4447 1532 4500 δὲ
1553 4447 1866 4518 ἀπολογίαν,
1888 4450 2015 4503 ὃταν
2035 4451 2142 4503 τῶν

468 4538 677 4604 ἀλόγων
705 4531 855 4608 ὦμεν
887 4538 1262 4610 ἀνοητότεροις

549 4639 606 4690 '0
637 4637 736 4707 μὲν
769 4636 878 4706 γὰρ
910 4637 1164 4706 στρουθὸς
1199 4636 1346 4703 ἅπαξ
1385 4639 1546 4704 ἁλοὺς
1585 4641 1690 4694 ὑπὸ
1735 4645 1979 4710 παγίδος,
2022 4643 2142 4698 εἶτα

467 4731 761 4801 διαφυγὼν,
803 4733 896 4786 καὶ¹
949 4732 1145 4801 ἔλαφος
1177 4734 1232 4785 δέ
1273 4737 1353 4798 είς
1380 4735 1640 4789 δίκτυονο
1689 4739 2006 4809 ἐμπεσοῦσα
2050 4743 2141 4796 καὶ

468 4828 770 4899 διαδρᾶσα,
830 4829 1102 4894 δυσκόλως
1155 4826 1451 4885 ἁλώσονται
1514 4833 1674 4886 πάλιν
1741 4838 1851 4898 τοῖς
1917 4838 2135 4902 αὐτοῖς·

469 4924 684 4992 ἑκάστῳ
717 4922 821 4994 γάρ
853 4925 884 4994 ἡ
914 4926 1078 4995 πεῖρα
1110 4924 1428 4990 διδάσκαλος
1458 4929 1758 4996 ἀσφαλείας
1807 4930 1956 5002 [156]
1993 4933 2138 5000 γίνε-

469 5033 582 5071 ται..
625 5019 814 5088 Ἡμεῖς
857 5020 914 5072 δέ
950 5020 1210 5084 πολλάκις
1240 5026 1352 5085 τοῖς
1380 5023 1566 5088 αὐτοῖς
1604 5025 1848 5090 ἁλόντες,
1882 5031 1995 5090 τοῖς
2043 5030 2140 5081 αὑ-

467 5115 580 5176 τοῖς
610 5115 1033 5186 περιπίπτομεν,
1059 5117 1151 5170 ml
1185 5118 1304 5170 ούδὲ
1335 5118 1444 5172 τῶν
1474 5119 1682 5189 ἀλόγων
1701 5121 1762 5174 τὸ
1787 5125 2140 5194 προνοητικὸν

469 5211 562 5263 ml
612 5213 1090 5283 μεμεριμνημένον
1135 5215 1185 5267 οί
1238 5214 1380 5285 λόγῳ
1424 5217 1744 5287 τιμηθέντες
1805 5219 2136 5291 μιμούμεθα.

469 5306 710 5371 Ποσάκις
759 5305 850 5361 οὖν
914 5309 1110 5372 ἰδόντες
1150 5312 1416 5378 γυναῖκα,
1461 5313 1629 5383 μυρία
1681 5313 1956 5384 ἐπάθομεν
1993 5317 2141 5369 δεινὰ

468 5401 650 5453 οἶκαδε
685 5402 1139 5472 ἀναχωρήσαντες
1162 5444 1176 5467 ,
1215 5405 1307 5458 καὶ
1344 5405 1442 5475 τὴν
1483 5407 1774 5478 ἐπιθυμίαν
1814 5408 2096 5480 δεξάμενοι
2121 5454 2192 5480 ,⁵,

472 5498 566 5548 καὶ
599 5496 692 5550 ἐπὶ
725 5498 944 5561 πολλαῖς
973 5499 1320 5569 ὀδυνηθέντες
1347 5502 1602 5573 ἡμέραις,
1631 5505 1746 5557 ἀλλ’
1768 5505 1917 5576 ὅμως
1948 5509 2007 5559 ού
2035 5525 2138 5562 σω-

473 5593 853 5664 φρονιζόμεθα,
912 5595 1047 5648 ἀλλά
1083 5596 1234 5666 μόλις
1272 5597 1332 5650 τὸ
1387 5599 1650 5670 πρότερον
1699 5601 2138 5672 θεραπεύσαντες

470 5690 646 5755 ἕλκος,
675 5691 834 5745 πάλιν
859 5695 972 5754 τοῖς
995 5694 1178 5758 αὐτοῖς
1203 5695 1623 5766 περιπίπτομεν,
1652 5698 1748 5750 καὶ
1776 5699 1879 5752 ὑπὸ
1909 5700 2018 5754 τῶν
2038 5703 2137 5755 αὐ-

471 5783 576 5835 τῶν
608 5785 960 5855 ἀλισκόμεθα,
986 5790 1078 5841 ml
1098 5790 1184 5842 διὰ
1213 5789 1467 5860 βραχεῖαν
1487 5792 1678 5863 ἡδονὴν
1696 5793 1892 5864 ὂψεως,
1915 5796 2134 5870 διηνεκῆ

472 5895 590 5932 τινα
625 5881 715 5933 ml
747 5882 956 5952 χρόνιον
978 5885 1317 5957 ὑπομένομεν
1346 5887 1560 5960 ὀδύνην.
1597 5889 1734 5944 Ἀλλ’
1755 5891 1848 5946 ἐάν
1873 5893 2134 5965 μάθωμεν

531 5997 550 6021 ⁸
571 5998 670 6050 Alii
695 6003 758 6058 εἰς
782 6003 964 6054 δίκτυα.

2255 511 2493 582 συνεχῶς
2529 509 2731 582 ταύτην
2776 510 3047 579 ἐπιλέγειν
3092 512 3301 573 ἑαυτοῖς
3339 508 3438 580 τὴν
3482 507 3665 581 ῥῆσιν,
3702 511 3919 564 πάντων

2254 605 2671 676 ἀποστησόμεθα
2718 605 2826 658 τῶν
2859 607 3074 658 δεινῶν·
3109 607 3272 674 παγίς
3303 606 3533 675 μεγίστη
3582 605 3776 669 κάλλος
3818 623 3918 674 γυ-

2254 705 2437 767 ναικός
2459 722 2471 735 ·
2509 704 2707 774 μᾶλλον
2737 704 2794 757 δέ
2815 705 2935 772 οὐχὶ
2964 703 3157 765 κάλλος
3191 702 3470 770 γυναικὸς,
3505 701 3618 754 ἀλλ’
3651 704 3684 773 ἡ
3718 703 3919 758 ἀκόλα-

2256 813 2377 860 στος
2403 797 2554 867 δψις·
2592 798 2667 868 μὴ
2697 797 2805 869 γάρ
2850 799 2913 869 δὴ
2942 797 3009 850 τά
3043 799 3343 868 πράγματα
3382 797 3777 868 διαϐάλλωμεν,
3803 799 3919 851 ἀλλ’

2252 892 2401 961 ἡμᾶς
2432 891 2528 944 ml
2559 891 2656 962 τὴν
2680 892 2956 962 ἡμετέραν
2988 893 3262 962 ῥᾳθυμίαν
3282 910 3296 924 ·
3348 893 3481 964 μηδέ
3520 893 3789 963 λέγωμεν,
3826 893 3919 964 Μὴ

2253 988 2499 1043 ἔστωσαν
2521 992 2798 1057 γυναῖκες,
2827 989 2964 1042 ἀλλά
2995 989 3086 1059 Μὴ
3119 989 3361 1042 ἔστωσαν
3385 993 3627 1060 μοιχεῖα·
3667 989 3802 1060 μηδέ
3837 990 3921 1041 λέ-

2254 1098 2467 1152 γωμεν,
2500 1084 2591 1154 Μὴ
2622 1083 2762 1136 ἔστω
2790 1083 3003 1147 κάλλος,
3033 1083 3169 1137 ἀλλά
3202 1085 3292 1153 Μὴ
3318 1083 3456 1136 ἔστω
3493 1084 3744 1155 πορνεία·
3786 1085 3922 1155 μηδὲ

2251 1175 2517 1246 λέγωμεν,
2549 1178 2640 1248 Μὴ
2667 1177 2806 1230 ἔστω
2837 1177 3197 1242 κοιλία,.ἀλλά
3221 1178 3312 1248 Μὴ
3353 1177 3492 1230 ἔστω
3512 1178 3788 1248 ἀδηφαγία
3812 1197 3825 1208 ·
3859 1180 3920 1231 οὑ

2251 1271 2358 1342 γὰρ
2379 1274 2412 1343 ἡ
2437 1274 2613 1328 κοιλία
2629 1275 2724 1346 τὴν
2754 1274 3062 1346 ἀδηφαγίαν
3086 1277 3249 1336 ποιεῖ,
3282 1274 3395 1326 ἀλλ’
3416 1276 3449 1344 ἠ
3479 1275 3720 1344 ἡμετέρα
3755 1274 3922 1346 ρᾳθυ-

2254 1369 2370 1438 μία.
2399 1371 2490 1440 Μὴ
2511 1371 2756 1442 λέγωμεν
2775 1371 2864 1424 διὰ
2877 1371 2938 1424 τὸ
2958 1374 3150 1440 φαγεῖν
3173 1373 3267 1423 καὶ
3288 1374 3431 1423 πιεῖν
3453 1372 3629 1425 πάντα
3645 1373 3713 1426 τά
3734 1375 3885 1427 κακά
3903 1392 3918 1404 ·

2250 1467 2310 1519 οὐ
2363 1467 2473 1538 γάρ
2516 1467 2605 1521 διά
2657 1467 2848 1531 τοῦτο,
2887 1467 3026 1520 ἀλλά
3069 1467 3156 1521 διὰ
3207 1467 3304 1537 τὴν
3353 1468 3622 1539 ῥᾳθυμίαν
3674 1471 3770 1522 καὶ
3816 1471 3921 1540 τὴν

2249 1563 2550 1634 ἀπληστίαν
2582 1564 2680 1636 τὴν
2704 1565 3001 1635 ἡμετέραν.
3040 1565 3155 1618 Οὐκ
3190 1565 3360 1633 ἔφαγε
3388 1565 3518 1632 γοῦν
3555 1565 3674 1618 ούδέ
3706 1565 3858 1618 ἔπιεν
3890 1570 3921 1620 6

2248 1659 2512 1725 διάϐολος,
2538 1663 2630 1715 καὶ
2663 1661 2964 1715 κατέπεσεν
2984 1679 2998 1695 ·
3024 1661 3195 1730 ἔφαγε
3221 1665 3313 1714 ml
3339 1663 3490 1716 ἔπιεν
3510 1666 3538 1716 6
3565 1664 3794 1728 Παῦλος,
3820 1663 3921 1716 καὶ

2249 1759 2329 1821 είς
2367 1759 2455 1810 τὸν
2505 1759 2730 1829 οὐρανὸν
2780 1759 2996 1830 ἀνῆλθε.
3033 1759 3218 1813 Πόσων
3273 1761 3454 1813 ἀκούω
3499 1760 3788 1828 λεγόντων,
3821 1761 3920 1830 Μὴ

2250 1852 2388 1906 ἔστω
2426 1856 2619 1908 πενίαί
2660 1857 3130 1926 Ἐπιστομίζωμεν
3183 1856 3363 1909 τοίνυν
3411 1858 3537 1920 τοὺς
3583 1856 3651 1909 τά
3691 1856 3920 1910 τοιαῦτα

2248 1949 2727 2017 δυσχεραίνοντας·
2758 1951 3077 2023 βλασφημία
3119 1951 3230 2023 γάρ
3257 1952 3319 2004 τὸ
3355 1952 3422 2004 τά
3473 1953 3695 2005 τοιαῦτα
3736 1953 3920 2020 λέγειν

2250 2046 2382 2099 ἐστί,
2440 2045 2702 2116 Λέγωμεν
2756 2049 2934 2101 τοίνυν
2973 2049 3109 2119 πρὸς
3157 2048 3374 2110 αὐτούς·
3408 2046 3496 2118 Μὴ
3540 2048 3680 2101 ἔστω
3725 2065 3921 2118 μικρο-

2247 2137 2447 2209 ψυχία·
2495 2140 2653 2193 πενία
2695 2142 2804 2213 γάρ
2835 2143 3004 2213 μυρία
3039 2145 3120 2203 είς
3143 2143 3234 2196 τὸν
3281 2143 3394 2213 βίον
3419 2143 3576 2214 ἡμῶν
3621 2145 3920 2214 εἰσήγαγεν

2249 2233 2468 2300 ἀγαθά,
2507 2237 2600 2288 ml
2652 2237 2818 2307 χωρὶς
2874 2239 3061 2302 πενίας
3104 2239 3132 2290 6
3185 2238 3413 2302 πλοῦτος
3474 2240 3766 2310 ἄχρηστος.
3823 2240 3920 2309 Μὴ

2248 2328 2426 2382 τοίνυν
2480 2331 2617 2400 μήτε
2655 2330 2841 2383 τοῦτον
2879 2334 3015 2402 μήτε
3065 2333 3280 2402 ἐκείνην
3309 2332 3711 2404 διαϐάλλωμεν·
3756 2333 3922 2385 πενία

2250 2423 2355 2494 γὰρ
2381 2425 2475 2477 καὶ
2524 2423 2749 2488 πλοῦτος
2803 2425 2942 2478 ὅπλα
2978 2427 3096 2478 ἐστὶ
3129 2427 3266 2498 πρὸς
3311 2427 3510 2499 ἀρετὴν
3549 2428 3787 2499 ἑκάτερα
3816 2428 3919 2498 φέ-

2253 2536 2434 2589 ροντα,
2471 2521 2536 2574 ἂν
2559 2520 2846 2592 ἐθέλωμεν.
2869 2525 3079 2595 Ὥσπερ
3097 2522 3189 2579 οῦν
3208 2526 3236 2576 6
3265 2527 3509 2592 γενναῖος
3553 2523 3918 2595 στρατιώτης,

2200 2682 2203 2688 ι
2249 2610 2359 2670 οἷον
2408 2616 2475 2670 ἂν
2505 2617 2667 2669 ὅπλον
2701 2617 2839 2689 λάϐῃ
2861 2657 2874 2680 ,
2907 2619 3007 2688 τὴν
3041 2619 3244 2672 οἰκείαν
3281 2621 3479 2692 ἀρετὴν
3517 2620 3916 2673 ἐπιδείκνυται·

2249 2710 2420 2774 οὕτως
2462 2715 2489 2765 6
2517 2713 2773 2782 ἄνανδρος
2800 2714 2893 2765 ml
2925 2714 3098 2778 δειλὸς
3125 2715 3214 2785 ὑφ’
3242 2717 3517 2786 ἑκατέρων
3544 2715 3916 2787 ἑμποδίζεται.

2251 2807 2359 2859 Καὶ
2409 2807 2494 2862 ἵνα
2533 2808 2730 2880 μάθῃς,
2765 2809 2849 2861 ὅτι
2891 2808 3048 2862 τοῦτό
3086 2811 3234 2865 ἐστιν
3283 2811 3503 2882 ἀληθὲς,
3539 2810 3921 2882 ἀναμνήσθητι

2253 2917 2342 2969 μοι
2367 2901 2460 2953 τοῦ
2495 2901 2636 2966 Ἰὼϐ,
2664 2902 2723 2966 ὃς
2753 2904 2888 2974 ὁμοῦ
2936 2906 3030 2957 καὶ
3069 2905 3320 2970 πλούσιος
3355 2908 3448 2961 ml
3483 2908 3653 2978 πένης
3682 2909 3875 2976 γέγονε
3898 2946 3920 2975 ,

2250 2998 2344 3050 ml
2372 2999 2608 3070 ἑκάτερα
2644 2999 2713 3052 τὰ
2756 2999 2897 3052 ὅπλα
2943 3002 3380 3072 μετεχειρίσατο,
3413 3004 3507 3056 καὶ
3548 3004 3607 3055 ἐν
3640 3002 3919 3073 ἑκατέροις

2249 3092 2540 3163 ἐκράτησε.
2597 3095 2708 3147 Kal
2740 3094 2830 3147 ὅτε
2883 3094 2982 3165 μὲν
3023 3095 3278 3159 πλούσιος
3304 3092 3391 3168 ἦν,
3421 3097 3630 3166 ἔλεγεν·
3676 3098 3738 3152 Ἠ
3769 3098 3921 3164 θύρα

2243 3205 2361 3257 μου
2395 3189 2572 3242 παντί
2612 3189 2848 3244 ἐλθόντι
2878 3191 3141 3258 ἠνέῳκτο
3165 3208 3178 3221 ·
3223 3193 3312 3246 ὅτε
3347 3192 3403 3244 δὲ
3448 3193 3617 3262 πένης
3661 3193 3918 3260 γέγονεν,

2250 3281 2455 3352 ἔλεγεν·
2494 3285 2554 3336 '0
2582 3285 2790 3352 Κύριος
2815 3285 3056 3349 ἔδωκεν,
3093 3289 3125 3340 ό
3145 3288 3358 3354 Κύριος
3382 3288 3661 3356 ἀφείλετο
3687 3305 3700 3318 ·
3732 3289 3812 3352 ὡς
3841 3286 3922 3352 τῷ

2249 3379 2443 3446 Κυρίῳ
2469 3377 2702 3444 ἔδοξεν,
2738 3379 2891 3432 οὕτω
2923 3380 3023 3432 καὶ
3066 3380 3324 3450 ἐγένετο.
3360 3381 3488 3434 Ὅτε
3543 3380 3797 3444 πλούσιος
3827 3377 3919 3450 ἦν,

2250 3474 2448 3546 πολλὴν
2503 3474 2599 3546 τὴν
2652 3475 2980 3545 φιλοξενίαν,
3017 3477 3106 3528 ὅτε
3135 3477 3300 3546 πένης
3333 3476 3543 3545 γέγονε,
3575 3476 3779 3546 πολλὴν
3820 3479 3922 3547 τὴν

2251 3571 2528 3642 ὑπομονὴν
2559 3571 2890 3636 ἐπεδείξατο.
2934 3572 3046 3626 Καὶ
3079 3573 3141 3624 σὺ
3165 3572 3342 3625 τοίνυν
3385 3571 3644 3635 πλούσιος
3673 3568 3754 3638 el;
3790 3572 3924 3624 πολ-

2250 3667 2345 3737 λὴν
2369 3667 2710 3720 ἐπιδείκνυσο
2739 3668 2836 3739 τὴν
2865 3668 3254 3740 ἐλεημοσύνην.
3288 3670 3463 3741 Πένης
3495 3670 3760 3738 γέγονας;
3793 3667 3925 3722 πολ-

2249 3762 2346 3833 λὴν
2374 3763 2470 3834 τὴν
2502 3764 2797 3834 καρτερίαν
2838 3765 2933 3818 ml
2971 3766 3071 3837 τὴν
3110 3767 3407 3838 ὑπομονήν.
3435 3767 3575 3821 Οὔτε
3607 3768 3718 3838 γὰρ
3752 3767 3924 3821 πλοῦ-

2249 3873 2339 3918 τος
2382 3856 2570 3918 κακὸν,
2601 3854 2722 3908 οὔτε
2754 3857 2914 3910 πενία
2947 3858 3132 3921 ἁπλῶς
3150 3875 3165 3890 ·
3193 3859 3329 3914 ἀλλά
3359 3861 3510 3932 παρὰ
3539 3860 3636 3933 τὴν
3664 3861 3924 3931 προαίρεα

2253 3968 2336 4004 σιν
2361 3951 2468 4002 τῶν
2501 3952 2794 4022 χρωμένων
2823 3951 3060 4021 ἑκάτερα
3089 3951 3262 4007 ταῦτα
3285 3954 3516 4022 γίνεται.

2319 4046 2380 4101 δ’.
2409 4047 2792 4118 Παιδεύσωμεν
2813 4047 2992 4100 τοίνυν
3016 4049 3240 4112 ἑαυτοὺς
3272 4050 3346 4119 μὴ
3378 4049 3633 4113 τοιαύτας
3654 4051 3786 4119 περὶ
3815 4049 3925 4103 τῶν

2251 4142 2591 4213 πραγμάτων
2619 4142 2764 4213 ἔχειν
2793 4144 2892 4207 τάς
2920 4144 3151 4214 κρίσεις,
3191 4145 3326 4216 μηδὲ
3349 4146 3418 4198 τὰ
3461 4147 3599 4217 ἔργα
3629 4145 3728 4198 τοῦ
3762 4144 3923 4207 Θεοῦ,

2251 4233 2389 4286 ἀλλά
2429 4234 2526 4305 τὴν
2559 4235 2877 4305 προαίρεσιν
2914 4236 3013 4306 τὴν
3045 4238 3289 4308 πονηρὰν
3316 4237 3426 4292 τῶν
3472 4237 3780 4310 ἀνθρώπιον
3809 4228 3928 4290 δια-

2250 4323 2484 4379 ϐάλλειν.
2544 4326 2646 4379 Τὸν
2712 4325 3045 4397 μικρόψυχον
3100 4327 3220 4381 οὐδὲ
3266 4331 3296 4382 6
3353 4329 3581 4393 πλοῦτος
3636 4328 3925 4399 ὠφελῆσαι

2249 4415 2506 4470 δύναται·
2542 4418 2632 4470 τὸν
2671 4417 3046 4488 μεγαλόψυχον
3094 4420 3215 4472 οὐδὲ
3263 4421 3297 4491 ἠ
3341 4422 3502 4476 πενία
3543 4423 3926 4478 καταϐλάπτει

2251 4509 2402 4563 ποτέ.

2333 4615 2674 4686 Ἐπιγνῶμεν
2697 4618 2876 4671 τοίνυν
2901 4619 3000 4682 τὰς
3024 4621 3279 4689 παγίδας,
3303 4622 3396 4674 καὶ
3423 4620 3709 4692 πόρρωθεν
3743 4623 3925 4677 αὐτῶν

2253 4709 2553 4780 βαδίζωμεν
2573 4726 2587 4738 '
2626 4711 2940 4781 ἐπιγνῶμεν
2968 4714 3094 4776 τοὺς
3125 4717 3424 4785 κρημνοὺς,
3450 4717 3544 4768 ml
3582 4715 3722 4787 μηδὲ
3754 4717 3925 4784 ἐγγὺς

2249 4800 2549 4871 γινώμεθα.
2593 4801 2763 4854 Τοῦτο
2799 4804 3099 4872 ἀσφαλείας
3132 4808 3262 4876 ἡμῖν
3293 4806 3446 4860 ἔσται
3475 4807 3625 4879 [157]
3655 4810 3926 4879 μεγίστης

2249 4892 2524 4960 ὑπόθεσις,
2546 4893 2605 4946 τὸ
2631 4895 2705 4965 μὴ
2727 4895 2795 4948 τὰ
2817 4897 3190 4968 ἁμαρτήματα
3216 4897 3436 4967 φεύγειν
3459 4901 3640 4969 μόνον,
3667 4902 3809 4956 ἀλλά
3833 4907 3928 4957 καὶ

2160 5019 2167 5028 ι
2248 4983 2317 5038 τὰ
2341 4983 2609 5055 ἀδιάφορα
2639 4987 2739 5055 μὲν
2779 4982 2917 5040 εἶναι
2957 4988 3235 5055 δοκοῦντα,
3267 4990 3402 5060 πρὸς
3432 4990 3488 5042 δέ
3518 4992 3618 5056 τάς
3647 4994 3928 5065 ἁμαρτίας

2247 5077 2392 5145 ἡμᾶς
2415 5077 2858 5140 ὑποσκελίζοντα.
2889 5076 3014 5133 Οίόν
3035 5099 3088 5134 τι
3121 5082 3282 5151 λέγω·
3319 5083 3392 5135 Τὸ
3419 5084 3584 5154 γελᾷν
3611 5087 3708 5138 καὶ
3737 5087 3929 5140 ἀστεῖα

2249 5167 2424 5238 λέγειν
2454 5171 2513 5222 οὺ
2537 5170 2685 5224 δοκεῖ
2714 5171 2814 5242 μὲν
2843 5172 3260 5244 ὡμολογημένον
3281 5176 3583 5247 ἁμάρτημα
3611 5173 3778 5240 εἶναι,
3803 5179 3928 5244 ἄγει

2247 5259 2305 5313 δέ
2355 5261 2437 5323 είς
2483 5261 2903 5331 ὡμολογημένον
2953 5264 3288 5334 ἁμάρτημα·
3334 5265 3593 5330 πολλάκις
3643 5268 3780 5335 γοῦν
3820 5271 3931 5321 ἀπὸ

2247 5351 2482 5418 γέλωτος
2506 5353 2708 5423 αίσχρά
2731 5354 2950 5424 ῥήματα
2974 5356 3240 5422 τίκτεται,
3269 5357 3377 5411 ἀπὸ
3402 5360 3660 5429 ῥημάτων
3681 5363 3931 5430 αἰσχρῶν

2249 5443 2475 5516 πράξεις
2519 5445 2902 5515 αἰσχρότεραι·
2934 5446 3192 5500 πολλάκις
3235 5447 3341 5500 ἀπὸ
3394 5451 3651 5519 ῥημάτων
3697 5452 3791 5503 καὶ
3836 5454 3933 5519 γέ-

2247 5535 2417 5597 λωτος
2464 5535 2702 5607 λοιδορία
2748 5539 2844 5590 ml
2883 5537 3058 5609 ὕϐρις,
3105 5540 3215 5591 ἀπὸ
3264 5539 3529 5611 λοιδορίας
3573 5542 3666 5594 καὶ
3711 5543 3931 5613 ὕϐρεως

2249 5627 2454 5696 πληγαὶ
2507 5629 2602 5682 καὶ
2645 5629 2957 5700 τραύματα,
3011 5632 3120 5684 ἀπὸ
3169 5634 3499 5703 τραυμάτων
3542 5635 3634 5686 ml
3697 5638 3930 5705 πληγῶν

2250 5722 2456 5787 σφαγαὶ
2488 5723 2581 5774 ml
2617 5721 2784 5789 φόνοι.
2822 5723 2918 5773 ’Ἂν
2950 5725 3130 5776 τοίνυν
3170 5725 3369 5796 μέλλῃς
3410 5728 3536 5796 περὶ
3569 5729 3800 5780 σεαυτοῦ
3830 5747 3934 5782 κα-

2246 5816 2356 5879 λῶς
2393 5819 2759 5888 βουλεύεσθαι,
2797 5820 2918 5888 οὐχι
2955 5819 3022 5872 τά
3063 5822 3263 5891 αἰσχρά
3313 5823 3533 5893 ῥήματα
3579 5823 3761 5892 μόνον,
3803 5825 3928 5878 οὐδὲ

2245 5911 2313 5963 τά
2338 5912 2538 5982 αἰσχρά
2565 5913 2886 5983 πράγματα,
2911 5912 3030 5964 οὐδὲ
3055 5912 3156 5975 τὰς
3183 5915 3397 5984 πληγὰς
3417 5917 3510 5968 ml
3537 5917 3607 5968 τά
3628 5917 3928 5988 τραύματα

2249 6008 2339 6060 ml
2378 6009 2503 6069 τοὺς
2547 6006 2758 6074 φόνους,
2807 6004 2942 6058 ἀλλά
2987 6006 3080 6059 καὶ
3117 6006 3276 6062 αὑτὸν
3307 6008 3397 6060 τὸν
3441 5998 3666 6080 ἄκαιρον
3707 6010 3928 6079 γέλωτα
