4112 6388
222 370 322 423 157

231 483 349 546 sed,
384 479 449 535 In
481 479 643 533 medio
671 477 978 548 laqueorum.
1012 471 1288 541 Utrimque
1324 469 1478 524 nobis
1506 465 1785 538 voragines
1810 508 1823 531 ,

232 559 502 642 u’trimque
553 569 681 623 doli.
735 565 1003 621 Processit
1045 562 1309 633 quispiam
1356 562 1409 614 in
1458 560 1666 623 forum,
1699 557 1830 612 vidit

235 665 532 725 inimicum,
573 660 775 715 exarsit
815 672 881 712 ex
928 663 1146 725 aspectu
1190 653 1305 706 solo
1358 668 1371 704 :
1425 650 1557 705 vidit
1599 648 1827 703 amicum

235 755 447 809 laudem
484 758 897 819 consequentem
918 786 932 812 ,
964 744 1181 798 invidit:
1205 742 1337 797 vidit
1366 755 1680 813 pauperem,
1704 753 1830 793 con-

237 853 538 915 tempsut,et
551 842 793 910 deSpexit
809 858 822 891 :
836 838 1072 902 divitem,
1088 847 1140 891 et
1153 836 1339 890 invidit
1355 854 1367 889 :
1383 834 1683 904 quempiam
1702 832 1832 886 vidit

238 937 485 991 arrectum
506 933 777 1004 iujuria,et
793 944 933 1001 aegre
951 929 1070 983 tulit
1089 946 1100 981 :
1119 926 1423 996 quempiam
1435 924 1566 979 vidit
1580 922 1830 977 infestan-

239 1041 369 1095 tem,
392 1038 447 1082 et
473 1026 773 1096 indignatus
801 1033 885 1078 est
913 1041 926 1075 :
956 1022 1086 1077 vidit
1112 1021 1407 1091 speciosam
1427 1018 1728 1082 mulierem,
1747 1032 1835 1070 ca-

240 1129 362 1190 ptus
379 1128 481 1174 est.
506 1117 690 1171 Viden‘
706 1126 833 1187 quot
852 1114 1025 1184 laquei
1045 1113 1069 1167 ’ἲ
1095 1113 1219 1167 Ideo
1239 1110 1617 1182 dicit,Agnosce
1631 1110 1766 1181 quod
1782 1110 1833 1162 in

242 1211 406 1264 medio
434 1210 723 1278 laqueorum
755 1205 961 1258 transis.
990 1204 1053 1258 Et
1092 1203 1237 1257 domi
1263 1203 1460 1272 laquei,
1493 1213 1546 1255 ct
1572 1202 1635 1265 in,
1651 1215 1836 1254 mensa

240 1302 440 1371 laquei,
487 1311 541 1354 et
588 1300 641 1353 in
685 1296 1031 1353 concionibus
1074 1294 1268 1365 laquei.
1296 1293 1503 1363 Saepius
1532 1291 1836 1346 inconside-

242 1403 359 1448 rate
383 1393 501 1461 quis
529 1391 666 1444 inter
694 1390 893 1443 amicos
924 1386 1219 1451 conﬁdens,
1243 1385 1493 1456 loquutus
1513 1394 1597 1439 est
1623 1382 1838 1453 aliquod

242 1485 527 1540 verborum
572 1499 690 1553 qua:
721 1480 943 1551 proferri
973 1494 1078 1534 non
1100 1478 1327 1544 debent,
1362 1486 1418 1532 et
1474 1476 1578 1531 tale
1624 1476 1842 1546 pertulit

244 1576 540 1647 periculum
562 1615 576 1638 ,
607 1583 665 1627 ut
707 1582 868 1627 totam
895 1570 1113 1625 domum
1139 1570 1492 1624 subverteret.

320 1669 375 1721 5.
406 1666 653 1735 Undique
684 1666 841 1735 igitur
866 1678 952 1718 res
972 1678 1092 1717 cum
1122 1661 1394 1732 diligentia
1422 1667 1839 1730 perscrutemur.

250 1761 319 1814 Et
348 1774 484 1812 uxor
511 1773 652 1827 sa2pe
688 1773 792 1810 non
834 1754 1231 1809 advertentibus
1271 1753 1491 1823 laqueus
1534 1761 1618 1806 est
1659 1749 1794 1805 facta
1827 1793 1841 1816 ,

248 1866 396 1921 saepe
424 1849 540 1913 filii,
573 1863 717 1916 swpe
745 1847 925 1913 amici,
958 1845 1117 1899 vicini
1162 1858 1326 1914 saape.
1357 1844 1421 1897 Et
1447 1858 1549 1912 qua
1590 1841 1657 1896 de
1682 1856 1739 1896 re
1770 1850 1848 1894 tot

250 1944 472 2013 laquei?
516 1942 592 1996 Ne
619 1942 867 1995 deorsum
899 1939 1160 2001 volemus,
1207 1936 1303 1991 sed
1331 1935 1607 2006 superiora
1636 1948 1847 2003 quaera-

254 2051 397 2090 mus.
430 2034 639 2089 Etenim
672 2033 901 2087 volatilia
928 2032 1100 2086 donec
1125 2031 1288 2084 altum
1314 2043 1493 2083 aerem
1515 2037 1718 2090 secant,
1744 2042 1848 2079 nou

255 2127 413 2181 facile
443 2127 727 2194 capiuntur
759 2141 772 2177 :
802 2125 872 2177 ita
902 2132 957 2177 tu
983 2122 1156 2177 donec
1181 2121 1248 2176 ad
1290 2120 1565 2191 superiora
1594 2133 1846 2188 respexe-

258 2220 354 2280 ris,
389 2233 489 2271 nec
519 2217 708 2286 laqueo
741 2230 838 2269 nec
865 2215 984 2268 ullis
1028 2213 1179 2267 facile
1222 2211 1448 2281 capieris
1475 2209 1700 2265 insidiis.
1744 2210 1851 2263 Au-

261 2324 387 2379 ceps
416 2319 497 2362 est
518 2307 761 2361 diabolus
792 2324 804 2358 :
838 2306 912 2359 sis
939 2306 1096 2375 igitur
1123 2303 1288 2373 ipsius
1312 2302 1529 2356 calamis
1549 2301 1848 2355 sublimior.

262 2402 364 2467 Qui
407 2400 648 2454 ascendit
700 2399 751 2452 in
800 2398 987 2461 altum,
1037 2411 1143 2450 non
1190 2394 1421 2463 amplius
1467 2394 1626 2446 ullam
1675 2407 1853 2446 rerum

262 2494 610 2547 admirabitur
662 2492 1053 2553 humanarum,
1108 2488 1204 2543 sed
1260 2489 1397 2541 sicut
1466 2496 1743 2555 postquam
1802 2484 1854 2537 in

262 2586 523 2640 montium
552 2586 808 2639 verticem
835 2581 1253 2644 ascenderimus,
1286 2594 1442 2649 parva
1468 2579 1620 2633 nobis
1647 2586 1701 2632 et
1732 2576 1858 2630 urbs

264 2688 320 2733 et
350 2678 544 2733 muenia
584 2686 866 2746 apparent,
909 2683 964 2729 et
1010 2673 1349 2728 formicarum
1381 2686 1529 2727 more
1560 2670 1712 2724 nobis
1758 2669 1859 2722 viri

264 2788 432 2840 super
468 2780 665 2825 terram
713 2772 791 2825 ire
818 2770 1065 2824 videntur
1095 2786 1108 2822 :
1141 2769 1217 2821 sic
1244 2776 1520 2836 postquam
1552 2765 1616 2819 ad
1636 2816 1641 2821 .
1663 2766 1858 2818 celsam

267 2863 626 2935 philosophiae
668 2863 1041 2931 cogitationem
1088 2859 1415 2924 ascenderis,
1458 2858 1589 2911 nihil
1616 2866 1861 2911 terreno-

266 2972 387 3009 rum
421 2965 472 3010 te
520 2955 810 3024 percellcre
840 2953 1054 3023 poterit,
1087 2951 1182 3007 sed
1213 2965 1373 3021 parva
1400 2950 1718 3004 videbuntur
1746 2962 1863 3001 om-

269 3050 382 3113 nia,
410 3056 465 3102 et
509 3048 729 3113 divitim,
761 3057 811 3100 et
838 3046 1027 3116 gloria,
1055 3054 1105 3099 et
1138 3044 1393 3115 potentia,
1421 3052 1477 3096 et
1515 3040 1710 3106 honor,
1741 3046 1796 3093 et
1821 3038 1865 3092 si

270 3140 398 3211 quid
428 3140 571 3193 aliud
620 3138 942 3207 huiusmodi,
977 3154 1097 3192 cum
1139 3136 1369 3191 caelestia
1399 3134 1656 3204 reSpicias
1685 3149 1698 3185 :
1732 3132 1869 3185 sicut

272 3233 479 3288 scilicet
503 3242 557 3286 et
584 3232 748 3287 Paulo
794 3246 954 3302 parva
984 3230 1161 3284 omnia
1196 3229 1531 3294 videbantur,
1567 3236 1620 3281 et
1648 3226 1870 3280 mortuis

271 3324 549 3379 inutiliora
586 3339 669 3387 ea,
711 3338 830 3392 qua:
858 3323 912 3376 in
952 3321 1205 3392 przesenti
1249 3322 1352 3373 vita
1404 3328 1528 3373 sunt
1558 3316 1857 3387 splendida.

275 3417 569 3485 Propterea
597 3415 882 3480 clamabat,
910 3414 1096 3468 dicens
1125 3431 1138 3465 :
1172 3412 1305 3465 Mihi
1343 3412 1562 3465 mundus
1599 3411 1872 3478 cruciﬁxus

276 3515 350 3559 est
376 3504 521 3575 (Gal.
551 3506 603 3559 6.
656 3506 745 3576 M)
782 3523 795 3559 :
831 3506 951 3559 ideo
981 3515 1034 3558 et
1064 3520 1163 3559 nos
1189 3503 1511 3557 admonebat
1538 3502 1621 3555 his
1647 3501 1823 3555 verbis
1858 3519 1871 3554 :

281 3596 411 3663 Qua:
452 3612 652 3649 sursum
699 3604 813 3648 sunt
859 3594 1022 3665 sapite
1065 3593 1280 3665 (Coloss.
1312 3594 1367 3647 '5.
1398 3591 1477 3663 2).
1512 3591 1637 3657 Quae
1676 3607 1875 3643 sursum

277 3701 397 3744 sunt
420 3690 447 3743 ?
472 3690 646 3758 qualia
674 3688 830 3752 dicis,
863 3689 949 3742 die
975 3687 1151 3742 mihi?
1180 3688 1268 3743 ubi
1292 3688 1394 3751 sol,
1428 3687 1514 3740 ubi
1540 3687 1707 3740 luna?
1736 3686 1873 3749 Non,

280 3783 472 3852 inquit.
504 3781 609 3837 Sed
638 3782 772 3835 ubi?
799 3781 886 3835 ubi
913 3781 1109 3850 angeli,
1141 3781 1230 3835 ubi
1257 3780 1582 3849 archangeli,
1616 3780 1703 3832 ubi
1740 3779 1878 3833 Che-

280 3874 458 3927 rubim
504 3882 560 3928 et
603 3872 925 3942 Seraphim?
973 3872 1112 3936 Non,
1168 3873 1340 3941 inquit
1429 3871 1533 3926 Sed
1584 3870 1716 3924 ubi?
1768 3869 1869 3924 Ubi

283 3966 517 4021 Christus
538 3977 608 4019 est
628 3968 679 4019 in
700 3967 905 4020 dextera
926 3965 1020 4019 Dei
1035 3966 1212 4020 sedens
1236 3964 1394 4037 (Ibid.
1415 3981 1465 4017 v.
1492 3965 1566 4035 1).
1592 3964 1881 4018 Pareamus

286 4046 464 4128 igitur.
496 4067 552 4111 et
596 4057 722 4111 illud
749 4057 964 4112 assidue
994 4057 1394 4118 ratiocinemur,
1439 4055 1581 4124 quod
1612 4055 1748 4108 sicut
1772 4054 1883 4107 avi-

285 4150 421 4203 cnlaa
452 4148 643 4218 laqueo
686 4156 855 4218 capta:
904 4149 1106 4202 alarum
1152 4148 1349 4202 utilitas
1378 4148 1541 4211 nulla,
1569 4147 1662 4201 sed
1689 4146 1879 4201 frustra

287 4248 344 4295 et
370 4241 633 4293 incassum
674 4240 789 4294 alas
818 4239 1053 4294 concutit
1083 4257 1095 4291 :
1127 4239 1197 4292 ita
1230 4239 1321 4292 tibi
1349 4238 1493 4292 nulla
1521 4237 1882 4292 ratiocinatio-

291 4349 418 4388 num
447 4334 666 4396 utilitas,
697 4334 739 4387 si
769 4333 834 4387 ab
876 4333 1115 4402 improba
1141 4332 1353 4401 penitus
1382 4330 1669 4401 cupiditaae
1698 4330 1884 4400 captus

292 4428 388 4493 sis,
434 4426 529 4481 sed
559 4435 1045 4496 quantumcumque
1092 4425 1365 4488 resilieris,
1418 4435 1604 4495 captus
1650 4440 1729 4478 es.
1763 4423 1886 4478 Ideo

293 4518 392 4571 alie
422 4526 549 4571 sunt
589 4518 831 4582 aviculis,
864 4525 925 4571 ut
951 4516 1203 4587 effugiant
1234 4518 1451 4585 laqueos
1485 4534 1496 4569 :
1527 4517 1646 4570 ideo
1672 4517 1885 4570 ratioci-

294 4610 539 4663 nationes
570 4608 896 4672 bominibus,
929 4618 986 4661 ut
1016 4617 1231 4677 peccata
1278 4608 1496 4677 fugiant.
1529 4607 1698 4675 Quam
1731 4607 1890 4676 igitur

296 4700 505 4754 veniam
558 4700 892 4765 habebimus,
942 4716 1099 4770 quam
1152 4715 1281 4753 vero
1330 4700 1717 4765 defensionem,
1768 4715 1889 4754 cum

297 4791 468 4845 brutis
493 4792 660 4845 simus
687 4792 1087 4846 dementiores?

372 4881 701 4949 Experientia
740 4884 951 4935 cautela:
994 4883 1253 4952 magistra.
1282 4912 1353 4921 -—
1394 4883 1613 4937 Avicula
1664 4897 1892 4951 namque

298 4975 465 5028 semel
513 4982 666 5043 capta
713 4976 924 5044 laqueo,
965 4991 1085 5029 uiox
1127 4977 1327 5045 elapsa,
1356 4982 1410 5030 et
1446 4988 1636 5030 cervus
1679 4974 1731 5027 in
1780 4982 1893 5028 rete

299 5066 555 5121 decidens
578 5076 633 5121 et
659 5066 936 5138 effugiens,
970 5069 1156 5122 iisdem
1202 5070 1394 5123 iterum
1429 5067 1643 5123 difficile
1673 5067 1881 5135 capiun-

303 5168 388 5212 tur
419 5176 432 5212 :
467 5174 591 5213 nam
641 5160 831 5229 cuique
878 5162 934 5213 fit
978 5160 1306 5227 experientia
1355 5160 1577 5213 cautelae
1620 5160 1889 5227 magistra.

302 5248 412 5304 Nos
453 5250 650 5319 smpius
694 5251 878 5305 iisdem
910 5252 1071 5320 capti,
1103 5252 1151 5304 in
1195 5251 1381 5305 eadem
1424 5250 1696 5304 cadimus:
1728 5263 1895 5317 neque

306 5344 585 5397 brutorum
616 5344 1001 5412 providentiam
1029 5353 1085 5397 et
1109 5342 1519 5415 sollicitudinem
1552 5355 1650 5395 nos
1691 5340 1897 5394 ratione

306 5432 545 5486 decorati
575 5433 863 5486 imitamur.
904 5433 1123 5500 Quoties
1153 5433 1353 5502 quippe
1379 5431 1655 5484 mulierem
1683 5433 1895 5498 conspi-

307 5524 444 5585 rati,
488 5523 765 5577 innumera
798 5527 934 5593 passi
966 5539 1151 5579 sumus
1177 5526 1377 5593 gravia,
1404 5523 1618 5576 domum
1645 5530 1899 5590 concepta

309 5615 513 5669 reversi
539 5615 851 5684 cupiditate,
888 5626 940 5670 et
981 5617 1162 5670 multis
1191 5617 1375 5671 diebus
1417 5616 1600 5671 dolore
1639 5613 1900 5669 confecti?

313 5704 697 5760 Verumtamen
744 5722 848 5760 non
892 5708 1227 5777 corrigimur,
1265 5707 1359 5761 sed
1386 5706 1471 5760 vix
1513 5707 1691 5776 priore
1719 5716 1903 5761 curato

308 5798 556 5865 vulnere,
590 5814 773 5855 rursus
801 5799 850 5853 in
882 5798 1065 5855 eadem
1106 5799 1353 5866 labimur,
1384 5810 1437 5853 et
1478 5800 1545 5855 ab
1584 5798 1769 5854 iisdem
1806 5814 1899 5854 ex-

1172 358 1263 413 AD
1303 349 1625 411 POPULUM
1665 348 2153 409 ANTIOCHENUM
2218 350 2443 407 llOMlL.
2494 351 2606 406 XV.

3415 341 3520 401 153

1935 481 2249 537 pugnamur,
2276 477 2330 523 et
2368 477 2584 539 prepter
2615 466 2829 523 brevem
2860 469 3003 524 visus
3035 469 3357 539 voluptatem
3399 471 3518 524 diu-

1934 570 2145 615 turnum
2184 561 2467 629 quemdam
2495 571 2547 615 et
2572 562 2880 615 continuum
2909 561 3145 616 dolorem
3169 565 3513 617 sustinemus.

1934 652 2041 707 Sed
2064 653 2108 707 si
2140 652 2444 722 frequenter
2479 653 2631 707 nobis
2653 653 2755 708 hoc
2784 663 3027 724 repetere
3056 647 3253 708 dictum
3276 654 3521 710 didiceri—

1936 759 2076 809 mus,
2096 743 2345 799 omnibus
2372 744 2523 798 malis
2554 744 2957 799 abstinebimus.
2986 744 3231 815 Laqueus
3262 749 3524 801 maximus

1936 836 2173 891 mulieris
2212 836 2378 889 forma
2410 854 2421 886 :
2471 838 2577 889 imo
2619 851 2747 890 vero
2777 852 2884 890 non
2926 837 3167 891 mulieris
3212 836 3401 903 forma,
3428 838 3525 893 sed

1938 928 2164 983 lascivus
2211 939 2473 997 aspectus.
2504 928 2618 982 Non
2662 929 2803 983 enim
2863 944 2949 983 res
2992 929 3397 992 calumnienmr,
3427 930 3520 982 sed

1940 1035 2037 1073 nos
2075 1028 2129 1075 et
2155 1032 2393 1074 nostrum
2428 1031 2730 1089 torporem;
2777 1036 2950 1090 neque
2973 1020 3211 1075 dicamus
3244 1038 3255 1072 :
3306 1021 3381 1075 Ne
3424 1023 3527 1075 sint

1940 1112 2217 1177 mulieres,
2251 1112 2365 1176 scd,
2398 1110 2474 1166 Ne
2497 1110 2602 1164 sint
2627 1111 2886 1165 adulteria
2912 1130 2923 1164 :
2971 1126 3142 1181 neque
3171 1112 3428 1178 dicamus,
3452 1112 3528 1166 Ne

1936 1205 2004 1259 sit
2035 1203 2390 1274 pulchritudo,
2420 1203 2534 1269 sed,
2571 1204 2645 1258 Ne
2684 1205 2753 1258 sit
2802 1203 3081 1259 fornicatio
3124 1224 3135 1256 :
3184 1221 3355 1274 neque
3382 1205 3529 1258 dica-

1943 1310 2080 1356 mus,
2114 1295 2190 1349 Ne
2219 1297 2287 1348 sit
2317 1304 2521 1358 venter,
2567 1295 2684 1360 sed,
2714 1295 2830 1350 Non
2871 1298 2939 1350 sit
2965 1297 3178 1366 crapula
3206 1316 3218 1350 :
3255 1314 3357 1350 non
3387 1297 3530 1350 enim

1942 1396 2128 1439 venter
2170 1387 2443 1456 crapulam
2493 1385 2637 1453 facit,
2675 1386 2771 1442 sed
2818 1388 3135 1458 negligentia
3181 1398 3384 1443 nostra.
3416 1389 3531 1442 Non

1943 1477 2217 1544 dicamus,
2267 1478 2402 1546 Quia
2453 1476 2750 1534 comeditur
2807 1488 2861 1534 et
2917 1481 3133 1548 bibitur,
3180 1481 3356 1534 omnia
3411 1481 3534 1534 hinc

1946 1570 2084 1625 mala
2115 1587 2126 1622 :
2163 1586 2268 1625 non
2298 1572 2441 1625 enim
2484 1581 2702 1641 propter
2732 1572 2853 1635 hoc,
2882 1572 2975 1627 sed
3005 1583 3222 1643 propter
3267 1582 3535 1643 torporem

1945 1668 2003 1715 et
2030 1661 2313 1731 ingluviem
2362 1673 2619 1717 nostram.
2650 1663 2762 1717 Non
2794 1665 3025 1720 comedit
3058 1666 3252 1735 quippe
3281 1681 3378 1720 nec
3408 1666 3538 1720 bibit

1949 1751 2209 1820 diabolus,
2240 1762 2293 1807 et
2333 1754 2561 1809 cecidit:
2598 1756 2830 1809 comedit
2857 1766 2910 1810 et
2956 1756 3089 1810 bibit
3138 1757 3350 1824 Paulus,
3392 1767 3446 1811 et
3488 1760 3536 1813 in

1949 1845 2137 1899 cmlum
2180 1847 2440 1901 ascendit.
2476 1848 2617 1915 Quot
2652 1848 2890 1903 dicentes
2928 1850 3103 1916 audio,
3145 1850 3260 1905 Non
3292 1852 3361 1905 sit
3407 1867 3540 1921 pau-

1953 1939 2167 2006 pertas?
2214 1937 2596 1994 Obmutesccre
2638 1940 2892 1995 faciamus
2937 1942 3092 2011 igitur
3136 1958 3248 2008 cos,
3289 1945 3375 2013 qui
3420 1945 3541 1998 talia

1952 2044 2092 2100 aegre
2138 2030 2355 2084 ferunt:
2386 2032 2713 2102 blasphemia
2752 2034 2891 2086 enim
2937 2043 3019 2089 est
3052 2035 3174 2088 talia
3205 2035 3402 2091 dicere.
3450 2039 3540 2091 Di-

1955 2138 2136 2178 camus
2163 2124 2323 2194 igitur
2355 2125 2505 2195 ipsis,
2541 2126 2655 2180 Non
2684 2128 2753 2181 sit
2784 2129 3190 2197 pusillanimitas
3219 2150 3230 2185 :
3266 2142 3545 2201 paupertas

1955 2216 2098 2269 enim
2126 2217 2403 2271 innumera
2430 2218 2549 2271 vitae
2574 2219 2713 2272 bona
2738 2221 2913 2273 intulit
2940 2232 3159 2286 nostr-.e,
3190 2232 3244 2277 et
3278 2225 3393 2278 sine
3417 2241 3544 2293 pau-
3634 2212 3637 2215 ’

1959 2316 2164 2375 pertate
2202 2308 2413 2362 inutiles
2444 2319 2565 2361 sunt
2595 2308 2811 2363 divitiae.
2853 2310 2928 2365 Ne
2959 2312 3345 2367 calumniemur
3374 2315 3549 2384 itaque

1956 2413 2056 2451 nec
2084 2398 2201 2463 has,
2234 2414 2332 2453 nec
2376 2400 2517 2452 illam
2551 2416 2563 2451 :
2598 2410 2881 2468 paupertas
2911 2402 3051 2454 enim
3098 2414 3151 2456 et
3179 2402 3376 2458 divitiae
3428 2419 3551 2459 sunt

1960 2504 2126 2554 arma,
2154 2489 2220 2543 ad
2247 2491 2494 2543 virtutem
2523 2501 2747 2560 utraque
2779 2490 3025 2557 ferentia,
3052 2493 3094 2546 si
3125 2495 3368 2549 velimus.
3403 2496 3552 2551 Sicut

1963 2581 2120 2650 igitur
2168 2596 2458 2650 generosus
2506 2582 2679 2645 miles,
2712 2583 3081 2653 quodcumque
3111 2585 3310 2640 ferrum
3356 2589 3549 2655 capiat,

1965 2672 2232 2740 propriam
2262 2672 2510 2726 virtutem
2548 2674 2781 2727 ostendit
2820 2693 2831 2728 :
2879 2677 2953 2729 sic
2985 2677 3212 2731 imbellis
3239 2688 3291 2731 ct
3338 2679 3554 2748 ignavus

1964 2764 2032 2817 ab
2057 2764 2304 2816 omnibus
2348 2763 2653 2834 impeditur.
2684 2764 2751 2819 Et
2780 2774 2835 2819 ut
2859 2766 3032 2821 discas
3061 2767 3162 2821 hoc
3201 2784 3384 2822 verum
3414 2785 3554 2836 esse,

1967 2859 2108 2913 illius
2139 2858 2266 2910 mihi
2297 2856 2397 2912 Job
2429 2858 2731 2921 recordare,
2760 2859 2850 2927 qui
2897 2859 3053 2913 simul
3085 2872 3140 2914 et
3168 2860 3318 2915 dives
3346 2872 3397 2915 ct
3425 2878 3557 2930 pau-

1970 2966 2063 3020 per
2086 2951 2253 3005 factus
2273 2959 2375 3017 est,
2397 2960 2450 3004 et
2475 2960 2697 3019 utraque
2718 2966 2864 3005 arma
2889 2956 3152 3018 tractavit,
3175 2964 3226 3008 et
3253 2955 3302 3007 iu
3324 2956 3560 3025 utrisque

1971 3043 2114 3095 vicit.
2148 3042 2215 3095 Et
2240 3041 2453 3111 quando
2484 3042 2636 3096 dives
2667 3042 2880 3112 quidem
2927 3053 3061 3109 crat,
3094 3045 3302 3100 dicebat
3334 3065 3344 3099 :
3387 3045 3561 3101 Janua

1972 3150 2081 3187 mea
2121 3134 2259 3186 omni
2307 3134 2520 3186 uenienti
2563 3134 2657 3203 fuit
2696 3144 2873 3203 aperta
2920 3133 3039 3204 (Job
3071 3137 3310 3207 51.32);
3351 3140 3561 3204 quando

1973 3240 2103 3279 vero
2132 3240 2334 3293 pauper
2376 3223 2540 3279 factus
2569 3234 2672 3291 est,
2704 3224 2951 3279 dicebat:
2988 3227 3234 3281 Dominus
3259 3228 3417 3291 dedit,
3451 3228 3561 3283 Do-

1975 3320 2142 3371 minus
2182 3316 2418 3383 abstulit;
2451 3319 2577 3370 sicut
2615 3317 2835 3371 Domino
2884 3319 3095 3389 placuit,
3141 3320 3212 3372 ita
3258 3324 3445 3390 factum
3488 3334 3559 3375 est

1977 3409 2100 3472 (Job
2117 3412 2137 3464 1
2155 3451 2166 3463 .
2182 3407 2297 3481 21).
2314 3410 2445 3463 Dum
2465 3410 2559 3463 fuit
2580 3409 2745 3474 dives,
2761 3410 2979 3464 multam
3000 3411 3431 3481 hoSpitalitatem,
3447 3430 3564 3469 cum

1980 3501 2148 3554 factus
2172 3509 2255 3553 est
2285 3514 2502 3567 pauper,
2535 3499 2754 3552 multam
2786 3500 3091 3568 patientiam
3131 3502 3389 3557 exhibuit.
3423 3505 3489 3558 Et
3513 3516 3566 3558 tu

1979 3593 2136 3662 igitur
2176 3592 2220 3645 si
2256 3590 2405 3645 dives
2435 3607 2514 3655 es,
2549 3592 2767 3645 multam
2794 3592 3102 3647 demonstra
3141 3595 3565 3667 eleemosyuam:

1981 3686 2023 3736 si
2056 3698 2257 3753 pauper
2300 3682 2473 3737 factus
2512 3698 2589 3748 es,
2618 3684 2882 3752 patientim
2911 3686 3138 3739 multum
3171 3697 3225 3741 et
3254 3688 3568 3742 tolerantius.

1981 3775 2163 3844 Neque
2203 3776 2343 3829 enim
2382 3775 2580 3829 divitias
2606 3776 2842 3840 malum,
2881 3794 2978 3832 nec
3008 3788 3288 3848 paupertas
3316 3782 3573 3851 simplici-

1984 3877 2084 3931 ter,
2112 3867 2202 3921 sed
2221 3870 2370 3936 juxta
2396 3867 2721 3921 voluntatem
2753 3870 3012 3923 utentium
3042 3871 3155 3925 hare
3184 3880 3404 3938 utraque
3421 3872 3571 3928 fiunt.

2057 3962 2109 4012 4.
2139 3958 2247 4012 Nos
2273 3959 2433 4028 igitur
2459 3959 2603 4027 ipsos
2631 3960 2990 4023 instituamus,
3020 3972 3079 4015 ut
3102 3979 3206 4017 non
3250 3964 3368 4017 talia
3397 3964 3465 4019 de
3488 3980 3575 4019 re-

1987 4050 2084 4105 bus
2109 4048 2579 4119 feramusjudicia,
2612 4066 2789 4121 neque
2818 4052 2911 4107 Dei
2941 4068 3123 4121 opera,
3159 4054 3251 4109 sed
3278 4056 3575 4124 improbam

1990 4141 2260 4196 hominum
2284 4143 2607 4198 voluntatem
2626 4160 2959 4199 accusemus.
2986 4146 3165 4216 Neque
3188 4149 3577 4216 pusillanimem

1988 4233 2186 4288 divitia:
2227 4245 2449 4304 possunt
2488 4236 2760 4305 adjuvare,
2794 4252 2893 4291 nec
2932 4242 3271 4309 magnanimo
3301 4244 3580 4312 pauperies

1990 4341 2221 4395 unquam
2256 4336 2431 4381 uocet.

2066 4417 2364 4471 Occasiones
2404 4418 2638 4472 vitandae.
2669 4449 2737 4458 —
2763 4419 3128 4487 Agnoscamus
3157 4421 3313 4491 igitur
3338 4424 3577 4494 laqueos,

1992 4518 2045 4563 et
2071 4510 2135 4564 ab
2167 4509 2295 4578 ipsis
2326 4510 2506 4578 procul
2534 4524 2746 4562 eamus:
2770 4524 3122 4578 agnoscamus
3147 4514 3457 4582 praecipitia,
3481 4532 3582 4569 nec

1993 4602 2498 4671 appropinquemus.
2534 4600 2646 4654 Hoc
2689 4602 2917 4655 maxime
2962 4604 3263 4658 securitatis
3291 4606 3441 4659 nobis
3483 4610 3585 4662 erit

1995 4693 2225 4758 occasio,
2258 4707 2363 4745 non
2412 4701 2613 4744 tantum
2659 4702 2872 4760 peccata
2923 4692 3123 4763 fugere,
3155 4711 3336 4749 verum
3387 4708 3438 4751 ct
3467 4717 3585 4768 qua:

1996 4785 2239 4840 videntur
2288 4783 2639 4838 indifferentia
2669 4783 2883 4854 quidem
2931 4801 3070 4852 esse,
3122 4787 3215 4842 sed
3263 4790 3328 4843 ad
3375 4804 3587 4859 peccata

2001 4890 2099 4929 nos
2128 4876 2488 4945 supplantant.
2524 4876 2763 4945 Exempli
2791 4892 2951 4931 causa
2982 4878 3174 4946 ridere,
3217 4891 3269 4934 ct
3291 4882 3473 4950 jocosa
3510 4885 3590 4939 di-

1999 4983 2121 5022 cere
2146 4966 2329 5034 verba,
2363 4983 2466 5021 non
2514 4966 2852 5021 manifestum
2886 4970 3099 5038 quidem
3154 4984 3425 5039 peccatum
3473 4991 3592 5029 esse

2003 5058 2226 5123 videtur,
2267 5058 2361 5113 sed
2402 5060 2452 5111 in
2498 5058 2837 5114 manifestum
2880 5061 3079 5113 crimen
3128 5061 3370 5116 inducit:
3404 5080 3592 5132 nempe

2003 5153 2196 5220 srepius
2234 5167 2299 5206 ex
2344 5152 2456 5205 risu
2506 5152 2677 5220 turpia
2723 5164 3014 5207 nascuntur
3060 5154 3243 5216 verba,
3276 5171 3306 5209 a
3354 5158 3595 5226 turpibus

2002 5245 2179 5299 verbis
2209 5244 2449 5299 actiones
2493 5244 2776 5313 turpiores.
2805 5244 3013 5316 Smpius
3053 5262 3119 5301 ex
3165 5249 3341 5303 verbis
3385 5259 3439 5303 et
3484 5250 3595 5304 risu

2005 5335 2247 5390 convicia
2291 5346 2345 5390 et
2372 5337 2743 5403 contumelixe;
2790 5337 2857 5392 de
2898 5340 3141 5393 convicio
3184 5349 3238 5393 et
3277 5342 3595 5397 contumelia

2009 5429 2173 5499 plagae
2190 5440 2242 5483 et
2271 5430 2512 5493 vulnera,
2536 5430 2603 5485 de
2620 5430 2930 5486 vulneribus
2953 5440 3007 5486 et
3021 5432 3188 5503 plagis
3216 5433 3389 5488 cmdes
3416 5444 3469 5489 et
3494 5435 3591 5489 bo-

2011 5520 2243 5574 micidia.
2266 5520 2323 5574 Si
2354 5520 2448 5575 tibi
2479 5522 2638 5592 igitur
2666 5523 2803 5577 bene
2822 5524 3160 5577 consulturus
3185 5539 3262 5589 es,
3288 5539 3391 5578 non
3426 5528 3597 5596 turpia

2012 5619 2213 5665 tantum
2244 5611 2426 5677 verba,
2456 5628 2630 5682 neque
2658 5615 2831 5684 turpia
2866 5623 3067 5668 tantum
3108 5614 3265 5681 facta,
3295 5632 3467 5688 neque
3488 5619 3600 5688 pla-

2011 5719 2103 5774 gas
2143 5712 2195 5758 ct
2224 5703 2441 5759 vulnera
2471 5713 2525 5759 et
2563 5705 2869 5772 homicidia,
2912 5724 3096 5762 verum
3120 5718 3173 5761 et
3202 5709 3374 5779 ipsum
3409 5712 3599 5767 intem-

2014 5797 2274 5867 pestivum
2304 5798 2469 5853 risum
2513 5806 2567 5853 et
2604 5797 2763 5854 verba
2816 5797 2984 5869 fugies
3033 5800 3295 5868 scurrilia,
3348 5806 3597 5872 quoniam
