4112 6388
535 269 637 324 159

533 378 974 449 subsequentium
1005 377 1268 431 malorum
1293 376 1452 447 radix
1478 376 1600 429 talia
1628 389 1748 431 esse
1775 373 1968 428 solent.
1994 371 2123 427 Pro—

536 483 715 543 pterea
759 473 953 527 Paulus
1004 472 1215 539 inquit:
1261 469 1646 540 Stultiloquium
1675 478 1719 519 ct
1746 466 2028 521 scurrilitas
2067 480 2128 517 ne

536 564 745 636 prodeat
770 580 832 617 ea:
857 579 942 616 ore
964 572 1124 615 vestro
1166 558 1380 629 (Ephes.
1413 561 1468 615 5.
1499 560 1575 628 5).
1607 559 1718 612 Etsi
1764 572 1991 624 namque
2036 569 2129 624 per

537 671 594 710 se
623 669 840 724 parvum
872 653 1042 721 ipsutu
1067 667 1186 706 esse
1213 651 1438 714 videtur,
1470 664 1780 718 magnorum
1810 658 1988 702 tamen
2018 662 2127 700 ma-

536 748 706 799 iorum
749 759 906 797 causa
946 743 1098 796 nobis
1142 742 1393 796 efficitur.
1442 741 1669 794 Rursum
1701 740 1904 794 deliciis
1941 754 2129 792 vacare

535 852 639 890 non
685 834 894 888 videtur
925 834 1141 904 quidem
1182 848 1303 888 esse
1350 833 1551 887 crimen
1582 831 1921 886 manifestum
1949 840 2002 884 et
2032 846 2128 883 ex-

534 942 818 996 pressum;
865 937 1100 981 attamen
1152 925 1318 980 multa
1362 926 1515 979 nobis
1546 926 1680 994 parit
1710 924 1868 988 mala,
1896 922 2125 977 ebrieta-

534 1033 662 1086 tem,
693 1020 949 1082 furorem,
982 1020 1279 1080 avaritiam.
1326 1019 1558 1088 rapinas.
1593 1018 1948 1088 Sumptuosus
1987 1018 2126 1070 enim

531 1125 585 1168 et
613 1115 807 1178 lautus,
848 1124 902 1169 et
933 1113 1229 1168 ministeria
1257 1114 1431 1166 ventri
1465 1112 1776 1166 ministrans
1821 1109 2129 1164 intuli-rabi-

534 1205 626 1272 lia,
655 1204 818 1260 furari
847 1221 990 1273 sa-pe
1017 1205 1224 1272 cogitur
1247 1212 1302 1258 et
1327 1204 1498 1257 aliena
1529 1217 1718 1271 rapere
1748 1210 1804 1257 et
1827 1201 2129 1270 opprimere

534 1308 588 1353 et
620 1297 838 1350 violare.
890 1297 945 1350 Si
999 1294 1218 1350 delicias
1260 1296 1440 1366 itaque
1487 1294 1677 1365 fugias,
1711 1303 1766 1348 et
1811 1293 2046 1347 avaritia:
2076 1303 2130 1347 et

534 1390 736 1459 rapina:
763 1399 816 1444 ct
841 1390 1112 1444 ebrietatis
1141 1397 1194 1442 et
1221 1386 1681 1442 innumerabilium
1715 1386 1974 1440 malorum
2003 1399 2126 1438 sus-

536 1484 702 1538 tulisti
762 1482 1061 1549 materiam,
1101 1481 1394 1550 iniquitatis
1433 1480 1664 1536 radicem
1694 1495 1722 1532 a
1754 1477 2013 1548 principio
2045 1493 2130 1531 re-

537 1591 746 1630 secans.
784 1564 1153 1644 Pr0ptereahet
1182 1574 1376 1627 Paulus
1404 1572 1614 1626 dicebat
1645 1588 1658 1624 :
1697 1571 1823 1637 Quae
1851 1570 1902 1622 in
1933 1569 2130 1622 deliciis

537 1676 611 1720 est
636 1666 806 1728 vidua,
835 1666 1001 1718 vivens
1028 1674 1225 1718 mortua
1256 1676 1329 1716 est
1355 1662 1420 1731 (1.
1454 1661 1588 1716 Tim.
1610 1661 1668 1715 '5.
1700 1662 1778 1730 6).
1825 1661 1878 1714 lu
1924 1661 2130 1714 theatra

538 1772 749 1810 rursum
795 1756 1106 1822 ascendere,
1137 1767 1189 1810 et
1219 1769 1478 1825 equorum
1526 1753 1818 1809 certamina
1863 1760 2128 1820 Spectave,

537 1857 595 1901 et
635 1849 778 1902 aleas
819 1856 1045 1901 tractare
1090 1863 1194 1900 non
1244 1847 1451 1900 videtur
1489 1844 1668 1898 multis
1707 1855 1983 1914 peccatum
2014 1857 2132 1897 esse

539 1939 902 2001 manifestum,
942 1939 1033 1992 sed
1066 1938 1270 1992 infinita
1305 1938 1427 1991 vita:
1463 1937 1600 1990 mala
1629 1936 1766 1990 solet
1792 1935 2008 1990 inferre.
2039 1935 2132 1988 Et—

539 2032 682 2084 enim
728 2033 777 2084 in
827 2030 1047 2084 theatris
1078 2031 1381 2083 immoratio
1421 2028 1846 2088 fornicationem,
1887 2027 2132 2095 petulau~

540 2124 755 2187 tiam,et
774 2137 988 2176 onmem
1009 2120 1446 2174 incontinentiam
1474 2119 1715 2188 peperit:
1741 2126 1795 2171 et
1815 2117 2133 2171 circensium

541 2213 904 2283 spectaculum
949 2227 1172 2282 pugnas,
1203 2212 1464 2275 convicia,
1494 2211 1733 2274 vulnera,
1762 2207 2132 2271 contumelias,

539 2306 694 2374 juges
744 2304 1050 2357 inimicitias
1096 2301 1317 2357 adduxit
1351 2321 1364 2356 :
1396 2311 1449 2356 et
1496 2303 1636 2356 circa
1686 2300 1830 2354 aleas
1875 2300 2133 2365 studium,

542 2398 922 2467 blasphemias,
952 2398 1210 2466 jacturas,
1244 2396 1368 2459 iras,
1392 2396 1651 2458 convicia,
1685 2393 1996 2463 infinitaque
2032 2393 2135 2446 alia

545 2492 631 2546 his
659 2491 902 2562 graviora
948 2505 1093 2558 saepe
1125 2488 1395 2558 produxit.
1443 2487 1520 2542 Ne
1549 2496 1752 2542 tantum
1804 2487 1982 2555 itaque
2008 2500 2135 2556 pec-

545 2593 662 2636 cata
691 2582 972 2652 fugiamus,
1001 2596 1184 2634 verum
1214 2588 1268 2634 et
1290 2594 1350 2634 ea
1381 2579 1592 2650 quidem
1623 2595 1741 2647 qua:
1781 2576 2136 2632 indifferentia

543 2673 810 2739 videntur,
830 2673 922 2728 sed
952 2672 1205 2742 paulatim
1229 2673 1280 2726 in
1305 2673 1419 2726 haec
1437 2681 1654 2741 peccata
1680 2686 1778 2727 nos
1806 2669 2135 2740 pertrahent.

544 2763 678 2819 Nam
707 2765 797 2834 qui
845 2764 993 2832 juxta
1046 2763 1398 2833 praecipitium
1455 2764 1710 2830 ambulat,
1751 2764 2002 2834 quamvis
2031 2779 2136 2818 non

543 2857 778 2920 decidat,
811 2858 1010 2922 tremit,
1056 2864 1111 2910 et
1153 2871 1522 2926 smpenumero
1566 2858 1633 2910 ab
1688 2857 1801 2926 ipso
1852 2856 2138 2910 subversus

546 2959 787 3004 tremore
814 2949 1011 3004 decidit
1040 2967 1053 3003 :
1087 2949 1157 3002 ita
1186 2956 1241 3003 et
1265 2949 1353 3018 qui
1385 2964 1488 3002 non
1523 2949 1705 3018 procul
1743 2957 1958 3017 peccata
1985 2947 2136 3018 fugit,

547 3042 642 3098 sed
673 3056 828 3097 secus
868 3043 981 3112 ipsa
1027 3042 1192 3107 vadit,
1235 3055 1355 3095 cum
1406 3041 1598 3096 timore
1641 3042 1803 3108 vivet,
1836 3050 1889 3095 et
1941 3040 1997 3094 in
2025 3039 2140 3110 ipsa

546 3134 757 3189 labetur
794 3134 1008 3203 smpius.
1051 3131 1184 3186 Nam
1211 3133 1302 3202 qui
1327 3132 1528 3186 alienas
1554 3131 1764 3186 curiose
1787 3138 1994 3201 spectat
2027 3129 2139 3184 for—

549 3241 686 3291 mas,
719 3225 962 3296 quamvis
1003 3240 1110 3280 non
1158 3223 1476 3289 lliCBChCllll‘,
1511 3235 1688 3277 tamen
1735 3223 2060 3293 concupivit,
2087 3231 2143 3277 et

546 3321 840 3376 secundum
857 3319 1050 3374 Christi
1072 3319 1391 3374 sententiam
1412 3317 1581 3372 factus
1599 3327 1679 3371 est
1695 3317 1903 3372 adulter
1924 3315 2138 3389 (Matth.

548 3413 603 3465 5.
634 3411 764 3483 28);
811 3412 1009 3480 sapius
1051 3419 1228 3464 autem
1259 3411 1327 3465 ab
1370 3411 1481 3480 ipsa
1529 3408 1958 3478 concupiscentia
1989 3417 2044 3463 et
2087 3408 2142 3461 in

548 3515 828 3574 peccatum
857 3518 915 3556 re
947 3503 1060 3572 ipsa
1082 3501 1342 3558 defertur.
1369 3501 1478 3556 Nos
1525 3502 1683 3573 igitur
1729 3502 1872 3570 ipsos
1902 3499 2084 3570 procul
2111 3515 2142 3552 a

551 3597 786 3666 peccatis
816 3597 1160 3650 retineamus.
1190 3595 1280 3649 Vis
1308 3604 1611 3666 temperans
1640 3595 1798 3649 esse?
1841 3610 1908 3648 ne
1939 3602 2142 3647 tantum

552 3685 722 3757 fugias
768 3687 1226 3752 adulterium,sed
1267 3689 1425 3742 etiam
1473 3688 1798 3758 petulantem
1844 3697 2140 3757 aspectum.

552 3779 647 3833 Vis
677 3796 706 3832 a
739 3778 918 3834 verbis
945 3779 1186 3848 turpibus
1215 3780 1446 3835 abesse?
1490 3795 1557 3834 ne
1597 3781 1758 3834 verba
1803 3789 2006 3834 tantum
2035 3788 2144 3833 tur-

554 3873 641 3942 pia
673 3873 861 3942 fugias,
893 3888 1077 3926 verum
1117 3880 1172 3926 et
1199 3873 1364 3928 risum
1395 3874 1650 3940 solutum,
1683 3883 1736 3926 et
1766 3887 1979 3926 onmem
2011 3887 2142 3926 con-

556 3965 960 4034 cupiscentiam.
983 3964 1076 4018 Vis
1098 3956 1332 4020 caedibus
1358 3980 1478 4020 esse
1509 3966 1692 4033 procul
1709 3969 1732 4016 ‘t
1757 3965 1878 4036 fuge
1904 3965 2143 4020 convicia

555 4073 783 4127 quoque.
819 4057 911 4112 Vis
940 4057 1008 4110 ab
1047 4058 1306 4112 ebrietate
1355 4056 1626 4126 separari?
1672 4056 1792 4126 fuge
1842 4057 2063 4112 delicias
2091 4066 2146 4111 et

555 4153 729 4205 lautas
775 4165 1006 4211 mensas,
1039 4157 1094 4205 et
1123 4148 1379 4204 radicitus
1410 4149 1595 4204 vitium
1626 4150 1880 4218 exsurpa.
1927 4149 2145 4220 Magnus

556 4243 776 4311 laqueus
816 4251 899 4296 est
941 4242 1134 4311 linguae
1182 4241 1509 4311 petulantia,
1551 4249 1606 4295 et
1652 4239 1808 4296 freno
1852 4241 2142 4296 admodum

556 4337 818 4406 indigens.
844 4335 1136 4403 Propterea
1165 4344 1219 4389 et
1240 4334 1453 4404 quidam
1486 4334 1654 4403 inquit
1683 4353 1695 4383 :
1725 4334 1960 4404 Laqueus
2000 4335 2146 4404 fortis

555 4430 660 4482 viro
693 4430 901 4499 propria
928 4427 1084 4494 labia,
1110 4437 1157 4481 et
1187 4429 1386 4496 capitur
1413 4428 1573 4481 verbis
1602 4429 1703 4482 oris
1735 4429 1926 4498 proprii
1961 4427 2144 4498 (Prov.

557 4523 610 4576 6.
657 4521 745 4590 2).

631 4615 684 4668 5.
727 4613 920 4666 Iterum
942 4623 1119 4667 contra
1139 4614 1455 4683 juramenta.
1480 4643 1546 4651 —
1575 4611 1744 4682 Supra
1773 4623 1964 4667 caetera
1990 4614 2148 4682 igitur

559 4717 749 4760 cuncta
780 4705 1018 4759 membra
1050 4705 1188 4758 hanc
1223 4703 1586 4764 moderemur.
1621 4705 1756 4756 hanc
1788 4703 2141 4767 refrenemus,

563 4808 620 4854 et
647 4796 885 4852 convicia
913 4795 1374 4864 contumeliasque
1402 4810 1464 4848 ac
1495 4795 1815 4863 turpiloquia
1845 4805 1898 4848 et
1929 4795 2148 4848 maledi-

559 4902 644 4944 cta
667 4905 731 4943 ex
759 4904 851 4942 ore
875 4889 1154 4957 pellamus,
1179 4895 1234 4940 et
1257 4887 1447 4940 malam
1471 4887 1898 4956 jurameutorum
1927 4902 2152 4941 consue-

567 4981 804 5036 tudinem
831 4997 843 5032 :
869 4995 1079 5034 rursum
1111 4980 1255 5032 enim
1303 4994 1400 5032 nos
1439 4979 1503 5032 ad
1549 4977 1795 5032 eamdem
1826 4977 2150 5033 admonitio-

567 5089 690 5128 nem
719 5087 894 5126 scrmo
917 5071 1151 5126 deduxit.
1181 5071 1247 5124 Et
1274 5070 1489 5140 quidem
1520 5071 1633 5125 heri
1660 5086 1780 5124 cum
1794 5079 1972 5125 vestra
1989 5070 2164 5124 chari-

563 5175 675 5222 tate
723 5165 1011 5226 constitui,
1057 5177 1144 5216 me
1193 5177 1297 5215 non
1348 5163 1576 5232 amplius
1623 5161 1691 5216 de
1747 5161 1848 5216 hoc
1900 5163 2153 5217 mandato

567 5258 831 5311 t‘licturum
866 5271 879 5309 :
913 5255 1164 5322 quoniam
1195 5253 1445 5307 omnibus
1473 5252 1839 5322 superioribus
1866 5252 2055 5307 diebus
2082 5255 2151 5308 de

569 5351 662 5402 illo
693 5346 1024 5401 sufficienter
1053 5345 1339 5398 dissertum
1367 5354 1449 5398 est
1475 5361 1488 5397 :
1511 5343 1606 5398 sed
1639 5343 1766 5413 quid
1799 5343 2023 5397 faciam?
2052 5345 2154 5398 Do-

574 5459 672 5497 nec
719 5459 814 5497 vos
854 5450 1127 5498 correctos
1170 5439 1398 5504 videam,
1443 5452 1548 5491 non
1598 5453 1817 5507 possum
1861 5454 1890 5490 a
1934 5441 2158 5493 consilio

570 5533 744 5586 dando
789 5533 1056 5586 abstinere
1085 5533 1148 5584 ¹;
1189 5528 1438 5600 quoniam
1481 5535 1535 5582 et
1581 5528 1776 5582 Paulus
1820 5529 1909 5597 qui
1955 5529 2156 5583 Galalis

637 5669 652 5697 ι
690 5667 828 5728 savii.
859 5674 910 5715 et
930 5666 1119 5728 plurimi
1139 5673 1266 5726 Mss.,
1293 5678 1382 5716 non
1401 5663 1663 5715 sustineo...
1691 5661 1942 5714 abstinere.
1971 5665 2155 5725 alorci,

573 5741 664 5777 non
686 5727 855 5790 pateat.
868 5764 896 5775 ..
919 5727 1169 5779 abstinere.

1282 265 1340 322 S.
1381 262 1660 321 JOANNIS
1697 257 2181 318 CHRYSOSTOS-ll
2219 257 2534 316 ARCHIEP.
2578 262 3112 322 CONSTANTINOP.

3703 270 3806 326 {C0

2237 371 2397 438 dicit,
2428 373 2678 448 Deinceps
2715 376 2910 433 labores
2934 379 3058 433 mihi
3101 394 3244 432 nemo
3285 380 3498 448 praebeat
3527 379 3723 451 (Colat.
3749 385 3809 460 ii.
3839 403 3864 428 '-

2236 466 2360 531 17),
2394 483 2602 523 rursum
2647 471 2776 540 ipsis
2819 481 3041 540 apparet
3080 486 3399 542 congressus
3443 482 3496 528 et
3541 474 3816 543 loquutus.

2235 556 2545 626 l-lujusmodi
2591 572 2716 616 sunt
2760 575 2977 632 paterna
3009 565 3212 618 viscera
3235 607 3249 630 ,
3275 566 3374 619 etsi
3414 581 3722 620 recessuros
3751 582 3812 621 se

2233 659 2412 719 patres
2438 666 2557 706 esse
2586 651 2796 718 dicant,
2826 670 2932 708 non
2979 654 3277 719 absistunt,
3320 655 3490 710 donec
3535 667 3813 709 correctus

2233 739 2463 794 viderint
2491 740 2628 796 filios
2650 757 2797 798 suos.
2827 746 3067 799 Audistis
3088 747 3396 815 prophetam
3424 749 3487 800 de
3509 748 3824 816 juramcntu

2237 833 2392 888 hodie
2422 835 2574 890 nobis
2603 836 2948 905 loquentem?
2980 837 3199 907 Respexi
3240 841 3401 893 oculis
3430 843 3581 903 meis,
3612 850 3658 892 et
3688 841 3825 906 vidi,

2234 927 2442 996 inquit,
2487 937 2534 981 et
2598 945 2709 982 ecce
2756 930 2867 998 {afro
2921 929 3097 984 volans
3151 932 3477 1003 longitudinis
3533 934 3825 986 cubitorum

2233 1019 2430 1088 viginti,
2478 1029 2523 1073 et
2568 1021 2851 1075 latitudinis
2901 1023 3177 1076 cubitorum
3231 1025 3418 1077 decem.
3453 1022 3520 1077 Et
3574 1025 3703 1079 dixit
3759 1025 3830 1078 ad

2233 1128 2337 1175 me,
2389 1112 2527 1186 Quid
2575 1122 2628 1165 tu
2675 1114 2918 1168 vides?et
2957 1115 3096 1177 dixi,
3137 1114 3290 1168 Video
3345 1115 3526 1184 falcem
3572 1120 3831 1169 volantem

2235 1204 2566 1273 longitudinis
2605 1205 2886 1260 cubitorum
2940 1207 3152 1276 viginti,
3200 1216 3247 1260 et
3295 1208 3578 1260 latitudinis
3629 1208 3833 1261 cubito-

2234 1313 2346 1347 rum
2393 1296 2581 1350 decem.
2632 1297 2697 1350 Et
2749 1299 3057 1369 ingredietur
3101 1300 3338 1364 domum,
3386 1299 3590 1371 inquit,
3634 1302 3832 1371 juran—

2234 1387 2294 1438 tis
2322 1388 2522 1441 nomine
2549 1404 2680 1451 meo,
2712 1398 2760 1442 et
2786 1389 3007 1443 destruet
3036 1392 3088 1443 in
3118 1391 3303 1454 medio,
3337 1402 3382 1444 et
3407 1391 3648 1457 su/I'odiet
3679 1393 3824 1461 lapi-

2235 1479 2320 1529 des
2338 1487 2384 1531 et
2409 1479 2548 1548 ligna
2570 1479 2752 1547 (Zach.
2774 1482 2826 1536 5.
2851 1481 2986 1549 1-4).
3009 1481 3144 1548 Quid
3171 1483 3381 1536 tandem
3406 1495 3489 1538 est
3512 1483 3752 1537 dictum?
3774 1494 3831 1537 et

2234 1585 2334 1636 qua
2366 1568 2433 1623 de
2457 1584 2616 1624 causa
2648 1571 2702 1624 in
2728 1573 2905 1640 specie
2929 1574 3102 1639 falcis,
3123 1583 3176 1628 et
3205 1574 3356 1628 falcis
3378 1577 3604 1629 volantis
3629 1577 3830 1646 jurare-

2238 1670 2317 1714 tes
2343 1675 2571 1730 sequens
2600 1677 2758 1730 pmna
2786 1664 3029 1718 videtur?
3072 1664 3141 1720 Ut
3168 1665 3424 1719 ultionem
3457 1665 3825 1720 inevitabilem

2236 1767 2376 1817 esse,
2398 1762 2451 1808 et
2471 1755 2786 1824 supplicium
2809 1756 3063 1811 declinari
3089 1774 3190 1814 non
3223 1774 3377 1823 posse
3399 1759 3598 1814 videas.
3626 1759 3830 1814 Ensem

2236 1845 2378 1897 enim
2407 1845 2675 1900 volantem
2710 1847 2929 1900 forsitan
2957 1849 3146 1917 aliquis
3175 1849 3411 1918 effugere
3455 1851 3648 1919 poterit
3675 1868 3687 1902 :
3720 1850 3828 1903 fal-

2236 1950 2351 1988 cem
2395 1945 2570 1990 autcm
2617 1938 2667 1989 in
2707 1938 2902 1992 collum
2948 1939 3222 2009 delapsam
3263 1951 3315 1995 et
3361 1957 3455 2010 pro
3479 1941 3714 1997 funiculo
3743 1943 3831 1996 fa-

2237 2037 2395 2091 ctam,
2427 2045 2585 2083 nemo
2613 2031 2792 2100 fugere
2825 2041 3029 2100 potest:
3062 2050 3180 2086 cum
3207 2044 3384 2089 autem
3416 2045 3469 2090 et
3501 2037 3598 2088 alre
3623 2037 3827 2099 adsint,

2238 2136 2356 2188 qum
2383 2121 2567 2175 Salutis
2591 2123 2812 2176 ulterius
2838 2125 2996 2191 Spes?
3033 2124 3143 2190 Qua
3179 2142 3304 2178 vero
3334 2126 3400 2180 de
3427 2141 3584 2180 causa
3617 2126 3835 2195 lapides

2239 2222 2293 2266 et
2333 2212 2471 2282 ligna
2509 2213 2738 2283 jurantis
2777 2215 3052 2270 dissolvit?
3082 2216 3150 2271 Ut
3193 2219 3344 2270 ruina
3389 2218 3509 2272 aliis
3551 2219 3820 2273 correctio

2241 2304 2353 2359 fiat.
2373 2305 2504 2371 Quia
2524 2307 2666 2361 enim
2689 2307 2957 2377 jurantem
2977 2318 3242 2364 mortuum
3263 2319 3398 2366 terra
3423 2312 3580 2365 condi
3606 2327 3836 2366 necesse

2241 2409 2357 2464 est,
2391 2399 2582 2454 domus
2607 2399 2865 2456 dissoluta
2894 2411 2949 2455 et
2983 2403 3034 2456 in
3075 2405 3285 2458 ruinam
3318 2419 3472 2458 versa
3500 2416 3836 2474 przctereun-

2245 2494 2384 2546 libus
2409 2494 2658 2547 omnibus
2685 2503 2737 2548 et
2766 2496 3109 2550 cernentibus
3139 2496 3433 2550 admonitio
3457 2499 3590 2564 erit,
3622 2507 3678 2550 ut
3722 2512 3834 2550 non

2241 2582 2428 2637 eadem
2459 2584 2710 2648 audeant,
2746 2601 2814 2640 ne
2838 2585 3025 2640 eadem
3057 2590 3346 2656 patiantur,
3372 2588 3564 2657 illaque
3593 2587 3837 2642 defuncti

2242 2678 2444 2731 crimen
2473 2691 2687 2745 semper
2712 2686 2916 2748 arguet.
2947 2677 3062 2732 Non
3091 2679 3159 2732 ita
3189 2678 3373 2748 pungit
3398 2681 3562 2740 ensis,
3586 2679 3723 2732 sicut
3746 2678 3840 2746 ju-

2242 2768 2469 2822 ramenti
2488 2780 2670 2822 natura
2690 2786 2702 2822 :
2724 2784 2828 2824 non
2847 2770 2924 2823 sic
2939 2769 3133 2824 occidit
3148 2769 3375 2840 gladius,
3396 2769 3839 2840 sicutjuramenti

2246 2861 2422 2930 plaga.
2454 2860 2673 2916 Juratus
2702 2863 2801 2916 etsi
2832 2863 3012 2916 vivere
3036 2861 3304 2927 videatur,
3324 2865 3434 2932 jam
3463 2871 3707 2917 mortuus
3727 2873 3835 2928 est,

2244 2961 2299 3007 et
2326 2952 2518 3007 vulnus
2543 2953 2788 3023 excepit:
2813 2964 2868 3008 et
2907 2954 3043 3007 sicut
3081 2955 3169 3023 qui
3219 2963 3416 3008 restem
3445 2954 3620 3023 capit,
3657 2953 3839 3023 prius-

2243 3062 2402 3115 quam
2449 3047 2664 3102 civitate
2705 3047 3028 3116 egrediatur,
3076 3057 3128 3100 et
3154 3048 3220 3100 ad
3259 3047 3606 3117 prtecipitium
3632 3047 3836 3110 veniat,

2245 3146 2300 3191 et
2327 3146 2581 3192 tortorem
2610 3136 2786 3192 videat
2813 3137 3179 3191 imu'tinentem
3204 3179 3217 3198 ,
3252 3145 3492 3191 mortuus
3515 3147 3632 3198 est,
3673 3136 3833 3190 simul

2247 3247 2309 3286 ac
2340 3231 2574 3301 praetorii
2610 3231 2801 3301 januas
2829 3246 3076 3299 egressus
3103 3239 3186 3286 est
3213 3249 3226 3282 :
3257 3231 3335 3285 sic
3361 3239 3410 3286 et
3432 3230 3665 3300 juratus.
3707 3229 3840 3284 Hzec

2248 3331 2576 3392 reputemus,
2607 3333 2661 3377 et
2692 3338 2759 3376 ne
2785 3321 2977 3376 fratres
3003 3321 3332 3392 adjuremus.
3365 3321 3500 3389 Quid
3533 3321 3698 3387 facis,
3733 3321 3839 3374 ho-

2251 3414 2375 3466 mo?
2403 3429 2563 3482 super
2593 3428 2834 3466 mensam
2868 3412 3084 3482 adjuras
3115 3427 3326 3467 sacram
3348 3454 3363 3479 ,
3392 3424 3445 3467 et
3475 3413 3563 3467 ubi
3592 3411 3842 3467 Christus

2251 3506 2452 3573 positus
2479 3514 2560 3558 est
2589 3504 2893 3558 immolatus
2913 3544 2928 3568 ,
2971 3504 3080 3558 illic
3123 3503 3339 3559 fratrem
3369 3515 3519 3558 tuum
3552 3504 3838 3559 immolas?

2249 3597 2509 3652 Latrones
2529 3595 2744 3666 quidem
2771 3595 2823 3648 in
2855 3597 2952 3650 viis
2980 3604 3213 3650 mactant
3238 3612 3250 3648 :
3278 3603 3335 3648 tu
3360 3611 3489 3650 vero
3516 3610 3698 3649 coram
3726 3610 3840 3648 ma-

2251 3699 2330 3742 tre
2361 3686 2529 3742 filium
2571 3687 2814 3741 immolas
2855 3686 3202 3751 sceleratius,
3235 3701 3392 3756 quam
3420 3684 3549 3740 Cain
3574 3727 3588 3748 ,
3622 3694 3838 3754 patrans

2251 3781 2636 3836 homicidium?
2679 3779 2774 3834 llle
2802 3794 2994 3848 nempe
3022 3777 3245 3833 fratrem
3275 3793 3431 3832 suum
3463 3778 3516 3831 in
3544 3777 3761 3832 deserto
3788 3786 3838 3830 et

2252 3873 2501 3942 pra-senti
2531 3882 2701 3925 morte
2733 3873 3020 3936 mactavit;
3067 3880 3120 3924 tu
3152 3886 3278 3925 vero
3307 3870 3523 3924 fratrem
3553 3879 3702 3923 tuum
3734 3871 3836 3922 im-

2253 3967 2422 4019 molas
2449 3966 2499 4019 in
2531 3963 2705 4018 medio
2731 3962 2997 4028 ecclesias,
3029 3961 3188 4032 idque
3216 3969 3389 4016 morte
3417 3959 3589 4014 futura
3618 3960 3844 4014 immor—

2252 4059 2365 4111 tali.
2396 4057 2530 4111 Num
2557 4057 2698 4110 enim
2730 4065 3011 4125 propterea
3042 4053 3180 4108 facta
3211 4062 3294 4107 est
3322 4053 3548 4107 ecclesia
3567 4093 3580 4115 ,
3605 4061 3667 4105 ut
3691 4051 3843 4120 jure-

2254 4152 2408 4206 mus?
2435 4150 2722 4218 Propterea
2750 4147 2888 4202 facta
2909 4155 3014 4212 est,
3043 4155 3099 4200 ut
3126 4158 3362 4199 oremus.
3393 4143 3527 4197 Num
3552 4136 3701 4198 enim'
3724 4142 3845 4197 ideo

2255 4257 2436 4296 mensa
2468 4241 2634 4310 posita
2663 4248 2778 4303 est,
2810 4249 2866 4292 ut
2893 4238 3241 4306 adjuremus?
3270 4234 3396 4290 ldeo
3435 4244 3605 4304 posrta
3639 4245 3759 4301 est,
3789 4243 3846 4288 ut

2255 4343 2470 4404 peccata
2497 4333 2788 4397 solvamus,
2819 4347 2925 4385 non
2953 4338 3012 4384 ut
3039 4330 3337 4398 alligemus.

2324 4427 2624 4481 lui-amenta
2654 4425 3048 4496 Evangeliorum
3074 4433 3326 4477 contactu.
3349 4453 3420 4462 -
3438 4421 3520 4476 Tu
3540 4436 3671 4476 vero
3691 4422 3738 4475 si
3768 4422 3847 4476 ni-

2257 4519 2327 4572 hil
2358 4518 2522 4585 aliud,
2552 4518 2742 4572 saltem
2775 4517 2969 4571 librum
2999 4518 3176 4586 ipsum
3207 4531 3475 4580 reverere,
3506 4530 3666 4583 quem
3695 4515 3748 4568 in
3772 4514 3849 4584 ju-

2259 4619 2554 4664 rameutqu
2587 4609 2821 4678 porrigis
2841 4608 3301 4678 :etEvangelium,
3325 4606 3467 4675 quod
3499 4607 3633 4660 intra
3659 4620 3851 4659 manus

2257 4702 2474 4770 capiens
2515 4703 2696 4770 jurare
2734 4700 2925 4769 jubcs,
2955 4700 3196 4769 explica,
3229 4707 3284 4752 et
3323 4697 3544 4752 audiens
3601 4698 3731 4764 quid
3781 4697 3849 4751 ibi

2258 4794 2500 4848 Christus
2529 4793 2598 4846 de
2619 4793 2940 4860 juramentis
2966 4793 3224 4853 disserat,
3255 4790 3508 4844 horresce
3539 4799 3595 4843 et
3625 4791 3848 4844 desiste.

2259 4885 2397 4951 Quid
2429 4887 2586 4954 igitur
2610 4885 2718 4938 illic
2747 4884 2813 4938 de
2839 4884 3156 4952 juramentis
3183 4883 3391 4952 inquit?
3413 4881 3525 4952 Ego
3546 4892 3716 4934 autem
3740 4883 3855 4934 dico

2261 4979 2395 5032 vobis
2431 4978 2635 5032 omnino
2676 4992 2779 5030 non
2809 4978 2990 5045 jurare
3019 4973 3237 5045 (Matth.
3264 4973 3316 5028 5.
3347 4973 3462 5042 54).
3500 4971 3580 5026 Tu
3611 4986 3745 5026 vero
3775 4971 3854 5024 le-

2261 5088 2380 5142 gem
2425 5071 2610 5140 jurare
2655 5067 3026 5137 prohibentem
3048 5106 3062 5128 ,
3096 5067 3148 5120 in
3177 5065 3542 5134 juramentum
3570 5064 3771 5133 ponis?
3812 5061 3856 5117 Ο

2263 5163 2664 5228 contumeliam,
2689 5176 2722 5215 ο
2744 5160 3035 5214 insaniam!
3062 5159 3203 5213 idem
3226 5159 3368 5213 enim
3401 5157 3552 5223 facis,
3583 5173 3646 5212 ac
3669 5157 3714 5210 si
3736 5157 3858 5226 quis

2265 5257 2619 5326 legislalorcm
2670 5254 2971 5307 interficere
3017 5251 3422 5321 prohibentem,
3464 5249 3638 5317 ipsum
3688 5247 3855 5301 cmdis

2265 5351 2364 5405 sibi
2410 5348 2611 5403 socium
2657 5361 2775 5399 esse
2813 5344 3017 5414 jubeat.
3066 5341 3180 5396 Non
3230 5343 3302 5395 ita
3348 5356 3504 5410 gemo
3533 5349 3588 5393 et
3628 5337 3859 5407 deploro

2267 5441 2543 5511 quospiam
2576 5440 2626 5493 in
2660 5437 2762 5491 viis
2783 5436 3053 5506 jugulatos
3080 5433 3323 5497 audiens,
3351 5433 3490 5486 sicut
3515 5446 3672 5500 gemo
3699 5440 3754 5484 et
3783 5429 3862 5483 lac

2269 5532 2465 5604 crymis
2494 5544 2788 5599 prosequor
2812 5537 2865 5581 et
2893 5526 3172 5592 horresco,
3209 5539 3330 5578 cum
3366 5523 3520 5577 video
3546 5520 3859 5590 quempiam

2271 5640 2432 5694 pr0pe
2462 5637 2702 5677 mensam
2735 5619 2872 5673 hanc
2897 5618 3204 5672 venientem
3227 5657 3241 5683 ,
3267 5626 3319 5670 et
3353 5628 3544 5669 manus
3572 5613 3859 5681 imponen-

2281 5728 2406 5782 tem,
2434 5724 2487 5772 et
2505 5711 2804 5783 Evangeliis
2831 5711 3089 5767 contactis
3115 5708 3401 5779 iurantem.
3458 5707 3534 5762 De
3579 5703 3822 5776 pecuniis
3842 5742 3856 5764 ,
