4112 6388
238 419 342 473 1259

239 534 334 586 καὶ
360 531 496 584 αύτά
518 530 584 582 τά
615 531 804 582 ἀστεῖα
839 525 1120 598 ἀποφεύξῃ
1158 528 1398 597 ῥήματα,
1420 526 1607 596 ἐπειδὴ
1645 525 1753 578 τῶν
1777 525 1913 596 μετά

239 619 412 674 ταῦτα
445 617 631 670 κακῶν
668 614 792 684 ῥίζα
851 611 1022 666 ταῦτα
1076 615 1311 682 ἐγένετο.
1347 615 1445 667 Διά
1465 612 1622 666 τοῦτο
1649 615 1677 664 6
1703 610 1913 674 Παῦλός

241 725 395 777 φησι·
420 703 767 773 Μωρολογία
793 701 888 754 καί
919 703 1280 768 εὐτραπελία
1299 701 1385 770 μὴ
1413 699 1827 770 ἐκπορευέσθω
1846 700 1913 751 ἐκ

240 794 348 849 τοῦ
381 795 677 862 στόματος
705 788 891 859 ὑμῶν.
935 788 999 841 Εἰ
1041 789 1153 859 γὰρ
1191 789 1284 842 καὶ
1313 790 1444 842 αὐτὸ
1475 791 1595 843 καθ’
1631 788 1792 842 ἐαυτὸ
1822 804 1914 856 μι-

240 884 373 954 κρδν
402 877 539 934 εἶναι
575 881 741 941 δοκεῖ,
777 877 910 931 ἀλλά
943 877 1192 946 μεγάλων
1237 879 1367 948 ἡμῖν
1405 877 1592 932 κακῶν
1629 878 1799 930 αῐτιον
1827 875 1913 942 γί-

240 987 412 1025 νεται.
471 969 638 1021 Πάλιν
691 967 752 1018 τὸ
789 966 998 1035 τρυφᾷν
1056 965 1116 1017 ού
1151 965 1297 1016 δοκεῖ
1337 967 1434 1035 μὲν
1477 965 1726 1036 ἔγκλημα
1775 959 1913 1016 εἶναι

243 1058 476 1128 φανερὸν
501 1056 593 1108 καὶ
620 1053 1056 1125 ὡμολογημένον,
1092 1051 1299 1122 μεγάλα
1321 1053 1375 1105 δέ
1394 1055 1526 1123 ἡμῖν
1553 1053 1726 1106 τίκτει
1746 1049 1912 1117 κακά,

245 1148 438 1219 μέθην,
478 1145 762 1216 παροινίαν
788 1153 825 1205 ⁸,
860 1141 1194 1207 πλεονεξίαν,
1222 1143 1496 1212 ἁρπαγάς.
1536 1143 1594 1195 '0
1616 1142 1723 1214 γάρ
1739 1142 1914 1194 δαπα-

241 1237 406 1307 νηρὸς
432 1234 526 1286 καὶ
571 1229 884 1301 πολυτελὴς,
921 1231 1014 1282 καὶ
1069 1229 1409 1299 λειτουργίας
1465 1233 1532 1300 τῇ
1575 1230 1774 1299 γαστρὶ
1806 1228 1916 1306 λςι..

241 1323 488 1395 τουργῶν
506 1321 832 1391 ἀφορήτους,
852 1320 946 1370 καὶ
969 1318 1219 1372 κλέπτειν
1243 1319 1610 1387 ἀναγκάζεται
1635 1317 1912 1382 πολλάκις,

241 1417 338 1469 καὶ
363 1414 430 1466 τά
461 1411 660 1481 ἐτέρων
690 1407 975 1480 ἁρπάζειν,
1005 1409 1099 1460 κα)⁴
1117 1407 1586 1471 πλεονεκτεῖν,καὶ
1611 1405 1909 1476 βιάζεσθαι.

246 1504 346 1556 Ἂν
364 1501 541 1554 τοίνυν
570 1497 748 1567 φύγῃς
786 1496 846 1548 τὸ
874 1497 1107 1566 τρυφᾷν,
1141 1496 1234 1548 καὶ
1269 1495 1583 1560 πλεονεξίας
1613 1495 1708 1548 καὶ
1740 1495 1916 1565 ἀρπα-

239 1590 349 1659 γῆς
379 1589 470 1640 καὶ
507 1585 676 1658 μέθης
702 1584 798 1637 καὶ
829 1583 1037 1653 μυρίων
1066 1583 1251 1636 κακῶν
1273 1582 1370 1652 τὴν
1395 1581 1650 1635 ὑπόθεσιν
1685 1583 1913 1647 ἀνεῖλες,

241 1675 526 1748 πόρρωθεν
561 1674 659 1742 τὴν
687 1671 841 1741 ῥίζαν
878 1668 1126 1739 ἐκτεμὼν
1167 1671 1266 1741 τῆς
1304 1669 1591 1740 πονηρίας.
1624 1669 1722 1722 Διά
1759 1669 1918 1722 τοῦτο

240 1761 338 1816 καὶ
371 1761 398 1811 6
440 1757 652 1818 Παῦλος
698 1754 903 1822 ἔλεγεν,
949 1755 1032 1806 ὅτι
1071 1755 1132 1807 Ἠ
1173 1753 1548 1808 σπαταλῶσα
1579 1753 1737 1822 χήρα
1763 1753 1917 1813 ζῶσα

241 1848 513 1914 τέθνηκε.
546 1845 618 1896 Τὸ
647 1845 727 1906 εἰς
756 1843 822 1895 τά
851 1842 1052 1912 θέατρα
1103 1842 1415 1894 ἀναϐαίνειν
1447 1842 1630 1904 πάλιν,
1681 1842 1774 1894 καὶ
1821 1842 1913 1893 ϊπο

242 1953 362 1988 πων
398 1934 629 2004 ἁμίλλας
664 1932 910 2002 θεωρεῖν,
944 1932 1036 1984 καὶ
1088 1930 1364 1992 κυϐεύειν,
1400 1933 1461 1984 ού
1491 1933 1639 1985 δοκεῖ
1662 1929 1918 2000 πλημμέ-

239 2023 392 2092 λημα
411 2023 523 2084 τοῖς
557 2019 769 2081 πολλοῖς
796 2018 1216 2089 ὡμολογημένον
1247 2013 1407 2075 εἶναι.
1443 2019 1613 2090 μυρία
1635 2019 1690 2070 δέ
1718 2018 1798 2081 είς
1828 2017 1918 2069 τὸν

244 2109 359 2178 βίον
388 2109 598 2175 εἰσάγει
630 2105 795 2160 κακά.
836 2108 944 2158 Καὶ
975 2105 1084 2174 γάρ
1114 2107 1146 2174 ἡ
1173 2107 1228 2157 ἐν
1252 2109 1364 2168 τοῖς
1393 2105 1639 2178 θεάτροις
1665 2105 1916 2176 διατριϐὴ

241 2197 522 2268 πορνείαν,
555 2194 868 2256 ἀκολασίαν,
895 2195 987 2246 καὶ
1015 2195 1193 2246 πᾶσαν
1227 2193 1514 2262 ἀσέλγειαν
1550 2191 1574 2228 δ
1613 2193 1790 2258 ἔτεκε,
1825 2194 1919 2247 καὶ

241 2288 275 2355 ἡ
311 2285 410 2354 τῆς
445 2283 678 2353 ἁμίλλης
709 2282 814 2334 τῶν
866 2283 1048 2334 ἵππων
1101 2281 1305 2352 Θεωρία
1365 2284 1564 2352 μάχας,
1622 2283 1916 2353 λοιδορίας,

241 2375 477 2442 πληγάς,
516 2371 722 2441 ῦϐρεις,
777 2370 1070 2440 ἀπεχθείας
1125 2371 1395 2442 διηνεκεῖς
1455 2373 1722 2443 ἐπήγαγε·
1761 2373 1916 2442 καὶὴ

243 2462 370 2532 περὶ
397 2460 457 2512 τὸ
486 2459 736 2512 κυϐεύειν
769 2459 972 2528 σπουδὴ
1025 2458 1407 2531 βλασφημίας,
1444 2460 1672 2532 ζημίας,
1724 2462 1915 2533 ὀργάς,

240 2550 529 2621 λοιδορίας,
555 2549 648 2601 καὶ
695 2547 868 2618 μυρία
907 2547 1069 2618 ἕτερα
1103 2548 1306 2601 τούτων
1339 2548 1618 2619 δεινότερα
1658 2549 1918 2614 πολλάκις

244 2639 555 2708 εἰργάσατο.
583 2635 673 2704 Μὴ
700 2635 878 2686 τοίνυν
903 2635 970 2687 τά
1008 2636 1380 2705 ἁμαρτήματα
1413 2637 1705 2706 φεύγωμεν
1734 2637 1913 2706 μόνον,

242 2725 377 2778 ἀλλά
410 2723 503 2777 καὶ
527 2721 594 2775 τά
619 2721 876 2774 δοκοῦντα
910 2721 1009 2792 μέν
1063 2722 1331 2793 ἀδιάφορα
1362 2719 1517 2788 εἶναι,
1551 2723 1689 2776 κατά
1725 2727 1920 2796 μικρὸν

241 2814 299 2867 6‘;
325 2815 474 2883 ἡμᾶς
525 2814 602 2876 εἰς
630 2811 727 2875 τὰς
758 2811 1136 2881 πλημμελείας
1172 2811 1372 2880 ἄγοντα
1403 2812 1623 2876 ταύτας.
1662 2814 1771 2866 Καὶ
1812 2814 1918 2886 γάρ

243 2902 270 2952 6
298 2899 449 2972 παρά
499 2900 742 2972 κρημνὸν
772 2899 1023 2968 βαδίζων,
1062 2899 1169 2952 κάν
1217 2900 1292 2971 μὴ
1333 2901 1643 2973 καταπέσῃ.
1701 2903 1917 2974 τρέμει,

244 2993 339 3043 καὶ
379 2990 638 3053 πολλάκις
678 2989 770 3042 ὑπ’
803 2989 966 3042 αὑτοῦ
1004 2989 1096 3043 τοῦ
1144 2991 1346 3061 τρόμου
1398 2996 1759 3064 περιτραπεὶς
1790 3013 1921 3049 κατ-

243 3082 459 3133 έπεσεν⁹
493 3079 635 3133 οὕτω
665 3080 758 3132 καὶ
786 3081 814 3131 6
841 3078 915 3149 μὴ
946 3078 1228 3150 πόρῥωθεν
1252 3080 1469 3149 φεύγων
1494 3081 1592 3144 τὰς
1623 3083 1918 3156 ἁμαρτίας,

243 3169 360 3223 ἀλλ’
387 3168 552 3236 ἐγγυς
584 3167 763 3222 αὐτῶν
811 3165 1038 3235 βαδίζων
1064 3205 1077 3229 ,
1119 3166 1257 3236 μετά
1305 3168 1471 3236 φόϐου
1519 3171 1796 3240 βιώσεται,
1831 3175 1923 3228 καὶ

246 3256 506 3319 πολλάκις
535 3259 614 3319 είς
658 3255 827 3318 αὑτάς
860 3256 1202 3324 ἐμπεσεῖται.
1241 3258 1354 3310 Καὶ
1381 3256 1492 3330 γάρ
1511 3261 1539 3311 ό
1563 3259 1631 3313 τά
1665 3261 1922 3332 ἀλλότρια

246 3345 742 3416 περιεργαζόμενος
780 3343 971 3413 κάλλη.
1011 3345 1114 3396 κάν
1147 3345 1220 3415 μὴ
1251 3347 1533 3418 μοιχεύσῃ,
1562 3348 1700 3413 τέως
1727 3351 1922 3404 ἐπεθύ-

246 3449 412 3502 μησε,
446 3433 538 3484 καὶ
559 3432 750 3499 γέγονε
782 3431 924 3484 κατά
955 3430 1050 3502 τὴν
1081 3433 1358 3501 ἀπόφασιν
1407 3436 1501 3487 τοῦ
1537 3437 1775 3507 Χριστοῦ
1805 3457 1924 3509 μοι-

245 3521 359 3591 χός.
394 3520 652 3583 πολλάκις
681 3521 736 3573 δὲ
776 3520 866 3572 ὑπ’
899 3521 1069 3590 αὐτῆς
1099 3522 1199 3591 τῆς
1253 3521 1548 3593 ἐπιθυμίας
1577 3526 1670 3578 καὶ
1696 3529 1776 3590 εἰς
1825 3528 1924 3599 τὴν

243 3608 335 3660 διὰ
366 3609 466 3677 τῆς
499 3608 693 3678 πείρας
737 3607 1010 3678 ἁμαρτίαν
1062 3609 1451 3681 καταφέρεται.
1504 3612 1793 3684 Πόρρωθεν
1817 3617 1924 3668 τοί-

245 3713 344 3750 νυν
371 3698 596 3761 ἑαυτοὺς
654 3697 1062 3768 ἀναστείλωμεν
1102 3697 1210 3750 τῶν
1242 3700 1680 3770 ἁμαρτημάτων.
1736 3705 1924 3760 Βούλει

247 3786 572 3854 σωφρονεῖν;
613 3785 686 3853 μὴ
721 3784 900 3853 φύγῃς
932 3785 1176 3854 μοιχείαν
1219 3786 1398 3855 μόνον,
1435 3787 1571 3840 ἀλλά
1602 3789 1694 3841 καὶ
1723 3791 1924 3845 ἀκόλα-

247 3889 373 3924 στον
401 3871 543 3940 ὄψιν.
579 3871 768 3924 Βούλει
805 3873 1064 3942 ῥημάτων
1098 3874 1339 3943 αἰσχρῶν
1366 3871 1505 3928 εἶναι
1538 3879 1790 3948 μακράν;
1851 3879 1926 3951 μὴ

244 3961 314 4013 τὰ
344 3959 542 4031 αἰσχρά
573 3961 793 4030 ῥήματα
826 3960 1004 4033 φύγῃς
1033 3962 1210 4032 μόνον,
1253 3962 1390 4016 ἀλλά
1423 3965 1519 4018 καὶ
1551 3965 1761 4034 γέλωτα
1796 3967 1927 4022 ἀτα-

247 4065 396 4110 κτον,
420 4049 511 4100 καὶ
531 4047 826 4118 ἐπιθυμίαν
850 4048 1089 4102 ἃπασαν.
1112 4050 1300 4102 Βούλει
1331 4051 1508 4120 φόνων
1539 4048 1676 4106 εἶναι
1706 4055 1924 4126 πόρῥω;

247 4136 415 4204 φεῦγε
445 4136 728 4205 λοιδορίας.
760 4136 945 4188 Βούλει
976 4137 1146 4206 μέθης
1183 4136 1332 4209 1158]
1362 4139 1691 4207 ἀφίστασθαι
1718 4158 1731 4205 ;
1758 4143 1926 4212 φεῦγε

246 4223 458 4294 τρυφάς
487 4223 697 4285 καὶτὰς
722 4223 1033 4286 πολυτελεῖς
1061 4223 1364 4294 τραπέζας,
1399 4229 1491 4280 καὶ
1516 4229 1812 4300 πρόρριζον
1829 4230 1928 4302 τὴν

247 4310 447 4362 κακίαν
475 4309 806 4363 ἀνάσπασον.
868 4310 1099 4380 Μεγάλη
1150 4315 1316 4380 παγὶς
1376 4314 1628 4386 γλώσσης
1664 4317 1928 4371 ἀκολασία

247 4399 346 4450 καὶ
391 4396 586 4449 πολλοῦ
631 4397 860 4468 δεομένη
914 4397 1007 4450 τοῦ
1067 4400 1307 4469 χαλινοῦ.
1354 4401 1452 4455 Διά
1512 4404 1669 4456 τοῦτο
1710 4406 1804 4458 καί
1845 4405 1927 4468 τίς

248 4500 406 4554 φησι’
437 4485 626 4555 Παγίς
655 4487 878 4554 ἰσχυρὰ
897 4488 1069 4556 ἀνδρὶ
1091 4489 1160 4544 τὰ
1189 4489 1311 4544 ἴδια
1337 4492 1537 4562 χείλη,
1561 4494 1658 4547 καὶ
1680 4495 1928 4549 ἁλίσκε-

247 4591 346 4626 ται
368 4572 643 4642 ρήμασιν
675 4573 830 4628 ίδίου
863 4577 1184 4644 στόματος.

319 4670 384 4715 ε’.
418 4664 529 4735 Πρὸ
555 4664 664 4717 τῶν
712 4666 886 4719 ἄλλων
912 4667 1090 4720 τοίνυν
1113 4669 1368 4722 ἁπάντων
1391 4671 1570 4740 μελῶν
1589 4671 1792 4740 ταύτην
1821 4690 1926 4726 σω-

248 4752 616 4822 ςρονίσιυμεν,
648 4753 850 4824 ταύτην
905 4755 1328 4827 χαλινώσωμεν,
1371 4759 1465 4812 καὶ
1505 4758 1772 4831 λοιδορίας
1834 4761 1930 4814 καὶ⁹

249 4839 442 4909 ὓὸρεις
475 4841 570 4892 καὶ
596 4842 979 4912 αἰσχρολογίας
1005 4845 1100 4897 καὶ
1151 4848 1493 4917 κακηγορίας
1523 4847 1631 4901 ἀπὺ
1681 4849 1775 4902 τοῦ
1809 4849 1932 4904 στό-

253 4944 426 4995 ματος
459 4927 821 4999 ἐξελάσωμεν,
858 4933 952 4983 καὶ
984 4932 1084 5002 τὴν
1132 4935 1377 5005 πονηράν
1437 4934 1547 4987 τῶν
1583 4936 1762 5007 ὅρκων
1814 4955 1933 4991 συν-

250 5014 464 5084 ήθειανθ
503 5015 662 5068 πάλιν
693 5017 800 5086 γάρ
831 5020 978 5088 ἡμᾶς
1006 5021 1097 5072 ἐπὶ
1127 5022 1223 5092 τὴν
1245 5023 1414 5093 αὐτὴν
1448 5024 1770 5094 παραίνεσιν
1791 5028 1818 5078 6
1845 5026 1933 5079 λό-

248 5118 350 5168 γος
383 5102 577 5171 ἤγαγε.
623 5104 814 5158 Καίτοι
847 5124 910 5174 γε
962 5107 1197 5179 ἑσπέρας
1251 5111 1631 5182 συνεταξάμην
1682 5114 1832 5183 ὑμῶν
1864 5117 1932 5186 τῇ

249 5190 465 5262 ἀγάπη,
489 5191 565 5254 ὡς
595 5193 779 5246 οὐκέτι
819 5196 948 5266 περὶ
972 5197 1070 5266 τῆς
1099 5198 1320 5269 ἐντολῆς
1340 5201 1542 5271 ταύτης
1578 5201 1708 5272 ἐρῶ,
1737 5201 1826 5255 διά
1873 5203 1935 5255 τὸ

251 5278 437 5341 πάσας
466 5279 564 5342 τάς
596 5279 905 5351 ἔμπροσθεν
945 5284 1157 5356 ἡμέρας
1215 5287 1528 5357 ἀρκούντως
1578 5291 1707 5361 περὶ
1765 5291 1936 5362 αὐτῆς

249 5366 568 5436 διειλέχθαι·
594 5369 729 5422 ἀλλά
758 5370 810 5421 τί
842 5371 1031 5438 πάθω;
1065 5373 1208 5437 Ἕως
1237 5374 1302 5428 ἂν
1341 5377 1433 5430 ίδω
1458 5377 1934 5449 κατορθώσαντας,

252 5457 313 5506 ού
341 5455 520 5523 στέγω
547 5467 569 5494 ο
599 5458 698 5527 τῆς
729 5460 1038 5531 συμϐουλῆς
1068 5462 1422 5533 ἀποσχέσθαι·
1457 5467 1579 5519 ἐπεὶ
1613 5467 1707 5520 καὶ
1725 5467 1939 5531 Παῦλος

253 5541 526 5606 Γαλάταις
556 5543 752 5612 λέγων,
782 5547 890 5601 Τοῦ
921 5548 1138 5602 λοιποῦ
1169 5552 1398 5618 κόπους
1427 5572 1530 5622 μοι
1553 5555 1763 5623 μηδείς
1796 5573 1942 5624 παρ-

258 5631 468 5700 εχέτω,
531 5634 691 5689 πάλιν
739 5637 924 5702 αὐτοῖς
970 5640 1220 5707 φαίνεται
1273 5645 1667 5714 συγγενόμενος
1699 5647 1793 5699 καὶ
1824 5645 1943 5700 δια-

256 5721 490 5792 λεχθείς.
525 5721 760 5777 Τοιαῦτα
818 5727 886 5780 τὰ
925 5729 1212 5798 σπλάγχνα
1243 5729 1310 5781 τά
1336 5733 1602 5801 πατρικά,
1644 5734 1747 5786 κᾶν
1775 5735 1944 5788 εἴπω-

257 5826 343 5862 σιν
370 5809 723 5877 ἀφίστασθαι,
771 5813 872 5865 ούκ
899 5814 1244 5883 ἀφίστανται,
1294 5817 1400 5880 ἐως
1433 5817 1498 5870 ἂν
1533 5819 1683 5872 ἴδωσι
1721 5838 1941 5892 σωφρο-

316 5931 346 5997 f
416 5933 470 5980 lil
496 5934 770 5997 παράνοιαν.

323 5991 354 6065 ξ)
378 5995 488 6065 ξεῖν.
517 5991 788 6065 αίῳιίιίιιιη
813 5998 895 6046 alii
918 5999 1152 6065 πορνείας,
1179 6001 1456 6065 ἀκολασίας,
1483 6003 1746 6065 ἀσελγείας.

324 6060 348 6088 ε
376 6058 554 6106 Sav.et
573 6059 767 6119 plurimi
784 6073 897 6109 mss.
923 6058 1170 6123 οὐστέγω,
1199 6063 1316 6113 Mor.
1347 6066 1401 6112 οὐ
1426 6058 1625 6126 στέργωζ

1297 411 1388 466 AD
1425 409 1756 467 POPULUM
1797 404 2298 464 ANTIOCHENUM
2338 404 2570 462 IIOMIL.
2606 403 2722 460 XV.

3587 403 3696 458 {'60

2019 521 2300 586 νισθέντας
2326 522 2506 575 αὐτῶν
2531 523 2656 585 τοὺς
2682 519 2896 582 παῖδας,
2949 517 3243 571 Ἠκούσατε
3281 517 3372 570 τοῦ
3413 518 3692 589 προφήτου

2019 611 2255 682 σήμερον
2278 628 2344 663 πε
2354 610 2406 681 ρὶ
2430 610 2538 662 τῶν
2553 611 2731 681 ὅρκων
2746 609 2878 678 ἡμῖν
2898 605 3282 674 διαλεγομένου
3307 622 3321 670 ;
3354 604 3695 674 Ἐπέϐλεψα

2015 698 2140 764 τοῖς
2167 697 2495 767 ὀφθαλμοῖς
2517 715 2656 766 μου,
2687 695 2782 748 καὶ
2804 690 3162 762 εἷδον,φησ“ι,
3195 692 3291 746 καὶ
3319 691 3448 746 ἰδοὺ
3479 692 3695 761 δρέπα-

2014 803 2127 838 νον
2148 787 2479 854 πετόμενον
2501 785 2736 854 μήκους
2764 780 2975 850 πηχῶν
3025 781 3238 844 εἴκοσι,
3279 779 3377 833 καὶ
3423 779 3697 848 πλάτους

2017 873 2228 942 πηχῶν
2257 872 2402 926 δέκα
2421 915 2434 938 ,
2466 872 2564 925 καὶ
2589 868 2720 925 εἷπε
2739 869 2889 937 πρός
2912 885 3006 939 με·
3051 869 3112 921 Τί
3135 878 3218 920 συ
3245 868 3500 934 βλέπεις
3531 883 3549 931 ;
3583 869 3689 922 Καὶ

2017 959 2205 1016 εἷπον·
2271 963 2416 1029 Ὀρῶ
2451 962 2750 1030 δρέπανον
2773 962 3106 1029 πετόμενον
3147 958 3383 1027 μήκους
3407 957 3620 1027 πηχῶν
3663 958 3692 999 ἀ

2016 1050 2232 1109 εἴκοσι.
2268 1052 2365 1104 καὶ
2404 1050 2674 1116 πλάτους
2715 1048 2858 1101 δέκα
2889 1047 3118 1116 πηχῶν·
3147 1048 3247 1100 καὶ
3283 1049 3695 1102 είσελεύσεται

2016 1142 2103 1205 εὶς
2141 1141 2246 1193 τὸν
2274 1137 2460 1205 οἷκον,
2494 1142 2647 1211 φησὶ,
2670 1139 2778 1192 τοῦ
2802 1140 3132 1208 ὀμνύοντος
3167 1136 3246 1204 τῷ
3281 1139 3530 1208 ὀνόματί
3549 1158 3692 1210 μου,

2018 1227 2116 1280 καὶ
2137 1229 2461 1281 καταλύσει
2487 1229 2556 1280 ἐν·
2583 1220 2663 1287 τῷ
2672 1222 2859 1292 μέσῳ,
2885 1227 2984 1279 καὶ
3013 1227 3394 1294 κατασκάψει
3423 1228 3563 1295 τοὺς
3600 1230 3697 1284 λί-

2019 1321 2163 1381 θους
2185 1316 2282 1369 καὶ
2307 1317 2375 1368 τὰ
2403 1316 2580 1379 ξύλα.
2615 1316 2680 1368 Τί
2710 1316 2837 1368 ποτέ
2859 1317 2974 1368 ἐστι
3008 1315 3068 1368 τὸ
3102 1316 3411 1386 εἰρημένον,
3442 1318 3535 1370 καὶ
3553 1317 3698 1383 τίνος

2018 1403 2201 1456 ἐνεκεν
2233 1405 2290 1456 ἐν
2323 1403 2474 1468 τάξει
2525 1405 2795 1475 δρεπάνης
2835 1405 2868 1473 ἡ
2911 1406 3023 1466 τοῖς
3073 1403 3362 1473 ὀμνύουσιν
3401 1406 3640 1476 ἑπομένη
3672 1420 3696 1446 θ

2019 1493 2257 1563 τιμωρία
2311 1492 2580 1560 φαίνεται,
2645 1493 2740 1545 καὶ
2780 1492 3055 1562 δρεπάνης
3098 1492 3433 1563 πετομένης;
3498 1493 3613 1546 Ἵνα
3638 1494 3698 1547 τὸ

2019 1579 2258 1647 ἄφυκτον
2309 1585 2409 1650 τῆς
2437 1581 2594 1652 δίκης
2639 1580 2822 1634 καὶτὸ
2870 1579 3238 1643 ἀδιεξόδευτον
3286 1581 3385 1650 τῆς
3425 1581 3698 1646 κολάσεως

2025 1667 2161 1739 ἴδῃς.
2200 1667 2364 1736 Ξίφος
2411 1669 2506 1739 μὲν
2550 1669 2658 1737 γὰρ
2694 1667 2991 1737 πετόμενον
3027 1667 3157 1731 ἴσως
3194 1686 3278 1732 τις
3311 1669 3700 1740 διαδράναιδυ-

2019 1754 2262 1823 νήσεται,
2296 1755 2569 1826 δρεπάνην
2596 1755 2652 1807 δέ
2688 1757 2766 1816 είς
2795 1755 2888 1808 τὸν
2921 1753 3194 1825 τράχηλον
3230 1756 3577 1826 ἐμπεσοῦσαν
3605 1760 3700 1811 καὶ

2021 1841 2140 1893 ἀντὶ
2177 1843 2406 1913 σχοινίου
2437 1843 2755 1913 γενομένην,
2778 1843 2949 1906 οὐδεὶς
2991 1842 3057 1895 ἂν
3085 1842 3356 1911 διαφύγοι⁸
3375 1843 3503 1896 ὅταν
3533 1845 3588 1896 δέ
3607 1845 3700 1897 καὶ

2023 1931 2198 2000 πτερὰ
2229 1935 2426 2002 προσῇ,
2450 1932 2577 1985 ποία
2605 1931 2788 1984 λοιπὸν
2819 1932 3091 2002 σωτηρίας
3123 1931 3308 1996 ἐλπίς;
3339 1931 3495 1997 Τίνος
3515 1933 3570 1985 δέ
3593 1934 3702 1986 ἐνε-

2023 2033 2116 2070 κεν
2146 2021 2272 2082 τοὺς
2308 2019 2490 2082 λίθους
2527 2020 2621 2072 καὶ
2645 2019 2714 2073 τά
2750 2018 2880 2084 ξύλα
2929 2019 3190 2073 καταλύει
3249 2020 3340 2074 τοῦ
3375 2021 3699 2092 ὀμνύοντοςς

2023 2105 2142 2158 Ἵνα
2177 2109 2291 2169 τοῖς
2320 2106 2500 2170 ἄλλοις
2522 2107 2901 2177 σωφρονισμὸς
2928 2106 2989 2158 τὸ
3018 2108 3189 2171 πάθος
3219 2109 3460 2180 γένηται.
3481 2109 3700 2180 Ἐπειδὴ

2021 2194 2127 2264 γὰρ
2153 2194 2242 2247 τὸν
2267 2195 2534 2265 ὀμνύοντα
2555 2197 2894 2250 ἀποθανόντα
2919 2196 3133 2264 ἀνάγκη
3149 2199 3214 2267 τῇ
3244 2200 3311 2268 γῇ
3343 2197 3698 2269 κρύπτεσθαι,

2021 2284 2052 2350 ἡ
2078 2283 2224 2336 οἰκῗα
2253 2283 2621 2338 καταλυθεῖσα
2650 2285 2746 2336 καὶ
2773 2285 2933 2354 χῶμα
2961 2285 3230 2356 γενομένη
3263 2288 3374 2348 τοῖς
3407 2286 3701 2357 παριοῦσιν

2022 2371 2190 2424 ἅπασι
2230 2373 2323 2423 καὶ
2354 2372 2610 2441 βλέπουσι
2642 2373 3033 2442 παραινέσεται
3070 2373 3158 2426 διά
3178 2374 3275 2445 τῆς
3307 2373 3504 2443 ὅψεως,
3539 2375 3614 2446 μὴ
3636 2375 3706 2429 τὰ

2022 2459 2160 2511 αύτά
2184 2459 2409 2530 τολμᾷν,
2435 2461 2522 2514 ἵνα
2557 2461 2630 2531 μὴ
2662 2460 2730 2512 τά
2773 2462 2913 2514 αύτά
2958 2461 3195 2524 πάθωσι,
3248 2462 3343 2514 καὶ
3397 2464 3706 2535 κατήγορος

2023 2544 2174 2598 ἔσται
2205 2546 2308 2616 τῆς
2338 2546 2430 2600 τοῦ
2473 2547 2921 2617 τετελευτηκότος
2974 2549 3249 2621 ἁμαρτίας
3289 2550 3562 2622 διηνεκὴς.
3593 2551 3706 2622 Ούχ

2022 2633 2162 2686 οὕτω
2188 2638 2369 2688 κεντεῖ
2401 2635 2571 2704 ξίφος,
2609 2636 2682 2699 ὡς
2718 2638 2877 2707 ἰὶρκου
2909 2636 3088 2706 φύσις·
3124 2639 3221 2708 ούχ
3267 2638 3442 2701 οὓτως
3492 2639 3708 2709 ἀναιρεῖ

2025 2725 2296 2797 μάχαιρα,
2347 2728 2424 2790 ὡς
2472 2729 2634 2800 ὅρκου
2672 2728 2876 2800 πληγή.
2921 2730 2978 2782 ’0
3002 2731 3230 2800 ὀμόσας,
3287 2730 3389 2784 κᾶν
3423 2731 3554 2803 δοκῇ
3583 2730 3705 2804 ζῇν,

2023 2814 2124 2883 ’ήδη
2153 2814 2526 2884 τετελεύτηκε,
2566 2816 2658 2869 καὶ
2681 2817 2778 2886 τὴν
2821 2817 3032 2888 πληγὴν
3063 2818 3296 2883 ἐδέξατο·
3325 2819 3418 2872 καὶ
3457 2820 3709 2894 καθάπερ

2021 2903 2051 2954 6
2073 2901 2135 2954 τὸ
2169 2903 2428 2972 σπαρτίον
2451 2902 2648 2968 λαϐὼν,
2675 2905 2767 2956 καὶ
2793 2907 2920 2974 πρὶν
2947 2905 2980 2974 ἢ
3013 2905 3112 2974 τὴν
3141 2906 3292 2960 πόλιν
3324 2906 3582 2973 ἐξελθεῖν,
3613 2909 3709 2963 καὶ

2024 2989 2117 3041 ἐπὶ
2169 2989 2227 3041 τὸ
2257 2990 2528 3062 βάραθρον
2550 2991 2745 3054 ἐλθεῖν,
2799 2992 2892 3044 καὶ
2919 2992 3112 3063 δήμιον
3152 2994 3281 3048 ἰδεῖν
3321 2996 3707 3066 ἐφιστάμενον,

2024 3075 2285 3147 τέθνηκεν
2313 3079 2430 3148 ἄμα
2457 3077 2536 3148 τῷ
2563 3078 2662 3142 τὰς
2713 3079 2882 3150 θύρας
2908 3079 3146 3144 ἐξελθεῖν
3200 3081 3296 3135 τοῦ
3331 3082 3706 3155 δικαστηρίου,

2024 3163 2168 3217 οὓτω
2203 3166 2298 3219 καὶ
2326 3168 2353 3218 6
2403 3165 2631 3235 ὀμόσας.
2681 3167 2866 3220 Ταῦτα
2923 3167 3288 3240 λογιζώμεθα,
3327 3171 3528 3242 καὶμὴ
3559 3173 3710 3244 ὁρκί-

2027 3252 2208 3323 ζωμεν
2232 3253 2358 3315 τοὺς
2389 3253 2671 3323 ἀδελφούς.
2731 3254 2796 3306 Τί
2835 3259 3029 3320 ποιεῖς,
3061 3257 3350 3328 ἀνθρωπε;
3381 3259 3475 3312 ἐπὶ
3496 3261 3710 3331 τραπέ-

2028 3339 2126 3410 ζης
2156 3340 2396 3411 ὀρκίζεις
2425 3341 2596 3412 ἱερᾶς,
2641 3343 2735 3395 καὶ
2763 3341 2892 3396 ἔνθα
2943 3345 2970 3396 6
2999 3345 3232 3414 Χριστὸς
3264 3349 3440 3400 κεῖται
3477 3349 3711 3421 τεθυμέ-

2027 3445 2136 3493 νος,
2171 3429 2288 3480 ἐκεῖ
2313 3427 2403 3480 τὸν
2444 3428 2672 3497 ἀδελφὸν
2715 3430 3009 3496 καταθύεις
3042 3431 3134 3485 τὸν
3174 3434 3301 3501 σόν;
3363 3437 3474 3510 καὶ
3520 3441 3566 3491 οί
3610 3439 3710 3509 μέν

2027 3517 2223 3588 λῃσταὶ
2255 3517 2346 3569 ἐπὶ
2371 3516 2481 3569 τῶν
2497 3518 2631 3571 ὁδῶν
2655 3517 2674 3556 ί
2695 3517 2902 3580 Θύουσι,
2934 3520 2996 3572 σὺ
3032 3520 3088 3574 δέ
3114 3521 3425 3593 ἔμπροσθεν
3441 3526 3540 3595 τῆς
3558 3526 3711 3601 [159]

2033 3604 2267 3675 μητέρος
2290 3604 2381 3656 τὸν
2409 3606 2524 3657 υίὸν
2558 3605 2848 3669 καταθύεις
2871 3609 3230 3680 ἐναγέστερον
3245 3610 3338 3664 τοῦ
3374 3613 3516 3666 Κάῖν
3555 3615 3714 3686 ἐργα-

2030 3691 2257 3759 ζόμενος
2286 3691 2476 3761 φόνον;
2497 3693 2737 3756 Ἐκεῖνος
2771 3695 2868 3764 μὲν
2901 3694 3010 3766 γὰρ
3039 3695 3196 3750 ἔθυσε
3231 3698 3324 3752 τὸν
3359 3701 3591 3770 ἀδελφὸν
3617 3704 3714 3754 αύ-

2028 3779 2123 3832 τοῦ
2152 3780 2246 3832 ἐπὶ
2279 3780 2380 3850 τῆς
2424 3782 2683 3852 ἐρημίας,
2749 3783 2842 3834 καὶ
2871 3783 2962 3835 τὸν
3006 3785 3251 3855 παρόντα
3274 3786 3524 3841 θάνατον·
3558 3791 3622 3844 σὺ
3656 3791 3714 3844 δὲ

2031 3867 2179 3931 θύεις
2207 3868 2300 3920 τὸν
2330 3869 2559 3938 ἀδελφὸν
2593 3872 2650 3922 ἐν
2686 3870 2838 3940 μέσῳ
2869 3872 2965 3940 τῆς
3000 3873 3318 3944 ἐκκλησίας,
3351 3877 3563 3932 καὶτὸν
3595 3880 3718 3950 μέλ·

2029 3955 2188 4008 λοντα
2216 3955 2444 4010 θάνατον
2469 3957 2559 4011 τὸν
2582 3957 2868 4013 ἀθάνατον.
2901 3960 2990 4030 Μὴ
3020 3962 3128 4032 γάρ
3157 3964 3418 4036 ἐκκλησία
3447 3966 3536 4020 διὰ
3557 3967 3717 4022 τοῦτο

2029 4044 2276 4112 γέγονεν,
2336 4045 2422 4096 ἵνα
2456 4045 2783 4116 ὀμνύωμενς
2833 4047 2932 4100 Διά
2954 4049 3110 4102 τοῦτο
3141 4050 3384 4120 γέγονεν,
3418 4054 3504 4107 ἵνα
3542 4057 3713 4126 εὐχώ-

2035 4133 2191 4203 μεθα.
2227 4134 2319 4204 Μὴ
2347 4133 2456 4202 γάρ
2483 4133 2731 4204 τράπεζα
2768 4135 2857 4188 διά
2882 4136 3040 4190 τοῦτο
3083 4137 3330 4209 ἕστηκεν,
3364 4141 3450 4194 ἵνα
3475 4144 3710 4212 ὁρκίζω-

2036 4238 2167 4291 μεν;
2206 4222 2303 4274 Διὰ
2331 4221 2490 4274 τοῦτο
2527 4223 2782 4294 ἕστηκεν,
2817 4225 2904 4278 ἵνα
2955 4226 3022 4278 τά
3060 4227 3434 4299 ἁμαρτήματα
3473 4230 3713 4302 λύωμεν,

2031 4309 2129 4378 οὐχ
2162 4309 2248 4362 ἶνα
2277 4310 2334 4362 δε
2345 4309 2466 4380 σμῶ
2473 4327 2592 4380 μεν.

2104 4399 2177 4450 Σὺ
2209 4397 2266 4451 δέ
2298 4399 2345 4451 εἰ
2377 4398 2543 4468 μηδὲν
2569 4398 2774 4469 ἕτερον,
2818 4401 2949 4454 αὐτὸ
2975 4400 3104 4469 γοῦν
3125 4402 3185 4455 τὸ
3210 4403 3414 4472 βιϐλίον
3437 4406 3717 4479 αἰδέσθητι

2030 4486 2059 4539 ὂ
2081 4486 2380 4558 προτείνεις
2406 4489 2484 4550 είς
2507 4487 2686 4556 ὅρκον,
2712 4490 2807 4540 καὶ
2833 4488 2893 4540 τὸ
2921 4489 3270 4558 Εὐαγγέλιον,
3294 4491 3321 4545 6
3353 4493 3488 4561 μετά
3527 4498 3716 4566 χεῖρας

2032 4574 2324 4644 λαμϐάνων
2355 4573 2598 4638 κελεύεις
2625 4574 2877 4643 ὀμνύναι,
2921 4577 3246 4645 ἀνάπτυξον,
3274 4578 3366 4631 καὶ
3399 4580 3637 4646 ἀκούσας
3665 4584 3718 4637 τί

2036 4663 2164 4733 περὶ
2196 4664 2373 4732 ὅρκων
2403 4664 2430 4714 6
2467 4663 2702 4732 Χριστὸς
2731 4665 2848 4716 ἐκεῖ
2867 4663 3196 4732 διαλέγεται,
3225 4666 3434 4738 φρίξον,
3471 4670 3562 4722 καὶ
3585 4669 3718 4723 ἀπό·

2037 4750 2212 4821 στηθι.
2247 4750 2311 4802 Τί
2340 4747 2434 4803 οὖν
2464 4752 2584 4803 ἐκεῖ
2607 4751 2736 4821 περὶ
2769 4753 2948 4822 ὅρκων
2992 4754 3190 4824 φησίν;
3261 4755 3409 4825 Ἐγὼ
3445 4757 3514 4821 δὲ
3562 4758 3720 4828 λέγω

2033 4838 2196 4908 ὑμῖν,
2225 4838 2312 4908 μὴ
2344 4838 2558 4908 ὀμόσαι
2583 4838 2757 4905 ὅλως·
2786 4841 2849 4893 σὺ
2886 4841 2941 4892 δέ
2970 4841 3058 4893 τὸν
3095 4843 3256 4910 νόμον
3287 4843 3377 4896 τὸν
3437 4844 3718 4900 κωλύοντα

2034 4925 2284 4997 ὀμνύναι,
2330 4925 2517 4979 τοῦτον
2571 4928 2732 4998 ὅρκον
2785 4931 2992 4992 ποιεῖς;
3039 4930 3103 4982 Ὢ
3132 4931 3230 5000 τῆς
3263 4931 3503 5003 ῦϐρεωςί
3546 4933 3590 4986 ῶ
3618 4935 3720 5006 τῆς

2037 5014 2359 5084 παροινίαςε
2378 5017 2390 5068 !
2411 5015 2602 5068 ταυτὸν
2630 5015 2737 5085 γὰρ
2761 5019 2956 5080 ποιεῖς,
2979 5015 3168 5088 ῶσπερ
3189 5019 3254 5072 ἂν
3274 5022 3427 5084 εἴτις
3448 5023 3536 5075 τὸν
3561 5041 3720 5094 νομα-

2037 5099 2196 5172 θέτην
2220 5101 2310 5154 τὸν
2337 5102 2614 5156 κωλύοντα
2660 5103 2929 5172 φονεύειν,
2990 5105 3150 5159 αὑτὸν
3183 5106 3473 5179 σύμμαχον
3505 5109 3718 5165 κελεύοι

2037 5188 2291 5257 γενέσθαι
2323 5190 2458 5260 πρὸς
2484 5189 2584 5261 τὴν
2613 5193 2848 5263 σφαγήν.
2881 5194 2994 5262 Οὐχ
3024 5193 3166 5246 οὕτω
3192 5196 3362 5248 στένω
3385 5197 3478 5248 καὶ
3499 5198 3722 5268 δακρύω

2040 5277 2411 5347 σφαζομένους
2443 5278 2656 5331 ἀκούων
2685 5279 2837 5342 τινάς
2867 5282 2923 5332 ἐν
2956 5283 3076 5344 ταῖς
3133 5282 3292 5348 ὁδοῖς,
3325 5283 3400 5346 ὡς
3424 5286 3592 5337 στένω
3625 5289 3722 5338 καὶ

2038 5363 2258 5434 δακρύω
2288 5363 2381 5417 καὶ
2410 5366 2634 5435 φρίττω,
2664 5367 2884 5420 ἐπειδάν
2908 5369 3002 5420 ἴδω
3025 5369 3146 5422 τινά
3183 5370 3408 5440 πλησίον
3438 5372 3536 5441 τῆς
3584 5390 3722 5444 τραο

2041 5450 2212 5523 πέζης
2238 5452 2436 5522 ταύτης
2480 5453 2721 5518 ἐλθόντα,
2765 5457 2859 5508 καὶ
2895 5457 2992 5520 τὰς
3037 5461 3221 5528 χεῖρας
3254 5457 3432 5522 θέντα,
3482 5463 3574 5514 καὶ
3615 5462 3725 5514 τῶν

2044 5538 2393 5608 Εὑαγγελίων
2445 5542 2724 5612 ἁψάμενον
2766 5546 2860 5597 καὶ
2911 5545 3200 5615 ὀμνύοντα.
3253 5546 3384 5618 Περὶ
3425 5549 3724 5620 χρημάτων

2043 5635 2423 5705 ἀμφιϐάλλεις,
2452 5636 2571 5688 εἰπέ
2603 5655 2713 5706 μοι,
2743 5643 2835 5690 καὶ
2863 5639 3042 5708 ψυχὴν
3074 5641 3356 5712 ἀναιρεῖς;
3393 5642 3446 5692 τί
3471 5643 3726 5698 τοσοῦτον

2046 5722 2364 5792 κερδαίνεις,
2393 5725 2514 5775 ὅσον
2531 5724 2747 5794 ζημιοῖς
2778 5727 2869 5778 καὶ
2896 5727 2994 5797 τὴν
3018 5727 3196 5798 ψυχήν
3230 5746 3343 5794 σου,
3365 5730 3568 5784 καὶτὸν
3599 5732 3725 5803 πλη-

2115 5878 2140 5948 ιξ
2167 5881 2279 5948 ξαν.
2303 5888 2356 5948 {at
2377 5884 2572 5948 quidam
2593 5883 2678 5933 alii
2699 5887 2909 5948 πήχεων,
2935 5886 3028 5938 bis.

2119 5945 2141 6006 (ξ
2167 5944 2278 6006 SM".
2302 5945 2583 6006 ἐπαγομένη.

2121 6004 2138 6040 ί
2166 6003 2259 6052 Alii
2288 6006 2363 6052 ἐπὶ
2485 6009 2611 6054 ὁδον.

2118 6068 2143 6106 ⁸
2166 6065 2261 6118 Alii
2289 6069 2328 6114 ὤ
2351 6075 2431 6125 τῆς
2449 6069 2722 6131 παρανοίας.
