4112 6388
433 367 529 423 Ml

433 482 575 548 σίον;
631 481 693 536 Εί
728 483 825 553 μὲν
878 482 1166 546 πιστεύεις,
1217 485 1298 537 ὅτι
1333 486 1538 558 ἀληθής
1577 491 1731 542 ἐστιν
1785 492 1813 544 6
1838 491 1998 562 ἀνὴρ,
2031 492 2106 564 μὴ

430 571 720 642 ἐπαγάγῃς
748 571 841 624 τοῦ
868 573 1030 641 ὅρκου
1058 570 1156 640 τὴν
1185 573 1449 645 ἀνάγκην·
1502 577 1550 628 εί
1579 576 1636 629 δέ
1665 572 1832 641 οἶδας,
1863 579 1946 632 ὅτι
1970 579 2106 648 ψεύ-

429 657 598 723 δεται,
618 659 692 730 μὴ
728 660 1044 728 ἀναγκάσῃς
1073 660 1368 729 ἐπιορκεῖν.
1411 663 1547 715 Ἀλλ’
1573 665 1660 718 ἵνα
1685 665 2103 738 πληροφορηθῶ,

428 747 613 817 φησίν.
643 748 808 800 Ὅταν
842 747 938 816 μὲν
967 743 1057 800 οὖν
1083 748 1156 818 μὴ
1181 750 1428 822 ὁρκίσῃς,
1455 751 1576 804 τότε
1608 752 1796 822 ἱκανὴν
1815 752 1940 826 δέξῃ
1967 753 2104 825 πλη-

431 835 713 907 ροφορίαν.
737 835 851 888 Νῦν
871 837 968 906 μὲν
999 837 1107 908 γὰρ
1129 839 1491 910 ἀναχωρήσας
1507 839 1691 894 οἴκαδε
1717 843 1976 915 κατεσθίῃ
2026 844 2105 896 δι-

427 923 639 992 ηνεκῶς
668 924 773 976 ὐπὸ
827 923 921 976 τοῦ
955 925 1254 990 συνειδότος
1284 927 1458 982 ταῦτα
1485 927 1853 999 λογιζόμενος,
1883 926 1994 1000 ἆρα
2029 931 2103 1002 μὴ

429 1010 605 1080 μάτην
629 1009 900 1080 ῶρκωσα;
935 1009 1046 1084 ἄρα
1088 1013 1162 1084 μὴ
1191 1013 1574 1086 ἐπιώρκησεν;
1627 1012 1738 1088 ἆρα
1767 1018 1842 1088 μὴ
1872 1017 1980 1086 ἐγὼ
2005 1018 2105 1088 τῆς

429 1097 704 1169 ἁμαρτίας
736 1099 1002 1170 ἐγενόμην
1031 1101 1237 1168 αῖτιος;
1267 1105 1364 1155 Ἂν
1399 1104 1457 1157 δὲ
1485 1105 1560 1176 μὴ
1583 1105 1856 1178 ὁρκώσῃς,
1887 1106 2102 1177 ἀναχω-

434 1188 605 1255 ρήσας
630 1187 811 1241 οἴκαδε
843 1188 1043 1259 πολλὴν
1070 1189 1196 1261 δέξῃ
1230 1192 1583 1262 παραμυθίαν
1635 1194 1975 1265 εὐχαριστῶν
2025 1194 2104 1264 τῷ

429 1273 568 1344 Θεῷ,
603 1277 698 1327 καὶ
725 1276 922 1343 λέγων·
953 1277 1254 1347 Εὐλογητὸς
1275 1282 1304 1332 6
1336 1278 1488 1344 Θεὸς,
1523 1281 1605 1333 ὅτι
1636 1282 1898 1352 κατέσχον
1935 1285 2104 1350 ἐμαυ-

423 1362 536 1426 τὸν,
569 1362 664 1415 καὶ
691 1364 791 1432 οὐχ
847 1363 1088 1434 ὥρκωσα
1141 1365 1262 1436 είκῆ
1317 1366 1437 1420 οὐδὲ
1480 1367 1677 1438 μάτην.
1723 1369 2020 1438 Οίμωζέτω
2044 1371 2103 1424 τὸ

421 1451 668 1520 χρυσίον,
719 1451 1041 1504 ἀπολλύσθω
1075 1452 1143 1505 τὰ
1200 1454 1495 1524 χρήματα,
1544 1453 1686 1508 ὥστε
1727 1456 2099 1528 πληροφορίαν

422 1540 555 1608 ἡμῖν
579 1538 738 1591 τοῦτο
763 1538 1003 1609 ἐντίθησι
1037 1540 1293 1610 μάλιστα,
1332 1542 1392 1593 τὸ
1428 1541 1502 1612 μὴ
1533 1542 1847 1613 παραϐῆναι
1882 1544 1972 1596 τὸν
2011 1546 2099 1598 νό-

429 1644 552 1693 μον,
600 1627 736 1696 μηδέ
763 1627 949 1698 ἕτερον
991 1628 1298 1696 ἀναγκάσαι
1345 1627 1502 1681 τοῦτο
1534 1631 1774 1700 ποιῆσαι.
1819 1630 2098 1702 Ἐννόησαι

421 1713 509 1767 διὰ
530 1713 650 1766 τίνα
677 1715 773 1784 οὐχ
803 1713 1092 1784 ὦρκωσας,
1143 1717 1236 1768 καὶ
1264 1716 1484 1786 ἀρκέσει
1521 1734 1604 1769 σοι
1633 1717 1790 1770 τοῦτο
1817 1721 1894 1782 είς
1924 1738 2099 1793 παρα-

426 1800 620 1868 μυθίαν
650 1803 744 1854 καὶ
791 1801 1153 1872 παράκλησιν.
1207 1803 1473 1866 Πολλάκις
1506 1803 1638 1871 γοῦν
1667 1805 1844 1875 μάχης
1879 1807 2100 1877 γινομέ-

423 1905 521 1958 νης
556 1887 904 1958 ὑϐριζόμενοι
944 1889 1182 1960 φέρομεν
1207 1889 1470 1958 γενναίως
1491 1930 1506 1952 ,
1543 1891 1637 1943 καὶ
1669 1893 1806 1962 πρὸς
1836 1893 1925 1946 τὸν
1948 1894 2102 1965 ὐϐρί-

423 1975 586 2038 ζοντα
626 1975 876 2046 λέγομεν·
936 1976 1002 2028 Τί
1049 1993 1131 2029 σοι
1165 1979 1402 2048 ποιήσω;
1440 1981 1469 2032 6
1498 1978 1645 2033 δεῖνά
1677 1997 1743 2048 με
1773 1980 1971 2034 κωλύει
1995 1995 2042 2046 ο,
2074 1985 2103 2036 6

421 2062 732 2133 προστάτης
761 2067 788 2117 6
812 2063 922 2129 σὸς,
957 2065 1160 2128 ἐκεῖνός
1215 2083 1316 2136 μου
1371 2067 1589 2135 κατέχει
1619 2066 1716 2130 τὰς
1745 2070 1953 2138 χεῖρας·
2008 2070 2100 2122 καὶ¹

419 2153 583 2221 ἀρκεῖ
606 2152 761 2206 τοῦτο
785 2156 916 2224 ἡμῖν
951 2156 1030 2217 είς
1054 2153 1427 2224 παραμυθίαν.
1452 2153 1610 2208 Οὐτω
1644 2155 1735 2206 καὶ
1761 2157 1848 2218 σὺ,
1883 2156 2099 2209 ἐπειδάν

423 2239 622 2310 μέλλῃς
657 2240 780 2294 τινὰ
821 2241 1084 2312 ὁρκίζειν,
1122 2241 1344 2310 ἐπίσχες
1369 2242 1565 2296 σαυτὸν
1601 2241 1694 2294 καὶ
1726 2241 1986 2304 κώλυσον,
2007 2245 2101 2297 καὶ

419 2327 541 2380 εἰπέ
564 2327 700 2398 πρὸς
724 2328 814 2382 τὸν
843 2328 1103 2398 μέλλοντα
1141 2329 1392 2399 ὀμνύναι·
1420 2328 1485 2381 Τί
1519 2345 1598 2382 σοι
1638 2330 1848 2400 ποιήσω
1872 2347 1886 2396 ;
1915 2332 1943 2382 6
1968 2331 2100 2394 Θεὸς

421 2416 672 2470 ἐκέλευσε
716 2417 790 2488 μὴ
824 2416 1082 2488 ὁρκίζειν·
1117 2418 1322 2480 ἐκεῖνός
1351 2436 1417 2488 με
1465 2418 1685 2488 κατέχει
1730 2419 1846 2471 νῦν.
1915 2419 2101 2491 Ἀρκεῖ

417 2502 578 2558 τοῦτο
609 2506 701 2558 καὶ
729 2507 809 2569 είς
845 2505 1010 2577 τιμὴν
1049 2506 1142 2559 τοῦ
1170 2507 1625 2576 νομοθετήσαντος
1644 2547 1659 2568 ,
1684 2507 1780 2559 καὶ
1820 2509 1899 2570 εἰς
1924 2507 2099 2577 ἀσφά-

417 2594 568 2648 λειαν
598 2597 716 2666 σὴν,
753 2597 846 2648 καὶ
869 2599 947 2660 είς
980 2596 1144 2665 φόϐον
1166 2595 1259 2650 τοῦ
1308 2596 1591 2668 μέλλοντος
1634 2596 1884 2665 ὀμνύναι.
1932 2597 2098 2649 Ὅταν

416 2682 526 2753 γὰρ
562 2685 766 2747 ἐκεῖνος
801 2683 905 2756 ἴδῃ,
937 2685 1018 2737 ὅτι
1047 2683 1285 2756 ὁρκῶσαι
1336 2684 1554 2756 ἐτέρους
1584 2681 1727 2736 οὕτω
1754 2683 2092 2754 δεδοίκαμεν,

1173 369 1532 434 8.ξ.1οΑΝΝ18
1569 371 2059 432 CHRYSOSTOMI
2092 376 2414 436 ARCHIEP.
2453 380 3002 440 CONSTANTlNOP.

3786 391 3801 440 Ι
3813 391 3886 443 62

2208 493 2366 548 τοῦτο
2387 497 2447 550 τὸ
2477 498 2627 570 ῥῆμα
2656 497 2882 572 φθέγξῃ,
2916 499 3052 568 μετά
3079 497 3276 570 πολλῆς
3297 499 3478 554 οἴκαδε
3504 502 3885 578 ἀναχωρήσεις

2207 581 2309 651 τῆς
2342 582 2728 656 πληροφορίας.
2766 588 3031 640 ’Ἄκουσον
3069 585 3219 658 [160]
3250 588 3379 654 γοῦν
3397 588 3488 641 τοῦ
3521 588 3655 642 Θεοῦ
3686 591 3743 642 ἐν
3765 596 3886 654 ταῖς

2208 671 2467 736 ἐντολαῖς,
2505 674 2591 727 ἵνα
2615 676 2708 726 καὶ
2733 674 2894 739 αὐτὸς
2929 674 3134 745 ἀκούσῃ
3163 673 3254 727 σοῦ
3289 676 3346 727 ἐν
3374 677 3494 739 ταῖς
3526 681 3880 749 προσευχαῖς.

2206 756 2374 810 Τοῦτο
2412 759 2472 811 τὸ
2529 761 2678 831 ῥῆμα
2705 763 3111 833 ἐγγραφήσεται
3156 761 3291 824 ἀνω,
3340 762 3435 816 καὶ
3465 765 3882 835 παραστήσεταί

2208 863 2289 898 σοι
2322 849 2379 901 ἐν
2394 851 2460 919 τῇ
2484 849 2668 920 ήμέρᾳ.
2695 850 2792 920 τῆς
2826 851 3080 922 κρίσεως,
3115 853 3210 904 καὶ
3242 851 3442 914 πολλάς
3464 853 3740 923 ἁμαρτίας
3762 853 3884 907 δια-

2207 934 2449 992 λύσεται.
2491 939 2602 993 Καὶ
2629 940 2789 992 τοῦτο
2831 940 2906 1010 μὴ
2938 941 3032 993 ἐπὶ
3077 940 3171 992 τοῦ
3196 942 3360 1013 ὅρκου
3396 941 3576 1010 μόνον,
3609 941 3746 995 ἀλλά
3786 945 3885 996 καὶ

2204 1027 2298 1080 ἐπὶ
2318 1027 2538 1081 πάντων
2563 1028 2673 1081 τῶν
2705 1030 3050 1101 πραγμάτων
3081 1027 3446 1099 λογιζώμεθα,
3479 1031 3573 1082 καὶ
3595 1030 3722 1084 ὅταν
3754 1031 3888 1101 μέλ-

2204 1114 2389 1187 λωμέν
2418 1135 2470 1171 τι
2495 1116 2583 1171 διὰ
2599 1117 2731 1171 Θεὸν
2761 1121 2933 1172 ποιεῖν
2949 1119 3172 1186 ἀγαθὸν,
3200 1115 3316 1173 εἶτα
3350 1119 3488 1190 φέρῃ
3514 1118 3718 1190 ζημίαν
3736 1121 3881 1184 τινα,

2208 1204 2282 1276 μὴ
2315 1206 2412 1277 τὴν
2437 1206 2639 1276 ζημίαν
2673 1205 2772 1276 τὴν
2799 1207 2864 1259 ἐκ
2909 1206 3002 1260 τοῦ
3029 1207 3354 1278 πράγματος
3375 1207 3660 1277 βλέπωμεν
3696 1207 3882 1276 μόνον,

2203 1293 2338 1347 ἀλλὰ
2373 1293 2469 1346 καὶ
2497 1293 2558 1346 τὸ
2584 1293 2794 1364 κέρδος,
2825 1294 2853 1346 ὃ
2882 1294 3288 1364 καρπωσόμεθα
3313 1298 3377 1347 ἐκ
3404 1294 3494 1348 τοῦ
3529 1295 3616 1348 διά
3639 1295 3729 1347 τὸν
3745 1294 3881 1346 Θεὸν

2203 1382 2446 1452 ποιῆσαι.
2489 1375 2614 1435 υἷόν
2633 1399 2686 1434 τι
2712 1382 2872 1450 λέγω·
2909 1381 3139 1452 ’Υϐρισέ
3169 1383 3229 1435 σέ
3254 1399 3370 1447 τις;
3417 1381 3549 1454 φέρε
3593 1384 3881 1450 γενναίως·

2203 1471 2371 1533 οἴσεις
2397 1469 2455 1522 δέ
2481 1469 2764 1538 γενναίως,
2805 1469 2870 1524 ἂν
2914 1471 2988 1544 μὴ
3033 1471 3132 1541 τὴν
3182 1470 3337 1541 ὓϐριν
3388 1472 3647 1542 ἐννοήσῃς
3695 1471 3877 1540 μόνον,

2202 1557 2340 1611 ἀλλά
2370 1558 2466 1612 καὶ
2496 1557 2556 1609 τὸ
2583 1557 2804 1628 ἀξίωμα
2857 1557 2952 1610 τοῦ
2993 1558 3304 1622 κελεύοντος
3355 1559 3564 1630 φέρειν,
3603 1560 3696 1611 καὶ
3755 1557 3877 1630 οἴσῃ

2205 1647 2417 1714 πράως.
2455 1644 2703 1708 ’Έδωκας
2735 1645 3104 1716 ἐλεημοσύνην
3129 1663 3142 1708 ;
3190 1647 3262 1716 μὴ
3291 1645 3389 1716 τὴν
3417 1647 3662 1714 δαπάνην
3688 1647 3876 1710 ἐννόει,

2205 1733 2341 1787 ἀλλά
2376 1733 2470 1786 καὶ
2501 1733 2599 1804 τὴν
2631 1733 2888 1804 πρόσοδον
2922 1733 3020 1805 τὴν
3046 1735 3152 1787 ἀπὸ
3179 1737 3276 1804 τῆς
3305 1734 3570 1803 δαπάνης.
3611 1733 3880 1804 Ἐζημιώ-

2205 1821 2304 1888 θης
2323 1820 2582 1890 χρήματα
2606 1835 2620 1883 ;
2656 1820 3070 1890 εὐχαρίστησον,
3102 1823 3195 1873 καὶ
3229 1821 3303 1891 μὴ
3325 1820 3422 1891 τὴν
3444 1820 3636 1891 ὀδύνην
3658 1821 3758 1890 τὴν
3771 1820 3879 1873 ἀπὸ

2203 1908 2302 1979 τῆς
2328 1909 2530 1979 ζημίας
2552 1908 2668 1978 ἴδῃς
2705 1908 2884 1977 μόνον,
2947 1909 3082 1962 ἀλλά
3113 1909 3206 1962 καὶ
3236 1910 3297 1962 τὸ
3330 1908 3520 1980 κέρδος
3546 1907 3609 1961 τὸ
3640 1907 3751 1961 ἀπὸ
3782 1907 3882 1974 τῆς

2203 1997 2572 2069 εὐχαριστίας.
2635 1998 2732 2049 “Av
2787 1997 2955 2061 οὕτως
3003 1999 3229 2061 ἑαυτοὺς
3289 1997 3662 2070 ρυθμίζωμεν,
3729 1998 3878 2052 οὐδὲν

2203 2089 2348 2159 ἡμᾶς
2377 2086 2610 2157 λυπήσει
2649 2087 2755 2141 τῶν
2787 2087 3167 2158 ἐμπιπτόντων
3197 2087 3404 2151 δεινῶν,
3439 2086 3576 2141 ἀλλὰ
3621 2087 3718 2141 καὶ
3746 2104 3877 2157 κερ-

2201 2179 2464 2251 δανοῦμεν
2491 2180 2598 2234 ἀπὸ
2626 2179 2735 2232 τῶν
2763 2178 3062 2232 δοκούντων
3099 2173 3242 2232 εἶναι
3266 2177 3548 2249 λυπηρῶν,
3579 2179 3675 2231 καὶ
3707 2176 3880 2247 ζημία

2204 2267 2458 2333 πλούτου,
2494 2267 2589 2321 καὶ
2627 2266 2772 2337 λύπη
2828 2266 3025 2336 ἡδονῆς
3061 2267 3153 2320 καὶ
3194 2265 3554 2336 εὐφροσύνης,
3579 2265 3674 2317 καὶ
3720 2263 3882 2335 ὕϐρις

2201 2357 2369 2428 τιμῆς
2394 2356 2555 2427 ήδίων
2584 2356 2736 2408 ἕσται
2760 2358 2854 2408 καὶ
2871 2355 3245 2426 ποθεινοτέρα,
3262 2355 3357 2408 και
3375 2354 3443 2407 τὰ
3459 2353 3676 2407 ἐναντία
3701 2353 3881 2407 πάντα

2201 2447 2280 2509 είς
2305 2445 2494 2517 κέρδος
2547 2445 2679 2515 ήμῖν
2718 2443 3076 2515 ἀποϐήσεται·
3107 2444 3200 2496 καὶ
3233 2441 3466 2496 ἐνταῦθα
3511 2440 3711 2511 πολλῆς
3743 2441 3885 2494 ἀπο-

2199 2531 2508 2603 λαυσόμεθα
2541 2532 2643 2602 τῆς
2671 2533 2946 2604 γαλήνης,
2981 2533 3143 2586 κάκεῖ
3177 2531 3277 2600 τῆς
3315 2530 3590 2601 βασιλείας
3629 2527 3739 2582 τῶν
3788 2528 3883 2580 οὐ·

2202 2623 2385 2694 ρανῶν
2411 2622 2822 2692 ἐπιτευξόμεθα·
2857 2618 2926 2692 ἦς
2950 2623 3159 2690 γένοιτο
3211 2621 3419 2682 πάντας
3460 2620 3610 2690 ἡμᾶς
3642 2616 3881 2687 ἀξιωθῆ-

2200 2727 2286 2764 ναι
2306 2711 2353 2774 b,
2376 2711 2556 2781 χάριτι
2592 2711 2684 2763 καὶ
2728 2709 3108 2780 φιλανθρωπίᾳ
3128 2707 3222 2763 τοῦ
3264 2707 3476 2778 Κυρίου
3507 2706 3667 2778 ήμῶν
3698 2704 3876 2775 Ἰησοῦ

419 2770 598 2840 πολλῷ
627 2772 822 2842 μᾶλλον
851 2771 1012 2836 αὐτὸς
1041 2773 1235 2842 ὀμόσαι
1270 2772 1558 2842 προπετῶς
1597 2770 1985 2842 φοϐηθήσεται·
2017 2770 2084 2824 ἂν
2199 2770 2462 2869 Χρισζεξῠξ
2482 2798 2549 2852 δι’
2583 2791 2644 2851 οὗ
2670 2770 2763 2851 καὶ
2797 2770 3005 2870 μεθποῦ
3030 2770 3109 2868 τῷ
3127 2798 3299 2868 nam
3324 2770 3439 2867 ἅμα
3454 2770 3696 2866 τῷᾏγιῳ
3715 2770 3884 2846 ngas-

2204 2903 2332 2956 ματι
2366 2885 2515 2951 δόξα,
2539 2887 2760 2958 κράτος,
2812 2886 2965 2958 τιμὴ,
2997 2885 3091 2940 νῦν
3122 2887 3218 2940 καὶ
3244 2887 3331 2939 ἀεὶ
3359 2885 3454 2938 καὶ
3491 2885 3571 2946 είς
3601 2885 3726 2946 τοὺς
3754 2881 3872 2934 αἰῶ

2201 2993 2296 3039 νας
2319 2976 2428 3029 τῶν
2456 2974 2688 3028 αἰώνων.
2727 2976 2920 3046 Ἀμήν.

480 2888 498 2960 ξ
524 2891 606 2960 $_lc
627 2903 716 2960 nos
739 2903 853 2960 curn
877 2890 1554 2960 επιςοᾌοιινιῐκέλοιδὸρησεν.
1580 2891 1719 2940 Εοιτ.

477 2950 508 2990 b
531 2954 642 3000 Sav.
665 2959 718 3000 el
739 2952 932 3013 quidam
955 2951 1036 3001 alii
1057 2956 1182 3015 ἡμᾶς
1208 2950 1457 3015 ἐπιτυχεῖν.
1485 2955 1671 3002 Caetera
1685 2964 1794 3015 quin
1813 2953 2088 3015 oralionem

417 3015 671 3073 ciaudunl,
698 3011 907 3063 multum
928 3011 1114 3064 variant
1132 3017 1181 3063 in
1203 3011 1455 3063 codicibus
1485 3028 1571 3076 pro
1593 3011 1902 3062 Iibririorum
1928 3013 2086 3073 libito,

415 3077 500 3137 qui
523 3077 627 3124 haec
650 3090 738 3124 suo
756 3077 965 3138 quisque
991 3088 1128 3126 more
1148 3077 1456 3125 concinnant.

419 3478 826 3548 φημισθείσης
848 3477 935 3541 εὶς
956 3474 1061 3528 τὸν
1116 3473 1381 3542 ἄρχοντα
1411 3471 1686 3540 πραίδας,
1751 3470 1849 3525 καί
1917 3468 2159 3523 πάντων
2197 3469 2329 3538 περὶ
2371 3467 2572 3538 φυγῆς
2608 3465 3097 3536 βουλευομένων,
3144 3463 3250 3517 τοῦ
3291 3462 3587 3530 ἄρχοντος
3615 3470 3641 3498 ι
3678 3461 3877 3510 εἰσελ-

494 3569 705 3633 θόντος
759 3569 847 3632 εὶς
898 3565 1015 3635 τὴν
1059 3566 1398 3633 ἐκκλησίαν
1453 3564 1552 3618 καὶ
1604 3564 2159 3632 παρακαλέσαντος,
2198 3561 2419 3630 ἐλέχθη
2449 3562 2488 3630 ἡ
2517 3559 2796 3629 παροῦσα
2825 3559 3055 3629 ὁμιλία·
3083 3557 3181 3611 καὶ
3207 3555 3339 3623 περὶ
3367 3553 3472 3606 τοῦ
3489 3552 3575 3622 μὴ
3600 3552 3872 3620 ὀμνύναι·

492 3659 590 3714 καὶ
622 3663 709 3724 είς
755 3658 822 3712 τὸ
860 3658 1045 3726 ῥητὸν
1091 3659 1198 3712 τοῦ
1251 3659 1646 3720 Ἀποστόλου,
1690 3656 1899 3718 Παῦλος
1938 3654 2161 3724 δέσμιος
2213 3655 2388 3724 Ἰησοῦ
2428 3653 2688 3723 Χριστοῦ.

1091 3972 1322 4044 Ὁμιλὶα
1353 3978 1451 4041 ις’.

491 4076 559 4121 α’.
598 4067 701 4120 Τὸν
722 4066 958 4137 ἄρχοντα
988 4068 1084 4135 μὲν
1121 4061 1359 4134 ἐπῄνεσα
1388 4061 1485 4131 τῆς
1514 4060 1861 4130 κηδεμονίας,
1889 4060 1970 4112 ὅτι
2005 4075 2091 4113 τε·

419 4153 799 4228 θορυϐημένην
816 4153 914 4224 τὴν
942 4151 1096 4204 πόλιν
1124 4149 1246 4203 ἰδὼν
1267 4149 1361 4202 καὶ
1387 4148 1592 4211 πάντας
1609 4147 1738 4218 περὶ
1758 4150 1935 4218 φυγῆς
1966 4147 2058 4217 βου
2074 4177 2092 4189 -

2194 3993 2302 4046 τῶν
2331 3992 2592 4046 ἐπιόντων
2612 3991 2822 4057 δεινῶν,
2861 3989 3074 4059 λαγωοῦ
3104 3989 3302 4050 παντὸς
3335 3986 3624 4054 δειλότεροι
3649 3984 3740 4037 διά
3769 3983 3873 4052 τῆς

2193 4081 2432 4148 ἀγωνίας
2459 4079 2739 4150 γενόμενοι
2792 4077 3028 4148 ταύτης;
3078 4076 3189 4129 Καὶ
3237 4075 3288 4127 τί
3328 4073 3611 4144 πάθωμεν,
3663 4072 3867 4142 φησίνς

2196 4167 2504 4238 ’Ἄνθρωποι
2546 4166 2654 4237 γάρ
2697 4169 2882 4236 ἐσμεν.
2932 4163 3010 4217 Δι’
3049 4163 3182 4217 αὐτὸ
3231 4163 3329 4232 μὲν
3357 4157 3451 4215 οὖν
3479 4159 3638 4212 τοῦτο
3661 4160 3722 4212 οὐ
3763 4159 3868 4230 χρὴ
3957 4163 3964 4170 ”

417 4243 759 4314 λευομένουςν
779 4238 1034 4293 εισελθὼν
1051 4237 1391 4308 παρεκάλεσέ
1405 4237 1629 4326 τευξιᾶς
1645 4235 2092 4326 καὶξεςχ-ρηστάς
2192 4235 2566 4326 θορυϐεῖσθαι,
2601 4235 2786 4324 ἐπειδῆ
2836 4251 3112 4324 ἄνθρωποί
3157 4252 3358 4320 ἐσμεν,
3404 4248 3498 4302 καὶ
3531 4247 3631 4300 οὐκ
3671 4246 3867 4315 ἀλογα.

416 4334 620 4403 ἢγαγεν
640 4331 878 4394 ἐλπίδας·
913 4328 1054 4398 ὑπὲρ
1077 4327 1230 4398 ὐμῶν
1259 4327 1315 4380 δέ
1345 4323 1620 4397 ᾐσχύνθην
1642 4325 1736 4378 καὶ
1759 4323 2085 4395 ἠρυθρίασα,

415 4421 498 4472 ὅτι
526 4419 627 4489 τῆς
651 4417 848 4482 ἔξωθεν
884 4415 1142 4486 ἐδεήθητε
1193 4413 1598 4484 παρακλήσεως
1633 4411 1772 4482 μετὰ
1800 4413 1924 4476 τοὺς
1955 4413 2088 4466 πολ-

2192 4339 2406 4394 Ἐκεῖνα
2431 4341 2538 4394 ἀπὸ
2553 4341 2738 4411 ψόφων
2771 4341 2867 4393 καὶ
2893 4338 3113 4392 κτύπων
3134 4337 3349 4390 ἅπαντα
3375 4335 3630 4389 σοϐεῖται·
3662 4335 3725 4386 οὐ
3758 4334 3869 4406 γὰρ

2190 4427 2302 4499 ἔχει
2333 4429 2591 4500 λογισμὸν
2619 4429 2710 4480 τὸν
2739 4426 3034 4498 δυνάμενον
3065 4423 3513 4496 ἀποκρούσασθαι
3537 4421 3598 4475 τὸ
3625 4423 3767 4485 δέος·
3803 4423 3866 4476 σὺ

413 4511 540 4574 λοὺς
579 4511 674 4562 καὶ
701 4507 944 4579 μακροὺς
981 4506 1172 4573 λόγους
1204 4505 1462 4567 ἐκείνους-
1517 4501 1781 4573 Ηὺξάμην
1807 4501 2087 4572 διαστῆναι
2189 4515 2245 4568 δὲ
2266 4516 2407 4587 λόγῳ
2460 4517 2552 4568 καὶ
2580 4514 2826 4584 λογισμῷ
2851 4513 3231 4585 τετιμημένος,
3263 4511 3381 4574 πῶς
3410 4513 3489 4574 είς
3509 4508 3608 4581 τὴν
3638 4510 3869 4564 ἐκείνων

416 4616 507 4669 μοι
539 4600 638 4667 τὴν
659 4597 762 4668 γῆν
788 4596 884 4649 καὶ
900 4593 1214 4657 καταδυναιν
1243 4593 1332 4645 ὅτε
1357 4593 1554 4663 ἢκουον
1585 4590 1750 4643 αὐτου
1785 4590 1922 4662 πρδὶ
1943 4591 2090 4661 ὑμᾶς
2189 4605 2549 4666 καταπίπτεις
2576 4603 2889 4670 δυσγένειαν
2913 4617 2928 4665 ;
2991 4599 3220 4671 Είσῆλθέ
3249 4617 3354 4664 τις,
3409 4599 3749 4669 ἀπήγγειλεν
3777 4598 3871 4666 ἐφ-

409 4684 812 4754 διαλεγομένου.
852 4680 948 4734 καὶ
977 4681 1072 4734 νυν
1128 4681 1228 4752 μὲν
1272 4678 1766 4751 παραμυθουμένου
1804 4677 1857 4739 bo
1903 4677 1997 4730 νυν
2031 4677 2088 4732 δὲ
2188 4693 2303 4746 οδον
2329 4691 2708 4764 στρατιωτῶν;
2741 4691 2814 4762 μὴ
2846 4689 3183 4760 θορυϐηθῇς,
3221 4688 3334 4741 ἀλλ’
3365 4688 3523 4755 ἀφεὶς
3539 4687 3722 4752 αὐτὸν,
3749 4686 3868 4738 κλῖ-

410 4771 735 4842 αιτιιυμένου
773 4769 872 4840 τὴν
910 4769 1136 4840 ἄκαιρον
1181 4767 1383 4838 ταύτην
1412 4767 1504 4821 καί
1533 4766 1724 4835 ἄλογον
1758 4765 1978 4820 δειλίαν·
2008 4767 2084 4818 οὐ
2187 4796 2276 4833 νον
2303 4780 2371 4832 τά
2399 4778 2622 4847 γόνατα,
2656 4778 2748 4830 τὸν
2778 4777 3054 4846 Δεσπότην
3084 4792 3177 4828 σου
3231 4775 3638 4846 παρακάλεσον,
3673 4776 3862 4826 στένα-

408 4861 518 4931 Υάρ
546 4861 692 4929 υμᾶς
718 4859 848 4928 παρ’
879 4857 1090 4911 ἐκείνου
1116 4857 1462 4910 διδάσκεσθαι
1489 4855 1616 4918 ἔδει,
1662 4854 1775 4908 ἀλλ’
1801 4855 1945 4924 ὑμᾶς
1974 4855 2086 4918 τοῖς
2187 4865 2276 4932 ξον
2301 4868 2516 4938 πικρὸν,
2540 4867 2633 4919 καὶ
2661 4863 3060 4935 ἀποκρούσεται
3081 4863 3142 4916 τὸ
3173 4863 3366 4916 δεινόν.
3393 4863 3464 4915 Σὺ
3486 4863 3583 4932 μὲν
3604 4878 3866 4932 στρατιω-

407 4949 655 5011 ἀπίστοις
677 4946 848 5000 ἅπασι
873 4945 1117 5014 γίνεσθαι
1146 4944 1512 5007 διδασκάλους.
1534 4944 1606 4997 Οὐ
1637 4942 1746 5015 γὰρ
1770 4941 2083 5006 δικάζεσθαι
2185 4954 2295 5007 τῶν
2327 4954 2515 5023 ἔφοδον
2558 4955 2797 5014 ἀκούσας
2833 4953 2933 5006 οὐκ
2975 4950 3174 5021 ἀληθῆ,
3206 4952 3298 5004 καὶ
3329 4951 3427 5021 τῆς
3476 4949 3620 5020 ζωῆς
3652 4949 3862 5002 ἐκινδύ-

407 5035 560 5106 παρά
583 5039 693 5100 τοῖς
721 5034 971 5097 ἀπίστοις
998 5036 1027 5086 6
1057 5032 1266 5095 Παῦλος
1318 5032 1604 5103 ἐπέτρεψε·
1640 5033 1705 5085 σὺ
1739 5031 1796 5085 δέ
1825 5031 2081 5085 διδασκά-
2186 5059 2380 5105 νευσας
2414 5040 2792 5112 ἀπορραγῆναι
2823 5041 2921 5107 τῆς
2958 5038 3263 5110 παρούσης·
3292 5041 3320 5091 ὁ
3345 5038 3403 5090 δὲ
3438 5037 3709 5107 μακάριος
3737 5034 3860 5087 ἰὼσ

405 5126 513 5180 λων
544 5126 651 5180 τῶν
673 5125 872 5190 ἐξωθεν
895 5123 1122 5196 ἐδεήθης
1151 5123 1289 5192 μετά
1337 5123 1436 5190 τὴν
1466 5121 1744 5190 τοσαύτην’
1772 5120 1883 5174 τῶν
1915 5121 2084 5174 πατέ-
2185 5129 2392 5192 ἐκεῖνος
2418 5128 2735 5197 ἐπαλλήλων
2786 5126 3034 5194 ἀγγέλων
3067 5126 3399 5196 ἐρχομένων,
3461 5125 3555 5176 καὶ
3603 5122 3672 5175 τὰ
3709 5122 3860 5175 δεινά

410 5231 519 5286 ρων
548 5215 886 5285 παραίνεσιν,
923 5213 1018 5268 καὶ
1055 5210 1320 5284 δραπέται
1350 5210 1444 5262 καὶ
1480 5209 1761 5280 μαστιγίαι
1800 5209 1944 5272 τινὲς
1985 5209 2083 5262 πό·
2187 5214 2644 5284 ἀπαγγελλόντων
2678 5213 2914 5278 ἀκούων,
2956 5213 3051 5267 καὶ
3081 5211 3425 5283 προσθέντων
3455 5211 3554 5282 τὴν
3584 5210 3859 5282 ἀφόρητον

405 5304 490 5357 λιν
540 5302 804 5372 τοσαύτην
863 5303 1249 5373 ἀνεπτέρωσαν
1307 5301 1401 5352 καὶ
1448 5299 1527 5363 είς
1568 5298 1742 5370 φυγὴν
1803 5297 2076 5352 ἐνέϐαλον.
2186 5303 2296 5355 τῶν
2321 5302 2526 5355 παίδων
2573 5301 2869 5364 ἀπώλειαν,
2927 5303 3027 5354 οὐκ
3061 5299 3376 5368 ἀνῴμωξεν,
3423 5303 3524 5357 οὐκ
3549 5298 3858 5364 ἐστέναξεν.

403 5391 587 5454 Ποίοις
612 5390 910 5461 ὀφθαλμοῖς
957 5389 1351 5458 ἀντιϐλέψομεν
1384 5387 1567 5438 λοιπὸν
1617 5387 1743 5450 τοὺς
1771 5385 1920 5457 [161]
1952 5387 2078 5440 ἀπί-
2185 5391 2301 5446 ἀλλ’
2324 5391 2416 5442 ἐπὶ
2450 5388 2754 5460 προσευχὴν
2783 5386 3169 5458 ἐτρέπετο,καὶ
3194 5387 3516 5457 ηὐχαρίστει
3548 5384 3628 5455 τῷ
3657 5382 3859 5436 Δεσπό-

403 5495 563 5542 στους
596 5489 643 5543 ο,
684 5478 825 5531 οῦτω
857 5476 1138 5545 ψοφοδεεῖς
1162 5474 1315 5537 ὄντες
1345 5471 1439 5527 καὶ
1469 5471 1666 5537 δειλοί;
1699 5472 1828 5543 ποίᾳ
1863 5471 2078 5546 γλώττῃ
2183 5497 2268 5551 τῃ.
2301 5477 2500 5531 Τοῦτον
2553 5477 2645 5529 καὶ
2680 5477 2743 5528 σύ
2781 5475 3036 5546 μίμησαι·
3092 5475 3184 5529 καὶ
3210 5476 3338 5528 ὅταν
3369 5472 3539 5526 ἐλθών
3565 5489 3648 5534 τις
3675 5472 3859 5539 ἀπαγ-

401 5567 538 5638 πρὸς
588 5567 783 5630 αὐτοὺς
807 5563 1183 5634 διαλεξόμεθα,
1229 5562 1323 5614 καὶ
1371 5559 1632 5630 πείσομεν
1682 5561 1908 5633 θαρρεῖν
1936 5561 2076 5632 ὑπὲρ
2183 5566 2336 5638 γεὶλῃ
2376 5566 2458 5618 ὅτι
2494 5562 2822 5635 στρατιῶται
2855 5563 2954 5633 τὴν
2987 5562 3142 5616 πόλιν
3172 5561 3488 5616 ἐκύκλωσαν
3517 5556 3734 5621 καὶτὰς
3766 5557 3859 5609 οὐ-

2184 5656 2306 5718 σίας
2333 5653 2654 5726 διαρπάζειν
2685 5650 2958 5722 μέλλουσι,
3001 5651 3140 5722 πρὸς
3177 5652 3268 5704 τὸν
3312 5648 3587 5718 Δεσπότην
3621 5663 3716 5699 σου
3753 5661 3857 5699 κα-

2181 5741 2410 5811 τάφυγε,
2459 5741 2548 5793 καὶ
2573 5740 2715 5792 εἰπέ·
2761 5739 2824 5792 '0
2854 5739 3071 5805 Κύριος
3108 5737 3353 5802 ἔδωκεν,
3387 5742 3420 5792 ό
3447 5739 3664 5806 Κύριος
3691 5733 3861 5802 ἀφεί-

2180 5829 2462 5892 λατο·“ὠς
2500 5827 2579 5892 τῷ
2617 5827 2812 5894 Κυρίῳ
2855 5826 3088 5888 ἔδοξεν,
3124 5826 3276 5878 οὕτω
3306 5826 3403 5878 καὶ
3461 5824 3718 5891 ἐγένετο·
3762 5823 3858 5886 εἴη

2183 5919 2244 5971 τὸ
2299 5917 2485 5986 ὄνομα
2537 5914 2756 5982 Κυρίου
2811 5913 3218 5982 εὐλογημένοι·
3275 5915 3362 5981 εὶς
3419 5912 3561 5978 τοὺς
3611 5910 3858 5977 αἰῶνας.

467 5685 482 5709 '
505 5687 620 5736 Sav.
644 5694 698 5736 et
733 5685 931 5749 quidam
966 5684 1055 5749 alii
1086 5682 1173 5749 τοῦ
1201 5684 1428 5747 κόμητος.
1451 5680 1578 5733 Vide
1610 5688 1776 5732 notam
1813 5682 2076 5734 Frontonis

403 5747 572 5798 Βυοωὶ
597 5750 655 5797 ad
683 5747 867 5797 caloem
890 5748 1038 5808 hujus
1058 5747 1192 5795 lomi.

463 5809 1114 5882 ἓᾼῑὶἓπαραδξαλουμένοπέκ
1256 5869 1300 5882 ..
1409 5869 1429 5882 .
1475 5867 1526 5882 ..
1690 5867 1763 5880 ,κ
1865 5866 1966 5882 -.

465 5872 490 5903 ⁸
515 5869 615 5921 Alii
641 5869 736 5928 τοῖς
765 5869 995 5926 ἀπιστοῖς.
1032 5869 1162 5920 Infra
1185 5869 1380 5931 quidam
1405 5869 1655 5931 δειλότεροι
1686 5869 1800 5930 ὑπὲρ
1833 5872 1914 5925 τῆς
1947 5869 2073 5927 ἀγω-

409 5933 518 5991 σίας.
