4112 6388
413 393 503 448 561

413 517 617 569 unaeso,
645 502 891 569 dubitas,
922 508 976 556 et
999 501 1231 555 animam
1261 497 1494 555 occidis?
1519 501 1644 570 quid
1673 508 1875 554 tantum
1906 500 1989 552 ln-

412 596 602 661 craris,
627 603 881 664 quantum
908 594 1139 648 animam
1165 602 1305 646 tuam
1328 600 1383 646 et
1411 593 1707 661 proximum
1731 591 1881 646 lzedis
1898 592 1921 643 ?
1941 591 1995 646 Si

416 687 555 742 enim
584 687 759 742 credis
785 686 926 756 quod
954 701 1115 739 verax
1154 685 1219 740 sil
1268 685 1429 738 homo
1451 726 1467 746 ,
1497 700 1561 739 ne
1587 684 1874 753 juramenti
1907 698 1999 736 ne-

414 782 720 835 cessitatem
749 779 1016 844 adducas;
1065 778 1109 832 si
1154 790 1284 833 vero
1329 778 1466 831 nosti
1507 776 1647 847 quod
1688 777 1997 840 mentietur,

415 887 483 926 ne
525 871 769 941 pejerare
812 885 990 941 cogas.
1021 869 1125 924 Sed
1170 877 1227 923 ut
1250 869 1378 923 mihi
1436 869 1594 939 plena
1645 868 1777 922 ﬁdes
1827 868 1998 933 fieret,

416 962 718 1016 instandum
762 970 911 1026 erat,
958 960 1129 1029 influit
1169 978 1181 1012 :
1225 960 1332 1014 into
1381 968 1507 1014 tunc
1558 959 1649 1013 tibi
1700 968 1814 1013 rata
1871 959 2002 1013 ﬁdes

418 1052 531 1119 ﬁet,
564 1069 681 1108 cum
709 1052 892 1123 jurare
935 1067 1056 1107 eum
1110 1068 1215 1105 non
1260 1051 1519 1121 coegeris.
1553 1050 1704 1105 Nunc
1733 1050 1874 1104 enim
1906 1050 2003 1104 do-

420 1161 564 1198 mum
611 1157 919 1214 regressus,
946 1157 974 1196 a
1005 1143 1328 1198 conscientia
1359 1141 1573 1195 assidue
1613 1140 1851 1206 roderis,
1889 1139 2005 1193 hare

422 1234 1002 1305 reputans:Numquid
1046 1249 1150 1288 non
1198 1232 1392 1288 frustra
1424 1230 1702 1301 adjuravi?
1747 1230 2003 1301 numquid

419 1345 527 1384 non
558 1328 848 1398 pejeravit?
878 1327 1132 1397 numquid
1174 1342 1276 1379 non
1315 1341 1415 1395 ego
1457 1325 1527 1379 fui
1570 1339 1727 1379 causa
1762 1322 2006 1392 peccati?

421 1422 477 1476 Si
520 1436 646 1476 vero
686 1436 791 1473 non
833 1418 1161 1488 adjuraveris
1185 1459 1199 1482 ,
1232 1417 1449 1471 domum
1479 1430 1756 1485 regressus
1784 1414 2004 1467 multam

422 1512 603 1582 capies
625 1511 1070 1575 consolationem,
1102 1525 1265 1579 agens
1298 1510 1405 1563 Deo
1431 1508 1629 1577 gratias
1651 1549 1663 1569 ,
1697 1516 1751 1561 et
1779 1506 1963 1560 dicens
1989 1522 2002 1558 :

420 1603 739 1659 Benedictus
762 1603 925 1667 Deus,
950 1601 1197 1671 quoniam
1222 1615 1306 1653 me
1338 1600 1508 1666 ipsum
1540 1598 1797 1658 continui,
1832 1612 2006 1664 neque

424 1695 660 1764 adjuravi
693 1693 912 1753 frustra,
942 1706 1041 1745 nec
1070 1701 1291 1744 temere.
1323 1689 1646 1758 Deploretur
1666 1704 1874 1748 aurum,
1895 1701 2008 1754 per-

422 1796 549 1842 eant
578 1786 840 1856 pecuniae,
866 1794 923 1838 ut
953 1785 1052 1837 hoc
1080 1783 1231 1837 nobis
1255 1783 1485 1835 maxime
1516 1781 1725 1850 pienam
1759 1780 1913 1833 fidem
1943 1779 2008 1832 fa-

422 1880 549 1943 ciat,
574 1879 746 1949 legem
778 1892 882 1931 non
913 1877 1255 1945 praeteriisse,
1282 1889 1379 1928 nec
1405 1875 1631 1927 alterum
1657 1874 1918 1942 coegisse,
1950 1883 2006 1927 nt

424 1970 530 2023 hoc
551 1968 766 2023 faceret.
790 1967 971 2038 Cogita
1004 1977 1221 2036 propter
1241 1982 1359 2036 qua:
1391 1981 1496 2019 non
1525 1965 1807 2034 adjurasti,
1833 1975 1885 2019 et
1908 1965 2009 2019 hoc

426 2062 519 2116 tibi
546 2060 773 2114 sufficiet
803 2060 854 2113 in
884 2058 1215 2128 refrigerium
1249 2068 1303 2112 et
1331 2058 1776 2113 consolationem.
1799 2058 2009 2128 Saepius

424 2168 656 2222 namque
685 2166 855 2221 pugna
888 2149 1117 2203 conflata
1145 2149 1524 2203 Contumeliam
1554 2150 1815 2217 patientes
1843 2164 2009 2219 gene-

423 2259 548 2299 rose
571 2242 813 2305 ferimus,
843 2252 899 2296 et
925 2241 1307 2297 contumeliam
1331 2239 1577 2295 inferenti
1600 2239 1849 2301 dicimus,
1874 2239 2008 2306 Quid

424 2337 521 2391 tibi
543 2335 767 2391 faciam?
797 2335 887 2390 ille
917 2351 1003 2389 me
1032 2334 1263 2389 retinet‘
1295 2342 1550 2403 patronus
1572 2340 1727 2398 tuus;
1753 2334 1841 2387 ille
1863 2348 2009 2386 meas

425 2428 641 2481 cohibet
673 2442 881 2480 manus.
912 2425 982 2479 Et
1011 2424 1115 2479 hoc
1141 2424 1295 2479 nobis
1320 2423 1385 2477 ad
1408 2423 1833 2477 consolationem
1859 2424 2008 2475 suffi-

425 2521 519 2574 cit.
552 2519 625 2571 lta
657 2527 712 2572 tu
750 2532 962 2587 quoque
1007 2531 1127 2571 cum
1177 2514 1481 2585 quempiam
1524 2513 1867 2583 adjuraturns
1913 2528 2006 2577 es,

427 2611 653 2680 teipsum
682 2610 917 2675 contine,
949 2606 1193 2676 prohibe,
1226 2614 1280 2659 et
1308 2605 1396 2659 dic
1421 2605 1666 2674 juraturo
1701 2621 1714 2656 :
1749 2602 1885 2669 Quid
1918 2602 2009 2656 tibi

429 2700 653 2755 faciam?
682 2700 823 2754 Deus
850 2698 1012 2767 jussit
1039 2711 1142 2751 non
1171 2694 1439 2763 adjurare,
1476 2694 1563 2747 ille
1593 2708 1679 2747 me
1710 2708 1853 2747 nunc
1882 2708 2013 2746 con-

430 2793 581 2846 tinet.
617 2790 827 2846 Sufficit
857 2790 959 2843 hoc
984 2797 1038 2842 et
1067 2787 1134 2841 ad
1166 2786 1423 2840 honorem
1456 2784 1778 2854 legislatoris
1804 2825 1818 2849 ,
1850 2791 1905 2838 et
1944 2782 2009 2835 ad

429 2883 767 2937 securitatem
799 2890 964 2943 tuam,
996 2888 1049 2934 et
1075 2878 1141 2931 ad
1166 2877 1399 2947 juraturi
1426 2877 1693 2930 timorem.
1715 2874 1847 2930 Cum
1870 2875 2010 2929 enim

432 2977 518 3031 ille
546 2974 739 3029 viderit
763 2973 903 3043 quod
947 2973 1026 3027 sic
1064 2971 1200 3025 alios
1230 2969 1478 3039 adjurare
1507 2984 1809 3032 vereamur,
1844 2968 2012 3021 multo

431 3070 599 3139 magis
631 3069 744 3137 ipse
775 3065 930 3121 facile
953 3066 1135 3135 jurare
1165 3062 1495 3117 formidabit.
1550 3061 1605 3117 Si
1650 3062 1750 3115 hoc
1793 3060 2010 3114 verbum

493 3225 510 3254 ¹
545 3222 789 3334 δίοιξιῖὶιὲϐῐ
823 3228 928 3271 Sav.
955 3220 1084 3283 Apud
1119 3217 1313 3268 Montef.
1357 3230 1477 3268 vero
1499 3217 1707 3279 legitur,
1745 3213 2011 3279 vituperat,

493 3298 535 3334 υ.
559 3298 612 3334 re
634 3298 709 3334 me
734 3318 748 3332 .

428 3298 535 3347 pro,
559 3298 748 3335 retmet.

1333 390 1423 445 AD
1461 388 1783 447 POPULL'M
1824 385 2310 443 ANTIOCIIENUM
2374 384 2601 445 IIOBIIL
2644 389 2783 448 XVI.

3594 402 3693 455 I62

2100 500 2321 565 dixeris,
2347 517 2467 556 cum
2493 503 2653 556 multa
2678 503 2892 557 domum
2918 508 3217 561 securitatis
3244 508 3575 578 plenitudine
3597 530 3682 569 re-

2106 594 2264 649 dibis.
2298 594 2435 649 Audi
2466 611 2593 665 ergo
2624 597 2789 651 Deum
2821 598 2875 652 in
2906 598 3189 661 mandatis,
3217 610 3274 654 ut
3298 601 3410 669 ipse
3438 605 3689 660 exaudiat

2107 697 2159 740 te
2188 686 2239 740 in
2268 688 2615 741 orationibus.
2642 688 2752 743 Hoc
2777 690 2998 744 verbum
3021 691 3069 743 in
3093 692 3225 745 caelo
3250 694 3531 761 scribetur,
3557 707 3611 751 et
3635 699 3688 752 in

2102 779 2285 849 judicii
2308 780 2393 833 die
2425 780 2517 833 tibi
2544 781 2798 845 sistetur,
2850 792 2902 835 et
2948 783 3110 836 multa
3154 783 3408 839 dissolvet
3448 798 3689 856 peccata.

2107 870 2215 926 Nec
2244 872 2347 926 hoc
2374 880 2573 925 tantum
2604 872 2656 925 in
2691 872 2996 940 juramento
3024 916 3037 937 ,
3070 890 3252 928 verum
3281 885 3334 930 et
3362 878 3412 930 in
3442 880 3693 934 omnibus

2109 964 2334 1033 negotiis
2378 965 2714 1032 cogitemus:
2748 972 2802 1018 et
2829 979 2949 1018 cum
2988 966 3251 1020 debemus.
3274 968 3470 1037 aliquid
3517 971 3692 1024 facere
3763 970 3770 980 '

2109 1052 2233 1107 boni
2259 1061 2480 1121 propter
2506 1054 2670 1108 Deum
2693 1096 2706 1119 ,
2735 1055 2874 1124 quod
2898 1071 3018 1109 mox
3050 1056 3245 1126 aliquid
3275 1058 3462 1113 inferat
3488 1061 3691 1127 damni,

2108 1159 2217 1197 non
2248 1143 2421 1197 solum
2444 1159 2508 1198 ex
2539 1144 2750 1213 negotio
2777 1144 3030 1198 damnum
3060 1156 3382 1215 spectemus,
3413 1150 3505 1202 sed
3528 1150 3689 1204 etiam

2112 1234 2335 1298 lucrum,
2363 1234 2501 1304 quod
2525 1236 2795 1304 capiemus
2819 1245 3035 1305 propter
3055 1237 3218 1291 Deum
3239 1238 3504 1293 faciendo.
3536 1240 3690 1299 Puta.

2108 1324 2287 1379 affecit
2316 1335 2365 1379 te
2402 1326 2662 1395 quispiam
2693 1326 3052 1381 contumelia?
3105 1327 3184 1382 fer
3216 1345 3473 1396 generose
3507 1348 3520 1383 :
3550 1332 3690 1386 feres

2110 1424 2285 1469 autem
2317 1431 2594 1485 generose,
2624 1417 2667 1470 si
2696 1433 2800 1470 non
2829 1419 3205 1473 contumeliam
3229 1422 3546 1489 cogitaveris
3578 1432 3695 1477 tan-

2113 1514 2245 1571 tum,
2275 1507 2368 1562 sed
2387 1508 2545 1561 etiam
2575 1509 2712 1562 ferre
2728 1509 2965 1576 jubentis
2986 1509 3317 1579 dignitatem,
3342 1522 3395 1567 et
3417 1524 3694 1568 mansuete

2113 1598 2271 1652 feres.
2320 1598 2723 1669 Eleemosynam
2763 1599 2994 1653 dedisti?
3039 1618 3105 1655 ne
3156 1602 3447 1671 impensam
3496 1606 3697 1674 cogites

2115 1697 2314 1743 tantum
2340 1731 2355 1771 ν
2382 1706 2565 1745 verum
2597 1700 2649 1743 et
2674 1705 2987 1759 proventum
3015 1708 3083 1745 ex
3125 1693 3383 1763 impensa.
3416 1694 3698 1750 Mulctatns

2113 1796 2171 1835 es
2197 1783 2480 1851 pecuniis?
2507 1783 2701 1851 gratias
2724 1798 2841 1852 age,
2866 1798 2965 1838 nec
2986 1792 3187 1838 tantum
3210 1784 3433 1854 jacturae
3456 1787 3696 1842 dolorem

2115 1882 2357 1942 spectes,
2400 1889 2584 1928 verum
2613 1883 2665 1927 et
2694 1874 2897 1928 lucrum
2937 1891 3003 1929 ex
3045 1876 3330 1945 gratiarum
3362 1878 3592 1932 actione.
3642 1878 3697 1933 Si

2115 1963 2193 2017 sic
2224 1979 2319 2017 nos
2349 1980 2758 2032 componamus,
2808 1964 3011 2019 nullum
3058 1965 3406 2020 accidentium
3450 1982 3547 2020 nos
3572 1983 3693 2036 gra-

2116 2058 2257 2111 vium
2288 2056 2658 2122 contristabit,
2700 2056 2793 2111 sed
2821 2072 2886 2111 ex
2916 2058 2979 2111 iis
3022 2073 3139 2126 qua:
3183 2057 3428 2112 videntur
3458 2075 3577 2113 esse
3609 2062 3705 2113 tri-

2116 2152 2214 2206 stia
2236 2193 2249 2215 ,
2279 2151 2604 2205 lucrabimur
2633 2169 2646 2204 :
2685 2160 2740 2206 et
2765 2150 3016 2205 damnum
3045 2152 3258 2216 divitiis,
3310 2154 3522 2206 tristitia
3550 2154 3700 2207 volu-

2116 2251 2259 2312 ptate
2286 2252 2337 2297 et
2365 2242 2720 2296 delectatione
2739 2282 2755 2309 ,
2809 2241 3128 2295 contumelia
3183 2242 3385 2297 honore
3413 2244 3696 2311 jucundior

2118 2336 2218 2389 erit
2245 2343 2299 2388 et
2327 2333 2727 2387 desiderabilior
2751 2375 2766 2397 ,
2810 2343 2864 2388 et
2890 2333 3070 2387 omnia
3098 2335 3368 2387 contraria
3408 2335 3459 2386 in
3491 2334 3697 2386 lucrum

2117 2427 2270 2482 nobis
2298 2426 2646 2494 provenient,
2680 2433 2733 2479 et
2778 2424 2863 2478 hic
2907 2424 3070 2477 rnulta
3120 2421 3357 2477 fruemur
3408 2424 3702 2493 tranquilli-

2118 2527 2226 2572 tate
2250 2559 2264 2581 ,
2296 2525 2347 2571 et
2379 2517 2485 2571 illic
2509 2529 2730 2578 regnum
2762 2516 3014 2568 cmlorum
3054 2528 3405 2582 assequemur
3433 2531 3444 2566 :
3476 2528 3580 2581 quo
3610 2528 3707 2566 nos

2119 2623 2306 2663 omnes
2328 2607 2516 2676 dignos
2539 2606 2650 2659 fieri
2684 2606 2699 2635 ί
2729 2604 2904 2666 detur,
2936 2604 3167 2674 gratiaet
3184 2598 3472 2655 clementia
3494 2602 3705 2656 Domini

2121 2698 2287 2752 nostri
2314 2697 2441 2752 Jesu
2470 2696 2664 2750 Christi
2690 2736 2705 2762 ,
2739 2710 2833 2763 per
2866 2710 3023 2764 quem
3055 2703 3254 2749 etcum
3287 2708 3393 2761 quo
3424 2693 3565 2746 Patri
3596 2708 3697 2746 una

2120 2805 2237 2844 cum
2265 2798 2448 2843 sancto
2476 2787 2678 2856 Spiritu
2708 2786 2872 2855 gloria
2899 2828 2912 2849 ,
2945 2784 3225 2853 imperium
3253 2792 3308 2837 et
3334 2783 3506 2837 honor
3525 2824 3541 2846 ,
3566 2799 3707 2837 nunc

2121 2892 2173 2935 et
2194 2897 2425 2950 semper,
2450 2890 2504 2934 ct
2533 2881 2582 2933 in
2616 2880 2807 2937 saecula
2838 2878 3180 2932 saeculorum.
3210 2881 3398 2929 Anien.

2189 3153 2204 3183 ι
2242 3148 2383 3199 Savil.
2412 3156 2464 3197 et
2486 3146 2681 3208 quidam
2704 3143 2800 3208 alii,
2838 3142 2967 3205 quod
3003 3154 3091 3208 nos
3114 3138 3355 3208 obtinere;
3378 3142 3712 3208 Czetera__qua2

2122 3196 2390 3262 orationem
2412 3196 2657 3265 clatidunt,
2685 3196 2889 3253 multum
2915 3205 3102 3251 variant
3125 3199 3436 3265 inCodicibus
3456 3212 3543 3258 pro
3567 3196 3713 3247 libra-

2122 3261 2306 3324 riorum
2332 3273 2485 3329 libito,
2512 3273 2595 3333 qui
2621 3261 2723 3317 haec
2746 3280 2835 3316 suo
2859 3267 3070 3327 quisque
3094 3275 3231 3311 more
3254 3261 3559 3310 concinnant.

3330 3386 3490 3397 _—-

427 3399 2694 3426 _______________._______—_____——

430 3519 753 3562 SUNTIATA
796 3518 879 3559 AD
921 3513 1313 3558 PRAEFECTUM
1358 3514 1374 3545 ¹
1422 3511 1883 3566 POPULATIONE,
1954 3512 2034 3553 ET
2094 3510 2373 3553 OMNIBUS
2420 3508 2503 3549 DE
2546 3506 2713 3549 FUGA
2784 3499 3356 3553 CONSULTANTIBUS,
3429 3498 3561 3542 CUM
3606 3497 3711 3539 IN-

510 3619 789 3662 TRASSET
832 3615 1209 3659 PREFECTUS
1254 3614 1320 3655 IN
1366 3613 1711 3656 ECCLESIAM
1756 3613 1836 3653 ET
1880 3610 2273 3654 CONSOLATUS
2318 3607 2601 3659 FUISSET,
2651 3605 2886 3647 ΠΑΒΙΤΔ
2922 3603 3036 3645 EST
3062 3600 3351 3643 PRESENS
3381 3596 3648 3641 ΠΟΜΠᾸΔ
3687 3599 3701 3637 ε

514 3720 594 3761 ΕΤ
635 3719 718 3759 DE
765 3714 1041 3760 VITANDO
1083 3712 1486 3767 JURAMENTO,
1523 3714 1602 3754 ΕΤ
1648 3712 1710 3754 IN
1757 3711 1946 3753 ILLUD
1973 3709 2272 3753 APOSTOLI
2316 3707 2559 3751 DICTUM
2608 3708 2622 3747 2
2660 3704 2897 3747 PAULUS
2931 3702 3196 3746 VINCTUS
3267 3700 3413 3743 δεδι]
3460 3695 3716 3741 CHRISTI

516 3804 534 3877 (
580 3802 840 3865 Philem.
887 3800 983 3866 1).

1868 3917 2288 3985 mm

1052 4102 1265 4142 ΗΟΜΠΛΛ
1309 4100 1417 4138 XVI.

512 4189 561 4243 1.
601 4182 843 4240 Pratfecti
871 4178 1082 4251 quidem
1118 4176 1500 4245 providentiam
1525 4171 1751 4233 laudavi,
1777 4170 2022 4239 quoniam

439 4277 846 4333 tumultuantem
869 4271 1204 4339 conspicatus
1223 4267 1511 4327 civitatem,
1540 4275 1588 4318 et
1612 4276 1798 4317 omnes
1819 4262 1885 4314 de
1907 4260 2023 4329 fuga

436 4369 818 4431 deliberantes,
866 4363 1157 4433 ingressus,
1186 4374 1284 4413 vos
1326 4357 1630 4413 consolatus
1656 4362 1739 4408 est
1767 4361 1820 4407 et
1848 4352 1899 4405 in
1925 4351 2023 4405 bo-

440 4478 561 4517 nam
582 4475 732 4529 spem
753 4456 990 4519 adduxit;
1022 4468 1118 4523 pro
1138 4452 1288 4505 vobis
1310 4458 1485 4504 autem
1507 4448 1698 4501 rubore
1719 4442 2026 4512 pudoreque

440 4554 661 4609 affectus
691 4565 831 4615 sum,
860 4544 1001 4616 quod
1022 4542 1303 4599 exterioris
1325 4548 1443 4609 post
1467 4537 1662 4591 multos
1689 4533 2027 4603 prolixosque

440 4659 716 4701 sermones
734 4642 850 4695 illos
864 4635 1243 4694 consolationis
1260 4629 1610 4701 indigucritis.
1628 4626 1815 4696 Optavi
1833 4635 2028 4679 terram

441 4738 570 4793 mihi
610 4735 886 4789 dehiscere
928 4742 982 4785 et
1017 4726 1279 4795 immergi,
1323 4720 1533 4792 quando
1572 4720 1741 4789 ipsum
1769 4717 1917 4770 vobis
1945 4715 2028 4768 lo-

442 4841 692 4901 quentem
719 4825 1018 4886 audiebam,
1050 4832 1103 4877 et
1126 4816 1551 4887 intempestivam
1583 4812 1721 4866 hanc
1748 4819 1802 4865 et
1830 4807 2031 4863 irratio-

442 4898 674 4976 nabilem
726 4916 1059 4972 timiditatem
1111 4909 1268 4964 modo
1308 4906 1692 4968 consolantem,
1729 4900 1887 4954 modo
1913 4898 2031 4953 cul-

446 5022 679 5083 pantem.
726 5008 840 5063 Non
882 5006 1025 5061 enim
1066 5018 1160 5057 vos
1201 5001 1381 5054 abillo
1408 4996 1587 5051 doceri
1615 4993 1909 5064 oportebat,
1940 4989 2032 5045 sed

448 5082 746 5156 infidelibus
766 5113 861 5152 vos
890 5103 1244 5166 prarceptores
1291 5089 1536 5143 omnibus
1583 5086 1713 5141 fieri.
1749 5084 1853 5138 Nec
1892 5082 2031 5137 enim

446 5195 584 5262 apud
616 5192 853 5247 infideles
877 5187 1103 5261 judicari
1134 5184 1328 5240 Paulus
1359 5180 1596 5251 permisit
1623 5179 1697 5249 (l.
1726 5180 1841 5231 Cor.
1874 5177 1927 5229 6.
1958 5172 2034 5245 l);

453 5295 506 5339 tu
548 5299 678 5339 vero
720 5291 841 5352 post
870 5289 1069 5334 tantam
1107 5285 1313 5345 patrum
1345 5270 1758 5325 admonitionem
1801 5265 2035 5320 externis

452 5373 722 5443 indiguisti
770 5368 1202 5441 praeceptoribus,
1251 5372 1305 5419 et
1352 5360 1550 5431 fugitivi
1610 5368 1663 5412 et
1710 5355 2036 5409 verberones

447 5467 664 5537 quidam
708 5478 894 5518 rursus
939 5461 1203 5516 civitatem
1250 5464 1445 5510 tantam
1487 5451 1869 5512 excitaverunt,
1901 5457 1952 5499 et
1984 5446 2034 5497 in

450 5536 623 5625 fugam
668 5556 1028 5623 coniecerunt.
1072 5549 1275 5618 Quibus
1318 5545 1484 5600 oculis
1527 5541 1753 5611 amplius
1796 5536 2039 5593 infideles

452 5652 822 5721 respiciemus,
867 5656 972 5700 tam
1019 5641 1192 5714 pavidi
1237 5654 1361 5695 cum
1409 5637 1573 5692 simus
1617 5642 1672 5687 et
1693 5630 1900 5701 timidi?
1924 5628 2036 5697 Qua

454 5720 631 5812 lingua
658 5742 803 5810 ipsos
850 5736 1201 5806 alloquemur,
1240 5740 1294 5785 et
1338 5744 1435 5799 pro
1478 5724 1839 5797 ingruentibus
1886 5720 2038 5775 malis

518 5858 533 5885 ⁸
570 5853 709 5905 Sari}.
738 5859 788 5901 et
811 5849 1003 5913 quidam
1029 5846 1126 5905 alii,
1152 5841 1386 5895 comitem.

2133 4075 2400 4132 confidere
2429 4072 2883 4143 persuadebimus,
2915 4071 3057 4122 omni
3095 4070 3279 4137 lepore
3308 4068 3602 4123 timidiores
3628 4076 3726 4130 per

2133 4167 2271 4221 hanc
2314 4166 2434 4220 facti
2483 4163 2841 4218 anxietatem?
2885 4163 2951 4216 Et
2992 4162 3116 4230 quid
3160 4160 3477 4224 faceremus,
3522 4162 3729 4230 inquit?

2135 4259 2391 4314 llomines
2418 4258 2559 4312 enim
2604 4271 2809 4312 sumus.
2854 4257 2920 4309 At
2951 4262 3165 4323 propter
3194 4253 3292 4307 hoc
3320 4253 3491 4321 ipsum
3521 4264 3731 4321 pertur-

2135 4352 2248 4405 bari
2279 4366 2382 4405 non
2410 4356 2638 4418 oportet,
2662 4348 2785 4418 quia
2818 4347 3062 4401 homines
3086 4360 3288 4407 sumus,
3317 4354 3369 4397 et
3406 4360 3509 4397 non
3548 4345 3722 4398 bruta.

2140 4443 2229 4497 Illa
2280 4440 2576 4511 fragoribus
2618 4448 2674 4493 et
2713 4438 3026 4492 stridoribus
3054 4436 3229 4489 omnia
3272 4444 3582 4488 terrentur:
3618 4451 3723 4487 nun

2139 4533 2279 4589 enim
2306 4531 2503 4585 habent
2526 4529 2806 4587 rationem,
2835 4543 2952 4596 qua:
2985 4527 3226 4579 timorem
3250 4525 3508 4592 repellere
3537 4525 3724 4592 possit;

2140 4633 2195 4677 tu
2246 4637 2372 4675 vero
2417 4620 2624 4674 ratione
2671 4628 2725 4672 et
2769 4616 2991 4670 consilio
3035 4615 3337 4678 decoratus,
3376 4615 3644 4684 quomodo
3677 4617 3728 4667 in

2141 4716 2349 4768 illorum
2371 4712 2646 4781 segnitiem
2664 4709 2833 4765 cadis?
2855 4708 3127 4778 Ingressus
3148 4716 3228 4760 est
3245 4705 3476 4777 quidam,
3499 4706 3729 4758 militum

2144 4807 2498 4862 incursionem
2528 4803 2817 4856 nuntiavit?
2846 4817 2912 4855 ne
2944 4801 3190 4863 turberis,
3219 4799 3313 4853 sed
3345 4799 3515 4867 ipsum
3542 4796 3727 4850 dimit-

2146 4910 2282 4962 tens,
2310 4912 2477 4968 genua
2498 4894 2673 4959 ﬂecte,
2694 4892 2977 4946 Dominum
3004 4898 3149 4941 tuum
3174 4904 3322 4957 roga,
3346 4903 3497 4955 geme
3527 4902 3729 4948 amare,

2143 5000 2197 5045 et
2222 4987 2595 5042 adversitatem
2642 4982 2881 5052 repellet.
2934 4978 3012 5032 Tu
3057 4978 3269 5048 quidem
3301 4976 3477 5029 audita
3509 4976 3733 5028 militum

2147 5079 2450 5134 incursione
2494 5092 2599 5130 non
2643 5089 2791 5140 vera,
2819 5070 3067 5141 praesenti
3097 5069 3202 5122 vita
3226 5066 3488 5135 abrumpti
3518 5066 3732 5135 pericli-

2146 5182 2286 5228 tatus
2329 5188 2421 5238 es;
2470 5171 2656 5224 beatus
2698 5182 2823 5220 vero
2851 5164 2952 5220 Job
2994 5164 3083 5218 ille
3106 5162 3373 5217 continuis
3400 5161 3737 5215 venientibus

2146 5267 2363 5329 nuntiis,
2411 5275 2459 5319 et
2482 5263 2660 5333 gravia
2692 5258 3073 5320 nuntiantibus,
3105 5264 3159 5311 et
3183 5253 3551 5324 adjicientibus
3594 5253 3738 5305 into-

2152 5358 2422 5413 lerabilem
2474 5354 2703 5407 ﬁliorum
2751 5350 3137 5419 perditionem,
3190 5360 3310 5399 non.
3340 5343 3579 5413 ejulavit,
3633 5357 3741 5396 non

2148 5448 2367 5520 gemuit,
2418 5446 2510 5501 sed
2554 5445 2618 5498 ad
2664 5444 2961 5498 orationem
2988 5452 3279 5493 conversus
3305 5444 3405 5499 est,
3432 5443 3485 5488 et
3513 5433 3740 5487 Domino

2145 5540 2341 5612 gratias
2370 5537 2578 5608 agebat.
2612 5535 2762 5589 llunc
2787 5542 2840 5588 et
2870 5541 2922 5586 tu
2948 5530 3191 5594 imitare;
3217 5544 3337 5582 cum
3358 5526 3577 5581 veniens
3594 5525 3739 5595 quis-

2148 5633 2288 5703 piam
2335 5628 2656 5683 nuntiaverit
2700 5626 2895 5679 milites
2943 5623 3130 5676 urbem
3180 5617 3596 5673 circumdedisse
3630 5658 3643 5680 ,
3684 5627 3738 5670 ot

2147 5725 2286 5779 bona
2310 5722 2613 5791 direpturos
2641 5734 2780 5784 esse,
2826 5715 2891 5770 ad
2916 5714 3201 5769 Dominum
3231 5722 3378 5765 tuum
3403 5709 3649 5780 confuge,
3687 5720 3740 5763 et

2147 5816 2233 5871 dic
2264 5831 2277 5865 :
2312 5813 2559 5867 Dominus
2603 5810 2757 5875 dedit,
2810 5808 3055 5861 Dominus
3108 5803 3329 5871 abstulit,
3362 5803 3489 5857 sicut
3519 5801 3734 5855 Domino
