4112 6388
430 377 532 432 165

438 491 676 545 Ἐκεῖνον
706 491 805 544 οὐκ
836 491 1100 564 ἐφόϐησεν
1139 494 1171 562 ή
1201 494 1364 564 πεῖρα
1396 495 1504 548 τῶν
1534 497 1896 568 πραγμάτων,
1925 498 1984 550 σέ
2001 498 2096 550 καὶ

422 579 457 648 ὴ
469 573 757 653 ἀκοημόνη
774 574 933 627 πτοεῖ
949 590 963 638 ;
981 581 1087 633 Καὶ
1101 580 1240 644 τίνος
1252 581 1316 634 ἂν
1328 581 1412 651 εῖη
1422 598 1518 651 μεν
1555 581 1694 647 ἄξιοι
1726 583 1884 651 λόγου
1895 624 1908 645 ,
1923 585 1970 636 οἰ
2003 585 2094 636 καὶ

424 666 652 720 θανάτου
691 669 1035 738 κατατολμᾷν
1072 667 1468 732 κελευσθέντες,
1497 672 1589 723 καὶ
1615 671 1719 723 ὑπὸ
1752 674 1938 742 φήμης
1961 671 2095 740 ψευ-

422 753 544 817 δοῦς
569 751 712 808 οὑτω
731 751 1084 824 πτοούμινοι;
1113 757 1172 808 '0
1195 756 1586 828 θορυϐούμενος
1609 760 1702 811 καὶ
1729 760 1817 812 τὸν
1837 761 1937 812 οὑκ
1971 759 2097 812 ὄντα

423 843 589 910 φόϐον
620 843 904 914 συνίστησι
933 845 1024 897 καί
1049 845 1292 916 ταραχὴν
1313 845 1412 914 τὴν
1438 846 1511 916 μὴ
1547 849 1877 918 φαινομένην
1907 859 1954 888 α·
1984 850 2012 902 6
2040 847 2097 900 δέ

423 932 482 981 ἐν
504 929 836 983 καταστάσει
871 933 964 984 καὶ
993 931 1200 1002 γαλήνῃ
1247 933 1425 1003 ψυχῆς
1470 933 1544 986 ῶν
1578 935 1672 988 καὶ
1699 935 1789 987 τὸν
1821 935 1950 988 ὄντα
1990 935 2096 988 δια-

422 1017 558 1075 λύει.
590 1020 700 1090 Οὐχ
725 1023 857 1092 ὁρᾷς
878 1023 1002 1085 τοὺς
1037 1022 1392 1094 κυϐερνήτας,
1417 1024 1496 1078 ὅτι
1523 1025 1622 1095 τῆς
1653 1025 1928 1095 Θαλάσσης
1970 1043 2096 1096 μαι-

422 1107 675 1178 νομένης,
713 1109 890 1178 νεφῶν
941 1111 1340 1181 συντρεχόντων
1370 1112 1420 1172 ι),
1452 1111 1690 1182 βροντῶν
1719 1115 2098 1183 καταρρηγνυ-

427 1194 626 1262 μένων,
676 1196 893 1249 πάντων
920 1196 1028 1248 τῶν
1060 1198 1154 1249 ἐπὶ
1181 1197 1274 1250 τοῦ
1307 1197 1494 1251 πλοίου
1544 1197 1976 1269 θορυϐουμένων,
2006 1200 2098 1251 ἐπὶ

421 1280 530 1332 τῶν
555 1282 757 1336 οἰάκων
782 1283 936 1336 αὐτοὶ
970 1284 1258 1354 κάθηνται,
1284 1287 1454 1357 χωρίς
1486 1284 1715 1356 θορύϐου
1742 1287 1834 1338 καὶ
1857 1287 2097 1356 ταραχῆς

422 1369 676 1440 τῇτέχνῃ
708 1373 773 1442 τῇ
811 1371 1016 1422 ἑαυτῶν
1049 1372 1422 1444 προσέχοντες,
1457 1374 1551 1426 καὶ
1574 1373 1922 1436 σκοποῦντες,
1949 1374 2096 1436 ὅπως

424 1455 518 1507 τὸν
545 1456 766 1509 ἐπιόντα
813 1457 1240 1528 διακρούσωνται
1301 1459 1578 1531 χειμῶνα;
1634 1459 1869 1524 Τούτους
1904 1460 2000 1513 καὶ
2032 1462 2095 1513 σὺ

425 1541 688 1613 μίμησαι,
741 1546 832 1597 καὶ
862 1549 960 1616 τῆς
994 1548 1142 1618 ἰερᾶς
1176 1547 1421 1618 ἀγκύρας
1449 1547 1858 1618 ἐπιλαϐόμενος,
1889 1550 1987 1618 τῆς
2018 1550 2097 1610 εἰς

377 1647 387 1659 ·
420 1630 512 1681 τὸν
537 1630 668 1683 Θεὸν
693 1631 923 1696 ἐλπίδος,
953 1635 1200 1697 άσειστος
1232 1636 1357 1705 μένε
1393 1638 1485 1689 καὶ
1522 1636 1942 1707 ἀπερίτρεπτος.
1971 1633 2098 1700 Πᾶς

422 1718 593 1785 ὅστις
615 1721 822 1775 ἀκούει
839 1741 958 1791 μου
989 1725 1128 1790 τοὺς
1147 1729 1369 1796 λόγους
1403 1729 1670 1792 τούτους,
1706 1726 1858 1798 φησί,
1906 1727 2001 1779 καὶ
2025 1729 2096 1781 οὐ

422 1808 580 1860 ποιεῖ
600 1809 843 1876 αὐτοὺς,
881 1813 1306 1880 ὁμοιωθήσεται
1338 1814 1509 1882 ἀνδρὶ
1533 1813 1727 1884 μωρῷ,
1760 1814 1929 1880 ὅστις
1952 1817 2098 1881 ᾠκο-

420 1894 688 1962 δόμησεν
752 1899 948 1952 αὐτοῦ
1004 1899 1118 1966 τὴν
1165 1903 1363 1955 οὶκίαν
1413 1902 1511 1956 ἐπὶ
1569 1904 1682 1969 τὴν
1721 1902 1947 1972 ἅμμον,
1999 1903 2098 1956 καὶ

419 1982 638 2049 κατέϐη
674 1985 1052 2054 ήβροχὴ,καί
1071 1985 1261 2058 ἦλθον
1287 1993 1341 2043 οἱ
1369 1990 1638 2058 ποταμοὶ,
1657 1991 1755 2044 καί
1791 1991 2099 2044 ἔπνευσαν

426 2071 481 2121 οἱ
511 2069 734 2139 ἄνεμοι,
787 2073 883 2126 καὶ
915 2077 1340 2144 προσέρῤηξαν
1392 2076 1468 2145 τῇ
1511 2079 1669 2144 οἰκίᾳ
1721 2079 1947 2146 ἐκείνῃ,
1999 2079 2097 2131 καί

420 2157 736 2222 κατέπεσε,
763 2162 858 2214 καὶ
884 2157 965 2232 ἦν
989 2165 1026 2230 ή
1055 2165 1278 2230 πτῶσις
1314 2165 1503 2233 αὐτῆς
1532 2164 1784 2234 μεγάλη.
1826 2166 1984 2236 Ὁρᾷς
2017 2167 2097 2218 ὅτι

423 2243 607 2306 ἀνοίας
643 2247 756 2298 ἐστί
779 2247 838 2300 τὸ
855 2251 1322 2318 προκαταπίπτειν
1346 2253 1439 2304 καὶ
1475 2252 1931 2324 περιτρέπεσθαι;
1957 2253 2100 2305 Μᾶλ-

425 2329 516 2383 λον
546 2331 603 2384 δὲ
630 2335 792 2403 ἡμεῖς
845 2335 964 2389 οὐδὲ
1003 2338 1143 2390 κατὰ
1172 2339 1262 2391 τὸν
1316 2339 1496 2410 μωρὸν
1527 2341 1731 2392 ἐκεῖνον
1779 2339 2094 2410 ἐγενόμεθα,

424 2418 561 2471 ἀλλὰ
591 2421 682 2472 καὶ
707 2421 914 2476 ἐκείνου
942 2423 1270 2496 ἀθλιώτερον
1303 2428 1698 2498 κατεπέσομεν.
1729 2427 1968 2481 Ἐκείνου
2001 2428 2098 2498 μὲν

423 2507 532 2576 γὰρ
557 2509 591 2578 ἡ
621 2508 766 2562 οἰκία
802 2511 940 2580 μετά
970 2515 1268 2584 ποταμοὺς.
1335 2515 1472 2584 μετά
1501 2515 1559 2568 τὸ
1591 2515 1978 2585 κατενεχθῆναι
2008 2516 2098 2568 τὸν

423 2593 604 2660 ὑετὸν,
669 2598 809 2666 μετά
860 2597 922 2650 τὸ
970 2603 1300 2670 προσπεσεῖν
1333 2603 1457 2666 τοὺς
1494 2602 1728 2673 ἀνέμους
1775 2604 2095 2656 κατέπεσεν·

425 2681 590 2750 ἡμεῖς
623 2683 680 2737 δέ
705 2685 804 2737 οὐκ
827 2686 1046 2757 ἀνέμων
1075 2687 1419 2757 ἐνεχθέντων,
1458 2689 1519 2741 οὐ
1558 2691 1818 2760 ποταμῶν
1859 2707 2101 2761 προσρη-

428 2765 659 2842 ξάντων,
682 2773 742 2825 οὑ
776 2775 1105 2844 πνευμάτων
1151 2775 1588 2846 προσϐαλόντων,
1642 2778 1748 2848 πρὸ
1774 2777 1874 2846 τῆς
1904 2776 2100 2848 πείρας

425 2861 537 2914 τῶν
578 2863 770 2917 δεινῶν
809 2866 918 2919 ἀπὸ
949 2867 1046 2937 τῆς
1075 2867 1248 2938 ἀκοῆς
1277 2868 1444 2939 μόνης
1483 2867 1952 2939 περιετράπημεν,
2005 2870 2102 2922 καὶ

428 2951 626 3015 πάντα,
659 2953 802 3026 άπερ
839 2955 1286 3027 ἐφιλοσοφοῦμεν,
1350 2957 1662 3029 ἐξεχέαμεν.
1711 2961 1878 3013 Ποίαν
1925 2960 2101 3014 οἴεσθέ

432 3053 524 3107 μοι
549 3037 696 3112 [162]
727 3041 824 3111 τὴν
851 3042 1087 3096 διάνοιαν
1118 3039 1258 3098 εἶναι
1299 3043 1427 3111 νῦν;
1486 3046 1602 3109 πῶς
1634 3046 2099 3115 ἐγκαλύπτεσθαις

427 3125 548 3189 πῶς
577 3128 972 3194 καταδύεσθαι;
1029 3130 1147 3195 πῶς
1195 3131 1488 3204 ἐρυθριᾷν;
1521 3134 1584 3185 Εἰ
1624 3133 1696 3205 μὴ
1721 3133 1921 3206 πολλὴν
1952 3136 2104 3206 παρὰ

427 3211 539 3266 τῶν
570 3215 824 3287 πατέρων
853 3218 1093 3289 ὑπέστην
1141 3220 1388 3290 ἀνάγκην
1407 3259 1422 3284 ,
1453 3221 1562 3274 οὐδ’
1614 3219 1679 3275 ἂν
1702 3221 1953 3294 ἀνέστην,
1993 3224 2102 3277 οὐδ’

431 3300 499 3352 ἂν
524 3301 800 3374 διελέχθην
839 3305 943 3358 ὑπὸ
973 3307 1073 3374 τῆς
1120 3307 1358 3377 ἀθυμίας
1412 3308 1703 3372 σκοτωθεὶς
1753 3311 1848 3380 τῆς
1905 3311 1996 3364 ἐπὶ
2035 3315 2104 3383 τῇ

433 3389 770 3460 μικροψυχία
802 3395 867 3462 τῇ
915 3393 1177 3466 ὑμετέρᾳ·
1209 3395 1326 3448 ἀλλ’
1360 3396 1482 3448 οὐδέ
1542 3396 1636 3449 νῦν
1679 3397 1974 3469 δεδύνημαι
2026 3401 2104 3464 εἰς

429 3476 668 3544 ἐμαυτὸν
699 3479 1034 3534 ἐπανελθεῖν·
1064 3481 1207 3536 οὕτω
1231 3501 1320 3554 μοι
1337 3485 1504 3555 θυμὸς
1535 3486 1629 3538 καί
1655 3485 1861 3557 ἀθυμία
1889 3488 2106 3559 πολιορ-

430 3565 518 3615 κεῖ
557 3565 656 3636 τὴν
689 3566 886 3638 ψυχήν.
917 3569 1012 3632 Τίς
1046 3571 1153 3642 γὰρ
1179 3572 1279 3624 οὐκ
1322 3571 1388 3625 ἂν
1423 3575 1845 3642 ἀγανακτήσειε,
1899 3575 1983 3639 τίς
2007 3577 2108 3628 οὐκ

432 3650 500 3702 ἂν
531 3651 935 3723 δυσχεράνειεν,
965 3657 1090 3710 ὅταν
1121 3657 1262 3728 μετά
1285 3660 1552 3730 τοσαύτην
1588 3661 1950 3727 διδασκαλίαν,
1997 3663 2110 3716 Ἐλο

430 3736 608 3807 λήνων
633 3740 825 3811 δέησθε
849 3742 1182 3798 διδασκάλων
1217 3747 1298 3809 εἰς
1329 3748 1389 3800 τὸ
1427 3748 1840 3819 παρακληθῆναι
1867 3751 1961 3802 καὶ
1989 3767 2108 3803 πει-

433 3825 628 3895 σθῆναι
655 3829 920 3896 γενναίως
957 3832 1201 3900 ἐνεγκεῖν
1245 3834 1337 3889 τὸν
1369 3836 1610 3906 παρόντα
1638 3836 1834 3904 φόϐον;
1864 3835 2107 3902 Εὑξασθε

430 3915 610 3970 τοίνυν
633 3919 850 3989 δοθῆναι
875 3921 1031 3990 λόγον
1057 3924 1188 3994 ἡμῖν
1211 3925 1267 3976 ἐν
1290 3923 1490 3990 ἀνοίξει
1513 3925 1606 3978 τοῦ
1635 3925 1900 3995 στόματος
1930 3927 2106 3998 ἡμῶν,

431 4003 726 4076 δυνηθῆναί
751 4025 808 4061 τε
834 4010 932 4080 τὴν
979 4011 1216 4081 ἀθυμίαν
1254 4013 1400 4082 ἡμᾶς
1435 4013 1864 4079 ἀποτινάξασθαι
1900 4015 2104 4086 ταύτην

433 4095 532 4147 καὶ
563 4098 756 4168 μικρὸν
778 4100 1096 4173 ἀναστῆναι.
1129 4106 1237 4158 Καὶ
1266 4105 1375 4176 γὰρ
1402 4105 1605 4175 σφόδρα
1632 4106 1928 4160 κατέϐαλεν
1953 4107 2110 4177 ἡμῶν

432 4184 535 4255 τὴν
553 4184 730 4258 ψυχὴν
759 4189 792 4258 ή
816 4189 956 4261 ὑπὲρ
989 4191 1088 4262 τῆς
1122 4191 1394 4263 ὑμετέρας
1429 4192 1791 4264 μικροψυχίας
1820 4195 2070 4264 αἰσχύνη.

511 4273 576 4342 β’.
613 4275 789 4329 Πολλά
820 4276 1011 4349 πρώην
1025 4279 1304 4351 διελέχθην
1320 4280 1455 4350 πρὸς
1472 4279 1567 4350 τὴν
1584 4281 1857 4352 ὑμετέραν
1885 4281 2106 4352 ἀγάπην

436 4360 536 4413 καὶ
564 4363 694 4432 περὶ
725 4364 970 4432 παγίδων
999 4365 1116 4419 τῶν
1136 4367 1472 4438 πανταχόθεν
1511 4369 1644 4437 ἡμῖν
1687 4368 1976 4438 κειμένων,
2018 4369 2112 4420 καὶ

440 4449 572 4521 περὶ⁵
604 4450 771 4519 φόϐου
803 4453 898 4505 καί¹
923 4452 1182 4524 ἀθυμίας,
1215 4456 1308 4509 καὶ
1336 4456 1463 4527 περὶ
1491 4454 1723 4519 πένθους
1755 4458 1850 4509 καί⁹
1893 4455 2106 4526 ἡδονῆς,

440 4538 538 4590 καὶ
567 4541 696 4611 περὶ
725 4540 825 4610 τῆς
855 4542 1133 4614 δρεπάνης
1161 4545 1262 4614 τῆς
1290 4543 1382 4595 ἐπὶ
1414 4543 1514 4607 τὰς
1536 4544 1712 4606 οἰκίας
1749 4544 1856 4596 τῶν
1887 4544 2113 4614 ὀμνυόν-

437 4642 549 4680 των
603 4629 925 4700 πετομένης·
960 4631 1068 4683 ἀπὸ
1110 4631 1220 4683 τῶν
1264 4631 1473 4686 πολλῶν
1520 4631 1584 4702 δὴ
1640 4631 1873 4702 μάλιστα
1911 4631 2114 4684 τούτων

440 4715 696 4769 ἀπάντων
725 4717 908 4771 ἐκεῖνα
941 4717 1446 4789 διαμνημονεύσατέ
1485 4737 1575 4788 μοι
1611 4721 1682 4772 τὰ
1711 4720 1839 4788 περὶ
1875 4721 1974 4790 τῆς
1995 4719 2114 4790 δρε-

442 4804 624 4874 πάνης
651 4806 918 4876 εἰρημένα
949 4807 1046 4878 τῆς
1078 4807 1403 4878 πετομένης,
1447 4808 1540 4860 καὶ
1580 4810 1658 4870 εἰς
1694 4809 1791 4880 τήν
1823 4807 1996 4860 οἰκίαν
2019 4807 2114 4858 τοῦ

439 4890 735 4959 ὀμνύοντος
779 4894 1176 4966 καταλυούσης,
1212 4897 1306 4948 καὶ
1353 4896 1480 4958 τοὺς
1531 4894 1709 4958 λίθους
1743 4896 1838 4947 καὶ
1876 4894 1944 4947 τὰ
1982 4893 2116 4959 ξύλα

442 4981 937 5052 κατασκαπτούσης
967 4985 1060 5036 καὶ
1092 4983 1417 5053 δαπανώσης
1448 4984 1680 5036 ἅπαντα.
1704 4984 1810 5035 Καὶ
1845 4982 1981 5052 μετά
1999 4981 2118 5035 τοὺ-

442 5082 536 5118 του
565 5068 784 5121 κάκεῖνο
813 5070 1108 5138 φυλάττετε
1128 5112 1142 5138 ,
1177 5074 1258 5125 ὅτι
1290 5073 1388 5141 τῆς
1422 5072 1657 5141 ἐσχάτης
1701 5070 1886 5134 ἀνοίας
1933 5071 2079 5124 ἐστὶν
2099 5111 2114 5134 ,

449 5152 778 5223 Εὑαγγέλιον
795 5157 1173 5229 λαμϐάνοντας
1199 5159 1446 5230 ὀμνύναι,
1467 5160 1560 5212 καὶ
1587 5159 1676 5212 τὸν
1708 5159 1870 5230 νόμον
1899 5159 1990 5211 τὸν
2011 5177 2118 5212 κω-

443 5239 639 5294 λύοντα
667 5244 918 5315 ὀμνύναι,
949 5247 1140 5300 τοῦτον
1169 5248 1330 5318 ὅρκον
1357 5247 1646 5301 ποιεῖσθαι·
1673 5249 1768 5301 καὶ
1801 5247 1881 5300 ὅτι
1911 5246 2117 5318 βέλτιον

445 5327 777 5399 ζημιοῦσθαι
812 5335 1092 5405 χρήματα,
1124 5335 1156 5406 ἢ
1193 5339 1305 5400 τοῖς
1335 5336 1561 5406 πλησίον
1594 5337 1756 5408 ὅρκον
1781 5338 2079 5404 ἐπαγαγεῖν
2102 5352 2116 5368 ·

443 5417 529 5470 ὅτι
565 5419 725 5490 ἱκανὴ
754 5421 912 5474 τοῦτο
953 5423 1032 5486 εἰς
1063 5423 1154 5476 τὸν
1191 5425 1320 5477 Θεὸν
1355 5425 1565 5493 γίνεται
1603 5429 1756 5496 τιμή.
1805 5425 1974 5478 Ὅταν
2013 5423 2122 5496 γὰρ

444 5505 612 5576 εἴπης
638 5506 715 5577 τῷ
739 5508 880 5579 Θεῷ,
912 5510 1110 5564 ὅτιΔιά
1139 5511 1198 5563 σὲ
1227 5513 1326 5581 οὐχ
1354 5512 1588 5584 ὥρκωσα
1616 5514 1704 5565 τὸν
1739 5513 1884 5566 δεῖνα
1909 5513 2000 5566 τὸν
2026 5532 2118 5566 κε-

446 5594 684 5662 κλοφότα
725 5597 817 5649 καὶ
848 5602 1320 5670 κακουργήσαντα,
1357 5601 1477 5653 ἀντὶ
1499 5601 1701 5671 ταύτης
1734 5618 1814 5654 σοι
1836 5602 1932 5672 τῆς
1951 5603 2118 5672 τιμῆς

449 5682 759 5753 πολλὴνκαί
786 5686 928 5738 κατά
960 5688 1130 5758 παρὸν
1158 5699 1179 5725 ο
1223 5689 1318 5741 καὶ
1351 5689 1488 5759 μετά
1520 5690 1692 5742 ταῦτα
1725 5689 1995 5743 ἀποδώσει
2023 5692 2123 5762 τήν

509 5854 528 5923 ‘_
556 5861 664 5907 SuV.
691 5861 820 5909 addit
846 5862 1022 5923 ἐπάγει.

515 5916 548 5994 ξ
571 5923 786 5994 ξιιεξειν.
816 5933 868 5994 οι
887 5916 1098 5994 [παχῆα]ιί
1119 5940 1230 5987 pars
1243 5940 1366 5994 mss.
1397 5927 1513 5980 Mor.
1542 5929 1894 5993 διατρεχόντων.

519 5983 545 6016 ⁸
571 5983 718 6037 Savil.
741 5987 863 6036 κατὰ
881 5987 962 6036 τὸν
980 5983 1189 6050 παρόντα
1210 5991 1376 6039 αἰῶνα.

1409 379 1503 434 AD
1541 379 1870 441 POPULUM
1908 381 2408 440 ANTIOCHENUM
2446 381 2681 439 IIOMIL.
2725 381 2865 438 XVI.

3767 377 3876 432 ιοι

2207 498 2460 569 ἀμοιϐήν.
2485 496 2669 552 Ταῦτα
2693 497 2787 550 καὶ⁹
2811 495 2946 567 πρὸς
2976 493 3194 565 ἐτέρους
3226 491 3432 560 λέγετε,
3465 491 3556 545 καὶ
3583 490 3733 545 αὐτοὶ
3755 493 3865 546 δια-

2208 585 2523 655 φυλάττετε.
2561 581 2691 637 Οἶδα
2713 585 2793 637 ὅτι
2816 581 3048 636 ἐνταῦθα
3065 579 3444 648 εὐλαϐέστεροι
3473 579 3753 648 γινόμεθα,
3775 581 3864 632 καὶ

2206 675 2384 726 πᾶσαν
2414 672 2653 743 πονηρὰν
2681 669 2968 740 συνήθειαν
3003 665 3386 736 ἀποτιθέμεθα·
3424 667 3559 720 ἀλλά
3582 666 3643 718 τὸ
3669 665 3866 736 ζητού-

2209 777 2365 829 μενον
2392 759 2548 812 τοῦτό
2576 761 2741 824 ἐστιν,
2773 758 2862 811 ἵνα
2887 758 2960 826 μὴ
3003 754 3235 808 ἐνταῦθα
3271 753 3648 822 φιλοσοφῶμεν
3690 755 3868 824 μόνον,

2206 847 2320 901 ἀλλ’
2351 847 2437 900 ἵνα
2465 846 2560 899 καὶ
2585 845 2688 911 ἔξω
2718 845 2816 915 τὴν
2850 842 3133 896 εὐλάϐειαν
3164 842 3365 912 ταύτην
3397 842 3653 906 λαϐόντες
3701 843 3868 896 ἀπέλ·

2207 935 2406 1005 θωμεν,
2424 935 2556 986 ὅπου
2591 933 2820 1002 μάλιστα
2847 931 3016 1000 αὐτῆς
3036 929 3286 999 δεόμεθα.
3307 929 3413 982 Καὶ
3445 930 3552 1001 γὰρ
3583 933 3630 982 οἰ
3656 930 3860 1001 ὑδρευό-

2211 1040 2360 1092 μενοι
2389 1024 2448 1074 οὑ
2479 1022 2626 1091 παρά
2680 1021 2776 1090 τὴν
2806 1022 3010 1092 κρήνην
3049 1021 3208 1091 μόνον
3249 1022 3431 1091 έχουσι
3467 1018 3870 1089 πεπληρωμένα

2211 1110 2277 1163 τά
2307 1112 2526 1179 ἀγγεῖα,
2554 1108 2690 1161 οἴκοι
2717 1109 2773 1161 δὲ
2805 1107 3130 1170 ἀπελθόντες
3158 1108 3424 1172 κενοῦσιν,
3465 1108 3576 1160 ἀλλ’
3610 1108 3724 1158 ἐκεῖ
3764 1108 3870 1176 μά-

2203 1198 2359 1251 λιστα
2388 1196 2526 1250 αὑτά
2552 1196 2688 1268 μετά
2724 1197 3022 1264 ἀσφαλείας
3049 1195 3410 1257 ἀποτίθενται,
3439 1193 3577 1247 ὥστε
3610 1194 3682 1264 μὴ
3715 1211 3872 1264 περι-

2205 1285 2478 1356 τραπῆναι
2537 1285 2629 1336 καὶ
2674 1285 2901 1354 μάταιον
2950 1283 3200 1352 γενέσθαι
3259 1282 3350 1336 τὸν
3404 1283 3583 1336 πόνον.
3636 1281 3872 1346 Τούτους

2209 1375 2303 1428 καὶ
2335 1377 2496 1444 ἡμεῖς
2535 1372 2924 1444 μιμησώμεθα,
2973 1373 3068 1426 καὶ
3111 1373 3249 1425 οῖκοι
3291 1373 3572 1443 γενόμενοι
3615 1373 3871 1442 τηρῶμεν

2208 1461 2345 1532 μετά
2373 1461 2657 1532 ἀκριϐείας
2689 1460 2758 1514 τά
2783 1461 3067 1532 εἰρημένα·
3100 1461 3174 1525 ώς
3209 1461 3304 1513 ἐὰν
3351 1460 3580 1514 ἐνταῦθα
3629 1463 3727 1530 μὲν
3772 1457 3870 1531 ἦτε

2206 1549 2645 1620 πεπληρωμένοι,
2682 1548 2818 1601 οἶκοι
2839 1549 2894 1600 δὲ
2926 1549 3244 1620 ἀναχωρῆτε
3266 1549 3432 1609 κενοὶ,
3463 1548 3532 1601 τὰ
3552 1549 3748 1616 ἀγγεῖα
3770 1548 3869 1616 τῆς

2204 1638 2437 1700 διανοίας
2455 1637 2610 1708 ὑμῶν
2638 1636 2818 1707 ἔρημα
2832 1637 2931 1705 τῆς
2960 1638 3277 1708 ἀκροάσεως
3301 1636 3532 1706 ἔχοντες,
3550 1636 3700 1690 οὑδέν
3718 1635 3872 1689 ἔσται

2204 1728 2268 1778 ἐκ
2293 1727 2390 1796 τῆς
2413 1724 2645 1777 ἐνταῦθα
2673 1723 3007 1795 πληρώσεως
3039 1724 3168 1792 ὑμῖν
3199 1723 3409 1792 ὄφελος.
3446 1723 3535 1793 Μή
3571 1739 3660 1793 μοι
3691 1722 3872 1793 δείξῃς

2203 1813 2261 1866 ἐν
2285 1816 2350 1884 τῇ
2385 1811 2692 1885 παλαίστρᾳ
2712 1811 2803 1864 τόν
2827 1809 3084 1881 ἀθλητὴν,
3116 1810 3229 1862 ἀλλ’
3256 1813 3312 1862 ἐν
3342 1809 3420 1880 τῷ
3455 1810 3758 1879 σκάμματι·
3795 1809 3871 1880 μή

2208 1919 2296 1972 μοι
2325 1900 2423 1971 τὴν
2451 1899 2736 1953 εὐλάϐειαν
2767 1899 2908 1952 κατὰ
2937 1899 3026 1951 τὸν
3049 1897 3237 1968 καιρὸν
3255 1898 3350 1968 τῆς
3379 1897 3718 1970 ἀκροάσεως,
3735 1894 3874 1952 ἀλλὰ

2205 1988 2344 2041 κατά
2390 1989 2480 2041 τὸν
2531 1988 2720 2060 καιρὸν
2749 1986 2848 2056 τῆς
2899 1986 3172 2057 πράξεως.
3201 1986 3473 2050 Ἐπαινεῖς
3497 1987 3565 2039 τὰ
3601 1986 3870 2056 λεγόμενα

2204 2075 2317 2128 νῦν·
2355 2078 2480 2129 ὅταν
2522 2093 2581 2128 σε
2625 2077 2718 2146 δέη
2759 2073 2953 2144 ὀμόσαι
2980 2114 2993 2138 ,
3030 2073 3248 2126 πάντων
3290 2073 3466 2126 αὐτῶν
3499 2072 3875 2142 ἀναμνήσθητι

2204 2163 2348 2216 τότε.
2364 2165 2462 2216 Ἂν
2486 2164 2696 2234 ταχέως
2723 2163 2914 2216 τοῦτον
2938 2160 3324 2232 κατορθώσητε
3345 2161 3436 2214 τὸν
3464 2161 3648 2230 νόμον,
3665 2161 3758 2213 καὶ
3784 2159 3870 2229 ἐφ’

2206 2250 2368 2322 ἐτερα
2403 2250 2622 2321 μείζονα
2647 2250 2741 2321 τὴν
2763 2248 3109 2304 διδασκαλίαν
3147 2248 3478 2320 προάξομαι.
3503 2247 3636 2300 Ἰδοὺ
3665 2245 3902 2322 δεῦτε-τη

2209 2315 2441 2418 ρον-ἐτός
2463 2338 2568 2418 ἐχω
2590 2315 2744 2390 τοῦτο
2764 2337 2899 2412 πρὸς
2925 2338 3022 2406 τὴν
3041 2315 3315 2407 ὑμετέραν
3340 2315 3875 2404 διαλεγόμενδξάγάῖ

2208 2416 2609 2502 πηνξκᾶῗοὺδέ
2641 2425 2831 2478 ἐκατὸν
2863 2423 3073 2494 στίχους
3102 2423 3209 2476 τῶν
3242 2422 3474 2492 Γραφῶν
3509 2421 3635 2492 ὑμῖν
3680 2421 3876 2491 ἰσχυσα

2207 2513 2600 2586 ἐξηγήσασθαι·
2626 2513 2686 2566 τὸ
2715 2514 2770 2566 δὲ
2806 2512 2998 2574 αἴτιον,
3033 2512 3114 2564 ὅτι
3159 2512 3289 2581 παρ’
3320 2510 3475 2581 ήμῶν
3506 2509 3691 2563 δέεσθε
3737 2526 3874 2579 μαν-

2207 2599 2410 2663 θάνειν,
2425 2599 2566 2672 άπερ
2589 2599 2796 2652 οἴκοθεν
2823 2601 2917 2654 καὶ
2933 2599 3064 2670 παρ’
3083 2597 3291 2651 ἑαυτῶν
3308 2597 3535 2650 δύνασθε
3557 2596 3873 2667 κατορθοῦν·

2207 2689 2304 2742 καὶ
2337 2689 2394 2740 τὸ
2447 2688 2604 2740 πλέον
2632 2689 2761 2758 ἡμῖν
2785 2688 2884 2757 τῆς
2911 2685 3286 2758 παραινέσεως
3312 2687 3390 2749 εἰς
3416 2685 3509 2738 τὸν
3539 2684 3875 2754 ἠθικώτερον

2207 2776 2558 2831 ἀναλίσκεται
2589 2775 2768 2844 λόγον.
2796 2775 2981 2830 Ταῦτα
3013 2774 3069 2827 δὲ
3097 2775 3196 2826 οὐκ
3233 2773 3402 2844 ἐχρῆν
3435 2770 3578 2825 οὑτω
3606 2771 3874 2840 γίνεσθαι·

2211 2863 2362 2937 [165]
2418 2864 2553 2918 ἀλλά
2599 2863 2696 2934 τὴν
2745 2864 2842 2934 μέν
2876 2863 2984 2915 τῶν
3041 2861 3258 2933 τρόπων
3299 2859 3617 2930 ἐπιμέλειαν
3665 2858 3878 2912 οἴκοθεν

2208 2952 2353 3024 ὑμᾶς
2392 2951 2488 3004 καὶ
2521 2951 2651 3022 παρ’
2689 2950 2896 3004 ἑαυτῶν
2927 2948 3298 3012 παιδεύεσθαι,
3328 2948 3438 3000 τῶν
3467 2946 3697 3018 Γραφῶν
3726 2946 3781 3000 δὲ
3807 2946 3878 3000 τά

2209 3043 2454 3112 νοήματα
2496 3039 2592 3092 καὶ
2632 3038 2730 3102 τὰς
2777 3037 3007 3109 θεωρίας
3041 3039 3173 3106 ἡμῖν
3203 3035 3542 3107 ἐπιτρέπειν.
3580 3036 3642 3087 Εἰ
3684 3035 3740 3087 δέ
3789 3033 3882 3089 καὶ

2212 3130 2379 3202 ἐχρῆν
2413 3129 2506 3183 καὶ
2535 3130 2665 3199 παρ’
2707 3130 2738 3199 ἠ
2751 3127 2866 3198 μῶν
2901 3129 3046 3198 ὑμᾶς
3089 3125 3340 3188 ἀκοῦσαι,
3382 3126 3543 3178 πλέον
3584 3127 3713 3194 μιᾶς
3740 3124 3879 3195 ἡμέ-

2213 3235 2311 3289 ρας
2340 3218 2442 3270 οὐκ
2476 3217 2601 3269 ἔδει·
2634 3216 2754 3268 οὐδὲ
2785 3215 2893 3286 γάρ
2924 3215 3163 3268 ποικίλον
3186 3233 3240 3267 τι
3271 3215 3366 3268 καὶ
3405 3213 3726 3284 δυσεύρετόν
3764 3214 3880 3265 ἐστι

2211 3306 2272 3358 τὸ
2305 3305 2616 3375 λεγόμενον,
2659 3302 2781 3355 οὐδέ
2829 3301 3178 3371 κατασκευῆς
3218 3301 3470 3370 δεόμενόν
3508 3317 3672 3364 τινος.
3711 3300 3881 3352 Ὅταν

2212 3393 2322 3461 γὰρ
2346 3395 2374 3445 6
2399 3391 2532 3454 Θεὸς
2553 3390 2942 3460 ἀποφαίνηται,
2988 3388 3268 3458 σοφισμῶν
3297 3387 3397 3440 οὐκ
3420 3386 3534 3440 ἐστι
3567 3386 3776 3457 καιρός.
3825 3386 3882 3440 '0

2212 3480 2342 3543 Θεὸς
2368 3476 2507 3532 εἷπε·
2540 3477 2638 3545 Μὴ
2675 3478 2926 3546 ὀμόσῃς·
2967 3476 3041 3547 μὴ
3067 3474 3288 3529 ἀπαίτει
3321 3491 3388 3545 με
3417 3473 3603 3526 λοιπὸν
3629 3471 3879 3536 εὐθύνας.

2214 3567 2399 3638 Νόμος
2446 3565 2566 3618 ἐστὶ
2593 3565 2887 3636 βασιλικός·
2919 3565 2948 3618 ὁ
2981 3563 3095 3626 θεὶς
3129 3562 3288 3616 αὐτὸν
3322 3557 3430 3613 οἶδε
3464 3561 3555 3614 τὸν
3596 3559 3752 3628 λόγον
3786 3559 3883 3613 τοῦ

2215 3655 2402 3724 νόμου·
2431 3656 2478 3706 εί
2508 3653 2582 3724 μὴ
2614 3652 2890 3723 συμφέρον
2915 3647 3003 3723 ῆν,
3029 3652 3129 3704 οὐκ
3160 3650 3227 3703 ἂν
3263 3649 3525 3714 ἐκώλυσε,
3555 3647 3656 3700 οὐκ
3684 3646 3750 3701 ἂν
3779 3649 3885 3700 ἀπ-

2217 3741 2506 3814 ηγόρευσε.
2538 3739 2788 3803 Βασιλεῖς
2809 3739 3119 3810 εἰσφέρουσι
3149 3737 3366 3808 νόμους,
3388 3736 3482 3789 καὶ
3513 3735 3612 3806 οὐχ
3641 3735 3886 3797 ἅπαντας

2217 3828 2605 3900 συμφερόντως
2653 3827 2931 3889 πολλάκις·
2978 3825 3255 3895 ἄνθρωποι
3283 3825 3391 3894 γάρ
3429 3825 3535 3876 εἰσι
3566 3823 3658 3876 καὶ
3693 3825 3793 3876 οὑκ
3819 3823 3886 3875 ἂν

2215 3917 2460 3972 δύναιντο
2490 3915 2549 3968 τὸ
2587 3917 2859 3986 χρήσιμον
2896 3911 3067 3976 οὑτως
3093 3912 3294 3984 εὑρεῖν,
3323 3911 3512 3982 ὥσπερ
3543 3911 3571 3962 6
3593 3910 3744 3974 Θεὸς,
3771 3909 3886 3963 ἀλλ’

2215 4005 2362 4074 ὅμως
2409 4003 2550 4056 οὕτω
2606 4001 2923 4071 πειθόμεθα·
2977 3999 3080 4052 κᾶν
3134 4001 3396 4068 γυναῖκας
3444 3997 3727 4066 ἀγώμεθα,
3786 3997 3890 4052 κᾶν

2215 4092 2480 4163 διαθήκας
2531 4089 2792 4160 ποιῶμεν,
2829 4087 2934 4141 κᾶν
2994 4087 3207 4150 οἰκέτας
3265 4087 3518 4139 ὠνεῖσθαι
3586 4085 3888 4156 μέλλωμεν,

2218 4180 2322 4233 κᾶν
2352 4179 2550 4242 οἰκίας,
2577 4178 2679 4230 κᾶν
2721 4177 2945 4246 ἀγροὺς,
2974 4175 3074 4228 κᾶν
3117 4173 3293 4228 ὁτιοῦν
3335 4173 3520 4244 ἕτερον
3558 4176 3754 4235 ποιεῖν,
3789 4173 3891 4226 οὐκ

2219 4268 2398 4338 οἰκεία
2431 4265 2622 4336 γνώμῃ
2654 4264 2827 4317 ταῦτα
2866 4263 3198 4334 πράττομεν,
3233 4261 3348 4314 ἀλλ’
3396 4261 3543 4322 ὅπως
3597 4260 3661 4314 ἂν
3693 4262 3890 4314 ἐκεῖνοι

2225 4353 2534 4418 διατάξωσι,
2570 4352 2664 4406 καὶ
2691 4350 2759 4404 τά
2787 4354 2820 4422 ή
2831 4350 2948 4421 μῶν
2981 4349 3160 4402 αὐτῶν
3183 4348 3464 4402 διαθέσθαι
3493 4347 3634 4399 κατά
3666 4347 3891 4418 γνώμην

2220 4443 2319 4513 τὴν
2353 4440 2626 4512 ἡμετέραν
2649 4439 2748 4490 οὐκ
2788 4438 2955 4506 ἐσμέν
2980 4436 3158 4506 κύριοι
3181 4435 3430 4487 καθόλου·
3456 4433 3590 4486 ἀλλά
3621 4433 3890 4503 πολλαχοῦ

2219 4533 2339 4592 ταῖς
2396 4527 2620 4580 ἐκείνων
2672 4524 2993 4596 δουλεύομεν
3038 4523 3306 4594 γνώμαις,
3355 4523 3459 4575 κᾶν
3494 4522 3806 4593 ποιήσωμέν
3836 4539 3890 4575 τι

2222 4618 2377 4688 παρά
2399 4615 2460 4668 τὸ
2485 4613 2674 4667 δοκοῦν
2705 4613 2951 4678 ἐκείνοις,
2987 4611 3190 4683 ἄκυρον
3234 4611 3326 4663 καί
3356 4611 3628 4681 ἄχρηστον
3659 4610 3891 4678 γίνεται.

2222 4701 2361 4757 Εἶτα
2390 4706 2500 4764 τοῖς
2539 4701 2633 4772 μὲν
2668 4700 2775 4753 τῶν
2822 4699 3124 4770 ἀνθρώπων
3161 4699 3346 4769 νόμοις
3391 4698 3660 4768 τοσαύτην
3699 4697 3895 4750 ἀπονέ-

2227 4809 2398 4863 μομεν
2445 4789 2630 4859 τιμὴν,
2656 4789 2782 4850 τούς
2804 4787 2860 4840 δὲ
2887 4787 2980 4840 τοῦ
3009 4787 3143 4840 Θεοῦ
3171 4788 3369 4857 νόμους
3411 4785 3553 4839 οὕτω
3578 4787 3896 4856 καταπατή-

2227 4896 2413 4949 σομεν,
2441 4876 2563 4929 εἰπέ
2589 4893 2712 4946 μοι;
2743 4876 2837 4928 καὶ
2849 4875 3005 4939 ποίας
3024 4875 3197 4928 ταῦτα
3219 4873 3513 4942 ἀπολογίας
3535 4873 3694 4940 agna;
3738 4871 3895 4936 ποίας

2228 4965 2589 5036 συγγνώμης;
2655 4960 2814 5016 Εἷπε·
2877 4962 2974 5030 Μὴ
3029 4963 3288 5032 ὀμόσῃς·
3353 4961 3426 5033 μὴ
3480 4961 3896 5030 ἀντινομοθετή-

2226 5070 2325 5128 σῃς
2351 5053 2500 5124 αὐτῴ
2520 5053 2608 5106 διὰ
2629 5051 2734 5105 τῶν
2756 5049 3116 5122 πραγμάτων,
3141 5051 3228 5104 ἵνα
3257 5051 3394 5120 μετά
3409 5047 3705 5118 ἀσφαλείας
3727 5047 3900 5102 ἀπαν-

2228 5160 2298 5198 τα
2327 5144 2418 5196 καὶ
2443 5143 2600 5212 ποιῇς
2635 5141 2729 5194 καὶ
2753 5138 2940 5210 λέγῃς.

2296 5273 2366 5336 γ’.
2396 5263 2559 5319 Ἀλλά
2589 5263 2718 5335 περί⁹
2747 5262 2844 5334 μὲν
2868 5260 3072 5314 τούτων
3101 5260 3240 5322 ἀλις·
3274 5260 3407 5330 φέρε
3425 5259 3478 5312 δὲ
3499 5259 3624 5329 μίαν
3647 5258 3803 5326 ῥῆσιν
3836 5255 3902 5307 ἐκ

2231 5354 2338 5406 τῶν
2379 5355 2616 5424 σήμερον
2662 5350 3124 5419 ἀναγνωσθέντων
3184 5347 3520 5421 παραθέντες
3555 5346 3703 5414 ὑμῖν,
3734 5360 3901 5395 κατα-

2231 5442 2528 5511 παύσωμεν
2545 5440 2633 5492 τὸν
2665 5439 2842 5508 λόγον·
2870 5438 3112 5504 Παῦλος
3141 5437 3384 5507 δέσμιος
3400 5431 3604 5500 Ἰησοῦ
3620 5430 3898 5499 Χριστοῦ,

2233 5534 2384 5603 φησὶ,
2414 5530 2511 5585 καὶ
2542 5532 2815 5597 Τιμόθεος
2865 5532 2896 5582 ό
2921 5528 3202 5596 ἁδελφός.
3250 5526 3439 5593 Μέγας
3473 5525 3501 5577 ὁ
3547 5519 3642 5574 τοῦ
3689 5519 3904 5574 Παύλου

2235 5619 2638 5692 χρηματισμὸς,
2671 5619 2771 5671 οὑκ
2804 5615 2980 5688 ἀρχῆς
3003 5615 3095 5668 καὶ
3137 5614 3300 5684 τιμῆς
3341 5613 3532 5682 ὄνομα,
3560 5607 3694 5661 ἀλλά
3726 5605 3904 5676 δεσμὰ

2235 5710 2331 5762 καὶ
2361 5706 2598 5770 ἀλύσεις·
2639 5705 2852 5776 ἀληθῶς
2885 5704 3078 5774 μέγας·
3122 5701 3298 5755 καίτοι
3329 5698 3498 5753 πολλά
3541 5697 3702 5750 αὑτὸν
3741 5696 3906 5766 ἐτερα

2233 5795 2485 5866 λαμπρὸν
2517 5795 2679 5856 ποιεῖ,
2701 5793 2760 5846 τὸ
2786 5794 2864 5855 εἰς
2907 5791 3132 5862 οὐρανὸν
3167 5789 3479 5861 ἁρπαγῆναι
3511 5786 3714 5858 τρίτον,
3739 5783 3800 5836 τὸ
3827 5783 3910 5848 εἰς

2243 5882 2567 5951 παράδεισον
2594 5879 2982 5950 ἀπενεχθῆναι,
3022 5879 3084 5932 τὸ
3136 5876 3364 5931 ἀκοῦσαι
3404 5874 3619 5946 ἄρρητα
3671 5873 3908 5946 ῥήματα·

2239 5972 2352 6029 ἀλλ’
2380 5969 2532 6027 οὐδὲν
2569 5968 2772 6024 τούτων
2812 5967 3028 6038 έθηκεν,
3074 5967 3186 6024 ἀλλ’
3222 5966 3341 6023 ἀντὶ
3397 5963 3612 6019 πάντων
3646 5958 3745 6026 τὴν
3786 5959 3914 6014 ἀλυ-
