4112 6388
281 355 384 412 165

282 489 386 524 σιν·
420 469 559 541 αὕτη
588 469 698 543 γὰρ
723 471 884 526 αὐτὸν
915 472 1140 527 ἐκείνων
1186 474 1612 543 ἐπιφανέστερον
1649 475 1822 528 ἐποίει
1853 478 1948 530 καὶ

282 559 677 630 λαμπρότερον.
711 561 775 613 Τί
807 561 1040 631 δὴποτε;
1098 561 1220 614 Ὅτι
1247 562 1429 614 ἐκεῖνα
1471 562 1568 630 μὲν
1598 561 1698 631 τῆς
1729 563 1820 615 τοῦ
1857 566 1948 616 Δε-

281 648 475 700 σπότου
515 647 920 719 φιλανθρωπίας
947 649 1064 700 ἐστὶ
1089 647 1606 719 χαρίσματα,ταῦτα
1627 649 1683 701 δὲ
1701 649 1800 718 τῆς
1818 668 1953 719 καρ-

281 735 466 804 τερίας
496 736 588 788 τοῦ
621 736 830 801 δούλου,
861 735 1078 804 καὶτῆς
1110 736 1390 805 ὑπομονῆς
1422 737 1709 806 δείγματα·
1746 737 1866 800 έθος
1895 739 1951 790 δὲ

280 826 390 885 τοῖς
442 822 688 890 φιλοῦσιν
751 824 837 876 ἐπ’
882 823 1114 886 ἐκείνοις
1182 823 1382 893 μᾶλλον
1437 827 1674 894 φρονεῖν,
1739 823 1824 893 ἐφ’
1871 819 1951 886 οἷς

280 911 346 964 ἀν
401 911 682 981 πάσχωσιν
727 911 869 983 ὑπὲρ
917 910 1025 964 τῶν
1081 910 1454 980 φιλουμένων,
1521 911 1552 980 ἢ
1608 910 1693 978 ἐφ’
1749 907 1829 974 οἷς
1885 912 1951 964 ἂν

279 998 676 1070 εύεργετῶνται
721 999 852 1069 παρ’
903 998 1101 1051 αὐτῶν.
1147 999 1256 1067 Οὐχ
1288 997 1432 1051 οὕτω
1461 997 1711 1068 βασιλεὺς
1744 1000 1837 1050 ἐπὶ
1873 998 1951 1068 τῷ

281 1085 571 1156 διαδήματι
616 1087 994 1158 ἐναϐρύνεται,
1041 1086 1118 1149 ὡς
1169 1087 1376 1148 ἐκεῖνος
1418 1085 1511 1138 ἐπὶ
1564 1088 1678 1148 τοῖς
1730 1085 1950 1155 δεσμοῖς

277 1173 696 1237 ἐκαλλωπίζετο·
747 1174 842 1227 καὶ
896 1173 1041 1244 μάλα
1091 1174 1335 1236 εἰκότως.
1385 1173 1629 1242 Διάδημα
1687 1172 1785 1242 μὲν
1841 1171 1948 1242 γὰρ

278 1262 480 1331 κόσμον
508 1263 667 1332 μόνον
691 1263 845 1333 φέρει
871 1265 938 1333 τῇ
971 1259 1377 1330 στεφανουμένη
1417 1260 1704 1330 κεφαλῇ,ἡ
1735 1259 1791 1312 δέ
1823 1259 1950 1312 ἀλυ-

280 1367 364 1412 σις
392 1351 486 1403 καὶ
522 1351 724 1421 κόσμον
755 1349 936 1420 πολλῷ
966 1349 1186 1420 μείζονα
1232 1350 1326 1402 καὶ
1359 1349 1681 1416 ἀσφάλειαν.
1727 1347 1785 1399 '0
1827 1347 1952 1400 στέ-

279 1456 446 1507 φανος
480 1442 508 1493 6
538 1440 814 1510 βασιλικὸς
847 1439 1106 1502 πολλάκις
1133 1437 1415 1509 προύδωκε
1443 1437 1540 1508 τὴν
1563 1434 1950 1506 περικειμένην

277 1528 439 1580 αὑτὸν
489 1528 753 1598 κεφαλὴν,
813 1528 906 1581 καὶ
956 1528 1183 1600 μυρίους
1221 1525 1537 1587 ἐπιϐούλους
1577 1523 1946 1588 ἐπεσπάσατο,

277 1617 372 1668 καὶ
406 1618 485 1678 εἰς
511 1617 824 1687 τυραννίδος
866 1615 1164 1685 ἐπιθυμίαν
1196 1613 1444 1666 ἐκάλεσε·
1482 1614 1576 1666 καὶ
1604 1614 1662 1664 ἐν
1690 1611 1948 1678 πολέμοις

274 1704 332 1756 δέ
361 1703 534 1766 οὕτως
559 1705 706 1758 ἐστὶν
749 1702 1055 1772 ἐπισφαλὴς
1096 1705 1124 1755 6
1162 1702 1366 1771 κόσμος
1398 1693 1576 1762 οὗτος,
1611 1699 1686 1762 ώς
1713 1698 1951 1768 κρύπτε-

277 1790 401 1844 σθαι
431 1792 592 1844 αὐτὸν
622 1791 715 1845 καὶ
744 1789 1119 1844 ἀποτίθεσθαι.
1153 1791 1215 1840 Ol
1260 1788 1390 1856 γοῦν
1443 1785 1681 1856 βασιλεῖς
1705 1786 1762 1836 ἐν
1789 1784 1949 1838 πολέ-

279 1897 400 1948 μοις
423 1880 483 1932 τὸ
513 1879 702 1950 σχῆμα
736 1878 1074 1948 ἀμείϐοντες,
1105 1875 1278 1938 οὕτως
1312 1875 1539 1937 ἑαυτοὺς
1552 1875 1663 1934 τοῖς
1690 1871 1950 1941 πολεμοῦ-

276 1985 360 2020 σιν
383 1967 797 2038 ἀναμιγνύουσι·
818 1966 1050 2036 τοσαύτη
1082 1969 1114 2036 ἡ
1144 1963 1402 2036 προδοσία
1431 1962 1540 2014 ἀπὸ
1564 1960 1659 2013 τοῦ
1683 1959 1947 2030 στεφάνου

274 2037 503 2122 γίνεται.
559 2053 621 2107 Ἡ
653 2055 710 2108 δὲ
747 2055 936 2117 ἀλυσις
967 2053 1119 2106 οὐδὲν
1148 2051 1386 2105 τοιοῦτον
1409 2037 1784 2120 προξενεῖτοῖς
1806 2048 1950 2117 έχου-

278 2160 383 2206 σιν,
411 2142 547 2196 ἀλλά
569 2141 882 2197 τούναντίον
933 2141 1098 2194 ἀπαν·
1154 2141 1282 2193 ὅταν
1316 2138 1552 2208 πόλεμος
1670 2137 1765 2190 καὶ
1794 2135 1946 2207 [164]

276 2231 582 2302 παράταξις
612 2231 748 2301 πρὸς
771 2230 898 2292 τοὺς
929 2229 1188 2298 δαίμονας
1217 2227 1312 2279 καὶ
1335 2226 1432 2290 τὰς
1455 2225 1836 2295 ἀντικειμένας
1857 2225 1950 2276 δυ-

276 2321 488 2388 νάμεις,
516 2317 954 2389 προϐαλλόμενος
977 2315 1144 2386 αὐτὴν
1177 2316 1205 2367 ὁ
1236 2315 1618 2385 περικείμενος
1645 2311 1949 2383 ἀποκρούε-

275 2423 365 2458 ται
407 2408 505 2468 τὰς
543 2407 766 2460 ἐκείνων
814 2405 1058 2473 ἐφόδους.
1107 2404 1219 2455 Καὶ
1256 2402 1362 2455 τῶν
1397 2403 1494 2472 μὲν
1536 2402 1810 2473 ἀρχόντων
1842 2399 1949 2453 τῶν

274 2494 475 2559 ἔξωθεν
505 2494 690 2546 πολλοὶ
708 2494 807 2564 οὐχ
839 2493 1003 2564 ἡνίκα
1031 2491 1096 2545 ἂν
1126 2491 1386 2561 ἄρχωσιν,
1419 2489 1553 2543 ἀλλὰ
1581 2489 1673 2541 καὶ
1702 2489 1862 2559 ἡνίκα
1885 2489 1949 2542 ἂν

276 2582 631 2653 παραλυθῶσι
669 2582 767 2650 τῆς
797 2581 993 2652 ἀρχῆς,
1024 2578 1411 2649 περιφέρουσιν
1461 2577 1632 2647 αὐτῆς
1663 2576 1722 2629 τὸ
1755 2575 1946 2646 δνομα.

358 2673 417 2723 Ὀ
450 2670 598 2723 δεῖνα
644 2671 702 2736 ἐξ
732 2669 953 2722 ὑπάτων
1005 2667 1276 2735 λέγοντες,
1307 2667 1335 2719 6
1372 2665 1519 2718 δεῖνα
1559 2664 1618 2730 ἐξ
1663 2665 1945 2736 ὑπάρχων·

274 2752 430 2821 οὗτος
463 2758 520 2811 δέ
544 2758 666 2809 ἀντὶ
705 2758 922 2811 πάντων
961 2756 1188 2820 τούτων,
1228 2753 1471 2819 Παῦλος
1497 2752 1765 2822 δέσμιος,
1793 2752 1944 2824 φησί·

275 2849 372 2901 καὶ
407 2847 551 2918 μάλα
585 2845 830 2908 εἰκότως.
879 2845 1115 2898 Ἐκεῖναι
1154 2842 1252 2913 μὲν
1279 2840 1388 2911 γὰρ
1425 2842 1480 2894 αἱ
1515 2841 1681 2910 ἀρχαὶ
1714 2839 1775 2892 ού
1816 2840 1950 2894 πάν-

273 2952 384 2998 τως
415 2933 523 2985 εἰσὶ
552 2935 650 3004 τῆς
681 2932 825 2985 κατά
855 2930 1030 3001 ψυχὴν
1070 2929 1270 3002 ἀρετῆς
1303 2927 1623 2990 ἀποδείξεις·
1651 2926 1950 2998 χρημάτων

271 3023 382 3093 γάρ
409 3023 546 3074 εἰσιν
571 3020 797 3092 ὠνηταὶ,
831 3019 926 3073 καὶ
954 3018 1124 3088 φίλων
1145 3017 1433 3077 κολακείας
1455 3015 1686 3068 δέονται·
1721 3013 1860 3086 αὕτη
1893 3015 1950 3067 δὲ

274 3113 307 3180 ἡ
347 3110 544 3180 ἀρχὴὴ
572 3110 682 3163 ἀπὸ
711 3108 820 3162 τῶν
859 3106 1073 3177 δεσμῶν
1116 3106 1216 3176 τῆς
1247 3104 1389 3158 κατὰ
1416 3103 1595 3174 ψυχὴν
1633 3102 1950 3172 φιλοσοφίας

275 3198 421 3250 ἐστὶν
442 3197 762 3267 ἐνδειγμαα,
782 3193 985 3249 καὶτοῦ
1021 3211 1086 3246 πε
1098 3195 1150 3265 pl.
1170 3193 1262 3246 τὸν
1283 3192 1517 3264 Χριστὸν
1543 3190 1709 3244 πόθου
1736 3191 1948 3260 τεκμή-

277 3302 392 3353 ριον
434 3283 714 3354 μέγιστον·
757 3285 1013 3336 κάκεῖναι
1069 3282 1164 3352 μὲν
1199 3280 1523 3350 ἀποπηδῶσι
1546 3279 1774 3350 ταχέως,
1810 3277 1949 3348 αὕτη

272 3373 330 3424 δέ
363 3373 462 3426 οὐκ
484 3373 594 3443 ἔχει
617 3372 709 3426 τὸν
738 3370 1110 3442 διαδεξόμενον
1137 3372 1170 3440 ἡ
1189 3370 1354 3440 ἀρχή.
1397 3368 1528 3421 Ἰδοὺ
1553 3366 1683 3435 γοῦν
1712 3367 1771 3432 ἐξ
1807 3367 1951 3419 ἐκεί-

274 3477 368 3513 νου
404 3459 566 3531 μέχρι
589 3460 683 3514 νῦν
718 3461 884 3523 πόσος
929 3459 1209 3527 διαγέγονε
1254 3457 1464 3528 χρόνος,
1505 3458 1598 3509 καὶ
1635 3455 1948 3526 λαμπρότε-

281 3562 373 3616 ρον
397 3547 458 3599 τὸ
484 3547 652 3617 ὄνομα
674 3545 768 3600 τοῦ
797 3546 1016 3616 δεσμίου
1054 3546 1243 3613 γέγονε
1261 3543 1473 3596 τούτου·
1499 3543 1593 3596 καὶ
1621 3542 1816 3595 ὕπατοι
1851 3541 1950 3612 μὲν

274 3633 535 3699 ἅπαντες,
566 3635 680 3687 ὅσοι
709 3635 992 3703 γεγόνασιν
1023 3634 1081 3686 ἐν
1114 3637 1226 3694 τοῖς
1256 3630 1566 3702 ἔμπροσθεν
1589 3631 1820 3702 χρόνοις,
1858 3649 1948 3684 σεο

277 3721 646 3792 σίγηνταικαὶ
693 3722 813 3775 οὐδέ
865 3723 929 3775 ἐκ
979 3721 1351 3791 προσηγορίας
1387 3720 1494 3772 εἰσὶ
1524 3719 1791 3790 γνώριμοι
1840 3723 1952 3782 τοῖς

278 3808 516 3874 πολλοῖς·
540 3810 601 3862 τὸ
629 3810 687 3862 δέ
713 3808 808 3862 τοῦ
834 3809 1056 3879 δεσμίου
1086 3809 1279 3861 τούτου
1320 3809 1493 3878 ὄνομα
1534 3806 1628 3860 τοῦ
1679 3807 1950 3878 μακαρίου

275 3899 493 3953 Παύλου
514 3897 650 3951 πολὺ
685 3898 784 3968 μὲν
818 3896 1073 3957 ἐνταῦθα,
1107 3897 1243 3963 πολὺ
1263 3895 1321 3948 δὲ
1348 3897 1405 3948 ἐν
1433 3899 1501 3966 τῇ
1532 3895 1823 3967 βαρϐάρων
1845 3895 1953 3965 χώ-

280 4006 369 4060 ρᾳ,
404 3986 537 4040 πολὺ
575 3985 633 4039 δέ
684 3985 835 4055 παρά
869 3983 1104 4047 Σκύθαις
1144 3987 1238 4037 καὶ
1277 3983 1478 4047 Ἰνδοῖς,
1513 3983 1617 4037 κᾶν
1652 3984 1788 4054 πρὸς
1813 3983 1953 4036 αύτά

276 4079 376 4147 τῆς
422 4074 743 4144 οἰκουμένης
793 4073 953 4143 έλθῃς
991 4073 1059 4126 τά
1089 4072 1324 4147 πέρατα,
1356 4072 1561 4143 ταύτης
1604 4072 1814 4144 ἀκούσῃ
1855 4073 1953 4142 τῆς

277 4144 667 4234 προσηγορίας,
693 4163 786 4214 καὶ
805 4163 1049 4230 ὅπουπερ
1065 4144 1132 4214 ἄν
1150 4178 1232 4223 τις
1259 4160 1547 4230 ἀφίκηται,
1581 4159 1794 4213 Παῦλον
1818 4177 1955 4212 παν-

275 4248 442 4319 ταχοῦ
475 4251 534 4302 ἐν
578 4251 688 4311 τοῖς
722 4249 974 4302 ἁπάντων
1001 4248 1232 4318 στόμασι
1263 4247 1694 4318 περιφερόμενον
1723 4247 1950 4300 εἴσεται.

278 4339 390 4391 Καὶ
427 4339 479 4390 τί
507 4337 840 4406 θαυμαστὸν,
877 4339 926 4388 εἰ
948 4337 1003 4388 ἐν
1020 4338 1091 4406 γῇ
1105 4336 1199 4389 καὶ
1235 4335 1494 4407 θαλάττῃ,
1512 4336 1647 4388 ὅπου
1671 4353 1734 4399 γε
1763 4336 1856 4388 καὶ
1895 4338 1952 4388 ἐν

275 4427 390 4488 τοῖς
421 4425 667 4496 οὐρανοῖς
695 4423 826 4477 πολὺ
854 4423 913 4477 τὸ
933 4423 1102 4494 ὄνομα
1135 4423 1348 4477 Παύλου
1369 4423 1520 4495 παρά
1547 4426 1660 4486 τοῖς
1680 4423 1949 4491 ἀγγέλοις,

281 4513 432 4585 παρὰ
451 4518 562 4576 τοῖς
580 4514 942 4584 ἀρχαγγέλοις
975 4513 1068 4566 καὶ
1083 4515 1202 4576 ταῖς
1221 4512 1331 4566 ἀνω
1345 4512 1607 4582 δυνάμεσι
1624 4513 1718 4564 καὶ
1733 4511 1811 4582 τῷ
1827 4511 1952 4564 τού-

279 4620 385 4654 των
405 4602 614 4674 βασιλεῖ
639 4600 758 4671 Θεῴ
775 4620 790 4668 ;
808 4603 919 4654 Καὶ
938 4600 1158 4653 ποταπά
1171 4595 1236 4671 ἦν
1270 4601 1474 4665 ἐκεῖνα,
1492 4601 1646 4669 φησὶ,
1663 4600 1734 4651 τὰ
1752 4600 1948 4670 δεσμὰ,

279 4694 361 4743 δτι
378 4689 647 4760 τοσαύτην
664 4689 858 4759 ἡνεγκε
877 4686 954 4758 τῷ
969 4687 1237 4758 δεδεμένῳ
1249 4688 1347 4758 τὴν
1364 4687 1522 4754 δόξαν
1539 4704 1553 4752 ;
1569 4689 1668 4740 οὐκ
1681 4687 1788 4740 ἀπὸ
1808 4687 1946 4758 σιδὴ-

283 4794 377 4848 ρου
434 4775 871 4840 κατεσκεύαστο;
938 4774 1071 4827 Ἀπὸ
1107 4775 1326 4845 σιδήρου
1382 4777 1480 4845 μὲν
1523 4775 1949 4839 κατεσκεύαστο,

278 4865 419 4919 ἀλλά
453 4864 653 4934 πολλὴν
683 4862 828 4934 εἶχεν
859 4863 1200 4917 ἐπανθοῦσαν
1239 4863 1334 4916 τοῦ
1379 4864 1698 4934 Πνεύματος
1723 4864 1821 4934 τὴν
1853 4865 1952 4934 χά-

283 4973 389 5026 ριν,
423 4952 610 5024 ἐπειδὴ
635 4952 722 5006 διὰ
741 4953 831 5005 τὸν
857 4954 1090 5023 Χριστὸν
1117 4953 1252 5005 αὐτὰ
1274 4952 1602 5022 περιέκειτο.
1623 4953 1686 5002 Ὢ
1714 4951 1807 5004 τοῦ
1825 4951 1956 5003 θαύ-

284 5043 486 5113 ματοςί
518 5043 566 5094 οἱ
599 5041 774 5094 δοῦλοι
805 5041 1089 5111 ἐδέθησαν,
1119 5043 1148 5093 ὁ
1172 5040 1449 5110 Δεσπότης
1478 5037 1820 5110 ἐσταυρώθη,
1859 5040 1954 5091 καὶ

279 5132 342 5186 τὸ
363 5133 625 5203 κήρυγμα
659 5130 779 5184 καθ’
817 5131 1055 5202 ἑκάστην
1095 5129 1317 5195 αὔξεται
1343 5130 1441 5201 τὴν
1467 5131 1701 5201 ἡμέραν,
1734 5132 1828 5183 καὶ
1865 5129 1954 5184 διὰ

283 5219 652 5291 πραγμάτων,
691 5219 759 5271 δι’
802 5211 877 5272 ὧν
924 5218 1203 5288 ἐνομίζετο
1250 5217 1574 5283 κωλύεσθαι,
1611 5217 1699 5271 διὰ
1745 5220 1952 5270 τούτων

281 5307 521 5378 ἀνήφθη·
546 5307 640 5360 καὶ
657 5307 910 5378 σταυρὸς,
941 5309 1036 5360 καὶ¹
1065 5306 1258 5376 δεσμὰ,
1279 5305 1423 5376 άπερ
1439 5304 1614 5358 ἐδόκει
1631 5305 1906 5376 βδέλυγμα
1925 5304 1952 5344 δ

282 5392 444 5460 εἶναι,
469 5394 644 5448 ταῦτα
670 5394 766 5448 νῦν
792 5393 1067 5466 σωτηρίας
1101 5393 1345 5464 σύμϐολα
1376 5393 1590 5462 γέγονε,
1625 5395 1719 5446 καὶ
1754 5395 1955 5457 παντὸς

281 5481 503 5554 χρυσίου
533 5482 594 5534 τὸ
624 5483 862 5555 σιδήριον
899 5484 1074 5534 ἐκεῖνο
1095 5482 1226 5552 ἡμῖν
1252 5481 1576 5552 τιμιώτερον
1598 5475 1688 5551 ἦν,
1716 5482 1776 5534 οὐ
1804 5481 1956 5552 παρά

289 5571 389 5639 τὴν
414 5570 621 5623 οἰκείαν
647 5569 828 5638 φύσιν,
863 5569 1000 5623 ἀλλὰ
1053 5568 1207 5640 παρά
1234 5568 1335 5640 τὴν
1384 5569 1565 5622 αἰτίαν
1610 5570 1813 5638 ταύτην
1861 5570 1955 5623 καὶ

281 5657 382 5727 τὴν
428 5657 682 5710 ὑπόθεσιν
714 5669 762 5712 ε.
821 5658 961 5712 Ἀλλ’
994 5659 1106 5731 ὁρῶ
1151 5675 1206 5711 τι
1246 5659 1342 5712 καὶ
1377 5658 1596 5730 ζήτημα
1636 5660 1952 5730 τικτόμενον

348 5869 373 5939 ξι
398 5867 501 5939 Alii.
648 5873 833 5939 δεῖγμα,
859 5877 941 5925 alii
964 5876 1089 5924 ἐστὶν
1112 5876 1342 5937 ἔνδειγμα.

347 5929 378 5973 δ
403 5930 502 5984 Alii
527 5929 775 5996 βδελυκτᾶ.

1055 355 1114 412 S.
1142 357 1427 414 JOANNIS
1459 356 1953 417 CIIRYSOSTOMI
1992 363 2310 421 AREIHEP.
2341 362 2890 422 CONSTANTINOP.

3620 368 3721 423 l66

2055 482 2185 550 ἡμῖν
2212 480 2482 534 ἐντεῦθεν·
2519 481 2620 534 κᾶν
2668 479 2972 550 προσέχητε
3016 476 3152 548 μετά
3185 477 3488 548 ἀκριϐείας,
3541 479 3637 534 καὶ
3661 484 3724 534 τὸ

2055 566 2388 636 ζητούμενον
2416 567 2547 636 ἐρῶ,
2576 568 2670 620 καὶ
2704 568 2802 636 τὴν
2845 566 2996 617 λύσιν
3037 565 3348 637 προσθήσω.
3386 567 3450 620 Τί
3478 570 3598 620 ποτ’
3629 564 3721 622 οὖν

2053 654 2166 706 ἐστι
2197 654 2257 706 τὸ
2281 651 2610 724 ζητούμενον
2631 672 2644 718 ;
2682 653 2949 706 Εἰσελθὼν
2979 647 3130 716 οὗτος
3152 654 3180 703 ὁ
3207 653 3416 716 Παῦλός
3435 671 3563 706 ποτε
3587 654 3723 725 πρὸς

2053 741 2140 792 τὸν
2159 742 2388 810 Φῆστον,
2430 742 2524 794 καὶ
2553 741 2934 810 διαλεγόμενος
2958 739 3128 810 αὐτῷ,
3166 741 3260 793 καὶ
3291 741 3722 810 ἀπολογούμενος

2053 828 2312 898 περὶτῶν
2338 828 2702 898 ἐγκλημάτων
2751 823 2826 880 ὧν
2882 829 3163 895 ἐπήγαγον
3209 827 3258 878 οἰ
3317 827 3581 886 Ἰουδαῖοι,
3629 828 3724 880 καὶ

2050 916 2226 983 λέγων
2261 917 2375 980 πῶς
2414 913 2519 968 εἶδε
2553 916 2644 969 τὸν
2677 916 2905 986 Ἰησοῦν,
2937 916 3056 978 πῶς
3082 917 3284 985 ἢκουσε
3312 915 3412 983 τῆς
3448 915 3722 984 μακαρίας

2055 1003 2266 1072 ἐκείνης
2288 1006 2489 1074 φωνῆς,
2522 1005 2637 1067 πῶς
2666 1005 2752 1057 διὰ
2779 1003 3083 1076 πηρώσεως
3109 1002 3389 1071 ἀνέϐλεψε,
3419 1001 3722 1064 πῶςιὲπεσε

2053 1090 2144 1142 καί
2171 1092 2391 1161 ἀνέστη,
2420 1092 2536 1156 πῶς
2553 1093 2799 1162 εἰσῆλθεν
2822 1091 3170 1162 αἰχμάλωτος
3194 1093 3273 1153 εἰς
3301 1090 3588 1159 Δαμασκὸν
3613 1107 3722 1158 χωο

2056 1179 2138 1248 ρὶς
2171 1179 2385 1248 δεσμῶν
2422 1180 2726 1250 δεδεμένος,
2782 1180 2874 1233 καὶ
2918 1179 3048 1250 περὶ
3092 1176 3386 1248 προφητῶν
3421 1177 3514 1230 καὶ
3555 1176 3721 1245 νόμου

2051 1265 2373 1336 διαλεχθεὶς,
2391 1268 2485 1320 καὶ
2512 1268 2688 1331 δείξας
2710 1269 2792 1320 ὅτι
2818 1269 3061 1321 κάκεῖνοι
3082 1270 3340 1336 προεῖπον
3368 1264 3537 1317 ταῦτα
3559 1265 3724 1317 ἀπαν-

2051 1370 2136 1414 τα,
2165 1348 2274 1406 εἷλε
2303 1355 2395 1408 τὸν
2427 1354 2736 1419 δικάζοντα,
2771 1356 2866 1408 καὶ
2917 1355 3101 1425 σχεδὸν
3131 1354 3313 1406 ἔπεισε
3354 1352 3489 1423 πρὸς
3534 1350 3722 1405 ἐαυτὸν

2055 1443 2410 1513 μεταστῆναι.

2120 1527 2181 1582 δ’.
2209 1531 2464 1585 Τοιαῦται
2490 1531 2599 1604 γάρ
2616 1531 2725 1586 τῶν
2743 1532 2912 1600 ἁγίων
2929 1533 2986 1584 αἰ
3010 1530 3203 1602 ψυχαί·
3233 1528 3449 1583 ἐπειδάν
3474 1530 3554 1591 εἰς
3569 1526 3723 1599 [165]

2051 1616 2328 1680 κινδύνους
2353 1617 2380 1658 (ι
2411 1620 2750 1689 ἐμπέσωσιν,
2784 1621 2882 1691 οὺχ
2910 1621 3060 1682 ὅπως
3083 1616 3437 1684 ἀπαλλαγῶσι
3470 1616 3576 1668 τῶν
3609 1633 3725 1668 κιν-

2049 1704 2221 1758 δύνων
2261 1705 2575 1771 σκοποῦσιν,
2621 1707 2736 1760 ἀλλ’
2775 1708 2924 1770 ὅπως
2960 1707 3086 1768 τοὺς
3137 1704 3476 1775 ἐμϐαλόντας
3528 1701 3723 1774 θηρεύ-

2054 1809 2223 1854 σαιεν,
2248 1793 2464 1846 ἅπαντα
2487 1795 2806 1865 πράττουσι·
2832 1793 3082 1865 καθάπερ
3116 1789 3209 1846 οὖν
3242 1791 3334 1844 καὶ
3348 1792 3464 1844 τότε
3486 1791 3719 1857 ἐγένετο·

2052 1879 2298 1949 εἰσῆλθεν
2327 1881 2922 1953 ἀπολογησόμενος,κα“ι
2949 1881 3040 1934 τὸν
3055 1879 3315 1951 δικαστὴν
3341 1876 3518 1933 λαϐὼν
3535 1878 3720 1948 ἀπῄει.

2052 1969 2160 2020 Καὶ
2187 1968 2360 2021 ταῦτα
2408 1970 2571 2032 αὐτὸς
2626 1971 2654 2021 6
2710 1969 2970 2040 δικαστὴς
3008 1967 3362 2039 ἐμαρτύρησε
3390 1965 3582 2034 λέγων·
3622 1968 3726 2024 Ἑν

2052 2056 2232 2124 ὀλίγῳ
2254 2073 2331 2124 με
2358 2058 2579 2122 πείθεις
2605 2056 2963 2124 Χριστιανὸν
2991 2055 3292 2124 γενέσθαι.
3313 2053 3484 2106 Τοῦτο
3513 2055 3606 2106 καὶ
3629 2054 3725 2122 σή-

2055 2160 2218 2213 μερον
2238 2143 2490 2212 γενέσθαι
2517 2145 2706 2214 ἐχρῆν,
2727 2144 2822 2196 καὶ
2844 2142 2934 2195 τὸν
2963 2142 3200 2213 ἄρχοντα
3229 2139 3416 2194 τοῦτον
3447 2140 3725 2210 θαυμάσαι

2052 2231 2206 2301 ὑμῶν
2231 2233 2329 2302 τὴν
2361 2231 2765 2302 μεγαλοψυχίαν
2799 2243 2844 2296 ε,
2869 2231 2968 2300 τὴν
2989 2227 3329 2298 φιλοσοφίαν,
3361 2229 3458 2298 τὴν
3497 2229 3727 2297 ἡσυχίαν

2052 2319 2290 2381 ἃπασαν,
2348 2321 2441 2371 καὶ
2481 2321 2543 2371 ἐκ
2591 2320 2691 2388 τῆς
2743 2319 3136 2380 καταστάσεως
3191 2316 3342 2386 ὑμῶν
3380 2315 3724 2368 διδασκαλίαν

2051 2407 2284 2460 λαϐόντα
2318 2406 2591 2470 ἀπελθεῖν,
2642 2405 2921 2477 θαυμάσαι
2975 2405 3066 2457 τὸν
3119 2403 3394 2471 σύλλογον,
3443 2401 3726 2455 ἐπἀινέσαι

2051 2494 2110 2547 τὸ
2141 2495 2432 2564 συνέδριον,
2477 2494 2666 2565 μαθεῖν
2731 2495 2825 2548 καὶ
2861 2494 2954 2546 ἀπ’
2990 2492 3170 2544 αὐτῶν
3203 2491 3310 2544 τῶν
3361 2490 3723 2561 πραγμάτων,

2051 2582 2174 2634 ὅσον
2206 2581 2266 2634 τὸ
2303 2581 2465 2650 μέσον
2506 2581 2774 2651 Ἑλλήνων
2796 2598 2857 2633 τε
2879 2581 2974 2634 καὶ
2997 2578 3360 2653 Χριστιανῶν.
3399 2577 3560 2643 Ἀλλ’,
3589 2579 3727 2647 ὅπερ

2052 2669 2258 2738 ἔλεγον,
2283 2668 2470 2740 ἐπειδὴ
2491 2670 2650 2721 αὐτὸν
2674 2664 2818 2721 εἷλεν
2851 2671 2878 2720 6
2901 2667 3130 2730 Παῦλος,
3153 2668 3402 2729 κάκεῖνος
3428 2661 3600 2727 εἶπεν,
3631 2665 3727 2716 Ἐν

2053 2758 2235 2824 ὀλίγῳ
2260 2774 2337 2825 με
2366 2757 2590 2820 πείθεις
2617 2756 2978 2823 Χριστιανὸν
3005 2753 3305 2824 γενέσθαι,
3337 2752 3671 2823 ἀπεκρίνατο
3697 2753 3727 2804 6

2053 2844 2264 2908 Παῦλος
2289 2844 2479 2907 οὕτως·
2511 2845 2822 2912 Εὐξαίμην
2851 2841 2928 2895 ἂν
2949 2841 3152 2911 ἔγωγε,
3192 2841 3292 2893 καί
3322 2841 3388 2893 ἐν
3419 2841 3600 2908 ὀλίγῳ
3624 2839 3726 2892 καὶ

2052 2931 2359 2996 ὲνπολλῷ,
2373 2933 2444 2985 οὐ
2449 2933 2642 2999 μόνον
2668 2930 2762 2995 σὲ,
2783 2928 2942 2984 ἀλλὰ
2959 2928 3057 2981 καὶ
3071 2927 3301 2993 πάντας
3316 2927 3456 2992 τοὺς
3470 2927 3726 2980 ἀκούον-

2052 3018 2159 3084 τάς
2199 3036 2318 3088 μου
2380 3018 2658 3088 γενέσθαι
2695 3017 3090 3084 Χριστιανοὺς
3127 3015 3274 3069 ἄνευ
3307 3013 3431 3066 τῶν
3487 3011 3728 3082 δεσμῶν

2052 3107 2298 3159 τούτων.
2325 3107 2390 3158 Τί
2418 3105 2617 3174 λέγεις,
2647 3099 2692 3156 ὧ
2716 3103 2894 3159 Παῦλε
2913 3097 2946 3168 ;’
2965 3104 3134 3156 Ὅταν
3161 3102 3260 3173 μὲν
3295 3102 3563 3172 Ἐφεσίοις
3588 3100 3724 3170 γράο-

2054 3211 2181 3265 φης,
2212 3193 2410 3262 λέγεις·
2461 3190 2796 3260 Παρακαλῶ
2824 3186 2940 3245 οὖν
2977 3189 3134 3258 ὑμᾶς
3160 3189 3275 3259 ἐγὼ
3297 3193 3330 3243 ό
3364 3189 3609 3257 δέσμιος
3658 3188 3728 3238 έν

2051 3281 2266 3348 Κυρίῳ,
2304 3281 2486 3344 ἀξίως
2515 3277 2914 3348 περιπατῆσαι
2971 3276 3081 3346 τῆς
3126 3276 3400 3342 κλήσεως
3446 3271 3521 3345 ἧς
3545 3275 3728 3339 ἐκλή-

2053 3374 2214 3436 θητε·
2261 3369 2358 3422 καὶ
2383 3369 2512 3421 ὅταν
2557 3367 2692 3439 πρὸς
2743 3367 3008 3437 Τιμόθεον
3063 3365 3306 3436 διαλέγῃ·
3358 3365 3453 3416 Ἐν
3479 3356 3527 3429 ᾧ
3552 3379 3730 3416 κακο-

2054 3455 2222 3510 παθῶ
2243 3454 2425 3526 μέχρι
2454 3455 2718 3524 δεσμῶν,
2769 3455 2851 3521 ὡς
2889 3453 3240 3522 κακοῦργος·
3276 3453 3370 3505 καὶ
3414 3452 3541 3504 ὃταν
3589 3449 3728 3520 πρὸς

2052 3544 2327 3614 Φιλήμονα
2358 3543 2538 3597 πάλιν·
2561 3541 2804 3608 Παῦλος
2835 3540 3079 3610 δέσμιος
3121 3539 3313 3608 Ἰησοῦ
3332 3536 3608 3607 Χριστοῦ·
3633 3537 3727 3589 καὶ

2054 3632 2184 3684 ὃταν
2235 3631 2508 3694 Ἰουδαίοις
2545 3629 2859 3701 συνδικάζῃ,
2891 3628 3311 3697 λέγεις·”Ενεκα
3341 3625 3451 3693 τῆς
3479 3623 3728 3690 ἐλπίδος

2054 3718 2161 3772 τοῦ
2196 3718 2445 3787 Ἰσραὴλ
2482 3718 2599 3786 τὴν
2631 3717 2858 3772 ἅλυσιν
2884 3717 3112 3783 ταύτην
3137 3716 3484 3783 περίκειμαι·
3518 3712 3610 3765 καὶ
3628 3713 3728 3763 Φι-

2054 3806 2370 3876 λιππησίοις
2403 3808 2630 3878 γράφων
2656 3805 2861 3875 ἔλεγες·
2894 3805 3077 3859 Ὥστε
3102 3803 3244 3870 τοὺς
3275 3803 3558 3866 πλείονας
3610 3799 3730 3854 τῶν

2057 3893 2358 3963 ἀδελφῶν,
2387 3895 2746 3959 πεποιθότας
2779 3891 2902 3958 τοῖς
2930 3887 3175 3960 δεσμοῖς
3208 3907 3350 3958 μου,
3382 3885 3731 3954 περισσοτέ-

2047 3998 2170 4048 ρως
2198 3980 2673 4050 τολμᾷνάφόϐως
2699 3979 2804 4033 τὸν
2819 3980 3008 4047 λόγον
3043 3976 3276 4030 λαλεῖν·
3314 3974 3582 4044 πανταχοῦ
3627 3975 3730 4044 τὴν

2057 4069 2249 4122 ἀλυσιν
2302 4068 2644 4141 περιφέρεις,
2681 4064 2957 4135 πανταχοῦ
2997 4067 3067 4117 τὰ
3098 4063 3270 4134 δεσμά
3305 4062 3602 4135 προϐάλλῃ,
3631 4061 3730 4114 καὶ

2057 4158 2330 4226 καυχᾶσαι
2380 4157 2474 4208 ἐπὶ
2506 4155 2583 4225 τῷ
2623 4154 2931 4224 πράγματι·
2981 4152 3060 4214 εἰς
3092 4150 3438 4220 δικαστήριον
3468 4147 3525 4200 δέ
3559 4145 3730 4199 ἐλθὼν

2061 4243 2379 4314 προέδωκας
2416 4242 2512 4312 τὴν
2549 4239 2888 4310 φιλοσοφίαν,
2927 4238 3015 4291 ὅτε
3064 4237 3302 4308 μάλιστα
3345 4235 3728 4308 παρρησιάσα-

2059 4332 2181 4383 σθαι
2212 4331 2340 4395 ἓδει,
2360 4330 2453 4384 καὶ
2476 4330 2553 4399 τῷ
2584 4330 2811 4399 δικαστῇ
2841 4326 3040 4394 λέγεις·
3081 4324 3396 4394 Εὐξαίμην
3429 4323 3515 4404 ρν
3541 4337 3614 4376 σε
3635 4339 3732 4391 γε·

2056 4418 2268 4472 νέσθαι
2320 4417 2682 4486 Χριστιανὸν
2729 4416 2878 4469 ἄνευ
2904 4414 3025 4467 τῶν
3060 4412 3300 4482 δεσμῶν
3327 4413 3584 4472 τούτων;
3616 4410 3730 4463 Καὶ

2061 4507 2167 4577 μὴν
2206 4508 2254 4558 εἰ
2298 4506 2442 4559 καλά
2480 4505 2549 4557 τὰ
2573 4503 2766 4574 δεσμὰ,
2803 4504 2896 4556 καὶ
2924 4501 3066 4555 οὕτω
3105 4501 3266 4564 καλά,
3298 4500 3436 4553 ὥστε
3468 4499 3730 4570 παρέχειν

2057 4595 2152 4646 καὶ
2198 4593 2404 4664 ἑτέροις
2447 4592 2670 4664 θαῤῥείν
2712 4593 2792 4654 εἰς
2826 4592 2917 4644 τὸν
2949 4591 3089 4661 ὑπὲρ
3121 4590 3222 4659 τῆς
3250 4587 3531 4650 εὐσεϐείας
3573 4588 3730 4655 λόγον

2060 4681 2146 4748 (σὺ
2181 4681 2289 4752 γὰρ
2319 4680 2451 4732 αὐτὸ
2486 4680 2645 4732 τοῦτο
2692 4678 2862 4750 ἔφθης
2911 4678 3101 4740 εἰπὼν,
3147 4678 3230 4729 ὅτι
3269 4678 3315 4728 οἰ
3349 4675 3587 4739 πλείονες
3619 4675 3730 4726 τῶν

2057 4768 2302 4837 ἀδελφῶν
2339 4767 2658 4826 πεποιθότες
2691 4769 2805 4830 τοῖς
2827 4767 3047 4836 δεσμοῖς
3078 4782 3177 4835 μου
3209 4764 3297 4815 τὸν
3324 4763 3479 4832 λόγον
3507 4763 3729 4815 ἐλάλουν

2056 4856 2318 4924 ἀφόϐως),
2350 4855 2492 4918 τίνος
2508 4855 2694 4908 ἐνεκεν
2717 4853 2808 4906 ἐπὶ
2827 4853 2921 4906 τοῦ
2950 4851 3200 4906 δικαστοῦ
3230 4852 3328 4904 οὐκ
3347 4847 3730 4922 ἐγκαλλωπίζῃ

2056 4945 2132 5014 τῷ
2169 4942 2476 5016 πράγματι,
2509 4943 2645 4996 ἀλλὰ
2674 4943 2769 4995 καὶ
2789 4942 3106 4994 τούναντίον
3139 4943 3341 5004 ποιεῖς;
3383 4936 3529 5010 ’Ἃρα
3553 4940 3612 4991 οὗ
3642 4938 3729 4989 δο-

2057 5037 2144 5084 κεῖ
2169 5031 2387 5103 ζήτημα
2422 5029 2642 5084 εἶναιτὸ
2677 5030 3000 5100 λεγόμενον;
3051 5028 3208 5080 Ἀλλά
3239 5027 3499 5096 ταχίστην
3538 5027 3731 5094 ἐπάγω

2057 5119 2153 5189 τὴν
2189 5119 2362 5172 λύσιν.
2406 5119 2480 5170 Οὐ
2518 5117 2628 5188 γὰρ
2667 5116 2727 5181 ἐξ
2777 5117 3016 5185 ἀγωνίας
3063 5116 3182 5169 οὐδὲ
3219 5115 3422 5176 δειλίας
3453 5116 3480 5166 ὁ
3519 5114 3730 5176 Παῦλος

2056 5206 2212 5258 τοῦτο
2239 5205 2514 5275 ἐποίησεν,
2540 5205 2652 5257 ἀλλ’
2683 5205 2790 5257 ἀπὸ
2816 5205 3006 5272 σοφίας
3043 5203 3239 5272 πολλῆς
3272 5201 3290 5239 τ
3329 5202 3425 5254 καὶ
3459 5202 3730 5264 συνέσεως

2057 5294 2449 5362 πνευματικῆς·
2480 5293 2574 5344 καὶ
2607 5291 2747 5354 πῶς,
2779 5291 2889 5359 ἐγὼ
2922 5291 3090 5358 λέγω.
3118 5289 3257 5356 Πρὸς
3290 5288 3527 5357 ’Ἕλληνα
3553 5287 3726 5340 διελέ-

2057 5398 2183 5448 γετο
2198 5382 2290 5434 καὶ
2320 5383 2570 5444 ἄπιστον,
2596 5379 2691 5432 καὶ
2719 5381 2818 5432 οὐκ
2844 5378 3024 5430 εἰδότα
3051 5376 3119 5428 τὰ
3138 5375 3404 5446 ἡμέτερα.
3440 5377 3552 5428 Ούκ
3576 5375 3729 5427 ἐϐού-

2055 5467 2177 5516 λετο
2216 5463 2392 5515 τοίνυν
2438 5463 2602 5515 αὑτὸν
2649 5462 2758 5514 ἀπὸ
2809 5461 2914 5514 τῶν
2963 5457 3234 5530 φορτικῶν
3272 5459 3576 5526 ἐναγαγεῖν.
3611 5458 3727 5510 ἀλλ’

2120 5628 2141 5654 ε
2167 5625 2395 5683 Quaedam
2438 5625 2775 5684 supplevimus
2814 5636 2990 5670 omissa
3056 5620 3182 5681 apud
3230 5618 3420 5679 Momm,
3463 5622 3548 5681 qui
3575 5621 3727 5670 habet

2057 5694 2243 5748 tantum
2261 5686 2391 5748 παρα
2410 5687 2495 5742 τὴν
2516 5686 2754 5733 ὑπόθεσιν.
2783 5685 2917 5733 Enn.

2118 5747 2143 5786 ά
2167 5748 2261 5797 Alii
2286 5747 2343 5795 et
2361 5747 2472 5794 Sav.
2501 5749 2565 5801 εἰς
2587 5747 2813 5793 κίνδυνον.

2121 5813 2145 5840 ⁸
2173 5809 2286 5866 Alii,
2317 5810 2446 5855 inter
2469 5821 2592 5868 quos
2615 5807 2787 5866 Savil.,
2811 5807 2890 5853 καὶ
2913 5805 2994 5852 τὸν
3018 5803 3223 5868 ἄρχοντα
3246 5805 3426 5853 τούτων
3459 5805 3727 5854 εἰσελθόντι-ί

2062 5872 2176 5934 πρὸς
2197 5871 2317 5934 ὑμᾶς
2338 5867 2606 5934 αἰδεσθῆναι
2628 5870 2712 5923 τήν
2733 5867 3108 5934 μεγαλοψυχίαν.

2132 5933 2146 5970 ἰ
2158 5928 2358 5991 Quidam
2379 5931 2649 5994 φιλοσοφίας
2668 5928 3404 5991 πολλῆς.Ιιιῐτιιιιυιιιεωαιϋά).>.’
3425 5928 3536 5988 ὅπερ
3556 5932 3730 5990 ἔλεγεν,
