4112 6388
511 324 608 379 ηε
1384 321 1474 375 AD
1510 320 1828 375 POPULUM
1867 314 2352 373 ANTIOCIIENUM
2415 321 2642 378 HOMIL.
2684 326 2820 380 XVI.
3674 332 3768 389 ltiti

505 440 644 487 dum.
692 435 797 489 Cur
840 432 1089 487 tandem?
1133 432 1393 499 Quoniam
1453 433 1542 485 illa
1592 432 1803 502 quidem
1865 432 2073 485 Domini

503 526 839 593 benignitatis
877 534 998 578 sunt
1035 525 1255 594 gratuita
1282 523 1442 589 dona,
1475 525 1587 577 haec
1610 538 1738 577 vero
1773 525 1910 577 servi
1943 524 2078 576 tole-

504 616 687 668 rantia:
733 624 891 683 atque
950 614 1212 683 patientiae
1254 613 1480 678 indicia;
1524 613 1855 666 consuetudo
1904 622 2078 665 autem

502 706 799 759 amantibus
828 714 928 769 est,
975 706 1077 758 illis
1118 704 1284 773 magis
1305 704 1440 758 afﬁci
1468 720 1588 773 qua:
1630 719 1723 773 pro
1762 705 1952 758 amatis
1984 719 2078 772 pa-

503 799 717 859 tiantur,
769 813 925 866 quam
972 797 1054 859 iis,
1104 812 1221 865 qua:
1250 796 1316 847 ah
1359 796 1486 863 ipsis
1527 796 1781 849 beneﬁcia
1821 792 2073 847 referunt.

502 889 613 943 Non
658 891 727 943 ita
767 906 855 943 rex
893 890 1187 943 diademate
1228 890 1503 958 gloriatur,
1532 898 1588 941 ut
1626 888 1713 941 ille
1738 887 1958 941 vinculis
1981 887 2077 940 de-

501 981 793 1034 lectabatur
817 998 827 1030 :
849 989 902 1032 et
925 981 1130 1033 merito.
1156 980 1401 1032 Diadema
1428 994 1616 1047 nempe
1632 978 1801 1031 solum
1824 987 2078 1031 coronato

500 1069 659 1138 capiti
695 1080 937 1124 ornatum
982 1070 1154 1133 allert,
1195 1079 1376 1123 catena
1411 1086 1535 1124 vero
1559 1079 1613 1123 et
1636 1078 1879 1123 ornatum
1916 1070 2079 1121 multo

501 1161 776 1228 majorem,
811 1170 862 1214 et
907 1162 1145 1215 tutelam.
1181 1160 1387 1213 Corona
1436 1175 1577 1229 saepe
1627 1158 1768 1228 regia
1815 1167 1973 1227 caput
2020 1174 2078 1213 se

498 1252 880 1305 circumdatum
911 1252 1161 1321 prodidit,
1195 1252 1499 1305 innumeros
1520 1251 1700 1304 allexit
1721 1250 2074 1313 insidiatores,

501 1352 655 1410 atque
688 1343 737 1395 in
778 1344 1072 1413 tyrannidis
1114 1342 1594 1410 concupiscentiam
1638 1340 1904 1404 invitavit;
1945 1341 2076 1395 etin

501 1433 652 1487 bellis
679 1434 763 1487 hic
793 1444 1013 1488 ornatus
1039 1444 1122 1489 est
1149 1435 1282 1487 adeo
1306 1435 1652 1502 periculosus,
1684 1442 1741 1487 ut
1763 1434 1932 1502 ipsum
1979 1434 2077 1486 de-

501 1536 697 1594 ponant
717 1536 771 1581 et
809 1527 1155 1581 abscondant.
1198 1526 1253 1580 In
1276 1527 1470 1595 praeliis
1500 1541 1893 1594 nonnumquam
1927 1540 2078 1594 reges

501 1618 739 1671 habitum
783 1628 1200 1682 eommutantes,
1247 1620 1316 1673 ita
1360 1634 1547 1672 manus
1588 1632 1707 1671 cum
1754 1617 2078 1670 certantibus

499 1718 825 1763 conserunt:
854 1720 997 1763 tanta
1041 1724 1106 1763 ex
1151 1724 1344 1763 corona
1392 1710 1560 1762 oritur
1601 1708 1844 1776 proditio.
1883 1708 2077 1761 Catena

501 1813 629 1852 vero
669 1798 799 1852 nihil
842 1800 1140 1868 hujusmodi
1201 1798 1506 1870 gerentibus
1555 1798 1727 1863 affert,
1780 1797 1873 1852 sed
1921 1814 2080 1852 omne

499 1892 822 1945 contrarium
851 1909 863 1943 :
892 1908 1010 1945 cum
1040 1908 1211 1961 pugna
1238 1892 1305 1945 sit
1330 1901 1382 1945 et
1406 1891 1546 1944 acies
1574 1900 1755 1943 contra
1786 1890 2073 1953 daemones,

500 1991 554 2034 et
579 1982 907 2037 adversarias
948 1994 1259 2051 potestates,
1306 1982 1641 2052 pra-tendens
1682 1981 1848 2051 ipsam
1888 1981 1976 2050 qui
2016 1996 2077 2035 ea

499 2075 858 2129 circumdatus
899 2086 998 2137 est,
1044 2077 1255 2129 illorum
1299 2076 1505 2144 repellit
1529 2075 1787 2129 incursus.
1818 2074 1883 2127 Et
1909 2074 2079 2142 magi-

499 2174 755 2221 stratuum
783 2169 993 2236 quidem
1031 2180 1369 2223 externorum
1415 2169 1563 2221 multi
1588 2183 1691 2221 non
1724 2177 1921 2220 tantum
1948 2166 2076 2223 dum

501 2257 781 2324 imperant,
807 2275 984 2312 verum
1008 2271 1196 2313 etcum
1220 2260 1542 2313 excesserint
1562 2259 1888 2327 magistratu,
1914 2259 2079 2328 ipsius

502 2365 690 2402 nomen
719 2351 1116 2405 circumferunt.

586 2439 793 2493 Vincula
822 2440 973 2494 Pauli
997 2442 1175 2511 ubique
1199 2442 1556 2512 praedicantur.
1580 2471 1650 2480 —
1681 2440 1773 2493 Ille
1800 2439 2076 2505 exconsul,

501 2528 711 2595 dicitur,
762 2532 847 2585 ille
889 2532 1263 2601 exprecfectus;
1314 2532 1401 2585 hic
1430 2547 1556 2585 vero
1585 2546 1681 2600 pro
1710 2532 1773 2585 iis
1811 2530 2077 2592 omnibus,

503 2619 699 2673 Paulus
755 2625 980 2686 vinctus,
1026 2622 1215 2692 inquit,
1264 2632 1318 2677 et
1357 2622 1641 2675 admodum
1704 2630 2076 2690 congruenter.

501 2711 577 2766 Illi
624 2730 848 2784 namque
888 2716 1225 2785 magistratus
1252 2730 1358 2769 non
1392 2715 1599 2782 penitus
1628 2723 1752 2769 sunt
1775 2715 1934 2767 animi
1963 2715 2074 2769 vir-

501 2811 627 2866 tutis
652 2808 1131 2863 demonstrationes
1156 2824 1169 2859 :
1199 2806 1436 2876 pecuniis
1464 2806 1605 2859 enim
1628 2816 1747 2859 sunt
1778 2805 2079 2869 venales,et

501 2903 791 2956 amicorum
811 2900 1046 2969 indigent
1063 2897 1534 2962 assentationibus;
1558 2897 1646 2952 hic
1673 2906 1848 2951 autem
1868 2914 1934 2951 ex
1958 2899 2078 2951 vin-

502 2994 635 3046 culis
676 2992 1013 3060 magistratus
1057 3000 1139 3043 est
1175 2989 1337 3041 animi
1376 2988 1670 3056 disciplinae
1716 2989 1987 3052 indicium,
2025 2997 2080 3042 et

502 3084 732 3136 ardentis
756 3084 805 3136 in
827 3082 1097 3136 Christum
1136 3080 1383 3135 desiderii
1424 3081 1630 3149 signum
1676 3080 1985 3133 maximum.
2013 3080 2080 3134 Et

504 3175 577 3228 illi
621 3173 830 3243 quidem
884 3174 1028 3226 brevi
1077 3171 1380 3241 refugiunt,
1436 3172 1523 3226 hic
1570 3186 1697 3225 vero
1742 3173 2081 3241 magistratus

505 3265 702 3318 nullum
736 3264 893 3317 habet
918 3277 1306 3317 successorem.
1349 3262 1539 3330 Aspice
1570 3277 1797 3332 namque
1824 3271 2078 3332 quantum

504 3355 570 3408 ab
593 3355 682 3407 illo
706 3369 846 3407 nunc
871 3369 1038 3420 usque
1064 3353 1315 3420 temporis
1338 3360 1437 3415 est,
1480 3362 1534 3405 et
1562 3351 1888 3421 splendidius
1926 3351 2082 3422 hujus

505 3448 664 3500 vincti
714 3461 903 3499 nomen
961 3444 1226 3499 redditum
1282 3452 1363 3497 est
1410 3461 1422 3495 :
1472 3458 1535 3498 ac
1580 3444 1825 3498 consules
1865 3443 2078 3512 quidem

504 3554 686 3591 omnes
712 3580 726 3602 ,
759 3537 1077 3607 quicumque
1118 3537 1479 3605 superioribus
1525 3535 1672 3589 fuere
1718 3535 2077 3603 temporibus.

504 3628 716 3682 silentio
746 3627 921 3681 traditi
951 3636 1094 3690 sunt,
1127 3637 1179 3680 et
1210 3642 1307 3681 nec
1328 3627 1442 3696 ipso
1462 3627 1671 3696 quidem
1694 3627 1910 3680 nomine
1929 3626 2076 3694 vulgo

505 3732 626 3773 sunt
654 3719 849 3789 cegniti
878 3737 891 3782 ;
932 3719 1087 3789 hujus
1120 3727 1294 3772 autem
1336 3719 1494 3772 vincti
1528 3718 1666 3772 beati
1703 3718 1849 3773 Pauli
1888 3733 2081 3773 nomen

508 3812 729 3864 multum
760 3811 973 3880 quidem
1005 3812 1089 3863 hic
1111 3852 1124 3871 ,
1157 3810 1379 3864 multum
1409 3819 1584 3863 autem
1632 3810 1684 3863 in
1735 3809 2080 3863 barbarorum

505 3902 722 3969 regione
794 3902 1017 3955 multum
1088 3900 1229 3970 apud
1295 3900 1520 3970 Scythas
1592 3909 1646 3953 et
1710 3899 1900 3965 ludos,
1942 3908 1996 3955 et
2037 3899 2081 3953 si

505 3994 570 4045 ad
613 3993 754 4061 ipsos
794 4002 1059 4047 terrarum
1102 3994 1246 4047 orbis
1281 3988 1535 4047 terminos
1574 3994 1775 4057 venias,
1823 3992 1959 4047 hanc
1997 4009 2081 4048 au-

504 4084 623 4138 dies
658 4086 1086 4153 appellationem,
1154 4094 1208 4138 ct
1267 4100 1599 4153 quocumque
1654 4086 1911 4153 quispiam
1959 4100 2081 4153 per-

505 4176 749 4241 venerit,
796 4176 1014 4229 Paulum
1052 4177 1246 4245 ubique
1271 4177 1322 4229 in
1353 4176 1589 4230 omnium
1620 4192 1714 4230 ore
1754 4176 2078 4230 circumferri

505 4275 711 4322 n0scet.
756 4266 824 4319 Et
863 4267 989 4335 qttid
1028 4269 1237 4331 mirum,
1264 4268 1307 4320 si
1332 4269 1383 4321 in
1416 4278 1551 4321 terra
1591 4267 1847 4336 marique,
1888 4269 2081 4336 quippe

505 4371 626 4409 cum
672 4365 725 4410 et
766 4357 818 4409 in
865 4357 1010 4410 caelis
1038 4358 1260 4409 multum
1291 4357 1436 4411 Pauli
1464 4371 1657 4410 nomen
1683 4356 1820 4425 apud
1845 4357 2079 4425 angelos,

507 4446 645 4515 apud
672 4446 1037 4515 archangelos,
1070 4455 1124 4501 et
1148 4461 1405 4517 supernas
1429 4448 1670 4511 virtutes,
1699 4456 1754 4501 et
1783 4449 1967 4499 harum
1994 4462 2081 4500 re-

506 4552 624 4605 gem
654 4537 858 4591 Deum?
902 4538 967 4591 Et
989 4538 1179 4607 qualia,
1205 4538 1390 4607 inquit,
1410 4546 1562 4593 erant
1588 4539 1674 4591 illa
1701 4538 1927 4602 vincula,
1945 4553 2081 4607 quo-

508 4629 646 4682 niam
696 4639 897 4683 tantum
941 4630 1116 4683 vincto
1159 4630 1340 4699 gloriae
1366 4631 1633 4685 tulerunt?
1676 4644 1852 4685 nonne
1878 4644 1909 4683 e
1942 4630 2084 4683 ferro

510 4719 760 4773 fabricata
781 4720 964 4775 erant?
990 4721 1031 4774 E
1050 4719 1192 4774 ferro
1213 4720 1424 4789 quidem
1456 4720 1729 4786 fabricata,
1749 4719 1843 4775 sed
1864 4720 2080 4773 multam

510 4811 775 4865 habebant
819 4812 1044 4881 Spiritus
1076 4815 1298 4882 gratiam
1344 4812 1763 4867 efﬂorescentem
1790 4830 1803 4865 :
1832 4812 2081 4881 quoniam

509 4916 725 4973 promer
760 4905 1026 4959 Christum
1068 4904 1198 4974 ipsis
1230 4904 1585 4959 circumdatus
1624 4904 1813 4958 fuerat.
1846 4903 1889 4959 Ο
1924 4904 2084 4959 mira-

506 4995 718 5049 culum!
743 4995 881 5048 servi
904 4996 1065 5049 vincti
1092 5004 1234 5061 sunt,
1262 4996 1512 5049 Dominus
1535 4994 1836 5058 crucifixus,
1870 5004 1923 5049 et
1943 5010 2083 5063 pra:-

506 5083 702 5137 dicatio
742 5084 976 5154 quotidie
1002 5087 1192 5139 crescit
1216 5104 1228 5139 :
1255 5095 1307 5139 et
1336 5101 1431 5155 per
1454 5103 1571 5156 qua:
1611 5088 1892 5155 putabatur
1921 5098 2082 5150 Opera

511 5177 796 5244 prohiberi,
836 5192 931 5247 per
964 5178 1077 5231 haec
1107 5193 1330 5232 accensa
1353 5187 1435 5232 est
1460 5197 1473 5232 :
1501 5187 1553 5233 et
1589 5193 1738 5242 crux,
1771 5186 1824 5230 et
1853 5176 2081 5242 vincula,

509 5282 625 5336 quae
662 5283 782 5323 esse
825 5269 1139 5324 videbantur
1182 5270 1519 5335 abominatio,
1549 5285 1689 5324 nunc
1725 5270 1911 5323 salutis
1935 5269 2083 5338 signa

509 5368 630 5411 sunt
652 5358 806 5421 facta,
837 5368 891 5414 et
917 5360 1152 5429 quolibet
1177 5375 1309 5413 auro
1335 5360 1532 5414 ferrum
1560 5359 1685 5413 illud
1713 5359 1863 5413 nobis
1889 5358 2085 5427 pretio-

509 5450 617 5502 sius
642 5459 772 5513 erat,
796 5468 900 5504 non
932 5462 1149 5522 propter
1177 5462 1414 5504 naturam
1438 5452 1725 5521 propriam,
1756 5451 1849 5504 sed
1872 5461 2084 5519 propter

510 5556 719 5596 causam
745 5544 879 5597 hanc
900 5554 954 5599 et
976 5554 1341 5615 argumentum
1366 5545 1404 5597 ¹.
1435 5543 1539 5598 Sed
1562 5543 1714 5598 video
1738 5544 2083 5611 quaestionem

569 5678 585 5707 ²
623 5677 811 5743 \tontef.
837 5679 907 5727 sic
941 5677 1087 5741 legit,
1112 5680 1301 5729 omissis
1333 5679 1615 5743 quibusdam
1648 5693 1659 5726 :
1699 5675 1958 5727 Preliosius
1983 5683 2086 5727 erat

502 5747 698 5799 rrmuer
726 5739 812 5789 hoc
835 5739 1182 5803 argumentum.

2189 426 2311 483 hinc
2337 432 2488 488 nobis
2516 436 2797 504 quamdam
2827 438 3085 495 orientem
3112 458 3123 493 :
3147 452 3199 497 et
3219 443 3262 497 si
3290 443 3571 515 diligenter
3594 457 3768 502 atten-

2183 521 2321 575 datis
2352 564 2367 589 ,
2417 535 2470 578 et
2510 529 2850 595 quwstionem
2900 531 3093 598 dicam,
3142 544 3198 589 et
3237 538 3554 594 solutionem
3607 555 3767 609 appo-

2183 624 2325 663 nam.
2379 612 2515 680 Quid
2563 616 2721 685 igitur
2770 620 2980 676 tandem
3023 632 3106 679 est
3153 627 3292 695 quod
3338 632 3632 699 quaeritur?
3678 632 3765 686 ln-

2183 715 2394 793 gressus
2415 704 2698 774 aliquando
2726 708 2811 764 hic
2848 710 3038 766 Paulus
3083 714 3147 768 ad
3202 717 3437 785 Festum,
3483 731 3538 776 et
3593 724 3763 793 ipsum

2182 790 2475 858 alloquens,
2496 809 2557 848 ac
2575 812 2800 865 purgans
2817 817 2874 854 se
2890 802 2956 856 de
2977 805 3305 873 criminibus,
3325 812 3515 878 quibus
3535 790 3762 885 urgeba-

2185 892 2269 974 tur
2284 900 2309 933 a
2324 883 2541 951 Judzeis,
2559 897 2612 941 et
2631 889 2832 955 dicens,
2859 897 3126 962 quomodo
3142 898 3321 954 Jesum
3338 904 3485 968 vidit,
3500 883 3765 974 quomodo

2184 973 2389 1028 beatam
2418 994 2598 1032 vocem
2623 980 2762 1034 illam
2786 984 3006 1047 audivit,
3034 991 3300 1057 qttomodo
3331 1008 3425 1060 per
3446 973 3763 1052 exctecatio-

2184 1080 2304 1118 nem
2335 1069 2398 1119 ad
2430 1068 2598 1123 lucem
2629 1076 2886 1139 pervenit,
2919 1081 3182 1142 quomodo
3212 1085 3402 1139 cecidit
3440 1097 3493 1141 et
3512 1093 3762 1157 surrexit,

2182 1158 2446 1223 quomodo
2495 1160 2766 1230 ingressus
2809 1177 2891 1220 est
2932 1168 3243 1226 Damascum
3290 1179 3528 1244 captivus
3562 1180 3763 1251 absque

2184 1248 2407 1302 vinculis
2430 1254 2782 1321 compeditus,
2816 1272 2877 1311 ac
2900 1258 2968 1313 de
3003 1262 3274 1330 prophetis
3336 1268 3506 1337 deque
3547 1248 3763 1341 lege-lo-

2183 1352 2349 1404 quens
2370 1382 2384 1405 ,
2410 1351 2463 1394 et
2484 1345 2770 1399 ostendens
2793 1348 2908 1402 illos
2936 1350 3048 1405 haec
3064 1356 3239 1408 omnia
3268 1361 3594 1427 priedixisse,
3624 1364 3762 1430 iudi-

2182 1440 2387 1485 cantem
2416 1435 2575 1503 cepit,
2600 1447 2653 1490 et
2677 1437 2788 1492 fere
2815 1441 2878 1493 ad
2905 1443 3135 1510 seipsum
3169 1450 3392 1504 transire
3422 1456 3700 1519 persuasit.

2257 1521 2311 1573 4.
2353 1523 2507 1578 Tales
2534 1527 2674 1579 enim
2706 1541 3006 1586 sanctorum
3034 1544 3156 1589 sunt
3180 1537 3369 1592 animae
3399 1558 3412 1592 :
3440 1556 3559 1595 cum
3588 1544 3638 1597 in
3665 1562 3758 1612 pe-

2185 1612 2351 1665 ricula
2380 1616 2688 1679 ceciderint,
2732 1636 2835 1674 non
2858 1627 3125 1691 quomodo
3153 1629 3401 1695 periculis
3449 1633 3759 1703 liberentur,

2184 1705 2541 1771 considerant,
2586 1711 2678 1764 sed
2716 1729 2824 1782 quo
2856 1728 3235 1786 persequentes
3282 1722 3553 1779 lucrentur
3585 1730 3760 1783 omnia

2187 1794 2384 1849 faciunt
2413 1816 2426 1850 :
2462 1800 2666 1855 sicutet
2698 1812 2821 1857 tunc
2864 1805 3060 1860 factum
3086 1820 3166 1863 est
3195 1828 3207 1863 :
3234 1828 3291 1866 se
3316 1813 3629 1871 defensurus
3676 1820 3759 1873 in-

2186 1887 2361 1950 travit,
2394 1898 2449 1942 et
2487 1901 2641 1960 capto
2674 1893 2853 1963 judice
2889 1897 3151 1957 discessit.
3193 1903 3261 1957 Et
3300 1902 3413 1959 hmc
3452 1908 3564 1975 ipse
3595 1909 3759 1977 judex

2185 1989 2406 2034 testatus
2434 1992 2535 2049 est,
2559 1984 2738 2040 dicens
2770 2006 2783 2041 :
2815 1987 2881 2041 In
2904 1992 3184 2046 modicome
3203 1996 3484 2063 persuades
3504 1998 3757 2057 Christia-

2185 2086 2303 2123 num
2332 2073 2443 2139 ﬁeri
2467 2071 2487 2144 (
2510 2076 2619 2127 Act.
2648 2076 2736 2131 26.
2760 2078 2830 2133 28
2854 2079 2893 2146 ).
2914 2080 3023 2135 Hoc
3041 2092 3096 2137 et
3122 2082 3279 2140 hodie
3303 2088 3414 2142 fieri
3436 2091 3673 2160 decebat,
3705 2108 3757 2151 et

2184 2162 2489 2228 pra'fectum
2538 2164 2679 2219 hunc
2701 2179 2929 2221 vestram
2957 2172 3760 2245 admirarimagnanimitatem',

2188 2252 2593 2323 philosophiam,
2627 2259 3017 2330 perfectamque
3059 2265 3310 2333 quietem.
3369 2279 3422 2321 et
3465 2287 3530 2324 ex
3574 2272 3761 2328 ordine

2184 2354 2361 2396 vestro
2402 2344 2734 2416 disciplinam
2785 2366 2997 2422 capere,
3028 2362 3083 2408 et
3124 2356 3200 2410 sic
3245 2359 3409 2423 abire,
3451 2364 3759 2419 concionem

2185 2434 2458 2503 admirari,
2509 2439 2727 2497 laudare
2764 2458 3095 2511 consessum,
3126 2458 3178 2500 et
3221 2465 3287 2502 ex
3329 2451 3457 2520 ipsis
3496 2454 3652 2509 rebus
3677 2456 3763 2510 di-

2185 2539 2356 2589 scere,
2376 2538 2628 2595 quantum
2645 2532 2780 2586 inter
2797 2536 3021 2602 gentiles
3033 2536 3428 2595 etChristianos
3439 2543 3762 2601 discriminis

2184 2615 2273 2668 sit.
2319 2615 2423 2671 Sed
2454 2629 2510 2673 ut
2533 2620 2598 2673 ad
2643 2622 2693 2675 id
2723 2623 2936 2677 redeam
2987 2628 3126 2695 quod
3175 2628 3436 2697 dicebam,
3478 2646 3758 2705 postquam

2185 2707 2356 2776 ipsum
2386 2711 2527 2778 cepit
2559 2711 2774 2779 Paulus,
2810 2724 2864 2768 et
2890 2716 2977 2769 ille
3008 2716 3139 2770 dixit
3172 2737 3185 2773 :
3220 2720 3284 2773 In
3312 2725 3508 2777 modico
3545 2744 3622 2779 me
3646 2746 3763 2797 per-

2182 2799 2365 2853 suades
2390 2799 2730 2855 Christianum
2760 2805 2891 2872 ﬁeri,
2926 2807 3121 2863 Paulus
3150 2811 3219 2864 ita
3250 2816 3523 2892 respondit
3550 2835 3563 2868 :
3595 2819 3759 2887 Opta-

2184 2906 2288 2942 rem
2317 2892 2486 2959 utique
2511 2908 2600 2961 ego
2620 2905 2667 2947 et
2694 2895 2745 2948 in
2780 2897 2977 2951 modico
3003 2908 3048 2952 et
3072 2901 3125 2954 in
3159 2904 3335 2969 multo,
3376 2923 3476 2959 non
3510 2909 3670 2961 solum
3695 2921 3761 2976 te,

2182 2979 2272 3031 scd
2299 2982 2447 3033 etiam
2476 2999 2645 3037 omnes
2678 2986 2934 3040 audientes
2971 3006 3049 3043 me
3093 2991 3204 3058 ﬁeri
3240 2992 3550 3052 Christianos
3579 3000 3763 3071 absque

2186 3071 2394 3125 t'inculis
2416 3072 2493 3126 his
2514 3073 2655 3143 (Act.
2678 3076 2767 3129 26.
2798 3077 2867 3131 9.9
2889 3079 2925 3147 ).
2949 3079 3083 3145 Quid
3110 3082 3263 3148 dicis,
3287 3101 3318 3139 o
3349 3087 3507 3142 Paule
3530 3089 3553 3141 ?
3582 3091 3763 3160 Ephe-

2184 3162 2277 3213 siis
2306 3178 2495 3232 nempe
2515 3166 2775 3230 scribens,
2803 3168 2934 3223 dicis
2963 3188 2975 3220 :
3006 3171 3149 3241 Rogo
3177 3175 3328 3243 igitur
3353 3192 3437 3230 vos
3462 3195 3550 3248 ego
3571 3183 3764 3237 vinctus

2184 3252 2237 3304 in
2288 3250 2522 3317 Domino,
2558 3256 2707 3325 digne
2742 3258 2999 3313 ambulare
3032 3265 3287 3318 vocatione
3322 3284 3420 3335 qua
3456 3273 3614 3324 vocati
3646 3276 3763 3328 estis

2188 3346 2203 3410 (
2234 3342 2416 3412 Epltes.
2440 3346 2493 3399 4.
2524 3346 2547 3400 1
2667 3348 2731 3401 Ει
2771 3349 2836 3402 ad
2876 3349 3225 3407 Timothzeum
3260 3356 3496 3426 loquens,
3548 3361 3614 3415 In
3657 3381 3757 3429 quo

2187 3434 2319 3485 male
2347 3435 2511 3502 patior
2536 3437 2775 3503 usquead
2814 3440 3034 3504 vincula,
3068 3452 3320 3509 tamquam
3345 3450 3635 3520 malefactor
3661 3455 3678 3525 (
3706 3455 3760 3506 2.

2187 3522 2323 3576 Tim.
2350 3527 2404 3579 2.
2439 3525 2472 3579 9
2498 3524 2539 3595 ),
2566 3539 2620 3580 et
2648 3528 2713 3581 ad
2758 3530 3120 3586 Philemonem
3149 3550 3378 3598 rursum,
3431 3538 3627 3594 Paulus
3656 3522 3763 3595 oin-

2186 3624 2293 3667 eius
2316 3612 2447 3667 Jesu
2461 3610 2888 3682 ChristiU‘hilem.
2914 3620 2994 3688 l):
3015 3625 3412 3682 etcumJudazis
3440 3630 3760 3701 disceptans,

2189 3706 2362 3759 dicis:
2398 3707 2612 3777 Propter
2655 3728 2794 3778 spem
2837 3711 3004 3766 Israel
3058 3716 3153 3768 hac
3205 3728 3379 3771 catena
3418 3724 3759 3779 circumdatus

2187 3813 2299 3848 sum
2330 3798 2475 3867 (Act.
2516 3800 2606 3853 ΞΒ.
2637 3801 2769 3871 20).
2820 3805 2883 3857 lit
2936 3805 3357 3876 Philippensibus
3405 3814 3641 3869 scribens
3683 3818 3763 3871 di-

2189 3888 2346 3941 cebas
2388 3907 2401 3942 :
2442 3888 2528 3942 Ita
2579 3902 2631 3943 ut
2679 3892 2846 3959 plures
2883 3898 3134 3964 fratrum,
3176 3901 3292 3969 [reti
3342 3902 3551 3958 vinculis
3595 3909 3715 3960 meis
3742 3950 3757 3969 ,

2191 3980 2529 4035 abundantius
2578 3987 2819 4037 auderent
2869 3987 3117 4056 intrepide
3168 3992 3371 4044 verbum
3413 3996 3551 4061 loqui
3592 3997 3610 4066 (
3634 3996 3763 4050 Plii—

2187 4070 2314 4140 lipp.
2347 4072 2397 4124 l.
2432 4073 2498 4125 14
2524 4073 2563 4142 ).
2593 4072 2797 4142 Ubique
2812 4086 3052 4131 catenam
3073 4080 3400 4149 circumfers,
3420 4086 3616 4155 ubique
3642 4091 3763 4143 vin-

2188 4162 2303 4215 cula
2327 4164 2597 4231 proponis,
2625 4173 2679 4218 et
2706 4165 3001 4234 hujusmodi
3029 4170 3273 4238 gloriaris
3315 4178 3525 4245 negotio
3548 4194 3563 4241 ;
3598 4178 3649 4231 in
3672 4181 3763 4249 ju-

2187 4255 2382 4307 dicium
2409 4264 2583 4309 autem
2617 4258 2834 4312 veniens
2882 4260 3269 4329 philosophiam
3310 4267 3605 4333 prodidisti,
3636 4284 3758 4325 cum

2188 4346 2417 4399 maxime
2470 4346 2637 4401 libere
2680 4357 2730 4403 te
2777 4363 2965 4418 gerere
3010 4350 3250 4417 decebat,
3283 4365 3337 4407 et
3377 4354 3541 4424 judici
3587 4358 3757 4414 dicis:

2193 4434 2433 4505 Optarem
2459 4439 2627 4508 utique
2652 4449 2698 4493 te
2728 4441 2840 4508 ﬁeri
2865 4439 3206 4496 Christianum
3233 4444 3418 4518 absque
3446 4448 3656 4504 vinculis
3684 4453 3763 4506 his

2192 4529 2345 4600 (Act.
2379 4530 2469 4584 26.
2499 4530 2571 4587 29
2603 4531 2621 4601 )
2650 4532 2674 4586 ?
2701 4532 2901 4602 Nempe
2939 4533 2985 4587 si
3014 4534 3152 4589 bona
3176 4536 3404 4603 vincula,
3436 4549 3490 4595 et
3523 4542 3592 4597 ita
3624 4545 3761 4600 bona

2189 4631 2246 4675 ut
2270 4624 2387 4677 aliis
2433 4639 2641 4693 quoque
2680 4624 2920 4678 fiduciam
2947 4625 3014 4679 ad
3042 4641 3341 4683 sermonem
3370 4646 3465 4699 pro
3507 4634 3764 4704 religione

2190 4715 2455 4781 prmbeant
2471 4713 2686 4783 (etenim
2703 4715 2800 4768 hoc
2818 4716 2986 4784 ipsum
3000 4718 3144 4784 prius
3159 4716 3358 4783 dixisti,
3375 4720 3520 4777 Mulli
3541 4725 3760 4781 fratrum

2188 4802 2307 4855 freti
2362 4803 2585 4856 vinculis
2638 4804 2770 4857 meis
2822 4804 3042 4858 verbum
3098 4805 3761 4882 loquebanturintrepide)

2193 4893 2472 4964 (Philipp.
2514 4896 2693 4965 1.14)
2746 4912 2955 4966 ;quare
3000 4912 3181 4952 coram
3205 4899 3382 4968 judice
3410 4920 3514 4958 non
3560 4906 3659 4962 hac
3705 4925 3764 4963 re

2187 4986 2452 5055 gloriaris,
2484 4987 2577 5040 sed
2627 4990 2947 5042 contrarium
2980 4987 3108 5043 facis
3132 4990 3156 5042 ?
3182 4996 3369 5047 Annon
3396 4996 3606 5051 videtur
3641 5014 3764 5056 esse

2189 5080 2410 5148 quaestio
2462 5078 2601 5147 quod
2648 5080 2886 5134 dicitur?
2923 5080 3028 5137 Sed
3052 5084 3385 5141 celerrimam
3439 5091 3757 5149 solutionem

2190 5167 2376 5221 affero.
2403 5167 2517 5221 Non
2554 5169 2695 5221 enim
2740 5171 3004 5226 anxietate
3030 5174 3111 5227 vel
3141 5175 3417 5232 timiditate
3444 5179 3636 5234 Paulus
3662 5183 3764 5238 hoe

2191 5257 2436 5322 faciebat,
2487 5259 2582 5313 sed
2608 5276 2671 5314 ex
2715 5263 2971 5332 sapientia
2999 5267 3163 5320 multa
3193 5278 3247 5321 et
3288 5270 3543 5337 Spiritnali
3583 5277 3763 5342 provi-

2191 5350 2365 5404 dentia
2397 5369 2409 5404 :
2442 5368 2547 5421 quo
2576 5369 2702 5406 vero
2748 5364 2923 5421 pacto,
2956 5372 3053 5425 ego
3094 5359 3286 5413 dicam.
3319 5360 3580 5417 Gentilem
3633 5368 3768 5421 allo-

2191 5440 2449 5508 quebatur
2476 5452 2529 5495 et
2573 5443 2860 5510 infidelem,
2894 5461 2993 5500 nec
3027 5457 3202 5500 nostra
3240 5451 3518 5506 scientem.
3548 5454 3771 5511 Nolehat

2193 5530 2351 5599 igitur
2380 5531 2553 5600 ipsum
2584 5547 2679 5601 per
2715 5534 2891 5602 gravia
2922 5534 3190 5601 inducere,
3226 5539 3319 5592 sed
3346 5541 3483 5609 quod
3512 5542 3722 5600 dicebat
3754 5564 3768 5601 :

2258 5670 2271 5698 ¹
2309 5666 2447 5732 savii.
2478 5674 2528 5716 et
2550 5666 2867 5732 alii._illorum
2902 5669 3182 5732 prirfertum
3213 5669 3474 5722 venientem
3497 5674 3559 5722 ad
3584 5688 3663 5727 vos
3695 5690 3770 5726 re-

2196 5731 2357 5784 nerari
2380 5730 2832 5793 magnanimitatem.
