4112 6388
387 341 475 396 167
1113 335 1168 390 S.
1208 332 1480 389 .lOANNIS
1508 329 1975 390 CllllYSOSTOMl
2016 329 2330 386 ARClllEP.
2369 329 2894 386 CONSTANTINOP.

382 456 564 509 Factus
593 469 702 506 sum
735 449 1013 503 carentibus
1042 448 1164 518 lege,
1196 459 1446 516 tamquam
1469 447 1574 498 sine
1598 445 1702 514 lege
1727 442 1798 516 (1.
1823 441 1941 497 Cor.

379 552 428 604 ἢ.
457 547 517 599 2|
543 548 561 615 )
587 563 598 596 :
620 544 720 597 hoc
744 553 806 594 et.
823 543 905 594 hic
927 539 1167 593 faciebat.
1187 537 1241 591 Si
1265 537 1470 590 vincula
1493 535 1734 597 audierit,
1763 532 1948 603 inquit,

371 648 428 690 ct
454 635 838 695 tribulationes,
868 630 1042 683 statim
1069 626 1314 696 refugiet,
1333 641 1452 679 cum
1483 624 1811 678 vinculorum
1843 623 1949 676 vir-

377 737 538 781 tutem
568 740 672 778 non
703 722 860 774 norit.
900 719 1017 774 Fiat
1047 719 1191 787 prius
1228 716 1396 770 ﬁdelis
1439 725 1491 767 et
1523 712 1949 783 prmdieatiouem

375 825 569 883 gustet,
597 825 650 869 et
689 823 811 866 tune
846 812 957 880 ipse
1004 824 1212 878 quoque
1261 808 1325 859 ad
1371 807 1482 859 luce
1511 803 1717 856 vincula
1749 811 1947 855 curret.

380 907 574 960 Audiri
623 904 898 956 Dominum
951 916 1123 953 meum
1177 898 1438 952 dicentem
1477 893 1689 946 :.Nemo
1731 891 1950 944 immittit

381 996 756 1049 commissuram
785 991 938 1060 panni
959 989 1097 1042 rudis
1116 1004 1263 1057 super
1286 987 1624 1038 vestimentum
1646 992 1800 1043 vetus,
1828 997 1949 1050 quo-

373 1088 508 1141 niant
553 1086 683 1138 tollit
717 1081 1075 1151 plenitudinem
1130 1080 1287 1148 ipsius
1317 1087 1362 1129 et
1411 1076 1553 1144 pejor
1583 1074 1641 1141 ﬁt
1681 1073 1898 1124 scissura
1926 1086 1944 1122 :

372 1193 526 1246 neque
573 1176 775 1228 mittunt
803 1174 972 1225 uinum
1003 1186 1186 1223 novum
1213 1170 1264 1221 in
1303 1179 1436 1220 utres
1475 1176 1681 1228 veteres,
1713 1164 1949 1231 quoniam

371 1272 751 1338 disrumpuntur
794 1275 930 1318 utres
961 1264 977 1332 (
1004 1263 1187 1316 Matth.
1215 1261 1268 1316 9.
1302 1261 1386 1314 16.
1418 1260 1521 1323 17;
1560 1257 1725 1310 Marc.
1769 1255 1823 1309 2.
1855 1255 1944 1308 2|.

370 1361 476 1424 ‘22;
510 1361 631 1412 Luc.
665 1359 718 1412 5.
759 1357 848 1410 36.
878 1357 942 1409 5'7
985 1354 1024 1424 ).
1057 1354 1241 1407 Anima
1270 1352 1424 1420 hujus
1449 1363 1530 1404 est
1571 1349 1945 1402 vestimentum

371 1464 541 1514 vetus,
571 1460 623 1503 et
665 1459 782 1502 uter
815 1447 1100 1515 antiquus;
1150 1460 1253 1497 non
1275 1453 1356 1496 est
1385 1450 1668 1494 renovatus
1696 1440 1817 1499 lide,
1842 1455 1946 1492 non

369 1541 594 1610 Spiritus
621 1539 787 1607 gratia
829 1551 1014 1589 recens
1041 1534 1276 1588 redditus
1307 1542 1409 1596 est,
1437 1531 1626 1585 debilis
1669 1529 1840 1584 adhuc
1867 1539 1949 1583 est

369 1642 423 1688 et
455 1642 715 1695 terrenus,
745 1627 1006 1682 mundana
1038 1628 1192 1695 sapit,
1232 1633 1286 1679 et
1337 1627 1401 1678 ad
1432 1623 1750 1677 mundanam
1796 1623 1946 1676 vani-

373 1732 529 1775 tatem
577 1729 771 1790 stnpet.
804 1720 1023 1787 gloriam
1050 1727 1191 1770 amat
1217 1725 1551 1785 praesentem.
1584 1716 1638 1770 Si
1666 1730 1696 1768 a
1725 1717 1948 1784 primor—

366 1811 472 1866 di?s
496 1815 672 1867 statim
718 1811 964 1877 audierit,
997 1810 1134 1880 quod
1163 1810 1332 1864 factus
1359 1809 1711 1871 Christianus,
1740 1810 1949 1862 vinctus

371 1923 493 1961 mox
525 1906 634 1971 lict,
679 1915 732 1959 et
758 1914 942 1958 catena
971 1902 1387 1956 cireumdabitur
1411 1942 1424 1964 ,
1464 1902 1712 1954 confusus
1741 1911 1793 1953 et
1830 1916 1951 1952 eru-

371 2001 591 2054 bescens
616 2015 642 2051 a
676 1997 1053 2066 praedicatione
1083 1995 1302 2048 resiliet.
1330 1994 1612 2061 Propterea
1643 1991 1770 2046 dicit
1790 1992 1946 2043 :Abs-

371 2109 465 2162 que
505 2090 718 2144 vinculis
763 2090 856 2154 his,
909 2103 1012 2142 non
1045 2089 1158 2156 ipse
1208 2087 1415 2141 vincula
1448 2100 1718 2146 recusans,
1765 2085 1944 2138 absit!

371 2181 464 2235 sed
488 2183 624 2235 illius
639 2179 1068 2234 eondesceudens
1087 2176 1652 2246 iutirmitati,quoniam
1669 2176 1779 2244 ipse
1795 2175 1871 2228 sic
1888 2175 1951 2227 il-

370 2271 416 2325 la
433 2271 594 2340 diligit
611 2267 1373 2338 etampleetiturmtambitiosa
1392 2267 1584 2320 mulier
1599 2266 1811 2319 monilia
1833 2280 1945 2319 sua.

451 2362 572 2416 Non
599 2363 661 2415 de
701 2363 910 2432 patratis
931 2360 1207 2422 miraculis,
1237 2361 1324 2413 sed
1348 2361 1410 2413 de
1437 2360 1676 2412 «erumnis
1704 2360 1950 2428 gloriatur

378 2451 822 2506 Paulus—Unde
845 2450 944 2504 hoc
960 2449 1320 2502 manifestum?
1334 2447 1542 2502 Gaudeo
1561 2449 1612 2500 in
1637 2447 1949 2518 passionibus

379 2544 524 2603 meis,
550 2542 736 2610 inquit,
769 2550 813 2594 et
849 2541 1059 2608 suppleo
1090 2539 1312 2609 defectus
1358 2539 1739 2590 tribulationum
1761 2535 1948 2592 Christi

368 2633 421 2683 in
449 2647 598 2684 carne
620 2646 730 2686 mea
759 2629 777 2701 (
800 2628 911 2683 Col.
941 2631 990 2683 1.
1012 2629 1082 2683 24
1104 2627 1146 2700 ).
1173 2629 1238 2682 Et
1269 2629 1458 2682 iterum
1491 2646 1504 2681 :
1536 2629 1788 2694 Quoniam
1814 2629 1950 2682 vobis

369 2723 608 2774 donatum
649 2733 721 2775 est
753 2738 784 2773 a
827 2719 1026 2774 Christo
1057 2737 1156 2773 non
1209 2730 1403 2772 tantum
1437 2721 1488 2772 in
1527 2721 1692 2790 ipsum
1723 2723 1944 2784 credere,

368 2831 538 2866 verum
562 2824 607 2865 et
638 2829 726 2878 pro
751 2813 859 2882 ipso
889 2814 995 2882 pati
1033 2812 1289 2883 (Philipp.
1343 2814 1391 2866 1.
1423 2812 1494 2867 29
1601 2812 1668 2865 Et
1709 2814 1897 2865 iterum
1930 2829 1942 2864 :

371 2903 492 2957 Non
520 2915 713 2957 tantum
751 2915 936 2969 autem,
965 2903 1052 2957 sed
1077 2912 1122 2956 et
1151 2903 1426 2973 gloriamur
1466 2904 1516 2955 iu
1544 2901 1947 2956 tribulationibus

366 2996 555 3069 (Rom.
581 2997 632 3050 5.
658 2998 691 3050 5
721 2995 764 3066 ).
797 2995 851 3049 Si
876 2994 1070 3064 gaudet
1095 2995 1251 3064 igitur
1267 3007 1318 3048 et
1342 2994 1615 3063 gloriatur,
1641 3004 1694 3047 et
1716 2996 1764 3047 id
1790 3007 1945 3047 vocat

364 3090 558 3144 donum
588 3089 895 3158 gratuitum,
925 3097 1127 3141 certum
1171 3085 1308 3154 quod
1339 3095 1554 3154 propter
1580 3085 1714 3139 hanc
1732 3099 1942 3139 causam

364 3182 428 3235 ad
470 3181 701 3250 judieem
746 3180 967 3249 loquens
1009 3178 1122 3232 haec
1156 3177 1363 3232 dicebat
1393 3196 1404 3229 :
1433 3177 1681 3246 quoniam
1722 3185 1776 3230 et
1813 3177 1943 3230 alias

367 3287 575 3324 rursum
603 3270 653 3322 in
679 3269 1045 3322 ne«-e~.~itatem
1073 3267 1319 3336 delapsus
1343 3267 1621 3335 gloriandi,
1653 3267 1752 3321 hoc
1771 3267 1940 3336 ipsum

362 3362 706 3420 denmuStrat,
735 3359 916 3412 dicens
941 3374 953 3410 :
983 3355 1214 3408 Libenter
1235 3356 1388 3424 igitur
1415 3356 1671 3426 gloriabor
1697 3357 1749 3409 in
1778 3356 1931 3424 infir-

363 3453 612 3503 mitatibus
635 3450 773 3511 meis,
805 3449 857 3500 in
887 3447 1283 3509 necessitatibus,
1312 3447 1362 3498 in
1385 3448 1715 3510 contumeliis,
1741 3448 1793 3500 in
1824 3464 1940 3512 per—

362 3539 749 3608 sequutionibus,
792 3540 843 3590 in
887 3537 1153 3607 angustiis,
1207 3546 1260 3589 ut
1308 3538 1548 3590 inhabitet
1587 3539 1636 3590 in
1668 3556 1744 3590 me
1784 3539 1940 3591 virtus

363 3630 548 3682 Christi
595 3629 612 3698 (
639 3629 694 3682 2.
725 3629 840 3680 Cor.
879 3626 964 3679 l2.
1007 3627 1061 3680 9.
1093 3626 1160 3681 10
1262 3627 1324 3678 Et
1379 3627 1569 3680 iterum
1596 3646 1607 3678 :
1640 3627 1699 3680 Si
1732 3629 1940 3695 gloriari

361 3731 573 3791 oportet,
602 3721 654 3772 in
683 3718 978 3789 inﬁrmitate
998 3734 1105 3770 mea
1131 3717 1384 3786 gloriabor
1404 3715 1482 3784 (2.
1502 3713 1622 3768 Cor.
1643 3715 1694 3768 H
1741 3712 1854 3781 50).
1875 3720 1940 3774 Et,

361 3810 485 3862 alibi
511 3811 740 3879 seipsum
783 3807 901 3860 aliis
933 3823 1264 3876 comparans,
1295 3817 1349 3861 et
1374 3823 1466 3876 per
1490 3809 1937 3876 comparationem

363 3902 514 3955 nobis
538 3899 904 3955 excellentiam
942 3899 1333 3964 demonstrans,
1377 3902 1453 3954 sic
1480 3901 1648 3969 inquit
1676 3918 1689 3956 :
1716 3900 1938 3955 Ministri

363 3992 548 4045 Christi
564 3999 700 4055 sunt,
728 4001 781 4042 ut
815 3991 981 4044 minus
1019 3991 1218 4060 sapiens
1248 3991 1447 4062 loquor,
1481 3992 1594 4060 plus
1622 4009 1713 4062 ego
1759 3993 1934 4062 (Ibid.

361 4105 407 4142 υ.
439 4089 508 4142 25
536 4087 577 4157 ).
609 4088 674 4141 Et
699 4101 972 4142 excessum
1001 4086 1368 4142 demonstrare
1395 4087 1608 4149 volens,
1651 4104 1755 4141 non
1795 4089 1933 4158 quod

360 4191 597 4234 mortuos
621 4179 1034 4242 resuscitaverit,
1066 4177 1407 4234 daemonesve
1435 4180 1734 4248 expulerit,
1764 4196 1935 4249 neque

359 4272 691 4327 mandaverit
715 4272 974 4340 leprosos,
1007 4270 1218 4324 aliudve
1244 4270 1370 4338 quid
1401 4271 1699 4340 hujusmodi
1729 4271 1931 4337 fecerit,

357 4365 492 4418 dixit
519 4381 532 4417 :
566 4364 658 4418 sed
685 4363 836 4432 quid?
853 4362 1322 4428 Quodinnumeras
1341 4379 1523 4430 passus
1548 4365 1616 4416 sit
1633 4363 1929 4418 molestias:

355 4470 471 4507 cum
502 4454 642 4509 enim
666 4455 904 4516 dixisset,
929 4453 1056 4507 Plus
1081 4470 1192 4524 ego,
1223 4453 1395 4506 intulit
1421 4457 1767 4509 tentatioaum
1791 4455 1932 4508 mul-

356 4545 631 4599 titudinem
663 4563 676 4598 :
736 4543 805 4598 In
851 4545 1013 4614 plagis
1047 4561 1202 4612 supra
1230 4545 1453 4605 modum,
1488 4545 1540 4596 in
1563 4546 1801 4597 mortibus
1832 4548 1932 4614 fre-

355 4645 577 4704 quenter,
605 4635 658 4688 in
685 4636 966 4688 carceribus
995 4634 1350 4696 abundantius,
1391 4651 1422 4684 a
1446 4633 1642 4686 Judwis
1674 4635 1932 4703 quinquies

353 4726 702 4796 quadragenas
735 4742 839 4777 una
881 4726 1044 4778 minus
1083 4725 1272 4792 accepi,
1303 4735 1378 4776 ter
1403 4724 1554 4793 virgis
1602 4740 1756 4778 erasus
1798 4742 1926 4787 sum,

352 4817 506 4870 semel
531 4817 803 4886 lapidatus,
851 4826 924 4868 ter
971 4818 1294 4886 naufragium
1330 4816 1445 4884 feci,
1484 4825 1627 4869 nocte
1656 4832 1715 4868 ac
1751 4817 1830 4868 die
1879 4819 1930 4869 in

353 4907 608 4978 profundo
634 4908 789 4961 maris
819 4906 893 4975 [ui
922 4905 1096 4975 (Ibid.
1135 4924 1183 4959 v.
1223 4906 1387 4960 25-25
1409 4910 1426 4975 )
1452 4924 1464 4958 :
1494 4915 1546 4960 et
1573 4908 1768 4974 reltqua
1808 4921 1926 4960 out-

353 5003 456 5052 nia.
489 4997 577 5054 Sic
605 4999 794 5066 ubique
817 4999 1069 5067 gloriatur
1090 4999 1140 5051 in
1174 4999 1597 5053 tribulationibus
1626 4999 1842 5066 Paulus,
1875 5010 1927 5052 et

353 5108 414 5145 ea
446 5107 504 5146 re
534 5091 723 5144 mirqu
763 5091 814 5142 iu
848 5091 1061 5143 modum
1107 5107 1223 5145 sese
1249 5100 1441 5156 ornat,
1473 5107 1534 5143 ac
1568 5091 1689 5159 jure
1715 5095 1924 5144 merito.

351 5183 481 5236 Nam
515 5182 616 5236 hoc
642 5192 723 5237 est
751 5181 890 5251 quod
923 5183 1152 5236 maxime
1188 5182 1382 5235 CltriSti
1410 5182 1659 5235 virtutem
1704 5182 1927 5235 demou-

346 5286 498 5341 su-at,
515 5276 761 5344 quoniam
782 5289 879 5344 per
900 5275 1021 5327 talia
1044 5274 1280 5327 vicerunt
1305 5275 1556 5343 apostoli,
1573 5289 1667 5341 per
1690 5275 1921 5338 vincula,

359 5365 740 5430 tribulatioues,
770 5363 972 5434 ﬂagella
1002 5375 1055 5418 et
1075 5374 1310 5418 extrema
1341 5365 1499 5417 mala.
1527 5364 1654 5418 Nam
1683 5364 1794 5418 haec
1820 5367 1926 5420 duo

346 5455 586 5511 Christus
627 5457 976 5522 denuntiavit,
1024 5456 1418 5510 tribulationem
1447 5466 1500 5511 et
1530 5457 1919 5524 remissionem,

349 5545 555 5599 labores
584 5557 638 5601 et
680 5563 927 5611 coronas,
961 5547 1185 5600 sudores
1211 5555 1263 5600 et
1310 5548 1702 5609 retributiones,
1742 5550 1922 5603 suavia

348 5643 404 5688 ct
440 5632 643 5698 tristia;
683 5636 778 5689 sed
819 5637 987 5690 tristia
1025 5636 1238 5706 quidem
1281 5638 1401 5690 vitm
1441 5637 1586 5693 dedit
1631 5641 1920 5707 praesenti,

347 5737 524 5777 suavia
559 5741 684 5780 vero
732 5725 781 5779 in
815 5725 1045 5782 futurum
1072 5728 1297 5795 distulit,
1333 5729 1525 5798 pariter
1550 5730 1918 5786 demonstrans

3533 331 3628 387 {(38

2060 458 2118 497 se
2151 443 2395 497 homines
2437 460 2541 498 non
2586 443 2848 512 decipere,
2880 450 3035 512 atque
3076 443 3247 512 ipsum
3278 457 3630 498 earumearum

2055 535 2260 602 pondus
2286 534 2473 588 ordine
2497 534 2723 603 quodam
2749 534 2988 588 minuere
3014 543 3278 603 satagens.
3299 535 3397 599 Qui
3436 535 3629 602 decipit

2053 625 2215 684 enim.
2256 627 2436 680 suavia
2472 627 2618 696 prius
2666 625 2932 695 proponit,
2974 635 3028 679 et
3074 641 3195 678 mox
3251 625 3407 678 infert
3438 628 3628 680 tristia.

2053 715 2217 780 Quale
2230 725 2332 768 est:
2349 716 2584 785 plagiarii
2611 717 2858 784 puerulos
2880 730 3020 784 sarpe
3048 731 3234 784 parvos
3263 717 3555 784 prmdantes
3580 727 3632 770 et

2053 806 2309 869 furantes,
2341 821 2444 858 non
2487 807 2668 874 plagas
2711 816 2765 860 et
2793 807 3032 870 verbera,
3066 822 3236 874 neque
3279 807 3419 859 aliud
3450 807 3632 875 hujus-

2054 901 2193 954 modi
2218 901 2550 969 pollicentur,
2575 901 2666 954 sed
2689 901 2963 969 placentas
2983 911 3036 954 et
3066 899 3302 964 bellaria,
3322 911 3374 954 et
3394 901 3491 953 alia
3513 901 3633 953 talia

2058 995 2249 1062 quibus
2275 994 2493 1062 puerilis
2539 995 2768 1062 gaudere
2794 994 3068 1046 consuevit
3096 1003 3244 1056 tetas,
3275 995 3627 1064 pra-tendunt,

2055 1093 2109 1136 ut
2135 1082 2217 1136 his
2247 1083 2321 1136 illi
2365 1083 2560 1146 allecti,
2595 1095 2645 1137 et
2699 1083 2995 1136 libertatem
3026 1100 3174 1136 suam
3233 1089 3534 1153 prodentes,
3579 1085 3630 1139 in

2053 1186 2346 1228 extremum
2397 1176 2687 1243 periculum
2739 1174 3069 1228 delabantur.
3126 1176 3315 1228 Avium
3367 1190 3493 1229 vero
3556 1177 3631 1243 pi-

2053 1267 2326 1334 sl-iumque
2353 1277 2653 1331 venatores,
2688 1266 2756 1319 ita
2786 1282 2902 1334 quas
2935 1277 3191 1320 venantur
3216 1267 3473 1330 alliciunt,
3501 1282 3629 1319 cou-

2053 1365 2254 1409 suetam
2279 1356 2550 1424 capiendis
2565 1365 2619 1408 et
2636 1355 2920 1425 jucundam
2947 1356 3091 1425 prius
3111 1371 3286 1409 eseam
3314 1357 3628 1424 prtebcutes,

2053 1457 2105 1499 et
2133 1447 2207 1498 sic
2234 1446 2476 1514 laqueum
2512 1457 2876 1515 contegentes.
2901 1445 3083 1515 Itaque
3106 1447 3479 1516 decipientium
3521 1463 3630 1499 ma-

2054 1537 2195 1589 xime
2219 1551 2352 1603 opus
2391 1536 2493 1590 hoc
2517 1547 2617 1601 cst,
2651 1537 2794 1604 prius
2823 1537 3003 1598 suavia
3035 1552 3351 1605 proponere,
3381 1552 3485 1604 quo
3509 1553 3629 1591 mox

2057 1626 2288 1679 inferant
2317 1627 2518 1690 tristia;
2570 1627 2958 1695 providentimu
3001 1639 3174 1682 autem
3227 1638 3280 1681 ct
3307 1628 3630 1698 diligentiam

2053 1717 2269 1768 omnin
2294 1716 2643 1770 contrarium.
2687 1717 2871 1770 Patres
2902 1718 3078 1786 itaque
3126 1718 3388 1786 plagiariis
3417 1727 3628 1772 contra-

2055 1823 2188 1858 r.um
2219 1806 2417 1860 faciunt
2443 1822 2457 1870 ;
2482 1823 2601 1860 cum
2647 1806 2711 1860 ad
2745 1807 2924 1861 ludutn
2955 1824 3145 1875 pueros
3171 1810 3457 1863 literarium
3507 1823 3632 1863 mtt-

2056 1907 2189 1961 tunt,
2225 1898 2538 1967 paedagogos
2577 1909 2902 1966 preponuut,
2932 1900 3137 1969 llagcila
3157 1901 3437 1965 minantur,
3472 1903 3629 1954 timo-

2054 2003 2164 2041 rem
2185 1988 2444 2041 iucutiunt
2464 2008 2475 2040 :
2496 1997 2545 2042 et
2562 2005 2680 2042 eum
2697 1991 2924 2058 priorem
2941 1990 3018 2043 sic
3032 1999 3241 2045 allatam
3261 1995 3628 2062 transegeriut.

2056 2089 2179 2131 tunc
2226 2077 2353 2146 ipsis
2382 2078 2434 2130 in
2466 2078 2647 2132 habtu
2675 2080 2811 2132 virili
2841 2081 3144 2134 constitutis
3168 2080 3417 2147 honores,
3443 2091 3630 2150 poten-

2057 2171 2256 2240 tiasqne
2277 2170 2588 2234 etdelieias,
2621 2182 2674 2224 et
2703 2185 2890 2225 omnes
2915 2172 3124 2224 divitias
3149 2185 3274 2225 suas
3296 2173 3524 2225 tradunt.

2125 2262 2177 2314 5.
2221 2263 2308 2315 Sic
2350 2262 2488 2314 Deus
2527 2276 2738 2330 quoque
2767 2259 2913 2328 fecit,
2957 2277 3063 2315 non
3100 2262 3494 2331 plagiariorum,
3539 2263 3629 2314 sed

2055 2363 2260 2421 patrum
2293 2368 2442 2406 more
2470 2356 2558 2422 qui
2585 2367 2765 2406 curam
2794 2362 3023 2422 gerunt:
3060 2355 3204 2422 prius
3248 2370 3333 2409 res
3374 2355 3629 2408 adversas

2055 2455 2107 2499 et
2137 2446 2312 2499 tristes
2341 2446 2558 2499 immisit
2586 2457 2851 2514 tamquam
2904 2447 3201 2516 pmdagogis
3247 2456 3300 2502 et
3344 2460 3631 2518 pra-cepto-

2056 2534 2202 2587 ribus
2234 2535 2480 2602 praesenti
2507 2536 2720 2588 tradens
2749 2535 3096 2598 tribulationi,
3129 2552 3233 2605 quo
3257 2554 3348 2606 per
3379 2538 3491 2590 lucc
3514 2553 3632 2590 cor—

2054 2625 2185 2678 recti
2238 2633 2293 2678 et
2336 2625 2632 2689 moderati,
2684 2636 2964 2694 postquam
3013 2627 3342 2680 tolerantiam
3382 2644 3628 2693 omnem,

2052 2729 2366 2783 omnemque
2395 2714 2727 2784 disciplinam
2794 2716 3156 2781 didicerimus,
3198 2732 3322 2769 mox
3354 2718 3419 2770 ad
3463 2720 3632 2786 perle-

2053 2813 2191 2857 ctam
2220 2814 2430 2858 tetatem
2457 2805 2624 2870 ducti,
2653 2805 2902 2858 cwlorum
2935 2821 3154 2874 regnum
3187 2807 3478 2862 hereditate
3500 2825 3631 2862 eon-

2060 2910 2345 2963 sequamur
2374 2915 2387 2948 :
2419 2895 2508 2948 sed
2539 2896 2682 2963 prius
2705 2895 2927 2950 idoneos
2955 2897 3128 2951 reddit
3167 2899 3233 2951 ad
3261 2898 3486 2952 dandam
3518 2901 3633 2954 dis-

2053 2986 2413 3051 pensationem
2433 2986 2753 3052 divitiarum,
2777 2996 2829 3040 el
2856 2991 3190 3055 postmodum
3217 2991 3356 3057 ipsas
3376 2990 3631 3059 pnebebit

2053 3075 2284 3128 divitias.
2318 3076 2427 3130 Nisi
2457 3077 2596 3130 cuitu
2628 3077 2728 3130 hoc
2757 3077 2993 3142 fecisset,
3049 3078 3350 3134 divitiarum
3393 3084 3631 3151 erogatio

2051 3179 2153 3218 non
2202 3167 2397 3219 douuu
2427 3209 2441 3231 ,
2486 3169 2577 3221 sed
2629 3169 2756 3220 ultio
2802 3169 2989 3223 fuisset.
3026 3179 3079 3223 et
3104 3187 3278 3239 paena.
3313 3172 3460 3226 Sicut
3488 3175 3627 3227 enim

2051 3273 2182 3324 puer
2207 3260 2458 3327 insipiens
2486 3270 2539 3312 et
2566 3261 2815 3330 prodigus
2855 3272 3124 3330 paternam
3155 3265 3454 3331 suscipiens
3478 3266 3630 3319 itere-

2046 3348 2286 3415 ditatem,
2338 3349 2404 3402 ab
2449 3349 2546 3404 hac
2580 3352 2688 3418 ipsa
2730 3352 3466 3422 praecipitatur,prudentiam
3520 3371 3624 3409 uou

2048 3437 2246 3491 habens
2273 3440 2612 3507 pecuniarum
2638 3441 3017 3509 dispensationi
3045 3459 3254 3512 parem;
3280 3445 3322 3498 si
3351 3461 3476 3499 vero
3506 3462 3627 3514 pru-

2045 3530 2176 3584 dens
2196 3532 2283 3595 sil,
2306 3533 2522 3599 probus,
2548 3542 2870 3601 temperans,
2895 3543 2948 3588 et
2968 3536 3238 3590 modestus
3261 3538 3309 3590 in
3328 3555 3623 3592 necessaria

2045 3621 2358 3691 dispensans
2389 3634 2606 3691 paterna
2641 3625 2798 3691 bona,
2832 3625 3163 3694 splendidior
3207 3629 3275 3680 ita
3326 3631 3381 3680 lit
3412 3639 3464 3682 et
3506 3629 3623 3683 illu-

2044 3715 2208 3768 strior
2240 3733 2253 3767 :
2280 3716 2354 3769 sic
2378 3726 2430 3769 et
2457 3715 2509 3768 in
2543 3717 2694 3772 nobis
2736 3727 2818 3770 est
2844 3733 3061 3772 necesse
3083 3721 3317 3773 evenire.
3343 3721 3473 3773 Cum
3511 3724 3621 3789 spi-

2044 3805 2285 3861 ritualem
2331 3807 2664 3875 prudentiam
2730 3810 3134 3878 acceperimus,
3187 3827 3309 3865 cum
3353 3813 3402 3864 in
3454 3815 3621 3866 virum

2042 3904 2330 3971 perfectum
2357 3919 2564 3968 omnes,
2595 3903 2644 3957 iu
2674 3906 2844 3958 artatis
2873 3920 3178 3960 mensuram
3203 3907 3620 3975 pervenerimus,

2044 4004 2168 4049 tunc
2216 3995 2368 4048 nobis
2405 3994 2566 4048 tradit
2619 3995 2797 4048 omnia
2855 4010 2972 4064 qua:
3026 3996 3292 4065 pollicitus
3321 4007 3446 4062 est;
3481 4012 3620 4049 nunc

2041 4101 2168 4140 vero
2188 4097 2451 4156 tamquam
2485 4102 2680 4156 pueros
2707 4102 2900 4155 parvos
2926 4087 3222 4142 docetequ
3253 4089 3619 4144 exhortatione

2041 4187 2094 4231 et
2115 4177 2495 4232 consndatiune.
2523 4178 2632 4232 Nec
2663 4179 2764 4234 hoc
2782 4180 2952 4234 solum
2980 4191 3064 4234 est
3089 4180 3502 4235 emolumentum
3553 4198 3620 4235 ex

2039 4269 2329 4335 praemissis
2360 4271 2810 4336 tribulationibus,
2840 4287 3026 4326 verum
3055 4283 3110 4326 et
3131 4273 3270 4326 aliud
3295 4273 3385 4326 illo
3413 4290 3517 4327 non
3548 4276 3620 4327 iu-

2041 4359 2222 4413 lerius.
2240 4361 2338 4426 Qui
2358 4362 2499 4414 enim
2525 4363 2668 4430 prius
2682 4373 2799 4417 erat
2815 4363 2866 4416 in
2889 4363 3113 4429 deliciis,
3131 4380 3250 4418 mox
3271 4366 3617 4434 postdelieias

2040 4451 2104 4504 ul:
2117 4452 2287 4505 iooem
2303 4462 2639 4521 exspectans,
2656 4471 2825 4524 neque
2843 4457 3194 4524 prwscntibus
3208 4457 3398 4510 fruitur
3413 4458 3616 4511 deliciis

2039 4553 2256 4613 propter
2284 4543 2573 4598 futurarum
2606 4545 2968 4600 molestiarum
2999 4550 3488 4616 exspectationem;
3524 4552 3616 4619 qtti

2037 4650 2164 4688 vero
2195 4637 2341 4704 prius
2361 4647 2475 4689 erat
2501 4637 2552 4688 in
2583 4637 2842 4699 tristibus,
2872 4637 3064 4691 deinde
3092 4639 3345 4706 posthaec
3365 4641 3617 4694 suavibus

2037 4730 2316 4796 potiturus,
2331 4730 2490 4782 etiam
2515 4739 2803 4797 prmsentes
2819 4729 3156 4782 difﬁcultates
3175 4741 3389 4800 propter
3407 4730 3614 4784 futuro-

2037 4835 2152 4872 rum
2176 4834 2322 4887 spem
2350 4819 2608 4873 bonorum
2630 4819 2942 4873 contemnit.
2964 4819 3076 4872 Non
3102 4821 3259 4889 igitur
3288 4822 3466 4875 tutela:
3492 4832 3612 4874 tau—

2037 4921 2144 4964 tum
2169 4927 2328 4966 causa
2347 4921 2561 4977 llOSll‘tC,
2582 4926 2764 4966 verum
2781 4922 2832 4964 et
2849 4912 3135 4978 voluptatis
3151 4921 3202 4964 et
3225 4911 3613 4965 c0usolationis

2036 5005 2210 5072 priora
2233 5003 2414 5057 stattﬁt
2439 5018 2557 5056 esse
2577 5004 2795 5057 molesta
2815 5044 2828 5067 ,
2860 5012 2917 5054 ut
2942 5001 3239 5056 futurorum
3267 5017 3359 5069 Spe
3388 5003 3612 5056 relevati

2035 5096 2237 5149 nullum
2269 5097 2613 5164 pnescntium
2643 5094 2912 5162 capiamus
2938 5109 3173 5147 sensum.
3208 5093 3276 5146 Et
3302 5093 3405 5146 hoc
3439 5093 3611 5162 ipsum

2037 5185 2231 5239 Paulus
2259 5188 2559 5256 signiﬁcans
2582 5185 2792 5239 dicebat
2824 5201 2838 5237 :
2866 5183 3220 5237 Mamentanea
3257 5184 3429 5237 levitas
3453 5185 3614 5237 tribu-

2033 5277 2236 5330 lationis
2277 5288 2460 5331 nostra:
2503 5295 2659 5346 supra
2688 5275 2890 5328 modum
2940 5276 2994 5328 in
3036 5275 3340 5328 sublimitate
3368 5285 3612 5328 (sternunt

2031 5368 2230 5435 pondus
2259 5369 2436 5437 gloriw
2473 5370 2612 5422 nobis
2643 5378 2902 5437 operatur,
2931 5383 3031 5419 non
3060 5367 3494 5420 considerantibus
3511 5383 3607 5420 no-

2029 5458 2104 5511 bis
2124 5474 2236 5528 qute
2260 5460 2509 5523 uidentur,
2535 5461 2622 5514 sed
2643 5475 2756 5530 qua:
2782 5475 2884 5511 non
2911 5458 3146 5510 videntur
3174 5457 3265 5529 (2.
3292 5457 3409 5511 Cor.
3433 5457 3485 5511 4.
3519 5459 3607 5512 17.

2031 5553 2097 5604 18
2130 5551 2169 5619 ).
2195 5551 2388 5604 Levem
2443 5553 2722 5619 appellavit
2771 5550 3168 5604 tribulationem
3189 5590 3205 5616 ,
3253 5563 3360 5603 non
3394 5559 3610 5617 propter

2033 5643 2298 5711 pr0priam
2341 5644 2583 5713 grmium
2633 5652 2898 5704 naturam,
2931 5641 3025 5695 sed
3059 5651 3277 5711 propter
3304 5641 3604 5702 futurorum

2033 5738 2481 5806 exspectationem
2529 5735 2808 5791 bonorum.
2843 5734 2991 5791 Sicut
3026 5735 3168 5789 enim
3207 5752 3468 5796 mercator
3496 5759 3604 5799 non
