4112 6388
379 327 484 383 £67

371 440 564 516 ῶσπερ
597 444 800 514 ἔλεγεν,
863 447 1184 517 Ἑγενόμην
1228 451 1354 517 τοῖς
1403 454 1648 523 ἀνόμοις
1681 456 1763 522 ὡς
1802 457 2047 524 ἄνομος,

373 531 532 584 τοῦτο
556 533 649 584 καὶ
680 533 914 587 ἐνταῦθα
956 535 1244 606 ἔπραττεν.
1276 540 1375 592 “Av
1409 541 1619 614 ἀκούσῃ
1654 543 1849 613 δεσμὰ,
1895 543 2049 612 φησὶ,

373 619 467 670 καί
492 618 720 688 θλίψεις,
753 621 956 686 εὐθέως
980 624 1256 697 ἀποπηδᾷ’
1297 628 1398 680 οὐκ
1427 624 1536 681 οἶδε
1573 629 1683 682 τῶν
1710 630 1925 700 δεσμῶν
1953 629 2051 700 τὴν

373 704 626 776 δύναμινο
663 709 902 776 γενέσθω
940 712 1206 782 πρότερον
1255 716 1468 778 πιστὸς,
1507 715 1793 782 γευσάσθω
1822 715 1913 768 τοῦ
1949 733 2052 784 κη-

379 794 678 863 ρύγματος.
705 798 796 850 καὶ
831 798 950 850 τότε
978 800 1071 852 καὶ
1100 801 1262 864 αὐτὸς
1285 802 1666 872 ἐπιδραμεῖται
1701 806 1814 865 τοῖς
1835 803 2051 871 δεσμοῖς

373 880 602 944 τούτοις.
629 884 878 937 Ἤκουσα
896 886 990 938 τοῦ
1018 888 1287 940 Δεσπότου
1315 906 1414 958 μου
1432 889 1700 956 λέγοντος,
1729 890 1810 942 ὅτι
1843 889 2054 954 Οὐδεὶς

372 968 684 1022 ἐπιϐάλλει
717 971 1015 1040 ἐπίϐλημα
1029 972 1261 1040 ῥάκους
1281 975 1554 1045 ἀγνάφου
1581 977 1677 1029 ἐπὶ
1712 977 1919 1044 ίματίῳ
1942 992 2053 1029 πα-

373 1055 545 1121 λαιῷ,
574 1059 705 1112 ἐπεὶ
738 1061 888 1128 αἴρει
928 1061 993 1114 τὸ
1029 1062 1318 1132 πλήρωμα
1355 1065 1564 1128 αὑτοῦ,
1618 1065 1717 1117 καὶ
1753 1064 1954 1132 χεῖρον
1986 1064 2053 1117 τὸ

375 1145 612 1213 σχίσμα
663 1147 907 1214 γίνεταν
954 1148 1098 1202 οὐδὲ
1143 1149 1502 1214 βάλλουσιν
1557 1147 1726 1204 οἶνον
1775 1150 1920 1203 νέον
1965 1153 2052 1216 εἰς

375 1231 611 1297 ἀσκοὺς
653 1234 971 1300 παλαιοὺς,
1003 1236 1132 1289 ἐπεὶ
1156 1236 1492 1306 ῥήγνυνται
1529 1242 1584 1292 οί
1613 1239 1813 1291 ἀσκοί.
1855 1239 1918 1290 'H
1948 1237 2050 1306 ψυ-

375 1319 446 1389 χὴ
480 1322 513 1389 ἡ
545 1320 735 1373 τούτου
769 1324 982 1392 ἱμάτιόν
1025 1326 1141 1378 ἐστι
1181 1326 1431 1391 παλαιὸν,
1473 1327 1566 1380 καὶ
1610 1327 1776 1388 ἀσκὸς
1802 1326 2048 1388 παλαιός·

375 1407 474 1459 οὐκ
503 1408 774 1480 ἀνενεώθη
811 1413 876 1481 τῇ
923 1411 1124 1476 πίστει,
1161 1415 1260 1466 οὐκ
1293 1415 1642 1484 ἀνεκαινίσθη
1668 1417 1732 1484 τῇ
1767 1413 1861 1466 τοῦ
1887 1413 2052 1466 Πνεύ-

379 1510 546 1562 ματος
566 1495 772 1564 χάριτι,
805 1497 1037 1568 ἀσθενής
1072 1499 1223 1553 ἐστιν
1269 1499 1348 1554 ἔτι
1378 1501 1474 1554 καὶ
1510 1501 1714 1571 γήϊνος,
1747 1499 1895 1572 [166]
1929 1500 2055 1570 βιω-

375 1582 501 1634 τικά
526 1587 731 1654 φρονεῖ,
767 1586 1014 1658 καὶπρὸς
1040 1587 1138 1658 τὴν
1165 1590 1436 1660 κοσμικὴν
1455 1589 1755 1658 φαντασίαν
1772 1591 2051 1660 ἐπτόηται,

375 1668 536 1738 δόξης
586 1673 688 1742 ἐρᾷ
747 1673 846 1742 τῆς
882 1674 1186 1745 παρούσης.
1230 1677 1328 1728 Ἂν
1385 1678 1450 1729 ἐκ
1504 1676 1810 1748 προοιμίων
1852 1676 2052 1739 εὐθέως

374 1756 608 1828 ἀκούσῃ,
639 1759 721 1811 ὃτι
742 1760 1034 1830 γενόμενος
1067 1763 1392 1832 Χριστιανὸς
1420 1762 1705 1833 δεσμώτης
1738 1762 1937 1825 εὐθέως
1959 1780 2054 1831 γε-

374 1846 601 1914 νήσεται
653 1847 748 1899 καὶ
793 1847 984 1902 ἅλυσιν
1034 1850 1432 1920 περικείσεται,
1466 1850 1776 1920 αἰσχυνθεὶς
1818 1851 1910 1903 καὶ
1931 1853 2055 1921 ἐρυ-
2105 1872 2108 1873 ν

377 1931 604 2002 θριάσας
627 1935 1144 2007 ἀποπηδήσεταιτοῦ
1171 1956 1239 2009 κη
1251 1939 1543 2008 ρύγματοςο
1566 1938 1656 1992 διὰ
1681 1938 1837 1992 τοῦτό
1866 1955 2050 2009 φησιν,

381 2022 553 2076 Ἀνευ
579 2021 699 2076 τῶν
719 2023 958 2093 δεσμῶν
983 2027 1230 2091 τούτων,
1261 2029 1366 2080 οὐκ
1396 2027 1533 2080 αὐτὰ
1560 2027 1626 2080 τὰ
1651 2027 1827 2096 δεσμά
1857 2044 2055 2097 παραι-

375 2109 662 2180 τούμενος,
690 2111 764 2183 μὴ
791 2111 1002 2180 γένοιτο
1023 2113 1164 2170 Ξάλλ’
1196 2116 1405 2169 ἐκείνου
1447 2117 1513 2186 τῇ
1547 2115 1802 2186 ἀσθενείᾳ
1853 2132 2054 2183 συγκα-

374 2197 667 2260 ταϐαίνων,
705 2200 828 2253 ἐπεὶ
861 2200 1027 2266 αὐτὸς
1059 2202 1233 2266 οὕτως
1268 2201 1410 2257 αὺτά
1447 2204 1591 2272 φιλεῖ
1612 2205 1705 2256 καὶ
1725 2203 2050 2269 ἀσπάζεται,

375 2285 452 2349 ὡς
484 2286 619 2358 γυνὴ
645 2287 972 2358 φιλόκοσμος
1006 2291 1074 2343 τὰ
1103 2291 1304 2360 χρυσία
1337 2303 1362 2330 ιι
1391 2291 1458 2344 τὰ
1482 2292 1697 2363 ἐαυτῆς.

449 2374 621 2428 Πόθεν
656 2375 815 2428 τοῦτο
852 2376 1044 2448 δῆλον;
1088 2379 1282 2447 Χαίρω
1315 2379 1387 2432 ἐν
1414 2379 1539 2443 τοῖς
1571 2378 1885 2449 παθήμασί
1909 2399 2050 2450 μου,

377 2461 531 2531 φησι,
563 2462 660 2516 καὶ
687 2464 1128 2533 ἀνταναπληρῶ
1143 2467 1216 2519 τὰ
1242 2466 1624 2534 ὑστερήματα
1652 2465 1772 2522 τῶν
1790 2468 2056 2536 θλίψεων

376 2549 484 2602 τοῦ
517 2552 775 2619 Χριστοῦ
809 2553 878 2606 ἐν
913 2553 987 2621 τῇ
1017 2557 1202 2622 σαρκί
1227 2573 1370 2624 μου.
1406 2556 1516 2610 Καὶ
1553 2556 1734 2610 πάλιν
1761 2557 1891 2611 Ὅτι
1912 2557 2056 2626 ὑμῖν

375 2637 665 2707 ἐχαρίσθη
695 2641 813 2694 ἀπὸ
851 2641 958 2695 τοῦ
985 2642 1266 2710 Χριστοῦ,
1315 2646 1388 2698 οὺ
1414 2645 1610 2713 μόνον
1649 2646 1716 2698 τὸ
1749 2649 1837 2712 είς
1865 2645 2056 2699 αὑτὸν

377 2728 708 2791 πιστεύειν,
739 2729 902 2784 ἀλλά
959 2730 1057 2784 καὶ
1099 2731 1167 2784 τὸ
1199 2731 1352 2800 ὑπὲρ
1402 2732 1588 2786 αὐτοῦ
1634 2732 1914 2802 πάσχειν.
1946 2735 2055 2787 Καὶ

377 2814 560 2867 πάλιν·
596 2817 678 2870 Οὐ
713 2818 908 2886 μόνον
947 2817 1035 2882 δὲ,
1094 2818 1255 2872 ἀλλὰ
1295 2820 1393 2872 καί
1441 2820 1795 2890 καυχώμεθα
1827 2823 1897 2874 ἐν
1925 2821 2054 2890 ταῖς

379 2903 690 2970 θλίψεσιν.
720 2905 782 2956 Εἰ
813 2905 993 2958 τοίνυν
1021 2906 1202 2978 χαίρει
1224 2908 1319 2960 καὶ
1354 2908 1644 2978 καυχᾶται,
1682 2909 1776 2961 καὶ
1809 2909 2056 2981 χάρισμα

377 2989 440 3040 τὸ
470 2992 706 3061 πρᾶγμα
738 2992 913 3055 καλεῖ,
955 2993 1180 3064 εὔδηλον
1233 2995 1315 3047 ὅτι
1371 2995 1459 3048 διὰ
1488 2994 1585 3066 τὴν
1633 2995 1812 3048 αἰτίαν
1850 2996 2055 3067 ταύτην

380 3078 518 3146 πρὸς
551 3079 642 3132 τὸν
676 3079 935 3152 δικαστὴν
970 3082 995 3120 b
1038 3082 1418 3152 διαλεγόμενος
1474 3083 1647 3136 ταῦτα
1691 3083 1896 3152 ἔλεγενο
1935 3086 2057 3138 ἐπεὶ

381 3167 477 3218 καὶ
504 3168 584 3230 εἰς
614 3167 862 3240 ἀνάγκην
891 3168 1124 3240 ἀλλαχοῦ
1157 3170 1321 3223 πάλιν
1359 3170 1618 3241 ἐμπεσὼν
1653 3171 1746 3224 τοῦ
1777 3174 2057 3244 καυχήσα-

382 3253 532 3317 σθαι,
570 3255 728 3308 τοῦτο
749 3257 882 3310 αὐτὸ
910 3257 1248 3311 ἐνδείκνυται
1269 3258 1464 3324 λέγων’
1499 3259 1753 3313 ’Ἥδιστα
1776 3257 1890 3315 οὖν
1921 3277 2058 3314 καυ-

380 3341 668 3411 χήσομαι,
703 3346 887 3416 φησὶν,
921 3345 991 3398 ἐν
1037 3346 1166 3412 ταῖς
1217 3347 1558 3413 ἀσθενείαις
1599 3365 1742 3416 μου,
1774 3348 1844 3400 ἐν
1874 3347 2060 3417 ἀνάγ-

382 3447 538 3495 καις,
574 3431 643 3483 ἐν
664 3431 928 3499 ὕϐρεσιν,
952 3434 1022 3486 ἐν
1049 3433 1347 3502 διωγμοῖς,
1376 3435 1446 3487 ἐν
1480 3437 1929 3504 στενοχωρίαις,
1958 3437 2059 3490 ἵνα

380 3519 773 3588 ἐπισκηνώσῃ
821 3521 914 3573 ἐπ’
950 3522 1054 3590 ἐμὲ
1095 3524 1133 3590 ἡ
1183 3523 1436 3592 δύναμις
1477 3524 1584 3577 τοῦ
1631 3525 1912 3592 Χριστοῦο
1963 3526 2058 3578 καὶ

382 3607 567 3659 πάλιν·
603 3611 671 3661 Εἰ
706 3609 1045 3678 καυχᾶσθαι
1079 3611 1187 3674 δεῖ,
1207 3611 1278 3664 τὰ
1307 3611 1414 3680 τῆς
1440 3612 1758 3678 ἀσθενείας
1774 3629 1895 3681 μου
1923 3631 2058 3668 καυ-

383 3694 672 3764 χήσομαι.
720 3697 825 3749 Καὶ
859 3696 1094 3768 ἀλλαχοῦ
1130 3699 1439 3768 συγκρίνων
1475 3699 1666 3752 ἑαυτὸν
1711 3701 1936 3771 ἑτέροις,
1964 3701 2060 3755 καὶ

382 3785 484 3854 τὴν
511 3784 651 3837 κατά
670 3783 955 3857 σύγκρισιν
974 3787 1248 3858 ὑπεροχὴν
1276 3789 1410 3858 ἡμῖν
1439 3787 1866 3858 ἐνδεικνύμενος,
1893 3790 2061 3843 οὑτως

385 3871 441 3924 σί
473 3870 589 3936 πώς
640 3891 792 3944 φησι·
842 3872 1114 3929 Διὰκονοι
1172 3877 1431 3943 Χριστοῦ
1483 3878 1621 3931 εἰσι·
1660 3879 2062 3947 παραφρονῶν

381 3959 575 4025 λαλῶ,
607 3961 758 4029 ὑπὲρ
780 3961 913 4032 ἐγώ,
942 3963 1052 4015 Καὶ
1079 3962 1249 4028 δεῖξαι
1278 3963 1600 4035 βουλόμενος
1631 3966 1729 4036 τὴν
1763 3967 2059 4038 ὑπεροχὴν,

384 4048 484 4118 οὐχ
514 4049 597 4100 ὅτι
618 4050 846 4120 νεκροὺς
870 4050 1192 4120 ἀνέστησεν,
1223 4051 1332 4104 οὐδ’
1361 4052 1443 4104 ὅτι
1468 4052 1730 4122 δαίμονας
1759 4053 2057 4125 ἀπήλασεν,

385 4137 494 4189 οὐδ’
518 4138 599 4189 ὅτι
616 4137 852 4208 λεπροὺς
884 4138 1232 4208 ἐκαθάρισεν,
1259 4139 1370 4192 οὐδ’
1394 4140 1474 4192 ὅτι
1517 4141 1645 4194 ἄλλο
1676 4141 1852 4194 τιτῶν
1882 4143 2061 4196 τοιού-

385 4243 496 4277 των
519 4226 800 4294 ἐποίησεν,
833 4221 1008 4287 εἶπεν,
1034 4227 1169 4279 άλλά
1194 4227 1280 4292 τί;
1309 4228 1431 4280 Ὅτι
1457 4228 1525 4280 τά
1555 4231 1724 4300 μυρία
1757 4229 1923 4283 ἔπαθε
1952 4231 2061 4283 δει-

386 4313 476 4366 νά.
511 4312 695 4367 Εἰπὼν
727 4312 876 4381 γοῦν,
926 4315 1006 4366 ὅτι
1055 4315 1234 4383 ’Υπὲρ
1267 4314 1400 4384 ἐγὼ,
1446 4317 1693 4386 ἐπήγαγε
1734 4317 1842 4371 τῶν
1873 4335 2064 4389 πειρα-

389 4401 544 4472 σμῶν
575 4401 634 4453 τί)
668 4400 870 4470 πλῆθος
903 4402 1044 4454 οὕτω
1090 4402 1284 4470 λέγων’
1328 4400 1429 4454 Ἐν
1475 4403 1739 4472 πληγαῖς
1764 4407 2066 4471 ὑπερϐαλο

387 4489 635 4554 λόντως,
677 4489 748 4540 ἐν
769 4489 1046 4554 θανάτοις
1069 4488 1388 4555 πολλάκις,
1413 4490 1482 4542 ἐνν
1515 4490 1820 4560 φυλακαῖς
1853 4507 2064 4560 περισ-

387 4576 666 4641 σοτέρως·
729 4577 842 4629 ὑπὸ
909 4577 1215 4631 Ἰουδαίων
1275 4576 1560 4644 πεντάκις
1611 4579 2067 4648 τεσσαράκοντα

389 4673 551 4736 παρὰ
578 4676 727 4736 μίαν
758 4668 1000 4730 ἔλαϐον,
1046 4667 1172 4735 τρὶς
1217 4668 1638 4736 ἐρῤαϐδίσθην,
1684 4669 1846 4732 ἅπαξ
1878 4670 2070 4724 ἐλιθά-

388 4760 570 4823 σθην·
598 4756 722 4823 τρὶς
749 4755 1121 4824 ἐναυάγησα,
1151 4755 1534 4825 νυχθήμερον
1552 4757 1622 4809 ἐν
1661 4756 1740 4821 τῷ
1769 4757 1940 4824 ,ϐυθῴ
1973 4776 2070 4812 πε-

391 4847 636 4910 ποίηκα,
672 4847 766 4897 καὶ
797 4845 865 4896 τὰ
887 4843 1050 4897 λοιπά
1089 4843 1325 4896 ἅπαντα.
1363 4843 1519 4897 Οὕτω
1547 4846 1822 4915 πανταχοῦ
1861 4849 2068 4917 καυχᾶ-

391 4952 482 4987 ται
513 4935 571 4984 ἐν
603 4934 718 4995 ταῖς
745 4931 991 4999 θλίψεσιν
1024 4933 1051 4984 6
1091 4931 1323 4994 Παῦλος,
1367 4932 1463 4984 καὶ
1496 4931 1962 5000 ἐγκαλλωπίζεται
1992 4935 2069 5007 τῷ

393 5021 683 5092 πράγματι
713 5020 830 5091 μεθ’
859 5018 1294 5090 ὑπερϐολῆςοκαί
1324 5019 1470 5089 μάλα
1490 5021 1732 5084 εἰκότως.
1767 5021 1937 5075 Τοῦτο
1961 5025 2067 5095 γάρ

393 5109 592 5164 ἐστινό
628 5109 860 5178 μάλιστα
885 5108 985 5178 τὴν
1024 5106 1250 5177 δύναμιν
1303 5107 1635 5161 ἐνδείκνυται
1672 5109 1766 5162 τοῦ
1805 5109 2068 5180 Χριστοῦ,

391 5201 476 5252 οτι
506 5197 596 5250 διὰ
612 5195 866 5249 τοιούτων
897 5193 1206 5266 ἐκράτησαν
1227 5195 1275 5245 οἱ
1295 5195 1600 5257 ἀπόστολοι,
1629 5195 1714 5247 διὰ
1743 5196 1956 5265 δεσμῶν
1979 5201 2069 5251 καὶ

395 5285 634 5353 θλίψεων
657 5284 751 5337 καὶ
773 5284 1050 5353 μαστίγων
1081 5282 1172 5335 καὶ
1197 5281 1306 5334 τῶν
1333 5282 1574 5351 ἐσχάτων
1605 5282 1808 5339 κακῶν.
1826 5285 1928 5336 Δύο
1963 5288 2069 5360 γὰρ

394 5374 572 5428 ταῦτα
606 5374 635 5426 ὁ
666 5371 900 5442 Χριστὸς
922 5369 1500 5441 ἐπηγγείλατο,θλῖψιν
1538 5371 1630 5422 καὶ
1647 5370 1849 5432 ἄνεσιν,
1877 5373 2074 5437 πόνους

396 5463 492 5516 καὶ
514 5460 834 5530 στεφάνους,
859 5457 1086 5530 ἱδρῶτας
1109 5457 1202 5510 καὶ
1219 5457 1473 5525 ἀμοιϐὰς.
1489 5459 1697 5528 χρηστά
1720 5460 1812 5511 καὶ
1825 5461 2064 5532 λυπηρά·

393 5548 618 5603 ἀλλάτά
637 5549 736 5618 μὲν
747 5547 968 5618 λυπηρά
997 5546 1139 5600 κατά
1168 5545 1257 5640 τὸν
1280 5543 1522 5640 παρόντα
1552 5545 1676 5640 ¹βίον
1698 5547 1917 5612 δέδωκε,
1933 5548 2002 5600 τά
2017 5549 2073 5601 δὲ
2109 5569 2166 5640 ὦ

398 5637 616 5708 χρηστά
631 5637 711 5700 εἰς
728 5635 820 5687 τὸν
841 5634 1102 5704 μέλλοντα
1113 5632 1286 5686 αἰῶνα
1300 5642 1320 5670 ε
1340 5632 1721 5702 ἐταμιεύσατο,
1736 5634 1872 5705 ὁμοῦ
1889 5652 1948 5688 τε
1974 5635 2074 5688 δει-

398 5727 553 5787 κνὺς,
571 5725 653 5777 ὅτι
670 5723 770 5776 οὐκ
792 5722 979 5791 ἀπατᾷ
993 5723 1120 5784 τοὺς
1141 5718 1484 5790 ἀνθρώπους,
1503 5721 1595 5773 καὶ
1616 5721 1747 5774 αὐτὸ
1765 5723 1871 5778 τῶν
1885 5722 2073 5779 δεινῶν

464 5814 494 5844 ⁸
520 5811 600 5860 Sic
622 5813 770 5859 εει-εὶ.
810 5811 991 5857 rectius
1010 5823 1152 5870 quam
1181 5807 1313 5870 vulg.
1334 5807 1528 5871 χρύσεα.
1561 5809 1694 5858 Enn.

463 5872 491 5911 δ
524 5876 668 5922 SaVil.
695 5874 774 5920 τὸν
807 5875 1015 5929 (ἰνῆστον.

464 5937 490 5968 ε
515 5933 569 5984 ιιι
595 5936 704 5984 aliis
727 5936 874 5982 αἰῶνα
893 5934 1052 5982 deest.

1329 338 1422 393 AD
1463 339 1794 397 POPULUM
1835 337 2341 395 ANTIOCHENUM
2380 336 2615 396 HOMIL.
2657 337 2799 393 XVI.

3727 335 3829 392 168

2159 451 2224 504 τὸ
2254 453 2510 524 φορτικὸν
2539 451 2940 523 ὑποτέμνεσθαι
2973 455 3037 523 τῇ
3070 451 3222 518 τάξει
3255 451 3596 523 βουλόμενος.
3635 449 3692 503 '0
3727 450 3828 520 μὲν

2159 537 2269 608 γὰρ
2326 539 2548 592 ἀπατῶν
2605 539 2672 592 τὰ
2713 539 2922 609 χρηστά
2980 539 3322 609 προτείνεται
3378 541 3678 610 πρότερον,
3732 538 3827 590 καὶ

2161 623 2387 693 ὕστερον
2408 626 2602 694 ἐπάγει
2628 627 2697 679 τὰ
2729 626 2967 696 λυτπιρά.
2985 621 3108 679 Οἶόν
3123 645 3173 679 τι
3197 626 3362 695 λέγω⁶
3385 624 3829 698 Ἀνδραποδισταὶ

2162 712 2422 776 πολλάκις
2465 715 2653 766 παιδία
2695 715 2868 785 μικρά
2926 714 3194 778 συλῶντες
3234 716 3328 768 καὶ
3373 716 3718 778 κλέπτοντες,
3765 712 3827 764 οὗ

2162 799 2376 869 πληγὰς
2404 803 2496 853 καὶ
2535 803 2825 870 μάστιγας,
2861 802 2968 853 οὐδ’
2998 801 3126 854 ἄλλο
3157 820 3208 855 τι
3233 801 3342 854 τῶν
3374 801 3628 855 τοιούτων
3666 802 3815 854 ὑπισσ

2161 887 2434 958 χνοῦνται,
2493 889 2628 941 ἀλλὰ
2664 888 3006 951 πλακοῦντας
3042 889 3135 942 καὶ
3185 891 3517 960 τραγήματα
3543 889 3637 943 καὶ
3665 889 3826 958 ἕτερα

2159 975 2404 1038 τοιαῦτα,
2447 971 2527 1038 οἷς
2555 979 2588 1045 ἡ
2637 976 2861 1046 παιδικὴ
2909 976 3119 1048 χαίρειν
3163 977 3351 1030 εἴωθεν
3378 978 3585 1048 ἡλικία,
3615 977 3831 1048 προτιεί⁶

2162 1079 2361 1124 νουσιν,
2400 1063 2487 1115 ἵνα
2532 1062 2743 1126 τούτοις
2783 1067 2966 1116 ἐκεῖνα
3004 1064 3380 1129 δελεασθέντα,
3424 1066 3518 1118 καὶ
3549 1065 3647 1135 τὴν
3679 1064 3832 1117 ἐλευ-

2162 1149 2347 1220 θερίαν
2383 1149 2560 1202 αὐτῶν
2584 1150 2891 1219 ἀποδόμενα
2928 1152 3010 1211 εἰς
3045 1152 3286 1205 κίνδυνον
3315 1153 3529 1225 ἐμπέσῃ
3552 1151 3643 1204 τὸν
3669 1151 3830 1220 ἔσχα-

2160 1235 2428 1307 τον.[ί167]
2469 1237 2579 1289 Καὶ
2605 1237 2832 1308 ὀρνίθων
2857 1237 2912 1289 δέ
2943 1240 3036 1291 καὶ
3061 1238 3256 1310 ἰχθύων
3284 1240 3333 1291 οἱ
3355 1239 3615 1310 θηρευταὶ
3632 1238 3655 1277 ἀ
3685 1238 3829 1291 οὕτω

2159 1322 2230 1376 τὰ
2268 1323 2610 1394 θηρευόμενα
2633 1323 2964 1389 δελεάζουσι,
2993 1327 3090 1396 τὴν
3122 1327 3325 1396 συνήθη
3357 1327 3563 1397 τροφὴν
3592 1328 3686 1379 καὶ
3705 1327 3827 1378 καθ’

2162 1411 2354 1480 ἡδονὴν
2377 1413 2488 1474 τοῖς
2515 1412 2905 1482 ἀγρευομένοις
2943 1410 3108 1467 οὖσαν
3143 1417 3404 1484 πρότερον
3435 1415 3828 1485 προτείνοντες,

2162 1497 2258 1550 καὶ
2297 1497 2396 1568 τὴν
2425 1498 2627 1566 παγίδα
2658 1499 2829 1570 ταύτῃ
2873 1501 3337 1572 περιστέλλοντες.
3377 1503 3539 1554 Ὥστε
3580 1500 3833 1554 ἀπατών-

2160 1601 2268 1637 των
2301 1584 2535 1653 μάλιστα
2563 1585 2720 1638 τοῦτο
2746 1587 2905 1658 ἔργον
2932 1589 3070 1654 ἐστὶ,
3097 1589 3361 1660 πρότερον
3384 1590 3451 1640 τὰ
3469 1588 3679 1660 χρηστά
3700 1605 3835 1658 προ-

2161 1671 2453 1735 τείνεσθαι,
2493 1667 2611 1725 εἶτα
2648 1673 2873 1746 ὕστερον
2912 1677 3138 1744 ἐπάγειν
3168 1675 3237 1728 τά
3257 1675 3496 1745 λυπηρὰ,
3519 1675 3833 1745 κηδομένων

2162 1759 2217 1812 δέ
2245 1759 2338 1812 καὶ
2367 1761 2767 1830 φροντιζόντων
2805 1764 3114 1816 τούναντίον
3145 1763 3311 1816 ἅπαν.
3345 1764 3407 1814 Οἱ
3436 1761 3566 1830 γοῦν
3600 1763 3835 1832 πατέρες

2163 1847 2493 1912 ἀπεναντίας
2518 1851 2632 1911 τοῖς
2657 1850 3107 1918 ἀνδραποδισταῖς
3136 1843 3400 1903 ποιοῦέἰψ
3426 1851 3554 1902 ὅταν
3577 1850 3657 1909 εἰς
3687 1849 3837 1901 διδα-

2166 1935 2416 1988 σκαλεῖον
2468 1935 2727 2006 πέμπωσι
2779 1938 2848 1989 τά
2878 1937 3084 2000 παιδία,
3131 1937 3512 2005 παιδαγωγοὺς
3551 1937 3833 2005 ἐφιστῶσι,

2165 2023 2381 2094 πληγὰς
2427 2025 2735 2088 ἀπειλοῦσι,
2793 2026 2956 2094 φόϐον
3020 2025 3442 2095 ἐπιτειχίζουσι,
3485 2026 3578 2078 καὶ
3619 2025 3836 2078 ἐπειδὰν

2162 2111 2261 2181 τὴν
2296 2111 2566 2184 προτέραν
2595 2111 2811 2183 ἠλικίαν
2857 2111 3029 2175 οὕτως
3061 2115 3334 2181 ἀγάγωσι,
3366 2113 3486 2164 τότε
3521 2115 3577 2165 ἐν
3605 2111 3716 2178 ’ἐξει
3743 2129 3836 2180 γε-

2163 2199 2411 2270 νομένοις
2435 2201 2622 2264 αὐτοῖς
2663 2200 2828 2270 τιμὰς
2878 2204 2971 2254 καὶ
3000 2203 3317 2265 δυναστείας
3357 2202 3448 2254 καὶ
3477 2200 3685 2272 τρυφὴν
3741 2201 3836 2254 καὶ

2160 2287 2253 2340 τὸν
2282 2286 2458 2340 αὐτῶν
2494 2288 2724 2342 πλοῦτον
2755 2290 2971 2343 ἅπαντα
2992 2291 3404 2361 ἐγχειρίζουσιν.

2234 2373 2296 2430 ε’.
2330 2375 2486 2428 Οὕτω
2516 2377 2610 2430 καὶ
2630 2378 2658 2429 ὁ
2684 2377 2816 2441 Θεὸς
2838 2377 3115 2447 ἐποίησεν,
3133 2379 3193 2430 οὐ
3217 2377 3356 2431 κατά
3373 2377 3494 2440 τοὺς
3516 2376 3837 2448 ἀνδραποδι-

2164 2462 2315 2527 στὰς,
2350 2463 2487 2517 ἀλλά
2506 2465 2646 2518 κατά
2675 2465 2800 2528 τοὺς
2834 2465 3077 2537 πατέρας
3104 2467 3232 2528 τοὺς
3262 2466 3612 2537 κηδομένους·
3642 2464 3842 2534 πρότε-

2167 2569 2255 2622 ρον
2294 2553 2374 2615 εἰς
2402 2552 2472 2605 τὰ
2503 2553 2721 2624 λυπηρά
2766 2551 3010 2616 ἐνέϐαλε,
3062 2552 3314 2623 καθάπερ
3345 2552 3716 2620 παιδαγωγοῖς
3747 2551 3841 2605 καὶ

2161 2639 2504 2704 διδασκάλοις
2531 2643 2597 2711 τῇ
2622 2640 2869 2715 παρούσῃ
2894 2640 3071 2709 θλίψει
3107 2640 3455 2711 παραδιδοὺς,
3489 2641 3574 2693 ἵνα
3599 2639 3688 2691 διὰ
3719 2639 3842 2691 τού-

2162 2744 2268 2780 των
2313 2727 2709 2792 παιδευθέντες,
2765 2728 3246 2798 σωφρονισθέντες,
3303 2727 3578 2797 ὑπομονὴν
3622 2726 3842 2780 ἃπασαν

2163 2812 2581 2883 ἐπιδειξάμενοι,
2615 2813 2935 2883 φιλοσοφίαν
2957 2813 3172 2867 ἅπασαν
3199 2813 3478 2884 μαθόντες,
3500 2809 3619 2865 εἶτα
3644 2814 3700 2866 ἐν
3729 2810 3841 2874 ἕξει

2163 2900 2446 2971 γενόμενοι
2475 2902 2573 2972 τὴν
2603 2901 2882 2972 βασιλείαν
2915 2901 3024 2954 τῶν
3052 2901 3297 2972 οὐρανῶν
3322 2901 3836 2971 κληρονομήσωμεν·

2163 2989 2427 3060 πρότερον
2463 2989 2801 3061 ἐπιτηδείους
2839 2989 3210 3042 κατεσκεύασε
3239 2995 3376 3060 πρὸς
3406 2987 3502 3058 τὴν
3532 2987 3842 3056 οἰκονομίαν

2162 3076 2256 3129 τοῦ
2300 3075 2576 3147 διδομένου
2609 3077 2863 3140 πλούτου,
2915 3078 3008 3129 καὶ
3041 3076 3162 3128 τότε
3190 3075 3352 3129 αὑτὸν
3397 3074 3691 3144 ἐγχειρίζει
3748 3074 3842 3126 τὸν

2165 3161 2414 3216 πλοῦτον.
2445 3164 2507 3215 Εἰ
2542 3163 2650 3234 γὰρ
2680 3163 2755 3235 μὴ
2789 3162 2951 3216 τοῦτο
2985 3161 3322 3232 ἐποίησεν,ή
3357 3161 3449 3214 τοῦ
3483 3161 3711 3213 πλούτου
3751 3159 3841 3213 δό-

2166 3267 2270 3314 σις,
2302 3251 2362 3304 οὑ
2393 3252 2589 3322 δωρεὰ,
2624 3251 2762 3305 ἀλλά
2797 3252 3014 3314 κόλασις
3044 3246 3111 3321 ἦν
3145 3252 3238 3303 καί
3283 3249 3543 3320 τιμωρία.
3574 3249 3842 3319 Καθάπερ

2165 3337 2274 3408 γὰρ
2296 3341 2425 3402 παῖς
2449 3340 2674 3410 ἀνόητος
2701 3339 2795 3392 καί⁷
2819 3340 3026 3402 ἄσωτος
3046 3339 3136 3391 τὸν
3156 3338 3407 3410 πατρῷον
3440 3337 3639 3408 κλῆρον
3667 3335 3844 3390 διαδε-

2167 3424 2396 3496 ξάμενος
2443 3427 2533 3479 ὑπ’
2582 3426 2748 3480 αὐτοῦ
2784 3426 2973 3479 τούτου
3026 3423 3548 3496 κατακρημνίζεται,
3587 3424 3846 3494 φρόνησιν

2165 3514 2266 3566 οὐκ
2299 3512 2439 3585 ἔχων
2469 3514 2746 3585 ἀρκοῦσαν
2765 3515 2902 3585 πρὸς
2928 3513 3025 3584 τὴν
3053 3513 3160 3566 τῶν
3188 3513 3486 3584 χρημάτων
3511 3512 3843 3581 οἰκονομίαν·

2167 3599 2216 3651 εἰ
2254 3598 2310 3652 δὲ
2337 3601 2558 3663 συνετός
2583 3601 2815 3668 γένοιτο,
2861 3601 2956 3653 καὶ
2995 3599 3265 3670 ἐπιεικὴς,
3301 3599 3396 3652 καί⁹
3440 3598 3694 3669 σώφρων,
3749 3597 3846 3650 καὶ

2171 3686 2409 3758 μέτριος,
2465 3689 2544 3750 εἰς
2571 3688 2687 3740 δέον
2723 3687 3020 3758 οἰκονομῶν
3071 3687 3139 3739 τὰ
3185 3686 3434 3757 πατρῷα.
3469 3684 3847 3758 λαμπρότερος

2167 3773 2341 3848 ταύτῃ
2378 3777 2472 3829 καὶ
2500 3776 2958 3846 περιφανέστερος
2999 3776 3230 3844 γίνεται·
3266 3773 3408 3827 οὕτω
3441 3774 3532 3827 καὶ
3554 3775 3636 3842 ἐφ’
3689 3772 3848 3844 ἡμῶν

2169 3863 2381 3934 ἀνάγκη
2420 3864 2760 3934 συμϐαίνειν.
2815 3864 3066 3917 Ἐπειδὰν
3114 3863 3328 3916 σύνεσιν
3361 3861 3733 3932 πνευματικὴν
3762 3860 3846 3912 δε-

2170 3947 2412 4020 ξώμεθα,
2455 3951 2676 4004 ἐπειδὰν
2716 3952 2795 4014 είς
2829 3951 2999 4021 ἄνδρα
3037 3951 3260 4013 τέλειον,
3294 3952 3372 4012 εἰς
3403 3949 3599 4020 μέτρον
3625 3947 3843 4018 ἡλικίας

2171 4038 2604 4108 καταντήσωμεν
2635 4039 2684 4090 οἰ
2731 4038 2951 4101 πάντες,
2983 4039 3103 4090 τότε
3142 4038 3271 4106 ἡμῖν
3320 4034 3615 4107 ἐγχειρίζει
3648 4035 3844 4095 πάντα,

2170 4124 2312 4194 ἅπερ
2339 4124 2624 4195 ὑπέσχετο·
2647 4125 2764 4178 νυνὶ
2802 4125 2857 4177 δὲ
2896 4124 3147 4193 καθάπερ
3182 4123 3368 4176 παιδία
3394 4122 3571 4193 μικρά
3598 4122 3846 4174 παιδεύει

2174 4210 2311 4280 μετὰ
2339 4211 2738 4281 παρακλήσεως
2769 4211 2862 4263 καὶ
2907 4209 3282 4280 παραμυθίας.
3321 4209 3430 4262 Καὶ
3455 4210 3516 4261 οὐ
3555 4207 3713 4260 τοῦτο
3747 4207 3846 4276 μό-

2171 4314 2259 4349 νον
2289 4296 2406 4348 ἐστί
2439 4296 2500 4349 τὸ
2541 4296 2729 4367 κέρδος
2758 4297 2866 4348 ἀπὸ
2886 4295 2980 4348 τοῦ
3004 4296 3101 4358 τὰς
3132 4295 3340 4364 θλίψεις
3369 4294 3682 4364 προλαϐεῖν,
3711 4294 3847 4346 ἀλλὰ

2171 4383 2262 4435 καὶ
2291 4383 2477 4454 ἕτερον
2530 4383 2630 4435 οὐκ
2678 4382 2897 4436 ἔλαττον
2933 4383 3142 4435 τούτου.
3185 4382 3246 4434 '0
3293 4382 3396 4451 μὲν
3437 4381 3545 4449 γὰρ
3583 4380 3848 4452 πρότερον

2171 4471 2416 4541 τρυφῶν,
2447 4466 2568 4524 εἷτα
2597 4470 2734 4541 μετά
2754 4471 2852 4538 τὴν
2879 4471 3090 4540 τρυφὴν
3113 4468 3336 4522 κόλασιν
3364 4467 3698 4538 προσδοκῶν,
3728 4467 3848 4518 οὐδὲ

2171 4560 2270 4629 τῆς
2305 4559 2586 4630 παρούσης
2634 4559 2847 4631 τρυφῆς
2889 4557 3226 4621 αἰσθάνεται,
3264 4557 3352 4610 διὰ
3386 4557 3484 4627 τὴν
3519 4554 3848 4628 προσδοκίαν

2173 4648 2281 4700 τῶν
2305 4647 2657 4716 ἐπαγομένων
2685 4645 2892 4698 δεινῶψ
2927 4647 2955 4697 ὁ
2984 4644 3041 4696 δὲ
3073 4645 3334 4714 πρότερον
3371 4643 3446 4697 ὢν
3475 4646 3532 4697 ἐν
3563 4643 3845 4714 λυπηροῖς,

2175 4732 2291 4787 εἶτα
2315 4733 2452 4804 μετὰ
2479 4733 2650 4784 ταῦτα
2685 4731 2891 4803 μέλλων
2915 4731 3317 4785 ἀπολαύσεσθαι
3339 4730 3608 4802 χρηστῶν,
3633 4730 3727 4784 καὶ
3740 4731 3808 4782 τᾷ
3820 4749 3846 4780 ν

2176 4822 2458 4892 παρόντων
2490 4820 2732 4890 ὑπερορᾷ
2765 4817 3065 4888 δυσχερῶν,
3108 4817 3197 4870 διὰ
3223 4817 3321 4888 τὴν
3349 4818 3537 4873 ἐλπίδα
3565 4818 3672 4872 τῶν
3721 4818 3848 4889 μελ-

2177 4909 2375 4962 λόντων
2406 4905 2680 4978 χρηστῶν.
2716 4907 2792 4958 Οὐ
2819 4906 3000 4958 τοίνυν
3033 4906 3328 4976 ἀσφαλείας
3353 4906 3538 4959 ἕνεκεν
3568 4907 3725 4977 μόνον
3751 4907 3850 4975 τῆς

2177 4996 2467 5067 ἡμετέρας,
2501 4994 2634 5048 ἀλλὰ
2683 4994 2776 5047 καὶ
2825 4994 3020 5065 ἡδονῆς
3069 4995 3164 5049 καὶ
3220 4995 3572 5066 παραμυθίας
3605 4994 3848 5065 πρότερα

2176 5082 2365 5149 ἔταξεν
2407 5079 2548 5135 εἶναι
2593 5081 2661 5134 τά
2688 5081 2858 5145 δεινὰ,
2903 5082 2991 5134 ἵνα
3025 5085 3142 5146 ταῖς
3183 5082 3365 5136 ἐλπίσι
3407 5082 3516 5135 τῶν
3547 5081 3850 5152 μελλόντων

2175 5167 2395 5237 κουφιζό
2403 5186 2571 5238 μενοι,
2593 5167 2862 5238 μηδεμίαν
2879 5168 2987 5220 τῶν
3004 5170 3287 5240 παρόντων
3309 5169 3560 5240 λάϐωμεν
3576 5167 3846 5239 αἴσθησιν.

2178 5258 2284 5309 Καὶ
2307 5256 2463 5308 τοῦτο
2489 5255 2621 5308 αὐτὸ
2648 5256 2676 5307 6
2708 5255 2916 5318 Παῦλος
2947 5255 3157 5318 δεικνὺς
3193 5258 3283 5309 καὶ
3315 5257 3614 5326 ἐμφαίνων,
3643 5255 3849 5323 ἔλεγεν,

2178 5346 2257 5397 ὅτι
2303 5345 2372 5398 Τὸ
2411 5343 2746 5410 παραυτίκα
2775 5343 3043 5411 ἐλαφρὸν
3089 5343 3198 5408 τῆς
3230 5345 3492 5411 θλίψεως
3524 5341 3692 5410 ήμῶν
3720 5342 3850 5396 καθ’

2181 5429 2523 5498 ὑπερϐολὴν
2546 5431 2633 5493 είς
2655 5427 3000 5496 ὑπερϐολὴν
3031 5429 3269 5482 αἰώνιον
3286 5428 3479 5498 ,ϐάρος
3506 5428 3690 5496 δόξης
3721 5446 3851 5483 κατ-

2177 5515 2476 5587 εργάζεται
2495 5515 2659 5584 ἡμῖν,
2673 5515 2760 5583 μὴ
2788 5516 3183 5568 σκοπούντων
3213 5515 3847 5584 ἡμῶντίιβλεπόμενα,

2179 5604 2341 5656 ἀλλὰ
2379 5601 2450 5655 τὰ
2476 5601 2562 5670 μὴ
2589 5601 2961 5671 βλεπόμενα.
3008 5602 3284 5673 Ἑλαφράν
3325 5603 3424 5674 τὴν
3454 5602 3629 5673 θλῖψιν
3661 5603 3849 5657 ἐκάλε-

2183 5709 2293 5754 σεν,
2323 5691 2384 5743 ού
2419 5689 2571 5761 παρά
2595 5689 2693 5761 τὴν
2726 5691 2930 5743 οἰκείαν
2962 5691 3121 5759 φύσιν
3158 5691 3264 5745 τῶν
3289 5691 3500 5757 δεινῶν,
3535 5691 3669 5745 ἀλλά
3697 5691 3848 5763 παρὰ

2183 5780 2281 5850 τὴν
2308 5778 2635 5848 προσδοκίαν
2665 5777 2772 5830 τῶν
2803 5777 3099 5848 μελλόντων
3128 5779 3363 5849 ἀγαθῶν.
3392 5780 3656 5853 Καθάπερ
3687 5780 3792 5852 γὰρ
3821 5781 3850 5834 ὁ

2242 5931 2269 5971 ἀ
2296 5931 2510 5992 Quatuor
2530 5943 2644 5980 mss.
2673 5933 2714 5978 οἱ
2739 5932 2950 5994 θηραταί.
