4112 6388
301 314 401 369 £69

297 429 534 499 ἔμπορος
559 429 660 482 οὐκ
692 426 1009 482 αἰσθάνεται
1045 429 1144 499 τῆς
1168 427 1310 483 κατά
1335 428 1432 498 τὴν
1469 426 1747 481 ναυτιλίαν
1779 426 1967 479 ταλαι-

299 516 530 585 πωρίας,
567 519 634 588 τῇ
681 516 790 570 τῶν
847 515 1084 586 φορτίων
1130 501 1308 570 ἐλπίδι
1363 516 1774 586 κουφιζόμενος,
1824 515 1971 568 καὶὸ

298 604 582 657 πυκτεύων
610 604 872 672 γενναίως
919 604 1075 676 φέρει
1127 604 1196 658 τά
1242 605 1536 675 τραύματα
1573 605 1674 672 τῆς
1707 603 1967 673 κεφαλῆς,

300 691 437 762 1:96;
465 693 555 744 τὸν
585 692 853 762 στέφανον
885 691 1234 745 ἀποϐλέπων·
1265 691 1412 764 [168]
1430 691 1572 745 οὕτω
1597 692 1661 762 δὴ
1687 691 1783 744 καὶ⁹
1813 693 1974 762 ἡμεῖς

301 781 438 850 πρὸς
459 780 549 833 τὸν
583 781 810 852 οὐρανὸν
840 781 934 833 καὶ
982 778 1053 833 τὰ
1096 781 1154 832 ἐν
1203 784 1317 844 τοῖς
1360 780 1609 850 οὐρανοῖς
1642 778 1974 842 ἀτενίζοντες

297 869 500 935 ἀγαθά,
529 869 629 920 ὅσα
665 868 730 922 ἂν
763 868 1092 938 ἐπιφέρηται
1117 868 1287 931 δεινά,
1334 869 1512 921 πάντα
1540 867 1804 936 γενναίως
1835 867 1978 920 οἴσο-

301 973 403 1024 μεν
428 959 492 1026 τῇ
525 959 733 1026 χρηστῇ
758 955 866 1009 τῶν
903 955 1203 1026 μελλόντων
1243 956 1418 1008 ἐλπίδι
1437 955 1804 1027 νευρούμενοι.
1833 953 1977 1007 Ταύ-

300 1062 399 1114 την
432 1045 610 1097 τοίνυν
649 1045 904 1107 λαϐόντες
928 1046 1028 1115 τὴν
1068 1045 1224 1115 ῥῆσιν
1269 1044 1612 1114 ἀπέλθωμεν·
1651 1045 1701 1095 εί
1724 1043 1832 1111 γὰρ
1881 1043 1977 1096 καὶ

298 1131 426 1201 ψιλὴ
458 1134 549 1185 καὶ
580 1133 827 1204 βραχεῖα,
869 1133 1004 1185 ἀλλά
1025 1132 1224 1202 πολλὴν
1250 1132 1362 1202 ἕχει
1387 1131 1702 1200 φιλοσοφίας
1725 1130 1976 1183 διδασκα-

300 1219 440 1273 λίαν.
485 1220 542 1274 '0
572 1223 628 1273 6v
659 1222 821 1293 ὀδύνῃ
850 1222 943 1274 καὶ
975 1221 1172 1290 θλίψει,
1221 1220 1497 1292 ἀρκοῦσαν
1540 1220 1652 1290 ἔχει
1690 1218 1976 1290 παράκλη-

301 1325 409 1361 σιν·
445 1311 473 1362 6
510 1312 568 1362 ἐν
596 1313 775 1380 τρυφῇ
832 1310 927 1363 καὶ
980 1308 1320 1380 πολυτελείᾳ,
1356 1309 1532 1380 μέγαν
1576 1307 1976 1377 σωφρονισμόν.

307 1397 473 1450 Ὅταν
498 1399 606 1470 γὰρ
636 1399 729 1452 ἐπί
757 1399 854 1469 τῆς
882 1398 1163 1470 τραπέζης
1196 1397 1587 1467 κατακείμενος
1625 1393 1980 1466 ἀναμνησθῇς

303 1485 402 1554 τῆς
441 1487 653 1556 ρήσεως
688 1485 915 1557 ταύτης,
935 1486 1310 1556 ἀποπηδήσεις
1335 1485 1545 1556 ταχέως
1569 1483 1666 1553 τῆς
1699 1481 1870 1554 μέθης
1887 1482 1980 1534 καὶ

303 1573 403 1641 τῆς
437 1574 766 1644 ἀδηφαγίας,
799 1573 986 1645 μαθὼν
1021 1574 1111 1626 διὰ
1135 1574 1234 1644 τῆς
1268 1571 1464 1637 λέξεως
1489 1571 1713 1640 ταύτης,
1755 1571 1836 1622 ὅτι
1896 1570 1983 1622 ἐν-

306 1661 576 1729 αγωνίους
604 1663 754 1733 ἡμᾶς
783 1658 1065 1731 εἷναιχρή·
1095 1661 1189 1714 καὶ
1216 1661 1352 1732 πρὸς
1364 1659 1552 1712 ἑαυτὸν
1577 1660 1743 1731 ἐρεῖς·
1771 1655 1982 1720 Παῦλος

307 1750 365 1801 ἐν
395 1748 616 1820 δεσμοῖς
645 1751 740 1802 καὶ
774 1747 1190 1820 δεσμωτηρίοις,
1218 1747 1329 1816 ἐγὼ
1359 1747 1416 1800 δέ
1441 1749 1499 1799 ἐν
1531 1746 1672 1817 μέθῃ
1704 1746 1795 1799 καὶ
1821 1744 1984 1797 πολυ-

306 1836 454 1888 τελεῖ
489 1830 887 1909 τραπέζῃο⁹καὶ
919 1836 1079 1900 ποίας
1129 1835 1388 1905 τεύξομαι
1420 1833 1783 1904 συγγνώμης;
1815 1831 1984 1884 Τοῦτο

311 1925 404 1977 καὶ
425 1925 670 1992 γυναιξὶν
691 1925 994 1996 ἐπιτήδειον
1026 1925 1088 1977 16
1111 1924 1282 1995 ῥῆμα·
1315 1926 1372 1977 αἱ
1402 1923 1510 1994 γὰρ
1541 1923 1860 1992 φιλόκοσμοι
1891 1923 1985 1974 καὶ⁵

310 2012 642 2077 πολυτελεῖς,
683 2013 777 2067 καὶ
805 2013 990 2084 χρυσῷ
1022 2026 1049 2053 ιι
1082 2011 1349 2066 πάντοθεν
1371 2011 1569 2075 ἐαυτάς
1609 2009 1987 2078 καταδεομοῦ-

315 2116 423 2163 σαι,
453 2100 550 2171 τῆς
573 2099 813 2164 ἁλύσεως
842 2101 1045 2170 ταύτης
1058 2099 1512 2170 ἀναμνησθεῖσαι,
1552 2101 1898 2170 μισήσουσιν,
1925 2094 1984 2152 εὖ

311 2185 408 2241 οἷδ’
436 2191 539 2253 ὅτι,
572 2191 664 2243 καῖ¹
700 2190 1038 2260 βδελύξονται
1084 2189 1174 2242 τὸν
1223 2190 1427 2258 κόσμον
1457 2191 1682 2251 ἐκεῖνον,
1721 2189 1813 2241 καὶ
1851 2190 1988 2259 πρὸς

313 2277 487 2333 ταῦτα
523 2279 856 2350 δραμοῦνται
889 2278 956 2331 τὰ
985 2277 1180 2346 δεσμά.
1219 2279 1434 2330 Ἐκεῖνα
1496 2277 1592 2346 μὲν
1619 2277 1727 2346 γὰρ
1779 2276 1988 2330 πολλῶν

316 2366 500 2419 κακῶν
527 2367 676 2419 αίτια
707 2367 897 2435 γέγονε
932 2365 1212 2430 πολλάκις,
1249 2365 1343 2417 καὶ
1371 2363 1598 2435 μυρίους
1624 2364 1894 2434 πολέμους
1910 2364 1990 2426 είς

315 2453 414 2524 τὴν
443 2451 619 2506 οἰκίαν
655 2455 928 2522 συνήγαγε
955 2452 1004 2515 ιι,
1036 2452 1130 2504 καὶ
1159 2452 1383 2520 φθόνους
1427 2452 1521 2505 καὶ
1553 2451 1850 2522 βασκανίας
1898 2453 1991 2504 καὶ

321 2545 474 2608 μῖσος
499 2539 672 2594 ἔτεκε·
712 2539 886 2593 ταῦτα
937 2540 994 2593 δέ
1033 2539 1133 2607 τῆς
1185 2539 1511 2611 οἰκουμένης
1561 2538 1662 2602 τὰς
1719 2539 1992 2610 ἁμαρτίας

317 2629 493 2691 ἔλυσε,
535 2629 630 2680 καὶ
661 2627 921 2698 δαίμονας
952 2627 1208 2698 ἐφόϐησε,
1236 2629 1330 2681 καὶ
1357 2627 1600 2682 διάϐολον
1633 2626 1988 2696 ἐφυγάδευσε.

317 2718 472 2771 Μετὰ
485 2718 690 2771 τούτων
715 2719 772 2770 ἐν
807 2716 885 2788 τῷ
909 2716 1268 2788 δεσμωτηρίῳ
1294 2715 1586 2786 διατρίϐων
1606 2715 1698 2768 τὸν
1721 2714 1961 2786 δεσμοφύ
1976 2745 1992 2755 -

317 2808 460 2861 λακα
491 2807 696 2868 ἔπεισε,
721 2805 858 2876 μετὰ
872 2805 1076 2859 τούτων
1101 2806 1193 2859 τὸν
1229 2805 1537 2876 Ἀγρίππαν
1569 2805 1915 2858 ἐπεσπάσατο
1936 2812 1959 2840 ο
1976 2840 1990 2867 ,

324 2895 462 2965 μετὰ
489 2894 693 2948 τούτων
720 2894 950 2958 πολλοὺς
983 2893 1228 2964 μαθητὰς
1273 2892 1673 2946 κατεσκεύασεν
1699 2895 1728 2946 6
1759 2890 1994 2954 Παῦλος.

321 2983 422 3036 Διά
448 2983 540 3037 τοῦ
551 2999 605 3034 το
632 2983 724 3036 καὶ
755 2982 962 3051 ἔλεγεν·
981 2984 1084 3036 Ἐν
1107 2974 1156 3046 ᾧ
1177 2979 1498 3035 κακοπαθῶ
1521 2980 1699 3050 μέχρι
1731 2980 1993 3049 δεσμῶν,

321 3073 402 3138 ὡς
427 3070 780 3140 κακοῦργος,
826 3070 965 3124 ἀλλ’
1006 3072 1040 3122 ὁ
1073 3069 1253 3136 λόγος
1285 3067 1392 3121 τοῦ
1432 3067 1580 3121 Θεοῦ
1618 3070 1693 3122 οὺ
1739 3067 1992 3122 δέδεται.

324 3160 591 3230 Καθάπερ
623 3158 733 3229 γὰρ
761 3158 956 3211 ἀκτῖνα
982 3157 1142 3227 δῆσαι
1173 3156 1235 3209 οὐ
1276 3155 1503 3209 δυνατὸν
1528 3155 1653 3208 οὐδὲ
1686 3157 1998 3224 συγκλεῖσαι

323 3251 382 3302 ἐν
410 3248 580 3318 οίκᾶμ,
611 3245 786 3308 οῦτως
821 3245 942 3298 οὐδέ
994 3245 1089 3297 τοῦ
1142 3242 1498 3314 κηρύγματος
1540 3243 1632 3295 τὸν
1680 3243 1858 3311 λόγον.
1889 3245 2000 3298 Καὶ

325 3335 504 3408 πολλῷ
530 3334 691 3388 πλέον
729 3335 756 3386 6
781 3333 1099 3395 διδάσκαλος
1132 3332 1361 3395 ἐδέδετο,
1388 3331 1483 3384 καὶ
1503 3333 1531 3384 6
1567 3330 1724 3400 λόγος
1754 3331 1997 3385 ἐπέτετο·

326 3431 533 3490 ἐκεῖνος
559 3425 620 3478 16
648 3425 1018 3494 δεσμωτήριον
1051 3423 1206 3494 ᾧκει,
1234 3425 1327 3475 καὶ
1362 3425 1395 3494 ή
1424 3421 1756 3478 διδασκαλία
1787 3442 2001 3498 πτερω-

327 3516 483 3570 θεῖσα
504 3513 812 3584 πανταχόσε
834 3514 932 3582 τῆς
961 3512 1283 3584 οἰκουμένης
1309 3513 1513 3582 ἔτρεχε.
1912 3533 1915 3536 ‘

408 3605 482 3670 ς’.
521 3603 683 3656 Ταῦτ’
714 3597 807 3656 οὖν
838 3601 1041 3664 εἰδότες
1079 3601 1153 3672 μὴ
1198 3603 1740 3673 προκαταπίπτωμεν
1771 3605 1865 3657 ἐπὶ
1893 3609 2004 3669 τοῖς

332 3695 546 3756 δεινοῖς,
597 3691 733 3744 ἀλλά
755 3690 973 3761 ,μᾶλλον
1020 3691 1141 3744 τότε
1173 3689 1530 3762 δυνατώτεροι
1560 3691 1862 3764 γινώμεθα,
1885 3695 2004 3746 τότε

335 3782 695 3853 ἰσχυρότεροι*
747 3780 820 3833 'H
849 3779 958 3848 γὰρ
991 3779 1197 3847 θλῖψις
1226 3781 1542 3849 ὑπομονὴν
1573 3781 2004 3852 κατεργάζεται.

333 3872 425 3942 Μὴ
455 3869 711 3941 ἀλγῶμεν
736 3868 830 3920 ἐπὶ
858 3869 978 3930 ταῖς
1024 3868 1392 3938 ἐπαγομέναις
1426 3873 1754 3941 συμφοραῖς,
1805 3871 1919 3924 ἀλλ’
1951 3874 2007 3926 ἐν

333 3958 538 4013 ἅπασιν
568 3957 983 4029 εὐχαριστῶμεν
1009 3957 1086 4027 τῷ
1119 3957 1259 4028 Θεῷ.
1306 3959 1577 4030 Δευτέραν
1609 3960 1876 4031 ἑϐδομάδα
1908 3963 2008 4032 τῆς

335 4048 593 4117 νηστείας
624 4046 996 4117 παρήλθομεν,
1019 4046 1155 4100 ἀλλά
1189 4048 1262 4118 μὴ
1288 4047 1447 4101 τοῦτο
1476 4047 1786 4118 σκοπῶμεν·
1814 4051 1873 4102 οὐ
1902 4051 2011 4122 γὰρ

333 4135 495 4189 τοῦτό
528 4138 644 4188 ἐστι
690 4134 981 4206 παρελθεῖν
1016 4133 1289 4202 νηστείαν,
1324 4136 1419 4190 ἐάν
1461 4136 1554 4189 16v
1587 4137 1778 4206 χρόνον
1813 4138 2012 4209 παρέλ-

337 4228 542 4295 θωμεν.
571 4224 742 4276 Τοῦτο
767 4221 1134 4291 λογισώμεθα,
1169 4223 1219 4274 εί
1251 4222 1661 4293 σπουδαιότεροι
1686 4225 2009 4294 γεγόναμεν,

337 4315 386 4366 εἰ
411 4309 804 4383 διωρθώσαμέν
836 4327 889 4362 τι
918 4308 1026 4362 τῶν
1060 4309 1345 4379 ήμετέρων
1378 4309 1800 4382 ἐλαττωμάτων,
1852 4315 1900 4365 εί
1947 4315 2014 4367 τὰ

341 4402 718 4473 ἁμαρτήματα
747 4397 1154 4469 ἀπενιψάμεθα.
1188 4398 1350 4461 Ἐθος
1403 4399 1604 4452 ἅπασιν
1631 4401 1841 4471 ἐρωτᾷν
1873 4403 2014 4456 κατά

337 4491 437 4561 τὴν
456 4489 935 4560 Τεσσαρακοστὴν,
957 4487 1127 4549 πόσας
1146 4486 1375 4550 ἕκαστος
1391 4485 1687 4556 ἑϐδομάδας
1699 4488 2011 4558 ἐνήστευσε·

341 4578 439 4632 καὶ
471 4577 617 4630 ἐστιν
647 4576 878 4630 ἀκοῦσαι
909 4573 1176 4644 λεγόντων
1204 4572 1312 4627 τῶν
1355 4573 1473 4644 μὲν,
1513 4574 1592 4626 ὅτι
1639 4574 1753 4636 δύο,
1795 4575 1904 4629 τῶν
1934 4576 2014 4644 δέ,

339 4665 424 4718 ὅτι
451 4666 622 4735 τρεῖς,
656 4663 766 4716 τῶν
799 4662 876 4729 δέ,
897 4662 980 4714 ὅτι
1012 4661 1191 4722 πάσας
1211 4662 1540 4732 ἐνήστευσαν
1570 4661 1668 4724 τὰς
1692 4663 2014 4734 ἑϐδομάδας.

342 4752 455 4807 Καὶ
476 4752 529 4804 τί
558 4752 620 4804 16
652 4751 864 4822 κέρδος,
895 4750 988 4803 ἐὰν
1021 4749 1217 4822 ἔρημοι
1246 4750 1686 4820 κατορθωμάτων
1732 4751 2016 4825 παρέλθω-

345 4858 446 4912 μεν
477 4838 575 4910 τὴν
623 4839 913 4910 νηστείαν;
951 4839 1074 4891 Ἐὰν
1127 4838 1314 4909 ἐτερος
1344 4837 1498 4910 λέγῃ,
1533 4837 1618 4892 ὅτι
1663 4839 1853 4894 Πᾶσαν
1898 4842 2019 4912 ἐνή-

345 4946 544 4982 στευσα
577 4928 674 4997 τὴν
700 4928 1170 4998 τεσσαρακοστὴν,
1202 4928 1265 4980 σὺ
1295 4928 1435 4990 είπέ,
1468 4929 1550 4980 ὅτι
1597 4928 1822 4998 Ἐχθρὸν
1852 4925 2016 5001 εἶχον,

343 5017 439 5069 καὶ
461 5013 830 5085 κατηλλάγην·
860 5012 980 5076 ἔθος
1002 5008 1145 5082 εἶχον
1162 5015 1512 5084 κακηγορεῖν,
1545 5017 1640 5068 καὶ
1669 5017 2016 5088 ἐπαυσάμην·

345 5103 466 5166 ἔθος
499 5097 645 5172 εἶχον
663 5100 918 5171 ὀμνύναι,
953 5101 1048 5154 καὶ
1095 5100 1259 5152 ἔλυσα
1290 5100 1350 5153 16
1403 5103 1638 5174 πονηρὸν
1679 5103 1822 5183 ἔθοςὅ
1855 5105 2021 5159 Οὐδὲν

344 5189 538 5259 ὖφελος
585 5192 698 5252 τοῖς
747 5189 1034 5259 ἐμπόροις,
1067 5188 1133 5242 ἂν
1165 5188 1298 5244 πολύ
1351 5187 1500 5262 [169]
1539 5191 1712 5260 μῆκος
1754 5192 2023 5262 πελάγους

350 5280 808 5352 παραδράμωσιν,
833 5277 946 5330 ἀλλ’
976 5279 1070 5332 ἐὰν
1105 5278 1241 5348 μετά
1273 5277 1510 5349 φορτίων
1533 5278 1735 5331 πλέωσι
1768 5281 1864 5333 καὶ
1892 5283 2025 5335 πολι

345 5367 446 5438 λῆς
471 5368 570 5437 τῆς
599 5367 889 5438 ἐμπορίας·
924 5366 1077 5419 οὐδὲν
1105 5366 1295 5434 ὄφελος
1330 5367 1429 5438 τῆς
1463 5367 1711 5436 νηστείας
1746 5369 1899 5440 ἡμῖν,
1957 5370 2024 5426 ἂν

352 5456 710 5527 παρέλθωμεν
741 5456 911 5525 αὐτὴν
938 5453 1127 5518 ἁπλῶς
1153 5456 1247 5507 καὶ
1281 5455 1406 5525 είκῆ
1441 5457 1534 5508 καὶ
1566 5457 1762 5527 μάτην.
1807 5458 1903 5511 Ἂν
1929 5460 2025 5531 τὴν

351 5543 461 5598 τῶν
485 5545 786 5616 βρωμάτων
808 5544 1158 5616 νηστεύωμεν
1195 5543 1472 5615 νηστείαν,
1496 5544 1884 5616 παρελθουσῶν
1917 5548 2025 5599 τῶν

349 5634 765 5703 τεσσαράκοντα
795 5632 1018 5705 ήμερῶν
1066 5632 1404 5704 παρέρχεται
1435 5633 1531 5686 καὶ
1577 5635 1610 5704 ή
1643 5635 1888 5706 νηστεία·
1933 5639 2025 5691 ἐὰν

418 5777 446 5838 ξι
477 5776 571 5838 Alii
592 5775 672 5822 καὶ
693 5777 890 5838 χρυσίῳ.

416 5837 447 5875 δ
472 5835 570 5886 Alii
583 5835 830 5899 εἰσήγαγε.

421 5904 443 5930 ε
469 5898 673 5960 Quidam
696 5913 808 5949 mss.
833 5901 912 5947 τὸν
933 5901 1124 5958 Φῆστον
1148 5900 1471 5963 ἐπεσπάσατο,
1513 5899 1664 5950 male.

1041 311 1106 367 S.
1157 311 1442 370 JOANNIS
1478 308 1970 366 CHRYSOSTOMI
2009 307 2333 365 ARCHIEP.
2376 308 2924 366 CONSTANTINOP.

3645 307 3745 366 {70

2076 427 2132 480 66
2168 427 2584 499 ἁμαρτημάτων
2607 423 2964 495 ἀπεχώμεθα,
3003 424 3098 476 καὶ
3125 424 3223 494 τῆς
3270 428 3522 496 νηστείας
3545 425 3748 496 παρελ-

2081 515 2282 586 θούσης
2314 513 2538 584 ταύτης,
2566 513 2751 584 ἐκείνη
2783 513 2944 565 πάλιν
2977 512 3148 584 μένει,
3193 512 3288 565 καὶ
3315 511 3566 584 διηνεκὴς
3597 513 3750 568 ἔσται

2081 604 2331 658 ἐντεῦθεν
2359 605 2490 674 ἡμῖν
2514 605 2547 674 ή
2569 601 2826 671 ὠφέλεια,
2861 602 2955 654 καὶ
2983 601 3088 671 πρὸ
3107 600 3203 670 τῆς
3237 599 3519 669 βασιλείας
3532 600 3638 656 τῶν
3662 603 3752 655 οὐ-

2087 689 2265 762 ρανῶν
2290 691 2352 744 οὐ
2390 689 2594 760 μικρὰς
2618 689 2748 759 ἡμῖν
2798 687 3033 740 ἐνταῦθα
3066 685 3333 740 ἀποδώσει
3362 686 3460 751 16;
3497 687 3748 756 ἀμοιϐάς·

2082 778 2271 850 ῶσπερ
2304 777 2413 848 γὰρ
2441 780 2470 830 ὁ
2497 777 2603 842 ζῶν
2626 779 2683 829 ἐν
2707 775 2964 847 πονηρία,
3000 775 3094 828 καὶ
3137 775 3242 846 πρὸ
3271 777 3368 846 τῆς
3405 775 3628 847 γεέννης
3662 793 3756 828 κο-

2082 866 2305 932 λάζεται
2329 867 2408 938 τῷ
2442 866 2700 919 συνειδότι
2727 864 3105 935 κεντούμενος·
3135 864 3309 928 οὕτως
3340 867 3368 917 6
3398 864 3642 919 πλουτῶν
3697 868 3756 920 ἐν

2087 953 2500 1026 κατορθώμασι,
2556 955 2650 1008 καὶ
2678 954 2785 1024 πρὸ
2827 954 2925 1024 τῆς
2976 951 3250 1022 βασιλείας
3279 955 3455 1023 χαρᾶς
3492 955 3757 1024 μεγίστης

2083 1043 2476 1107 ἀπολαύσεται,
2506 1045 2770 1114 χρησταῖς
2800 1043 3191 1114 ἐντρεφόμενος
3226 1043 3425 1095 ἐλπίσι.
3460 1043 3558 1096 Διά
3599 1044 3760 1096 τοῦτο

2087 1132 2116 1183 6
2142 1131 2374 1202 Χριστός
2400 1149 2550 1201 φησι·
2589 1131 2780 1184 Πάλιν
2811 1131 3028 1200 ὄψομαι
3057 1130 3228 1199 ὑμᾶς,
3266 1131 3363 1184 καὶ
3392 1130 3756 1200 χαρήσεσθε,

2090 1219 2188 1272 καὶ
2221 1219 2336 1286 τὴν
2356 1220 2551 1288 χαρὰν
2583 1219 2752 1288 ὑμῶν
2791 1218 2990 1285 οὐδεὶς
3019 1219 3326 1288 λαμϐάνει.
3360 1220 3543 1290 Βραχὺ
3571 1220 3630 1272 16
3661 1221 3760 1291 ρῆ-

2097 1324 2193 1377 μα,
2218 1306 2354 1360 ἀλλά
2383 1307 2584 1378 πολλὴν
2621 1307 2734 1378 ἔχει
2793 1307 3167 1378 παραμυθίαν.
3217 1307 3281 1360 Τί
3323 1310 3442 1361 ποτ’
3483 1304 3574 1361 οὖν
3619 1309 3758 1375 ἐστι,

2096 1393 2215 1461 Τὴν
2247 1397 2445 1463 χαρὰν
2469 1392 2638 1464 ὑμῶν
2656 1395 2852 1462 οὐδεὶς
2871 1396 3193 1464 λαμϐάνει;
3219 1395 3491 1466 Χρήματα
3519 1395 3585 1449 ἂν
3606 1395 3757 1466 ἔχῃς,

2092 1481 2278 1534 πολλοὶ
2311 1481 2564 1536 δύνανταί
2598 1499 2691 1536 σου
2737 1483 2836 1552 τὴν
2869 1481 3042 1553 χαρὰν
3082 1483 3182 1553 τὴν
3236 1483 3344 1537 61:6
3398 1481 3493 1535 τοῦ
3527 1481 3760 1536 πλούτου

2090 1571 2296 1637 λαϐεῖν,
2319 1572 2412 1624 καὶ
2437 1572 2679 1642 κλέπτης
2702 1571 2993 1642 διορύττων
3014 1576 3212 1642 τοῖχον,
3245 1573 3338 1626 καὶ
3369 1571 3585 1642 οἰκέτης
3606 1572 3764 1641 ἀφαι-

2095 1660 2356 1732 ρούμενος
2384 1659 2452 1712 τὰ
2473 1660 2925 1731 ἐμπιστευθέντα,
2956 1662 3050 1716 καὶ
3075 1661 3328 1732 βασιλεὺς
3362 1659 3635 1731 δημεύων,
3666 1661 3763 1714 καὶ

2097 1747 2368 1818 βάσκανος
2414 1746 2700 1819 ἄνθρωπος
2732 1747 3072 1821 ἐπηρεάζων.
3129 1748 3460 1820 Δυναστείαν
3504 1748 3571 1802 ἂν
3613 1748 3761 1818 ἔχῃς,

2093 1836 2280 1890 πολλοὶ
2302 1834 2557 1889 δύνανταί
2589 1853 2681 1889 σου
2706 1835 2892 1889 λαϐεῖν
2916 1837 3014 1906 τὴν
3039 1838 3148 1890 ἀπὸ
3171 1837 3374 1906 ταύτης
3408 1837 3601 1907 χαράν·
3635 1836 3762 1889 ὅταν

2092 1934 2204 2007 γὰρ
2235 1932 2613 2006 παραλυθῇτά
2645 1933 2744 2002 τῆς
2776 1929 2974 2001 ἀρχῆς,
3023 1927 3468 1999 παραλυθήσεται
3491 1927 3516 1963 ά
3547 1925 3642 1979 καὶ
3696 1927 3767 1978 τά

2091 2022 2191 2092 τῆς
2231 2023 2444 2093 ήδονῆς·
2482 2021 2577 2075 καὶ
2607 2023 2664 2073 ἐν
2692 2020 2828 2089 αὐτῇ
2849 2018 2906 2071 δέ
2930 2020 2996 2088 τῇ
3025 2017 3167 2086 ἀρχῇ
3185 2014 3355 2068 πολλὰ
3387 2014 3766 2084 συμπίπτοντα

2095 2111 2416 2182 πράγματα,
2450 2108 2736 2162 δυσκολίαν
2775 2106 2966 2177 ἔχοντα
3006 2104 3102 2158 καὶ
3128 2103 3435 2174 φροντίδας,
3471 2101 3770 2171 ὑποτέμνε-

2093 2199 2187 2253 ταί
2223 2215 2318 2251 σου
2343 2197 2440 2270 τὴν
2483 2197 2768 2266 εὐθυμίαν.
2810 2194 2985 2264 Ἰσχὺν
3026 2193 3281 2263 σώματος
3311 2191 3406 2244 ἐὰν
3432 2190 3582 2261 ἔχῃς,
3611 2190 3769 2252 νόσος

2099 2287 2401 2342 ἐπελθοῦσα
2429 2285 2688 2340 κατέλυσε
2714 2281 2812 2353 τὴν
2837 2281 2944 2334 ἀπὸ
2969 2279 3176 2350 ταύτης
3207 2279 3402 2351 χαράν·
3436 2277 3633 2341 κάλλος
3673 2277 3769 2330 ἐάν

2102 2377 2234 2449 ἔχῃς
2268 2379 2361 2431 καὶ
2402 2376 2573 2448 ὥραν,
2623 2373 2800 2443 γῆρας
2840 2368 3064 2423 ἐπελθὸν
3103 2369 3345 2440 ἐμάρανε
3394 2368 3489 2421 καὶ
3523 2366 3773 2435 ἀφείλετο

2097 2470 2198 2540 τὴν
2230 2468 2425 2539 χαράν·
2456 2463 2734 2536 τραπέζης
2783 2461 2879 2514 ἐάν
2908 2457 3223 2530 ἀπολαύσῃς
3247 2453 3587 2517 πολυτελοῦς,
3614 2451 3776 2505 ἐσπέ-

2108 2574 2206 2629 ρας
2245 2551 2679 2621 καταλαϐούσης.
2704 2547 2974 2618 κατελύθη
3015 2547 3110 2600 καὶ
3137 2547 3170 2615 ή
3197 2546 3296 2614 τῆς
3336 2541 3568 2612 εὐωχίας
3608 2540 3774 2610 χαρά·

2101 2648 2336 2703 ἕκαστον
2379 2643 2488 2715 γὰρ
2517 2642 2629 2696 τῶν
2671 2637 2939 2710 βιωτικῶν
2989 2633 3330 2708 πραγμάτων
3376 2629 3777 2703 εὐεπηρέαστόν

2100 2738 2240 2799 ἐστι,
2261 2734 2356 2788 καὶ
2383 2733 2609 2804 μόνιμον
2631 2731 2762 2800 ήμῖν
2788 2728 2887 2781 οὐκ
2916 2725 3088 2797 ἰσχύει
3119 2723 3420 2794 παρασχεῖν
3435 2720 3533 2790 τὴν
3558 2717 3774 2788 ἡδονήν·

2103 2827 2136 2896 ή
2158 2824 2216 2877 δέ
2247 2821 2497 2876 εὐσέϐεια
2527 2820 2622 2874 καὶ
2643 2821 2676 2890 ή
2697 2816 2840 2870 κατὰ
2861 2815 3039 2887 ψυχὴν
3066 2812 3236 2885 ἀρετὴ
3261 2808 3568 2896 τούναντίον
3608 2807 3775 2896 ἅπαν..

2117 2891 2520 2984 ίΕλεημοσύνην
2565 2906 2661 2960 ἐὰν
2713 2906 2968 2978 ποιήσῃς,
3011 2901 3189 2964 οὐδεὶς
3234 2897 3452 2968 ἀφελεῖν
3476 2894 3697 2984 δύναται
3719 2891 3780 2984 τὸ

2108 2981 2464 3071 κατόρθωμα,
2500 2995 2603 3050 κᾶν
2625 2993 2984 3066 στρατόπεδα,
3024 2990 3128 3044 κᾶν
3170 2987 3430 3059 βασιλεῖς,
3455 2983 3560 3037 κᾶν
3598 2981 3784 3071 μυρίοι

2111 3069 2464 3157 συκοφάνται,
2501 3086 2606 3138 κᾶν
2643 3081 2918 3137 ἐπίϐουλοι
2965 3077 3229 3134 πάντοθεν
3261 3073 3578 3136 ἐπιθῶνται,
3601 3070 3664 3122 16
3700 3069 3782 3132 είς

2106 3179 2196 3230 τὸν
2216 3156 2444 3246 οὐρανὸν
2462 3171 2725 3228 ἀποτεθέν
2751 3169 2935 3239 κτῆμα
2957 3164 3252 3236 ἀφελέσθαι
3276 3163 3337 3215 οὐ
3357 3161 3631 3215 δύνανται·
3646 3156 3785 3246 ἀλλά

2113 3266 2262 3336 μένει
2287 3245 2548 3334 διηνεκὴς
2571 3262 2604 3331 ή
2630 3259 2794 3330 χαρά.
2830 3256 3193 3322 Ἐσκόρπισε
3227 3251 3359 3320 γὰρ,
3389 3248 3580 3336 φησὶν,
3601 3245 3786 3336 ἔδωκε

2105 3331 2234 3420 τοῖς
2261 3331 2540 3419 πέτέησικ,
2567 3351 2605 3416 ὴ
2628 3345 2988 3411 δικαιοσύνη
3017 3339 3204 3395 αὐτοῦ
3221 3339 3389 3408 μένει
3404 3338 3492 3401 εἰς
3523 3333 3629 3386 τὸν
3649 3331 3787 3385 αἰῶ-

2109 3461 2204 3496 να·
2249 3443 2341 3495 καὶ
2373 3439 2516 3510 μάλα
2537 3436 2784 3497 εἰκότως.
2820 3433 2912 3487 Ἐν
2943 3430 3056 3502 γὰρ
3084 3431 3194 3491 τοῖς
3224 3427 3332 3480 τῶν
3357 3422 3603 3496 οὐρανῶν
3648 3419 3786 3473 ἀπό-

2110 3549 2290 3586 κειται
2322 3509 2613 3599 ταμιείοις,
2638 3527 2772 3578 ὅπου
2804 3522 2866 3574 οὐ
2905 3519 3144 3589 κλέπτης
3165 3514 3454 3587 διορύττει,
3488 3513 3550 3565 οὐ
3584 3509 3788 3580 λῃστὴς

2111 3619 2399 3691 λαμϐάνει,
2435 3617 2494 3669 οὐ
2555 3615 2653 3685 σὴς
2687 3611 2985 3666 κατεσθίει.
3022 3606 3201 3678 Εὐχάς
3249 3604 3344 3658 ἐὰν
3377 3601 3508 3673 εὐξῃ
3543 3600 3788 3691 συνεχεῖς

2113 3688 2207 3762 καί
2242 3708 2498 3768 ἐκτενεῖς,
2526 3703 2617 3756 τὸν
2648 3700 2861 3772 καρπὸν
2880 3697 2972 3751 τὸν
2996 3696 3105 3750 ἀπὸ
3131 3697 3338 3748 τούτων
3363 3692 3537 3754 οὐδεὶς
3559 3688 3790 3757 συλῆσαι

2113 3798 2418 3869 δυνήσεται·
2450 3794 2545 3848 καὶ
2574 3791 2682 3864 γὰρ
2711 3785 2864 3852 οὗτος
2894 3789 2924 3839 6
2945 3787 3157 3860 καρπὸς
3194 3788 3253 3840 ἐν
3280 3786 3393 3845 τοῖς
3425 3781 3673 3851 οὐρανοῖς
3702 3779 3793 3848 ἐρ-

2121 3888 2366 3958 ρίζωται,
2416 3885 2597 3954 πάσης
2669 3879 2936 3952 ἐπηρείας
2987 3875 3427 3947 ἀπηλλαγμένος,
3465 3872 3558 3926 καὶ
3615 3872 3792 3941 μένων

2117 3957 2433 4048 ἀχείρωτος.
2477 3973 2600 4026 Ἐὰν
2629 3970 2817 4033 κακῶς
2851 3965 3037 4022 παθὼν
3066 3964 3455 4036 εὐεργετήσῃς,
3489 3961 3585 4015 ἐὰν
3605 3957 3795 4048 κακῶς

2119 4045 2359 4125 ἀκούσας
2386 4060 2778 4131 φιλοσοφήσῃς,
2809 4055 2903 4109 ἐὰν
2924 4051 3253 4124 λοιδορηθεὶς
3280 4049 3599 4119 εὐλογήσῃς,
3621 4045 3797 4099 ταῦτα

2117 4153 2188 4206 τὰ
2227 4149 2628 4221 κατορθώματα
2657 4147 2807 4218 μένει
2863 4141 3153 4210 διηνεκῶς,
3206 4139 3300 4192 καὶ
3344 4137 3444 4208 τὴν
3488 4137 3552 4188 ἐκ
3588 4133 3797 4187 τούτων

2120 4239 2294 4310 χαρὰν
2323 4237 2496 4300 οὐδεὶς
2526 4235 2815 4306 λαμϐάνει·
2849 4231 2964 4286 ἀλλ’
2999 4229 3188 4289 ὁσάκις
3232 4225 3298 4279 ἂν
3342 4221 3522 4278 αὐτῶν
3553 4223 3799 4310 ὑπομνη-

2124 4309 2258 4398 σθῇς
2290 4338 2331 4380 θ.
2375 4325 2587 4396 χαίρεις
2620 4322 2716 4375 καὶ
2746 4319 3038 4391 εὐφραίνῃ,
3097 4315 3193 4369 καὶ
3245 4312 3447 4384 πολλὴν
3486 4309 3798 4381 καρποῦσαι

2121 4416 2220 4484 τὴν
2256 4414 2470 4485 ήδονήν.
2531 4409 2690 4463 Οῦτω
2719 4408 2784 4479 δὴ
2809 4409 2903 4461 καὶ
2935 4407 2998 4459 16
3030 4403 3252 4474 φεύγειν
3279 4403 3441 4473 ὅρκον
3472 4401 3566 4454 ἐάν
3597 4414 3802 4468 X6109-

2126 4503 2411 4573 θώσωμεν,
2461 4500 2555 4555 καὶ
2613 4499 2891 4567 πείσωμεν
2941 4494 3041 4566 τὴν
3069 4492 3315 4562 γλῶτταν
3370 4491 3470 4560 τὴν
3521 4487 3800 4559 ἡμετέραν

2124 4591 2428 4663 ἀπέχεσθαι
2468 4591 2567 4660 τῆς
2598 4587 2843 4658 ὀλεθρίου
2889 4583 3177 4653 συνηθείας
3202 4580 3427 4651 ταύτης,
3454 4579 3515 4632 16
3544 4579 3641 4649 μὲν
3672 4595 3800 4632 κατ-

2125 4679 2350 4751 όρθωμα
2389 4679 2541 4732 ἔσται
2573 4679 2629 4730 ἐν
2685 4675 2880 4746 βραχεῖ
2928 4671 3127 4742 καιρῷ,
3169 4671 3201 4741 ή
3243 4669 3297 4721 δέ
3356 4666 3660 4738 εὐφροσύνη
3703 4665 3802 4717 τοῦ

2127 4767 2556 4839 κατορθώματος
2577 4761 2844 4834 διηνεκῶς
2877 4759 2971 4813 καὶ
3009 4755 3386 4818 ἀδιαλείπτως.
3419 4752 3620 4807 Λοιπὸν
3656 4752 3803 4822 ὑμᾶς

2127 4856 2223 4909 καὶ
2251 4854 2451 4926 ἐτέρων
2480 4850 2831 4912 διδασκάλους
2851 4845 3000 4920 [ΠΟ]
3032 4842 3170 4899 εἶναι
3204 4844 3308 4914 χρὴ
3345 4841 3437 4896 καὶ
3461 4839 3802 4911 καθηγητὰς,

2129 4946 2223 4997 καὶ
2263 4942 2448 5012 φίλους
2476 4941 2601 5003 τοὺς
2635 4938 2884 5008 πλησίον,
2916 4936 3011 4988 καὶ
3037 4935 3163 4996 τοὺς
3198 4931 3413 4993 οἰκέτας
3439 4930 3495 4982 δέ
3522 4929 3650 4991 τοὺς
3681 4945 3809 4981 συν-

2129 5033 2368 5096 δούλους,
2407 5030 2501 5084 καὶ
2534 5029 2687 5090 νέους
2724 5028 2849 5088 106;
2898 5022 3170 5093 ὁμήλικας
3200 5018 3497 5090 λαμϐάνειν
3543 5017 3639 5070 καὶ
3674 5034 3805 5069 παι-

2130 5123 2304 5175 δεύειν
2337 5120 2430 5173 καὶ
2475 5117 2708 5184 ἐνάγειν.
2757 5109 2904 5184 ’Ἃρα
2953 5110 3008 5162 εί
3030 5109 3113 5174 τίς
3149 5127 3228 5162 σοι
3260 5106 3514 5178 χρύσινον
3542 5106 3638 5158 ἕνα
3680 5105 3806 5158 καθ’

2131 5212 2359 5264 ἕκαστον
2393 5204 2770 5278 διορθούμενον
2797 5201 3082 5272 ἄνθρωπον
3108 5196 3495 5267 ἐπηγγείλατο,
3527 5195 3588 5246 οὐ
3622 5194 3806 5246 πᾶσαν

2133 5298 2198 5351 ἀν
2236 5299 2476 5367 ἐποιήσω
2510 5292 2763 5364 σπουδὴν,
2795 5291 2889 5343 καὶ
2907 5287 3227 5359 διημέρευες
3257 5281 3657 5355 προσεδρεύων,
3683 5283 3805 5332 πεί-

2135 5386 2262 5448 θων,
2291 5379 2658 5456 ’παρακαλῶη
2700 5379 2814 5433 Νῦν
2847 5379 2902 5431 δέ
2932 5378 3031 5447 οὐχ
3062 5375 3158 5428 ἕνα
3187 5373 3462 5446 χρύσινον,
3491 5370 3612 5434 οὐδέ
3651 5368 3809 5434 δέκα,

2134 5475 2254 5526 οὐδὲ
2282 5475 2472 5535 εἴκοσι,
2503 5471 2597 5524 καὶ
2623 5468 2840 5530 ἑκατὸν,
2872 5467 2964 5520 καὶ
2993 5464 3218 5535 χιλίους,
3239 5461 3359 5514 οὐδέ
3394 5459 3497 5528 γῆν
3516 5457 3814 5527 ὀλόκληρον

2140 5561 2480 5633 ὑπισχνεῖταί
2521 5577 2604 5611 σοι
2623 5560 2730 5611 τῶν
2765 5557 2938 5609 πόνων
2973 5553 3176 5606 τούτων
3211 5549 3491 5621 ἀμοιϐὴνὸ
3522 5547 3674 5609 Θεός·
3695 5543 3814 5598 ἀλλ’

2201 5773 2230 5814 C
2257 5774 2349 5816 Alii
2370 5771 2658 5816 παραλύεται
2680 5769 2777 5816 καί.

2211 5774 2230 5814 ἒ
2254 5774 2350 5822 Alii
2370 5774 2658 5838 παραλύεται
2680 5774 2777 5817 καί.
3371 5822 3397 5832 μ
3708 5817 3729 5825 _

2211 5844 2234 5865 υ
2257 5836 2356 5885 Alii
2378 5837 2435 5883 ἂν
2456 5834 2636 5884 τούτων
2667 5832 2979 5894 ἀναμπσέᾖς.
3009 5827 3165 5877 Paulo
3212 5832 3324 5887 post
3368 5821 3515 5872 ndem
3547 5834 3826 5882 καρπουσαι

2137 5903 2220 5959 τήν
2246 5897 2545 5966 εὐφροσύνην.
