4112 6388
373 309 477 365 liii)

368 427 530 479 sentit
558 422 903 493 navigationis
946 426 1202 495 laborem,
1233 428 1506 484 lucrorum
1536 444 1631 499 spe
1649 430 1914 485 relevatus

370 528 424 571 et
452 518 593 586 pugil
618 533 877 586 generose
902 519 1002 574 fert
1026 521 1215 590 capitis
1234 523 1473 587 vulnera,
1504 538 1753 577 coronam
1774 524 1940 593 respi-

372 612 519 665 ciens
542 628 555 662 :
582 611 653 663 ita
676 609 913 678 profecto
943 628 1043 668 nos
1068 628 1277 683 quoque
1318 612 1369 667 in
1400 615 1589 670 caelum
1611 626 1665 669 et
1702 614 1936 669 caelestia

371 704 709 760 intendentcs
736 706 893 769 bona,
925 722 1273 778 quaecumque
1298 708 1595 764 inferantur
1621 712 1821 780 gravia,
1850 725 1941 781 ge-

370 811 557 851 nerose
583 805 770 851 cuncta
788 797 1037 862 feremus,
1067 799 1205 854 bona
1230 799 1526 855 futurorum
1552 815 1647 871 spe
1682 801 1937 856 roborati.

370 886 482 942 Hac
508 888 682 956 itaque
706 898 921 958 accepta
946 892 1211 945 sententia
1235 891 1490 948 abeamus
1513 911 1526 945 :
1546 894 1786 963 quamvis
1802 909 1943 948 natn~

369 993 473 1047 quc
502 978 732 1048 simplex
762 988 815 1035 et
837 980 1013 1036 brevis
1043 982 1149 1047 sit,
1180 982 1397 1036 multam
1424 992 1601 1038 tamen
1628 984 1786 1038 habet
1828 984 1943 1055 phi-

371 1067 625 1135 l050phi:e
666 1069 984 1124 doctrinam.
1040 1072 1139 1137 Qui
1185 1071 1238 1127 in
1270 1073 1455 1128 dolore
1500 1085 1553 1128 et
1602 1076 1942 1131 tribulatione

368 1168 469 1220 est,
492 1157 739 1212 idoneam
768 1159 929 1215 habet
954 1161 1373 1216 consolationem
1397 1204 1412 1227 ,
1446 1163 1537 1233 qui
1580 1164 1632 1217 in
1658 1164 1862 1219 deliciis
1888 1174 1944 1221 et

371 1246 598 1312 luxuria,
631 1264 873 1319 magnam
913 1250 1297 1306 moderationis
1333 1254 1781 1309 exhortationem.
1807 1254 1939 1309 Cum

366 1338 507 1391 enim
536 1338 600 1392 ad
633 1355 868 1393 mensam
895 1341 1267 1409 discumbens,
1297 1343 1737 1411 sententiaahujus
1758 1345 1944 1399 memi-

368 1430 510 1483 neris
539 1472 553 1496 ,
599 1432 776 1485 statim
823 1434 890 1487 ab
917 1434 1176 1489 ebrietate
1213 1436 1534 1505 crapulaque
1580 1437 1786 1491 resilies
1815 1478 1828 1499 ,
1857 1438 1943 1491 di-

368 1535 524 1574 scens
553 1536 618 1576 ex
648 1522 745 1577 hac
779 1525 1066 1588 sententia,
1090 1524 1230 1593 quod
1268 1527 1453 1578 anxios
1486 1540 1584 1581 nos
1608 1542 1725 1581 esse
1744 1542 1939 1582 conve-

373 1610 506 1671 niat,
534 1622 587 1665 et
617 1612 751 1665 intra
782 1614 1006 1682 teipsum
1037 1614 1184 1668 dices
1233 1632 1247 1668 :
1298 1616 1491 1669 Paulus
1538 1616 1592 1671 in
1640 1616 1863 1672 vinculis
1890 1626 1943 1672 et

368 1705 673 1758 carceribus
695 1745 710 1769 ,
742 1721 843 1775 ego
870 1721 994 1760 vero
1018 1706 1069 1760 in
1098 1707 1355 1762 ebrietate
1381 1718 1434 1762 et
1479 1708 1619 1762 lauta
1645 1724 1827 1763 mensa
1852 1727 1865 1763 :
1890 1720 1943 1765 et

367 1810 524 1863 quam
555 1810 809 1865 assequar
838 1798 1079 1851 veniam?
1107 1798 1219 1853 Hoc
1240 1809 1297 1853 et
1322 1801 1375 1853 in
1418 1801 1730 1855 mulieribus
1749 1817 1944 1871 oppor-

368 1892 558 1939 tunum
607 1885 828 1940 dictum.
874 1888 1185 1953 Ambitiosa:
1228 1890 1369 1945 enim
1412 1900 1467 1945 et
1507 1900 1853 1960 sumptuosae,
1888 1901 1943 1947 et

367 1993 499 2033 auro
528 1979 758 2049 undique
786 1994 844 2034 se
871 1981 1300 2051 circumligantes
1327 1990 1530 2038 catena:
1578 1983 1736 2053 hujus
1775 1984 1936 2039 remi-

367 2070 635 2124 niscentes
650 2070 771 2124 odio
797 2070 1082 2137 habebunt,
1108 2082 1165 2126 ut
1183 2073 1452 2141 existimo,
1475 2084 1529 2129 et
1554 2074 1941 2130 abominabun-

368 2173 456 2216 tur
504 2173 750 2217 ornatum
798 2165 967 2229 illum,
1022 2176 1075 2220 et
1105 2167 1173 2220 ad
1201 2168 1314 2221 hmc
1342 2169 1551 2223 vincula
1580 2181 1817 2225 current.
1852 2170 1941 2225 Illa

367 2266 595 2321 namque
632 2264 945 2308 ornamenta
992 2255 1289 2309 multorum
1320 2272 1496 2313 causae
1524 2259 1787 2316 malorum
1830 2260 1944 2316 fue-

372 2354 516 2409 runt,
544 2352 598 2399 et
624 2345 897 2400 innumera
929 2348 1066 2402 bella
1092 2348 1232 2403 intra
1251 2348 1465 2404 domum
1494 2362 1875 2409 contraxerunt
1902 2356 1941 2419 ί,

370 2443 423 2489 et
454 2435 650 2490 livores
679 2449 999 2506 pepererunt
1026 2449 1080 2493 et
1107 2440 1329 2494 invidias
1349 2453 1403 2496 et
1428 2442 1606 2496 odium
1632 2459 1649 2509 ;
1679 2444 1795 2501 haec
1815 2461 1944 2500 vero

371 2537 589 2595 peccata
618 2529 799 2583 mundi
824 2530 1121 2596 solverunt,
1152 2540 1206 2587 et
1233 2540 1539 2587 terruerunt
1566 2532 1861 2599 dzemonas,
1891 2546 1946 2592 et

368 2618 637 2674 diabolum
695 2620 1027 2689 fugaverunt.
1069 2622 1200 2675 Dum
1250 2624 1331 2676 his
1376 2623 1424 2676 in
1482 2638 1700 2681 carcere
1745 2626 1946 2695 degens

368 2708 572 2762 custodi
602 2712 881 2778 persuasit,
927 2726 1047 2765 cum
1089 2712 1173 2766 bis
1204 2713 1489 2783 Agrippam
1535 2720 1775 2784 attraxit,
1824 2733 1945 2771 eum

371 2800 454 2853 his
494 2801 692 2854 multos
742 2802 938 2856 Paulus
980 2802 1269 2873 discipulos
1314 2804 1618 2874 acquisivit,
1666 2817 1948 2879 propterea

379 2887 591 2942 dicebat
612 2906 624 2939 :
645 2886 709 2941 In
724 2906 824 2958 quo
836 2891 971 2943 male
988 2893 1163 2959 patior
1182 2910 1342 2962 usque
1358 2911 1423 2945 aa
1444 2896 1672 2960 vincula,
1694 2908 1946 2963 tanquam

380 2981 712 3049 malefactor,
739 2982 828 3035 sed
846 2982 939 3036 Dei
966 2984 1175 3036 verbum
1209 3001 1308 3037 non
1338 2995 1413 3039 est
1437 2988 1666 3040 vinctum
1696 2988 1770 3058 (2.
1805 2988 1942 3041 Tim.

381 3070 441 3137 2,
462 3074 536 3133 ξι).
586 3071 735 3125 Sicut
763 3074 907 3126 enim
945 3076 1154 3129 radium
1184 3076 1387 3132 vincire
1419 3079 1674 3145 possibile
1706 3095 1813 3133 non
1840 3088 1944 3146 est,

383 3180 483 3219 nec
512 3166 654 3219 domi
686 3168 1011 3223 concludere
1042 3187 1055 3222 :
1086 3170 1165 3224 sic
1199 3184 1375 3239 neque
1401 3170 1796 3239 praedicationis
1825 3188 1946 3225 ver-

384 3257 533 3310 bum.
561 3256 625 3311 Et
643 3260 784 3327 quod
809 3260 977 3314 multo
999 3261 1231 3329 amplius
1243 3273 1347 3325 est,
1371 3264 1559 3318 doctor
1578 3264 1793 3319 vinctus
1809 3274 1946 3326 erat,

380 3360 437 3400 et
462 3350 684 3404 verbum
717 3352 934 3405 volabat
968 3370 980 3405 :
1015 3353 1102 3406 ille
1130 3369 1402 3408 carcerem
1435 3356 1745 3419 habitabat;
1774 3367 1828 3412 et
1854 3360 1951 3412 d0-

381 3441 558 3495 ctrina
587 3443 726 3497 alata
758 3445 959 3512 passim
993 3446 1047 3498 in
1083 3446 1213 3500 orbe
1245 3456 1509 3500 terrarum
1536 3450 1805 3502 currebat.

453 3529 505 3584 6.
538 3530 757 3586 Marciis
772 3535 1069 3588 exhortatio
1087 3537 1154 3588 ad
1173 3538 1606 3592 emendationem.
1624 3568 1696 3578 —
1714 3537 1837 3593 Ilaec
1860 3540 1953 3610 igi-

381 3632 473 3679 tur
500 3625 755 3691 scientes,
779 3643 845 3681 ne
866 3629 1286 3684 succumbamus
1307 3632 1361 3684 in
1390 3632 1551 3687 rebus
1572 3633 1830 3695 adversis,
1857 3633 1950 3687 sed

380 3715 565 3783 potius
601 3724 730 3770 tunc
772 3719 1105 3785 petentiores
1134 3718 1452 3785 efficiamur,
1481 3729 1611 3775 tunc
1651 3720 1903 3777 fortiores
1936 3739 1950 3776 :

385 3806 685 3861 Tribulatio
706 3812 843 3862 enim
874 3812 1185 3879 patientiam
1209 3822 1457 3881 operatur
1482 3812 1656 3883 (Rom.
1683 3813 1736 3869 5.
1770 3812 1845 3882 5).
1876 3810 1953 3867 Ne

380 3898 664 3952 doleamus
702 3900 755 3953 in
796 3902 1197 3957 calamitatibus
1238 3919 1358 3971 quae
1392 3902 1730 3967 inferuntur,
1771 3904 1863 3959 sed
1896 3905 1952 3959 in

379 3988 636 4042 omnibus
655 3988 765 4044 Deo
784 3992 982 4060 gratias
1002 4007 1248 4062 agamus.
1268 3992 1771 4063 Secundamjejunii
1790 3995 1955 4064 septi-

379 4094 595 4133 manam
611 4082 1005 4150 expedivimus,
1025 4082 1118 4136 sed
1139 4098 1245 4136 non
1265 4084 1366 4137 hoc
1383 4084 1822 4139 consideremus:
1846 4100 1950 4138 non

376 4169 523 4223 enim
544 4169 647 4224 hoc
667 4180 749 4225 est
765 4171 1103 4241 expedivisse
1118 4172 1410 4241 jejunium,
1431 4173 1477 4227 si
1497 4181 1711 4243 tempus
1729 4185 1950 4243 praeter—

379 4260 628 4329 ierimus,
660 4264 752 4317 sed
777 4264 823 4317 si
850 4265 1273 4333 transegerimus
1302 4280 1424 4319 cum
1454 4275 1598 4320 recte
1624 4267 1801 4321 factis.
1834 4265 1951 4321 Hoc

376 4350 665 4408 nobiscum
699 4365 1028 4424 reputemus,
1059 4356 1101 4409 si
1129 4357 1485 4411 studiosiores
1513 4357 1635 4411 facti
1664 4374 1876 4419 sumus.
1899 4358 1945 4412 si
1996 4412 1999 4417 .

376 4446 641 4502 defectum
684 4449 909 4517 aliquem
958 4457 1196 4502 nostrum
1237 4447 1587 4509 correximus,
1620 4448 1663 4501 si
1690 4447 1954 4501 abluimus

375 4539 618 4591 crimina.
652 4537 1095 4592 Consuetudinem
1116 4554 1302 4593 omnes
1329 4537 1525 4592 habent
1554 4553 1646 4607 per
1672 4536 1935 4607 quadrage

377 4630 567 4684 simam
592 4629 969 4699 interrogandi,
993 4639 1119 4699 quot
1140 4630 1360 4700 quisque
1382 4630 1702 4698 septimanas
1727 4628 1953 4699 quadra-

376 4718 594 4787 gesimae
618 4719 875 4787 jcjunavit
909 4736 921 4773 :
952 4729 1005 4773 et
1040 4719 1276 4773 dicentes
1315 4720 1497 4773 audire
1539 4719 1679 4783 licet,
1711 4718 1807 4772 hos
1836 4718 1952 4788 qui-

377 4809 499 4860 dem
525 4809 665 4877 quod
692 4808 842 4872 duas,
878 4808 974 4861 hos
999 4824 1126 4863 vero
1147 4809 1285 4879 quod
1313 4819 1442 4873 tres,
1472 4810 1587 4863 illos
1611 4820 1787 4863 autem
1809 4810 1952 4878 quod

378 4912 566 4951 omnes
599 4897 953 4966 jejunaverint
989 4899 1330 4966 septimanas.
1382 4899 1448 4954 Et
1476 4899 1617 4970 quod
1650 4901 1874 4967 lucrum,
1907 4902 1952 4956 si

378 4996 526 5040 recte
551 4986 699 5041 factis
718 4997 982 5055 carentes,
1001 4988 1258 5058 jejunium
1282 4991 1721 5060 transegerimus?
1747 4990 1801 5045 Si
1818 4992 1953 5046 alius

378 5076 541 5141 dicat,
573 5078 759 5132 Totam
787 5079 1021 5149 jejunavi
1043 5080 1527 5151 Quadragesimam,
1561 5091 1613 5163 ιε
1640 5082 1744 5149 die,
1779 5083 1959 5137 Inimi-

376 5184 498 5223 cum
545 5168 826 5234 habebam,
860 5180 912 5226 et
950 5173 1259 5225 conciliatus
1297 5189 1412 5227 sum
1443 5192 1456 5226 :
1490 5174 1746 5229 habebam
1780 5175 1958 5231 detra-

376 5259 539 5314 hendi
564 5261 1020 5326 consuetudinem,
1043 5271 1096 5317 et
1121 5264 1293 5316 destiti
1321 5256 1564 5332 :°jurandi
1589 5266 1809 5320 tenebar
1833 5282 1951 5333 usu,

376 5359 432 5403 et
458 5365 573 5403 mos
598 5351 869 5420 improbus
898 5353 1025 5405 mihi
1056 5365 1329 5407 correctus
1358 5363 1459 5409 est.
1508 5356 1659 5410 Nulla
1689 5368 1954 5413 mercato-

376 5443 525 5495 ribus
550 5443 771 5507 utilitas,
795 5444 839 5496 si
868 5460 1110 5513 magnam
1138 5446 1298 5499 maris
1324 5446 1707 5516 longitudinem
1736 5463 1953 5517 percur-

376 5533 563 5598 rcrint,
596 5533 689 5587 sed
716 5534 761 5588 si
787 5548 907 5588 cum
937 5552 1110 5589 rerum
1138 5537 1288 5605 copia
1326 5548 1379 5590 et
1419 5540 1583 5592 multo
1606 5541 1954 5595 mercimonio

376 5624 744 5693 navigaverint
776 5642 788 5675 :
819 5625 962 5678 nulla
1003 5626 1190 5694 jejunii
1243 5628 1395 5681 nobis
1444 5630 1659 5694 utilitas,
1697 5631 1740 5684 si
1782 5630 1953 5685 infru-

443 5716 458 5745 ι
495 5715 599 5771 alii.
618 5712 667 5765 in
692 5718 885 5764 domum
907 5715 1221 5765 induxerunt.

685 5800 951 5860 I’nnos.
1002 5804 1115 5863 (in.
1164 5804 1384 5865 XLIX.

1290 317 1380 372 AD
1408 316 1727 374 POPULUM
1768 316 2250 375 ANTIOCIIENIIM
2296 319 2523 376 IIOMIL.
2573 321 2709 377 XVI.

3528 324 3627 380 1ῒο

2048 439 2232 484 ctuose
2255 430 2424 499 ipsum
2452 442 2660 501 tempus
2679 444 2732 487 et
2756 442 2955 488 temere
2982 442 3378 504 prmtrreamus.
3401 436 3458 492 Si
3479 438 3610 493 cibo-

2047 535 2164 573 rum
2189 521 2449 584 jejunium
2472 522 2793 590 jejunemus,
2826 525 3108 591 praeteritis
3137 525 3482 595 quadraginta
3508 528 3622 582 die-

2044 611 2145 665 bus
2173 625 2409 679 praeterit
2438 622 2492 667 et
2510 613 2802 683 jejunium;
2843 614 2886 667 si
2920 629 3051 669 vero
3088 616 3324 685 peccatis
3361 616 3628 672 abstinea-

2048 719 2167 758 mus
2188 746 2203 771 ,
2233 714 2288 759 et
2320 714 2586 760 transacto
2612 705 2818 775 jejunio
2844 688 2973 761 illud
3006 716 3263 772 remanet,
3296 717 3351 762 ct
3374 710 3628 763 continua

2045 794 2149 848 erit
2187 794 2310 849 hinc
2353 796 2505 850 nobis
2546 796 2767 861 utilitas,
2794 804 2951 866 atque
2976 805 3099 850 ante
3124 812 3341 867 regnum
3368 799 3623 853 czclnrum

2046 901 2152 940 non
2180 901 2367 956 parvas
2391 886 2544 941 nobis
2570 887 2656 942 hic
2677 886 2861 941 reddet
2884 886 3279 942 retributiones.
3311 887 3462 943 Sicut
3480 890 3623 943 enim

2047 979 2137 1049 qui
2165 979 2215 1032 in
2248 979 2480 1047 nequitia
2502 979 2650 1044 vivit,
2679 987 2732 1033 et
2760 987 2883 1033 ante
2904 977 3201 1048 gehennam
3229 980 3463 1048 punitur,
3493 995 3625 1033 con-

2045 1070 2268 1126 scientia
2297 1070 2597 1126 stimulatus
2626 1088 2640 1125 :
2678 1071 2756 1125 sic
2783 1071 2873 1141 qui
2902 1070 3105 1125 meritis
3142 1070 3377 1126 abundat
3417 1081 3471 1126 et
3504 1082 3628 1126 ante

2046 1180 2269 1234 regnum
2310 1179 2498 1234 magna
2527 1163 2732 1219 fruetur
2757 1162 2969 1227 laetitia,
3000 1178 3059 1218 se
3086 1162 3225 1217 bona
3258 1179 3353 1233 spe
3380 1179 3623 1233 pascens.

2048 1254 2247 1308 Idcirco
2272 1252 2515 1310 Christus
2544 1254 2713 1323 inquit
2743 1273 2755 1309 :
2786 1253 2814 1307 1
2823 1263 2984 1308 terum
3011 1252 3183 1308 videbo
3212 1269 3317 1317 vos,
3354 1263 3399 1307 et
3436 1256 3629 1323 gaude-

2045 1344 2180 1411 bitis,
2212 1355 2259 1399 et
2283 1346 2521 1417 gaudium
2548 1355 2761 1400 vestrum
2790 1362 2933 1399 nemo
2954 1346 3091 1399 tollet
3118 1361 3150 1397 a
3174 1344 3308 1399 vobis
3337 1342 3513 1417 (Joan.
3535 1345 3623 1399 16.

2046 1438 2158 1510 22).
2191 1438 2359 1493 Breve
2385 1437 2625 1503 verbum,
2645 1436 2737 1491 sed
2760 1436 2981 1491 multam
3001 1436 3161 1492 habet
3183 1436 3622 1491 consolationem.

2046 1529 2306 1597 Quidnam
2352 1528 2564 1582 tandem
2604 1536 2721 1595 est,
2755 1526 2921 1581 Nemo
2943 1527 3182 1599 gaudium
3213 1537 3427 1581 vestrum
3453 1527 3627 1580 tollet!

2049 1619 2307 1673 Pecunias
2334 1619 2377 1672 si
2407 1618 2621 1685 habeas,
2658 1618 2809 1672 multi
2849 1626 2993 1671 tuum
3031 1632 3095 1670 ex
3140 1616 3339 1671 divitiis
3374 1617 3624 1686 gaudium

2045 1708 2256 1763 auferre
2280 1717 2521 1777 possunt,
2551 1718 2604 1763 et
2628 1707 2712 1762 fur
2733 1707 2984 1777 parietem
3013 1706 3330 1776 perfodiens,
3355 1717 3409 1761 et
3426 1706 3625 1762 credita

2045 1798 2345 1867 subripiens
2371 1813 2578 1864 servus,
2607 1806 2661 1852 et
2683 1797 2977 1866 Imperator
2997 1798 3047 1851 in
3071 1796 3255 1851 fiscum
3283 1797 3546 1866 redigens,
3572 1807 3628 1851 et

2046 1891 2254 1945 invidus
2278 1890 2438 1946 homo
2462 1890 2812 1945 calumniatus.
2838 1890 2893 1946 Si
2924 1890 3210 1959 potentiam
3235 1889 3451 1955 habeas,
3475 1890 3626 1943 multi

2048 1990 2270 2050 possunt
2290 1990 2437 2037 tuum
2458 1998 2523 2036 ex
2549 1981 2649 2037 hoc
2667 1981 2918 2051 gaudium
2939 1982 3142 2037 tollere.
3168 1982 3297 2037 Cum
3320 1982 3458 2037 enim
3483 1982 3628 2051 prin-

2046 2074 2250 2142 cipatus
2296 2073 2519 2139 ﬁnierit,
2553 2072 2795 2141 voluptas
2838 2088 3048 2141 quoque
3088 2072 3233 2127 finiet
3263 2089 3277 2125 :
3306 2073 3430 2142 quin
3473 2080 3529 2126 et
3574 2073 3625 2125 in

2049 2164 2162 2233 ipso
2204 2164 2499 2234 principatu
2547 2164 2728 2217 multte
2774 2178 2863 2218 res
2908 2163 3244 2229 accidentes,
3288 2163 3627 2219 difficultates

2049 2254 2306 2310 habentes
2329 2264 2382 2308 et
2406 2269 2592 2320 curas,
2619 2254 2856 2309 lanitiam
2888 2262 3028 2307 tuam
3059 2254 3374 2308 diminuuut.
3423 2255 3477 2309 Si
3507 2270 3627 2308 cor-.-

2050 2348 2194 2416 poris
2240 2348 2401 2402 robur
2448 2346 2664 2411 habeas,
2706 2346 2922 2400 morbus
2967 2346 3348 2415 superveniens
3388 2344 3628 2401 dissolvit

2050 2440 2170 2493 inde
2196 2446 2364 2493 ortam
2391 2439 2629 2492 lmtitiam
2654 2456 2667 2491 :
2688 2439 2731 2492 si
2755 2437 3195 2507 pulchritudinem
3218 2437 3409 2493 habeas
3430 2448 3483 2493 et
3502 2454 3623 2508 Spe-

2049 2532 2218 2597 ciem,
2259 2542 2506 2586 senectus
2546 2534 2925 2601 superveniens
2971 2531 3235 2595 tabefecit,
3285 2540 3336 2587 et
3378 2533 3624 2602 gaudium

2048 2623 2264 2678 abstulit
2289 2641 2302 2677 :
2331 2625 2375 2678 si
2415 2639 2596 2678 mensa
2641 2624 2831 2679 fruaris
2870 2626 3007 2679 lauta
3030 2668 3045 2693 ,
3074 2640 3294 2694 vespere
3332 2636 3627 2695 occupante

2051 2716 2222 2771 Saluta
2241 2716 2564 2771 estconvivii
2587 2717 2784 2770 Iretitia.
2813 2717 3009 2772 Rerum
3032 2719 3171 2773 enim
3199 2718 3450 2788 quaalibet
3477 2735 3629 2771 mun-

2050 2805 2307 2860 danarum
2346 2805 2581 2860 infestari
2622 2805 2776 2861 facile
2819 2816 3014 2876 potest,
3049 2824 3145 2863 nec
3186 2809 3425 2863 stabilem
3475 2808 3630 2863 nobis

2052 2896 2374 2965 voluptatem
2395 2895 2565 2962 aliert,
2588 2897 2754 2966 pietas
2777 2906 2951 2951 autem
2976 2907 3028 2951 et
3047 2898 3208 2951 animi
3232 2900 3397 2953 virtus
3424 2909 3627 2954 contra.

2052 2987 2455 3059 Eleemosynam
2485 2989 2529 3043 si
2558 2987 2778 3053 feceris,
2812 2990 3057 3043 meritum
3085 2988 3295 3044 auferre
3322 3000 3495 3059 potest
3530 3006 3631 3044 ne-

2054 3093 2142 3132 mo
2175 3096 2187 3131 :
2220 3079 2331 3133 sive
2354 3078 2638 3142 exercitus,
2658 3079 2770 3133 sive
2799 3094 2971 3148 reges,
2994 3079 3107 3133 sive
3128 3080 3313 3133 inﬁniti
3342 3080 3632 3135 calumnia-

2054 3178 2198 3223 tores
2218 3179 2272 3223 et
2301 3169 2630 3224 insidiatores
2663 3171 2858 3222 instent
2878 3169 3128 3239 undique,
3156 3170 3208 3223 in
3244 3170 3388 3225 czclis
3421 3174 3631 3241 reposi-

2056 3269 2160 3313 tam
2196 3260 2585 3328 possessionem
2612 3260 2822 3315 auferre
2858 3276 2963 3314 non
3002 3271 3242 3328 possunt,
3274 3263 3368 3316 sed
3400 3278 3633 3330 perenne

2054 3359 2329 3419 permanet
2353 3350 2622 3419 gaudium.
2666 3349 2912 3419 Dispersit
2938 3352 3100 3411 enim,
3130 3352 3315 3420 inquit,
3339 3352 3473 3404 dedit
3501 3370 3634 3423 pauv

2056 3439 2276 3508 peribus,
2302 3440 2496 3507 justitia
2520 3441 2629 3510 ejus
2657 3449 2820 3493 manet
2848 3440 2901 3493 in
2928 3441 3169 3493 swcuium
3198 3440 3368 3512 (Psal.
3400 3443 3522 3496 111.
3552 3444 3627 3511 9).

2056 3529 2167 3584 Nec
2207 3530 2470 3584 immerito
2503 3548 2514 3583 :
2549 3530 2599 3583 in
2640 3530 2891 3584 cmlorum
2938 3531 3079 3585 enim
3131 3532 3359 3585 cellariis
3401 3535 3631 3602 reposita

2056 3630 2210 3683 Sttttt,
2237 3621 2322 3672 ubi
2357 3620 2438 3672 fur
2466 3636 2570 3673 non
2602 3620 2845 3687 perfodit,
2882 3621 3016 3675 latro
3043 3636 3145 3675 non
3176 3622 3327 3684 tollit,
3361 3624 3496 3677 tinea
3524 3640 3629 3678 non

2056 3713 2322 3764 Consumit
2347 3709 2558 3773 (Matth.
2589 3713 2639 3764 6.
2669 3711 2785 3780 20).
2832 3714 2884 3765 Si
2919 3727 3103 3779 preces
3130 3712 3327 3768 foderis
3353 3716 3634 3771 Continuas

2057 3812 2110 3856 et
2139 3804 2384 3866 intentas,
2408 3817 2593 3856 earum
2624 3802 2850 3856 fructum
2873 3800 3084 3857 auferre
3112 3804 3302 3872 poterit
3330 3821 3486 3861 nemo
3510 3824 3525 3861 :
3550 3808 3633 3860 hic

2057 3894 2251 3949 etenim
2273 3894 2474 3947 fructus
2497 3894 2547 3946 in
2570 3893 2702 3947 cado
2724 3893 2988 3947 radicatus
3008 3902 3110 3960 est,
3124 3895 3191 3948 ab
3209 3896 3351 3949 omni
3372 3897 3633 3951 calumnia

2058 3986 2214 4052 liber,
2241 3997 2295 4040 et
2326 4001 2641 4054 permanens
2683 3986 3123 4056 inexpugnabilis.
3171 3986 3226 4041 Si
3268 3988 3403 4042 male
3450 4004 3635 4058 passus

2058 4079 2411 4144 benefeceris,
2446 4079 2489 4132 si
2516 4078 2812 4132 maledictis
2840 4079 3114 4134 lacessitus
3144 4081 3403 4148 patienter
3428 4082 3632 4147 tuleris,

2057 4170 2103 4223 si
2128 4170 2380 4224 conviciis
2418 4170 2637 4224 affectus
2677 4168 3011 4224 benedixeris
3042 4187 3054 4222 :
3088 4170 3203 4225 hrec
3227 4172 3414 4225 merita
3440 4187 3633 4242 perpe-

2060 4272 2149 4317 tuo
2178 4271 2426 4329 manent,
2459 4270 2513 4317 et
2541 4272 2711 4317 ortam
2744 4278 2808 4317 ex
2835 4262 2916 4317 his
2947 4263 3182 4317 lzctitiam
3208 4263 3413 4319 auferet
3438 4281 3597 4320 nemo
3619 4308 3634 4330 ,

2059 4352 2152 4406 sed
2174 4353 2609 4422 quotiescumque
2639 4352 2871 4421 ipsorum
2899 4353 3207 4407 recordatus
3232 4352 3415 4416 fueris,
3438 4355 3638 4424 gaudes

2059 4454 2112 4495 et
2141 4443 2337 4497 Letaris
2365 4451 2418 4495 et
2443 4443 2605 4497 multa
2637 4442 2829 4497 frueris
2857 4445 3140 4512 voluptate.
3191 4444 3281 4498 Sic
3326 4448 3559 4514 profecto
3589 4459 3636 4501 et

2062 4535 2240 4601 fugere
2281 4533 2643 4603 juratnentum
2685 4534 2727 4586 si
2774 4535 3182 4602 pricvaleamus,
3216 4546 3270 4588 et
3298 4535 3364 4589 ab
3390 4536 3488 4590 hac
3511 4553 3613 4591 con

2062 4624 2339 4679 suetudine
2368 4624 2661 4692 perniciosa
2690 4624 2956 4677 abstinere
2986 4624 3175 4695 linguzr
3203 4635 3401 4680 nostra:
3424 4626 3641 4681 studea-

2061 4730 2179 4768 mus
2203 4756 2218 4780 ,
2261 4714 2432 4767 meriti
2464 4713 2674 4782 quidem
2725 4713 2873 4766 labor
2912 4713 3057 4767 brevi
3101 4715 3423 4781 absolvetur,
3460 4717 3643 4771 lwtiiia

2065 4821 2192 4861 vero
2219 4806 2391 4859 meriti
2419 4803 2617 4873 jugiter
2643 4804 2745 4857 erit
2769 4814 2822 4857 et
2847 4802 3225 4858 indesinenter.
3257 4805 3518 4859 Cancrum
3548 4823 3644 4860 vos

2063 4906 2117 4951 et
2144 4897 2365 4949 aliorum
2396 4902 2752 4964 praeceptores
2772 4908 2892 4947 esse
2917 4902 3128 4963 oportet
3146 4904 3200 4949 et
3220 4895 3401 4961 duces,
3432 4906 3486 4950 et
3511 4897 3647 4950 ami-

2063 5000 2155 5040 cos
2177 4986 2419 5055 proximi,
2440 5000 2625 5039 servos
2644 4993 2820 5039 autem
2841 4986 3103 5051 conservi,
3128 4986 3416 5054 etjuvenes
3432 5002 3642 5042 eomvos

2061 5076 2349 5144 suscipere,
2370 5074 2647 5129 instituere
2670 5084 2724 5130 et
2750 5075 2998 5130 inducere
3019 5076 3232 5131 debent.
3260 5076 3445 5131 Nonne
3463 5078 3507 5131 si
3527 5079 3645 5147 quis

2064 5168 2158 5221 tibi
2189 5182 2408 5221 aureum
2452 5183 2615 5221 unum
2658 5183 2755 5238 pro
2798 5169 3018 5239 singulis
3059 5170 3358 5224 hominibus
3387 5173 3669 5226 correctis

2064 5258 2416 5327 promisiSset,
2457 5272 2619 5313 omne
2658 5259 2887 5313 studium
2930 5259 3284 5323 adhibuisses,
3317 5270 3371 5315 et
3398 5263 3644 5316 assiduus

2068 5348 2365 5402 adstitisses
2394 5349 2722 5419 persuadens
2762 5360 2816 5404 et
2847 5349 3174 5405 exhortans?
3214 5351 3365 5405 Nunc
3386 5368 3514 5407 vero
3536 5368 3642 5407 non

2062 5455 2283 5493 aureum
2312 5456 2496 5507 unum,
2526 5457 2698 5511 neque
2733 5442 2945 5504 decem,
2976 5458 3145 5513 neque
3172 5444 3379 5513 viginti,
3410 5444 3491 5499 vel
3519 5460 3640 5499 cen~

2066 5538 2198 5594 tum,
2227 5530 2311 5583 vel
2334 5531 2498 5595 mille,
2526 5547 2700 5601 neque
2728 5542 2890 5586 totam
2919 5533 3059 5588 Deus
3086 5544 3278 5587 terram
3304 5535 3395 5588 tibi
3424 5534 3640 5604 pollice-

2065 5630 2152 5676 tur
2182 5622 2233 5674 in
2260 5621 2454 5675 horum
2485 5621 2725 5676 laborum
2756 5623 3160 5678 retributionem
3186 5662 3201 5688 ,
3232 5623 3325 5678 sed
3351 5624 3490 5693 quod
3516 5623 3647 5677 alba

2065 5722 2177 5769 toto
2220 5715 2390 5785 majus
2430 5724 2530 5776 est.
2575 5715 2675 5771 hoc
2716 5717 2807 5770 tibi
2850 5718 3069 5785 prmbet,
3102 5717 3353 5772 czelorum
3380 5730 3642 5788 regnatas

3200 5810 3263 5868 11
