4112 6388
472 321 561 377 171

471 450 570 491 nec
599 435 700 489 hoc
719 433 1116 501 solum,verum
1146 443 1198 488 et
1217 431 1357 486 aliud
1381 442 1571 501 przeter
1595 432 1714 485 hoc.
1743 431 1912 498 Quale
1933 446 2064 487 vero

469 526 609 581 hoc?
653 525 753 592 Qui
796 527 963 581 educit
1005 524 1279 596 pretiosum
1321 540 1352 576 α
1386 521 1493 587 vili,
1525 523 1653 576 sicut
1687 538 1743 575 os
1774 538 1939 574 areum
1965 525 2058 576 erit

469 619 606 686 (Jer.
629 619 715 673 l5.
740 618 852 683 l9),
878 618 1064 687 inquit.
1091 615 1230 682 Quid
1255 616 1378 670 huic
1404 623 1583 684 posset
1602 628 1723 669 esse
1751 628 1846 684 par
1869 613 1933 666 ad
1967 614 2036 666 ho

479 710 628 764 noris
657 719 709 764 et
741 709 1041 764 securitatis
1069 707 1370 762 rationem?
1410 707 1538 774 Qua:
1564 720 1694 760 vero
1721 705 1874 760 nobis
1896 719 2060 759 excu-

473 803 610 856 satio
633 811 689 857 et
715 803 866 856 venia
895 813 1013 870 post
1037 809 1235 854 tantam
1262 799 1674 871 promissionem
1699 798 2059 868 proximorum

472 895 695 948 salutem
723 893 1112 964 negligentibus
1139 907 1257 948 esse
1288 891 1495 945 valeat?
1523 891 1599 944 Tu
1631 905 1760 944 vero
1786 890 1830 943 si
1862 903 2058 945 cmcum

472 985 686 1056 quidem
735 987 788 1040 in
835 986 1141 1056 voraginem
1189 983 1522 1040 decidentem
1564 983 1791 1047 videris,
1845 997 2059 1036 manum

475 1079 720 1150 porrigis,
751 1090 806 1134 et
845 1079 1118 1149 indignum
1159 1092 1279 1133 esse
1324 1088 1500 1147 putas,
1533 1085 1841 1146 pereuntem
1887 1073 2066 1143 despi-

473 1184 628 1235 cere;
661 1171 844 1225 videns
866 1180 1041 1238 autem
1066 1169 1302 1240 quotidie
1327 1183 1513 1222 omnes
1537 1167 1854 1238 praecipitari
1877 1167 2065 1220 fratres

477 1262 530 1316 in
562 1262 856 1331 improbam
875 1261 1302 1331 juramentorum
1333 1260 1796 1323 consuetudinem,
1821 1273 1920 1312 nec
1945 1273 2065 1312 ver-

477 1353 605 1409 bum
635 1353 800 1408 audes
833 1354 1105 1422 proferre?
1134 1353 1240 1409 Sed
1269 1353 1449 1407 dixisti
1473 1352 1661 1416 semel,
1693 1361 1746 1405 et
1775 1367 1878 1404 non
1910 1349 2065 1403 audi-

476 1447 554 1500 vit
577 1465 590 1500 :
616 1446 699 1500 dic
726 1446 882 1516 igitur
910 1445 992 1500 bis
1017 1455 1070 1499 et
1103 1456 1206 1513 ter,
1231 1455 1284 1500 et
1313 1444 1490 1508 toties,
1513 1443 1686 1498 donec
1717 1440 2063 1511 persuaseris.

479 1537 640 1594 Nobis
685 1537 924 1608 quotidie
967 1537 1205 1608 loquitur
1243 1536 1404 1597 Deus.
1435 1546 1488 1589 et
1518 1551 1622 1589 non
1653 1533 1900 1587 audimus
1921 1574 1934 1596 ,
1967 1546 2067 1585 nec

479 1631 676 1700 alloqui
703 1629 910 1684 desistit
943 1648 956 1683 :
992 1629 1128 1684 hanc
1159 1638 1215 1683 tu
1244 1644 1455 1698 quoque
1483 1643 1664 1681 curam
1695 1626 1902 1679 imitare
1924 1622 2067 1678 circa

479 1723 804 1790 proximum.
837 1721 1122 1792 Propterea
1160 1721 1428 1790 conjuncti
1471 1721 1608 1774 inter
1648 1733 1743 1773 nos
1777 1730 1981 1778 sumus,
2015 1723 2070 1770 et

499 1819 2706 1846 _______________________________.

1210 319 1265 374 S.
1307 316 1584 374 JO.\NNIS
1621 314 2096 373 CHRYSOSTOMI
2137 317 2456 377 ARCHIEP.
2496 318 3033 386 CONSTANTINOP.

3644 334 3746 389 νη

2171 435 2332 493 urbes
2361 438 2659 497 habitamus
2683 455 2738 498 et
2763 443 2816 498 in
2842 445 3084 501 ecclesiis
3103 461 3510 518 eongregamur,
3535 459 3593 504 ut
3616 452 3749 506 alter

2166 531 2386 588 alterius
2409 549 2568 590 onera
2601 545 2892 606 portemus,
2913 548 2969 592 ut
2997 538 3131 594 alter
3150 539 3368 596 alterius
3393 553 3606 612 peccata
3630 558 3752 599 coro

2167 625 2421 695 rigamus.
2456 627 2524 682 Et
2551 628 2686 683 sicut
2710 630 2858 684 multi
2885 630 3127 686 eamdem
3149 630 3418 689 officinam
3450 635 3751 691 habitantes

2169 716 2415 774 homines
2443 719 2750 777 dil'f'erenter
2778 723 2992 792 quidem
3023 727 3388 795 negotiantur,
3417 729 3596 783 omnia
3625 746 3754 786 vero

2169 808 2222 864 in
2247 825 2532 867 commune
2557 825 2822 884 reponunt
2850 833 2862 869 :
2889 817 2966 872 sic
3005 817 3245 887 profecto
3282 829 3336 875 et
3374 836 3472 877 nos
3510 838 3750 893 agamus.

2168 901 2529 972 Quaecumque
2572 905 2710 959 bona
2746 907 2970 978 quisque
2998 910 3241 965 conferre
3281 920 3458 980 potest
3485 915 3749 982 proximo,

2169 1010 2236 1049 ne
2258 994 2432 1066 pigeat
2451 1011 2592 1060 eum,
2618 1013 2789 1066 neque
2810 998 3049 1066 differat;
3079 1001 3172 1056 sed
3195 1001 3286 1056 fiat
3306 1006 3591 1074 negotiatio
3609 1021 3752 1076 qua!-

2170 1085 2332 1153 dam,
2380 1095 2435 1142 et
2481 1089 2602 1142 talis
2649 1090 2862 1144 collatio
2906 1092 3218 1161 spiritualis,
3269 1102 3329 1148 ut
3374 1096 3428 1149 in
3470 1110 3755 1152 commune
3829 1081 3835 1086 ’

2171 1181 2348 1234 omnia
2375 1180 2726 1252 deponentes,
2755 1193 2810 1238 et
2848 1184 3042 1239 multas
3080 1186 3256 1256 adepti
3293 1187 3524 1255 divitias,
3555 1198 3609 1245 et
3635 1206 3754 1244 ma-

2171 1287 2334 1341 gnum
2361 1276 2672 1344 conannuti
2715 1276 3044 1344 thesaurum,
3071 1280 3426 1335 communiter
3449 1293 3637 1338 omnes
3662 1299 3754 1339 re-

2171 1381 2332 1436 gnum
2355 1383 2704 1437 assequamur
2733 1369 3007 1434 caelorum,
3041 1372 3208 1440 gratia
3227 1382 3278 1426 et
3299 1372 3626 1444 benignitate
3654 1375 3756 1428 Do-

2173 1457 2302 1512 mini
2333 1460 2499 1513 nostri
2538 1459 2664 1514 Jesu
2703 1458 2924 1526 Christi,
2954 1477 3051 1532 per
3077 1477 3234 1532 quem
3261 1472 3454 1518 etcum
3483 1479 3590 1534 quo
3613 1451 3756 1522 Patri

2173 1549 2344 1619 gloria
2365 1591 2379 1616 ,
2412 1550 2570 1604 simul
2597 1560 2651 1605 et
2677 1560 2863 1604 sancto
2893 1552 3138 1622 Spiritui,
3169 1569 3310 1610 nunc
3345 1563 3400 1610 et
3440 1571 3676 1626 semper,
3703 1569 3756 1617 et

2175 1639 2228 1695 in
2256 1641 2451 1696 saecula
2479 1642 2817 1697 smculorum.
2843 1645 3034 1699 Amen.

485 1919 552 1968 in
587 1927 1014 1970 MAGISTRATUS
1047 1927 1126 1968 ΑΒ
1168 1922 1577 1968 IMPERATORI:
1618 1917 1978 1962 TEEODOSIO
2019 1917 2256 1969 MISSOS,
2284 1912 2690 1957 ELLEBICHUM
2723 1912 3092 1958 maeremus!
3128 1915 3429 1972 murum,
3458 1917 3539 1960 ET
3571 1918 3766 1964 σεεμ

581 2023 737 2065 ιιιυΜ
784 2021 1156 2066 MAGISTBUM
1199 2005 1310 2087 (α),
1399 2023 1484 2065 AD
1527 2018 2125 2063 PRBVABICATORUM
2169 2013 2651 2069 INQUISITIONEM
2718 2013 3000 2056 PROPTER
3047 2016 3431 2062 εΤΑτυΑιωΜ
3473 2018 3755 2063 ευθνιςιιι

581 2128 709 2169 SION’
721 2125 806 2166 ΕΜ
818 2151 832 2164 .

2008 2248 2017 2257 ο
2044 2239 2076 2265 ικ

2032 2265 2075 2282 ,δ’δ’
2084 2263 2106 2284 ο
2162 2260 2178 2276 Γ·
2192 2264 2233 2279 .“.⁶σ

1066 2371 1285 2415 BOHILIA
1323 2371 1448 2412 XVII.

553 2455 605 2510 1.
637 2454 946 2526 Opportune
976 2467 1164 2506 omnes
1196 2450 1352 2505 hodie
1374 2449 1529 2534 simul
1553 2445 1942 2510 concinuimus,
1973 2444 2069 2497 Be-

478 2549 705 2602 nedictus
731 2543 978 2600 Dominus
1010 2545 1142 2598 Deus
1172 2542 1356 2605 Israel,
1385 2543 1470 2612 qui
1500 2542 1621 2612 facit
1647 2539 1900 2594 mirabilia
1928 2539 2066 2604 solus

479 2639 649 2711 (Psal.
675 2639 762 2694 71.
793 2637 900 2711 18).
949 2637 1159 2692 Etenim
1197 2635 1437 2689 miranda
1477 2644 1530 2689 et
1566 2627 1869 2702 opinionem
1907 2645 2068 2684 exce-

479 2732 657 2785 dentia
689 2731 822 2784 facta
847 2740 967 2784 sunt
996 2727 1202 2797 negotia
1237 2745 1249 2779 :
1280 2727 1466 2780 tubera
1515 2734 1676 2778 totam
1718 2733 1772 2778 et
1816 2723 2068 2792 pupulum

478 2833 682 2878 tantum
701 2824 808 2892 jam
836 2820 1308 2891 submergendum,
1333 2828 1386 2873 et
1407 2817 1504 2871 sub
1531 2817 1702 2872 undas
1731 2815 1991 2886 agendum
2014 2825 2069 2870 et

476 2914 803 2984 perdendum
836 2912 1073 2968 funditus
1103 2911 1280 2966 Statim
1309 2951 1324 2975 ,
1366 2923 1475 2964 uno
1505 2909 1760 2977 temporis
1790 2914 2067 2961 momento

476 3005 544 3059 ab
567 3004 715 3058 onmi
751 3002 1026 3072 naufragio
1057 3001 1321 3058 liberavit.
1370 2999 1582 3054 Gratias
1621 3000 1780 3068 igitur
1817 3013 2063 3067 agamus,

479 3111 586 3150 non
615 3103 817 3148 tantum
848 3093 1098 3163 quoniam
1130 3099 1499 3161 tempestatem
1528 3089 1755 3152 sedavit,
1781 3089 1873 3142 sed
1905 3089 2066 3143 etiam

473 3187 725 3254 quoniam
763 3185 931 3254 ipsam
956 3184 1066 3238 fieri
1099 3183 1338 3253 permisit
1368 3200 1384 3238 :
1413 3198 1516 3236 non
1569 3190 1769 3235 tantum
1816 3180 2065 3249 quoniam

475 3278 752 3348 naufragio
774 3292 870 3331 nos
898 3276 1157 3338 liberavit,
1189 3274 1284 3328 sed
1309 3274 1467 3328 etiam
1497 3272 1638 3358 quod
1663 3273 1714 3326 in
1741 3281 1937 3326 tantam
1969 3287 2066 3326 nos

471 3370 772 3438 angustiam
802 3367 995 3422 cadere
1021 3365 1300 3435 permisit,
1342 3373 1397 3419 et
1443 3371 1739 3418 extremum
1772 3363 2064 3431 periculum

473 3459 628 3514 nobis
656 3459 956 3513 imminere.
989 3457 1076 3512 Sic
1102 3464 1156 3510 ct
1182 3456 1375 3509 Paulus
1403 3455 1455 3507 in
1483 3454 1731 3507 omnibus
1759 3454 1916 3522 jussit
1943 3468 2065 3522 gra-

475 3554 573 3606 tias
614 3567 794 3621 agere.
833 3551 968 3604 Cum
1001 3563 1128 3603 vero
1167 3548 1330 3601 dicit:
1368 3545 1430 3599 In
1459 3547 1690 3599 omnibus
1715 3546 1907 3615 gratias
1934 3545 2065 3615 agite

472 3646 550 3712 (l.
575 3643 754 3698 Thess.
783 3643 836 3698 5.
869 3643 957 3714 18)
990 3660 1001 3694 :
1037 3643 1140 3695 hoc
1169 3641 1453 3710 significat,
1488 3655 1592 3694 non
1625 3649 1830 3708 tantum
1860 3640 1909 3692 in
1937 3653 2062 3707 gra-

475 3736 619 3788 vium
650 3734 934 3798 Solutione,
957 3747 1140 3786 verum
1170 3740 1223 3785 et
1251 3732 1302 3784 in
1333 3732 1569 3800 gravium
1589 3730 1606 3760 ¹
1632 3737 1868 3799 tempore
1899 3747 1911 3782 :
1940 3743 2060 3782 nam

470 3828 804 3899 Diligentibus
834 3825 997 3881 Deum
1021 3828 1190 3880 omnia
1213 3835 1548 3896 cooperantur
1578 3830 1629 3878 in
1660 3825 1846 3878 bonum
1884 3824 2059 3897 (Rom.

470 3921 523 3976 8.
552 3921 665 3990 28).
697 3919 906 3974 Gratias
933 3919 1030 3988 ipsi
1055 3933 1273 3988 agamus
1297 3927 1515 3986 propter
1539 3917 1884 3970 Ientationum
1907 3917 2065 3971 abso—

471 4013 746 4075 lutionem,
784 4021 839 4067 et
882 4011 1068 4064 harum
1096 4024 1380 4080 numquam
1405 4007 1783 4062 obliviscamur
1814 4026 1827 4062 :
1857 4009 2061 4062 oratio-

469 4103 626 4158 nibus
675 4115 960 4168 vacemus,
1007 4098 1481 4169 supplicationibus
1522 4099 1825 4163 continuis,
1879 4099 2060 4166 pietati

469 4196 670 4251 multae.
709 4193 842 4250 Cum
869 4209 897 4248 a
929 4191 1191 4263 principio
1215 4191 1393 4262 gravis
1420 4191 1608 4245 horum
1635 4191 1895 4244 malorum
1927 4206 2058 4262 pyra

465 4289 625 4342 fuerit
644 4302 888 4351 accensa,
905 4285 1148 4341 dicebam
1172 4299 1275 4338 non
1298 4297 1416 4338 esse
1435 4281 1694 4336 doctrina:
1717 4291 1942 4352 tempus,
1964 4283 2058 4338 sed

467 4379 764 4434 orationum
796 4397 810 4433 :
839 4377 942 4434 hoc
971 4375 1209 4446 profecto
1237 4383 1292 4430 et
1314 4389 1456 4429 nunc
1480 4383 1763 4443 postquam
1791 4373 2055 4427 exstincta

465 4483 547 4527 est
589 4473 732 4536 dico,
765 4485 906 4525 nunc
930 4469 1102 4539 magis
1135 4477 1346 4538 tempus
1376 4465 1677 4519 orationum
1705 4480 1825 4520 esse
1845 4506 1860 4531 ,
1895 4481 2056 4535 quam

467 4563 617 4632 prius
641 4581 654 4616 :
679 4577 820 4617 nunc
843 4562 1072 4615 maxime
1099 4559 1452 4630 lacrymarum
1477 4565 1686 4625 tempus
1715 4565 1769 4610 et
1798 4571 2056 4625 compun-

461 4657 655 4710 ctioais
694 4663 748 4710 et
783 4654 976 4708 animae
1005 4653 1180 4707 anxiae
1209 4651 1471 4720 multique
1515 4647 1676 4703 studii
1716 4657 1771 4702 et
1811 4649 2053 4705 cautelae.

462 4746 612 4801 Tunc
641 4759 832 4814 nempe
857 4745 969 4814 ipsa
997 4742 1396 4798 tribulationum
1423 4748 1608 4794 natura
1632 4739 1716 4792 vel
1741 4740 1935 4792 invitos
1957 4754 2055 4794 nos

461 4838 784 4908 corripiebat
811 4847 865 4892 et
886 4837 1158 4891 modestos
1187 4834 1434 4895 faciebat,
1469 4841 1523 4887 et
1548 4832 1613 4886 ad
1639 4831 1895 4902 majorem
1924 4848 2051 4902 age-

461 4932 549 4985 hat
596 4931 979 4992 reverentiam;
1033 4943 1174 4982 nunc
1210 4935 1410 4990 autem,
1442 4925 1619 4979 ablato
1649 4925 1802 4979 freno
1825 4936 1880 4980 et
1911 4926 2052 4980 nube

461 5024 761 5094 praeterita,
803 5023 1098 5078 timendum
1127 5037 1195 5076 ne
1217 5020 1283 5076 ad
1314 5029 1582 5091 torporem
1606 5016 1955 5086 declinemus,
1987 5035 2052 5074 ue

459 5117 737 5186 segniores
762 5114 1053 5170 reddamur
1072 5128 1283 5168 rursum
1311 5129 1375 5166 ex
1409 5111 1746 5176 remissione,
1779 5127 1846 5165 ne
1871 5111 1939 5167 de
1965 5129 2053 5167 no-

457 5209 539 5264 bis
567 5223 778 5278 quoque
816 5206 1076 5277 quispiam
1118 5204 1263 5260 dicat
1292 5221 1304 5257 :
1332 5201 1461 5258 Cum
1502 5202 1746 5257 occideret
1785 5219 1901 5268 eos,
1934 5213 2052 5258 tunc

520 5343 538 5410 ἲ
574 5338 706 5410 ἐλπὶυᾴ
718 5345 827 5388 δ³νο
849 5335 1065 5410 ἓὲείίυτν
1078 5333 1797 5410 ἀπαξθίῗηὲίΐῖἓτᾸῖτῩλέἴζαηίτὲηξ·

517 5395 750 5464 (a)'Brix.
772 5395 948 5448 omittit
983 5410 1161 5446 nomen
1198 5396 1388 5468 (_;:esarii
1412 5395 1619 5504 magistri
1657 5395 1785 5456 quod
1824 5395 2047 5468 addimus

525 5464 696 5504 armis
717 5460 860 5504 codd.
885 5461 1062 5504 quibus
1099 5456 1415 5504 adstipulatur
1445 5463 1480 5504 T
1518 5455 1739 5504 eodoret.
1767 5463 2046 5504 Mamstrum

457 5478 486 5511 c
525 5455 696 5512 braccis
717 5460 860 5511 Codd.
885 5461 1062 5523 quibus
1097 5455 1742 5523 adstipulatur_Theodoret._
1767 5459 2046 5523 Magistrum

456 5534 620 5573 autem
644 5518 1058 5572 otﬁciorum'hunc
1089 5520 1242 5570 fuisse
1277 5518 1501 5580 intellige
1524 5521 1609 5580 qui
1635 5525 1687 5568 et
1702 5518 1925 5568 absolute
1951 5526 2044 5569 ata-

455 5588 610 5648 gister
634 5582 922 5648 appellatur,
947 5581 1062 5632 licet
1084 5581 1164 5648 alii
1184 5586 1350 5629 essent
1373 5579 1908 5648 Magistriscriniorunl,
1937 5583 2045 5643 epi-

456 5641 686 5694 stolarum
697 5641 763 5695 'et
786 5643 1060 5694 libellorum
1075 5644 1367 5691 ("rzeeornun
1395 5641 1464 5689 Ad
1483 5644 1759 5703 Magistrum
1779 5641 2043 5692 olIi'C‘lorum

456 5708 704 5758 disciplina
735 5707 898 5770 palatii
935 5705 1232 5770 pertinebat,
1255 5712 1308 5756 et
1326 5703 1511 5764 ofﬁciis,
1541 5703 1590 5752 id
1625 5711 1720 5765 est,
1757 5705 2046 5756 ministeriis

457 5780 606 5828 prater
617 5779 684 5821 at.

2176 2347 2462 2414 quaerebant
2502 2362 2613 2399 eum
2635 2386 2648 2408 ,
2681 2357 2727 2399 et
2771 2349 3156 2411 revertebantur,
3185 2360 3231 2403 et
3257 2351 3478 2405 diluculo
3505 2352 3761 2408 veniebant

2177 2438 2244 2488 ad
2285 2435 2446 2490 Deum
2493 2437 2672 2498 (I’sal.
2701 2439 2789 2490 77.
2812 2438 2930 2506 54).
2955 2437 3078 2496 Ideo
3118 2441 3290 2496 Muses
3327 2441 3540 2498 Juduros
3577 2448 3758 2498 adum-

2177 2532 2337 2585 nebat
2363 2531 2549 2584 dicens
2581 2549 2593 2584 :
2633 2529 2908 2597 Postquam
2936 2533 3210 2588 comederis
3235 2545 3279 2588 et
3307 2536 3506 2603 biberis,
3533 2548 3579 2591 et
3605 2539 3772 2608 [ueris

2175 2623 2417 2692 repletus,
2457 2624 2723 2676 recordare
2766 2622 2973 2677 Domini
3015 2625 3107 2678 Dei
3149 2627 3223 2678 tui
3245 2626 3424 2698 (Deut.
3452 2629 3759 2701 6.12.15).

2174 2713 2327 2768 Nunc
2367 2714 2632 2768 sincerum
2677 2715 3003 2783 propositum
3048 2727 3280 2772 vestrum
3327 2719 3608 2787 videbitur,
3636 2722 3760 2779 siin

2173 2808 2362 2863 eadem
2408 2809 2711 2862 manseritis
2759 2810 2951 2877 pietate
2981 2827 2995 2863 :
3031 2819 3152 2864 tunc
3180 2811 3376 2881 quippe
3402 2813 3552 2866 multi
3585 2814 3760 2868 timori

2172 2901 2228 2955 et
2269 2900 2532 2954 malorum
2583 2900 2803 2953 illationi
2842 2901 3076 2956 studium
3107 2914 3341 2958 vestrum
3369 2905 3730 2961 attribuebant

2172 3007 2315 3046 nunc
2341 3007 2466 3046 vero
2493 3007 2680 3062 purum
2709 2992 2810 3046 erit
2834 2994 3086 3048 meritum
3114 3005 3369 3061 vestrum,
3400 2997 3446 3050 si
3479 2996 3534 3050 in
3569 2997 3760 3052 eodem

2173 3082 2352 3136 studio
2394 3085 2766 3151 permaneatis.
2817 3084 3078 3152 Quoniam
3104 3096 3158 3141 et
3185 3075 3439 3157 puerulus
3467 3088 3512 3143 si
3540 3089 3665 3144 dum
3692 3090 3761 3144 ab

2171 3176 2352 3246 aliquo
2381 3175 2554 3246 agitur
2581 3177 2871 3248 paedagogo
2901 3178 3126 3234 terribili
3153 3221 3167 3244 ,
3197 3195 3316 3234 cum
3347 3181 3606 3236 modestia
3632 3184 3757 3236 vivit

2171 3279 2223 3323 et
2254 3271 2680 3335 mansuetudine,
2714 3271 2844 3325 nihil
2882 3281 2966 3326 est
3004 3274 3322 3341 mirandum,
3353 3275 3446 3329 sed
3489 3275 3756 3345 paedagogi

2173 3362 2350 3415 timori
2379 3363 2526 3431 pueri
2561 3361 2876 3416 modestiam
2905 3365 3203 3419 attribuunt
3229 3380 3446 3431 omnes;
3478 3382 3599 3424 cum
3630 3383 3758 3421 vero

2169 3452 2410 3522 deposita
2434 3454 2751 3508 necessitate
2779 3455 2866 3508 ille
2896 3456 2945 3508 in
2970 3457 3156 3510 eadem
3181 3460 3434 3512 manserit
3455 3458 3754 3524 honestate,

2170 3553 2298 3599 tunc
2331 3554 2384 3599 et
2407 3560 2566 3614 quam
2596 3544 2778 3599 habuit
2808 3546 2857 3598 in
2891 3548 3065 3616 priore
3095 3558 3253 3603 mtate
3281 3549 3593 3604 modestiam
3612 3593 3626 3615 ,
3656 3552 3755 3621 ipsi

2167 3650 2354 3689 omnes
2381 3635 2709 3690 adscribunt.
2741 3637 2851 3692 [loc
2871 3647 2924 3691 et
2945 3655 3043 3693 nos
3071 3641 3252 3709 utique
3279 3641 3553 3704 faciamus,
3583 3643 3634 3695 in
3660 3656 3756 3697 ea-

2167 3726 2291 3781 dem
2323 3738 2598 3782 manentes
2626 3730 2948 3792 reverentia,
2979 3739 3036 3784 ut
3066 3740 3119 3785 et
3142 3732 3330 3800 prioris
3353 3733 3514 3786 studii
3543 3733 3752 3788 laudem

2167 3819 2387 3872 multam
2430 3834 2461 3874 a
2511 3820 2619 3874 Deo
2670 3820 2962 3890 capiamus.
3011 3821 3291 3878 lnnumera
3331 3826 3756 3894 exspectavimus

2166 3910 2306 3965 mala
2328 3953 2343 3976 ,
2374 3914 2612 3965 omnium
2643 3912 2968 3967 substantias
2997 3915 3264 3985 direptum
3308 3917 3370 3970 iri
3397 3959 3412 3982 ,
3456 3918 3754 3974 habitacula

2167 4019 2287 4058 cum
2320 4003 2679 4060 habitantibus
2705 4006 3062 4061 comburenda
3086 4051 3102 4069 ,
3131 4008 3398 4064 civitatem
3443 4011 3618 4064 medio
3654 4013 3756 4066 tol-

2165 4096 2377 4151 lendam
2411 4114 2475 4152 ex
2506 4099 2657 4165 orbe,
2687 4107 2741 4154 et
2772 4100 2936 4168 ipsius
2973 4101 3223 4171 reliquias
3251 4118 3438 4158 omnes
3470 4105 3750 4174 perituras,

2163 4198 2399 4244 aratrum
2443 4191 2610 4260 ipsius
2659 4203 2853 4246 terram
2897 4203 3299 4264 suscepturam;
3343 4197 3436 4251 sed
3476 4213 3602 4252 ecce
3632 4198 3753 4253 hzec

2162 4282 2340 4335 omnia
2383 4285 2517 4336 intra
2561 4284 3015 4354 exspectationem
3066 4295 3268 4341 tantum
3308 4297 3592 4354 steterunt,
3617 4291 3749 4345 etin

2161 4387 2296 4440 opus
2321 4389 2426 4427 non
2451 4384 2844 4442 processerunt.
2873 4376 2980 4432 Nec
3003 4377 3106 4434 hoc
3126 4380 3297 4434 solum
3319 4390 3402 4434 est
3425 4381 3768 4450 mirandum,

2161 4466 2300 4534 quod
2326 4475 2528 4520 tantum
2553 4468 2770 4537 periculi
2793 4469 2932 4523 Deus
2951 4469 3188 4537 abstulit,
3207 4472 3301 4528 sed
3317 4475 3477 4527 etiam
3499 4475 3748 4544 quoniam

2160 4559 2367 4629 magnis
2390 4574 2487 4615 nos
2516 4559 2690 4615 allecit
2711 4561 3002 4630 beneficiis,
3031 4571 3084 4618 et
3109 4564 3377 4619 civitatem
3404 4575 3643 4622 nostram
3663 4582 3752 4622 or-

2161 4651 2343 4714 navit,
2389 4667 2592 4721 nosque
2623 4667 2716 4720 per
2744 4652 2881 4707 hanc
2905 4655 3253 4710 tentationem
3297 4665 3351 4710 et
3389 4658 3748 4714 calamitatem

2160 4743 2492 4810 probatiores
2517 4742 2711 4798 effecit.
2744 4745 2860 4813 Quo
2880 4761 3008 4800 vero
3040 4757 3214 4815 pacto,
3245 4762 3344 4818 ego
3374 4749 3566 4804 dicam.

2232 4835 2475 4889 Monac/ti
2496 4853 2558 4890 ex
2585 4837 2834 4891 montibus
2861 4838 3180 4893 Antiochiam
3200 4841 3527 4904 descendunt,
3551 4849 3604 4897 ut
3629 4845 3750 4897 civi.

2158 4927 2251 4980 tati
2279 4928 2473 4981 veniam
2511 4930 2793 4998 impetrent.
2823 4959 2894 4969 —
2922 4929 3057 4984 Nam
3085 4932 3298 5002 quando
3323 4933 3391 4988 ab
3421 4934 3749 5004 lmperatore

2157 5019 2390 5073 missi-ad
2404 5019 2810 5074 commissorum
2833 5021 3231 5092 inquisitionem
3256 5026 3591 5080 tremendum
3619 5026 3747 5082 illud

2155 5111 2484 5166 constituere
2509 5111 2772 5180 gldicium
2794 5153 2808 5177 ,
2850 5127 3145 5184 omnesque
3171 5114 3236 5169 ad
3263 5116 3529 5171 scelerum
3560 5133 3748 5187 paznas

2155 5202 2417 5255 vocabant
2443 5211 2497 5256 et
2521 5203 2665 5256 varia
2702 5204 2890 5270 mortis
2936 5205 3183 5260 omnibus
3227 5217 3344 5262 erat
3387 5209 3744 5279 exspectatio,

2159 5303 2283 5348 nmc
2311 5293 2540 5347 vertices
2569 5295 2826 5348 montium
2857 5294 3152 5352 habitantes
3173 5300 3442 5366 monachi,
3475 5301 3748 5370 propriam

2155 5387 2458 5442 exhibuere
2487 5386 2902 5458 philosophiam.
2931 5388 3169 5460 Namque
3199 5401 3275 5446 tot
3304 5393 3460 5448 annis
3482 5395 3532 5448 in
3559 5408 3747 5449 caver-

2156 5479 2240 5532 nis
2261 5478 2374 5534 suis
2389 5479 2647 5546 conclusi,
2667 5480 2882 5536 nemine
2902 5480 3217 5548 advocantc,
3237 5485 3494 5541 suadente
3511 5487 3746 5554 nemine,

2157 5579 2440 5640 postquam
2464 5570 2658 5625 nubem
2686 5579 2886 5626 tantam
2915 5574 3183 5629 civitatem
3206 5577 3638 5633 circumstantem
3665 5579 3750 5633 vi-

2152 5662 2367 5728 derunt,
2400 5663 2740 5718 tabernacula
2770 5664 3156 5737 speluncasque
3199 5683 3322 5723 suas
3365 5669 3747 5740 derelinquen-

2157 5765 2257 5826 tes,
2281 5759 2512 5833 undique
2538 5758 2929 5828 confluxerunt,
2948 5760 3092 5814 velut
3113 5760 3283 5834 angeli
3305 5762 3520 5839 quidam
3542 5763 3751 5820 decmlo
