4112 6388
260 405 358 460 ΠΙ

259 519 291 574 ὃ
316 521 409 574 τοῦ
444 521 649 592 κόσμου
692 522 886 586 παντὸς
922 522 1103 594 μεῖζόν
1135 526 1271 586 ἐστι,
1302 523 1460 577 τοῦτό
1491 542 1573 579 σοι
1596 525 1800 593 δίδωσι,
1829 526 1931 596 τὴν

264 608 541 679 βασιλείαν
571 611 679 664 τῶν
721 611 985 683 οὐρανῶν,
1020 612 1117 666 καὶ
1152 614 1212 666 οὐ
1246 613 1403 667 τοῦτο
1453 614 1635 684 μόνον,
1671 615 1807 669 ἀλλά
1839 618 1933 670 καὶ

260 698 450 770 ἕτερον
475 698 611 768 πρὸς
651 698 843 770 τούτῳ.
875 701 1032 753 Ποῖον
1056 701 1120 771 δὴ
1149 700 1339 767 τοῦτο;
1390 701 1452 755 Ὀ
1473 701 1707 771 ἐξάγων
1736 704 1931 772 τίμιον

260 785 329 849 ἐξ
358 784 632 850 ἀναξίου,
661 787 742 853 ὡς
762 788 957 856 στόμα
978 807 1097 856 μου
1126 788 1318 853 ἔσται,
1349 790 1502 860 φησί’
1534 790 1587 843 τί
1621 790 1811 845 τούτου
1842 792 1933 861 γέ-

260 874 391 926 νοιτ’
424 872 491 926 ἂν
524 872 636 926 ίσον
691 876 769 937 εἰς
796 875 962 945 τιμῆς
1004 875 1163 944 λόγον
1193 877 1287 929 καὶ
1328 877 1662 945 ἀσφαλείας;
1695 878 1825 933 Ποία
1874 881 1916 934 δε
1951 918 1955 926 ι

259 963 393 1033 ἡμῖν
421 961 686 1031 ἀπολογία
711 963 802 1017 καὶ
836 962 1132 1036 συγγνώμη
1188 964 1327 1035 μετὰ
1368 965 1466 1037 τὴν
1492 966 1757 1037 τοσαύτην
1809 968 1927 1022 ὑπό-

260 1066 447 1118 σχεσιν
468 1049 569 1119 τῆς
607 1051 714 1103 τῶν
750 1051 976 1121 πλησίον
1015 1051 1280 1123 ἀμελοῦσι
1320 1053 1627 1124 σωτηρίας;
1672 1056 1744 1108 Σὺ
1792 1055 1836 1107 δ’
1867 1055 1932 1109 ἂν

260 1137 363 1206 μέν
396 1138 479 1200 εἰς
508 1136 777 1208 βάραθρον
810 1139 925 1212 ἴδῃς
950 1139 1363 1194 καταπίπτοντα
1392 1141 1612 1210 τυφλὸν,
1646 1144 1800 1213 χεῖρα
1822 1141 1933 1212 ὀρέο

256 1241 397 1292 γεις,
422 1226 517 1278 καὶ
543 1226 783 1296 νομίζεις
819 1228 1038 1293 ἀνάξιον
1068 1223 1207 1282 εἶναι
1236 1227 1299 1280 τὸ
1327 1229 1589 1299 περιιδεῖν
1621 1228 1932 1299 ἀπολλύμε-

254 1328 371 1365 νον’
402 1312 545 1383 ὁρῶν
565 1313 760 1367 δὲκαθ’
790 1315 1028 1386 ἐκάστην
1068 1314 1282 1388 ἡμέραν
1316 1315 1933 1387 κατακρημνιζομένους

254 1401 472 1474 πάνζας
500 1403 626 1465 τούς
654 1402 914 1471 ἀδελφοὺς
933 1405 1012 1465 εἰς
1033 1403 1133 1472 τὴν
1157 1402 1399 1473 πονηρὰν
1420 1402 1529 1456 τῶν
1587 1404 1766 1473 ὅρκων
1807 1419 1935 1455 συν-

253 1487 471 1559 ήθειαν,
492 1490 654 1542 οὐδέε
682 1491 832 1562 ῥῆμα
850 1489 1114 1560 προέσθαι
1141 1491 1345 1561 τολμᾷς
1364 1508 1379 1555 ;
1421 1490 1558 1544 Ἀλλ’
1574 1487 1732 1550 εἶπας
1762 1489 1929 1558 ἅπαξ,

252 1577 355 1629 καὶ
388 1577 489 1631 οὐκ
529 1578 780 1646 ήκουσενο
826 1578 1019 1632 οὐκοῦν
1058 1579 1179 1632 εἰπὲ
1229 1580 1325 1632 καὶ
1366 1579 1466 1644 δις,
1516 1579 1610 1633 καὶ
1651 1580 1793 1650 τρὶς.
1838 1580 1934 1633 καὶ

248 1664 601 1729 τοσαυτάκις,
634 1664 739 1730 ἓως
760 1665 826 1720 ἂν
850 1666 1063 1737 πείσῃς.
1090 1667 1228 1721 Καθ’
1254 1667 1490 1738 ἑκάστην
1517 1668 1727 1738 ἡμέραν
1752 1668 1780 1718 ό
1802 1668 1933 1731 Θεὸς

250 1755 391 1822 ἡμῖν
434 1752 763 1821 διαλέγεται,
795 1754 890 1808 καὶ
919 1755 1020 1807 οὐκ
1043 1754 1339 1825 ἀκούομεν,
1370 1756 1464 1809 καὶ
1496 1756 1596 1808 οὐκ
1635 1754 1930 1821 ἀφίσταται

251 1840 657 1911 διαλεγόμενος
698 1841 901 1913 ταύτην
944 1842 1037 1895 καὶ
1083 1843 1149 1897 σὺ
1193 1843 1429 1914 μίμησαι
1478 1844 1575 1913 τὴν
1606 1842 1930 1912 κηδεμονίαν

322 1985 351 2014 ⁸
379 1986 473 2034 Alii
499 1984 609 2033 οὐδὲ
645 1986 761 2033 δέκα
779 1985 1044 2047 χρυσίνους,
1072 1984 1199 2034 οὐδέ.

1202 408 1291 463 AD
1330 408 1655 466 POPULUM
1697 409 2193 470 ANTiOCHENUM
2233 412 2462 471 HOMIL.
2501 415 2665 473 XVII.

3607 421 3708 478 m

2035 529 2164 599 περὶ
2179 528 2269 581 τὸν
2303 531 2546 600 πλησίον.
2607 531 2706 585 Διά
2734 532 2891 585 τοῦτο
2927 534 3043 603 μετ’
3089 533 3332 605 ἀλλήλων
3385 538 3572 601 ἐσμὲν,
3607 541 3708 596 καὶ

2038 617 2220 681 πόλεις
2245 619 2523 690 οἰκοῦμεν,
2554 621 2648 675 καὶ
2679 624 2735 675 ἐν
2770 620 3089 691 ἐκκλησίαις
3125 624 3493 696 συναγόμεθα,
3524 627 3611 680 ῖνα
3634 620 3706 683 τὰ

2034 704 2277 776 ἀλλήλων
2304 706 2442 778 βάρη
2475 707 2951 779 βαστάζωμεν,ῖνα
2972 709 3041 762 τὰ
3061 710 3302 781 ἀλλήλων
3333 713 3708 784 ἁμαρτήματα

2033 793 2393 865 διορθὼμεθα.
2429 796 2536 849 Καὶ
2564 796 2814 868 καθάπερ
2838 797 3200 869 ἐργαστήριον
3230 798 3288 851 ἓν
3318 801 3594 866 οἰκοῦντες
3614 802 3707 856 ἆν-

2036 882 2244 953 θρωποι
2266 883 2535 955 διαφόρως
2560 884 2657 955 μέν
2686 885 3105 956 ἐμπορεύονται,
3122 886 3298 941 πάντα
3326 888 3383 940 δὲ
3417 890 3497 951 εἰς
3520 890 3580 942 τὸ
3599 906 3710 943 κοι-

2037 971 2122 1024 νὸν
2155 971 2520 1027 ἀποτίθενταιο
2555 971 2697 1026 οὕτω
2718 972 2782 1043 δὴ
2810 974 2903 1026 καὶ
2931 974 3092 1044 ἡμεῖς
3121 973 3364 1045 ποιῶμεν
3424 975 3603 1048 Ἀπερ
3635 975 3704 1030 ἂν

2034 1058 2262 1121 ἕκαστος
2284 1058 2464 1127 ἀγαθὰ
2491 1059 2714 1115 δύναται
2746 1062 3019 1132 εἰσφέρειν
3046 1059 3123 1131 τῷ
3152 1061 3396 1132 πλησίον,
3436 1063 3508 1133 μὴ
3532 1064 3709 1118 ὀκνεί-

2033 1162 2130 1207 τω,
2172 1144 2305 1215 μηδέ
2336 1146 2667 1207 ἀναδυέσθω,
2692 1147 2827 1200 ἀλλά
2863 1146 3096 1215 γινέσθω
3124 1149 3477 1219 πραγματεία
3504 1168 3588 1214 τις
3614 1152 3710 1207 καὶ

2036 1234 2304 1298 ἀντίδοσις
2332 1234 2595 1306 τοιαύτηδ
2620 1235 2986 1307 πνευματικὴ,
3019 1235 3106 1288 ἴνα
3137 1237 3215 1297 εἰς
3241 1235 3300 1288 τὸ
3328 1236 3503 1289 κοινὸν
3536 1241 3710 1293 ἀπαν-

2034 1338 2101 1374 τα
2136 1322 2513 1392 καταθέμενοι,
2563 1325 2657 1377 καὶ
2709 1323 2874 1377 πολὺν
2926 1323 3259 1393 κτησάμενοι
3317 1322 3569 1389 πλοῦτον,
3614 1326 3709 1378 καὶ

2038 1411 2212 1481 μέγαν
2240 1412 2564 1481 ποιήσαντες
2592 1410 2684 1464 τὸν
2715 1410 3008 1482 θησαυρὸν,
3042 1413 3194 1481 κοινῇ
3226 1410 3426 1474 πάντες
3454 1411 3708 1483 τύχωμεν

2035 1501 2133 1570 τῆς
2157 1499 2434 1571 βασιλείας
2485 1500 2594 1553 τῶν
2647 1497 2913 1571 οὐρανῶν,
2961 1498 3144 1569 χάριτι
3198 1498 3292 1552 καὶ
3330 1498 3710 1571 φιλανθρωπίᾳ

2035 1588 2128 1641 τοῦ
2161 1589 2367 1661 Κυρίου
2400 1590 2557 1659 ἡμῶν
2598 1587 2771 1659 Ἰησοῦ
2804 1586 3062 1658 Χριστοῦ,
3085 1586 3152 1639 δι’
3183 1581 3242 1640 οὐ
3280 1588 3375 1639 καὶ
3402 1586 3520 1656 μεθ’
3548 1578 3609 1641 οὐ
3629 1587 3709 1657 τῷ

2038 1679 2211 1749 Πατρὶ
2239 1680 2271 1748 ἡ
2300 1676 2447 1741 δόξα,
2478 1677 2592 1747 ἅμα
2621 1675 2700 1745 τῷ
2725 1675 2865 1745 ἁγίῳ
2888 1673 3189 1744 Πνεύματι,
3226 1673 3320 1728 νῦν
3354 1673 3449 1728 καὶ
3479 1675 3565 1728 ἀεὶ
3613 1675 3710 1729 καὶ

2037 1766 2115 1828 εἰς
2141 1766 2267 1828 τοὺς
2301 1765 2501 1828 αἰῶνας
2526 1763 2633 1817 τῶν
2673 1761 2903 1816 αἰώνων.
2945 1763 3142 1835 Ἀμήν.

2100 1980 2127 2017 δ
2148 1982 2244 2031 Alii
2267 1982 2500 2036 ἀντίδοσις
2516 1982 2652 2037 αὕτη.

252 2286 364 2346 Εἰς
386 2284 527 2348 τοὺς
553 2282 848 2353 ἄρχοντας
878 2281 1015 2344 τοὺς
1054 2279 1216 2349 παρὰ
1268 2279 1375 2335 τοῦ
1436 2277 1742 2344 ,ϐασιλέως
1810 2277 2132 2332 Θεοδοσίου
2185 2274 2663 2339 ἀποσταλέντας,
2724 2273 3073 2343 Ἐ-λλέϐιχον
3135 2272 3558 2343 στρατηλάιην
3624 2278 3724 2332 καί

333 2374 655 2443 Καισὰριον
697 2374 1050 2446 μάγιστρον,
1079 2376 1167 2439 εἰς
1210 2372 1326 2442 τὴν
1392 2372 1511 2426 τῶν
1569 2370 2162 2440 πεπλημμεληκότων
2236 2365 2516 2431 ἐξέτασιν
2595 2364 2692 2420 διὰ
2738 2364 2855 2433 τὴν
2919 2363 3038 2420 τῶν
3104 2361 3486 2434 ἀνδριάντων
3538 2382 3728 2422 πατα-

326 2466 621 2537 στροφήν.

944 2661 1176 2735 Ὀμιλία
1198 2659 1281 2721 ιζ’.

339 2859 411 2906 α’.
437 2852 531 2913 Εἰς
565 2849 754 2919 καιρὸν
779 2844 1136 2916 ὐπεψὴλαμεν
1171 2855 1198 2883 ι
1228 2843 1463 2902 ἅπαντες
1495 2838 1648 2908 κοινῇ
1674 2836 1932 2905 τήμερον·

252 2939 607 3008 Εὐλογητὸς
628 2939 841 3005 Κύριος
865 2939 898 2989 ό
932 2934 1075 3000 Θεὸς
1103 2932 1213 2987 τοῦ
1241 2930 1504 2999 Ἰσραὴλ,
1532 2930 1564 2981 ὁ
1592 2923 1779 2980 ποιῶν
1798 2927 1938 2977 θαυ-

248 3028 448 3095 μάσια
471 3028 675 3096 μόνος.
707 3025 818 3079 Καὶ
844 3023 956 3094 γὰρ
987 3018 1278 3092 θαυμαστά
1302 3018 1393 3072 καὶ
1443 3011 1724 3087 παράδοξα
1745 3011 1937 3080 γέγονε

251 3118 583 3185 πράγματα’
615 3113 766 3166 πόλιν
808 3111 1101 3181 ὀλόκληρον
1128 3108 1225 3162 καλ⁵
1268 3106 1438 3177 δῆμον
1482 3102 1737 3157 τοσοῦτον
1765 3115 1937 3185 κατας

251 3184 610 3266 ποντίζεσθαι
674 3199 943 3271 μέλλοντα
980 3198 1074 3252 καὶ
1121 3194 1451 3265 ὑποϐρύχιον
1484 3189 1731 3261 γίνεσθαι
1783 3184 1934 3258 [ΠΙ]

251 3293 359 3345 καὶ
390 3287 721 3342 ἀπόλλυσθαι
749 3287 929 3339 τέλεον
969 3284 1184 3355 ἀθρόον,
1216 3285 1273 3336 ἐν
1310 3282 1409 3353 μιᾷ
1434 3278 1628 3351 καιροῦ
1665 3278 1806 3347 ῥοπῇ
1836 3273 1940 3344 τῆς

250 3378 530 3445 ναυαγίας
561 3376 780 3445 ἁπάσης
833 3372 1162 3444 ἀπήλλαξεν.
1192 3368 1693 3441 Εὐχαριστήσωμεν
1736 3361 1937 3424 τοίνυν,

255 3468 340 3538 μὴ
380 3466 558 3536 μόνον,
600 3465 686 3518 ὅτι
721 3464 810 3516 τὸν
862 3461 1108 3533 χειμῶνα
1151 3459 1359 3521 ἔλυσεν,
1398 3456 1513 3509 ἀλλ’
1542 3456 1625 3507 ὅτι
1662 3451 1757 3509 καὶ
1788 3448 1941 3518 γενέ-

254 3555 391 3609 σθαι
414 3554 573 3607 αὐτὸν
599 3551 964 3623 συνεχώρησεο
988 3548 1062 3620 μὴ
1092 3547 1251 3619 μόνον
1282 3547 1364 3599 ὅτι.
1392 3545 1491 3614 τῆς
1515 3541 1776 3609 ναυαγίας
1793 3538 1941 3609 ἡμᾶς

257 3642 597 3714 ἀπήλλαξεν,
626 3641 739 3695 ἀλλ’
787 3641 869 3693 ὅτι
911 3640 1005 3692 καὶ
1038 3641 1175 3708 πρὸς
1198 3636 1464 3704 τοσαύτην
1512 3630 1751 3699 ἀγωνίαν
1775 3643 1942 3679 κατα-

260 3733 454 3785 πεσεῖν
492 3730 693 3800 ἀφῆκε.
729 3728 824 3783 καὶ
848 3727 939 3780 τὸν
968 3726 1096 3796 περὶ
1129 3724 1238 3777 τῶν
1275 3722 1519 3792 ἐσχάτων
1552 3721 1683 3801 ἡμῖν
1712 3718 1938 3785 ἐπικρε-

262 3818 545 3889 μασθῆναι
574 3816 835 3871 κίνδυνον.
853 3814 1010 3868 Οὕτω
1034 3813 1130 3866 καὶ
1160 3811 1372 3872 Παῦλος
1393 3807 1679 3861 ἐκέλευσεν
1704 3806 1761 3856 ἐν
1778 3801 1942 3855 παντὶ

259 3908 630 3978 εὐχαριστεῖν.
667 3905 834 3957 Ὅταν
873 3903 930 3956 δέ
961 3902 1113 3975 εἴπῃ,
1156 3902 1252 3954 Ἑν
1292 3897 1469 3951 παντὶ
1509 3890 1941 3978 εὐχαριστεῖτε,

258 3977 424 4049 τοῦτο
455 3994 626 4063 λέγει,
678 3992 754 4063 μὴ
799 3993 958 4063 μόνον
1005 3992 1063 4043 ἐν
1102 3991 1170 4060 τῇ
1195 3987 1346 4040 λύσει
1384 3984 1492 4038 τῶν
1515 3980 1702 4036 δεινῶν
1724 3981 1770 4044 b,
1804 3977 1942 4033 ἀλλά

259 4086 365 4138 καὶ
389 4086 447 4137 ἐν
484 4082 561 4154 τῷ
594 4083 772 4156 καιρῷ
801 4082 911 4134 τῶν
946 4078 1155 4133 δεινῶν·
1207 4076 1335 4142 Τοῖς
1368 4073 1476 4143 γὰρ
1519 4068 1795 4140 ἀγαπῶσι
1836 4068 1943 4120 τὸν

264 4173 420 4227 Θεὸν
442 4172 638 4225 πάντα
683 4169 966 4238 συνεργεῖ
1018 4170 1106 4233 εἰς
1152 4164 1397 4235 ἀγαθόν.
1446 4159 1943 4230 Εὐχαριστήσωμεν

261 4259 421 4330 αὐτῷ
446 4259 532 4313 διὰ
549 4258 647 4330 τὴν
661 4257 814 4311 λύσιν
830 4258 936 4310 τῶν
968 4252 1315 4325 πειρασμῶν,
1341 4251 1435 4304 καὶ
1461 4247 1535 4320 μὴ
1558 4242 1945 4313 ἐπιλαθώμεθα

262 4347 474 4402 τούτων
504 4346 655 4400 ποτέ·
680 4346 863 4416 εὐχαῖς
895 4342 1274 4415 προσέχωμεν,
1307 4335 1609 4409 ἱκετηρίαις
1643 4332 1944 4401 συνεχέσιν,

266 4435 529 4506 εὐλαϐείᾳ
559 4433 750 4503 πολλῇ.
799 4433 927 4484 Ὅτε
963 4430 1113 4501 παρὰ
1159 4426 1259 4498 τὴν
1308 4424 1482 4497 ἀρχὴν
1514 4422 1547 4491 ἡ
1595 4419 1806 4491 χαλεπὴ
1836 4417 1947 4470 τῶν

265 4523 462 4577 κακῶν
483 4518 684 4576 τούτων
700 4519 916 4590 ἀνήφθη
958 4516 1126 4589 πυρά,
1154 4517 1360 4584 ἔλεγον,
1386 4514 1467 4566 ὅτι
1490 4511 1590 4563 οὐκ
1619 4508 1734 4561 ἐστι
1758 4506 1948 4578 καιρὸς

266 4610 641 4673 διδασκαλίας,
678 4607 812 4660 ἀλλὰ
840 4606 1029 4677 καιρὸς
1058 4604 1253 4675 εὐχῶν·
1275 4601 1430 4655 τοῦτο
1454 4599 1516 4670 δὴ
1536 4598 1629 4651 καὶ
1650 4596 1766 4659 νῦν,
1795 4597 1946 4648 ἐπει-

265 4700 337 4770 δὴ
372 4695 623 4767 ἐσϐέσθη,
642 4696 803 4766 λέγω,
833 4697 914 4748 δτι
943 4693 1037 4747 νῦν
1070 4692 1304 4765 μάλιστα
1330 4687 1521 4760 καιρὸς
1550 4685 1725 4756 εὐχῶν
1752 4684 1786 4755 ἢ
1816 4681 1949 4770 πρόέ

266 4803 457 4857 τερον,
493 4777 587 4837 νῦν
622 4785 856 4855 μάλιστα
880 4783 1070 4853 καιρὸς
1096 4780 1345 4850 δακρύων
1370 4780 1462 4831 καὶ
1488 4772 1827 4836 κατανύξεως
1856 4768 1950 4822 καὶ

267 4875 456 4945 ψυχῆς
504 4872 887 4943 πεπονημένης
938 4870 1033 4923 καὶ
1084 4868 1288 4937 πολλῆς
1331 4865 1567 4933 σπουδῆς
1622 4862 1717 4915 καὶ
1747 4857 1950 4945 πολλῆς

270 4944 598 5031 ἀσφαλείας.
640 4960 771 5012 Τότε
821 4959 919 5031 μὲν
951 4956 1062 5028 γὰρ
1114 4954 1251 5025 αὐτὴ
1296 4952 1403 5006 τῶν
1443 4950 1673 5019 θλίψεων
1721 4948 1754 5017 ἡ
1790 4944 1951 5013 φύσις

272 5050 379 5102 καὶ
391 5050 615 5111 ἄκοντας
634 5050 780 5118 ἡμᾶς
804 5046 1117 5101 συνέστελλε
1129 5045 1220 5097 καὶ
1236 5041 1531 5113 σωφρονεῖν
1554 5031 1949 5108 παρεσκεύαζε,

269 5138 380 5192 καὶ
439 5137 574 5208 πρὸς
636 5136 857 5190 πλείονα
920 5136 1128 5207 ἡγαγεν
1191 5130 1496 5185 εὐλάϐειανο
1534 5126 1652 5179 νυνὶ
1682 5124 1739 5177 δὲ
1771 5123 1944 5189 ἀφαι-

278 5225 537 5298 ρεθέντος
556 5222 652 5277 τοῦ
683 5222 923 5296 χαλινοῦ,
951 5222 1045 5276 καί¹
1072 5221 1166 5274 τοῦ
1185 5219 1378 5289 νέφους
1410 5211 1790 5286 παρελθόντος,
1809 5208 1949 5298 δέος,

281 5297 365 5391 μὴ
404 5320 539 5391 πρὸς
569 5318 841 5391 ρᾳθυμίαν
880 5315 1284 5383 ἀποκλίνωμεν,
1336 5309 1409 5379 μὴ
1444 5306 1755 5378 χαυνότεροι
1783 5297 1955 5391 γενώ-

282 5389 622 5480 μεθα
647 5407 750 5459 ὐπὸ
776 5405 875 5475 τῆς
908 5403 1163 5464 ἀνέσεως.
1219 5400 1291 5470 μὴ
1326 5398 1420 5449 καὶ
1453 5394 1584 5464 περὶ
1626 5394 1658 5461 ἡ
1670 5391 1784 5463 μῶν
1826 5389 1954 5480 εῐπῃ

277 5476 393 5558 τιςο
434 5497 569 5548 Ὀτε
601 5494 949 5547 ἀπέκτεινεν
966 5488 1207 5553 αὐτοὺς,
1236 5487 1368 5539 τότε
1399 5483 1717 5551 ἑξεζήτουν
1748 5476 1956 5538 αὑτὸν,

280 5582 387 5636 καὶ
412 5584 804 5650 ἐπέστρεφον,
856 5578 954 5632 καὶ
991 5575 1269 5646 ὥρθριζον
1311 5572 1459 5641 πρὸς
1500 5572 1607 5624 τὸν
1646 5568 1813 5621 Θεόν.
1860 5564 1958 5617 Διά

279 5671 446 5725 τοῦτο
476 5671 568 5724 καὶ
595 5669 834 5739 Μωῢσῆς
858 5666 1128 5729 Ἰουδαίοις
1155 5663 1384 5735 παρῄνει
1417 5661 1609 5729 λέγων·
1635 5654 1844 5726 Φαγὼν
1858 5653 1957 5707 καί

272 5758 438 5813 πιὼν
470 5757 569 5810 καί
583 5754 951 5827 ἐμπλησθεὶς
962 5752 1265 5824 μνήσθητι
1280 5750 1498 5817 Κυρίου
1519 5746 1626 5801 τοῦ
1654 5742 1802 5799 Θεοῦ
1816 5759 1954 5797 σου.

351 5896 382 5927 ⁸
412 5893 565 5944 Savil.
590 5902 642 5943 et
663 5896 856 5958 quidam
880 5907 995 5943 mss.
1018 5892 1340 5956 ὐπιψάλαμεν.

348 5958 383 5997 δ
404 5959 518 6008 38v.
542 5960 635 6005 τῶν
653 5960 943 6019 πειρασμῶν.

1964 2534 2037 2547 β

2042 2667 2155 2730 Νῦν
2188 2674 2340 2745 ὑμῶν
2367 2674 2399 2744 ἡ
2434 2670 2817 2742 εὐγνωμοσύνη
2872 2672 3140 2738 φανεῖται,
3172 2664 3238 2721 ἀν
3270 2668 3362 2720 ἐπι
3407 2668 3510 2735 τῆς
3552 2670 3716 2725 εὐλα-

2044 2764 2192 2826 ϐείας
2226 2762 2420 2833 μένητε
2448 2760 2547 2830 τῆς
2577 2759 2767 2827 αὐτῆς·
2804 2757 2925 2810 τότε
2960 2757 3057 2827 μέν
3100 2755 3210 2827 γὰρ
3238 2755 3422 2809 πολλοὶ
3454 2756 3532 2828 τῷ
3567 2750 3721 2820 φόϐῳ

2043 2850 2133 2903 καὶ
2162 2853 2227 2920 τῇ
2258 2849 2366 2901 τῶν
2389 2846 2577 2900 δεινῶν
2599 2847 2859 2914 ἐπαγωγῇ
2886 2844 2983 2914 τὴν
3010 2843 3245 2913 σπουδὴν
3259 2843 3413 2915 ὑμῶν
3447 2842 3719 2910 ἐλογίζον-

2042 2956 2122 2991 το·
2159 2937 2254 2991 νῦν
2286 2936 2342 2989 δέ
2369 2934 2611 3005 καθαρὸν
2639 2933 2794 3003 ὐμῶν
2820 2932 2970 2984 ἔσται
3004 2930 3066 2983 τὸ
3105 2931 3456 3003 κατόρθωμα,
3502 2930 3569 2984 ἂν
3601 2931 3720 3001 μειο

2044 3042 2170 3096 νητε
2219 3023 2318 3095 τήν
2352 3022 2521 3093 αὐτὴν
2550 3020 2933 3093 διατηροῦντες
2966 3018 3223 3090 σπουδήν.
3269 3018 3424 3072 Ἐπεὶ
3454 3018 3550 3072 καὶ
3590 3036 3722 3073 παι-

2043 3113 2171 3177 δίον,
2203 3113 2308 3175 ἓως
2334 3112 2430 3182 μέν
2449 3110 2514 3163 ἂν
2555 3109 2659 3162 ὐπὸ
2684 3104 3035 3176 παιδαγωγοῦ
3080 3124 3224 3170 τινος
3250 3105 3451 3176 ἄγηται
3464 3104 3719 3177 φοϐεροῦ.

2045 3202 2138 3253 καὶ
2172 3199 2309 3271 μετά
2360 3196 2714 3269 σωφροσύνης
2757 3194 2853 3249 καὶ
2886 3195 3187 3257 ἐπιεικείας
3219 3193 3287 3265 ζῇ
3322 3204 3371 3257 ο,
3406 3192 3726 3264 θαυμαστὸν

2044 3288 2216 3347 οὐδὲν,
2238 3285 2374 3338 ἀλλὰ
2418 3283 2494 3355 τῷ
2524 3284 2618 3337 τοῦ
2665 3280 3016 3352 παιδαγωγοῦ
3052 3280 3203 3351 φόϐῳ
3235 3275 3335 3350 τὴν
3366 3281 3726 3351 σωφροσύνην

2044 3376 2139 3430 τοῦ
2182 3377 2301 3429 νέου
2335 3375 2638 3442 λογίζονται
2695 3373 2916 3434 πάντες
2958 3372 3086 3425 ὅταν
3124 3369 3200 3423 ’δέ
3242 3368 3584 3438 ἀποθέμενος
3622 3369 3720 3438 τὴν

2045 3465 2254 3519 ἐκεῖθεν
2284 3463 2550 3531 ἀνάγκην,
2582 3461 2674 3514 ἐπὶ
2715 3460 2812 3529 τῆς
2842 3459 3012 3527 αὐτῆς
3044 3457 3180 3529 μένῃ
3215 3456 3565 3525 σεμνότητος,
3601 3456 3724 3508 τότε

2046 3553 2139 3606 καὶ
2166 3554 2266 3624 τὴν
2310 3551 2402 3603 ἐπὶ
2449 3550 2546 3621 τῆς
2586 3548 2857 3620 προτέρας
2907 3545 3122 3615 ἡλικίας
3167 3542 3522 3614 σωφροσύνην
3570 3541 3724 3611 αὐτῷ

2048 3642 2250 3703 πάντες
2298 3636 2625 3707 λογίζονται.
2676 3634 2847 3687 Τοῦτο
2875 3633 2937 3703 δὴ
2969 3632 3061 3685 καὶ
3106 3632 3266 3701 ἡμεῖς
3307 3631 3624 3702 ποιήσωμεν
3664 3628 3720 3667 δ’

2048 3730 2142 3783 ἐπὶ
2168 3728 2268 3798 τῆς
2298 3726 2465 3797 αὐτῆς
2498 3724 2747 3796 μένωμεν
2778 3721 3081 3785 εὐλαϐείας,
3107 3721 3193 3774 ἵνα
3208 3720 3303 3774 καὶ¹
3327 3720 3426 3791 τῆς
3456 3719 3731 3791 προτέρας

2051 3816 2286 3887 σπουδῆς
2311 3814 2479 3868 πολὺν
2505 3812 2598 3865 τὸν
2646 3812 2868 3865 ἔπαινον
2916 3808 3069 3881 παρά
3098 3806 3192 3861 τοῦ
3245 3806 3382 3860 Θεοῦ
3418 3805 3729 3878 καρπωσω-

2058 3904 2218 3976 μεθα.
2250 3902 2439 3973 Μυρία
2493 3899 2984 3972 προσεδοκήσαμεν
3039 3896 3207 3962 δεινὰ,
3253 3895 3352 3958 τὰς
3409 3896 3597 3960 οὐσίας
3652 3895 3735 3950 (ιο

2051 3996 2471 4070 αρπαγήσεσθαι
2502 3994 2745 4056 πάντων,
2787 3990 2857 4044 τά
2902 3990 3179 4060 οἰκήματα
3231 3980 3726 4070 ἐμπρησθήσεσθαι

2053 4064 2335 4154 μετὰτῶν
2367 4078 2684 4140 οἰκούντων,
2726 4076 2823 4146 τὴν
2869 4074 3022 4127 πόλιν
3073 4074 3137 4125 ἐκ
3178 4070 3349 4154 μέσης
3377 4064 3730 4154 ἀναρῗπαςθῄ·

2053 4148 2240 4221 σεσθαι
2266 4166 2365 4236 τῆς
2392 4162 2740 4233 οἰκουμένης,
2776 4158 2869 4212 καὶ
2913 4158 2982 4209 τὰ
3019 4156 3246 4224 λείψανα
3277 4151 3463 4236 αὐτῆς
3501 4148 3725 4236 ἀπολεῖτ

2054 4248 2179 4302 σθαι
2213 4231 2455 4306 ἅπαντα,
2499 4231 2726 4314 ἄροτρον
2753 4240 2921 4310 αὐτῆς
2945 4239 3009 4291 ’τὸ
3039 4238 3231 4306 ἔδαφος
3270 4233 3514 4299 δέξεσθαι
3539 4249 3554 4264 ·
3604 4231 3725 4287 ἀλλ’

2055 4333 2165 4386 ἰδοὺ
2204 4330 2377 4384 ταῦτα
2414 4330 2592 4383 πάντα
2629 4325 2722 4379 ἐπὶ
2761 4323 2860 4395 τῆς
2892 4320 3217 4392 προσδοκίας
3250 4317 3381 4388 ἔστη
3418 4315 3577 4387 μόνον
3627 4317 3725 4370 καὶ

2051 4419 2131 4481 εἰς
2158 4416 2316 4488 ἔργον
2346 4415 2447 4467 οὐκ
2476 4411 2687 4482 ἐξῆλθε.
2724 4409 2836 4461 Καὶ
2869 4407 2930 4460 οὐ
2960 4404 3116 4459 τοῦτο
3147 4403 3309 4488 μόνον
3334 4400 3451 4488 ἐστὶ
3487 4399 3723 4488 τὸηθαυ-

2054 4481 2280 4572 μαστὸν,
2313 4499 2396 4551 ὅτι
2420 4481 2672 4549 τοσοῦτον
2702 4490 2944 4547 κίνδυνον
2993 4488 3181 4572 ἔλυσεν
3211 4488 3240 4539 ὁ
3278 4485 3432 4572 Θεὸς,
3475 4481 3615 4572 ἀλλ’.
3639 4482 3722 4572 ὅτι

2051 4564 2148 4638 καὶ
2190 4580 2400 4653 μεγάλα
2434 4579 2579 4649 ἡμᾶς
2607 4574 2963 4644 εὐηργέτησε,
2984 4571 3079 4624 καὶ
3102 4568 3382 4653 τὴν-πόλιν
3409 4564 3566 4653 ἡμῶν
3600 4564 3725 4653 ἐκό-

2055 4645 2397 4737 σμησεξκαὶ
2443 4645 2531 4714 διὰ
2571 4656 2723 4730 [Πῖ]
2771 4656 2866 4708 τοῦ
2915 4649 3222 4737 πειρασμοῦ
3254 4645 3723 4737 τούτουκαίιπῆς

2055 4726 2340 4820 συμφορᾶς
2357 4726 2757 4815 δοκιμωτέροῦς
2781 4736 3073 4809 εἰργάσατο
3091 4748 3108 4767 ο
3139 4732 3236 4788 καὶ
3251 4731 3391 4795 πῶς.
3421 4727 3531 4799 ἐγὼ
3554 4726 3723 4797 λέγω.

2125 4845 2253 4897 Ὅτε
2276 4845 2325 4896 οἰ
2364 4841 2517 4911 παρά
2537 4840 2630 4892 τοῦ
2659 4837 2919 4909 βασιλέως
2958 4832 3354 4895 ἀποσταλέντες
3381 4830 3475 4883 ὲπι
3502 4832 3599 4903 τὴν
3621 4830 3732 4883 τῶν

2055 4930 2433 5002 γεγενημένων
2461 4925 2728 4992 ἐξέτασιν,
2771 4923 2830 4976 τὸ
2864 4920 3093 4992 φοϐερὸν
3118 4920 3294 4972 ἐκεῖνο
3321 4918 3729 4990 συνεκρότησαν

2055 5021 2426 5091 δικαστήριον,
2455 5016 2550 5070 καὶ
2595 5014 2802 5074 πάντας
2831 5010 2924 5062 ἐπὶ
2948 5009 3045 5071 τάς
3074 5006 3302 5070 εὐθύνας
3334 5005 3442 5058 τῶν
3465 5003 3730 5075 τετολμη-

2062 5110 2237 5178 μένων
2267 5107 2513 5167 ἐκάλουν,
2537 5102 2630 5155 καὶ¹
2665 5100 2908 5155 θανάτων
2937 5096 3210 5168 διαφόρων
3236 5093 3529 5166 προσδοκία
3564 5094 3731 5145 πᾶσιν

2058 5191 2148 5266 ἡν,
2174 5196 2289 5248 τότε
2326 5197 2375 5248 οἰ
2407 5192 2505 5255 τὰς
2526 5189 2835 5261 ἀκρωρείας
2866 5186 2972 5241 τῶν
2999 5184 3142 5256 ὀρῶν
3162 5179 3541 5243 κατοικοῦντες
3568 5196 3731 5250 μονα-

2060 5288 2145 5355 χοὶ
2192 5286 2288 5356 τὴν
2336 5286 2541 5340 οἰκείαν
2596 5279 2935 5345 ἐπεδείξαντο
2982 5273 3318 5347 φιλοσοφίαν.
3381 5270 3566 5323 Ἔτεσι
3623 5266 3732 5337 γὰρ

2060 5374 2335 5437 τοσούτοις
2356 5376 2412 5426 ἐν
2431 5375 2548 5436 ταῖς
2568 5370 2747 5425 αὐτῶν
2769 5366 3034 5428 καλύϐαις
3064 5356 3566 5430 συγκεκλεισμένοι,
3590 5356 3735 5409 0'58:-

2062 5463 2147 5527 νὸς
2175 5462 2678 5533 παρακαλέσαντος,
2717 5457 2930 5518 οὐδενὸς
2971 5449 3493 5523 συμϐουλεύσαντος,
3547 5444 3734 5533 ἐπειδὴ

2062 5532 2313 5605 τοσοῦτον
2334 5552 2494 5621 νέφος
2516 5546 2656 5603 εἶδον
2682 5548 2782 5619 τὴν
2814 5545 2967 5598 πόλιν
3000 5553 3024 5581 ο
3060 5536 3499 5610 περιιστάμενον,
3524 5532 3736 5585 καταλι-

2065 5640 2259 5703 πόντες
2278 5641 2457 5694 αὐτῶν
2479 5639 2577 5702 τὰς
2602 5637 2803 5708 σκηνὰς
2823 5633 2917 5687 καὶ
2936 5629 3004 5683 τὰ
3026 5626 3284 5699 σπήλαια,
3319 5618 3584 5675 πάντοθεν
3614 5635 3737 5673 συν-

2140 5753 2162 5779 π
2192 5746 2340 5794 Savil.
2368 5751 2421 5794 et
2457 5745 2655 5807 quidam
2698 5754 2810 5792 mss.
2856 5733 3076 5803 φοϐεροῦ,
3117 5732 3206 5782 κᾶν
3248 5727 3597 5794 σωφρονῇμιάν
3621 5723 3741 5785 μετὰ

2070 5810 2319 5863 ἐπιεικείας
2344 5813 2415 5869 ζῇ.

2132 5873 2158 5913 d
2181 5872 2276 5920 Alii
2298 5870 2525 5931 ποιῶμεν.

2136 5939 2161 5966 ⁶
2182 5931 2278 5985 Alii
2300 5936 2357 5995 τῇ
2380 5935 2514 5981 «om
