4112 6388
434 403 547 461 173

433 519 726 593 έρῤευσαν,
760 519 1009 593 καθάπερ
1044 521 1104 586 ἐξ
1123 520 1352 592 οὐρανοῦ
1383 538 1524 584 τινες
1560 521 1780 590 ἄγγελοι
1803 519 2113 592 παραγενό-

437 624 606 678 μενοι·
632 609 726 662 καὶ
750 605 818 680 ἦν
844 610 971 662 ἰδεῖν
993 609 1089 680 τὴν
1111 608 1264 662 πόλιν
1293 610 1533 662 ἐοικυῖαν
1562 607 1779 679 οὐρανῷ
1805 607 1947 667 τότε,
1984 624 2113 658 παν-

432 696 600 766 ταχοῦ
633 697 743 751 τῶν
760 697 928 765 ἀγίων
953 695 1177 750 ἐκείνων
1201 695 1565 766 φαινομένων,
1586 695 1680 749 καὶ
1696 695 1804 749 ἀπὸ
1819 696 1916 765 τῆς
1939 694 2112 763 ὅψεως

438 783 598 853 μόνον
628 783 1092 856 παρακαλούντων
1107 785 1233 846 τοὺς
1253 783 1644 853 όδυνωμένους,
1661 783 1754 836 καὶ
1771 783 1908 854 πρὸς
1935 785 2112 836 πᾶσαν

1213 406 1271 461 S.
1307 403 1594 462 JOANNIS
1629 402 2120 462 CHRYSOSTOMI
2155 400 2475 461 ARCHIEP.
2517 404 3062 482 CONSTANTINOP.

3783 412 3888 469 ιιι

2223 519 2408 573 ἕνεκεν
2421 521 2598 575 πάντα
2616 522 2892 585 ποιοῦντες
2908 539 2922 584 ;
2938 522 3146 584 Πάντες
3165 521 3456 574 κατέλιπον
3473 522 3592 576 τότε
3609 523 3710 594 τὴν
3727 527 3904 598 πόλιν,

2222 608 2422 674 πάντες
2443 610 2823 682 ἀπεπήδησαν,
2849 613 2929 674 εἰς
2945 611 3014 664 τά
3039 610 3279 681 σπήλαια
3306 610 3724 680 κατεκρύϐησαν
3739 615 3788 679 δ,
3811 617 3910 686 μό-

2220 713 2300 750 νοι
2321 697 2379 750 δέ
2399 698 2451 750 οἰ
2479 698 2569 752 διὰ
2596 699 2706 752 τῶν
2730 699 2905 770 ἔργων
2925 697 3138 770 ἀληθῶς
3157 697 3255 768 τὴν
3281 699 3598 768 φιλοσοφίαν
3615 702 3914 758 ἐπιδεικνὺ-

2226 802 2400 856 μενοι,
2431 787 2684 858 καθάπερ
2729 787 2942 850 οὐδενὸς
2977 785 3151 839 δεινοῦ
3173 785 3270 856 τὴν
3315 786 3470 838 πόλιν
3497 789 3908 860 κατειληφότος,

435 869 737 940 ὑπεροψίαν
777 872 1064 940 συμφορᾶς
1114 871 1377 940 ἀγόντων.
1409 871 1504 934 Τίς
1554 871 1664 942 γὰρ
1713 869 1837 924 ἰδὼν
1872 870 2113 932 ἐκείνους
2145 895 2171 948 ρ
2223 873 2398 939 οὕτως
2429 875 2605 940 ἀδεῶς
2631 875 2722 929 ἐπὶ
2744 876 2844 945 τῆς
2877 875 3084 945 ἀγορᾶς
3117 875 3418 945 ἐφάνησαν.
3463 875 3575 928 Καὶ
3597 877 3647 929 οἰ
3681 878 3782 948 μέν
3807 881 3908 944 τὰς

435 958 536 1010 οὐκ
556 957 624 1011 ἂν
659 958 994 1026 κατεγέλασε
1035 959 1265 1012 Θανάτου
1288 976 1302 1023 ;
1329 959 1429 1012 οὐκ
1453 959 1518 1029 ἀν
1550 959 1800 1029 ὑπερεῖδε
1828 956 2005 1028 ζωῆςς
2041 959 2112 1010 Οὐ

437 1044 597 1098 τοῦτο
626 1045 683 1099 δέ
715 1047 874 1116 μόνον
897 1041 966 1117 ἦν
989 1046 1052 1099 τὸ
1092 1046 1426 1117 θαυμαστὸν,
1458 1028 1574 1100 ἀλλ’
1613 1028 1696 1100 ὅτι
1735 1046 1830 1100 καὶ
1864 1049 1976 1109 τοῖς
2016 1045 2116 1116 ἄρ-

437 1149 626 1204 χουσιν
657 1133 842 1198 αὐτοῖς
884 1135 1271 1206 προσελθόντες
1313 1136 1449 1207 μετά
1493 1135 1808 1208 παρρησίας
1842 1133 2118 1205 διελέχθη-

439 1238 541 1276 σαν
567 1222 710 1294 ὑπέρ
740 1222 848 1276 τῶν
874 1223 1214 1287 ὑπευθύνων,
1248 1225 1342 1278 καὶ
1379 1225 1439 1278 τὸ
1467 1221 1606 1295 αἷμα
1637 1223 2120 1294 παρεσκευάσαντο

436 1310 640 1371 πάντες
677 1311 881 1380 ἐκχεῖν,
911 1313 1004 1364 καὶ
1044 1312 1145 1375 τὰς
1190 1313 1432 1381 κεφαλάς
1463 1311 1783 1374 ἀποθέσθαι,
1823 1310 1965 1364 ὥστε
1995 1311 2124 1374 τοὺς

439 1397 668 1460 ἁλόντας
699 1399 808 1450 τῶν
825 1399 1292 1470 προσδοκωμένων
1332 1402 1638 1471 ἐξαρπάσαι
1660 1400 1870 1463 δεινῶν,
1902 1401 1995 1453 καὶ
2023 1401 2124 1452 οὐκ

437 1487 650 1556 ἔφησαν
682 1487 1088 1558 ἀποστήσεσθαι
1125 1489 1412 1559 πρότερον,
1443 1489 1548 1552 ’έως
1570 1488 1634 1542 ἀν
1661 1488 1693 1559 ἡ
1720 1489 2013 1558 φείσωνται
2031 1487 2124 1540 τοῦ

438 1574 614 1644 δήμου
648 1574 750 1643 τῆς
769 1575 978 1639 πόλεως
999 1578 1046 1630 οἰ
1065 1577 1400 1642 δικάζοντες,
1429 1578 1634 1650 ἡκοινῇ
1669 1578 1806 1648 μετά
1837 1580 1943 1631 τῶν
1968 1579 2126 1630 ὑπευ-

440 1665 620 1720 θύνων
664 1675 683 1696 ⁸
712 1665 910 1730 αὖτοὺς
948 1668 1084 1739 πρὸς
1125 1667 1349 1738 βασιλέα
1385 1668 1665 1739 πέμψωσι.
1699 1669 1963 1740 Θεοφιλὴς
2020 1669 2128 1739 γάρ

441 1755 581 1818 ἐστι,
621 1755 809 1824 φησὶν,
851 1756 880 1808 ὁ
915 1756 1134 1825 κρατῶν
1187 1757 1284 1828 τῆς
1313 1759 1436 1810 καθ’
1461 1761 1608 1828 ἡμᾶς
1635 1758 1984 1828 οἰκουμένης,
2039 1776 2128 1810 πι-

443 1843 586 1907 στὸς,
617 1845 674 1896 ἐν
721 1844 975 1916 εὐσεϐείᾳ
1007 1844 1138 1908 ζῶνο
1187 1846 1350 1915 ἡμεῖς
1394 1843 1486 1900 οῦν
1526 1846 1688 1901 αὐτὸν
1720 1846 2128 1917 καταλλάξομεν

440 1932 683 1994 πάντως·
717 1933 817 1985 οὐκ
844 1933 1212 2002 ἐπιτρέψομεν
1252 1933 1379 2003 ὑμῖν
1413 1934 1532 1988 οὐδέ
1571 1937 2000 2006 συγχωρήσομεν
2039 1937 2126 1987 αἰ-

445 2019 610 2090 μάξαι
639 2019 810 2089 ξίφος.
862 2021 982 2073 οὐδὲ
1026 2022 1322 2091 ἀποτεμεῖν
1377 2022 1640 2093 κεφαλήν.
1696 2024 1758 2075 Εἰ
1794 2024 1850 2076 δὲ
1884 2024 1958 2094 μὴ
1994 2025 2129 2077 ἀνά-

443 2107 681 2176 σχοισθε.
734 2109 831 2161 καὶ
862 2111 1023 2178 ἡμεῖς
1073 2110 1192 2180 μετ’
1221 2112 1400 2166 αὐτῶν
1432 2110 1853 2181 ἀποθανούμεθα
1887 2112 2126 2164 πάντως.

440 2197 601 2248 Δεινά
636 2197 730 2265 μὲν
755 2196 823 2248 τὰ
847 2195 1230 2267 τετολμημένα
1272 2199 1363 2250 καὶ
1397 2199 1558 2268 ἡμεῖς
1589 2198 1977 2268 ὁμολογοῦμεν,
2016 2199 2128 2252 ἀλλ’

440 2284 540 2353 οὐχ
563 2284 877 2354 ὑπερϐαίνει
928 2286 1028 2355 τὴν
1074 2285 1166 2337 τοῦ
1205 2285 1469 2355 βασιλέως
1510 2287 1919 2356 φιλανθρωπίαν
1957 2290 1989 2356 ἡ
2024 2287 2131 2337 τῶν

441 2371 824 2442 γεγενημένων
856 2372 1191 2443 παρανομία.
1230 2373 1462 2441 Λέγεταί
1497 2391 1580 2436 τις
1600 2374 1661 2438 ἐξ
1686 2374 1868 2427 αὐτῶν
1889 2375 1985 2426 καὶ
2008 2375 2131 2426 ’έτε-

445 2477 538 2530 ρον
573 2459 726 2531 ῥῆμα
759 2459 928 2530 γέμον
977 2460 1300 2529 φιλοσοφίας
1349 2463 1546 2523 εἰπεῖν,
1579 2462 1661 2515 ὅτι
1683 2464 1734 2514 οί
1760 2462 1858 2532 μὲν
1891 2463 2135 2534 ἀνδριάν-

441 2565 533 2611 τες
565 2549 614 2600 οἰ
649 2547 1068 2617 κατενεχθέντες
1125 2549 1432 2619 ἀνέστησαν
1476 2550 1659 2616 πάλιν,
1707 2551 1799 2604 καὶ
1842 2551 1902 2604 τδ
1935 2555 2132 2605 οἰκεῖον

443 2635 716 2688 ἀπέλαϐον
745 2635 951 2706 σχῆμα,
984 2636 1078 2688 καὶ
1108 2637 1166 2689 τὸ
1189 2638 1558 2707 γεγενημένον
1583 2638 1869 2710 διόρθωσιν
1886 2638 2009 2711 ἔσχε
2036 2656 2135 2693 τα-

444 2723 664 2795 χίστην’
695 2723 932 2793 ὑμεῖςδέ
962 2723 1027 2778 ἂν
1051 2725 1146 2778 τοῦ
1176 2724 1312 2777 Θεοῦ
1360 2727 1458 2793 τὴν
1511 2727 1694 2780 εἰκόνα
1746 2727 2129 2798 ἀποκτείνητε,

445 2811 563 2875 πῶς
587 2811 880 2882 δυνήσεσθε
912 2811 1074 2866 πάλιν
1100 2813 1542 2867 ἀνακαλέσασθαι
1570 2815 1633 2868 τὸ
1661 2814 2133 2886 πεπλημμελημέ-

444 2917 567 2964 νον;
597 2901 715 2964 πῶς
741 2900 1051 2970 ἀναστῆσαι
1085 2902 1212 2964 τοὺς
1245 2901 1672 2972 ἀπολλυμένους,
1712 2905 1806 2956 καὶ
1836 2904 1936 2967 τὰς
1955 2903 2132 2974 ψυχὰς

442 2990 559 3050 τοῖς
591 2989 838 3059 σώμασιν
860 2989 1152 3043 ἀποδοῦναι
1175 3008 1189 3056 ;
1210 2989 1388 3044 Πολλά
1409 2991 1503 3043 καὶ
1533 2992 1660 3062 περὶ
1691 2992 1927 3063 κρίσεως
1951 2993 2134 3055 αὐτοῖς

444 3075 824 3148 διελέχθησαν.

520 3164 585 3235 β’.
619 3166 715 3229 Τίς
751 3167 853 3220 οὐκ
895 3167 961 3220 ἂν
987 3167 1313 3240 ἐκπλαγείη,
1339 3169 1424 3232 τίς
1463 3170 1563 3223 οὐκ
1603 3170 1669 3224 ἂν
1705 3169 2009 3243 θαυμάσειε
2037 3171 2133 3242 τὴν

447 3252 765 3324 φιλοσοφίαν
785 3254 892 3308 τῶν
918 3256 1126 3327 ἀνδρῶν
1149 3274 1162 3322 ;
1182 3258 1245 3310 Εἰ
1267 3257 1377 3329 γὰρ
1413 3258 1512 3329 μία
1529 3258 1638 3313 τῶν
1679 3259 1997 3314 ὑπευθύνων
2031 3263 2134 3331 μή·

445 3359 554 3414 τηρ
586 3341 922 3413 γυμνώσασα
963 3345 1063 3410 τὴν
1119 3345 1361 3417 κεφαλὴν
1403 3347 1498 3399 καὶ
1531 3346 1631 3410 τὰς
1674 3347 1864 3411 πολιὰς
1891 3348 2129 3415 δείξασα,

447 3431 542 3483 τοῦ
577 3431 862 3500 μέλλοντος
894 3431 1137 3496 δικάζειν
1173 3434 1526 3505 κατασχοῦσα
1562 3437 1653 3488 τὸν
1694 3435 1863 3490 ἵππον
1903 3438 2013 3490 ἀπὸ
2039 3439 2132 3490 τοῦ

449 3518 696 3588 χαλινοῦ,
731 3521 825 3571 καὶ
874 3521 1296 3593 παρατρέχουσα
1329 3523 1418 3576 διὰ
1449 3524 1549 3593 τῆς
1583 3526 1789 3595 ἀγορᾶς
1827 3523 2001 3588 οὕτως
2053 3529 2134 3590 είς

447 3606 508 3658 τὸ
539 3605 889 3677 δικαστήριον
916 3609 1252 3680 συνεισῆλθε,
1285 3611 1485 3675 πάντες
1501 3610 1902 3682 ἐξεπλάγημεν,
1934 3614 2134 3677 πάντες

449 3691 847 3764 ἐθαυμάσαμεν
868 3694 967 3766 τὴν
997 3695 1402 3769 φιλοστοργίαν,
1432 3699 1530 3769 τὴν
1565 3699 1990 3771 μεγαλοψυχίαν·
2019 3701 2134 3764 πῶς

447 3779 570 3850 οὐχὶ⁴
632 3781 834 3848 μᾶλλον
879 3783 1100 3847 τούτους
1153 3785 1552 3854 ἐκπλήττεσθαι
1590 3789 1724 3858 χρή;
1777 3786 1990 3858 Ἐκείνη
2033 3791 2133 3860 μὲν

447 3869 558 3940 γὰρ
582 3871 630 3921 εἰ
661 3869 753 3922 καὶ
782 3869 1056 3924 ἀπέθανεν
1088 3871 1227 3943 ὑπὲρ
1252 3873 1348 3924 τοῦ
1380 3873 1588 3937 παιδὸς,
1610 3875 1768 3928 οὐδὲν
1794 3875 2129 3946 θαυμαστόν·

453 3955 662 4026 μεγάλη
692 3956 802 4027 γὰρ
831 3958 864 4027 ή
897 3959 994 4028 τῆς
1023 3959 1239 4027 φύσεως
1280 3961 1555 4031 τυραννὶς,
1597 3961 1692 4014 καὶ
1715 3961 1980 4033 άμαχοςὴ
2023 3962 2134 4014 τῶν

449 4043 654 4096 ὠδίνων
702 4044 938 4116 ἀνάγκη·
976 4041 1122 4100 οῦτοι
1150 4046 1208 4100 δέ
1249 4046 1344 4110 οῦς
1375 4048 1474 4100 οὐκ
1504 4047 1801 4119 ἐγέννησαν
1831 4049 1952 4103 οὐδὲ
1979 4049 2134 4122 ἐθρε-

447 4132 577 4198 ψαν,
605 4130 804 4200 μᾶλλον
826 4132 884 4184 δέ
906 4131 1000 4197 οὓς
1021 4135 1121 4187 οὐκ
1154 4129 1316 4197 εἶδον,
1349 4127 1424 4188 ὧν
1457 4137 1559 4188 οὐκ
1584 4137 1845 4207 ἥκουσαν,
1881 4133 1962 4201 οἷς
1983 4139 2133 4191 οὐδέ-

451 4235 582 4271 ποτε
631 4219 1000 4288 συνεγένοντο,
1045 4221 1140 4287 οὓς
1198 4223 1306 4276 ἀπὸ
1344 4223 1445 4292 τῆς
1495 4227 1784 4295 συμφορᾶς
1829 4226 2132 4298 ἐγνώρισαν

453 4308 644 4378 μόνης,
681 4307 855 4372 οῦτως
903 4309 1167 4381 ἐφίλησαν
1209 4311 1307 4375 ὡς,
1333 4311 1482 4383 [175]
1534 4314 1583 4365 εἰ
1611 4315 1706 4367 καὶ
1736 4315 1936 4386 μυρίας
1987 4314 2135 4386 εἶχον

447 4394 647 4466 ψυχὰς.
673 4395 888 4450 ἑλέσθαι
913 4397 1093 4462 πάσας
1125 4399 1266 4470 ὑπὲρ
1292 4401 1388 4471 τῆς
1419 4400 1622 4453 τούτων
1655 4401 1931 4456 ἐπιδοῦναι
1959 4421 2134 4474 σωτη-

455 4481 596 4552 ρίας.
616 4481 708 4554 Μὴ
729 4483 837 4555 γάρ
874 4502 966 4556 μοι
998 4484 1158 4538 τοῦτο
1182 4485 1362 4558 εἴπῃς,
1399 4487 1479 4540 ὅτι
1513 4489 1613 4540 οὐκ
1643 4488 1964 4560 ἐσφάγησαν
2009 4492 2132 4545 οὐδὲ

451 4567 672 4638 ἐξέχεαν
697 4571 760 4624 τὸ
781 4566 943 4640 αἷμα,
972 4572 1088 4624 ἀλλ’
1113 4573 1195 4626 ὅτι
1219 4574 1458 4646 τοσαύτῃ
1494 4576 1631 4646 πρὸς
1665 4577 1791 4638 τοῦς
1816 4577 2134 4642 δικάζοντας

451 4658 758 4728 ἐχρήσαντο
781 4660 1085 4731 παρρησίᾳ,
1121 4660 1219 4732 ὅσῃ
1246 4661 1440 4732 μόνους
1469 4666 1595 4726 τοὺς
1623 4664 2016 4733 ἀπεγνωκότας
2035 4669 2134 4739 τῆς

452 4744 662 4799 ἐαυτῶν
687 4745 866 4817 ψυχῆς
911 4748 1221 4819 χρήσασθαι
1255 4750 1400 4814 εἰκὸς
1443 4745 1532 4821 ἡν,
1573 4752 1667 4804 καὶ
1697 4753 1835 4822 μετὰ
1880 4755 2135 4828 τοιαύτης

451 4830 679 4902 γνώμης
693 4832 800 4885 ἀπὸ
829 4831 936 4887 τῶν
957 4834 1099 4905 ὀρῶν
1116 4836 1208 4889 ἐπὶ
1236 4835 1295 4889 τδ
1328 4836 1678 4908 δικαστήριον
1711 4839 1963 4910 ἔδραμον.
2000 4843 2133 4896 Οὐδέ

452 4919 586 4990 γὰρ,
604 4919 745 4992 εἰμὴ
769 4921 1034 4993 πρότερον
1065 4924 1291 4987 ἐαυτοῦς
1331 4925 1468 4996 πρὸς
1507 4927 1686 4980 πᾶσαν
1713 4929 2133 4999 παρεσκεύασαν
2158 4989 2184 5005 η

453 5009 691 5080 σφαγὴν,
717 5009 818 5061 οὐκ
852 5009 918 5062 ἂν
961 5009 1132 5074 οὑτως
1189 5011 1417 5083 ῐσχυσαν
1461 5015 1596 5086 πρὸς
1640 5016 1767 5079 τοὺς
1815 5016 2134 5082 δικάζοντας

452 5097 983 5169 ἐλευθεροστομῆσαι
1027 5100 1149 5154 τότε
1179 5103 1273 5155 καὶ
1310 5102 1578 5175 τοσαύτην
1619 5104 1988 5168 ἐπιδείξασθαι
2037 5124 2133 5177 με-

450 5185 810 5256 γαλοψυχίαν.
842 5187 954 5240 Καὶ
991 5187 1100 5260 γὰρ
1147 5189 1470 5262 διημέρευον
1506 5192 1613 5262 πρὸ
1666 5193 1774 5246 τῶν
1824 5193 2004 5266 θυρῶν
2038 5195 2131 5248 τοῦ

450 5275 800 5346 δικαστηρίου
823 5275 1146 5348 καθήμενοι,
1169 5279 1296 5340 τοὺς
1327 5279 1636 5348 ἀπάγεσθαι
1657 5281 1946 5353 μέλλοντας
1968 5283 2131 5356 ἐξαρ-

453 5363 626 5419 πάσαι
657 5365 764 5417 τῶν
783 5363 993 5437 δημίων
1023 5369 1552 5439 παρεσκευασμένοι.

525 5466 634 5520 Ποῦ
664 5466 760 5520 νῦν
787 5467 997 5520 εἰσινοὶ
1049 5468 1174 5532 τοὺς
1228 5469 1498 5541 τρίϐωνας
1545 5471 1992 5544 ἀναϐεϐλημένοι,
2037 5477 2131 5530 καὶ

456 5553 591 5623 βαθὺ
615 5554 824 5623 γένειον
855 5556 1183 5619 δεικνύντες,
1199 5559 1291 5610 καὶ
1307 5557 1516 5630 ῥόπαλα
1537 5559 1768 5632 τῇδεξιᾷ
1782 5562 2057 5633 φέροντες,
2080 5567 2129 5618 οἰ

452 5641 563 5693 τῶν
605 5641 804 5708 ἔξωθεν
836 5643 1141 5713 φιλόσοφοι,
1184 5644 1252 5698 τὰ
1306 5646 1504 5700 κυνικά
1545 5646 1901 5720 καθάρματα,
1944 5653 1991 5705 οἰ
2021 5655 2130 5709 τῶν

453 5728 857 5804 ἑπιτραπεζίων
879 5731 1056 5785 κυνῶν
1081 5732 1406 5805 ἀθλιώτερον
1427 5735 1876 5807 διακείμενοι,καὶ
1898 5743 2132 5814 γαστρὸς

529 6021 554 6049 ⁸
587 6011 738 6067 Sam.
762 6023 813 6066 el.
833 6018 1028 6080 quidam
1052 6019 1134 6071 alii
1158 6023 1278 6085 μιτά
1295 6023 1388 6070 τῶν
1411 6025 1694 6078 καταδίκωνι

2226 963 2411 1027 πόλεις
2428 963 2704 1026 οἰκοῦντες
2723 963 2859 1034 πρὸς
2881 964 2948 1016 τά
2965 962 3063 1034 δρη
3083 961 3290 1026 καὶτὰς
3307 961 3540 1033 ἐρημίας
3560 964 3906 1036 ἀπέπτησαν,

2225 1051 2274 1102 οἱ
2293 1051 2351 1106 δέ
2370 1053 2468 1123 τῆς
2487 1053 2694 1123 ἐρήμου
2713 1051 2926 1104 πολῖται
2948 1053 3028 1115 εἰς
3042 1051 3141 1124 τὴν
3165 1050 3318 1103 πόλιν
3341 1051 3634 1122 εἰσήλασαν
3647 1052 3912 1110 ,δεικνύν-

2226 1155 2318 1202 τες
2341 1139 2429 1192 διά
2457 1139 2566 1193 τῶν
2592 1139 2768 1212 ἔργων
2795 1139 2996 1202 αὐτῶν,
3027 1140 3166 1211 ὅπερ
3202 1141 3262 1192 ἐν
3280 1141 3401 1202 ταῖς
3431 1139 3742 1210 ἔμπροσθεν
3772 1142 3913 1212 ἡμέ-

2233 1244 2354 1296 ραις
2381 1228 2442 1280 οὐ
2469 1227 2708 1282 διέλιπον
2735 1227 2936 1296 λέγων,
2968 1229 3054 1281 ὅτι
3091 1227 3184 1280 τὸν
3217 1226 3356 1298 μετὰ
3377 1226 3479 1296 τῆς
3493 1227 3694 1298 ἀρετῆς
3730 1228 3910 1292 ζῶντα

2228 1314 2351 1367 οὐδέ
2374 1315 2608 1384 κάμινός
2639 1333 2690 1368 τι
2721 1315 3248 1385 βλάψαιδυνὴσεται.
3268 1311 3536 1366 Τοσοῦτόν
3565 1313 3911 1381 ἐστιφιλοσο-

2231 1401 2331 1471 φία
2351 1402 2529 1472 ψυχῆς
2551 1403 2765 1456 πάντων
2787 1401 3096 1474 ὑψηλοτέρα
3117 1399 3401 1470 γινομένη,
3415 1401 3510 1452 καὶ
3535 1399 3643 1451 τῶν
3660 1401 3914 1470 χρηστῶν

2231 1492 2326 1543 καὶ
2348 1490 2456 1542 τῶν
2477 1490 2737 1560 λυπηρῶν
2763 1491 3040 1544 ἁπάντων·
3065 1487 3189 1541 οὑτε
3220 1487 3328 1559 γὰρ
3352 1489 3410 1540 ἐν
3431 1488 3660 1550 ἐκείνοις
3681 1485 3914 1558 χαυνοῦ-

2231 1595 2343 1641 ται,
2360 1577 2484 1631 οὐτε
2502 1579 2606 1631 ὑπὸ
2621 1577 2824 1630 τούτων
2840 1575 3265 1630 καταστέλλεται
3285 1576 3378 1628 καὶ
3390 1574 3762 1638 ταπεινοῦται,
3778 1574 3912 1631 ἀλλὰ

2237 1665 2390 1736 μένει
2412 1666 2500 1719 διὰ
2523 1668 2740 1720 πάντων
2774 1665 2996 1736 ἵση,τὴν
3023 1664 3231 1717 οἰκείαν
3255 1664 3408 1733 ἰσχὺν
3435 1665 3532 1716 καὶ
3558 1663 3786 1732 δύναμιν
3799 1665 3912 1715 ἐπι·

2233 1757 2586 1828 δεικνυμένη.
2617 1757 2752 1810 Τίνα
2775 1757 2887 1827 γὰρ
2921 1757 3022 1810 οὐκ
3049 1755 3281 1827 ἡλεγξεν
3311 1755 3344 1825 ἡ
3373 1752 3466 1806 τοῦ
3499 1755 3764 1824 παρόντος
3787 1771 3910 1806 και⁹

2239 1845 2334 1918 ροῦ
2360 1845 2616 1900 δυσκολία
2643 1863 2656 1910 ;
2690 1847 2753 1899 Οἱ
2781 1846 2849 1898 τά
2882 1845 3075 1917 πρῶτα
3111 1843 3565 1912 πολιτευσάμενοι
3594 1845 3726 1912 παρ’
3748 1844 3909 1912 ἡμῖν,

2236 1939 2282 1989 οἰ
2317 1939 2374 1989 ἐν
2398 1935 2737 1999 δυναστείαις
2773 1935 2946 1997 ὄντες,
2987 1935 3034 1987 οἰ
3091 1931 3322 1986 πλοῦτον
3351 1932 3554 2001 ἄφατον
3583 1930 3911 2003 περιϐεϐλη·

2241 2024 2417 2093 μένοι,
2453 2024 2504 2077 οἱ
2533 2021 2736 2094 πολλὴν
2762 2022 2900 2094 πρὸς
2931 2020 3152 2092 βασιλέα
3193 2021 3505 2092 παρρησίαν
3553 2020 3787 2090 ἔχοντες,
3817 2019 3911 2081 τὰς

2238 2114 2415 2175 οἰκίας
2440 2112 2670 2186 ἀφέντες
2733 2112 2976 2183 ἐρήμους
3026 2111 3285 2174 ἅπαντες,
3325 2110 3464 2180 ὑπὲρ
3518 2109 3617 2178 τῆς
3645 2108 3855 2160 ἐαυτῶν
3886 2118 3911 2146 ε

2238 2199 2588 2253 ἐϐουλεύοντο
2618 2198 2914 2270 σωτηρίας,
2948 2199 3042 2250 καὶ
3075 2197 3226 2266 φιλία
3282 2198 3432 2250 πᾶσα
3486 2198 3576 2249 καὶ
3627 2196 3917 2264 συγγένεια,

2238 2289 2359 2341 τότε
2383 2287 2666 2358 ἠλέγχετο,
2701 2287 2798 2341 καὶ⁵
2826 2285 2920 2350 οὓς
2942 2286 3110 2338 πάλαι
3152 2285 3370 2356 ᾔδεσαν,
3409 2284 3552 2338 κατά
3593 2285 3685 2337 τὸν
3731 2283 3919 2354 καιρὸν

2238 2377 2339 2446 τῆς
2366 2377 2652 2447 συμφορᾶς
2673 2374 2894 2438 τούτους
2925 2376 3141 2442 ἀγνοεῖν
3167 2374 3469 2436 ἐϐούλοντο,
3487 2375 3583 2426 καὶ
3606 2374 3922 2442 ἀγνοεῖσθαι

2241 2465 2370 2536 παρ’
2417 2465 2644 2517 ἐκείνων
2668 2462 2924 2533 ηὑχοντο’
2961 2465 3008 2515 οί
3037 2462 3093 2515 δέ
3146 2464 3396 2532 μοναχοὶ,
3438 2462 3716 2532 ἀνθρωττοι
3753 2461 3924 2530 πένη-

2239 2571 2352 2619 τες,
2385 2551 2600 2623 ἱματίου
2639 2551 2798 2605 πλέον
2826 2551 2979 2605 οὐδὲν
3013 2551 3229 2621 ἔχοντες
3266 2549 3540 2613 εὐτελοῦς,
3581 2550 3637 2600 ἐν
3663 2549 3924 2620 ἀγροικίᾳ

2243 2642 2590 2712 βεϐιωκότες,
2620 2639 2834 2703 οὐδένες
2879 2635 3020 2692 εἶναι
3068 2638 3352 2702 δοκοῦντες
3398 2637 3726 2708 ἔμπροσθεν,
3768 2636 3922 2708 ὄρεσι

2241 2732 2336 2784 καὶ
2365 2729 2565 2792 νάπαις
2594 2727 2930 2799 ὁμιλοῦντες,
2993 2725 3245 2797 καθάπερ
3291 2725 3437 2788 τινές
3499 2724 3732 2788 λέοντες,
3781 2725 3922 2794 μετά

2245 2817 2484 2887 μεγάλου
2513 2815 2608 2868 καὶ
2661 2813 2870 2885 ὑψηλοῦ
2914 2813 3281 2885 φρονήματος,
3337 2813 3556 2866 πάντων
3603 2813 3922 2866 δεδοικότων

2241 2906 2334 2958 καὶ
2361 2904 2806 2974 κατεπτηχότων,
2842 2903 2923 2966 εἰς
2951 2902 3011 2958 τὸ
3043 2904 3206 2973 μέσον
3237 2902 3461 2964 στάντες
3490 2903 3551 2954 τὸ
3601 2902 3775 2955 δεινὸν
3804 2901 3925 2954 ἔλυ-

2243 3010 2363 3052 σαν.
2396 2993 2495 3046 οὐκ
2547 2995 2605 3045 ἐν
2635 2991 2859 3054 πολλαῖς
2887 2991 3146 3062 ἡμέραις,
3197 2990 3313 3044 ἀλλ’
3344 2991 3402 3043 ἐν
3441 2989 3672 3062 βραχείᾳ
3726 2989 3926 3060 καιροῦ

2246 3085 2410 3153 ῥοπῇ.
2448 3082 2557 3136 Καὶ
2583 3081 2838 3151 καθάπερ
2864 3083 2913 3134 οἰ
2942 3080 3182 3149 γενναῖοι
3230 3079 3340 3132 τῶν
3391 3079 3660 3150 ἀριστέων
3685 3079 3746 3130 ού
3783 3095 3924 3148 συμ-

2241 3170 2542 3234 πλακέντες
2579 3174 2693 3234 τοῖς
2727 3170 3014 3230 ἐναντίοις,
3047 3168 3182 3221 ἀλλά
3221 3168 3316 3222 καὶ
3371 3167 3630 3236 φανέντες
3680 3168 3775 3220 ἐπὶ
3822 3166 3926 3234 τῆς

2243 3258 2604 3330 παρατάξεως
2633 3259 2816 3328 μόνον,
2867 3258 2964 3310 καὶ
3002 3255 3299 3325 βοήσαντες
3326 3255 3620 3326 τρέπονται
3657 3255 3787 3317 τοὺς
3824 3254 3925 3306 ἀν-

2240 3347 2521 3409 τιπάλους·
2556 3347 2700 3398 οῦτω
2739 3346 2802 3415 δὴ
2832 3345 2926 3398 καὶ
2952 3341 3096 3397 οὗτοι
3125 3345 3183 3395 ἐν
3216 3342 3401 3413 ἡμέρᾳ
3435 3343 3537 3413 μιᾷ
3564 3342 3659 3394 καὶ
3692 3341 3927 3410 κατέϐη-

2243 3451 2365 3492 σαν,
2392 3435 2490 3487 καὶ
2540 3433 2916 3503 διελέχθησαν,
2970 3433 3066 3486 καὶ
3092 3431 3189 3501 τὴν
3241 3430 3531 3501 συμφορὰν
3576 3429 3795 3491 ἔλυσαν,
3827 3430 3926 3481 καὶ

2242 3521 2382 3593 πρὸς
2400 3522 2470 3575 τά
2495 3523 2670 3575 οἰκεῖα
2710 3521 2983 3590 ἀνέϐησαν
3017 3516 3360 3586 καταγώγια.
3396 3515 3663 3570 Τοσοῦτόν
3712 3517 3862 3568 ἐστιν
3891 3517 3930 3586 ἡ

2243 3611 2396 3679 παρά
2417 3609 2511 3662 τοῦ
2543 3610 2781 3680 Χριστοῦ
2815 3611 2927 3672 τοῖς
2949 3606 3263 3678 ἀνθρώποις
3306 3605 3675 3676 εἰσενεχθεῖσα
3711 3604 3929 3673 φιλοσο-

2243 3699 2362 3766 φία.
2395 3699 2505 3752 Καὶ
2543 3699 2597 3750 τί
2630 3698 2776 3766 λέγω
2827 3697 2959 3768 περὶ
3023 3696 3132 3748 τῶν
3188 3695 3559 3748 πλουτούντων
3604 3694 3700 3745 καὶ
3728 3694 3836 3746 τῶν
3865 3696 3928 3746 ἐν

2240 3785 2584 3847 δυναστείαις
2605 3784 2775 3838 ὄντων
2801 3801 2815 3848 ;
2848 3785 2984 3838 ὅπου
3017 3782 3112 3835 καὶ
3145 3780 3300 3835 αὐτοὶ
3320 3781 3368 3833 οἱ
3398 3779 3638 3843 δικάζειν
3667 3779 3927 3842 λαϐόντες

2241 3871 2513 3934 ἐξουσίαν,
2547 3873 2597 3924 οἱ
2620 3871 2718 3935 τὰς
2743 3872 3006 3925 ἀνωτάτω
3051 3869 3328 3931 διέποντες
3371 3866 3522 3939 [Π-ἰ]
3557 3868 3756 3940 ἀρχὰς,
3792 3869 3926 3938 παρ’

2241 3959 2421 4012 αὐτῶν
2448 3959 2655 4014 τούτων
2689 3958 3168 4032 παρακαλούμενοι
3197 3957 3306 4010 τῶν
3340 3957 3588 4027 μοναχῶν
3621 3958 3761 4026 μετά
3796 3974 3928 4025 συγ-

2241 4049 2469 4119 γνώμης
2496 4049 2828 4120 ποιήσασθαι
2853 4050 2953 4120 τὴν
2985 4049 3186 4120 ψῆφον,
3211 4050 3311 4102 οὐκ
3341 4047 3548 4118 ἔφησαν
3577 4043 3717 4101 εἶναι
3743 4047 3927 4118 κύριοι

2239 4136 2335 4190 τοῦ
2360 4137 2568 4200 τέλους
2621 4137 2890 4208 σφαλερὸν
2940 4137 3050 4208 γὰρ
3089 4133 3230 4189 εἷναι
3277 4137 3371 4189 καὶ
3427 4134 3766 4187 ἐπικίνδυνον
3825 4135 3924 4204 οὐχ

2243 4223 2487 4294 ὑϐρίζειν
2523 4224 2682 4295 μόνον
2711 4227 2790 4286 είς
2814 4225 2904 4277 τὸν
2932 4223 3178 4293 βασιλέα,
3220 4224 3356 4276 ἀλλά
3396 4225 3490 4276 καὶ
3521 4223 3648 4284 τοὺς
3696 4221 3920 4292 ὑϐρικό-

2241 4331 2341 4374 τας
2370 4312 2636 4376 λαϐόντας
2663 4313 2933 4384 τιμωρίας
2964 4313 3182 4382 ἀφεῖναι
3220 4311 3408 4382 χωρίς.
3445 4309 3583 4362 Ἀλλ’
3605 4305 3747 4364 οῦτοι
3778 4309 3920 4362 πάν-

2241 4419 2349 4455 των
2379 4399 2626 4468 ἐγένοντο
2663 4397 3012 4470 κυριώτεροι,
3055 4399 3148 4453 καὶ
3195 4402 3262 4470 τῇ
3295 4397 3665 4469 μεγαλοψυχίᾳ
3723 4398 3821 4449 καὶ
3846 4400 3916 4468 τῇ

2241 4489 2508 4562 καρτερίᾳ
2537 4487 2993 4560 προσεδρεύοντες
3034 4485 3416 4558 ἐδυσώπησαν,
3468 4488 3535 4556 ἡν
3595 4485 3696 4538 οὐκ
3725 4483 3922 4536 ἔλαϐον

2241 4577 2395 4647 παρά
2425 4575 2518 4628 τοῦ
2556 4574 2820 4646 βασιλέως
2843 4575 3114 4642 ἐξουσίαν,
3145 4574 3354 4646 ταύτην
3393 4572 3782 4638 ἐπιδείξασθαι·
3825 4572 3920 4624 καὶ

2243 4665 2491 4734 ἴσχυσαν,
2543 4663 2653 4718 τῶν
2694 4663 3011 4718 ὑπευθύνων
3064 4663 3372 4734 γενομένων
3427 4661 3697 4732 φανερῶν,
3728 4661 3920 4712 πεῖσαι

2241 4752 2367 4815 τοὺς
2390 4750 2714 4816 δικάζοντας
2747 4750 2823 4821 μὴ
2855 4751 2954 4822 τὴν
2983 4751 3452 4814 καταδικάζουσαν
3481 4747 3783 4816 ἐξενεγκεῖν
3807 4746 3917 4817 ψῆ-

2244 4857 2361 4908 φον,
2395 4841 2509 4894 ἀλλ’
2546 4841 2625 4903 εἰς
2654 4841 2754 4910 τὴν
2784 4839 3052 4910 βασιλέως
3074 4837 3300 4909 γνώμην
3334 4836 3697 4890 ἀναϐαλέσθαι
3729 4835 3792 4889 τὸ
3823 4835 3922 4888 τέ-

2240 4928 2349 4992 λος,
2375 4929 2468 4981 καὶ
2497 4928 2796 4998 ὑπέσχοντο
2831 4928 3042 4980 πείσειν
3087 4929 3292 4980 ἐκεῖνον
3327 4925 3542 4988 πάντως
3569 4924 3752 4977 δοῦναι
3789 4940 3924 4994 συγ-

2240 5015 2466 5088 γνώμην
2484 5019 2596 5080 τοῖς
2622 5019 2700 5079 εἰς
2730 5017 2894 5070 αὐτὸν
2923 5016 3296 5088 ἡμαρτηκόσι,
3341 5015 3436 5068 καὶ
3470 5015 3567 5084 τῆς
3603 5014 3923 5084 ἀποδημίας

2239 5105 2495 5174 ἥπτοντο.
2552 5105 2692 5157 Ἀλλ’
2742 5107 2791 5158 οἰ
2841 5103 3155 5168 δικάζοντες
3202 5101 3543 5166 αἰδεσθέντες
3599 5102 3778 5155 αὐτῶν
3815 5103 3921 5174 τὴν

2240 5193 2579 5262 φιλοσοφίαν,
2615 5194 2709 5246 καὶ
2739 5192 2800 5246 τὸ
2831 5193 3033 5264 ὑψηλὸν
3069 5191 3510 5259 καταπλαγέντες
3541 5191 3817 5261 φρόνημα,
3853 5193 3919 5244 οὐ

2241 5280 2628 5352 συνεχώρησαν
2653 5281 2965 5336 στείλασθαι
2999 5279 3200 5349 ταύτην
3245 5280 3344 5349 τὴν
3378 5279 3595 5351 μακρὲν
3622 5279 3757 5341 ὁδὸν,
3798 5280 3920 5332 ἀλλ’

2239 5370 2288 5421 εί
2318 5368 2502 5436 φωνὰς
2540 5369 2720 5422 αὐτῶν
2760 5369 2975 5422 λάϐοιεν
3024 5369 3183 5438 μόνον
3229 5366 3258 5404 ά
3303 5370 3360 5420 ἐν
3395 5371 3506 5430 τοῖς
3560 5367 3919 5438 γράμμασιν,

2239 5457 2638 5511 ἀπελεύσεσθαι
2672 5459 2766 5511 καὶ
2807 5458 3026 5527 βασιλέα
3061 5457 3400 5529 δυσωπήσειν
3436 5458 3649 5526 ἀφεῖναι
3677 5455 3779 5526 τὴν
3822 5459 3927 5528 ὀρ-

2239 5547 2343 5616 γὴν
2366 5547 2605 5609 ἃπασαν,
2641 5547 2669 5600 ὃ
2693 5547 2758 5618 δὴ
2791 5548 2886 5601 καὶ
2931 5546 3324 5618 προσδοκῶμεν
3373 5545 3613 5598 ἔσεσθαι.
3651 5544 3765 5598 Καὶ
3807 5546 3925 5617 γὰρ

2239 5636 2338 5703 τῆς
2359 5634 2516 5703 δίκης
2567 5635 2901 5706 λεγομένης,
2951 5633 3286 5699 εἰσελθόντες
3328 5633 3529 5703 πολλῆς
3583 5633 3924 5702 ἐφθέγξαντο

2241 5722 2559 5792 φιλοσοφίας
2594 5725 2838 5794 ῥήματα,
2881 5723 2975 5776 καὶ
3007 5723 3096 5776 διά
3145 5723 3255 5776 τῶν
3294 5721 3637 5794 γραμμάτων
3667 5722 3920 5792 παρεκάο

2300 5907 2330 5974 ἐν
2356 5911 2388 5957 Α
2401 5911 2449 5974 lii
2474 5909 2823 5974 ἀπεκρὺϐησαν.

2303 5973 2327 6033 °_
2355 5969 2449 6019 Alii
2475 5969 2672 6033 ἐρήμους
2692 5973 2889 6026 ἕκαστος
2911 5972 3029 6033 ὑπὲρ
3049 5978 3132 6026 τῆς
3157 5973 3326 6021 ἑαυτῶ.

2302 6030 2331 6071 ἀ
2356 6035 2451 6083 Alii
2477 6030 2580 6082 ἀλλ’
2600 6035 2628 6093 ἢ
2649 6036 2809 6093 φωνὰς
2833 6035 2988 6082 αὐτῶν
3005 6030 3171 6083 λαϐεῖν
3197 6035 3348 6095 μόνον.
