4112 6388
364 304 461 360 175

359 412 573 485 profecti
607 428 623 464 :
651 419 707 467 et
731 418 847 466 erat
864 423 1086 465 cernere
1117 418 1242 464 tune
1263 408 1529 463 civitatem
1556 406 1781 462 similem
1807 406 1931 462 ted-

360 510 520 563 ditam
544 506 700 569 caelo,
730 520 849 559 cum
880 503 1076 574 ubique
1099 512 1439 559 occurrerent
1460 501 1537 557 illi
1563 502 1729 556 sancti
1759 501 1842 557 vel
1870 516 1936 555 ex

357 608 578 668 aspectu
596 598 713 651 solo
729 596 915 652 dolore
937 609 1154 665 pressos
1171 594 1531 658 consolantes,
1554 603 1607 647 et
1631 592 1698 647 ad
1723 608 1938 647 omnem

359 689 673 745 calamitatis
712 695 1075 756 contemptum
1113 685 1444 740 inducentes.
1487 684 1617 751 Quis
1653 684 1794 738 enim
1821 683 1939 736 illos

360 782 727 850 conspicatus,
753 788 978 833 mortem
1007 792 1114 832 non
1138 776 1410 832 derisisset
1431 816 1447 840 ,
1479 790 1583 829 non
1612 774 1942 843 despexisset

361 871 563 925 vitam?
588 870 697 926 Nec
718 870 818 925 hoc
836 868 1008 924 solum
1028 878 1143 924 erat
1162 867 1422 933 mirabile,
1440 866 1533 921 sed
1553 865 1694 937 quod
1715 864 1779 918 ad
1800 864 1944 934 prin-

362 964 511 1032 cipes
550 964 699 1031 ipsos
740 961 1057 1018 accedentes
1092 976 1214 1015 cum
1255 959 1447 1014 ﬁducia
1472 958 1819 1028 loquebantur
1849 972 1943 1026 pro

368 1056 470 1109 reis
491 1065 547 1110 et
567 1070 756 1109 omnes
775 1053 1086 1122 sanguinem
1109 1050 1379 1107 effundere
1402 1051 1565 1120 parati
1586 1058 1756 1116 erant,
1781 1058 1836 1103 et
1853 1064 1946 1102 ca-

375 1139 484 1210 pita
500 1140 789 1207 deponere,
808 1145 1065 1207 ntcaptos
1081 1138 1148 1192 ab
1163 1140 1486 1207 exspectatis
1505 1139 1945 1195 tribulationibus

378 1231 646 1298 eriperent
667 1249 679 1285 :
703 1240 756 1283 et
775 1229 1097 1287 dixeritntse
1114 1246 1219 1284 non
1244 1231 1394 1300 prius
1419 1246 1757 1293 recessuros,
1779 1246 1944 1300 quam

372 1318 585 1391 judices
617 1328 900 1388 parcerent
928 1320 1163 1374 civitatis
1192 1322 1409 1390 populo,
1433 1323 1514 1375 vel
1545 1337 1605 1376 se
1630 1324 1790 1376 simul
1818 1338 1945 1377 cum

373 1408 482 1462 reis
495 1409 561 1460 ad
576 1406 705 1475 Imp:
725 1418 960 1462 ratorem
982 1408 1186 1479 legatos
1201 1411 1490 1464 mitterent.
1514 1410 1819 1481 Religiosus
1836 1420 1939 1475 est,

369 1497 567 1565 inquit.
587 1498 680 1565 qui
699 1506 885 1551 nostro
902 1497 1019 1551 orbi
1038 1499 1369 1564 dominatur,
1388 1499 1580 1561 ﬁdelis,
1599 1517 1723 1555 cum
1744 1501 1944 1567 pietate

366 1575 585 1627 vivens:
610 1589 706 1628 nos
726 1574 886 1643 igitur
909 1574 1079 1646 ipsum
1103 1577 1318 1629 omnino
1338 1573 1816 1639 reconciliabimus,
1840 1588 1944 1626 non

368 1666 738 1735 permittemus
781 1667 956 1733 vobis,
998 1684 1169 1737 neque
1210 1666 1564 1720 concedentus
1602 1680 1783 1719 ensem
1830 1665 1946 1733 pol-

371 1760 539 1823 luere,
570 1773 668 1817 nec
695 1762 852 1816 ullius
880 1759 1190 1815 abscindere
1217 1768 1396 1829 caput.
1422 1757 1478 1812 Si
1499 1774 1625 1812 vero
1654 1772 1757 1812 non
1784 1757 1947 1813 absti-

373 1849 565 1918 neatis,
594 1862 646 1907 et
685 1868 784 1907 nos
822 1868 941 1907 cum
983 1852 1110 1921 ipsis
1148 1852 1366 1905 omnino
1405 1852 1713 1904 moriemur.
1755 1849 1947 1904 Gravia

372 1943 587 2010 quidem
615 1953 816 2014 patrata
841 1954 983 2008 sunt,
1016 1953 1069 1999 et
1104 1959 1202 1998 nos
1231 1943 1564 2007 conﬁtemur,
1592 1941 1685 1997 sed
1718 1942 1951 2011 Impera-

377 2039 508 2091 toris
556 2038 939 2093 humanitatem
985 2052 1092 2091 non
1136 2036 1343 2090 excedit
1380 2045 1648 2106 gestorum
1682 2034 1948 2102 iniquitas.

378 2129 580 2183 Dicitur
622 2127 835 2197 quidam
889 2127 1120 2196 ipsorum
1170 2125 1313 2180 aliud
1346 2125 1566 2180 verbum
1604 2123 1953 2192 philoSOphite

378 2219 593 2287 plenum
619 2217 817 2271 dixisse
844 2216 923 2287 (a)
949 2234 960 2269 :
990 2215 1191 2270 Statua:
1232 2213 1444 2285 quidem
1482 2213 1699 2283 dejectte
1740 2228 1953 2267 rursum

378 2320 574 2364 erecta:
615 2307 847 2375 fuerunt,
873 2319 928 2364 et
958 2309 1227 2379 propriam
1268 2314 1584 2377 receperunt
1627 2306 1871 2368 formam,
1900 2314 1954 2359 et

378 2401 584 2455 facinus
604 2401 987 2455 correctionem
1008 2400 1191 2455 habuit
1210 2399 1573 2464 celerrimam;
1598 2398 1640 2451 si
1664 2407 1837 2453 autem
1858 2412 1956 2450 vos

381 2492 475 2547 Dei
500 2492 782 2561 imaginem
811 2490 1114 2546 occideritis
1138 2531 1154 2557 ,
1186 2489 1453 2560 quomodo
1477 2503 1686 2543 rursum
1713 2487 1957 2557 poteritis

380 2591 712 2651 peremptum
740 2581 1031 2636 revocare?
1058 2580 1325 2649 quomodo
1354 2578 1587 2647 perditos
1616 2578 1952 2640 resuscitare,

379 2680 434 2726 et
454 2672 656 2726 animas
672 2672 984 2741 corporibus
1005 2672 1259 2726 reddere?
1279 2672 1436 2725 Multa
1459 2679 1510 2724 et
1526 2671 1592 2724 de
1608 2669 1807 2739 judicio
1828 2669 1958 2738 ipsis

378 2764 699 2819 disseruere.

451 2854 507 2906 2.
546 2854 675 2919 Quis
719 2869 823 2909 non
856 2854 1292 2923 obstupesceret?
1318 2854 1434 2923 quis
1471 2868 1575 2907 non
1604 2853 1837 2906 virorum
1871 2867 1961 2905 sa-

382 2944 633 3013 pientiam
651 2943 1037 2999 admiraretur?
1052 2943 1182 2998 Nam
1207 2943 1251 2997 si
1272 2943 1511 3014 quaedam
1528 2944 1544 2973 ¹
1565 2958 1772 2997 reorum
1790 2953 1961 2995 mater

383 3035 581 3089 nudato
608 3037 781 3105 capite
802 3045 857 3091 et
881 3036 1027 3090 canis
1048 3036 1295 3102 ostensis,
1318 3034 1598 3105 judicaturi
1624 3049 1816 3103 equum
1839 3031 1961 3086 frac-

383 3142 455 3181 no
483 3129 907 3197 apprehendens,
937 3136 991 3184 et
1018 3145 1111 3196 per
1136 3128 1305 3182 forum
1335 3139 1765 3195 prmtercurrens,
1794 3125 1872 3179 sic
1895 3123 1961 3177 ad

383 3220 635 3290 judicium
674 3220 829 3274 simul
867 3219 1104 3288 ingressa
1129 3227 1211 3272 est
1240 3236 1254 3272 :
1282 3232 1468 3272 omnes
1493 3215 1839 3285 obstupefacti
1869 3229 1961 3269 su-

386 3328 503 3365 mus
527 3354 542 3377 ,
575 3328 762 3366 omnes
800 3312 1043 3367 admirati
1074 3311 1321 3381 pietatem
1351 3321 1403 3365 et
1436 3309 1915 3379 magnanimitatem
1946 3325 1961 3361 ε

384 3403 652 3472 quomodo
694 3418 801 3457 non
843 3404 1009 3471 magis
1048 3403 1113 3455 ad
1151 3403 1249 3456 hos
1294 3401 1669 3471 obstupescere
1715 3398 1965 3468 Oportet?

386 3496 476 3549 Illa
503 3495 644 3549 enim
676 3495 836 3549 etiam
863 3495 907 3550 si
936 3505 1142 3548 mortua
1168 3502 1309 3549 esset
1340 3509 1434 3561 pro
1460 3493 1585 3558 ﬁlio,
1614 3492 1743 3545 nihil
1769 3492 1970 3545 miran-

385 3586 512 3639 dum
546 3602 559 3638 :
588 3602 776 3655 magna
803 3585 946 3641 enim
980 3595 1181 3639 natura:
1206 3586 1314 3651 vis,
1351 3593 1405 3637 ct
1441 3583 1859 3654 inexpugnabilis
1883 3583 1965 3635 vi-

386 3694 597 3732 scerum
647 3679 935 3733 necessitas
964 3696 978 3731 :
1005 3677 1060 3733 hi
1086 3692 1213 3733 vero
1240 3693 1371 3747 quos
1402 3691 1506 3731 non
1544 3684 1840 3745 genuerunt
1869 3689 1967 3728 nec

387 3771 700 3837 educarunt,
732 3771 837 3823 imo
862 3784 987 3824 vero
1012 3785 1144 3839 quos
1171 3786 1275 3822 non
1306 3775 1587 3831 noverunt,
1615 3782 1837 3835 quorum
1866 3780 1963 3819 no-

388 3873 512 3912 men
540 3874 646 3913 non
676 3859 973 3922 audierunt,
1004 3859 1314 3927 quibuscum
1354 3872 1637 3925 numquam
1670 3855 1968 3910 conversati

390 3959 549 4017 sunt,
588 3966 721 4020 quos
757 3966 822 4005 ex
864 3952 975 4004 sola
1015 3960 1281 4005 noverunt
1312 3950 1611 4003 calamitate
1633 3989 1648 4014 ,
1683 3949 1734 4001 in
1766 3957 1967 4001 tantum

392 4052 736 4109 amaverunt,
763 4051 820 4097 ut
845 4046 1003 4098 etiam
1046 4043 1091 4097 si
1130 4042 1359 4096 inﬁnitas
1399 4041 1703 4094 habuissent
1726 4041 1929 4094 animas
1952 4081 1966 4103 ,

392 4149 580 4189 omnes
606 4149 703 4203 pro
729 4135 940 4188 illorum
967 4134 1136 4187 salute
1163 4132 1370 4186 tradere
1395 4131 1607 4185 vellent.
1636 4129 1818 4199 Neque
1842 4128 1970 4182 mihi

392 4224 541 4278 dicas
565 4224 666 4278 hoc
693 4224 832 4293 quod
860 4240 963 4277 non
985 4222 1209 4292 jugulati
1234 4223 1359 4284 sint,
1387 4236 1484 4274 nec
1508 4220 1816 4289 sanguinem
1840 4217 1972 4272 effu-

393 4314 603 4379 derint;
635 4314 727 4368 sed
759 4314 897 4383 quod
927 4322 1068 4366 tanta
1095 4321 1279 4367 contra
1314 4310 1521 4379 judices
1548 4311 1628 4363 usi
1666 4309 1773 4363 sint
1814 4309 1972 4363 liber-

394 4416 501 4459 tate
520 4447 535 4470 ,
565 4417 759 4475 quanta
794 4407 938 4460 solos
968 4405 1035 4460 de
1063 4406 1233 4459 salute
1271 4419 1362 4457 sua
1391 4403 1700 4473 desperatos
1724 4403 1799 4457 uti
1829 4403 1970 4457 veri-

393 4497 567 4553 simile
607 4497 703 4551 fuit
742 4513 757 4549 :
796 4506 850 4551 et
895 4497 987 4550 tali
1026 4511 1145 4549 cum
1192 4495 1450 4548 sententia
1492 4494 1559 4548 de
1598 4495 1866 4548 montibus
1906 4492 1973 4547 ad

395 4591 627 4644 tribunal
656 4590 1002 4644 cucurrerint.
1031 4588 1138 4643 Nec
1167 4589 1305 4642 enim
1338 4588 1437 4640 nisi
1470 4587 1612 4656 prius
1637 4601 1696 4641 se
1721 4584 1836 4639 neci
1858 4585 1973 4638 cni-

398 4682 525 4735 libet
549 4689 955 4752 praeparassent,
979 4690 1084 4734 tam
1113 4680 1278 4735 libere
1306 4681 1600 4749 potuissent
1623 4678 1828 4747 judices
1852 4676 1977 4730 allo-

395 4773 506 4841 qui,
531 4780 584 4827 et
604 4781 799 4827 tantam
828 4780 953 4826 tunc
971 4772 1219 4825 exhibere
1241 4769 1724 4839 magnanimitatem
1744 4785 1756 4819 :
1776 4768 1973 4822 etenim

395 4875 520 4919 ante
547 4865 781 4933 praetorii
803 4866 993 4935 januas
1023 4873 1163 4918 totos
1191 4864 1305 4917 dies
1333 4863 1556 4932 agebant
1585 4861 1850 4925 sedentes,
1882 4860 1974 4914 ab-

397 4956 667 5010 ducendos
694 4955 762 5010 de
792 4956 1098 5010 carnificum
1128 4954 1369 5008 manibus
1397 4952 1605 5021 eripere
1630 4951 1819 5020 parati.

471 5046 657 5100 Omnes
687 5046 972 5115 philosophi
1004 5046 1177 5099 urbem
1213 5045 1267 5097 in
1305 5043 1591 5097 calamitate
1628 5043 1973 5095 deseruerunt.

395 5169 465 5179 —
487 5138 585 5194 Ubi
609 5154 747 5194 nunc
769 5146 894 5193 sunt
914 5137 1064 5207 pallia
1090 5146 1375 5209 gestantes,
1398 5146 1451 5191 et
1473 5135 1784 5205 profundam
1805 5142 1976 5189 osten-

398 5236 570 5281 tantes
592 5228 827 5293 barbam,
851 5239 905 5283 et
924 5229 1140 5283 baculos
1157 5228 1339 5283 dextra
1362 5226 1610 5291 ferentes,
1635 5236 1973 5281 externorum

398 5318 734 5388 philosophi,
788 5320 969 5389 cynica
1018 5320 1255 5389 piacula,
1298 5318 1721 5373 submensalibus
1757 5318 1976 5373 canibus

398 5408 696 5474 inferiores,
728 5412 1035 5480 ventrisque
1062 5425 1217 5465 causa
1247 5420 1434 5463 cuncta
1461 5408 1752 5489 facientes?
1777 5407 1974 5463 Onmes

463 5592 479 5619 ε
512 5594 730 5637 Fortasse
772 5588 956 5637 rectius
991 5589 1060 5637 sic
1091 5588 1444 5636 instauraretur
1489 5585 1713 5649 phrasis:
1742 5593 1862 5635 Nam
1902 5585 1973 5645 si,

399 5662 510 5699 cum
536 5662 774 5709 quaedam,
802 5658 897 5699 etc.

465 5711 537 5773 (a)
550 5706 645 5762 llic
661 5712 819 5775 agitur
842 5712 906 5762 de
930 5709 1200 5759 Macedonio
1221 5706 1471 5758 monacho.

1104 296 1195 352 AD
1232 296 1551 353 POPULUM
1590 295 2076 352 ANTIOCHENUM
2140 298 2369 356 “OMIL.
2409 298 2574 356 XVII.

3519 303 3633 361 174.

2045 420 2168 465 tunc
2192 411 2458 467 civitatem
2485 411 2849 474 deseruerunt.
2880 412 3180 469 resilierunt
3207 429 3412 474 omnes.
3443 414 3493 468 in
3524 430 3616 470 ca-

2041 516 2233 555 vernas
2259 501 2455 557 conditi
2483 511 2638 568 sunt;
2665 503 2763 558 soli
2789 518 2914 558 vero
2939 504 3026 573 qui
3052 520 3146 574 per
3168 520 3327 573 opera
3355 520 3477 560 vere
3504 506 3619 574 phi-

2044 593 2337 663 losophiam
2363 594 2649 662 exhibent,
2681 611 2743 650 ac
2780 595 2825 651 si
2872 596 3073 651 nullum
3110 596 3375 651 civitatem
3419 597 3620 651 malum

2044 684 2572 755 comprehendisset,
2602 687 2679 742 sic
2716 686 2975 757 intrepide
3004 688 3057 743 in
3095 686 3211 743 foro
3243 697 3619 758 apparuerunt.

2046 775 2112 830 Et
2152 775 2335 832 urbem
2377 778 2587 847 quidem
2631 777 2960 843 habitantes,
2988 778 3052 833 ad
3083 788 3289 835 montes
3322 788 3376 833 et
3409 777 3621 834 deserta

2046 866 2418 934 avolaverunt;
2464 870 2629 924 eremi
2675 885 2801 924 vero
2846 871 3031 925 incola:
3075 871 3126 925 in
3176 871 3358 926 urbem
3402 871 3626 941 ingressi

2050 968 2206 1020 sunt,
2239 975 2329 1029 per
2356 959 2467 1029 ipsa
2497 960 2921 1017 demonstrantes
2944 977 3104 1031 opera
3139 977 3231 1016 sua
3251 1003 3267 1029 ,
3293 962 3435 1032 quod
3464 977 3624 1032 supe-

2050 1049 2278 1103 rioribus
2298 1049 2484 1105 diebus
2512 1066 2617 1105 non
2643 1051 2822 1108 destiti
2847 1052 3046 1115 dicere,
3074 1067 3263 1121 nempe
3287 1067 3408 1106 cum
3432 1052 3627 1108 virtute

2061 1135 2330 1188 viventem
2365 1148 2540 1203 neque
2568 1134 2845 1188 fornacem
2871 1134 3168 1205 quidquam
3196 1138 3386 1191 laedere
3412 1151 3573 1206 posse
3605 1154 3637 1195 ε,

2060 1232 2211 1279 tanto
2227 1234 2311 1279 est
2326 1224 2522 1279 animae
2539 1223 2803 1293 sapientia
2822 1226 3074 1282 omnibus
3094 1226 3400 1293 sublimior,
3418 1233 3471 1281 et
3494 1242 3626 1282 sua-

2061 1316 2219 1370 rribus
2239 1324 2293 1369 et
2314 1316 2561 1371 tristibus
2578 1316 2789 1372 cunctis
2813 1335 2826 1371 :
2853 1332 2951 1371 nec
2968 1318 3112 1372 enim
3133 1318 3186 1371 in
3210 1317 3313 1373 illis
3330 1317 3621 1383 mollescit,

2059 1421 2159 1459 nec
2179 1405 2264 1460 his
2281 1405 2622 1459 contrahitur
2639 1414 2692 1459 et
2714 1405 3052 1471 humiliatur,
3074 1406 3165 1459 sed
3186 1421 3279 1474 per
3299 1406 3483 1459 omnia
3507 1420 3623 1457 ma—

2058 1504 2151 1549 net
2165 1497 2706 1574 azqualis,_propriam
2732 1494 3103 1551 fortitudinem
3128 1506 3180 1550 et
3201 1496 3308 1549 vim
3334 1496 3622 1550 exhibens.

2052 1580 2217 1648 Quem
2252 1581 2395 1636 enim
2430 1597 2536 1637 non
2566 1591 2865 1652 superasset
2894 1585 3169 1653 przesentis
3200 1585 3453 1655 temporis
3483 1585 3623 1639 diffi-

2054 1673 2255 1727 cuitas?
2299 1674 2552 1729 Proceres
2596 1684 2790 1729 nostra:
2834 1676 3139 1746 reipublica:
3186 1676 3238 1731 in
3280 1677 3627 1748 poteStatibus

2054 1766 2401 1829 exsistentes,
2447 1765 2661 1820 divitias
2702 1766 2990 1820 immensas
3031 1766 3231 1833 sortiti,
3275 1766 3365 1836 qui
3408 1766 3626 1820 multam

2054 1856 2192 1924 apud
2229 1855 2602 1931 Imperatorem
2645 1857 2887 1911 ﬁduciam
2927 1857 3223 1925 habebant,
3260 1859 3448 1914 domos
3473 1858 3626 1913 dese-

2057 1956 2235 2001 rentes
2262 1947 2420 2001 orbas
2442 1988 2457 2013 ,
2484 1964 2671 2003 omnes
2697 1949 2764 2003 de
2790 1951 2999 2018 propria
3026 1950 3192 2004 salute
3216 1950 3585 2005 consultabant
3614 1966 3628 2002 :

2056 2049 2109 2090 et
2153 2038 2381 2092 amicitia
2421 2040 2595 2093 omnis
2638 2050 2691 2093 et
2731 2041 2974 2109 cognatio
3005 2048 3129 2094 tunc
3165 2039 3543 2108 superabatur,
3580 2048 3627 2093 et

2058 2143 2191 2196 quos
2217 2128 2341 2182 olim
2373 2138 2645 2193 n0verant,
2683 2130 2733 2182 in
2760 2138 2997 2198 tempore
3022 2129 3336 2184 calamitatis
3365 2130 3460 2183 hos
3486 2129 3630 2200 igno-

2059 2234 2177 2272 rare
2201 2228 2254 2273 et
2278 2220 2344 2273 ab
2372 2219 2488 2273 aliis
2517 2220 2744 2290 ignorari
2770 2221 3040 2289 optabant.
3072 2221 3306 2276 Monachi
3341 2236 3496 2287 vero,
3528 2221 3629 2273 ho-

2058 2310 2228 2364 mines
2254 2324 2530 2379 pauperes,
2562 2321 2706 2366 veste
2736 2311 2823 2365 vili
2851 2312 2967 2381 plus
2993 2312 3123 2365 nihil
3154 2312 3427 2378 habentes,
3461 2312 3630 2367 viven-

2063 2408 2140 2453 tes
2171 2402 2221 2452 in
2263 2402 2583 2467 rusticitate,
2617 2402 2744 2456 nulli
2773 2416 2889 2456 esse
2917 2411 3230 2471 apparentes
3249 2444 3263 2466 ,
3290 2402 3341 2455 in
3370 2401 3635 2455 montibus

2060 2501 2114 2544 et
2139 2491 2360 2548 saltibus
2391 2501 2683 2558 versantes,
2714 2492 2856 2548 velut
2883 2493 3095 2562 quidam
3136 2494 3334 2556 leones,
3367 2508 3558 2563 magno
3585 2507 3635 2547 et

2060 2580 2168 2635 alto
2190 2597 2347 2636 sensu
2370 2582 2595 2652 prmditi,
2614 2583 2858 2639 omnibus
2880 2582 3165 2652 pavefactis
3184 2592 3237 2636 et
3258 2582 3635 2652 trepidantibus

2063 2672 2114 2726 in
2143 2673 2317 2729 medio
2343 2674 2713 2741 consistentes,
2735 2675 2932 2729 malum
2957 2674 3307 2729 dissolverunt
3330 2690 3433 2729 non
3460 2676 3636 2729 multis

2061 2764 2282 2830 diebus,
2308 2764 2401 2820 sed
2438 2765 2583 2820 brevi
2617 2765 2870 2835 temporis
2898 2775 3187 2820 momento.
3220 2766 3286 2820 Et
3312 2765 3447 2819 sicut
3472 2781 3636 2835 gene~

2063 2855 2169 2909 rosi
2196 2854 2479 2910 bellatores
2504 2871 2607 2910 non
2635 2865 2837 2911 tantum
2864 2856 3196 2912 adversarios
3224 2857 3510 2927 complexi,
3543 2856 3635 2911 sed

2064 2946 2225 2999 etiam
2266 2947 2365 2999 visi
2407 2955 2608 3001 tantum
2650 2946 2704 3001 in
2747 2948 2858 3002 acie
2902 2957 2956 3002 et
2997 2947 3270 3002 vociferati
3309 2948 3639 3001 adversarius

2066 3034 2249 3105 fugant
2280 3053 2291 3088 :
2325 3037 2402 3091 sic
2430 3045 2483 3092 et
2519 3037 2571 3091 hi
2605 3037 2692 3091 die
2729 3053 2830 3091 una
2861 3046 2915 3091 et
2943 3037 3366 3103 descenderunt,
3393 3046 3446 3092 et
3469 3037 3634 3091 disse-

2066 3137 2314 3192 ruerunt,
2345 3138 2399 3182 et
2421 3128 2691 3183 solverunt
2715 3129 3064 3184 calamitatem
3086 3172 3101 3195 ,
3128 3138 3182 3184 et
3205 3129 3270 3183 ad
3301 3130 3507 3198 propria
3549 3144 3636 3182 re-

2067 3218 2206 3273 versi
2229 3228 2351 3272 sunt
2376 3219 2728 3274 tabernacula.
2753 3220 2903 3274 Tanti
2928 3230 3009 3275 est
3029 3220 3358 3289 philosophia
3381 3236 3410 3273 a
3432 3220 3641 3274 Christo

2068 3311 2121 3365 in
2157 3318 2323 3381 genus
2360 3312 2646 3367 humanum
2688 3313 3004 3367 introducta.
3034 3313 3100 3367 Et
3125 3312 3246 3382 quid
3277 3312 3396 3367 dico
3420 3312 3486 3365 de
3511 3312 3643 3365 divi-

2071 3402 2208 3456 tibus
2230 3402 2355 3457 etin
2378 3410 2636 3473 potestate
2656 3402 2976 3465 constitutis,
3001 3417 3119 3457 cum
3141 3412 3193 3456 et
3215 3402 3248 3454 ii
3271 3403 3355 3471 qui
3375 3400 3642 3471 jndicandi

2073 3500 2386 3561 potestatem
2424 3492 2695 3563 assequuti
2730 3501 2882 3547 erant
2902 3533 2915 3555 ,
2944 3507 3179 3547 summos
3205 3501 3447 3561 gerentes
3477 3492 3645 3560 magi-

2071 3594 2268 3638 stratus
2288 3627 2300 3646 ,
2332 3584 2399 3639 ab
2438 3583 2523 3638 his
2567 3584 2695 3655 ipsis
2724 3584 2892 3653 rogati
2932 3583 3204 3638 monachis
3225 3624 3240 3647 ,
3272 3592 3328 3637 ut
3351 3597 3469 3637 cum
3494 3585 3646 3637 venia

2072 3675 2390 3731 sententiam
2419 3675 2652 3741 ferrent,
2680 3683 2903 3729 eventus
2931 3689 2989 3728 se
3014 3673 3257 3728 dominos
3282 3687 3400 3728 esse
3426 3688 3648 3742 negave-

2070 3767 2215 3832 rint;
2256 3766 2396 3821 haud
2442 3776 2609 3821 tutum
2639 3767 2817 3831 enim,
2846 3764 2939 3819 sed
2982 3764 3334 3834 periculosum
3360 3778 3510 3829 esse,
3542 3780 3647 3817 non

2076 3869 2277 3914 tantum
2324 3859 2571 3928 injuriam
2616 3857 2832 3913 inferre.
2851 3857 3158 3926 Imperatori
3181 3898 3195 3920 ,
3226 3855 3319 3911 sed
3357 3856 3515 3909 etiam
3554 3870 3649 3909 eos

2074 3951 2161 4019 qui
2183 3951 2519 4005 contumelia:
2544 3950 2619 4005 rei
2644 3948 2871 4004 convicti
2898 3952 3021 4012 sint,
3045 3947 3332 4017 impunitos
3350 3946 3649 4000 dimittere?

2075 4042 2177 4096 Sed
2210 4042 2259 4095 hi
2287 4040 2535 4096 omnibus
2562 4040 2708 4096 fuere
2737 4040 3094 4109 potentiores,
3121 4049 3177 4093 et
3199 4038 3360 4093 animi
3390 4038 3651 4108 magnitu-

2075 4133 2197 4185 dine
2235 4141 2287 4187 et
2326 4132 2602 4187 tolerantia
2641 4131 2935 4186 assidentes
2977 4130 3371 4199 supplicarunt,
3404 4138 3460 4182 ut
3492 4145 3649 4198 quant

2075 4225 2141 4277 ab
2171 4224 2491 4292 lmperatore
2529 4239 2636 4277 non
2672 4232 2987 4291 acceperant
3016 4228 3327 4290 potestatem
3348 4261 3363 4286 ,
3394 4219 3528 4274 hanc
3553 4234 3651 4274 ex-

2078 4316 2319 4370 hiberent
2348 4333 2361 4367 :
2392 4324 2444 4370 et
2473 4314 2815 4385 deprehensis
2845 4314 2909 4367 iis
2933 4312 3020 4382 qni
3051 4311 3126 4365 rei
3153 4319 3362 4375 essent,
3388 4309 3654 4379 judicibas

2079 4406 2397 4475 persuadere
2448 4414 2770 4476 potuerunt,
2817 4420 2886 4457 ne
2932 4401 3287 4457 damnationis
3335 4401 3652 4458 sententiam

2078 4496 2345 4559 efferrent,
2375 4496 2469 4550 sed
2495 4494 2561 4548 ad
2589 4494 2923 4563 Imperatoris
2952 4501 3134 4546 nutum
3159 4506 3252 4546 eos
3275 4490 3576 4560 rejiccrent,
3599 4497 3655 4545 et

2081 4588 2436 4656 promiserunt
2463 4600 2520 4640 se
2550 4586 2625 4640 illi
2657 4597 3035 4654 persuasuros,
3068 4592 3122 4637 et
3147 4581 3427 4637 effecturos
3451 4590 3507 4636 ut
3534 4595 3654 4635 om-

2081 4682 2206 4734 nino
2233 4677 2439 4731 veniam
2465 4676 2615 4730 daret
2638 4676 2702 4729 iis
2721 4717 2735 4739 ,
2764 4675 2852 4743 qui
2880 4674 2930 4727 in
2958 4688 3017 4727 se
3042 4681 3409 4742 peccaverant,
3437 4680 3493 4726 et
3534 4685 3658 4740 per-

2081 4771 2462 4840 egrinationem
2498 4769 2729 4839 aggressi
2752 4774 2893 4821 sunt.
2916 4766 3019 4822 Sed
3044 4765 3251 4835 judices
3290 4765 3525 4833 ipsorum
3564 4779 3655 4817 sa-

2084 4863 2335 4933 pientiam
2376 4860 2613 4925 reveriti,
2642 4869 2696 4914 et
2723 4873 2912 4913 sensus
2939 4855 3214 4911 altitudine
3240 4856 3488 4926 perculsi,
3520 4853 3659 4907 hanc

2080 4973 2172 5012 eos
2214 4957 2423 5025 longam
2456 4954 2606 5008 obire
2644 4954 2780 5007 viam
2816 4967 2920 5005 non
2961 4950 3286 5021 permisere,
3317 4947 3409 5003 sed
3436 4948 3479 5001 si
3505 4946 3659 5001 dum-

2082 5059 2226 5103 taxat
2255 5048 2487 5117 ipsorum
2513 5059 2670 5099 voces
2698 5043 2953 5097 haberent
2982 5041 3034 5093 in
3064 5039 3276 5109 scriptis
3296 5078 3309 5101 ,
3338 5052 3397 5093 se
3424 5051 3543 5091 cum
3574 5036 3659 5090 lit-

2085 5142 2211 5194 teris
2236 5140 2583 5200 discessuros,
2614 5143 2669 5190 et
2694 5134 3068 5203 Imperatorem
3106 5137 3436 5190 exoraturos,
3465 5136 3522 5181 ut
3544 5142 3661 5181 om-

2083 5246 2203 5284 nem
2250 5231 2381 5282 iram
2427 5226 2756 5291 dimitteret,
2804 5220 3205 5292 spOponderunt
3237 5236 3251 5273 :
3278 5216 3417 5287 quod
3454 5225 3509 5271 et
3546 5216 3660 5270 fore

2084 5329 2474 5389 exspectamus.
2520 5316 2728 5371 Etenim
2771 5328 2889 5369 cum
2937 5310 3195 5366 sententia
3237 5307 3535 5370 diceretur,
3573 5305 3660 5359 in-

2082 5413 2249 5481 gressi
2277 5411 2454 5465 multa:
2481 5408 2755 5478 sapientiae
2779 5404 2941 5459 verba
2989 5403 3171 5456 dixere
3194 5441 3210 5464 ,
3240 5414 3303 5452 ac
3344 5413 3437 5467 per
3478 5397 3660 5450 literas

2087 5505 2397 5575 imperatori
2437 5501 2899 5571 supplicaverunt,
2929 5503 2982 5548 ct
3013 5490 3197 5561 jndicii
3231 5489 3405 5543 fecere
3432 5486 3657 5541 mentio-

2085 5616 2205 5655 nem
2228 5642 2242 5665 ,
2271 5607 2325 5654 et
2349 5612 2407 5653 se
2433 5611 2528 5650 sua
2553 5592 2887 5664 deposituros
2914 5602 3031 5643 esse
3057 5584 3227 5654 capita
3252 5581 3529 5645 dixerunt,
3561 5577 3665 5633 nisi

2089 5696 2191 5751 hoc
2217 5692 2386 5748 ﬁeret.
2431 5688 2494 5747 Et
2524 5696 2642 5759 post
2667 5686 2760 5743 has
2790 5688 3025 5753 sumptas
3054 5678 3106 5737 in
3136 5675 3301 5731 literis
3327 5687 3488 5730 voces
3517 5670 3635 5740 judi
