4112 6388
461 278 566 335 I75

455 407 549 448 ces
577 391 820 448 ablerunt
845 431 858 454 ,
886 385 1026 457 quod
1055 385 1198 440 omni
1223 399 1418 440 corona
1447 380 1776 454 splendidius
1799 387 2034 434 nostram

455 483 722 539 civitatem
751 479 1048 536 exornabit.
1080 477 1145 532 Et
1172 491 1290 546 quae
1316 484 1440 531 sunt
1464 473 1549 529 hic
1574 487 1716 528 nunc
1737 479 1882 542 gesta
1898 511 1914 536 ,
1937 483 2036 524 att-

457 573 566 628 diet
587 573 896 642 Imperator,
919 569 1096 624 audiet
1114 576 1167 622 et
1187 581 1374 637 magna
1398 564 1600 630 civitas,
1619 563 1799 618 audiet
1820 573 1873 618 et
1896 570 2036 616 totus

455 664 619 729 orbis,
646 661 786 733 quod
813 661 944 714 tales
970 657 1424 714 Antiochenorum
1451 654 1636 709 urbem
1663 652 1901 707 habitent
1922 666 2033 706 mo—

457 756 612 811 nachi
636 795 651 820 ,
679 763 736 808 ut
766 751 1109 822 apostolicam
1151 748 1436 804 exhibeant
1467 745 1710 800 fiduciam
1741 763 1753 798 :
1783 752 1838 800 et
1871 744 2037 797 literis

453 863 596 904 nunc
626 846 773 903 lectis
797 887 811 910 ,
841 847 893 900 in
929 843 1118 899 castris
1144 856 1333 896 omnes
1361 841 1595 911 ipsorum
1634 835 2037 909 magnanimita-

453 951 557 994 tem
587 937 1012 1002 admirabuntur,
1043 949 1232 990 omnes
1267 933 1532 988 civitatem
1561 939 1796 986 nostram
1826 928 2034 983 beatam

451 1030 753 1096 vocabunt,
798 1036 855 1084 ct
897 1027 1089 1082 malam
1128 1022 1448 1096 repellemus
1485 1023 1678 1076 famam
1713 1039 1725 1073 :
1763 1019 2038 1087 scientque

450 1135 662 1186 omnes,
691 1129 838 1191 gesta
866 1134 972 1174 non
999 1117 1266 1173 civitatem
1295 1113 1698 1170 inhabitantium
1729 1109 1913 1176 fuisse,
1943 1108 2035 1162 sed

454 1211 730 1272 hominum
753 1219 1096 1269 externorum
1123 1217 1180 1267 et
1206 1205 1536 1281 perditorum
1564 1221 1577 1258 :
1605 1213 1660 1258 et
1688 1201 1876 1257 idonea
1903 1199 2036 1255 civi-

452 1307 576 1364 tatis
605 1318 814 1360 morum
841 1301 1228 1358 demonstratio
1255 1297 1638 1355 monachorum
1661 1294 1765 1352 erit
1798 1292 2037 1347 testimo-

452 1403 621 1457 nium.
649 1398 726 1454 Ne
763 1397 922 1468 igitur
949 1395 1241 1461 tristemur,
1268 1391 1479 1458 dilecti,
1515 1389 1610 1446 sed
1652 1403 1749 1456 spe
1783 1388 1922 1444 bona
1951 1383 2038 1442 in-

453 1492 640 1547 structi
667 1492 851 1546 simus.
883 1489 936 1543 Si
963 1489 1104 1543 enim
1142 1484 1282 1556 apud
1322 1483 1566 1538 homines
1591 1481 1809 1536 libertas
1833 1486 2036 1533 tantum

454 1581 713 1639 molestiae
743 1580 1025 1652 prohibere
1053 1577 1243 1648 potuit,
1275 1575 1414 1646 apud
1447 1574 1612 1628 Deum
1643 1573 1816 1642 ipsum
1849 1569 2036 1624 ﬁducia

452 1677 578 1749 quid
608 1691 714 1730 non
742 1671 1088 1744 operabitur?
1119 1671 1243 1725 Ilaec
1268 1669 1426 1724 etiam
1460 1667 1745 1738 gentilibus
1774 1663 2035 1725 dicamus,

454 1785 575 1824 eum
601 1768 666 1822 de
690 1765 1020 1840 philosophis
1043 1762 1318 1817 nobiscum
1346 1759 1616 1829 disputare
1640 1755 1927 1810 audebunt.
1959 1753 2035 1806 Ex

456 1858 807 1931 prteseutibus
853 1863 998 1925 patet
1046 1853 1222 1924 priora
1268 1865 1476 1922 quoque
1521 1848 1685 1902 fuisse
1727 1844 1855 1900 falsa
1899 1842 2039 1912 apud

457 1952 576 2008 illos
603 1968 616 2003 :
646 1965 710 2004 ex
743 1949 823 2002 bis
850 1945 1187 2000 manifestum
1214 1949 1324 2006 est,
1353 1951 1407 1995 et
1435 1939 1574 2010 apud
1604 1953 1701 1992 nos
1726 1952 1850 1992 vera
1877 1934 2039 1990 fuisse

457 2043 629 2112 priora
671 2039 739 2095 de
779 2039 984 2094 Joanne
1007 2076 1022 2102 ,
1053 2036 1213 2090 Petro
1240 2041 1295 2088 et
1334 2033 1496 2087 Paulo
1533 2041 1588 2086 et
1623 2031 1868 2084 omnibus
1899 2027 2036 2081 aliis.

457 2134 715 2200 Quoniam
743 2132 882 2186 enim
908 2131 957 2184 in
982 2130 1191 2184 illorum
1223 2127 1470 2197 pietatem
1499 2131 1892 2186 successerunt,
1920 2136 2040 2190 pro-

458 2237 634 2298 pterea
663 2236 715 2281 et
745 2240 929 2280 eorum
960 2223 1204 2276 ﬁduciam
1235 2219 1589 2275 exhibueruut
1615 2235 1628 2271 :
1657 2218 1904 2287 quoniam
1946 2217 2038 2270 iis-

458 2320 576 2375 dem
603 2317 807 2388 legibus
840 2313 1046 2370 educati
1077 2323 1238 2378 sunt,
1267 2311 1386 2366 ideo
1415 2318 1470 2364 et
1511 2309 1745 2379 ipsorum
1789 2309 2038 2362 virtutem

458 2420 582 2468 Iunt
622 2408 830 2465 imitati.
877 2407 1056 2476 I:aqne
1104 2419 1210 2459 non
1261 2410 1344 2458 cst
1381 2417 1515 2470 opus
1564 2400 1717 2454 nobis
1765 2399 1931 2452 literis
1973 2397 2039 2452 ad

458 2504 798 2575 apostolicam
825 2501 1068 2556 virtutem
1095 2495 1587 2560 demonstrandam,
1611 2495 1770 2548 rebus
1795 2493 1922 2562 ipsis
1941 2492 2042 2546 cla-

459 2597 726 2656 mantibus
748 2637 762 2660 ,
791 2607 844 2649 et
870 2591 1144 2662 discipulis
1172 2589 1455 2660 magistros
1485 2585 1992 2657 repraesentantibus
2025 2601 2037 2636 :

459 2706 560 2746 non
596 2689 750 2746 nobis
787 2684 1122 2740 sermonibus
1161 2695 1296 2752 opus
1334 2687 1412 2734 est
1452 2677 1519 2733 ad
1561 2675 1836 2747 gentilium
1877 2689 2042 2744 nugas

457 2777 908 2843 manifestandas,
940 2784 995 2830 et
1032 2773 1468 2844 philosophorum
1499 2770 1735 2840 ipsorum
1765 2767 2041 2838 pusillani-

460 2878 693 2928 tnitatem
713 2911 728 2936 ,
757 2871 917 2925 rebus
949 2869 1078 2938 ipsis
1111 2865 1488 2928 clamantibus,
1520 2873 1626 2918 tam
1657 2859 2040 2933 prtesentibus,

459 2981 613 3036 quam
643 2962 927 3032 przeteritis
947 3003 962 3028 ,
994 2961 1134 3031 quod
1165 2961 1342 3014 omnia
1381 2957 1521 3028 apud
1556 2959 1702 3028 ipsos
1733 2955 1959 3021 fabulae,
1990 2962 2045 3008 et

461 3073 614 3115 scena
632 3099 647 3121 ,
674 3067 729 3112 et
755 3053 1071 3127 hypocrisis.
1105 3053 1211 3107 Nec
1238 3048 1485 3106 monachi
1518 3056 1719 3104 tantum
1739 3090 1753 3112 ,
1781 3063 1965 3102 verum
1990 3055 2045 3101 et

462 3151 760 3208 sacerdotes
806 3147 1047 3204 eamdem
1098 3146 1458 3216 prmstiterunt
1503 3143 1666 3198 animi
1717 3140 2041 3212 magnitudi-

461 3258 601 3310 nem,
628 3251 970 3311 nostramquc
1000 3240 1220 3294 salutem
1253 3238 1648 3307 dispensarunt.
1683 3236 1750 3290 Et
1777 3236 1910 3289 alius
1937 3234 2048 3303 qui-

462 3338 582 3395 dem
623 3337 677 3395 in
716 3345 890 3390 castra
931 3349 990 3390 se
1030 3332 1290 3397 contulit,
1323 3330 1499 3387 omnia
1544 3329 1815 3385 dilectioni
1853 3337 2046 3382 vestrae

462 3444 816 3504 postponens,
849 3438 904 3486 et
931 3432 1042 3499 ipse
1069 3436 1280 3498 paratus
1305 3469 1319 3490 ,
1355 3427 1454 3480 nisi
1486 3424 1793 3494 Imperatori
1826 3437 2045 3491 persua-

461 3525 638 3585 deret,
667 3523 832 3589 mori;
864 3521 951 3576 alii
977 3537 1102 3575 vero
1130 3519 1219 3577 hic
1243 3525 1609 3581 remanentes,
1637 3525 1688 3569 et
1711 3513 1898 3569 eadem
1927 3528 2046 3584 qua:

463 3615 704 3670 monachi
740 3613 1053 3670 exhibentes
1077 3653 1091 3678 ,
1120 3608 1348 3680 propriis
1376 3607 1620 3662 manibus
1639 3605 1847 3675 judices
1871 3604 2043 3660 conti-

464 3718 648 3763 nentes
672 3747 688 3773 ,
719 3722 824 3760 non
851 3705 1096 3760 sinebant
1135 3701 1337 3772 ingredi
1365 3702 1404 3766 ί,
1437 3699 1742 3770 priusquam
1773 3697 1841 3752 de
1865 3696 2047 3766 judicii

465 3805 568 3856 ﬁne
589 3799 957 3870 promitterent
980 3814 995 3853 :
1015 3807 1068 3851 et
1092 3812 1210 3850 cum
1234 3803 1518 3848 renuentes
1539 3791 1753 3863 quidem
1776 3790 2043 3854 videbant,

464 3892 625 3946 multa
653 3889 840 3945 ﬁducia
867 3897 921 3943 et
946 3888 1043 3959 ipsi
1071 3885 1304 3940 vicissim
1332 3884 1635 3940 utebantur.
1660 3881 1732 3937 Ut
1755 3890 1929 3936 autem
1954 3897 2048 3935 an-

462 3991 688 4038 nuentes
714 3981 993 4045 viderunt,
1028 3978 1192 4048 pedes
1214 3985 1268 4031 et
1291 3990 1462 4047 genua
1489 3972 1753 4044 complexi
1778 3980 1832 4026 et
1860 3987 2049 4026 manus

462 4073 775 4136 exosculati,
805 4081 1083 4141 utramque
1108 4070 1355 4125 virtutem
1383 4065 1876 4137 superabundanter
1899 4065 2050 4119 exhi-

465 4171 651 4235 huere,
679 4167 977 4222 libertatem
1003 4171 1060 4218 et
1085 4159 1565 4218 mansuetudinem.
1593 4157 1745 4224 Quod
1773 4157 1913 4212 enim
1943 4173 2048 4210 non

463 4260 728 4328 superbia
763 4265 908 4313 esset
943 4255 1169 4318 ﬁducia,
1205 4251 1567 4308 exosculando
1595 4265 1766 4320 genua
1795 4257 1850 4304 et
1886 4248 2052 4320 pedes

466 4347 835 4421 amplectende
858 4347 1087 4402 maxime
1110 4345 1605 4400 demonstraverunt
1631 4360 1646 4396 :
1673 4357 1882 4396 rursum
1909 4339 2050 4410 quod

467 4441 737 4496 humilitas
779 4439 866 4494 illa
910 4453 1017 4493 non
1054 4445 1197 4492 esset
1225 4435 1549 4501 assentatio,
1588 4448 1761 4504 neque
1790 4433 2052 4487 servilitas

466 4533 744 4604 quaedam.
774 4546 876 4586 nec
915 4546 983 4584 ex
1025 4527 1272 4584 illiberali
1311 4526 1571 4581 sententia
1621 4525 1854 4593 profecta
1879 4564 1894 4588 ,
1933 4540 2054 4593 qua:

469 4623 743 4692 praemissa
781 4624 1016 4687 ipsorum
1059 4620 1267 4675 ﬁduciae
1307 4617 1548 4679 fuerunt,
1590 4615 1866 4671 testiﬁcata
1907 4626 2050 4670 sunt.

469 4716 652 4784 Neque
694 4714 810 4768 haec
853 4714 966 4768 sola
996 4713 1062 4768 de
1103 4711 1396 4767 tentatione
1435 4709 1574 4763 bona
1618 4708 1804 4761 Iucrati
1834 4721 2052 4774 sumus,

471 4824 656 4861 verum
685 4816 741 4861 et
770 4806 986 4860 multam
1023 4802 1364 4866 modestiam,
1390 4816 1452 4854 ac
1477 4799 1934 4855 mansuetudinem
1959 4843 1971 4862 ,
2003 4809 2057 4853 et

470 4901 656 4954 civitas
683 4898 836 4953 nobis
873 4905 1093 4967 repente
1130 4893 1510 4951 monasterium
1541 4892 1671 4947 facta
1701 4903 1802 4948 est.
1834 4892 1948 4946 Non
1979 4892 2057 4946 sic

472 4992 614 5046 illam
637 4990 756 5061 quis
775 5001 1037 5054 ornasset,
1059 4989 1102 5042 si
1125 5002 1315 5042 aureas
1337 4986 1391 5040 in
1418 4985 1533 5040 foro
1552 4993 1755 5039 statuas
1776 4984 2054 5044 erexisset,

471 5091 611 5138 szcut
638 5096 780 5138 nunc
812 5083 956 5138 clara
995 5089 1052 5134 et
1091 5079 1309 5134 illustris
1345 5087 1468 5142 est,
1499 5093 1618 5148 qme
1655 5077 1822 5131 bonas
1852 5076 2060 5130 virtutis

469 5187 675 5234 statuas
699 5174 939 5247 protulit,
970 5181 1025 5227 et
1053 5171 1294 5241 proprias
1320 5169 1561 5224 exhibuit
1587 5168 1819 5222 divitias.

550 5269 722 5323 Poma:
741 5265 804 5320 ab
831 5263 857 5319 1
866 5271 1143 5336 mperalore
1163 5261 1486 5314 Antiochenis
1509 5260 1734 5328 iit/licita.
1764 5258 2060 5328 Metmpolis

475 5361 695 5430 dignitas
721 5357 968 5412 translata
993 5354 1062 5410 ad
1091 5352 1423 5407 Laodicenos.
1451 5380 1522 5392 —
1550 5352 1618 5405 At
1649 5367 1768 5420 qua:
1796 5351 1863 5404 ab
1893 5352 2062 5421 Impe-

479 5461 657 5504 ratore
683 5449 916 5519 profecta
942 5452 1069 5502 sunt
1090 5444 1406 5501 contristant
1429 5459 1443 5495 :
1467 5442 1560 5498 sed
1589 5457 1687 5496 nec
1713 5442 1800 5497 illa
1828 5443 2062 5511 profecto

479 5544 680 5613 gravia,
699 5557 883 5598 verum
911 5549 968 5597 et
994 5541 1107 5610 ipsa
1135 5539 1360 5594 multum
1383 5536 1673 5593 attulerunt
1696 5537 2060 5593 emolumenti.

481 5698 562 5818 mi
751 5703 855 5748 επ.
889 5704 942 5748 et
978 5695 1101 5748 alio!
1130 5695 1378 5750 habetur:
1413 5691 1749 5754 continebant,
1772 5703 1865 5743 non
1910 5696 2063 5744 sinen-

1196 271 1253 328 S.
1293 267 1572 327 JOANNIS
1607 261 2080 324 CHRYSOSTOMI
2119 262 2432 322 ARCIIIEP.
2473 259 3001 326 CONSTANTINOP.

3622 269 3721 324 176

2145 378 2280 448 Quid
2304 379 2446 436 enim
2476 379 2704 446 molesti,
2727 379 2812 436 die
2833 379 2984 446 mihi,
3015 377 3207 434 factum
3231 390 3311 436 est
3331 381 3356 435 ?
3375 383 3516 452 quod
3537 385 3728 440 orche-

2143 483 2307 527 stram
2327 472 2670 538 obstruxerit,
2694 473 2835 542 quod
2854 473 3052 528 circum
3079 473 3495 530 inaccessibilem
3519 475 3725 544 fecerit,

2143 563 2284 634 quod
2323 564 2569 633 nequitia:
2607 566 2779 619 fontes
2806 566 3090 620 excluserit
3117 574 3172 620 et
3207 566 3484 623 obruerit?
3515 567 3728 625 Utinam

2144 670 2244 711 nec
2267 655 2648 710 concederetur
2671 672 2919 727 umquam
2947 657 3043 712 bos
3073 657 3286 726 aperiri.
3321 659 3455 715 Iline
3478 662 3729 731 nequitiar

2144 747 2348 803 radices
2379 749 2430 802 in
2460 749 2673 805 civitate
2708 751 3166 820 germinaverunt,
3194 751 3318 807 hinc
3346 763 3468 807 sunt
3495 755 3584 824 qui
3613 770 3727 809 mo.

2143 839 2290 894 ribus
2331 838 2496 909 ipsius
2538 846 2735 897 crimen
2770 839 3032 908 'aﬁ'ernnt,
3063 858 3188 899 suas
3225 860 3380 899 voces
3413 847 3728 902 saltantibus

2143 930 2454 996 vendentes,
2477 941 2534 987 et
2560 933 2726 988 tribus
2751 933 2921 988 obolis
2949 949 3097 988 suam
3129 934 3230 988 illis
3257 935 3479 990 salutem
3507 937 3742 1007 prodeu-

2145 1031 2245 1087 tes,
2277 1022 2660 1085 confundentes
2694 1026 2891 1078 omnia.
2925 1024 3212 1093 Propterea
3241 1026 3484 1091 tristaris,
3515 1030 3718 1083 carissi-

2145 1113 2267 1169 me?
2305 1113 2416 1169 Imo
2456 1116 2575 1171 ideo‘
2609 1125 2663 1171 et
2699 1116 2928 1186 gaudere
2952 1128 3004 1170 et
3031 1119 3192 1172 laetari
3221 1130 3431 1188 oportet
3451 1131 3505 1176 et
3529 1123 3729 1192 gratias

2146 1203 2453 1275 Imperatori
2482 1222 2640 1276 agere
2667 1226 2680 1262 :
2704 1208 2952 1278 quoniam
2983 1210 3149 1280 ipsius
3171 1211 3302 1266 ultio
3325 1215 3584 1267 correctio
3607 1214 3724 1278 fttit,

2144 1304 2198 1350 et
2225 1311 2381 1366 paena
2409 1298 2655 1362 eruditio,
2689 1311 2741 1354 et
2773 1301 2847 1354 ira
2878 1301 3139 1356 doctrina.
3170 1304 3247 1356 An
3275 1303 3393 1372 quia
3421 1305 3606 1360 balnea
3633 1323 3729 1360 no-

2144 1386 2225 1443 bis
2249 1389 2460 1445 occlusa
2487 1391 2652 1446 sunt?
2679 1392 2782 1447 Sed
2813 1393 2914 1447 hoc
2939 1408 3042 1447 non
3077 1394 3406 1450 intolerabile
3425 1439 3440 1454 .
3467 1397 3550 1450 vel
3585 1397 3726 1451 invi-

2145 1492 2247 1550 tos,
2275 1481 2529 1540 lubricam
2557 1492 2610 1540 et
2635 1485 2851 1540 mollem
2876 1495 2929 1540 et
2955 1485 3265 1556 dissolutam
3294 1487 3544 1558 degentes
3564 1490 3726 1544 vitam

2144 1573 2210 1629 ad
2255 1573 2642 1648 phiIOSOphiam
2685 1574 2887 1630 reduci.
2929 1577 3011 1630 An
3056 1576 3197 1648 quod
3241 1579 3468 1634 civitatis
3509 1581 3730 1636 abstulit

2143 1667 2484 1739 dignitatem,
2514 1687 2613 1727 nec
2645 1671 2872 1742 amplius
2901 1670 3066 1744 ipsam
3103 1672 3434 1742 metropolim
3473 1673 3727 1743 appellari

2143 1760 2386 1830 permisit
2411 1761 2526 1834 (a)?
2547 1763 2648 1818 Sed
2673 1763 2796 1834 quid
2821 1765 2993 1820 facere
3013 1762 3329 1835 oportebat?
3351 1761 3563 1818 laudare
3583 1778 3729 1818 com-

2144 1851 2328 1920 missa,
2347 1863 2401 1907 et
2421 1854 2616 1923 gratias
2636 1871 2794 1924 agere
2809 1856 2834 1908 ?
2856 1856 2921 1910 Et
2941 1857 3058 1926 quis
3084 1857 3253 1928 ipsum
3279 1875 3381 1914 non
3403 1865 3724 1924 accusasset,

2144 1941 2284 2012 quod
2323 1958 2429 1998 non
2467 1945 2552 2000 vel
2590 1947 2806 2016 specie‘
2846 1949 3256 2018 indignationem
3297 1953 3728 2010 manifestasset?

2144 2032 2260 2088 Non
2295 2035 2471 2090 cernis
2509 2048 2687 2106 patres
2721 2039 2886 2094 multa
2921 2040 3220 2111 bujusmodi
3253 2044 3304 2098 in
3337 2044 3473 2100 ﬁlios
3501 2060 3626 2102 suos
3651 2047 3730 2102 fa-

2145 2125 2307 2180 cere?
2343 2137 2686 2196 aversantur,
2717 2140 2769 2186 et
2810 2147 2992 2186 mensa
3031 2134 3334 2204 prohibent.
3376 2137 3488 2193 [loc
3520 2155 3730 2210 quoque

2147 2214 2438 2286 Imperator
2465 2218 2604 2286 fecit,
2639 2221 2770 2277 tales
2801 2224 3079 2294 imponens
3105 2226 3353 2293 ultiones,
3385 2231 3586 2285 nullum
3615 2233 3730 2302 qui-

2145 2307 2266 2362 dem
2307 2310 2562 2371 habentes
2596 2311 2878 2381 damnum,
2920 2317 3140 2376 multam
3180 2334 3304 2373 vero
3344 2323 3730 2378 correctionem

2146 2401 2446 2458 afferentes.
2479 2403 2662 2476 Cogita
2701 2423 2820 2476 quae
2863 2411 3320 2478 exspectavimus,
3351 2423 3405 2467 et
3441 2429 3560 2483 qua:
3593 2413 3730 2470 facta

2146 2503 2290 2558 sunt,
2321 2502 2376 2548 et
2401 2504 2524 2550 tunc
2548 2497 2778 2552 maxime
2803 2498 3035 2555 sciemus
3063 2500 3154 2555 Dei
3178 2506 3423 2571 gratiam.

2218 2586 2497 2642 Antiochia:
2525 2603 2641 2641 vera
2661 2588 2899 2660 dignitas.
2924 2620 2997 2630 —
3023 2590 3180 2646 Doles
3212 2591 3353 2662 quod
3390 2593 3616 2650 civitatis
3644 2595 3733 2650 di-

2146 2680 2320 2749 gnitas
2347 2680 2522 2735 ablata
2558 2681 2670 2737 sit?
2697 2682 2842 2737 disce
2881 2683 3008 2753 quid
3052 2683 3262 2740 tandem
3299 2685 3368 2740 sit
3394 2686 3623 2743 civitatis
3647 2688 3732 2743 di-

2148 2775 2342 2844 gnitas,
2373 2783 2427 2829 et
2461 2783 2588 2830 tunc
2615 2775 2894 2831 manifeste
2935 2777 3093 2844 scies,
3136 2777 3279 2848 quod
3316 2780 3362 2834 si
3407 2779 3734 2836 habitatores

2150 2867 2318 2936 ipsam
2347 2882 2450 2921 non
2479 2868 2828 2938 prodiderint,
2851 2869 3061 2926 auferre
3097 2873 3290 2941 poterit
3309 2873 3445 2929 alius
3471 2890 3628 2931 nemo
3654 2879 3734 2930 ci-

2149 2959 2326 3013 vitatis
2370 2958 2700 3030 dignitatem.
2746 2961 2863 3016 Non
2898 2963 3040 3032 quod
3080 2966 3389 3036 metmpolis
3431 2968 3520 3033 sit,
3561 2984 3735 3039 neque

2148 3053 2291 3124 quod
2325 3053 2543 3123 praedita
2569 3055 2640 3109 sit
2675 3055 3036 3125 magnitudine
3064 3067 3117 3112 et
3147 3068 3339 3114 ornatu
3363 3060 3731 3126 mdiﬁciorum,

2150 3160 2324 3214 neque
2361 3146 2502 3215 quod
2533 3147 2724 3202 multas
2767 3147 2959 3203 habeat
3001 3151 3299 3219 columnas,
3330 3162 3384 3207 et
3410 3153 3542 3209 latas
3571 3157 3737 3224 porti-

2149 3251 2267 3303 cus,
2292 3248 2347 3291 et
2373 3237 2848 3306 deambulationes,
2877 3256 3049 3312 neque
3080 3243 3221 3311 quod
3247 3254 3371 3299 ante
3398 3245 3529 3300 alias
3547 3247 3736 3302 civita-

2152 3337 2234 3384 tes
2262 3329 2618 3398 prtedicetur;
2662 3330 2756 3385 sed
2803 3331 3214 3389 inhabitantium
3254 3335 3421 3390 virtus
3449 3346 3506 3392 et
3541 3339 3732 3407 pietas,

2153 3420 2268 3475 haec
2292 3431 2373 3476 est
2400 3420 2648 3492 dignitas,
2695 3433 2748 3477 et
2792 3435 3034 3492 ornatus,
3077 3436 3131 3481 et
3169 3428 3329 3482 tutela
3373 3429 3620 3497 civitatis,
3664 3429 3735 3486 ita

2153 3520 2212 3566 ut
2234 3513 2278 3568 si
2307 3513 2410 3568 hoc
2434 3513 2591 3580 desit,
2621 3517 2856 3569 omnium
2899 3517 2970 3570 sit
3001 3518 3281 3583 vilissima,
3309 3519 3433 3575 licet
3473 3521 3737 3577 inﬁnitum

2151 3609 2219 3665 ab
2243 3608 2654 3679 Imperatoribus
2680 3622 3034 3680 consequatur
3076 3611 3352 3667 honorem.
3383 3613 3473 3668 Vis
3511 3614 3740 3670 civitatis

2153 3713 2260 3759 tua:
2284 3703 2592 3774 dignitatem
2621 3703 2866 3758 discere?
2888 3704 2968 3758 vis
2995 3705 3211 3774 gentilia
3243 3705 3406 3774 ipsius
3426 3718 3736 3762 ornamenta

2153 3796 2352 3850 nosse?
2380 3795 2553 3850 dicam
2582 3795 2791 3860 sedulo,
2833 3811 2938 3849 non
2983 3803 3042 3849 ut
3079 3795 3256 3850 discas
3286 3805 3509 3861 tantum,
3550 3813 3737 3852 verum

2154 3896 2291 3944 utet
2335 3886 2580 3942 imiteris.
2629 3886 2760 3954 Qua:
2790 3885 3002 3940 tandem
3047 3896 3134 3941 est
3159 3888 3385 3942 civitatis
3431 3899 3623 3942 nostra:
3651 3889 3737 3943 di-

2153 3979 2328 4052 gnitas
2346 3980 2369 4034 ?
2389 3979 2608 4050 Contigit
2635 3980 2854 4049 primunt
2885 3979 3165 4033 Antiochiae
3191 3979 3465 4049 discipulos
3487 3980 3741 4051 appellari

2154 4070 2468 4128 Christianos
2489 4071 2627 4142 (Act.
2656 4071 2741 4125 II.
2771 4068 2877 4142 26)
2915 4088 2928 4126 :
2959 4069 3060 4126 hoc
3094 4081 3270 4124 autem
3319 4072 3588 4126 civitatum
3619 4089 3740 4142 quae

2155 4175 2281 4221 sunt
2311 4166 2364 4219 in
2392 4163 2590 4218 mundo
2609 4173 2919 4218 cunctarum
2963 4162 3123 4217 habet
3161 4163 3322 4227 nulla,
3367 4179 3464 4218 nec
3491 4164 3602 4233 ipsa
3628 4164 3739 4218 Ro-

2155 4255 2283 4311 muli
2309 4255 2494 4310 civitas
2522 4271 2538 4309 :
2563 4263 2848 4324 propterea
2887 4263 3075 4308 contra
3100 4269 3311 4307 omnem
3353 4264 3611 4308 terrarum
3649 4271 3742 4308 or-

2157 4348 2278 4403 bem
2307 4348 2492 4402 oculos
2529 4346 2736 4416 erigere
2795 4352 2969 4414 potest
2998 4363 3011 4399 :
3041 4345 3292 4414 quoniam
3321 4361 3445 4415 erga
3474 4345 3744 4402 Christum

2157 4441 2358 4496 amoris
2379 4442 2552 4510 ignem
2591 4441 2766 4500 habet,
2798 4449 3016 4508 propter
3045 4439 3310 4500 ﬁduciam,
3337 4449 3553 4507 propter
3576 4439 3745 4492 virtu-

2162 4541 2266 4587 tem
2289 4531 2456 4586 illam.
2488 4530 2578 4584 Vis
2609 4541 2662 4584 et
2686 4529 2844 4583 aliam
2879 4528 3109 4583 civitatis
3143 4529 3331 4582 audire
3353 4528 3660 4598 dignitatem
3693 4539 3750 4584 et

2161 4622 2371 4678 laudem
2391 4623 2414 4676 ?
2436 4621 2630 4676 Fames
2665 4619 2796 4675 olim
2820 4619 3128 4674 difﬁcillima
3172 4617 3346 4672 futura
3370 4627 3505 4684 erat,
3537 4628 3591 4674 et
3630 4620 3748 4674 An-

2161 4713 2411 4770 tiochiam
2443 4712 2742 4767 habitantes
2782 4717 3102 4776 statuerunt,
3133 4720 3290 4779 prout
3313 4711 3538 4780 quisque
3574 4711 3749 4764 abun-

2161 4808 2356 4873 dabat,
2402 4806 2468 4860 ad
2520 4814 2733 4860 sanctos
2772 4805 3158 4876 Jerosolymam
3209 4803 3506 4858 habitantes
3549 4803 3748 4874 aliquid

2164 4901 2375 4956 mittere
2397 4898 2560 4968 (Ibid.
2590 4915 2639 4951 υ.
2661 4897 2752 4952 28.
2776 4896 2890 4965 ‘29).
2921 4896 3061 4951 Ecce
3094 4905 3148 4950 et
3187 4895 3475 4950 secundam
3515 4895 3745 4965 dignita-

2167 5005 2296 5058 tem,
2324 4993 2376 5048 in
2409 4994 2548 5047 fame
2573 4991 2872 5046 caritatem.
2906 4989 3021 5044 Non
3052 4991 3315 5044 contraxit
3339 4989 3482 5060 ipsos
3507 4999 3742 5057 tempus,

2166 5102 2265 5142 nec
2310 5087 2584 5157 segniores
2635 5084 2866 5138 reddidit
2911 5083 3224 5138 calamitatis
3268 5084 3626 5153 exspectatio;
3656 5082 3750 5139 sed

2167 5178 2379 5250 quando
2402 5178 2494 5232 alii
2523 5176 2694 5232 aliena
2721 5176 2996 5246 colligunt,
3026 5185 3151 5230 tunc
3191 5175 3264 5229 illi
3292 5189 3385 5229 sua
3415 5174 3748 5241 emittebant,

2231 5379 2249 5410 ί
2285 5376 2479 5436 Quidam
2498 5373 2594 5434 alii,
2625 5371 2784 5436 verba.
2810 5386 2913 5436 pro.
2938 5372 3116 5434 specie.

2236 5434 2315 5501 (a)‘
2341 5434 2838 5501 ﬂanslataqnimirum
2868 5435 3069 5501 fuerunt
3086 5436 3194 5501 jura
3212 5442 3273 5501 _et
3292 5434 3544 5501 privilegia
3569 5439 3754 5501 metro-

2170 5492 2340 5560 poleos
2369 5500 2427 5548 ad
2465 5499 2858 5560 laodicteam,ut
2875 5496 3031 5546 refert
3062 5492 3414 5560 flteodoretus,
3447 5492 3490 5560 If
3510 5496 3558 5548 5,
3583 5509 3626 5542 c.
3658 5492 3754 5560 l9_:

2179 5555 2201 5610 it
2226 5561 2479 5624 Privilegia
2515 5560 2696 5624 civitati
2734 5559 2933 5618 ademit,
2957 5561 3168 5624 urbique
3198 5559 3365 5608 vicina:
3389 5559 3642 5624 pritttatum
3674 5555 3764 5624 trio

2176 5629 2299 5682 ltuit,
2321 5619 2496 5682 putans
2513 5621 2605 5671 hoc
2625 5620 2696 5676 illi
2713 5624 2922 5670 maximo
2939 5619 3097 5670 dolori
3110 5621 3339 5670 futurum.
3362 5620 3608 5668 Invidehat
3625 5619 3760 5682 enim

2167 5690 2266 5750 jam
2289 5677 2400 5735 olim
2419 5684 2674 5750 Antiochiae
2696 5683 2946 5750 ggdieea.
2975 5700 2997 5730 ι
3030 5683 3145 5736 Vide
3163 5691 3197 5734 ι.
3214 5684 3256 5734 1.
3283 5685 3426 5732 \itatn
3447 5677 3764 5744 Chrytostomi

2176 5743 2403 5810 nostram,
2417 5746 2476 5798 ad
2500 5758 2676 5797 annum
2696 5743 2804 5796 587.
