4112 6388
311 313 412 373 Π5

305 432 470 486 λεσαν
497 429 592 484 τὸν
625 427 869 501 βασιλέα,
895 426 1111 500 καὶτῆς
1140 429 1376 500 κρίσεως
1404 431 1736 504 άνέμνησαν,
1759 431 1975 494 καὶτὰς

306 518 518 573 ἑαυτῶν
547 516 756 585 ἔφασαν
776 516 1070 587 ὐποθήσειν
1093 517 1357 586 κεφαλὰς,
1385 521 1434 573 εἰ
1464 519 1539 591 μὴ
1561 520 1719 572 τοῦτο
1739 520 1970 589 γένοιτο.

305 606 416 660 Καὶ
449 605 656 668 ταύτας
695 606 745 658 οί
769 604 1080 669 δικάζοντες
1104 605 1191 659 διὰ
1220 608 1566 680 γραμμάτων
1594 607 1851 671 λαϐόντες
1877 607 1975 671 τὰς

305 694 512 762 φωνάς,
545 695 809 764 ἀπῆλθον,
858 693 887 747 ὃ
930 694 1131 758 παντὸς
1160 697 1426 765 στεφάνου
1461 697 1838 768 λαμπρότερον
1875 697 1975 768 τὴν

308 781 584 852 ἡμετέραν
611 783 878 854 κοσμήσει
907 782 1082 836 πόλιν.
1114 783 1224 835 Καὶ
1263 783 1356 837 νῦν
1383 783 1451 837 τὰ
1479 783 1711 837 ἐνταῦθα
1744 801 1974 856 γεγενη-

309 869 449 939 μένα
495 858 788 923 ἀκόύσεται
829 869 926 941 μέν
976 869 1248 939 βασιλεὺς,
1278 870 1568 924 ἀκούσεται
1597 871 1653 924 δὲ
1685 872 1780 924 καὶ
1809 874 1842 942 ἡ
1878 889 1976 942 με·-

305 957 446 1028 γάλη
479 957 657 1020 πόλις,
686 957 977 1010 ἀκούσεται
1008 957 1064 1010 δὲ
1097 960 1246 1012 πᾶσα
1273 960 1306 1028 ἡ
1338 958 1652 1029 οἰκουμένη,
1692 959 1775 1012 ὅτι
1801 959 1991 1014 τοιοῦτ

304 1063 387 1097 τοι
416 1044 516 1115 τὴν
552 1045 872 1116 Ἀντιοχέων
907 1045 1062 1099 πόλιν
1100 1047 1308 1100 οἰκοῦσι
1342 1047 1586 1118 μοναχοὶ,
1621 1047 1698 1110 ώς
1739 1048 1975 1100 ἀποστο-

302 1132 465 1203 λικὴν
487 1132 856 1199 ἐπιδείξασθαι
876 1134 1190 1205 παρρησίαν
1213 1151 1226 1166 ·
1256 1134 1481 1188 καὶτῶν
1509 1133 1855 1205 γραμμάτων
1881 1132 1976 1186 νῦν

303 1220 866 1291 ἀναγιγνωσκομένων
905 1223 962 1274 ἐν
1007 1221 1087 1292 τῷ
1136 1221 1505 1292 στρατοπέδῳ,
1556 1221 1755 1284 πάντες
1797 1220 1977 1274 αὐτῶν

305 1309 680 1380 θαυμάσονται
701 1309 800 1380 τὴν
836 1309 1264 1380 μεγαλοψυχίαν,
1294 1310 1494 1373 πάντες
1517 1309 1614 1381 τὴν
1645 1309 1799 1363 πόλιν
1822 1308 1977 1380 ἡμῶν

307 1396 663 1470 μακαριοῦσι,
686 1397 781 1451 καί
802 1397 899 1468 τὴν
923 1399 1166 1468 πονηρὰν
1189 1397 1644 1468 ἀποκρουσόμεθα
1671 1396 1827 1461 δόξαν
1843 1413 1856 1427 ·
1883 1398 1978 1450 καὶ

302 1486 543 1538 εἴσονται
571 1485 794 1549 πάντες,
818 1485 894 1548 ὡς
924 1485 993 1538 τὰ
1025 1485 1369 1554 γεγενημένα
1397 1486 1457 1538 οὐ
1486 1484 1593 1537 τῶν
1622 1484 1976 1538 ἐνοικούντων

302 1574 405 1644 τὴν
436 1573 590 1625 πόλιν
619 1569 707 1644 ἦν,
743 1572 857 1626 ἀλλ’
876 1555 1179 1644 ἀνθρώπων
1216 1572 1383 1636 ξένων
1415 1573 1510 1626 καί⁹
1537 1569 1976 1643 διεφθαρμένων,

302 1663 402 1715 καὶ
429 1663 512 1713 ὅτι
549 1662 708 1731 ίκανὴ
745 1661 841 1714 τοῦ
873 1662 972 1732 τῆς
1034 1660 1241 1724 πόλεως
1284 1660 1450 1732 ἤθους
1492 1660 1761 1725 ἀπόδειξις
1797 1662 1830 1732 ἡ
1868 1659 1976 1715 τῶν

303 1749 559 1820 μοναχῶν
586 1749 736 1802 ἔσται
773 1749 1070 1820 μαρτυρία.
1114 1748 1205 1820 Μὴ
1238 1749 1419 1801 τοίνυν
1454 1748 1726 1819 ἀλύωμεν,
1759 1749 1977 1819 ἀγαπη-

296 1841 410 1904 τοὶ,
438 1838 576 1892 ἀλλά
603 1838 848 1908 χρηστάς
877 1836 1266 1907 προσδοκῶμεν
1293 1836 1535 1900 ἐλπίδας,
1559 1837 1622 1889 Εἰ
1641 1836 1749 1907 γὰρ
1773 1838 1806 1906 ἡ
1839 1836 1976 1906 πρὸς

296 1926 626 1998 ἀνθρώπους
655 1926 938 1998 παρρησία
965 1924 1218 1978 τοσοῦτον
1242 1925 1429 1994 ἴσχυσε
1459 1923 1702 1977 κωλῦσαι
1727 1923 1916 1988 δεινὸν,
1941 1926 1974 1994 ἡ

297 2014 438 2086 πρὸς
483 2013 607 2067 τὸν·
646 2015 778 2067 Θεὸν
827 2012 1007 2066 αὐτῶν
1061 2014 1340 2086 παρρησία
1386 2011 1440 2065 τί
1485 2013 1584 2065 οὐκ
1645 2011 1972 2083 ἐργάσεται;

296 2103 489 2156 Ταῦτα
521 2103 612 2156 καὶ
638 2101 775 2172 πρὸς
804 2101 1071 2171 Ἕλληνας
1089 2101 1360 2170 λέγωμεν,
1392 2101 1520 2156 ὅταν
1539 2099 1810 2171 τολμῶσιν
1836 2100 1975 2170 ὐπέρ

297 2191 606 2259 φιλοσόφων
644 2193 775 2261 ἡμῖν
807 2189 1172 2258 διαλέγεσθαι.
1191 2189 1325 2243 Ἀπὸ
1354 2189 1463 2242 τῶν
1496 2188 1592 2241 νῦν
1626 2186 1868 2260 εὐδηλον,
1892 2189 1974 2241 ὅτι

296 2280 397 2331 καὶ
432 2279 499 2331 τά
525 2278 766 2348 πρότερα
791 2274 859 2349 ἦν
885 2278 1057 2348 ψευδῆ
1087 2277 1156 2330 τὰ
1182 2278 1311 2349 παρ’
1339 2278 1596 2340 ἐκείνοις·
1625 2277 1732 2329 άπὸ
1763 2276 1971 2328 τούτων

291 2365 480 2437 δῆλον,
506 2366 587 2418 ὅτι
634 2366 729 2419 καὶ
760 2365 829 2418 τά
870 2365 1110 2435 πρότερα
1153 2361 1220 2434 ἦν
1263 2363 1439 2434 ἀληθῆ
1465 2364 1534 2417 τὰ
1561 2363 1693 2434 παρ’
1723 2365 1874 2434 ἡμῖν,
1903 2363 1972 2417 τὰ

294 2455 430 2524 περὶ
467 2450 710 2506 Ἰωάννου
746 2455 839 2506 καῖ
871 2453 1085 2506 Παύλου
1120 2454 1213 2506 καὶ
1254 2453 1464 2522 Πέτρου
1501 2452 1598 2506 καὶ
1643 2451 1750 2504 τῶν
1796 2451 1972 2504 ἄλλων

290 2544 572 2596 ἁπάντων.
593 2541 810 2612 Ἐπειδὴ
831 2542 940 2612 γὰρ
969 2540 1067 2611 τὴν
1093 2540 1318 2594 ἐκείνων
1340 2539 1622 2593 εὐσέϐειαν
1646 2539 1969 2604 διεδέξαντο,

290 2630 387 2684 διὰ
409 2629 566 2682 τοῦτο
593 2631 689 2683 καὶ
716 2629 812 2700 τὴν
841 2630 1019 2684 αὐτῶν
1043 2627 1354 2699 παρρησίαν
1384 2625 1754 2691 ἐπεδείξαντοο
1780 2626 1969 2696 ἐπειδὴ

292 2721 413 2782 τοῖς
441 2720 625 2782 αὐτοῖς
653 2719 841 2789 νόμοις
873 2718 1211 2790 ἐτράφησαν,
1240 2715 1328 2768 διὰ
1356 2714 1514 2766 τοῦτο
1537 2714 1629 2768 καὶ
1665 2714 1764 2784 τὴν
1789 2713 1968 2768 αὐτῶν

289 2806 498 2878 ἀρετὴν
525 2806 998 2878 ὲζήλωσαν.Ὢστε
1024 2805 1085 2857 οὐ
1112 2803 1272 2874 χρεία
1294 2801 1639 2874 γραμμάτων
1671 2803 1802 2872 ἡμῖν
1828 2802 1969 2871 ὑπὲρ

288 2895 393 2948 τοῦ
421 2896 589 2963 δεῖξαι
608 2896 708 2968 τὴν
736 2894 1096 2961 ἀποστολικὴν
1121 2891 1342 2964 ἀρετὴν,
1373 2891 1481 2943 τῶν
1505 2889 1844 2960 πραγμάτων
1865 2890 1967 2940 αὐ-

288 2982 404 3035 τῶν
447 2983 716 3052 βοώντων,
747 2982 842 3036 καὶ
885 2981 991 3035 τῶν
1029 2979 1289 3050 μαθητῶν
1334 2978 1458 3041 τοὺς
1488 2976 1839 3040 διδασκάλους
1883 2978 1968 3028 ἐν-

288 3071 621 3124 δεικνύντων
641 3087 654 3102 ’
689 3070 750 3123 οὐ
783 3069 943 3140 χρεία
965 3067 1138 3136 λόγων
1169 3068 1321 3137 ἡμῖν,
1358 3063 1497 3118 ὥστε
1519 3063 1612 3116 τὸν
1637 3063 1745 3116 τῶν
1781 3063 1966 3134 Ἐλλή-

287 3175 402 3211 νων
448 3159 618 3222 δεῖξαι
665 3157 828 3228 λῆρον
858 3156 952 3209 καὶ
981 3155 1078 3225 τὴν
1125 3154 1234 3207 τῶν
1283 3153 1412 3223 παρ’
1447 3153 1632 3214 αὐτοῖς
1663 3151 1968 3219 φιλοσόφων

291 3246 689 3317 μικροψυχίαν,
708 3244 815 3298 τῶν
833 3242 1180 3315 πραγμάτων
1209 3239 1388 3293 αὐτῶν
1416 3237 1662 3309 βοώντων
1684 3237 1791 3290 τῶν
1813 3235 1964 3310 [I75]

287 3334 391 3388 νῦν
422 3335 517 3386 καὶ
547 3333 654 3386 τῶν
689 3332 992 3403 προτέρων,
1029 3329 1104 3393 ώς
1138 3328 1352 3382 ἅπαντα
1383 3327 1452 3380 τὰ
1483 3328 1611 3398 παρ’
1639 3328 1823 3388 αὐτοῖς
1866 3326 1969 3396 μῦ-

285 3423 388 3486 θος
436 3423 529 3475 καὶ
573 3421 747 3492 σκηνὴ
778 3421 872 3473 καὶ
899 3417 1210 3488 ὑπόκρισις.
1244 3417 1356 3485 υύχ
1382 3417 1428 3468 oi
1463 3414 1685 3484 μοναχοὶ
1715 3412 1772 3466 δέ
1806 3413 1964 3483 μόνον

285 3510 430 3564 ἀλλά
458 3511 552 3563 καὶ
579 3512 627 3562 οἱ
661 3511 825 3580 ἱερεῖς
848 3506 947 3578 τὴν
969 3506 1134 3574 αὐτὴν
1164 3503 1508 3569 ἐπεδείξαντο
1534 3500 1959 3572 μεγαλοψυχίαν,

282 3599 389 3652 καὶ
422 3595 531 3669 τῆν’
552 3596 830 3667 ἡμετέραν
863 3593 1202 3662 διενείμαντο
1239 3590 1532 3661 σωτηρίαν.
1566 3589 1674 3641 Καὶ
1698 3591 1726 3642 ό
1757 3589 1855 3658 μὲν
1883 3589 1964 3652 είς

281 3687 354 3740 τὸ
383 3684 739 3756 στρατόπεδον
765 3683 967 3752 ἀπῆρε,
1000 3681 1178 3733 πάντα
1203 3679 1430 3753 δεύτερα
1457 3678 1682 3748 θέμενος
1707 3678 1806 3746 τῆς
1831 3678 1963 3746 ὐμε-

279 3777 457 3846 τέρας
482 3774 720 3842 ἀγάπης,
753 3772 848 3826 καὶ
872 3771 1034 3833 αὐτὸς
1064 3769 1282 3840 ἕτοιμος
1317 3767 1414 3834 ὢν,
1452 3770 1500 3821 εἰ
1535 3767 1608 3838 μὴ
1637 3765 1843 3818 πείσειε
1870 3765 1962 3818 τὸν

285 3861 540 3934 βασιλέα,
577 3859 897 3914 ἀποθανεῖν’
930 3853 1074 3912 οὗτοι
1098 3857 1155 3910 δὲ
1177 3854 1413 3909 ἐνταῦθα
1443 3855 1744 3926 μείναντες,
1773 3855 1868 3906 καί
1894 3853 1961 3906 τὰ

279 3951 432 4004 αὐτὰ
469 3953 580 4012 τοῖς
625 3949 878 4018 μοναχοῖς
906 3943 1325 4014 ἐπιδειξάμενοι,
1355 3945 1474 4005 ταῖς
1520 3942 1751 4005 οἰκείαις
1805 3943 1961 4012 χερσὶ

278 4041 418 4102 τοὺς
448 4036 765 4101 δικάζοντας
799 4033 1120 4102 κατέχοντες
1154 4032 1253 4084 οὐκ
1285 4031 1628 4099 ἐπέτρεπονιι
1675 4028 1957 4093 είσελθεῖν,

279 4126 420 4196 πρὶν
440 4125 473 4196 ῆ
500 4123 742 4194 περὶτοῦ
767 4121 954 4184 τέλους
986 4118 1320 4188 ὑποσχέσθαι
1342 4117 1442 4187 τῆς
1464 4117 1620 4188 δίκης
1635 4135 1648 4147 ·
1678 4119 1773 4170 καὶ
1793 4118 1958 4188 ἡνίκα

281 4214 392 4285 μὲν
423 4209 604 4284 ἐώρων
636 4209 1018 4271 ἀνανεύοντας,
1043 4208 1210 4277 πολλῇ
1237 4209 1304 4278 τῇ
1333 4206 1617 4278 παρρησίᾳ
1644 4205 1738 4258 καί⁵
1757 4205 1911 4258 αὐτοὶ
1928 4205 1957 4245 b

279 4300 452 4354 πάλιν
483 4299 780 4369 ἐκέχρηντο
803 4314 816 4327 ο
851 4295 1039 4365 ἐπειδὴ
1067 4295 1122 4348 δὲ
1153 4290 1292 4347 εἶδον
1316 4293 1729 4355 ἐπινεύσαντας,
1777 4293 1958 4346 ποδῶν

278 4389 555 4458 ἁψάμενοι
603 4386 698 4438 καί⁵
746 4385 1008 4454 γονάτων,
1067 4383 1161 4435 καὶ
1216 4384 1404 4453 χεῖρας
1448 4381 1955 4452 καταφιλήσαντες,

275 4475 552 4545 ἑκατέραν
579 4472 678 4543 τὴν
713 4471 914 4543 ἀρετὴν
945 4471 1063 4540 μεθ’
1100 4469 1407 4540 ὑπερϐολῆς
1455 4468 1818 4533 ἐπεδείξαντο,
1858 4471 1955 4540 τήν

274 4581 346 4617 τε
377 4562 711 4631 ἐλευθερίαν,
747 4564 846 4632 τήν
871 4577 932 4612 τε
962 4560 1420 4612 ἐπιείκειαν.”υτι
1452 4559 1549 4629 μὲν
1583 4558 1692 4628 γὰρ
1738 4560 1839 4612 οὐκ
1886 4555 1955 4630 ῆν

273 4652 618 4726 θρασύτητος
651 4653 686 4722 ἡ
720 4649 1022 4723 παρρησία,
1069 4649 1147 4719 τῷ
1199 4647 1567 4719 καταφιλῆσαι
1613 4649 1816 4716 γόνατα
1857 4649 1954 4701 καὶ

271 4741 458 4796 ποδῶν
489 4741 728 4810 ἅψασθαι
764 4739 999 4810 μάλιστα
1028 4737 1234 4804 ἔδειξαν
1255 4755 1270 4768 ·
1302 4736 1463 4791 πάλιν
1488 4737 1568 4788 ὅτι
1590 4736 1762 4789 ταῦτα
1792 4736 1952 4789 κολα-

269 4830 404 4884 κεία
431 4831 530 4883 οὐκ
561 4826 652 4900 ἦν,
682 4829 804 4881 οὐδὲ
837 4825 1232 4898 δουλοπρέπειά
1263 4842 1368 4891 τις,
1407 4824 1530 4878 οὐδέ
1570 4824 1627 4890 ἐξ
1668 4824 1951 4878 ἀνελευθέ-

268 4935 376 4990 ρου
410 4918 634 4988 γνώμης
668 4917 898 4985 ἐγίνετο,
931 4914 1000 4968 τὰ
1043 4915 1327 4984 φθάσαντα
1356 4911 1741 4983 ἐμαρτύρησεν
1771 4913 1951 4967 αὐτῶν
1974 4982 1986 4996 __

265 5007 375 5080 τὴν
404 5005 738 5078 παρρησίαν.
772 5007 845 5058 Οὐ
873 5004 1047 5057 ταῦτα
1078 5003 1135 5055 δέ
1169 5003 1327 5072 μόνον
1354 5001 1462 5054 ἀπὸ
1501 5000 1597 5052 τοῦ
1639 5002 1948 5071 πειρασμοῦ

261 5095 345 5149 τά
374 5093 514 5147 καλά
543 5091 1008 5162 ἐκαρπωσάμεθα,
1050 5090 1184 5143 ἀλλά
1215 5089 1312 5142 καὶ
1335 5089 1538 5159 πολλὴν
1568 5088 1945 5159 σωφροσύνην,

265 5182 478 5251 πολλὴν
508 5182 809 5233 ἐπιείκειαν
834 5198 849 5212 ο
895 5180 993 5232 καὶ
1038 5180 1403 5250 μοναστήριον
1433 5178 1568 5246 ἡμῖν
1610 5177 1644 5246 ἡ
1677 5176 1830 5239 πόλις
1861 5179 1946 5242 ἐξ-

263 5273 472 5340 αίφνης
502 5269 887 5338 ἐγένετο.·οὐκ
919 5268 985 5322 ἄν
1012 5284 1096 5330 τις
1133 5267 1300 5336 αὐτὴν
1329 5265 1500 5327 οὕτως
1533 5263 1859 5333 ἐκόσμησεν,
1897 5267 1942 5317 εἰ

263 5357 504 5430 χρυσοῦς
537 5357 861 5427 ἀνδριάντας
892 5355 1187 5426 ἀνέστησεν
1208 5365 1230 5393 ο
1261 5355 1356 5407 ἐπὶ
1381 5353 1480 5422 τῆς
1501 5353 1730 5422 ἀγορᾶς,
1750 5352 1824 5415 ὡς
1847 5353 1942 5405 νῦν

266 5452 386 5502 ἐστι
424 5443 652 5516 λαμπρὰ
681 5445 776 5498 καὶ
814 5445 1117 5515 περιφανὴς
1174 5443 1301 5504 τοὺς
1357 5440 1556 5502 καλοὺς
1599 5439 1699 5508 τῆς
1741 5439 1942 5509 ἀρετῆς

263 5531 592 5602 ἀνδριάντας
643 5532 1058 5603 παρασχομένη,
1102 5532 1196 5583 καὶ
1245 5529 1336 5581 τὸν
1377 5529 1577 5581 οἰκεῖον
1629 5526 1942 5592 ἐπιδείξασα

265 5619 514 5674 πλοῦτον.

287 5735 297 5778 τ.
348 5708 513 5760 Ἀλλά
537 5707 607 5761 τὰ
635 5707 786 5778 παρά
811 5706 906 5760 τοῦ
939 5705 1201 5777 βασιλέως
1239 5703 1434 5756 λυπεῖ·
1473 5704 1586 5758 ἀλλ’
1607 5703 1725 5757 οὐδέ
1756 5705 1938 5758 ἐκεῖνα

291 5779 294 5782 Ι
325 5799 352 5857 ξ’
375 5795 471 5845 Alii
496 5805 548 5844 el
567 5796 714 5845 Savil.
740 5797 977 5857 κατεῖχον,
1000 5795 1085 5842 οὐκ
1107 5795 1446 5857 ἐπιτρέποντες.

325 5853 528 5925 ξ’ὅογιί.
555 5867 609 5906 el.
639 5860 834 5918 quidam
856 5853 937 5907 a'l'ii
961 5853 1041 5905 καὶ
1067 5857 1216 5905 οὗτοι.

327 5923 349 5950 ⁸
372 5923 476 5971 Alii
496 5923 709 5978 ἐστησιν.

1287 314 1380 369 AD
1416 314 1744 372 POPULUM
1783 311 2282 371 ANTIOCHENUM
2353 315 2586 372 liOMlL.
2630 318 2792 374 XVII.

3643 322 3767 382 17$.

2085 431 2182 501 μὲν
2209 427 2300 486 οὖν
2332 433 2586 504 φορτικὰ,
2618 434 2864 489 ἀλλὰκαὶ
2888 434 3025 488 αὐτά
3054 435 3188 489 πολὺ
3220 434 3278 488 τὸ
3304 435 3494 507 κέρδος
3523 439 3743 508 ῆνεγκε.

2082 514 2149 570 Τί
2185 519 2293 591 γὰρ
2320 521 2574 590 ἐπαχθὲς,
2605 521 2726 574 εἰπέ
2765 539 2876 592 μοι,
2912 521 3019 575 τῶν
3052 522 3388 594 γενομένων;
3419 524 3501 577 ὅτι
3531 525 3630 596 τὴν
3654 526 3682 577 ό
3721 554 3751 568 -

2082 609 2323 665 γήστραν
2347 609 2671 665 ἀνέφοαεεν.
2709 610 2790 662 ὅτι
2822 610 2913 662 τὸν
2953 609 3284 665 ἱππόδρομον
3317 543 3774 665 “amitte-2%.

3680 632 3749 686 η-

2082 609 2323 686 mm
2347 609 2671 679 ἀνέφραξεν,
2709 610 2790 662 ὅτι
2822 609 3284 686 τδνσί-πςπόδρρμον
3317 609 3656 686 ἅδε-ον’ἐπό

2082 696 2198 757 ἓέν,
2233 696 2315 746 ὃτι
2357 696 2456 759 τάς
2492 696 2591 766 τῆς
2639 696 2903 767 πονηρίας
2948 696 3133 768 πηγὰς
3159 696 3448 750 ἀπέκλεισε
3482 700 3576 752 καὶ
3615 718 3750 761 κατ-
3830 718 3833 722 ·

2081 779 2286 852 έχωσε;
2332 784 2483 852 Μηδὲ
2528 784 2842 854 ἀνοιχθῆναι
2887 785 2984 855 μὲν
3011 781 3104 838 οὖν
3131 785 3218 856 εἴη
3248 785 3422 844 ταῦτά
3464 789 3758 849 ποτε.Ἐν-.

2080 869 2268 923 τεῦθεν
2292 873 2349 925 αἰ
2383 871 2530 942 ῥίζαι
2561 872 2663 942 τῆς
2687 873 2955 945 πονηρίας
2999 872 3339 945 ἐϐλάστησαν
3371 877 3436 945 τῇ
3460 875 3631 940 πόλει,
3665 879 3752 932 ἐν·

2087 957 2270 1011 τεῦθεν
2298 957 2347 1010 οί
2375 957 2436 1010 τὸ
2454 954 2585 1029 ἦθος
2607 959 2776 1029 αὐτῆς
2803 959 3178 1024 διαϐάλλοντές
3207 963 3363 1026 εἰσιν,
3380 963 3549 1026 οἰτάς
3570 963 3751 1016 αὐτῶν

2083 1046 2265 1114 φωνὰς
2295 1050 2407 1111 τοῖς
2439 1048 2791 1119 ὀρχουμένοις
2838 1049 3163 1115 πωλοῦντες,
3199 1051 3294 1104 καὶ
3331 1051 3500 1122 τριῶν
3547 1049 3752 1106 ὀϐολῶν

2081 1135 2177 1206 τὴν
2211 1135 2420 1190 ἐαυτῶν
2454 1137 2845 1209 προπίνοντεςά
2890 1139 3119 1203 ἐκείνοις
3152 1142 3447 1212 σωτηρίαν,
3487 1143 3537 1194 οἰ
3571 1142 3756 1203 πάντα,

2081 1220 2194 1274 ἄνω
2220 1223 2314 1276 καὶ
2352 1224 2502 1277 κάτω
2531 1225 2828 1288 κινοῦντες.
2859 1227 2958 1279 Διά
2984 1226 3158 1280 ταῦτα
3185 1227 3494 1297 ἀσχάλλεις,
3530 1230 3749 1300 ἀγαπη-

2081 1307 2175 1372 τέ;
2208 1307 2306 1362 Διά
2352 1309 2525 1364 ταῦτα
2555 1311 2656 1381 μὲν
2687 1308 2780 1365 οῦν
2810 1313 2904 1366 καὶ
2941 1313 3151 1384 χαίρειν
3179 1315 3306 1385 χρὴ,
3343 1315 3435 1369 καὶ
3462 1315 3751 1386 εὐφραίνεο

2084 1391 2228 1458 σθαι,
2264 1397 2358 1449 καὶ
2402 1398 2632 1468 χάριτας
2677 1400 2961 1469 ὁμολογεῖν
2985 1400 3061 1471 τῷ
3099 1401 3324 1471 βασιλεῖ,
3357 1402 3436 1455 ὄτι
3465 1403 3498 1472 ἡ
3530 1403 3759 1462 κόλασις

2082 1482 2248 1536 αὐτοῦ
2281 1483 2566 1557 διόρθωσις
2616 1486 2826 1556 γέγονε.
2873 1488 2968 1542 καὶ
3012 1491 3046 1559 ἡ
3095 1490 3335 1560 τιμωρία
3381 1490 3726 1560 παιδαγωγϋμ

2082 1569 2178 1622 καὶ
2213 1572 2246 1641 ἡ
2282 1572 2419 1644 ὀργὴ
2453 1573 2949 1628 διδασκαλία.Ἀλλ’
2971 1577 3146 1630 ὅτιτά
3175 1577 3427 1646 βαλανεῖα
3459 1579 3591 1648 ἡμῖν
3619 1580 3728 1634 an»

2082 1657 2428 1726 κέκλεισται;
2489 1661 2632 1714 Ἀλλ’
2656 1662 2778 1715 οὐδὲ
2828 1662 2986 1715 τοῦτο
3028 1664 3320 1735 ἀφόρητον,
3374 1666 3466 1718 καὶ
3521 1665 3752 1729 ἄκοντας

2080 1745 2206 1807 τοὺς
2235 1745 2324 1798 τὸν
2359 1747 2526 1819 ἀϐρὸν
2548 1749 2642 1801 καὶ
2670 1749 2864 1819 χαῦνον
2888 1761 2910 1787 ο
2942 1750 3037 1802 καὶ
3065 1749 3444 1821 διαλελυμένον
3477 1750 3589 1821 βίον
3616 1752 3753 1816 ζῶν-

2080 1847 2178 1894 τας
2202 1831 2336 1902 πρὸς
2364 1833 2464 1905 τὴν
2485 1835 2798 1904 φιλοσοφίαν
2825 1838 3188 1906 ἐπαναγαγεῖν
3215 1837 3257 1889 τ.
3299 1836 3436 1889 Ἀλλ’
3459 1838 3540 1890 ὅτι
3566 1837 3626 1889 τὸ
3651 1838 3751 1907 τῆς

2081 1919 2289 1983 πόλεως
2318 1921 2504 1990 ἀφεῖλε
2535 1924 2772 1993 ἀξίωμα,
2805 1926 2900 1978 καὶ
2921 1926 3100 1979 οὐκέτι
3128 1925 3407 1978 καλεῖσθαι
3439 1924 3607 1994 αὐτὴν
3642 1942 3752 1996 μη·-

2080 2005 2333 2077 τρόπολιν
2363 2007 2577 2074 εἴασενς
2625 2010 2784 2065 Ἀλλὰ
2814 2013 2866 2064 τί
2897 2013 3117 2082 ποιῆσαι
3141 2012 3338 2083 ἐχρῆν;
3381 2012 3662 2065 ἐπαινέσαι
3681 2011 3750 2066 τὰ

2079 2093 2446 2165 γεγενημένα,
2485 2096 2580 2148 καὶ
2606 2099 2768 2168 χάριν
2800 2101 3169 2170 ὀμολογῆσαι;
3205 2099 3314 2152 Καὶ
3334 2099 3416 2161 τίς
3441 2099 3540 2152 οὐκ
3561 2098 3625 2153 ἂν
3649 2101 3748 2151 αὐ-

2078 2181 2170 2234 τὸν
2203 2183 2508 2254 ἐμέμψατο,
2529 2187 2749 2240 ὅτιούδέ
2777 2189 2937 2258 μέχρι
2967 2191 3242 2259 σχήματος
3275 2187 3584 2253 ἐπεδείξατο
3604 2187 3702 2258 τὴν
3721 2197 3747 2234 ι

2079 2269 2490 2342 ἀγανάκτησιν;
2533 2275 2646 2344 Οὐχ
2693 2277 2822 2345 ὁρᾷς
2859 2277 2984 2339 τοὺς
3016 2276 3280 2346 πατέρας,
3319 2276 3400 2328 ὅτι
3436 2276 3602 2328 πολλὰ
3641 2293 3750 2328 τοι-

2078 2357 2217 2410 αῦτα
2248 2359 2491 2413 ποιοῦσιν
2514 2363 2593 2422 εἰς
2619 2363 2746 2426 τοὺς
2773 2364 2922 2426 υἰοῑις
2949 2363 3072 2426 τοὺς
3100 2363 3346 2429 ἐαυτῶν;
3380 2364 3750 2434 ἀποστρέφον-

2076 2463 2196 2508 ται,
2249 2448 2344 2500 κα).
2400 2449 2681 2520 τραπέζης
2733 2450 2999 2520 εἴργουσι.
3050 2451 3219 2503 Τοῦτο
3280 2453 3373 2505 καὶ
3419 2454 3446 2504 ὁ
3496 2451 3749 2522 βασιλεὺς

2071 2537 2300 2607 ἐποίησε
2343 2537 2598 2600 τοιαύτας
2644 2539 2854 2602 ἐπιθεὶς
2881 2538 3170 2608 τιμωρίας,
3206 2538 3410 2610 βλάϐην
3458 2540 3557 2610 μὲν
3597 2539 3747 2592 οὐδε-

2080 2625 2207 2692 μίαν
2237 2625 2485 2695 ἐχούσας,
2522 2626 2725 2696 πολλὴν
2749 2627 2806 2679 δὲ
2835 2627 3109 2698 φερούσας
3137 2630 3235 2698 τὴν
3267 2627 3414 2699 [I76]
3440 2627 3742 2699 διόρθωσιν.

2089 2711 2370 2781 Ἐννόησον
2415 2715 2536 2768 τίνα
2579 2715 3086 2787 προσεδοκήσαμεν,
3121 2717 3216 2768 καὶ
3251 2715 3372 2770 τίνα
3403 2716 3618 2785 γέγονε,
3653 2719 3747 2770 καὶ

2076 2799 2195 2851 τότε
2232 2799 2467 2868 μάλιστα
2502 2801 2760 2872 εἰσόμεθα
2793 2802 2888 2855 τοῦ
2920 2803 3055 2856 Θεοῦ
3086 2802 3185 2873 τὴν
3209 2803 3388 2873 χάριν.
3421 2827 3428 2832 -

2159 2888 2366 2954 Ἀλγεῖς
2407 2890 2488 2942 ὅτι
2533 2890 2594 2942 τὸ
2639 2890 2738 2960 τῆς
2767 2890 2972 2955 πόλεως
3006 2889 3225 2960 ἀξίωμα
3259 2890 3570 2960 ἀφῄρηταις
3608 2891 3745 2959 μάθε

2075 2974 2126 3027 τί
2156 2976 2286 3028 ποτέ
2321 2978 2437 3030 ἐστι
2465 2978 2563 3048 τῆς
2603 2978 2811 3042 πόλεως
2842 2978 3079 3048 ἀξίωμα,
3118 2979 3210 3031 καὶ
3236 2982 3355 3030 τότε
3385 2979 3506 3048 εἴσῃ
3534 2977 3740 3045 σαφῶς,

2072 3067 2153 3118 ὅτι
2201 3066 2295 3120 ἐὰν
2345 3069 2396 3119 οἰ
2439 3066 2712 3131 οἰκοῦντες
2751 3068 2880 3120 αὐτὸ
2915 3067 2989 3138 μὴ
3024 3067 3314 3138 προδῶσιν,
3347 3067 3517 3130 οὐδεὶς
3559 3067 3744 3138 ἕτερος

2072 3154 2368 3221 ἀφελέσθαι
2401 3155 2687 3226 δυνήσεται
2721 3155 2940 3224 ἀξίωμα
2973 3154 3198 3218 πόλεως.
3235 3157 3306 3207 Οὐ
3337 3155 3438 3206 τὸὶι
3469 3155 3746 3226 μητρόπο-

2072 3241 2154 3295 λιν
2187 3238 2346 3307 εἷναι,
2373 3243 2494 3296 οὐδὲ
2523 3243 2583 3296 τὸ
2616 3243 2844 3313 μέγεθος
2871 3241 3016 3313 ἔχειν
3040 3243 3131 3295 καὶ
3157 3243 3353 3306 κάλλος
3381 3242 3743 3312 οἰκοδομημάα

2071 3348 2197 3387 των.
2227 3331 2346 3383 οὐδὲ
2374 3333 2434 3385 τὸ
2465 3331 2691 3394 πολλοὺς
2718 3330 2922 3392 κίονας,
2954 3330 3047 3383 καὶ
3075 3329 3234 3393 στοὰς
3263 3329 3476 3400 εὐρείας
3517 3331 3609 3381 καὶ
3649 3347 3744 3381 πε-

2075 3420 2357 3488 ριπάτους,
2408 3419 2529 3472 οὐδὲ
2574 3419 2636 3470 τὸ
2668 3418 2774 3488 πρὸ
2818 3417 2926 3471 τῶν
2967 3417 3140 3471 ἄλλων
3173 3418 3600 3490 ἀναγορεύεσθαι
3645 3419 3744 3478 πό-

2071 3507 2226 3563 λεων.
2255 3507 2424 3579 ἀλλ’ἢ
2453 3508 2560 3560 τῶν
2592 3507 2944 3560 ἐνοικούντων
2974 3507 3145 3578 ἀρετὴ
3169 3509 3262 3560 καὶ
3285 3508 3558 3573 εὐσέϐεια,
3583 3506 3742 3560 τοῦτο

2071 3596 2163 3648 καὶ
2193 3593 2407 3666 ἀξίωμα
2439 3596 2532 3648 καὶ
2562 3595 2764 3665 κόσμος
2803 3595 2899 3648 καὶ
2922 3594 3192 3663 ἀσφάλεια
3223 3594 3447 3658 πόλεως,
3472 3594 3547 3657 ὡς
3573 3594 3638 3648 ἂν
3665 3593 3743 3670 μὴ

2068 3681 2227 3735 τοῦτο
2266 3678 2323 3753 ᾖ,
2353 3681 2573 3734 πάντων
2622 3682 2770 3734 ἐστὶν
2805 3681 3182 3752 εὐτελεστέρα,
3223 3680 3324 3734 κᾶν
3357 3682 3556 3752 μυρίας
3590 3680 3749 3752 παρὰ,

2071 3769 2374 3839 βασιλέωνί
2412 3769 2659 3842 ἀπολαύῃ
2688 3770 2874 3840 τιμῆς.
2902 3769 3088 3822 Βούλει
3127 3769 3318 3839 μαθεῖν
3368 3786 3459 3822 σου
3505 3769 3604 3838 τῆς
3646 3770 3742 3821 πό-

2067 3857 2203 3920 λεως
2231 3857 2291 3910 τὸ
2317 3856 2531 3928 ἀξίωμα
2555 3875 2568 3923 ;
2604 3857 2781 3927 βούλει
2811 3858 2880 3910 τὰ
2909 3856 3114 3928 πάτρια
3141 3857 3310 3927 αὐτῆς
3334 3857 3564 3922 είδέναι;
3597 3857 3749 3924 Ἐγὼ,

2065 3943 2238 3996 ταῦτα
2276 3944 2413 4013 μετὰ
2439 3943 2725 4015 ἀκριϐείας
2756 3943 2888 4014 ἐρῶ,
2929 3945 3028 4014 οὐχ
3051 3944 3138 3996 ἴνα
3191 3942 3369 4018 μάθῃς
3406 3942 3583 4012 μό,νον,
3620 3942 3736 3995 ἀλλ’

2067 4032 2154 4084 ἵνα
2177 4032 2271 4084 κτιιί⁹
2302 4030 2571 4102 ζηλώσῃς.
2595 4033 2658 4084 Τί
2683 4033 2802 4085 ποτ’
2828 4027 2921 4084 οὖν
2951 4033 3068 4089 ἐστι
3097 4032 3198 4102 τῆς
3223 4031 3351 4102 παρ’
3374 4033 3507 4101 ἡμῖν
3530 4031 3756 4090 πόλεως·

2064 4117 2123 4171 τδ
2159 4119 2375 4189 ἀξίωμα
2401 4135 2414 4181 ;
2458 4119 2722 4188 Ἐγένετο
2755 4119 2994 4188 πρῶτον
3023 4120 3094 4172 ἐν
3130 4120 3448 4186 Ἀντιοχείᾳ
3473 4119 3613 4184 τοὺς
3631 4137 3748 4188 μαι

2065 4207 2247 4273 θερτάς
2273 4208 2636 4277 χρηματίσαι
2671 4207 3086 4275 Χριστιανούς.
3113 4205 3284 4259 Τοῦτο
3308 4206 3361 4258 δὲ
3383 4205 3605 4274 οὐδεμία
3627 4206 3734 4259 τῶν

2063 4295 2206 4348 κατὰ
2251 4295 2350 4366 τὴν
2396 4295 2720 4366 οἰκουμένην
2751 4295 2863 4365 ἔχει
2892 4295 3121 4356 πόλεων,
3141 4293 3247 4346 οὐδ’
3280 4295 3416 4364 αὐτὴ
3445 4296 3478 4364 ἡ
3521 4295 3734 4364 Ῥωμύ-

2063 4383 2155 4436 λου
2189 4383 2370 4446 πόλις·
2419 4383 2505 4437 διὰ
2536 4381 2694 4435 τοῦτο
2729 4381 2866 4456 πρὸς
2905 4382 3123 4439 ἃπασαν
3150 4380 3248 4450 τὴν
3277 4381 3599 4451 οἰκουμένην
3639 4383 3733 4434 άν-

2061 4471 2313 4540 τιϐλέψαι
2340 4470 2582 4535 δύναται,
2613 4469 2702 4523 διὰ
2730 4469 2790 4522 τὸ
2819 4467 3038 4539 φίλτρον
3073 4467 3134 4520 τὸ
3163 4467 3290 4537 περὶ
3335 4479 3426 4527 τον
3473 4467 3728 4536 Χριστὸν,

2059 4561 2148 4613 διὰ
2185 4561 2284 4630 τὴν
2321 4561 2655 4630 παρρησίαν,
2701 4558 2789 4613 διὰ
2829 4558 2932 4628 τὴν.
2973 4557 3225 4627 ἀνδρείαν
3263 4555 3511 4628 ἐκείνην..
3543 4557 3739 4620 Βούλει¹

2060 4651 2153 4702 καὶ
2177 4650 2362 4720 ἕτερον
2395 4646 2626 4707 ἀκοῦσαι
2654 4648 2754 4717 τῆς
2781 4647 2990 4708 πόλεως
3019 4645 3242 4714 ἀξίωμα,
3278 4643 3371 4708 καὶ
3417 4643 3726 4714 ἐγκώμιονς

2059 4736 2230 4805 Λιμός
2254 4753 2384 4788 ποτε
2409 4733 2790 4804 χαλεπώτατος
2819 4732 3042 4804 ἔμελλεν
3067 4730 3304 4794 ἔσεσθαι,
3342 4729 3436 4782 καὶ
3466 4731 3515 4782 οἱ
3551 4748 3730 4784 κατοι-

2057 4823 2279 4885 κοῦντες
2337 4823 2395 4875 ἐν
2429 4822 2735 4892 Ἀντιοχείᾳ⁵
2777 4820 3006 4890 ὥρισαν,
3059 4817 3240 4880 καθὼς
3285 4818 3579 4886 ηὐπορεῖτό
3624 4836 3727 4881 τις,

2057 4909 2268 4978 πέμψαι
2298 4908 2434 4980 πρὸς
2465 4909 2590 4972 τοὺς
2617 4908 2803 4977 ἁγίους
2827 4907 2954 4969 τοὺς
2983 4903 3372 4968 κατοικοῦντας
3407 4907 3464 4957 ἐν
3502 4903 3728 4976 Ἱεροσο-

2064 4992 2264 5064 λύμοις.
2285 4995 2413 5049 Ἰδοὺ
2445 4996 2539 5048 καί
2570 4995 2828 5066 δεύτερον.
2849 4991 3087 5068 ἀξίωμα,
3116 4995 3149 5064 ἡ
3189 4993 3246 5044 ἐν
3283 4989 3427 5062 λιμῷ
3468 4991 3728 5062 φιλοφρο-

2057 5081 2210 5151 σύνη.
2243 5083 2316 5134 Οὐ
2365 5081 2701 5136 συνέστειλεν
2730 5082 2928 5146 αὐτοὺς
2972 5082 3000 5136 ὁ
3030 5080 3240 5152 καιρὸς,
3271 5079 3391 5132 οὐδὲ
3434 5078 3726 5148 ὀκνηροτέ-

2057 5186 2180 5239 ρους
2206 5169 2458 5239 ἐποίησεν
2481 5172 2514 5240 ἡ
2539 5169 2638 5239 τῆς
2665 5170 2948 5242 συμφορᾶς
2973 5167 3266 5240 προσδοκία
3290 5184 3302 5195 ο
3339 5165 3453 5218 ἀλλ’
3475 5167 3564 5219 ὅτε
3588 5165 3722 5219 πάν-

2051 5275 2140 5319 τες
2190 5257 2256 5309 τὰ
2304 5239 2510 5326 ἐτέρων
2565 5239 2923 5326 συλλέγουσι,
2976 5239 3098 5308 τότε
3149 5252 3335 5308 αὐτοὶὶ
3397 5253 3465 5319 τά
3511 5252 3722 5316 ἑαυτῶν

2110 5415 2137 5484 5‘
2161 5415 2257 5484 Alii
2283 5415 2610 5484 προδιδᾷντεςκ
2702 5473 2726 5484 -

2105 5480 2131 5542 '_
2147 5477 2241 5542 Alii
2262 5477 2343 5542 τὸν
2372 5479 2512 5542 ὑγρὸν
2537 5480 2617 5526 καὶ
2638 5477 2829 5540 χαῦνον.

2114 5539 2132 5577 ί
2161 5540 2290 5606 Savi}
2300 5577 2311 5588 .
2334 5539 2539 5606 ἀγαγεῖν,

2109 5606 2133 5680 ξ
2159 5597 2465 5680 ῼιιξᾱμῲῶ
2489 5599 2941 5680 μέχριὶρήματοςνέπ.
2968 5597 3089 5680 τινά.
3190 5656 3236 5680 Α,

2107 5664 2134 5702 h
2156 5655 2252 5713 ,{lii
2272 5655 2776 5725 δυνήσετάιίἏξῖώμα
2796 5665 2946 5725 τοίνυν
2967 5661 3166 5725 πόλεως,
3188 5656 3243 5704 οὐ
3274 5655 3351 5706 τό.
3381 5713 3410 5725 η

2112 5726 2128 5775 ἰ
2155 5730 2252 5775 Alii
2282 5736 2336 5778 et
2375 5715 2549 5777 Morel.
2584 5715 2721 5788 παρὲξ
2750 5723 2999 5786 βασιλέως.
3046 5722 3198 5768 Pallio
3218 5726 3329 5780 post
3350 5715 3432 5765 alii
3457 5716 3612 5780 βούλει
3656 5724 3714 5769 τὸ

2044 5806 2260 5838 πατβωα.

2117 5806 2140 5836 τ
2171 5807 2260 5836 ωα.

2117 5806 2260 5902 ἱρᾸΙὶἰ
2284 5853 2390 5902 τότε
2414 5849 2598 5901 ἐκεῖνοι.
2625 5848 2748 5898 infra
2771 5847 2854 5896 aiii
2886 5843 3144 5898 Ἱονδαῑκάς
3165 5840 3490 5904 ἐπεισάγοντες
3510 5859 3727 5906 παρατης

2049 5914 2222 5978 ρήσεις.
