4112 6388
347 339 443 396 ΠἿ

346 461 615 535 προΐεντο,
649 458 769 530 ούχὶ
797 459 911 521 τοῖς
951 452 1180 525 παροῦσι
1212 446 1553 535 μόνονζάλλὰ
1571 445 1664 535 καλ.
1688 445 1804 535 τοῖς
1828 441 2014 535 πόρρω

347 521 695 616 καθημένοις.
716 521 878 603 ἐἶδες
905 521 1086 591 πίστιν
1114 535 1242 604 περὶ
1267 531 1357 584 τδν
1383 530 1536 592 Θεὸν,
1559 528 1652 580 καὶ
1677 525 1898 616 ἀγάπην
1919 521 2018 592 τὴν

347 611 584 706 περὶ-τὸν
606 629 865 702 πλησίον;
897 625 1085 679 Βούλει
1115 624 1209 677 καὶ
1239 622 1426 691 ἕτερον
1463 614 1787 706 μαθείνῄτῆς
1809 611 2018 706 πόλεως

346 699 553 791 ταύτης
584 699 833 788 ἀξίωμας
881 712 1164 784 Κατῆλθόν
1191 726 1339 772 τινες
1374 707 1481 760 ἀπὸ
1511 705 1613 774 τῆς
1647 701 1906 791 Ἰουδαίας
1939 699 2016 791 εἰς

364 785 692 878 Ἀντιόχειαν
729 785 1112 862 ’ἐπιθολοῦντες
1155 800 1217 852 τὸ
1261 799 1545 868 κήρυγμα,
1594 791 1690 846 καὶ
1726 785 2020 878 Ἰουδαῖκάς

350 875 778 969 παρεισάγοντες
823 889 1265 964 παρατηρήσεις·
1310 885 1411 938 οὐκ
1455 881 1694 953 ήνεγκαν
1747 880 1893 969 σιγῇ-
1919 875 2020 946 τὴν

353 965 704 1050 καινοτομίαν
747 979 964 1039 ἐκεῖνοι,
999 975 1118 1028 ούδέ
1144 973 1458 1045 ἡσύχασαν·
1499 969 1634 1023 ἀλλὰ
1675 965 2020 1027 συνελθόντες

354 1068 452 1121 καὶ
494 1065 789 1137 ἐκκλησίαν
834 1065 1159 1134 ποιήσαντες
1187 1103 1200 1127 ,
1247 1064 1328 1126 εἰς
1377 1057 1722 1131 Ἰεροσόλυμα
1767 1053 2021 1125 ἔπεμψαν

357 1153 571 1211 Παῦλον
603 1154 698 1208 καὶ
724 1153 1030 1224 Βαρνάϐαν,
1060 1153 1154 1207 καὶ
1188 1147 1607 1222 παρεσκεύασαν
1631 1145 1758 1206 τούς
1789 1141 2022 1197 ἀποστό-

355 1246 480 1309 λους
522 1241 739 1314 καθαρά
781 1240 1047 1309 δόγματα,
1083 1239 1260 1308 πάσης
1295 1233 1592 1304 Ἰουδαϊκῆς
1625 1231 2018 1301 ἀπηλλαγμένα

354 1332 637 1393 ἀσθενείας
673 1371 687 1393 ,
741 1325 1016 1398 πανταχοῦ
1061 1322 1470 1395 διαπέμψασθαι
1522 1321 1621 1391 τῆς
1674 1321 2018 1388 οἰκουμένης.

355 1417 525 1473 Τοῦτο
553 1417 762 1480 πόλεως
790 1415 1028 1486 ἀξίωμα,
1059 1411 1218 1466 τοῦτο
1246 1411 1528 1483 προεδρία,
1558 1406 1718 1460 τοῦτο
1747 1404 2023 1476 μητρόπο-

353 1506 437 1558 λιν
477 1504 646 1574 αὐτὴν
681 1504 839 1567 ποιεῖ,
872 1503 975 1555 οὐκ
1005 1502 1061 1554 ἐν
1098 1503 1165 1572 τῇ
1199 1502 1292 1571 γῇ,
1327 1497 1440 1550 ἀλλ’
1477 1498 1533 1549 ἐν
1566 1493 1642 1564 τῷ
1670 1493 1884 1564 οὐρανῷ
1904 1511 1916 1523 ·
1947 1492 2023 1555 ὼς

356 1594 414 1646 αῖ
453 1609 517 1661 γε
560 1591 717 1646 ἄλλαι
748 1590 918 1643 πᾶσαι
945 1590 1102 1659 τιμαὶ
1134 1587 1369 1658 φθαρταὶ
1402 1586 1495 1639 καὶ
1521 1583 1796 1653 ἐπίκηροι,
1827 1582 1920 1635 καὶ
1946 1581 2023 1650 τῷ

357 1679 582 1751 παρόντι
627 1677 1089 1747 συγκαταλύονται
1125 1675 1244 1739 Βίω,
1271 1675 1532 1737 πολλάκις
1569 1674 1626 1726 δὲ
1665 1673 1758 1725 καὶ
1791 1671 1896 1742 πρὸ
1929 1667 2034 1724 τοῦ

355 1765 623 1836 παρόντος
653 1764 765 1834 βίου
793 1763 944 1827 τέλος
973 1759 1326 1830 λαμϐάνουσι,
1362 1759 1614 1830 καθάπερ
1655 1755 1749 1812 οὖν
1793 1761 1886 1811 καὶ
1930 1757 2024 1811 νῦν

358 1853 567 1906 ἐλαϐεν.
587 1853 739 1923 Ἐμοὶ
764 1852 918 1914 πόλις
950 1851 1024 1922 μὴ
1060 1852 1259 1922 ἔχουσα
1297 1848 1518 1910 πολίτας
1549 1847 1816 1916 θεοφιλεῖς
1845 1847 2028 1916 πάσης

359 1939 553 2012 κώμης
590 1941 738 1993 ἐστὶν
777 1932 1154 2013 εὐτελεστέρα,
1185 1938 1279 1991 καὶ
1310 1936 1578 2007 σπηλαίου
1614 1938 1812 2000 παντὸς
1837 1938 2028 2005 ἀτιμο-

358 2032 509 2100 τέρα.
547 2031 654 2082 Καὶ
682 2029 735 2082 τί
759 2028 904 2098 λέγω
927 2029 1055 2100 περὶ
1090 2027 1294 2090 πόλεως
1317 2044 1331 2093 ;
1357 2028 1473 2080 Ἵνα
1500 2026 1608 2096 γάρ
1649 2026 1825 2098 μάθῃς
1867 2027 2024 2096 ἀκρι-

361 2118 491 2182 ϐῶς,
525 2117 606 2171 ὅτι
634 2117 802 2188 ἀρετὴ
835 2117 969 2187 μόνη
1005 2118 1198 2185 κοσμεῖ
1221 2117 1346 2178 τούς
1375 2115 1741 2177 ἐνοικοῦντας,
1769 2114 1921 2166 οὐδέν
1947 2130 2027 2166 σοι

359 2205 504 2273 λέγω
531 2221 598 2256 πε
609 2205 661 2276 ρ).
688 2205 913 2269 πόλεως,
933 2203 1047 2256 ἀλλ’
1065 2203 1092 2255 ὃ
1119 2202 1299 2272 πάσης
1323 2201 1530 2265 πόλεώς
1553 2203 1667 2254 ἐστι
1687 2202 2027 2272 σεμνότερον,

360 2294 452 2346 τὸν
496 2293 590 2346 τοῦ
621 2291 755 2346 Θεοῦ
786 2292 908 2348 ναὸν
943 2291 1034 2345 τὸν
1076 2293 1132 2344 ἐν
1167 2288 1554 2361 Ἱεροσολύμοις
1585 2291 1664 2352 εἰς
1690 2289 1852 2356 μέσον
1882 2291 2032 2357 ἐνεγ-

367 2380 479 2434 κὼν
522 2380 682 2434 τοῦτο
723 2379 1003 2444 ἀποδεῖξαι
1050 2382 1406 2451 πειράσομαι.
1455 2374 1620 2442 Οὗτος
1670 2379 1778 2449 γὰρ
1809 2380 1836 2431 ὀ
1884 2378 2028 2442 ναὸς,

365 2473 423 2522 ἐν
542 2468 721 2522 θυσίαι
747 2467 842 2520 καὶ
872 2468 1027 2537 εὐχαὶ
1059 2469 1154 2520 καὶ
1194 2467 1462 2538 λατρεῖαι,
1494 2467 1621 2519 ἔνθα
1648 2466 1715 2518 τὰ
1740 2467 1905 2533 ’Ἅγια
1925 2465 2032 2518 τῶν

366 2557 559 2625 ἁγίων,
586 2555 682 2610 καὶ
723 2555 791 2608 τὰ
823 2555 1123 2626 χερουϐὶμ,
1157 2557 1250 2609 καὶ
1299 2554 1447 2628 [I77]
1491 2555 1810 2626 ἡδιαθήκη,
1857 2555 1950 2607 καὶ
1998 2557 2032 2622 ἡ

367 2647 602 2716 στάμνος
650 2647 683 2716 ή
738 2646 936 2717 χρυσῆ,
965 2645 1034 2698 τὰ
1074 2645 1281 2715 μεγάλα
1329 2645 1572 2716 σύμϐολα
1610 2646 1710 2715 τῆς
1753 2645 1846 2698 τοῦ
1897 2646 2032 2700 Θεοῦ

368 2733 622 2805 προνοίας
652 2733 749 2803 τῆς
777 2733 906 2803 περὶ
927 2735 989 2786 τὸ
1010 2731 1166 2801 γένος
1187 2735 1382 2797 ἐκεῖνο,
1407 2733 1535 2787 ἔνθα
1560 2735 1798 2804 χρησμοὶ
1828 2734 2034 2789 ἀνωθεν

369 2825 611 2893 συνεχεῖς
642 2821 917 2892 ἐφέροντο,
953 2820 1081 2875 ἔνθα
1113 2822 1387 2892 προφῆται
1416 2821 1586 2874 ἔνθεοι
1617 2823 1883 2890 ἐγένοντο,
1908 2823 2036 2877 ἔνθα

365 2910 466 2964 οὐκ
514 2909 860 2981 ἀνθρωπίνης
899 2909 1114 2980 τέχνης,
1148 2910 1281 2964 ἀλλὰ
1314 2911 1415 2978 τῆς
1443 2910 1535 2963 τοῦ
1577 2909 1712 2962 Θεοῦ
1765 2912 1959 2975 σοφίας
1998 2915 2030 2981 ή

366 2997 695 3060 διατύπωσις
722 2996 880 3067 ἔργον
908 2997 1136 3065 ἐγίνετο,
1165 2997 1292 3050 ἔνθα
1327 2997 1505 3068 πολλῷ
1531 2998 1794 3051 πάντοθεν
1837 3000 1884 3050 οί
1923 3000 2035 3050 τοῖ-

368 3101 453 3155 χοι
483 3083 894 3152 κατελάμποντο
921 3083 1153 3154 χρυσίῳ,
1184 3086 1278 3137 καὶ
1329 3085 1463 3157 πρὸς
1505 3085 1685 3137 πᾶσαν
1731 3084 2036 3156 ὑπερϐολὴν

369 3173 462 3225 καὶ
509 3171 642 3243 ὕλης
690 3171 1007 3224 πολυτέλεια
1041 3173 1134 3224 καὶ
1171 3172 1366 3243 τέχνης
1404 3173 1660 3244 ἀκρίϐεια
1687 3173 2037 3228 συνελθοῦσαι

373 3259 530 3330 μόνον
555 3257 792 3313 τοιοῦτον
821 3258 915 3312 ἐπὶ
935 3259 1036 3328 τῆς
1055 3259 1158 3329 γῆς
1185 3257 1393 3323 ἔδειξαν
1414 3260 1540 3312 ναὸν
1569 3261 1691 3313 τότε
1707 3277 1721 3290 ο
1759 3260 1958 3331 μᾶλλον
1980 3261 2036 3315 δέ

369 3348 429 3401 οὐ
457 3347 652 3417 τέχνης
684 3345 940 3417 ἀκρίϐεια
971 3347 1152 3416 μόνον,
1187 3347 1325 3399 ἀλλὰ
1352 3348 1448 3400 καὶ
1472 3347 1609 3400 Θεοῦ
1639 3347 1800 3417 σοφία
1825 3348 1924 3418 τῆς
1956 3351 2036 3402 0!-

369 3434 606 3504 κοδομῆς
629 3433 971 3503 συνεφήψατο
998 3434 1233 3504 ἐκείνης.
1270 3435 1344 3487 Οὐ
1372 3435 1480 3505 γὰρ
1502 3434 1733 3498 οἴκοθεν,
1760 3436 1882 3489 οὐδέ
1909 3439 2037 3506 παρ’

371 3521 587 3586 ἑαυτοῦ,
614 3521 750 3577 ἀλλὰ
781 3522 932 3594 παρὰ
963 3522 1057 3574 τοῦ
1090 3521 1223 3575 Θεοῦ
1252 3523 1429 3576 πάντα
1455 3521 1642 3594 μαθὼν
1669 3525 1698 3575 ὁ
1722 3524 1970 3595 Σολομὼν
1988 3539 2036 3587 ι,

373 3611 466 3664 καὶ
493 3609 592 3680 τήν
626 3608 944 3680 ὑπογραφὴν
973 3611 1038 3662 ἐκ
1072 3609 1180 3662 τῶν
1207 3610 1452 3681 οὐρανῶν
1478 3610 1842 3680 κατενεγκὼν,
1866 3611 2038 3676 οὕτως

372 3698 533 3751 αὐτὸν
557 3695 843 3767 διεχάραξε
864 3697 958 3750 καὶ
985 3697 1298 3768 ἀνέστησεν.
1321 3698 1460 3750 Ἀλλ’
1483 3699 1632 3768 ὅμως
1650 3701 1678 3751 ὀ
1696 3700 1859 3763 καλὸς
1884 3693 2040 3764 οὗτος

374 3786 468 3839 καὶ
516 3784 826 3855 θαυμαστὸς
873 3784 999 3848 ναὸς
1044 3785 1135 3838 καὶ
1188 3785 1359 3852 ἅγιος,
1391 3785 1498 3838 τῶν
1547 3789 1843 3856 χρωμένων
1888 3788 2040 3860 αὐτῷ

372 3871 797 3944 διαφθαρέντων,
843 3871 1013 3936 οὕτως
1059 3870 1307 3943 ἠτιμώθη
1359 3873 1454 3925 καὶ
1498 3876 1897 3947 κατεφρονήθη,
1946 3880 2040 3931 καὶ

373 3961 564 4030 γέγονε
598 3959 844 4031 βέϐηλος,
868 3959 944 4023 ῶς
971 3959 1076 4031 πρό
1098 3977 1160 4028 γε
1189 3961 1286 4032 τῆς
1312 3960 1566 4025 ἁλώσεως
1594 3963 1854 4034 σπήλαιον
1875 3965 2038 4020 αὐτὸν

375 4047 655 4104 καλεῖσθαι
679 4047 910 4120 λῃστῶν,
945 4050 1040 4102 καὶ
1074 4049 1336 4119 σπήλαιον
1363 4050 1552 4118 ὑαίνης
1574 4067 1587 4080 ·
1615 4052 1754 4120 μετὰ
1780 4053 1837 4105 δὲ
1866 4054 2040 4108 ταῦτα

377 4137 735 4209 βαρϐαρικαῖς
771 4137 865 4189 καὶ
898 4136 1227 4208 ἀκαθάρτοις
1257 4137 1350 4189 καὶ
1381 4136 1628 4206 βεϐήλοις
1666 4141 2039 4212 παραδοθῆναι

375 4226 548 4299 χερσί.
585 4226 774 4279 Βούλει
802 4227 896 4280 καὶ
929 4225 1058 4296 περὶ
1087 4224 1294 4278 πόλεων
1312 4225 1339 4264 δ
1369 4226 1429 4277 τὸ
1463 4227 1594 4279 αὐτὸ
1622 4229 1781 4281 τοῦτο
1815 4231 2038 4300 μαθείνς

375 4310 441 4367 Τί
482 4314 589 4368 τῶν
623 4317 680 4367 ἐν
715 4313 966 4384 Σοδόμοις
992 4313 1199 4366 πόλεων
1233 4313 1614 4385 λαμπρότερον
1652 4311 1751 4386 ῆν;
1791 4317 1885 4371 καὶ
1932 4322 2040 4392 γάρ

375 4403 542 4456 οίκίαι
571 4403 664 4456 καὶ
691 4401 1097 4471 οἰκοδομήματα
1129 4399 1377 4470 λαμπρὰ,
1407 4402 1500 4453 καὶ
1520 4401 1671 4473 τείχη
1703 4407 1836 4475 παρ’
1858 4407 2040 4473 αὐτοῖς

374 4482 464 4555 ῆν,
492 4489 584 4540 καὶ
633 4486 787 4557 χώρα
824 4487 1032 4558 λιπαρά
1081 4488 1174 4540 καὶ
1218 4486 1451 4555 εὐγειος,
1485 4489 1579 4540 καὶ
1615 4488 1694 4560 τῷ
1727 4492 2042 4565 παραδείσῳ

375 4573 468 4626 τοῦ
503 4573 640 4627 Θεοῦ,
681 4577 1031 4644 προσεοικυῖα
1055 4590 1068 4602 ·
1103 4573 1214 4643 ήδέ
1247 4573 1454 4645 καλύϐη
1482 4574 1578 4628 τοῦ
1611 4577 1859 4649 ’Ἀϐραὰμ
1886 4581 2039 4634 εὐτε-

376 4661 475 4733 λης
517 4663 610 4715 καὶ
651 4662 842 4732 μικρὰ,
870 4663 962 4715 καὶ
995 4660 1251 4732 οὐδεμίαν
1297 4661 1494 4732 ἔχουσα
1539 4664 1868 4732 ἀσφάλειαν·
1905 4668 2042 4724 ἀλλά

376 4751 614 4820 πολέμου
640 4752 767 4805 ποτέ
789 4751 1080 4822 γενομένου
1109 4752 1465 4823 βαρϐαρικοῦ,
1488 4755 1587 4816 τὰς
1613 4754 1712 4825 μὲν
1739 4757 1921 4821 πόλεις
1943 4737 2070 4826 τὰς⁹

375 4840 650 4909 τειχήρεις
683 4838 1030 4907 κατέσκαψάν
1058 4855 1116 4891 τε
1145 4840 1238 4893 καὶ
1261 4835 1403 4892 εἷλον
1428 4841 1479 4893 οἱ
1502 4840 1784 4912 βάρϐαροι.
1801 4845 2042 4912 καὶτοὺς

376 4925 716 4988 ἐνοικοῦντας
743 4924 997 4990 λαϐόντες
1027 4927 1404 4996 αἰχμαλώτους
1435 4927 1699 4998 ἀπῆλθον,
1737 4931 1827 4983 τὸν
1854 4931 1910 4984 δέ
1943 4934 2041 5004 τῆς

377 5012 584 5083 ἐρήμου
624 5011 846 5081 πολίτην
879 5012 1128 5083 Ἀϐραὰμ
1157 5014 1256 5066 οὐκ
1288 5014 1527 5084 ἤνεγκαν
1570 5015 1866 5072 ἐπελθόντα
1887 5035 1898 5046 ·
1948 5021 2043 5077 καὶ⁵

383 5100 525 5169 μάλα
555 5100 779 5163 εἰκότως
797 5115 812 5129 ·
843 5100 942 5170 τῆς
964 5099 1072 5173 γὰρ
1101 5100 1206 5153 ἀπὺ
1226 5102 1318 5154 τοῦ
1340 5101 1576 5172 πλήθους
1606 5103 1699 5156 καὶ
1720 5105 1828 5159 τῶν
1845 5109 2041 5178 τειχῶν

380 5186 678 5256 ἀσφαλείας
703 5186 883 5259 πολλῷ
916 5186 1140 5258 μείζονα
1173 5185 1287 5259 εἶχε
1323 5188 1576 5259 δύναμιν,
1602 5191 1703 5262 τὴν
1735 5194 2038 5252 εὐσέϐειαν.

381 5278 442 5330 El
481 5276 805 5348 Χριστιανὸς
855 5272 925 5341 εἷ,
963 5277 1114 5331 πόλιν
1149 5279 1250 5331 οὐκ
1297 5278 1442 5348 ἔχεις
1473 5280 1566 5333 ἐπὶ
1609 5281 1712 5351 τῆς
1759 5283 1896 5352 γῆς·
1943 5287 2042 5356 τῆς

381 5364 586 5428 πόλεως
611 5365 767 5434 ἡμῶν
786 5365 1032 5436 τεχνίτης
1059 5366 1152 5419 καὶ
1179 5367 1242 5438 δη
1252 5367 1508 5436 μιουργὸς
1529 5370 1676 5420 ἐστιν
1698 5371 1727 5423 ὀ
1751 5372 1882 5436 Θεός
1903 5393 1916 5404 ·
1939 5375 2042 5428 κᾶν

381 5453 597 5506 ἃπασαν
641 5451 894 5522 λάϐωμεν
939 5453 1036 5523 τὴν
1068 5455 1413 5524 οἰκουμένην,
1447 5453 1586 5523 ξένοι
1619 5462 1713 5515 καὶ
1734 5464 2039 5538 παρεπίδη-

439 5631 458 5656 ⁸
486 5631 577 5683 Alii
599 5637 626 5682 ό
649 5638 875 5693 Μωῡσῆς,
903 5636 1050 5685 male.

433 5693 473 5805 ἐξ
490 5694 578 5807 fit:
598 5697 828 5757 3ω·11,.,ει
863 5700 1065 5754 maxima
1104 5710 1222 5752 ηιμ-ε
1251 5710 1365 5749 mss.
1395 5697 1572 5751 Morel.
1593 5705 1645 5750 et
1665 5703 1804 5764 pauci
1827 5695 1910 5754 alii
1935 5705 2041 5771 περὶ

460 5777 485 5806 ἰ-
517 5775 598 5807 ωε.

394 5775 598 5814 tuum;

1117 336 1176 392 S.
1211 330 1497 394 JOA'NNIS
1535 323 2020 383 CHRYSOSTOMI
2064 319 2386 376 ARCHIEP.
2428 316 2980 377 CONSTANTINOP.

3679 307 3783 363 173

2123 453 2212 507 μοι
2242 436 2425 506 πάσης
2457 435 2642 507 ἐσμέν.
2681 436 2775 498 Εἰς
2814 433 2906 486 τὸν
2951 429 3178 502 οὐρανὸν
3220 429 3621 500 ἐνεγράφημεν,
3664 427 3788 482 ἐκεῖ

2118 524 2542 596 πολιτευόμεθα·
2594 526 2668 596 μὴ
2699 521 2840 576 κατά
2865 521 2934 574 τὰ
2963 521 3149 574 παιδία
3180 518 3250 572 τά
3277 517 3448 589 μικρά
3474 518 3582 570 τῶν
3613 515 3787 587 μεγά-

2116 611 2226 666 λων
2253 612 2648 687 ύπερορῶντες,
2683 613 2751 666 τὰ
2785 610 2956 681 μικρά
2985 607 3379 679 θαυμάζωμεν.

2190 701 2266 753 Οὐ
2322 701 2552 772 μέγεθος
2600 700 2828 762 πόλεως,
2857 696 2991 751 ἀλλά
3019 697 3195 766 ψυχῆς
3226 694 3394 766 ἀρετὴ
3435 693 3639 764 κόσμος
3669 691 3791 745 ἐστὶ

2119 789 2216 842 καὶ
2259 789 2549 858 ἀσφάλεια.
2579 788 2642 840 Εἰ
2668 787 2724 840 δὲ
2756 787 2973 857 ἀξίωμα
3009 781 3149 838 εἶναι
3176 783 3417 854 νομίζεις
3444 782 3670 847 πόλεως,
3702 784 3788 833 ἐν-

2120 877 2312 948 νόησον
2347 877 2503 930 πόσοι
2529 875 2879 946 πορνοκόποι,
2906 875 3061 927 πόσοι
3087 872 3322 943 μαλακοὶ
3340 871 3432 923 καὶ
3464 869 3793 941 διεφθαρμέσ

2119 981 2198 1020 νοι
2219 965 2315 1019 καὶ
2342 965 2551 1035 μυρίων
2572 962 2834 1034 γέμοντες
2850 961 3035 1015 κακῶν
3064 959 3381 1014 κοινωνοῦσί
3407 976 3485 1012 σοι
3511 959 3608 1029 τῆς
3632 959 3792 1025 ἀξίας

2119 1055 2346 1125 ταύτης,
2370 1054 2465 1106 καὶ
2489 1052 2904 1123 καταφρόνησόν
2933 1067 3064 1102 ποτε
3091 1049 3192 1119 τῆς
3214 1048 3382 1119 τιμῆς
3406 1047 3633 1118 ταύτης.
3651 1047 3792 1100 Ἀλλ’

2122 1145 2222 1198 οὐκ
2251 1143 2432 1212 ἐκείνη
2463 1140 2688 1210 τοιαύτη
2711 1158 2724 1172 ·
2775 1141 2868 1194 καὶ
2903 1140 3010 1212 γὰρ
3034 1138 3296 1192 ἀδύνατόν
3323 1139 3470 1191 ἐστιν
3491 1136 3656 1207 αὐτῆς
3693 1153 3794 1206 με-

2122 1233 2343 1302 τασχεῖν
2372 1230 2463 1284 τὸν
2493 1229 2568 1302 μὴ
2606 1232 2784 1284 πᾶσαν
2815 1228 3220 1298 ἐπιδειξάμενον
3245 1228 3466 1298 ἀρετήν.
3493 1226 3583 1297 Μὴ
3612 1225 3798 1278 τοίνυν

2123 1321 2342 1390 ἀνόητοι
2364 1318 2644 1391 γινώμεθα
2663 1330 2710 1384 ο,
2739 1318 2875 1372 ἀλλὰ
2898 1318 3022 1371 τότε
3046 1317 3320 1387 ἀλγῶμεν,
3347 1318 3476 1369 ὃταν
3494 1315 3555 1368 τὸ
3577 1314 3798 1384 ἀξίωμα

2123 1409 2282 1480 ήμῶν
2319 1409 2417 1480 τῆς
2447 1409 2626 1478 ψυχῆς
2656 1407 2918 1478 ἀφέληταί
2955 1423 3060 1473 τις,
3090 1407 3220 1459 ὅταν
3245 1405 3521 1476 ἁμαρτίαν
3549 1401 3799 1476 ἐργασώ⁹

2128 1497 2288 1568 μεθα,
2316 1497 2444 1551 ὅταν
2472 1496 2548 1567 τῷ
2573 1495 2738 1566 κοινῷ
2769 1495 2984 1550 πάντων
3019 1493 3265 1564 Δεσπότῃ
3293 1492 3757 1564 προσκρούσωμεν
3778 1508 3794 1528 π

2125 1584 2201 1646 ὼς
2243 1584 2313 1637 τά
2343 1601 2406 1651 γε
2447 1583 2542 1637 νῦν
2574 1583 2918 1654 γεγενημένα
2949 1582 3010 1636 οὐ
3053 1582 3214 1654 μόνον
3251 1581 3403 1634 οὐδὲν
3451 1579 3797 1653 παραϐλάψει

2126 1671 2223 1742 τὴν
2254 1671 2428 1736 πόλιν,
2460 1671 2574 1736 ἀλλ’
2605 1671 2699 1725 ἐὰν
2725 1672 3008 1742 νήφωμεν,
3038 1671 3134 1724 καὶ
3159 1669 3432 1740 ὠφελήσει
3452 1669 3521 1722 τὰ
3543 1670 3791 1741 μέγιστα.

2127 1760 2238 1813 Καὶ
2260 1759 2368 1830 γὰρ
2405 1760 2626 1829 γυναικὶ
2652 1759 2748 1814 νῦν
2777 1759 2950 1812 ἔοικεν
2974 1761 3108 1830 ἡμῖν
3137 1759 3169 1829 ή
3196 1758 3347 1822 πόλις
3382 1759 3674 1828 εὐσχήμονι
3703 1759 3800 1810 καὶ

2128 1847 2388 1920 ἐλευθέρᾳ
2413 1849 2505 1901 καὶ
2532 1847 2772 1918 ,σώφρονι
2790 1864 2804 1880 ⁸
2831 1848 2858 1899 ό
2887 1847 3049 1916 φόϐος
3071 1846 3483 1918 ἐπιεικεστέραν
3517 1847 3687 1916 αὐτὴν
3707 1845 3804 1898 καὶ

2131 1938 2462 2008 σεμνοτέραν
2508 1937 2751 2007 ἐποίησε,
2789 1937 2883 1990 καὶ
2930 1936 3039 1989 τῶν
3088 1935 3297 2008 μιαρῶν
3336 1935 3559 1988 ἐκείνων
3597 1935 3704 1987 τῶν
3732 1935 3803 1988 τὰ

2129 2025 2472 2096 γεγενημένα
2513 2025 2902 2096 τολμησάντων
2939 2023 3238 2096 ἀπήλλαξε.
3287 2023 3379 2094 Μὴ
3423 2024 3599 2077 τοίνυν
3646 2020 3802 2096 H78]

2130 2113 2487 2184 γυναικώδεις
2517 2113 2803 2184 θρηνῶμεν
2831 2113 3062 2184 θρήνους
3079 2129 3092 2142 ·
3119 2113 3212 2165 καὶ
3235 2113 3340 2185 γὰρ
3361 2113 3567 2183 ἥκουσα
3592 2111 3808 2164 πολλῶν

2133 2201 2275 2256 κατὰ
2297 2201 2395 2273 τὴν
2425 2201 2628 2272 ἀγορὰν
2650 2201 2948 2269 λεγόντων·
2982 2201 3120 2256 Οὐαί
3153 2217 3257 2263 σοι,
3287 2198 3605 2269 Ἀντιόχειαὲ
3635 2197 3688 2250 τί
3721 2214 3808 2250 σοι

2132 2293 2362 2359 γέγονε;
2413 2289 2528 2354 πῶς
2573 2291 2887 2360 ἠτιμώθης;
2924 2291 3019 2343 καὶ
3048 2289 3290 2352 ἀκούσας
3333 2289 3677 2356 κατεγέλασα
3703 2287 3809 2354 τῆς

2133 2378 2393 2448 παιδικῆς
2435 2377 2542 2430 τῶν
2590 2377 2761 2431 ταῦτα
2806 2378 3074 2446 λεγόντων
3125 2379 3383 2441 διανοίας.
3437 2378 3512 2430 Οὐ
3562 2376 3670 2446 γαρ
3711 2375 3811 2430 νῦν

2132 2464 2308 2519 ταῦτα
2335 2464 2514 2534 λέγειν
2552 2466 2692 2535 χρή·
2730 2465 2845 2518 ἀλλ’
2878 2467 3004 2519 ὅταν
3031 2467 3145 2538 ἴδῃς
3178 2465 3558 2537 ὀρχουμένους,
3585 2464 3812 2534 μεθύον-

2133 2570 2254 2619 τας,
2273 2554 2516 2625 ᾅδοντας,
2540 2553 3016 2624 βλασφημοῦντας,
3049 2554 3365 2626 ὀμνύοντας,
3391 2553 3808 2625 ἐπιορκοῦντας,

2133 2641 2521 2713 ψευδομένους,
2557 2643 2675 2695 τότε
2713 2641 2918 2713 ταύτην
2957 2643 3172 2712 ἐπέλεγε
3196 2645 3294 2714 τὴν
3326 2644 3484 2715 ῥῆσιν
3509 2661 3524 2674 ’
3557 2641 3690 2696 Οὐαί
3726 2657 3812 2693 σοι

2138 2730 2326 2793 πόλιςί
2361 2728 2413 2782 τί
2444 2747 2527 2783 σοι
2565 2731 2822 2800 γέγονεν;
2855 2732 2949 2783 ἐὰν
2975 2731 3032 2783 δέ
3073 2732 3186 2803 ἴδῃς
3222 2733 3320 2802 τὴν
3359 2731 3562 2804 ἀγοράν
3593 2731 3812 2801 ὀλίγους

2137 2819 2366 2889 ἔχουσαν
2413 2819 2612 2891 ἄνδρας
2643 2822 2907 2884 ἐπιεικεῖς
2941 2822 3035 2873 καὶ
3075 2821 3358 2891 σώφρονας
3403 2822 3497 2874 καὶ
3529 2820 3809 2892 μετρίους,

2140 2908 2410 2978 μακάριζε
2437 2909 2535 2978 τὴν
2563 2909 2717 2962 πόλιν
2758 2910 2991 2980 ἐκείνην.
3038 2909 3203 2964 Οὐδὲν
3235 2910 3340 2980 γὰρ
3379 2911 3411 2980 ἡ
3437 2909 3688 2980 ὀλιγότης
3721 2911 3814 2962 αὐ-

2135 2996 2236 3067 τὴν
2265 2997 2618 3069 παραϐλάψαι
2636 2999 2767 3051 ποτὲ
2792 2999 3100 3069 δυνήσεται,
3123 2999 3220 3069 τῆς
3249 3000 3448 3071 ἀρετῆς
3476 2998 3811 3070 προσούσης,

2138 3082 2328 3154 ῶσπερ
2359 3080 2451 3137 οὖν
2493 3085 2554 3137 τὸ
2602 3085 2805 3156 πλῆθος
2831 3086 2981 3140 οὐδὲν
3009 3087 3278 3158 ὠφελήσει
3312 3088 3460 3150 ποτὲ,
3489 3087 3688 3151 κακίας
3715 3084 3809 3138 οῦ-

2140 3192 2259 3245 σης.
2281 3173 2422 3227 Ἐὰν
2456 3169 2498 3245 ᾖ
2539 3178 2571 3228 ὀ
2605 3175 2852 3244 ἀριθμός
2889 3174 3007 3228 τῶν
3036 3175 3184 3229 υἱῶν
3217 3176 3484 3244 Ἰσραὴλ,
3516 3176 3697 3247 φησὶν,
3729 3177 3815 3246 ὡς

2138 3263 2178 3329 ἡ
2207 3262 2400 3330 ἅμμος
2433 3261 2543 3330 τῆς
2571 3265 2913 3331 θαλάσσης,
2937 3264 3004 3316 τὸ
3037 3264 3406 3334 κατάλειμμα
3444 3265 3809 3332 σωθήσεται.

2141 3350 2308 3403 Οὐδέν
2341 3367 2407 3421 με
2438 3350 2497 3403 τὺ
2533 3350 2738 3420 πλῆθος
2764 3351 3083 3422 δυσωπῆσαι
3109 3353 3414 3424 δυνήσεται,
3441 3355 3604 3424 φησίν
3624 3371 3639 3384 ·
3667 3353 3814 3407 οὕτω

2141 3438 2235 3492 καὶ
2259 3441 2286 3491 ὀ
2309 3438 2542 3509 Χριστὸς
2577 3439 2863 3509 ἐποίησεψ
2898 3440 3176 3494 ἐταλάνισε
3213 3441 3394 3505 πόλεις
3439 3442 3500 3494 ού
3539 3441 3607 3494 δι’
3631 3441 3813 3511 ὀλιγό-

2138 3544 2297 3597 τητα,
2341 3527 2401 3580 ού
2427 3525 2516 3579 διά
2542 3525 2604 3579 τὸ
2641 3527 2715 3598 μὴ
2750 3523 2891 3580 εἶναι
2931 3529 3322 3600 μητροπόλειςο
3351 3531 3444 3583 καὶ
3487 3529 3586 3599 τὴν
3613 3531 3817 3602 Ἰερου-

2142 3615 2324 3686 σαλὴμ
2376 3614 2536 3668 πάλιν
2580 3614 2646 3667 δι’
2676 3615 2808 3668 αὐτὸ
2854 3615 3013 3669 τοῦτο
3061 3617 3374 3670 ἐταλάνισεν
3415 3618 3558 3671 οὕτω
3603 3618 3812 3687 λέγων·

2151 3703 2570 3771 Ἰερουσαλὴμ,
2609 3703 3035 3772 Ἰερουσαλὴμ,
3087 3707 3126 3772 ἡ
3176 3705 3618 3760 ἀποκτείνουσα
3671 3708 3817 3772 τοὺς

2141 3788 2472 3858 προφήτας,
2523 3789 2622 3842 καί
2669 3792 3081 3846 λιθοϐολοῦσα
3132 3793 3273 3859 τοὺς
3317 3795 3817 3863 ἀπεσταλμένους

2141 3878 2292 3945 πρὸς
2321 3878 2534 3947 αὐτήν.
2568 3878 2632 3930 Τί
2664 3879 2774 3950 γάρ
2818 3897 2907 3950 μοι
2941 3881 3002 3933 τὺ
3033 3881 3233 3952 πλῆθος
3271 3881 3462 3951 ὄφελος
3489 3884 3664 3952 φέρει,
3691 3885 3815 3936 εἰπέ

2145 3983 2254 4036 μοι,
2290 3966 2354 4019 ἂν
2392 3967 2529 4036 μετὰ
2574 3965 2831 4041 κακίαςῇ
2868 3969 3312 4039 πολιτευόμενονς
3355 3973 3676 4025 Τούναντίον
3713 3972 3817 4042 μὲν

2140 4050 2234 4107 οὖν
2262 4055 2356 4107 καὶ
2390 4054 2587 4124 βλάϐος
2616 4055 2723 4108 άπὸ
2751 4055 2943 4109 τούτου
2973 4059 3204 4126 γίνεται.
3235 4059 3348 4111 Νῦν
3379 4056 3473 4113 οὖν
3499 4060 3565 4112 τά
3587 4076 3815 4128 γεγενη-

2146 4143 2283 4212 μένα
2319 4142 2465 4196 κακὰ
2507 4143 2559 4194 τί
2599 4143 2726 4196 ἄλλο
2765 4145 3099 4214 εἰργάσατο;
3133 4148 3231 4217 οὐχ
3274 4149 3306 4217 ή
3349 4147 3612 4220 ῥᾳθυμία,
3652 4150 3747 4202 καὶ
3773 4153 3809 4221 ή

2141 4231 2420 4302 ὀλιγωρία,
2451 4233 2546 4284 καὶ
2585 4233 2618 4301 ὴ
2661 4232 2932 4304 μοχθηρία
2972 4234 3082 4286 τῶν
3113 4235 3491 4301 ἐνοικούντων;
3531 4238 3606 4308 μή
3652 4255 3708 4290 τι
3748 4238 3812 4292 τὸ

2143 4317 2357 4388 ἀξίωμα
2380 4319 2478 4389 τὴν
2512 4318 2665 4372 πόλιν
2692 4320 2962 4390 ὠφέλησε,
2998 4324 3071 4390 μή
3105 4341 3156 4376 τι
3189 4323 3252 4377 τὸ
3282 4325 3510 4393 μέγεθος
3543 4325 3642 4396 τῆς
3665 4328 3812 4379 οίκο-

2142 4405 2329 4476 δομῆς,
2381 4408 2454 4478 μή
2495 4407 2638 4460 τιτὸ
2667 4409 3001 4478 μητρόπολιν
3031 4411 3202 4483 αὐτὴν
3245 4409 3416 4480 εἷναι;
3450 4413 3514 4467 Et
3553 4415 3612 4467 δὲ
3659 4415 3815 4485 παρὰ

2146 4493 2354 4560 βασιλεί
2378 4493 2456 4564 τῷ
2484 4495 2576 4548 ἐπὶ
2606 4495 2706 4564 τῆς
2742 4497 2847 4566 γῆς
2876 4497 3030 4551 οὐδὲν
3062 4500 3234 4569 αὐτῆς
3271 4501 3430 4554 τοῦτο
3458 4503 3813 4573 ἁμαρτούσης

2145 4581 2406 4652 προέστη,
2440 4583 2577 4636 ἀλλὰ
2615 4585 2790 4638 πάντα
2825 4589 3007 4640 ἐκεῖνα
3051 4589 3347 4660 ἀφῄρηται,
3382 4591 3564 4662 πολλῷ
3613 4592 3816 4663 μᾶλλον

2144 4667 2296 4738 παρά
2331 4670 2408 4738 τῷ
2446 4671 2688 4742 Δεσπότῃ
2717 4672 2825 4725 τῶν
2865 4675 3115 4743 ἀγγέλων
3138 4678 3288 4731 οὐδὲν
3312 4680 3480 4750 αὐτῆς
3510 4679 3570 4733 τὸ
3594 4681 3811 4753 ἀξίωμα

2144 4759 2510 4828 προστήσεται
2539 4759 2729 4812 τοῦτο·
2775 4762 2928 4815 οὐδὲν
2957 4763 3066 4834 γάρ
3095 4767 3244 4836 ἡμᾶς
3274 4766 3552 4838 ὠφελῆσαι
3587 4769 3811 4841 δυνήσε-

2142 4861 2233 4898 ται
2259 4844 2400 4900 κατὰ
2431 4845 2530 4916 τὴν
2555 4847 2767 4919 ἡμέραν
2791 4850 3026 4921 ἐκείνην,
3047 4853 3107 4905 τὺ
3143 4855 3476 4924 μητρόπολιν
3506 4858 3693 4919 οἰκεῖν,
3716 4862 3811 4912 καὶ

2145 4931 2306 4994 στοάς
2335 4930 2562 5001 ἔχουσαν
2589 4935 2810 5005 εὐρείας
2841 4938 2934 4990 καλ⁸
2962 4939 3028 4991 τὰ
3053 4940 3188 4992 ἀλλα
3220 4941 3507 5011 ἀξιώματα
3533 4945 3600 4996 τά
3622 4944 3809 4998 τοιαῦ-

2142 5037 2227 5078 τα.
2258 5021 2367 5072 Καὶ
2397 5021 2448 5073 τί
2475 5019 2617 5088 λέγω
2643 5019 2786 5074 κῖιτά
2810 5024 2907 5094 τὴν
2936 5027 3150 5097 ἡμέραν
3189 5031 3440 5101 ἐκείνην;
3465 5034 3544 5095 εἰς
3571 5033 3678 5104 γάρ
3719 5033 3811 5086 τὸν

2146 5108 2389 5192 παρόντα
2421 5108 2534 5178 βίον
2565 5110 2616 5165 τί
2650 5127 2708 5162 σε
2748 5112 3029 5184 ὠφελῆσαι
3067 5115 3353 5188 δυνήσεται
3386 5120 3447 5172 τὸ
3482 5122 3810 5192 μητρόπολιν

2144 5191 2282 5250 εἷναί
2314 5211 2406 5248 σου
2431 5196 2528 5266 τὴν
2565 5197 2718 5250 πόλιν
2743 5215 2756 5263 ;
2787 5195 2894 5269 ἆρα
2919 5203 3098 5256 οἰκίαν
3133 5221 3216 5268 τις
3250 5207 3437 5270 κακῶς
3463 5191 3810 5281 διακειμένην

2144 5281 2252 5334 ἀπὸ
2273 5283 2464 5335 τούτου
2490 5284 2825 5354 διώρθωσεν,
2865 5288 2898 5359 ἢ
2944 5291 3203 5360 πρόσοδόν
3236 5311 3356 5346 τινα
3393 5297 3570 5366 ἔσχεν,
3622 5299 3653 5368 ἢ
3702 5299 3812 5353 ἀπὸ

2141 5368 2242 5438 τῆς
2267 5369 2423 5433 ἀξίας
2446 5371 2651 5440 ταύτης
2681 5373 2919 5445 ἀθυμίαν
2951 5379 3353 5450 ἀπεκρούσατο,
3383 5385 3413 5453 ἢ
3439 5383 3683 5454 σώματος
3713 5389 3810 5459 ἀρ-

2145 5458 2381 5525 ρωστίαν
2409 5459 2659 5524 ἔλυσενιι,
2687 5463 2718 5532 ἢ
2752 5466 2952 5518 κακίαν
2975 5467 3152 5538 ψυχῆς
3188 5471 3454 5533 άπέθετο;
3479 5472 3570 5544 Μὴ
3603 5458 3810 5540 παίζω·-

2147 5561 2267 5613 μεν,
2298 5547 2596 5616 ἀγαπητοὶ,
2622 5549 2755 5618 μηδέ
2785 5552 2922 5622 πρὸς
2962 5555 3060 5618 τὰς
3106 5556 3215 5610 τῶν
3263 5559 3471 5612 πολλῶν
3512 5565 3639 5619 ὑπο)
3656 5565 3805 5636 ἡψεις

2208 5694 2402 5774 ξξξξιιι.
2425 5699 2478 5745 ει
2495 5697 2635 5748 ηιιιιιὶ
2654 5713 2772 5774 mss.
2805 5711 3168 5774 ᾀνοηταῐνωμεν.

2207 5762 2238 5804 ιι
2262 5763 2457 5814 Ἐλυσεν
2482 5775 2623 5815 Liceat
2648 5772 2696 5818 ω
2719 5762 3006 5833 quibusdam
3030 5762 3386 5839 uianuscripllo
