4112 6388
451 360 550 415 177

452 490 549 526 nec
575 470 922 542 prazsentibus
961 478 1187 535 tantum,
1216 484 1396 523 verum
1434 479 1487 523 et
1513 468 1669 537 longe
1693 464 2022 520 sedentibus.

456 564 641 618 Vidisti
672 563 828 616 ﬁdem
856 564 908 616 in
939 562 1127 625 Deum,
1176 570 1229 615 et
1274 561 1545 615 caritatem
1597 560 1651 613 in
1693 555 2027 629 proximum?

457 654 545 707 \‘is
572 662 625 706 et
651 653 810 705 aliam
834 652 1064 706 civitatis
1097 651 1254 719 hujus
1292 650 1498 705 discere
1523 646 1872 718 dignitatem?
1927 646 2029 699 De-

452 744 769 798 scenderunt
790 742 1006 813 quidam
1028 758 1093 796 ex
1116 741 1296 796 Judaza
1323 740 1679 804 Antiochiam,
1709 735 2027 808 perturban-

454 846 533 890 tes
558 835 1009 905 praedicationem.
1050 842 1105 887 et
1150 832 1393 887 Judaicas
1436 831 1746 906 inducentes
1772 828 2026 882 observa-

455 930 627 982 tiones
654 928 789 998 (Act.
821 926 909 981 15.
940 924 1014 997 1).
1044 925 1157 979 Non
1185 926 1343 978 tacite
1370 924 1603 978 tulerunt
1632 921 1707 975 illi
1731 919 2030 974 innovatio-

453 1035 594 1082 nem,
634 1034 733 1073 nec
770 1020 1166 1087 acquieverunt,
1206 1016 1299 1071 sed
1348 1015 1722 1070 convenientes
1760 1021 1814 1067 et
1855 1011 2030 1064 eccle-

452 1113 586 1164 siam
638 1110 889 1164 facientes
916 1152 930 1175 ,
979 1107 1365 1178 Jerosolymatn
1414 1106 1632 1159 Paulum
1675 1103 1935 1158 miserunt
1975 1108 2032 1155 et

452 1202 766 1264 Barnabam,
799 1209 853 1254 et
897 1195 1188 1253 effecerunt
1232 1208 1289 1251 ut
1327 1196 1551 1265 apostoli
1582 1195 1825 1264 dogmata
1860 1208 1889 1245 a
1937 1192 2031 1247 Ju-

451 1292 602 1345 daica
653 1290 960 1344 infirmitate
1013 1304 1144 1357 pura
1195 1288 1382 1357 quovis
1430 1294 1687 1339 terrarum
1737 1283 2029 1338 mitterent.

452 1383 578 1436 llaec
599 1382 824 1436 civitatis
848 1381 1097 1450 dignitas,
1128 1379 1242 1433 lucc
1272 1360 1596 1447 praestantia,
1629 1375 1729 1429 hoc
1759 1376 1925 1445 ipsam
1957 1374 2032 1427 fa-

451 1475 523 1526 cit
551 1472 911 1541 metropolim,
957 1486 1061 1524 non
1102 1472 1151 1523 in
1200 1478 1359 1531 terra,
1411 1468 1505 1521 sed
1552 1467 1604 1520 in
1651 1466 1803 1521 caelo.
1852 1465 2031 1534 Itaque

425 1573 638 1618 ‘omnes
687 1563 776 1617 alii
820 1562 1049 1639 honores
1097 1560 1466 1627 corruptibiles
1507 1565 1631 1610 sunt
1669 1565 1725 1611 et
1764 1555 1946 1610 caduci
1978 1563 2034 1609 et

451 1671 573 1709 cum
624 1655 871 1724 praiseuti
918 1654 1023 1707 vita
1074 1653 1381 1709 solvuntur;
1430 1650 1736 1719 frequenter
1774 1658 1950 1701 autem
1977 1654 2032 1701 et

453 1758 575 1802 ante
600 1756 919 1817 prmsentem
960 1746 1121 1798 vitam
1166 1744 1323 1796 finem
1370 1741 1566 1795 habent
1595 1758 1609 1794 :
1642 1741 1777 1794 sicut
1813 1747 1867 1792 et
1893 1752 2033 1791 nunc

454 1842 635 1910 utique
659 1840 977 1913 habuerunt.
1009 1838 1132 1891 Mihi
1162 1838 1348 1891 civitas
1385 1850 1487 1889 non
1527 1834 1727 1887 habens
1753 1833 1868 1902 pios
1889 1830 2033 1884 cives

452 1933 596 1987 omni
622 1933 746 1986 villa
778 1932 935 1985 vilior
980 1940 1083 1996 est,
1132 1939 1185 1984 et
1225 1942 1560 1997 quacumque
1597 1926 1847 1993 Spelunca
1879 1924 2031 1993 igno-

452 2025 628 2081 bilior.
658 2025 722 2079 Et
750 2024 875 2094 quid
904 2024 1026 2078 dico
1063 2022 1128 2076 de
1176 2020 1424 2075 ciiitate?
1464 2019 1532 2075 Ut
1570 2018 1712 2072 enim
1754 2017 2033 2086 diligenter

452 2119 625 2172 discas
653 2118 902 2171 virtutem
939 2115 1105 2169 solam
1137 2115 1278 2167 cives
1319 2126 1527 2173 ornare,
1576 2109 1708 2162 nihil
1738 2108 1830 2161 tibi
1861 2108 1925 2160 de
1954 2106 2033 2159 ci-

454 2210 613 2262 vitate
639 2208 778 2272 dico,
822 2205 915 2261 sed
946 2205 1085 2276 quod
1133 2215 1214 2259 est
1241 2203 1381 2257 omni
1414 2202 1625 2255 civitate
1653 2198 2030 2262 venerabilius,

452 2299 954 2369 Jerosolymitanum
997 2298 1087 2351 Dei
1115 2297 1367 2364 templum
1413 2294 1465 2347 in
1505 2292 1735 2346 medium
1779 2290 2031 2354 afferens,

456 2391 559 2446 hoc
598 2390 967 2445 demonstrare
1017 2388 1272 2442 conabor.
1322 2386 1430 2439 lloc
1474 2386 1613 2438 enim
1658 2383 1933 2451 templum,
1980 2381 2034 2432 in

454 2495 561 2549 quo
589 2479 847 2535 sacriﬁcia
873 2488 928 2533 et
952 2478 1219 2532 orationes
1245 2485 1299 2530 et
1327 2477 1520 2539 cultus,
1552 2474 1638 2528 tibi
1669 2479 1850 2526 sancta
1908 2486 2033 2526 san-

453 2581 753 2633 ctorum,et
776 2570 1149 2633 Cherubim,et
1176 2568 1595 2631 Testamentum,
1622 2571 1676 2618 et
1701 2578 1830 2617 urna
1853 2577 2034 2626 aurea,

454 2678 642 2733 magna
675 2661 867 2716 indicia
897 2662 1089 2715 divina:
1121 2660 1262 2713 circa
1288 2673 1455 2727 genus
1482 2656 1609 2710 illud
1649 2652 1995 2726 providentia:
2020 2670 2035 2706 :

454 2755 544 2809 ubi
586 2756 799 2809 oracula
845 2768 1077 2821 superne
1115 2751 1363 2805 continua
1411 2747 1734 2811 ferebantur,
1775 2745 1862 2799 ubi
1912 2760 2037 2813 pro-

455 2847 629 2915 pheta:
657 2845 839 2899 divino
871 2843 1188 2897 amabantur
1227 2840 1478 2894 numine:
1510 2839 1595 2893 ubi
1640 2853 1746 2891 non
1791 2836 2036 2889 humana:

454 2938 604 3003 artis,
631 2936 726 2990 sed
752 2936 941 2989 divina:
968 2934 1241 3003 sapientia:
1271 2942 1425 3002 typus
1453 2939 1567 2985 erat
1597 2948 1610 2983 :
1639 2929 1726 2983 ubi
1754 2929 1920 2982 multo
1942 2943 2036 2995 pa-

455 3032 615 3081 rietes
638 3025 867 3093 undique
894 3024 1165 3093 fulgebant
1198 3038 1346 3086 auro,
1388 3029 1442 3075 et
1478 3036 1635 3090 supra
1672 3033 1887 3073 onmem
1918 3032 2036 3070 mo-

454 3120 579 3172 dum
627 3127 738 3170 tum
785 3115 1023 3169 materiae
1072 3113 1455 3183 pretiosissima
1497 3112 1722 3180 species,
1770 3122 1878 3163 tum
1912 3108 2040 3161 artis

455 3208 728 3277 diligentia
767 3206 1062 3275 conjuncta:
1111 3205 1283 3259 solum
1332 3218 1491 3271 super
1545 3212 1741 3255 terram
1785 3200 2038 3267 templum

457 3299 759 3369 hujusmodi
788 3308 913 3352 tunc
955 3298 1120 3351 fuisse
1159 3297 1667 3351 demonstraverunt
1706 3310 1721 3346 :
1764 3292 1870 3346 imo
1910 3304 2040 3344 vero

456 3408 560 3445 non
588 3391 720 3446 artis
748 3399 951 3445 tantum
977 3389 1269 3458 diligentia,
1310 3402 1496 3441 verum
1542 3394 1598 3440 et
1647 3384 1740 3439 Dei
1782 3382 2040 3452 sapientia

457 3484 615 3537 simul
662 3482 793 3536 illud
833 3481 1040 3535 ornavit
1068 3479 1371 3533 aedificium.
1413 3477 1529 3531 Non
1560 3476 1701 3530 enim
1727 3490 1794 3529 ex
1826 3474 2040 3543 proprio

457 3587 607 3642 nutu,
648 3590 746 3629 nec
778 3590 807 3628 a
850 3573 1160 3641 semetipso,
1187 3570 1279 3625 sed
1306 3586 1334 3622 a
1364 3570 1472 3623 Deo
1518 3575 1707 3623 cuncta
1744 3566 1993 3621 Salomon
2023 3564 2039 3594 ¹

458 3668 671 3719 discens
721 3674 774 3719 et
818 3664 1230 3731 descriptionem
1253 3662 1458 3714 caelitus
1479 3660 1736 3722 referens,
1761 3658 1838 3710 sic
1866 3658 2039 3725 ipsum
2097 3675 2109 3686 -

458 3755 771 3824 designavit,
817 3764 872 3809 et
909 3756 1079 3809 erexit
1112 3754 1185 3824 (5.
1231 3752 1359 3823 Reg.
1386 3753 1461 3821 6).
1500 3751 1875 3805 Verumtamen
1909 3758 2043 3801 tem—

460 3849 602 3916 plum
630 3857 735 3900 tam
767 3846 1069 3915 pulchrum,
1098 3853 1154 3898 et
1172 3844 1432 3907 mirabile,
1461 3853 1515 3897 et
1546 3852 1810 3908 sanctum,
1839 3841 2041 3895 utenti-

460 3940 560 3992 bus
589 3938 705 4007 ipso
731 3937 970 4006 perditis,
997 3946 1155 3989 tanta:
1192 3936 1493 4005 ignominia:
1538 3933 1771 3987 habitum
1799 3941 1899 3997 est,
1942 3933 2043 3985 sic-

458 4044 562 4097 que
605 4037 967 4096 contemptum
996 4034 1052 4082 et
1079 4028 1353 4095 profanum
1400 4024 1685 4090 redditum,
1717 4032 1774 4077 ut
1798 4032 1921 4098 ante
1950 4037 2043 4076 ca-

464 4121 753 4189 ptivitatem
769 4120 981 4188 quidem
995 4118 1245 4188 spelunca
1260 4126 1543 4170 vocaretur
1559 4114 1847 4185 latronum(
1854 4113 1905 4165 Μ
1912 4114 2039 4167 atth.

461 4214 550 4265 2|.
582 4212 691 4280 15),
730 4219 783 4265 et
821 4211 1073 4281 Spelzeum
1118 4210 1349 4279 hyaenae;
1388 4217 1507 4277 post
1552 4206 1665 4260 htec
1692 4222 1820 4259 vero
1848 4207 2038 4261 barba-

462 4305 587 4356 ricis
612 4312 667 4356 et
710 4302 994 4355 immundis
1033 4309 1088 4355 et
1130 4298 1363 4368 profanis
1403 4298 1645 4351 manibus
1674 4297 1922 4350 traditum
1951 4295 2039 4349 sit.

467 4392 557 4447 Vis
587 4401 640 4446 et
660 4390 725 4445 de
749 4391 963 4445 civitate
993 4390 1092 4443 hoc
1136 4389 1278 4443 idem
1309 4388 1549 4441 discere?
1570 4388 1704 4451 Quid
1725 4386 1973 4441 Sodomis
1993 4396 2043 4441 et

462 4482 761 4553 conjunctis
790 4481 1092 4537 civitatibus
1132 4479 1229 4533 fuit
1259 4478 1597 4548 praeclarius?
1622 4478 1831 4531 Etenim
1859 4477 2047 4531 domus

463 4588 519 4633 et
570 4577 793 4632 aedificia
842 4574 1138 4645 splendida,
1172 4583 1225 4627 et
1269 4573 1495 4641 parietes
1540 4570 1881 4640 pulcherrimi
1909 4571 2049 4638 apud

465 4685 611 4739 Ipsos
636 4676 807 4732 erant,
840 4675 896 4722 et
941 4666 1089 4735 regio
1132 4662 1341 4733 pinguis
1365 4673 1420 4718 et
1463 4662 1674 4727 fertilis,
1723 4672 1775 4715 et
1802 4661 2048 4730 paradiso

466 4763 559 4815 Dei
598 4760 923 4823 assimilata;
965 4758 1098 4811 cella
1136 4772 1265 4810 vero
1305 4754 1591 4809 Abrahami
1616 4754 1735 4807 vilis
1773 4764 1826 4807 et
1865 4768 2046 4822 parva,

463 4866 518 4910 et
565 4854 767 4908 nullum
808 4852 1010 4906 habens
1048 4852 1319 4905 munimen
1354 4866 1366 4902 :
1396 4848 1488 4903 sed
1515 4858 1701 4901 exorto
1734 4846 2050 4916 quandoque

465 4950 608 5004 bello
629 4948 927 5012 barbarico,
945 4946 1105 5000 urbes
1123 4943 1336 5013 quidem
1352 4941 1614 4996 mamilius
1631 4942 1860 4993 munitas
1889 4938 2050 4992 sutlo-

464 5043 659 5096 derunt
683 5048 737 5093 ct
761 5045 1019 5107 ceperunt
1058 5034 1290 5096 barbari,
1323 5042 1376 5087 et
1397 5031 1599 5086 incolas
1623 5032 1858 5098 captivos
1894 5029 2053 5082 abdu-

465 5143 647 5186 centes
685 5130 928 5183 abierunt
967 5144 980 5180 ε
1018 5124 1318 5179 solitudinis
1356 5132 1531 5177 autem
1566 5124 1734 5175 civem
1781 5121 2050 5173 Abraham

464 5227 801 5293 ingruentem
826 5236 929 5275 non
957 5218 1213 5273 tulerunt.
1244 5217 1351 5271 Nec
1377 5215 1671 5278 immerito;
1701 5212 2051 5267 multitudinis

465 5332 605 5372 cnun
636 5326 691 5369 et
710 5328 986 5368 murorum
1014 5309 1305 5364 munimine
1341 5307 1509 5361 multo
1536 5306 1788 5375 majorem
1820 5306 1923 5358 vim
1954 5306 2049 5357 ha-

467 5412 643 5474 bebat,
667 5410 915 5480 pietatem
944 5407 1165 5461 scilicet.
1210 5403 1265 5457 Si
1297 5399 1626 5457 Christianus
1670 5416 1750 5465 es,
1786 5401 2049 5453 civitatem

468 5518 574 5555 non
618 5501 781 5553 habes
833 5514 993 5568 super
1024 5508 1242 5553 terram.
1279 5493 1518 5548 Civitatis
1564 5502 1760 5546 nostra:
1798 5490 1975 5559 cpifex
2001 5497 2056 5543 et

466 5592 795 5647 architectus
817 5600 897 5644 est
926 5591 1061 5643 Dens
1086 5607 1099 5642 :
1132 5588 1257 5642 licet
1295 5600 1508 5641 omnem
1544 5583 1814 5652 capiamus
1841 5580 2049 5644 orbem,

471 5685 709 5754 hospites
733 5694 785 5736 et
808 5683 1066 5753 peregrini
1092 5692 1255 5736 totius
1279 5693 1481 5735 sumus.
1510 5675 1566 5731 1n
1588 5676 1775 5731 caelum
1800 5672 2053 5742 adscripti

535 5810 552 5837 ⁸
591 5804 693 5862 Alii.
725 5814 928 5866 uagus;
953 5799 1081 5852 male

1322 356 1415 411 AD
1453 352 1769 410 POPULUM
1807 347 2294 407 ΑΝτιοςιιΕΝυιι
2357 351 2582 406 1101111..
2625 352 2787 407 XVII.

3616 354 3712 407 1ῗό

2131 474 2333 527 sumus,
2366 462 2474 516 illic
2495 476 2877 519 conversamur
2904 482 2918 518 :
2958 480 3062 519 non
3093 480 3376 534 puerorum
3416 482 3564 519 more
3595 481 3714 534 par-

2131 566 2317 606 vorum
2345 569 2533 623 magna
2558 564 2978 620 contemnentes,
3012 571 3172 625 parva
3202 556 3545 610 admiremur.

2204 643 2325 697 Non
2350 646 2661 716 magnitudo,
2685 647 2773 699 sed
2793 647 2953 717 pietas
2983 647 3208 700 civitates
3234 657 3467 701 exornat.
3495 676 3565 687 ——
3591 645 3708 701 Non

2131 735 2360 789 civitatis
2387 736 2716 805 magnitudo,
2746 735 2838 793 sed
2859 737 3021 790 animi
3043 736 3209 790 virtus
3230 747 3599 790 ornamentum
3630 744 3715 790 est

2132 837 2186 881 et
2213 829 2622 883 munimentum.
2655 829 2711 883 Si
2746 844 2873 882 vero
2902 829 3130 882 civitatis
3158 844 3368 899 quoque
3399 829 3709 898 dignitatem

2133 933 2252 973 esse
2279 920 2551 988 putaveris
2598 920 3032 990 magnitudinem,
3075 923 3248 990 cogita
3290 931 3420 990 quot
3468 922 3708 987 lenones,

2133 1018 2261 1079 quot
2287 1010 2476 1065 molles
2507 1018 2561 1065 et
2592 1011 2805 1080 perditi,
2844 1021 2900 1066 et
2937 1012 3227 1066 innumeris
3264 1013 3405 1082 pleni
3448 1014 3605 1068 malis
3626 1015 3711 1067 di-

2133 1101 2317 1170 gnitati
2340 1101 2463 1156 huic
2490 1105 2908 1167 communicant,
2940 1112 2992 1157 et
3019 1107 3230 1158 tandem
3256 1104 3398 1158 hunc
3426 1116 3710 1159 contemne

2134 1193 2412 1249 honorem.
2444 1195 2551 1250 Sed
2582 1211 2687 1249 non
2723 1196 2813 1250 ille
2856 1197 2975 1250 talis
3017 1207 3096 1251 est
3146 1214 3159 1249 :
3209 1212 3315 1250 non
3356 1201 3498 1251 enim
3548 1199 3713 1267 ipsius

2132 1297 2336 1355 partem
2368 1303 2559 1357 capere
2585 1290 2707 1343 licet
2729 1290 2826 1354 illi,
2848 1288 2939 1358 qui
2962 1305 3065 1342 non
3096 1304 3310 1343 omnem
3332 1289 3579 1343 exhibeat
3607 1290 3715 1343 vir-

2135 1387 2320 1432 tutem.
2355 1380 2435 1434 Ne
2471 1381 2629 1450 igitur
2656 1382 2801 1437 stulti
2851 1382 3060 1445 fiamus,
3109 1382 3204 1436 sed
3254 1391 3380 1437 tunc
3415 1383 3710 1447 doleamus,

2133 1489 2253 1528 cum
2279 1475 2398 1542 quis
2439 1476 2632 1528 anima:
2674 1486 2871 1529 nostra),
2911 1476 3220 1545 dignitatem
3254 1475 3552 1542 abstulerit,
3591 1490 3712 1530 cum

2136 1575 2407 1635 peccatum
2440 1565 2696 1620 fuerimus
2722 1566 2944 1636 operati,
2968 1581 3088 1619 cum
3115 1580 3450 1619 communem
3475 1566 3712 1618 omnium

2135 1657 2418 1711 Dominum
2445 1657 2823 1712 offenderimus
2856 1657 3152 1726 :siquidem
3179 1672 3301 1725 qua:
3339 1672 3481 1710 nunc
3509 1665 3712 1725 patrata

2134 1761 2278 1812 sunt,
2313 1766 2416 1803 non
2447 1758 2649 1803 tantum
2703 1750 2834 1803 nihil
2880 1749 3073 1803 l-.edent
3111 1750 3400 1813 civitatem,
3433 1750 3528 1803 sed
3554 1751 3597 1803 si
3628 1764 3700 1803 so

2134 1838 2232 1894 b'rii
2255 1841 2499 1903 simus,et
2526 1840 2754 1895 maxime
2777 1840 3119 1909 adjuvabunt.
3157 1841 3372 1894 Etenim
3406 1855 3547 1894 nunc
3575 1840 3728 1895 civi»

2137 1942 2217 1986 tas
2244 1942 2424 1986 nostra
2452 1934 2660 1987 mulieri
2688 1932 2953 1997 formosae,
2983 1943 3037 1988 et
3061 1934 3261 1998 liberat,
3284 1942 3336 1987 et
3365 1933 3618 1987 modestae
3645 1934 3721 1988 si-

2137 2023 2278 2075 milis
2306 2038 2425 2078 esse
2455 2024 2683 2078 videtur.
2725 2024 2904 2077 Timor
2931 2024 3099 2093 ipsam
3142 2022 3264 2077 fecit
3305 2023 3715 2077 mansuetiorem

2138 2124 2189 2166 et
2216 2112 2598 2177 honestiorem,
2622 2124 2676 2168 et
2699 2131 2727 2167 a
2758 2116 3033 2169 sceleratis
3063 2114 3185 2178 illis,
3217 2114 3306 2181 qui
3347 2113 3462 2167 1133c
3491 2112 3716 2167 nefanda

2138 2214 2261 2257 sunt
2284 2206 2398 2260 ausi
2445 2206 2695 2272 facinora,
2728 2206 2990 2260 liberavit.
3033 2205 3111 2259 Ne
3146 2206 3303 2274 igitur
3332 2205 3575 2259 muliebri
3606 2205 3725 2273 plo—

2138 2308 2320 2348 remus
2347 2295 2491 2349 luctu
2522 2313 2535 2348 :
2563 2297 2761 2350 etenim
2792 2296 2989 2350 multos
3021 2311 3115 2364 per
3154 2296 3324 2348 forum
3355 2294 3594 2349 dicentes
3624 2310 3714 2347 an.

2138 2388 2246 2443 divi
2282 2406 2295 2441 :
2328 2388 2419 2442 Va:
2447 2390 2562 2454 tibi,
2592 2388 2893 2453 Antiochia,
2926 2389 3055 2458 quid
3095 2387 3191 2443 tibi
3226 2385 3423 2441 factum
3444 2387 3561 2440 est?
3587 2401 3729 2455 quo-

2139 2479 2299 2533 modo
2334 2495 2391 2534 es
2430 2480 2634 2535 honore
2664 2481 2896 2549 privata?
2923 2491 2976 2533 et
3001 2495 3121 2533 cum
3150 2478 3434 2541 audissem,
3460 2478 3717 2547 puerilem

2141 2571 2263 2623 talia
2290 2570 2581 2624 dicentium
2617 2580 2851 2625 mentem
2880 2570 3060 2624 derisi.
3092 2569 3209 2623 Non
3241 2570 3384 2623 enim
3422 2568 3538 2622 haec
3578 2582 3718 2621 nunc

2139 2672 2350 2731 oportet
2374 2664 2573 2727 dicere,
2602 2663 2695 2717 sed
2724 2679 2844 2717 cum
2884 2663 3140 2717 saltantes
3178 2661 3404 2724 videris,
3454 2668 3719 2730 potantes,

2140 2754 2575 2823 blasphemantes
2603 2796 2618 2821 ,
2662 2755 2904 2824 jurantes
2929 2794 2943 2816 ,
2992 2754 3322 2822 pejerantes,
3364 2752 3717 2817 mentientes,

2142 2859 2267 2903 tunc
2290 2850 2369 2903 liis
2392 2860 2539 2904 utere
2566 2849 2743 2903 verbis
2772 2864 2787 2901 :
2817 2847 2909 2903 Va:
2958 2847 3070 2910 tibi,
3099 2846 3304 2911 civitas,
3344 2844 3469 2914 quid
3513 2844 3608 2898 tibi
3639 2842 3722 2898 fa--

2140 2951 2284 2995 ctum
2307 2942 2425 2995 est?
2454 2942 2498 2994 si
2532 2956 2661 2995 vero
2686 2940 2858 2995 forum
2884 2939 3080 2992 videris
3120 2953 3316 3007 paucos
3347 2937 3548 2991 habens
3575 2933 3723 2990 viros

2144 3044 2449 3087 mansuetos
2476 3040 2530 3088 et
2549 3031 2819 3086 modestos
2840 3042 2893 3084 et
2931 3030 3254 3092 moderatos,
3277 3029 3543 3082 civitatem
3575 3027 3719 3080 illam

2143 3138 2277 3177 voca
2304 3123 2531 3177 beatam.
2563 3121 2705 3176 Nihil
2745 3122 2885 3175 enim
2914 3121 3080 3188 ipsam
3118 3120 3355 3188 paucitas
3401 3118 3596 3171 laedere
3624 3133 3721 3186 po-

2146 3215 2289 3279 terit,
2321 3229 2441 3267 cum
2483 3229 2589 3267 non
2619 3212 2756 3267 desit
2784 3213 2951 3265 virtus
2989 3229 3001 3263 :
3039 3210 3177 3264 sicut
3205 3221 3409 3271 contra,
3440 3208 3570 3262 nihil
3603 3207 3722 3261 um-

2144 3319 2300 3372 quam
2329 3302 2562 3372 proderit
2591 3301 2894 3366 multitudo,
2925 3315 3045 3354 cum
3073 3301 3213 3353 adsit
3234 3299 3453 3352 malitia.
3481 3298 3543 3353 Si
3570 3298 3721 3366 fuerit

2145 3412 2380 3449 numerus
2407 3394 2629 3463 ﬁliorum
2653 3393 2838 3459 Israel,
2883 3394 3070 3461 inquit,
3103 3392 3233 3445 velut
3259 3407 3411 3443 arena
3436 3391 3610 3451 maris,
3637 3406 3721 3442 re—

2144 3488 2315 3557 liquid:
2351 3486 2678 3540 salvabuntur
2718 3484 2868 3555 (Isai.
2905 3485 2990 3540 10.
3028 3484 3132 3555 22;
3164 3484 3314 3538 Rom.
3347 3484 3401 3537 9.
3434 3482 3543 3553 i7).
3581 3482 3723 3536 Nihil

2146 3597 2231 3634 me
2258 3579 2537 3634 multitudo
2576 3579 2770 3648 poterit
2808 3592 3048 3641 exorare,
3077 3576 3261 3644 inquit.
3295 3574 3382 3628 Sic
3409 3585 3460 3627 ct
3482 3573 3727 3627 Christus

2146 3672 2290 3737 fecit,
2322 3670 2532 3724 vocavit
2559 3670 2801 3723 civitates
2841 3668 3084 3732 miseras,
3114 3682 3218 3720 non
3249 3674 3461 3735 propter
3492 3667 3725 3733 paucita-

2148 3772 2273 3829 tem,
2295 3778 2467 3832 neque
2495 3763 2744 3833 quoniam
2770 3776 2872 3815 non
2890 3768 3069 3815 essent
3085 3762 3407 3828 metropoles
3425 3776 3434 3809 :
3452 3766 3500 3811 et
3520 3757 3726 3811 Jerusa-

2146 3858 2249 3911 lem
2280 3872 2487 3909 rursum
2515 3866 2729 3925 propter
2766 3855 2864 3908 lioc
2892 3852 3060 3921 ipsum
3094 3852 3338 3905 miseram
3369 3849 3518 3913 dixit,
3546 3850 3621 3902 sic
3648 3850 3728 3902 in-

2146 3948 2335 4017 quiens
2364 3965 2377 4001 :
2407 3946 2713 4008 Jerusalem,
2739 3943 3022 3998 Jerusalem
3044 3984 3057 4004 ,
3089 3957 3203 4012 qua:
3227 3940 3411 3994 occidis
3436 3940 3725 4009 prophetas.

2148 4051 2194 4093 et
2238 4039 2437 4110 lepidas
2479 4055 2583 4104 eos,
2612 4038 2697 4103 qui
2728 4036 2793 4088 ad
2822 4046 2868 4089 te
2912 4034 3051 4087 missi
3095 4041 3211 4085 sunt
3255 4031 3465 4104 (Matth.
3491 4030 3579 4082 25.
3611 4028 3727 4099 57).

2149 4134 2314 4200 Quam
2357 4132 2498 4186 enim
2543 4130 2672 4184 mihi
2722 4129 2927 4183 confert
2971 4127 3249 4179 utilitatem
3294 4122 3595 4184 multitudo,
3643 4120 3729 4173 dic

2149 4223 2299 4287 mihi,
2338 4224 2382 4276 si
2433 4221 2618 4275 vitiose
2647 4220 2820 4272 vivat?
2857 4217 2992 4283 Quin
3022 4232 3050 4268 e
3077 4213 3344 4270 contrario
3387 4221 3440 4266 et
3475 4210 3731 4265 damnum

2148 4332 2213 4368 ex
2245 4314 2346 4368 hoc
2391 4314 2642 4367 nascitur.
2674 4309 2994 4379 Quidenim
3040 4307 3182 4362 aliud
3231 4321 3370 4360 nunc
3407 4305 3547 4358 illata
3589 4304 3731 4357 mala

2152 4404 2311 4459 fecit?
2340 4419 2517 4458 nonne
2540 4414 2722 4471 torpor
2749 4412 2802 4455 et
2832 4407 3198 4467 contemptus,
3227 4404 3281 4450 et
3323 4393 3729 4448 inhabitantium

2152 4494 2502 4563 improbitas?
2532 4491 2787 4561 numquid
2826 4490 3051 4559 dignitas
3073 4486 3270 4543 civitati
3318 4483 3549 4554 profuit?
3580 4499 3733 4536 num-

2151 4586 2275 4655 quid
2302 4584 2507 4639 :editicii
2554 4580 2902 4652 magnitudo?
2947 4577 3201 4646 numquid
3228 4576 3349 4645 quia
3380 4574 3689 4643 metropolis
3710 4575 3735 4627 ?

2153 4676 2209 4730 Si
2236 4690 2361 4728 vero
2385 4674 2523 4743 apud
2554 4688 2733 4742 regem
2766 4681 2919 4724 terrae
2948 4668 3077 4721 nihil
3118 4667 3213 4735 ipsi
3249 4664 3601 4735 prscvaricatae
3632 4663 3735 4718 hoc

2153 4768 2369 4838 proluit,
2411 4765 2504 4820 sed
2548 4765 2635 4819 illa
2680 4772 2865 4817 cuncta
2905 4760 3110 4814 sublata
3157 4768 3325 4811 sunt:
3358 4757 3526 4810 multo
3568 4756 3736 4823 magis

2152 4858 2289 4929 apud
2321 4857 2628 4927 angelorum
2657 4855 2934 4908 Dominum
2968 4850 3099 4903 nihil
3129 4850 3225 4917 ipsi
3256 4848 3489 4918 proderit
3509 4845 3737 4917 dignitas

2157 4953 2254 5005 ista
2282 4968 2294 5003 :
2322 4950 2453 5003 nihil
2481 4949 2622 5003 enim
2667 4962 2765 5000 nos
2803 4946 2894 4998 illo
2938 4943 3023 4997 die
3064 4942 3256 5011 poterit
3296 4941 3567 5008 adjuvare,
3596 4936 3737 5007 quod

2157 5041 2492 5110 metropolim
2546 5038 2871 5093 habitemus.
2918 5035 3152 5105 porticus
3194 5034 3326 5085 latas
3374 5030 3655 5085 habentem
3683 5037 3738 5082 et

2156 5136 2284 5187 alias
2309 5130 2611 5200 hujusmodi
2639 5129 2939 5198 dignitates.
2988 5126 3056 5180 Et
3082 5126 3202 5193 quid
3240 5124 3357 5176 dico
3388 5123 3533 5174 illum
3554 5120 3737 5174 diem?

2156 5225 2281 5295 quid
2307 5224 2391 5279 vel
2417 5222 2484 5277 ad
2522 5230 2836 5291 praesentem
2882 5220 3038 5271 vitam
3070 5218 3321 5285 prodesse
3363 5210 3574 5282 poterit,
3607 5210 3739 5264 civi-

2159 5328 2319 5371 tatem
2347 5330 2465 5370 esse
2496 5315 2587 5368 tibi
2614 5311 2989 5381 metropolim?
3020 5304 3272 5375 numquid
3302 5320 3365 5359 ex
3394 5304 3493 5355 hoc
3518 5300 3737 5354 domum

2158 5411 2435 5480 quisquam
2466 5406 2604 5461 male
2645 5404 2952 5473 dispositam
2998 5398 3246 5460 correxit,
3294 5395 3377 5448 vel
3417 5408 3483 5447 ex
3532 5390 3631 5445 hac
3664 5390 3741 5443 ul-

2161 5503 2268 5555 lum
2301 5500 2551 5570 dignitate
2580 5503 2893 5566 proventum
2935 5492 3135 5554 habuit,
3165 5489 3247 5542 vel
3280 5486 3547 5540 tristitiam
3574 5498 3738 5552 repu-

2162 5595 2244 5657 lit,
2278 5592 2358 5646 vel
2386 5590 2626 5658 corporis
2646 5584 3035 5657 mgritudinem,
3064 5581 3144 5634 vel
3174 5577 3335 5632 animi
3365 5575 3548 5629 vitium
3577 5574 3737 5642 depo-

2162 5686 2297 5739 suit?
2323 5683 2400 5737 Ne
2434 5682 2698 5744 ludamus,
2729 5676 2930 5742 dilecti,
2963 5688 3059 5727 nec
3086 5671 3149 5723 ad
3178 5669 3316 5739 vulgi
3345 5667 3621 5735 opiniones
3649 5683 3733 5720 re-

2166 5778 2469 5847 spiciamus,
2512 5773 2606 5830 sed
2632 5773 2892 5827 discamus
2933 5783 3047 5835 qua:
3076 5763 3288 5818 tandem
3328 5762 3393 5815 sit
3418 5760 3641 5815 civitatis
3663 5758 3741 5813 dio
