4112 6388
361 343 465 401 ⁸179

361 458 555 528 gnitas,
587 454 714 524 quid
755 454 894 526 quod
923 453 1188 509 civitatem
1230 453 1418 509 reddat
1446 456 1802 525 metropolim.
1831 455 1940 510 Nec

367 549 482 604 haec
531 546 691 614 dico,
737 546 879 618 quod
915 547 1191 616 desperem
1234 547 1498 601 civitatem
1545 549 1679 602 hanc
1719 548 1944 603 formam

365 640 597 708 priorem
625 647 1034 708 resumpturam,
1080 649 1134 692 et
1169 639 1220 692 in
1247 638 1460 706 propria
1507 637 1733 693 futuram
1763 640 1948 708 praesi-

365 735 572 798 dentia;
603 733 864 792 humanus
882 733 1022 786 enim
1051 743 1103 786 et
1128 732 1242 801 pius
1263 741 1345 786 est
1373 730 1698 800 imperator:
1729 746 1824 784 vos
1849 747 1945 783 au-

369 834 477 878 tem
505 824 644 889 volo,
674 823 834 878 etiam
873 824 917 877 si
955 823 1160 878 reddita
1201 823 1375 888 luerit,
1419 839 1522 876 non
1551 823 1716 876 altum
1750 822 1819 876 ob
1847 823 1948 877 hoc

367 929 577 982 sapere,
610 930 782 985 neque
819 914 1070 983 gloriari,
1107 929 1208 968 nec
1255 929 1322 967 ex
1367 913 1449 967 his
1485 913 1752 968 civitatem
1795 914 1948 966 nobis

369 1005 647 1075 magniﬁce
696 1005 905 1058 eﬂ'erre.
944 1004 1076 1058 Cum
1120 1004 1202 1057 vis
1245 1003 1471 1057 civitatis
1495 1002 1702 1056 laudem
1737 1002 1946 1069 eﬂ'crre,

375 1112 444 1152 ne
469 1095 600 1149 mihi
631 1095 883 1164 Daphnen
910 1095 1267 1149 suburbanam
1293 1094 1458 1156 dicas,
1492 1109 1588 1146 nec
1614 1094 1948 1148 altitudinem

372 1202 747 1258 cupressorum
779 1195 834 1242 et
873 1185 1264 1240 multitudinem
1287 1227 1300 1248 ,
1333 1200 1429 1239 nec
1457 1201 1711 1255 aquarum
1756 1185 1948 1250 fontes,

370 1295 471 1335 nec
496 1279 688 1334 multos
717 1277 958 1333 homines
987 1278 1253 1333 civitatem
1283 1277 1543 1341 habitare,
1572 1291 1671 1330 nec
1699 1291 1867 1344 usque
1887 1275 1954 1330 ad

371 1370 840 1442 profundissimam
861 1383 1136 1439 vesperam
1157 1383 1276 1422 cum
1301 1368 1464 1421 multa
1492 1367 1734 1421 libertate
1758 1365 1811 1419 in
1840 1365 1956 1420 loro

373 1460 595 1527 versari,
624 1475 722 1514 nec
744 1460 1004 1514 venalium
1043 1473 1222 1514 rerum
1245 1459 1451 1528 copiam
1481 1457 1696 1522 habere,
1741 1457 1959 1511 sensibi-

374 1553 443 1607 lia
470 1553 584 1607 haec
611 1553 787 1606 omnia
814 1566 934 1606 cum
961 1552 1066 1605 sint
1094 1559 1149 1605 et
1183 1566 1346 1620 usque
1383 1549 1449 1604 ad
1493 1559 1808 1619 praesentem
1833 1563 1956 1618 per-

375 1653 625 1697 maneant
654 1642 850 1706 vitam;
882 1641 976 1695 sed
1019 1641 1065 1695 si
1091 1641 1270 1695 dicere
1306 1641 1476 1710 possis
1502 1641 1774 1705 virtutem,
1805 1655 1953 1693 man-

376 1732 738 1797 suetudinem,
792 1733 1204 1803 eleemosynam,
1251 1743 1536 1786 nocturnas
1586 1731 1810 1800 vigilias,
1841 1745 1963 1784 ora-

378 1825 570 1889 tiones,
613 1824 949 1887 modestiam,
993 1823 1155 1876 animi
1195 1823 1544 1891 sapientiam,
1589 1837 1654 1876 ex
1689 1823 1803 1876 istis
1828 1821 1960 1876 civi-

381 1924 539 1968 tatem
581 1915 908 1971 commenda.
957 1915 1081 1969 Hinc
1129 1915 1174 1969 si
1217 1925 1264 1969 et
1317 1930 1555 1969 eremum
1604 1914 1962 1968 habitantibus

382 2006 580 2072 adsint,
610 2007 753 2061 omni
801 2006 1013 2060 civitate
1038 2005 1448 2075 splendidiorem
1472 2006 1639 2074 ipsam
1668 2005 1886 2067 faciunt,
1910 2013 1964 2059 et

381 2108 563 2151 contra
595 2099 859 2152 civitatem
906 2098 1142 2151 omnium
1191 2096 1521 2160 vilissimam,
1573 2096 1617 2149 si
1663 2095 1777 2149 haec
1820 2095 1962 2150 illius

383 2205 489 2244 non
517 2189 692 2243 adsint
730 2189 952 2242 civnbus.
988 2189 1097 2242 Hoc
1129 2203 1231 2241 non
1286 2188 1338 2240 in
1383 2187 1595 2241 civitate
1641 2195 1842 2240 tantum
1868 2201 1962 2241 ve-

384 2295 498 2333 rum
525 2291 580 2334 et
619 2280 672 2333 in
701 2277 1002 2333 hominibus
1041 2279 1312 2332 iaciamus.
1353 2277 1408 2331 Si
1458 2276 1725 2330 hominem
1773 2275 1967 2330 videris

385 2371 780 2440 corpulentum,
836 2370 886 2423 in
938 2368 1298 2424 habitudinem
1337 2367 1557 2420 multam
1603 2381 1962 2436 progressum,

386 2461 505 2515 alta:
531 2470 745 2514 staturae
770 2469 823 2514 et
844 2461 975 2514 alios
1002 2460 1239 2528 corporis
1259 2459 1578 2529 proceritate
1602 2467 1966 2522 superantem,

389 2567 458 2607 ne
507 2551 806 2617 admireris,
858 2551 1030 2605 donec
1069 2550 1303 2604 animum
1335 2549 1450 2619 ejus
1477 2547 1744 2602 didiceris.
1796 2546 1872 2601 Ne
1901 2547 1970 2601 ab

389 2641 639 2696 exteriori
686 2641 1097 2710 pulchritudine,
1141 2641 1234 2695 sed
1279 2655 1310 2694 a
1354 2639 1548 2693 mentis
1573 2647 1763 2693 ornatu
1784 2653 1972 2694 omnes

393 2733 577 2789 beatos
612 2747 946 2788 censeamus.
980 2733 1180 2786 Parvus
1207 2739 1322 2786 erat
1369 2731 1553 2796 David,
1586 2739 1638 2784 et
1667 2730 1843 2784 brevis
1866 2740 1974 2784 sta-

396 2842 510 2884 tura
543 2829 592 2902 (i
617 2829 742 2900 Reg.
771 2829 880 2898 17),
909 2838 1270 2882 verumtamen
1303 2825 1478 2880 brevis
1503 2825 1589 2879 ille
1613 2832 1667 2879 et
1687 2839 1899 2892 parvus,
1922 2831 1976 2876 et

392 2921 554 2976 armis
581 2922 752 2976 nudus
779 2921 1026 2976 omnibus
1051 2961 1066 2986 ,
1097 2919 1386 2974 exercitum
1417 2925 1621 2972 tantum
1648 2926 1702 2970 et
1725 2929 1973 2969 carneam

394 3013 580 3067 turrim
607 3012 753 3067 illam
795 3027 901 3066 uno
934 3011 1221 3081 prostravit
1261 3013 1388 3074 ictu,
1416 3024 1522 3064 non
1553 3009 1757 3062 hastam
1779 3006 1979 3077 jacula-

397 3113 500 3169 tus,
529 3119 700 3173 neque
723 3104 966 3173 sagittam
999 3103 1232 3169 mittens,
1253 3117 1351 3156 nec
1377 3115 1557 3155 ensem
1578 3098 1865 3168 stringens,
1885 3096 1979 3151 sed

397 3205 562 3250 totum
595 3195 802 3249 modico
843 3194 1032 3264 lapidis
1056 3195 1194 3264 jactu
1235 3194 1516 3263 perliciens
1551 3209 1565 3246 :
1608 3192 1730 3246 ideo
1767 3190 1980 3259 quidam

398 3289 646 3341 admouet
678 3287 906 3341 dicens:
953 3285 1037 3340 Ne
1083 3285 1366 3338 laudaveris
1416 3283 1666 3336 hominem
1716 3281 1771 3334 in
1816 3279 1982 3350 specie

403 3382 530 3450 ejus,
560 3396 649 3434 nec
669 3379 968 3433 abomineris
997 3379 1159 3432 uirum
1184 3378 1235 3430 in
1261 3386 1468 3447 aspectu
1492 3375 1600 3446 ejus
1625 3389 1642 3426 :
1665 3387 1818 3442 parua
1857 3371 1984 3422 inter

401 3470 627 3525 volatilia
651 3471 782 3541 apis,
817 3480 863 3523 et
886 3470 1085 3524 initium
1129 3469 1349 3522 dulcoris
1389 3467 1548 3536 ipsius
1573 3465 1770 3534 fructus
1793 3460 1978 3532 (Eccli.

403 3563 489 3615 ll.
508 3561 562 3616 2.
587 3560 662 3631 3).
685 3561 796 3616 Hoc
823 3560 968 3616 etde
989 3559 1286 3615 civitatibus
1311 3568 1364 3614 et
1389 3555 1695 3612 hominibus
1723 3551 1982 3615 dicamus,

404 3667 450 3705 et
483 3655 621 3708 inter
653 3669 748 3706 nos
779 3651 1231 3722 philosophemur,
1257 3666 1321 3705 ac
1347 3649 1454 3702 Deo
1473 3647 1669 3717 gratias
1697 3643 2017 3698 habeamus'

1135 340 1193 398 Β.
1231 339 1506 398 JOANNIS
1541 341 2018 399 CIIRYSOSTOMI
2053 344 2368 401 ARCHIEP.
2409 343 2933 402 CONSTANTINOP.

3526 347 3626 402 180

2047 459 2260 513 assidue
2285 467 2339 513 et
2383 458 2451 514 de
2492 460 2837 528 praesentibus
2862 469 2915 514 et
2958 458 3025 514 de
3054 461 3354 528 prmleritis,
3389 469 3443 514 et
3469 459 3625 516 simul

2048 548 2220 618 ipsum
2257 564 2505 618 rogemus
2539 564 2656 603 cum
2683 549 2826 604 omni
2869 551 3228 614 contentione,
3269 559 3326 604 ut
3367 560 3421 606 et
3448 567 3628 606 carce-

2049 655 2162 695 rem
2193 640 2508 705 habitantes,
2538 649 2594 695 et
2620 641 2670 694 in
2698 641 2939 695 exsilium
2971 642 3382 710 transportandi,
3412 641 3486 695 illi
3511 644 3631 711 qui-

2049 729 2170 784 dem
2201 729 2553 794 dimittantur,
2591 731 2646 785 hi
2686 746 2813 786 vero
2851 740 3208 786 revertantur.
3259 732 3490 788 Membra
3535 749 3631 786 no-

2053 830 2160 876 stra
2188 831 2311 876 sunt
2349 833 2400 877 et
2453 822 2528 877 illi
2575 825 2846 878 nobiscum
2888 824 3122 878 ﬂuctuati
3170 837 3312 891 sunt,
3353 827 3631 880 nobiscum

2052 911 2342 980 procellam
2364 912 2731 966 sustinuerunt
2761 931 2772 964 :
2806 929 3050 979 rogemus
3072 914 3228 982 igitur
3254 914 3630 984 benignitatem

2054 1004 2308 1070 divinam,
2366 1013 2424 1058 ut
2459 1005 2731 1059 nobiscum
2779 1006 3211 1075 tranquillitatem
3263 1018 3628 1076 assequuntur.

2055 1095 2222 1152 Nemo
2250 1096 2392 1152 dicat
2425 1115 2438 1150 :
2471 1098 2600 1163 Qua:
2629 1113 2756 1151 vero
2782 1097 2912 1151 mihi
2937 1113 3062 1151 cura
3098 1108 3180 1152 est
3201 1098 3467 1168 amplius?
3494 1098 3632 1153 libe-

2057 1195 2202 1242 ratus
2242 1202 2358 1241 sum
2388 1187 2499 1256 ipse
2538 1187 2794 1256 periculo,
2840 1197 3024 1256 pereat
3055 1188 3162 1253 ille,
3192 1189 3449 1242 moriatur
3476 1189 3629 1244 alter.

2057 1280 2134 1334 Ne
2164 1280 2327 1335 Deum
2359 1281 2738 1334 esacerbcmus
2755 1295 2872 1349 ,per
2895 1279 3032 1332 hanc
3051 1281 3472 1348 asperuationem
3498 1297 3513 1346 ;
3539 1279 3634 1334 sed

2059 1381 2328 1441 tamquam
2355 1373 2453 1442 ipsi
2501 1372 2668 1427 simus
2702 1373 2754 1426 in
2797 1371 3054 1436 adversis,
3099 1373 3177 1426 sic
3217 1372 3509 1437 doleamus,
3557 1372 3636 1426 sic

2063 1465 2232 1519 Deum
2260 1480 2382 1519 cum
2422 1464 2701 1520 sedulitate
2754 1480 3054 1536 precemur,
3106 1464 3234 1518 illud
3265 1464 3409 1518 Pauli
3438 1465 3634 1518 dictum

2061 1557 2342 1626 implenles
2370 1575 2383 1610 :
2416 1557 2539 1610 Cum
2584 1557 2760 1610 vinctis
2813 1566 3067 1626 tamquam
3108 1556 3259 1609 simul
3303 1557 3485 1618 vincti,
3526 1572 3638 1608 cum
3671 1535 3678 1544 ’

2061 1648 2192 1701 male
2217 1647 2506 1701 habentibus
2527 1658 2779 1717 tamquam
2793 1655 2838 1699 et
2853 1647 2950 1717 ipsi
2971 1645 3122 1700 simul
3146 1647 3199 1700 in
3223 1663 3429 1716 corpore
3448 1645 3628 1712 (Hebr.

2065 1739 2151 1794 1⁸5.
2186 1739 2263 1809 5),
2293 1747 2338 1792 et
2366 1740 2544 1808 ﬂentes
2561 1755 2672 1791 cum
2699 1737 2952 1808 ﬂentibus,
2983 1736 3256 1790 humilibus
3285 1739 3638 1790 consentientes

2065 1828 2240 1900 (liam.
2264 1829 2351 1883 12.
2379 1829 2463 1884 15.
2502 1829 2612 1898 16).
2640 1829 2752 1883 Hoc
2794 1839 2848 1882 et
2892 1829 3048 1881 nobis
3077 1827 3204 1896 ipsis
3230 1828 3456 1881 maxime
3482 1829 3641 1897 prod-

2066 1923 2204 1977 erit:
2233 1921 2362 1976 nihil
2387 1923 2531 1976 enim
2575 1922 2652 1976 sic
2687 1922 2851 1975 Deum
2876 1920 3143 1975 delectare
3180 1921 3474 1986 consuevit,
3502 1921 3641 1975 sicut

2066 2030 2188 2070 cum
2219 2015 2382 2068 multa
2416 2014 2688 2070 alacritate
2707 2026 2805 2081 pro
2839 2009 3097 2066 membris
3134 2007 3335 2064 nostris
3375 2007 3638 2072 dolemus,

2068 2104 2295 2160 Oremus
2322 2105 2481 2174 igitur
2509 2103 2678 2171 ipsum
2708 2101 2862 2156 simul
2889 2109 2938 2154 et
2973 2116 3067 2168 pro
3093 2098 3444 2168 praesentibus
3466 2108 3518 2152 et
3546 2113 3643 2166 pro

2070 2199 2276 2261 futuris,
2328 2205 2381 2249 ut
2424 2204 2477 2248 et
2528 2195 2594 2247 ab
2643 2194 2728 2247 illa
2761 2207 2858 2246 nos
2891 2207 3046 2260 pcena
3100 2191 3310 2245 liberet.
3359 2190 3642 2243 Praesentia

2070 2290 2212 2345 enim
2252 2287 2656 2358 qualiacumque
2696 2294 2822 2350 sint,
2868 2279 3163 2337 tolerabilia
3215 2290 3358 2343 sunt,
3403 2290 3458 2333 et
3486 2279 3644 2332 linem

2073 2381 2300 2446 habent;
2335 2379 2419 2433 illa
2440 2394 2566 2432 vero
2597 2387 2856 2430 tormenta
2885 2375 3199 2428 immortalia
3224 2383 3276 2427 et
3297 2370 3640 2426 inevitabilia.

2077 2475 2279 2529 Prteter
2306 2472 2722 2526 consolationem
2775 2484 2901 2522 vero
2947 2467 3255 2521 Studeamus
3298 2473 3351 2518 et
3401 2463 3500 2533 ipsi
3543 2476 3650 2516 non

2073 2564 2298 2634 amplius
2326 2563 2521 2617 talibus
2565 2561 2669 2616 labi
2714 2559 2965 2630 peccatis,
3010 2559 3240 2612 scientes
3284 2570 3382 2610 nos
3405 2557 3539 2609 ultra
3561 2568 3652 2607 ve-

2077 2657 2216 2711 niam
2245 2671 2350 2710 non
2377 2662 2772 2724 assequuturos.
2804 2651 2972 2707 Simul
3011 2650 3166 2720 igitur
3193 2656 3316 2703 ante
3340 2648 3503 2703 Deum
3531 2660 3654 2715 pro-

2077 2745 2316 2801 cidamus
2342 2760 2550 2806 omnes,
2579 2754 2633 2798 et
2668 2742 2792 2797 dum
2835 2742 2919 2796 hic
2945 2756 3146 2805 sumus,
3178 2749 3232 2793 et
3273 2739 3489 2793 domum
3529 2753 3655 2804 pro-

2081 2840 2200 2893 l‘ecti
2231 2839 2468 2893 dicamus
2503 2855 2516 2890 :
2567 2836 2748 2890 Justus
2790 2851 2868 2901 es,
2904 2834 3142 2896 Domine,
3191 2832 3241 2884 in
3272 2829 3515 2884 omnibus
3539 2843 3657 2896 qua:

2081 2931 2248 2986 fecisti
2273 2930 2426 2984 nobis
2455 2929 2613 2998 (Dan.
2645 2929 2698 2983 5.
2729 2926 2821 2996 27)
2865 2943 2877 2978 :
2911 2925 3159 2994 quoniam
3204 2923 3257 2976 in
3286 2939 3412 2975 vero
3456 2919 3657 2988 judicio

2083 3021 2354 3086 induxisti,
2385 3033 2735 3089 quaecumque
2787 3015 3057 3070 induxisti.
3111 3013 3167 3068 Si
3215 3019 3428 3081 peccata
3479 3017 3658 3062 nostra

2083 3115 2389 3170 obstiterint
2419 3112 2590 3177 nobis,
2627 3112 2708 3164 lac
2747 3109 2899 3162 nobis
2929 3116 3144 3175 propter
3169 3118 3365 3158 nomen
3408 3115 3572 3160 tuum.
3605 3109 3661 3154 et

2087 3221 2153 3260 ue
2178 3203 2438 3258 concedas
2464 3201 2689 3270 amplius
2721 3199 2900 3252 talium
2950 3212 3047 3250 nos
3093 3194 3453 3248 molestiarum
3498 3204 3665 3258 expe-

2088 3298 2333 3351 rientiam
2361 3309 2573 3362 capere.
2609 3291 2714 3344 Nec
2741 3307 2830 3342 nos
2865 3289 3076 3342 inducas
3122 3286 3173 3338 in
3219 3283 3554 3344 tentationem,
3575 3279 3666 3333 sed

2091 3391 2248 3445 libera
2275 3405 2365 3442 nos
2403 3404 2435 3440 a
2464 3388 2597 3440 malo
2628 3383 2837 3457 (Matth.
2873 3384 2925 3436 6.
2960 3382 3084 3450 i5):
3114 3378 3364 3448 quoniam
3411 3388 3556 3430 tuum
3583 3382 3668 3428 est

2089 3495 2313 3550 regnum
2344 3487 2398 3534 ct
2421 3477 2674 3549 potentia,
2704 3485 2756 3530 et
2798 3472 2966 3544 gloria
2995 3472 3046 3526 in
3091 3470 3284 3524 smcula
3329 3466 3668 3522 smculorum.

2095 3576 2282 3630 Amen.

3631 3906 3664 3921 ρ

412 4005 474 4054 ιη
521 4003 902 4048 ΡΒᾸΞΒῙΒΤΟΠ
957 4004 1310 4048 SEDITIONIS
1359 4002 1833 4057 ABGUMENTUM,
1879 4002 1962 4043 DE
2004 4000 2303 4055 JEJUNIO,
2350 3999 2431 4040 ET
2472 3998 2538 4040 IN
2581 3997 3012 4041 APOSTOLICUM
3054 3997 3320 4051 DICTUM,
3377 3997 3672 4040 GAUDETB

1475 4103 1536 4144 IN
1578 4099 1822 4144 nomno
1865 4100 2112 4143 summa
2179 4082 2441 4162 (Philin.
2485 4077 2546 4138 li.
2591 4078 2678 4159 Ιι).

987 4443 1206 4484 ΙΟΙΙιΙΑ
1242 4442 1391 4482 XVIII.

482 4603 530 4654 l.
560 4599 751 4654 Multos
772 4597 876 4652 vidi
905 4594 1216 4666 gaudentes,
1244 4602 1298 4648 et
1323 4591 1462 4646 inter
1490 4605 1548 4644 se
1591 4589 1831 4645 dicentes
1859 4606 1871 4641 :
1896 4587 1990 4642 Vi-

407 4696 598 4757 cimus,
652 4690 1039 4760 superavimus,
1091 4685 1275 4756 jejunii
1317 4682 1594 4737 dimidium
1651 4680 1988 4750 proﬂigatum

409 4795 510 4841 est.
544 4784 700 4837 Tales
730 4792 907 4836 autem
939 4779 1124 4834 hortor
1154 4794 1258 4831 non
1287 4784 1567 4846 propterea
1584 4772 1837 4842 gaudere,
1861 4772 1984 4840 quia

413 4875 744 4948 proﬂigatum
763 4871 1025 4942 sitjcjunii
1043 4868 1338 4931 dimidium,
1362 4865 1452 4920 sed
1483 4865 1608 4918 illud
1631 4863 1990 4930 considerare,
2020 4904 2034 4917 .

415 4967 458 5022 si
481 4973 815 5037 peccatorum
853 4962 924 5017 sit
948 4959 1282 5030 proﬂigatum
1305 4956 1579 5010 dimidium
1608 4971 1623 5019 ;
1664 4962 1722 5009 et
1745 4962 1871 5007 tunc
1898 4969 1990 5008 ex-

413 5059 611 5113 sultare
650 5073 664 5110 :
714 5055 814 5108 hoc
853 5053 995 5108 enim
1034 5053 1303 5121 voluptate
1329 5049 1568 5117 dignum,
1603 5046 1703 5100 hoc
1745 5043 1993 5114 estquod

413 5150 688 5220 qtu'rilur,
717 5157 771 5202 et
797 5154 1014 5216 propter
1039 5144 1179 5215 quod
1211 5143 1344 5198 facta
1371 5150 1493 5194 sunt
1517 5140 1689 5192 omnia
1714 5179 1727 5201 ,
1755 5145 1812 5191 ut
1844 5136 1996 5191 dele-

417 5253 536 5295 ctus
561 5249 773 5294 nostros
794 5237 1140 5306 corrigamus.
1157 5250 1222 5288 ne
1253 5234 1384 5287 tales
1403 5246 1652 5286 exeamus
1674 5229 1740 5283 de
1767 5229 1990 5298 jejunio,

416 5334 603 5403 quales
623 5332 883 5402 jejunium
917 5329 1140 5399 ingressi
1171 5342 1374 5388 sumus,
1408 5325 1500 5376 sed
1551 5322 1736 5384 abluti,
1776 5333 1826 5375 et
1850 5321 1992 5374 omni

419 5425 557 5478 mala
587 5421 973 5478 consuetudine
997 5419 1234 5488 deposita
1269 5460 1283 5484 ,
1317 5419 1394 5470 sic
1430 5430 1633 5469 sacram
1661 5429 1880 5483 agamus
1910 5427 1998 5466 so-

425 5515 778 5570 lemnitatem.
811 5512 866 5568 Si
895 5512 995 5566 hoc
1022 5511 1179 5574 desit,
1199 5525 1300 5562 non
1326 5518 1527 5560 tantum
1559 5507 1697 5559 nulla
1724 5506 1875 5558 nobis
1896 5507 1997 5559 erit

423 5609 640 5672 utilitas,
670 5622 855 5662 verum
886 5614 940 5660 et
973 5605 1258 5658 maximum
1288 5616 1351 5656 cx
1394 5608 1759 5654 consummato
1801 5597 1998 5664 jejunio

419 5698 692 5752 damnum.
719 5696 797 5752 Ne
839 5695 1000 5765 igitur
1031 5694 1288 5757 laatemur,
1318 5689 1459 5761 quod
1495 5688 1682 5757 jejunii
1726 5687 1996 5756 prolixita-

423 5799 527 5845 tem
563 5787 928 5858 cxpcdivimus
957 5803 971 5842 :
1014 5785 1143 5841 nihil
1186 5784 1326 5842 enim
1359 5797 1604 5853 magnum
1635 5781 1735 5837 hoc
1764 5790 1874 5846 est;
1905 5781 1998 5835 scd

2095 4409 2355 4484 laetemur,
2377 4415 2589 4484 quando
2618 4429 2740 4469 cum
2776 4414 2928 4468 bonis
2948 4413 3198 4483 Operibus
3225 4414 3396 4482 ipsum
3425 4413 3669 4483 exegeri-

2091 4526 2230 4575 mus,
2262 4518 2318 4564 ut
2339 4509 2496 4563 etiam
2522 4509 2636 4577 ipso
2665 4514 2952 4570 transacto,
2978 4504 3177 4558 fructus
3208 4506 3372 4574 ipsius
3397 4506 3665 4574 eﬂulgeat.

2091 4599 2303 4654 Etenim
2352 4597 2556 4668 hyemis
2601 4597 2803 4648 lucrum
2829 4605 2951 4648 tunc
2975 4595 3201 4648 maxime
3221 4595 3610 4648 demonstratur
3649 4633 3668 4658 ,

2091 4707 2211 4747 cum
2257 4691 2344 4745 illa
2394 4689 2743 4759 praeterierit:
2777 4672 3030 4756 namque.
3053 4696 3334 4740 vernantes
3361 4695 3586 4754 segetes,
3617 4694 3671 4741 et

2091 4783 2229 4838 foliis
2255 4798 2317 4837 ac
2343 4781 2517 4836 fructu
2545 4779 2822 4834 afﬂuentes
2847 4779 3066 4832 arbores
3086 4794 3179 4847 per
3201 4777 3371 4844 ipsum
3396 4785 3668 4845 aspectum

2091 4876 2324 4929 clamant
2367 4872 2647 4927 utilitatem
2691 4869 2792 4922 sibi
2836 4884 2905 4924 ex
2939 4869 3130 4940 hyeme
3155 4868 3363 4921 factam.
3397 4866 3509 4920 Hoc
3538 4865 3670 4920 etin

2093 4965 2247 5020 nobis
2270 4963 2469 5034 pariter
2496 4962 2604 5016 ﬁat.
2639 4961 2848 5015 Etenim
2881 4960 3070 5030 pluviis
3094 4959 3357 5013 continuis
3383 4965 3438 5012 et
3465 4957 3668 5011 crebris

2096 5057 2148 5110 in
2182 5055 2375 5127 hyeme
2394 5069 2486 5122 per
2502 5052 2688 5122 jejunii
2719 5060 2926 5120 tempus
2953 5051 3104 5121 potiti
3131 5065 3334 5114 sumus,
3365 5049 3667 5103 continuam

2093 5147 2401 5202 haurientes
2441 5144 2756 5207 doctrinam,
2802 5151 2856 5196 et
2890 5142 3094 5196 semina
3142 5139 3472 5209 suscepimus
3513 5138 3670 5207 spiri-

2093 5238 2275 5302 tualia,
2307 5245 2362 5292 et
2402 5235 2710 5289 deliciarum
2741 5233 2921 5302 spinas
2963 5229 3303 5286 abscidimus.
3351 5229 3668 5283 Persevere-

2093 5344 2212 5383 mus
2237 5328 2415 5398 igitur,
2439 5341 2558 5395 quze
2582 5324 2913 5392 suscepimus
2940 5337 3060 5377 cum
3078 5320 3348 5391 diligentia
3374 5329 3670 5385 servantes,

2092 5430 2152 5475 ut
2195 5431 2248 5475 et
2287 5419 2493 5490 jejunio
2522 5417 2791 5488 praeterito
2819 5415 3005 5486 jejunii
3051 5413 3304 5469 scaturiat
3333 5412 3537 5466 fructus
3570 5428 3583 5461 :
3614 5423 3669 5465 et

2095 5530 2191 5584 per
2221 5515 2354 5568 bona
2381 5528 2497 5580 quae
2523 5511 2589 5564 de
2611 5509 2812 5580 jejunio
2839 5510 3096 5581 cepimus,
3121 5507 3280 5561 etiam
3303 5506 3467 5575 ipsius
3482 5504 3669 5574 jejunii

2092 5605 2451 5660 recordemur.
2481 5602 2536 5657 Si
2558 5616 2653 5654 nos
2676 5602 2833 5671 igitur
2853 5600 2930 5654 sic
2957 5612 3348 5667 comparemus,
3373 5597 3670 5650 adveniens

2088 5698 2346 5769 jejunium
2386 5711 2504 5751 cum
2545 5695 2813 5764 voluptate
2856 5691 3205 5761 suscipiemus
3247 5689 3441 5743 denuo.
3475 5687 3667 5741 Multos

2093 5783 2289 5839 etenim
2319 5781 2472 5837 video
2513 5794 2572 5836 se
2618 5781 2688 5834 ita
2721 5776 3126 5850 pusillanimiter
3179 5775 3462 5841 habentes,
3509 5782 3568 5828 ut
3619 5772 3672 5828 in
