4112 6388
308 373 412 434 I79

308 489 612 562 βλέποιμεν,
649 489 783 545 ἀλλά
811 489 1093 562 μάθωμεν.
1116 490 1168 542 τί
1200 491 1329 544 ποτέ
1353 492 1470 544 ἐστι
1499 492 1708 555 πόλεως
1727 490 1966 562 ἀξίωμα,

304 583 359 634 τί
392 581 523 632 ποτέ
560 581 675 632 ἐστι
715 577 777 631 τὸ
817 579 1003 632 ποιοῦν
1029 578 1182 632 πόλιν
1219 578 1568 650 μητρόπολιν.
1599 577 1784 632 Ταῦτα
1827 579 1970 646 λέγω

305 665 620 738 προσδοκῶν
661 666 758 736 μὲν
788 665 950 719 πάλιν
982 665 1354 736 ἀπολήψεσθαι
1384 667 1478 719 καὶ
1502 666 1660 720 τοῦτο
1687 666 1784 738 τήν
1823 667 1970 720 πόλιν

306 755 368 807 τὸ
402 755 605 824 σχῆμα,
632 753 726 805 καὶ
763 752 857 805 ἐπὶ
886 752 986 824 τῆς
1016 753 1224 816 οἰκείας
1270 754 1610 824 φανήσεσθαι
1639 754 1930 824 προεδρίας
1956 771 1968 783 ·

307 840 403 894 καὶ
437 841 544 911 γάρ
569 839 945 912 φιλάνθρωπος
980 842 1008 893 6
1037 839 1288 910 βασιλεὺς
1333 842 1426 893 καὶ
1463 840 1716 912 θεοφιλής
1738 857 1752 871 ·
1789 841 1973 911 βούλο-

310 945 410 998 μαι
441 930 500 981 δέ
530 929 694 998 ὑμᾶς,
722 930 770 980 εἰ
791 928 886 981 καὶ
907 927 1221 998 ἀποδοθείη,
1245 928 1318 998 μὴ
1347 927 1490 998 μέγα
1516 920 1610 981 ἐπὶ
1641 929 1816 999 τούτῳ
1843 947 1973 1000 φρο-

308 1018 418 1068 νεῖν
450 1015 584 1085 μηδὲ
612 1013 1132 1084 ἐγκαλλωπίζεσθαι,
1173 1015 1307 1086 μηδὲ
1357 1017 1421 1069 ἐκ
1452 1015 1656 1069 τούτων
1686 1016 1785 1087 τὴν
1820 1017 1974 1069 πόλιν

308 1105 440 1174 ήμῖν
475 1102 952 1171 σεμνύνειν.”οταν
994 1102 1184 1175 ἐθέλῃς
1215 1103 1317 1172 τῆς
1351 1103 1560 1167 πόλεως
1593 1105 1768 1157 εἰπεῖν
1801 1105 1977 1174 ἐγκώ-

313 1206 454 1259 μιον,
488 1189 562 1260 μή
598 1205 687 1258 μοι
715 1188 813 1258 τὴν
847 1189 1064 1261 Δάφνην
1099 1191 1260 1261 εἴπῃς
1283 1191 1346 1244 τὸ
1371 1191 1714 1262 προάστειον,
1751 1193 1885 1264 μηδὲ
1916 1193 1977 1246 τὸ

311 1275 513 1346 πλῆθος
545 1277 640 1328 καὶ
667 1276 840 1347 μῆκος
857 1276 964 1329 τῶν
987 1278 1364 1348 κυπαρίσσων,
1387 1279 1521 1349 μηδέ
1543 1278 1641 1341 τὰς
1665 1281 1847 1348 πηγάς
1867 1281 1976 1334 τῶν

311 1365 538 1425 ὑδάτων,
571 1363 703 1433 μηδέ
749 1364 811 1416 τὸ
858 1364 1088 1428 πολλοὺς
1125 1363 1225 1436 τὴν
1258 1365 1413 1418 πόλιν
1440 1368 1610 1418 οίκεῖν
1634 1366 1975 1437 ἀνθρώπους,

314 1452 448 1522 μηδέ
476 1452 536 1504 τὸ
570 1453 730 1522 μέχρι
766 1452 1068 1523 βαθυτάτης
1099 1452 1337 1524 ἑσπέρας
1382 1454 1476 1506 ἐπὶ
1504 1453 1603 1522 τῆς
1631 1455 1838 1525 ἀγορᾶς
1864 1455 1978 1507 δια-

308 1538 514 1610 τρίϐειν
544 1540 681 1610 μετά
718 1539 902 1603 ἀδείας
929 1539 1150 1609 πολλῆς,
1186 1540 1320 1610 μηδέ
1352 1541 1463 1593 τῶν
1495 1539 1643 1612 [I79]
1676 1541 1851 1595 ὠνίων
1879 1543 1977 1614 τήν

309 1627 572 1697 ἀφθονίαν
593 1643 606 1656 ·
639 1626 873 1696 αίσθητά
903 1626 1118 1681 ᾶπαντα
1143 1625 1338 1688 ταῦτα,
1381 1628 1476 1680 καὶ
1512 1627 1674 1698 μέχρι
1707 1628 1800 1680 τοῦ
1833 1645 1978 1700 παρ-

307 1716 461 1778 όντος
491 1715 716 1785 μένοντα
747 1714 862 1785 βίου
883 1731 896 1744 ο
927 1713 1038 1768 ἀλλ’
1069 1714 1166 1768 ἐάν
1195 1714 1323 1787 ἔχῃς
1353 1716 1527 1768 εἰπεῖν
1551 1715 1773 1787 ἀρετὴν,
1801 1717 1975 1769 ἐπιεί-

310 1819 488 1865 κειαν,
534 1801 922 1874 ἐλεημοσύνην,
967 1803 1313 1873 παννυχίδας,
1371 1804 1556 1874 εὐχάς,
1602 1805 1977 1876 σωφροσύνην,

311 1891 627 1961 φιλοσοφίαν
650 1890 848 1961 ψυχῆς,
879 1891 986 1944 ἀπὸ
1014 1890 1218 1946 τούτων
1248 1892 1448 1964 κόσμει
1470 1893 1568 1964 τὴν
1601 1892 1772 1950 πόλιν.
1796 1893 1981 1947 Ταῦτα

310 1978 554 2041 καὶτοῖς
599 1978 698 2048 τὴν
745 1977 948 2048 ἔρημον
997 1976 1206 2030 οἰκοῦσι
1252 1977 1524 2050 προσόντα
1557 1979 1741 2049 πάσης
1775 1979 1981 2044 πόλεως

310 2065 698 2136 λαμπροτέραν
722 2066 889 2136 αὑτὴν
920 2069 1088 2118 ποιεῖ’
1114 2066 1208 2118 καὶ
1233 2066 1395 2119 πάλιν
1425 2066 1642 2119 πάντων
1669 2067 1980 2120 εὐτελεστέ-

313 2171 435 2225 ραν,
467 2153 533 2208 ἀν
569 2153 644 2226 μὴ
668 2157 814 2226 παρῇ
847 2153 1018 2207 ταῦτα
1046 2157 1155 2217 τοῖς
1183 2153 1400 2224 ἐκείνης
1421 2154 1687 2219 πολίταις.
1712 2155 1882 2209 Τοῦτο
1906 2155 1980 2226 μὴ

307 2242 405 2294 ἐπὶ
435 2242 640 2305 πόλεως
673 2242 853 2312 μόνον,
879 2241 1013 2294 ἀλλά
1042 2245 1134 2295 καὶ
1153 2244 1250 2318 ἐπ’
1270 2242 1573 2315 ἀνθρώπων
1599 2244 1912 2315 ποιήσωμεν
1930 2257 1976 2298 ⁸.

322 2331 450 2384 Ἐάν
481 2331 596 2403 ἴδῃς
624 2330 908 2401 ἄνθρωπον
928 2325 1396 2403 πολυφαρκοῦντα,
1429 2334 1509 2396 είς
1533 2331 1747 2397 εὐεξίαν
1779 2331 1982 2401 πολλὴν

309 2399 667 2488 ἐκὸεσηκότα,
703 2399 1064 2570 ὑψηλὸν
1093 2399 1218 2482 τοὺς
1256 2419 1450 2483 ἄλλους
1483 2419 1876 2491 ὑπερϐαίνοντα
1906 2399 1981 2489 τῷ

312 2509 478 2570 μήκει
525 2507 618 2560 τοῦ
661 2506 883 2570 σώματο
911 2537 935 2570 -,
974 2506 1047 2570 μὴ
1093 2506 1402 2570 θαυμάσῃς,
1435 2506 1542 2570 ἓως
1570 2507 1635 2561 ἀν
1669 2507 1834 2560 αὑτοῦ
1883 2508 1981 2570 τὴν

312 2509 478 2580 μήκει
525 2507 618 2560 τοῦ
661 2506 1047 2578 σώματοςζμὴ
1093 2506 1402 2578 θαυμάσῃς,
1435 2506 1542 2570 ἓως
1570 2507 1635 2561 ἀν
1669 2507 1834 2560 αὑτοῦ
1883 2508 1981 2579 τὴν

306 2595 485 2665 ψυχὴν
535 2593 879 2665 καταμάθῃς.
921 2593 1011 2664 Μὴ
1066 2596 1176 2648 ἀπὸ
1226 2595 1325 2665 τῆς
1377 2594 1577 2661 ἔξωθεν
1632 2595 1936 2667 εὐμορφίας
1965 2638 1979 2660 ο

306 2683 446 2736 ἀλλά
501 2682 595 2735 καὶ
648 2681 756 2735 ἀπὸ
791 2682 887 2735 τοῦ
931 2683 1072 2736 κατά
1107 2682 1207 2754 τὴν
1242 2683 1479 2736 διάνοιαν
1519 2683 1751 2747 κάλλους
1807 2701 1982 2754 μακα-

311 2770 550 2841 ρίζωμεν
603 2769 870 2834 ἅπαντας.
930 2771 1141 2842 Μικρὸς
1202 2767 1269 2842 ἦν
1329 2773 1358 2824 6
1417 2771 1578 2824 Δαυῖδ
1629 2772 1724 2824 καὶ
1778 2771 1983 2842 βραχὺς

306 2857 384 2928 τῷ
416 2856 694 2928 σώματιι),
717 2858 830 2912 ἀλλ’
856 2859 1005 2929 ὅμως
1031 2862 1058 2913 6
1081 2860 1283 2930 βραχὺς
1311 2861 1516 2924 ἐκεῖνος
1538 2861 1632 2913 καὶ
1657 2860 1872 2931 μικρὸς,
1890 2861 1984 2913 καὶ

306 2946 417 3000 τῶν
444 2945 624 3000 ὃπλων
654 2946 1076 3018 γεγυμνωμένος
1109 2948 1383 3012 ἀπάντων,
1408 2949 1772 3018 στρατόπεδον
1795 2949 1984 3002 τοσοῦ-

309 3052 402 3088 τον
422 3034 622 3088 καὶτὸν
646 3035 907 3104 σαρκικὸν
931 3037 1138 3088 ἐκεῖνον
1167 3036 1376 3106 πύργον
1394 3037 1501 3090 ἀπὸ
1527 3038 1657 3107 μιᾶς
1677 3037 1984 3108 κατήνεγκε

313 3123 664 3194 πληγῆς,οὑκ
690 3123 979 3187 ἀκοντίσας
1005 3124 1153 3195 δόρυ,
1176 3125 1295 3178 οὑδέ
1314 3125 1466 3195 βέλος
1482 3125 1665 3196 ἀφεὶς,
1684 3126 1804 3178 οὑδὲ
1835 3124 1987 3196 ξίφος

313 3208 630 3279 γυμνώσας,
666 3209 802 3263 ἀλλά
841 3211 1011 3281 μικρᾷ
1051 3210 1176 3280 βολῇ
1199 3223 1220 3250 ο
1252 3209 1313 3263 τὸ
1346 3213 1453 3264 πᾶν
1475 3212 1986 3283 έργασάμενος.Διά

310 3293 470 3348 τοῦτο
496 3294 588 3348 καί
609 3312 694 3358 τις
715 3299 971 3365 παραινεῖ
989 3296 1162 3364 λέγων
1180 3315 1192 3327 ·
1213 3295 1308 3364 Μὴ
1321 3296 1650 3364 ἐπαινέσῃς·
1672 3296 1988 3364 ἄνθρωπον

309 3385 382 3437 ἐν
421 3383 634 3438 κάλλει
674 3384 882 3445 αὑτοῦ.
918 3384 1075 3453 μηδὲ
1096 3383 1374 3452 ,ϐδελύξῃ
1420 3383 1612 3451 ἄνδρα
1660 3383 1732 3436 ἐν
1779 3381 1984 3452 ὁράσει

303 3472 526 3526 αὐτοῦ·
563 3475 748 3541 μικρὰ
785 3472 856 3525 ἐν
901 3473 1196 3538 πετεινοῖς
1246 3473 1283 3539 ὴ
1325 3470 1618 3538 μέλισσα,
1671 3470 1771 3524 καὶ
1829 3470 1984 3538 ἁρχὴ

304 3559 679 3629 τλυιιασμῶν
723 3564 757 3616 ὀ
784 3561 1013 3631 καρπὸς
1059 3560 1271 3630 αὐτῆς.
1306 3560 1478 3614 Τοῦτο
1506 3563 1601 3614 καὶ
1637 3561 1730 3613 ἐπὶ
1773 3559 1983 3623 πόλεως

369 3649 396 3676 ⁸
419 3648 516 3695 Alii
539 3650 767 3708 ποιῶμεν.

372 3709 399 3747 b
433 3709 530 3757 Alii
551 3710 605 3756 τὸ
625 3712 783 3771 σῶμα.

374 3772 398 3800 ⁸
421 3771 570 3836 Saﬁfil.
595 3778 656 3836 πί
677 3773 869 3836 plurimi
892 3785 1005 3836 mss.
1035 3776 1177 3836 μικρᾷ
1206 3773 1366 3835 βώλῳ,
1399 3772 1480 3820 alii
1506 3777 1650 3836 μικρᾷ
1672 3773 1807 3834 βολῇ.
1834 3771 1990 3820 Paulo

305 3839 420 3894 post
441 3833 524 3880 alii
550 3834 613 3894 μὴ
639 3833 886 3896 ἐπαινέσῃς
906 3835 1072 3897 ἄνδρα.

1262 373 1353 428 AD
1390 372 1718 430 POPCLUM
1756 372 2254 430 ANTIOCHENUM
2311 373 2547 431 HOMIL.
2590 373 2772 429 XVIII.

3635 375 3745 430 180

2071 493 2161 546 καὶ
2208 491 2418 563 ἀνδρῶν
2440 491 2712 562 λέγωμεν,
2748 490 2844 544 καὶ
2873 489 3008 560 πρὸς
3036 489 3300 562 ἀλλήλους
3335 489 3736 561 φιλοσοφῶμεν,

2070 573 2163 626 καὶ
2187 579 2261 650 τῷ
2299 577 2416 650 Θεῷ
2451 580 2610 651 χάριν
2632 579 2844 648 ἔχωμεν
2871 578 3134 648 διηνεκῶς
3171 579 3266 632 καὶ
3295 579 3436 650 ὑπὲρ
3458 579 3566 632 τῶν
3595 597 3737 650 παρ-

2069 665 2237 721 όντων
2284 669 2374 720 καὶ
2415 667 2555 739 ὑπὲρ
2581 666 2688 719 τῶν
2740 666 3142 736 παρελθόντων,
3189 667 3285 720 καὶ
3331 667 3740 738 παρακαλῶμεν

2073 754 2235 808 αὑτὸν
2287 757 2440 826 κοινῇ
2475 754 2614 823 μετά
2645 753 2923 816 ἐκτενείας
2954 753 3158 824 πάσης.
3195 753 3337 807 ὥστε
3385 754 3480 806 καὶ⁸
3524 756 3652 817 τοὺς
3680 755 3740 807 τὸ

2077 843 2446 914 δεσμωτήριον
2495 841 2800 904 οἰκοῦντας,
2857 843 3116 904 καὶτοὺς
3164 843 3245 905 εἰς
3299 843 3398 912 τὴν
3455 842 3742 913 ἀλλοτρίαν

2079 929 2487 1000 μετοικίζεσθαι
2538 929 2852 1000 μέλλοντας,
2889 931 3015 992 τοὺς
3049 929 3146 1000 μὲν
3178 929 3468 1000 ἀφεθῆναι,
3518 929 3645 994 τοὺς
3683 930 3740 982 δέ

2074 1016 2410 1070 ἐπανελθεῖν.
2439 1017 2592 1088 Μέλη
2628 1016 2784 1087 ήμῶν
2822 1019 2928 1070 εἰσι
2963 1018 3224 1078 κάκεῖνοι,
3254 1016 3547 1088 μεθ’ήμῶν
3578 1017 3740 1070 ἐκλυ-

2075 1104 2434 1174 δωνίσθησαν,
2468 1105 2587 1175 μεθ’
2622 1104 2780 1175 ήμῶν
2819 1104 2909 1156 τὸν
2961 1104 3202 1175 χειμῶνα
3251 1103 3600 1174 ὑπέστησανο
3635 1122 3743 1157 πα-

2081 1193 2408 1264 ρακαλῶμεν
2439 1191 2618 1245 τοίνυν
2651 1192 2743 1244 τὸν
2799 1191 3181 1262 φιλάνθρωπον
3229 1191 3363 1244 Θεὸν
3414 1190 3532 1262 μεθ’
3581 1191 3743 1262 ήμῶν

2079 1279 2276 1343 αὐτοὺς
2310 1278 2617 1333 ἀπολαῦσαι
2661 1280 2756 1350 τῆς
2789 1279 3050 1350 γαλήνης.
3088 1278 3180 1351 Μὴ
3211 1279 3416 1348 λεγέτω
3452 1295 3564 1343 τις·
3594 1279 3659 1332 Τί
3683 1280 3744 1332 δέ

2082 1383 2172 1435 μοι
2211 1367 2365 1436 μέλει
2391 1366 2605 1430 λοιπόν;
2633 1366 2957 1436 ἀπηλλάγην
2989 1365 3082 1419 τοῦ
3123 1365 3394 1426 κινδύνου,
3425 1365 3746 1420 ἀπολλύσθω

2079 1455 2106 1506 6
2145 1453 2316 1514 δεῖνα,
2368 1451 2769 1523 διαφθειρέσθω
2823 1453 3028 1520 ἔτερος.
3081 1452 3174 1522 Μὴ
3214 1452 3604 1524 παροξύνωμεν
3655 1453 3747 1505 τὸν

2079 1539 2213 1593 Θεὸν
2247 1539 2334 1593 διά
2361 1539 2462 1609 τῆς
2479 1539 2783 1610 ὑπεροψίας
2815 1538 3044 1608 ταύτης,
3075 1538 3192 1592 ἀλλ’
3223 1539 3299 1602 ὡς
3337 1540 3493 1592 αὐτοὶ
3520 1539 3672 1601 ὄντες
3691 1541 3748 1591 ἐν

2079 1630 2191 1689 τοῖς
2231 1626 2446 1690 δεινοῖς,
2501 1624 2674 1688 οὑτως
2712 1625 3048 1694 όδυνώμεθα,
3103 1624 3246 1678 οῦτω
3295 1626 3386 1679 τὸν
3437 1624 3569 1678 Θεὸν
3611 1625 3750 1694 μετά

2084 1713 2361 1775 ἐκτενείας
2392 1712 2827 1783 παρακαλῶμεν,
2863 1714 3040 1765 ἐκεῖνο
3082 1713 3142 1765 τὸ
3168 1711 3385 1766 Παύλου
3416 1711 3751 1782 πληροῦντες

2083 1801 2274 1872 ῥητόν·
2314 1800 2435 1868 Τοῖς
2473 1799 2744 1869 δεσμίοις
2781 1801 2860 1866 ὡς
2891 1799 3340 1870 συνδεδεμένοι,
3366 1801 3490 1866 τοῖς
3532 1816 3754 1854 κακου-

2081 1891 2394 1958 χουμένοις
2415 1887 2495 1954 ὡς
2515 1889 2612 1941 καὶ
2633 1888 2803 1941 αὐτοὶ
2825 1887 2996 1954 ὄντες
3018 1889 3086 1941 ἐν
3105 1887 3356 1956 σώματι,
3387 1888 3488 1942 καὶ
3509 1888 3753 1943 κλαίον-

2081 1994 2177 2041 τες
2201 1976 2350 2045 μετὰ
2376 1978 2734 2039 κλαίοντων,
2759 1975 2883 2042 τοῖς
2915 1976 3220 2043 ταπεινοῖς
3239 1978 3750 2047 συναπαγόμενοι.

2082 2063 2253 2118 Τοῦτο
2289 2065 2385 2119 καὶ
2428 2067 2576 2136 ἡμᾶς
2609 2065 2807 2128 αὐτοὺς
2854 2063 3127 2134 ὠφελήσει
3174 2065 3244 2118 τὰ
3305 2066 3565 2136 μέγιστα·
3601 2066 3754 2120 οὐδὲν

2080 2152 2188 2222 γὰρ
2243 2151 2384 2205 οὕτω
2430 2151 2522 2204 τὸν
2569 2151 2701 2204 Θεὸν
2751 2151 3065 2220 εὐφραίνειν
3115 2151 3330 2213 εἴωθεν,
3385 2151 3460 2215 ὡς
3513 2153 3574 2205 τὸ
3615 2152 3755 2224 μετὰ

2083 2235 2284 2305 πολλῆς
2316 2233 2628 2306 προθυμίας
2661 2234 2851 2302 ἀλγεῖν
2898 2234 3038 2304 ὑπὲρ
3067 2233 3176 2287 τῶν
3209 2234 3386 2305 μελῶν
3418 2235 3526 2287 τῶν
3548 2239 3580 2306 ή
3592 2236 3753 2306 μετέ-

2085 2339 2214 2393 ρων.
2235 2320 2650 2392 Παρακαλῶμεν
2667 2321 2844 2374 τοίνυν
2863 2320 3026 2374 αὑτὸν
3046 2323 3195 2392 κοινῇ
3218 2323 3311 2375 καὶ
3326 2322 3466 2392 ὑπὲρ
3484 2323 3593 2374 τῶν
3613 2340 3754 2393 παρ-

2081 2413 2247 2465 όντων
2287 2412 2380 2464 καὶ
2421 2411 2560 2482 ὑπὲρ
2598 2411 2707 2464 τῶν
2755 2411 3083 2482 μελλόντων,
3131 2410 3272 2482 ᾤστε
3303 2413 3567 2483 κάκείνης
3608 2413 3756 2482 ἡμᾶς

2083 2497 2392 2570 ἐξαρπάσαι
2418 2498 2516 2567 τῆς
2546 2496 2840 2561 κολάσεως.
2860 2498 2940 2550 Τά
2972 2497 3070 2568 μὲν
3106 2497 3214 2568 γάρ
3236 2498 3478 2568 παρόντα
3495 2495 3581 2550 οἶα
3611 2499 3677 2552 ἂν
3695 2497 3753 2571 ᾖ,

2084 2587 2298 2657 φορητά
2325 2584 2383 2639 τέ
2414 2587 2528 2638 ἐστι
2563 2585 2656 2638 καὶ
2688 2586 2842 2648 τέλος
2863 2585 2974 2655 ἔχει
2995 2601 3006 2615 ·
3045 2585 3114 2638 τά
3132 2586 3185 2638 δέ
3211 2587 3327 2638 ἐκεῖ
3358 2586 3757 2658 βασανιστήρια

2084 2675 2330 2728 ἀθάνατά
2353 2691 2412 2726 τε
2441 2673 2533 2727 καὶ
2560 2674 2799 2743 ἄφυκτα.
2834 2673 2992 2727 Μετά
3031 2673 3086 2726 δὲ
3115 2673 3216 2744 τῆς
3243 2675 3641 2746 παρακλήσεως
3666 2677 3760 2729 καὶ

2085 2761 2238 2814 αὑτοὶ
2265 2760 2677 2830 σπουδάζωμεν,
2699 2759 2897 2831 μηκέτι
2917 2759 3183 2822 τοιούτοις
3207 2761 3558 2830 περιπίπτειν
3582 2761 3758 2832 ἀμαρο

2085 2849 2342 2920 τήμασιν,
2367 2847 2565 2910 εἰδότες
2596 2849 2677 2900 ὅτι
2711 2847 2896 2900 λοιπὸν
2927 2847 3048 2900 οὑδέ
3075 2846 3408 2916 συγγνώμης
3450 2847 3758 2900 ἀπολαῦσαι

2084 2934 2449 3006 δυνησόμεθα.
2517 2935 2684 3004 Κοινῇ
2749 2934 2932 2986 τοίνυν
3000 2933 3078 3004 τῷ
3143 2932 3263 3004 Θεῷ
3323 2933 3759 3004 προσπίπτωμεν

2087 3025 2347 3086 ἅπαντες,
2382 3023 2477 3075 καὶ
2507 3021 2741 3074 ἐνταῦθα
2763 3021 2936 3087 ὄντες,
2966 3022 3060 3074 καὶ⁸
3086 3020 3226 3073 κατά
3250 3022 3377 3082 τοὺς
3409 3023 3590 3083 οἴκους
3611 3022 3758 3089 γινό-

2089 3129 2259 3184 μενοι,
2314 3109 2600 3181 λέγωμεν·
2656 3107 2876 3171 Δίκαιος
2929 3105 3000 3172 εἶ,
3057 3108 3255 3180 Κύριε,
3312 3108 3406 3161 ἐπὶ
3458 3110 3626 3162 πᾶσιν
3677 3103 3761 3171 οἷς

2086 3199 2348 3271 ἐποίησας
2387 3199 2542 3268 ἡμῖν,
2579 3197 2662 3249 ὅτι
2703 3198 2760 3248 ἐν
2804 3195 3029 3266 ἀληθινῇ
3076 3196 3256 3266 κρίσει
3303 3197 3606 3267 ἐπήγαγες,
3657 3197 3760 3250 ὅσα

2086 3289 2386 3357 ἐπήγαγες.
2429 3286 2493 3339 Εἰ
2521 3285 2578 3337 αί
2601 3283 2870 3354 ἁμαρτίαι
2901 3283 3058 3353 ήμῶν
3077 3281 3226 3355 [180]
3250 3285 3587 3354 ἀντέστησαν
3607 3287 3758 3356 ήμῖν,

2087 3375 2314 3446 ποίησον
2343 3375 2476 3445 ἡμῖν
2512 3373 2700 3426 ἕνεκεν
2726 3371 2820 3424 τοῦ
2847 3371 3110 3440 ὀνόματός
3150 3387 3266 3435 σου,
3302 3371 3398 3424 καὶ
3434 3374 3508 3444 μὴ
3546 3390 3760 3443 συγχω-

2088 3468 2261 3539 ρήσῃς
2311 3465 2510 3536 μηκέτι
2554 3463 2812 3516 τοιούτων
2869 3461 3059 3515 δεινῶν
3107 3466 3303 3533 πεῖραν
3355 3463 3560 3531 λαϐεῖν,
3595 3464 3761 3534 Μηδὲ

2089 3554 2448 3623 εἰσενέγκῃς
2486 3553 2647 3624 ἡμᾶς
2686 3555 2773 3619 είς
2813 3552 3168 3622 πειρασμὸν,
3200 3553 3358 3607 ἀλλὰ
3377 3555 3564 3622 ῥῦσαι
3603 3555 3761 3625 ἡμᾶς

2085 3643 2204 3698 ἀπὸ
2257 3642 2364 3696 τοῦ
2413 3641 2721 3710 πονηροῦ,
2767 3643 2848 3695 ὅτι
2883 3641 2977 3695 σοῦ
3035 3642 3185 3694 ἐστιν
3230 3643 3263 3712 ή
3315 3642 3560 3712 βασιλεία
3599 3645 3694 3697 καὶ
3725 3647 3760 3716 ή

2083 3733 2350 3803 δύναμις,
2405 3733 2498 3786 καὶ
2544 3735 2576 3803 ή
2622 3731 2750 3796 δόξα
2791 3731 2872 3794 είς
2919 3730 3046 3795 τοὺς
3105 3730 3307 3795 αἰῶνας
3362 3731 3470 3786 τῶν
3523 3733 3758 3790 αἰώνων.

2099 3822 2292 3893 Ἀμήν.

313 4083 419 4148 Εἰς
456 4079 569 4148 τὴν
600 4077 1036 4148 προειρημένην
1072 4080 1366 4134 ὑπόθεσιν
1394 4078 1507 4147 τῆς
1537 4077 1831 4141 στάσεως,
1871 4074 2003 4142 περὶ
2038 4074 2346 4141 νηστείας,
2381 4073 2479 4129 καὶ
2512 4075 2600 4139 εἰς
2634 4073 2701 4126 τὸ
2729 4071 2921 4141 ῥητὸν
2947 4070 3055 4126 τοῦ
3097 4071 3492 4139 Ἀποστόλου,
3527 4072 3762 4146 Χαίρετε

1765 4170 1822 4221 ἐν
1859 4167 2048 4240 Κυρίῳ
2073 4167 2302 4221 πάντοτε
2319 4179 2369 4220 ει.

962 4423 1197 4492 Ὀμιλία
1223 4428 1316 4488 ιη’.

378 4519 448 4565 α’.
467 4510 702 4574 Πολλοὺς
723 4508 866 4563 εἶδον
894 4509 1204 4580 χαίροντας,
1226 4509 1319 4562 καὶ
1343 4508 1478 4579 πρὸς
1509 4506 1768 4576 ἀλλήλους
1793 4505 1979 4573 λέγον-

301 4617 424 4662 ταςι
444 4599 825 4666 Ἐνικήσαμεν,
844 4598 1252 4667 ἐκρατήσαμεν,
1271 4593 1583 4664 ἐδαπανήθη
1604 4593 1703 4662 τῆς
1727 4591 1978 4664 νηστείας

303 4688 371 4740 τὸ
393 4688 587 4756 ἥμισυ.
619 4686 757 4748 Τοὺς
807 4683 866 4738 δέ
915 4685 1187 4746 τοιούτους
1218 4681 1543 4754 παρακαλῶ,
1583 4681 1658 4752 μὴ
1699 4682 1788 4734 διὰ
1815 4679 1977 4733 τοῦτο

302 4776 554 4847 χαίρειν,
601 4774 683 4826 ὅτι
721 4772 1036 4844 ἐδαπανήθη
1088 4773 1186 4842 τῆς
1230 4771 1485 4839 νηστείας
1533 4769 1595 4822 τὸ
1634 4771 1828 4839 ἥμισυ,
1860 4767 1974 4820 ἀλλ’

301 4867 482 4917 ἐκεῖνο
530 4865 773 4925 σκοπεῖν,
814 4863 862 4915 εἰ
912 4861 1019 4914 τῶν
1073 4859 1490 4931 ἁμαρτημάτων
1544 4857 1858 4927 ἐδαπανήθη
1911 4856 1974 4908 τὸ

299 4954 502 5022 ἥμισυ,
530 4952 626 5004 καὶ
667 4951 790 5004 τότε
828 4950 1187 5018 ἀγάλλεσθαι·
1219 4949 1378 5001 τοῦτο
1429 4946 1539 5018 γὰρ
1577 4946 1769 5017 ήδονῇς
1803 4943 1976 5008 ἀξιον,

297 5040 464 5093 τοῦτό
509 5041 624 5092 ἐστι
659 5039 720 5092 τὸ
748 5037 1082 5109 ζητούμενον
1127 5037 1221 5090 καὶ
1259 5036 1326 5090 δι’
1358 5036 1386 5089 ὂ
1413 5036 1591 5089 πάντα
1621 5034 1855 5103 γίνεται,
1887 5034 1974 5088 ἵνα

296 5128 374 5182 τὰ
401 5126 757 5197 ἐλαττώματα
806 5125 964 5197 ἡμῶν
1015 5123 1421 5195 διορθώσωμεν,
1477 5123 1566 5176 ἵνα
1621 5121 1695 5193 μὴ
1742 5119 1975 5174 τοιοῦτοι

296 5213 614 5284 ἐξέλθωμεν
643 5213 750 5266 ἀπὸ
781 5213 1059 5284 νηστείας,
1084 5207 1185 5264 οἷοι
1217 5211 1540 5282 εἰσήλθομεν
1570 5211 1650 5273 είς
1697 5207 1974 5278 νηστείαν,

295 5301 418 5356 ἀλλ’
438 5300 835 5370 ἀπονιψάμενοι
857 5301 952 5354 καὶ
971 5300 1150 5352 πάντα
1175 5297 1504 5368 ἀποθέμενοι
1528 5297 1597 5349 τὰ
1615 5295 1715 5365 τῆς
1734 5312 1869 5362 πονη
1879 5296 1978 5364 ρᾶς

298 5389 616 5460 συνηθείας,
642 5388 786 5442 οὓτω
809 5389 909 5459 τὴν
937 5387 1088 5458 ίεράν
1123 5387 1422 5456 ἀγάγωμεν
1447 5385 1642 5454 ἑορτήν
1660 5399 1674 5414 ⁸
1703 5379 1778 5444 ὡς
1810 5381 1876 5434 ἂν
1903 5382 1974 5452 μὴ

298 5477 463 5530 τοῦτο
491 5472 548 5548 ᾗ,
577 5476 641 5531 οὐ
689 5476 847 5547 μόνον
880 5475 1033 5528 οὐδὲν
1071 5477 1204 5544 ἡμῖν
1249 5474 1406 5526 ἐσται
1459 5470 1672 5541 κέρδος,
1710 5469 1846 5522 ἀλλά
1883 5469 1971 5521 καὶ

304 5565 503 5636 βλάῦος
536 5565 792 5636 μέγιστον
815 5563 913 5634 τῆς
945 5563 1198 5635 νηστείας
1231 5559 1654 5630 δαπανηθείσης.
1676 5555 1768 5628 Μὴ
1797 5555 1975 5608 τοίνυν

297 5653 602 5724 χαίρωμεν,
623 5651 703 5704 ὅτι
723 5650 1054 5723 διηνύσαμεν
1073 5650 1174 5719 τῆς
1199 5646 1453 5717 νηστείας
1487 5645 1549 5698 τὸ
1583 5647 1757 5715 μῆκος
1797 5642 1974 5713 (τοῦτο

362 5761 384 5787 ⁸
414 5756 567 5805 Ξετὶι.
589 5756 721 5804 hunc
739 5756 886 5804 effert
907 5754 1102 5803 titulum
1132 5767 1143 5794 ε
1180 5751 1376 5813 ⁶Ομιλία
1395 5750 1615 5813 λεχθεῖσα
1635 5750 1698 5804 εἰς
1715 5749 1807 5813 τὴν
1823 5748 1972 5813 μέσην
2055 5806 2057 5808 η

299 5825 392 5865 τῶν
417 5820 670 5875 νηστειῶν,
691 5819 770 5865 καὶ
792 5819 854 5873 είς
877 5818 932 5863 τὸ
951 5809 1266 5864 ἀποστολικὸν
1293 5809 1514 5876 ῥητὸν
1538 5813 1692 5876 λέγον,
1725 5829 1747 5851 ιι
1772 5809 1972 5876 Χαίρετε

296 5881 350 5926 ἐν
364 5885 409 5929 '5"
421 5871 517 5944 ιρξῳ
529 5871 700 5929 παντοτ
709 5895 777 5940 ι,υ
789 5871 868 5935 καὶ
885 5880 986 5938 περὶ
1003 5883 1085 5934 τῆς
1103 5871 1436 5940 προειρημένης
1453 5873 1500 5926 ἄν
1515 5879 1571 5937 τῇ
1593 5873 1725 5922 πόλει
1739 5871 1969 5926 στάσεως.

2083 4417 2190 4490 γὰρ
2229 4417 2380 4471 οὐδὲν
2405 4417 2546 4488 μέγα
2579 4417 2770 4480 ἐστὶν),
2806 4415 2939 4469 ἀλλά
2963 4434 3011 4485 χῖ
3039 4417 3261 4486 ίρωμεν,
3292 4418 3417 4469 ὅταν
3455 4417 3590 4486 μετά
3621 4435 3755 4474 κατ-

2081 4503 2415 4574 ορθωμάτων
2457 4501 2589 4554 αὐτὸ
2630 4500 2992 4571 διανύσωμεν,
3040 4500 3125 4552 ἵνα
3154 4501 3247 4552 καὶ
3268 4500 3606 4574 ἀπελθούσης
3626 4505 3758 4558 ταύ-

2080 4608 2198 4661 της,
2232 4592 2260 4642 ὁ
2285 4589 2488 4660 ταύτης
2513 4588 2797 4662 διαλάμπῃ
2827 4589 3056 4661 καρπός.
3095 4589 3204 4641 Καὶ
3234 4589 3342 4661 γὰρ
3375 4589 3468 4642 τοῦ
3490 4592 3759 4660 χειμῶνος

2078 4674 2141 4727 τὸ
2173 4675 2363 4746 κέρδος
2392 4673 2511 4726 τότε
2543 4674 2777 4744 μάλιστα
2805 4673 3079 4727 δείκνυται
3111 4673 3160 4735 δ,
3208 4672 3338 4725 ὅταν
3373 4676 3579 4739 ἐκεῖνος
3613 4695 3758 4749 παρ-

2081 4760 2244 4830 έλθῃ·
2301 4761 2396 4813 καὶ
2447 4760 2556 4831 γὰρ
2608 4759 2864 4830 κομῶντα
2918 4757 2988 4811 τὰ
3035 4759 3182 4829 λήῖα,
3238 4759 3334 4814 καὶ
3384 4760 3602 4829 φύλλοις
3665 4766 3759 4818 καὶ

2080 4845 2278 4918 καρπῷ
2304 4846 2375 4899 τά
2405 4845 2594 4918 δένδρα
2629 4845 2860 4916 βρύοντα
2893 4844 2982 4898 διὰ
3008 4844 3110 4914 τῆς
3128 4844 3304 4914 ὄψεως
3339 4845 3437 4918 βοᾷ
3457 4847 3554 4919 τὴν
3580 4850 3644 4901 ἐκ
3663 4850 3758 4902 τοῦ

2081 4934 2349 5005 χειμῶνος
2372 4933 2675 5004 γενομένην
2709 4933 2976 5002 ὠφέλειαν
3005 4933 3208 4996 αὐτοῖς.
3261 4934 3433 4990 Τοῦτο
3459 4937 3521 5008 δὴ
3557 4939 3649 4990 καὶ
3670 4940 3756 5007 ἐφ’

2078 5020 2238 5091 ήμῶν
2261 5019 2524 5089 γενέσθω.
2550 5020 2660 5074 Καὶ
2688 5021 2797 5089 γάρ
2834 5018 3005 5072 ὑετῶν
3051 5021 3290 5090 συνεχῶν
3316 5023 3410 5074 καὶ
3440 5023 3757 5094 ἐπαλλήλων

2079 5109 2469 5180 ἀπελαύσαμεν
2497 5111 2556 5162 ἐν
2581 5108 2658 5180 τῷ
2689 5109 2918 5179 χειμῶνι
2950 5108 3093 5163 κατά
3107 5110 3198 5162 τὸν
3226 5111 3323 5180 τῆς
3354 5113 3610 5176 νηστείας
3637 5131 3758 5168 και-

2082 5199 2175 5270 ρὸν
2203 5197 2486 5269 διηνεκοῦς
2525 5198 2886 5268 μετασχόντες
2913 5197 3280 5261 διδασκαλίας,
3327 5200 3421 5252 καὶ
3467 5201 3757 5272 σπέρματα

2079 5287 2381 5357 ἐδεξάμεθα
2431 5285 2802 5352 πνευματικὰ,
2839 5286 2934 5339 καὶ
2969 5287 3065 5349 τάς
3104 5287 3348 5351 ἀκάνθας
3388 5289 3488 5358 τῆς
3542 5293 3756 5361 τρυφῆς

2078 5375 2450 5444 ἀπετέμομεν.
2473 5372 2737 5443 Μένωμεν
2763 5374 2945 5426 τοίνυν
2961 5371 3108 5444 άπερ
3132 5373 3513 5445 ὑπεδεξάμεθα
3535 5378 3758 5448 τηροῦν-

2077 5478 2170 5524 τες
2205 5459 2345 5532 μετά
2365 5460 2672 5531 ἀκριϐείας,
2711 5461 2798 5513 ἵνα
2847 5461 2942 5514 καὶ
2961 5460 3061 5530 τῆς
3086 5461 3338 5531 νηστείας
3362 5463 3703 5536 ἀπελθούσης
3726 5467 3757 5519 ὁ

2077 5543 2180 5614 τῆς
2212 5543 2471 5614 νηστείας
2529 5542 2667 5615 βρύῇ
2716 5544 2949 5616 καρπὸς,
3002 5543 3097 5596 καὶ
3147 5545 3234 5598 διά
3271 5545 3379 5598 τῶν
3417 5547 3640 5616 ἀγαθῶν
3680 5543 3757 5605 ὧν

2080 5630 2530 5700 ἐκαρπωσάμεθα
2579 5630 2687 5682 ἀπὸ
2731 5631 2828 5700 τῆς
2867 5629 3140 5702 νηστείας,
3187 5631 3283 5684 καὶ
3326 5633 3499 5704 αὐτῆς
3535 5654 3756 5709 μνημοσ-

2079 5713 2322 5781 νεύωμεν
2355 5713 2455 5781 τῆς
2485 5714 2754 5782 νηστείας.
2789 5716 2911 5767 Ἐὰν
2939 5712 3110 5775 οὓτως
3141 5717 3367 5781 ἑαυτοὺς
3398 5723 3753 5782 παρασκευά-

2127 5810 2168 5884 Ib
2191 5810 2338 5878 Sai'il.
2367 5816 2422 5880 ft
2445 5811 2630 5882 aliqilol
2669 5825 2784 5884 lingis:
2827 5814 2902 5860 καὶ
2943 5815 3034 5882 ,γὰρ
3069 5812 3424 5884 τοῦηχειμιῖζνος
3457 5812 3758 5870 ἀπελθόντος,

2080 5876 2204 5931 μένει
2232 5876 2285 5920 το
2311 5876 2392 5921 τοῦ
2415 5876 2646 5936 χειμῶνος
2678 5876 2855 5937 κέρδος,
2878 5877 2954 5923 καὶ
2979 5881 3084 5924 τοτε
3111 5877 3314 5937 μάλιστα
3335 5876 3584 5928 δείκνυται.
