4112 6388
393 308 487 366 181

399 449 603 504 σωμεν,
633 433 967 503 προσιοῦσαν
1011 434 1180 504 αὑτὴν
1216 433 1335 504 μεθ’
1364 435 1556 505 ήδονῆς
1588 435 1852 506 δεξόμεθα
1881 435 2063 489 πάλιν.

398 522 506 573 Kal
532 519 640 591 7&9
669 519 842 582 οὕτως
867 518 980 590 όρῶ
1028 520 1257 582 πολλοὺς
1308 521 1662 592 μικροψύχως
1701 523 1922 594 ἔχοντας
1943 562 1959 586 ,
1992 521 2068 585 ὡς

395 611 454 660 ἐν
491 607 567 678 τῷ
600 609 825 679 παρόντι
853 607 980 680 περὶ
1007 607 1105 677 τῆς
1143 608 1446 679 μελλούσης
1496 613 1768 682 μεριμνᾷν
1791 627 2066 682 τεσσαρα-

397 696 616 765 κοστῆς,
649 697 743 749 καὶ
777 695 986 748 πολλῶν
1005 695 1214 766 ήκουσα
1243 695 1530 764 λεγόντων,
1565 699 1646 750 ὅτι
1678 698 1818 768 μετά
1841 697 1940 768 τὴν
1969 698 2068 766 τῆς

395 785 650 854 νηστείας
678 782 996 854 ἀπαλλαγὴν
1025 783 1126 836 οὑκ
1152 783 1497 838 αἰσθάνονται
1527 785 1624 855 τῆς
1653 786 1846 857 ἡδονῆς
1879 786 1979 855 τῆς
2003 786 2068 838 ἐκ

395 872 496 940 τῆς
533 873 768 934 ἀνέσεως
794 871 884 924 διά
921 871 1018 942 τὴν
1061 871 1318 942 φροντίδα
1342 873 1436 924 τοῦ
1473 872 1758 943 μέλλοντος
1787 873 2067 930 ἐνιαυτοῦ.

395 958 461 1011 Τί
503 957 568 1010 ἀν
599 958 809 1026 γένοιτο
843 957 1031 1011 τούτου
1065 959 1558 1032 μικροψυχότερον,
1606 961 1728 1013 εἰπέ
1757 978 1879 1031 μοι;
1916 962 1981 1014 Τί
2009 962 2066 1014 δὲ

395 1047 458 1098 τὸ
491 1047 661 1100 αἴτιον
692 1045 884 1099 τούτου
919 1048 1102 1114 ἐστίν;
1139 1050 1259 1102 ’Ότι
1285 1050 1538 1120 νηστείας
1564 1051 2016 1122 παραγενομένης
2039 1063 2066 1090 ι

393 1134 492 1203 οὑχ
535 1136 684 1197 ὅπως
720 1134 789 1188 τά
833 1135 976 1188 κατά
1018 1135 1197 1207 ψυχὴν
1241 1133 1300 1192 εῦ
1353 1137 1621 1208 διατεθείη
1666 1138 2066 1208 σπουδάζομεν,

400 1221 518 1273 ἀλλ’
546 1221 604 1273 ἐν
629 1223 694 1292 τῇ
719 1221 829 1274 τῶν
858 1223 1042 1276 σιτίων
1069 1224 1245 1295 ἀποχῇ
1282 1225 1442 1294 μόνον
1472 1225 1641 1295 αὑτὴν
1671 1224 1991 1296 όριζόμεθα.

475 1309 564 1371 Ὠς
601 1310 650 1361 εί
705 1310 846 1379 μέγα
891 1327 946 1362 τι
997 1312 1075 1374 εἰς
1120 1315 1217 1380 τὴν
1261 1312 1370 1364 τῶν
1412 1314 1628 1384 τρόπων
1656 1312 1940 1384 διόρθωσιν
1971 1313 2066 1366 ἀπ’

393 1398 563 1467 αὑτῆς
624 1398 1094 1468 ἐκαρπωσάμεθα,
1151 1399 1255 1452 κᾶν
1313 1401 1601 1472 ηὐξάμεθα
1653 1402 1775 1454 καθ’
1828 1403 2067 1472 ἐκάστην

392 1487 605 1558 ἡμέραν
631 1487 1029 1555 παραγίνεσθαι
1047 1487 1145 1560 τὴν
1178 1488 1327 1560 [181]
1357 1491 1628 1561 νηστείαν,
1655 1492 1720 1544 δι’
1751 1492 1930 1544 αὑτῶν
1957 1493 2068 1546 τῶν

391 1574 568 1645 ἔργων
599 1573 853 1644 αἴσθησιν
885 1573 1254 1646 λαμϐάνοντες
1275 1579 1383 1631 τῶν
1405 1578 1850 1648 κατορθωμάτων
1874 1580 2061 1648 αὑτῆς,

393 1663 488 1715 καὶ
524 1663 624 1716 οὑκ
652 1663 717 1716 ἄν
745 1681 876 1717 ποτε
898 1664 998 1736 τὴν
1045 1665 1344 1737 ἐπιθυμίαν
1367 1667 1540 1735 αὑτῆς
1573 1667 1926 1738 ἐξεϐάλομεν,
1965 1668 2066 1722 οὑκ

393 1750 460 1803 ἂν
520 1751 981 1822 προσδοκωμένης
1039 1753 1211 1823 αὑτῆς
1284 1755 1586 1826 ἐγενόμεθα
1648 1757 1913 1826 κατηφεῖς
1967 1757 2065 1809 καὶ

391 1838 700 1908 ἐναγώνιοι.
733 1840 838 1893 Τὸν
877 1839 986 1913 7&9
1025 1841 1166 1895 κατά
1211 1842 1450 1897 διάνοιαν
1484 1839 1542 1896 εὖ
1572 1844 1920 1914 διακείμενον
1968 1846 2063 1898 καὶ

391 1927 490 1996 τῆς
528 1927 709 1997 ψυχῆς
749 1927 1176 2000 ἐπιμελούμενον
1207 1931 1307 1999 τῆς
1353 1931 1569 1993 ἑαυτοῦ,
1598 1932 1750 1984 οὐδὲν
1779 1933 1918 1996 ὅλως
1955 1933 2063 1986 τῶν

389 2013 558 2066 ὅντων
602 2014 785 2084 θλῖψαι
836 2015 1162 2087 δυνήσεται,
1219 2019 1335 2070 ἀλλ’
1385 2018 1752 2073 ἀπολαύσεται
1813 2021 2063 2092 καθαρᾶς

390 2102 585 2172 ἡδονῆς
613 2104 708 2156 καὶ
733 2103 1014 2173 διηνεκοῦς
1031 2122 1042 2134 °
1069 2103 1162 2157 καὶ
1187 2107 1270 2158 ὅτι
1296 2105 1454 2158 τοῦτό
1481 2108 1628 2160 ἐστιν
1648 2107 1866 2177 ἀληθὲς,
1899 2110 2064 2178 ἠκού-

391 2206 521 2242 σατε
552 2188 644 2242 τοῦ
671 2191 884 2244 Παύλου
919 2195 1160 2262 σήμερον
1188 2193 1580 2262 παραινοῦντος
1604 2198 1735 2265 ἡμῖν
1763 2197 1857 2249 καὶ
1883 2196 2065 2265 λέγον-

391 2295 481 2340 τος
499 2294 513 2308 ⁸
553 2279 796 2347 Χαίρετε
829 2279 900 2332 ἐν
924 2281 1121 2348 Κυρίῳ
1142 2281 1422 2343 πάντοτε,
1445 2281 1632 2335 πάλιν
1651 2282 1786 2350 ἐρῶ,
1804 2285 2060 2352 χαίρετε.

389 2365 501 2419 Kal
529 2363 645 2418 οἶδα
689 2366 808 2436 μὲν,
843 2368 927 2420 ὅτι
957 2367 1172 2431 πολλοῖς
1199 2368 1460 2422 ἀδύνατον
1493 2366 1632 2424 εἶναι
1661 2371 1809 2424 δοκεῖ
1834 2371 1893 2425 τὸ
1919 2372 2064 2441 λεγό-

394 2471 556 2526 μενον
576 2471 590 2484 ·
618 2455 736 2519 πῶς
763 2457 873 2526 γάρ
901 2451 1011 2510 οἷόν
1043 2473 1126 2519 τε,
1167 2458 1351 2527 φησὶν,
1377 2457 1662 2530 ἄνθρωπον
1692 2459 1819 2512 ὄντα
1849 2461 2062 2530 χαίρειν

389 2541 652 2611 διηνεκῶς
673 2543 765 2607 ;τὸ
785 2543 885 2613 μὲν
912 2543 1020 2614 γὰρ
1042 2543 1247 2616 χαίρειν
1275 2545 1333 2597 οὑ
1351 2545 1628 2609 δύσκολον,
1643 2547 1702 2599 τὸ
1722 2547 1777 2600 δέ
1800 2548 2062 2620 διηνεκῶς

389 2629 624 2700 χαίρειν,
654 2629 812 2684 τοῦτο
840 2632 934 2684 καὶ
963 2631 1222 2684 ἀδύνατον
1244 2627 1383 2686 εἷναί
1415 2651 1502 2703 μοι
1548 2633 1715 2698 δοκεῖ,
1747 2635 1878 2698 ῖσως
1918 2636 2060 2690 εἴποι

390 2719 456 2776 ἄν
494 2734 611 2780 τιςο
643 2717 836 2772 πολλαὶ
866 2719 976 2790 γάρ
1001 2719 1239 2790 ἀθυμίας
1266 2722 1412 2790 ἡμᾶς
1459 2721 1694 2790 ἀνάγκαι
1727 2724 2060 2793 περιστοιχί-

391 2805 594 2868 ζονται.
625 2806 695 2859 ’Ἡ
727 2807 835 2876 7&9
870 2807 1034 2860 παῖδά
1055 2825 1138 2870 τις
1169 2807 1464 2870 ἀπέϐαλεν,
1492 2808 1524 2879 ἢ
1555 2812 1810 2876 γυναῖκα,
1841 2810 1873 2880 ἦ
1908 2811 2062 2880 φίλον

389 2895 634 2965 γνήσιον,
687 2895 891 2959 παντὸς
943 2895 1238 2964 συγγενοῦς
1285 2895 1736 2966 ἀναγκαιότερον,
1777 2897 1810 2968 ἢ
1857 2899 2060 2968 ζημίαν

392 2983 600 3052 ὑπέστη
639 2981 961 3054 χρημάτων,
1014 2983 1048 3053 ἦ
1096 2983 1236 3053 νόσῳ
1265 2983 1614 3054 περιέπεσεν,
1655 2984 1687 3055 ἥ
1737 2986 2060 3056 περίστασιν

391 3072 728 3141 πραγμάτων
763 3071 1052 3140 ὑπέμεινεν
1082 3071 1273 3143 ἑτέραν
1299 3113 1313 3138 ,
1352 3073 1386 3143 ἢ
1433 3073 1560 3142 παρ’
1595 3071 1752 3138 ἀξίαν
1787 3071 2062 3145 ὑϐρισθεὶς

388 3159 694 3229 ῆλγησεν,ἢ
720 3157 898 3229 λιμὸς,
928 3160 961 3229 ἢ
999 3158 1263 3231 λοιμὸς,ἢ
1299 3159 1584 3231 εἴσπραξις
1605 3159 1897 3231 ἀφόρητος,
1925 3161 1958 3231 ἢ
1993 3162 2061 3214 τά

389 3247 528 3302 κατά
567 3248 664 3319 τὴν
687 3249 864 3301 οἰκίαν
901 3249 1204 3318 πράγματα
1219 3263 1233 3276 ⁸
1259 3249 1458 3319 μᾶλλον
1480 3249 1536 3302 δέ
1558 3251 1658 3302 οὑκ
1674 3249 1740 3302 ἀν
1765 3250 2060 3320 φθάνοιμεν

387 3334 604 3389 ἅπαντα
624 3332 1036 3400 καταλέγοντες,
1065 3335 1166 3386 ὅσα
1194 3335 1289 3386 καὶ
1337 3333 1444 3404 ἰδίᾳ
1477 3334 1573 3387 καὶ
1600 3335 1662 3404 δη
1675 3334 1836 3404 μοσία
1871 3333 2060 3387 λυπεῖν

390 3422 536 3490 ἡμᾶς
570 3421 781 3476 εἴωθεν.
813 3421 936 3483 Πῶς
963 3418 1055 3474 οὖν
1093 3421 1341 3486 δυνατὸν,
1379 3423 1534 3492 φησὶ,
1565 3422 1796 3474 πάντοτε
1817 3421 2056 3493 χαίρειν;

388 3509 621 3563 Δυνατὸν
655 3509 753 3580 μὲν
777 3506 894 3573 οὑν,
927 3505 1210 3579 ἄνθρωπε·
1253 3510 1348 3562 καὶ⁸
1375 3511 1424 3562 εἰ
1455 3510 1530 3580 μὴ
1555 3509 1777 3562 δυνατὸν
1817 3505 1910 3579 ἦν,
1960 3511 2059 3562 οὑκ

386 3597 455 3652 ἂν
482 3599 513 3650 ό
541 3597 750 3660 Παῦλος
778 3595 1110 3667 παρῄνεσεν,
1143 3596 1254 3649 οὐδ’
1292 3595 1358 3649 ἂν
1393 3597 1813 3650 συνεϐούλευσεν
1845 3597 2056 3668 ἄνθρω-

387 3694 490 3742 πος
547 3679 922 3749 πνευματικῆς
979 3678 1268 3732 ἀπολαύων
1313 3680 1524 3748 σοφίας.
1592 3681 1704 3733 Καὶ
1755 3681 1845 3734 διά
1899 3681 2058 3734 τοῦτο

390 3768 626 3838 σύνεχῶς
676 3770 802 3838 ὑμῖν
837 3768 1043 3836 ἔλεγον,
1087 3769 1184 3820 καὶ
1222 3767 1396 3836 λέγων
1437 3770 1499 3821 οὑ
1546 3769 1845 3840 παύσομαι,
1895 3772 1978 3823 ὅτι
2018 3769 2056 3823 ἃ.

391 3854 641 3926 μηδαμοῦ
678 3855 811 3926 μηδέ
838 3856 968 3925 παρ’
998 3855 1172 3926 ἑτέρῳ
1191 3855 1217 3895 δ
1245 3857 1354 3908 τινί
1384 3856 1501 3907 ἐστι
1535 3855 1746 3925 μαθεῖν,
1777 3857 1952 3910 ταῦτα
1978 3859 2059 3909 ἐν·

387 3942 560 3997 ταῦοα
583 3943 710 4013 ὑμῖν
740 3942 914 4006 ἔξεστι
940 3942 1271 4012 φιλοσοφεῖν.
1319 3943 1543 4012 Ἡδονῆς
1578 3945 1676 4014 μὲν
1699 3944 1808 4014 7&9
1842 3947 1938 3998 καὶ
1958 3942 2054 3997 τοῦ

387 4032 597 4104 χαίρειν
652 4029 1008 4099 ἐπιθυμοῦσιν
1059 4029 1333 4096 ἅπαντες,
1384 4031 1480 4083 καὶ
1527 4032 1616 4085 διά
1664 4033 1822 4086 τοῦτο
1874 4035 2056 4087 πάντα

387 4119 601 4173 ποιοῦσι
630 4118 724 4171 καὶ
758 4117 975 4185 λέγουσι
1001 4117 1095 4171 καὶ⁴
1122 4118 1619 4188 πραγματεύονται.
1652 4121 1761 4173 Kal
1803 4121 1912 4193 γὰρ
1957 4121 2056 4192 έμ-

388 4225 552 4278 πορος
577 4207 666 4259 διά
696 4204 854 4258 τοῦτο
876 4204 1018 4267 πλεῖ,
1050 4205 1136 4257 ἴνα
1158 4208 1419 4275 χρήματα
1454 4207 1736 4279 συναγάγῃ
1753 4223 1766 4235 ·
1793 4210 2053 4279 χρήματα

384 4296 442 4348 δὲ
476 4295 720 4362 συνάγει,
764 4294 852 4347 ἵνα
880 4293 1014 4363 ἔχων
1063 4294 1401 4364 ἀποκείμενα
1445 4296 1644 4366 χαίρῃ·
1682 4298 1778 4349 καὶ
1810 4301 1838 4350 ὁ
1890 4316 2054 4370 στρα-

383 4383 673 4454 τευόμενος
717 4381 808 4434 διὰ
855 4381 1017 4434 τοῦτο
1057 4382 1434 4452 στρατεύεται,
1490 4385 1586 4436 καὶ
1610 4386 1638 4436 ὁ
1676 4385 1921 4455 γεωργὸς
1962 4385 2052 4439 διὰ

382 4471 542 4524 τοῦτο
571 4472 838 4541 γεωργεῖ,
878 4470 973 4522 καὶ
1004 4471 1201 4540 τέχνην
1233 4471 1462 4534 ἕκαστος
1492 4471 1580 4524 διὰ
1627 4473 1787 4525 τοῦτο
1820 4473 2049 4544 μέτεισι,

383 4558 477 4615 καὶ
515 4559 687 4629 ἀρχῆς
708 4559 755 4611 οἱ
800 4557 1034 4628 ἐρῶντες
1075 4557 1163 4611 διά
1191 4558 1349 4611 τοῦτο
1373 4559 1590 4631 ἐρῶσιν,
1622 4560 1709 4613 ἵνα
1729 4561 1887 4632 δόξης
1919 4563 2054 4615 ἀπο⁴

382 4646 644 4710 λαύσωσι,
671 4645 827 4716 δόξης
877 4646 933 4698 δὲ
953 4645 1250 4699 ἀπολαύειν
1282 4645 1599 4715 βούλονται,
1647 4648 1735 4701 ἵνα
1780 4649 2012 4720 χαίρωσι
2033 4668 2046 4682 ·

382 4734 476 4788 καὶ
497 4734 726 4803 πρᾶγμα
747 4733 979 4785 ἕκαστον
1009 4733 1147 4803 πρὸς
1161 4733 1319 4786 τοῦτο
1352 4735 1449 4787 ῐδοι
1477 4751 1559 4798 τις
1581 4735 1650 4788 ἂν
1674 4737 2043 4806 ἐπιγινόμενον

386 4832 410 4859 ι
438 4821 569 4890 ἡμῖν
609 4819 670 4872 τὸ
701 4818 872 4882 τέλος,
921 4821 1016 4873 καὶ
1047 4821 1181 4891 πρὸς
1217 4821 1375 4873 τοῦτο
1431 4822 1657 4884 ἕκαστος
1715 4823 1928 4892 βλέπων
1960 4824 2048 4879 διά

381 4907 592 4960 πολλῶν
621 4906 728 4960 τῶν
761 4906 941 4976 μέσων
974 4908 1059 4960 ἐπ’
1093 4909 1222 4960 αὑτὸ
1245 4909 1464 4962 σπεύδει
1503 4909 1761 4979 βαδίζειν.

452 4996 732 5066 Εὑθυμίας
776 4996 895 5065 μὲν,
943 4996 1079 5066 ὅπερ
1119 4997 1275 5066 ἔφην,
1312 4997 1480 5067 ἐρῶσι
1510 4999 1730 5061 πάντες,
1771 4999 2048 5070 ἐπιτυχεῖν

378 5084 436 5136 δέ
465 5085 562 5154 οὑχ
595 5084 834 5146 ἅπαντες
855 5083 1143 5136 δύνανται·
1173 5086 1235 5137 οὑ
1268 5085 1378 5158 γάρ
1405 5085 1552 5140 ἴσασι
1581 5087 1677 5158 τὴν
1702 5088 1821 5141 ἐκεῖ
1852 5090 2048 5161 φέρου-

382 5188 480 5224 σαν
503 5173 650 5225 όδόν·
683 5171 819 5224 ἀλλά
837 5171 1023 5224 πολλοὶ
1049 5173 1384 5242 νομίζουσιν,
1407 5175 1488 5228 ὅτι
1514 5175 1575 5228 τὸ
1597 5175 1848 5230 πλουτεῖν
1877 5181 2048 5230 αἴτιον

379 5263 569 5315 τούτου
619 5261 852 5330 γίνεται.
888 5263 952 5314 Εἰ
985 5263 1042 5315 δέ
1087 5263 1244 5316 τοῦτο
1289 5266 1456 5319 αἴτιον
1492 5261 1580 5336 ἦν,
1617 5267 1790 5331 οὐδεὶς
1835 5267 1902 5321 ἂν
1938 5268 2048 5320 τῶν

380 5347 484 5416 χρή
496 5362 642 5414 ματα
663 5346 1019 5416 κεκτημένων
1041 5347 1292 5418 ἡθύμησέ
1315 5366 1446 5401 ποτε
1463 5365 1475 5378 ·
1510 5350 1606 5402 νῦν
1635 5351 1692 5403 δὲ
1731 5352 1914 5406 πολλοὶ
1936 5353 2046 5405 τῶν

380 5434 755 5487 πλουτούντων
805 5435 1036 5488 ἀϐίωτον
1078 5432 1216 5490 εἶναι
1265 5438 1358 5490 τὸν
1411 5437 1522 5506 βίον
1577 5439 1892 5509 νομίζουσι,
1953 5445 2046 5496 καὶ

380 5521 643 5586 θανάτους
680 5523 907 5594 μυρίους
940 5521 1209 5593 εὔχονται,
1264 5527 1481 5579 ἐπειδὰν
1512 5527 1850 5599 δυσημερίας
1903 5533 2046 5595 τινὸς

381 5608 695 5672 αἴσθωνται,
752 5611 847 5661 καὶ
893 5613 942 5662 οί
975 5611 1181 5683 σφόδρα
1227 5613 1584 5684 ἀθυμοῦντες,
1625 5609 1775 5668 οὗτοι
1810 5616 2046 5686 μάλιστα

441 5712 467 5783 _‘
497 5713 643 5783 $01-in.
670 5713 969 5783 ἐπελθούσης,
991 5717 1074 5783 alii
1094 5730 1350 5783 pgljperam
1377 5722 1711 5783 παρελθούσης.
1728 5722 1860 5770 Enn.

440 5771 468 5844 ξ’
494 5775 586 5844 {illi
608 5775 717 5844 παρ’
730 5776 901 5844 ἐτέρων
921 5771 1078 5844 τινῶν,
1097 5771 1200 5825 ὶιιίἴ
1212 5783 1320 5843 παρ’
1345 5771 1488 5844 ἑτέρη)
1507 5783 1611 5830 τινί.

438 5838 462 5866 ⁸
486 5835 581 5904 Alii
606 5835 917 5908 ἐπξιγρμένφ.
967 5839 1115 5888 Paulo
1147 5849 1262 5901 post
1283 5835 1484 5895 'aliau'ol
1507 5847 1818 5907 manuscripli
1849 5846 1928 5908 μὲν
1955 5844 2036 5895 οὖν

399 5897 515 5959 ὅπερ
531 5897 643 5958 ἔφην
667 5898 838 5960 ἐρῶσιν
857 5901 1072 5956 ἅπαντες.

1117 317 1176 372 S.
1216 316 1506 373 JOANNIS
1561 316 2051 374 CIIRYSOSTOMI
2089 317 2412 378 ARCHIEP.
2450 323 3006 382 CONSTANTINOP.

3731 333 3833 389 183

2171 438 2386 492 πάντων
2430 441 2555 494 είσί.
2595 442 2686 512 Μὴ
2722 443 2830 513 γάρ
2867 460 2956 512 μοι
2998 443 3096 506 τάς
3143 443 3414 514 τραπέζας
3467 445 3648 499 αὑτῶν
3699 451 3832 518 ῐδῃς.

2172 528 2307 597 μηδὲ
2345 530 2469 593 τοὺς
2503 530 2740 594 κόλακας
2775 531 2956 584 αὑτῶν
2994 534 3089 586 καὶ
3125 534 3251 596 τοὺς
3294 535 3652 604 παρασίτους,
3695 538 3831 594 άλλά

2167 615 2236 668 τά
2265 615 2324 682 ἐξ
2354 617 2536 671 αὑτῶν
2569 621 2829 690 γινόμενα
2850 619 2877 659 ἀ
2913 620 3244 692 πράγματα,
3275 620 3374 684 τὰς
3417 623 3702 694 ἐπηρείας,
3733 626 3830 690 τάς

2171 705 2556 773 συκοφαντίας,
2578 709 2703 770 τοὺς
2725 708 3022 771 κινδύνους,
3052 707 3150 770 τάς
3176 708 3433 776 ἀγωνίας,
3464 711 3556 763 καὶ
3589 711 3616 763 δ
3638 711 3828 766 τούτου

2169 791 2350 861 πολλῷ
2389 792 2789 866 χαλεπώτερον,
2826 795 2908 848 ὃτι
2939 797 3034 848 καὶ
3077 796 3400 867 ἀμελέτητοι
3457 797 3590 866 πρὸς
3629 799 3830 863 ταύτας

2171 877 2319 950 [182]
2343 881 2626 952 ἐρχόμενοι
2648 883 2747 946 τάς
2775 883 3098 954 μεταϐολάς,
3124 883 3432 954 φιλοσοφεῖν
3461 886 3562 938 οὑκ
3582 887 3832 940 ἐπίσταν-

2167 981 2280 1028 ται,
2317 964 2437 1017 ούδέ
2459 966 2721 1032 γενναίως
2742 968 2809 1021 τά
2831 967 3210 1038 συμπίπτοντα
3235 968 3442 1037 φέρειν.
3490 969 3690 1041 Διόπερ
3713 969 3831 1024 οὑδὲ

2166 1049 2392 1104 τοιαῦτα
2421 1052 2603 1115 αὐτοῖς
2627 1054 2875 1122 φαίνεται
2895 1055 2963 1107 τὰ.
2989 1055 3157 1116 δεινὰ,
3183 1051 3380 1127 οἷάπερ
3402 1057 3518 1109 ἐστὶ
3545 1059 3609 1126 τῇ
3647 1056 3826 1124 φύσει,

2167 1136 2302 1190 ἀλλά
2341 1139 2434 1191 καὶ
2457 1138 2526 1192 τά
2555 1140 2730 1210 κοῦφα
2763 1142 3014 1212 ἀφόρητα
3044 1142 3228 1196 λοιπὸν
3251 1137 3392 1194 εἶναι
3420 1143 3585 1198 δοκεῖ.
3616 1144 3830 1214 ’Ὠσπερ

2201 1222 2226 1244 τ’
2472 1227 2496 1240 ⁸
2943 1231 2954 1248 9

2167 1243 2261 1280 ουν
2294 1227 2386 1280 ἐπὶ
2430 1246 2538 1282 των
2583 1231 2827 1300 πενήτων
2872 1231 3179 1284 τουναντίον
3224 1230 3450 1298 γίνεται,
3502 1231 3594 1283 καὶ
3635 1233 3704 1284 τά
3741 1233 3835 1284 ἀν-

2173 1320 2384 1385 ήκεστα
2411 1317 2626 1387 φορητὰ
2661 1318 2931 1387 φαίνεται,
2976 1317 3054 1381 ὼς
3096 1317 3168 1370 τά
3197 1317 3368 1371 πολλὰ
3398 1317 3622 1372 τοιαῦτα
3649 1317 3831 1382 αὑτοῖς

2171 1404 2599 1474 μεμελετηκόσιν
2621 1423 2632 1434 ·
2675 1406 2799 1458 οὑδέ
2833 1406 2942 1476 7&9
2994 1405 3168 1469 οὕτως
3193 1416 3217 1445 ο
3269 1407 3302 1476 ἡ
3335 1404 3445 1458 τῶν
3492 1405 3830 1476 πραγμάτων

2167 1491 2351 1558 φύσις,
2385 1492 2461 1554 ὼς
2487 1494 2520 1562 ή
2565 1489 2676 1545 τῶν
2722 1495 3042 1562 πασχόντων
3074 1491 3329 1556 διάθεσις,
3365 1492 3460 1546 καὶ
3487 1493 3697 1562 μεγάλα
3738 1493 3829 1545 καὶ

2171 1580 2342 1650 μικρὰ
2371 1583 2516 1633 ποιεῖ
2539 1580 2825 1648 φαίνεσθαι
2853 1581 2922 1634 τά
2959 1583 3182 1636 ἐπιόντα
3199 1583 3334 1652 ἡμῖν
3379 1581 3547 1634 κακά.
3594 1581 3705 1634 Καὶ
3743 1581 3829 1633 ἵνα

2169 1668 2244 1738 μὴ
2274 1667 2557 1740 πόρρωθεν
2601 1670 2795 1738 ἀγάγω
2834 1670 2903 1723 τά
2944 1669 3364 1741 παραδείγματα
3406 1669 3682 1740 ἑκατέρων
3707 1670 3828 1722 τού-

2164 1769 2306 1818 των,
2339 1754 2445 1806 ἀπὸ
2489 1753 2598 1807 τῶν
2627 1755 2950 1824 συμϐάντων
2979 1758 3111 1826 ήμῖν
3154 1756 3490 1826 διαλέξομαι.
3532 1755 3665 1808 ’ἰδοὺ
3700 1755 3830 1823 γοῦν

2163 1842 2214 1894 οἱ
2244 1842 2342 1912 μὲν
2374 1844 2605 1910 πένητες
2650 1844 2904 1913 διέφυγον
2946 1845 3206 1908 ἅπαντες,
3255 1845 3349 1897 καὶ
3385 1846 3412 1897 ό
3449 1843 3616 1914 δῆμος
3649 1843 3828 1912 ἀπήλ-

2163 1923 2359 1979 λακται
2396 1926 2490 1980 τοῦ
2524 1927 2796 1991 κινδύνου,
2832 1929 2926 1982 καὶ
2959 1928 3146 1992 ἀδείας
3177 1929 3512 1983 ἀπολαύουσι
3536 1927 3788 1998 καθαρᾶς
3812 1944 3826 1959 ο

2164 2015 2214 2066 οἱ
2235 2013 2293 2066 δὲ
2319 2014 2390 2066 τά
2420 2015 2518 2084 τῆς
2548 2014 2758 2077 πόλεως
2794 2015 3129 2086 πράττοντες
3155 2017 3479 2087 πράγματα,
3510 2017 3828 2085 ἱπποτρόφοι

2164 2101 2262 2153 καὶ
2291 2101 2646 2170 ἀγωνοθέται,
2662 2103 2755 2154 καὶ
2777 2102 2844 2154 τὰ
2866 2103 3002 2157 ἄλλα
3021 2103 3504 2175 λειτουργήσαντες
3525 2104 3568 2166 ί,
3600 2100 3742 2159 οῦτοι
3764 2104 3825 2156 τὺ

2163 2189 2538 2261 δεσμωτήριον
2567 2191 2775 2244 οἰκοῦσι
2822 2191 2916 2244 νῦν
2942 2192 3034 2244 καὶ
3069 2194 3198 2263 περὶ
3229 2193 3338 2245 τῶν
3390 2194 3633 2262 ἐσχάτων
3661 2191 3826 2244 δεδοί-

2164 2293 2314 2342 κασι,
2346 2279 2440 2330 καὶ
2481 2276 2590 2330 τῶν
2632 2279 2803 2332 ἅπασι
2833 2278 3251 2349 τετολμημένων
3285 2280 3439 2332 αὑτοὶ
3472 2280 3570 2342 τάς
3601 2279 3830 2340 εύθύνας

2164 2363 2459 2432 ὑπέχουσι,
2512 2365 2606 2417 καὶ
2661 2365 2811 2434 φόϐῳ
2871 2365 3072 2428 συζῶσι
3126 2366 3399 2436 διηνεκεῖ,
3463 2368 3557 2418 καὶ
3614 2366 3830 2418 πάντων

2162 2450 2488 2522 ἀθλιώτερον
2511 2452 2705 2504 ἐκεῖνοι
2735 2453 3033 2507 διάκεινται
3066 2453 3179 2515 νῦν,
3195 2457 3252 2506 οὑ
3270 2454 3359 2506 διά
3381 2453 3440 2506 τὸ
3472 2453 3696 2523 μέγεθος
3721 2453 3828 2503 τῶν

2164 2538 2446 2602 κινδύνων,
2485 2539 2620 2594 ἀλλά
2659 2539 2749 2593 διὰ
2802 2542 2862 2594 τὸ
2907 2544 3085 2613 τρυφῇ
3140 2542 3230 2594 τὸν
3284 2541 3595 2614 ἔμπροσθεν
3637 2541 3828 2612 χρόνον

2165 2627 2537 2696 συνεζηκέναι.

2233 2713 2298 2784 β’.
2333 2714 2523 2768 Πολλοὶ
2548 2715 2680 2783 γοῦν
2713 2717 2843 2787 παρ’
2879 2717 3036 2787 ήμῶν
3064 2714 3562 2786 παρακαλούμενοι.
3586 2720 3678 2770 καὶ
3704 2735 3822 2785 γεν-

2162 2803 2326 2865 ναίως
2353 2802 2538 2874 φέρειν
2558 2804 3048 2876 συμϐουλευόμενοι
3072 2805 3140 2858 τά
3161 2805 3328 2866 δεινὰ,
3351 2803 3504 2857 τοῦτο
3525 2804 3729 2872 ἔλεγον,
3747 2806 3828 2857 ὅτι

2161 2891 2312 2944 οὑδὲν
2340 2891 2594 2945 οὑδέποτε
2615 2893 2853 2946 τοιοῦτον
2883 2893 3316 2964 ἐμελετήσαμεν,
3339 2892 3460 2945 οὑδὲ
3488 2893 3830 2962 ἐπιστάμεθα

2160 2981 2385 3034 τοιαῦτα
2436 2981 2745 3052 φιλοσοφεῖν
2781 2997 2798 3014 ·
2843 2981 2932 3034 διὰ
2983 2979 3142 3035 τοῦτο
3192 2979 3393 3048 πολλῆς
3443 2979 3678 3049 δεόμεθα
3726 2981 3828 3048 τῆς

2161 3069 2582 3140 παρακλήσεως.
2619 3070 2835 3140 Ἕτεροι
2865 3068 3027 3121 πάλιν
3053 3067 3388 3138 νομίζουσιν,
3421 3068 3502 3120 ὅτι
3550 3068 3611 3118 τὸ
3653 3066 3830 3134 ὑγιαί-

2133 3173 2291 3222 .νειν,
2344 3155 2498 3209 τοῦτό
2548 3158 2696 3209 ἐστιν
2752 3155 2922 3208 αἴτιον
2969 3155 3328 3225 ήδονῆςοοὺκ
3367 3154 3484 3206 ἐστι
3515 3155 3596 3208 δέ.
3637 3153 3829 3207 Πολλοὶ

2161 3242 2291 3310 γοῦν
2324 3241 2432 3294 τῶν
2464 3243 2815 3310 ὑγιαινόντων
2841 3245 2934 3294 καὶ
2963 3243 3118 3296 αὑτοὶ
3151 3242 3410 3312 μυριάκις
3433 3240 3666 3310 ηὔξαντο
3694 3243 3830 3294 ἀπο-

2163 3330 2361 3397 θανεῖν,
2381 3331 2480 3394 τάς
2497 3331 2842 3401 ἐπαγομένας
2859 3332 3042 3394 αὑτοῖς
3058 3331 3157 3382 οὑκ
3182 3330 3496 3399 ἐνεγκόντες
3541 3329 3825 3399 ἐπηρείας.

2164 3420 2347 3472 Ἀλλοι
2405 3418 2568 3472 πάλιν
2620 3419 2681 3472 τὸ
2745 3419 2904 3488 δόξης
2955 3418 3254 3472 ἀπολαύειν
3280 3457 3293 3481 ,
3369 3418 3463 3472 καὶ
3515 3417 3829 3479 δυναστείας

2161 3507 2506 3576 ἐπειλῆφθαι,
2537 3505 2634 3559 καὶ
2654 3506 2858 3559 διέπειν
2885 3507 3061 3577 ἀρχάς
3099 3507 3193 3558 καὶ⁵
3229 3505 3384 3576 παρά
3426 3505 3634 3557 πολλῶν
3673 3505 3832 3558 κολα-

2175 3592 2455 3658 κεύεσθαι,
2489 3593 2767 3663 διηνεκοῦς
2796 3595 2968 3663 χαρᾶς
2999 3592 3283 3662 ποιητικὸν
3316 3587 3457 3644 εἷναί
3489 3607 3686 3658 φασιν
3727 3592 3831 3644 οὑκ

2158 3679 2273 3732 ἔστι
2315 3679 2372 3731 δέ
2399 3679 2520 3731 οὑδέ
2556 3678 2736 3732 τοῦτο.
2773 3680 2882 3732 Kal
2911 3679 2963 3730 τί
2996 3677 3246 3746 λέγωτάς
3273 3677 3438 3740 ἄλλας
3463 3679 3637 3748 ἀρχάς
3663 3694 3676 3741 ;
3707 3677 3829 3730 Κάν

2162 3766 2271 3839 γάρ
2297 3768 2384 3820 ἐπ’
2411 3766 2579 3838 αὑτὴν
2600 3766 2891 3836 ἀναϐῶμεν
2908 3765 2985 3836 τῷ
3012 3765 3154 3838 λόγῳ
3181 3765 3279 3837 τὴν
3303 3765 3600 3836 βασιλείαν,
3622 3767 3830 3819 καὶτὸν

2159 3859 2217 3910 ἐν
2247 3857 2431 3927 ἐκείνῃ
2465 3855 2662 3920 ζῶντα,
2696 3854 2915 3916 πολλαῖς
2953 3854 3262 3924 εὑρήσομεν
3289 3854 3829 3925 περιεστοιχισμένον

2160 3946 2439 4016 ἀθυμίαις.
2473 3944 2569 3996 καὶ
2597 3942 2835 4013 τοσούτῳ
2877 3943 3093 4006 πλείους
3126 3943 3318 4013 ἔχοντα
3344 3942 3521 4012 λύπης
3556 3944 3825 4009 ἀνάγκας,

2155 4037 2264 4106 ὅσῳ
2305 4035 2399 4088 καὶ
2434 4034 2659 4104 μείζονα
2694 4031 3086 4102 περιϐέϐληται
3127 4033 3468 4103 πραγμάτων
3495 4033 3679 4099 ὄγκον.
3717 4034 3833 4085 Kal

2154 4126 2206 4178 τί
2248 4122 2354 4195 χρὴ
2381 4123 2562 4190 λέγειν
2591 4121 2863 4190 πολέμους
2903 4121 2996 4173 καὶ
3034 4121 3212 4190 μάχας
3249 4121 3340 4173 καὶ
3375 4120 3475 4183 τάς
3525 4121 3678 4190 παρά
3716 4121 3829 4173 τῶν

2157 4213 2448 4284 βαρϐάρων
2483 4209 2914 4273 ἐπαναστάσεις;
2953 4209 3216 4271 πολλάκις
3257 4210 3456 4271 αὑτοὺς
3496 4209 3622 4271 τοὺς
3678 4209 3828 4261 ἔνδον

2155 4300 2555 4372 στρεφομένους
2587 4298 2810 4351 δέδοικε.
2849 4297 2960 4350 Kal
2989 4297 3098 4367 7&9
3129 4296 3313 4348 πολλοὶ
3333 4296 3442 4348 τῶν
3467 4295 3830 4366 βασιλευσάν-

2151 4408 2259 4443 των
2297 4389 2394 4450 τάς
2423 4385 2724 4456 πολεμικὰς
2744 4385 3100 4454 διαφυγόντες
3128 4387 3336 4455 χεῖρας,
3373 4384 3470 4446 τὰς
3496 4384 3603 4435 τῶν
3634 4400 3827 4454 σωμα-

2151 4477 2474 4547 τοφυλάκων
2511 4475 2572 4528 οὑ
2607 4473 2861 4544 διέφυγον
2915 4472 3228 4535 ἐπιϐουλάς.
3287 4473 3559 4525 Τοσαῦται
3605 4471 3662 4524 δὲ
3710 4476 3828 4534 τοῖς

2153 4563 2530 4634 βασιλεύουσιν
2576 4561 2819 4632 ἀθυμίας
2847 4560 3106 4628 ἀνάγκαι,
3169 4561 3268 4612 ὅσα
3322 4561 3387 4629 τῇ
3449 4557 3692 4628 θαλάττῃ
3753 4560 3827 4612 τά.

2151 4652 2394 4723 κύματα.
2420 4653 2484 4704 Εί
2512 4651 2568 4703 δέ
2610 4649 2858 4719 βασιλεία
2884 4650 2985 4702 οὑκ
3019 4647 3084 4701 ἀν
3126 4648 3332 4702 ἄλυπον
3362 4647 3657 4718 ἐργάσαιτο
3683 4647 3824 4716 βίον,

2105 4754 2128 4798 ι
2143 4736 2203 4816 τί
2236 4735 2420 4802 ἕτερον
2448 4733 2736 4803 δυνήσεται
2769 4731 3114 4802 κατορθῶσαι
3140 4730 3336 4794 τοῦτο;
3372 4731 3493 4783 Τῶν
3511 4731 3610 4800 μὲν
3639 4730 3825 4799 βιωτι-

2150 4823 2262 4876 κῶν
2293 4821 2448 4874 οὑδέν
2467 4838 2480 4851 ·
2520 4821 2582 4873 τὸ
2623 4820 2681 4872 δέ
2729 4819 2942 4873 Παύλου
2972 4820 3124 4891 ῥῆμα
3155 4820 3335 4890 μόνον,
3363 4819 3426 4871 τὺ
3451 4819 3623 4889 βραχὺ
3660 4817 3828 4872 τοῦτο

2150 4913 2246 4965 καὶ
2289 4909 2465 4981 ψιλὸν,
2498 4911 2630 4964 αὑτὸ
2663 4912 2794 4981 ἡμῖν
2827 4910 3014 4964 τοῦτον
3054 4911 3257 4975 ἀνοίξει
3286 4909 3376 4963 τὸν
3407 4909 3700 4979 θησαυρόν.
3739 4909 3820 4961 Οὑ

2149 4997 2259 5069 γάρ
2297 4997 2507 5050 πολλῶν
2538 4997 2619 5049 δεῖ
2638 4997 2830 5064 λόγων,
2867 4997 2985 5050 οὐδὲ
3019 4998 3239 5069 μακρᾶς
3267 4996 3370 5066 τῆς
3397 4995 3669 5066 περιόδου,
3700 4994 3822 5047 ἀλλ’

2147 5087 2244 5140 ἐὰν
2275 5086 2616 5156 ἐννοήσωμεν
2641 5086 2798 5154 μόνον
2823 5087 2886 5138 τὸ
2909 5084 3218 5154 εἰρημένον,
3250 5085 3555 5154 εὑρήσομεν
3572 5083 3671 5151 τὴν
3699 5081 3824 5135 ὁδὸν

2147 5175 2246 5246 τὴν
2265 5174 2358 5227 ἐπὶ
2376 5175 2534 5227 τοῦτο
2555 5174 2843 5242 φέρουσαν.
2865 5174 3000 5228 Οὑδέ
3019 5173 3129 5244 γάρ
3153 5169 3308 5225 εἶπεν
3332 5171 3541 5236 ἁπλῶς,
3574 5171 3822 5238 Χαίρετε

2149 5262 2424 5326 πάντοτε,
2475 5262 2610 5316 ἀλλά
2668 5259 2974 5333 προσέθηκε
3035 5261 3136 5333 τὴν
3174 5261 3358 5314 αἰτίαν
3390 5260 3492 5329 τῆς
3534 5257 3821 5329 διηνεκοῦς

2150 5352 2358 5421 ἡδονῆς,
2379 5352 2618 5418 Χαίρετε
2641 5351 2711 5402 ἐν
2732 5351 2927 5417 Κυρίῳ
2955 5350 3236 5415 πάντοτε,
3265 5349 3438 5403 εἰπών
3454 5367 3468 5380 ·
3488 5351 3516 5402 ό
3543 5351 3600 5402 ἐν
3627 5349 3824 5418 Κυρίῳ

2148 5439 2376 5509 χαίρων,
2417 5439 2595 5492 οὑδενὶ
2636 5438 2746 5490 τῶν
2777 5440 3196 5508 συμπιπτόντων
3233 5439 3337 5509 τῆς
3388 5437 3584 5510 ἡδονῆς
3611 5437 3823 5504 ταύτης

2147 5527 2402 5578 ἐκπεσεῖν
2443 5525 2688 5579 δύναται.
2735 5525 2816 5577 Τά
2865 5527 2963 5595 μὲν
3008 5527 3119 5598 γάρ
3167 5527 3303 5581 ἄλλα
3352 5528 3561 5591 πάντα,
3614 5527 3698 5594 ἐφ’
3733 5519 3822 5587 οἷς

2148 5614 2432 5685 χαίρομεν,
2458 5615 2669 5684 τρεπτὰ
2707 5612 2858 5684 [185]
2897 5615 2956 5666 τέ
2993 5617 3110 5668 ἐστι
3137 5616 3233 5668 καὶ
3264 5616 3682 5686 εὑμετάπτωτα,
3721 5609 3824 5666 καὶ

2210 5718 2236 5757 τι
2259 5718 2354 5780 Alii
2375 5718 2642 5780 τικτόμενα.

2203 5783 2222 5804 ⁸
2242 5778 2338 5828 Alii
2364 5777 2590 5843 φαίνεται,
2615 5780 2684 5843 τῷ
2716 5780 2868 5843 πολλά
2898 5777 3096 5829 τοιαῦτα
3134 5784 3392 5843 ἔμπροσθεν
3419 5781 3593 5834 αὑτοὺς
3612 5777 3814 5840 μεμελε-

2145 5843 2352 5907 τηκέναι.
2381 5841 2460 5907 Οὑ⁸
2476 5843 2564 5907 γάρ
2578 5841 2755 5907 οὑτως.-
2772 5841 2894 5889 Infra
2919 5843 3004 5907 ιιΙλὶἰ
3024 5841 3186 5904 ἀγάγω
3202 5841 3256 5891 τὸ
3282 5845 3598 5907 παράδειγμα.

2213 5903 2231 5942 τ
2254 5904 2351 5954 Alii
2389 5903 2466 5951 καὶ
2486 5900 2566 5962 τὰς
2587 5900 2728 5957 ἄλλας
2744 5903 3027 5967 λειτουργίας
3042 5900 3466 5970 λειτουργήσαντες.
