4112 6388
441 370 531 426 l8!
1002 372 1005 375 ’
1350 385 1441 439 ΑΙ)
1480 385 1797 444 POPULUM
1839 385 2323 444 ANTIOCHENUM
2388 390 2616 446 HOMIL.
2648 389 2834 447 XVIII.

442 491 694 557 prmseuti
718 490 785 546 de
813 490 989 549 futura
1024 494 1233 549 solliciti
1273 498 1379 552 sint
1410 498 1836 571 Quadragesima,
1879 503 2017 557 mul-

442 588 631 649 tosque
654 581 892 637 dicentes
934 584 1133 649 audivi,
1178 602 1239 641 se
1274 599 1394 657 post
1414 590 1601 658 jejunii
1642 592 2015 646 liberationem

441 687 546 726 non
579 674 776 728 sentire
805 674 1128 745 voluptatem
1158 693 1224 732 ex
1254 682 1567 735 remissione
1602 692 1823 751 propter
1850 684 2013 737 futuri

442 766 564 817 anui
593 765 1021 821 sollicitudinem.
1049 768 1185 835 Quid
1217 769 1318 836 his,
1345 787 1544 839 quaeso,
1572 774 1738 843 magis
1758 788 1877 829 esse
1895 789 2018 843 pos-

440 868 519 912 set
546 858 880 926 pusillanime
900 861 923 913 ἲ
946 861 1081 926 Quae
1110 878 1235 916 vero
1263 864 1419 933 hujus
1459 866 1657 919 causa?
1685 866 1835 933 Quod
1857 866 2018 921 adve-

441 948 623 1003 niente
647 949 850 1018 jejunio
895 966 1003 1006 non
1046 956 1311 1022 quomodo
1339 958 1473 1010 bene
1506 957 1820 1027 diSponatur
1843 958 2017 1012 anima

441 1041 768 1107 studeamus,
814 1044 910 1099 sed
956 1045 1007 1098 in
1050 1047 1164 1115 sola
1202 1049 1442 1103 ciborum
1486 1049 1804 1104 abstinentia
1844 1051 2015 1120 ipsum

442 1132 776 1188 definiamus.

510 1221 775 1292 Jejunium
819 1240 916 1292 quo
947 1234 1092 1294 pacto
1130 1228 1308 1296 prosit.
1338 1228 1609 1299 —ltaque
1638 1229 1683 1284 si
1710 1230 1933 1285 multum
1962 1231 2014 1285 in

441 1328 648 1367 morum
700 1317 1031 1373 correctione
1079 1318 1146 1373 ab
1193 1320 1307 1386 ipso
1351 1320 1679 1376 lucraremur
1717 1364 1732 1390 ,
1781 1324 2017 1392 quotidie

446 1404 693 1473 jejunium
710 1406 897 1461 adesse
926 1418 1249 1477 optaremus,
1278 1426 1371 1480 per
1400 1413 1509 1480 ipsa
1531 1427 1691 1482 opera
1717 1413 1833 1482 ejus
1857 1414 2019 1468 meri-

444 1506 615 1549 torum
637 1512 856 1551 sensum
883 1500 1175 1568 capientes,
1205 1517 1303 1556 nec
1330 1518 1574 1571 umquam
1607 1503 1772 1572 ipsius
1803 1504 2013 1560 deside-

442 1588 579 1639 rium
605 1586 937 1656 ejiceremus,
969 1606 1254 1661 numquam
1308 1593 1477 1662 ipsum
1511 1605 1890 1665 exspectantes
1918 1597 2015 1651 tri-

443 1686 554 1730 stes
573 1676 820 1732 ﬁeremus
845 1689 898 1733 et
927 1681 1089 1734 anxii.
1111 1681 1284 1737 Mente
1302 1684 1494 1753 quippe
1516 1684 1650 1739 bene
1679 1685 2012 1755 dispositum,

443 1776 496 1820 et
522 1767 712 1822 animae
745 1784 857 1823 sua:
890 1784 1070 1825 curam
1099 1772 1379 1828 habentem
1422 1776 1559 1829 nulla
1588 1791 1676 1832 res
1702 1779 2016 1835 contristare

444 1860 654 1927 poterit,
696 1861 787 1914 sed
834 1862 879 1916 is
921 1878 1051 1931 pura
1093 1867 1446 1936 continuaque
1482 1867 1685 1926 fruetur
1723 1874 2011 1943 voluptate.

442 1949 593 2016 Quod
617 1949 719 2005 hoc
747 1952 818 2006 sit
842 1968 1028 2008 verum
1054 1996 1069 2020 ,
1102 1956 1258 2010 hodie
1288 1957 1510 2016 Paulum
1541 1964 1762 2017 audistis
1790 1979 1888 2018 nos
1917 1964 2015 2018 ad-

445 2051 746 2096 monentem
794 2052 849 2097 et
876 2043 1138 2099 dicentem
1166 2065 1178 2100 :
1214 2046 1437 2106 Gaudete
1475 2054 1528 2106 in
1560 2054 1776 2107 Domino
1799 2072 2013 2125 semper,

437 2135 759 2190 iterumdico
774 2135 982 2203 gaudete
1003 2135 1259 2209 (Philipp.
1288 2140 1341 2196 4.
1374 2143 1451 2214 4).
1481 2144 1688 2198 Scimus
1715 2146 1895 2200 multis
1940 2147 2018 2199 vi~

441 2231 554 2284 deri
577 2246 682 2285 non
708 2245 867 2302 posse
906 2230 1024 2289 ﬁeri
1040 2236 1397 2307 quoddictum
1427 2246 1532 2291 est.
1562 2237 1838 2305 Quomodo
1861 2255 2014 2292 nam-

442 2338 545 2393 que
593 2324 703 2380 fieri
751 2335 944 2394 potest,
978 2327 1166 2398 inquit,
1212 2338 1269 2382 ut
1309 2330 1399 2399 qui
1438 2329 1600 2384 homo
1651 2340 1751 2395 est,
1805 2348 2017 2402 semper

443 2415 708 2482 gaudeat?
749 2416 994 2472 Gaudere
1041 2434 1269 2489 namque
1315 2435 1420 2473 non
1462 2422 1701 2489 difficile,
1758 2433 2016 2494 perpetuo

441 2514 617 2559 autem
646 2507 896 2575 gaudere,
928 2510 1256 2577 impossibile
1304 2511 1433 2565 mihi
1461 2527 1580 2566 esse
1621 2513 1848 2582 videtur,
1875 2516 2015 2570 dicet

441 2597 666 2654 fortasse
694 2602 882 2670 aliquis
917 2618 934 2656 :
963 2603 1142 2656 multa:
1168 2604 1308 2657 enim
1333 2619 1433 2659 nos
1462 2606 1685 2659 tristitiae
1713 2608 2015 2661 necessario

440 2690 874 2745 circumcursant.
901 2693 993 2747 Vel
1024 2695 1164 2747 enim
1195 2694 1360 2749 filium
1391 2696 1508 2764 quis
1546 2698 1746 2763 amisit,
1771 2698 1854 2751 vel
1881 2715 2013 2751 uxo-

442 2796 576 2848 rem,
620 2782 701 2836 vel
738 2785 966 2836 amicum
997 2785 1264 2838 sincerum
1294 2834 1308 2851 ,
1335 2787 1501 2855 magis
1538 2802 1692 2856 quam
1721 2788 1857 2843 ullus
1882 2804 2011 2841 cou-

440 2872 760 2942 sanguineus
801 2876 1180 2943 necessarium,
1223 2877 1305 2930 vel
1355 2880 1696 2947 pecuniarum
1748 2880 2009 2948 jacturam

441 2962 584 3030 fecit,
614 2965 697 3018 vel
745 2966 798 3019 in
829 2966 1192 3035 a-gritudinem
1226 2969 1428 3033 incidit,
1470 2971 1548 3024 vel
1572 2971 1795 3025 aliarum
1836 2988 2012 3027 rerum

444 3057 696 3110 sustinuit
735 3057 1006 3123 damnum,
1056 3060 1139 3114 vel
1182 3069 1376 3128 praeter
1404 3061 1712 3131 dignitatem
1739 3072 2014 3119 contume-

440 3145 564 3199 liam
598 3160 781 3214 passus
814 3147 1073 3202 indoluit:
1099 3151 1178 3203 vel
1210 3150 1375 3205 fames
1398 3193 1413 3217 ,
1443 3152 1525 3205 vel
1556 3153 1738 3222 pestis,
1783 3155 1867 3209 vel
1889 3171 2013 3209 exa—

439 3236 545 3290 ctio
561 3252 678 3306 qum
696 3236 817 3291 ferri
838 3254 939 3292 non
963 3230 1154 3308 potest,
1174 3242 1251 3294 vel
1276 3241 1546 3297 familiaria
1576 3246 1783 3313 negotia
1813 3263 1826 3299 :
1852 3248 2011 3315 quin-

440 3329 547 3382 imo
580 3344 864 3397 numquam
910 3332 1085 3383 omnia
1108 3348 1385 3386 recensere
1418 3348 1711 3399 possemus.
1743 3351 2012 3404 qutecnm-

447 3438 553 3491 que
583 3434 636 3477 et
656 3433 907 3491 privatim
932 3434 987 3481 et
1007 3427 1223 3495 publice
1248 3443 1350 3482 nos
1377 3444 1613 3484 maerore
1638 3430 1852 3485 allicere
1877 3446 2010 3486 con-

450 3524 742 3567 sueverunt
767 3515 1050 3579 Quomodo
1084 3518 1265 3589 igitur,
1308 3520 1502 3589 inquit.
1528 3522 1780 3589 possibile
1799 3537 2013 3589 semper

448 3607 718 3671 gaudere?
752 3607 1017 3664 Possibile
1044 3612 1359 3677 admodum,
1393 3630 1425 3665 υ
1455 3613 1617 3666 homo
1644 3632 1654 3666 :
1682 3624 1736 3667 et
1758 3616 1800 3668 si
1832 3615 2010 3683 possi-

449 3696 553 3748 bile
576 3711 683 3749 non
710 3709 872 3763 esset,
904 3715 1010 3753 non
1036 3700 1409 3755 admonuisset
1435 3702 1655 3766 Paulus,
1685 3718 1782 3757 nec
1812 3720 2013 3759 consu-

449 3782 660 3849 luisset,
680 3802 802 3838 cum
826 3786 989 3840 homo
1008 3788 1276 3856 spirituali
1290 3800 1433 3843 esset
1452 3792 1709 3860 praeditus
1725 3792 2009 3861 sapientia.

448 3871 655 3929 licirco
684 3876 998 3946 frequenter
1025 3880 1127 3934 hoc
1152 3883 1310 3936 vobis
1339 3881 1584 3936 dicebam
1619 3892 1672 3936 et
1695 3884 1874 3938 dicere
1906 3900 2013 3939 non

448 3968 688 4021 desinam
712 3988 723 4022 :
749 3986 869 4038 qua:
892 3971 1198 4026 nullatenus
1215 3973 1282 4026 ab
1304 3974 1409 4027 alio
1431 3989 1702 4042 quoquam
1728 3975 1860 4029 disci
1883 3991 2012 4045 pos-

449 4068 596 4121 sunt,
628 4059 742 4114 haec
777 4060 934 4116 vobis
973 4062 1095 4116 licet
1125 4063 1213 4117 hic
1244 4066 1635 4134 philosophari.
1671 4064 2011 4136 Voluptatem

448 4151 591 4202 enim
618 4163 885 4220 quierunt,
903 4164 956 4207 et
978 4156 1212 4221 gaudere
1239 4156 1464 4226 cupiunt
1488 4172 1697 4223 omnes,
1721 4167 1773 4212 et
1794 4169 2013 4227 propter

450 4241 553 4295 hoc
583 4243 766 4295 omnia
798 4241 1004 4298 faciunt
1029 4254 1082 4299 et
1112 4246 1300 4300 dicunt
1328 4258 1380 4300 et
1402 4249 1767 4316 negotiantur.
1800 4249 2010 4303 Etenim

447 4343 719 4388 mercator
747 4335 866 4390 ideo
895 4338 1132 4407 navigat,
1157 4346 1215 4391 ut
1246 4339 1505 4408 pecunias
1531 4350 1821 4410 congreget
1842 4357 1855 4405 ;
1878 4357 2010 4396 con-

435 4437 618 4498 gregat
637 4439 811 4482 autem
838 4432 1107 4498 pecunias,
1138 4440 1193 4482 ut
1218 4430 1414 4485 habens
1456 4431 1715 4500 repositas
1745 4428 2007 4501 gaudeat:

438 4530 489 4572 et
514 4521 605 4588 qui
648 4521 858 4586 militat,
904 4521 1023 4574 ideo
1064 4522 1274 4585 militat,
1309 4531 1363 4576 et
1398 4523 1626 4591 agricola
1656 4521 1775 4576 ideo
1811 4532 2007 4577 terram

436 4610 583 4673 colit,
616 4619 669 4664 et
712 4620 881 4665 artem
917 4612 1140 4681 quisque
1183 4628 1329 4665 suam
1368 4624 1648 4682 propterea
1697 4621 1926 4667 tractat:
1955 4623 2009 4667 et

437 4702 811 4756 dominationis
840 4702 1013 4770 cupidi
1046 4703 1163 4756 ideo
1188 4704 1424 4772 cupiunt,
1449 4712 1506 4756 ut
1535 4703 1699 4773 gloria
1726 4702 2004 4768 fruantur;

437 4793 604 4861 gloria
641 4809 766 4849 vero
828 4793 929 4847 frui
973 4796 1175 4860 volunt,
1208 4794 1597 4863 utgaudeant:
1638 4803 1692 4849 et
1738 4796 2006 4864 negotium

437 4888 687 4956 quodque
725 4887 792 4942 ad
842 4888 981 4941 hunc
1010 4886 1165 4940 {mem
1200 4886 1350 4939 nobis
1380 4886 1597 4941 tendere
1634 4888 1752 4955 quis
1776 4886 2004 4941 viderit:

438 4988 492 5032 et
520 4979 585 5031 ad
612 4978 753 5033 hunc
791 4979 1012 5048 quisque
1041 4979 1351 5047 respiciens,
1383 4993 1477 5048 per
1522 4977 1684 5033 multa
1725 4979 1898 5034 media
1942 4981 2010 5036 ad

439 5070 608 5137 ipsum
632 5071 706 5123 ire
736 5068 966 5123 festinat.
1060 5116 1063 5119 γ
1909 5054 1921 5110 ἶ

510 5158 707 5213 Divitiae
749 5159 972 5213 lwtitiam
1000 5177 1097 5213 non
1125 5161 1347 5229 pariunt.
1393 5192 1466 5201 —
1508 5161 1767 5218 Lmliliam
1794 5163 2007 5234 quippe,

438 5251 578 5319 quod
620 5251 775 5318 dixi,
818 5261 998 5306 amant
1024 5268 1231 5319 omnes,
1270 5254 1479 5324 assequi
1518 5270 1646 5309 vero
1692 5270 1797 5309 non
1824 5270 2009 5310 omnes

441 5352 709 5410 possunt:
755 5346 997 5399 nesciunt
1029 5345 1171 5398 enim
1219 5347 1356 5398 viam
1400 5361 1466 5401 eo
1512 5346 1814 5401 tendentem
1857 5362 1873 5411 ;
1916 5347 2008 5401 sed

442 5436 592 5489 multi
620 5444 808 5505 putant
835 5435 975 5506 quod
1001 5436 1201 5491 divitiis
1229 5436 1448 5491 afﬂuere
1471 5436 1629 5506 hujus
1657 5438 1727 5492 sit
1747 5452 1927 5491 causa.
1952 5439 2007 5493 Si

445 5523 559 5580 lucc
605 5536 784 5581 autem
813 5541 970 5581 causa
1013 5526 1219 5591 fuisset,
1251 5543 1407 5582 nemo
1436 5530 1685 5596 pecunias
1731 5530 2009 5597 possiden-

444 5617 575 5669 tium
621 5634 868 5687 umquam
896 5618 1084 5673 fuisset
1117 5619 1301 5673 dolore
1336 5633 1582 5688 pressus;
1614 5635 1754 5674 nunc
1776 5636 1903 5675 vero
1931 5621 2012 5675 di-

441 5708 606 5762 vitum
634 5710 786 5763 multi
812 5710 971 5763 vitam
1012 5725 1119 5763 non
1154 5710 1367 5763 vitalem
1402 5724 1521 5764 esse
1544 5718 1747 5779 putant,
1774 5720 1828 5765 et
1852 5713 2007 5765 innu-

446 5814 617 5855 meras
660 5812 861 5860 mortes
884 5809 1157 5872 exoptant,
1205 5815 1328 5855 cum
1365 5800 1593 5871 aliquam
1634 5801 2007 5858 adversitatcm

3597 399 3702 453 18%

2128 501 2412 569 senserint,
2444 512 2497 556 et
2535 502 2589 556 hi
2626 503 2855 559 maxime
2905 503 3142 558 omnium
3189 502 3389 558 dolent.
3440 504 3517 560 Ne
3570 508 3700 561 mihi

2124 592 2319 660 quippe
2362 606 2577 647 mensas
2609 593 2842 663 ipsorum
2871 593 3183 661 respexeris,
3209 608 3308 647 nec
3346 604 3701 648 assentatores

2125 688 2177 733 et
2220 681 2500 748 parasitos,
2534 682 2628 736 sed
2660 696 2745 736 res
2782 697 2847 736 ex
2882 683 3011 751 ipsis
3046 682 3299 750 orientes,
3331 672 3701 739 infestationes

2123 782 2177 826 ct
2204 773 2513 839 calumnias,
2543 774 2800 844 pericula,
2834 775 3154 840 anxietates,
3182 783 3237 829 et
3261 774 3402 842 quod
3430 774 3516 828 his
3547 774 3703 844 longe

2122 864 2399 918 molestius
2428 872 2528 928 est,
2562 864 2701 933 quod
2741 865 3165 934 impraemeditati
3212 865 3278 919 ad
3327 864 3424 920 has
3461 866 3697 920 devoluti

2123 957 2466 1019 mutationes,
2498 956 2862 1027 philosophari
2892 956 3153 1021 nesciant,
3177 963 3232 1010 et
3255 972 3409 1011 casus
3440 972 3700 1023 generoso

2123 1045 2279 1099 ferre.
2307 1046 2429 1100 ideo
2452 1062 2555 1101 non
2582 1063 2644 1102 ea
2663 1047 2911 1102 videntur
2936 1048 3065 1117 ipsis
3091 1049 3296 1118 gravia,
3319 1064 3437 1117 quae
3469 1049 3591 1103 talia
3607 1065 3696 1118 per

2120 1151 2363 1195 naturam
2404 1151 2547 1208 sunt,
2582 1158 2765 1196 verum
2789 1151 2842 1196 et
2869 1142 3004 1197 levia
3033 1142 3164 1211 ipsis
3194 1142 3548 1196 intolerabilia
3577 1157 3698 1197 esse

2119 1233 2412 1289 videntur:
2457 1235 2593 1288 sicut
2625 1234 2861 1288 vicissim
2908 1234 2962 1287 in
3008 1234 3326 1304 pauperibus
3369 1236 3694 1289 contrarium

2118 1325 2336 1389 accidit;
2364 1334 2417 1379 et
2454 1326 2541 1379 illa
2585 1325 2796 1379 tolerari
2836 1340 2992 1395 posse
3017 1325 3260 1379 videntur
3288 1342 3407 1395 quae
3445 1326 3699 1380 intolera-

2119 1414 2241 1468 bilia
2267 1426 2425 1468 sunt:
2458 1417 2653 1485 quippe
2675 1416 2762 1485 qui
2791 1416 2954 1471 multa
2986 1417 3108 1470 talia
3140 1416 3285 1486 prius
3331 1417 3568 1470 meditati
3590 1418 3697 1471 fue.

2118 1506 2243 1558 rint.
2284 1507 2397 1559 Non
2425 1507 2566 1561 enim
2598 1518 2700 1561 tam
2728 1524 2907 1562 rerum
2937 1517 3145 1574 natura,
3176 1524 3334 1578 quam
3378 1509 3687 1578 patientium

2118 1595 2415 1664 dispositio,
2463 1613 2650 1666 magna
2677 1599 2773 1653 vel
2793 1613 2952 1666 parva
2975 1598 3143 1653 videri
3182 1597 3310 1652 facit
3335 1599 3694 1653 incumbentis

2119 1685 2272 1740 nobis
2313 1687 2473 1740 mala.
2509 1686 2577 1740 Et
2603 1702 2669 1741 ne
2696 1687 2884 1741 borum
2913 1688 3154 1755 exempla
3184 1689 3460 1743 amborum
3489 1688 3697 1759 longius

2118 1791 2409 1843 accersam,
2447 1777 2515 1832 de
2568 1778 2632 1833 iis
2678 1794 2795 1849 quae
2847 1778 3001 1832 nobis
3039 1779 3365 1843 acciderunt,
3417 1780 3696 1835 disseram.

2119 1870 2258 1925 Ecce
2303 1870 2445 1924 enim
2487 1886 2747 1939 pauperes
2782 1870 2995 1940 quidem
3046 1886 3232 1925 omnes
3262 1881 3568 1935 evaserunt,
3600 1886 3699 1940 po-

2124 1962 2280 2031 pulus
2318 1962 2552 2031 periculo
2597 1964 2850 2017 liberatus
2883 1973 2983 2028 est,
3015 1971 3069 2017 et
3109 1979 3236 2032 pura
3265 1963 3466 2033 potitur
3493 1965 3698 2018 securi-

2122 2061 2269 2106 tate:
2312 2054 2400 2122 qui
2444 2063 2622 2106 autem
2664 2053 3048 2122 rempublicam
3083 2054 3399 2118 tractabant,
3434 2062 3490 2107 et
3530 2068 3697 2121 equos

2121 2144 2265 2197 domi
2314 2144 2549 2209 alebant,
2593 2142 2772 2197 bravia
2808 2144 2858 2196 in
2898 2143 3280 2197 certaminibus
3305 2142 3690 2212 proponebant,

2118 2244 2170 2289 et
2197 2236 2298 2288 alia
2327 2235 2788 2301 administrabant,
2823 2236 2919 2305 ipsi
2957 2251 3230 2290 carcerem
3263 2252 3402 2289 nunc
3432 2236 3694 2299 habitant,

2117 2326 2183 2382 de
2218 2329 2467 2382 extremis
2500 2329 2705 2392 timent,
2746 2336 2800 2383 et
2840 2329 2906 2382 ab
2945 2328 3191 2381 omnibus
3239 2336 3563 2396 patratorum
3592 2329 3691 2382 soli

2119 2417 2249 2471 dant
2271 2433 2475 2487 prunas,
2507 2428 2559 2472 et
2590 2419 2641 2471 in
2664 2419 2916 2472 continuo
2947 2428 3088 2472 metu
3113 2418 3313 2482 vivunt,
3346 2418 3700 2487 omnibusque

2119 2525 2259 2564 nunc
2288 2511 2595 2566 miseriores
2629 2519 2771 2575 sunt,
2805 2525 2908 2564 non
2946 2517 3160 2579 propter
3191 2508 3546 2577 periculorum
3578 2524 3691 2561 ma-

2119 2601 2472 2670 gnitudinem,
2515 2602 2611 2657 sed
2655 2601 2775 2671 quia
2816 2601 3140 2671 praeteritum
3170 2608 3376 2669 tempus
3406 2598 3459 2652 in
3490 2598 3694 2653 deliciis

2115 2700 2355 2760 egerunt.

2184 2782 2241 2835 2.
2281 2782 2425 2836 Multi
2464 2797 2692 2852 namque
2713 2797 2831 2836 eum
2864 2797 2957 2835 eos
2986 2781 3322 2836 hortaremur
3350 2787 3403 2833 et
3451 2794 3696 2834 monere-

2117 2887 2255 2933 mus,
2280 2881 2340 2925 ut
2365 2887 2625 2941 generose
2658 2887 2747 2926 res
2768 2872 3017 2926 adversas
3039 2871 3260 2937 ferrent,
3290 2873 3537 2929 dicebant
3565 2893 3579 2929 :
3610 2872 3693 2926 Nil

2116 2980 2363 3033 umquam
2407 2965 2511 3019 tale
2542 2964 2782 3018 meditati
2814 2980 3017 3029 sumus,
3044 2980 3143 3019 nec
3173 2965 3294 3018 talia
3333 2964 3697 3035 philosophari

2115 3058 2397 3109 novimus:
2438 3038 2716 3125 propterea
2760 3072 2947 3126 magna
2978 3058 3275 3125 indigemus
3308 3058 3695 3113 consolatione.

2114 3147 2215 3201 Alii
2260 3164 2466 3202 rursum
2517 3157 2703 3219 putant
2742 3148 2933 3202 bonam
2978 3149 3332 3203 veletudinem
3380 3165 3499 3204 esse
3541 3149 3695 3202 volu-

2113 3240 2272 3307 ptatis
2299 3254 2552 3303 causam;
2591 3254 2695 3292 non
2740 3248 2820 3293 est
2858 3248 3031 3292 autem
3064 3258 3077 3292 :
3111 3240 3258 3292 multi
3305 3255 3532 3307 namque
3560 3239 3698 3292 bene

2115 3328 2348 3382 valentes
2370 3370 2385 3395 ,
2414 3339 2468 3384 et
2494 3331 2590 3399 ipsi
2628 3330 2820 3383 millies
2850 3330 2984 3383 mori
3020 3340 3370 3399 optaverunt,
3402 3331 3573 3384 illatas
3598 3332 3697 3383 sibi

2114 3436 2218 3474 non
2248 3420 2476 3475 ferentes
2503 3422 2742 3491 injurias.
2767 3423 2870 3475 Alii
2893 3437 3101 3475 rursum
3130 3421 3294 3491 gloria
3326 3422 3501 3490 potiri,
3530 3430 3584 3475 et
3608 3420 3699 3473 im-

2113 3514 2262 3581 perio
2288 3514 2590 3583 insignitum
2619 3529 2755 3575 esse,
2783 3522 2835 3567 et
2861 3514 3197 3583 magistratus
3221 3512 3615 3575 administrare,
3643 3520 3698 3565 et

2111 3619 2140 3656 a
2181 3605 2362 3658 multis
2401 3604 2791 3658 adulationibus
2822 3603 3149 3667 demulceri,
3191 3611 3461 3673 perpetuae
3501 3601 3697 3656 latitia:

2111 3712 2321 3750 causam
2345 3712 2462 3751 esse
2490 3696 2702 3759 dicunt;
2730 3692 2821 3748 sed
2851 3711 2947 3749 nec
2978 3694 3117 3748 istud
3140 3702 3244 3749 est.
3274 3695 3338 3747 Et
3359 3693 3484 3764 quid
3508 3694 3693 3762 loquor

2111 3786 2176 3841 de
2200 3788 2315 3840 aliis
2346 3787 2775 3857 magistratibus?
2805 3786 2916 3839 Etsi
2947 3786 3090 3839 enim
3116 3784 3181 3838 ad
3216 3785 3387 3853 ipsum
3416 3784 3696 3853 imperium

2114 3887 2287 3931 mente
2330 3877 2711 3942 ascendamus,
2755 3877 2807 3930 in
2852 3877 2943 3929 illo
2978 3891 3191 3945 quoque
3225 3877 3490 3930 viventem
3519 3874 3701 3928 multis

2110 3971 2527 4024 circumventum
2556 3970 2816 4023 molestiis
2852 3968 3182 4035 inveniemus
3212 3984 3226 4022 :
3257 3976 3312 4022 et
3345 3975 3491 4020 tanto
3521 3966 3700 4035 plures

2112 4063 2336 4117 tristitiae
2358 4062 2701 4117 necessitates
2724 4061 3025 4125 habentem,
3048 4068 3248 4129 quanto
3269 4059 3470 4128 majore
3487 4072 3698 4127 quoque

2110 4171 2286 4209 rerum
2314 4154 2449 4208 fastu
2478 4154 2835 4208 circumdatus
2870 4163 2972 4207 est.
3015 4152 3080 4205 Et
3119 4151 3244 4221 quid
3286 4166 3420 4219 opus
3462 4160 3516 4204 et
3558 4149 3693 4203 bella

2114 4260 2417 4316 pugnasque
2451 4257 2907 4307 commemorare,
2951 4250 3001 4296 et
3044 4242 3390 4295 barbarorum
3427 4239 3696 4292 insultus?

2111 4342 2254 4409 ipsos
2279 4353 2421 4407 saepe
2446 4337 2631 4402 timet,
2659 4338 2747 4405 qui
2774 4350 2953 4389 secum
2983 4334 3124 4387 domi
3161 4340 3566 4387 conversantur.
3596 4331 3691 4384 Ει-

2111 4431 2251 4485 enim
2288 4444 2469 4499 regum
2509 4428 2656 4481 mttlti
2700 4426 2977 4479 hostilibus
3010 4424 3174 4492 elapsi
3204 4422 3481 4485 manibus,
3511 4436 3696 4490 corpoo

2110 4521 2185 4575 ris
2228 4521 2307 4573 sui
2346 4518 2622 4573 custodum
2663 4517 2877 4570 insidias
2916 4532 3024 4569 non
3064 4514 3378 4583 effugerunt.
3421 4511 3524 4565 Tot
3565 4527 3694 4564 vero

2110 4612 2324 4682 regibus
2353 4610 2579 4665 tristitia:
2611 4609 2954 4662 necessitates
2994 4615 3152 4669 sunt,
3178 4613 3304 4674 quot
3345 4603 3476 4657 mari
3513 4600 3691 4655 undae.

2111 4703 2244 4757 Cum
2284 4702 2440 4772 igitur
2471 4715 2570 4755 nec
2607 4714 2829 4769 regnum
2867 4698 3025 4750 vitam
3066 4697 3180 4750 sine
3220 4693 3429 4749 tristitia
3473 4691 3697 4746 reddere

2114 4793 2309 4863 possit,
2336 4792 2461 4861 quid
2485 4791 2623 4845 aliud
2652 4791 2753 4843 hoc
2785 4799 3038 4858 prtestare
3077 4786 3309 4857 poterit?
3334 4784 3701 4839 Humannrum

2113 4886 2323 4954 quidem
2364 4884 2529 4949 nihil,
2572 4883 2664 4937 sed
2703 4883 2875 4936 solum
2915 4881 3062 4935 Pauli
3102 4881 3262 4933 breve
3302 4876 3441 4931 istud
3474 4886 3528 4931 et
3557 4877 3701 4930 exile

2113 4979 2333 5034 verbum
2378 4978 2529 5032 nobis
2576 4977 2719 5030 hunc
2762 4974 2965 5043 aperiet
3014 4972 3341 5026 thesaurum.
3390 4969 3508 5024 Non
3552 4971 3703 5042 eniml

2115 5073 2296 5128 multis
2325 5086 2456 5140 opus
2483 5079 2565 5125 est
2590 5068 2925 5123 sermonibus
2945 5106 2959 5129 ,
2990 5081 3087 5119 nec
3125 5065 3283 5132 longo
3308 5062 3565 5118 circuitu;
3602 5055 3700 5112 sed

2115 5166 2158 5218 si
2206 5165 2374 5219 solum
2415 5163 2612 5217 dictum
2657 5160 2950 5230 cogitemus
2974 5200 2989 5224 ,
3020 5159 3158 5211 viam
3196 5156 3259 5210 ad
3299 5154 3401 5208 hoc
3438 5154 3703 5209 ferentem

2118 5255 2444 5309 inveniemus
2486 5271 2499 5305 :
2544 5266 2641 5306 nec
2692 5251 2833 5305 enim
2882 5249 3193 5320 simpliciter
3233 5246 3366 5300 dixit
3405 5262 3417 5297 :
3459 5242 3700 5298 Gaudete

2118 5360 2350 5414 semper.
2372 5342 2467 5397 sed
2494 5342 2696 5396 addidit
2719 5341 2984 5395 continuze
3009 5336 3293 5406 voluptatis
3312 5349 3548 5397 causam,
3574 5347 3695 5433 Cll-tn
3740 5402 3748 5433 Ι

2115 5438 2247 5491 dixit
2278 5454 2291 5488 :
2322 5434 2546 5489 Gaudete
2582 5435 2635 5487 in
2675 5433 2892 5485 Domino
2916 5446 3108 5499 semper
3140 5426 3402 5499 (Philipp.
3436 5423 3488 5476 4.
3519 5422 3607 5487 4).
3641 5419 3696 5472 In

2119 5529 2345 5584 Domino
2384 5527 2618 5597 gaudens
2643 5566 2657 5588 ,
2700 5539 2762 5579 ex
2804 5521 3078 5576 accidente
3111 5518 3254 5571 nullo
3290 5516 3560 5581 voluptate
3601 5511 3701 5565 hac

2117 5620 2361 5674 excidere
2386 5627 2576 5687 potest.
2599 5615 2713 5670 Alia
2743 5629 2933 5679 nempe
2961 5621 3168 5671 cuncta,
3202 5610 3254 5660 in
3277 5606 3468 5676 quibus
3495 5601 3694 5667 gaude-

2118 5727 2234 5765 mus
2254 5750 2270 5773 ,
2302 5696 2571 5763 mutabilia
2599 5715 2757 5767 sunt,
2788 5702 3035 5757 volubilia
3058 5740 3073 5765 ,
3099 5708 3153 5753 et
3182 5698 3332 5751 facile
3371 5700 3646 5748 vertuntur
3679 5705 3691 5744 :

2120 5817 2217 5858 nec
2246 5802 2349 5856 hoc
2373 5800 2544 5855 solum
2570 5798 2767 5852 habent
2796 5794 3099 5857 molestum,
3122 5788 3214 5845 sed
3245 5789 3402 5844 etiam
3428 5782 3568 5853 quod
3591 5795 3714 5836 tua--
