4112 6388
391 333 494 390 183

391 448 568 502 nentia
606 462 709 502 non
747 456 941 502 tantam
980 446 1132 501 nobis
1159 445 1386 501 atierunt
1413 443 1767 513 voluptatem,
1796 451 1850 493 ut
1889 456 1954 494 ex

391 538 509 590 aliis
557 546 860 591 nascentem
903 537 1170 591 tristitiam
1213 535 1474 605 repellant
1507 542 1560 588 et
1597 531 1910 586 obumbrent
1941 547 1958 582 :

396 627 488 679 Dei
516 641 642 680 vero
671 627 828 680 timor
855 626 967 679 haec
990 625 1148 679 habet
1174 634 1414 694 utraque,
1441 623 1643 678 stabilis
1667 630 1747 676 est
1777 621 1962 672 immo-

394 726 602 785 tusque,
633 726 681 770 et
712 726 908 770 tantam
934 716 1123 770 emittit
1148 715 1400 779 laetitiam,
1427 724 1482 768 ut
1510 713 1683 767 nullus
1710 727 1804 765 nos
1830 709 1962 764 alio-

393 821 509 859 rum
547 820 732 860 sensus
775 805 1033 860 malorum
1073 805 1264 873 capiat.
1293 805 1392 870 Qui
1419 804 1583 858 Deum
1624 801 1797 864 enim,
1829 800 1964 854 sicut

393 905 642 962 Oportet,
672 896 818 950 timet
844 905 897 949 et
923 896 974 949 in
1003 895 1116 965 ipso
1142 895 1392 956 c‘bnfidit.
1424 892 1704 961 voluptatis
1732 890 1960 945 radicem

398 985 629 1038 lucratus
649 994 750 1048 est,
775 995 828 1040 et
848 1001 1057 1040 omnem
1086 985 1244 1040 habet
1269 984 1462 1038 Imtitite
1489 982 1687 1037 fontem
1715 1000 1727 1035 :
1752 991 1800 1036 et
1827 981 1964 1034 sicut

397 1073 447 1125 in
495 1089 639 1127 mare
681 1075 930 1129 decidens
977 1075 1293 1129 immensum
1340 1074 1564 1128 scintilla
1608 1087 1767 1142 parva
1813 1071 1964 1124 facile

393 1160 598 1215 deletur
627 1180 640 1216 :
669 1164 747 1216 sic
785 1174 1206 1234 quantacumque
1250 1163 1412 1217 Deum
1450 1161 1653 1217 timenti
1694 1162 1960 1225 incidant,

395 1251 538 1303 velut
561 1251 612 1304 in
635 1261 836 1306 vastum
867 1254 1059 1308 laetitiae
1086 1254 1300 1323 pelagus
1327 1253 1606 1307 incidentia
1633 1252 1966 1319 exstinguun-

397 1349 480 1393 tur
503 1351 660 1411 atque
691 1343 995 1410 perduntur.
1028 1345 1092 1396 Et
1119 1358 1304 1398 revera
1331 1343 1431 1397 hoc
1452 1351 1533 1396 est
1556 1341 1782 1395 maxime
1807 1341 1967 1394 mira-

395 1430 501 1484 bile
523 1471 540 1497 ,
582 1434 720 1501 quod
765 1449 882 1487 cum
913 1434 1087 1488 adsint
1123 1450 1238 1503 qua:
1276 1434 1589 1488 contristare
1621 1435 1823 1498 solent,
1853 1433 1967 1500 ipse

394 1520 629 1586 gaudens
655 1531 980 1589 permaneat.
1009 1523 1061 1576 Si
1091 1523 1219 1576 nihil
1249 1523 1390 1576 enim
1429 1523 1578 1576 triste
1603 1521 1830 1587 adesset,
1859 1537 1964 1575 non

400 1620 543 1664 esset
585 1611 683 1678 ipsi
729 1628 977 1682 magnum
1021 1629 1231 1682 semper
1280 1628 1433 1682 posse
1480 1613 1747 1682 gaudere;
1789 1613 1967 1666 inultis

399 1710 574 1754 autem
614 1702 1034 1757 incumbentibus
1058 1745 1071 1766 ,
1109 1719 1226 1772 qua:
1265 1704 1315 1757 in
1354 1704 1616 1757 tristitiam
1656 1703 1925 1770 impellant
1948 1742 1964 1767 ,

397 1791 643 1844 omnibus
663 1807 784 1847 esse
804 1795 1128 1862 superiorem
1151 1806 1205 1847 et
1232 1795 1281 1846 in
1304 1794 1492 1848 mediis
1521 1793 1757 1848 tristibus
1776 1794 1963 1859 lunari,

398 1882 498 1936 huc
527 1892 606 1937 est
633 1883 962 1940 admirabile.
1001 1886 1066 1940 Et
1103 1887 1237 1939 sicut
1268 1894 1374 1939 tres
1409 1899 1601 1953 pueros
1635 1900 1741 1939 non
1774 1885 1968 1939 arsisse

397 1977 679 2030 miraretur
720 1993 876 2032 nemo
901 2017 914 2043 ,
957 1978 1002 2032 si
1048 1979 1228 2047 procul
1268 1993 1295 2030 a
1341 1977 1654 2047 Babylonica
1698 1977 1969 2032 stetissent

397 2065 610 2120 fornace
648 2084 660 2120 :
698 2066 836 2135 quod
875 2067 1015 2121 enim
1057 2083 1242 2122 omnes
1278 2068 1672 2129 consternavit,
1713 2067 1812 2122 hoc
1854 2077 1964 2129 est,

395 2156 535 2223 quod
561 2159 610 2210 in
635 2158 753 2227 igne
777 2167 979 2213 tantum
1005 2160 1261 2228 temporis
1284 2161 1496 2222 versati,
1524 2159 1695 2214 minus
1715 2160 1823 2214 Lesi
1845 2169 1968 2214 sunt

395 2247 616 2313 egressi,
647 2264 800 2316 quam
831 2249 918 2317 qui
948 2251 1144 2302 versati
1173 2265 1275 2302 non
1306 2249 1512 2303 fuerant
1542 2267 1556 2303 :
1581 2250 1658 2304 sic
1688 2258 1742 2304 et
1766 2250 1818 2303 in
1845 2265 1968 2304 san-

394 2336 493 2389 ctis
519 2336 696 2392 dicere
727 2339 882 2401 licet,
909 2340 1048 2408 quod
1083 2340 1127 2393 si
1157 2341 1293 2394 nulla
1327 2341 1453 2410 ipsis
1491 2339 1768 2395 institisset
1794 2349 1966 2394 tenta-

395 2431 502 2496 tio,
536 2431 677 2500 ipsos
719 2441 974 2502 perpetuo
1011 2434 1218 2502 gavisos
1257 2449 1376 2488 esse
1419 2449 1523 2486 non
1562 2433 1963 2487 admiraremur.

399 2519 626 2589 Stupore
653 2533 827 2576 autem
855 2523 1069 2592 dignum
1091 2564 1106 2586 ,
1138 2533 1191 2576 et
1217 2538 1372 2591 supra
1412 2533 1652 2576 naturam
1681 2522 1965 2576 humanam

396 2610 498 2667 hoc
535 2622 615 2666 est
640 2654 654 2674 .
695 2614 836 2683 quod
888 2615 1105 2669 infinitis
1150 2615 1381 2684 undique
1425 2615 1578 2668 undis
1615 2614 1964 2681 circumdati,

399 2705 769 2773 tranquillitate
798 2721 926 2774 pura
958 2706 1250 2760 fruentihus
1280 2707 1467 2759 melius
1494 2705 1668 2760 allecti
1698 2706 1824 2758 sint.

475 2794 564 2848 Vir
585 2795 751 2863 ﬁdelis
773 2799 1006 2849 continua
1033 2798 1218 2866 fruitur
1244 2795 1512 2866 uoluptate.
1537 2825 1608 2836 —
1631 2795 1778 2861 Quod
1808 2795 1968 2865 igitur

400 2886 600 2939 nullam
629 2887 945 2940 exteriorem
974 2889 1128 2940 vitam
1163 2888 1408 2957 gaudium
1436 2887 1740 2942 continuum
1770 2887 1968 2942 haben-

398 2987 504 3030 tem
527 2977 951 3040 invenireliceat,
979 2995 1042 3031 ex
1073 2979 1226 3032 dictis
1257 2987 1399 3046 patet
1422 2995 1436 3044 ;
1463 2978 1602 3047 quod
1630 2988 1803 3032 autem
1833 2978 1965 3032 ﬁde-

399 3069 463 3120 lis
492 3084 596 3122 non
626 3069 792 3138 possit
817 3086 921 3123 non
951 3071 1194 3124 continua
1231 3071 1327 3124 frui
1358 3071 1642 3140 voluptate,
1673 3086 1880 3124 rursum
1913 3079 1966 3124 et

396 3159 496 3214 hoc
534 3160 704 3229 ipsum
733 3159 1098 3216 demonstrare
1126 3163 1377 3226 conabor,
1401 3177 1505 3216 non
1529 3170 1584 3216 ut
1612 3161 1825 3215 discatis
1854 3169 1968 3214 tan-

403 3261 510 3302 tum
533 3293 545 3314 ,
575 3250 667 3305 sed
698 3251 856 3305 etiam
887 3261 942 3306 ut
967 3253 1101 3307 hanc
1135 3253 1342 3306 tristitia
1370 3260 1637 3306 carentem
1686 3253 1846 3305 vitam
1877 3267 1967 3306 se-

394 3341 629 3395 t-temini.
659 3341 740 3395 Sit
778 3343 918 3396 enim
946 3344 1134 3412 aliquis
1160 3344 1288 3396 nihil
1320 3343 1371 3397 in
1397 3358 1457 3398 se
1485 3343 1837 3397 damnandum
1869 3343 1966 3395 ha-

396 3430 546 3494 bens,
573 3430 665 3486 sed
694 3432 830 3487 bona
861 3433 1022 3488 fretus
1047 3435 1388 3497 conscientia,
1417 3435 1480 3488 ad
1513 3435 1685 3488 futura
1711 3435 1966 3488 anhelans

395 3531 450 3574 et
477 3534 792 3591 exSpectans
817 3525 960 3580 illam
989 3526 1191 3578 beatam
1223 3543 1404 3594 spem:
1433 3526 1555 3596 quid
1585 3527 1744 3591 hunc,
1763 3540 1962 3596 qnmso,

395 3612 450 3664 in
478 3613 739 3667 tristitiam
773 3616 963 3683 poterit
992 3616 1284 3670 inducere?
1310 3616 1496 3670 Nonne
1535 3617 1777 3671 omnibus
1807 3619 1966 3674 rebus

395 3703 774 3759 lntolerabilior
805 3721 946 3759 mors
975 3722 1091 3760 esse
1117 3707 1470 3761 videtur?sed
1502 3707 1656 3775 hujus
1685 3721 1964 3776 exstiecta-

396 3797 470 3849 tio
499 3813 601 3850 non
630 3805 828 3851 tantum
860 3799 1030 3866 ipsum
1069 3815 1172 3853 non
1210 3801 1515 3864 contristat,
1548 3816 1730 3854 verum
1775 3811 1827 3853 et
1866 3817 1964 3869 po-

397 3885 500 3939 tius
527 3887 787 3942 delectat:
818 3889 960 3941 novit
985 3889 1125 3941 enim
1159 3890 1342 3944 mortis
1369 3890 1698 3958 praesentiam
1727 3889 1964 3945 laborum

395 3991 516 4030 esse
547 3977 944 4042 liberationem,
977 3987 1029 4032 et
1064 3994 1278 4033 cursum
1321 3981 1386 4032 ad
1427 3995 1651 4035 coronas
1691 3988 1748 4034 et
1788 3980 1964 4034 bravia

396 4079 492 4133 pro
517 4066 707 4134 pietate
732 4075 784 4121 et
812 4071 1004 4122 virtute
1035 4069 1381 4137 pugnantibus
1406 4071 1657 4139 reposita.
1687 4070 1789 4124 Sed
1831 4071 1965 4123 filiu-

395 4171 514 4210 rum
545 4160 820 4214 immatura
849 4162 1033 4214 mors?
1061 4178 1242 4216 verum
1271 4173 1324 4216 et
1355 4165 1452 4216 hoc
1476 4177 1733 4233 generose
1759 4163 1878 4228 fert,
1912 4173 1966 4220 et

394 4246 535 4302 dicet
562 4248 678 4303 Jobi
709 4251 866 4304 verba
901 4269 914 4304 :
947 4251 1192 4306 Dominus
1229 4254 1398 4320 dedit,
1445 4252 1693 4307 Dominus
1718 4254 1920 4308 abstulit
1947 4271 1966 4309 :

392 4346 518 4392 sicut
545 4339 760 4395 Domino
799 4343 955 4396 visum
982 4353 1087 4412 est,
1129 4345 1200 4398 ita
1229 4354 1274 4398 et
1309 4349 1499 4416 factum
1539 4356 1612 4400 est
1638 4363 1656 4401 :
1681 4348 1744 4400 sit
1789 4364 1964 4401 nomen

396 4429 601 4484 Domini
642 4433 947 4488 benedictum
983 4436 1036 4489 in
1073 4438 1258 4490 scecula
1296 4435 1441 4509 (Job
1471 4439 1523 4492 1.
1554 4438 1616 4491 21
1649 4437 1688 4508 ).
1734 4439 1788 4494 Si
1839 4454 1966 4494 vero

393 4536 541 4576 mors
591 4531 645 4576 et
699 4523 929 4580 ﬁliorum
970 4525 1177 4595 jaCtura
1229 4534 1540 4583 contristare
1588 4545 1694 4583 non
1746 4539 1960 4599 potest,

395 4615 563 4668 multo
588 4616 759 4669 minus
788 4618 1127 4685 pecuniarum
1161 4619 1364 4688 jactura
1381 4661 1396 4685 ,
1423 4630 1476 4674 et
1517 4623 1849 4677 contumelia:
1871 4637 1962 4676 ac-

352 4709 353 4712 ‘
394 4705 696 4759 cusationes
729 4715 784 4760 et
810 4708 1090 4763 calumniae
1133 4718 1238 4763 tam
1281 4726 1526 4780 magnum
1557 4723 1609 4766 et
1648 4727 1962 4782 generosum

394 4793 630 4848 animum
657 4805 872 4864 tangere
899 4811 1133 4868 possent,
1161 4815 1331 4870 neque
1353 4803 1591 4869 corporis
1616 4801 1767 4857 dulOt‘
1791 4821 1805 4858 :
1827 4820 1963 4872 quo-

396 4885 537 4938 niam
562 4894 616 4939 et
641 4889 861 4954 apostoli
885 4888 1279 4958 flagellabantur
1307 4892 1538 4962 quidem,
1569 4893 1661 4947 sed
1687 4909 1791 4947 non
1813 4893 1962 4950 dole-

394 4975 540 5030 bant.
574 4977 758 5047 Magna
787 4980 997 5049 quidem
1038 4991 1159 5035 sunt
1192 4993 1246 5037 et
1289 4983 1430 5050 ha-c,
1462 4983 1557 5037 sed
1588 4986 1752 5038 nmlto
1791 4986 1962 5054 majus

391 5077 505 5133 est,
535 5069 677 5138 quod
719 5086 823 5124 non
865 5082 1064 5126 tantum
1100 5089 1205 5127 non
1234 5073 1481 5128 dolebant
1507 5115 1522 5138 ,
1554 5089 1735 5129 verum
1764 5085 1815 5129 et
1847 5076 1959 5144 ipsa

391 5160 594 5230 ﬂagella
624 5164 838 5232 majoris
866 5167 1136 5220 materiam
1165 5165 1424 5220 faciebant
1447 5166 1755 5236 voluptatis,
1786 5179 1837 5222 et
1879 5184 1962 5222 re-

393 5260 736 5310 vertebantur
776 5272 806 5311 a
843 5257 976 5312 facie
1017 5259 1225 5313 concilii
1263 5259 1584 5325 gaudentes,
1633 5259 1775 5328 quod
1816 5261 1959 5328 digni

393 5347 600 5400 fuerant
642 5345 803 5400 habiti
844 5364 942 5417 pro
985 5350 1198 5403 nomine
1228 5348 1420 5402 Christi
1448 5350 1819 5403 contumeliam
1851 5351 1957 5419 pati

391 5438 537 5506 (Act.
557 5439 610 5494 5.
644 5439 754 5506 ill).
784 5439 1110 5496 Contumelia
1141 5449 1195 5496 et
1221 5441 1459 5496 convicio
1496 5441 1614 5509 quis
1646 5441 1800 5495 talem
1828 5442 1959 5496 affe-

390 5528 506 5581 cit?
528 5528 620 5582 sed
643 5545 671 5581 a
704 5529 914 5584 Christo
937 5531 1166 5600 gaudere
1205 5533 1472 5586 institutus
1496 5541 1575 5585 est
1607 5531 1657 5584 in
1688 5541 1961 5587 contumea

390 5619 496 5674 liis.
523 5617 564 5674 ϐ
569 5624 746 5675 audete
773 5623 944 5687 enim,
976 5624 1175 5694 inquit,
1205 5633 1251 5677 et
1280 5625 1555 5686 exsultate,
1587 5641 1700 5678 cum
1743 5625 1960 5680 dixerint

391 5727 534 5764 enim
575 5711 764 5765 malum
807 5716 1006 5767 verbum
1047 5727 1219 5768 contra
1268 5731 1351 5770 vos
1404 5714 1690 5768 mentientes
1711 5755 1728 5784 ,
1757 5726 1958 5786 prapter

1105 332 1160 389 S.
1200 328 1472 388 JOANNIS
1509 323 1972 383 CllRYSOSTOMl
2014 323 2327 380 ARClllEP.
2365 323 2895 382 CONSTANTINOP.

3507 328 3608 386 I84

2066 457 2164 504 me,
2183 441 2418 509 quoniam
2445 458 2627 498 merces
2648 454 2808 498 vestra
2830 446 2989 498 multa
3015 455 3086 500 est
3111 446 3162 499 in
3189 443 3546 513 cclisUIatth.
3564 445 3621 500 5.

2067 533 2153 586 tl.
2186 533 2252 586 12
2269 535 2306 600 ).
2332 533 2435 588 Sed
2462 534 2512 587 in
2540 536 2779 590 morbum
2805 536 3018 590 incidit?
3037 551 3221 592 verum
3245 536 3440 590 audivit
3463 536 3621 589 alium

2064 621 2434 676 admonentem
2462 633 2516 676 et
2537 625 2796 679 dicentem
2826 643 2839 679 :
2871 624 2937 679 In
2966 627 3136 680 morbo
3172 635 3217 678 et
3239 635 3529 695 paupertate
3569 626 3622 677 in

2064 712 2172 780 ipso
2199 712 2424 779 conﬁdas
2451 728 2470 767 :
2494 698 2729 782 quoniam
2770 717 2896 768 sicut
2922 717 2974 769 in
3005 716 3120 786 igne
3144 715 3380 782 probatur
3407 729 3584 766 aurum
3605 753 3623 778 ,

2064 803 2136 854 sic
2151 802 2387 856 'homines
2410 804 2734 873 acceptabiles
2757 806 2810 858 in
2837 809 3040 876 fornace
3061 805 3420 859 humiliationis
3440 803 3625 873 (Eccli.

2064 889 2118 944 2.
2143 891 2196 944 4.
2228 892 2303 961 5).
2331 890 2461 947 Cum
2504 895 2657 964 igitur
2701 911 2870 966 neque
2896 910 3060 959 mors,
3091 911 3262 966 neque
3286 896 3625 966 pecuniarum

2061 979 2263 1047 jactura
2283 1023 2297 1048 ,
2327 997 2497 1051 neque
2539 985 2777 1054 corporis
2803 986 3093 1056 aegritudo,
3126 1001 3296 1055 neque
3322 986 3625 1054 ignominia,

2067 1084 2238 1138 neque
2279 1072 2601 1138 convicium,
2630 1089 2802 1143 neque
2839 1075 3107 1144 quidpiam
3147 1075 3288 1130 aliud
3329 1074 3627 1143 hujusmodi

2067 1161 2237 1229 ipsum
2281 1164 2593 1219 contristare
2641 1167 2806 1234 possit
2843 1181 3025 1220 verum
3067 1174 3122 1220 et
3159 1167 3323 1235 magis
3365 1165 3627 1224 delectet.

2066 1267 2223 1320 quam
2255 1269 2500 1323 umquam
2531 1255 2754 1310 tristitia:
2783 1258 3057 1311 materiam
3092 1256 3497 1324 babebit?Quid
3533 1257 3630 1326 igi-

2068 1349 2170 1408 tur,
2199 1343 2398 1413 inquit,
2420 1345 2586 1398 sancti
2631 1361 2736 1400 non
2779 1345 3072 1402 dolebant?
3100 1362 3204 1401 non
3231 1346 3383 1400 audis
3409 1346 3627 1401 Paulum

2067 1432 2328 1488 dicentem
2360 1452 2373 1488 :
2396 1433 2620 1488 Tristitia
2644 1437 2765 1489 mihi
2785 1453 2966 1506 magna
2989 1446 3079 1499 est,
3111 1445 3158 1490 et
3184 1436 3462 1489 indesinens
3487 1435 3633 1489 dolor

2067 1522 2207 1575 cordi
2231 1539 2337 1576 meo
2362 1523 2536 1592 (Rom.
2565 1523 2616 1579 9.
2641 1524 2741 1594 2)?
2768 1524 2880 1580 Hoc
2905 1525 3075 1593 ipsum
3105 1540 3295 1594 nempe
3320 1524 3630 1579 admirabile

2069 1621 2181 1681 est,
2212 1615 2351 1682 quod
2392 1615 2596 1669 tristitia
2627 1615 2864 1682 lucrum,
2895 1625 2949 1670 et
2985 1616 3305 1684 voluptatem
3341 1631 3405 1670 ex
3448 1614 3586 1668 luctu
3610 1616 3627 1647 ⁸

2071 1704 2287 1760 ferebat.
2306 1704 2453 1761 Sicut
2477 1707 2616 1762 enim
2638 1706 2841 1777 ﬂagella
2873 1722 2977 1762 non
3003 1708 3234 1773 dolores,
3262 1706 3352 1762 sed
3373 1707 3628 1768 laetitiam,

2069 1795 2146 1849 sic
2171 1812 2376 1850 rursum
2401 1807 2454 1852 et
2495 1798 2700 1852 tristitia
2727 1813 2939 1867 magnas
2970 1799 3082 1853 illas
3110 1798 3444 1867 comparabat
3473 1812 3630 1852 coro-

2069 1901 2184 1940 nas.
2214 1886 2280 1940 Et
2310 1887 2409 1942 hoc
2437 1897 2520 1942 est
2543 1888 2882 1955 admirabile,
2912 1889 3053 1960 quod
3080 1890 3261 1945 mundi
3288 1906 3392 1944 non
3419 1891 3628 1943 tristitia

2069 1983 2299 2042 tantum,
2332 1994 2512 2032 verum
2543 1988 2596 2034 et
2631 1979 2811 2032 hetitia
2840 1979 3090 2034 damnum
3120 1978 3279 2035 habet
3298 1989 3586 2036 extremum
3614 1997 3628 2033 :

2071 2066 2121 2119 in
2163 2066 2528 2134 Spiritualibus
2570 2084 2695 2124 vero
2732 2070 3053 2124 contrarium
3084 2079 3272 2136 totum,
3307 2085 3410 2124 non
3452 2071 3629 2124 lanitia

2072 2165 2292 2224 tantum,
2319 2175 2500 2213 verum
2547 2170 2600 2214 et
2643 2161 2850 2214 tristitia
2894 2161 3113 2214 multum
3162 2161 3322 2215 habet
3374 2161 3630 2214 bonorum

2073 2247 2398 2302 thesaurum.
2427 2250 2581 2306 Verbi
2607 2253 2772 2320 gratia
2802 2269 2815 2305 :
2840 2252 3030 2322 gaudet
3054 2252 3172 2322 quis
3199 2253 3250 2308 in
3267 2251 3462 2307 mundo
3494 2267 3631 2321 scepe

2070 2339 2337 2395 inimicum
2389 2341 2714 2396 laborantem
2753 2343 2966 2406 videns,
2992 2352 3047 2397 et
3085 2360 3178 2412 per
3216 2344 3353 2398 hanc
3400 2344 3630 2398 laetitiam

2071 2429 2290 2483 multam
2329 2431 2427 2485 sibi
2455 2431 2671 2485 attrahit
2695 2447 2904 2502 poenam
2931 2449 2946 2486 :
2970 2432 3115 2486 dolet
3139 2448 3346 2487 rursum
3367 2434 3483 2502 quis
3502 2433 3630 2486 alius

2074 2518 2289 2574 fratrem
2321 2519 2522 2590 lapsum
2544 2522 2749 2590 videns,
2768 2531 2821 2576 et
2850 2539 2944 2591 per
2971 2522 3107 2577 hanc
3135 2523 3396 2577 tristitiam
3418 2525 3631 2578 multant

2067 2607 2166 2661 sibi
2192 2610 2328 2677 apud
2360 2610 2524 2664 Deum
2559 2611 2974 2666 benevolentiam
3000 2622 3286 2684 comparat.

2145 2699 2368 2754 Tristitia
2385 2703 2654 2754 secundum
2693 2701 2859 2756 Deum
2897 2704 3054 2756 multo
3096 2703 3272 2757 melior
3305 2715 3375 2757 est
3416 2703 3631 2756 humana

2069 2789 2258 2843 lwtitia.
2281 2819 2352 2830 -—-
2374 2790 2560 2846 Cernis
2587 2793 2852 2861 quomodo
2883 2793 3171 2847 secundum
3217 2792 3382 2848 Deum
3427 2794 3631 2848 tristitia

2069 2883 2249 2936 mundi
2276 2883 2454 2936 laetitia
2486 2885 2672 2939 melior
2711 2884 2781 2939 sit
2809 2895 2861 2939 et
2889 2884 3106 2939 utilior?
3130 2885 3218 2940 Sic
3235 2893 3290 2940 et
3316 2885 3505 2939 Paulus
3542 2885 3634 2938 tri-

2067 2975 2306 3030 stabatur
2327 2984 2542 3045 propter
2569 2992 2682 3044 eos,
2712 2977 2801 3046 qui
2825 2985 3106 3046 peccarent
3147 2986 3201 3033 et
3238 2978 3348 3032 Deo
3373 2993 3480 3033 non
3517 2993 3633 3034 cre-

2067 3065 2285 3131 derent,
2319 3078 2373 3121 et
2419 3083 2483 3121 ex
2538 3066 2638 3122 hac
2686 3068 2894 3122 tristitia
2936 3067 3152 3122 multam
3199 3068 3296 3122 sibi
3351 3069 3632 3136 repositam

2068 3155 2294 3210 habebat
2318 3157 2641 3212 mercedem.
2667 3157 2736 3214 Ut
2761 3169 2938 3212 autem
2973 3159 3298 3214 manifestius
3342 3159 3482 3230 quod
3515 3160 3631 3215 dico

2068 3245 2276 3310 faciam,
2297 3254 2351 3301 et
2376 3247 2611 3314 discatis,
2633 3248 2755 3303 licet
2784 3260 2976 3316 praeter
2997 3250 3298 3318 Opinionem
3322 3252 3390 3306 sit
3415 3251 3628 3317 dictum,

2069 3345 2244 3391 tamen
2279 3353 2460 3392 verum
2503 3354 2622 3394 esse
2646 3380 2660 3404 ,
2687 3348 2741 3394 et
2775 3340 2974 3394 luctum
3013 3356 3155 3412 smpe
3183 3343 3354 3398 solere
3396 3343 3631 3399 dolentes

2067 3428 2269 3482 animas
2297 3444 2563 3497 reparare,
2587 3439 2640 3483 et
2665 3431 3040 3485 conscientiam
3069 3443 3334 3502 gravatam
3361 3434 3629 3490 relevare:

2068 3519 2246 3571 multm
2272 3520 2465 3588 saepius
2493 3520 2740 3574 mulieres
2769 3521 3229 3577 desideratissimis
3257 3524 3464 3579 amissis
3490 3523 3630 3591 ﬁliis,

2068 3608 2111 3660 si
2158 3608 2537 3676 prohibeantur
2574 3611 2782 3677 quidem
2833 3609 2996 3677 flere,
3028 3612 3206 3681 lugere
3246 3623 3300 3668 et
3343 3615 3630 3683 conqueri,

2067 3698 2472 3766 disrumpuntur
2492 3709 2544 3755 et
2577 3709 2828 3770 pereunt;
2873 3703 2916 3755 si
2942 3717 3069 3756 vero
3095 3704 3428 3759 manentium
3455 3707 3631 3760 omnia

2072 3787 2318 3857 fecerint,
2361 3791 2666 3846 relevantur
2706 3801 2759 3846 et
2794 3793 3208 3848 consolationem
3246 3797 3524 3866 accipiunt.
3568 3798 3633 3851 Et

2065 3880 2190 3950 quid
2230 3881 2562 3947 mirandum,
2613 3884 2656 3936 si
2705 3884 2755 3937 in
2805 3883 3113 3938 mulieribus
3159 3883 3261 3938 hoc
3305 3885 3391 3950 fit,
3423 3887 3632 3956 quando

2066 3971 2224 4024 etiam
2267 3973 2438 4041 ipsum
2481 3973 2791 4042 prophetam
2838 3973 2938 4029 hoc
2976 3975 3262 4043 patientem
3304 3976 3482 4032 videre
3513 3977 3633 4047 quis

2067 4061 2276 4129 possit?
2305 4061 2426 4116 Ideo
2455 4062 2761 4132 frequenter
2782 4063 2986 4119 dicebat
3015 4083 3030 4120 :
3057 4066 3219 4120 Sinite
3244 4083 3340 4131 me,
3365 4084 3534 4120 amare
3553 4069 3634 4121 lu-

2065 4153 2186 4222 gebo
2208 4171 2228 4206 :
2257 4154 2410 4207 nolite
2449 4154 2744 4208 contendere
2764 4196 2780 4220 ,
2808 4165 2862 4208 ut
2902 4157 3224 4211 consolemini
3269 4175 3418 4226 super
3443 4161 3632 4212 contri-

2067 4243 2200 4296 tione
2235 4243 2356 4311 ﬁlia:
2381 4244 2574 4314 generis
2617 4243 2712 4297 mei
2741 4243 2902 4314 (Isai.
2933 4244 3020 4299 22.
3051 4246 3135 4314 4).
3163 4245 3340 4316 Itaque
3368 4263 3508 4316 sape
3537 4249 3636 4304 tri-

2067 4333 2208 4385 stitia
2246 4332 2402 4387 affert
2441 4334 2887 4400 consolationem;
2917 4335 2961 4388 si
2991 4345 3169 4390 autem.
3207 4337 3257 4390 in
3297 4338 3494 4392 mundo
3532 4339 3634 4394 hoc

2067 4424 2128 4477 fit
2156 4425 2322 4478 multo
2349 4424 2515 4494 magis
2544 4425 2594 4478 in
2623 4425 2780 4480 rebus
2820 4427 3198 4494 spiritualibus.
3232 4427 3512 4496 l’rOpterea
3551 4429 3634 4482 di-

2066 4515 2174 4568 cit:
2204 4513 2492 4569 Secundum
2516 4514 2680 4569 Deum
2698 4526 2862 4569 autem
2892 4517 3095 4570 tristitia
3123 4519 3461 4586 paenitentiam
3483 4521 3535 4573 in
3552 4538 3638 4574 sa-

2067 4604 2218 4658 lutem
2260 4607 2486 4659 stabilem
2512 4619 2748 4677 aperatur
2775 4607 2870 4679 (2.
2894 4606 3013 4663 Cor.
3041 4609 3093 4662 7.
3123 4609 3242 4680 10).
3274 4609 3343 4665 Ει
3383 4611 3482 4666 hoc
3518 4615 3633 4683 qui-

2066 4695 2188 4748 dem
2234 4695 2516 4750 obscurum
2565 4711 2683 4751 esse
2724 4697 2963 4762 videtur;
2995 4698 3134 4766 quod
3179 4710 3354 4754 autem
3398 4702 3524 4756 dicit
3552 4716 3630 4758 est

2069 4785 2366 4855 hujusmodi
2392 4807 2406 4842 :
2436 4787 2492 4842 Si
2521 4788 2587 4842 de
2623 4789 2856 4857 pecuniis
2884 4791 3118 4844 tristatus
3149 4792 3338 4853 fueris,
3371 4793 3496 4854 nihil
3521 4810 3632 4864 pro-

2066 4877 2235 4932 fecisti
2264 4892 2280 4931 :
2309 4878 2352 4932 si
2383 4877 2436 4932 in
2465 4878 2802 4948 tegritudine,
2831 4879 2960 4933 nihil
2987 4881 3214 4935 lucratus
3247 4897 3307 4936 es
3326 4924 3341 4948 ,
3370 4899 3550 4938 verum
3579 4897 3634 4940 et

2067 4969 2232 5037 magis
2263 4968 2487 5037 teipsum
2516 4969 2826 5022 contrivisti.

2135 5063 2188 5116 5.
2232 5061 2299 5115 Et
2323 5075 2421 5131 ego
2455 5060 2666 5130 quidem
2708 5061 2902 5115 multos
2943 5060 3117 5115 audivi
3147 5071 3262 5129 post
3291 5063 3446 5118 talem
3475 5081 3635 5134 expc-

2065 5153 2308 5206 rientiam
2350 5166 2407 5206 se
2433 5161 2741 5207 accusantes
2763 5194 2776 5214 ,
2808 5161 2860 5205 et
2885 5151 2948 5206 ad
2976 5153 3178 5221 seipsos
3200 5153 3474 5210 dicentes:
3507 5158 3635 5224 Qua:

2068 5243 2284 5304 utilitas,
2311 5241 2450 5312 quod
2475 5241 2656 5296 dolui?
2681 5257 2780 5296 nec
2808 5244 3055 5310 pecunias
3082 5246 3408 5311 recuperavi,
3439 5257 3489 5299 et
3519 5263 3632 5299 mc-

2066 5335 2234 5402 ipsum
2271 5334 2404 5388 laesi.
2432 5332 2486 5388 Si
2516 5348 2642 5387 vero
2669 5332 2735 5386 de
2757 5341 2974 5402 peccato
3005 5335 3261 5398 tristeris,
3292 5333 3393 5387 hoc
3421 5336 3630 5401 delt'Sll,

2065 5437 2119 5480 et
2155 5428 2435 5479 maximam
2474 5427 2705 5480 lucratus
2744 5441 2802 5480 es
2829 5426 3168 5494 voluptatem.
3197 5425 3251 5480 Si
3280 5425 3346 5480 de
3387 5427 3633 5483 fratribus

2065 5519 2230 5588 lapsis
2250 5517 2601 5580 contristeris,
2630 5517 2854 5584 teipsum
2884 5515 3121 5570 hortatus
3143 5530 3202 5570 es
3226 5525 3279 5569 et
3307 5517 3627 5582 consolatus,

2064 5621 2117 5666 et
2161 5612 2277 5664 illos
2319 5624 2527 5664 rursum
2576 5607 2897 5676 recuperasti
2925 5623 2941 5664 :
2971 5607 3112 5676 quod
3157 5607 3203 5662 si
3245 5606 3374 5663 nihil
3403 5615 3455 5663 et
3500 5607 3630 5676 ipsis

2131 5724 2149 5754 ¹
2184 5725 2254 5772 Sic
2272 5719 2408 5773 Savil.
2428 5727 2475 5769 In
2500 5727 2568 5779 8.,
2589 5718 2738 5780 lucro,
2766 5731 2870 5782 pro,
2902 5714 3051 5769 luctu.
