4112 6388
306 351 410 407 183

303 464 612 519 ἀλλοιοῦται
645 453 838 537 ῥᾳδίως
863 484 874 496 ·
914 469 1005 522 καὶ
1046 467 1105 519 οὐ
1138 468 1296 520 τοῦτο
1337 469 1498 538 μόνον
1538 468 1652 538 ἔχει
1686 467 1747 520 τὸ
1773 465 1968 528 δεινὸν,

303 551 418 603 ἀλλ’
449 553 532 605 ὅτι
573 551 665 604 καὶ
702 553 933 620 μένοντα
976 555 1038 607 οὐ
1088 555 1320 625 παρέχει
1367 555 1640 626 τοσαύτην
1687 555 1818 624 ἡμῖν
1871 553 1971 624 τὴν

300 639 522 710 ἡδονὴν.
546 639 621 702 ὡς
635 640 732 710 τὴν
749 641 813 693 ἐκ
830 640 938 693 τῶν
963 641 1139 695 ἄλλων
1165 644 1296 713 ἡμῖν
1320 643 1708 714 ἐπιγινομένην
1733 642 1972 712 ἀθυμίαν

303 725 735 793 διακρούεσθαιΙΙ
781 729 876 781 καὶ
916 728 1265 793 συσκιάζειν·
1301 732 1330 784 ό
1370 730 1426 783 δὲ
1470 730 1565 784 τοῦ
1614 730 1750 782 Θεοῦ
1809 730 1972 798 φόϐος

302 812 588 882 ἀμφότερα
609 813 781 866 ταῦτα
805 814 939 884 ἔχει,
977 815 1192 884 βέϐαιός
1229 817 1289 868 τέ
1325 817 1440 870 ἐστι
1465 818 1559 870 καὶ
1581 817 1856 887 ἀκίνητος,
1876 818 1972 870 καί

300 899 568 969 τοσαύτην
599 899 750 972 βρύει
773 903 965 972 χαρὰν,
993 902 1068 966 ὡς
1103 903 1373 974 μηδεμίαν
1405 906 1551 976 ἡμᾶς
1583 904 1834 975 αἴσθησιν
1864 905 1972 957 τῶν

300 983 477 1038 ἀλλων
525 987 823 1056 λαμϐάνειν
883 989 1092 1043 δεινῶν.
1139 991 1200 1043 '0
1246 991 1357 1062 γὰρ
1407 993 1502 1044 τὸν
1534 992 1688 1052 Θεὸν,
1727 993 1802 1055 ὡς
1843 991 1968 1062 χρὴ,

301 1071 656 1143 φοϐούμενος,
689 1075 785 1129 καὶ
817 1077 904 1128 ἐπ’
932 1076 1083 1148 αὐτῷ
1114 1077 1356 1150 θαρρῶν,
1397 1079 1498 1150 τὴν
1533 1080 1690 1148 ῥίζαν
1717 1079 1972 1146 ἐκαρπώ-

301 1174 431 1210 σατο
475 1160 577 1228 τῆς
617 1160 846 1232 ἡδονῆς,
899 1165 993 1216 καὶ
1033 1167 1213 1218 πᾶσαν
1254 1165 1356 1236 τῆς
1401 1165 1664 1236 εὐθυμίας
1711 1166 1823 1235 ἔχει
1871 1165 1970 1237 τὴν

299 1247 506 1317 πηγήν.
559 1249 671 1301 Καὶ
730 1249 985 1323 καθάπερ
1027 1253 1108 1315 είς
1161 1253 1396 1323 πέλαγος
1455 1254 1684 1326 ἄπειρον
1735 1255 1969 1328 σπινθὴρ

300 1334 500 1403 μικρὸς
531 1334 789 1404 ἐμπεσὼν
831 1339 1154 1407 ἀφανίζεται
1188 1341 1408 1410 ῥᾳδίως,
1448 1341 1622 1405 οὕτως
1662 1345 1873 1413 ὅσαπερ
1904 1344 1970 1396 ἂν

297 1421 586 1493 προσπέσῃ
610 1423 686 1494 τῷ
706 1424 1029 1498 φοϐουμένῳ
1049 1427 1142 1480 τὸν
1169 1428 1324 1491 Θεὸν,
1356 1429 1607 1500 καθάπερ
1630 1431 1710 1491 είς
1736 1430 1972 1499 πέλαγος

297 1506 496 1576 ἀχανὲς
527 1509 791 1580 εὐθυμίας
823 1512 1169 1582 ἐμπίπτοντα
1203 1514 1638 1568 κατασϐέννυται
1667 1517 1762 1569 καὶ
1803 1517 1970 1570 ἀπόλ-

296 1593 476 1648 λυται.
519 1595 625 1650 Καὶ
648 1599 709 1651 τὸ
755 1599 820 1671 δὴ
873 1601 1188 1671 θαυμαστὸν
1231 1602 1468 1673 μάλιστα
1493 1603 1654 1656 τοῦτό
1683 1606 1850 1668 ἐστιν,
1885 1606 1968 1659 ὅτι

295 1677 404 1729 τῶν
430 1678 747 1734 λυπούντων
783 1685 1066 1754 παρόντων
1103 1685 1255 1755 μένει
1294 1687 1501 1759 χαίρων
1549 1688 1732 1751 αὐτός.
1768 1689 1830 1741 El
1869 1689 1969 1758 μὲν

293 1765 406 1836 γὰρ
429 1767 599 1838 μηδὲν
626 1763 694 1839 ἦν
722 1771 782 1823 τὸ
801 1770 1024 1836 λυποῦν,
1053 1774 1152 1826 οὐκ
1172 1769 1241 1844 ἦν
1273 1775 1423 1846 αὐτῷ
1455 1776 1598 1846 μέγα
1629 1777 1690 1830 τὸ
1709 1776 1968 1832 δύνασθαι

293 1850 562 1922 διηνεκῶς
605 1857 849 1927 χαίρειν·
899 1859 961 1911 τὸ
1011 1859 1066 1912 δὲ
1101 1860 1313 1914 πολλῶν
1344 1863 1709 1934 ἐπικειμένων
1753 1863 1859 1916 τῶν
1885 1864 1968 1927 εἰς

299 1939 539 2010 ἀθυμίαν
578 1942 1033 2013 ἐμϐιϐαζόντωνδ
1067 1948 1341 2019 ἀνώτερον
1385 1945 1525 2002 εἶναι
1567 1951 1843 2018 ἁπάντων,
1875 1951 1968 2005 καὶ

300 2025 358 2077 ἐν
397 2026 587 2095 μέσοις
628 2032 742 2093 τοῖς
788 2030 1054 2104 λυπηροῖς
1100 2034 1513 2105 εὐφραίνεσθαι,
1550 2035 1706 2089 τοῦτό
1738 2038 1856 2092 ἐστι
1906 2037 1967 2091 τὸ

301 2112 624 2182 παράδοξον.
655 2118 762 2170 Καὶ
793 2119 1042 2190 καθάπερ
1075 2124 1200 2184 τοὺς
1233 2123 1427 2185 παῖδας
1456 2125 1581 2187 τοὺς
1608 2128 1758 2195 τρεῖς
1791 2126 1966 2189 οὐδεὶς

299 2201 368 2252 ἂν
391 2203 667 2274 ἐθαύμασε
695 2205 770 2277 μὴ
787 2209 1185 2271 κατακαέντας,
1205 2211 1252 2262 εί
1279 2211 1468 2280 πόρρω
1492 2212 1591 2280 τῆς
1619 2212 1966 2277 Βαϐυλωνίας

293 2285 436 2362 ἦσαν
461 2292 690 2362 καμίνου
725 2295 815 2364 (τὸ
845 2294 954 2365 γάρ
991 2296 1268 2366 ἐκπλῆξαν
1307 2297 1556 2363 ἅπαντας
1591 2300 1751 2354 τοῦτὸ
1794 2303 1962 2368 ἐστιν,

295 2380 376 2432 δτι
425 2380 503 2450 τῷ
543 2381 678 2452 πυρὶ
732 2382 987 2436 τοσοῦτον
1041 2385 1406 2456 ὁμιλήσαντες
1443 2389 1654 2459 χρόνον,
1709 2389 1819 2442 τῶν
1867 2390 1966 2462 οὐχ

294 2466 649 2538 ὡμιληκότων
693 2469 961 2542 ἐξέϐησαν
994 2471 1316 2544 ἀλυπότεροι
1335 2474 1376 2543 )·
1439 2475 1582 2530 οὕτω
1610 2476 1706 2531 καὶ
1735 2475 1829 2530 ἐπὶ
1856 2478 1966 2530 τῶν

297 2554 468 2622 ἁγίων
492 2555 636 2608 ἐστιν
678 2559 874 2622 εἰπεῖν,
911 2559 992 2612 ὅτι
1031 2562 1079 2612 εί
1113 2559 1304 2631 μηδεὶς
1350 2563 1533 2628 αὐτοῖς
1574 2565 1812 2636 ἐπήγετο
1846 2583 1967 2619 πει-

299 2642 525 2712 ρασμὸς,
545 2644 644 2696 οὐκ
660 2643 726 2697 ἂν
746 2647 942 2710 αὐτοὺς
964 2647 1354 2720 ἐθαυμάσαμεν
1369 2650 1631 2722 διηνεκῶς
1650 2653 1961 2725 χαίροντας·

295 2727 358 2782 τὸ
384 2727 440 2782 δὲ
471 2729 784 2801 ἐκπλήξεως
818 2733 967 2797 ἀξιον
1001 2735 1096 2787 καὶ
1131 2735 1291 2804 φύσιν
1324 2737 1672 2810 ἀνθρωπίνην
1700 2741 1965 2811 ὑπερϐαῖ-

293 2829 390 2870 νον
439 2817 595 2870 τοῦτό
624 2821 792 2886 ἐστιν,
815 2821 896 2874 ὅτι
919 2821 1134 2892 μυρίοις
1151 2823 1510 2894 κυκλούμενοι
1539 2826 1744 2897 κύμασι
1768 2828 1965 2882 πάντο-

293 2901 412 2968 θεν,
443 2905 550 2958 τῶν
575 2907 812 2980 γαλήνης
855 2909 1102 2980 καθαρᾶς
1133 2911 1522 2968 ἀπολαυόντων
1565 2917 1695 2987 ῥᾷον
1724 2916 1964 2970 διάκειν-

292 3007 408 3047 ται.

365 3081 488 3136 Ὅτι
525 3084 624 3154 μὲν
650 3079 742 3139 οὖν
770 3085 958 3140 οὐδένα
990 3088 1103 3158 βίον
1132 3090 1243 3144 τῶν
1289 3091 1488 3158 ἔξωθεν
1524 3093 1703 3164 εὑρεῖν
1739 3093 1964 3148 δυνατὸν

292 3167 529 3242 εὐθυμία
573 3174 1096 3246 συγκεκληρωμένον
1145 3178 1408 3247 διηνεκῶς
1442 3192 1490 3243 ε,
1534 3180 1692 3252 δῆλον
1738 3183 1802 3234 ἐκ
1855 3181 1964 3235 τῶν

294 3257 603 3342 εἰρημένων
625 3276 638 3290 ·
691 3263 775 3314 ὃτι
821 3263 878 3315 δὲ
907 3263 999 3315 τὸν
1038 3267 1227 3318 πιστὸν
1261 3269 1542 3339 ἀμήχανον
1576 3269 1652 3340 μὴ
1681 3269 1964 3342 διηνεκοῦς

292 3341 589 3397 ἀπολαύειν
615 3347 834 3418 ἡδονῆς,
865 3351 960 3404 καὶ
988 3352 1146 3406 τοῦτο
1171 3355 1303 3407 αὐτὸ
1341 3357 1502 3408 πάλιν
1545 3341 1822 3423 ἀποδεῖξαι
1843 3376 1963 3411 πει-

295 3429 552 3500 ράσομαι,
577 3435 674 3504 οὐχ
703 3436 790 3488 ἵνα
817 3437 1024 3509 μάθητε
1053 3441 1232 3510 μόνον,
1264 3441 1378 3495 ἀλλ’
1407 3445 1494 3496 ἵνα
1550 3446 1646 3497 καὶ
1679 3444 1962 3517 ζηλώσητε

291 3518 385 3570 τὸν
410 3519 615 3573 ἄλυπον
643 3523 830 3576 τοῦτον
870 3524 1004 3594 βίον.
1047 3531 1226 3581 Ἔστω
1268 3532 1376 3602 γάρ
1413 3548 1497 3595 τις
1552 3534 1718 3603 μηδὲν
1765 3533 1960 3586 ἐαυτοῦ

290 3608 676 3674 κατεγνωκὼς,
701 3611 816 3664 ἀλλ’
845 3614 1036 3684 ἀγαθῷ
1067 3618 1326 3671 συνειδότι
1360 3621 1820 3691 συντρεφόμενος,
1867 3623 1962 3675 καὶ

291 3694 431 3764 πρὸς
464 3696 535 3750 τά
576 3697 847 3768 μέλλοντα
887 3701 1155 3774 κεχηνὼς,
1197 3705 1291 3758 καὶ
1343 3707 1440 3770 τὰς
1491 3708 1703 3772 ἀγαθὰς
1746 3709 1962 3774 ἐκείνας

288 3781 582 3854 ἀναμένων
615 3786 860 3852 ἐλπίδας,
899 3790 951 3841 τί
980 3789 1188 3856 τοῦτον,
1243 3793 1365 3845 εἰπέ
1426 3811 1538 3863 μοι,
1594 3797 1674 3858 εἰς
1721 3795 1962 3866 ἀθυμίαν

289 3869 550 3953 ἐμϐαλεῖν
579 3872 866 3944 δυνήσεται
887 3892 904 3940 ;
923 3877 996 3930 Οὐ
1025 3878 1240 3930 πάντων
1262 3883 1666 3953 ἀφορητότατον
1685 3884 1714 3935 ὁ
1734 3883 1961 3949 θάνατος

289 3949 431 4010 εἶναι
468 3957 641 4026 δοκεῖ;
674 3961 792 4014 ἀλλ’
817 3963 850 4033 ή
878 3963 1070 4016 τούτου
1097 3949 1476 4036 προσδοκίαδύ
1514 3971 1675 4040 μόνον
1703 3971 1866 4024 αὐτὸν
1899 3973 1960 4025 ού

288 4043 472 4108 λυπεῖ,
529 4046 666 4102 ἀλλά
712 4049 804 4102 καὶ
852 4051 1139 4122 εὐφραίνει
1177 4053 1478 4124 μειζόνως·
1512 4054 1620 4110 οἶδε
1659 4057 1766 4130 γάρ
1808 4059 1890 4112 ὅτι
1927 4061 1960 4131 ἡ

289 4131 385 4185 τοῦ
409 4131 642 4188 θανάτου
670 4138 940 4208 παρουσία
959 4139 1137 4192 πόνων
1165 4142 1312 4194 ἐστὶν
1329 4142 1636 4215 ἀπαλλαγὴ,
1652 4145 1745 4198 καὶ
1764 4145 1959 4216 δρόμος

292 4221 387 4275 ἐπὶ
412 4225 540 4288 τοὺς
579 4228 878 4295 στεφάνους
911 4228 1006 4281 καὶ
1034 4229 1105 4282 τά
1137 4229 1364 4300 βραδεῖα
1394 4229 1461 4284 τὰ
1485 4231 1823 4302 ἀποκείμενα
1851 4234 1962 4296 τοῖς

292 4309 434 4383 ὑπὲρ
453 4313 737 4379 εὐσεϐείας
763 4317 858 4370 καὶ
879 4317 1080 4387 ἀρετῆς
1097 4317 1552 4388 ἀγωνισαμένοις.
1578 4317 1737 4371 Ἀλλὰ
1753 4318 1962 4371 παίδων

288 4396 469 4469 ἄωρος
515 4400 784 4472 τελευτή;
828 4402 967 4456 ἀλλά
1000 4403 1094 4456 καὶ
1134 4403 1295 4457 τοῦτο
1345 4403 1500 4475 φέρει
1551 4404 1834 4473 γενναίως,
1865 4405 1962 4458 καὶ

286 4485 410 4557 ἐρεῖ
432 4487 502 4540 τά
532 4488 624 4542 τοῦ
668 4488 788 4542 Ἰὼϐ
818 4491 1074 4562 ῥήματα·
1118 4491 1182 4544 '0
1219 4492 1435 4559 Κύριος
1471 4491 1711 4559 ἔδωκεν,
1765 4495 1799 4546 ό
1840 4494 1958 4546 Κύ-

278 4589 418 4641 ριος
439 4575 728 4644 ἀφείλατο
749 4592 765 4608 ·
806 4578 887 4644 ὡς
915 4576 995 4644 τῷ
1024 4580 1215 4648 Κυρίῳ
1242 4579 1479 4644 ἐδοξενν
1514 4579 1666 4633 οὕτω
1708 4580 1808 4634 καὶ
1839 4580 1960 4651 έΤέ“

285 4677 464 4714 νετο·
507 4663 602 4730 εἴη
637 4663 931 4734 τὸ-όνομα
967 4668 1192 4734 Κυρίου
1220 4667 1630 4738 εὐλογημένοι·
1679 4669 1768 4733 εἰς
1815 4667 1959 4735 τοὺς

286 4745 534 4814 αίῶνας.
582 4750 645 4802 Εἰ
673 4750 729 4804 δὲ
765 4751 995 4816 θάνατος
1035 4754 1130 4806 καὶ
1176 4753 1380 4808 παίδων
1408 4751 1650 4823 ἀποϐολὴ
1680 4751 1868 4806 λυπεῖν
1896 4756 1958 4807 οὐ

284 4834 566 4900 δύνανται,
594 4837 775 4910 πολλῷ
810 4839 1014 4910 μᾶλλον
1048 4841 1224 4912 ζημία
1241 4841 1560 4912 χρημάτων,
1591 4841 1685 4894 καὶ
1717 4842 1980 4911 ἀτιμίαι,-

286 4921 384 4974 καὶ
418 4924 768 4996 κατηγορίαι,
803 4927 898 4979 καὶ
947 4927 1191 4980 διαϐολαὶ
1222 4928 1321 4997 τῆς
1369 4925 1510 4980 οὕτω
1569 4926 1811 4998 μεγάλης
1861 4930 1960 4982 καὶ

1257 353 1348 406 AD
1387 350 1712 407 POPI'LL'M
1754 344 2250 404 ANTIOCHENUM
2316 346 2545 403 IIOMIL.
2586 344 2770 402 XVIII.

3639 342 3744 400 ιρι

2079 464 2322 532 Χαίρετε
2343 464 2471 535 γὰρ,
2503 463 2658 532 φησὶ,
2683 460 2778 516 καί
2808 460 3197 531 ἀγαλλιᾶσθε,
3228 459 3374 513 ὅταν
3395 457 3604 512 εῑπωσι
3636 459 3760 516 πᾶν

2079 551 2348 619 πονηρὸν
2381 550 2546 620 ῥῆμα
2577 548 2706 604 καθ’
2730 547 2896 618 ὑμῶν
2923 547 3285 617 ψευδόμενοι
3331 546 3539 601 ἕνεκεν
3577 546 3746 615 ἐμοῦ,

2078 637 2167 690 ὅτι
2195 641 2227 692 d
2260 639 2479 708 μισθὸς
2520 637 2690 706 ὑμῶν
2723 635 2917 701 πολὺς
2959 635 3030 689 ἐν
3059 634 3186 701 τοῖς
3237 635 3540 703 οὐρανοῖς.
3585 633 3749 687 Ἀλλά

2077 723 2217 793 νόσῳ
2248 724 2573 795 περιέπεσεν
2596 741 2610 786 ;
2636 722 2752 776 ἀλλ’
2781 723 3012 792 ἧκουσεν
3034 723 3222 792 ἐτέρου
3247 720 3639 794 παραινοῦντος
3655 721 3750 774 καὶ

2076 808 2358 878 λέγοντος·
2414 811 2510 862 Ἐν
2543 810 2709 874 νόσῳ
2763 809 2863 862 καὶ
2894 809 3072 876 πενίᾳ
3116 807 3210 860 ἐπ’
3250 806 3410 873 αὐτῷ
3451 805 3750 874 πεποιθὼς

2075 899 2270 964 γίνου,
2295 897 2383 950 ὅτι
2413 897 2616 965 ὥσπερ
2653 897 2722 951 ἐν
2738 896 2878 965 πυρὶ
2901 895 3266 965 δοκιμάζεται
3286 895 3536 965 χρυσὸς.
3557 895 3745 960 οὕτως

2076 983 2372 1051 ἄνθρωποι
2403 983 2602 1038 δεκτοὶ
2629 984 2698 1037 ἐν
2730 971 2957 1052 καμίνῳ
2978 981 3416 1048 ταπεινώσεως.
3450 983 3622 1035 Ὅταν
3653 978 3747 1036 οῦν

2081 1073 2225 1142 μήτε
2248 1071 2495 1134 θάνατος,
2529 1073 2666 1142 μήτε
2695 1070 2869 1141 ζημία
2903 1071 3228 1142 χρημάτων,
3279 1071 3418 1141 μήτε
3459 1069 3614 1132 νόσος
3641 1067 3747 1121 σώ-

2079 1174 2267 1227 ματος,
2305 1160 2441 1230 μήτε
2480 1159 2670 1229 ἀτιμία
2691 1199 2704 1222 ,
2741 1159 2878 1229 μήτε
2912 1158 3179 1228 λοιδορία,
3213 1157 3350 1228 μήτε
3391 1155 3520 1210 ἄλλο
3551 1173 3605 1210 τι
3631 1155 3742 1209 τῶν

2075 1247 2335 1301 τοιούτων
2373 1247 2539 1319 μηδὲν
2567 1249 2806 1318 λυπῆσαι
2855 1247 3015 1301 αὐτὸν
3070 1247 3315 1316 δύνηται,
3353 1245 3490 1298 ἀλλά
3527 1246 3622 1298 καὶ
3655 1244 3746 1298 εὐ-

2075 1335 2274 1406 φραίνῃ
2314 1335 2533 1406 μᾶλλον,
2574 1335 2734 1388 ποίαν
2770 1334 3006 1404 ἀθυμίας
3035 1333 3290 1386 ὑπόθεσιν
3339 1333 3450 1400 ἔξει
3478 1333 3641 1399 ποτέ;
3675 1332 3743 1386 Τί

2075 1419 2186 1483 οῦν,
2221 1423 2322 1474 οὐκ
2351 1421 2597 1492 ἠθύμουν
2637 1423 2685 1475 οἱ
2726 1421 2891 1488 ἅγιοι,
2941 1422 3136 1491 φησίν;
3161 1422 3261 1474 οὐκ
3284 1420 3503 1484 ἀκούεις
3530 1421 3742 1474 Παύλου

2074 1509 2344 1577 λέγοντος,
2381 1510 2554 1576 Λύπη
2594 1510 2699 1578 μοί
2740 1509 2869 1562 ἐστι
2911 1508 3168 1578 μεγάλη,
3220 1509 3319 1561 καὶ
3364 1507 3746 1574 ἀδιάλειπτος

2074 1596 2262 1664 ὀδύνη
2314 1594 2392 1664 τῇ
2439 1596 2655 1666 καρδίᾳ
2682 1615 2840 1666 μου;
2897 1596 3039 1650 Αὐτὸ
3090 1595 3189 1667 μὲν
3217 1591 3308 1648 οῦν
3358 1593 3516 1650 τοῦτό
3543 1596 3658 1648 ἐστι
3683 1593 3746 1647 τὸ

2075 1683 2414 1753 θαυμαστὸν,
2443 1684 2588 1754 ὅτιὴ
2637 1683 2782 1753 λύπη
2815 1683 3006 1756 κέρδος
3051 1684 3142 1736 καὶ
3182 1683 3374 1753 ἡδονὴν
3408 1683 3508 1754 τὴν
3546 1682 3610 1734 ἐκ
3649 1679 3744 1735 τοῦ

2074 1771 2301 1834 πένθους
2335 1770 2362 1810 d
2416 1771 2631 1842 ἔφερεν.
2672 1771 2881 1842 Ὥσπερ
2903 1772 3010 1842 γὰρ
3032 1772 3084 1823 αί
3117 1771 3378 1840 μάστιγες
3405 1771 3504 1823 οὐκ
3532 1769 3742 1832 ὀδύνας,

2072 1858 2207 1914 ἀλλὰ
2245 1858 2442 1930 χαρὰν,
2480 1857 2620 1912 οὕτω
2670 1863 2766 1911 καὶ
2809 1860 2843 1928 ἡ
2887 1858 3031 1929 λύπη
3081 1858 3246 1912 πάλιν
3304 1859 3430 1921 τοὺς
3463 1857 3736 1928 μεγάλους

2073 1945 2312 2006 ἐκείνους
2342 1944 2621 2015 προεξένει
2665 1944 2984 2012 στεφάνους.
3018 1945 3128 1998 Καὶ
3175 1943 3237 1997 τὸ
3260 1943 3558 2015 παράδοξον
3584 1943 3744 1996 τοῦτό

2073 2033 2336 2096 ἐστιν,δτι
2356 2032 2448 2086 τοῦ
2489 2021 2692 2104 κόσμου
2727 2033 2823 2103 μὲν
2854 2034 2951 2103 οὐχ
2976 2034 3008 2102 ἡ
3041 2032 3247 2103 ἀθυμία
3289 2033 3468 2103 μόνον,
3489 2032 3624 2086 ἀλλά
3648 2031 3743 2087 καὶ

2073 2121 2262 2190 ἡχαρὰ
2285 2118 2485 2192 ζημίαν
2500 2120 2612 2190 ἔχει
2641 2120 2739 2192 τὴν
2761 2121 3014 2191 ἐσχάτην·
3041 2121 3132 2172 ἐπὶ
3151 2120 3207 2173 δὲ
3227 2120 3335 2172 τῶν
3355 2120 3743 2190 πνευματικῶν

2069 2206 2378 2260 τούναντίον
2409 2206 2578 2272 ἅπαν,
2621 2208 2719 2276 οὐχ
2745 2208 2779 2278 ἠ
2803 2207 2948 2278 χαρά
2977 2208 3158 2277 μόνον,
3194 2207 3329 2260 ἀλλὰ
3347 2207 3439 2260 καὶ
3467 2208 3500 2277 ἡ
3526 2206 3739 2277 ἀθυμία

2072 2295 2238 2348 πολὺν
2269 2295 2380 2365 ἔχει
2428 2295 2538 2348 τῶν
2580 2295 2800 2363 ἀγαθῶν
2831 2295 2923 2348 τὸν
2963 2295 3270 2366 θησαυρόν·
3307 2296 3403 2348 καὶ
3442 2294 3580 2359 πῶς,
3626 2293 3738 2363 ἐγὼ

2071 2379 2234 2450 λέγω.
2285 2381 2480 2452 Χαίρει
2511 2399 2595 2444 τις
2639 2383 2696 2433 ἐν
2737 2383 2815 2452 τῷ
2850 2383 3038 2452 κόσμῳ
3079 2381 3339 2444 πολλάκις
3380 2381 3573 2452 ἐχθρὸν
3613 2381 3741 2434 δυσ-

2070 2471 2382 2542 ημεροῦντα
2439 2470 2594 2533 ίδὼν,
2643 2473 2739 2524 καὶ
2771 2471 2859 2524 διὰ
2906 2471 3006 2540 τῆς
3064 2473 3238 2543 χαρᾶς
3289 2470 3495 2542 ταύτης
3536 2469 3742 2544 πολλὴν

2071 2558 2374 2610 ἐπισπᾶται
2409 2557 2588 2628 ἐαυτῷ
2622 2557 2722 2626 τὴν
2754 2557 2979 2610 κόλασιν
3001 2573 3014 2587 ·
3049 2557 3207 2625 ἀλγεῖ
3233 2573 3318 2619 τις
3360 2557 3522 2610 πάλιν
3557 2557 3744 2629 ἐτερος

2069 2644 2160 2697 τὸν
2184 2644 2413 2714 ἀδελφὸν
2442 2647 2676 2698 πεσόντα
2722 2645 2868 2711 ἰδὼν,
2909 2646 3004 2698 καὶ
3029 2645 3117 2699 διὰ
3144 2645 3243 2716 τῆς
3273 2643 3512 2715 ἀθυμίας
3537 2644 3744 2717 ταύτης

2070 2729 2270 2802 πολλὴν
2301 2731 2480 2802 ἐαυτῷ
2515 2731 2668 2802 παρὰ
2703 2732 2781 2802 τῷ
2803 2731 2922 2802 Θεῷ
2942 2731 3193 2802 προξενεῖ
3213 2729 3313 2801 τὴν
3337 2729 3574 2785 εὔνοιαν.

2151 2819 2312 2890 Ὁρᾷς
2347 2819 2518 2888 πῶςὴ
2555 2819 2694 2872 κατά
2729 2818 2860 2871 Θεὸν
2887 2818 3033 2889 λύπη
3059 2820 3157 2888 τῆς
3195 2818 3291 2872 τοῦ
3329 2818 3536 2889 κόσμου
3567 2819 3742 2889 χαρᾶς

2071 2901 2296 2972 βελτίων
2329 2903 2421 2954 καὶ
2457 2901 2885 2972 χρησιμωτέρα;
2929 2901 3084 2954 Οῦτω
3116 2903 3209 2954 καὶ
3242 2901 3453 2966 Παῦλος
3495 2901 3743 2955 ἐλυπεῖτο

2068 2989 2155 3042 διὰ
2180 2991 2305 3052 τοὺς
2337 2988 2774 3060 ἁμαρτάνοντας,
2802 2988 2890 3041 διὰ
2919 2990 3046 3052 τοὺς
3095 2987 3462 3052 ἀπιστοῦντας
3490 2988 3568 3059 τῷ
3599 2989 3740 3059 Θεῷ.

2070 3079 2287 3149 καὶτῆς
2330 3077 2508 3147 λύπης
2539 3078 2743 3146 ταύτης
2778 3075 2944 3130 πολὺν
2990 3070 3128 3146 εἶχεν
3189 3077 3549 3144 ἀποκείμενον
3593 3077 3745 3148 αὐτῴ

2068 3169 2158 3222 τὸν
2199 3166 2408 3238 μισθόν.
2445 3167 2560 3220 Ἵνα
2614 3165 2672 3218 δέ
2720 3165 3052 3236 σαφέστερον
3099 3165 3127 3216 ὃ
3177 3164 3321 3232 λέγω
3373 3167 3604 3234 ποιήσω,
3649 3167 3744 3218 καὶ

2072 3255 2301 3326 μάθητε,
2328 3253 2424 3316 ὡς,
2455 3256 2502 3306 εί
2542 3255 2636 3306 καὶ
2671 3251 2973 3322 παράδοξον
3013 3251 3072 3304 τὸ
3113 3252 3420 3322 εἰρημένον,
3451 3252 3565 3305 ἀλλ’
3592 3253 3742 3322 ὅμως

2068 3342 2215 3393 ἐστὶν
2245 3339 2463 3409 ἀληθὲς,
2492 3340 2586 3392 καὶ
2627 3335 2766 3391 οἶδεν
2795 3341 2822 3391 ὁ
2851 3338 3051 3408 θρῆνος
3091 3338 3350 3401 πολλάκις
3397 3339 3741 3393 ἀνακτᾶσθαι

2066 3427 2163 3489 τὰς
2193 3426 2536 3495 όδυνωμένας
2568 3426 2766 3495 ψυχὰς,
2795 3426 2890 3477 καὶ
2918 3425 3197 3494 κουφίζειν
3229 3425 3469 3488 συνειδὸς
3509 3425 3741 3496 βεϐαρη-

2070 3514 2252 3581 μένον,
2299 3512 2493 3565 πολλαὶ
2541 3513 2798 3575 πολλάκις
2827 3514 3084 3580 γυναῖκες
3134 3511 3506 3564 ἀποϐαλοῦσαι
3553 3513 3744 3577 παῖδας

2069 3599 2504 3662 ποθεινοτάτους,
2557 3600 2624 3652 ἂν
2665 3599 2765 3670 μὲν
2819 3598 3103 3652 κωλυθῶσι
3148 3597 3414 3670 δακρῦσαι
3457 3600 3554 3652 καὶ
3606 3603 3742 3672 ορηκ

2067 3688 2228 3757 νῆσαι
2275 3689 2370 3741 καὶ
2421 3686 2823 3758 ὀλοφύρασθαι,
2868 3686 3292 3758 διαρῤήγνυνται
3340 3687 3436 3740 καὶ
3469 3687 3739 3742 ἀπόλλυν-

2066 3793 2186 3829 ται·
2239 3776 2304 3829 ἂν
2342 3777 2398 3829 δὲ
2432 3776 2502 3829 τὰ
2537 3775 2645 3828 τῶν
2706 3775 3063 3846 ἀθυμούντων
3118 3778 3416 3845 ποιήσωσιν
3484 3776 3736 3843 ἅπαντα,

2068 3864 2416 3932 κουφίζονται
2457 3864 2552 3916 καὶ
2590 3863 2946 3935 παραμυθίαν
2979 3862 3339 3933 λαμϐάνουσι.
3370 3863 3480 3918 Καὶ
3520 3864 3574 3916 τί
3606 3863 3738 3918 θαυ-

2071 3951 2294 4022 μαστὸν,
2339 3953 2387 4004 εί
2420 3951 2512 4004 ἐπὶ
2558 3950 2828 4020 γυναικῶν
2855 3948 3016 4003 τοῦτο
3045 3949 3350 4022 συμϐαίνει,
3382 3951 3534 4006 .δπου
3555 3966 3617 4019 γε
3645 3952 3739 4005 καὶ

2067 4039 2230 4092 αὐτὸν
2273 4039 2363 4092 τὸν
2410 4041 2695 4112 προφήτην
2740 4038 2836 4090 ἴδοι
2865 4054 2946 4101 τις
2995 4036 3060 4090 ἂν
3095 4037 3256 4091 τοῦτο
3289 4036 3604 4107 πάσχοντας
3638 4039 3740 4092 Διά

2067 4125 2224 4180 τοῦτο
2254 4129 2492 4198 συνεχῶς
2521 4126 2704 4194 ἔλεγεν
2723 4142 2737 4156 ·
2761 4125 2969 4194 Ἀφετέ
2989 4142 3086 4194 με,
3114 4125 3335 4194 πικρῶς
3363 4127 3700 4196 κλαύσομαι
3718 4143 3734 4158 ·

2061 4213 2147 4282 μὴ
2183 4217 2590 4285 κατισχύσητε
2634 4212 3122 4283 παρακαλοῦντες
3151 4214 3249 4266 ἐπὶ
3293 4211 3359 4265 τὸ
3399 4214 3738 4289 σύντριμμα

2064 4302 2178 4371 τῆς
2213 4305 2503 4373 θυγατρός
2537 4302 2646 4357 τοῦ
2681 4303 2895 4372 γένους
2943 4319 3084 4371 μου.
3115 4302 3277 4354 Ὥστε
3327 4303 3444 4354 ἐστὶ
3479 4302 3736 4366 πολλάκις

2065 4389 2212 4462 λύπη
2237 4390 2590 4461 παραμυθίαν
2612 4391 2852 4461 φέρουσα
2867 4405 2879 4417 ·
2903 4391 2951 4440 εί
2971 4388 3027 4440 δὲ
3059 4390 3153 4441 ἐπὶ
3169 4387 3263 4442 τοῦ
3284 4388 3493 4458 κόσμου
3513 4387 3671 4441 τοῦτο
3685 4401 3732 4452 ο,

2066 4477 2248 4549 πολλῷ
2287 4477 2486 4548 μᾶλλον
2532 4478 2625 4529 ἐπὶ
2651 4476 2761 4530 τῶν
2791 4474 3178 4546 πνευματικῶν
3226 4475 3591 4547 πραγμάτων.
3632 4476 3734 4531 Διά

2065 4564 2220 4618 τοῦτό
2259 4581 2455 4634 φησιν·
2501 4564 2561 4620 Ἠ
2593 4562 2663 4617 δὲ
2707 4564 2858 4618 κατὰ
2899 4562 3047 4615 Θεὸν
3077 4563 3244 4629 λύπη
3288 4560 3616 4632 μετάνοιαν
3645 4564 3734 4630 εις

2065 4653 2368 4721 σωτηρίαν
2419 4649 2880 4719 ἀμετάϐλητονῖ
2937 4647 3366 4719 κατεργάζεται.
3417 4651 3528 4704 Καὶ
3585 4650 3734 4704 δοκεῖ

2068 4739 2166 4809 μὲν
2219 4737 2376 4791 τοῦτο
2435 4738 2644 4806 ἀσαφὲς
2700 4733 2873 4790 εἶναι·
2929 4735 3082 4810 [185]
3123 4737 3152 4789 ὃ
3187 4736 3244 4790 δέ
3293 4735 3440 4806 λέγει
3491 4739 3734 4792 τοιοῦτόν

2067 4831 2212 4879 ἐστιν
2232 4843 2245 4856 ·
2281 4828 2378 4880 ’Ἂν
2413 4825 2661 4897 λυπηθῇς
2692 4826 2784 4878 ἐπὶ
2805 4827 3105 4897 χρήμασιν,
3135 4824 3288 4879 οὐδὲν
3320 4825 3606 4898 ὠφέλησας
3627 4844 3640 4856 ·
3665 4827 3733 4881 ἂν

2063 4913 2311 4985 λυπηθῇς
2355 4914 2448 4966 ἐπὶ
2511 4915 2814 4984 νοσήματι,
2857 4912 3012 4967 οὐδὲν
3074 4913 3412 4984 ἐκέρδανας,
3458 4915 3597 4970 ἀλλά
3635 4919 3733 4970 καὶ

284 5013 546 5081 γενναίας
580 5014 756 5089 ψυχῆς
790 5019 892 5072 οὐκ
930 5019 997 5072 ἄν
1043 5037 1177 5073 ποτε
1213 5021 1460 5090 ἅψαιντο,
1496 5021 1616 5072 οὐδὲ
1654 5021 1816 5092 ὀδύνη
1848 5021 1958 5075 σώ-
1977 5069 2023 5092 Α,
2063 5002 2358 5074 ἐπέτριψας
2385 5001 2578 5092 MPF?"
2609 4999 2882 5092 “AP-aan

288 5115 498 5170 ματος·
546 5103 670 5155 ἐπεὶ
715 5088 816 5158 καὶ
855 5107 906 5159 οι
935 5107 1226 5160 ἀπόστολοι
1255 5088 1650 5179 ἐμαστιγοῦντο
1677 5088 1815 5180 μὲν,
1856 5111 1958 5163 οὐκ
1977 5088 2051 5160 '5?
2132 5097 2201 5159 γ’-
2226 5092 2351 5180 καί
2380 5089 2591 5180 πολλῷν
2642 5089 2818 5180 εγθξτε
2871 5088 3082 5180 ﬁn?“
3130 5088 3273 5180 ἕλε’ἶὰ
3473 5089 3730 5180 τθιῖιίτηῗ

281 5186 537 5258 ἠθύμουν
565 5189 644 5242 δέ.
670 5188 819 5264 [184]
842 5194 1003 5262 Μέγα
1025 5195 1126 5265 μέν
1150 5191 1244 5248 οῦν
1275 5197 1368 5248 καὶ
1393 5197 1574 5249 τοῦτο·
1607 5197 1668 5249 τὸ
1699 5197 1756 5249 δὲ
1777 5197 1956 5269 πολλῴ

287 5276 498 5346 μεῖζον,
539 5279 619 5331 δτι
661 5281 722 5332 οὐ
757 5283 916 5352 μόνον
947 5284 1048 5336 οὐκ
1074 5283 1338 5354 ἠθύμουν,
1371 5283 1505 5338 ἀλλά
1532 5286 1625 5338 καὶ
1657 5285 1827 5348 αὐτάς
1856 5288 1956 5351 τὰς

285 5363 564 5434 μάστιγας
593 5366 851 5422 ὑπόθεσιν
884 5371 1164 5424 ἐποιοῦντο
1202 5370 1445 5442 μείζονος
1468 5372 1682 5443 ἡδονῆς,
1715 5365 1808 5426 καὶ
1850 5375 1955 5427 ὐπ-

286 5449 562 5524 ἐστρεφον
583 5454 692 5507 ἀπὸ
738 5457 1031 5530 προσώπου
1064 5458 1158 5512 τοῦ
1194 5461 1469 5531 συνεδρίου
1507 5461 1821 5532 χαίροντες,
1874 5463 1954 5517 ὅτι

283 5539 710 5613 κατηξιώθησαν
743 5543 884 5617 ὑπὲρ
911 5547 1003 5599 τοῦ
1051 5548 1318 5620 ὀνόματος
1346 5549 1440 5601 τοῦ
1485 5550 1724 5620 Χριστοῦ
1755 5552 1952 5620 ἀτιμα-

284 5627 503 5697 σθῆναι.
529 5629 761 5700 ’Υϐρισέ
798 5649 883 5695 τις
917 5636 1010 5687 καὶ
1040 5635 1350 5707 ἐλοιδόρησε
1387 5638 1477 5690 τὸν
1513 5637 1790 5703 τοιοῦτον;
1837 5639 1952 5693 ἀλλ’

281 5714 582 5786 ἐπαιδεύθη
615 5719 764 5789 παρὰ
790 5720 886 5773 τοῦ
922 5722 1159 5792 Χριστοῦ
1196 5723 1408 5793 χαίρειν
1442 5724 1535 5776 ἐπὶ
1563 5727 1683 5789 ταῖς
1741 5725 1949 5796 ὕϐρεσι.

347 5809 378 5881 _‘
399 5809 602 5881 ᾼὲᾗςιιιοξ
621 5827 736 5881 {1159.
759 5815 956 5878 ἀθυμίαν
976 5818 1339 5881 ἀποκρούεσθαι.

343 5868 378 5937 ξ
397 5868 856 5937 Αιιίεμεαλλάντωνὶ

343 5935 374 5997 ,⁸
396 5934 571 5986 lutei.
599 5943 651 5986 et
673 5937 869 5996 quidam
893 5951 1010 5990 mss.
1039 5941 1280 6004 διηνεκῶς,
1306 5941 1386 5991 alii
1412 5941 1630 6001 διηνεκεῖ.

2062 5181 2260 5251 πεῖραν
2300 5176 2640 5247 αἰτιωμένων
2670 5177 2764 5229 καὶ
2796 5176 2932 5246 πρὸς
2964 5176 3188 5239 ἑαυτοὺς
3226 5174 3492 5243 λεγόντων
3514 5194 3526 5205 ·
3560 5177 3624 5229 Τί
3663 5179 3728 5231 τὸ

2061 5265 2271 5334 ὄφελος,
2302 5265 2384 5318 ὃτι
2431 5263 2680 5335 ήλγησας
2719 5262 2842 5315 οῦτε
2883 5264 3142 5334 χρήματα
3173 5262 3577 5333 ἀνεκτησάμην,
3627 5266 3727 5318 καὶ

2064 5355 2297 5424 ἐμαυτὸν
2342 5353 2569 5421 ἔϐλαψα.
2606 5354 2704 5405 Ἂν
2735 5354 2791 5406 δέ
2818 5352 3064 5424 λυπηθῇς
3097 5351 3182 5420 ἐφ’
3211 5352 3477 5422 ἁμαρτία,
3518 5350 3726 5424 ταύτην

2061 5456 2120 5492 τε
2157 5438 2446 5510 ἐξήλειψας
2484 5439 2577 5492 καὶ
2612 5438 2925 5509 ἐκαρπώσω
2957 5439 3219 5509 μεγίστην
3263 5438 3459 5508 ἡδονήν
3481 5453 3494 5468 ·
3529 5438 3595 5491 ἂν
3633 5439 3726 5492 λυ-

2063 5526 2242 5597 πηθῇς
2291 5526 2384 5578 ἐπὶ
2433 5529 2545 5589 τοῖς
2590 5525 2839 5594 ἀδελφοῖς
2887 5529 3001 5590 τοῖς
3050 5524 3381 5589 πεπτωκόσι,
3415 5525 3608 5579 σαυτόν
3663 5543 3726 5580 τε

2061 5615 2446 5687 παρεκάλεσας
2497 5617 2592 5669 καὶ
2645 5616 3048 5687 παρεμυθήσω,
3095 5615 3385 5678 κάκείνους
3439 5615 3726 5690 άνεκτήσω

2123 5701 2154 5742 (ι
2172 5703 2254 5765 Sic
2275 5702 2573 5765 Savil_.Vulg.
2601 5703 2654 5750 ἐκ
2675 5700 2760 5749 τοῦ
2779 5705 2987 5765 κέρδους.
3003 5701 3138 5750 Eon.

2126 5767 2150 5794 °
2179 5763 2261 5812 Sic
2281 5763 2435 5812 Savil.
2461 5771 2516 5811 el
2531 5762 2630 5823 illi,
2656 5762 3016 5813 recte.Edilum
3051 5769 3158 5812 erat
3174 5762 3361 5814 τούτου.
3390 5763 3526 5814 Enn.

2133 5823 2330 5891 {Sayih
2367 5830 2420 5891 qi:
2457 5823 2802 5891 aliiamnpiav
2829 5825 3220 5891 ἀμεταμέλητον,
3259 5835 3314 5874 el.
3342 5824 3415 5876 sic
3452 5826 3630 5891 legitur
3665 5829 3722 5882 in

2064 5886 2350 5954 qulibgsdam
2360 5885 2711 5954 Διιέρίειοιειιηηῂ
2722 5886 2860 5954 Bauli
2878 5885 3262 5954 ριεωριςιτξδυε.

2130 5953 2155 5992 ε
2182 5947 2333 5999 Recte
2357 5947 2508 5999 sum.
2537 5947 2726 5999 σαυτόν.
2745 5947 3023 6011 Lege-batur
3045 5949 3176 5997 αὐτὸ.
3207 5949 3336 6000 Enn.
