4112 6388
395 349 502 408 185

399 474 580 524 πάλιν*
649 469 752 523 κᾶν
789 468 954 540 μηδὲν
1006 466 1297 540 ὠφελήσῃς
1341 469 1561 532 αὐτοὺς,
1607 469 1870 539 μεγίστην
1923 468 2064 538 ἔχεις

397 557 684 616 ἀντίδοσιν.
713 559 824 610 Kal.
863 557 949 610 ἵνα
997 557 1195 627 μάθῃς,
1239 558 1322 609 δτι
1364 556 1523 610 τοῦτο
1563 557 1625 610 τὸ
1655 556 1940 610 λυπεῖσθαι
1975 556 2066 610 ἐπὶ

397 651 511 710 τοῖς
553 648 891 709 πεπτωκόσι,
920 647 1020 699 κᾶν
1063 646 1230 717 μηδὲν
1279 645 1600 716 ὠφελῶμεν,
1636 647 1898 718 μεγίστην
1936 647 2067 718 ἡμῖν

397 737 496 804 τὴν
541 735 774 806 ἀμοιϐὴν
825 734 1010 804 φέρει,
1068 735 1302 787 ἄκουσον
1353 733 1448 786 τοῦ
1486 733 1749 806 Ἰεζεκιὴλ
1795 735 2064 802 λέγοντος,

401 823 603 893 μᾶλλον
638 823 694 876 δὲ
728 822 819 875 τοῦ
853 822 986 875 Θεοῦ
1031 821 1098 876 δι’
1130 821 1340 874 ἐκείνου
1389 820 1707 886 λαλοῦντοςο
1740 823 1927 894 ἐπειδὴ
1959 824 2068 894 γὰρ

396 910 610 979 ἔπεμψέ
649 927 798 973 τινας
845 910 1196 979 κατασκάψαι
1235 909 1333 980 τὴν
1380 909 1556 971 πόλιν,
1589 910 1682 962 καὶ
1734 909 1938 982 σιδήρῳ
1974 911 2068 963 καὶ¹

396 1000 530 1068 πυρὶ
557 996 866 1068 δαπανῆσαι
921 998 992 1051 τὰ
1043 997 1452 1069 οἰκοδομήματα
1508 998 1724 1051 ἅπαντα
1771 998 1912 1068 μετά
1958 998 2067 1051 τῶν

394 1083 745 1138 ἐνοικούντων
785 1084 982 1146 αὐτῶν,
1021 1084 1230 1137 κελεύει
1263 1087 1371 1138 τινὶ
1405 1085 1579 1153 λέγων
1617 1083 1818 1148 οὕτως·
1851 1083 2064 1151 Δὸς.τό

392 1173 648 1241 σημεῖον
677 1171 774 1225 ἐπὶ
813 1171 879 1224 τὸ
912 1171 1236 1240 πρόσωπον
1264 1171 1383 1225 τῶν
1415 1171 1653 1240 ἀνδρῶν
1694 1171 1814 1225 τῶν
1846 1187 2064 1228 στενα-

392 1261 612 1321 ζόντων
649 1260 746 1313 καί
782 1260 1305 1330 κατοδυνωμένων.
1341 1261 1451 1313 Καὶ
1482 1264 1598 1324 τοῖς
1633 1261 1840 1333 ἑτέροις
1879 1261 2066 1314 κελεύ-

393 1365 513 1412 σας,
561 1348 657 1400 καὶ
705 1346 904 1412 εἰπὼν,
952 1349 1033 1400 ὅτι
1072 1346 1203 1400 Ἀπὸ
1254 1346 1372 1401 τῶν
1404 1348 1587 1416 ἁγίων
1629 1365 1748 1416 μου
1779 1348 2063 1414 ἀρξασθε,

391 1436 641 1503 ἐπήγαγε
693 1434 890 1503 λέγων,
928 1434 1052 1487 Ἐπὶ
1095 1435 1164 1488 δὲ
1209 1435 1314 1500 οὓς
1367 1435 1499 1487 ἐστι
1547 1435 1614 1488 τὸ
1663 1436 1935 1504 σημεῖον,
1975 1436 2063 1506 μὴ

390 1522 631 1590 ἅψησθε
673 1523 890 1576 αὐτῶν.
941 1524 1097 1586 Τίνος
1130 1524 1338 1587 ἕνεκεν,
1384 1524 1505 1576 εἰπέ
1543 1541 1668 1594 μοις
1718 1525 1842 1577 Ὅτι
1872 1527 1919 1577 εί
1970 1527 2065 1578 καὶ

394 1611 562 1681 μηδὲν
599 1611 919 1680 ὠφελοῦσιν,
950 1611 1063 1663 ἀλλ’
1092 1614 1242 1682 ὅμως
1275 1612 1520 1664 στένουσι
1563 1614 1632 1666 τὰ
1666 1613 1925 1684 γινόμενα
1972 1615 2066 1667 καὶ

388 1697 760 1769 ὀλοφύρονται.
796 1699 906 1751 Καὶ
937 1699 1142 1769 ἐτέροις
1170 1700 1226 1751 δὲ
1250 1699 1510 1766 ἐγκαλεῖυ
1560 1700 1736 1769 λέγων
1764 1701 1948 1767 πάλιν,
1981 1703 2062 1754 ὅτι

387 1785 706 1855 τρυφῶντες
742 1786 834 1838 καὶ
865 1787 1308 1857 γαστριζόμενοι,
1339 1789 1434 1841 καὶ
1467 1787 1668 1859 πολλῆς
1697 1788 2064 1854 ἀπολαύοντες

389 1878 596 1942 ἀδείας,
629 1877 828 1942 ἰδόντες
854 1879 979 1941 τοὺς
1018 1878 1304 1943 Ἰουδαίους
1335 1881 1414 1944 εἰς
1448 1879 1828 1950 αἰχμαλωσίαν
1861 1881 2066 1947 ἀπαγο-

392 1965 606 2036 μένους,
649 1967 749 2020 οὐκ
779 1966 1044 2037 ἡλγησαν,
1075 1967 1176 2018 οὐκ
1225 1966 1592 2036 ἐκοινώνησαν
1639 1968 1738 2037 τῆς
1787 1967 2058 2038 ἀθυμίας·

387 2055 483 2107 καί⁵
515 2052 765 2123 ἐγκαλῶν
815 2057 998 2118 αὐτοῖς
1035 2073 1224 2126 φησιν,
1258 2059 1379 2110 Οὐκ
1423 2057 1701 2125 ἔπασχον
1735 2056 1917 2110 οὐδὲν
1963 2058 2061 2113 ἐπὶ

387 2141 462 2208 τῇ
518 2142 811 2210 συντριϐῇ
857 2143 961 2195 τοῦ
1003 2142 1236 2210 Ἰωσὴφ,
1296 2144 1494 2214 Ἰωσὴφ
1545 2144 1637 2195 τὸν
1698 2143 1827 2197 λαὸν
1885 2144 2063 2198 καλῶν

388 2231 634 2283 ἓΞιπαντα⁹
672 2231 768 2282 καὶ
801 2231 981 2293 πάλιν,
1021 2234 1141 2283 Οὺκ
1185 2231 1406 2298 ἐξῆλθε
1445 2231 1811 2285 κατοικοῦσα
1853 2233 2060 2293 Αὶνὰν,

388 2319 694 2386 κόψασθαι
729 2315 895 2372 οἷκον
927 2319 1216 2387 ἐχόμενον
1270 2317 1480 2385 αὐτῆς.
1523 2319 1643 2371 Κᾶν
1689 2318 1800 2391 γὰρ
1841 2319 2064 2382 δικαίως

385 2404 744 2470 κολάζωνται,
785 2405 1033 2475 βούλεται
1063 2405 1349 2473 συναλγεῖν
1376 2407 1545 2476 ἡμᾶς,
1571 2407 1709 2460 ἀλλά
1744 2407 1819 2478 μὴ
1851 2407 2064 2478 χαίρειν

389 2495 524 2564 μηδέ
570 2495 880 2564 ἐφήδεσθαι.
946 2496 1009 2548 Εἰ
1057 2496 1168 2566 γὰρ
1215 2494 1347 2562 ἐγὼ,
1405 2497 1592 2566 φησὶν,
1642 2499 1670 2549 6
1718 2497 1959 2561 κολάζων
2001 2499 2061 2550 οὐ

389 2581 594 2654 χαίρων
615 2583 778 2634 τοῦτο
807 2582 946 2634 ποιῶ
966 2583 1020 2643 δ,
1043 2584 1162 2637 οὐδὲ
1185 2584 1384 2653 ἥδομαι
1415 2584 1596 2636 αὐτῶν
1625 2586 1718 2636 ἐπὶ
1732 2588 1796 2654 τῇ
1823 2586 2063 2658 τιμωρία

387 2659 495 2739 (σὺ
534 2670 640 2741 γὰρ
681 2672 925 2736 θελήσει
981 2671 1134 2724 Οέλω
1179 2671 1286 2724 τὸν
1338 2670 1599 2725 θάνατον
1640 2672 1745 2725 τοῦ
1797 2673 2064 2741 ἁμαρτω-

383 2757 544 2826 λοῦ),
573 2757 650 2809 δεῖ
687 2758 780 2810 καὶ
813 2758 872 2810 σὲ
924 2758 1015 2810 τὸν
1045 2758 1320 2828 Δεσπότην
1369 2758 1681 2828 μιμεῖσθαι,
1720 2759 1815 2812 καὶ
1839 2760 1908 2812 δι’
1933 2760 2063 2813 αὐτὸ

388 2846 488 2916 μὲν
525 2840 618 2898 οῦν
645 2845 802 2898 τοῦτο
850 2845 1057 2914 ἀλγεῖν,
1100 2847 1183 2899 ὅτι
1229 2846 1444 2910 δικαίας
1499 2847 1776 2912 κολάσεως
1807 2848 2063 2902 ὑπόθεσιν

386 2934 629 3004 παρέσχε
664 2935 759 2987 καὶ
793 2934 1087 3005 πρόφασιν.
1120 2935 1286 2988 Ὥστε
1334 2934 1440 2988 κᾶν
1492 2934 1729 3004 λυπῆταί
1787 2952 1869 2998 τις
1923 2937 2066 2990 κατά

384 3024 539 3087 Θεὸν,
603 3024 844 3094 μεγάλην
901 3023 1153 3076 ἐντεῦθεν
1202 3022 1515 3096 καρποῦται
1561 3024 1852 3091 ὠφέλειαν.
1895 3025 2064 3077 Ὅταν

383 3109 478 3166 οὖν
513 3114 564 3166 οἱ
599 3112 987 3182 μαστιζόμενοι
1016 3111 1125 3164 τῶν
1160 3111 1533 3182 μαστιζόντων
1577 3111 1684 3164 εἰσὶ
1718 3114 2064 3184 μακαριώτε-

387 3219 493 3272 ροι,
534 3203 628 3254 καὶ
665 3202 714 3253 οί
755 3200 1064 3270 θλιϐόμενοι
1105 3202 1235 3272 παρ’
1271 3202 1401 3270 ἡμῖν
1448 3198 1556 3251 τῶν
1589 3201 1647 3253 ἐν
1691 3199 1872 3254 ἀνέσει
1916 3203 2065 3271 παρὰ

383 3293 496 3353 τοῖς
542 3288 766 3354 ἔξωθεν,
821 3291 915 3342 καὶ
967 3290 1016 3341 οἱ
1082 3288 1422 3357 ἀθυμοῦντες
1469 3286 1577 3340 τῶν
1627 3287 1923 3358 ἡδομένων,
1981 3291 2065 3354 τίς

385 3378 538 3430 ἔσται
571 3377 756 3430 λοιπὸν
788 3377 1019 3445 θλίψεως
1063 3377 1193 3446 ἡμῖν
1222 3377 1483 3446 ἀφορμὴς
1533 3375 1631 3428 Διά
1675 3377 1831 3430 τοῦτο
1873 3377 2065 3430 οὐδένα

383 3467 490 3536 χρὴ
540 3465 884 3535 μακαρίζειν.
919 3465 1033 3517 ἀλλ’
1069 3463 1101 3535 ἢ
1141 3464 1234 3516 τὸν
1281 3465 1422 3517 κατὰ
1471 3464 1602 3516 Θεὸν
1656 3464 1835 3528 ζῶντα
1881 3466 2060 3534 μόνον.

385 3552 616 3616 Τούτους
662 3553 756 3606 καὶ
812 3553 845 3622 ἡ
889 3552 928 3603 Γ
933 3551 1079 3622 ραφὴ
1131 3550 1430 3621 μακαρίζει
1483 3551 1707 3620 μόνους·
1761 3551 2064 3619 Μακάριος

385 3642 514 3711 γάρ,
543 3640 726 3710 φησὶν,
745 3640 920 3706 ἀνὴρ,
943 3639 1010 3704 ὃς
1037 3641 1146 3692 οὐκ
1173 3638 1464 3705 ἐπορεύθη
1489 3639 1557 3691 ἐν
1571 3638 1776 3706 ,βουλῇ
1797 3637 2058 3693 ἀσεϐῶν·

387 3727 688 3795 Μακάριος
711 3726 784 3780 ὃν
808 3726 885 3780 ἂν
912 3725 1270 3794 παιδεύσῃς,
1300 3727 1494 3794 Κύριε,
1520 3725 1618 3778 καὶ
1640 3727 1708 3780 ἐκ
1736 3727 1842 3780 τοῦ
1875 3728 2063 3796 νόμου

385 3829 503 3868 σου
547 3813 790 3882 διδάξῃς
843 3816 1059 3866 αὐτόν·
1093 3813 1380 3880 Μακάριοι
1427 3817 1480 3866 οἱ
1513 3815 1737 3883 ἄμωμοι
1792 3815 1862 3867 ἑν
1909 3814 2057 3880 ὀδῷ·

387 3899 674 3969 Μακάριοι
707 3901 928 3965 πάντες
959 3902 1012 3954 οὶ
1039 3902 1388 3966 πεποιθότες
1420 3901 1512 3953 ἐπ’
1543 3902 1730 3968 αὐτῷ’
1763 3903 2064 3972 Μακάριος

388 3993 421 4043 ό
444 3990 615 4055 λαὸς,
643 3985 714 4044 οὗ
751 3989 964 4056 Κύριος
994 3991 1026 4042 ό
1063 3988 1204 4054 Θεὸς
1230 3989 1416 4041 αὐτοῦ
1451 4001 1472 4027 ο
1495 4006 1506 4018 ·
1540 3991 1853 4060 Μακάριος,
1892 3989 1964 4048 οὗ
1990 3995 2062 4046 οὐ

389 4079 654 4147 κατέγνω
696 4078 734 4145 ἡ
776 4077 946 4147 ψυχὴ
980 4078 1166 4131 αὐτοῦ
1190 4096 1202 4109 ·
1237 4078 1538 4146 Μακάριος
1574 4079 1750 4148 ἀνὴρ.
1779 4084 1812 4134 ό
1845 4083 2063 4150 φοϐού-

386 4184 570 4233 μενος
596 4165 704 4220 τὸν
725 4167 963 4233 Κύριον.
995 4165 1105 4218 Καὶ
1128 4167 1155 4219 6
1183 4165 1416 4234 Χριστὸς
1444 4166 1605 4220 πάλιν
1630 4167 1800 4231 οὕτως
1817 4185 1830 4198 °
1863 4167 2064 4223 Μακάο

387 4274 503 4323 ριοι
547 4259 601 4310 οὶ
647 4257 1030 4322 πενθοῦντες,
1069 4255 1346 4324 μακάριοι
1374 4259 1428 4308 οἱ
1458 4256 1745 4321 ταπεινοί,
1782 4257 2063 4326 μακάριοι

389 4348 442 4396 οἱ
469 4343 694 4412 πραεῖς,
719 4340 866 4414 [186]
889 4342 1164 4412 μακάριοι
1188 4346 1241 4397 οἱ
1279 4344 1665 4410 εἰρηνοποιοί,
1701 4345 1978 4412 μακάριοι
2009 4349 2063 4397 οἱ

389 4429 766 4498 δεδιωγμένοι
803 4430 1012 4482 ἕνεκεν
1055 4429 1465 4497 δικαιοσύνης.
1507 4430 1670 4502 Ὁρᾷς
1703 4431 1820 4494 πῶς
1861 4449 2064 4484 παντα-

390 4517 486 4588 χοῦ
518 4517 710 4571 οὐδένα
749 4517 856 4570 τῶν
907 4517 1299 4578 πλουτούντων,
1326 4518 1387 4570 οὐ
1429 4517 1536 4570 τῶν
1575 4519 1634 4570 ἐν
1683 4518 1954 4590 εὐγενείᾳ,
2000 4520 2060 4572 ού

388 4604 499 4656 τῶν
537 4604 696 4676 δόξης
749 4605 1132 4658 ἀπολαυόντων
1184 4605 1579 4675 μακαρίζουσιν
1613 4606 1664 4658 οί
1706 4605 1839 4658 θεῖοι
1883 4607 2059 4677 νόμοι,

392 4691 530 4746 ἀλλά
573 4692 664 4744 τὸν
709 4693 911 4763 ἀρετῆς
964 4692 1402 4762 ἐπειλημμένον;
1447 4693 1519 4746 Τὸ
1555 4693 1664 4763 γὰρ
1708 4692 2060 4764 ζητούμενον,

393 4781 611 4834 πάντων
644 4773 718 4833 ὧν
745 4779 810 4832 ἂν
839 4779 1084 4850 ποιῶμεν
1107 4779 1139 4850 ἢ
1173 4780 1492 4851 πάσχωμεν,
1525 4781 1782 4835 ὑπόθεσιν
1810 4778 1946 4835 εἶναι
1973 4783 2062 4836 τὸν

388 4866 483 4921 τοῦ
516 4865 650 4920 Θεοῦ
699 4867 883 4934 φόϐον,
915 4867 1018 4920 κᾶν
1047 4865 1251 4936 ταύτην
1279 4867 1704 4939 προκαταϐάλῃς
1737 4868 1836 4940 τὴν
1885 4870 2060 4940 ῥίζαν,

390 4958 491 5010 οὐκ
534 4957 716 5017 ἄνεσις
757 4955 936 5025 μόνον,
982 4956 1103 5008 οὐδὲ
1152 4957 1338 5026 τιμαὶ,
1388 4958 1483 5010 καὶ
1538 4956 1723 5022 δόξαι,
1767 4959 1862 5011 καὶ
1901 4960 2064 5030 θερα-

394 5047 564 5108 πεῖαι,
596 5043 732 5097 ἀλλά
763 5044 858 5097 καὶ
885 5044 1160 5116 ἐπήρειαι,
1191 5046 1286 5098 καὶ
1315 5045 1691 5113 συκοφαντίαι,
1727 5049 1821 5100 καὶ
1853 5031 2059 5118 ὕϐρεις,

390 5133 489 5186 καὶ
536 5131 787 5202 ἀτιμίαι,
833 5131 930 5186 καὶ
969 5130 1224 5200 βάσανοι,
1269 5133 1364 5185 καὶ
1401 5133 1581 5186 πάντα
1631 5133 1818 5197 ἁπλῶς
1873 5134 2060 5204 ἡδονῆς

395 5237 477 5273 σοι
513 5220 802 5291 βλαστήσει
853 5220 1121 5290 καρπούς.
1153 5221 1263 5272 Καὶ
1293 5221 1548 5291 καθάπερ
1587 5220 1696 5274 τῶν
1735 5221 1975 5293 δένδρων
2006 5223 2061 5274 αί

396 5307 542 5373 ῥίζαι
589 5307 752 5359 αὐταὶ
806 5305 902 5376 μέν
944 5309 1050 5359 εἰσι
1101 5308 1318 5377 πικραὶ,
1361 5307 1610 5377 ἠδίστους
1655 5308 1712 5360 δέ
1753 5310 1884 5378 ἡμῖν
1936 5311 2063 5373 τοὺς

394 5394 642 5464 καρποὺς
693 5393 970 5464 φέρουσιν,
1021 5393 1164 5446 οὕτω
1207 5394 1271 5464 δὴ
1322 5395 1416 5447 καὶ
1464 5397 1496 5465 ἡ
1536 5395 1678 5447 κατά
1728 5396 1860 5448 Θεὸν
1918 5397 2060 5469 λύπη

392 5481 595 5551 πολλὴν
631 5483 766 5552 ἡμῖν
805 5482 944 5534 οἴσει
986 5481 1082 5552 τὴν
1124 5482 1338 5552 ἡδονήν.
1368 5483 1596 5547 Ἴσασιν,
1643 5483 1756 5534 ὅσοι
1804 5483 2062 5550 πολλάκις

397 5568 514 5638 μετ’
539 5568 731 5640 ὀδύνης
769 5567 1003 5639 ηὗξαντο
1045 5571 1139 5622 καὶ
1171 5569 1382 5640 δάκρυα
1415 5569 1659 5640 ἐξέχεαν,
1694 5571 1868 5642 πόσην
1902 5573 2064 5644 ἐκαρ-

453 5691 485 5766 ξ
507 5689 656 5739 Savul.
681 5689 948 5766 gt‘q‘nid’nm
976 5691 1057 5738 alii
1080 5691 1222 5766 μηδὲν
1245 5692 1480 5766 ᾠφέλορν,
1497 5692 1750 5766 ἀλλλὸμως
1778 5693 1965 5742 ἔστενον
2004 5697 2064 5745 τὰ

388 5754 606 5816 γινόμενα
627 5754 706 5799 καὶ
730 5754 1042 5814 ὠλοφύροντο.
1081 5754 1172 5799 Καὶ
1193 5754 1367 5814 ἑτέροις
1390 5755 1440 5801 δὲ
1462 5754 1688 5801 ἐνεκάλει.

452 5810 479 5848 δ
509 5814 597 5875 Alii
622 5814 674 5860 ού
697 5815 849 5875 χαίρω
871 5812 1012 5860 τοῦτο
1035 5816 1201 5861 ποιῶν.
1233 5873 1242 5875 Α

455 5829 479 5848 υ
509 5829 597 5859 mu
622 5829 674 5860 ου
697 5829 849 5875 χαιρω
871 5831 1012 5860 τουτο
1035 5830 1201 5861 ποιων.

453 5878 473 5904 ε
507 5874 734 5943 [figi-ign?
776 5887 889 5943 τρες.
916 5882 967 5943 ιιι
989 5875 1196 5943 vidimus.
1224 5873 1373 5925 Savil.
1399 5881 1562 5925 autem
1591 5882 1644 5926 el
1681 5876 1852 5927 Morel.
1879 5878 1934 5926 οὗ
1961 5880 2059 5928 Κύ-

391 5951 489 5997 ριος
515 5937 534 5984 ἑ
563 5936 678 5990 Θεὸς
702 5937 866 5996 βοηθὸς
888 5936 1049 5984 αὐτοῦ.

1205 351 1264 406 S.
1305 350 1588 408 JOANNIS
1625 349 2106 407 CHRYSOSTOMI
2145 349 2465 409 ARCHIEP.
2505 345 3060 409 CONSTANTINOP:

3732 339 3833 393 186

2183 467 2433 522 πώσαντο
2483 472 2582 542 τὴν
2631 471 2991 542 εὐφροσύνην,
3033 469 3150 534 πῶς
3199 467 3534 540 ἐξεκάθηραν
3564 469 3627 522 τὸ
3659 483 3834 521 συνει-

2170 556 2279 620 δὸς,
2329 558 2445 622 πῶς
2477 559 2618 629 μετά
2665 561 2906 630 χρηστῆς
2935 559 3235 628 ἀνέστησαν
3263 557 3492 619 ἐλπίδος.
3519 557 3696 626 Ὅπερ
3727 558 3833 631 γὰρ

2172 645 2257 697 ἀεὶ
2287 645 2450 714 λέγω,
2490 648 2588 717 οὐχ
2615 650 2648 717 ἡ
2681 647 2787 701 τῶν
2820 647 3162 718 πραγμάτων
3196 645 3376 715 φύσις,
3406 645 3520 698 ἀλλ’
3545 645 3580 715 ἡ
3625 645 3829 701 διάνοια

2172 734 2204 802 ἡ
2261 733 2505 804 ἡμετέρα
2560 734 2749 788 λυπεῖν
2795 735 2943 805 ἡμᾶς
3002 733 3160 786 εἴωθε
3217 733 3311 786 καὶ
3367 733 3698 803 εὐφραίνειν.
3737 737 3832 788 ’Δν

2171 821 2352 874 τοίνυν
2382 822 2586 893 ταύτην
2626 823 3148 893 κατασκευάσωμεν,
3176 823 3294 876 οἵαν
3326 817 3464 875 εἶναι
3495 821 3623 893 χρὴ,
3655 823 3834 892 πάσης

2171 908 2437 980 εὐθυμίας
2459 908 2486 948 ά
2517 911 2768 983 ἐνέχυρον
2797 909 2992 981 ἕξομεν
3011 927 3025 940 ⁸
3051 909 3145 964 καὶ
3165 910 3417 980 καθάπερ
3447 909 3508 962 τὸ
3546 910 3709 980 σῶμα
3735 912 3834 980 οὐχ

2170 994 2342 1060 οῦτως
2391 999 2424 1068 ἡ
2468 997 2576 1052 τῶν
2621 999 2799 1070 ἀέρων
2830 998 2992 1067 φύσις
3019 998 3140 1051 οὐδὲ
3181 999 3237 1049 αἱ
3269 997 3466 1062 ἔξωθεν
3508 997 3833 1067 προσϐολαὶ,

2169 1083 2305 1154 ὼςή
2345 1085 2519 1138 οἰκεία
2571 1085 2883 1157 κατασκευὴ
2912 1087 3006 1139 καὶ
3047 1085 3271 1154 βλάπτει
3309 1085 3404 1138 καὶ
3443 1083 3665 1154 ὠφελεῖ,
3692 1084 3836 1139 οὕτω

2171 1172 2266 1224 καὶ
2298 1173 2390 1224 ἐπὶ
2433 1172 2535 1241 τῆς
2572 1173 2781 1244 ψυχῆς·
2833 1174 2928 1226 καὶ
2979 1172 3159 1242 πολλῷ
3210 1172 3390 1226 πλέον.
3426 1171 3690 1224 Ἐνταῦθα
3738 1173 3836 1241 μὲν

2170 1258 2279 1329 γὰρ
2323 1259 2536 1328 φύσεώς
2571 1262 2717 1314 ἐστιν
2742 1262 2977 1333 ἀνάγκη,
3022 1263 3140 1314 ἐκεῖ
3168 1259 3225 1312 δὲ
3253 1259 3314 1312 τὸ
3340 1261 3449 1313 πᾶν
3478 1261 3571 1312 ἐπὶ
3598 1263 3664 1330 τῇ
3699 1277 3834 1331 προ-

2171 1347 2384 1417 αιρέσει
2423 1352 2620 1402 κεῖται.
2654 1350 2754 1403 Διά
2783 1349 2944 1402 τοῦτο
2983 1349 3013 1401 6
3062 1347 3274 1412 Παῦλος
3325 1347 3498 1420 μυρία
3534 1347 3834 1418 ὑπομείνας

2167 1435 2338 1500 δεινὰ,
2390 1438 2647 1506 ναυάγια,
2706 1436 2997 1508 πολέμους,
3049 1437 3466 1501 ἐπαναστάσεις,
3519 1435 3830 1498 ἐπιϐουλάς,

2169 1524 2382 1595 λῃστῶν
2420 1527 2664 1595 ἐφόδους,
2695 1527 2791 1580 καὶ
2827 1528 2928 1579 ὅσα
2965 1526 3087 1580 οὐδὲ
3123 1525 3610 1597 ἀπαριθμήσασθαι
3650 1524 3731 1577 ἔνι
3757 1524 3835 1593 τῷ

2168 1612 2331 1684 λόγῳ,
2387 1615 2482 1668 καὶ
2541 1614 2946 1686 καθημερινοὺς
3017 1613 3279 1677 θανάτους
3344 1611 3725 1681 ἀποθνήσκων,
3773 1611 3830 1664 οὐ

2173 1703 2332 1772 μόνον
2362 1703 2462 1756 οὐκ
2493 1702 2648 1774 ἤλγει
2684 1703 2806 1756 οὐδέ
2849 1700 3246 1771 ἐδυσχέραινεν,
3276 1700 3414 1753 ἀλλά
3440 1700 3534 1753 καὶ
3566 1702 3833 1768 ἐκαυχᾶτο

2179 1791 2276 1844 καὶ
2304 1791 2508 1861 ἔχαιρε,
2542 1791 2637 1844 καὶ
2669 1790 2850 1858 λέγει’
2881 1789 3011 1844 Νῦν
3043 1790 3226 1859 χαίρω
3259 1789 3331 1841 ἐν
3364 1787 3488 1853 τοῖς
3523 1787 3834 1856 παθήμασι

2162 1900 2304 1951 μου,
2347 1883 2443 1936 καὶ
2507 1878 2948 1951 ἀνταναπληρῶ
2993 1885 3065 1936 τὰ
3106 1879 3490 1950 ὑστερήματα
3546 1878 3666 1932 τῶν
3711 1881 3834 1933 ιλιι-

2167 1973 2333 2039 ψεων
2367 1971 2475 2025 τοῦ
2516 1969 2773 2039 Χριστοῦ
2801 1971 2871 2023 ἐν
2908 1968 2981 2036 τῇ
3011 1970 3191 2037 σαρκί
3223 1985 3372 2038 μου·
3409 1969 3501 2020 καὶ
3531 1967 3724 2020 πάλινο
3754 1969 3832 2020 Οὐ

2162 2059 2356 2127 μόνον
2384 2058 2472 2123 δὲ,
2507 2058 2670 2112 ἀλλὰ
2716 2057 2814 2110 καὶ
2853 2054 3206 2124 καυχώμεθα
3237 2056 3308 2108 ἐν
3346 2053 3476 2120 ταῖς
3514 2055 3831 2123 θλίψεσιν·

2165 2148 2198 2215 ἡ
2231 2146 2286 2198 δὲ
2317 2145 2586 2217 καύχησις
2616 2145 2810 2216 ἡδονῆς
2842 2146 2988 2196 ἐστιν
3022 2144 3292 2206 ἐπίτασις.

2237 2234 2299 2286 δ’.
2333 2235 2429 2286 Ἂν
2462 2232 2643 2285 τοίνυν
2680 2231 2945 2302 εὐθυμίας
2977 2229 3283 2300 ἐπιθυμῇς,
3323 2230 3398 2300 μὴ
3425 2231 3715 2301 χρήματα,
3763 2228 3839 2302 μὴ

2169 2318 2421 2390 σώματος
2466 2320 2699 2388 ὑγίειαν,
2740 2319 2814 2390 μὴ
2865 2318 3042 2382 δόξαν,
3092 2319 3166 2389 μὴ
3200 2317 3537 2380 δυναστείαν,
3589 2317 3664 2387 μὴ
3700 2334 3839 2386 τρυ-

2169 2410 2295 2478 φὴν,
2338 2406 2412 2478 μὴ
2459 2408 2738 2479 τραπέζας
2796 2407 3134 2472 πολυτελεῖς,
3175 2405 3248 2478 μὴ
3305 2405 3545 2478 σηρικῶν
3605 2407 3838 2475 ἱματίων

2170 2495 2483 2566 περιϐολὰς,
2528 2496 2601 2566 μὴ
2632 2494 2942 2558 πολυτελεῖς
2977 2494 3208 2565 ἀγροὺς,
3255 2491 3329 2564 μὴ
3368 2493 3546 2554 οἰκίας
3576 2492 3837 2564 λαμπρὰς

2167 2586 2261 2638 καί
2315 2588 2663 2656 περιφανεῖς,
2713 2585 2845 2654 μηδὲ
2890 2583 3018 2637 ἄλλο
3075 2601 3127 2635 τι
3177 2581 3285 2634 τῶν
3361 2580 3616 2633 τοιούτων
3670 2581 3838 2633 δίωκε

2173 2672 2338 2744 μηδέν
2362 2689 2376 2702 ·
2420 2672 2560 2726 ἀλλά
2604 2670 2924 2740 φιλοσοφίαν
2965 2670 3190 2740 μέτελθε
3225 2667 3323 2740 τὴν
3370 2670 3513 2722 κατά
3548 2666 3700 2731 Θεὸν,
3737 2669 3839 2720 καὶ

2167 2761 2369 2832 ἀρετῆς
2410 2758 2702 2813 ἐπιλαϐοῦ·
2743 2761 2836 2812 καὶ
2875 2758 3027 2811 οὐδέν
3072 2775 3132 2810 σε
3173 2758 3232 2810 οὐ
3266 2756 3380 2808 τῶν
3412 2756 3600 2819 ὄντων,
3632 2756 3693 2808 οὐ
3725 2755 3837 2808 τῶν

2166 2848 2537 2918 ἐλπιζομένων
2587 2847 2827 2916 λυπῆσαι
2894 2846 3218 2916 δυνήσεταιο
3255 2845 3308 2898 τί
3357 2845 3498 2912 λέγω
3550 2842 3836 2912 λυπῆσαι;

2169 2938 2456 3008 προσθήκη
2507 2937 2606 3006 μὲν
2643 2932 2736 2990 οῦν
2781 2936 2973 3006 ἡδονῆς
3010 2951 3091 2987 σοι
3137 2935 3428 3003 γενήσεται
3467 2931 3536 2985 τά
3583 2931 3709 2995 τοὺς
3742 2931 3840 2985 ά)-

2166 3025 2289 3088 λους
2335 3024 2640 3077 λυποῦντα⁶
2678 3024 2769 3076 καὶ
2823 3022 2930 3094 γάρ
2975 3023 3273 3094 μάστιγες,
3307 3020 3401 3074 καὶ
3447 3019 3705 3084 θάνατος,
3741 3020 3838 3072 καὶ

2168 3111 2396 3182 ζημίαι,
2431 3112 2526 3164 καὶ
2575 3110 2940 3182 κακηγορίαι,
2988 3111 3081 3162 καὶ
3112 3111 3171 3162 τὸ
3205 3109 3392 3172 κακῶς
3453 3109 3701 3178 πάσχειν,
3738 3109 3837 3160 καὶ

2169 3202 2347 3252 πάντα
2389 3200 2457 3252 τά
2497 3199 2742 3264 τοιαῦτα,
2781 3200 2908 3251 ὅταν
2940 3199 3027 3250 διὰ
3055 3198 3145 3252 τὸν
3171 3198 3306 3250 Θεὸν
3351 3199 3482 3268 ἡμῖν
3519 3197 3833 3266 ἐπάγηται,

2166 3291 2258 3343 καὶ
2286 3289 2490 3360 ταύτην
2521 3288 2618 3359 ἔχῃ
2647 3287 2744 3358 τὴν
2789 3286 2964 3358 ῥίζαν,
2995 3285 3194 3355 πολλὴν
3230 3287 3360 3356 ἡμῖν
3400 3287 3476 3347 εἰς
3513 3283 3612 3354 τὴν
3655 3285 3836 3354 ψυχὴν

2166 3378 2375 3444 εἰσάγει
2403 3376 2501 3447 τὴν
2528 3375 2738 3444 ἡδονήν.

2238 3465 2426 3527 Οὐδεὶς
2480 3465 2589 3534 γάρ
2642 3463 2788 3533 ἡμδις
2822 3460 3042 3524 ἀθλίους
3095 3461 3318 3530 ποιῆσαι
3370 3461 3694 3532 δυνὴσεται,
3737 3462 3837 3512 ἐὰν

2171 3554 2244 3625 μὴ
2289 3555 2514 3615 ἑαυτοὺς
2559 3553 2908 3621 ποιήσωμενο
2945 3549 3135 3620 ὥσπερ
3183 3545 3272 3602 οὖν
3325 3549 3447 3602 οὐδέ
3496 3549 3831 3619 μακαρίους,

2167 3642 2260 3694 ἐὰν
2311 3639 2385 3711 μὴ
2437 3639 2661 3701 ἑαυτοὺς
2725 3636 3127 3709 ἐργασώμεθα,
3189 3636 3324 3708 μετά
3381 3637 3482 3708 τὴν
3553 3637 3646 3689 τοῦ
3697 3637 3835 3690 Θεοῦ

2167 3730 2343 3798 χάριν.
2397 3727 2505 3781 Καὶ
2552 3726 2640 3778 ἵνα
2681 3725 2908 3796 μάθητε,
2959 3725 3040 3776 ὅτι
3079 3721 3234 3786 οὗτος
3273 3725 3432 3794 μόνος
3482 3725 3602 3776 ἐστὶ
3653 3724 3835 3794 μακά-

2170 3834 2302 3888 ριος,
2339 3817 2368 3869 6
2413 3813 2748 3884 φοϐούμενος
2795 3813 2888 3865 τὸν
2924 3812 3148 3882 Κύριον,
3191 3811 3292 3864 οὐκ
3340 3812 3448 3868 άπὸ
3488 3811 3598 3864 τῶν
3633 3811 3836 3882 παρελ-

2166 3906 2386 3968 θόντων,
2419 3903 2531 3956 ἀλλ’
2557 3902 2665 3955 ἀπὸ
2695 3900 2802 3954 τῶν
2831 3903 2964 3971 ἡμῖν
2993 3900 3316 3971 συμϐάντων
3343 3898 3494 3972 [187]
3521 3899 3681 3952 τοῦτο
3703 3900 3836 3970 ύμῖν

2166 3992 2432 4058 ἀποδείξω
2462 3990 2575 4044 νῦν.
2635 3984 3036 4045 Ἐκινδύνευσεν
3063 3990 3192 4058 ἡμῖν
3227 3991 3259 4058 ἡ
3285 3988 3440 4050 πόλις
3467 3987 3838 4058 ἀφανισθῆναι

2169 4082 2352 4145 πᾶσα,
2399 4080 2495 4133 καὶ
2535 4078 2643 4131 τῶν
2679 4077 2776 4147 μὲν
2822 4075 3198 4130 πλουτούντων
3242 4077 3334 4129 καὶ
3385 4075 3701 4146 περιφανῶν
3737 4079 3832 4129 καὶ

2167 4169 2453 4237 ἐπισήμων
2491 4165 2698 4236 ἀνδρῶν
2730 4164 2904 4227 οὐδεὶς
2939 4163 3241 4234 ἐτόλμησεν
3271 4165 3328 4215 ἐν
3357 4162 3437 4234 τῷ
3479 4163 3630 4232 μέσῳ
3664 4163 3838 4232 φανῆ-

2167 4274 2273 4321 ναι,
2299 4255 2435 4308 ἁλλά
2467 4255 2668 4315 πάντες
2699 4251 2899 4320 ἔφυγον
2930 4252 3023 4304 καὶ
3056 4251 3379 4322 ἀπεπήδων⁸
3415 4251 3464 4302 οἱ
3493 4251 3548 4302 δὲ
3575 4251 3667 4303 τὸν
3701 4252 3835 4302 Θεὸν

2168 4344 2526 4414 φοϐούμενοι,
2585 4342 2633 4393 οἰ
2686 4341 2742 4391 ἐν
2808 4339 3190 4410 μοναστηρίοις
3246 4337 3649 4408 διατρίϐοντες,
3689 4333 3836 4390 οῦτοι

2170 4431 2311 4502 μετά
2365 4429 2567 4500 πολλῆς
2621 4430 2720 4498 τῆς
2776 4427 3090 4499 παρρησίας
3157 4426 3599 4497 καταδραμόντες
3653 4428 3836 4479 πάντα

2167 4521 2382 4585 ἔλυσαν,
2414 4520 2507 4572 καὶ
2531 4517 2784 4570 τοσοῦτον
2814 4517 3050 4586 ἀπέσχον
3084 4516 3281 4578 αὐτοὺς
3318 4515 3552 4584 φοϐῆσαι
3609 4515 3704 4566 καὶ
3753 4516 3834 4577 είς

2166 4609 2407 4676 ἀγωνίαν
2453 4606 2708 4678 ἐμϐαλεῖν
2744 4605 2812 4658 τὰ
2861 4606 3143 4676 συμϐάντα
3178 4603 3325 4655 δεινά
3370 4604 3460 4655 καὶ
3498 4603 3555 4654 αἱ
3606 4601 3837 4672 προσδο-

2167 4695 2409 4767 κώμεναι
2442 4694 2694 4759 ἀπειλαὶ,
2722 4695 2807 4746 ὅτι
2850 4694 3037 4764 πόρρω
3077 4691 3372 4762 καθήμενοι
3403 4689 3500 4759 τῆς
3545 4689 3836 4759 συμφορᾶς

2168 4783 2262 4838 καὶ
2301 4783 2452 4836 οὐδὲν
2494 4783 2669 4836 κοινὸν
2698 4781 2933 4851 ἔχοντες,
2966 4779 3184 4841 ἐκόντες
3225 4777 3452 4839 ἑαυτοὺς
3482 4776 3715 4846 ἔρριψαν
3751 4777 3835 4836 εἰς

2173 4873 2346 4944 μέσην
2389 4873 2490 4943 τὴν
2539 4869 2738 4940 πυρὰν,
2782 4870 2875 4922 καὶ
2923 4867 3128 4930 πάντας
3190 4865 3470 4933 ἐξείλοντο,
3499 4864 3595 4916 καὶ
3627 4864 3657 4914 ὃ
3701 4866 3837 4914 πᾶσι

2168 4962 2317 5016 δοκεῖ
2351 4958 2580 5029 φοϐερὸν
2615 4953 2755 5010 εἶναι
2792 4957 2885 5008 καὶ
2936 4955 3203 5025 φρικῶδες
3227 4994 3240 5017 ,
3287 4954 3312 5005 6
3362 4953 3626 5016 θάνατος,
3674 4951 3837 5003 τοῦτο

2167 5045 2314 5104 οὗτοι
2345 5047 2482 5119 μετὰ
2512 5047 2691 5115 πάσης
2719 5044 3032 5109 ἀνεδέξαντο
3063 5044 3164 5112 τῆς
3200 5040 3507 5112 προθυμίας
3531 5059 3543 5070 ·
3577 5040 3672 5092 καὶ
3697 5039 3838 5111 μετά

2171 5138 2418 5199 πλείονος
2482 5135 2702 5205 ἔτρεχον
2743 5134 2835 5184 ἐπὶ
2862 5132 2923 5184 τὸ
2959 5133 3191 5202 πρᾶγμα
3232 5127 3448 5199 ἡδονῆς,
3478 5127 3510 5197 ἢ
3540 5127 3629 5179 ἐπ’
3659 5127 3836 5196 ἀρχὰς

2168 5227 2345 5295 ἐτεροι
2379 5225 2471 5278 καὶ
2498 5223 2690 5292 τιμάςο
2745 5220 2940 5291 ᾔδεσαν
2979 5219 3086 5287 γὰρ
3117 5220 3197 5270 ὅτι
3233 5217 3466 5286 μεγίστη
3496 5214 3656 5268 τοῦτο
3690 5215 3837 5284 ἀρχὴ

2169 5316 2262 5367 καὶ
2291 5313 2446 5384 τιμὴ,
2475 5312 2568 5365 καὶ
2601 5311 2666 5363 δι’
2708 5307 2887 5361 αὐτῶν
2925 5308 3034 5360 τῶν
3075 5306 3252 5378 ἔργων
3291 5305 3520 5369 ἔδειξαν,
3561 5306 3641 5357 ὅτι
3681 5298 3840 5366 οὗτος

2173 5404 2331 5472 μόνος
2371 5399 2639 5472 μακάριός
2673 5400 2819 5452 ἐστιν
2846 5401 2874 5451 6
2920 5396 3238 5466 φιλοσοφίας
3285 5393 3689 5464 ἐπειλημμένος
3731 5391 3840 5459 τῆς

2169 5493 2302 5555 ἅνω,
2340 5491 2432 5544 καὶ
2487 5488 2788 5560 μεταϐολὴν
2834 5486 3088 5558 οὐδεμίαν
3135 5487 3371 5554 δέχεται,
3419 5483 3541 5536 οὐδὲ
3585 5483 3833 5550 δυσημε-

2172 5581 2293 5653 ρίαν
2327 5579 2582 5649 ὑπομένει
2632 5575 2787 5638 τινὰ,
2834 5575 2970 5629 ἀλλά
3021 5573 3299 5644 διηνεκοῦς
3348 5571 3645 5643 εὐημερίας
3697 5572 3845 5622 ἀπο-

2169 5667 2345 5728 λαύει,
2383 5664 2478 5718 καὶ
2511 5665 2728 5718 πάντων
2768 5661 3042 5734 καταγελᾷ
3075 5661 3181 5715 τῶν
3225 5660 3528 5713 δοκούντων
3557 5655 3693 5710 εἶναι
3738 5657 3844 5708 λυ-

2173 5753 2384 5826 πηρῶν.
2424 5751 2540 5804 Νῦν
2571 5751 2702 5819 γοῦν
2731 5752 2780 5804 οἰ
2826 5751 2922 5822 μὲν
2957 5753 3013 5807 ἐν
3051 5749 3389 5812 δυναστείαις
3423 5746 3632 5818 ἀθυμίᾳ
3664 5743 3846 5820 πολλῇ

2231 5937 2256 5978 δ
2273 5939 2369 5990 Alii
2390 5939 2544 5995 πάσης
2567 5937 2747 5994 εὐνοίας
