4112 6388
340 234 437 288 135

337 348 599 418 profueris
618 388 634 413 ,
672 349 958 402 maximam
979 347 1145 401 habes
1172 346 1491 401 mercedem.
1529 345 1597 400 Et
1625 354 1681 399 ut
1704 344 1877 399 discas
1900 387 1916 411 ,

332 440 472 511 quod
502 440 573 495 de
617 440 779 509 lapsis
817 440 1047 504 tristari,
1076 440 1175 493 etsi
1207 439 1338 493 nihil
1387 453 1703 508 prosumus,
1746 438 1917 493 maxi-

332 547 475 586 mam
532 531 687 584 nobis
740 529 1140 583 retributionem
1186 529 1370 592 atl‘ert,
1404 529 1528 583 audi
1583 529 1916 583 Ezechielem

330 622 630 685 dicentem,
677 622 784 673 imo
837 635 962 674 vere
1009 619 1175 674 Demn
1235 635 1328 688 per
1365 620 1536 689 ipsum
1588 620 1914 689 loquentem.

332 712 619 780 Postquam
673 710 814 765 enim
865 711 1010 764 misit
1050 711 1306 779 quosdam
1369 711 1436 765 ad
1501 710 1914 766 subvertendum

330 804 514 856 urbem
533 844 548 866 ,
577 811 633 858 et
659 801 801 857 ferro
830 812 883 857 et
907 803 1011 870 igni
1041 803 1462 857 consumendum
1492 803 1711 857 aediﬁcia
1738 803 1916 856 omnia

328 908 448 947 cum
478 894 865 949 habitatoribus
893 894 1019 964 ipsis
1044 935 1057 957 ,
1082 894 1308 963 imperat
1338 894 1548 949 cuidam
1575 894 1652 948 sic
1688 893 1873 948 dicens
1899 909 1912 946 :

333 985 409 1037 Da
446 986 650 1055 signum
691 985 746 1039 in
786 985 914 1054 facie
952 985 1171 1038 virorum
1214 986 1516 1056 gementium
1553 994 1599 1039 et
1642 986 1916 1039 dolentium

333 1075 542 1147 (Eucti.
577 1076 631 1131 9.
662 1075 740 1146 4).
771 1077 837 1131 Ει
863 1092 981 1130 cum
1022 1076 1142 1130 aliis
1180 1077 1522 1145 imperasset,
1552 1084 1606 1130 et
1648 1076 1870 1131 dixisset
1899 1094 1913 1132 :

328 1168 371 1220 Α
411 1169 602 1222 sanctis
642 1169 765 1222 meis
810 1168 1017 1236 incipite
1044 1183 1064 1221 :
1090 1168 1265 1222 intulit
1307 1168 1531 1222 dicens:
1571 1168 1745 1237 Supra
1793 1184 1917 1237 quos

328 1267 493 1312 autem
518 1267 592 1313 est
615 1260 834 1329 signum,
867 1276 930 1311 ne
967 1260 1103 1328 ipsos
1131 1260 1320 1328 tangite
1351 1259 1454 1329 (Ib.
1487 1275 1535 1312 υ.
1558 1259 1636 1330 6).
1668 1260 1802 1327 Qua,
1830 1260 1917 1314 dic

330 1350 458 1404 mihi
487 1391 502 1415 ,
527 1350 725 1404 causa?
749 1350 1007 1417 Quoniam
1038 1350 1139 1403 etsi
1170 1349 1297 1403 nihil
1332 1360 1588 1419 prosunt,
1619 1360 1794 1405 tamen
1825 1366 1917 1420 ge-

331 1451 481 1495 munt
511 1458 629 1510 quas
653 1450 910 1512 geruntur
937 1449 992 1496 et
1016 1441 1314 1510 deplorant.
1349 1441 1415 1495 Et
1443 1441 1576 1495 alios
1605 1454 1792 1497 rursus
1821 1456 1915 1495 ac-

328 1542 477 1587 cusat
505 1574 519 1596 ,
548 1532 769 1589 dicens:
803 1533 987 1587 Ventri
1029 1540 1085 1587 et
1129 1531 1336 1587 deliciis
1375 1540 1643 1597 vacantes,
1674 1541 1728 1585 et
1754 1533 1915 1586 multa

329 1627 596 1694 potientes
634 1627 911 1691 libertate,
938 1625 1179 1680 videntes
1205 1625 1419 1679 Judzeos
1469 1625 1519 1677 iu
1551 1625 1912 1693 captivitatem

327 1717 540 1782 deduci,
571 1733 675 1771 nou
706 1717 1007 1778 doluerunt,
1034 1731 1137 1769 non
1166 1715 1453 1784 participes
1479 1715 1626 1770 fuere
1648 1716 1873 1770 tristitia:
1900 1735 1913 1771 :

326 1822 381 1864 et
406 1811 549 1879 ipsos
578 1824 835 1864 accusans
880 1810 991 1863 ait:
1027 1808 1177 1863 Nihil
1201 1810 1338 1879 passi
1365 1819 1481 1862 sunt
1524 1810 1577 1863 in
1617 1810 1912 1863 contritione

326 1900 521 1969 Joseph
567 1900 787 1968 (Amos.
821 1899 874 1954 6.
919 1899 1024 1969 6),
1085 1900 1283 1968 Joseph
1330 1898 1607 1968 appellans
1660 1900 1912 1967 populum

326 2005 563 2044 onmem.
593 1991 658 2044 Et
698 2006 909 2045 rursum
943 2007 956 2043 :
998 1990 1120 2044 Non
1154 1991 1274 2043 exiit
1320 2005 1433 2054 qua:
1475 1990 1663 2042 habitat
1692 1988 1874 2044 zEnan
1896 2032 1911 2056 ,

331 2084 569 2152 plangere
597 2082 797 2135 domum
824 2096 931 2135 sua:
950 2082 1273 2150 conjunctam
1299 2080 1483 2152 (Mich.
1509 2080 1559 2134 1.
1578 2077 1687 2151 11).
1714 2080 1913 2148 Quam-

330 2172 407 2224 vis
446 2171 591 2226 enim
636 2172 778 2240 juste
807 2170 1091 2239 puniantur
1115 2211 1128 2234 ,
1159 2170 1273 2224 vult
1298 2170 1437 2224 Deus
1467 2184 1563 2224 nos
1591 2170 1877 2224 condolere
1896 2211 1912 2237 ,

331 2277 436 2316 non
485 2272 662 2316 autem
691 2262 923 2332 gaudere
969 2269 1024 2314 et
1068 2260 1344 2315 insultare.
1374 2259 1429 2315 Si
1473 2260 1646 2325 enim,
1679 2262 1782 2326 ait,
1816 2276 1915 2330 ego

332 2354 556 2424 puniens
587 2368 689 2407 non
720 2355 874 2408 hctus
902 2352 1005 2406 hoc
1032 2350 1192 2419 facio,
1224 2368 1321 2407 nec
1351 2354 1401 2405 in
1434 2354 1667 2422 ipsorum
1710 2353 1911 2408 ultione

331 2447 569 2501 delector
613 2444 757 2515 (Non
800 2446 943 2500 enim
969 2447 1224 2500 voluntate
1252 2447 1362 2500 uolo
1389 2457 1597 2500 mortem
1643 2448 1915 2517 peccatoris

332 2535 541 2607 [Exacta
564 2538 648 2592 18.
678 2537 837 2611 25]);
868 2547 1078 2607 oportet
1106 2548 1159 2593 et
1189 2548 1242 2594 te
1282 2539 1561 2592 Dominum
1604 2540 1834 2604 imitari,
1862 2548 1916 2593 et

333 2639 613 2699 propterea
660 2630 844 2699 lugere
868 2671 882 2694 ,
912 2632 1160 2700 quoniam
1216 2641 1462 2701 peccator
1502 2632 1657 2701 justa:
1701 2632 1915 2687 ultionis

333 2722 605 2776 materiam
631 2723 857 2792 praebuit
881 2731 934 2776 et
954 2723 1310 2777 occasionem.
1337 2722 1515 2791 Itaque
1542 2722 1584 2777 si
1608 2722 1726 2791 quis
1754 2724 1912 2777 etiam

333 2815 621 2869 secundum
670 2816 833 2870 Deum
863 2816 1100 2870 tristetur
1125 2856 1139 2880 ,
1170 2832 1412 2886 magnam
1438 2817 1559 2871 inde
1589 2816 1752 2869 sumit
1776 2816 1916 2870 utili—

335 2916 517 2961 tatem.
540 2907 673 2960 Cum
712 2906 869 2975 igitur
893 2908 1158 2961 beatiores
1193 2908 1299 2962 sint
1326 2906 1573 2976 ﬂagellati
1599 2906 1915 2977 ﬂagellanti—

341 2999 473 3065 bus,
500 3007 552 3053 et
578 2999 669 3068 qui
710 2998 848 3067 apud
893 3013 989 3052 uos
1030 2998 1356 3067 aﬂliguntur,
1388 3000 1586 3053 exteris
1641 2998 1826 3068 positis
1861 2998 1915 3052 in

335 3092 680 3155 remissione,
706 3101 761 3145 et
784 3091 1024 3145 dolentes
1047 3091 1399 3161 gaudentibus
1430 3109 1443 3144 :
1473 3106 1592 3160 quae
1624 3091 1779 3145 nobis
1803 3106 1914 3144 am-

337 3180 474 3249 plius
514 3181 619 3236 erit
679 3181 1030 3236 tribulationis
1074 3182 1326 3237 occasio?
1370 3181 1656 3251 Propterea
1702 3182 1913 3236 beatum

338 3272 516 3324 haberi
555 3272 808 3326 convenit
846 3272 1146 3338 neminem,
1174 3272 1277 3326 nisi
1313 3272 1604 3326 secundum
1634 3273 1799 3328 Deum
1834 3274 1913 3326 vi-

336 3374 546 3415 ventem
579 3363 772 3417 solum.
798 3362 906 3417 Hos
922 3378 1134 3434 quoque
1161 3363 1305 3418 solos
1335 3363 1605 3433 Scriptura
1624 3365 1805 3418 beatos
1827 3380 1916 3417 v0-

338 3464 455 3506 rat:
481 3454 650 3521 inquit
684 3455 824 3507 enim
850 3471 864 3507 :
891 3453 1079 3509 Beatus
1106 3455 1199 3521 uir,
1230 3456 1316 3525 qui
1340 3471 1441 3507 non
1469 3454 1585 3507 abiit
1629 3456 1682 3507 in
1710 3454 1917 3507 consilio

336 3546 605 3613 impiorum
635 3544 805 3617 (Psal.
833 3547 884 3600 1.
918 3547 971 3615 1)
1000 3565 1013 3600 ;
1045 3545 1229 3601 Beatus
1252 3563 1398 3617 quem
1426 3557 1478 3599 tu
1510 3548 1770 3613 erudieris,
1810 3547 1912 3600 Do-

338 3637 489 3697 mine,
521 3647 566 3688 et
592 3637 654 3689 de
677 3637 784 3704 lege
810 3648 897 3690 tua
918 3637 1150 3692 docueris
1178 3654 1288 3691 eum
1308 3654 1326 3691 :
1346 3636 1488 3690 Beati
1526 3639 1838 3691 immaculati
1863 3639 1917 3691 in

338 3728 453 3780 via:
485 3726 628 3780 Beati
656 3744 827 3780 omnes
856 3729 941 3797 qui
974 3728 1235 3796 conﬁdunt
1267 3731 1320 3781 in
1360 3745 1416 3781 eo
1440 3744 1459 3782 :
1489 3727 1671 3781 Beatus
1703 3729 1918 3798 populus

338 3820 483 3889 cujus
512 3818 758 3872 Dominus
784 3818 923 3874 Deus
952 3822 1061 3889 ejus
1089 3821 1106 3851 ι
1132 3818 1298 3891 (Psal.
1331 3821 1419 3875 95.
1443 3821 1528 3875 12.
1562 3830 1607 3874 et
1643 3823 1764 3875 118.
1794 3822 1843 3875 1.
1871 3831 1919 3874 et

338 3910 390 3961 Ξ.
443 3911 529 3963 13.
573 3920 619 3963 et
660 3910 747 3964 52.
799 3911 906 3979 12)
939 3929 950 3965 :
984 3910 1169 3964 Beatus
1218 3927 1364 3975 quem
1420 3927 1519 3964 non
1571 3910 1919 3964 condemnavit

337 4001 509 4052 anima
536 4001 644 4069 ejus
675 3999 858 4071 (Eccli.
892 4001 978 4055 14.
996 4000 1052 4071 2)
1084 4000 1306 4055 :Beatus
1335 4003 1428 4065 vir,
1457 4002 1544 4069 qui
1579 4003 1715 4055 timet
1740 4001 1920 4055 Domi-

339 4106 458 4142 num
489 4090 657 4157 (Psal.
678 4092 799 4145 111.
826 4092 894 4161 1).
927 4091 993 4145 Et
1019 4107 1226 4145 rursum
1248 4093 1327 4146 sic
1348 4092 1627 4145 Christus:
1662 4092 1805 4147 Beati
1833 4093 1919 4161 qui

338 4183 544 4251 lugent,
574 4182 703 4235 beati
736 4183 946 4237 humiles
965 4223 979 4248 ,
1010 4183 1138 4236 beati
1159 4184 1301 4237 mites
1320 4224 1335 4249 ,
1369 4184 1498 4237 beati
1527 4184 1727 4254 paci/ici
1745 4226 1757 4245 ,
1790 4183 1917 4237 beati

338 4273 422 4339 qui
450 4273 879 4340 persequutionem
909 4274 1169 4343 patiuntur
1194 4286 1398 4344 prapter
1412 4277 1667 4346 justitiam
1695 4274 1915 4345 (Matth.

338 4362 391 4414 5.
417 4362 595 4430 5-10).
632 4362 791 4418 Vides
816 4365 1080 4434 quomodo
1109 4365 1293 4420 nullihi
1320 4366 1540 4420 divitum
1569 4382 1917 4436 quemquam,

340 4467 445 4507 non
468 4468 809 4522 generosum,
832 4471 935 4508 non
958 4456 1124 4525 gloria
1156 4456 1376 4525 potitutu
1403 4457 1703 4511 beatiﬁcant
1727 4457 1920 4514 divina:

341 4544 486 4612 leges
505 4583 520 4606 ,
546 4543 639 4597 sed
670 4544 918 4598 virtutem
949 4552 1151 4599 tantum
1194 4559 1537 4614 assequutum
1563 4547 1585 4599 ἲ
1610 4545 1761 4612 Quod
1783 4564 1922 4616 quiec

339 4637 473 4687 ritur
513 4634 654 4688 enim
679 4675 695 4699 ,
737 4635 789 4688 in
816 4634 1061 4690 omnibus
1084 4675 1100 4700 ,
1133 4651 1252 4706 qum
1292 4635 1513 4691 facimus
1543 4638 1626 4692 vel
1655 4638 1881 4706 patimur
1901 4679 1915 4703 ,

340 4725 434 4779 Dei
461 4725 705 4779 timorem
732 4740 853 4779 esse
875 4727 1161 4789 convenit,
1186 4737 1240 4781 et
1267 4728 1312 4781 si
1356 4727 1491 4781 hanc
1519 4729 1815 4797 praimittas
1843 4744 1923 4784 ra-

339 4818 513 4871 dicem
542 4858 559 4883 ,
588 4832 692 4871 non
736 4819 983 4873 remissio
1035 4829 1237 4873 tantum
1262 4861 1276 4884 ,
1310 4836 1409 4875 nec
1456 4821 1685 4875 honores
1708 4862 1722 4884 ,
1750 4836 1923 4891 neque

339 4913 507 4982 gloria
556 4924 715 4982 atque
767 4914 1099 4980 ministeria,
1141 4931 1326 4970 verum
1372 4924 1427 4970 et
1468 4914 1829 4970 infestatioues
1867 4925 1923 4970 et

340 5005 642 5069 calumniae,
661 5014 717 5060 et
740 5005 1097 5071 contumelim,
1121 5015 1178 5060 et
1197 5006 1519 5074 ignominiae,
1548 5014 1602 5061 et
1633 5017 1919 5073 tormenta,

340 5104 394 5149 et
418 5097 597 5149 omnia
627 5097 947 5167 generaliter
972 5099 1255 5167 voluptatis
1281 5098 1484 5153 fructus
1522 5099 1615 5154 tibi
1658 5100 1924 5168 gemina-

342 5188 492 5243 bunt.
527 5188 595 5242 Et
636 5191 773 5244 sicut
812 5191 1062 5246 arborum
1113 5192 1350 5257 radices,
1382 5191 1511 5262 ipsas
1561 5193 1773 5263 quidem
1803 5202 1925 5248 sunt

341 5297 569 5344 amarae,
595 5281 1011 5351 jucundissimos
1052 5294 1231 5337 autem
1263 5286 1417 5339 nobis
1456 5285 1657 5341 fructus
1701 5285 1879 5342 ferunt
1908 5305 1921 5339 :

340 5372 418 5427 sic
440 5371 676 5442 profecto
702 5383 757 5428 et
772 5372 1064 5429 secundum
1095 5374 1260 5430 Deum
1288 5376 1501 5431 tristitia
1529 5376 1748 5431 multam
1772 5379 1924 5434 nobis

342 5462 535 5519 afferet
558 5464 903 5534 voluptatem.
925 5465 1129 5521 Norunt
1167 5466 1484 5537 quicumque
1511 5481 1653 5537 saepe
1680 5483 1799 5523 cum
1828 5468 1925 5523 do-

403 5598 426 5667 }
463 5597 537 5645 sic
559 5608 767 5668 litamina
776 5610 894 5668 pars
915 5605 1022 5647 uss.
1048 5598 1187 5647 savii.
1213 5604 1379 5649 autem
1396 5606 1448 5650 et
1469 5598 1652 5661 Morel,
1673 5598 1813 5662 cuius
1834 5608 1922 5652 Do-

347 5659 505 5709 minus
524 5659 719 5719 adjutor
740 5659 860 5718 ejus.

680 5744 947 5805 I’ATROL.
996 5744 1113 5807 Gn.
1160 5741 1390 5804 XLIX.

1259 233 1347 288 an
1384 230 1709 288 POPULUM
1747 188 2238 289 suriocnsuuu
2298 232 2528 289 HOMIL.
2571 232 2754 290 xvut.

3505 243 3603 297 18³

2035 346 2148 400 lore
2172 356 2459 401 oraverunt
2482 356 2536 401 et
2554 347 2815 419 lacrymas
2847 348 3148 403 elTudcrunt
3166 389 3182 416 ,
3208 360 3457 420 quantam
3497 354 3607 408 sint

2026 436 2211 490 lucrati
2244 436 2498 503 laetitiam,
2523 436 2791 503 quomodo
2824 438 3209 494 conscientiam
3239 442 3601 511 expurgat-int,

2022 526 2290 595 quomodo
2335 527 2736 583 exsurrexerint
2784 542 2904 582 cum
2935 528 3071 583 bona
3100 544 3196 600 spe
3229 546 3242 583 :
3274 531 3415 600 quod
3457 533 3601 588 enim

2020 632 2232 688 semper
2256 618 2396 685 dico,
2424 634 2531 673 non
2561 635 2738 673 rerum
2762 629 2973 686 natura,
3000 621 3095 674 sed
3120 638 3271 677 mens
3298 633 3476 680 nostra
3505 640 3605 681 nos

2020 712 2339 766 contristare
2393 713 2477 766 vel
2515 712 2788 768 letiﬁcare
2820 715 3117 769 consuevit.
3148 715 3203 770 Si
3250 716 3414 785 igitur
3462 719 3601 775 hanc

2021 801 2181 856 talem
2229 802 2533 868 reddamus,
2564 804 2773 872 qualem
2822 818 2941 859 esse
2978 804 3148 872 decet,
3189 807 3363 862 omnis
3405 808 3605 864 laetitia:

2019 892 2210 961 pignus
2236 892 2551 948 habebimus
2581 912 2594 949 :
2638 903 2693 949 et
2713 895 2852 949 sicut
2877 909 3073 965 corpus
3100 911 3208 951 non
3236 905 3436 952 tantum
3462 900 3603 954 aeris

2023 993 2212 1038 natura
2242 994 2331 1039 aut
2351 987 2642 1041 exteriores
2671 987 2938 1055 incursus,
2970 1000 3225 1057 quantum
3255 990 3466 1059 propria
3488 990 3603 1044 dis-

2023 1078 2213 1146 positio
2238 1087 2292 1132 et
2320 1077 2468 1132 laedit
2493 1087 2547 1132 et
2574 1080 2789 1149 adjuvat
2820 1097 2834 1133 :
2862 1080 2939 1135 sic
2963 1090 3019 1135 et
3045 1081 3098 1135 in
3125 1082 3322 1149 anima,
3349 1091 3404 1136 et
3429 1083 3601 1138 multo

2021 1168 2205 1238 magis.
2240 1169 2336 1224 llic
2373 1172 2571 1224 etenim
2615 1180 2816 1227 naturae
2856 1182 2939 1227 cst
2967 1174 3255 1229 necessitas
3280 1216 3295 1239 ,
3325 1174 3432 1229 illic
3474 1191 3601 1229 vero

2023 1267 2190 1314 totum
2236 1261 2289 1313 in
2320 1260 2588 1316 voluntate
2624 1262 2784 1318 situm
2833 1272 2934 1318 est.
2966 1264 3253 1333 Propterea
3284 1265 3475 1320 Paulus
3522 1266 3604 1319 in-

2021 1364 2241 1403 numera
2272 1365 2457 1418 passus
2486 1353 2620 1405 mala
2640 1392 2657 1419 ,
2691 1352 2960 1425 naufragia
2981 1395 2995 1418 ,
3026 1355 3163 1410 bella
3185 1397 3200 1421 ,
3232 1358 3593 1426 persequutio-

2021 1454 2115 1493 nes
2134 1481 2149 1503 ,
2178 1441 2393 1496 insidias
2413 1484 2427 1509 ,
2460 1442 2721 1497 latronum
2761 1445 3021 1512 incursus,
3056 1456 3109 1500 et
3129 1464 3474 1520 quaecumque
3504 1466 3600 1505 nec

2020 1531 2260 1586 oratione
2309 1547 2588 1588 numerare
2636 1535 2791 1599 licet,
2822 1547 2875 1589 et
2908 1538 3144 1607 quotidie
3188 1540 3421 1593 moriens
3446 1582 3461 1603 ,
3494 1555 3599 1594 non

2022 1629 2223 1673 tantum
2256 1637 2361 1675 nou
2387 1622 2601 1679 dolebat
2627 1640 2725 1679 nec
2752 1626 3119 1696 indignabatur
3143 1669 3158 1691 ,
3189 1643 3369 1682 verum
3406 1639 3459 1683 et
3497 1631 3602 1695 glo-

2020 1712 2257 1766 riabatur
2302 1723 2357 1768 et
2402 1714 2706 1784 gaudebat,
2737 1716 3051 1786 dicebatque
3080 1736 3094 1772 :
3127 1717 3280 1772 Nunc
3323 1720 3518 1788 gaudeo
3548 1721 3603 1773 in

2019 1802 2332 1872 passionibus
2349 1806 2489 1869 meis,
2512 1814 2557 1860 et
2576 1807 2786 1875 suppleo
2806 1807 3025 1878 defectus
3047 1808 3426 1863 tribulationum
3449 1809 3600 1864 Chri-

2018 1894 2081 1948 sti
2109 1895 2162 1947 in
2188 1910 2341 1949 carne
2367 1913 2477 1949 mea
2508 1896 2721 1967 (Coloss.
2753 1898 2805 1951 1.
2828 1898 2943 1967 24).
2981 1899 3046 1953 Et
3068 1900 3256 1954 iterum
3290 1919 3304 1954 :
3336 1899 3456 1955 Non
3482 1911 3599 1953 tan-

2020 1996 2126 2040 tum
2146 1998 2332 2055 autem,
2354 2003 2524 2043 verum
2550 2000 2595 2044 et
2619 1991 2899 2060 gloriantur
2918 1992 2971 2045 in
2991 1992 3393 2047 tribulationibus
3419 1993 3599 2062 (Rom.

2018 2080 2072 2135 5.
2106 2082 2141 2136 5
2159 2078 2198 2151 ).
2224 2080 2481 2135 Gloriatio
2506 2096 2632 2136 vero
2661 2082 2946 2151 voluptatis
2967 2090 3049 2137 est
3069 2082 3313 2137 intentio.

2089 2169 2143 2224 4.
2182 2170 2237 2225 Si
2254 2170 2486 2226 laetitiam
2510 2171 2685 2241 itaque
2708 2171 2878 2241 cupis,
2899 2186 3003 2227 non
3036 2174 3305 2241 pecunias,
3335 2187 3439 2226 non
3462 2186 3586 2225 cor-

2023 2260 2169 2328 poris
2196 2261 2473 2316 sanitatem
2496 2303 2510 2327 ,
2536 2277 2644 2318 non
2676 2262 2902 2333 gloriam
2924 2303 2938 2327 ,
2978 2277 3083 2317 non
3121 2264 3407 2331 potentiam
3428 2304 3444 2330 ,
3495 2278 3599 2316 non

2018 2350 2259 2419 delicias,
2289 2366 2393 2406 non
2431 2353 2602 2408 lautas
2627 2368 2839 2408 mensas
2859 2393 2873 2417 ,
2903 2368 3007 2407 non
3041 2353 3329 2408 sericarum
3374 2354 3599 2408 vestium

2018 2444 2245 2499 amictus
2310 2460 2519 2515 quaeras
2571 2462 2583 2498 :
2634 2461 2740 2499 non
2806 2445 3069 2515 pretiosos
3124 2460 3280 2515 agros
3344 2445 3596 2498 domosve

2019 2533 2322 2604 splendidas
2344 2545 2397 2590 et
2426 2537 2679 2601 illustres,
2702 2546 2793 2591 aut
2821 2537 2963 2591 aliud
2996 2535 3294 2606 hujusmodi
3313 2536 3597 2607 quidquam

2019 2636 2258 2691 sectare;
2292 2628 2385 2681 sed
2414 2627 2798 2696 philosophiam
2818 2669 2832 2693 ,
2862 2644 2979 2698 qua:
3002 2628 3389 2683 estsecuudum
3413 2629 3600 2694 Deum,

2019 2722 2231 2784 exerce,
2258 2719 2598 2788 apprehende
2628 2720 2873 2775 virtutem
2895 2760 2910 2784 ,
2951 2728 3005 2775 et
3034 2720 3106 2773 nil
3127 2735 3309 2775 eorum
3337 2735 3456 2789 quia
3480 2732 3603 2774 sunt

2019 2818 2110 2863 aut
2148 2820 2558 2878 exspectantur,
2589 2818 2644 2866 te
2686 2811 2883 2880 poterit
2921 2811 3243 2867 contristare
3273 2829 3285 2865 :
3315 2811 3439 2881 quid
3481 2812 3601 2866 dico

2019 2900 2382 2955 contristare?
2419 2902 2526 2955 imo
2557 2902 2797 2957 accessio
2826 2902 2919 2957 tibi
2950 2903 3236 2973 voluptatis
3282 2913 3439 2958 erunt
3481 2918 3599 2973 qua:

2019 2990 2152 3045 alios
2180 2993 2498 3047 contristant
2531 3013 2544 3046 :
2574 2994 2772 3047 etenim
2800 2992 3002 3063 ﬂagella
3026 3032 3041 3056 ,
3072 3002 3274 3047 mortes
3300 3033 3313 3057 ,
3347 2994 3559 3047 mulcta:
3578 3032 3597 3059 ,

2019 3084 2385 3136 accusationes
2405 3121 2420 3148 ,
2465 3097 2739 3149 :erumnze,
2772 3092 2825 3137 et
2854 3083 3030 3136 omnia
3063 3083 3206 3148 talia,
3237 3098 3357 3137 cum
3386 3093 3604 3152 propter

2022 3172 2189 3226 Deum
2236 3171 2389 3225 nobis
2439 3172 2752 3238 inferantur,
2795 3181 2849 3226 et
2895 3170 3033 3226 hanc
3077 3172 3303 3227 habeant
3344 3174 3599 3237 radicem,

2021 3263 2240 3316 multam
2273 3262 2425 3315 nobis
2452 3263 2504 3317 in
2531 3263 2760 3316 animam
2789 3262 3047 3317 inducunt
3068 3264 3413 3331 voluptatem.

2094 3353 2258 3408 Nemo
2278 3373 2367 3409 nos
2385 3356 2588 3409 miseros
2605 3357 2727 3425 facit
2753 3355 2849 3409 nisi
2860 3372 2950 3409 nos
2967 3356 3268 3423 ipsL—Nos
3284 3357 3422 3410 enim
3444 3356 3603 3410 mise-

2022 3461 2109 3501 ros
2128 3447 2305 3527 facere.
2318 3448 2507 3516 poterit
2528 3462 2706 3512 nemo,
2730 3448 2829 3502 nisi
2861 3463 2958 3503 nos
2983 3449 3125 3516 ipsos
3154 3446 3441 3503 faciamus:
3464 3449 3603 3504 sicut

2021 3538 2224 3591 scilicet
2264 3554 2434 3609 neque
2470 3539 2673 3606 beatos,
2718 3540 2817 3594 nisi
2860 3556 2958 3594 nos
2984 3539 3308 3607 efficiamus,
3346 3551 3462 3610 post
3499 3542 3595 3596 Dei

2021 3631 2264 3699 gratiam.
2298 3630 2471 3700 thue
2498 3631 2715 3686 discatis
2744 3647 2865 3686 eum
2888 3632 3061 3687 solum
3086 3646 3206 3688 esse
3234 3633 3447 3687 beatum
3467 3674 3482 3699 ,
3510 3634 3603 3702 qui

2026 3724 2174 3777 timet
2210 3724 2487 3778 Dominum
2523 3741 2536 3775 :
2568 3741 2687 3805 non.
2718 3740 2781 3779 ex
2831 3725 3135 3793 praeteritis,
3169 3740 3351 3779 verum
3400 3741 3468 3779 ex
3513 3725 3598 3791 iis,

2023 3832 2142 3884 quae
2162 3816 2496 3886 contigerunt
2522 3817 2695 3877 nobis.
2723 3815 2824 3871 hoc
2845 3817 2995 3871 vobis
3024 3831 3164 3871 nunc
3193 3816 3594 3870 demonstrabo.

2025 3905 2325 3961 Periculum
2349 3905 2465 3969 fuit,
2495 3922 2562 3961 ne
2592 3908 2718 3961 urbs
2751 3907 2905 3961 nobis
2922 3916 3030 3962 tota
3058 3906 3348 3969 deleretur,
3375 3915 3430 3960 et
3461 3906 3601 3961 divi—

2024 4005 2133 4050 tum
2159 3998 2701 4067 quidemyillustrium
2733 3999 3121 4069 insigniumque
3148 3999 3379 4053 virorum
3408 3999 3461 4053 in
3489 4015 3600 4053 me-

2023 4087 2111 4142 dio
2138 4105 2396 4157 apparere
2419 4104 2578 4143 ausus
2599 4101 2677 4144 est
2709 4104 2868 4143 nemo
2886 4131 2903 4155 ,
2939 4089 3033 4143 sed
3061 4087 3308 4158 fugerunt
3335 4103 3521 4143 omnes
3542 4099 3598 4143 et

2026 4191 2399 4236 recesserunt:
2432 4182 2519 4251 qui
2552 4196 2678 4235 vero
2724 4182 2889 4235 Deum
2930 4181 3219 4247 timebant,
3258 4196 3599 4234 commoran-

2029 4283 2107 4328 tes
2134 4273 2186 4326 in
2215 4273 2569 4338 monasteriis,
2599 4272 2649 4325 hi
2681 4273 2846 4326 multa
2867 4286 2989 4325 cum
3009 4270 3197 4325 liducia
3234 4281 3595 4335 accurrentes,

2023 4365 2199 4419 omnia
2226 4364 2498 4418 solverunt
2521 4382 2532 4416 :
2560 4372 2615 4418 et
2639 4371 2842 4417 tantum
2864 4360 3030 4415 abfuit
3051 4372 3108 4415 ut
3145 4360 3436 4415 accidentia
3464 4362 3599 4414 mala

2024 4464 2079 4511 et
2118 4465 2439 4526 exspectata:
2478 4454 2920 4511 commutationes
2974 4452 3119 4522 ipsos
3152 4461 3413 4508 terrerent
3455 4460 3506 4505 et
3550 4452 3604 4506 in

2024 4549 2347 4603 anxietatem
2380 4548 2659 4617 injicereut
2680 4588 2695 4610 ,
2727 4555 2785 4600 ut
2808 4546 2964 4615 longe
2984 4560 3013 4599 a
3038 4545 3337 4599 calamitate
3358 4544 3607 4598 sedentes

2020 4651 2077 4697 et
2097 4640 2227 4695 nihil
2246 4639 2499 4695 habentes
2526 4652 2828 4702 commune,
2857 4646 3046 4706 sponte
3071 4636 3275 4704 seipsos
3296 4637 3348 4692 in
3372 4636 3606 4691 medium

2026 4732 2298 4785 mitterent
2338 4729 2673 4794 incendium,
2716 4736 2772 4782 et
2795 4741 2981 4781 omnes
3028 4727 3337 4796 eriperent:
3367 4736 3423 4781 et
3463 4727 3606 4797 quod

2026 4822 2270 4877 omnibus
2290 4821 2525 4876 terribile
2551 4828 2610 4875 et
2638 4817 2965 4874 horrendum
2988 4833 3108 4873 esse
3125 4818 3350 4886 videtur,
3377 4830 3605 4875 mortem

2027 4915 2127 4984 ipsi
2154 4928 2276 4967 cum
2294 4911 2437 4966 omni
2477 4911 2750 4965 alacritate
2774 4917 3237 4979 exspectaverunt,
3265 4918 3320 4965 et
3346 4925 3465 4965 cum
3492 4927 3605 4964 ma-

2022 5007 2125 5077 jori
2154 5006 2219 5059 ad
2249 5020 2366 5059 eam
2398 5004 2663 5072 voluptate
2695 5011 3078 5065 cucurrerunt,
3115 5017 3274 5071 quam
3325 5001 3391 5056 ad
3435 5003 3604 5071 magi-

2027 5108 2229 5152 stratus
2267 5096 2355 5148 alii
2392 5102 2446 5148 et
2486 5093 2739 5147 honores.
2774 5090 2977 5146 Norant
3010 5093 3174 5156 enim,
3208 5107 3455 5161 magnum
3484 5106 3605 5147 esse

2029 5191 2167 5244 hunc
2193 5190 2553 5258 magistratum
2579 5197 2632 5241 et
2649 5187 2923 5250 honorem,
2952 5194 3007 5242 et
3027 5201 3118 5253 per
3136 5185 3246 5254 ipsa
3266 5185 3602 5239 demonstra-

2026 5290 2150 5335 runt
2177 5295 2359 5350 opera,
2390 5279 2530 5350 quod
2571 5278 2657 5332 hic
2693 5277 2838 5332 solus
2878 5284 2961 5331 est
3003 5277 3204 5335 beatas.
3245 5276 3334 5345 qui
3367 5275 3602 5345 philoso-

2028 5373 2205 5443 phiam
2232 5370 2583 5441 apprehendit
2609 5385 2675 5425 ex
2694 5384 2927 5433 sursum,
2952 5377 3006 5423 et
3034 5368 3380 5429 mutationem
3400 5368 3600 5423 nullam

2027 5465 2269 5533 suscipit,
2296 5477 2397 5518 nec
2422 5463 2582 5516 ullam
2613 5461 2835 5516 sustinet
2858 5459 3232 5514 adversitatem
3253 5500 3268 5523 ,
3303 5458 3396 5513 sed
3424 5458 3601 5513 contio

2027 5571 2131 5610 nua
2162 5554 2539 5623 tranquillitate
2568 5551 2779 5616 fruitur,
2808 5549 3063 5625 ettomnia
3099 5549 3325 5615 deridet,
3365 5564 3487 5619 qua:
3518 5550 3600 5602 vi-

2025 5651 2219 5706 dentur
2244 5663 2361 5704 esse
2389 5646 2577 5702 tristia.
2600 5644 2749 5700 Nunc
2774 5644 2914 5701 enim
2936 5645 3023 5715 qui
3049 5651 3172 5700 sunt
3197 5643 3248 5698 iu
3279 5643 3463 5711 primis
3490 5659 3600 5701 nino

3239 5734 3315 5797 12
