4112 6388
390 389 494 453 989

384 508 486 580 τῆς
529 511 730 582 ἀρετῆς
770 511 863 565 καὶ
913 512 1007 580 τῆς
1051 511 1404 582 σωφροσύνης
1453 511 1633 581 ἔχουσι
1673 513 1770 584 τὴν
1807 513 1902 583 τῆς
1952 513 2052 582 γῆς

385 598 670 668 ἐργασίαν,
731 599 824 652 καὶ
877 599 1072 669 τέχνην
1121 598 1394 667 μετιόντες
1440 597 1508 665 ἣν
1560 597 1667 668 πρὸ
1717 596 1824 650 τῶν
1882 597 2056 652 ἀλλων

383 684 610 737 ἀπασῶν
650 688 678 739 6
709 685 843 748 Θεὸς
895 687 974 748 εἰς
1006 685 1096 737 τὸν
1147 683 1262 754 βίον
1311 685 1573 754 εἰσήγαγε
1621 683 1712 736 τὸν
1765 682 2053 754 ἡμέτερον.

387 771 492 825 Καὶ
545 772 656 844 γὰρ
711 772 819 844 πρὸ
869 773 969 842 τῆς
1007 772 1282 843 ἁμαρτίας
1313 775 1342 827 6
1385 770 1590 842 Ἀδὰμ,
1636 771 1800 840 ἡνίκα
1853 771 2056 842 πολλῆς

380 857 633 930 ἀπήλαυε
666 859 1002 930 παρρησίας,
1040 859 1314 930 γεωργίαν
1352 858 1474 913 τινὰ
1511 858 1758 928 ἐπετάγη
1788 858 2052 929 μετιέναι,

378 945 481 999 οὐκ
532 947 789 999 ἐπίπονον
836 947 934 1016 μὲν
963 946 1085 1000 οὐδὲ
1131 946 1510 1018 ταλαιπωρίαν
1554 946 1804 1016 ἔχουσαν,
1855 944 2054 1018 πολλὴν

375 1033 436 1086 δὲ
490 1032 640 1102 αὐτῷ
708 1033 1052 1106 παρέχουσαν
1118 1033 1216 1105 τὴν
1282 1034 1618 1104 φιλοσοφίαν.
1669 1037 1880 1103 Ἔθηκε
1946 1034 2054 1106 γάρ

373 1119 578 1181 αὑτὸν,
611 1119 798 1190 φησιν,
828 1119 1172 1189 ἐργάζεσθαι
1217 1121 1315 1174 καὶ
1345 1121 1696 1190 φυλάσσειν
1727 1120 1834 1175 τὸν
1865 1121 2054 1190 παρά-

378 1205 602 1260 δεισον.
641 1206 858 1259 Τούτων
897 1207 1129 1260 ἕκαστον
1161 1207 1290 1271 ῖδοις
1317 1207 1382 1262 ἂν
1403 1221 1453 1273 δ,
1485 1208 1580 1262 νῦν
1619 1208 1717 1279 μὲν
1751 1208 2052 1277 ζευγνύντα

377 1292 505 1360 βόας
539 1295 815 1365 ἀροτῆρας
836 1296 931 1347 καὶ
966 1297 1197 1366 ἄροτρον
1219 1296 1445 1350 ἕλκοντα
1472 1297 1564 1351 καὶ
1588 1296 1809 1367 βαθεῖαν
1837 1295 2049 1351 αὔλακα

373 1381 782 1452 κατατέμνοντα
807 1382 859 1444 b,
904 1383 998 1435 νῦν
1025 1383 1081 1436 δὲ
1113 1384 1205 1436 ἐπὶ
1235 1384 1298 1436 τὸ
1327 1384 1471 1455 ἱερὸν
1495 1383 1857 1438 ἀναϐαίνοντα
1899 1387 2048 1457 βῆμα

372 1469 465 1521 καὶ
500 1469 598 1533 τὰς
622 1468 799 1539 ψυχὰς
842 1470 1184 1541 ἀροτριῶντα
1223 1470 1332 1523 τῶν
1363 1471 1639 1540 ὑπηκόων,
1677 1472 1772 1526 νῦν
1804 1473 1901 1543 μὲν
1927 1473 2049 1546 δρε-

371 1556 518 1627 πάνῃ
548 1557 644 1620 τὰς
670 1557 913 1621 ἀκάνθας
941 1557 1274 1628 ἐκτέμνοντα
1303 1559 1401 1629 τῆς
1426 1560 1551 1629 γῆς,
1582 1559 1677 1613 νῦν
1705 1560 1761 1614 δὲ
1782 1561 1927 1632 λόγῳ
1949 1563 2047 1626 τὰς

373 1645 647 1714 ἁμαρτίας
679 1645 1081 1717 ἐκκαθαίροντα
1129 1646 1239 1699 τῶν
1287 1645 1492 1734 ψυχῶχ.
1527 1649 1603 1700 Οὐ
1633 1648 1743 1720 γὰρ
1781 1650 2045 1720 ἐπαισχύ-

370 1748 548 1784 νονται
569 1731 666 1802 τὴν
691 1732 975 1803 ἐργασίαν,
1009 1733 1264 1806 καθάπερ
1291 1735 1342 1787 οί
1374 1731 1471 1804 τὴν
1499 1735 1651 1788 πόλιν
1677 1739 1810 1806 ἡμῖν
1837 1737 2048 1791 οἰκοῦν-

367 1837 480 1883 τες,
513 1821 629 1874 ἀλλ’
665 1823 1085 1893 ἐπαισχύνονται
1124 1824 1223 1894 τὴν
1270 1825 1489 1894 ἀργίαν,
1535 1824 1794 1896 μαθόντες
1822 1827 1904 1879 ὅτι
1937 1827 2044 1880 πᾶ-

369 1925 468 1962 σαν
495 1909 675 1980 ἐκείνη
702 1911 800 1980 τὴν
835 1913 1033 1965 κακίαν
1065 1923 1085 1949 ε
1133 1913 1364 1978 ἐδίδαξε,
1408 1915 1502 1967 καὶ
1537 1915 1856 1980 διδάσκαλος
1881 1933 2046 1988 πονη-

371 1997 490 2067 ρίας
520 1997 736 2066 ἐγένετο
761 2000 818 2066 ἐξ
847 2000 1024 2070 ἀρχῆς
1054 2004 1172 2063 ’τοῖς
1206 2003 1492 2070 ἀγαπῶσιν
1519 2004 1711 2074 αὐτήν.
1754 2001 1911 2059 Οὑτοι
1941 2006 2046 2076 μά-

379 2089 534 2144 λιστά
559 2091 696 2146 εἰσιν
729 2091 776 2144 οἱ
823 2092 920 2162 τὴν
952 2092 1179 2164 ἀρίστην
1224 2096 1357 2164 ἡμῖν
1393 2094 1809 2163 φιλοσοφοῦντες
1832 2097 2044 2166 φιλοσο-

376 2177 522 2244 φίαν,
559 2180 660 2231 οὐκ
707 2179 815 2233 ἀπὸ
836 2180 928 2233 τοῦ
962 2183 1260 2251 σχήματος,
1289 2182 1402 2234 ἀλλ’
1437 2181 1544 2235 ἀπὸ
1565 2183 1664 2253 τῆς
1684 2182 1910 2254 γνώμης
1942 2185 2042 2257 τὴν

363 2267 563 2334 ἀρετὴν
596 2266 996 2337 ἐνδεικνύμενοι
1030 2269 1130 2340 τὴν
1160 2269 1387 2324 ἐαυτῶν.
1423 2271 1510 2334 Ὠς
1543 2271 1597 2324 οῖ
1617 2288 1681 2339 γε
1711 2272 1819 2325 τῶν
1844 2273 2042 2336 ἔξωθεν

363 2350 643 2420 φιλόσοφοι
667 2352 775 2405 τῶν
797 2355 854 2405 ἐν
876 2357 941 2425 τῇ
970 2357 1140 2426 σκηνῇ
1171 2357 1264 2408 καὶ
1288 2358 1409 2419 ταῖς
1437 2357 1545 2411 τῶν
1575 2358 1761 2429 μίμων
1800 2359 2041 2423 παιδιαῖς

361 2439 514 2492 οὐδὲν
541 2439 764 2511 ἄμεινον
788 2442 1108 2506 διάκεινται,
1127 2442 1219 2496 τοῦ
1251 2443 1510 2515 τρίϐωνος
1538 2445 1630 2499 καὶ
1659 2445 1751 2498 τοῦ
1779 2446 2041 2514 πώγωνος

362 2528 457 2580 καὶ
494 2529 594 2598 τῆς
625 2529 816 2600 στολῆς
851 2530 1001 2582 οὐδὲν
1027 2531 1187 2584 πλέον
1211 2531 1425 2602 ἔχοντες
1449 2532 1853 2599 ἐπιδείξασθαι·
1893 2529 2038 2589 οῦτοι

360 2614 416 2668 δέ
447 2617 757 2670 τούναντίον
781 2618 946 2682 ἅπαν,
981 2619 1256 2692 βακτηρίᾳ
1292 2621 1386 2674 καὶ
1432 2621 1653 2691 πώγωνι
1681 2623 1775 2676 καὶ
1807 2626 1871 2694 τῇ
1905 2624 2039 2696 ἄλλῃ

361 2707 529 2774 σκευῇ
559 2704 730 2757 πολλά
768 2706 980 2777 χαίρειν
1023 2708 1289 2771 εἰπόντες,
1323 2709 1422 2780 τὴν
1462 2710 1641 2782 ψυχὴν
1679 2711 1886 2764 ἑαυτῶν
1915 2729 2040 2766 κατ-

360 2791 672 2862 εκόσμησαν
698 2797 808 2856 τοῖς
834 2793 933 2863 τῆς
961 2793 1195 2866 ἀληθοῦς
1226 2796 1545 2866 φιλοσοφίας
1585 2798 1876 2869 δόγμασιν,
1917 2801 2037 2869 οὐχὶ

357 2881 469 2942 τοῖς
506 2879 739 2948 δόγμασι
777 2880 834 2934 δέ
892 2881 1094 2951 μόνοις,
1135 2883 1270 2937 ἀλλά
1307 2885 1400 2937 καὶ
1443 2889 1556 2948 τοῖς
1607 2885 1791 2958 ἔργοις
1829 2887 2032 2950 αὐτοῖς.

359 2966 475 3020 Κᾶν
504 2968 600 3039 ἔρῃ
633 2968 755 3021 τινὰ
783 2968 986 3022 τούτων
1028 2971 1135 3024 τῶν
1170 2975 1229 3025 ἐν
1261 2973 1519 3043 ἀγροικίᾳ
1558 2975 1795 3038 ζώντων,
1851 2975 1945 3027 καὶ
1980 2977 2036 3028 ἐν

361 3057 613 3127 σκαπάνῃ
644 3057 735 3109 καὶ
788 3058 847 3110 ἐν
898 3058 1113 3130 ἀρότρῳ
1157 3059 1597 3130 δαπανηθέντων,
1641 3062 1779 3134 ὑπὲρ
1808 3062 1917 3116 τῶν
1951 3063 2035 3115 δο-

356 3143 606 3212 γμάτων,
645 3145 786 3216 ὑπὲρ
816 3137 892 3199 ῶν
940 3147 1112 3217 μυρία
1167 3146 1547 3218 περιελθόντες
1593 3152 1642 3203 οί
1694 3149 1803 3202 τῶν
1837 3149 2035 3214 ἔξωθεν

357 3231 636 3302 φιλόσοφοι
666 3233 763 3287 καὶ
793 3232 1022 3298 πολλοὺς
1054 3234 1434 3300 ἀναλώσαντες
1489 3237 1680 3306 λόγους
1728 3238 1878 3292 οὐδὲν
1917 3237 2037 3308 ὴδυυ

355 3317 599 3389 νήθησαν
633 3320 786 3388 ὑγιὲς
811 3323 1006 3388 εἰπεῖν,
1051 3323 1188 3392 μετά
1219 3324 1503 3394 ἀκριϐείας
1529 3326 1907 3397 ἀποκρινεῖταί
1953 3345 2034 3381 σοι

357 3406 533 3460 πάντα
564 3409 630 3461 ἐκ
655 3409 858 3479 πολλῆς
888 3410 989 3481 τῆς
1013 3412 1227 3480 σοφίας.
1255 3414 1364 3469 Καὶ
1387 3415 1448 3466 οὑ
1474 3413 1633 3467 τοῦτό
1660 3417 1776 3468 ἐστι
1806 3415 1867 3468 τὸ
1905 3415 2036 3470 θαυ-

356 3494 562 3563 μαστὸν
583 3494 764 3564 μόνον,
787 3495 903 3549 ἀλλ’
932 3498 1014 3550 ὅτι
1042 3499 1136 3552 καὶ
1156 3498 1245 3552 6:6
1266 3501 1372 3553 τῶν
1392 3500 1541 3573 [190]
1562 3502 1738 3573 ἔργων
1765 3503 2035 3574 βεϐαιοῦν-

355 3595 444 3632 ται
483 3581 578 3650 τὴν
603 3581 692 3634 διὰ
739 3581 848 3635 τῶν
891 3582 1179 3654 δογμάτων
1216 3587 1421 3642 πίστιν.
1463 3590 1575 3642 Καὶ
1601 3591 1710 3662 γὰρ
1748 3591 1829 3645 ὅτι
1857 3591 2035 3663 ψυχὴν

355 3667 620 3722 ἀθάνατον
647 3669 864 3740 ἔχομεν,
883 3673 978 3724 καὶ
1002 3673 1272 3744 μέλλομεν
1299 3675 1408 3728 τῶν
1438 3677 1678 3732 ἐνταῦθα
1711 3683 2036 3751 πεπραγμέ-

355 3773 459 3808 νων
492 3755 722 3820 εὐθύνας
751 3757 951 3811 διδόναι
1004 3761 1098 3813 καί⁵
1134 3760 1335 3832 βήματι
1391 3764 1754 3835 παρίστασθαι
1793 3768 2031 3840 φοϐερῷ,

355 3842 448 3894 καὶ
469 3843 568 3914 τὴν
593 3843 830 3899 διάνοιαν
859 3845 1103 3912 ἔπεισαν,
1136 3849 1342 3902 καὶτὸν
1365 3850 1477 3921 βίον
1508 3852 1721 3907 ἅπαντα
1749 3856 1886 3924 πρὸς
1900 3856 2032 3909 ταύ-

357 3943 456 3990 τας
509 3929 917 3999 κατεστήσαντο
967 3931 1064 3994 τὰς
1121 3931 1365 3997 ἐλπίδας,
1407 3936 1501 3988 καὶ
1543 3936 1725 4007 πάσης
1769 3937 2034 4009 ἀνώτεροι

358 4015 616 4086 βιωτικῆς
658 4017 909 4084 ἐγένοντο
963 4020 1286 4088 φαντασίας,
1341 4022 1715 4088 παιδευθέντες
1752 4025 1901 4098 παρά
1934 4027 2034 4097 τῆς

357 4102 508 4166 θείας
538 4104 785 4176 Γραφῆς,
806 4107 897 4160 ¹ὅτι
927 4109 1710 4178 Ματαιότης-ματαιοτήτων,
1738 4113 1812 4167 τὰ
1837 4115 2034 4170 πάντα

351 4193 698 4260 ματαιότης,
733 4194 828 4249 καὶ
862 4194 1000 4266 πρὸς
1027 4195 1178 4250 οὐδὲν
1222 4197 1331 4250 τῶν
1362 4199 1660 4253 δοκούντων
1710 4197 1846 4256 εἶναι
1893 4202 2035 4274 λαμ·

356 4280 509 4349 πρῶν
537 4282 851 4352 κεχήνασιν.
884 4335 886 4337 .

426 4358 585 4419 Οὗτοι
618 4367 714 4420 καὶ
748 4369 878 4440 περὶ
908 4368 1044 4424 Θεοῦ
1098 4369 1412 4440 φιλοσοφεῖν
1466 4372 1610 4426 ἴσασι
1663 4374 1856 4440 ταῦτα,
1889 4376 2034 4449 ἅπερ

353 4453 616 4518 ἐπέταξεν
647 4457 676 4507 6
706 4453 860 4520 Θεόςο
903 4457 1006 4511 κᾶν
1052 4457 1150 4510 ἕνα
1179 4459 1359 4513 αὐτῶν
1386 4460 1568 4515 λαϐὼν
1593 4463 1882 4532 φιλόσοφόν
1913 4483 2030 4520 τινα

351 4542 460 4596 τῶν
493 4543 693 4610 ἔξωθεν
726 4546 942 4620 ἀγάγῃς
982 4549 1077 4612 ,εἰς
1107 4548 1272 4620 μέσον
1321 4550 1437 4604 νῦν’
1475 4553 1678 4624 μᾶλλον
1713 4555 1770 4607 δὲ
1813 4555 1908 4610 νῦν
1935 4558 2034 4627 μέν

350 4629 542 4682 οὐδένα
577 4629 727 4684 ἔστιν
770 4633 974 4704 εὑρεῖν
1006 4634 1073 4690 ἂν
1115 4636 1172 4690 δέ
1199 4655 1320 4691 τινα
1355 4638 1560 4696 τούτων
1589 4641 1788 4707 λαϐὼν,
1843 4645 2035 4699 καὶτὰ

355 4716 534 4785 βιϐλία
559 4717 668 4770 τῶν
700 4719 866 4773 πάλαι
901 4723 1033 4794 παρ’
1054 4724 1238 4788 αὐτοῖς
1285 4727 1768 4800 φιλοσοφησάντων
1795 4733 2033 4786 ἀναπτύ-

354 4802 446 4865 ξας
477 4803 730 4875 ἐπέλθῃς,
769 4807 863 4859 καὶ
890 4809 944 4861 τί
969 4811 1067 4880 μὲν
1108 4807 1256 4865 οὗτοι
1291 4813 1674 4886 ἀποκρίνονται
1705 4817 1821 4883 νῦν,
1862 4821 1921 4873 τί
1975 4821 2031 4874 δέ

351 4891 560 4981 ἐκεῖνοι
599 4893 723 4945 τότε
769 4894 1170 4968 ἐφιλοσόφησαν
1223 4901 1545 4973 παράλληλα
1599 4903 1712 4970 θεὶς
1745 4906 2028 4981 ἐξετάσῃς,

347 4976 470 5064 ϐψει
496 4979 636 5049 πεση
668 4981 764 5050 μὲν
798 4983 831 5052 ή
865 4982 1072 5038 τούτων
1102 4988 1284 5057 σοφία,
1307 4990 1447 5063 πόση
1472 4991 1578 5064 δέή
1607 4993 1832 5048 ἐκείνων
1853 4976 2025 5052 ἀνοία.

350 5063 520 5154 Ὅταν
543 5067 653 5139 γὰρ
701 5071 750 5122 οἰ
787 5069 889 5141 μὲν
927 5073 1108 5127 αὐτῶν
1153 5077 1287 5146 μηδέ
1331 5063 1587 5154 προνοίας
1627 5082 1859 5152 λέγωσιν
1897 5087 2031 5141 ἀπο-

347 5152 535 5244 λαύειν
557 5155 630 5244 7τά
668 5156 818 5224 ὄντα,
867 5159 1004 5230 μηδέ
1032 5162 1138 5216 ὑπὸ
1166 5164 1299 5218 Θεοῦ
1336 5152 1664 5240 γεγενῆσθαι
1701 5172 1798 5244 τὴν
1828 5174 2030 5241 κτίσιν,

352 5243 490 5312 μήτε
517 5243 616 5314 τὴν
653 5244 856 5318 ἀρετὴν
885 5248 1055 5321 αὐτὴν
1085 5252 1251 5322 ἐαυτῇ
1287 5255 1536 5329 αὐτάρκη
1562 5254 1728 5324 εἶναι,
1758 5243 1898 5316 ἀλλά
1920 5263 2030 5317 δεῖς

349 5329 474 5420 σθαι
508 5332 809 5403 χρημάτων
842 5335 945 5389 καὶ⁹
983 5338 1261 5406 εὐγενείας
1294 5343 1389 5395 καὶ
1416 5346 1516 5416 τῆς
1557 5346 1756 5411 ἔξωθεν
1790 5367 2030 5420 περιφα-

348 5419 519 5484 νείας,
549 5422 652 5476 οιαὶ
672 5422 838 5495 ἔτερα
865 5425 1046 5498 πολλῷ
1071 5427 1279 5483 τούτων
1323 5434 1852 5510 καταγελαστότερα·
1871 5419 2030 5495 οῦτοι

346 5503 402 5557 δὲ
422 5508 532 5597 -καὶ
564 5510 695 5581 περὶ
724 5513 1006 5582 προνοίας,
1051 5517 1146 5569 καὶ
1196 5520 1323 5588 περὶ
1351 5520 1719 5593 δικαστηρίων
1747 5503 1856 5580 τῶν
1891 5529 2031 5597 μετά

345 5593 540 5682 ταῦτα,
575 5597 671 5650 καὶ
709 5600 839 5670 περὶ
889 5601 988 5670 τῆς
1035 5603 1129 5657 τοῦ
1160 5605 1296 5658 Θεοῦ
1323 5607 1684 5680 δημιουργίας
1703 5613 1801 5682 τῆς
1820 5593 1902 5678 ἐξ-
1929 5617 2029 5669 οὐκ

345 5678 517 5734 όντων
563 5683 632 5737 :6
664 5685 844 5740 πάντα
886 5693 1337 5763 παραγαγούσης,
1392 5697 1486 5749 καὶ
1521 5678 1653 5767 περὶ
1701 5678 1810 5756 τῶν
1855 5703 2030 5757 ἄλλων

348 5771 603 5828 ἁπάντων
636 5775 992 5846 φιλοσοφῶσι,
1013 5782 1115 5851 τῆς
1150 5782 1350 5847 ἔξωθεν
1375 5787 1513 5850 ὅλως
1561 5789 1634 5861 μὴ
1669 5793 2028 5863 μετασχόντες

407 5887 435 5964 ς
582 5889 676 5964 ἴδοι
699 5906 769 5945 τις
791 5891 866 5938 ἄν.
891 5891 1000 5942 Mox
1021 5896 1160 5946 iiden
1191 5897 1302 5958 βοῦς
1323 5900 1571 5964 ἀροτῆρας.

404 5946 434 5986 1³
457 5946 556 6010 Alii
576 5949 822 6010 τέμνοντα.

399 6010 421 6042 δ
446 6009 598 6060 Βινϋ.
624 6009 675 6060 e:
695 6012 892 6071 quidam
919 6013 999 6065 alii
1024 6018 1108 6073 τὴν
1128 6021 1371 6081 βλακείαν.

1183 396 1238 450 S.
1283 395 1570 452 JOANNIS
1609 395 2100 454 CHRYSOSTOMI
2143 394 2462 450 ARCIIIEP.
2501 392 3050 453 CONSTANTINOP.

3729 387 3827 443 £90

2160 515 2514 578 παιδεύσεως·
2543 513 2628 576 τίς
2655 513 2755 565 οὐκ
2789 511 2855 564 ἂν
2897 506 3123 562 αὐτόθεν
3160 503 3319 576 μάθοι
3347 502 3446 576 τὴν
3467 501 3563 556 τοῦ
3590 503 3828 573 Χριστοῦ

2157 602 2456 673 δύναμιν,ἢ
2483 601 2610 664 τοὺς
2643 599 3044 672 ἀγραμμάτους
3063 595 3158 648 καὶ
3191 590 3406 656 ἰδιώτας
3427 590 3536 645 τῶν
3565 591 3708 662 μέγα
3737 591 3828 643 ἐπὶ

2158 691 2322 762 σοφίᾳ
2381 688 2773 761 κομπαζόντων
2820 684 3060 756 τοσούτῳ
3117 680 3454 752 σοφωτέρους
3518 674 3825 740 ἀπέδειξεν,

2155 779 2266 849 ὅσῳ
2322 777 2431 831 τῶν
2497 776 2710 849 μικρῶν
2791 773 3018 830 παιδίων
3082 771 3212 834 τοὺς
3276 768 3554 842 ἔμφρονας
3627 765 3825 836 ἄνδρας

2157 865 2522 938 ὑπερέχοντας
2552 864 2700 918 ἔστιν
2731 864 2890 928 ἰδεῖν;
2926 860 2992 914 Τί
3015 859 3124 931 γάρ
3153 859 3336 920 αὐτοῖς
3375 855 3570 927 βλάϐος
3599 853 3707 908 61:6
3725 853 3826 924 τῆς

2155 950 2298 1005 κατά
2322 951 2414 1005 τὸν
2455 951 2614 1020 λόγον
2660 944 2924 1009 ἰδιωτείας
2961 946 3160 1024 γένοιτ’
3191 947 3278 1008 ἂν,
3309 947 3433 999 ὅταν
3483 943 3552 997 τὰ
3578 944 3827 1014 νοήματα

2154 1039 2337 1104 αὐτοῖς
2367 1040 2570 1110 πολλῆς
2595 1039 2742 1112 γέμῃ
2796 1038 3021 1108 σοφίας;
3048 1037 3099 1090 τί
3144 1037 3202 1090 δέ
3250 1034 3441 1104 ὄφελος
3472 1035 3584 1095 τοῖς
3625 1032 3827 1099 ἔξωθεν

2153 1126 2261 1180 ἀπὸ
2293 1127 2391 1193 τῆς
2414 1126 2522 1179 τῶν
2544 1126 2717 1194 λόγων
2745 1125 3114 1188 διδασκαλίας,
3162 1125 3288 1178 ὅταν
3320 1123 3501 1193 ἐρήμη
3532 1121 3825 1190 νοημάτων

2153 1215 2186 1284 ἡ
2219 1214 2428 1269 διάνοια
2449 1210 2513 1288 ᾖς
2567 1215 2781 1285 Ὠσπερ
2808 1212 2874 1267 ἂν
2913 1212 2968 1265 εἰ
2995 1229 3082 1276 τις
3115 1212 3390 1282 μάχαιραν
3437 1208 3552 1278 ἔχοι
3581 1209 3682 1278 τὴν
3728 1209 3826 1277 μὲν

2151 1301 2322 1373 λαϐὴν
2371 1301 2600 1371 ἔχουσαν
2631 1301 2899 1372 ἀργυρᾶν,
2933 1299 2994 1353 :6
3025 1299 3082 1353 δὲ
3114 1299 3357 1369 σιδήριον
3393 1294 3654 1366 μολύϐδου
3681 1310 3824 1345 παν-

2149 1389 2242 1452 τὸς
2266 1389 2673 1460 ἀσθενέστερον·
2697 1388 2920 1459 καὶγὰρ
2951 1388 3048 1441 καὶ
3075 1385 3285 1448 τούτοις
3307 1386 3341 1455 ἡ
3373 1384 3472 1456 μέν
3499 1382 3716 1451 γλῶττα
3734 1380 3822 1433 διὰ

2151 1477 2413 1546 ῥημάτων
2438 1476 2535 1530 καὶ
2560 1475 2840 1546 ὀνομάτων
2872 1475 2988 1527 ἐστὶ
3009 1471 3518 1541 κεκαλλωπισμένη,
3555 1470 3590 1540 ὴ
3614 1468 3820 1522 διάνοια

2149 1563 2205 1615 δὲ
2241 1563 2442 1632 πολλῆς
2471 1564 2630 1634 γέμει
2663 1562 2765 1632 τῆς
2795 1561 3097 1626 ἀσθενείας,
3121 1559 3216 1612 καὶ
3236 1557 3371 1627 πρὸς
3399 1557 3610 1611 ἅπαντα
3625 1554 3827 1616 αὐτοῖς,

2150 1653 2298 1704 ἐστιν
2319 1651 2608 1722 ἄχρηστος·
2643 1650 2780 1704 ἀλλὰ
2812 1649 2933 1720 οὐχὶ
2957 1647 3064 1701 τῶν
3100 1645 3405 1717 φιλοσόφων
3427 1643 3656 1708 τούτων,
3685 1641 3820 1696 ἀλλά

2149 1738 2460 1794 τούναντίον
2508 1740 2678 1802 ἅπαν,
2711 1738 2914 1808 πολλῆς
2958 1738 3141 1799 αὐτοῖς
3169 1737 3203 1806 ή
3234 1733 3442 1789 διάνοια
3491 1732 3650 1803 γέμει
3677 1731 3820 1801 φιλο-

2154 1827 2344 1895 σοφίας
2373 1825 2400 1864 d
2432 1827 2831 1898 πνευματικῆς,
2861 1825 2954 1878 καὶ
2977 1827 3005 1878 6
3040 1823 3154 1894 βίος
3178 1821 3247 1876 :6
3277 1821 3525 1891 δόγματα
3551 1821 3818 1889 μιμεῖται.

2149 1913 2308 1986 Παρά
2321 1914 2532 1979 τούτοις
2547 1915 2647 1968 οὐκ
2662 1914 2770 1967 εἰσὶ
2780 1915 3035 1983 γυναῖκες
3053 1907 3573 1983 θρυπτόμεναι,οὐδὲ
3593 1907 3821 1978 ἱματίων

2148 2003 2556 2074 καλλωπισμὸς
2591 2003 2712 2058 οὐδὲ
2740 2003 3120 2074 ἐπιτρίμματα
3167 2001 3263 2054 καὶ
3304 1997 3646 2068 ὑπογραφαὶ,
3685 1996 3821 2050 ἀλλά

2147 2093 2296 2144 πᾶσα
2325 2090 2550 2162 τοιαύτη
2598 2090 2866 2162 διαφθορά
2916 2089 3134 2160 τρόπων
3170 2086 3528 2157 ἀπελήλαταν
3559 2083 3682 2164 ὅθεν
3729 2084 3821 2137 καὶ

2146 2179 2508 2252 εὐκολώτερον
2529 2181 2620 2232 τὸν
2654 2178 3091 2248 ὑποτεταγμένον
3119 2176 3301 2238 αὐτοῖς
3324 2173 3493 2246 δῆμον
3521 2174 3602 2235 εἰς
3614 2189 3819 2240 σωφρο-

2148 2267 2315 2339 σύνην
2335 2267 2549 2337 ἄγουσι,
2585 2268 2677 2321 καὶ
2711 2267 2803 2322 τὸν
2822 2267 2915 2319 τοῦ
2943 2264 3155 2339 Παύλου
3186 2265 3368 2333 νόμον,
3394 2262 3486 2314 τὸν
3529 2259 3820 2314 κελεύοντα

2146 2337 2512 2426 σκεπάσματα
2544 2355 2687 2426 ἔχειν
2710 2355 2804 2410 καὶ
2833 2337 3154 2424 διατροφὰς,
3183 2351 3278 2405 καὶ
3320 2349 3488 2421 μηδὲν
3525 2348 3682 2403 πλέον
3703 2349 3819 2399 ἐπι-

2143 2441 2348 2513 ζητεῖν,
2385 2443 2525 2513 μετά
2556 2443 2761 2514 πολλῆς
2803 2442 3135 2506 φυλάττουσι
3174 2439 3274 2510 τῆς
3300 2436 3606 2508 ἀκριϐείας.
3663 2435 3821 2506 Παγά

2141 2531 2352 2596 τούτοις
2377 2533 2475 2586 οὐκ
2527 2533 2673 2586 ἔστιν
2717 2531 2913 2603 ἀλοιφὴ
2951 2530 3138 2601 μύρων
3191 2525 3670 2597 καταγοητεύουσα
3720 2523 3821 2593 τὴν

2139 2619 2399 2684 διάνοιαν,
2431 2621 2547 2675 ἀλλ’
2575 2623 2608 2692 ή
2635 2621 2706 2692 γῆ
2731 2621 2963 2692 βοτάνας
2993 2617 3305 2688 ἐκφέρουσα
3334 2614 3536 2677 παντὸς
3576 2607 3817 2682 μυρεψοῦ

2143 2708 2450 2780 σοφώτερον
2467 2710 2650 2773 αὐτοῖς
2675 2707 3079 2772 κατασκευάζει
3111 2707 3211 2776 τὴν
3242 2703 3493 2772 ποικίλην
3521 2699 3628 2753 τῶν
3641 2698 3820 2752 ἀνθῶν

2139 2796 2392 2850 εὐωδίαν.
2422 2796 2524 2849 Διά
2547 2796 2706 2850 τοῦτο
2739 2798 2925 2861 αὐτοῖς
2964 2797 3059 2850 καὶ
3085 2794 3155 2848 τὰ
3189 2791 3416 2863 σώματα
3446 2789 3653 2858 ὑγιείας
3680 2788 3822 2840 ἀπο-

2140 2882 2293 2936 λαύει
2326 2883 2575 2956 καθαρᾶς
2611 2885 2749 2954 μετὰ
2781 2885 2881 2954 τῆς
2932 2883 3133 2954 ψυχῆς,
3174 2880 3364 2950 ἐπειδὴ
3402 2879 3580 2930 πᾶσαν
3608 2872 3824 2945 τρυφὴν

2139 2972 2428 3043 ἀπήλασαν
2477 2973 2574 3026 καὶ
2597 2971 2666 3025 :6
2700 2971 2914 3043 πονηρὰ
2942 2971 3042 3040 τῆς
3081 2967 3251 3040 μέθης
3275 2965 3526 3031 ἐξέϐαλον
3550 2963 3817 3034 ῥεύματα,

2139 3063 2233 3114 καὶ
2265 3061 2518 3116 τοσοῦτον
2555 3060 2848 3124 ἐσθίουσιν,
2890 3061 3012 3114 ὅσον
3044 3057 3276 3128 ἀποζῇν.
3331 3052 3480 3128 [191]
3509 3053 3602 3124 Μὴ
3639 3051 3821 3104 τοίνυν

2140 3149 2248 3203 ἀπὸ
2276 3150 2370 3203 τοῦ
2403 3152 2683 3221 σχήματος
2705 3147 2889 3202 αὐτῶν
2938 3145 3394 3216 καταφρονῶμεν,
3415 3140 3553 3195 ἀλλά
3582 3140 3682 3210 τὴν
3707 3138 3818 3192 διά-

2140 3254 2288 3290 νοιαν
2316 3236 2496 3290 αὐτῶν
2526 3237 2918 3307 θαυμάζωμεν.
2956 3235 3021 3288 Τί
3075 3233 3183 3306 γὰρ
3234 3231 3425 3302 ὄφελος
3471 3231 3572 3300 τῆς
3618 3227 3820 3294 ἔξωθεν

2141 3322 2458 3395 περιϐολῆς,
2486 3323 2615 3376 ὅταν
2654 3324 2688 3393 ή
2718 3321 2864 3395 ψυχὴ
2914 3321 3214 3390 προσαίτου
3253 3318 3454 3381 παντὸς
3491 3313 3820 3384 ἀθλιώτερον

2138 3410 2441 3482 ἐσταλμένη
2467 3406 2538 3483 ᾗς
2575 3411 2680 3463 Τὸν
2705 3411 2876 3481 ἄνδρα
2905 3410 3006 3462 οὐκ
3043 3407 3154 3461 ἀπὸ
3189 3405 3298 3459 τῶν
3329 3403 3583 3476 ἱματίων,
3617 3400 3820 3472 μᾶλλον

2136 3499 2194 3552 δὲ
2227 3500 2348 3553 οὐδὲ
2371 3499 2479 3553 ἀπὸ
2511 3497 2607 3552 τοῦ
2642 3497 2915 3568 σώματος,
2945 3495 3058 3550 ἀλλ’
3087 3494 3197 3548 ἀπὸ
3228 3493 3326 3564 τῆς
3362 3490 3543 3572 ψυχῆς
3577 3487 3822 3542 ἐπαινεῖν

2136 3587 2244 3658 χρὴ
2265 3588 2360 3640 καὶ
2381 3586 2703 3657 θαυμάζειν.
2742 3583 3034 3639 Ἀπόδυσον
3059 3581 3270 3635 τούτων
3306 3591 3330 3619 θ
3359 3578 3458 3650 τὴν
3479 3575 3681 3648 ψυχὴν,
3723 3574 3822 3629 καὶ

2136 3673 2258 3743 ὄψει
2291 3673 2353 3727 :6
2374 3673 2572 3736 κάλλος
2597 3673 2767 3744 αὐτῆς
2793 3672 2888 3725 καὶ
2913 3670 3004 3725 τὸν
3031 3669 3261 3722 πλοῦτον
3283 3666 3370 3720 διὰ
3391 3665 3500 3718 τῶν
3533 3664 3818 3735 ῥημάτων,

2136 3760 2223 3814 6:6
2239 3759 2347 3814 τῶν
2366 3760 2672 3831 δογμάτων,
2685 3759 2772 3812 διὰ
2789 3759 2886 3829 τῆς
2908 3758 3036 3829 ὅλης
3050 3756 3158 3810 τῶν
3172 3755 3388 3828 τρόπων
3403 3751 3814 3814 καταστάσεως.

2209 3847 2508 3919 β’.Αἰσχυνέ
2516 3849 2730 3902 σθωσαν
2745 3847 2986 3917 τοίνυνζοί
2998 3844 3278 3909 Ἕλληνες,
3294 3838 3821 3911 ἐγκαλυπτέσθωσαν

2136 3937 2230 3990 καὶ
2261 3935 2712 3991 καταδυέσθωσαν
2748 3935 2841 3988 ἐπὶ
2887 3936 3002 3997 τοῖς
3031 3931 3213 3986 αὐτῶν
3255 3929 3587 4000 φιλοσόφοις,
3613 3926 3709 3980 καὶ
3751 3927 3819 3998 τῇ

2137 4025 2318 4094 πάσης
2343 4023 2558 4094 μωρίας
2582 4021 2890 4093 ἀθλιωτέρα
2908 4019 3090 4074 αὐτῶν
3125 4018 3310 4090 σοφίᾳ.
3347 4018 3410 4070 Οί
3435 4017 3535 4087 μὲν
3555 4014 3666 4086 γὰρ
3686 4015 3820 4084 παρ’

2135 4114 2317 4176 αὐτοῖς
2345 4111 2623 4180 φιλόσοφοι
2657 4110 2799 4165 κατά
2828 4111 2920 4163 τὸν
2955 4108 3169 4180 καιρὸν,
3201 4106 3261 4162 ὃν
3287 4106 3446 4171 ἔζων,
3477 4104 3693 4172 ὀλίγους
3723 4103 3823 4172 μόο

2135 4200 2219 4264 λις
2241 4201 2336 4254 κα)⁸
2365 4199 2573 4268 σφόδρα
2594 4197 2995 4268 εὐαριθμήτους
3017 4197 3243 4266 ἴσχυσαν
3268 4193 3338 4248 τὰ
3360 4193 3378 4231 ί
3404 4192 3586 4245 αὐτῶν
3608 4189 3824 4254 διδάξαι

2137 4287 2406 4358 δόγματα,
2437 4285 2534 4339 καὶ
2575 4283 2824 4339 κινδύνου
2871 4280 3070 4354 μικροῦ
3113 4279 3515 4341 καταλαϐόντος
3553 4277 3651 4331 καὶ
3694 4276 3824 4330 τού-

2136 4391 2264 4438 τους
2291 4373 2604 4428 ἀπώλεσανο
2655 4373 2705 4426 οἰ
2737 4371 2796 4425 δὲ
2840 4371 2936 4424 τοῦ
2983 4368 3224 4442 Χριστοῦ
3266 4367 3527 4439 μαθηταὶ,
3550 4368 3598 4419 οἰ.
3625 4365 3820 4428 ἀλιεῖς,

2137 4463 2230 4515 καὶ
2261 4461 2512 4523 τελῶναι,
2549 4461 2644 4514 καὶ
2679 4459 3016 4529 σκηνοποιοὶ,
3062 4459 3120 4511 ἐν
3168 4457 3372 4526 ὀλίγοις
3415 4453 3561 4507 ἔτεσι
3613 4453 3712 4523 τὴν
3741 4454 3822 4504 οἰ-

2136 4549 2411 4621 κουμένην
2445 4549 2667 4603 ἃπασαν
2701 4546 2838 4619 πρὸς
2882 4546 2984 4616 τὴν
3018 4544 3278 4617 ἀλήθειαν
3311 4543 3684 4612 ἐπανήγαγον,
3723 4540 3822 4593 καὶ

2140 4637 2349 4708 μυρίων
2378 4638 2438 4704 ἐξ
2475 4637 2685 4690 ἐκείνου
2724 4635 3026 4705 γινομένων
3071 4633 3355 4695 κινδύνων,
3401 4630 3462 4683 οὐ
3513 4629 3674 4700 μόνον
3717 4629 3822 4680 οὐκ

2137 4725 2371 4794 ἐσϐέσθη
2391 4725 2454 4778 τὸ
2485 4727 2767 4796 κήρυγμα,
2795 4722 2932 4777 ἀλλά
2955 4722 3050 4775 καὶ
3075 4721 3228 4776 ἀνθεῖ
3247 4721 3341 4773 καὶ
3371 4723 3506 4789 πρὸς
3536 4717 3596 4769 :6
3633 4717 3820 4787 μεῖζον

2136 4812 2436 4866 ἐπιδίδωσι·
2473 4813 2571 4866 καὶ
2613 4811 2924 4881 φιλοσοφεῖν
2959 4807 3208 4873 ἐδίδαξαν
3241 4805 3562 4879 ἀνθρώπους
3603 4803 3819 4866 ἰδιώτας

2135 4900 2231 4953 καὶ
2266 4899 2537 4970 γηπόνους
2585 4899 2681 4952 καὶ
2711 4897 3022 4969 θρέμμασιν
3067 4895 3410 4965 ὁμιλοῦντας.
3469 4885 3626 4947 ὓὺτοι
3678 4892 3819 4962 μετὰ

2132 4985 2242 5038 τῶν
2265 4985 2442 5040 ἀλλων
2461 4985 2720 5039 ἀπάντων
2746 4985 2840 5038 καὶ
2863 4984 2964 5056 τὴν
2985 4985 3203 5038 πάντων
3231 4982 3338 5036 τῶν
3353 4979 3576 5049 ἀγαθῶν
3593 4979 3775 5031 αἰτίαν
3792 4981 3818 5019 ε

2133 5075 2358 5145 ἀγάπην
2394 5075 2775 5145 ἐρριζωμένην
2808 5072 3047 5144 ἔχοντες,
3077 5072 3350 5125 ἔσπευσαν
3389 5070 3527 5138 πρὸς
3559 5070 3705 5140 ἡμᾶς
3731 5084 3816 5120 το-

2135 5162 2342 5234 σαύτην
2365 5161 2666 5236 δραμόντες
2719 5161 2898 5215 ἐλθεῖν
2931 5162 3072 5228 ὁδὸν,
3103 5161 3196 5214 καὶ
3225 5159 3293 5214 τὰ
3327 5161 3503 5213 οἰκεῖα
3546 5154 3818 5227 περιπτύ-

2135 5250 2329 5314 ξασθαι
2354 5250 2513 5322 μέλη.

2203 5339 2338 5409 Φέρε
2358 5336 2451 5391 οὖν
2483 5337 2576 5392 καὶ⁵
2603 5338 2766 5408 ἡμεῖς
2785 5335 2909 5391 ἀντὶ
2945 5335 3054 5388 τῶν
3069 5334 3259 5406 δώρων
3289 5336 3517 5398 τούτων,
3548 5330 3646 5400 τῆς
3677 5331 3802 5398 ἀγάο

2133 5445 2242 5498 πης
2265 5427 2410 5495 λέγω
2435 5425 2651 5496 καὶτῆς
2703 5425 3017 5488 διαθέσεως,
3046 5424 3234 5493 ἐφόδια
3275 5421 3456 5485 δόντες
3487 5421 3689 5482 αὐτοῖς,
3723 5418 3815 5471 οὐ-

2131 5532 2240 5578 τως
2273 5516 2470 5578 αὐτοὺς
2504 5515 2946 5585 ἀποπέμψωμεν,
2981 5511 3193 5566 καὶτὸν
3226 5507 3488 5582 περὶτῶν
3514 5509 3692 5580 ὅρκων
3714 5509 3817 5562 πάι

2133 5601 2216 5654 λιν
2259 5605 2571 5673 κινήσωμεν
2602 5603 2780 5670 λόγον,
2815 5602 2957 5656 ὥστε
3008 5598 3307 5674 πρόρριζον
3336 5599 3402 5651 ἐκ
3428 5597 3528 5666 τῆς
3571 5595 3817 5664 διανοίας

2131 5689 2388 5744 ἁπάντων
2420 5690 2835 5759 ἀνασπασθῆναι
2864 5691 2961 5760 τὴν
3003 5688 3248 5761 πονηρὰν
3275 5687 3476 5755 ταύτην
3501 5683 3814 5754 συνήθειαν.

2194 5783 2222 5822 ἀ
2245 5785 2344 5847 Alii
2371 5787 2558 5847 σοφίας.

2202 5849 2225 5873 θ
2249 5846 2377 5894 Savil
2387 5884 2397 5894 .
2422 5846 2608 5898 τούτου.

2142 5904 2144 5907 ’
2201 5904 2224 5979 ξ
2250 5905 2401 5979 ﬁni]:
2425 5907 2587 5979 πεῖσαι
2605 5909 2800 5979 φυλάξαι
2824 5908 2903 5959 τά.
2932 5908 3110 5979 Morel:
3128 5909 3307 5979 διδάξαι
3325 5908 3402 5957 τά.
3441 5966 3450 5979 η
3548 5963 3588 5979 Δγ
3648 5964 3716 5979 ,ῃ
3740 5965 3762 5973 _

2201 5969 2227 6034 εξ
2261 5967 2430 6034 δενίιζ
2461 5975 2515 6034 e_t
2557 5964 3114 6034 qru'idumAmanuscripli
3171 5969 3302 6018 οὗτοι
3347 5966 3463 6027 μετά
3512 5964 3609 6013 τῶν
3640 5964 3802 6012 man

2133 6030 2351 6078 ἁπάντων
2373 6031 2465 6078 τῶν
2486 6031 2669 6092 ἀγαθῶν
2688 6032 2860 6083 αἰτίαν.
