4112 6388
434 350 535 407 189

431 485 482 522 ιιι
512 468 669 519 vitam
702 462 837 519 Deus
865 469 1101 517 nostram
1131 460 1324 514 intulit.
1349 458 1557 513 Etenim
1585 464 1707 511 ante
1727 461 2003 525 peccatum

431 556 599 612 Adam
644 552 857 623 quando
898 552 1064 607 multa
1114 550 1385 605 fruebatur
1419 548 1683 611 libertate,
1719 543 2009 615 agricultuo

427 664 541 706 ram
565 646 848 719 quamdam
874 644 1026 700 obire
1061 643 1241 715 jussus
1264 650 1379 708 est,
1409 655 1515 696 non
1544 638 1865 694 laboriosam
1890 635 2010 705 qui-

426 744 573 804 dem,
604 752 704 793 nec
731 749 997 791 mrumnas
1023 733 1331 799 habentem,
1362 730 1458 787 sed
1484 729 1706 786 multam
1750 726 1851 783 sibi
1874 740 2008 797 prte-

426 832 639 885 bcntem
690 825 1099 898 philosophiam.
1159 824 1341 879 Posuit
1396 822 1539 879 enim
1585 822 1774 892 ipsum,
1809 818 1905 884 ait,
1952 826 2009 870 ut

427 929 724 990 operaretur
749 928 795 975 et
827 917 1100 974 custodiret
1123 915 1422 989 paradisum
1454 912 1618 986 (Gen.
1657 911 1713 966 2.
1738 910 1867 980 15).
1901 907 2009 962 Ho-

426 1028 544 1067 rum
572 1025 836 1081 quemque
854 1022 1104 1065 cerneres
1138 1021 1281 1062 nunc
1306 1004 1520 1077 quidem
1549 1006 1713 1061 boves
1733 1004 2005 1072 jugantem

426 1103 688 1158 aratorios
716 1112 769 1157 et
813 1110 1047 1157 aratrum
1077 1100 1373 1155 trahentem
1415 1106 1471 1153 et
1511 1095 1831 1167 profundum
1869 1093 2010 1149 scin-

427 1197 643 1251 dentem
693 1194 921 1258 sulcum,
966 1205 1109 1247 nunc
1156 1199 1333 1245 autem
1379 1202 1591 1244 sacrum
1633 1184 2008 1241 ascendentem

432 1298 735 1360 suggestum
791 1298 845 1344 et
898 1286 1234 1343 subditorum
1284 1284 1491 1339 animas
1538 1290 1827 1336 arantem:
1868 1291 2010 1332 nunc

426 1382 640 1451 quidem
669 1380 779 1450 agri
807 1380 988 1449 spinas
1014 1377 1350 1433 excidentem
1380 1374 1535 1437 falce,
1561 1385 1705 1426 nunc
1731 1383 1865 1425 vero
1889 1383 2008 1423 ser-

428 1487 589 1528 mone
637 1486 704 1526 ex
747 1469 938 1524 animis
999 1474 1217 1538 peccata
1266 1475 1655 1535 extergentem.
1711 1459 1828 1515 Non
1866 1459 2007 1515 enim

427 1563 749 1619 erubescunt
767 1560 1024 1626 culturas,
1055 1559 1193 1613 sicut
1220 1557 1371 1612 urbis
1417 1565 1614 1610 nostrae
1657 1550 1864 1616 incolae,
1914 1548 2009 1604 sed

426 1655 748 1709 erubescunt
769 1652 1071 1721 segnitiem,
1108 1650 1359 1721 quoniam
1388 1646 1693 1702 didicerunt
1719 1644 1862 1698 illam
1893 1656 2009 1695 om-

428 1761 551 1800 nem
580 1744 831 1799 docuisse
851 1742 1107 1797 malitiam
1143 1757 1156 1794 :
1190 1747 1245 1795 et
1283 1739 1351 1794 ab
1390 1738 1543 1792 initio
1572 1750 1633 1791 se
1660 1731 2006 1804 diligentibus

428 1837 677 1907 nequitia:
703 1836 865 1891 fuisse
892 1834 1220 1904 magistram.
1252 1831 1317 1885 Hi
1343 1837 1469 1885 sunt
1486 1828 1725 1883 maxime
1744 1826 1831 1896 qui
1851 1823 2007 1879 nobis

425 1930 680 1999 optimam
709 1925 1069 1998 philosophari
1100 1924 1350 1978 videntur
1375 1918 1791 1991 philosophiam,
1822 1930 1927 1970 non
1943 1930 2005 1968 ex

426 2020 631 2086 habitu,
662 2018 756 2075 sed
786 2033 854 2073 ex
895 2015 1161 2073 sententia
1199 2015 1449 2068 virtutem
1497 2025 1647 2066 suam
1675 2008 2005 2064 exhibentes.

429 2113 609 2183 Itaque
637 2121 983 2168 externorum
1011 2108 1335 2179 philosophi,
1376 2104 1603 2162 scenicis
1632 2112 1688 2159 et
1724 2103 2009 2157 mimorum

426 2208 568 2260 ludis
614 2205 926 2260 vacantibus
970 2203 1138 2258 nihilo
1166 2201 1356 2256 melius
1401 2213 1461 2253 se
1504 2197 1720 2262 habent,
1771 2193 1929 2265 pallio
1957 2202 2013 2248 et

427 2299 590 2352 barba
634 2307 688 2353 et
729 2298 864 2353 stola
890 2297 1021 2351 nihil
1074 2296 1303 2366 amplius
1343 2293 1598 2349 exhibere
1646 2291 1883 2345 valentes
1915 2305 1929 2343 :
1957 2286 2011 2341 hi

425 2407 553 2447 vero
578 2399 786 2455 contra,
831 2389 1021 2445 baculo
1074 2398 1126 2444 et
1181 2387 1345 2442 barba
1389 2394 1445 2441 et
1493 2384 1704 2454 reliquo
1754 2387 2011 2452 apparatu

426 2486 638 2555 longum
669 2484 847 2539 valere
862 2483 1044 2554 jussis,
1075 2482 1307 2536 animam
1329 2494 1479 2534 suam
1502 2493 1642 2534 verte
1661 2474 2011 2547 philosophiae

426 2575 707 2643 praeceptis
736 2587 1087 2638 exornavere,
1122 2586 1223 2626 nec
1247 2569 1534 2641 praeceptis
1574 2576 1801 2633 tantum,
1823 2579 2008 2621 verum

425 2677 479 2720 et
523 2666 779 2736 operibus
810 2665 959 2734 ipsis.
991 2665 1058 2718 Et
1093 2663 1137 2718 si
1166 2662 1359 2716 horum
1384 2659 1685 2731 quempiam
1714 2658 2011 2724 interroges

426 2759 480 2812 iu
511 2757 835 2827 agricultura
861 2755 1151 2810 viventium
1177 2795 1193 2819 ,
1227 2762 1283 2808 et
1311 2752 1490 2821 ligone
1531 2758 1588 2805 et
1619 2756 1799 2803 aratro
1841 2746 2013 2801 confe-

425 2860 657 2913 ctorum,
693 2847 761 2901 de
804 2846 1088 2917 dogmatis,
1128 2845 1196 2900 de
1232 2843 1425 2914 quibus
1470 2839 1676 2896 inﬁnita
1710 2845 2013 2909 quaerentes

425 2940 635 2998 externi
684 2935 1008 3009 philosophi,
1053 2945 1108 2992 et
1149 2947 1426 2990 sermones
1465 2931 1663 2987 multos
1705 2927 2008 2991 fundentes,

427 3034 557 3089 nihil
587 3047 776 3087 sanum
805 3029 985 3083 dicere
1007 3034 1319 3098 potuerunt,
1347 3023 1539 3080 sedulo
1557 3028 1747 3078 cuncta
1774 3018 1867 3075 tibi
1888 3032 2011 3074 cum

426 3125 591 3180 multa
623 3120 969 3192 respondebit
1015 3117 1295 3189 sapientia.
1326 3115 1437 3172 Nec
1458 3114 1563 3170 hoc
1588 3121 1791 3169 tantum
1812 3119 1895 3167 est
1917 3109 2014 3165 ad-

426 3215 689 3281 mirabile,
741 3229 929 3268 verum
978 3218 1033 3265 et
1070 3209 1322 3281 quoniam
1361 3220 1458 3278 per
1500 3219 1664 3276 opera
1706 3203 2013 3273 dogmatum

429 3309 586 3364 fidem
618 3309 847 3361 firmant.
898 3302 1110 3359 Etenim
1150 3299 1295 3372 quod
1336 3299 1569 3353 animam
1598 3296 1889 3351 habeamus
1917 3294 2018 3348 im-

428 3400 747 3463 mortalem,
797 3406 852 3453 et
896 3395 1133 3450 omnium
1185 3406 1305 3462 quae
1353 3389 1440 3446 hic
1481 3396 1738 3461 geruntur
1785 3386 2017 3441 rationes

429 3492 653 3547 reddere
671 3489 983 3553 debeamus,
1012 3495 1066 3541 et
1088 3482 1367 3539 tremendo
1393 3481 1646 3538 assistere
1671 3477 1939 3542 tribunali,
1962 3488 2018 3532 et

430 3586 481 3637 in
514 3590 690 3637 mente
712 3580 812 3635 sibi
839 3584 1249 3649 persuaserunt,
1278 3581 1333 3630 et
1359 3573 1521 3628 vitam
1547 3585 1761 3627 omnem
1791 3569 1858 3623 ad
1881 3568 2018 3622 hanc

429 3688 579 3742 spem
611 3670 975 3732 instituerunt,
1028 3674 1083 3721 et
1120 3662 1269 3720 omni
1296 3662 1536 3718 saeculari
1570 3674 1761 3730 pompa
1785 3659 2020 3727 superio-

431 3783 516 3820 res
535 3763 752 3828 redditi,
794 3770 955 3832 atque
1004 3774 1034 3813 a
1084 3758 1262 3813 divina
1314 3755 1506 3812 eruditi
1547 3753 1841 3822 Scriptura,
1878 3751 2017 3820 quod

443 3856 652 3910 Vanitas
678 3856 981 3916 vanitatum,
1023 3860 1072 3906 et
1099 3852 1270 3905 omnia
1292 3850 1491 3903 vanitas
1514 3847 1711 3919 (Eccle.
1749 3846 1799 3899 1.
1826 3846 1885 3915 2)
1911 3863 1924 3899 :
1953 3844 2019 3898 ad

433 3952 507 4004 nil
534 3964 719 4003 eorum
749 3962 869 4017 qua:
899 3944 1147 3999 videntur
1175 3956 1296 3998 esse
1314 3942 1480 4005 clara,
1509 3940 1780 3993 anhelant.

508 4042 704 4098 Rustici
732 4039 1062 4111 sapientiores
1085 4035 1307 4105 antiquis
1334 4032 1669 4104 philosOpltis.
1696 4060 1767 4071 -—
1794 4029 1856 4083 [li
1878 4038 1932 4083 ct
1952 4028 2020 4083 de

437 4138 549 4190 Deo
580 4136 695 4189 htec
724 4130 1088 4202 philosophari
1130 4136 1326 4185 norunt
1351 4169 1365 4193 ,
1393 4142 1512 4195 quae
1558 4125 1695 4179 Deus
1726 4121 2013 4177 mandavit.

438 4231 519 4281 Ac
545 4225 589 4280 si
644 4238 923 4279 assumens
950 4234 1138 4277 eorum
1169 4234 1353 4281 unum,
1384 4215 1758 4285 philosophum
1791 4212 2019 4282 aliquem

434 4329 781 4373 externorum
806 4327 948 4368 nunc
975 4314 1029 4366 in
1055 4309 1290 4366 medium
1316 4307 1569 4372 adducas,
1601 4307 1709 4360 imo
1727 4320 1857 4359 vero
1883 4317 2023 4359 nunc

434 4407 649 4479 quidem
692 4404 870 4459 nullus
910 4410 1085 4471 potest
1111 4400 1375 4465 inveniri;
1406 4399 1451 4455 si
1486 4412 1616 4452 vero
1650 4396 1839 4450 horum
1868 4408 2021 4448 assu—

438 4513 551 4552 mas
593 4510 756 4550 unum
783 4536 797 4561 ,
839 4492 1197 4561 evolvensque
1242 4490 1537 4558 priscorum
1580 4484 2021 4556 philosophorum

436 4592 602 4645 libros
624 4603 906 4661 percurras
928 4605 944 4641 :
966 4595 1022 4642 et
1040 4584 1167 4656 quid
1194 4585 1247 4639 hi
1271 4583 1485 4654 quidem
1506 4595 1647 4636 nunc
1672 4578 2020 4649 respondent,

436 4681 563 4750 quid
592 4689 768 4736 autem
796 4679 872 4734 illi
903 4687 1031 4733 tunc
1059 4674 1421 4747 pliilos0pliati
1466 4681 1627 4738 sunt,
1659 4673 1712 4726 in
1745 4685 2022 4740 compara-

438 4775 584 4829 tione
609 4788 814 4844 ponens
844 4770 1099 4827 discutias
1120 4810 1136 4836 ,
1165 4767 1369 4821 videbis
1396 4774 1591 4835 quanta
1618 4764 1689 4819 sit
1720 4763 1908 4817 horum
1935 4776 2023 4816 sa-

438 4864 636 4934 pientia
661 4904 676 4927 ,
707 4874 905 4932 quanta
944 4874 1074 4915 vero
1119 4860 1330 4914 illorum
1375 4855 1664 4911 dementia.
1704 4855 1837 4909 Cum
1880 4854 2023 4908 enim

440 4957 676 5025 ipsorum
705 4953 919 5025 quidam
958 4952 1157 5007 nullam
1197 4951 1251 5004 in
1289 4949 1450 5004 rebus
1483 4962 1604 5002 esse
1645 4944 2026 5017 providentiam

439 5046 653 5111 dicant,
680 5060 781 5100 nec
803 5060 831 5097 a
859 5044 968 5098 Deo
990 5050 1228 5097 creatum
1254 5054 1373 5094 esse
1404 5037 1657 5093 mundum
1679 5078 1692 5101 ,
1725 5051 1898 5105 neque
1916 5035 2025 5089 vir-

441 5148 609 5194 tutem
628 5137 728 5193 sibi
756 5137 857 5207 ipsi
884 5135 1238 5191 sufficientem
1267 5147 1409 5198 esse,
1437 5131 1532 5186 sed
1558 5143 1694 5200 Opus
1720 5143 1842 5185 esse
1870 5142 2031 5197 pecu-

439 5230 545 5284 niis
570 5236 625 5284 et
653 5228 933 5283 nobilitate
970 5234 1025 5282 et
1053 5223 1309 5281 exteriori
1346 5222 1586 5278 claritate
1605 5263 1620 5289 ,
1648 5230 1703 5276 et
1731 5219 1898 5275 multa
1926 5218 2027 5273 alia

442 5320 527 5375 his
556 5319 725 5389 magis
751 5318 972 5374 ridicula
998 5316 1088 5372 :hi
1118 5323 1299 5372 autem
1329 5322 1383 5370 et
1407 5314 1475 5369 de
1505 5312 1855 5382 providentia,
1884 5319 1939 5366 et
1962 5310 2030 5365 de

439 5410 656 5482 iudiciis
674 5410 1041 5481 sequentibus,
1064 5417 1119 5464 et
1137 5407 1206 5464 de
1232 5406 1326 5463 Dei
1352 5406 1642 5472 creatione,
1668 5405 1757 5475 qui
1777 5418 1845 5459 ex
1866 5402 2032 5457 nihilo

441 5503 621 5557 omnia
650 5502 926 5572 produxit,
953 5511 1009 5557 et
1032 5500 1100 5556 de
1128 5499 1249 5554 aliis
1277 5498 1523 5554 omnibus
1549 5495 1992 5567 philosOphentur
2015 5535 2029 5559 ,

444 5594 574 5649 nihil
604 5594 825 5649 omnino
849 5593 917 5649 de.
943 5601 1161 5649 externa
1187 5591 1418 5646 scientes
1445 5588 1746 5659 disciplina,
1776 5587 1896 5657 quis
1925 5601 2033 5640 non

447 5688 572 5743 hinc
594 5684 791 5743 Christi
820 5687 1109 5758 potentiam
1140 5685 1330 5749 discat,
1358 5698 1479 5751 quae
1508 5682 1788 5738 illiteratos
1812 5687 1866 5734 et
1893 5678 2031 5734 idio—

449 5790 531 5834 tas
556 5780 776 5834 multum
795 5778 847 5834 in
865 5778 1116 5849 sapientia
1136 5774 1482 5848 gloriantibus
1508 5784 1654 5829 tanto
1684 5770 2031 5843 sapientiores

1245 347 1334 400 AD
1372 341 1691 400 POPULUM
1734 334 2219 395 ANTIOCHENUM
2284 339 2507 396 llOMlL.
2550 342 2692 398 XIX.

3592 344 3701 403 £90

2116 452 2597 520 detnonstraverit,
2651 465 2847 525 quanto
2899 457 3072 524 parvis
3124 457 3357 525 puerulis
3406 458 3693 528 prudentes

2116 543 2258 599 viros
2296 554 2611 615 praestantes
2649 562 2869 602 cer'tere
2907 547 3031 602 est?
3067 548 3216 613 Quod
3261 550 3401 603 enim
3432 551 3560 620 ipsis
3597 553 3694 606 da-

2116 653 2295 692 mnum
2319 653 2385 693 ει
2411 640 2673 694 sermonis
2701 640 2961 709 imperitia
2989 654 3107 694 esse
3138 642 3322 709 possit,
3346 657 3465 696 cum
3489 654 3695 698 mentes

2118 728 2281 783 multa
2315 730 2422 784 sint
2462 730 2592 800 ipsis
2620 730 2793 801 plenae
2830 732 3089 797 sapientia
3111 732 3281 801 ?'qu:e
3311 748 3440 788 vero
3465 736 3699 789 externis

2115 837 2182 876 ex
2208 837 2515 877 sermonum
2542 822 2821 893 disciplina
2853 824 3053 877 utilitas
3077 866 3089 887 ,
3114 837 3235 882 cum
3268 838 3419 880 mens
3447 840 3605 881 sensu
3631 828 3699 881 sit

2115 915 2315 968 vacua?
2349 914 2420 970 Ut
2446 914 2492 970 si
2530 915 2650 985 quis
2696 930 2878 970 ensem
2922 926 3168 985 gereret,
3200 918 3446 985 capulum
3482 919 3698 988 quidem

2116 1014 2424 1075 argenteum
2468 1006 2749 1061 habentem
2773 1046 2787 1070 ,
2817 1007 3013 1061 ferrum
3042 1022 3167 1062 vero
3206 1008 3442 1077 quolibet
3484 1010 3698 1078 plumbo

2117 1099 2434 1155 imbecillius
2463 1117 2477 1151 :
2510 1108 2564 1154 et
2592 1099 2675 1155 his
2698 1115 2839 1154 etum
2870 1099 3047 1167 lingua
3079 1101 3292 1170 quidem
3323 1101 3498 1156 verbis
3524 1111 3577 1156 et
3604 1121 3697 1155 uo-

2116 1190 2346 1246 minibus
2369 1198 2452 1245 est
2477 1198 2681 1257 ornata,
2708 1205 2860 1246 mens
2882 1206 3011 1245 vero
3036 1192 3197 1246 multa
3224 1192 3425 1261 repleta
3450 1202 3534 1248 est
3554 1194 3700 1248 infir-

2117 1284 2298 1339 mitate
2319 1325 2335 1350 ,
2358 1294 2411 1340 et
2447 1285 2575 1354 ipsis
2600 1286 2667 1340 ad
2695 1286 2873 1341 omnia
2902 1295 2984 1341 est
3013 1286 3213 1341 inutilis
3245 1304 3258 1341 :
3287 1294 3344 1341 at
3367 1302 3471 1341 non
3500 1290 3576 1343 sic
3605 1288 3701 1341 ho-

2117 1391 2232 1429 rum
2263 1375 2700 1447 philosophorum
2722 1420 2737 1443 ,
2771 1378 2865 1433 sed
2905 1379 3115 1448 penitus
3144 1380 3488 1448 contrarium,
3522 1384 3700 1435 multa:

2118 1481 2270 1520 mens
2308 1467 2435 1537 ipsis
2466 1467 2815 1538 phil050phiae
2853 1469 3142 1537 spiritualis
3170 1480 3251 1524 est
3294 1471 3450 1540 plena
3474 1513 3488 1537 ,
3518 1480 3572 1526 et
3601 1473 3699 1526 do-

2116 1566 2291 1624 gmata
2315 1557 2417 1610 vita
2440 1567 2690 1612 sectatur.
2719 1559 2869 1628 Apud
2893 1558 2991 1614 hos
3011 1574 3115 1613 non
3138 1571 3261 1615 sunt
3282 1562 3531 1617 mulieres
3552 1564 3702 1618 luxu-

2119 1650 2316 1705 riantes
2338 1693 2351 1715 ,
2398 1666 2495 1706 nec
2524 1652 2956 1707 vestimentorum
2998 1662 3218 1708 ornatus
3241 1694 3255 1719 ,
3290 1670 3387 1709 nec
3414 1656 3623 1711 colores
3649 1669 3702 1711 et

2119 1740 2243 1807 fuci,
2269 1744 2362 1796 sed
2388 1742 2562 1797 omnis
2582 1742 2884 1813 hujusmodi
2913 1759 3119 1798 morum
3143 1746 3411 1814 corruptio
3434 1748 3578 1816 pulsa
3598 1759 3699 1803 est.

2120 1833 2272 1889 Unde
2298 1834 2505 1889 facilius
2523 1850 2734 1905 quoque
2759 1835 3027 1889 subditum
3053 1836 3152 1891 sibi
3177 1837 3428 1906 populum
3455 1839 3505 1893 in
3529 1840 3703 1895 mode-

2118 1927 2274 1980 stiam
2300 1925 2589 1993 deducunt,
2617 1937 2671 1983 et
2697 1926 2846 1982 Pauli
2877 1926 3044 1996 legem
3074 1927 3334 1983 velamina
3356 1937 3408 1983 et
3434 1945 3585 1985 escas
3606 1932 3701 1985 ha-

2111 2017 2262 2084 bere,
2287 2028 2342 2073 et
2361 2020 2437 2075 nil
2457 2019 2691 2089 amplius
2715 2034 2960 2089 quaerere
2984 2018 3265 2087 iubentem
3283 2020 3356 2092 (ι.
3384 2021 3515 2077 Tim.
3542 2023 3595 2080 6.
3617 2023 3694 2095 8),

2113 2111 2285 2167 multa
2335 2127 2459 2167 cum
2508 2111 2789 2183 diligentia
2838 2110 3171 2167 custodiunt.
3230 2112 3391 2183 Apud
3433 2115 3535 2169 hos
3585 2132 3698 2171 non

2119 2208 2201 2253 est
2232 2210 2619 2267 unguentorum
2665 2212 2791 2252 usus
2834 2208 3068 2254 mentem
3112 2198 3401 2260 allectans.
3431 2201 3524 2255 sed
3565 2211 3702 2257 terra

2119 2290 2314 2347 herbas
2351 2291 2625 2362 proferens
2662 2295 2807 2350 omni
2852 2295 3203 2363 unguentario
3246 2297 3534 2364 sapientius
3571 2296 3701 2366 ipsis

2119 2385 2318 2440 variam
2362 2386 2550 2442 florum
2591 2396 2742 2457 parat
2783 2388 3117 2442 suavitatem.
3151 2388 3439 2458 Propterea
3479 2398 3531 2443 et
3576 2391 3703 2459 ipsis

2119 2490 2342 2546 corpora
2363 2491 2483 2532 cum
2510 2479 2702 2534 animis
2728 2494 2856 2548 pura
2887 2479 3111 2533 sanitate
3136 2480 3431 2548 potiuntur,
3456 2482 3704 2548 quoniam

2120 2582 2304 2622 omnes
2334 2566 2550 2623 delicias
2590 2568 2945 2639 expulerunt,
2978 2576 3033 2623 et
3070 2570 3394 2638 nequissima
3434 2571 3705 2627 ebrietatis

2121 2661 2315 2717 fluenta
2342 2660 2674 2732 fugaverunt,
2705 2672 2759 2717 et
2786 2670 2989 2717 tantum
3020 2664 3328 2728 comedunt,
3359 2674 3611 2733 quantum
3639 2664 3704 2718 ad

2122 2752 2403 2807 vivendum
2429 2754 2642 2808 sufficit.
2664 2751 2743 2810 Ne
2764 2754 2908 2823 ipsos
2930 2754 3087 2823 igitur
3107 2768 3170 2808 ex
3190 2753 3370 2808 habitu
3392 2763 3706 2809 contemna-

2121 2859 2262 2907 mus,
2292 2845 2390 2901 sed
2417 2844 2652 2915 ipsorum
2685 2856 2916 2901 mentem
2948 2846 3288 2901 admiremur.
3320 2847 3449 2915 Quae
3479 2862 3707 2918 namque

2121 2937 2399 2992 exterioris
2435 2936 2659 2992 amictus
2698 2938 2932 3002 utilitas,
2973 2953 3093 2992 cum
3140 2939 3313 2992 anima
3357 2940 3603 2995 mendico
3640 2941 3708 2995 sit

2121 3030 2265 3083 omni
2295 3030 2541 3084 miserius
2568 3029 2791 3084 induta?
2825 3030 3006 3083 Virum
3035 3044 3139 3083 non
3170 3046 3199 3084 a
3225 3032 3574 3095 vestimentis,
3599 3032 3708 3088 imo

2123 3134 2223 3174 nec
2251 3119 2319 3173 ab
2345 3119 2461 3188 ipso
2488 3134 2747 3189 corpore,
2781 3121 2874 3175 sed
2913 3121 2982 3176 ab
3017 3123 3192 3177 anima
3224 3122 3437 3177 laudare
3475 3122 3629 3178 decet
3656 3135 3707 3179 et

2122 3210 2397 3265 admirari.
2429 3210 2629 3265 Horum
2656 3213 2887 3266 animam
2927 3229 3061 3268 exue
3086 3254 3100 3277 ,
3130 3222 3185 3267 et
3213 3213 3380 3282 ipsius
3411 3214 3709 3281 pulchritu-

2124 3303 2301 3357 dinem
2328 3302 2533 3358 videbis
2559 3311 2716 3372 atque
2741 3303 2951 3358 divitias
2991 3318 3087 3373 per
3114 3304 3275 3358 verba
3296 3346 3310 3369 ,
3340 3320 3437 3374 per
3465 3306 3709 3376 dogmata

2124 3405 2178 3451 et
2204 3412 2297 3466 per
2317 3410 2528 3450 omnem
2556 3410 2763 3450 morum
2792 3397 3245 3451 constitutionem.

2194 3485 2250 3541 2.
2293 3486 2624 3541 Erubescant
2653 3487 2810 3556 igitur
2835 3487 3063 3557 gentiles
3086 3529 3102 3554 ,
3130 3487 3382 3542 secedant
3407 3499 3459 3543 et
3482 3488 3711 3543 abscon-

2124 3579 2335 3644 dantur,
2360 3578 2427 3633 de
2442 3579 2551 3633 suis
2572 3577 2922 3648 philosophis,
2946 3579 3013 3633 de
3030 3593 3125 3633 sua
3144 3578 3399 3646 sapientia
3422 3580 3563 3633 omni
3584 3582 3714 3633 stul-

2127 3670 2238 3729 titia
2274 3675 2570 3729 miseriore.
2602 3674 2755 3744 Apud
2784 3675 2926 3743 ipsos
2971 3675 3115 3728 enim
3145 3673 3442 3742 philosophi
3474 3690 3567 3743 per
3594 3676 3713 3728 vitae

2128 3780 2237 3819 suze
2264 3772 2471 3834 tempus
2498 3764 2583 3817 vix
2610 3780 2808 3833 paucos
2829 3776 2883 3819 et
2911 3764 3062 3819 facile
3089 3765 3443 3820 numerabiles
3468 3766 3710 3833 dogmata

2128 3871 2221 3910 sua
2250 3856 2446 3911 docere
2476 3865 2762 3925 potuerunt
2790 3859 2830 3921 ',
2868 3865 2923 3911 et
2949 3858 3029 3910 vel
3058 3858 3250 3927 exiguo
3279 3858 3712 3927 apprelteudente

2130 3949 2370 4019 periculo
2398 3949 2497 4003 hos
2536 3949 2694 4003 etiam
2740 3949 3123 4017 perdiderunt;
3171 3948 3364 4003 Christi
3394 3964 3522 4003 vero
3550 3948 3713 4002 disci-

2128 4040 2260 4109 puli,
2291 4042 2599 4109 piscatores,
2631 4048 2686 4093 et
2712 4038 2996 4108 publicani,
3026 4048 3078 4093 et
3106 4039 3456 4093 tentoriorum
3480 4049 3710 4109 sutores,

2131 4131 2311 4201 paucis
2340 4132 2493 4186 annis
2536 4141 2702 4185 totum
2731 4130 2986 4185 mundum
3018 4130 3082 4184 ad
3110 4133 3389 4185 veritatem
3428 4140 3711 4187 converte-

2130 4234 2255 4277 runt
2284 4240 2297 4277 :
2328 4231 2382 4277 et
2419 4223 2712 4277 innumeris
2749 4230 2922 4276 tamen
2954 4222 3294 4277 nascentibus
3332 4222 3582 4291 periculis
3609 4239 3712 4276 non

2132 4326 2335 4372 tantum
2359 4331 2462 4371 non
2498 4325 2580 4370 est
2605 4314 2864 4370 exstincta
2890 4314 3230 4384 praedicatio,
3261 4330 3445 4369 verum
3485 4323 3539 4368 et
3561 4313 3715 4368 ﬂoret

2131 4424 2194 4465 ac
2223 4409 2275 4463 in
2303 4409 2477 4478 majus
2518 4414 2740 4477 augetur
2763 4448 2779 4472 ,
2811 4414 2867 4461 et
2894 4405 3261 4476 philosophari
3290 4405 3587 4459 docuerunt
3616 4406 3714 4459 ho-

2132 4499 2305 4554 mines
2334 4497 2491 4553 rudes
2517 4508 2570 4552 et
2597 4496 2857 4569 agricolas
2886 4504 2941 4551 et
2981 4497 3122 4551 inter
3148 4505 3389 4551 armenta
3416 4506 3712 4552 versantes.

2133 4591 2195 4645 lli
2219 4600 2412 4660 praeter
2429 4597 2621 4644 caetera
2640 4588 2840 4653 omnia,
2863 4595 2919 4642 et
2937 4587 3173 4642 omnium
3196 4588 3456 4642 bonorum
3475 4602 3711 4653 causam,

2134 4681 2411 4737 caritatem
2438 4680 2725 4735 radicatam
2752 4678 3009 4735 habentes
3036 4679 3079 4745 ',
3109 4677 3176 4734 ad
3206 4693 3304 4733 nos
3333 4678 3716 4734 festinaverunt

2135 4784 2331 4830 tantam
2354 4780 2633 4829 currentes
2651 4773 2812 4838 viam,
2834 4781 2894 4827 ut
2912 4772 3154 4827 venirent
3174 4780 3228 4827 et
3250 4771 3462 4842 propria
3485 4771 3717 4827 circum-

2136 4866 2492 4935 plecterentur
2518 4865 2779 4919 membra.

2209 4955 2429 5009 Rursum
2450 4955 2511 5009 de
2523 4955 2931 5026 jnramentis.—
2949 4952 3042 5008 Eia
3067 4954 3224 5023 igitur
3244 4960 3299 5008 et
3327 4969 3424 5007 nos
3450 4968 3547 5023 pro
3569 4952 3722 5006 donis

2137 5048 2273 5112 istis,
2300 5047 2521 5101 caritate
2546 5046 2666 5100 dico
2694 5054 2748 5100 et
2775 5044 2987 5106 affectu,
3015 5044 3203 5099 viatica
3232 5043 3442 5107 dantes,
3475 5044 3550 5096 sic
3578 5043 3721 5111 ipsos

2137 5138 2491 5203 remittamus,
2520 5149 2574 5193 et
2602 5153 2811 5191 rursum
2841 5138 2908 5191 de
2930 5136 3247 5205 juramentis
3276 5149 3579 5189 sermonem
3603 5148 3721 5186 mo-

2136 5244 2380 5292 veamus,
2405 5237 2465 5283 ut
2493 5229 2745 5283 radicitus
2769 5243 2834 5282 ex
2864 5228 3102 5281 omnium
3134 5236 3313 5281 mente
3340 5223 3579 5294 improba
3610 5223 3723 5278 hmc

2139 5321 2471 5377 consuetudo
2493 5320 2800 5376 revellatur.
2829 5318 2980 5374 Prius
3005 5327 3182 5372 autem
3207 5316 3329 5370 volo
3355 5330 3521 5386 pauca
3544 5314 3610 5368 de
3637 5314 3721 5367 di-

2142 5416 2241 5469 ctis
2270 5429 2299 5468 a
2330 5412 2482 5467 nobis
2502 5410 2757 5481 superius
2784 5409 2942 5465 hodie
2965 5420 3407 5463 commemorare.
3437 5403 3723 5473 Postquam

2206 5594 2222 5622 ¹
2260 5591 2331 5638 sic
2354 5586 2515 5637 Morel.
2540 5584 2679 5635 savil.
2706 5590 2891 5645 autem,
2916 5584 3147 5645 dogmata
3168 5594 3255 5631 sua
3281 5587 3329 5628 ut
3364 5578 3727 5629 observarentur

2142 5652 2438 5716 persuadere
2470 5654 2740 5716 potuerim};
2877 5706 2912 5716 ί,
3093 5711 3101 5716 _
3268 5711 3277 5716 _
3454 5715 3459 5716 ,

2207 5699 2226 5743 ί
2260 5720 2363 5762 Sav.
2393 5699 2445 5761 et
2462 5699 2654 5773 quidam
2693 5715 2799 5773 Mss.
2823 5718 2837 5755 :
2864 5706 2941 5757 sic
2971 5711 3157 5773 praeter
3190 5711 3366 5756 ra'tera
3405 5700 3564 5761 annua
3589 5699 3729 5759 bona,

2152 5788 2343 5826 causam
2369 5767 2647 5823 rhm‘itulcm
2672 5768 2940 5829 radicatam
2963 5767 3203 5825 habentes.
