4112 6388
381 325 476 382 191

371 439 516 494 enim
537 450 566 488 a
588 431 805 488 Perside
825 429 1030 485 dimissi
1050 427 1216 482 Judaei
1243 438 1297 482 et
1323 428 1388 481 ab
1413 427 1498 480 illa
1527 426 1732 480 liberati
1762 433 1950 494 tyran-

374 529 496 584 nide
520 569 536 592 ,
568 528 622 581 in
650 526 915 595 pri-priam
945 521 1150 575 rediere
1181 522 1400 589 patriam
1432 535 1446 572 :
1488 517 1602 571 Vidi
1642 518 1817 589 falcem
1837 558 1852 583 ,
1875 517 1959 570 in-

375 622 510 691 quit,
555 621 802 674 volantem
833 617 1143 687 longitudine
1177 615 1456 668 cubitorum
1492 614 1682 683 viginti,
1716 623 1760 666 et
1790 611 1962 664 latitu-

381 715 498 767 dine
513 712 791 765 cubitorum
807 710 974 763 decem
997 707 1013 777 (
1033 707 1190 760 chlt.
1217 707 1270 760 5.
1295 707 1321 760 1
1334 745 1346 759 .
1365 705 1401 758 2
1422 707 1437 774 )
1460 721 1472 758 :
1493 715 1548 758 et
1576 703 1883 773 prophetam
1902 717 1959 756 se

377 802 657 857 docentem
679 799 963 854 audierunt
993 815 1005 851 :
1039 797 1160 850 (hac
1189 803 1258 850 est
1288 796 1572 848 maledictio
1597 793 1852 863 egrediens
1873 808 1959 844 su-

376 911 468 964 pra
495 893 674 964 faciem
721 901 866 945 terrte
888 929 903 951 ,
935 897 981 942 ct
1025 887 1312 958 ingrediens
1359 887 1563 939 domum
1592 885 1880 955 pejerantis,
1911 892 1959 936 et

375 986 608 1039 dissolvet
633 986 684 1036 in
724 982 887 1034 medio
913 1022 926 1044 ,
957 987 1002 1033 et
1047 980 1190 1050 ligna
1223 988 1268 1030 et
1314 977 1508 1048 lapides
1547 977 1763 1028 destruet
1792 989 1959 1027 omnes

375 1077 495 1149 (Ib.
525 1093 571 1131 υ.
606 1077 660 1131 5.
689 1076 776 1146 Δ).
811 1075 876 1128 Et
916 1073 998 1127 his
1026 1081 1150 1126 tunc
1181 1072 1332 1126 lectis
1355 1113 1370 1136 ,
1399 1069 1766 1140 qurerebamns
1796 1082 1960 1134 quare

376 1183 478 1221 non
497 1167 732 1236 iuratum
756 1165 946 1225 solum,
971 1162 1063 1217 sed
1088 1163 1247 1216 etiam
1270 1161 1433 1230 ipsius
1450 1160 1662 1214 domum
1683 1158 1921 1213 dissolvit
1943 1174 1955 1209 :

375 1269 428 1315 et
454 1260 590 1314 hanc
611 1273 825 1312 causam
851 1271 968 1310 esse
995 1256 1321 1317 dicebamus,
1345 1254 1594 1322 quoniam
1621 1253 1963 1321 gravissimo-

379 1366 496 1409 rum
525 1364 710 1419 pccnas
751 1357 1090 1417 peccatorqu
1131 1347 1242 1398 vult
1272 1346 1412 1398 Deus
1440 1344 1718 1398 continuas
1749 1355 1959 1409 perina-

381 1457 527 1504 nere,
557 1451 612 1494 ut
635 1453 821 1493 omnes
849 1449 965 1507 post
994 1438 1108 1491 lure
1136 1436 1490 1504 corrigantur.
1518 1434 1776 1499 Quoniam
1805 1431 1962 1500 igitur

381 1534 647 1604 perjurum
677 1547 896 1586 necesse
923 1541 1004 1586 est
1032 1539 1299 1584 mortuum
1328 1527 1540 1596 sepeliri
1567 1534 1620 1579 et
1645 1535 1802 1580 terra:
1826 1524 1960 1582 sini-

385 1627 480 1677 bus
509 1623 643 1676 tradi
668 1664 682 1684 ,
716 1638 782 1676 ne
810 1637 930 1675 cum
961 1621 1122 1689 ipsius
1152 1633 1377 1690 corpore
1403 1629 1459 1673 et
1497 1615 1744 1689 iniquitas
1767 1631 1960 1672 conse-

382 1713 626 1780 peliatur,
668 1715 882 1768 domum
924 1708 1213 1768 maceriem
1263 1712 1420 1776 fecit,
1475 1721 1532 1766 ut
1579 1718 1960 1781 prxtereuntes

379 1801 551 1855 cuncti
574 1800 748 1870 ipsam
772 1811 1050 1859 cernentes
1073 1811 1127 1857 et
1157 1801 1490 1856 suffossionis
1507 1815 1718 1855 causam
1745 1800 1957 1854 discen-

380 1905 480 1962 tes,
510 1895 711 1965 peccati
741 1893 1092 1947 imitationem
1135 1891 1363 1961 fugiant.
1397 1893 1508 1945 lloc
1548 1891 1676 1945 etin
1713 1890 1960 1944 Sodomis

379 1987 572 2042 factum
603 1994 708 2042 est.
737 1986 1022 2056 Postquam
1051 1985 1193 2039 enim
1222 1994 1534 2039 exarserunt
1559 1985 1616 2038 in
1647 1985 1729 2038 sui
1757 1998 1960 2038 concu-

379 2077 690 2148 piscentiam
732 2087 1006 2142 mutuam,
1037 2077 1196 2130 etiam
1231 2086 1386 2129 terrtc
1414 2085 1598 2128 natura
1626 2075 1692 2127 ab
1721 2075 1839 2137 igne
1865 2090 1958 2128 su-

378 2183 540 2237 perne
569 2168 745 2222 delato
773 2181 1028 2222 succensa
1069 2165 1164 2220 fuit
1193 2164 1359 2238 (Gen.
1398 2165 1465 2219 l9
1491 2166 1507 2234 )
1541 2181 1553 2216 :
1583 2163 1793 2218 volebat
1817 2165 1958 2218 enim

379 2259 535 2328 hujus
563 2258 766 2327 peccati
806 2258 1064 2312 ultionem
1115 2271 1334 2310 manere
1377 2263 1705 2324 perpetuam.
1737 2256 1800 2309 Et
1837 2265 1959 2310 nota

380 2350 472 2404 Dei
495 2349 830 2404 clemcntiam
859 2366 871 2401 :
897 2364 1002 2402 non
1028 2349 1175 2416 ipsos
1193 2355 1499 2416 peccatores
1521 2355 1774 2414 perpetuo
1795 2360 1962 2414 usque.

379 2441 432 2493 in
455 2447 768 2508 praesentem
788 2439 929 2493 diem
954 2438 1142 2492 ardere
1169 2437 1321 2503 fecit,
1339 2436 1432 2490 sed
1457 2436 1572 2490 illos
1593 2436 1758 2490 semel
1782 2435 1963 2490 incen-

376 2546 467 2585 sos
497 2529 814 2596 occultavit;
849 2538 1004 2584 terra:
1030 2544 1158 2582 vero
1199 2526 1389 2582 faciem
1415 2541 1726 2582 succensam
1757 2526 1811 2580 in
1841 2540 1959 2581 me-

381 2621 528 2676 dium
550 2621 795 2676 omnibus
823 2621 1096 2690 praposuit
1123 2629 1240 2689 post
1261 2618 1376 2674 haec
1400 2633 1620 2674 cernere
1640 2617 1965 2684 volentibus,

377 2721 433 2766 et
448 2725 589 2766 nunc
604 2711 748 2766 omni
771 2711 946 2780 lingua
971 2710 1164 2764 clarius
1193 2723 1378 2763 omnes
1403 2717 1638 2778 posteras
1659 2708 1961 2778 generatio-

377 2816 472 2874 !ICS
499 2812 655 2856 terra:
691 2810 994 2855 commonet
1032 2808 1314 2870 aspectus,
1346 2808 1548 2853 tantum
1590 2813 1697 2854 non
1725 2798 1961 2854 clamans

378 2903 432 2950 et
459 2893 664 2959 dicens,
694 2894 775 2948 Ne
802 2895 1021 2962 patretis
1047 2892 1400 2947 Sodomorum
1431 2890 1662 2953 scelera,
1683 2905 1748 2944 ne
1777 2906 1961 2960 pugnas

378 2985 654 3054 patiamini
682 2985 1057 3040 Sodomorum.
1079 2983 1189 3038 Nec
1213 2984 1353 3038 cnim
1377 2983 1530 3038 sicin
1553 2992 1760 3037 mentes
1784 2998 1961 3037 sermo

377 3077 656 3146 pervenire
697 3077 863 3137 solet,
905 3085 963 3129 ut
991 3083 1240 3145 aSpectus
1297 3073 1549 3128 terribilis
1588 3083 1641 3127 et
1682 3089 1774 3142 per
1802 3087 1962 3128 omne

378 3180 587 3236 tempus
612 3166 930 3220 calamitatis
957 3181 1147 3236 gerens
1175 3165 1418 3234 vestigia.
1447 3164 1513 3218 Et
1537 3172 1852 3218 attestantur
1872 3164 1961 3233 qui

377 3258 441 3312 ad
471 3259 555 3310 illa
597 3258 708 3310 loca
757 3255 973 3325 profecti
1002 3264 1162 3319 sunt,
1201 3255 1292 3324 qui
1320 3255 1516 3322 sapius
1540 3252 1868 3322 Scripturam
1895 3253 1962 3307 de

379 3348 460 3402 his
483 3349 781 3417 loquentem
803 3346 1101 3409 audientes,
1123 3361 1223 3398 non
1252 3345 1477 3398 multum
1501 3343 1788 3409 timebant;
1816 3353 1964 3415 post-

379 3453 534 3508 quam
583 3452 708 3492 vero
749 3445 1008 3490 venerunt
1049 3445 1105 3491 et
1153 3437 1424 3504 regionem
1475 3436 1865 3501 ascenderunt,
1907 3443 1962 3490 et

383 3530 548 3598 ipsius
569 3542 780 3583 omnem
804 3527 1138 3596 superficiem
1162 3527 1408 3582 viderunt
1431 3525 1683 3593 deletam,
1708 3538 1762 3581 et
1783 3528 1968 3582 incen-

379 3621 523 3675 dium
550 3630 672 3676 sunt
696 3621 1007 3690 conspicati,
1035 3630 1090 3674 et
1117 3631 1313 3674 terram
1341 3619 1552 3689 quidem
1582 3635 1840 3689 nusquam
1870 3634 1966 3691 ap-

383 3721 653 3780 parentem
678 3753 700 3777 ,.
722 3712 955 3766 cinerem
986 3725 1120 3764 vero.
1140 3720 1330 3766 cuncta
1360 3723 1518 3779 atque
1544 3709 1778 3764 favillam
1799 3754 1813 3777 ,
1844 3726 1964 3780 per-

380 3804 512 3858 culsi
536 3813 587 3855 et
615 3803 836 3855 multam
860 3818 926 3856 ex
954 3810 1170 3870 aspectu
1195 3803 1283 3859 illo
1310 3803 1579 3871 capientes
1602 3803 1964 3871 temperantiae

386 3894 718 3962 disciplinam
744 3933 767 3958 ,
790 3900 867 3948 sic
895 3893 1138 3946 abierunt
1167 3911 1180 3946 :
1211 3907 1334 3947 nam
1382 3893 1496 3962 ipse
1524 3893 1742 3946 ultionis
1771 3893 1961 3947 modus

385 3986 587 4054 peccati
613 3984 826 4038 modum
871 3985 1126 4038 imitatur.
1167 3983 1316 4038 Sicut
1345 3983 1486 4037 enim
1519 3982 1593 4036 illi
1619 3999 1964 4053 congressum

386 4075 724 4129 infecundum
750 4074 1154 4138 adinvenerunt,
1187 4073 1254 4127 ad
1281 4073 1508 4128 filiorum
1542 4075 1964 4143 procreationem

385 4181 491 4221 non
529 4166 900 4221 conferentem
925 4183 939 4220 :
967 4166 1045 4220 sic
1094 4164 1333 4235 profecto
1371 4175 1429 4220 et
1470 4165 1607 4219 Deus
1636 4166 1808 4219 intulit
1849 4181 1965 4234 pm-

387 4273 550 4320 nam,
579 4273 700 4327 quae
742 4266 900 4312 terrae
927 4265 1168 4312 ventrem
1211 4258 1423 4327 penitus
1460 4257 1698 4312 sterilem
1740 4257 1968 4313 reddidit

386 4358 442 4403 ct
470 4349 715 4403 omnibus
752 4340 990 4403 vacuum
1022 4347 1301 4404 fructibus.
1347 4347 1549 4402 Idcirco
1587 4359 1640 4402 ct
1674 4347 1966 4419 iurantium

386 4442 576 4495 domos
596 4457 654 4496 se
676 4441 975 4496 deleturum
1002 4441 1233 4496 minatus
1257 4448 1361 4508 est,
1389 4448 1446 4494 ut
1463 4440 1596 4494 alios
1617 4439 1827 4495 illorum
1855 4455 1968 4511 pm-

388 4533 473 4586 nis
501 4533 851 4587 modestiores
880 4531 1098 4587 faceret.

459 4623 512 4677 5.
551 4621 961 4675 Juramentorum
1008 4620 1271 4690 pernicies.
1310 4650 1385 4661 —
1428 4620 1540 4690 Ego
1581 4630 1758 4676 autem
1811 4621 1970 4678 hodie

385 4711 692 4766 demonSIro
715 4726 819 4765 non
846 4726 1005 4765 unam
1031 4719 1085 4764 et
1111 4710 1245 4764 duas
1274 4720 1327 4764 ct
1356 4720 1465 4765 tres
1491 4710 1680 4766 domos
1697 4712 1970 4782 iuramen-

388 4805 456 4858 tis
493 4802 789 4857 destructas
813 4844 825 4866 ,
859 4803 952 4857 sed
982 4803 1251 4858 civitatem
1286 4812 1456 4858 totam
1476 4812 1530 4858 et
1561 4805 1812 4875 p0pulum
1845 4807 1969 4861 reli-

391 4896 595 4966 giosum
619 4931 636 4959 ,
667 4901 720 4946 et
744 4902 956 4960 gentem
986 4893 1158 4947 multa.
1178 4906 1390 4962 semper
1417 4893 1750 4962 providentia
1781 4895 1856 4949 uti
1885 4911 1974 4951 so-

393 4985 538 5037 litam
563 5025 577 5048 ,
611 4993 665 5037 et
703 4981 896 5036 tribum
941 4983 1120 5038 multis
1158 4983 1392 5052 elapsam
1440 4985 1711 5053 periculis.
1762 4986 1971 5040 Etenim

395 5073 684 5128 Ierusalem
706 5113 721 5137 ,
751 5072 938 5126 civitas
983 5071 1112 5138 Dei,
1145 5083 1381 5127 sanctam
1428 5089 1607 5130 arcam
1649 5075 1851 5131 habens
1872 5118 1889 5145 ,
1920 5086 1975 5134 ct

391 5179 604 5222 onmem
636 5165 784 5220 illtun
809 5165 1009 5219 cultum
1035 5205 1050 5230 ,
1083 5165 1170 5219 ubi
1206 5166 1478 5235 pmpheta:
1507 5167 1749 5233 fuerunt,
1780 5178 1826 5226 et
1851 5171 1972 5240 Spi-

383 5258 529 5313 ritus
556 5259 721 5328 gratia
744 5300 759 5324 ,
790 5265 846 5312 et
870 5271 996 5311 arca
1019 5297 1035 5322 ,
1067 5265 1123 5311 et
1153 5258 1344 5311 tabulae
1366 5256 1686 5314 Testamenti
1712 5301 1726 5326 ,
1759 5271 1810 5315 et
1841 5277 1972 5316 urna

399 5353 677 5417 aurea,ubi
704 5352 874 5422 angeli
893 5366 1036 5421 smpe
1063 5349 1377 5404 incedebant
1406 5366 1418 5402 :
1450 5350 1564 5406 hzcc
1590 5353 1796 5419 civitas,
1822 5353 1976 5408 innu-
1995 5343 2014 5376 ³

404 5449 566 5500 meris
583 5443 920 5500 nascentibus
938 5444 1093 5498 bellis
1110 5452 1165 5497 et
1181 5442 1360 5498 multis
1387 5444 1552 5512 ipsam
1582 5446 1975 5502 incursantibus

400 5536 637 5591 barbaris
658 5579 675 5603 ,
709 5546 973 5605 tamquam
1015 5550 1170 5588 muro
1199 5550 1264 5588 ex
1304 5532 1585 5589 adamante
1609 5536 1934 5591 circumdata
1959 5576 1974 5602 ,

397 5629 475 5682 sic
497 5644 682 5682 omnes
711 5629 826 5682 illos
853 5642 1065 5696 semper
1089 5625 1296 5686 derisit,
1324 5634 1378 5680 et
1406 5626 1623 5695 regione
1649 5636 1756 5680 tota
1778 5626 1976 5694 deleta,

397 5720 530 5776 nihil
560 5735 720 5790 grave
751 5735 903 5790 passa
933 5727 1036 5776 est.
1064 5717 1172 5774 Nec
1200 5717 1302 5773 hoc
1327 5717 1496 5773 solum
1525 5729 1605 5774 est
1628 5717 1937 5776 admirabile
1959 5759 1976 5789 ,

1121 315 1177 370 S.
1219 311 1498 370 JOANNIS
1532 306 2006 370 CIIBYSOSTOMI
2043 303 2356 364 ARCHIEP.
2398 306 2928 366 CONSTANTINOP.

3548 303 3650 358 1.92

2065 437 2249 476 verum
2267 430 2320 478 et
2344 423 2484 492 quod
2500 439 2713 494 gravem
2735 439 2879 493 saepe
2899 423 3104 494 plagam
3126 423 3367 480 hostibus
3383 425 3635 493 inferens,

2060 513 2138 566 sic
2175 528 2271 568 eos
2305 514 2578 569 emittebat
2607 534 2620 569 :
2649 523 2846 569 tantam
2890 530 2917 567 a
2960 515 3071 570 Deo
3112 530 3262 571 nacta
3301 527 3417 572 erat
3459 522 3637 587 provi-

2060 604 2293 658 dentiam
2318 643 2333 669 ,
2377 615 2433 658 ut
2475 605 2588 673 ipse
2635 606 2774 660 Deus
2820 607 3064 660 diceret:
3110 605 3253 660 Velut
3283 624 3431 660 uvam
3454 610 3509 661 in
3551 608 3641 661 dc-

2059 705 2189 750 scrto
2230 697 2394 750 inveni
2437 695 2640 763 Israel,
2669 706 2715 750 et
2762 697 2890 750 velut
2932 697 3170 767 signum‘
3202 699 3255 752 in
3297 700 3398 766 [ten
3442 709 3639 769 tempo-

2059 803 2268 841 raneum
2315 787 2419 841 vidi
2457 798 2622 859 patres
2659 791 2886 858 ipsorum
2928 788 3094 862 (Osee
3153 790 3206 846 9.
3254 792 3380 862 10).
3435 793 3501 847 Et
3539 795 3640 847 ite-

2063 893 2181 932 rum
2223 878 2288 932 de
2333 879 2443 948 ipsa
2491 880 2750 934 civitate:
2783 878 2928 934 Velut
2969 897 3130 951 grana
3177 882 3322 934 olivis
3360 883 3411 935 in
3446 899 3642 937 summo

2061 970 2276 1035 excelsi,
2317 981 2364 1024 et
2411 971 2612 1036 dicent,
2669 971 2750 1025 Ne
2775 989 2956 1026 noceas
3010 974 3133 1046 ipsis
3185 972 3354 1046 (Isai.
3401 974 3490 1030 65.
3535 975 3641 1046 8).

2068 1061 2438 1117 Verumtamen
2462 1062 2655 1118 civitas
2677 1063 2784 1118 Deo
2807 1074 3044 1128 cara,tot
3070 1065 3244 1135 elapsa
3273 1068 3518 1135 periculis
3536 1109 3550 1133 ,
3583 1069 3637 1123 in

2064 1155 2242 1208 multis
2290 1154 2517 1224 peccatis
2563 1155 2770 1209 veniam
2814 1164 3131 1225 assequuta,
3177 1166 3230 1212 et
3269 1174 3386 1228 quze
3421 1161 3530 1214 sola
3569 1176 3642 1217 ex

2063 1245 2309 1300 omnibus
2339 1245 2457 1301 aliis
2491 1245 2848 1315 captivitatem
2893 1245 3125 1315 eﬂugere
3167 1251 3380 1317 potuit,
3429 1253 3642 1318 semel,
3736 1265 3744 1274 '

2066 1338 2146 1392 bis
2169 1379 2184 1401 .
2216 1346 2273 1394 et
2294 1339 2490 1408 saepius
2517 1338 2634 1392 solo
2657 1337 2960 1414 juramento
2987 1347 3247 1415 prostrata
3276 1349 3359 1395 est
3383 1359 3398 1396 :
3428 1351 3481 1397 et
3506 1357 3639 1412 quo-

2069 1430 2232 1486 modo
2264 1431 2318 1486 id
2347 1430 2511 1488 fuerit
2537 1473 2552 1497 ,
2583 1432 2776 1488 dicam.
2819 1433 2942 1490 Fuit
2967 1435 3179 1504 quidam
3218 1434 3472 1492 Sedecias
3502 1433 3650 1506 apud

2064 1521 2208 1590 ipsos
2248 1537 2341 1576 rex
2373 1539 2385 1574 :
2421 1523 2506 1576 hic
2549 1523 2797 1579 Sedecias
2825 1525 3182 1595 jurameutum
3209 1527 3356 1582 dedit
3383 1527 3637 1582 barbaro-

2064 1628 2179 1666 rum
2223 1615 2331 1683 regi
2370 1614 2888 1683 Nabuchodonosor,
2937 1633 2996 1672 se
3040 1618 3091 1671 in
3131 1619 3295 1688 ipsius
3334 1621 3644 1675 commilitio

2066 1721 2510 1772 permansurum:
2545 1717 2725 1775 postea
2769 1707 2960 1763 defecit
3006 1709 3162 1765 ct-ad
3208 1710 3422 1782 [Egypti
3464 1728 3646 1782 regem.

2064 1793 2371 1864 translugit,
2399 1794 2698 1864 jurameuta
2730 1797 2877 1866 parvi
2903 1799 3140 1868 pendens
3165 1841 3180 1865 ,
3209 1809 3265 1854 et
3290 1811 3428 1854 ιειιιιει
3459 1818 3648 1871 passus

2063 1894 2144 1940 cst
2170 1927 2186 1951 ,
2228 1895 2422 1954 quanta
2463 1887 2640 1940 statim
2674 1889 2919 1943 audietis.
2952 1889 3104 1944 Prius
3129 1905 3255 1945 vero
3285 1895 3640 1947 necessarium

2062 1988 2146 2033 est
2177 1978 2447 2047 prophetae
2474 1979 2776 2046 parabolam
2803 1980 3000 2048 dicere,
3033 1997 3126 2050 per
3146 1997 3302 2052 quam
3331 1983 3445 2039 hinc
3468 1987 3647 2040 omnia

2064 2069 2398 2139 signiﬁcavit.
2433 2069 2648 2123 Factum
2677 2080 2747 2124 est
2773 2071 2992 2136 verbum,
3028 2074 3215 2142 inquit,
3245 2071 3454 2128 Domini
3477 2078 3543 2128 ad
3566 2094 3640 2129 me

2067 2161 2239 2216 dicens
2266 2178 2285 2216 :
2309 2161 2417 2215 Fili
2439 2162 2653 2216 hominis
2674 2203 2687 2225 ,
2716 2179 2870 2217 narra
2903 2167 3240 2219 narrationem
3261 2206 3278 2232 ,
3309 2177 3356 2219 et
3385 2167 3466 2220 dic
3497 2186 3644 2236 para-

2064 2252 2229 2306 bolam
2250 2293 2265 2317 ,
2307 2263 2353 2308 el
2381 2254 2514 2308 dices
2540 2273 2552 2309 :
2597 2253 2722 2308 Hth
2761 2256 2882 2307 dicit
2914 2256 3115 2308 Adonai
3144 2255 3389 2312 Dominus
3417 2274 3435 2310 :
3461 2259 3644 2327 Aquila

2062 2346 2288 2416 grandis,
2313 2363 2611 2418 magnarum
2631 2348 2850 2413 alarum,
2873 2349 3022 2416 longa
3047 2351 3353 2416 extensione,
3381 2351 3528 2420 plena
3552 2368 3645 2403 uu-

2062 2438 2243 2509 guibus
2274 2438 2496 2511 (Ezech.
2527 2441 2614 2494 l7.
2649 2441 2744 2496 1-5
2768 2441 2813 2510 ).
2843 2442 3085 2510 Aquilam
3121 2441 3206 2497 hic
3233 2442 3667 2514 Babyloniorum

2063 2544 2246 2599 regem
2277 2531 2483 2586 vocavit
2512 2548 2524 2582 :
2553 2546 2796 2600 magnam
2835 2541 3012 2585 autem
3057 2533 3223 2600 ipsam
3249 2542 3303 2587 et
3333 2548 3643 2603 magnarum

2063 2622 2264 2676 alarum
2293 2622 2465 2690 dixit,
2496 2633 2550 2678 et
2587 2624 2802 2695 longam
2833 2625 3148 2680 extensione
3189 2625 3506 2695 plenamque
3544 2643 3644 2679 un-

2062 2714 2254 2782 guibus
2284 2715 2578 2769 nominavit
2596 2756 2610 2780 ,
2638 2723 2855 2786 propter
2882 2718 3150 2771 exercitus
3177 2717 3566 2772 multitudinem
3591 2725 3650 2772 et

2063 2803 2480 2874 magnitudinem
2517 2806 2767 2874 potentiae
2804 2815 2861 2861 et
2900 2807 3219 2862 incursionis
3260 2808 3641 2869 velocitatem;

2064 2895 2202 2950 sicut
2245 2895 2384 2950 enim
2428 2896 2619 2966 aquilis
2675 2905 2800 2951 sunt
2849 2897 2950 2950 ala:
3001 2907 3060 2951 ct
3101 2913 3302 2969 ungues
3341 2912 3528 2962 arma,
3567 2898 3648 2952 sic

2065 2984 2260 3039 milites
2285 2985 2499 3055 regibus
2521 2992 2578 3039 et
2601 2985 2744 3054 equi.
2774 2985 2901 3039 Haec
2927 2986 3086 3056 igitur
3109 2987 3286 3056 aquila
3320 2985 3519 3053 Habet,
3554 2988 3637 3040 in-

2063 3077 2214 3147 quit,
2245 3078 2452 3131 ductum
2476 3079 2700 3131 intrandi
2737 3077 2789 3131 in
2823 3077 3072 3131 Libanum
3101 3078 3262 3148 (Ibid.
3317 3095 3366 3133 υ.
3398 3079 3474 3149 5).
3503 3078 3644 3145 Quid

2063 3179 2166 3237 est,
2197 3169 2415 3224 Ductum
2439 3171 2465 3224 .9
2494 3169 2806 3235 Consilium,
2835 3172 3152 3225 sententiam
3182 3188 3196 3236 ;
3229 3171 3484 3225 Libanum
3515 3188 3642 3226 vero

2064 3260 2299 3316 Judaaam
2334 3263 2578 3327 vocavit,
2616 3261 2736 3331 quia
2781 3277 2946 3331 prope
2976 3272 3214 3316 montem
3240 3264 3384 3316 illum
3413 3266 3507 3315 sita
3538 3273 3644 3318 est.

2066 3354 2256 3410 Postea
2284 3353 2581 3424 iuramenta
2611 3355 2795 3409 volens
2822 3363 2874 3408 ct
2903 3353 3103 3410 fmdera
3135 3355 3312 3410 dicere
3331 3396 3346 3420 ,
3380 3355 3533 3418 Tulit,
3566 3357 3647 3409 in-

2066 3447 2199 3516 quit,
2227 3447 2289 3500 de
2313 3449 2500 3502 semine
2517 3459 2663 3501 terra:
2681 3488 2696 3512 ,
2725 3457 2770 3500 et
2796 3447 2931 3500 dedit
2956 3448 3008 3501 in
3030 3464 3207 3519 campo
3232 3451 3407 3511 sativa,
3432 3457 3484 3501 ut
3508 3449 3647 3501 acci-

2067 3547 2200 3607 peret
2229 3539 2589 3592 radicationem
2625 3555 2775 3608 super
2801 3555 2985 3608 nquam
3020 3539 3228 3591 multam
3253 3553 3273 3592 :
3299 3549 3353 3590 ut
3381 3539 3648 3607 respicere-

2067 3640 2149 3684 tur
2174 3631 2340 3702 posuit
2364 3631 2496 3685 illud
2519 3645 2767 3700 :cumque
2787 3630 3128 3700 germinasset,
3153 3631 3303 3683 crevit
3321 3629 3374 3683 in
3400 3630 3543 3682 vitem
3563 3630 3648 3681 in-

2067 3723 2268 3792 ﬁrmam
2293 3731 2338 3776 et
2363 3739 2571 3792 parvam
2602 3722 2948 3790 magnitudine
2972 3761 2987 3784 ,
3013 3731 3059 3774 et
3087 3721 3308 3774 extendit
3336 3736 3502 3772 ramos
3527 3735 3656 3773 suos

2067 3818 2134 3869 ad
2157 3817 2297 3870 illam
2317 3858 2332 3882 ,
2355 3827 2400 3870 et
2429 3817 2624 3870 radices
2647 3817 2756 3881 eius
2783 3815 2872 3869 sub
2895 3816 2987 3868 illa
3010 3823 3154 3868 erant
3181 3812 3353 3881 (Ibid.
3375 3829 3422 3866 υ.
3449 3815 3543 3883 5).
3558 3815 3646 3866 (Σίν

2068 3909 2285 3964 vitatem
2307 3924 2434 3964 vero
2455 3907 2749 3962 Jerusalem
2777 3908 2939 3960 vitem
2965 3905 3052 3960 hic
3076 3905 3398 3974 appellavit;
3421 3903 3659 3958 dicendo

2068 4009 2245 4055 autem
2271 3999 2413 4069 quod
2443 4012 2618 4052 ramos
2645 4012 2771 4052 suos
2799 3995 2866 4050 ad
2898 3998 3065 4066 ipsam
3095 3996 3275 4050 emisit
3299 3982 3524 4063 aquilam
3543 4036 3560 4059 ,
3593 4003 3650 4047 et

2069 4089 2276 4145 radices
2298 4089 2412 4158 ejus
2442 4087 2540 4142 sub
2572 4089 2662 4141 illa
2692 4095 2880 4152 erant,
2913 4085 3117 4142 hedera
3142 4085 3455 4156 signiﬁcavit
3479 4094 3533 4138 et
3558 4099 3643 4138 so-

2069 4181 2312 4237 cietatem
2338 4195 2458 4234 cum
2492 4183 2606 4248 ipso
2643 4178 2861 4244 initam,
2889 4188 2943 4232 et
2980 4177 3120 4246 quod
3163 4178 3393 4246 scipsam
3421 4176 3473 4230 in
3500 4177 3650 4231 illum

2069 4272 2275 4342 rcjccit.
2296 4271 2420 4326 Mox
2443 4271 2773 4340 iniquitatem
2804 4267 3088 4323 ostendere
3107 4269 3311 4336 volens,
3334 4269 3408 4321 ait
3434 4286 3446 4320 :
3471 4267 3534 4320 Et
3555 4268 3659 4339 fuit

2070 4362 2242 4432 aquila
2262 4363 2444 4425 altera,
2467 4360 2534 4415 de
2555 4374 2678 4429 rege
2704 4359 2926 4428 loquens
2947 4357 3218 4428 Aigyptio,
3245 4357 3452 4428 grandis
3471 4366 3517 4409 et
3545 4373 3655 4408 ma-

2071 4455 2185 4524 gnis
2213 4453 2309 4506 alis
2338 4452 2604 4522 multisque
2628 4451 2904 4521 unguibus;
2931 4459 2976 4503 et
3001 4466 3112 4503 ecce
3143 4451 3256 4503 vitis
3282 4449 3379 4502 ista
3397 4449 3656 4518 implicata

2076 4555 2181 4598 erat
2207 4545 2274 4598 ad
2300 4560 2410 4597 eam
2433 4585 2448 4606 ,
2481 4554 2528 4596 et
2554 4543 2823 4612 pampinus
2850 4543 2960 4611 ejus
2987 4542 3040 4594 in
3069 4558 3130 4595 ea
3154 4581 3170 4607 ,
3207 4551 3253 4593 et
3281 4540 3510 4610 palmites
3535 4556 3658 4592 suos

2072 4637 2331 4699 extendit,
2364 4645 2420 4688 ut
2455 4636 2686 4705 trrigaret
2713 4650 2824 4688 eam
2846 4650 2868 4689 :
2898 4642 3160 4703 propterea
3185 4633 3331 4699 dixi,
3376 4631 3498 4685 Haec
3535 4631 3660 4683 dicit

2072 4728 2211 4782 Deus
2236 4744 2256 4782 :
2283 4728 2345 4782 Si
2365 4727 2699 4798 prosperabit,
2737 4727 2837 4780 hoc
2863 4734 2986 4791 est,
3015 4741 3135 4794 qua:
3158 4724 3517 4794 juramentum
3549 4738 3657 4777 non

2075 4821 2366 4877 servaverit
2395 4829 2449 4875 et
2485 4819 2684 4875 foedera
2707 4859 2721 4883 ,
2761 4821 2808 4872 si
2844 4819 3026 4889 poterit
3057 4833 3260 4871 manere
3286 4825 3333 4869 et
3360 4815 3548 4869 salvari
3570 4855 3586 4878 ,
3613 4823 3659 4866 et

2075 4931 2176 4968 non
2215 4914 2393 4970 cadere
2418 4912 2598 4983 (Ibid.
2623 4928 2670 4967 υ.
2701 4910 2864 4981 7-9.).
2905 4910 3023 4966 Mox
3049 4909 3423 4964 demonstrans
3450 4922 3560 4965 non
3589 4907 3663 4960 ita

2076 5005 2312 5060 futurum
2354 5019 2474 5059 esse
2493 5044 2510 5069 ,
2536 5003 2632 5059 sed
2656 5001 2875 5057 omnino
2907 5009 3125 5070 propter
3148 5001 3506 5070 iui-amentum
3537 5013 3658 5066 per-

2077 5098 2291 5160 ituram,
2319 5095 2387 5151 de
2413 5110 2566 5165 poena
2596 5095 2707 5164 ipsa
2734 5093 2949 5148 disserit
2969 5101 3058 5160 ,et
3085 5107 3298 5147 causam
3329 5091 3479 5161 ponit
3508 5107 3524 5142 :
3555 5091 3654 5142 Ra-

2079 5190 2214 5244 dices
2240 5190 2372 5244 enim
2405 5189 2515 5259 ejus
2541 5186 2924 5251 teneritudinis,
2966 5194 3021 5242 et.
3053 5189 3247 5256 fructus
3288 5191 3536 5254 putrescat
3561 5225 3575 5246 ,
3616 5191 3664 5234 et

2080 5290 2308 5336 arescent
2320 5295 2434 5351 qua:
2457 5295 2521 5334 ex
2543 5296 2602 5333 ea
2626 5279 2908 5349 germinant
2934 5275 2954 5348 (
2976 5275 3112 5330 Ibid.
3142 5293 3195 5330 υ.
3224 5273 3320 5347 9).
3353 5274 3420 5328 Ει
3445 5273 3668 5328 demon-

2081 5383 2252 5429 strare
2278 5373 2464 5427 volens
2502 5370 2642 5440 quod
2692 5385 2796 5423 non
2839 5369 3068 5423 humana
3105 5369 3158 5421 vi
3194 5366 3532 5430 destruetur,
3566 5365 3664 5419 sed

2081 5464 2329 5535 quoniam
2357 5479 2453 5532 per
2473 5462 2562 5514 illa
2583 5462 2884 5528 juramenta
2911 5460 3076 5513 Deum
3099 5458 3197 5513 sibi
3221 5457 3346 5512 fecit
3365 5455 3664 5522 inimicum,

2082 5555 2354 5626 subjunxit
2383 5573 2396 5608 :
2428 5553 2548 5607 Non
2590 5554 2645 5607 in
2689 5552 2894 5606 brachio
2923 5550 3144 5621 grandi,
3186 5565 3345 5619 neque
3383 5550 3436 5602 in
3478 5555 3669 5618 populo

2143 5669 2163 5701 ί
2196 5665 2446 5728 εἰογυονθι.
2475 5672 2528 5715 et
2546 5665 2740 5728 quidam
2767 5670 2876 5714 Mss.
2910 5662 3051 5714 savil.
3075 5670 3128 5713 et
3156 5661 3254 5722 alii,
3296 5659 3419 5711 velut
3434 5660 3667 5721 fructum,

2081 5741 2197 5790 pro,
2210 5727 2334 5780 velut
2357 5727 2562 5793 signum.
