4112 6388
454 410 550 466 τῇ

440 522 620 585 multo,
648 528 701 572 ut
729 516 955 571 evelleret
975 531 1084 571 eam
1110 516 1353 571 radicitus
1375 516 1595 590 (Ezech.
1621 518 1708 573 ΓΙ.
1732 517 1809 588 9).
1841 516 1909 571 Et
1929 532 2021 586 pa-

441 611 621 667 rabola
659 608 869 679 quidem
914 608 1027 662 haec
1054 626 1069 673 ;
1101 624 1311 663 rursum
1351 625 1479 664 vero
1502 610 1736 665 declarat
1760 626 1875 663 eam
1896 650 1911 674 ,
1944 611 2023 664 sic

440 702 683 770 inquiens
709 718 721 753 :
751 698 880 753 Ecce
900 700 1055 753 veniet
1075 715 1165 753 rex
1186 699 1459 770 Babylonis
1478 702 1531 754 in
1550 700 1836 754 Jerusalem
1854 698 2020 771 (Ibid.

438 810 485 845 ν.
522 789 649 861 12).
684 790 872 844 Postea
898 805 1018 845 cum
1047 790 1097 843 in
1128 791 1302 845 medio
1327 792 1568 859 quaedam
1611 792 1715 844 alia
1752 790 1975 845 dixisset
2001 830 2017 856 ,

434 882 736 951 juramenta
775 880 903 935 dicit
942 889 996 935 et
1037 879 1235 935 foedera
1265 898 1277 936 :
1310 879 1577 951 Ferietque
1618 897 1731 933 cum
1771 896 1827 933 eo
1856 880 2022 948 fwdus

437 976 457 1033 ί
477 972 614 1027 Ibid.
640 990 687 1027 υ.
722 975 831 1044 £5).
855 972 978 1027 Mox
1006 980 1061 1027 et
1089 973 1434 1027 rebellionem
1459 974 1643 1027 dicens
1666 990 1679 1025 :
1713 972 1779 1026 Et
1806 974 2017 1037 recedet,

438 1067 642 1136 .uquit,
680 1067 743 1119 ab
782 1082 839 1119 eo
878 1067 1119 1119 mittendo
1156 1069 1360 1119 nuntios
1384 1066 1437 1118 in
1467 1064 1774 1136 ZEgyptum,
1799 1075 1854 1117 ut
1881 1065 2021 1118 daret

436 1159 529 1212 sibi
568 1176 718 1225 equos
744 1169 793 1212 et
822 1159 1063 1229 populum
1104 1158 1317 1212 multum
1357 1157 1539 1231 (Ibid.
1565 1175 1612 1212 v.
1650 1159 1716 1213 15
1744 1160 1782 1225 ).
1813 1157 1878 1211 Ει
1903 1166 2023 1227 post

437 1247 554 1302 lucc
580 1248 775 1313 infert,
805 1248 1179 1303 demonstrans
1208 1258 1424 1318 propter
1446 1248 1810 1318 juramentum
1838 1248 2021 1318 perni-

435 1339 573 1393 cient
613 1349 777 1394 totam
817 1340 1095 1405 accidisse,
1130 1339 1247 1395 Nisi
1274 1342 1290 1371 ¹
1320 1342 1372 1394 in
1412 1341 1523 1394 loco
1549 1342 1700 1410 regis,
1728 1343 1811 1410 qui
1832 1342 2020 1395 consti-

436 1429 531 1481 tuit
550 1445 663 1481 eum
688 1446 876 1500 regem,
902 1430 988 1499 qui
1017 1431 1199 1499 sprevit
1223 1430 1625 1484 maledictionem
1652 1447 1835 1496 meam,
1863 1439 1910 1484 et
1934 1432 2021 1500 qui

438 1528 778 1590 transgressus
804 1530 875 1575 est
902 1529 1252 1575 testamentum
1276 1538 1466 1587 meum,
1488 1524 1541 1575 in
1566 1522 1729 1575 medio
1749 1520 2020 1592 Babylonis

439 1611 697 1677 morietur,
720 1620 767 1664 et
786 1627 887 1664 non
912 1611 964 1664 in
982 1613 1198 1665 exercitu
1214 1612 1419 1681 grandi,
1448 1628 1539 1665 nec
1558 1612 1610 1664 in
1636 1613 1824 1682 populo
1839 1612 2015 1675 multo,

436 1703 555 1771 quia
587 1704 772 1773 sprevit
811 1703 1152 1771 juramentum
1182 1690 1557 1773 priet'aricando
1588 1713 1792 1773 pactum
1816 1721 2021 1770 meum;

438 1794 777 1862 juramentum
804 1810 966 1846 meum
987 1794 1104 1864 quia
1128 1795 1336 1863 sprevit,
1355 1805 1400 1847 et
1425 1794 1590 1864 {tedas
1614 1795 1750 1861 quod
1775 1798 2021 1867 pra-vari-

437 1894 578 1938 catus
607 1895 678 1938 est
704 1926 717 1949 ,
749 1886 877 1938 dabo
911 1887 965 1939 in
992 1896 1144 1953 caput
1173 1888 1302 1956 ejus,
1334 1896 1383 1940 et
1411 1888 1696 1956 expandam
1732 1906 1886 1959 super
1907 1906 2021 1943 eum

438 1986 538 2029 rete
558 1993 721 2029 meum
749 1976 971 2046 (lbidm.
999 1976 1208 2048 16-20).
1230 1977 1391 2032 Vides
1413 1979 1679 2047 quomodo
1705 1995 1809 2034 non
1832 1982 2017 2046 semel,

438 2082 537 2121 nec
576 2067 655 2120 bis
679 2108 693 2131 ,
721 2083 904 2122 verum
930 2077 984 2122 et
1007 2068 1201 2138 saepius
1229 2068 1400 2134 dixit,
1440 2069 1586 2123 illum
1621 2080 1839 2139 propter
1869 2072 2018 2135 jura-

437 2169 675 2213 mentum
708 2160 820 2213 haec
845 2161 1021 2213 omnia
1046 2175 1261 2231 passum
1288 2176 1408 2215 esse
1434 2161 1457 2215 ?
1503 2162 1852 2231 implacabilis
1877 2165 2017 2217 enim

436 2261 521 2305 est
552 2254 717 2313 Dens,
743 2252 1061 2321 contemptis
1080 2252 1417 2322 juramentis.
1450 2253 1635 2323 Neque
1660 2270 1789 2309 vero
1816 2263 2019 2308 tantum

436 2358 503 2397 ex
529 2343 729 2397 ultione
771 2344 968 2398 civitati
1000 2344 1139 2399 illata
1179 2354 1396 2413 propter
1419 2344 1778 2413 juramentum
1811 2345 1910 2400 hoc
1936 2347 2020 2400 in-

437 2434 674 2504 telligere
717 2435 837 2489 licet
858 2476 872 2500 ,
904 2451 1086 2489 verum
1114 2443 1168 2490 et
1191 2450 1255 2489 ex
1283 2436 1622 2490 cunctatione
1648 2445 1702 2490 et
1727 2436 1979 2491 dilatione
2002 2476 2017 2500 ,

436 2536 689 2593 quantum
723 2527 861 2581 Dens
899 2526 1129 2580 studium
1160 2526 1353 2580 habeat
1377 2567 1391 2589 ,
1437 2542 1505 2582 ne
1540 2529 1843 2595 juramenta
1886 2543 2019 2583 con-

437 2617 735 2671 culcentur.
765 2617 982 2671 Factum
1009 2628 1082 2672 est
1110 2618 1284 2684 enim,
1314 2619 1512 2687 inquit,
1540 2620 1591 2672 in
1621 2636 1755 2673 anno
1784 2637 1917 2673 nono
1943 2636 2023 2673 re-

436 2712 523 2779 gni
538 2709 663 2778 ejus,
683 2710 734 2761 in
754 2725 916 2762 mense
932 2709 1168 2773 secundo,
1189 2711 1239 2762 in
1262 2709 1452 2762 decima
1469 2710 1669 2771 mensis,
1694 2711 1823 2762 venit
1838 2710 2021 2763 Nabu-

445 2800 778 2863 chodonosor,
803 2816 890 2853 rea:
910 2798 1204 2869 Babylonis,
1234 2809 1280 2853 et
1300 2802 1460 2853 omnis
1484 2803 1728 2854 exercitus
1744 2803 1853 2871 ejus
1871 2818 2023 2871 super

436 2887 738 2952 Jerusalem,
758 2899 803 2942 et
817 2890 1133 2942 circumsedit
1150 2907 1281 2955 eam,
1298 2900 1341 2942 et
1357 2892 1599 2943 exstruxit
1621 2891 1672 2942 in
1686 2891 1897 2944 circuitu
1914 2894 2021 2961 ejus

437 2981 754 3043 munitiones,
773 2993 818 3033 et
834 2981 1006 3032 clausa
1024 2990 1093 3033 est
1107 2982 1299 3044 civitas,
1319 2992 1465 3050 atque
1480 2982 1667 3034 vallata
1689 2998 1841 3049 usque
1854 2981 1921 3035 ad
1936 2999 2005 3035 un

435 3071 681 3123 decimum
692 3088 879 3123 annum
897 3072 1025 3140 regis
1046 3070 1288 3135 Sedecicc,
1310 3088 1441 3124 noua
1454 3072 1534 3124 die
1554 3074 1755 3135 mensis,
1766 3083 1818 3126 et
1836 3088 2022 3141 prma-

435 3162 528 3215 luit
549 3163 706 3229 {antes
724 3163 775 3214 in
796 3163 906 3232 ipsa
930 3163 1145 3227 civitate,
1168 3179 1259 3217 nec
1279 3172 1387 3216 erat
1418 3164 1561 3231 panis
1585 3164 1771 3233 populo
1794 3164 1862 3216 ad
1883 3181 2017 3217 cont-

433 3253 697 3316 edendum,
730 3263 772 3305 et
796 3254 951 3306 scissa
970 3263 1039 3307 est
1059 3254 1232 3307 civitas
1250 3254 1326 3323 (4.
1352 3254 1479 3325 Reg.
1511 3254 1599 3309 ‘25.
1622 3256 1719 3309 1-4
1743 3257 1780 3324 ).
1803 3256 2020 3309 Poterat

435 3358 623 3411 nempe
644 3344 821 3397 statim
844 3360 871 3397 a
893 3346 1057 3411 prima
1078 3344 1165 3400 die
1190 3345 1332 3414 ipsos
1355 3346 1583 3410 tradere,
1601 3346 1842 3402 etfacere
1862 3348 2020 3401 hosti-

433 3431 531 3487 bus
560 3433 796 3486 subditos
828 3450 841 3498 ;
875 3435 967 3489 sed
1004 3443 1281 3503 propterea
1314 3437 1521 3491 interim
1560 3437 1715 3491 trium
1757 3453 2018 3493 annorum

434 3532 641 3591 tempus
656 3526 854 3579 conteri
890 3527 1147 3594 permisit,
1167 3535 1219 3580 et
1244 3528 1385 3595 ipsos
1410 3528 1684 3582 obsidione
1704 3530 1870 3596 premi
1893 3544 2016 3599 gra-

433 3614 557 3666 vissi
570 3629 668 3676 sua,
686 3624 739 3667 ut
753 3624 805 3667 et
819 3616 1148 3670 extrinsecus
1165 3617 1388 3670 militum
1406 3618 1614 3683 timore,
1632 3627 1684 3673 et
1701 3619 2018 3674 intrinsecus

432 3702 567 3757 fante
590 3705 855 3757 civitatein
886 3716 1159 3772 premente
1183 3707 1445 3776 castigati,
1473 3710 1556 3762 vel
1583 3710 1809 3764 invitum
1833 3726 2016 3781 regem

428 3789 669 3846 barbaris
691 3789 845 3845 subdi
868 3796 1141 3860 cogerent,
1164 3797 1218 3843 et
1240 3787 1453 3859 aliquod
1477 3795 1693 3856 peccato
1721 3793 2017 3842 remedium

428 3883 564 3936 fieri.
594 3882 661 3936 Et
685 3881 827 3951 quod
871 3881 975 3937 hoc
1014 3882 1085 3936 sit
1116 3895 1302 3936 verum
1323 3922 1339 3946 ,
1368 3895 1544 3951 neque
1585 3894 1701 3935 mea
1738 3882 1808 3934 sit
1834 3880 2018 3950 conje-

428 3982 574 4027 ctura
596 4013 611 4038 ,
644 3972 769 4027 audi
798 3972 925 4043 quid
955 3988 1052 4042 per
1078 3973 1394 4043 prophetam
1431 3971 1500 4026 ad
1538 3972 1712 4042 ipsum
1745 3972 1887 4026 (licat
1915 3990 1928 4027 :
1959 3972 2020 4027 Si

430 4064 610 4118 arieris
634 4063 702 4116 ad
728 4063 879 4117 duces
912 4063 1045 4134 regis
1082 4062 1359 4133 Babylonis
1384 4103 1402 4130 ,
1444 4063 1570 4116 vivet
1606 4062 1779 4115 aninta
1818 4072 1904 4115 tua
1927 4103 1943 4129 ,
1972 4073 2019 4116 et

429 4156 604 4209 civitas
635 4156 741 4210 ha’c
779 4173 881 4209 non
915 4156 1242 4210 succendetur
1272 4156 1378 4226 igni
1404 4196 1418 4219 ,
1458 4165 1508 4209 et
1535 4156 1666 4210 vives
1692 4166 1745 4209 tu
1768 4164 1815 4209 et
1840 4156 2019 4209 domus

429 4257 535 4300 tua.
563 4248 623 4302 Si
646 4258 814 4301 autent
838 4265 938 4302 non
960 4248 1140 4302 exieris
1164 4247 1232 4301 ad
1250 4249 1502 4317 principes
1521 4249 1541 4279 ²
1566 4248 1697 4319 regis
1717 4247 2016 4319 Babylonis,

430 4340 654 4391 tradetur
672 4339 848 4392 civitas
862 4340 969 4391 haec
985 4340 1233 4393 inmanus
1256 4339 1632 4406 Chaldaeorum,
1658 4350 1704 4393 et
1721 4341 2019 4394 succendeut

430 4445 541 4482 eam
564 4430 710 4499 igni,
751 4439 800 4483 et
836 4446 938 4483 non
976 4429 1185 4500 effugies
1214 4431 1277 4484 de
1303 4430 1533 4484 manibus
1561 4447 1755 4484 eorum.
1798 4431 1864 4485 Et
1890 4432 2018 4486 dixit

430 4536 519 4573 rex
538 4518 778 4574 Sedecias
797 4521 865 4573 ad
884 4520 1158 4575 Jeremiam
1181 4537 1199 4574 :
1224 4520 1493 4576 Rationem
1518 4522 1675 4575 habeo
1692 4521 2016 4586 Judworum,

428 4614 514 4682 qui
548 4614 785 4685 fugerunt
811 4614 879 4667 ad
906 4613 1173 4668 Chaldwos
1195 4655 1208 4675 ,
1248 4630 1310 4667 ne
1347 4619 1477 4685 forte
1501 4614 1703 4668 tradant
1732 4632 1811 4667 me
1832 4616 1885 4668 in
1914 4633 2021 4669 ma-

430 4724 524 4760 nus
550 4723 741 4771 eorunt,
766 4716 815 4759 et
839 4706 1057 4760 illudant
1080 4706 1223 4760 mihi.
1252 4706 1531 4775 Respondit
1560 4716 1729 4760 autem
1749 4706 2017 4769 Jeremias,

428 4810 475 4851 et
503 4797 631 4851 dixit
659 4799 705 4851 ei
725 4840 741 4864 ,
770 4796 891 4852 Non
915 4808 962 4851 te
980 4799 1180 4852 tradent
1208 4812 1229 4851 .'
1253 4798 1376 4851 audi
1404 4814 1570 4851 vocem
1600 4796 1838 4863 Domini,
1870 4815 2022 4868 quam

429 4907 521 4961 ego
552 4890 730 4960 loquor
753 4890 821 4943 ad
845 4900 920 4953 te,
943 4903 990 4942 et
1019 4890 1199 4944 melius
1221 4890 1309 4942 tibi
1337 4892 1459 4955 erit,
1488 4899 1535 4942 et
1559 4890 1683 4943 vivet
1709 4893 1881 4944 anima
1909 4903 2016 4944 tua.

436 4982 583 5045 Quod
616 4982 660 5035 si
695 4982 917 5036 nolueris
946 4981 1153 5052 egredi,
1193 4983 1287 5035 iste
1328 4992 1398 5034 est
1432 4998 1593 5035 sermo
1626 4999 1772 5050 quem
1808 4984 2021 5035 ostendit

434 5073 557 5126 mihi
582 5071 833 5127 Dominus
864 5089 883 5127 :
915 5073 1048 5126 Ecce
1075 5089 1245 5127 omnes
1276 5074 1508 5126 mulieres
1535 5089 1648 5143 qua:
1674 5085 2021 5127 remanserunt

432 5167 483 5220 in
511 5166 659 5220 domo
686 5166 817 5237 regis
841 5164 875 5218 Ι
882 5166 983 5219 uda
1006 5207 1023 5233 ,
1063 5166 1337 5219 educentur
1360 5163 1428 5217 ad
1462 5166 1715 5235 principes
1756 5166 1886 5236 regis
1915 5165 2021 5219 Ba-

433 5259 651 5329 bylonis,
678 5269 725 5313 et
760 5260 839 5312 ha:
865 5259 1029 5311 dicent
1054 5273 1071 5312 :
1100 5257 1425 5312 Seduxerunt
1464 5266 1539 5321 te,
1576 5266 1621 5310 et
1650 5258 2021 5326 pra'valuerunt

432 5351 697 5404 adversum
730 5361 777 5405 te
801 5351 892 5403 viri
920 5350 1120 5419 pacifici
1150 5349 1223 5402 tui
1246 5390 1261 5413 ,
1291 5357 1338 5403 et
1364 5347 1706 5416 pravalebunt
1732 5350 1785 5403 in
1815 5349 2021 5403 lubricis

432 5452 608 5493 contra
639 5442 788 5510 pedes
814 5452 924 5494 tuos
956 5456 973 5494 :
1000 5450 1315 5494 recesserunt
1346 5458 1376 5492 a
1407 5450 1454 5493 te
1480 5481 1496 5505 ,
1524 5450 1571 5493 et
1592 5440 1613 5472 ⁸
1642 5457 1811 5494 omnes
1840 5458 2027 5493 uxores

433 5543 479 5587 et
506 5533 640 5601 ﬁlios
660 5542 772 5585 tuos
791 5532 997 5586 educent
1017 5532 1084 5584 ad
1105 5528 1393 5598 Chaldtcos,
1414 5542 1459 5585 et
1485 5548 1585 5585 non
1611 5531 1818 5603 effugies
1842 5549 2021 5586 manus

501 5649 518 5718 ξ
553 5647 687 5718 tegit
709 5646 871 5718 savib,
896 5652 1049 5694 certe.
1077 5653 1125 5695 tn
1143 5645 1272 5718 Bibl..-
1289 5658 1406 5718 vero
1426 5659 1440 5695 :
1462 5645 1695 5718 ,μίμεο-θρίξ
1717 5647 1759 5697 si
1781 5659 1894 5718 non.

497 5708 519 5739 ²
554 5707 701 5756 Editio
718 5716 918 5765 Veneta,
943 5720 1187 5772 quaecum
1211 5707 1329 5756 Bibl.
1345 5708 1568 5772 quadrat,
1588 5707 1727 5772 legit,
1747 5709 2021 5772 principes;

498 5722 519 5739 ν
554 5722 701 5756 mtuo
720 5722 740 5754 \
755 5722 918 5765 euicta,
943 5722 1053 5815 qua:
1076 5722 1187 5757 cum
1211 5722 1329 5756 mni.
1348 5722 1558 5770 quaerat.

436 5770 485 5819 in
508 5772 729 5832 omnibus
746 5778 908 5818 autem
931 5782 960 5818 a
980 5771 1038 5819 iis
1058 5768 1255 5832 legitur,
1277 5770 1558 5830 principem.

498 5832 521 5862 ³
553 5831 639 5880 Alii
661 5833 731 5882 sic
752 5832 968 5881 habent:
996 5839 1096 5882 Non
1118 5831 1431 5891 revertentur,
1450 5838 1515 5889 et,
1542 5840 1638 5882 etc.

1287 406 1379 461 AD
1416 404 1733 464 POPULUM
1774 399 2256 461 ANTIOCHENUM
2320 404 2549 461 HOMIL.
2589 400 2707 461 XIX

3608 409 3706 465 198

2131 534 2322 585 eorum,
2349 520 2468 589 quia
2487 521 2538 573 in
2566 536 2720 574 manu
2746 520 2878 590 regis
2902 518 3178 590 Babylonis
3201 522 3435 590 capieris,
3463 532 3510 575 et
3534 523 3711 581 civitas

2126 610 2234 663 haec
2275 610 2591 664 comburetur
2631 613 2738 683 igni
2770 611 2980 681 (Jerem.
3007 613 3096 667 38.
3126 613 3191 666 l7
3242 612 3312 667 25
3341 613 3380 681 ).
3423 613 3529 669 Sed
3560 623 3707 685 posta

2126 717 2283 772 quam
2331 718 2435 757 non
2463 705 2725 772 persuasit
2751 702 2867 757 haec
2894 702 3077 757 dicens
3101 744 3115 768 ,
3158 702 3252 758 sed
3280 705 3473 759 mansit
3500 705 3550 759 in
3579 722 3708 774 pec-

2127 802 2246 845 cato
2270 802 2325 848 et
2352 794 2629 862 iniquitate
2656 836 2672 861 ,
2714 804 2835 865 post
2868 804 2976 849 tres
3002 810 3170 849 annos
3194 795 3464 849 civitatem
3495 797 3715 854 tradidit

2128 882 2270 937 Deus
2291 922 2306 950 ,
2334 893 2388 939 et
2416 885 2753 939 clementiam
2782 901 2931 939 suam
2961 886 3334 941 demonstrans
3362 895 3417 941 et
3458 887 3599 942 illius
3628 889 3711 942 in-

2123 984 2330 1042 gratum
2364 974 2621 1029 animum.
2665 976 2731 1029 Et
2768 975 2989 1045 ingressi
3024 992 3143 1029 cum
3190 992 3375 1046 magna
3423 979 3708 1044 facilitate,

2128 1063 2219 1118 Dei
2248 1074 2301 1118 et
2326 1066 2464 1135 regis
2489 1066 2705 1119 domum
2730 1066 3077 1121 incenderunt
3100 1074 3154 1121 et
3180 1066 3368 1121 domos
3396 1068 3708 1134 Jerusalem,

2125 1162 2180 1207 et
2205 1170 2415 1210 omnem
2442 1172 2684 1227 magnam
2712 1157 2926 1211 domum
2959 1158 3191 1213 incendit
3235 1161 3482 1229 princeps
3512 1176 3711 1230 coquo.

2126 1260 2242 1300 rum
2270 1254 2325 1301 et
2354 1263 2561 1302 murum
2587 1247 2884 1303 Jerusalem
2912 1250 3171 1304 subvertit
3195 1292 3210 1317 ,
3252 1262 3303 1305 et
3343 1253 3537 1322 ubique
3575 1253 3715 1321 ignis

2124 1337 2468 1403 grassabatur
2495 1339 2826 1403 barbaricus,
2846 1340 3154 1407 juramento
3190 1341 3362 1411 ignem
3404 1345 3629 1397 ducente
3658 1354 3714 1399 et

2126 1425 2391 1481 flammam
2421 1430 2614 1496 passim
2640 1432 3034 1499 circumagente
3063 1449 3076 1484 :
3105 1441 3155 1484 et
3203 1434 3453 1501 populum
3497 1435 3546 1487 in
3584 1436 3710 1489 civi-

2125 1527 2233 1572 tate
2253 1519 2495 1573 relictum
2517 1528 2572 1573 et
2592 1522 2677 1590 qui
2704 1523 3021 1576 transierant
3042 1523 3107 1575 ad
3131 1539 3307 1593 regem
3332 1528 3707 1593 tranSportavit

2127 1609 2371 1679 princeps
2398 1625 2687 1680 coquormn
2718 1612 2804 1683 (4.
2833 1612 2956 1683 Reg.
2985 1612 3108 1681 25).
3140 1612 3207 1665 Et
3234 1614 3493 1669 columnas
3516 1632 3674 1671 cereas
3695 1658 3711 1683 ,

2123 1717 2236 1771 qua:
2262 1712 2403 1756 erant
2431 1703 2483 1755 in
2509 1703 2656 1757 domo
2694 1702 2903 1758 Domini
2927 1746 2941 1769 ,
2982 1714 3028 1759 et
3062 1704 3223 1770 bases,
3256 1716 3300 1758 et
3326 1723 3466 1759 mare
3494 1724 3711 1775 teneam,

2123 1795 2259 1865 quod
2287 1804 2393 1848 erat
2413 1795 2463 1848 in
2486 1796 2635 1848 donto
2658 1794 2882 1861 Domini,
2906 1801 3255 1867 confregerunt
3286 1795 3516 1851 Chaldwi
3546 1817 3563 1854 :
3586 1800 3716 1854 ollas

2124 1900 2318 1954 quoque
2339 1900 2516 1952 atreus,
2540 1895 2587 1938 et
2611 1887 2910 1956 fuscinulas,
2935 1896 2979 1939 et
3006 1887 3225 1955 phialas,
3244 1897 3291 1940 et
3321 1890 3632 1953 mortariola,
3666 1900 3716 1944 et

2125 1976 2293 2027 omnia
2331 1991 2449 2027 vasa
2486 1992 2618 2029 wrea
2659 1977 2909 2046 inquibus
2947 1977 3337 2043 ministrabant,
3380 1979 3598 2032 tulerunt
3625 1997 3642 2033 .'
3672 1990 3718 2033 et
3793 2012 3797 2016 -

2126 2069 2399 2134 thuribula,
2422 2078 2466 2121 et
2492 2068 2689 2138 phialas
2709 2085 2887 2123 aureas
2917 2078 2963 2121 et
2982 2079 3244 2139 argenteas
3273 2072 3491 2124 tulerunt
3522 2088 3540 2125 :
3562 2081 3606 2126 et
3627 2089 3715 2126 co-

2126 2162 2324 2214 lumnas
2340 2161 2465 2213 duas
2481 2170 2525 2212 et
2542 2160 2701 2221 bases,
2717 2168 2761 2213 et
2773 2176 2913 2213 mare
2928 2160 3064 2231 quod
3080 2162 3197 2229 fecit
3223 2162 3468 2217 Salomon
3490 2164 3541 2217 in
3564 2165 3713 2220 domo

2128 2251 2350 2313 Domini,
2381 2252 2492 2305 tulit
2524 2250 2889 2317 Nabuzardan,
2920 2252 3153 2319 princeps
3178 2269 3452 2323 coquorum
3474 2272 3493 2309 :
3520 2266 3564 2307 et
3590 2257 3712 2308 tule-

2126 2351 2241 2394 runt
2265 2358 2460 2411 quoque
2480 2340 2693 2395 Saream
2719 2342 2937 2411 primum
2960 2342 3288 2408 sacerdotem,
3319 2353 3365 2395 et
3392 2344 3605 2413 Saphan
3629 2363 3715 2399 sa-

2125 2432 2373 2486 cerdotem
2401 2434 2695 2499 secundant,
2719 2442 2763 2488 et
2790 2442 2887 2487 tres
2909 2434 2995 2504 qui
3019 2435 3362 2488 custodiebant
3388 2435 3559 2501 limen,
3584 2447 3631 2491 et
3653 2438 3718 2491 de

2125 2527 2323 2578 civitate
2347 2527 2629 2578 eunuchum
2652 2542 2831 2590 unum,
2850 2526 2934 2593 qui
2961 2534 3067 2579 erat
3101 2528 3366 2596 praefectus
3392 2543 3543 2597 super
3560 2528 3719 2582 bella-

2126 2626 2256 2669 tores
2278 2617 2431 2680 viros,
2457 2625 2503 2668 et
2522 2616 2738 2687 quinque
2755 2616 2887 2669 viros
2907 2616 2969 2670 de
2994 2616 3072 2668 his
3086 2616 3171 2683 qui
3191 2617 3422 2669 videbant
3442 2618 3620 2689 facient
3637 2636 3719 2672 re-

2125 2708 2221 2777 gis,
2236 2717 2281 2760 et
2302 2707 2514 2777 Saphan
2531 2707 2807 2777 principem
2823 2707 3141 2770 exercitus,et
3154 2708 3440 2771 scribam,et
3456 2708 3719 2779 sexaginta

2125 2799 2255 2851 viros
2273 2838 2286 2861 ,
2310 2807 2355 2851 et
2373 2798 2485 2849 tulit
2501 2813 2603 2863 eos,
2631 2805 2677 2852 et
2700 2796 2913 2849 abduxit
2928 2795 2996 2849 ad
3015 2813 3181 2865 regem
3200 2795 3494 2865 Babylonis,
3517 2814 3716 2865 percus-

2124 2889 2285 2957 sitque
2299 2904 2381 2941 eos
2396 2904 2486 2941 rea:
2508 2886 2781 2957 Babylonis
2795 2895 2842 2939 et
2862 2887 3108 2956 interfecit
3123 2902 3207 2940 eos
3223 2884 3386 2957 (Ibid.
3418 2903 3466 2940 υ.
3497 2888 3660 2943 15-21
3680 2897 3714 2949 ).

2125 2978 2307 3048 Itaque
2332 2978 2616 3033 recordare
2631 2978 2755 3032 mihi
2787 2977 2936 3031 falcis
2952 2978 3176 3032 volantis
3192 2986 3244 3032 et
3261 2978 3645 3047 requiescentis
3664 2982 3715 3034 in

2126 3071 2295 3125 domo
2311 3071 2537 3140 iurantis
2560 3112 2573 3134 ,
2613 3077 2668 3125 et
2698 3068 2932 3139 parietes
2956 3069 3279 3123 destruentis
3303 3077 3357 3122 et
3403 3069 3542 3139 ligna
3565 3080 3619 3124 et
3644 3070 3718 3122 la-

2125 3163 2278 3232 pides
2307 3181 2319 3217 :
2348 3163 2631 3217 recordare
2655 3162 2785 3215 mihi
2809 3160 3077 3231 quomodo
3097 3160 3458 3229 juramentum
3491 3161 3592 3216 hoc
3619 3178 3708 3216 ur-

2124 3255 2245 3308 bem
2276 3255 2566 3323 ingressum
2588 3296 2603 3319 ,
2648 3262 2809 3322 atque
2847 3252 3036 3306 domos
3064 3263 3118 3306 et
3140 3253 3395 3321 templum
3426 3262 3481 3307 et
3517 3255 3712 3309 mmnia

2124 3345 2453 3413 aedificiaque
2480 3343 2755 3414 splendida
2782 3343 3063 3407 destruxit,
3093 3352 3148 3397 et
3174 3344 3457 3397 maceriem
3488 3343 3614 3398 fecit
3636 3345 3712 3399 ci-

2124 3440 2359 3502 vitatem,
2381 3445 2435 3490 et
2453 3450 2624 3504 neque
2644 3443 2829 3488 sancta
2851 3442 3176 3499 sanctorum,
3201 3448 3371 3503 neque
3392 3449 3541 3488 sacra
3565 3451 3717 3499 vasa,

2125 3543 2223 3582 nec
2248 3528 2387 3581 aliud
2404 3527 2690 3597 quidquam
2713 3542 2923 3595 ptenam
2947 3534 3002 3581 et
3027 3526 3283 3579 ultionem
3319 3525 3466 3580 illam
3495 3528 3708 3591 avertit,

2123 3619 2244 3687 quia
2273 3618 2523 3671 violatum
2562 3616 2735 3671 fuerat
2770 3617 3149 3685 juramentum.
3187 3616 3253 3669 Et
3275 3617 3461 3669 civitas
3489 3617 3708 3686 quidem

2122 3717 2228 3762 tam
2259 3707 2631 3762 miserabiliter
2652 3707 2975 3769 solvebatur,
3001 3720 3093 3759 rex
3119 3714 3296 3759 autem
3328 3706 3409 3758 bis
3433 3706 3717 3761 miserabi-

2127 3791 2254 3843 liora
2284 3798 2335 3841 et
2365 3789 2596 3841 tristiora
2623 3785 2919 3856 patiebatur
2944 3802 2957 3838 :
2987 3794 3038 3839 et
3069 3785 3205 3838 sicut
3230 3786 3449 3839 mdilicia
3481 3787 3582 3838 falx
3614 3788 3714 3839 ista

2126 3882 2311 3934 volans
2342 3878 2641 3942 destruxit,
2686 3878 2763 3932 sic
2797 3886 2852 3931 et
2895 3876 3036 3930 hunc
3075 3876 3361 3945 fugientem
3402 3876 3718 3945 absumpsit.

2126 3969 2372 4040 Egressus
2416 3968 2560 4023 enim
2604 3976 2673 4020 est
2710 3983 2799 4020 rea:
2822 4007 2836 4028 ,
2880 3966 3093 4036 inquit,
3139 3976 3281 4019 nocte
3312 3967 3374 4019 de
3402 3967 3598 4020 civitate
3628 3984 3718 4036 per

2125 4062 2254 4112 viam
2298 4068 2459 4128 porta:
2485 4098 2499 4122 ,
2532 4068 2579 4111 et
2619 4057 2848 4111 Chalda'i
2890 4058 3327 4110 circumdederunt
3357 4058 3603 4110 civitatem
3627 4099 3641 4122 ,
3671 4067 3725 4111 et

2125 4161 2449 4221 persequutus
2469 4160 2539 4203 est
2565 4150 2812 4203 exercitus
2834 4148 3187 4202 Chaldazorunt
3217 4159 3328 4216 post
3354 4165 3540 4218 regem,
3564 4158 3608 4202 et
3633 4166 3718 4202 ce-

2125 4254 2303 4313 perunt
2334 4260 2443 4296 eum
2470 4284 2486 4307 ,
2531 4252 2576 4295 et
2614 4241 3096 4311 comprehenderunt
3142 4257 3341 4311 regem,
3382 4250 3425 4293 et
3466 4242 3718 4294 duxerunt

2124 4337 2290 4406 ipsum
2314 4336 2381 4389 ad
2407 4350 2574 4404 regem
2601 4332 2898 4403 Babylonis.
2932 4331 2999 4385 Et
3018 4332 3254 4399 loquutus
3283 4341 3355 4385 est
3380 4348 3469 4385 rea:
3500 4331 3721 4402 Babylo-

2126 4428 2203 4480 nis
2230 4443 2344 4479 cum
2372 4426 2585 4479 Sedecia
2604 4424 2882 4494 judicium,
2901 4432 2948 4477 et
2967 4423 3149 4476 occidit
3177 4423 3312 4492 filios
3336 4423 3493 4493 ipsius
3518 4424 3571 4475 in
3592 4439 3717 4476 ocu-

2126 4519 2188 4571 lis
2214 4522 2345 4589 ejus,
2372 4526 2421 4571 et
2447 4517 2617 4571 oculos
2644 4516 2870 4571 Sedecia:
2888 4515 3176 4580 excwcavit,
3201 4524 3246 4568 et
3266 4515 3422 4569 vinxit
3441 4532 3555 4568 eum
3576 4532 3717 4568 com-

2125 4610 2330 4680 pedibus
2353 4650 2367 4676 ,
2400 4620 2445 4663 et
2477 4608 2684 4661 abduxit
2708 4608 2760 4660 in
2791 4605 3097 4677 Babylonem
3133 4604 3153 4677 (
3177 4606 3229 4659 4.
3262 4606 3391 4675 Reg.
3420 4605 3512 4659 25.
3540 4607 3641 4660 4-7
3664 4606 3707 4675 ).

2125 4701 2261 4768 Quid
2286 4709 2388 4763 est,
2412 4699 2673 4767 Loquatus
2698 4707 2771 4751 est
2798 4714 2911 4750 cum
2939 4698 3049 4767 ipso
3068 4696 3322 4766 judicium
3344 4696 3368 4749 1’
3389 4696 3470 4751 Ab
3498 4697 3612 4766 ipso
3634 4713 3719 4750 ra-

2128 4798 2298 4846 tiones
2325 4790 2587 4859 repetivit,
2619 4788 2874 4843 rationem
2903 4787 3079 4856 posuit
3098 4801 3217 4841 cum
3247 4787 3383 4856 ipso,
3410 4797 3465 4842 et
3486 4788 3716 4857 primmn

2128 4884 2292 4954 ipsius
2318 4882 2458 4936 filios
2483 4880 2743 4951 jugulavit
2762 4919 2777 4945 ,
2807 4890 2865 4933 ut
2901 4880 3129 4949 propria:
3157 4879 3475 4933 calamitatis
3502 4889 3717 4949 specta-

2129 4987 2210 5027 tor
2236 4976 2383 5027 fieret
2412 4990 2424 5025 :
2452 4983 2506 5025 et
2537 4981 2814 5041 postquam
2840 4970 3152 5038 tragoediam
3183 4970 3327 5025 illam
3356 4972 3717 5025 miserabilem

2124 5062 2275 5128 vidit,
2296 5071 2424 5115 tunc
2443 5061 2592 5115 illum
2609 5064 2919 5119 excaecavit.
2938 5062 3056 5129 Qua
3074 5062 3141 5119 de
3161 5079 3323 5119 causa
3349 5080 3566 5119 rursum
3588 5066 3702 5120 hoc

2124 5151 2336 5222 agitur?
2361 5150 2431 5206 Ut
2452 5152 2711 5221 magister
2739 5152 2987 5207 barbaris
3017 5154 3195 5221 abeat,
3226 5164 3281 5207 ct
3309 5154 3419 5208 illic
3449 5154 3696 5208 habitan-

2126 5245 2270 5298 tibus
2299 5243 2502 5299 Judzeis
2522 5284 2538 5309 ,
2563 5254 2623 5300 ut
2649 5256 2937 5300 cernentes
2962 5262 3058 5315 per
3081 5256 3413 5303 excaecatum
3445 5248 3656 5301 disr-ant
3675 5287 3698 5314 ,

2124 5344 2389 5405 quantum
2415 5336 2542 5389 mali
2572 5337 3060 5406 sitjuramentum;
3082 5355 3182 5393 nec
3204 5339 3279 5393 illi
3304 5353 3432 5392 vero
3457 5348 3698 5403 tantum,

2127 5443 2315 5481 verum
2332 5437 2385 5482 et
2401 5443 2559 5482 secus
2571 5429 2714 5481 viam
2734 5444 2923 5485 omnes
2940 5430 3515 5493 babitantes,vinctum
3530 5444 3584 5486 et
3600 5448 3698 5487 ca:-

2126 5529 2307 5574 catum
2330 5519 2620 5584 intuentes,
2638 5535 2734 5589 per
2756 5522 3081 5577 calamitatis
3108 5524 3536 5594 magnitudinem
3567 5541 3698 5595 pec-

2125 5612 2230 5664 cati
2247 5611 2457 5680 pondus
2470 5612 2701 5669 discant.
2715 5613 3002 5683 Propterea
3022 5615 3408 5686 prophetarum
3426 5618 3560 5671 alter
3574 5622 3697 5687 qui-

2126 5703 2251 5754 dam
2268 5706 2347 5759 sic
2364 5706 2560 5774 inquit,
2579 5704 2700 5758 Non
2716 5706 2907 5761 videbit
2924 5706 3245 5777 Babylonem
3262 5707 3572 5778 (Eme/1.12.
3585 5712 3603 5761 l
3618 5712 3698 5771 διε

2128 5806 2261 5861 alter
2284 5818 2428 5860 vero.
2457 5801 2478 5853 Ι
2489 5819 2517 5853 η
2556 5800 2589 5834 τ’
2626 5800 2854 5869 byloueni
2884 5796 3157 5849 abducetur
3184 5796 3396 5868 (λέγεται.
3426 5799 3519 5855 52.
3547 5799 3627 5869 5).
3657 5800 3724 5858 Ει
