4112 6388
412 344 513 403 195

405 445 663 502 contraria
680 445 892 516 quidem
913 443 1190 514 prophetia
1210 457 1329 497 esse
1348 442 1574 506 videtur,
1604 440 1697 496 sed
1725 455 1829 496 non
1854 447 1936 494 est
1962 458 1979 495 ε

405 543 518 592 tunc
539 537 694 591 ambo
709 551 831 591 vera
849 553 861 590 :
882 537 1078 590 etenim
1105 534 1422 601 Babylonem
1442 549 1545 586 non
1563 532 1714 595 vidit,
1729 539 1784 585 et
1800 533 1850 585 in
1873 531 1980 584 Ba-

405 628 650 702 bylonem
668 629 927 683 abductus
944 635 1045 679 est.
1060 624 1334 690 Quomodo
1353 624 1509 694 igitur
1529 623 1852 693 Babylonem
1873 637 1977 676 non

401 720 574 773 vidit?
599 719 856 786 Quoniam
888 717 936 770 in
955 716 1138 770 Iudaea
1162 726 1456 769 excaecatus
1482 725 1580 768 est.
1620 713 1715 769 Ubi
1746 727 1976 781 namque

399 812 754 880 juramenlum
780 817 1015 876 spretum
1039 814 1140 869 est,
1162 805 1228 859 ibi
1260 813 1314 858 et
1340 804 1658 858 vindicatum
1689 812 1787 863 est,
1809 812 1862 856 et
1889 802 1974 854 ul»

402 903 596 954 tionem
627 901 738 967 ipse
764 897 1030 951 sustinuit.
1060 895 1336 961 Quomodo
1363 895 1620 948 abductus
1635 901 1721 947 est
1743 892 1973 962 Babylo.

399 991 556 1049 nem?
580 992 829 1059 Captivus
853 990 1041 1044 factus.
1070 989 1327 1054 Quoniam
1357 989 1498 1042 enim
1535 988 1651 1040 duae
1679 996 1830 1041 erant
1861 1001 1977 1054 νω-

399 1100 512 1148 nae,
545 1083 830 1137 exczccatio
855 1093 906 1135 et
933 1082 1211 1149 captivitas
1231 1121 1244 1145 ,
1276 1080 1660 1133 distribuerunt
1689 1078 1828 1146 ipsas
1856 1091 1978 1144 pro-

400 1175 570 1244 pheta:
587 1191 600 1225 :
619 1182 673 1226 et
699 1173 784 1226 hic
803 1171 1036 1241 quidem,
1061 1170 1180 1224 Non
1201 1171 1400 1234 videbit,
1431 1169 1616 1238 inquit,
1641 1166 1972 1237 Babylonem,

399 1267 563 1333 ipsius
589 1266 1000 1319 excmcatiouem
1030 1263 1212 1316 dicens
1238 1280 1251 1316 :
1284 1262 1371 1316 ille
1400 1276 1524 1315 vero
1545 1261 1636 1325 ait,
1663 1257 1731 1312 In
1749 1258 1970 1328 Babylo-

399 1373 510 1408 nem
544 1355 836 1414 abducetur,
868 1354 1031 1422 ipsius
1059 1353 1364 1422 significans
1389 1352 1770 1420 captivitatem.

466 1449 518 1504 4.
560 1447 772 1500 .lloralis
809 1446 1107 1500 exhortatio.
1133 1473 1204 1484 -—
1228 1444 1351 1498 llazc
1383 1443 1536 1512 igitur
1570 1442 1830 1506 scientes,
1863 1439 1970 1493 fra-

396 1550 534 1604 tres,
564 1549 616 1592 et
645 1555 783 1591 nunc
817 1541 955 1592 dicta
981 1548 1033 1590 et
1067 1546 1190 1590 ante
1229 1535 1343 1589 hate
1380 1542 1791 1588 commemorata
1819 1532 1974 1586 colli-

392 1641 596 1696 gentes,
617 1631 684 1683 ab
710 1629 808 1682 hac
834 1627 1047 1682 tandem
1072 1626 1230 1680 stulta
1257 1639 1527 1679 cessemus
1553 1621 1970 1678 consuetudine:

393 1723 469 1776 sic
494 1735 622 1790 rogo
659 1731 712 1776 et
736 1736 832 1775 oro
860 1735 952 1773 vos
980 1733 1187 1772 onmes.
1220 1717 1276 1772 Si
1316 1717 1458 1771 enim
1499 1715 1818 1784 antiquitus,
1849 1728 1969 1768 cum

391 1814 557 1869 Judati
587 1813 649 1867 ad
680 1812 962 1883 perfectam
985 1810 1315 1878 disciplinam
1349 1825 1453 1862 non
1479 1807 1843 1877 exigebantur,
1875 1804 1970 1860 sed

392 1906 550 1957 multa
582 1912 698 1960 erat
725 1903 1066 1972 indulgentia,
1093 1911 1234 1954 tanta
1264 1907 1480 1968 propter
1511 1912 1670 1949 unum
1695 1897 1968 1965 juramen—

391 2007 500 2048 tum
527 1995 623 2055 ira,
649 2002 850 2047 tantum
876 1992 1160 2056 excidium,
1196 1998 1336 2042 tanta
1367 1987 1643 2056 captivitas
1671 1986 1765 2038 fuit
1789 2002 1800 2036 :
1836 1983 1962 2053 quid

387 2099 678 2153 congruum
698 2092 778 2137 est
804 2096 943 2136 nunc
968 2094 1214 2149 passuros
1235 2092 1352 2133 esse
1367 2077 1624 2146 jurantes.
1651 2083 1767 2144 post
1795 2074 1964 2143 legem

390 2174 488 2229 hoc
524 2174 698 2229 facere
736 2173 1102 2242 prohibentem
1133 2182 1187 2225 et
1210 2179 1410 2223 tantum
1442 2167 1807 2222 mandatorum
1835 2181 1967 2236 aug-

391 2265 662 2320 mentum?
705 2264 841 2318 Num
885 2263 1026 2317 enim
1069 2261 1172 2315 hoc
1211 2270 1292 2314 est
1324 2255 1465 2329 quod
1503 2259 1774 2327 quaeritur,
1809 2265 1863 2310 ut
1901 2256 1966 2309 ad

385 2357 624 2424 synaxim
655 2355 926 2406 veniamus
962 2359 1016 2406 et
1053 2349 1329 2404 audiamus
1366 2364 1484 2418 qua:
1523 2347 1810 2402 dicuntur?
1856 2346 1967 2400 lloc

385 2445 596 2514 quidem
624 2455 678 2498 et
713 2443 967 2513 judicium
997 2441 1166 2511 majus
1190 2450 1270 2496 est
1288 2481 1304 2505 ,
1333 2449 1387 2494 et
1413 2454 1566 2508 poena
1610 2438 1928 2494 inevitabilis
1947 2477 1963 2502 ,

384 2536 594 2606 quando
621 2545 874 2606 perpetuo
901 2534 1176 2589 audientes
1202 2549 1305 2586 non
1333 2533 1614 2602 implemus
1639 2547 1756 2600 qua:
1778 2529 1963 2584 dicun-

383 2638 486 2682 tur.
515 2628 682 2695 Quam
711 2627 853 2681 enim
880 2625 1191 2679 habebimus
1217 2621 1619 2678 defensionem?
1645 2635 1803 2689 quam
1833 2633 1965 2674 vero

384 2725 585 2774 Veniam
611 2762 626 2786 ,
659 2735 779 2775 cum
803 2735 835 2774 a
862 2719 1028 2788 prima
1067 2733 1166 2772 nos
1191 2726 1347 2771 aetate
1375 2731 1540 2785 usque
1579 2714 1629 2768 in
1665 2723 1959 2768 extremam

381 2814 625 2866 canitiem
652 2811 754 2865 huc
772 2810 1148 2865 convenientes
1165 2815 1220 2862 et
1241 2814 1381 2861 tanta
1405 2805 1642 2860 fruentes
1662 2803 1960 2872 disciplina,

382 2904 580 2958 similes
605 2903 704 2956 illis
739 2916 1107 2956 remaneamus
1130 2941 1145 2965 ,
1171 2909 1225 2953 et
1254 2898 1453 2952 nullum
1479 2897 1782 2951 studeamus
1811 2895 1964 2950 defe-

381 3006 521 3050 ctum
547 2994 850 3066 corrigere?
884 2993 961 3048 Ne
991 2993 1120 3047 mihi
1145 2992 1255 3061 jam
1297 2992 1487 3061 aliquis
1524 2989 1960 3044 consuetudinem

382 3085 709 3154 prrctendat:
756 3094 973 3155 propter
1017 3083 1118 3138 hoc
1163 3083 1305 3138 enim
1350 3083 1596 3151 indignor
1639 3091 1691 3135 et
1739 3081 1955 3144 irascor,

380 3179 625 3247 quoniam
669 3177 1107 3232 consuetudinem
1145 3176 1359 3228 vincere
1398 3189 1504 3227 non
1546 3186 1848 3242 possumus.
1894 3170 1963 3223 Et

379 3271 475 3324 nisi
503 3269 936 3325 consuetudinem
965 3269 1257 3330 vincamus,
1285 3265 1550 3334 quomodo
1576 3264 1960 3332 concupiscen-

379 3362 504 3415 tiam
524 3363 816 3426 vincemus,
843 3360 994 3430 cujus
1013 3359 1163 3413 radix
1188 3358 1345 3412 habet
1363 3373 1392 3410 a
1413 3367 1594 3410 natura
1611 3355 1962 3426 principium?

375 3454 765 3523 Concupiscere
791 3453 932 3506 enitn
963 3450 1202 3505 naturale
1222 3490 1236 3514 ,
1266 3449 1403 3502 male
1429 3463 1557 3503 vero
1585 3448 1962 3515 concupiscere

375 3546 481 3613 jam
506 3553 590 3599 est
621 3543 928 3598 voluntatis.
957 3541 1144 3596 Jurare
1181 3555 1374 3608 nempe
1413 3554 1511 3593 nec
1535 3539 1674 3607 cepit
1701 3551 1732 3590 a
1769 3537 1959 3590 volun-

377 3648 482 3690 tate
509 3638 527 3669 ¹
556 3635 893 3706 principium,
921 3633 1015 3689 sed
1042 3648 1110 3688 ex
1129 3631 1442 3702 negligentia
1472 3629 1606 3683 sola.

452 3727 597 3781 Mira:
643 3725 999 3780 circulatorum
1046 3723 1378 3778 (πίει-κει
1405 3731 1461 3774 ut
1503 3721 1697 3785 discas,
1745 3736 1851 3774 non
1891 3736 1957 3774 ex

378 3819 451 3872 mi
480 3817 823 3882 difficultate,
866 3815 963 3871 sed
995 3823 1209 3884 pr0pter
1236 3813 1533 3884 neglectum
1573 3821 1811 3866 nostrum
1840 3820 1958 3865 tan-

377 3920 486 3961 tum
515 3907 617 3960 hoc
654 3914 930 3977 peccatum
961 3905 1283 3976 processisse
1302 3943 1316 3966 ,
1343 3903 1635 3972 cogitemus
1664 3903 1834 3956 multo
1875 3900 1961 3955 his

375 3997 676 4051 difficiliora
703 3995 946 4050 homines
974 3995 1230 4064 exsequi,
1261 4001 1314 4048 et
1342 3993 1442 4048 huc
1481 3993 1681 4047 nullam
1711 3992 1834 4047 inde
1869 4007 1959 4047 re-

377 4089 712 4142 tributionem
759 4093 1162 4154 exspectantes:
1207 4084 1499 4154 cogitemus
1543 4098 1663 4152 quze
1714 4082 1960 4137 diabolus

376 4177 656 4246 imperavit
679 4218 692 4240 ,
725 4191 879 4246 quam
907 4175 1167 4229 laboriosa
1192 4215 1208 4241 ,
1231 4189 1388 4243 quam
1428 4173 1606 4242 gravia
1629 4189 1645 4226 :
1691 4187 1792 4228 nec
1814 4171 1959 4228 diffi-

374 4272 544 4325 cultas
575 4269 673 4325 fuit
698 4270 813 4338 ejus
839 4267 1098 4321 mandatis
1123 4265 1579 4334 impedimentum.
1612 4263 1748 4331 Quid
1774 4264 1914 4318 enim
1940 4303 1955 4328 ,

375 4375 574 4429 quaeso,
621 4358 886 4412 difficilius
928 4357 1016 4423 sit,
1073 4369 1230 4425 quam
1277 4369 1399 4408 cum
1441 4353 1702 4423 quispiam
1746 4353 1958 4422 juvenis

374 4451 673 4505 volentibus
689 4464 746 4503 se
762 4447 1000 4503 emollire
1021 4455 1074 4500 et
1091 4445 1326 4500 membra
1344 4459 1436 4498 sua
1456 4453 1704 4513 torquere
1724 4445 1957 4514 seipsum

375 4543 616 4604 tradens,
645 4541 830 4596 scdulo
859 4539 1146 4594 contendat
1184 4548 1314 4591 rot.e
1356 4552 1503 4590 more
1545 4544 1710 4590 totum
1739 4536 1958 4591 ﬂectere

374 4653 571 4708 corpus
593 4677 608 4703 ,
641 4644 695 4691 et
718 4636 770 4688 in
800 4635 1101 4704 pavimento
1127 4631 1346 4695 versari,
1377 4639 1431 4683 et
1459 4644 1552 4698 per
1575 4630 1757 4683 oculos
1785 4639 1839 4682 et
1864 4644 1958 4697 per

376 4743 625 4784 manuum
651 4724 1154 4782 circumductionem
1197 4731 1251 4776 et
1283 4721 1441 4773 aliam
1486 4720 1868 4773 revolutionem
1902 4720 1954 4772 in

376 4821 663 4875 femineum
705 4831 870 4888 genus
913 4813 1142 4869 transire
1180 4819 1422 4875 conetur,
1472 4825 1570 4864 nec
1606 4825 1790 4864 eorum
1836 4825 1956 4879 qua:

377 4907 905 4972 tiuntdiflicultatem,
927 4919 1026 4960 nec
1041 4919 1108 4959 ex
1128 4895 1193 4958 iis
1209 4901 1549 4972 ignominiam
1572 4900 1917 4955 ratiocinetur
1932 4900 1957 4952 ?

375 5004 428 5057 itt
455 5000 726 5056 orchestra
765 5012 974 5052 rursum
1003 5009 1096 5050 eos
1119 5036 1135 5061 ,
1165 4995 1254 5064 qui
1292 4993 1670 5063 pertrahuntur
1689 5034 1703 5054 ,
1731 4999 1785 5046 et
1813 4991 1957 5045 velut

371 5093 472 5146 alis
499 5087 753 5145 membris
768 5095 984 5142 utuntur
1003 5081 1298 5152 corporeis,
1318 5082 1436 5152 quis
1457 5080 1640 5136 videns
1657 5094 1761 5134 non
1787 5079 1955 5134 admi-

373 5182 558 5239 retur?
587 5179 789 5250 gladios
818 5183 994 5230 autem
1021 5173 1322 5228 alternatim
1353 5173 1404 5225 in
1427 5186 1608 5226 aerem
1633 5169 1951 5238 jaculantes,

371 5284 426 5327 et
449 5285 635 5328 omnes
657 5283 868 5324 rursum
890 5281 984 5336 per
1004 5264 1338 5320 manubrium
1359 5262 1650 5332 capientes,
1672 5275 1827 5330 quem
1846 5276 1954 5315 non

369 5362 699 5418 confundant
723 5358 926 5413 nullum
957 5369 1055 5425 pro
1080 5355 1276 5408 virtute
1302 5351 1537 5406 laborem
1562 5351 1830 5418 suscipere
1858 5365 1956 5402 vo-

373 5455 594 5508 lentium
615 5451 638 5506 ?
663 5452 742 5507 vel
770 5447 896 5519 quid
925 5447 991 5502 de
1017 5447 1081 5500 iis
1100 5444 1308 5500 dicatur
1334 5442 1480 5508 viris,
1507 5443 1594 5511 qui
1623 5441 1874 5510 perticam
1900 5441 1953 5494 in

375 5545 548 5598 fronte
574 5549 841 5609 gestantes
864 5581 878 5604 ,
908 5537 1053 5592 velut
1081 5535 1325 5589 arborem
1355 5532 1408 5586 in
1440 5541 1578 5586 terra
1621 5531 1908 5586 radicatam
1935 5572 1950 5596 ,

374 5637 451 5688 sic
480 5635 748 5685 immotam
779 5627 1138 5684 conservant?
1167 5625 1280 5679 Non
1326 5624 1427 5677 hoc
1471 5623 1640 5677 solum
1670 5633 1752 5678 est
1779 5623 1947 5678 admi-

434 5747 453 5778 ⁴
490 5742 654 5793 Morel.
683 5752 732 5793 et
757 5741 937 5804 aliquot
959 5746 1085 5798 ωδε..
1109 5752 1140 5788 a
1163 5736 1427 5799 voluntate;
1445 5735 1542 5796 alii,
1561 5750 1589 5785 a
1617 5743 1808 5792 natura.

1142 329 1200 387 S.
1238 325 1514 385 JOANNIS
1548 326 2024 385 CllBYSOSTOMl
2060 327 2379 384 ARCHIEP.
2417 325 2946 384 CONSTANTINOP.

3556 325 3655 385 ωδ

2085 440 2252 496 rabile
2275 483 2290 507 ,
2319 457 2503 496 verum
2532 453 2586 497 et
2615 442 2664 496 id
2693 443 2832 512 quod
2865 441 3110 510 puerulos
3137 456 3327 511 parvos
3367 441 3418 495 in
3447 457 3656 496 summo

2083 531 2228 601 ligno
2259 532 2276 563 ¹
2315 531 2454 585 inter
2479 548 2538 586 sc
2580 533 2764 586 luctari
2797 533 3026 596 faciunt,
3060 542 3114 587 et
3143 548 3313 602 neque
3337 548 3524 587 manus
3558 549 3656 586 nec

2081 624 2184 678 alia
2209 625 2447 692 corporis
2467 640 2606 694 pars,
2629 626 2721 679 sed
2754 625 2897 679 frons
2920 626 3032 680 sola
3060 627 3202 681 omni
3225 625 3433 679 vinculo
3454 624 3655 679 firmius

2081 714 2223 768 illam
2246 717 2499 784 perticam
2520 716 2655 784 gerit
2682 716 3068 770 inconcussam.
3091 716 3242 771 Alter
3261 732 3468 771 rursum
3492 732 3652 784 supra

2081 805 2258 860 funem
2295 807 2725 873 angustissimum
2768 821 2887 860 cum
2920 816 3062 861 tanta
3089 806 3322 861 ambulat
3349 807 3648 871 securitate,

2080 910 2200 950 cum
2231 905 2424 965 quanta
2467 897 2555 966 qui
2587 897 2770 966 planos
2807 912 3022 967 campus
3068 907 3399 966 pereurrunt.
3432 897 3650 952 Verum-

2082 993 2256 1038 tamen
2298 985 2409 1040 ltwc
2433 1002 2552 1055 qua:
2581 996 2635 1040 et
2674 987 2901 1056 cogitatu
2944 988 3289 1042 intolerabilia
3321 1003 3438 1042 esse
3463 988 3648 1041 viden-

2082 1085 2166 1130 tur
2189 1117 2202 1139 ,
2232 1075 2367 1130 facta
2405 1084 2528 1130 sunt
2563 1085 2677 1131 arte
2693 1064 2992 1145 possibilia.
3027 1077 3163 1142 Quid
3205 1076 3392 1130 horum
3431 1078 3481 1130 in
3505 1077 3657 1145 jura--

2080 1169 2273 1222 mentis
2299 1209 2312 1232 ,
2357 1184 2568 1238 quaeso,
2622 1169 2950 1238 prmtendcre
2997 1169 3316 1238 possumus?
3353 1184 3508 1238 quam
3549 1167 3651 1222 dif-

2081 1261 2410 1316 ficultatem?
2463 1277 2620 1332 quem
2672 1261 2966 1316 sudorem?
3021 1277 3178 1331 quam
3235 1261 3451 1316 artem?
3505 1261 3648 1329 quod

2079 1353 2409 1421 periculum?
2435 1354 2637 1422 Exiguo
2675 1362 2876 1406 tantum
2903 1352 3078 1406 studio
3108 1351 3259 1405 nobis
3289 1363 3364 1404 est
3393 1365 3525 1418 opus
3547 1392 3562 1413 ,
3595 1359 3648 1404 et

2077 1445 2222 1498 brevi
2266 1445 2418 1498 nobis
2448 1455 2614 1499 totum
2644 1445 2946 1514 expeditum
2979 1443 3153 1496 fuerit.
3177 1442 3285 1498 Nec
3313 1443 3437 1496 Inibi
3465 1442 3608 1496 dicas
3629 1483 3646 1505 ,

2075 1533 2324 1603 Majorem
2351 1543 2553 1604 partem
2583 1535 2823 1604 expedivi
2849 1553 2860 1588 :
2907 1535 2999 1590 sed
3032 1545 3086 1589 tu
3114 1535 3210 1589 nisi
3241 1543 3405 1588 totum
3432 1534 3647 1602 expedi-

2074 1625 2236 1690 veris,
2265 1627 2500 1681 nondum
2531 1635 2581 1682 te
2616 1627 2902 1697 quidquam
2944 1627 3134 1682 fecisse
3178 1636 3337 1696 puta:
3384 1629 3484 1681 huc
3507 1628 3646 1680 enim

2074 1718 2324 1787 exiguum
2353 1720 2648 1789 neglectum
2687 1727 2744 1774 et
2782 1735 2939 1774 omne
2968 1719 3227 1789 reliquum
3259 1719 3501 1772 destruit.
3532 1719 3645 1772 Sre-

2073 1807 2192 1876 pius
2220 1824 2445 1878 namque
2488 1809 2675 1864 domos
2703 1809 3027 1864 aedificantes
3055 1809 3295 1863 homines
3317 1853 3330 1871 ,
3377 1820 3429 1863 et.
3457 1820 3646 1864 tectum

2075 1899 2404 1974 imponentes
2427 1942 2443 1968 ,
2473 1902 2628 1955 unius
2654 1902 2844 1971 tegula:
2865 1916 3102 1956 excussa:
3127 1917 3309 1956 curam
3339 1920 3440 1954 non
3461 1918 3646 1971 geren-

2076 2004 2175 2057 tes,
2205 2003 2369 2047 totam
2394 1994 2608 2048 domum
2640 1995 2999 2064 perdiderunt.
3031 1995 3098 2049 Et
3122 1994 3175 2049 in
3203 1995 3527 2048 vestimentis
3548 1993 3648 2047 hoc

2075 2083 2245 2152 ipsum
2273 2086 2490 2140 evenire
2530 2087 2650 2154 quis
2683 2101 2906 2140 cernere
2932 2088 3132 2155 possit:
3161 2086 3355 2140 etenim
3393 2101 3550 2153 parva
3594 2086 3644 2139 in

2073 2174 2178 2228 illis
2204 2174 2338 2228 facta
2367 2176 2596 2229 scissura
2613 2215 2629 2240 ,
2657 2191 2757 2230 nec
2785 2177 3066 2238 rcsarcita,
3094 2190 3340 2245 magnam
3370 2175 3493 2230 fecit
3519 2177 3646 2229 scis-

2071 2278 2271 2319 suram.
2305 2264 2413 2319 lloc
2438 2273 2490 2320 et
2517 2264 2569 2318 in
2593 2265 2913 2320 torrentibus
2933 2265 3198 2320 multoties
3221 2266 3394 2320 evenit
3419 2285 3430 2317 :
3455 2266 3646 2320 etenim

2070 2365 2123 2410 et
2170 2356 2264 2421 illi,
2313 2356 2358 2410 si
2401 2355 2486 2410 vel
2528 2357 2803 2410 minimum
2846 2357 3087 2426 ceperint
3133 2357 3450 2426 ingressum,
3482 2365 3645 2411 totum

2071 2445 2411 2500 introducunt
2447 2445 2726 2500 ﬂuentum.
2760 2446 2937 2515 itaque
2978 2456 3031 2502 et
3056 2455 3148 2513 ιιι,
3181 2448 3308 2503 licet
3343 2458 3393 2503 te
3420 2447 3648 2515 undique

2070 2537 2379 2603 muniveris,
2429 2537 2474 2592 si
2513 2545 2691 2593 tamen
2733 2539 2908 2608 aliqua
2951 2553 3076 2608 pars
3120 2538 3394 2593 immunita
3432 2539 3646 2592 dimissa

2069 2636 2174 2695 est,
2201 2631 2361 2683 etiam
2388 2628 2526 2683 hanc
2549 2629 2762 2683 diabolo
2788 2628 3023 2694 obstrue,
3057 2637 3113 2682 ut
3138 2629 3212 2681 sis
3232 2627 3300 2681 ab
3325 2627 3470 2681 omni
3500 2639 3648 2694 parte

2070 2719 2332 2774 firmatus.
2365 2719 2554 2775 Vidisti
2595 2719 2829 2775 falcem?
2859 2719 3035 2774 vidisti
3081 2728 3240 2788 caput
3267 2719 3526 2773 Joannis?
3555 2733 3646 2771 au-

2069 2813 2192 2868 disti
2219 2813 2494 2869 historiam
2531 2814 2599 2869 dc
2623 2815 2824 2870 Saule?
2850 2813 3042 2867 audisti
3069 2812 3391 2882 captivitatis
3416 2811 3647 2866 Judaicaa

2068 2907 2330 2961 modum?
2358 2920 2477 2960 cum
2502 2904 2586 2958 his
2609 2915 2788 2959 autem
2818 2904 3066 2958 omnibus
3093 2903 3284 2957 audisti
3306 2901 3500 2957 Christi
3527 2917 3648 2956 sen-

2071 3001 2290 3056 tentiam
2311 3039 2326 3063 ,
2352 2997 2618 3051 dicentem
2644 2994 2785 3065 quod
2807 3010 2910 3048 non
2941 2994 3177 3063 pejorare
3203 3003 3403 3047 tantum
3423 3034 3437 3056 ,
3466 3007 3647 3049 verum

2068 3102 2120 3147 et
2156 3093 2340 3158 jurare
2385 3089 2882 3160 quomodocumque
2929 3086 3247 3140 diabolicum
3293 3097 3394 3152 est,
3444 3096 3498 3140 et
3540 3094 3645 3139 tota

2069 3183 2282 3252 maligni
2314 3180 2633 3234 machinatio
2685 3177 2895 3247 (Matth.
2928 3177 2982 3231 5.
3016 3177 3104 3231 55.
3133 3176 3266 3244 34)?
3293 3175 3485 3230 audisti
3528 3175 3646 3228 ubi-

2067 3287 2170 3341 que
2190 3272 2501 3340 juramenta
2523 3269 2669 3336 sequi
2698 3266 2974 3336 perjuria?
3000 3266 3124 3320 Haec
3143 3306 3158 3330 ,
3193 3267 3402 3334 inquam
3421 3307 3436 3329 ,
3471 3265 3644 3318 omnia

2067 3375 2416 3430 congregans,
2465 3359 2691 3412 inscribe
2735 3357 2884 3412 cordi
2935 3367 3046 3410 tuo.
3080 3358 3195 3410 Non
3235 3356 3410 3410 cernis
3437 3365 3492 3410 ut
3531 3373 3646 3411 mu-

2067 3453 2225 3506 lieres
2250 3461 2305 3505 ct
2343 3452 2486 3519 parvi
2517 3450 2662 3520 pueri
2690 3463 2788 3518 pro
2823 3463 3013 3519 magna
3053 3448 3291 3503 custodia
3321 3448 3458 3502 collo
3482 3463 3646 3504 evan-

2066 3547 2200 3616 gelia
2230 3545 2581 3615 suspendunt,
2613 3553 2668 3600 et
2693 3544 2887 3614 ubique
2911 3542 3295 3598 circumferunt
3317 3557 3649 3612 quocumque

2065 3637 2294 3690 abierint
2321 3635 2440 3707 (a)?
2485 3635 2565 3690 Tu
2603 3635 2860 3705 evangelii
2891 3635 3136 3689 mandata
3175 3643 3229 3689 et
3256 3635 3440 3704 leges'
3469 3644 3648 3688 mente

2068 3726 2337 3781 describas
2376 3744 2390 3779 :
2439 3740 2543 3779 non
2587 3739 2720 3779 auro
2753 3739 2854 3779 nec
2889 3733 3110 3795 argento
3152 3725 3240 3779 hic
3283 3732 3365 3779 est
3405 3739 3540 3794 opus
3591 3733 3648 3778 et

2068 3817 2326 3886 pecuniis,
2358 3830 2456 3871 nec
2485 3816 2677 3870 librum
2701 3830 2880 3871 emere
2905 3833 2920 3871 :
2951 3815 3224 3871 voluntate
3251 3817 3364 3870 sola
3395 3815 3546 3869 vobis
3564 3823 3648 3869 est

2066 3923 2198 3976 Opus
2227 3914 2283 3961 et
2308 3907 2498 3961 affectu
2538 3906 2729 3961 animae
2754 3906 3137 3978 expergefacta:
3159 3948 3176 3974 ,
3205 3915 3260 3961 et
3282 3907 3518 3961 securius
3546 3906 3645 3958 ha-

2066 4001 2214 4054 bebis
2237 4000 2589 4070 evangelium,
2617 4015 2720 4055 tton
2750 3999 3132 4055 circumferens
3152 3999 3481 4054 extrinsecus
3503 4040 3518 4062 ,
3549 3998 3645 4052 sed

2066 4093 2118 4147 itt
2163 4093 2352 4146 anima:
2384 4092 2747 4161 penetralibus
2785 4091 2962 4161 ipsum
3004 4105 3290 4162 reponens.
3342 4092 3646 4160 Exsurgens

2067 4185 2226 4255 igitur
2243 4200 2275 4241 e
2304 4185 2464 4250 lecto,
2491 4193 2546 4239 et
2568 4184 2783 4240 domum
2812 4193 2954 4239 tuam
2980 4185 3278 4254 egrediens,
3309 4188 3445 4239 hanc
3471 4184 3641 4253 legem

2065 4286 2268 4347 repete,
2309 4277 2590 4340 videlicet,
2635 4275 2746 4344 Ego
2784 4286 2950 4330 autem
2987 4277 3099 4330 dico
3141 4276 3305 4341 vobis,
3337 4292 3438 4329 non
3465 4276 3648 4346 jurare

2067 4373 2270 4424 omnino
2297 4368 2508 4442 (Matth.
2539 4369 2593 4424 5.
2624 4368 2717 4437 δι)
2743 4383 2756 4420 :
2803 4376 2857 4422 et
2886 4368 2986 4423 erit
3015 4367 3204 4422 idonea
3233 4367 3324 4422 tibi
3367 4367 3643 4434 disciplina

2068 4461 2286 4516 verbum
2318 4461 2447 4516 illud
2474 4478 2488 4515 :
2534 4476 2632 4516 nec
2661 4461 2802 4515 enim
2847 4461 3014 4514 multo
3037 4460 3223 4515 labore
3260 4475 3390 4528 Opus
3419 4469 3519 4524 est,
3549 4459 3644 4512 sed

2068 4555 2273 4610 modica
2301 4563 2503 4610 tantum
2546 4554 2861 4609 attentione.
2895 4554 2960 4606 Et
2985 4552 3125 4622 quod
3172 4553 3272 4606 hoc
3315 4553 3386 4606 sit
3421 4567 3637 4614 verum,

2065 4647 2186 4701 inde
2213 4647 2727 4701 manifestissimum.
2753 4630 2949 4699 Filium
2977 4655 3125 4698 tuum
3152 4659 3349 4698 vocans
3377 4653 3515 4698 terre
3541 4685 3556 4709 ,
3589 4653 3643 4697 et

2062 4741 2266 4794 minare
2302 4748 2352 4794 te
2392 4740 2491 4809 ipsi
2536 4739 2717 4809 plagas
2759 4735 3078 4792 inﬂicturum
3102 4776 3118 4801 ,
3151 4737 3253 4791 nisi
3291 4737 3458 4805 legem
3506 4735 3646 4790 hanc

2062 4842 2380 4900 exsequatur
2405 4871 2420 4896 ,
2451 4839 2506 4884 et
2531 4830 2734 4885 videbis
2758 4829 3026 4899 quomodo
3054 4844 3084 4882 a
3111 4829 3499 4884 consuetudine
3535 4839 3642 4881 sta-

2064 4923 2158 4977 tim
2182 4923 2421 4976 desistet.
2445 4921 2722 4988 Quomodo
2743 4922 2902 4991 igitur
2919 4937 3022 4976 non
3041 4921 3351 4986 absurdum,
3369 4935 3412 4974 SI
3437 4921 3640 4988 pueruli

2061 5014 2210 5083 parvi
2241 5014 2430 5068 timore
2460 5013 2626 5068 nostri
2671 5023 2923 5080 paventes
2946 5053 2962 5079 ,
2988 5012 3292 5066 mandatum
3321 5013 3601 5081 perficiant
3620 5050 3636 5076 ,

2062 5119 2160 5159 nos
2186 5120 2311 5158 vero
2341 5120 2510 5174 neque
2535 5105 2613 5158 sic
2649 5105 2813 5158 Deum
2844 5105 3123 5159 timeamus
3147 5146 3162 5169 ,
3197 5113 3253 5158 ut
3282 5119 3377 5159 nos
3409 5104 3500 5158 ﬁlii
3530 5120 3642 5159 me-

2063 5195 2253 5250 tuunt?
2280 5195 2432 5261 Quod
2456 5204 2633 5248 autem
2664 5197 2908 5262 superius
2934 5195 3072 5260 dixi,
3108 5194 3208 5248 hoc
3236 5203 3290 5248 et
3329 5209 3471 5249 nunc
3498 5194 3638 5248 dico.

2063 5287 2256 5357 Legem
2285 5287 2438 5340 nobis
2465 5287 2591 5356 ipsis
2618 5302 2874 5355 ponamus
2897 5326 2910 5349 ,
2940 5301 3044 5338 non
3072 5287 3217 5356 prius
3249 5286 3453 5353 publica
3477 5325 3492 5350 ,
3532 5299 3640 5338 non

2125 5492 2141 5521 ι
2179 5487 2280 5551 alii,
2305 5487 2358 5538 in
2403 5485 2561 5536 medio
2602 5484 2748 5551 ligno.
2784 5483 2926 5534 Paulo
2949 5492 3056 5548 post
3077 5486 3243 5542 iidem,
3269 5481 3403 5533 aliud
3426 5480 3639 5545 carpetis

2060 5549 2345 5601 membrum.
2640 5549 2653 5551 “

2124 5615 2144 5645 ﬁ
2181 5611 2366 5673 Aliquot
2387 5615 2514 5665 διεδ..
2538 5613 2590 5658 tu
2609 5605 2851 5673 Evangelii
2863 5607 3051 5673 literas.

2122 5676 2195 5735 (α)
2229 5660 2452 5721 Miilieres
2491 5660 2542 5719 et
2576 5660 2759 5735 parvuli
2803 5669 2926 5718 collo
2965 5666 3217 5731 Evangelia
3256 5663 3640 5732 suspendebant.

2061 5733 2154 5790 uae
2169 5733 2230 5786 de
2250 5749 2305 5786 re
2327 5736 2376 5784 in
2398 5733 2720 5802 sequentibus
2741 5740 2933 5796 agetur.
