4112 6388
179 358 280 414 ί95

172 459 434 549 ἁμαρτίας
460 473 522 525 :6
564 468 813 541 μέγεθος.
867 467 963 521 Διά
990 467 1149 521 τοῦτο
1184 472 1211 522 6
1252 470 1348 539 μὲν
1378 469 1485 523 τῶν
1532 471 1831 542 προφητῶν

172 582 349 635 φησιν,
380 564 501 615 Οὐκ
534 560 741 627 ὄψεται
768 556 1110 610 Βαϐυλῶναο
1145 559 1173 610 ὀ
1203 557 1258 609 δέ
1286 556 1453 625 λέγει,
1482 558 1561 610 ὅτι
1582 560 1685 621 Εἰς
1721 560 1839 609 Ba-

174 651 405 707 ϐυλῶνα
442 646 874 716 ἁπαχθήσεται.
909 645 1018 698 Καὶ
1053 645 1201 698 δοκεῖ
1244 645 1343 713 μὲν
1376 644 1593 697 ἐναντία
1632 640 1773 695 εἶναι
1805 645 1838 715 ἠ

175 725 492 812 προφητεία·
545 736 647 789 οὐκ
685 734 801 787 ἐστι
844 733 933 796 δὲ,
972 732 1089 785 ἀλλ’
1123 732 1409 803 ἀμφότερα
1441 731 1610 786 ταῦτα
1637 730 1836 800 ἀληθῆ.

174 831 278 881 Καὶ
304 828 413 897 γάρ
438 823 731 878 Βαϐυλῶνα
760 822 859 874 οὐκ
883 817 1012 885 εἶδε,
1030 821 1122 875 καὶ
1154 821 1232 883 εἰς
1268 819 1562 873 Βαϐυλῶνα
1588 818 1835 888 ἀπήχθη.

176 917 293 978 Πῶς
322 911 417 967 οὖν
448 910 742 965 Βαϐυλῶνα
765 909 865 962 οὐκ
895 904 1063 973 εἷδεν;
1107 909 1228 959 "0::
1258 910 1315 961 ἐν
1352 909 1418 976 τῇ
1478 905 1709 975 Ἰουδαίᾳ
1741 904 1839 975 τὴν

175 1008 417 1075 πήρωσιν
445 1002 673 1069 ὑπέστη*
714 996 844 1050 ἔνθα
880 996 989 1068 γάρ
1021 999 1049 1049 6
1094 996 1257 1066 ὅρκος
1287 994 1550 1065 ὴθετήθη,
1598 995 1717 1046 ἐκεῖ
1746 992 1842 1044 καὶ

174 1091 456 1157 ἐξεδικεῖτο
498 1088 593 1141 καὶ
631 1085 733 1158 τὴν
778 1083 1048 1155 τιμωρίαν
1085 1084 1249 1145 αὐτὸς
1306 1082 1587 1152 ὑπέμεινε.
1625 1080 1751 1142 Πῶς
1784 1079 1842 1132 66

175 1176 389 1248 ἀπήχθη
416 1178 494 1239 εἰς
525 1171 852 1236 Βαϐυλῶνας
882 1170 1240 1241 Αίχμάλωτος
1265 1169 1577 1239 γενόμενος.
1621 1166 1840 1237 Ἐπειδὴ

174 1264 279 1335 γὰρ
309 1259 406 1315 δύο
433 1258 574 1332 ἦσαν
622 1261 679 1312 αἰ
737 1259 1020 1330 τιμωρίαι,
1062 1259 1311 1327 πήρωσις
1340 1257 1434 1308 καὶ
1457 1253 1841 1325 αἰχμαλωσία,

173 1351 507 1421 διενείμαντο
533 1347 704 1410 αὐτὰς
730 1349 781 1400 οἰ
812 1346 1108 1417 προφῆται,
1134 1344 1228 1397 καί⁸
1256 1347 1284 1397 6
1313 1344 1432 1414 μὲν,
1457 1346 1579 1396 Οὐκ
1610 1343 1840 1409 ὄψεται,

174 1442 325 1509 φησι,
346 1437 697 1497 Βαϐυλῶνα,
716 1435 818 1506 τὴν
848 1436 1096 1507 πήρωσιν
1114 1432 1281 1486 αὐτοῦ
1304 1432 1498 1498 λέγων’
1524 1434 1552 1484 ὀ
1572 1431 1627 1484 δέ
1656 1446 1838 1501 φησιν’

172 1532 274 1593 Εἰς
300 1523 631 1580 Βαϐυλῶνα
662 1520 1077 1591 ἀπαχθήσεται
1095 1534 1110 1550 ⁶
1138 1519 1238 1590 τὴν
1267 1518 1643 1589 αἰχμαλωσίαν
1675 1516 1839 1570 αὐτοῦ

172 1615 562 1681 αἰνιττόμενος.

236 1702 299 1755 δ’.
321 1700 507 1753 Ταῦτα
530 1694 620 1752 οὖν
638 1696 1115 1765 είδότες,ἀδελφοὶ,
1149 1696 1244 1748 καὶ
1265 1694 1333 1747 τὰ
1362 1694 1626 1766 εἰρημένα
1651 1693 1743 1746 καὶ
1770 1692 1841 1745 τά

305 1789 511 1840 τούτων
542 1786 804 1856 λεχθέντα
839 1784 1208 1852 συλλέγοντες,
1230 1782 1566 1852 παυσώμεθά
1594 1797 1723 1831 ποτε
1748 1779 1847 1849 τῆς

171 1877 414 1949 πονηρᾶς
448 1874 654 1945 ταύτης
703 1871 1023 1943 συνηθείας,
1066 1870 1157 1924 ναὶ
1203 1869 1393 1939 δέομαι
1442 1868 1534 1920 καὶ
1583 1863 1847 1919 ἀντιϐολῶ

173 1964 390 2016 πάντων
425 1964 599 2033 ὑμῶν.
634 1962 697 2015 Εἰ
731 1959 842 2032 γὰρ
875 1962 933 2014 ἐν
957 1962 1022 2030 τῇ
1060 1958 1292 2028 Παλαιᾷ,
1321 1958 1408 2010 ὅτε
1434 1957 1494 2008 οὐ
1522 1954 1617 2025 τὴν
1642 1953 1847 2024 ἀκριϐῆ

172 2051 491 2119 φιλοσοφίαν
524 2048 830 2120 ἀπητοῦντο
852 2051 899 2102 οί
927 2048 1190 2109 Ἰουδαῖοι,
1210 2045 1346 2098 ἀλλά
1376 2044 1542 2114 πολλὴ
1577 2041 1848 2112 συγκατά-

171 2139 331 2201 ϐασις
357 2134 425 2208 ἦν
445 2178 460 2200 ,
496 2137 735 2205 τοσαύτη
785 2136 923 2207 ὀργὴ
962 2136 1152 2203 γέγονε
1180 2136 1247 2188 δι’
1279 2135 1440 2206 ὅρκον
1469 2134 1586 2198 ἕνα,
1611 2129 1849 2200 τοσαύτη

172 2230 379 2291 ἅλωσις
408 2228 503 2281 καὶ
536 2226 903 2297 αἰχμαλωσίω
923 2225 974 2278 τί
1004 2224 1150 2287 εἰκὸς
1177 2222 1579 2293 ὑποστήσεσθαι
1603 2219 1696 2273 νῦν
1726 2220 1850 2283 τοὺς

172 2316 468 2387 ὀμνύοντας
484 2315 620 2385 μετά
632 2315 792 2385 νόμον
814 2312 1091 2367 κωλύοντα
1108 2313 1265 2366 τοῦτο
1281 2314 1453 2364 ποιεῖν
1468 2311 1561 2363 καὶ
1580 2327 1638 2363 το
1647 2308 1850 2379 σαύτην

174 2405 402 2459 ἐντολῶν
430 2404 778 2477 προσθήκην;
815 2404 906 2475 Μὴ
927 2402 1036 2473 γάρ
1061 2403 1218 2456 τοῦτό
1254 2404 1371 2455 ἐστι
1401 2401 1460 2454 :6
1488 2400 1842 2471 ζητούμενον,

174 2496 323 2557 ὅπως
341 2496 422 2557 εἰς
442 2493 659 2559 σύναξιν
680 2492 926 2562 ἔλθωμεν
941 2491 1035 2543 καὶ
1050 2489 1373 2560 ἀκούσωμεν
1392 2488 1500 2541 τῶν
1517 2487 1848 2557 λεγομένωνς

175 2580 345 2633 Τοῦτο
372 2580 469 2650 μὲν
496 2575 587 2633 οὖν
609 2581 700 2633 καὶ
723 2582 899 2650 κρῖμα
930 2577 1111 2648 μεῖζόν
1138 2577 1253 2630 ἐστι
1290 2576 1384 2629 καὶ
1421 2575 1643 2637 κόλασις
1668 2575 1850 2644 ἀπαρ-

172 2668 412 2739 αίτητος.
448 2669 575 2720 ὅταν
608 2665 1173 2737 συνεχῶςξάκούοντες
1216 2664 1289 2735 μὴ
1322 2662 1564 2733 ποιῶμεν
1611 2662 1678 2715 τά
1701 2661 1852 2729 λεγό-

177 2772 336 2823 μενα.
362 2756 495 2807 Τίνα
526 2754 633 2825 γὰρ
659 2754 855 2824 ἕξομεν
885 2754 1205 2822 ἀπολογίαν,
1248 2752 1371 2804 τίνα
1398 2752 1456 2805 δέ
1480 2750 1813 2820 συγγνώμην
1834 2789 1849 2812 ,

174 2842 306 2893 ὅταν
328 2843 393 2895 ἐκ
416 2840 640 2911 πρώτης
663 2840 882 2912 ήλικίας
910 2841 1069 2910 ἡμεῖς
1097 2838 1260 2909 ἄχρις
1290 2838 1527 2908 ἐσχάτης
1550 2837 1740 2899 πολιάς
1769 2839 1854 2888 ἐν-

173 2927 352 2980 ταῦθα
380 2928 734 2998 συναγόμενοι
766 2928 859 2981 καὶ
894 2926 1163 2997 τοσαύτης
1210 2924 1577 2987 ἀπολαύοντες
1603 2924 1857 2976 διδασκα-

175 3016 320 3079 λίας,
372 3017 548 3087 ὅμοιοι
599 3017 848 3087 μένωμεν
891 3018 1143 3080 ἐκείνοις,
1198 3016 1291 3070 καὶ
1326 3016 1459 3087 μηδὲ
1489 3014 1545 3067 ἓν
1568 3015 1856 3084 ἐλάττωμα

176 3102 574 3174 διορθώσασθαι
623 3104 1045 3176 σπουδάζωμεν;
1106 3105 1197 3175 Μή
1244 3103 1333 3175 μοί
1372 3121 1455 3166 τις
1496 3102 1684 3155 λοιπόν
1733 3118 1857 3155 συν-

177 3191 371 3262 ήθειαν
402 3192 804 3263 προϐαλλέσθω·
830 3192 918 3245 διὰ
946 3192 1056 3263 γάρ
1084 3192 1242 3245 τοῦτο
1263 3190 1556 3261 ἀγανακτῶ
1588 3190 1683 3243 καὶ
1707 3189 1858 3260 ὀργί-

179 3280 370 3351 ζομαι,
394 3281 475 3333 ὅτι
499 3280 787 3351 συνηθείας
818 3279 1207 3351 περιγενέσθαι
1234 3279 1295 3331 οὐ
1332 3278 1610 3348 δυνάμεθα
1629 3319 1642 3340 ,
1684 3278 1779 3331 καὶ
1808 3279 1856 3331 εί

178 3369 475 3441 συνηθείας
515 3368 589 3440 μὴ
627 3368 1067 3441 περιγενώμεθα,
1115 3367 1237 3430 πῶς
1267 3366 1638 3438 περιεσόμεθα
1664 3367 1855 3419 ἐπιθυ-

182 3458 344 3528 μίας;
392 3457 639 3528 Ἐκείνης
666 3459 698 3528 ἠ
732 3456 859 3526 ῥίζα
886 3455 994 3509 ἀπὸ
1026 3456 1127 3525 τῆς
1156 3457 1371 3524 φύσεως
1395 3456 1507 3526 ἔχει
1534 3455 1634 3526 τὴν
1660 3457 1858 3526 ἀρχήν⁸

177 3546 242 3597 :6
279 3545 379 3615 μὲν
398 3545 505 3617 γὰρ
535 3544 843 3612 ἐπιθυμεῖν,
878 3544 1129 3613 φυσικόν·
1152 3544 1211 3596 :6
1234 3544 1291 3597 66
1322 3544 1507 3606 κακῶς
1537 3543 1858 3613 ἐπιθυμεῖν,

178 3633 283 3703 τῆς
306 3634 685 3704 προαιρέσεως
715 3632 924 3685 λοιπόν⁹
959 3633 1021 3685 :6
1048 3634 1230 3703 μέντοι
1253 3631 1483 3702 ὀμνύναι
1502 3631 1619 3684 ούδέ
1640 3632 1739 3704 τὴν
1771 3633 1864 3701 ἀρ-

181 3720 285 3791 χὴν
304 3723 369 3774 ἐκ
379 3721 478 3790 τῆς
497 3720 873 3792 προαιρέσεως
886 3732 911 3760 ι
937 3718 1151 3785 ἔλαϐεν,
1170 3719 1285 3772 ἀλλ’
1302 3721 1366 3771 ἐκ
1381 3717 1651 3789 ῥᾳθυμίας
1673 3720 1859 3789 μόνης.

257 3809 371 3861 Καὶ
402 3809 491 3861 ἵνα
515 3807 713 3879 μάθῃς.
742 3808 824 3860 ὅτι
840 3808 939 3860 ούκ
958 3809 1022 3859 ἐκ
1043 3807 1141 3876 τῆς
1160 3806 1448 3868 δυσκολίας
1475 3806 1569 3858 τοῦ
1604 3807 1864 3877 πράγμα-

180 3912 296 3960 τος,
330 3896 468 3948 ἀλλά
502 3896 656 3967 ποιρά
688 3896 787 3966 τὴν
809 3896 1102 3966 ὀλιγωρίαν
1141 3895 1239 3966 τὴν
1274 3895 1555 3965 ἡμετέραν
1588 3894 1750 3965 μέχρι
1777 3912 1866 3947 το-

182 3982 376 4037 σούτου
404 3984 465 4036 :6
498 3984 803 4054 ἁμάρτημα
858 3980 1068 4054 προῦϐη
1104 3982 1284 4049 τοῦτο,
1328 3984 1677 4053 ἐννοήσωμεν
1721 3983 1865 4035 πόσα

181 4071 369 4141 πολλῷ
397 4071 601 4124 τούτων
628 4068 1012 4141 δυσκολώτερα
1052 4069 1413 4141 κατορθοῦσιν
1439 4070 1743 4141 ἄνθρωποι,
1771 4072 1866 4124 καὶ

178 4160 360 4213 ταῦτα
417 4158 688 4229 μηδεμίαν
728 4157 963 4228 ἀμοιϐὴν
1023 4159 1431 4227 προσδοκῶντες
1484 4159 1727 4212 ἐκεῖθεν·
1779 4161 1865 4211 ἐν-

180 4249 473 4317 νοήσωμεν
498 4247 621 4300 τίνα
657 4248 685 4298 6
712 4246 958 4309 διάϐολος
996 4248 1251 4313 ἐπέταξε,
1290 4247 1407 4310 πῶς
1444 4247 1705 4311 ἐπίπονα,
1746 4246 1865 4310 πῶς

183 4334 482 4404 ἐπίμοχθα,
508 4333 603 4385 καὶ
636 4333 735 4385 ούκ
761 4334 977 4402 ἐγένετο
1007 4334 1235 4403 κώλυμα
1261 4336 1293 4404 ή
1326 4334 1581 4387 δυσκολία
1610 4336 1721 4398 τοῖς
1747 4334 1867 4386 ἐπι-

182 4420 450 4489 τάγμασι.
486 4420 551 4471 Τί
575 4420 685 4491 γάρ
717 4419 784 4473 ἂν
837 4421 1049 4489 γένοιτο
1095 4419 1521 4492 δυσκολώτερον,
1567 4421 1691 4473 εἰπέ
1746 4438 1863 4492 μοι,

181 4507 304 4563 ἀλλ’
345 4506 537 4577 ἦὸταν
577 4525 661 4571 τις
708 4509 827 4571 νέος
876 4511 985 4571 τοῖς
1036 4508 1382 4579 βουλομένοις
1425 4510 1866 4579 καταμαλάττειν

181 4593 349 4646 αὐτὸν
372 4594 467 4646 καὶ
495 4594 737 4663 λυγίζειν
759 4595 926 4648 αὐτοῦ
959 4594 1026 4648 τά
1060 4596 1197 4667 μέλη
1226 4597 1505 4667 παραδοὺς
1536 4596 1745 4661 ἐαυτὸν,
1780 4614 1869 4664 φι-

181 4680 459 4753 λονεικοίη
512 4683 648 4753 πρὸς
684 4684 973 4755 ἀκρίϐειαν
1005 4683 1201 4754 τροχοῦ
1232 4683 1391 4755 δίκην
1428 4685 1492 4737 :6
1533 4684 1691 4753 σῶμα
1719 4684 1867 4738 ἅπαν

184 4770 470 4840 κάμπτειν
504 4772 600 4824 καὶ
627 4772 953 4841 στρέφεσθαι
990 4773 1083 4825 ἐπὶ
1123 4770 1221 4825 τοῦ
1249 4771 1500 4841 ἐδάφους,
1528 4772 1625 4824 καὶ¹
1650 4770 1739 4823 διὰ
1758 4770 1867 4823 τῶν

185 4857 487 4929 ὀφθαλμῶν
517 4858 611 4910 καὶ
628 4857 719 4911 διά
735 4859 837 4929 τῆς
865 4860 973 4913 τῶν
1000 4860 1200 4931 χειρῶν
1220 4859 1578 4932 περιαγωγῆς
1602 4857 1753 4930 [197]
1773 4860 1869 4913 καὶ

181 4946 286 5014 τῆς
319 4944 489 5015 ἄλλης
508 4945 777 5016 δινήσεως
801 4948 882 5010 εἰς
900 4948 961 5000 :6
978 4946 1113 5018 θῆλυ
1147 4948 1304 5016 γένος
1327 4948 1555 5018 ἐκϐῆναι
1588 4946 1864 5018 βιάζηται,

183 5036 286 5087 καὶ
341 5035 481 5105 μήτε
529 5034 629 5105 τὴν
679 5035 967 5089 δυσκολίαν
1027 5037 1138 5091 τῶν
1192 5037 1525 5107 γινομένων,
1581 5036 1719 5107 μήτε
1766 5036 1867 5107 τὴν

182 5118 455 5191 αἰσχύνην
481 5119 582 5187 τὴν
615 5119 723 5173 ἀπὸ
774 5121 980 5173 τούτων
1026 5120 1346 5192 λογίζηται;
1378 5120 1506 5182 τοὺς
1558 5120 1616 5173 δὲ
1646 5119 1740 5172 ἐπὶ
1769 5120 1868 5189 τῆς

181 5202 502 5271 ὀρχήστρας
530 5201 692 5256 πάλιν
723 5203 1177 5274 ἐπισυρομένους,
1206 5204 1302 5256 καὶ
1358 5201 1611 5273 καθάπερ
1647 5205 1867 5274 πτεροῖς

180 5287 300 5347 τοῖς
328 5284 528 5348 κώλοις
555 5287 931 5359 κεχρημένους
958 5286 1052 5340 τοῦ
1082 5286 1354 5357 σώματος,
1380 5286 1464 5350 τίς
1498 5286 1597 5338 οὐκ
1626 5285 1692 5339 ἂν
1725 5286 1867 5357 ὀρῶν

184 5368 491 5438 ἐκπλαγείη
510 5387 525 5435 ;
547 5371 596 5421 οἰ
616 5370 674 5421 δέ
706 5371 982 5440 μαχαίρας
1008 5370 1237 5434 ἐναλλάξ
1258 5371 1338 5433 εἰς
1357 5370 1452 5423 τὸν
1479 5370 1617 5442 ἀέρα
1649 5370 1867 5422 ἀκοντί-

183 5450 396 5515 ζοντες,
424 5452 519 5505 καὶ
547 5452 729 5516 πάσας
758 5453 871 5507 ἀπὸ
884 5453 987 5524 τῆς
1009 5453 1184 5523 λαϐῆς
1210 5453 1491 5524 δεχόμενοι
1520 5452 1703 5520 πάλιν,
1743 5452 1865 5506 τίνα

182 5536 289 5588 οὐκ
312 5534 380 5587 ἂν
402 5535 817 5605 καταισχύνοιεν
848 5537 958 5590 τῶν
990 5538 1130 5609 ὑπὲρ
1162 5537 1264 5607 τῆς
1291 5539 1493 5609 ἀρετῆς
1519 5537 1709 5590 οὐδένα
1745 5536 1869 5607 βου-

181 5617 433 5686 λομένων
460 5619 823 5686 ἀναδέξασθαι
849 5621 1009 5674 πόνον
1029 5640 1043 5689 ;
1063 5621 1096 5693 ἢ
1116 5621 1171 5674 τί
1198 5623 1264 5676 ἀν
1286 5638 1372 5684 τις
1400 5622 1544 5674 εἴποι
1575 5623 1703 5693 περί
1726 5622 1868 5675 ἐκεί-

251 5724 280 5755 ⁸
304 5723 482 5792 Mog-el.
511 5731 568 5792 eg
584 5726 772 5792 aliqua:
790 5741 907 5792 ωδε.
948 5730 1002 5777 ἐκ
1020 5734 1106 5786 τῆς
1134 5729 1474 5792 προαιρέσεως,
1494 5728 1577 5778 alii
1602 5729 1656 5776 ἐκ
1680 5734 1763 5786 τῆς
1782 5728 1870 5791 φύ-

182 5799 340 5857 σεωςη
382 5784 511 5833 Infra
525 5784 687 5857 .Savil;
711 5796 765 5837 et
802 5790 991 5857 aliquo:
1022 5784 1147 5857 .m'ss.
1175 5784 1351 5851 ’πολλῷ
1395 5784 1575 5838 τούτων
1619 5784 1868 5857 augmina—

181 5861 299 5919 τερα
324 5846 340 5905 (
356 5866 377 5887 η
405 5847 535 5909 quod
568 5848 704 5919 nobis
734 5846 952 5919 fecipgire
984 5850 1140 5919 risu»:
1170 5846 1463 5919 esljpr'optey
1498 5864 1659 5919 gocep:
1689 5853 1865 5919 δυσκο-

182 5908 288 5980 λας
313 5908 429 5965 qua}
462 5922 612 5981 sypra
646 5908 846 5981 (egimr'
868 5912 917 5981 in
942 5914 1149 5981 promsi.
1180 5930 1197 5962 ι
1231 5908 1367 5965 Εὐιτῖ
1383 5914 1398 5973 )
1440 5914 1565 5963 Infra
1592 5914 1738 5963 iidem
1766 5916 1866 5969 πῶς

183 5975 407 6029 ἐπίπονα,
434 5975 533 6027 πῶς
554 5975 785 6037 μοχθηρὰ,
807 5976 885 6023 καὶ
906 5977 1007 6025 οὐκ.

1136 357 1226 408 AD
1264 355 1590 413 POPULUM
1628 354 2131 417 ANTIOCHENUM
2198 361 2427 421 HOMIL.
2463 364 2603 421 XIX.

3503 354 3615 411 {96

1940 491 2046 528 νων
2070 476 2179 530 τῶν
2213 479 2440 551 ἀνδρῶν,
2468 480 2517 533 οἳ
2552 480 2738 535 κοντὸν
2772 480 2863 533 ἐπὶ
2894 480 2985 533 τοῦ
3019 479 3268 550 μετώπου
3305 480 3606 551 βαστάζον-

1936 578 2049 625 τες,
2084 564 2334 635 καθάπερ
2365 567 2577 639 δένδρον
2623 566 2991 638 ἐρῥιζωμένον
3016 567 3107 620 ἐπὶ
3135 567 3233 637 τῆς
3268 569 3394 638 γῆς,
3432 569 3607 632 οῦτως

1940 648 2195 719 ἀκίνητον
2216 652 2562 725 διατηροῦσι;
2597 654 2704 708 Καὶ
2725 655 2785 707 οὑ
2819 653 2977 707 τοῦτο
3002 654 3160 724 μόνον
3184 655 3301 707 ἐστὶ
3321 656 3380 707 τὸ
3402 655 3610 725 θαυμα-

1942 734 2086 801 στὸν,
2118 738 2230 792 ἀλλ’
2262 741 2343 792 ὅτι
2374 742 2468 794 καὶ
2493 742 2681 795 παιδία
2719 742 2893 812 μικρὰ
2922 743 3010 794 ἐπ’
3045 742 3215 813 ἄκρου
3250 742 3343 794 τοῦ
3382 742 3539 805 ξύλου
3574 743 3601 781 b

1942 823 2194 877 παλαίειν
2243 826 2492 897 ἀλλήλοις
2554 828 3070 898 παρασκευάζουσι,
3120 830 3215 881 καὶ
3248 826 3373 880 οὔτε
3428 830 3608 899 χεῖρες

1940 909 2063 963 οὔτε
2085 913 2210 966 ἄλλο
2236 932 2288 966 τι
2311 914 2405 967 τοῦ
2436 915 2683 986 σώματος
2714 916 2896 987 μέρος.
2920 917 3057 970 ἀλλά
3078 916 3137 970 τὸ
3162 916 3409 986 μέτωπον
3449 915 3612 985 μόνον

1940 996 2140 1067 δεσμοῦ
2181 1000 2380 1063 παντὸς
2430 1002 2833 1072 ἀσφαλέστερον
2880 1003 3036 1072 φέρει
3068 1002 3156 1053 τὸν
3188 1002 3376 1054 κοντὸν
3402 1001 3613 1052 ἐκεῖνον

1942 1083 2213 1140 ἄσειστον.
2245 1088 2472 1159 Ἕτερος
2508 1089 2669 1141 πάλιν
2712 1090 2803 1142 ἐπὶ
2839 1089 3051 1158 σχοίνου
3100 1088 3440 1157 στενωτάτης
3472 1084 3611 1154 μετά

1940 1173 2209 1245 τοσαύτης
2237 1176 2422 1239 ἀδείας
2456 1176 2681 1245 βαδίζει,
2722 1177 2838 1247 μεθ’
2863 1178 2995 1247 ὅσης
3049 1178 3097 1228 οἰ
3140 1176 3209 1229 τά
3254 1175 3420 1227 ὕπτια
3454 1172 3617 1225 πεδία

1943 1264 2391 1333 κατατρέχοντες.
2432 1265 2571 1316 Ἀλλ’
2592 1266 2741 1334 ὅμως
2765 1264 2936 1317 ταῦτα
2967 1264 3035 1317 :6
3080 1265 3174 1317 καλ⁵
3215 1265 3335 1325 ταῖς
3381 1260 3616 1321 ἐννοίαις

1942 1344 2195 1417 ἀφόρητα
2228 1345 2365 1402 εἰναι
2399 1350 2689 1417 δοκοῦντα,
2742 1353 2808 1420 τῇ
2846 1351 3009 1420 τέχνῃ
3051 1349 3242 1416 γέγονε
3294 1346 3515 1400 δυνατά.
3549 1344 3615 1396 Τί

1941 1432 2147 1486 τούτων
2177 1434 2374 1506 ἔχομεν
2400 1439 2571 1489 εἰπεῖν
2622 1438 2714 1491 ἐπὶ
2742 1437 2848 1489 τῶν
2896 1439 3095 1507 ὅρκων,
3140 1435 3260 1487 εἰπέ
3296 1451 3421 1504 μοι;
3454 1431 3627 1485 ποίαν⁸

1942 1518 2259 1589 δυσκολίαν;
2295 1527 2445 1577 ποῖον
2478 1524 2706 1596 ίδρῶτα;
2732 1524 2891 1577 ποίαν
2922 1525 3117 1594 τέχνην
3139 1540 3153 1588 ;
3177 1525 3327 1574 ποῖον
3352 1521 3617 1579 κίνδυνον;

1959 1608 2176 1680 ὐλίγης
2204 1613 2363 1681 χρεία
2394 1614 2629 1682 σπουδῆς
2666 1613 2824 1683 μόνον
2855 1614 3006 1683 ἡμῖν,
3050 1612 3143 1665 καὶ
3177 1611 3383 1679 ταχέως
3410 1608 3472 1661 :6
3511 1608 3617 1658 πᾶν

1944 1702 2075 1771 ἡμῖν
2101 1702 2480 1773 ἀνυσθήσεται.
2518 1704 2627 1757 Καὶ
2668 1704 2741 1773 μή
2781 1720 2870 1773 μοι
2906 1702 3051 1769 λέγε,
3089 1701 3169 1753 ὅτι
3207 1700 3269 1752 :6
3292 1699 3452 1751 πλέον
3488 1713 3621 1750 κατ-

1944 1787 2198 1857 ώρθωσα,
2223 1790 2335 1843 ἀλλ’
2372 1793 2421 1843 εἰ
2445 1792 2521 1859 μὴ
2548 1791 2609 1843 :6
2637 1792 2742 1844 πᾶν
2771 1788 3159 1861 κατώρθωσας,
3199 1786 3365 1856 μηδὲν
3395 1784 3621 1855 μηδέπω

1948 1880 2305 1949 πεποιηκέναι
2331 1878 2539 1950 νόμιζε·
2571 1880 2632 1932 :6
2664 1880 2771 1950 γάρ
2818 1880 2997 1946 ὀλίγον
3031 1877 3194 1931 τοῦτο
3228 1874 3498 1946 ἀμεληθὲν
3526 1872 3628 1926 κα)⁸

1947 1968 2007 2019 τὸ
2035 1968 2220 2021 λοιπὸν
2243 1968 2388 2021 ἅπαν
2422 1969 2694 2038 καθαιρεῖ.
2740 1967 3009 2031 Πολλάκις
3044 1965 3175 2033 γοῦν
3199 1964 3378 2026 οἰκίας
3414 1962 3623 2015 οἰκοδο-

1953 2058 2226 2126 μήσαντες
2266 2056 2562 2126 ἄνθρωποι,
2626 2058 2722 2109 καὶ
2772 2056 2865 2109 τὸν
2911 2056 3106 2127 ὄροφον
3146 2053 3452 2114 ἐπιθέντες,
3494 2051 3625 2118 μιᾶς

1949 2144 2243 2213 κεραμίδος
2274 2144 2761 2213 ἀποτιναχθείσης,
2820 2144 2893 2213 μὴ
2947 2142 3306 2212 ποιησάμενοι
3350 2137 3625 2206 σπουδὴν,

1950 2231 2245 2302 ὀλόκληρον
2283 2232 2373 2283 τὸν
2411 2228 2557 2283 οἷκον
2587 2231 2899 2284 ἀπώλεσαν.
2948 2232 3059 2283 Καὶ
3101 2230 3192 2282 ἐπὶ
3224 2226 3456 2298 ἱματίων
3479 2226 3534 2277 δέ
3566 2223 3627 2276 :6

1951 2319 2082 2372 αὐτὸ
2102 2319 2259 2371 τοῦτο
2295 2318 2588 2389 συμϐαῖνον
2626 2318 2723 2371 ἴδοι
2756 2336 2840 2381 τις
2883 2318 2967 2369 ἄν·
3002 2320 3097 2368 καὶ
3135 2315 3242 2385 γὰρ
3266 2314 3362 2367 καὶ
3391 2314 3508 2364 ἐκεῖ
3541 2328 3627 2380 μι-

1954 2408 2083 2479 κρὸν
2114 2408 2299 2477 ῥῆγμα
2319 2407 2612 2476 γενόμενον
2642 2406 2736 2459 καὶ
2788 2407 2862 2476 μὴ
2901 2404 3102 2474 ῥαφέν,
3142 2402 3274 2454 πολὺ
3319 2401 3381 2452 τὸ
3420 2398 3628 2467 σχίσμα

1954 2494 2196 2563 ἐποίησε.
2233 2492 2405 2545 Τοῦτο
2437 2494 2530 2545 καὶ
2560 2492 2654 2545 ἐπὶ
2696 2492 2805 2544 τῶν
2838 2491 3153 2561 χειμάρῥων
3187 2486 3475 2557 συμϐαίνει
3500 2482 3630 2536 πολ-

1952 2582 2251 2645 λάκιςθκαὶ
2279 2580 2388 2651 γὰρ
2437 2582 2635 2633 ἐκεῖνοι
2684 2580 2887 2651 μικρᾶς
2943 2578 3008 2632 ἂν
3067 2575 3433 2629 ἐπιλάϐωνται
3469 2572 3630 2642 μόνον

1954 2672 2183 2733 εἰσόδου,
2217 2670 2511 2739 ὀλόκληρον
2543 2669 2605 2721 :6
2652 2668 2829 2740 ῥεῦμα
2865 2668 3166 2736 εἰσάγουσι.
3202 2664 3309 2718 Καὶ
3345 2665 3408 2716 σὺ
3447 2661 3627 2714 τοίνυν

1955 2762 2004 2813 εί
2038 2760 2131 2813 καὶ
2154 2757 2419 2811 πάντοθεν
2448 2757 2645 2809 σαυτὸν
2672 2756 2966 2825 ἐτείχισας,
2990 2754 3183 2825 μικρὸν
3201 2753 3257 2805 δέ
3282 2750 3631 2804 ὑπολείπεται

1961 2848 2124 2919 μέρος
2143 2846 2351 2912 λοιπὸν,
2366 2845 2633 2899 καὶτοῦτο
2654 2844 2967 2916 ἀπόφραξον
2988 2842 3065 2913 τῷ
3095 2842 3347 2911 διαϐόλῳ,
3370 2841 3457 2892 ἵνα
3480 2839 3635 2906 ἐστη-

1960 2935 2217 3008 ριγμένος
2250 2931 2317 3005 ᾗς
2344 2934 2630 2987 πάντοθεν.
2672 2930 2825 2995 Εἶδες
2864 2932 2961 3002 τὴν
3005 2930 3317 3002 δρεπάνην;
3358 2923 3498 2989 εἶδες
3533 2923 3632 2995 τὴν

1958 3023 2199 3093 κεφαλὴν
2239 3023 2518 3089 ’1ωάννου;
2554 3022 2794 3091 ’ήκουσας
2832 3021 2931 3089 τῆς
2969 3018 3209 3087 ἱστορίας
3239 3016 3339 3085 τῆς
3368 3013 3507 3067 κατά
3544 3012 3634 3064 τὸν

1958 3111 2165 3175 Σαούλ;
2206 3110 2447 3181 ἤκουσας
2494 3110 2592 3178 τῆς
2636 3107 3013 3177 αἰχμαλωσίας
3063 3107 3162 3175 τῆς
3209 3102 3505 3171 Ἰουδαϊκῆς
3542 3101 3635 3152 τὸν

1959 3197 2189 3269 τρόπον;
2218 3195 2354 3267 μετά
2376 3196 2432 3248 δὲ
2452 3194 2657 3247 τούτων
2679 3194 2897 3246 πάντων
2916 3194 3156 3263 ’ήκουσας
3179 3191 3277 3259 τῆς
3304 3188 3637 3257 ἀποφάσεως

1958 3284 2053 3337 τοῦ
2084 3282 2324 3354 Χριστοῦ
2344 3282 2631 3353 λεγούσης,
2660 3282 2742 3334 ὅτι
2774 3281 2834 3333 οὗ
2875 3281 2937 3332 :6
2976 3280 3253 3349 ἐπιορκεῖν
3287 3277 3466 3346 μόνον,
3501 3273 3638 3327 ἀλλά

1963 3374 2057 3426 καὶ
2088 3372 2149 3423 :6
2185 3370 2406 3441 ὀμνύειν
2456 3369 2706 3423 ὀπωσοῦν
2738 3368 3041 3421 διαϐολικόν
3092 3368 3228 3426 ἐστι,
3266 3366 3361 3417 καὶ
3388 3362 3507 3415 ὅλον
3542 3360 3639 3414 τοῦ

1964 3459 2205 3531 πονηροῦ
2236 3460 2299 3512 τὸ
2345 3457 2819 3527 κατασκεύασμα;
2863 3454 3066 3525 ἔμαθες
3099 3456 3183 3507 ὅτι
3220 3450 3501 3521 πανταχοῦ
3528 3451 3641 3511 τοῖς

1963 3549 2148 3618 ὅρκοις
2180 3546 2403 3599 ἕπονται
2431 3544 2738 3615 ἐπιορκίαι;
2782 3542 2970 3595 Ταῦτα
2998 3542 3062 3611 δὴ
3106 3540 3286 3593 πάντα
3317 3528 3655 3605 συναγαγὼν

1966 3633 2241 3705 ἔγγραψον
2279 3635 2345 3704 τῇ
2388 3633 2597 3702 διανοίᾳ
2628 3650 2741 3685 σου.
2795 3632 2907 3701 Οὐχ
2937 3631 3087 3701 ὁρᾷς,
3122 3628 3240 3691 πῶς
3282 3627 3339 3679 αἰ
3386 3628 3645 3695 γυναῖκες

1966 3723 2061 3775 καὶ
2110 3721 2181 3774 τά
2228 3720 2401 3791 μικρά
2460 3719 2647 3773 παιδία
2698 3719 2818 3772 ἀντὶ
2876 3717 3125 3787 φυλακῆς
3180 3713 3421 3786 μεγάλης
3462 3712 3641 3776 Εὐαγ-

1966 3810 2124 3880 γέλια
2154 3809 2422 3882 ἐξαρτῶσι
2464 3808 2559 3862 τοῦ
2589 3808 2900 3879 τραχήλου,
2950 3806 3045 3859 καὶ
3090 3802 3372 3873 πανταχοῦ
3419 3801 3649 3872 περιφέ-

1970 3918 2192 3973 ρουσιν,
2243 3902 2488 3970 ὅπουπερ
2531 3899 2597 3954 ἂν
2648 3898 2919 3964 ἀπίωσιν;
2980 3897 3052 3949 Σὺ
3102 3895 3170 3948 τά
3209 3892 3647 3964 παραγγέλματα

1965 3989 2059 4041 τοῦ
2097 3999 2120 4026 ε
2172 3988 2510 4057 Εὐαγγελίου
2562 3987 2656 4040 καὶ
2708 3987 2836 4048 τοὺς
2882 3984 3081 4054 νόμους
3124 3980 3402 4052 ἐγγραψόν
3455 3995 3547 4031 σου
3577 3980 3645 4046 τῇ

1963 4075 2193 4145 διανοίᾳ.
2220 4076 2295 4127 Οὐ
2331 4074 2490 4145 χρεία
2517 4073 2742 4146 χρυσίου
2779 4072 2873 4125 καὶ
2902 4070 3199 4141 κτημάτων
3230 4066 3489 4127 ἐνταῦθα,
3517 4063 3644 4117 οὔτε

1971 4162 2173 4233 βιϐλίον
2199 4162 2486 4235 πρίασθαι,
2517 4160 2892 4233 προαιρέσεως
2917 4159 2974 4211 66
3008 4157 3177 4228 μόνης
3216 4156 3311 4208 καὶ
3342 4152 3641 4213 διαθέσεως

1968 4252 2149 4323 ψυχῆς
2182 4249 2634 4320 διεγηγερμένης,
2664 4250 2758 4300 καὶ
2785 4246 3189 4315 ἀσφαλέστερον
3210 4243 3354 4306 ἐξεις
3377 4241 3439 4293 :6
3462 4240 3646 4305 Εὐαγ-

1970 4340 2171 4410 γέλιον,
2206 4337 2354 4410 [198]
2384 4339 2485 4390 οὐκ
2530 4336 2731 4403 ἔξωθεν
2778 4334 3115 4405 περιφέρων,
3164 4332 3277 4385 ἀλλ’
3316 4329 3463 4383 ἔνδον
3516 4326 3649 4381 αὐτὸ

1970 4432 2081 4491 τοῖς
2124 4428 2224 4497 τῆς
2282 4426 2462 4495 ψυχῆς
2501 4424 2895 4495 ἀποτιθέμενος
2947 4422 3214 4493 ταμείοις.
3267 4417 3649 4486 ’Λνιστάμενος

1968 4518 2146 4570 τοίνυν
2191 4514 2299 4569 ἀπὸ
2345 4514 2447 4583 τῆς
2504 4512 2715 4581 κλίνης,
2764 4511 2858 4564 καὶ
2890 4509 2991 4580 τὴν
3029 4508 3206 4561 οἰκίαν
3246 4505 3515 4559 ἐκϐαίνων
3549 4501 3649 4571 τὴν

1970 4603 2219 4666 σεαυτοῦ,
2250 4603 2342 4656 τὸν
2370 4601 2533 4671 νόμον
2553 4599 2772 4667 ἐπίλεγε
2803 4598 3014 4663 τοῦτον,
3045 4596 3185 4666 Ἐγὼ
3214 4593 3282 4647 δὲ
3309 4592 3463 4662 λέγω
3486 4590 3646 4659 ὑμῖν,

1965 4693 2051 4763 μὴ
2093 4692 2312 4761 ὀμόσαι
2348 4690 2524 4753 ὅλως,
2554 4688 2649 4741 καί⁸
2678 4687 2832 4741 ἕσται
2873 4704 2955 4739 σοι
2999 4681 3317 4738 διδασκαλία
3360 4682 3421 4734 :6
3463 4683 3646 4752 ῥῆμα·

1966 4781 2089 4835 οὐδὲ
2122 4779 2231 4850 γάρ
2258 4776 2455 4831 πολλοῦ
2486 4776 2570 4829 δεῖ
2590 4776 2775 4839 πόνου,
2809 4774 2945 4828 ἀλλά
2988 4773 3191 4844 μικρᾶς
3225 4769 3501 4841 προσοχῆς
3541 4766 3638 4838 μό-

1967 4888 2078 4924 νον,
2110 4868 2215 4921 Καὶ
2254 4868 2335 4920 ὅτι
2369 4865 2529 4919 τοῦτό
2565 4867 2714 4917 ἐστιν
2752 4862 2972 4934 ἀληθὲς,
3004 4860 3228 4931 εὔδηλον
3264 4858 3474 4911 ἐκεῖθεν
3496 4874 3509 4887 ο
3546 4856 3648 4908 Τὸν

1969 4960 2085 5012 υἰόν
2116 4974 2208 5009 σου
2239 4954 2477 5016 καλέσας
2509 4954 2768 5022 φόϐησον,
2806 4951 2901 5005 καὶ
2934 4950 3229 5020 άπείλησον
3273 4946 3419 5016 αὐτῷ
3458 4945 3645 5015 ἐπιθή‹

1971 5063 2083 5098 σειν
2113 5044 2326 5114 πληγάς
2361 5042 2571 5109 ὀλίγας,
2606 5042 2654 5092 εί
2696 5040 2773 5112 μὴ
2804 5038 3174 5109 κατορθώσειε
3215 5037 3306 5089 τὸν
3340 5036 3502 5105 νόμον
3530 5034 3652 5086 τοῦ-

1968 5152 2081 5197 τον,
2122 5134 2216 5185 καὶ
2256 5131 2376 5200 ἅψει
2415 5130 2492 5192 ώς
2530 5128 2736 5191 εὐθέως
2772 5131 3143 5199 ἀποστήσεται
3188 5126 3288 5195 τῆς
3337 5123 3648 5193 συνηθείας.

1972 5222 2098 5284 Πῶς
2126 5216 2218 5274 οὖν
2248 5220 2347 5273 οὐκ
2381 5218 2602 5281 ἄτοπον,
2633 5219 2684 5270 εἰ
2727 5216 2796 5270 τά
2843 5216 2942 5286 μὲν
2983 5214 3154 5286 μικρὰ
3186 5212 3373 5266 παιδία
3398 5211 3489 5264 τὸν
3522 5213 3652 5282 παρ’

1967 5308 2128 5380 ήμῶν
2157 5306 2433 5360 δεδοικότα
2480 5305 2648 5373 φόϐον
2687 5304 3027 5376 περιγένοιτο
3078 5302 3178 5372 τῆς
3227 5298 3468 5368 ἐντολῆς,
3493 5300 3655 5369 ἡμεῖς

1966 5398 2023 5451 δὲ
2054 5396 2189 5469 μηδέ
2223 5395 2364 5448 οῦτω
2389 5394 2710 5463 φοϐούμεθα
2744 5393 2837 5446 τὸν
2868 5392 3021 5455 Θεὸν,
3054 5391 3128 5453 ὡς
3155 5390 3304 5459 ἡμᾶς
3327 5389 3376 5440 οί
3417 5386 3525 5439 υίοί
3563 5386 3652 5439 δε⁴

1969 5487 2250 5550 δοίκασιν;
2282 5484 2460 5553 Ὅπερ
2509 5480 2605 5538 οὖν
2653 5482 2748 5535 καὶ
2792 5478 2985 5551 πρώην
3034 5472 3211 5538 εἷπον,
3244 5476 3404 5530 τοῦτο
3429 5476 3525 5528 καὶ
3556 5473 3655 5527 νῦν

1968 5575 2135 5643 λέγω.
2172 5572 2357 5642 Νόμον
2381 5572 2592 5633 ἐαυτοῖς
2626 5569 2831 5641 θῶμεν,
2863 5568 2937 5638 μὴ
2965 5565 3229 5635 πρότερον
3255 5563 3329 5635 μὴ
3353 5562 3653 5633 δημοσίων,

1976 5663 2054 5735 μὴ
2098 5660 2384 5715 ἰδιωτικῶν
2414 5658 2664 5728 ἅψασθαι
2712 5656 3075 5726 πραγμάτων,
3111 5652 3216 5714 ἓως
3256 5651 3322 5705 ἂν
3354 5650 3540 5705 τοῦτον
3563 5653 3656 5706 ἐκ·

2039 5793 2068 5833 b
2089 5794 2186 5842 Alii
2208 5792 2374 5841 παιδία
2398 5800 2547 5855 μικρά
2572 5791 2619 5839 ἐν
2642 5790 2775 5853 μέσῳ
2797 5786 2883 5837 τοῦ
2902 5788 3055 5845 ξύλου.
3078 5786 3234 5835 Paulo
3258 5791 3370 5848 post
3392 5786 3540 5835 iidem
3554 5789 3640 5836 σώο

1973 5872 2123 5966 μένοὲ
2134 5857 2292 5978 minaci.
2308 5930 2420 5963 mss.
2449 5930 2514 5967 rw
2537 5912 2857 5978 :»a‘:_79ipp.¢:a:
2880 5908 3119 5978 τοῦκΜοκ
3144 5910 3234 5978 ⁸³1ίί
3262 5911 3356 5978 τῶν
3378 5912 3654 5970 κτημάτων,

1973 5980 2058 6031 alii
2076 5981 2170 6028 τῶν
2188 5972 2469 6044 χρημάτων.
2506 5972 2685 6027 lbidcin
2706 5972 2787 6023 alii
2807 5973 3125 6037 προαιρέσεως
3140 5972 3209 6020 δεῖ
3234 5973 3395 6034 μόνης,
3430 5980 3526 6029 e:c.
