4112 6388
461 353 564 410 197

451 469 833 542 πληρώσωμεν
866 471 959 525 τὸν
993 472 1176 543 νόμον,
1215 474 1311 526 καὶ
1343 476 1560 539 πάντως
1600 475 1706 530 ὑπὸ
1752 477 1854 549 τῆς
1888 479 2134 550 ἀνάγκης

452 558 854 630 συνωθούμενοι
887 560 1258 631 περιεσόμεθα
1285 562 1508 634 ῥᾳδίως,
1536 565 1629 616 καὶ
1659 567 2010 637 κοσμήσομεν
2037 567 2136 636 μὲν

450 647 700 714 ἑαυτοὺς,
727 647 1082 719 κοσμήσομεν
1107 648 1165 702 δὲ
1192 649 1288 703 καὶ
1313 649 1410 719 τὴν
1434 651 1589 703 πόλιν
1627 651 1871 706 ἃπασαν.
1917 654 2135 725 Ἐννόη-

451 752 544 788 σον
591 736 698 808 γάρ
744 735 934 806 ήλίκον
972 737 1089 788 ἐστί
1136 738 1416 808 πανταχοῦ
1447 739 1546 809 τῆς
1575 740 1906 811 οἰκουμένης
1951 741 2132 796 ταῦτα

451 823 695 888 ἀκούειν,
726 825 804 889 ὠς
855 827 914 878 ἐν
949 824 1251 896 Ἀντιοχείᾳ
1302 825 1648 898 κεκράτηκεν
1673 827 1796 890 ἔθος
1836 829 2136 901 Χριστριαο

446 911 562 974 νοίς
600 913 834 982 πρέπον,
863 912 960 966 καὶ
1008 913 1226 972 οὐδενὸς
1257 913 1488 986 ἀκούσῃ,
1512 915 1618 968 κᾶν
1659 916 1893 986 μεγίστη
1919 917 2134 988 ἀνάγκη

447 1000 760 1070 ἐπικέηται,
791 1001 954 1072 ὅρκον
972 1001 1320 1072 προϊεμένου.
1350 1003 1576 1066 Πάντως
1608 1003 1934 1057 ἀκούσονται
1963 1004 2136 1058 ταῦτα

445 1088 503 1138 αἱ
536 1086 776 1155 γείτονες
806 1088 1021 1151 πόλεις·
1069 1089 1270 1159 μᾶλλον
1311 1089 1368 1142 δὲ
1410 1091 1508 1160 οὐχ
1553 1091 1610 1144 αἰ
1652 1091 1896 1159 γείτονες
1949 1091 2132 1163 μόνον,

445 1174 582 1228 ἀλλά
617 1175 711 1227 καὶ
742 1175 878 1246 πρὸς
909 1175 1047 1229 αὐτά
1084 1175 1153 1229 τά
1180 1179 1405 1247 πέραταλ
1431 1178 1530 1249 τῆς
1558 1177 1662 1249 γῆς
1702 1180 1730 1231 ὁ
1757 1179 1914 1248 λόγος
1943 1179 2133 1254 ἀφίξε-

445 1277 567 1314 ται*
600 1262 824 1333 καὶγὰρ
849 1263 1020 1326 εἰκὸς,
1046 1264 1141 1316 καὶ
1170 1264 1299 1334 ύμῖν
1328 1265 1797 1336 ἐπιμιγνυμένους
1835 1267 2132 1338 ἐμπόρους,

448 1350 544 1402 καὶ
565 1350 818 1404 ἐντεῦθεν
844 1351 1068 1421 ἐτέρους
1101 1353 1536 1423 ἀφικνουμένους
1568 1353 1742 1406 ταῦτα
1767 1353 2132 1423 ἀπαγγέλλειν

451 1438 690 1493 ἄπαντα.
723 1440 892 1494 Ὅταν
927 1437 1021 1495 οῦν
1062 1441 1230 1504 ἄλλας
1263 1442 1446 1506 πόλεις
1476 1443 1918 1512 ἐγκωμιάζοντες
1948 1444 2134 1498 πολλοί¹

447 1525 674 1599 λιμένας
727 1528 994 1598 λέγωσια,
1039 1533 1135 1587 καὶ
1183 1533 1414 1606 ἀγοράν,
1469 1534 1566 1587 καὶ
1615 1535 1878 1603 ἀφθονίαν
1932 1536 2131 1605 ὠνίων,

447 1617 565 1670 δότε
587 1621 701 1682 τοῖς
733 1619 985 1674 ἐντεῦθεν
1014 1623 1436 1695 ἀφικνουμένοις
1470 1623 1674 1692 λέγειν,
1709 1625 1791 1678 ὅτι
1825 1626 1964 1698 ὅπερ
1984 1627 2133 1682 ἐστὶν

450 1705 510 1756 ἐν
547 1706 869 1778 Ἀντιοχείᾳ,
901 1709 1061 1762 τοῦτο
1101 1711 1338 1782 οὐδαμοῦ
1383 1711 1492 1766 τῶν
1533 1713 1708 1768 ἄλλων
1746 1713 1955 1767 πόλεων
1984 1713 2133 1770 ἐστιν

514 1811 540 1838 ⁸
566 1809 662 1859 Alii
687 1812 1071 1883 ἐγκωμιάζωνται
1090 1816 1276 1872 πολλοὶ,
1296 1817 1485 1925 λιέιένας
1503 1817 1710 1925 λέγουσι.
1738 1816 1892 1866 Paulo
1913 1822 2026 1891 post
2044 1816 2138 1866 3ιί-

517 1880 569 1918 0t
609 1886 723 1920 mss.
755 1890 897 1922 τουτο
917 1875 1027 1925 ὑμῖν
1050 1877 1104 1924 οῦ
1124 1877 1309 1925 κόσμος
1357 1894 1467 1925 σται
1504 1894 1568 1925 κα
1605 1879 1842 1925 ἀσφάλεια
1868 1895 2028 1925 μονον.
2050 1880 2135 1925 ἀλ-

448 1880 569 1979 ῃιιοι
595 1886 723 1947 ,mss.
755 1875 897 1922 τοῦτο
917 1875 1027 1937 ὑμῖν
1050 1877 1104 1924 οὐ
1124 1877 1309 1939 κόσμος
1331 1875 1467 1927 ἔσται
1504 1875 1586 1926 καί
1605 1879 1842 1941 ἀσφάλεια
1868 1875 2028 1941 μόνον,
2050 1880 2135 1928 ἀλ·

477 1949 510 1979 α
527 1951 624 1979 και.

477 1949 510 1981 α
527 1951 624 1982 και.

1243 360 1301 414 S.
1339 357 1629 415 JOANNIS
1673 357 2156 418 CHRYSOSTOMI
2198 363 2521 423 ARCIIIEP.
2559 365 3111 425 CONSTANTINOP.

3805 363 3910 420 198

2241 483 2367 536 ἰδεῖν
2392 501 2404 514 ·
2439 482 2645 536 ἕλοιντο
2671 483 2781 555 γὰρ
2821 482 2888 538 ἂν
2921 484 2970 537 οἰ
2999 482 3280 554 ἄνθρωποι
3305 480 3354 534 οἰ
3388 480 3485 549 τὴν
3511 479 3665 532 πόλιν
3692 476 3912 547 ἐκείνην

2236 570 2515 634 οἰκοῦντες
2541 570 2642 642 τὴν
2687 570 2936 638 γλῶτταν
2990 567 3292 638 ἐκκοπῆναι
3337 566 3691 639 πρότερον,ῆ
3739 566 3911 636 ὅρκον

2237 659 2346 711 ἀπὸ
2383 659 2479 712 τοῦ
2515 658 2784 729 στόματος
2825 657 3111 729 προέσθαι.
3148 655 3322 710 Τοῦτο
3360 656 3490 726 ὑμῖν
3521 654 3726 722 κόσμος
3751 651 3913 706 ἔσται

2235 749 2334 801 καὶ¹
2353 747 2622 817 ἀσφάλεια
2641 764 2654 777 ·
2682 746 2742 799 οὐ
2769 745 2928 816 μόνον
2949 745 3028 808 δέ,
3055 743 3191 800 ἀλλά
3216 743 3312 798 καὶ
3336 743 3527 815 μισθὸν
3553 741 3692 796 οἴσει
3716 741 3909 794 πολύν.

2236 837 2351 889 Καὶ
2375 836 2485 906 γάρ
2509 833 2728 898 πάντως
2761 831 3097 905 ζηλώσουσιν
3117 833 3260 904 ὑμᾶς
3293 831 3473 902 ἕτεροι
3502 829 3597 884 καὶ
3629 828 3906 899 μιμήσον-

2233 939 2354 977 ται·
2384 924 2435 976 εἰ
2458 923 2567 994 γάρ
2611 921 2707 976 ἕνα
2738 939 2822 986 τις
2857 921 2955 975 καὶ
2983 921 3075 974 δύο
3099 920 3367 992 κερδάνας
3401 917 3652 971 τοσοῦτον
3681 914 3914 986 λήψεται

2239 1010 2431 1081 μισθὸν
2457 1010 2610 1080 παρά
2639 1008 2734 1063 τοῦ
2781 1009 2939 1074 Θεοῦ,
2971 1009 3021 1061 οἰ
3048 1007 3148 1079 τὴν
3176 1005 3499 1077 οἰκουμένην
3531 1003 3752 1058 ἀπασαν
3779 1019 3914 1054 παι-

2234 1100 2482 1164 δεύοντες
2527 1098 2697 1161 πόσας
2745 1096 2807 1150 ού
2848 1095 3085 1168 λήψεσθε
3131 1093 3230 1159 τὰς
3263 1093 3533 1166 ἀμοιϐάς;
3567 1090 3689 1162 Χρὴ
3731 1090 3916 1144 τοίνυν

2237 1187 2560 1251 σπουδάζειν
2601 1187 2696 1240 καὶ
2739 1185 3097 1258 ἐγρηγορέναι
3157 1186 3252 1239 καὶ
3307 1183 3521 1255 νήφειν,
3568 1181 3781 1243 εἰδότας
3835 1178 3914 1242 ὡς

2234 1277 2358 1348 οὐχὶ
2395 1275 2506 1333 τῶν
2554 1275 2772 1330 οἰκείων
2805 1274 3247 1346 κατορθωμάτων
3277 1273 3458 1343 μόνον,
3498 1267 3635 1324 ἀλλά
3669 1268 3765 1321 καὶ
3801 1266 3917 1320 τῶν

2235 1364 2446 1436 ἐτέροις
2485 1363 2942 1436 κατορθουμένων
2989 1361 3260 1415 ἀντίδοσιν
3292 1357 3577 1430 ληψόμεθα
3621 1354 3913 1426 μεγίστην,

2235 1452 2334 1506 καὶ
2363 1451 2568 1521 πολλῆς
2595 1449 2749 1523 παρά
2781 1448 2876 1504 τοῦ
2908 1448 3044 1503 Θεοῦ
3083 1448 3185 1520 τῆς
3233 1446 3444 1510 εὐνοίας
3493 1443 3877 1507 ἀπολαύσομεν
3900 1456 3915 1468 ·

2233 1535 2300 1613 ἧς
2334 1541 2549 1610 γένοιτο
2571 1538 2836 1611 διηνεκῶς
2875 1537 3084 1600 πάντας
3110 1537 3260 1608 ἡμᾶς
3289 1533 3704 1594 ἀπολαύσαντας
3728 1531 3918 1600 τυχεῖν

2233 1631 2334 1700 τῆς
2372 1628 2651 1700 βασιλείας
2681 1626 2789 1679 τῶν
2823 1626 3093 1696 οὐρανῶν,
3125 1628 3183 1679 ἐν
3213 1622 3436 1696 Χριστῷ
3477 1619 3649 1693 Ἰησοῦ
3686 1616 3763 1687 τῷ
3801 1618 3917 1668 Κυ-

2245 1717 2344 1790 ρίῳ
2367 1716 2544 1788 ἡμῶν,
2571 1708 2618 1783 ᾧ
2655 1716 2689 1784 ἡ
2716 1713 2862 1780 δόξα,
2889 1713 2986 1768 καὶ
3017 1711 3079 1765 τὸ
3125 1711 3326 1783 κράτος
3360 1711 3456 1763 σὺν
3487 1707 3566 1780 τῷ
3593 1705 3770 1776 Πατρὶ
3815 1700 3918 1754 καὶ

2241 1805 2322 1876 τῷ
2371 1803 2511 1874 ἁγίῳ
2556 1801 2858 1873 Πνεύματι,
2894 1801 2990 1855 νῦν
3040 1801 3138 1855 καὶ
3164 1799 3274 1864 ἀεὶ,
3303 1797 3396 1851 καὶ
3441 1798 3521 1860 εἰς
3553 1796 3680 1858 τοὺς
3709 1791 3919 1854 αἰῶνας

2241 1893 2351 1949 τῶν
2379 1893 2614 1947 αἰώνων.
2657 1893 2851 1963 Ἀμήν.

451 2275 599 2352 [199]
630 2280 753 2334 ’Ότι
782 2283 896 2335 οὐκ
929 2279 1105 2348 ἀρκεῖ
1138 2281 1177 2349 ἠ
1210 2281 1463 2349 νηστεία
1515 2278 1626 2350 τῆς
1679 2278 2188 2359 Τεσσαρακοστῆς
2219 2276 2370 2347 πρὸς
2415 2276 2482 2330 τὸ
2526 2275 2828 2330 δύνασθαι
2875 2273 3207 2339 κοινωνεῖν,
3249 2272 3414 2328 ἀλλὰ
3454 2270 3553 2326 καί
3591 2269 3688 2324 δεῖ
3737 2282 3765 2311 ι
3803 2269 3921 2338 τῆς

521 2373 675 2426 κατὰ
727 2371 942 2442 ψυχὴν
987 2372 1208 2443 ἀρετῆς
1252 2371 1522 2442 πρώτηςο
1556 2372 1656 2428 καί
1709 2371 1836 2440 πῶς
1867 2369 2132 2427 δυνατὸν
2154 2367 2242 2440 μὴ
2269 2369 2698 2440 μνησικακεῖν,
2743 2368 2844 2424 καί
2887 2368 2979 2422 ὅτι
3012 2366 3209 2433 πολὺς
3242 2368 3323 2430 τῷ
3387 2363 3510 2430 Θεῷ
3562 2363 3670 2418 τοῦ
3725 2364 3922 2432 νόμον

519 2465 734 2518 τούτου
764 2465 968 2537 λόγος,
1006 2466 1107 2520 καί
1141 2466 1230 2520 ὅτι
1281 2465 1398 2535 πρὸ
1449 2464 1560 2536 τῆς
1624 2464 1879 2535 γεέννης
1946 2465 2014 2519 τὸ
2065 2462 2470 2533 μνησικακεῖν
2513 2461 2751 2525 κολάζει
2816 2461 2959 2528 τοὺς
2987 2461 3288 2538 ἁλόντας-ο
3365 2457 3466 2512 καί
3497 2456 3632 2526 περί
3665 2456 3778 2525 τῆς
3798 2454 3925 2510 τῶν

521 2556 717 2625 ὅρκων
748 2557 1005 2628 ἀποχῆς,
1055 2559 1154 2614 καὶ
1186 2559 1321 2628 περί
1352 2558 1474 2613 τῶν
1496 2559 1582 2630 μὴ
1613 2560 2084 2628 κατωρθωκότων
2105 2557 2172 2610 τό
2199 2556 2286 2626 μὴ
2325 2556 2595 2625 ὀμνύειν.

1138 3058 1361 3126 Ὀμιλία
1397 3065 1466 3112 κ’.

520 3150 639 3203 al.“
651 3149 738 3220 ρος
753 3148 813 3200 τὸ
827 3147 981 3210 τέλος
1001 3148 1137 3217 ἡμῖν
1157 3148 1256 3217 τῆς
1278 3146 1534 3218 νηστείας
1549 3147 1734 3202 λοιπὸν
1749 3149 1777 3202 ό
1796 3148 1984 3218 καιρὸς
2002 3147 2144 3201 ἐπεί-

452 3254 641 3307 γεται*
672 3235 871 3290 οὐκοῦν
899 3236 994 3289 καὶ
1019 3237 1180 3306 ἡμεῖς
1225 3235 1364 3306 πρὸς
1414 3235 1640 3290 πλείονα
1675 3237 1904 3299 ἑαυτοὺς
1934 3234 2139 3289 ἐπιδῶ-

457 3343 560 3396 μεν
579 3325 607 3364 ι)
633 3325 856 3398 ἀρετήν.
881 3324 1094 3395 ’Ὠσπερ
1113 3323 1224 3394 γὰρ
1242 3323 1394 3376 οὐδὲν
1415 3323 1608 3393 ὄφελος
1627 3324 1739 3378 τῶν
1765 3323 1977 3377 πολλῶν
1999 3323 2144 3377 διαύ-

455 3414 565 3467 λων
595 3415 710 3477 τοῖς
739 3413 1046 3484 τρέχουσιν,
1074 3410 1139 3465 ἂν
1171 3410 1282 3464 τῶν
1304 3411 1576 3482 βραδείων
1604 3412 1913 3465 ἐκπέσωσιν
1930 3429 1943 3441 ·
1966 3410 2140 3476 οὓτως

453 3501 574 3554 οὐδέ
594 3502 725 3572 ήμίν
745 3500 972 3553 ἔσταιτι
988 3498 1176 3570 κέρδος
1191 3498 1302 3552 ἀπὸ
1319 3497 1429 3552 τῶν
1449 3492 1662 3553 πολλῶν
1683 3500 1861 3554 πόνων
1882 3499 1976 3553 καὶ
1991 3498 2142 3572 ἱδρώ-

453 3605 562 3642 των
584 3587 693 3641 τῶν
712 3587 842 3660 περὶ
860 3587 958 3658 τὴν
973 3586 1248 3657 νηστείαν,
1273 3585 1371 3640 ἐὰν
1397 3586 1472 3658 μὴ
1491 3587 1630 3659 μετὰ
1650 3587 1896 3660 καθαροῦ
1916 3587 2143 3642 συνειδόο

453 3694 545 3739 τος
571 3675 890 3746 δυνηθῶμεν
913 3676 1011 3745 τῆς
1033 3677 1184 3747 ίερᾶς
1202 3675 1511 3730 ἀπολαῦσαι
1529 3675 1832 3747 τραπέζης.
1861 3677 1961 3730 Διά
1981 3675 2142 3731 τοῦτο

455 3764 678 3835 νηστεία
694 3762 1234 3835 καῖτεσσαρακοστὴ,
1250 3764 1346 3816 καὶ
1360 3762 1631 3817 τοσούτων
1651 3763 1876 3836 ἡμερῶν
1890 3763 2140 3829 συνάξεις

452 3853 551 3905 καὶ
562 3850 855 3922 ἀκροάσεις
869 3861 891 3889 ο
908 3851 1002 3904 καὶ
1013 3851 1172 3921 εὐχαὶ
1187 3851 1282 3904 καὶ
1295 3851 1657 3917 διδασκαλίαι,
1670 3853 1759 3906 ἴνα
1776 3853 1940 3907 παντί
1955 3853 2140 3925 τρόπῳ

455 3940 526 3992 τά
551 3938 702 4010 παρά
721 3939 900 3993 πάντα
913 3939 1006 3991 τὸν
1039 3939 1286 3992 ἐνιαυτὸν
1313 3941 1448 4010 ἡμῖν
1471 3940 1849 4011 ἁμαρτήματα
1879 3958 2141 4013 προστρι-

454 4027 624 4081 ϐἐντα
661 4025 748 4080 διὰ
773 4029 872 4098 τῆς
900 4025 1138 4096 σπουδῆς
1175 4025 1384 4097 ταύτης
1418 4025 1528 4080 τῶν
1562 4027 1760 4080 θεῖκῶν
1789 4028 2140 4098 ἐνταλμάτων

454 4115 943 4184 άποσμηξάμενοι,
996 4114 1134 4184 μετά
1187 4114 1501 4187 παρρησίας
1547 4117 1928 4187 πνευματικῆς
1974 4117 2140 4187 μετά-

455 4219 674 4274 σχωμεν
703 4201 942 4264 εὐλαϐῶς
975 4201 1076 4271 τῆς
1111 4201 1451 4270 ἀναιμάκτου
1477 4202 1695 4273 ἐκείνης
1731 4203 1944 4267 θυσίας,
1957 4205 2053 4272 ὡς,
2072 4204 2139 4259 ἂν

456 4293 536 4362 μὴ
567 4291 726 4344 τοῦτο
753 4287 809 4365 ᾖ,
845 4291 1022 4361 μάτην
1045 4291 1141 4344 καὶ
1166 4291 1289 4361 εἰκῆ
1315 4291 1410 4344 καὶ
1439 4291 1528 4343 ἐπ’
1556 4292 1734 4346 οὐδενὶ
1762 4293 2020 4366 χρησίμῳ
2043 4295 2137 4349 τὸν

453 4378 711 4432 ’τοσοῦτον
741 4379 1057 4449 ὑπέστημεν
1084 4378 1268 4435 πόνον.
1294 4379 1570 4442 Ἕκαστος
1598 4381 1781 4433 τοίνυν
1819 4380 2138 4450 ἀναλογιζέ-

457 4464 573 4518 σθω
596 4466 726 4537 παρ’
757 4465 954 4535 ἐαυτῷ,
988 4468 1140 4519 ποῖον
1166 4465 1454 4538 ἐλάττωμα
1484 4465 1786 4538 διώρθωσε,
1825 4471 1980 4522 ποῖον
2005 4487 2139 4523 κατ-

452 4552 684 4624 όρθωμα
751 4554 1195 4624 προσεκτήσατο,
1256 4554 1416 4608 ποίαν
1473 4555 1749 4626 ἀμαρτίαν
1810 4557 2138 4623 ἀπεϐάλετο,

457 4641 620 4695 ποίαν
650 4640 842 4711 κηλῖδα
873 4640 1199 4712 ἀπενίψατο,
1234 4641 1377 4695 κατά
1409 4642 1462 4695 τί
1493 4641 1720 4712 βελτίων
1752 4645 2000 4714 ἐγένετο·
2031 4645 2139 4700 κᾶν

456 4730 560 4800 μὲν
580 4727 714 4800 εὕρῃ
760 4728 919 4781 πλέον
955 4745 1009 4781 τι
1065 4729 1360 4800 γενόμενον
1408 4730 1516 4784 ἀπὸ
1544 4731 1647 4802 τῆς
1672 4733 1926 4803 νηστείας
1960 4733 2140 4804 ἐαυτῷ

456 4817 597 4887 πρὸς
641 4815 740 4887 τὴν
780 4816 951 4888 καλὴν
981 4817 1187 4888 ταύτην
1225 4818 1522 4890 ἐμπορίαν,
1564 4821 1661 4874 καὶ
1695 4821 1886 4895 συνίδῃ
1935 4822 2139 4894 πολλὴν

453 4903 637 4975 ἑαυτῷ
681 4904 1084 4977 πεποιημένῳά
1117 4909 1227 4962 τῶν
1271 4909 1603 4980 τραυμάτων
1646 4909 1746 4982 τὴν
1798 4912 2136 4982 ἐπιμέλειαν,

459 4992 878 5065 προσερχέσθω’
906 4995 956 5046 εί
996 4994 1054 5047 δέ
1076 4996 1425 5067 ήμελημένος
1448 4997 1655 5068 ἔμεινε,
1695 4999 1951 5069 νηστείαν
1979 5000 2139 5070 μόνον

455 5080 602 5151 ἔχων
633 5081 1028 5148 ἐπιδείξασθαι,
1065 5083 1176 5136 τῶν
1217 5083 1275 5137 δέ
1326 5083 1504 5140 ἄλλων
1540 5085 1691 5139 οὐδὲν
1734 5087 2136 5158 κατωρθωκὼς,

450 5170 563 5236 ἔξω
582 5169 812 5240 μενέτω,
832 5171 924 5223 καὶ
950 5170 1072 5224 τότε
1104 5171 1313 5238 εἰσίτω,
1347 5173 1478 5226 ὅταν
1509 5172 1727 5227 ἅπαντα
1765 5175 2050 5251 ἐκκαθάρῃ
2070 5178 2137 5232 τά

453 5257 852 5328 ἁμαρτήματα.
893 5257 1099 5327 Μηδεὶς
1134 5258 1270 5330 μόνῃ
1295 5261 1360 5330 τῇ
1395 5262 1623 5332 νηστείᾳ
1679 5264 2136 5336 ἐπιστηριξέσθω,

453 5347 552 5399 ἐάν
588 5349 699 5409 τοῖς
747 5349 936 5410 κακοῖς
964 5346 1179 5417 ἔμεινεν
1212 5347 1542 5418 ἀδιόρθωτος
1565 5361 1609 5403 θ.
1636 5351 1740 5404 Τὸν
1779 5351 1879 5423 μὲν
1919 5353 2030 5424 γὰρ
2061 5356 2137 5425 μὴ

519 5476 546 5538 ξι
568 5473 653 5538 Sic
675 5471 827 5538 ngil.
850 5476 1053 5536 optime.
1068 5473 1243 5524 Morel.
1273 5483 1326 5526 et
1349 5475 1516 5526 Monlf.
1538 5480 1910 5538 perperam,mt
1933 5480 2026 5530 διά.
2046 5480 2136 5532 En.

521 5535 553 5618 Β
571 5535 699 5618 ἓῗὶίι
717 5535 1372 5618 i9_"3§i$:_°‘.3'1999}.m83;
1397 5535 1681 5618 ψωσῶειέν
1704 5543 1786 5616 νει
1804 5535 2135 5618 συνείνωμει

523 5551 553 5576 ιι
577 5551 691 5608 δαν..
717 5551 767 5606 ιιι
791 5551 944 5598 marg.
967 5551 1022 5585 et.
1051 5551 1241 5647 allﬂum
1257 5552 1372 5589 mss.
1397 5551 1681 5618 σννωυωμεν
1704 5551 1786 5591 vel
1807 5551 2134 5605 συντείνωμεν.

521 5598 546 5626 θ
571 5597 718 5661 Sam.
744 5611 792 5646 In
813 5604 979 5661 Διειιιυ,
1014 5605 1068 5648 ει
1152 5601 1277 5648 ore].
1309 5601 1512 5661 σύναξις,
1532 5618 1612 5650 και
1635 5602 1879 5661 ἀκρόασις.
1906 5605 2021 5653 Sav.
2044 5618 2134 5654 au-

457 5658 892 5727 grm_in_maljgil_le
931 5662 1140 5727 συνάξεις
1171 5663 1253 5710 καὶ
1291 5658 1563 5727 ἀκροάσεις,
1594 5658 1747 5727 Paulo
1772 5658 1883 5727 pos}.
1903 5665 2008 5714 haec
2036 5668 2133 5713 τῶν

456 5722 637 5789 943161
648 5721 952 5789 ἐντάλμλᾴτων
974 5722 1150 5789 absum.
1169 5737 1196 5772 a
1219 5721 1524 5789 textg'Savil.
1537 5732 1589 5775 el
1607 5724 1668 5775 ab
1687 5721 1878 5789 alidum
1896 5728 2134 5787 mss.,sed

457 5780 705 5832 habentur
724 5787 774 5830 in
791 5780 971 5832 Morel.
1009 5793 1063 5832 et
1081 5784 1130 5832 in
1155 5786 1425 5836 mss..aliis.

524 5839 551 5880 ἆ
576 5845 657 5892 Sic
679 5843 851 5912 Mqrel.
876 5851 930 5893 et
949 5845 1098 5912 Sa_vil.
1129 5847 1350 5912 in_n_1arg.
1377 5849 1528 5899 Savil.
1555 5849 1607 5898 in
1632 5854 1772 5898 textu
1798 5851 2137 5912 πεποιημένην,

459 5918 578 5954 mss.
611 5906 765 5963 nostri
785 5907 1100 5967 πεποιημένον
1126 5905 1253 5966 (sic).

531 5977 556 6005 ο
592 5967 723 6028 “are,
744 5969 934 6024 Μηδεὶς.
967 6004 976 6015 .
1001 5969 1300 6031 ἀδιόρθωτος,
1322 5971 1468 6020 SaVil.
1497 5972 1544 6021 in
1569 5987 1716 6037 marg
1745 5973 1875 6024 addit
1895 5971 2142 6023 elhabenl.

2243 3055 2570 3128 νηστεύοντα
2599 3054 2744 3116 εἰκὸς
2773 3052 2867 3106 καὶ
2895 3051 3224 3123 συγγνώμης
3251 3054 3456 3123 τυχεῖν,
3481 3049 3734 3122 σώματος
3757 3051 3924 3107 ἀσθέ-

2240 3163 2390 3198 νειαν
2430 3142 2908 3214 προϐαλλόμενον·
2947 3140 3041 3194 τὸν
3088 3141 3146 3193 δὲ
3192 3141 3268 3212 μὴ
3297 3139 3672 3212 διορθώσαντα
3716 3141 3916 3194 ἐαυτοῦ

2240 3233 2310 3287 τά
2341 3231 2816 3304 πλημμελήματα,
2843 3231 3127 3301 ἀμήχανον
3156 3229 3454 3298 ἀπολογίας
3474 3231 3679 3300 τυχεῖν.

2312 3325 2427 3378 Οὐκ
2461 3323 2794 3393 ἐνήστευσας
2832 3319 2923 3373 διὰ
2969 3321 3070 3389 τὴν
3100 3319 3200 3389 τῆς
3228 3318 3429 3388 σαρκὸς
3456 3317 3776 3371 ἀσθένειαν·
3806 3319 3920 3381 τοῖς

2241 3410 2455 3481 ἐχθροῖς
2489 3426 2583 3461 σου
2624 3407 2768 3471 τίνος
2798 3405 2986 3459 ἕνεκεν
3024 3405 3085 3458 οὐ
3109 3403 3482 3476 κατηλλάγης,
3510 3403 3632 3456 εἰπέ
3665 3420 3759 3474 μοι
3785 3420 3800 3471 ;
3831 3404 3920 3474 Μὴ

2241 3497 2336 3549 καὶ
2365 3493 2599 3549 ἐνταῦθα
2623 3493 2911 3548 ἀσθένειαν
2938 3491 3190 3563 σώματος
3215 3490 3584 3562 προϐαλέσθαι
3604 3489 3780 3560 ἔχειςς
3809 3490 3922 3543 Πά-

2240 3583 2322 3637 λιν
2357 3583 2423 3637 ἂν
2460 3581 2763 3653 βασκανίαν
2793 3581 2890 3635 καὶ
2919 3580 3114 3650 φθόνον
3171 3579 3340 3652 μένῃς
3384 3579 3544 3650 ἔχων,
3579 3577 3741 3631 ποίαν
3776 3576 3921 3642 ἕξεις

2241 3670 2559 3740 ἀπολογίαν,
2597 3669 2718 3723 εἰπέ
2745 3685 2872 3740 μοι;
2897 3666 3148 3740 Οὐδαμοῦ
3171 3667 3281 3737 γάρ
3312 3670 3370 3721 ἐν
3395 3667 3605 3730 τούτοις
3626 3668 3742 3730 τοῖς
3767 3666 3924 3719 ἐλατ-

2239 3759 2491 3829 τώμασιν
2528 3759 2623 3811 ἐπὶ
2658 3755 2912 3828 σώματος
2954 3756 3242 3810 ἀσθένειαν
3272 3755 3388 3808 ἔστι
3418 3758 3783 3824 καταφυγεῖν.
3813 3756 3923 3808 Καὶ

2239 3847 2398 3900 τοῦτο
2426 3847 2527 3916 τῆς
2556 3844 2651 3899 τοῦ
2680 3843 2919 3915 Χριστοῦ
2959 3842 3371 3914 φιλανθρωπίας
3397 3841 3556 3921 ἔργον
3588 3841 3831 3910 ἐγένετο,
3863 3841 3924 3892 τὸ

2238 3934 2340 3996 τὰς
2369 3933 2717 4005 κυριωτάτας
2760 3931 2870 3984 τῶν
2896 3929 3129 3984 ἐντολῶν
3157 3930 3252 3984 καὶ
3281 3928 3615 4000 συνεχούσας
3642 3928 3804 3999 ήμῶν
3823 3928 3922 3998 τὴν

2241 4021 2387 4092 ζωὴν
2421 4021 2586 4094 μηδὲν
2621 4019 2729 4073 άπὸ
2765 4019 2872 4090 τῆς
2912 4018 3008 4072 τοῦ
3041 4016 3292 4089 σώματος
3322 4017 3606 4080 ἀσθενείας
3633 4016 3921 4088 παραϐλα-

2241 4108 2492 4162 πτεσθαι.
2523 4109 2680 4161 Ἐπεί⁹
2697 4101 2789 4161 οῦν
2811 4107 3028 4160 πάντων
3046 4105 3148 4177 μὲν
3171 4103 3371 4175 ὁμοίως
3388 4103 3621 4174 δεόμεθα
3633 4104 3743 4156 τῶν
3765 4102 3923 4174 ἱερῶν

2240 4199 2442 4270 νόμων,
2463 4197 2702 4268 μάλιστα
2720 4195 2778 4249 δὲ
2806 4193 3026 4250 πάντων
3057 4191 3153 4247 τοῦ
3187 4191 3502 4255 κελεύοντος
3529 4191 3686 4263 [200]
3717 4193 3923 4262 μηδένα

2241 4287 2383 4357 ἔχειν
2414 4285 2630 4358 ἐχθρὸν,
2671 4284 2807 4356 μηδέ
2848 4283 3033 4354 μένειν
3073 4280 3432 4352 ὀργιζόμενον
3463 4280 3755 4350 διηνεκῶς,
3787 4280 3923 4334 ἀλλὰ

2241 4375 2703 4430 καταλλάττεσθαι
2747 4372 2972 4436 εὐθέως,
3015 4371 3152 4442 φέρε
3183 4369 3312 4442 περὶ
3337 4369 3541 4439 ταύτης
3575 4370 3707 4439 ὑμῖν
3743 4368 3921 4422 διαλε-

2240 4463 2460 4535 χθῶμεν
2501 4464 2743 4536 σήμερον
2781 4462 2880 4534 τῆς
2900 4459 3158 4531 λέντολῆς.
3199 4458 3288 4524 Ὠς
3331 4459 3439 4530 γὰρ
3468 4459 3560 4511 τὸν
3590 4455 3922 4529 πορνεύοντα

2241 4554 2339 4609 καὶ
2369 4554 2460 4608 τὸν
2493 4550 2920 4625 βλασφημοῦντα
2950 4551 3232 4623 ἀμήχανον
3280 4551 3570 4620 μετασχεῖν
3613 4547 3715 4619 τῆς
3773 4547 3921 4617 ἰερᾶς

2239 4643 2554 4715 τραπέζης’
2585 4641 2729 4695 οὓτω
2759 4641 2853 4695 τὸν
2880 4639 3076 4713 ἐχθρὸν
3100 4639 3297 4710 ἔχοντα
3329 4638 3425 4692 καὶ
3456 4635 3920 4708 μνησικακοῦντα,

2241 4731 2504 4786 ἀδύνατον
2542 4729 2853 4785 ἀπολαῦσαι
2887 4728 3174 4791 κοινωνίας
3215 4726 3411 4795 ἀγίας’
3451 4725 3546 4778 καὶ
3591 4724 3740 4795 μάλα
3781 4724 3923 4777 εἰκό-

2239 4837 2371 4883 τως.
2425 4819 2485 4874 '0
2517 4820 2615 4891 μὲν
2657 4819 2766 4888 γάρ
2822 4817 3130 4889 πορνεύσας
3181 4815 3275 4870 καὶ
3325 4814 3622 4887 μοιχεύσας
3677 4813 3816 4884 ὁμοῦ
3865 4830 3921 4866 τε

2240 4906 2528 4978 ἐπλήρωσε
2561 4906 2660 4978 τὴν
2699 4905 3018 4976 ἐπιθυμίαν,
3043 4907 3138 4959 καὶ
3165 4905 3320 4967 τέλος
3352 4902 3520 4956 ἔδωκε
3548 4904 3615 4972 τῇ
3650 4901 3920 4973 ἁμαρτίᾳ,

2239 4995 2344 5050 κᾶν
2372 4995 2574 5067 θελήσῃ
2628 4994 2807 5065 νήψας
2858 4995 3175 5064 ἀνενεγκεῖν
3207 4992 3320 5047 ἀπὸ
3341 4991 3435 5045 τοῦ
3467 4990 3762 5062 πτώματος
3799 4989 3924 5042 πολ-

2239 5083 2338 5155 λὴν
2371 5082 2513 5154 μετά
2536 5081 2713 5136 ταῦτα
2746 5081 3159 5153 ἐπιδειξάμενος
3188 5079 3286 5150 τὴν
3317 5079 3629 5151 μετάνοιαν,
3659 5077 3776 5149 ἔχει
3802 5077 3925 5129 τινὰ

2240 5171 2598 5244 παραμυθίαν
2624 5171 2644 5210 ί
2669 5187 2684 5201 ·
2713 5171 2743 5224 ὁ
2767 5170 2824 5223 δὲ
2863 5168 3221 5241 μνησικακῶν
3273 5167 3396 5222 καθ’
3428 5169 3666 5238 ἐκάστην
3708 5165 3926 5236 ἡμέραν

2238 5260 2533 5332 ἐργάζεται
2549 5259 2648 5331 τήν
2682 5258 2984 5330 ἁμαρτίαν,
3003 5258 3101 5312 καὶ
3123 5257 3380 5312 οὐδέποτε
3402 5256 3574 5326 αὐτὴν
3597 5254 3914 5324 ἀπαρτίζει.

2251 5352 2400 5403 Ἐκεῖ
2423 5349 2614 5419 γέγονε
2633 5357 2658 5397 I
2689 5347 2749 5401 τὸ
2783 5347 3182 5418 πλημμέλημα,
3215 5344 3312 5399 καὶ
3339 5341 3634 5415 ἐπληρώθη
3664 5344 3696 5413 ή
3729 5343 3915 5414 ἁμαρ-

2235 5439 2356 5493 τίαο
2389 5436 2624 5493 ἐνταῦθα.
2641 5435 2835 5491 δὲκαθ’
2852 5436 3092 5506 ἐκάστην
3123 5432 3340 5505 ἡμέραν
3362 5431 3630 5503 τολμᾶται
3660 5433 3695 5503 ή
3729 5435 3911 5502 ἁμαρ·

2235 5529 2358 5585 τία·
2392 5529 2514 5582 τίνα
2535 5522 2631 5581 οὖν
2661 5525 2880 5597 ἕξομεν,
2907 5523 3030 5578 εἰπέ
3054 5539 3166 5594 μοι,
3203 5520 3534 5594 συγγνώμην
3562 5519 3791 5591 τοιούτῳ
3814 5538 3918 5573 πο-

2238 5614 2391 5691 νηρῷ
2425 5616 2602 5688 θηρίῳ
2616 5613 3006 5687 παραδιδόντες
3029 5612 3257 5676 ἑαυτοὺς
3279 5611 3497 5677 ἑκόντες
3516 5629 3532 5679 ;
3564 5611 3686 5674 Πῶς
3709 5610 3768 5663 δὲ
3798 5608 3922 5679 βού-

2242 5727 2430 5789 aliquot
2447 5737 2587 5785 ωσι,
2606 5724 2696 5774 sed
2715 5725 2766 5774 in
2775 5722 2951 5773 Morel.
2973 5721 3170 5771 desunt.
3193 5719 3484 5772 lnl'raSavil.
3497 5726 3551 5771 el.
3567 5720 3754 5781 aliqqu
3773 5718 3924 5769 codd.

2244 5790 2322 5838 διὰ
2335 5787 2428 5842 ’τήν
2443 5794 2529 5842 τῆς
2549 5787 2726 5842 σαρκός
2750 5802 2840 5834 σου
2861 5783 2999 5842 φύσιν
3027 5784 3145 5840 τοῖς.

2244 5801 2322 5838 δια
2335 5801 2428 5842 ,την
2443 5801 2529 5846 τῆς
2549 5803 2726 5850 σαρκος
2750 5802 2840 5834 σου
2861 5801 2999 5847 φυσιν
3027 5801 3145 5840 τοις.

2317 5849 2335 5888 ί
2359 5850 2508 5899 ὃδιὶἰ.
2535 5850 2626 5904 ἔξει
2648 5848 2836 5903 πάντως
2857 5845 3153 5908 παραμυθίαν
3172 5845 3228 5893 οὐ
3249 5844 3334 5904 τὴν
3356 5844 3610 5908 τυχοῦσαν.

2310 5914 2336 5950 8
2372 5913 2522 5961 Savil.
2559 5914 2612 5976 i_n
2647 5923 2798 5976 gnam.
2842 5907 3115 5976 ἀπαρτίζειε.
3147 5909 3240 5976 Καί
3261 5908 3338 5954 ἐπὶ
3362 5907 3443 5968 μὲν
3480 5913 3560 5965 τῆς
3587 5911 3802 5970 μοιχείας
3826 5916 3908 5976 γέ,

2250 5990 2374 6042 γονε,
2397 5981 2545 6037 atque
2570 5973 2832 6036 ilalegisse
2863 5968 3056 6019 videtur
3078 5968 3309 6019 Nannius.
