4112 6388
330 342 432 395 197

329 456 473 522 prius
499 452 703 522 privata
732 456 961 504 tractare
988 448 1193 517 negotia
1219 488 1234 513 ,
1265 447 1436 501 donec
1458 448 1593 501 hanc
1619 447 1785 515 legem
1817 448 1920 500 lm-

329 543 591 612 pleamus,
617 549 672 595 et
696 539 914 593 omnino
941 538 1257 592 necessitate
1282 536 1561 605 compulsi,
1588 537 1736 590 facile
1762 550 1918 603 supe-

333 632 605 695 rabimus,
639 638 692 685 et
716 629 1025 684 ornabimus
1066 642 1163 682 nos
1202 628 1343 696 ipsos
1368 667 1383 693 ,
1413 626 1720 681 ornabimus
1746 635 1921 681 autem

328 733 383 779 et
409 738 621 777 onmem
646 723 936 777 civitatem.
961 720 1144 791 Cogita
1172 734 1399 789 namque
1420 719 1578 788 quale
1598 726 1699 787 est,
1726 719 1922 788 ubique

333 828 600 872 terrarum
632 814 747 869 hate
770 814 955 869 audire
974 855 989 880 ,
1024 812 1318 867 Antiochiae
1345 812 1687 881 przevaluisse
1716 826 1923 867 morem

329 906 646 960 Christianis
686 914 1065 975 congruentem
1101 920 1116 959 :
1165 911 1220 957 et
1262 903 1333 957 ibi
1386 904 1656 958 neminem
1716 902 1922 969 audies,

333 997 459 1050 licet
487 996 721 1050 maxima
746 995 1035 1050 necessitas
1058 994 1216 1049 instet
1240 1037 1253 1060 ,
1279 994 1637 1062 juramentum
1658 994 1921 1049 emittere.

333 1089 562 1143 Prorsus
606 1088 721 1143 haec
748 1087 964 1143 audient
1002 1088 1189 1141 vicinae
1230 1086 1506 1142 civitates:
1540 1087 1777 1157 quinimo
1820 1102 1926 1141 non

334 1192 541 1236 tantum
568 1181 757 1236 vicinre
781 1181 1043 1245 civitates,
1072 1195 1254 1234 verum
1280 1189 1334 1234 et
1355 1180 1422 1234 ad
1449 1180 1592 1250 ipsos
1618 1188 1773 1234 terra:
1792 1180 1927 1234 ﬁnes

332 1274 555 1328 verbum
586 1274 860 1345 perveniet
901 1272 1143 1328 :etenim
1177 1272 1471 1327 verisimile
1513 1282 1596 1327 est
1636 1272 1786 1327 vobis
1830 1272 1926 1326 ad-

334 1367 529 1421 mixtos
572 1374 925 1430 mercatores,
958 1373 1013 1420 et
1054 1364 1177 1418 hinc
1202 1363 1308 1419 alio
1347 1363 1778 1433 proﬁciscentes,
1810 1363 1929 1417 aliis

334 1472 551 1526 quoque
582 1457 698 1511 hare
726 1458 902 1510 omnia
930 1456 1263 1509 nuntiaturos
1289 1469 1426 1509 esse.
1456 1453 1586 1508 Cum
1615 1453 1773 1524 igitur
1799 1454 1930 1507 alias

337 1549 581 1603 civitates
601 1548 878 1604 laudantes
901 1548 1072 1613 multi,
1103 1556 1286 1616 portus
1313 1556 1628 1611 memorant,
1654 1556 1708 1601 et
1732 1546 1927 1612 forum,

336 1650 389 1695 et
420 1642 684 1696 venalium
717 1641 956 1709 cupiam,
992 1639 1114 1693 hinc
1155 1637 1613 1707 proﬁciscentibus
1647 1636 1928 1691 dicendum

339 1732 575 1793 tradite,
630 1730 771 1800 quod
818 1739 898 1784 est
946 1728 1281 1794 Antiochiae,
1334 1728 1384 1782 id
1436 1728 1489 1781 in
1541 1727 1661 1782 aliis
1714 1726 1931 1781 urbibus

340 1838 601 1892 nusquam
640 1837 860 1876 cernere
898 1822 1058 1875 licere
1093 1841 1106 1875 :
1154 1821 1370 1874 mallent
1408 1822 1551 1874 enim
1595 1818 1740 1872 urbis
1788 1818 1932 1872 illius

340 1914 668 1970 habitatores
696 1914 842 1984 prius
869 1914 1099 1983 linguam
1127 1912 1385 1979 abscindi,
1405 1927 1560 1983 quam
1576 1926 1641 1967 ex
1668 1925 1762 1966 ore
1781 1909 1933 1981 jura-

1164 331 1257 387 ΑΙ)
1296 330 1614 387 POPULUM
1654 328 2137 386 ANTIOCIIENUM
2202 327 2428 386 llOMlL.
2470 329 2589 385 XX.

3510 334 3614 391 |98

2028 455 2264 501 mentum
2293 448 2557 503 emittere.
2584 448 2694 503 lloc
2713 448 2926 518 quidem
2948 448 3100 505 vobis
3119 449 3611 506 eritoruamentum

2027 544 2082 590 et
2126 537 2439 603 munimen;
2480 552 2580 592 nec
2619 538 2671 591 id
2718 545 2942 604 tantum,
2976 554 3161 594 verum
3202 550 3258 592 et
3308 541 3612 595 mercedem

2028 625 2216 681 afferet
2243 643 2486 698 magnam
2515 629 2532 659 ¹
2561 645 2575 681 :
2602 629 2798 683 etenim
2829 644 3017 684 omnes
3062 644 3158 684 vos
3197 629 3285 683 alii
3313 630 3611 685 mmulaturl

2028 727 2155 772 sunt
2189 728 2346 789 atque
2382 718 2656 775 imitaturi.
2701 720 2757 775 Si
2803 720 2922 790 quis
2967 720 3109 776 enim
3152 736 3311 776 unum
3353 723 3435 777 vel
3481 722 3617 777 duos

2029 809 2283 874 lucratus,
2335 825 2366 864 a
2410 810 2521 864 Deo
2566 810 2827 866 mercedis
2869 820 3070 865 tantum
3126 812 3342 882 capiet:
3397 828 3615 869 omnem

2037 901 2292 956 mundum
2324 903 2629 958 erudientes
2650 945 2666 971 ,
2695 914 2917 975 quantas
2945 905 3166 975 capietis
3196 905 3620 963 retributiones?

2029 991 2253 1061 Oportet
2296 993 2456 1063 igitur
2501 994 2716 1050 studere
2762 1004 2816 1050 et
2856 994 3075 1065 vigilare
3121 1005 3174 1051 et
3217 998 3424 1052 sobrios
3469 1014 3612 1064 esse,

2030 1083 2257 1138 scientes
2287 1099 2392 1139 non
2436 1086 2768 1156 propriorum
2807 1095 3008 1141 tantum
3058 1087 3615 1157 profectuum,vertun

2030 1182 2087 1229 et
2108 1175 2403 1231 alienorum
2429 1178 2714 1231 maximam
2745 1180 3056 1232 meritorum
3088 1179 3489 1235 retributionem
3529 1195 3619 1234 ac-

2018 1274 2280 1350 .cepturos
2305 1284 2403 1322 nos
2432 1284 2571 1333 esse,
2600 1276 2655 1323 et
2682 1269 2902 1323 multam
2928 1270 3066 1339 apud
3096 1270 3262 1324 Deum
3293 1272 3616 1326 benevolen-

2035 1357 2161 1411 tiam
2183 1368 2578 1428 assequuturos.
2603 1359 2769 1428 Quam
2792 1360 2946 1414 nobis
2962 1360 3208 1415 omnibus
3230 1361 3280 1414 in
3304 1371 3617 1431 perpetuum

2033 1451 2238 1521 adeptis
2275 1452 2431 1506 detur
2474 1452 2574 1507 frui
2615 1469 2777 1521 regno
2818 1453 3069 1507 cmlorum
3095 1495 3109 1517 ,
3138 1454 3191 1506 in
3227 1453 3440 1508 Christo
3491 1452 3617 1508 Jesu

2036 1542 2258 1595 Domino
2284 1552 2468 1598 nostro
2488 1586 2501 1607 ,
2532 1544 2616 1597 cui
2646 1545 2811 1613 gloria
2841 1553 2895 1598 et
2925 1545 3201 1613 imperium
3232 1560 3350 1598 cum
3383 1545 3539 1599 Patre
3566 1553 3623 1599 et

2034 1642 2219 1687 sancto
2244 1633 2463 1702 Spiritu,
2497 1650 2638 1690 nunc
2670 1646 2721 1690 et
2747 1650 2958 1704 semper
2978 1676 2992 1699 ,
3019 1645 3074 1691 et
3098 1636 3151 1690 in
3177 1637 3368 1690 smcula
3395 1637 3619 1691 saaculu-

2036 1741 2172 1779 rum.
2199 1728 2390 1781 Amen.

2102 1860 2118 1890 ι
2155 1866 2256 1907 Hoc
2283 1857 2411 1907 vobis
2440 1870 2534 1907 non
2549 1861 2707 1910 solum
2728 1856 2819 1907 erit
2840 1865 3169 1909 ornamentum
3186 1865 3231 1910 et
3252 1858 3515 1919 munimen,
3542 1874 3617 1909 vr-

2038 1932 2148 1968 rum
2170 1920 2314 1969 etiam
2335 1922 2681 1981 mercedulam,
2708 1924 2803 1969 etc.

350 2136 523 2189 QUOD
567 2135 718 2179 SOLO
788 2133 1341 2188 QUADRAGESIMALI
1408 2132 1669 2178 JEJUNIO
1738 2133 1863 2177 NON
1907 2133 2079 2176 SATIS
2125 2133 2571 2177 PREPAREMUR
2612 2136 2696 2176 AD
2738 2135 3233 2191 COMMUNIONEM,
3291 2136 3406 2179 SED
3467 2137 3625 2182 OPUS

423 2237 521 2277 SIT
566 2235 747 2278 ANIMI
788 2234 1113 2288 VIRTUTE;
1158 2234 1239 2276 ET
1280 2233 1389 2285 QUI
1430 2233 1605 2275 FlEBl
1658 2232 1893 2286 POSSIT,
1931 2232 2017 2274 UT
2059 2232 2451 2275 INJURIABUM
2494 2233 2838 2277 MEMORIAM
2881 2234 3281 2288 DEPONAMUS,
3325 2235 3623 2288 QUODQUE

434 2336 592 2379 DEUS
637 2335 834 2378 HUJUS
877 2334 1050 2377 LEGIS
1112 2333 1383 2377 MAGNAM
1442 2332 1695 2375 ΗΔΒΕΔΤ
1756 2330 2083 2374 RATIONEM

434 2439 630 2481 ETIAM
674 2438 839 2479 ANTE
881 2435 1234 2480 GEHENNAM
1276 2434 1547 2477 CRUCIET
1593 2435 1608 2475 2

2130 2332 2145 2372 2
2192 2332 2273 2374 ET
2314 2331 2485 2385 QUOD
2535 2333 2928 2375 INJURIARUM
2988 2332 3288 2377 MEMORIA
3345 2334 3625 2379 HOMINES

1654 2430 1983 2475 POSTREMO
2025 2432 2108 2473 DE
2151 2432 2443 2476 VITANDIS
2493 2432 2906 2489 JUBAMENTIS,
2938 2434 3019 2477 ET
3060 2435 3145 2476 DE
3187 2435 3290 2487 IIS,
3323 2434 3431 2489 QUI
3457 2436 3628 2479 NON-

433 2542 569 2584 DUM
612 2541 684 2583 SE
727 2539 831 2582 ITA
876 2536 1350 2591 CORREXERINT,
1395 2535 1478 2577 UT
1520 2533 1644 2577 NON
1687 2531 1961 2577 AMPLIUS
2008 2530 2273 2575 JURENT.

1874 2672 2134 2724 Ὀζοῦ-οὶϐσ

914 2811 1131 2851 ηοκιιιλ
1170 2810 1244 2849 xx
1272 2794 1346 2865 (a)
1359 2833 1372 2847 .

424 2895 477 2948 ί.
518 2891 599 2946 Ad
631 2891 792 2945 tinem
812 2889 1002 2960 jejunii
1023 2890 1130 2958 jam
1160 2896 1369 2956 tempus
1393 2884 1751 2955 deproperat:
1775 2896 1942 2953 quare

351 2998 406 3043 et
432 3000 533 3041 nos
557 2983 745 3054 majori
773 2983 950 3037 studio
970 2981 1156 3037 virtuti
1182 2992 1403 3050 operam
1427 2977 1616 3033 demus
1642 2978 1694 3043 ¹;
1718 2985 1776 3031 ut
1796 2976 1939 3031 enim

352 3076 691 3133 currentibus
732 3074 899 3129 multa
943 3072 1111 3127 stadia
1153 3070 1389 3126 emensis
1435 3068 1569 3124 nihil
1616 3068 1771 3134 lucri,
1817 3067 1864 3122 si
1910 3082 1939 3121 a

354 3168 578 3237 praemio
606 3164 856 3221 excidant
886 3183 901 3217 :
944 3164 1016 3217 ita
1043 3161 1173 3216 nihil
1202 3160 1356 3216 nobis
1380 3158 1513 3213 lucri
1539 3157 1641 3214 erit
1668 3173 1733 3212 ex
1764 3157 1943 3212 multis

355 3258 630 3313 laboribus
668 3264 724 3310 et
763 3253 1050 3310 sudoribus
1087 3250 1295 3321 jejunio
1328 3248 1631 3319 insumptis,
1673 3246 1776 3301 nisi
1821 3261 1941 3300 cum

358 3362 489 3417 pura
511 3344 842 3403 conscientia
886 3357 1035 3397 sacra
1067 3356 1253 3396 mensa
1281 3340 1383 3395 frui
1408 3340 1693 3410 possimus.
1724 3338 1805 3392 0b
1845 3337 1946 3391 hoc

358 3438 500 3492 enim
525 3437 783 3506 jejunium
799 3431 1275 3503 etQuadragesima
1297 3438 1352 3486 et
1372 3439 1450 3486 tot
1467 3430 1670 3486 dierum
1695 3442 1943 3499 synaxes,

360 3527 676 3593 auditiones,
708 3540 894 3595 preces
921 3534 976 3579 et
999 3523 1257 3578 doctrina:
1284 3529 1551 3591 susceptae
1580 3529 1725 3587 sunt,
1743 3528 1801 3573 ut.
1821 3519 1945 3572 abso

363 3616 522 3671 tersis
559 3615 850 3671 sceleribus
888 3629 983 3683 per
1006 3612 1300 3668 istiusmodi
1326 3612 1554 3667 studium
1580 3612 1602 3643 '
1619 3652 1636 3678 ,
1658 3626 1774 3679 quae
1797 3610 1950 3662 nobis

366 3710 465 3763 hoc
508 3722 652 3761 anno
679 3721 1016 3777 quocumque
1043 3703 1205 3759 modo
1255 3703 1400 3757 allita
1436 3702 1795 3763 inhaeserunt,
1826 3715 1947 3754 cum

365 3798 629 3868 spirituali
673 3797 863 3851 ﬁducia
904 3797 1044 3850 illius
1088 3794 1345 3848 incruenti
1392 3792 1633 3847 sacriﬁcii
1662 3791 1953 3861 participes

367 3888 725 3944 efﬁceremur.
754 3887 886 3953 Quia
912 3886 1012 3941 nisi
1038 3884 1089 3938 id
1116 3898 1481 3952 assequamur,
1511 3891 1709 3935 temere
1734 3880 1954 3935 frustra-

368 3995 471 4049 que
512 3988 568 4034 et
594 3993 715 4032 cum
745 3977 887 4031 nulla
913 3976 1136 4029 utilitate
1167 3973 1300 4028 tanti
1336 3972 1545 4026 labores
1574 3970 1782 4026 tolerati
1808 3979 1952 4025 sunt.

368 4072 605 4141 Quisque
640 4069 798 4139 igitur
834 4082 1015 4122 secum
1054 4073 1285 4135 reputet,
1330 4078 1486 4134 quem
1530 4061 1795 4117 defectum
1832 4076 1957 4117 cor-

372 4163 510 4217 rexit
530 4202 547 4226 ,
580 4175 741 4231 quam
766 4158 1013 4213 virtutem
1043 4154 1357 4225 acquisivit,
1388 4152 1528 4223 quod
1556 4160 1830 4221 peccatum
1860 4152 1959 4205 de-

375 4254 584 4323 posuit,
634 4265 791 4322 quem
827 4263 1038 4304 ntevum
1077 4246 1241 4314 eluit,
1292 4244 1585 4300 secundum
1614 4243 1742 4315 quid
1775 4242 1965 4299 melior

376 4346 544 4399 factus
569 4345 677 4398 sit:
706 4342 846 4413 quod
868 4342 913 4397 si
936 4341 1196 4397 invenerit
1220 4338 1465 4409 pulchras
1487 4337 1612 4391 istas
1634 4351 1839 4391 merces
1863 4336 1964 4390 sibi

373 4454 438 4490 ex
462 4435 667 4507 jejunio
705 4434 954 4489 adauctas
980 4448 1121 4495 esse,
1160 4438 1444 4499 certusque
1484 4429 1555 4483 sit
1598 4428 1877 4497 plurimam
1902 4441 1964 4481 se

377 4527 688 4583 vulneribus
712 4526 1019 4581 adhibuisse
1044 4538 1258 4589 curam,
1286 4522 1526 4576 accedat.
1556 4519 1708 4585 Quod
1736 4521 1780 4574 si
1809 4519 1966 4574 isthic

378 4621 673 4691 negligens,
695 4619 864 4674 solum
880 4617 1139 4687 jejunium
1155 4623 1421 4670 ostentare
1440 4616 1651 4683 poterit,
1664 4628 1764 4668 nec
1781 4613 1832 4667 in
1847 4612 1967 4666 ullis

376 4716 495 4769 aliis
522 4713 683 4768 rebus
722 4726 781 4767 se
820 4710 1208 4780 castigatiorem
1257 4706 1452 4761 factum
1498 4705 1721 4773 probare
1750 4704 1966 4773 poterit,

2050 2796 2299 2843 excusata
2321 2788 2568 2843 nimirum
2603 2791 2847 2860 corporis
2875 2790 3240 2848 imbecillitate
3261 2811 3275 2845 :
3296 2793 3341 2848 is
3365 2808 3511 2857 vero,
3539 2795 3628 2861 qui

2054 2896 2158 2933 non
2194 2881 2533 2950 castigaverit
2573 2882 2768 2936 delicta
2794 2924 2810 2951 ,
2863 2883 3191 2954 impossibile
3218 2894 3338 2952 est,
3383 2896 3440 2940 ut
3469 2887 3629 2941 ullam

2052 2972 2448 3027 excusationem
2476 2973 2733 3027 instituat.

2124 3063 2168 3115 Α
2200 3065 2378 3129 quibus
2403 3067 2668 3136 praeceptis
2714 3065 2974 3120 servandis
2998 3076 3204 3120 excusat
3235 3068 3459 3138 corporis
3484 3069 3635 3136 inﬁr-

2052 3155 2296 3207 mitas.—
2314 3154 2427 3209 Non
2440 3156 2691 3225 jejunasti
2716 3157 2784 3211 ob
2802 3158 3043 3227 corporis
3068 3158 3428 3214 infirmitatem
3456 3161 3473 3193 ¹
3493 3176 3509 3227 ;
3536 3162 3630 3216 sed

2051 3246 2137 3300 dic
2163 3246 2292 3301 mihi
2314 3288 2328 3311 ,
2355 3262 2449 3302 cur
2478 3248 2707 3303 inimicis
2742 3248 2848 3303 tuis
2890 3250 3266 3304 reconciliatus
3294 3267 3401 3306 non
3427 3251 3529 3305 es?
3567 3268 3634 3306 an

2053 3336 2143 3392 hic
2193 3336 2357 3393 habes
2407 3340 2550 3395 unde
2597 3341 2898 3411 przetendas
2939 3343 3181 3411 corporis
3235 3342 3637 3399 inﬁrmitatem?

2053 3428 2286 3485 Rursum
2315 3431 2359 3485 si
2402 3431 2584 3486 odium
2629 3433 2986 3504 invidiamque
3014 3436 3245 3489 retineas
3269 3478 3284 3502 ,
3312 3435 3436 3505 quid
3469 3440 3639 3505 possis

2052 3524 2410 3579 excusationis
2458 3524 2727 3595 allegare?
2779 3541 3040 3597 nusquam
3068 3527 3210 3581 enim
3241 3528 3293 3581 in
3341 3529 3636 3583 istiusmodi

2055 3613 2291 3678 delictis,
2321 3614 2388 3670 ad
2420 3617 2660 3686 corporis
2703 3616 3119 3674 imbecillitatem
3160 3622 3448 3691 confugere
3486 3622 3629 3677 licet.

2058 3709 2234 3779 Atque
2254 3708 2306 3764 id
2328 3708 2528 3764 Christi
2560 3708 2905 3765 humanitatis
2929 3727 3064 3782 opus
3080 3721 3185 3777 est,
3214 3714 3355 3783 quod
3379 3716 3643 3784 przecipua

2059 3809 2114 3855 ct
2141 3801 2300 3854 vitam
2331 3810 2572 3856 nostram
2620 3802 2945 3857 continentia
2992 3814 3257 3873 praecepta
3307 3804 3433 3858 nihil
3463 3821 3492 3858 a
3519 3821 3642 3860 cor-

2065 3892 2212 3963 poris
2236 3892 2547 3947 inﬁrmitate
2591 3892 2868 3947 laedantur.
2909 3892 3174 3949 Caeterum
3206 3897 3454 3964 quoniam
3494 3911 3645 3966 :nque

2063 3984 2315 4038 omnibus
2340 3984 2509 4038 sacris
2540 3984 2743 4053 legibus
2782 3983 3112 4053 indigemus,
3140 3999 3203 4039 ac
3231 3985 3281 4038 in
3310 3986 3494 4055 primis
3514 3986 3601 4040 illa
3626 4027 3643 4051 ,

2064 4090 2186 4146 qua:
2231 4075 2506 4131 interdicit
2533 4076 2837 4131 inimicitias
2866 4077 3169 4147 irarumque
3195 4080 3643 4149 perpetuitatem,

2065 4164 2160 4220 sed
2191 4166 2681 4222 reconciliationem
2724 4168 2901 4221 statim
2936 4168 3051 4222 ﬁeri
3074 4167 3248 4237 jubet,
3280 4185 3406 4240 age.
3438 4170 3507 4225 de
3546 4172 3646 4228 hoc

2073 4267 2341 4327 prmerpto
2374 4273 2515 4312 nunc
2558 4258 2609 4312 in
2656 4259 2939 4327 prmsentia
2992 4260 3341 4329 disputemus.
3387 4261 3459 4317 Ut
3497 4265 3641 4318 enim

2074 4349 2419 4404 fornicantem
2448 4350 3004 4421 blasphemautemque
3030 4352 3354 4421 impossibile
3379 4362 3463 4408 est
3480 4370 3648 4410 sacra:

1999 4486 2005 4491 .
2075 4459 2277 4499 mensae
2304 4445 2615 4514 participem
2646 4442 2781 4505 ﬁeri,
2809 4443 2881 4497 ita
2907 4459 3116 4511 quoque
3142 4445 3229 4513 qui
3255 4444 3555 4499 inimicitias
3572 4446 3651 4501 fo-

2064 4544 2176 4600 vet,
2215 4543 2314 4589 aut
2344 4534 2401 4589 in
2438 4534 2519 4589 ira
2552 4534 2803 4604 pertinax
2829 4542 2937 4596 est,
2960 4548 3071 4587 non
3116 4540 3298 4604 potest
3328 4532 3437 4587 frui
3466 4543 3657 4590 sancta

2066 4627 2489 4692 communione;
2527 4641 2706 4696 neque
2741 4626 2795 4681 id
2834 4625 3131 4681 immerito.
3158 4625 3263 4692 Qui
3303 4626 3449 4681 enim
3485 4643 3660 4682 mere-

2066 4721 2297 4776 tricatus
2327 4727 2439 4783 est,
2463 4728 2557 4774 aut
2581 4718 2912 4775 adulterium
2934 4719 3234 4786 commisit,
3259 4720 3425 4775 simul
3451 4730 3511 4775 ut
3541 4722 3662 4775 ani-

382 4807 509 4861 loris
531 4813 761 4868 maneat,
784 4819 847 4858 ac
867 4814 976 4857 tum
1000 4803 1246 4868 introeat,
1268 4815 1387 4855 cum
1415 4814 1473 4853 se
1492 4800 1558 4853 ab
1582 4798 1828 4853 omnibus
1850 4808 1978 4864 pec-

385 4898 523 4953 catis
546 4896 871 4966 expurgarit.
903 4891 1129 4965 (Nullus
1157 4892 1209 4945 in
1237 4893 1352 4945 solo
1375 4890 1577 4959 jejunio
1605 4887 1848 4943 fiduciam
1876 4885 1971 4939 ha-

390 4989 547 5054 beat,
578 4986 668 5057 qui
701 4985 842 5040 vitiis
887 4985 1003 5039 sine
1042 4981 1418 5038 emendatione
1464 4980 1689 5033 inlimsit.
1720 4978 1739 5047 )
1769 4978 1840 5046 (ὁ)
1871 4976 1975 5031 Fas

390 5080 534 5133 enim
563 5086 646 5133 est
667 5093 787 5133 eum
805 5116 821 5142 ,
844 5075 934 5145 qui
972 5088 1076 5127 non
1099 5072 1441 5142 jejunaverit,
1485 5070 1691 5123 veniam
1719 5065 1973 5136 consequi

2069 4828 2223 4867 mum
2246 4813 2505 4883 explevit,
2524 4811 2686 4866 ﬁnem
2714 4821 2941 4882 peccato
2971 4812 3231 4882 imposuit
3256 4829 3270 4866 :
3296 4813 3442 4882 quod
3462 4815 3508 4869 si
3527 4815 3665 4869 resi~

2069 4908 2287 4977 piscens
2304 4921 2362 4961 se
2379 4922 2410 4961 a
2425 4906 2581 4976 lapsu
2600 4906 2839 4962 excitare
2851 4906 3081 4960 voluerit
3099 4920 3463 4977 magnamque
3479 4917 3665 4962 osten-

2068 5000 2212 5055 derit
2248 5000 2647 5070 paenitentiam,
2680 5007 3011 5069 assequetur
3037 4998 3277 5069 aliquam
3319 4999 3661 5054 consolatio-

2072 5106 2195 5145 nem
2216 5107 2231 5155 ;
2251 5090 2343 5161 qui
2370 5101 2553 5144 autem
2575 5090 2875 5146 simultatis
2895 5098 3058 5145 tenax
3085 5098 3190 5151 est.
3217 5090 3449 5161 singulis
3466 5089 3663 5144 diebus

2070 5190 2353 5252 peccatum
2373 5179 2523 5244 facit,
2543 5195 2643 5235 nec
2658 5195 2919 5250 umquam
2938 5181 3069 5235 illud
3085 5181 3339 5237 absolvit.
3359 5181 3478 5236 Illic
3499 5183 3663 5239 simul

2086 5279 2207 5318 cum
2255 5262 2452 5331 ﬂagitio
2480 5261 2751 5331 expletum
2797 5269 2881 5315 est
2931 5272 3205 5330 peccatum
3230 5267 3274 5326 ',
3299 5268 3387 5316 hic
3426 5264 3665 5331 quotidie

2090 5358 2230 5412 idem
2261 5356 2436 5410 scelus
2481 5362 2717 5408 tentatur
2749 5370 2763 5406 :
2794 5368 2952 5423 quam
2993 5354 3150 5422 igitur
3188 5354 3395 5407 veniam
3428 5356 3655 5423 sperabi-

2097 5448 2352 5517 mus,.qui
2382 5462 2479 5501 nos
2520 5446 2612 5501 tali
2639 5445 2827 5500 bellum
2865 5444 3008 5499 ultro
3054 5445 3344 5500 dedimus?
3390 5446 3665 5511 Quomodo

457 5257 473 5287 ί
509 5262 614 5305 Sav.
640 5254 689 5302 in
712 5252 931 5314 margine
958 5256 1011 5298 et
1030 5247 1213 5314 aliquot
1234 5252 1361 5303 Mss,
1389 5240 1727 5306 compellamus
1748 5253 1849 5299 nos,
1878 5238 1978 5297 vel,

388 5315 684 5368 concitemus
703 5315 766 5363 ad
784 5308 1018 5372 majorem
1042 5308 1279 5358 rirtutem.
1355 5366 1385 5373 __
1514 5364 1546 5373 __

458 5361 679 5426 finiret.
700 5361 750 5425 et
772 5361 965 5437 quidam
987 5379 1114 5429 Mss.,
1139 5382 1225 5432 per
1249 5366 1469 5418 studium
1493 5364 1767 5415 divinorum
1783 5361 1985 5413 manda-

390 5446 573 5490 torum.

464 5484 683 5561 tam
702 5492 1093 5561 hominem
1129 5498 1206 5541 εει
1242 5503 1351 5561 cum
1377 5489 1634 5561 CQ‘liCi‘l‘li
1660 5484 1983 5561 “estiin

396 5525 540 5618 ιθὲἑζ
562 5525 1102 5630 ἓῇῖὲυῷζῖδονὲὶΐᾶ
1122 5525 1232 5604 ξιῑῑη
1242 5525 1529 5601 “(maias
1538 5525 1867 5609 ξῑῆίςδέιῑίίέ
1876 5525 1985 5597 ΕΞὗί

400 5633 457 5673 et
479 5621 658 5672 Morelli
682 5618 988 5669 lectionibus.
1027 5677 1040 5680 _
1233 5673 1246 5680 _
1327 5673 1340 5680 _
1630 5671 1659 5680 __
1758 5677 1765 5680 _
1839 5669 1866 5680 ,,

465 5669 684 5747 (ίὺῖριιω
707 5684 838 5747 intra
856 5673 1508 5747 parentheStmclauduntur,
1536 5671 1661 5747 _savil
1723 5677 1774 5721 et
1809 5669 1991 5737 aliquot

404 5734 807 5807 atssfposuerunt
829 5734 878 5791 in
901 5753 1054 5802 marg.
1079 5752 1094 5800 ;
1118 5737 1206 5787 sed
1229 5738 1391 5787 omisit
1407 5734 1571 5784 Morel.

2160 5606 2176 5636 ⁸
2211 5600 2351 5653 Savil.
2377 5609 2429 5652 et
2443 5600 2625 5663 aliquot
2638 5599 2802 5657 Codd.,
2821 5597 2883 5663 oh
2898 5596 3112 5663 corporis
3137 5596 3208 5663 tui
3228 5603 3467 5663 naturam.

2162 5668 2184 5698 '
2216 5664 2354 5713 savii.
2379 5665 2428 5710 in
2450 5658 2667 5725 margine
2693 5676 2705 5710 ε
2734 5658 2995 5725 thuidem
3017 5658 3065 5707 in
3088 5658 3341 5725 (uiuiterio,
3366 5672 3472 5725 cum
3494 5658 3677 5724 [luga-fa

2102 5728 2345 5790 expletum
2356 5732 2427 5776 est
2454 5720 2715 5787 perditum.
2741 5729 2794 5771 Et
2816 5720 2884 5771 Sic
2906 5721 3095 5771 videtur
3120 5720 3305 5785 legisse
3329 5720 3535 5771 Nannius
