4112 6388
483 334 580 392 199

489 448 778 522 postulabis
809 447 974 504 Deum
1005 446 1100 503 tibi
1121 456 1458 502 mansuetum
1487 455 1544 502 et
1568 447 1750 501 mitem
1776 445 1913 511 fieri,
1945 459 2066 498 cum

487 553 545 597 tu
575 555 838 597 conservo
863 549 957 594 tuo
983 547 1089 594 tam
1111 539 1288 609 gravis
1323 536 1398 592 sis
1428 545 1484 593 et
1509 536 1891 593 inexorabilis?
1913 535 2066 602 Esto,

488 633 812 690 contumelia
846 642 897 687 te
927 630 1104 686 affecit
1140 645 1434 686 conservus
1462 647 1477 685 :
1503 644 1684 684 nonne
1710 636 1763 682 tu
1789 642 1934 697 saepe
1960 627 2070 681 Deo

483 726 837 784 contumelias
865 723 1168 792 facisYQuid
1181 724 1383 794 tequale
1404 723 1544 777 inter
1567 721 1843 776 dominum
1869 727 1925 773 et
1951 733 2067 773 ser-

439 843 460 861 ς
485 819 636 874 vum?
656 817 812 888 Atqui
836 816 922 871 hic
943 815 1209 872 interdum
1235 816 1619 870 contumeliose
1645 813 2070 880 habitus,contu-

487 912 699 967 meliam
732 909 870 964 forte
898 907 1156 978 reposuit,
1185 917 1600 978 etexasperatus
1615 921 1706 971 es;
1735 915 1790 959 tu
1817 904 2072 958 adversus

490 1004 772 1058 Dominum
797 1001 1185 1058 contumeliose
1212 1001 1347 1072 agis,
1370 1001 1498 1055 nihil
1520 1000 1732 1070 quidem
1761 1000 1830 1054 ab
1860 998 1951 1052 illo
1983 999 2073 1053 la:-

484 1113 578 1152 sus
600 1139 615 1161 ,
647 1096 740 1152 sed
769 1095 1038 1166 perpetuis
1058 1095 1298 1165 quotidie
1327 1093 1598 1149 beneficiis
1625 1091 1867 1147 allectus.
1890 1091 2074 1162 Cogita

486 1202 614 1257 ergo
628 1187 767 1257 quod
789 1187 833 1241 si
851 1186 1013 1242 vellet
1025 1186 1168 1240 Deus
1183 1184 1440 1239 adversus
1454 1199 1514 1240 se
1538 1185 1823 1238 commissa
1845 1183 2039 1252 diligen
2053 1213 2074 1226 -

489 1288 573 1332 ter
599 1279 881 1347 exquirere
905 1318 921 1344 ,
951 1291 1018 1330 ne
1045 1276 1111 1329 ad
1131 1292 1291 1330 unum
1321 1275 1534 1345 quidem
1561 1275 1705 1330 diem
1751 1276 2074 1330 viveremus.

490 1369 724 1434 Peccata,
755 1369 919 1434 enim,
944 1368 1130 1436 inquit,
1147 1369 1192 1422 si
1218 1369 1569 1433 observaveris,
1587 1366 1821 1432 Domine,
1840 1366 2075 1431 Domine,

490 1464 602 1534 quis
651 1463 913 1516 sustinebit
960 1462 978 1533 (
1019 1459 1162 1516 Psal.
1191 1461 1313 1517 129.
1343 1459 1458 1532 3)?
1501 1461 1567 1514 Et
1601 1473 1659 1515 ut
1704 1460 1946 1515 omittam
1975 1459 2076 1512 alia

491 1556 670 1610 omnia
719 1563 969 1626 peccata,
1002 1569 1123 1623 quae
1167 1554 1282 1608 sola
1324 1552 1584 1623 cujusque
1629 1551 1926 1622 peccatoris
1952 1566 2079 1606 con-

494 1647 712 1701 scientia
743 1645 954 1714 cognita
988 1645 1179 1706 habet,
1211 1654 1261 1698 et
1292 1644 1381 1698 ubi
1429 1653 1626 1714 praeter
1673 1644 1838 1699 Deum
1875 1644 2076 1697 nullum

491 1749 681 1794 testem
711 1736 1049 1801 reformidat,
1074 1737 1118 1790 si
1147 1735 1212 1790 de
1237 1735 1501 1792 confessis
1545 1735 1661 1790 istis
1688 1745 1740 1789 et
1769 1735 1970 1805 apertis
1995 1749 2081 1788 ra-

495 1832 698 1886 tionem
724 1843 1152 1900 reposceremur,
1174 1843 1332 1898 quam
1355 1828 1565 1882 veniam
1591 1868 1608 1892 ,
1630 1841 1833 1897 quaeso,
1864 1840 2082 1895 sperare

492 1920 844 1992 possemus,si
863 1919 1166 1974 nostramin
1181 1919 1429 1988 precibus
1457 1918 1698 1972 inertiam
1727 1925 1780 1971 et
1807 1917 2075 1986 negligen-

496 2015 621 2069 tiam
651 2009 1162 2082 expenderetzquod
1188 2025 1368 2064 coram
1397 2024 1463 2064 eo
1494 2009 1850 2064 consistentes
1877 2007 2081 2076 ipsum-

494 2122 599 2177 que
627 2107 954 2170 invocantes,
970 2118 1039 2158 ne
1063 2111 1264 2157 tantum
1284 2101 1496 2172 quidem
1514 2100 1730 2171 pudoris
1759 2108 1813 2155 et
1832 2113 2084 2154 reveren-

495 2197 582 2251 tia:
601 2195 932 2260 exhibemus,
957 2202 1210 2264 quantum
1225 2193 1364 2247 servi
1381 2191 1610 2246 dominis
1624 2193 1755 2258 suis,
1778 2200 1870 2245 aut
1888 2189 2084 2245 milites

495 2288 740 2354 ducibus,
754 2296 847 2342 aut
867 2286 1022 2340 amici
1040 2285 1258 2338 aluit-isi
1275 2300 1395 2338 cum
1408 2283 1579 2336 amico
1592 2283 1733 2337 enim
1749 2281 2082 2351 colloquens,

498 2396 619 2433 cum
647 2378 938 2432 attentione
965 2375 1090 2429 illud
1114 2374 1265 2440 facis;
1288 2389 1407 2427 cum
1431 2373 1539 2428 Deo
1567 2383 1744 2428 autem
1761 2371 1830 2428 de
1849 2371 2085 2442 peccatis

500 2470 604 2523 tuis
615 2466 1315 2538 agens,etcondonationem
1331 2466 1602 2535 postulans
1617 2465 1888 2520 etveniatn
1904 2479 2084 2530 orans,

501 2559 730 2614 subinde
760 2557 1386 2628 torpescis,genibusque
1412 2557 1557 2612 humi
1590 2557 1794 2626 positis,
1825 2571 1967 2626 smpe
1993 2571 2089 2624 per

507 2650 701 2714 forum,
735 2661 879 2717 saepe
907 2663 1000 2717 per
1028 2647 1172 2701 mdes
1201 2655 1432 2701 mentem
1466 2656 1608 2701 tuam
1647 2646 1882 2716 divagari
1911 2646 2044 2700 sinis
2069 2685 2084 2711 ,

503 2758 598 2797 ore
627 2753 718 2797 tuo
747 2741 958 2796 interim
989 2749 1193 2796 temere
1222 2739 1557 2810 inaniterque
1591 2741 1860 2810 garriente
1886 2757 1900 2794 :
1930 2739 2088 2810 idque

501 2851 607 2889 non
634 2836 794 2890 semel
819 2844 909 2888 aut
935 2835 1037 2899 bis,
1066 2835 1159 2889 sed
1189 2834 1493 2906 frequenter
1513 2835 1669 2890 nobis
1689 2835 1917 2891 accidit:
1937 2839 2084 2906 quod

502 2929 548 2982 si
591 2928 673 2984 vel
729 2927 853 2981 illud
900 2927 1073 2981 solum
1108 2927 1407 2997 ponderare
1438 2927 1571 2982 velit
1593 2927 1764 2995 Deus,
1790 2943 1858 2982 an
1879 2929 2088 2982 veniam

502 3031 657 3091 putas
682 3019 1090 3075 obtinehiu‘tus?
1134 3035 1202 3074 an
1247 3021 1614 3090 purgationem
1655 3021 1888 3092 aliquam
1933 3021 2092 3076 ador-

504 3129 634 3168 nare
655 3111 1128 3182 poterimus‘lllihi
1149 3121 1294 3166 certe
1314 3111 1366 3167 id
1396 3111 1510 3166 fieri
1542 3126 1646 3167 non
1675 3127 1831 3181 posse
1858 3111 2089 3168 videtur.

580 3204 636 3258 9...
667 3203 803 3271 Quid
851 3204 894 3256 si
924 3203 1035 3272 jam
1067 3205 1304 3258 convicia
1347 3203 1540 3273 quibus
1574 3203 1808 3273 quotidie
1837 3203 1926 3258 alii
1960 3205 2092 3261 alios

505 3296 841 3355 incessimus,
876 3295 929 3348 in
960 3293 1194 3349 medium
1237 3293 1571 3363 produxerit,
1597 3293 1903 3365 judiciaque
1933 3294 2090 3364 inop-

504 3394 727 3456 portuua
759 3426 773 3449 ,
829 3385 1020 3454 quibus
1079 3385 1384 3453 proximum
1429 3384 1890 3452 condemnemus,
1935 3385 2093 3455 idque

504 3477 652 3531 nulla
679 3475 780 3530 alia
802 3475 870 3530 de
894 3491 1076 3542 causa,
1097 3490 1255 3545 quam
1281 3475 1421 3545 quod
1450 3475 1697 3531 maledici
1721 3491 1942 3544 sumus;
1965 3477 2092 3547 qttid

507 3568 798 3638 poterimus
824 3606 843 3633 ,
871 3581 1086 3636 qumso,
1134 3582 1231 3635 pro
1276 3565 1590 3622 defensione
1634 3575 1813 3622 nostra
1855 3567 2094 3623 afferre?

508 3659 737 3712 Rursum
791 3656 836 3710 si
885 3657 1157 3712 examinet
1219 3657 1462 3711 curiosos
1512 3668 1725 3713 nostros
1775 3659 1997 3714 intuitus
2041 3666 2096 3714 et

506 3747 668 3803 animi
698 3761 892 3817 pravas
913 3746 1250 3816 cupiditates,
1273 3747 1497 3803 subinde
1525 3749 1766 3819 turpibus
1788 3760 1840 3805 et
1866 3748 2094 3804 immun-

509 3841 592 3896 dis
619 3840 1025 3910 cogitationibus
1053 3839 1282 3894 imbutas
1304 3882 1318 3906 ,
1347 3840 1471 3894 dum
1503 3841 1690 3896 oculos
1713 3841 1951 3912 quolibet
1976 3843 2093 3898 sine

508 3935 612 3989 ulla
659 3933 1033 3988 observatione
1085 3934 1339 3989 oberrare
1387 3935 1648 4002 sinimus,
1677 3951 1836 4006 quam
1884 3951 2093 4005 ptenam

512 4026 745 4083 iuemus?
765 4025 914 4094 Quod
936 4026 979 4079 si
1011 4025 1220 4081 ineatur
1245 4026 1379 4080 ratio
1402 4037 1703 4082 nostrorum
1725 4029 2092 4082 conviciorum

509 4119 670 4188 (nam
705 4115 806 4184 Qui
831 4117 976 4186 fratri
996 4133 1087 4170 suo
1113 4117 1294 4172 dixerit
1319 4159 1336 4184 ,
1369 4117 1556 4179 Fatue.
1582 4135 1699 4173 reus
1722 4119 1819 4173 erit
1855 4120 2097 4190 gehennae

510 4210 642 4280 ignis
663 4207 874 4282 [Matth.
902 4210 954 4265 5.
987 4207 1128 4282 22]),
1155 4227 1279 4264 num
1308 4211 1392 4265 vel
1412 4225 1473 4265 os
1500 4211 1754 4267 diducere
1781 4213 1861 4266 vel
1890 4212 2096 4268 hiscere

513 4300 709 4364 licebit,
738 4311 830 4353 aut
876 4315 1100 4369 parvum
1149 4311 1240 4355 aut
1285 4317 1535 4373 maguum
1584 4303 2095 4373 reSpondereUam

517 4392 702 4445 inanes
721 4401 931 4444 nostras
954 4391 1297 4460 gloriationes
1318 4393 1385 4447 de
1411 4393 1656 4463 precibus
1674 4395 1753 4449 vel
1772 4394 1989 4465 jejuniis
2012 4398 2096 4450 vel

513 4481 875 4552 eleemosynis
904 4483 1122 4547 nostris,
1153 4483 1196 4536 si
1229 4484 1278 4537 in
1308 4483 1728 4554 disquisitionem
1759 4496 2093 4550 revocentur,

515 4591 621 4628 non
650 4589 679 4627 a
710 4574 840 4639 Deo,
873 4574 965 4628 sed
994 4590 1022 4626 a
1057 4576 1210 4629 nobis
1242 4576 1370 4648 ipsis
1394 4579 1480 4647 qui
1507 4580 1847 4644 peccavimus
1878 4595 1983 4634 :an
2005 4597 2098 4635 au-

514 4666 759 4720 debimus
787 4665 873 4720 vel
898 4665 1084 4720 crium
1116 4668 1418 4734 respicere?
1451 4669 1615 4723 Porro
1637 4670 1680 4725 si
1702 4670 1772 4726 de
1796 4670 1935 4726 dolis
1958 4671 2098 4741 judi-

515 4759 654 4813 cium
682 4757 794 4823 fiat,
826 4773 961 4827 quos
994 4758 1082 4813 alii
1134 4759 1185 4812 in
1217 4759 1351 4814 alios
1379 4761 1723 4828 censuimus,
1771 4778 1914 4818 nunc
1955 4779 2094 4833 prte-

516 4864 720 4905 sentem
748 4850 1022 4905 laudantes
1039 4850 1278 4916 fratrem,
1294 4869 1356 4907 ac
1371 4869 1490 4908 cum
1514 4871 1578 4910 eo
1607 4856 1757 4926 quasi
1783 4872 1903 4911 cum
1925 4859 2098 4912 amico

516 4943 779 5013 colloquia
814 4943 1124 5010 miscentes,
1147 4961 1290 5000 nunc
1319 4946 1594 5002 absentem
1625 4949 2004 5004 criminantes:
2028 4966 2095 5005 au

517 5049 672 5103 pares
698 5032 899 5088 erimus
929 5034 1230 5092 istiusmodi
1263 5037 1474 5108 βαξηωῖ
1499 5039 1635 5108 Quid
1663 5040 1836 5096 dicam
1860 5040 1928 5096 de
1948 5041 2096 5112 jura-

517 5123 737 5191 mcutis,
769 5124 1082 5192 mendaciis,
1113 5127 1364 5199 perjuriis
1383 5175 1401 5200 ,
1432 5134 1631 5200 injusto
1658 5134 1857 5201 furore,
1891 5135 2056 5191 livore
2076 5177 2092 5197 .

512 5236 622 5290 quo
653 5236 797 5291 saepe
837 5220 1146 5276 invidemus
1185 5223 1319 5278 viris
1357 5222 1673 5292 conspicuis
1707 5239 1814 5279 non
1859 5224 2104 5280 inimicis

514 5314 698 5379 modo,
732 5315 826 5369 sed
850 5314 1080 5369 amicis?
1101 5313 1232 5383 quid
1249 5313 1394 5383 quod
1419 5313 1759 5371 oblectamur
1773 5315 1968 5372 alienis
1987 5334 2105 5372 ma-

512 5406 604 5472 lis,
627 5407 1075 5476 arbitramurque
1099 5406 1335 5462 alienam
1355 5406 1722 5464 infelicitatem
1743 5411 1914 5466 nostri
1936 5410 2106 5466 infor-

515 5499 656 5552 tunii
684 5499 938 5554 solatium
961 5500 1122 5554 esse?

584 5588 1060 5655 Confabulationes
1090 5593 1146 5645 in
1170 5592 1395 5647 ecclesia
1434 5594 1731 5662 prohibita.
1765 5628 1834 5638 —
1857 5597 2013 5665 Quod
2054 5598 2101 5654 si

512 5683 753 5750 torporis
778 5684 952 5738 nostri
985 5685 1039 5738 in
1065 5701 1224 5740 sacra
1251 5687 1473 5742 collecta
1504 5689 1641 5744 ratio
1657 5691 1926 5761 exigatur,
1945 5693 2103 5763 quid-

513 5788 638 5826 nam
659 5774 966 5844 paticmur?
993 5773 1126 5831 lllud
1151 5778 1352 5849 quippe
1376 5795 1483 5834 non
1503 5779 1786 5852 ignoratis,
1814 5783 1958 5853 quod
1982 5785 2100 5854 ipso

1227 328 1288 387 8.
1325 328 1605 387 JOANNIS
1642 325 2114 386 CllRYSOSTOMl
2153 327 2473 386 ARClllEP.
2512 328 3046 387 CONSTAN'l‘lNOP.

3656 337 3770 394 900

2173 445 2288 500 Deo
2313 459 2458 516 sazpe
2481 460 2580 518 per
2609 446 2921 517 prophetam
2948 463 3068 503 cum
3111 447 3358 505 omnibus
3401 451 3556 510 nobis
3596 453 3771 510 ουιιο.

2175 545 2391 606 quente,
2422 538 2617 593 multas
2643 553 2973 610 magnasque
2996 538 3349 595 fabulationes
3363 555 3484 597 cum
3507 546 3769 612 proximis

2177 625 2490 693 habeamus,
2533 627 2602 684 de
2639 629 2799 684 rebus
2840 630 2908 684 ad
2948 646 3047 685 nos
3093 631 3314 686 minime
3353 633 3766 702 pertinentibus.

2176 718 2330 787 Quod
2377 720 2422 774 si
2461 720 2643 790 igitur,
2687 721 2899 777 omissis
2939 721 3148 777 caeteris
3193 723 3479 790 omnibus,
3529 740 3624 795 par
3676 727 3772 781 isti

2176 810 2372 866 delicto
2419 812 2734 881 supplicium
2775 814 3076 883 postuletur
3110 855 3124 880 ,
3159 812 3286 882 quid
3335 815 3596 885 reliquum
3639 819 3772 881 erit,

2179 901 2320 972 quod
2361 901 2431 957 de
2468 903 2642 959 salute
2687 905 2964 974 speretur?
3003 904 3081 959 Ne
3129 906 3406 961 existimes
3451 906 3504 962 id
3546 922 3772 977 parvum

2179 993 2380 1047 crimen
2409 1008 2530 1049 esse
2557 1012 2570 1047 :
2599 995 2714 1065 ejus
2749 996 2892 1051 enim
2939 998 3357 1068 magnitudinem
3383 999 3426 1055 si
3458 1001 3773 1074 perspicere

2179 1085 2450 1155 cupias,in
2475 1086 2634 1142 rebus
2666 1087 2908 1143 humanis
2934 1088 3361 1160 perSpiciendum
3386 1099 3488 1145 est.
3518 1091 3667 1147 Aude
3692 1093 3775 1146 sis

2182 1187 2410 1246 praztore
2429 1187 2603 1233 tecum
2625 1178 2784 1233 verba
2808 1178 3058 1244 habente,
3079 1179 3186 1234 imo
3207 1181 3288 1235 vel
3303 1181 3476 1236 amico
3495 1183 3774 1253 aliquanto

2182 1268 2510 1335 honestiore,
2557 1283 2622 1324 eo
2664 1268 2866 1325 omisso
2905 1285 3208 1325 sermonem
3254 1279 3399 1326 tuum
3447 1272 3513 1328 ad
3555 1288 3770 1328 servum

2181 1361 2492 1428 transferre,
2525 1376 2587 1416 ac
2624 1369 2736 1415 tum
2783 1361 2989 1416 videbis
3028 1372 3283 1432 quantum
3327 1365 3501 1418 scelus
3543 1365 3767 1430 audeas,

2181 1472 2303 1511 cum
2348 1455 2577 1527 idipsum
2607 1456 2659 1510 in
2685 1455 2853 1511 Deum
2895 1455 3046 1510 facis.
3095 1455 3246 1524 Quod
3276 1458 3320 1510 si
3350 1457 3624 1512 honestior
3669 1458 3771 1511 ali-

2182 1547 2301 1618 quis
2314 1545 2616 1616 hujusmodi
2632 1546 3008 1602 contumeliam
3027 1547 3363 1617 neglecturus
3388 1564 3493 1602 non
3511 1557 3611 1615 est,
3628 1549 3771 1604 Deus

2186 1649 2364 1692 tamen
2416 1636 2606 1692 iisdem
2659 1637 3053 1708 majoribusque
3102 1638 3308 1708 injuriis
3355 1639 3595 1710 pulsatus
3639 1655 3771 1709 qun.

2187 1731 2334 1795 tidie,
2362 1744 2463 1785 nec
2491 1729 2560 1784 ab
2587 1745 2694 1784 uno
2721 1739 2813 1783 aut
2838 1731 3007 1784 altero
3024 1730 3104 1784 vel
3125 1746 3155 1783 a
3185 1731 3353 1785 tribus
3389 1731 3582 1797 solum,
3615 1732 3706 1786 sed
3739 1748 3769 1784 a

2185 1821 2341 1875 nobis
2365 1819 2536 1875 ferme
2555 1820 2826 1887 omnibus,
2841 1820 2893 1874 in
2915 1820 3321 1876 mansuetudine
3345 1837 3439 1875 sua
3462 1831 3516 1875 et
3542 1821 3771 1876 toleran-

2187 1914 2257 1966 tia
2286 1919 2622 1982 perseverat,
2651 1927 2810 1982 quam
2842 1928 2948 1966 non
2976 1913 3148 1968 solum
3174 1913 3428 1968 adversus
3453 1914 3770 1981 istiusmodi,

2187 2007 2283 2062 sed
2313 2015 2368 2062 et
2393 2005 2494 2060 alia
2523 2005 2691 2061 multo
2723 2005 2968 2077 graviora
2998 2015 3298 2060 conservat.
3327 2005 3452 2060 ch
3479 2007 3618 2060 enim
3643 2020 3775 2060 con-

2188 2099 2328 2155 fessa
2357 2108 2413 2154 et
2435 2099 2724 2155 manifesta
2751 2107 2877 2155 sunt
2903 2099 3096 2155 delicta
3140 2117 3258 2170 qua:
3295 2100 3677 2171 prapemodum
3705 2102 3777 2156 al:

2189 2192 2439 2248 omnibus
2476 2191 2853 2261 designantur;
2883 2201 3008 2246 sunt
3045 2201 3227 2246 autem
3274 2202 3329 2247 et
3378 2193 3502 2259 alia,
3547 2209 3774 2262 quorum

2189 2286 2445 2356 cujusque
2468 2286 2766 2356 peccatoris
2790 2285 2999 2340 animus
3023 2293 3104 2340 est
3128 2285 3394 2340 conscius.
3417 2286 3569 2353 Quod
3593 2287 3635 2340 si
3658 2287 3775 2341 haec

2188 2379 2366 2434 olnnia
2393 2387 2572 2433 mente
2594 2378 3002 2444 revolverimus,
3019 2377 3228 2434 etiamsi
3248 2379 3482 2432 omnium
3520 2378 3776 2433 crudelis-

2191 2472 2317 2527 simi
2343 2487 2406 2527 ac
2431 2471 2802 2526 immanissimi
2831 2472 3019 2539 simus,
3045 2471 3206 2526 modo
3235 2471 3624 2526 multitudinem
3653 2486 3778 2540 pec-

2189 2580 2248 2617 ca
2259 2573 2428 2617 torum
2450 2571 2756 2617 nostrorum
2777 2561 3193 2625 consideremus,
3228 2576 3336 2631 pra:
3357 2571 3499 2615 metu
3522 2569 3575 2616 et
3596 2561 3777 2615 anxie-

2193 2662 2302 2708 tate
2328 2667 2396 2708 ne
2419 2652 2728 2707 meminisse
2752 2651 2970 2721 quidem
2999 2651 3208 2706 vacabit
3247 2660 3589 2719 acceptarum
3632 2649 3743 2720 inju
3762 2681 3776 2691 -

2191 2746 2414 2799 riarum.
2434 2743 2739 2799 Recordare
2773 2743 2915 2812 ignei
2940 2741 3108 2808 ﬂuvii,
3130 2743 3326 2797 vermis
3355 2743 3620 2804 venenati,
3651 2743 3779 2796 bor-

2194 2837 2345 2892 rendi
2389 2836 2595 2906 judicii,
2629 2835 2683 2890 in
2730 2850 2838 2906 quo
2875 2836 3052 2890 omnia
3079 2835 3216 2890 nuda
3265 2843 3321 2889 et
3347 2843 3526 2904 aperta
3573 2843 3775 2888 erunt:

2195 2929 2370 3000 cogita
2395 2928 2538 2999 quod
2564 2944 2681 2998 qua:
2705 2943 2846 2982 nunc
2872 2928 2926 2982 in
2955 2927 3135 2982 abdito
3163 2928 3349 2993 latent,
3374 2935 3500 2980 tunc
3525 2927 3575 2981 in
3603 2927 3776 2982 lucem

2196 3019 2554 3091 proferentur.
2597 3019 2750 3086 Quod
2780 3019 2826 3074 si
2852 3021 3094 3089 proximo
3133 3019 3403 3074 remiseris
3449 3028 3682 3088 peccata,
3713 3034 3776 3074 ea

2194 3126 2313 3180 qua:
2343 3119 2451 3166 tum
2481 3109 2768 3181 retegenda
2791 3118 2970 3174 erunt,
2997 3125 3139 3164 nunc
3168 3109 3219 3163 in
3253 3110 3355 3164 hoc
3383 3109 3577 3164 saeculo
3601 3109 3779 3163 abole-

2192 3201 2418 3266 buntur,
2447 3200 2725 3270 exibisque
2755 3201 2887 3255 nihil
2917 3209 3090 3255 tecum
3123 3199 3342 3255 trahens
3367 3215 3434 3256 ex
3465 3201 3570 3255 tuis
3595 3217 3780 3271 pecca-

2197 3294 2282 3359 tis,
2314 3293 2450 3348 adeo
2481 3300 2540 3347 ut
2567 3292 2734 3347 multo
2765 3292 2881 3362 plus
2910 3292 3160 3362 recipias,
3191 3308 3348 3362 quam
3373 3291 3586 3346 dedisti.
3615 3292 3776 3346 Multa

2195 3400 2340 3455 smpe
2365 3385 2666 3440 istiusmodi
2699 3383 3041 3454 deliquimus,
3073 3401 3297 3455 quorum
3341 3386 3605 3440 neminem
3645 3398 3781 3438 con-

2196 3477 2366 3532 scium
2413 3475 2678 3531 habemus
2708 3493 2721 3529 :
2750 3475 2947 3531 deinde
2971 3491 3088 3531 cum
3117 3477 3409 3546 cogitamus
3433 3477 3574 3547 quod
3603 3491 3670 3531 eo
3692 3477 3781 3531 die

2196 3576 2322 3621 ante
2362 3567 2549 3622 oculos
2601 3566 2839 3620 omnium
2881 3577 3100 3636 peccaui
3148 3578 3329 3622 nostra
3372 3578 3702 3636 exponentur
3729 3569 3780 3621 in

2199 3659 2408 3729 publico
2428 3657 2575 3714 orbis
2599 3666 2862 3714 terrarum
2886 3658 3116 3726 theatro,
3142 3661 3343 3714 tristius
3360 3660 3409 3714 id
3426 3676 3582 3730 quam
3609 3661 3781 3729 ipsum

2198 3752 2774 3821 supplicium,augente
2803 3766 2900 3806 nos
2925 3760 2982 3807 et
3007 3753 3240 3808 elidente
3265 3753 3614 3820 conscientia,
3634 3754 3782 3807 arbi-

2203 3843 2664 3898 tratnur.'l‘antum
2709 3843 2951 3914 pudoris,
2981 3854 3058 3898 tot
3088 3853 3327 3914 peceata,
3357 3852 3499 3897 tanta
3527 3844 3784 3912 supplicia

2201 3936 2389 3990 eluere
2415 3934 2544 3990 licet
2572 3951 2668 4005 per
2712 3935 3157 3990 condonationem
3199 3933 3415 3988 offensze
3447 3951 3461 3986 :
3491 3933 3622 3988 nihil
3641 3934 3786 3989 enim

2199 4039 2283 4083 est
2309 4029 2432 4084 huic
2457 4029 2640 4084 virtuti
2667 4028 2892 4098 aquale.
2927 4027 3017 4081 Vis
3045 4041 3368 4098 cognoscere
3407 4028 3562 4096 hujus
3604 4027 3787 4083 vires?

2201 4121 2263 4176 Si
2291 4122 2479 4176 steterit
2506 4119 2730 4192 Moyses,
2757 4130 2805 4174 et
2827 4119 3038 4176 Samuel
3064 4130 3181 4174 ante
3199 4121 3380 4192 faciem
3401 4120 3784 4190 meam,inquit,

2200 4230 2302 4268 non
2322 4225 2393 4268 est
2412 4214 2584 4267 anima
2606 4229 2717 4266 utea
2741 4212 2808 4266 ad
2835 4229 2920 4267 eos
2945 4210 3267 4284 (JeremJS.
3288 4211 3362 4282 1).
3378 4213 3624 4266 Attamen
3654 4227 3791 4281 quos

2202 4322 2308 4359 non
2337 4314 2622 4375 potuerunt
2645 4305 2855 4377 Moyses
2879 4316 2934 4360 et
2965 4303 3180 4360 Samuel
3217 4305 3430 4374 eripere
3453 4305 3521 4359 ab
3548 4305 3626 4359 ira
3658 4306 3786 4369 Dei,

2206 4398 2362 4468 hujus
2387 4399 2639 4469 praecepti
2665 4397 2967 4453 observatio
2995 4400 3204 4467 eripere
3242 4398 3410 4467 potuit
3437 4414 3452 4453 :
3479 4411 3544 4452 ac
3567 4397 3794 4467 proinde

2207 4491 2315 4544 illis
2359 4489 2551 4560 quibus
2596 4491 2695 4544 ista
2735 4488 2903 4555 dixit,
2945 4489 3160 4544 assidue
3206 4489 3458 4559 praecepit
3497 4487 3792 4558 inquiens:

2207 4581 2459 4654 Nequitia:
2499 4583 2670 4652 fratris
2711 4582 2859 4636 vestri
2883 4581 3072 4652 singuli
3095 4597 3160 4635 ne
3179 4581 3510 4635 recordamini
3535 4581 3589 4634 in
3617 4582 3791 4634 cordi-

2204 4675 2296 4728 bus
2315 4675 2487 4728 vestris
2517 4674 2698 4748 (Zach.
2720 4675 2771 4729 7.
2802 4674 2924 4744 l0):
2951 4671 3030 4727 De
3056 4675 3339 4744 malefactis
3365 4675 3583 4744 proximi
3606 4675 3796 4746 singuli

2205 4781 2268 4818 ne
2307 4765 2640 4836 cogitaveritis
2669 4763 2778 4836 (Id.
2809 4764 2864 4820 8.
2890 4764 3001 4836 17).
3036 4763 3152 4819 Non
3174 4765 3306 4820 dixit
3325 4766 3520 4830 solum,
3539 4765 3795 4831 Remitte,

2205 4855 2320 4919 sed,
2351 4855 2428 4911 Ne
2453 4857 2534 4911 vel
2565 4857 2618 4910 in
2649 4865 2830 4910 mente
2863 4857 3084 4922 habeas,
3115 4871 3185 4911 ne
3205 4857 3424 4927 cogites,
3457 4858 3644 4911 omitte
3674 4859 3798 4911 uni-

2207 4963 2418 5004 versam
2445 4950 2602 5014 iram,
2625 4950 2780 5006 ulcus
2809 4951 2937 5006 tolle
2966 4969 2978 5005 :
3008 4951 3137 5006 dum
3163 4951 3303 5006 enim
3323 4951 3609 5006 vindictam
3639 4952 3796 5006 ador-

2207 5054 2325 5107 nas,
2354 5041 2584 5110 primum
2609 5042 2837 5112 teipsum
2885 5052 3154 5098 tormento
3193 5042 3384 5110 afficis,
3416 5044 3582 5099 veluti
3608 5044 3653 5098 si
3680 5059 3798 5099 car-

2205 5132 2416 5187 nificem
2463 5134 2598 5188 iram
2645 5134 2739 5190 tibi
2785 5137 3154 5207 apposuisses,
3184 5138 3449 5192 dilanians
3493 5147 3582 5192 tua
3627 5139 3798 5208 ipsius

2203 5237 2410 5277 Viscera
2419 5262 2433 5276 .

2279 5313 2380 5379 Qui
2423 5317 2552 5368 iram
2596 5333 2699 5371 non
2740 5321 2987 5390 refrenat,
3013 5319 3066 5374 in
3111 5320 3338 5374 cruciatu
3379 5321 3518 5374 vivit.
3552 5350 3625 5362 —
3657 5320 3796 5389 Quid

2205 5405 2347 5459 enim
2377 5406 2625 5462 miserius
2650 5407 2866 5465 homine
2895 5411 3107 5467 assidue
3127 5411 3304 5466 irato?
3327 5411 3794 5479 Quemadmodum

2207 5497 2390 5552 furiosi
2419 5515 2704 5570 numquam
2747 5501 2998 5557 fruuntur
3036 5504 3417 5574 tranquillitate
3445 5522 3462 5558 :
3490 5503 3564 5559 ita
3595 5503 3686 5575 qui
3713 5505 3796 5560 si-

2208 5591 2483 5642 multatem
2509 5592 2665 5660 gerit,
2681 5602 2735 5646 et
2761 5593 3030 5649 inimicum
3057 5593 3238 5663 habet,
3267 5610 3552 5667 numquam
3593 5594 3789 5650 fruitur

2208 5683 2311 5734 ulla
2339 5693 2490 5760 pace,
2524 5691 2778 5751 perpetuo
2821 5693 3052 5741 aestuans
3078 5684 3117 5757 ί,
3154 5695 3624 5758 tempestatemque
3649 5688 3790 5756 cogi-

2274 5790 2296 5824 ⁸
2328 5789 2438 5854 Alii,
2458 5793 2697 5848 incensus.
