4112 6388
363 351 462 410 199

357 472 440 527 λει
483 473 576 528 τὸν
621 474 901 546 Δεσπότην
939 475 1145 546 ἥμερόν
1193 492 1274 528 σοι
1313 475 1566 544 γενέσθαι
1597 477 1694 531 καὶ
1719 479 1914 545 πρᾶον,
1956 475 2034 542 τῷ

361 561 634 633 συνδούλῳ
666 563 958 634 γενόμενος
1000 562 1164 627 αὐτὸς
1197 564 1435 635 χαλεπὸς
1479 565 1576 618 καὶ
1608 565 2033 634 ἀσύγγνωστος;

369 647 515 702 Ἀλλ’
545 648 736 722 ὔϐρισέ
772 668 831 704 σε
861 655 890 706 ὀ
917 651 1231 716 σύνδουλος;
1260 653 1355 706 καὶ
1392 654 1457 708 σὺ
1493 654 1585 707 τὸν
1633 653 1765 706 Θεὸν
1793 653 2036 724 ὑϐρίζεις

361 738 638 802 πολλάκις.
676 740 786 794 Ποῦ
811 740 866 793 δέ
899 741 1010 794 ἴσον
1040 740 1321 804 σύνδουλος
1347 741 1438 796 καὶ
1471 741 1772 813 δεσπότης;
1800 743 1911 795 Καὶ
1935 741 2035 794 αὐ-

358 825 450 889 τὸς
505 826 606 896 μὲν
642 826 759 881 ἔνια
798 828 898 898 μέν
943 847 1046 881 που
1099 830 1473 902 ἡδικημένοςεὶ
1511 831 1641 894 ἴσως
1688 828 1901 902 ῦϐρισε,
1941 829 2036 884 καὶ

357 915 722 987 παρωξύνθης
743 934 755 946 ·
800 918 863 970 σύ
894 917 949 970 δέ
979 919 1071 971 τὸν
1096 919 1374 990 Δεσπότην
1414 918 1678 990 ὑϐρίξεις,
1712 918 1812 972 οὐκ
1836 919 2032 988 ἡδικη-

360 1003 522 1071 μένος
562 1003 686 1057 οὐδὲ
727 1005 1190 1076 ἐπηρεαζόμενος,
1246 1005 1363 1060 ἀλλ’
1399 1006 1861 1078 εὐεργετούμενος
1908 1005 2032 1060 καθ’

357 1090 597 1161 ἑκάστην
627 1091 721 1144 ὐπ’
748 1093 914 1146 αὐτοῦ
961 1095 1060 1165 τὴν
1109 1094 1344 1166 ἡμέραν.
1391 1095 1679 1166 Ἐννόησον
1722 1094 1925 1158 τοίνυν,
1948 1095 2032 1148 ὅτι

356 1183 403 1233 εί
440 1179 728 1259 βουληθείη
765 1182 903 1253 μετά
933 1183 1220 1255 ἀκριϐείας
1264 1183 1334 1238 τὰ
1371 1185 1452 1248 είς
1503 1183 1666 1238 αὐτὸν
1712 1183 1974 1254 γινόμενα
2002 1184 2032 1236 ὀ

353 1268 485 1332 Θεὸς
505 1269 800 1336 ἐξετάζειν,
827 1271 948 1325 οὐδὲ
969 1271 1096 1342 μίαν
1119 1271 1432 1343 βιωσόμεθα
1455 1271 1802 1344 τὴνήμέραν.
1835 1271 2032 1340 Ἄμαρ-

351 1358 484 1424 τιάς
525 1358 654 1430 γὰρ,
683 1361 846 1431 φησὶν
873 1361 900 1412 6
930 1361 1236 1431 προφήτης,
1274 1361 1384 1415 ἐὰν
1423 1360 1879 1430 παρατηρήσῃς,
1911 1361 2031 1414 Κύ-

343 1463 460 1512 ριε,
492 1449 583 1513 τίς
611 1447 1053 1513 ὑποστήσεται;
1082 1449 1194 1502 Καὶ
1232 1449 1319 1503 ἵνα
1351 1449 1511 1522 παρῶ
1545 1448 1612 1502 τά
1653 1447 1788 1504 ἄλλα
1823 1449 2026 1513 πάντα,

348 1533 384 1588 ἃ.
409 1534 471 1588 τὸ
511 1535 749 1599 συνειδὸς
793 1536 1024 1590 ἑκάστου
1065 1537 1172 1590 τῶν
1212 1537 1685 1609 ἀμαρτανόντωνδ
1713 1536 2024 1603 ἐπίσταται,

349 1623 445 1676 καὶ
490 1617 565 1676 ὧν
597 1624 695 1677 οὐκ
727 1622 840 1695 ἔχει
878 1626 1163 1697 μάρτυρας
1204 1625 1547 1698 ἀνθρώπους,
1591 1625 1729 1680 ἀλλά
1759 1624 1852 1679 τὸν
1893 1624 2027 1679 Θεὸν

351 1711 536 1781 μόνον,
581 1713 691 1766 τῶν
743 1715 995 1786 φανερῶν
1037 1715 1244 1768 τούτων
1307 1717 1400 1768 καὶ
1463 1713 1906 1785 ὡμολογημένων
1957 1713 2026 1768 ἂν

347 1799 749 1873 ἀπαιτηθῶμεν
776 1802 954 1870 λόγον,
991 1803 1150 1857 ποίαν
1181 1805 1240 1856 ἐν
1292 1803 1505 1866 τούτοις
1550 1802 1746 1874 ἕξομεν
1781 1800 2028 1871 συγγνώ-

347 1907 490 1962 μην;
531 1893 629 1944 Ἂν
661 1890 890 1963 ἐξετάσῃ
921 1892 1018 1963 τὴν
1049 1891 1321 1964 ρᾳθυμίαν
1364 1891 1522 1963 ἡμῶν
1553 1890 1652 1962 τὴν
1683 1892 1742 1943 ἐν
1786 1892 1907 1954 ταῖς
1938 1889 2028 1943 εὐ-

342 1981 485 2048 χαῖς,
523 1979 616 2032 καὶ
644 1978 743 2050 τὴν
771 1978 1084 2051 ὀλιγωρίαν,
1112 1980 1207 2032 καὶ
1244 1980 1327 2032 ὅτι
1349 1977 1657 2050 ἔμπροσθεν
1683 1977 1820 2031 Θεοῦ
1853 1978 2027 2032 ἐστῶ-

340 2085 434 2130 τες
455 2068 549 2120 καὶ
579 2067 1026 2139 παρακαλοῦντες
1055 2069 1238 2133 αὐτὸν,
1265 2070 1384 2122 οὐδέ
1406 2067 1674 2138 τοσαύτην
1699 2066 1850 2139 αὐτῷ
1880 2085 2024 2140 παρ-

341 2154 542 2225 έχομεν
588 2153 721 2209 αἰδῶ
749 2155 844 2208 καὶ
873 2155 1039 2226 τιμὴν
1057 2196 1071 2218 ,
1116 2156 1248 2227 ὅσην
1283 2159 1394 2218 τοῖς
1420 2155 1710 2219 δεσπόταις
1737 2155 1788 2208 οί
1822 2153 2022 2220 δοῦλοι,

341 2244 474 2314 ὅσην
524 2246 639 2306 τοῖς
677 2245 939 2315 ἄρχουσιν
986 2245 1035 2296 οί
1092 2244 1446 2315 στρατιῶται,
1481 2245 1613 2314 ὅσην
1629 2245 1741 2305 τοῖς
1767 2242 1942 2313 φίλοις
1973 2243 2024 2296 οί

340 2333 486 2400 φίλοι
509 2350 522 2398 ;
549 2332 692 2403 Φίλῳ
723 2333 821 2403 μὲν
860 2333 968 2404 γάρ
995 2332 1378 2404 διαλεγόμενος
1411 2332 1548 2400 μετά
1595 2332 1689 2384 τοῦ
1734 2332 2022 2404 προσέχειν

339 2419 500 2474 τοῦτο
532 2424 725 2486 ποιεῖς,
749 2421 870 2492 Θεῷ
911 2421 968 2474 δὲ
1018 2422 1364 2491 ἐντυγχάνων
1400 2420 1540 2491 ὑπὲρ
1581 2420 2019 2492 ἁμαρτημάτων,

340 2508 482 2580 ὑπὲρ
509 2508 1006 2582 πλημμελημάτων
1025 2508 1297 2562 τοσούτων
1326 2506 1674 2580 συγχώρησιν
1700 2507 1892 2571 αἰτῶν,
1927 2507 2022 2560 καὶ

340 2581 673 2670 συγγνώμην
691 2581 859 2664 ἀξιῶν
893 2615 974 2651 σοι
1000 2598 1278 2667 γενέσθαι,
1312 2596 1575 2669 ῥᾳθυμεῖς
1616 2596 1896 2662 πολλάκις,
1928 2597 2022 2649 καὶ

335 2683 448 2736 τῶν
471 2683 717 2752 γονάτων
746 2700 840 2738 σου
877 2684 1053 2756 χαμαὶ
1085 2682 1378 2754 κειμένων,
1405 2682 1672 2753 πολλαχοῦ
1699 2683 1798 2753 τῆς
1814 2683 2022 2751 ἀγορᾶς

334 2772 434 2823 καὶ
463 2772 559 2843 τῆς
595 2772 774 2836 οίκίας
796 2770 1101 2826 πλανᾶσθαί
1123 2789 1215 2825 σου
1245 2772 1344 2842 τὴν
1364 2771 1602 2824 διάνοιαν
1624 2772 1742 2834 ἐᾷς,
1770 2769 1863 2823 τοῦ
1900 2769 2022 2822 στό-

341 2860 513 2927 ματός
563 2877 654 2913 σου
688 2857 988 2934 ληροῦντος
1040 2859 1165 2930 είκῆ
1209 2859 1306 2912 καὶ
1352 2858 1562 2930 μάτην·
1595 2859 1690 2912 καλ¹
1719 2857 1876 2910 τοῦτο
1922 2857 2020 2927 οὐχ

335 2946 488 3012 ἅπαξ
508 2949 628 3003 οὐδέ
656 2947 759 3013 δὶς,
788 2948 926 3003 ἀλλά
954 2951 1050 3002 καὶ
1072 2948 1333 3011 πολλάκις
1364 2946 1672 3017 πάσχομεν.
1717 2947 1814 3000 Ἂν
1836 2947 2020 3000 τοίνυν

333 3032 495 3086 τοῦτο
517 3033 676 3104 μόνον
693 3033 946 3102 ἐξετάσαι
967 3033 1169 3105 θελήσῃ
1197 3033 1226 3086 ὀ
1243 3031 1394 3098 Θεὸς,
1420 3027 1529 3103 ἄρα
1559 3031 1756 3099 ἕξομεν
1774 3030 2020 3100 συγγνιύ-

339 3136 470 3192 μην;
489 3117 597 3192 ἆρα
611 3122 956 3194 δυνησόμεθα
971 3121 1269 3190 ἀπολογίας
1283 3121 1485 3191 τυχεῖν;
1511 3119 1626 3172 Οὐκ
1646 3117 1823 3188 ἔγωγε
1839 3115 2014 3190 οἶμαι.

411 3208 476 3278 β’.
496 3209 562 3262 Τί
587 3209 664 3274 δέ,
683 3209 750 3264 ἂν
774 3209 872 3274 τὰς
903 3209 1268 3282 κακηγορίας,
1288 3209 1354 3274 ἃς
1380 3209 1501 3264 καθ’
1535 3209 1776 3281 ἐκάστην
1801 3209 2016 3282 ἡμέραν

338 3297 601 3369 ἀλλήλους
644 3296 878 3370 λέγομεν
911 3299 1120 3363 κακῶς,
1151 3299 1231 3361 είς
1251 3297 1416 3368 μέσον
1445 3299 1770 3369 παραγάγῃ,
1805 3299 2017 3364 καὶτὰς

333 3385 550 3455 κρίσεις
597 3383 697 3451 τὰς
724 3387 1010 3458 ἀκαίρους,
1041 3388 1098 3440 ἐν
1118 3379 1208 3450 αἷς
1235 3387 1640 3456 κατακρίνομεν
1663 3387 1757 3439 τὸν
1788 3386 2017 3456 πλησίον

331 3473 489 3526 οὐδὲν
519 3472 735 3545 ἔχοντες
765 3476 1020 3544 πρᾶγμα,
1050 3473 1190 3528 ἀλλά
1215 3473 1475 3542 φιλαίτιοί
1501 3472 1651 3545 [201]
1696 3490 1843 3538 τινες
1866 3474 2020 3538 ὀντες

332 3563 432 3614 καὶ
485 3562 865 3632 μεμψίμοιροι,
903 3561 953 3615 τί
1025 3561 1369 3632 δυνησόμεθα
1420 3562 1870 3630 ἀπολογήσασθαι
1920 3563 2017 3616 καὶ

333 3652 544 3714 εἰπεῖνς
585 3653 682 3704 Ἂν
715 3652 770 3704 δὲ
797 3651 896 3714 τὰς
927 3651 1254 3722 περιέργους
1283 3650 1442 3722 ήμῶν
1463 3651 1615 3720 ὄψεις
1641 3651 1894 3721 ἐξετάσῃ,
1920 3651 2019 3705 καὶ

331 3739 437 3802 τάς
472 3739 716 3812 πονηρὰς
753 3740 1070 3810 ἐπιθυμίας,
1094 3739 1160 3802 δις
1188 3739 1385 3810 ἔχομεν
1420 3741 1476 3792 ἐν
1499 3739 1728 3811 διανοίᾳ,
1758 3739 2018 3804 πολλάκις

332 3828 594 3900 αἰσχροὺς
637 3830 730 3881 καὶ
768 3828 1115 3899 ἀκαθάρτους
1163 3828 1550 3898 ἀναδεχόμενοι
1583 3826 1879 3898 λογισμοὺς
1908 3827 2019 3881 ἀπὸ

330 3915 435 3984 τῆς
466 3915 819 3982 ἀνεξετάστου
843 3915 953 3968 τῶν
983 3915 1280 3985 ὀφθαλμῶν
1310 3916 1542 3986 πλάνης,
1575 3915 1750 3987 πόσην
1781 3915 2018 3986 ὐποστη-

336 4003 545 4072 σόμεθα
593 4003 784 4074 δίκην;
820 4004 932 4074 Τῆς
964 4003 1022 4057 δὲ
1051 4003 1322 4075 λοιδορίας
1349 4005 1497 4075 ἡμᾶς
1524 4005 1590 4057 ἂν
1611 4004 1893 4074 ἀπαιτήσῃ
1923 4003 2014 4056 λό-

333 4107 434 4157 γον
467 4090 598 4160 (Ὃς
625 4091 821 4162 γὰρᾶν
841 4092 1003 4161 εῖπῃ,
1041 4091 1294 4162 φησὶ,τῷ
1325 4092 1567 4162 ἀδελφῷ
1599 4092 2013 4160 αὑτοῦ,Μωρὲ,

330 4180 552 4248 ἔνοχος
581 4180 753 4234 ἔσται
775 4183 863 4247 εὶς
890 4179 1004 4249 τὴν
1029 4181 1286 4251 γέενναν
1312 4181 1417 4235 τοῦ
1450 4180 1684 4250 πυρὸς),
1720 4177 1828 4253 ἆρα
1856 4181 2017 4252 δυνη-

335 4267 548 4338 σόμεθα
583 4269 768 4341 διᾶραι
793 4270 854 4322 τὸ
889 4269 1100 4340 στόμα;
1133 4270 1166 4341 ἢ
1197 4272 1360 4340 χᾶναι
1387 4269 1485 4339 μέν
1508 4270 1719 4341 ὄλως,ἢ
1757 4270 1952 4342 μικρὸν
1979 4270 2012 4342 ἦ

336 4355 484 4426 μέγα
504 4375 556 4410 τι
579 4357 715 4429 πρὸς
744 4357 902 4411 τοῦτο
931 4359 1108 4411 εἰπεῖν
1129 4376 1144 4425 ;
1167 4359 1278 4422 Τάς
1303 4358 1359 4412 δὲ
1375 4358 1701 4424 κενοδοξίας,
1720 4359 1784 4423 ἃς
1807 4359 2015 4430 ὐπομέ-

329 4462 501 4516 νομεν
537 4445 630 4499 καὶ
687 4447 972 4516 εὐχόμενοι
1005 4447 1099 4499 καὶ
1131 4445 1484 4516 νηστεύοντες
1512 4447 1608 4499 καὶ
1640 4447 2013 4519 ἐλεημοσύνην

329 4534 643 4599 ποιοῦντες,
685 4535 751 4588 ἂν
777 4534 1144 4604 ἐξετάσωμεν,
1187 4533 1249 4586 οὐ
1291 4531 1311 4586 ἒ
1342 4550 1439 4586 ’σθω
1465 4536 1493 4586 ὀ
1521 4533 1674 4598 Θεὸς,
1706 4535 1821 4588 ἀλλ’
1847 4537 2012 4607 ἡμεῖς

327 4622 490 4677 αὐτοὶ
511 4624 560 4675 οί
588 4621 992 4694 ἡμαρτηκότες,
1022 4617 1132 4693 ἆρα
1176 4619 1520 4692 δυνησόμεθα
1545 4621 1625 4684 είς
1653 4619 1747 4680 τὸν
1781 4622 2011 4692 οὐρανὸν

329 4710 669 4780 ἀναϐλέψαι;
701 4710 843 4774 Τοὺς
865 4709 922 4762 δὲ
937 4709 1144 4773 δόλους,
1167 4706 1263 4772 οὒς
1291 4709 1414 4762 κατ’
1439 4707 1686 4780 ἀλλήλων
1708 4709 2008 4781 ῥάπτομεν,

329 4797 434 4853 νῦν
464 4799 560 4870 μὶν
589 4799 831 4872 παρόντα
864 4796 1214 4861 ἐπαινοῦντες
1239 4796 1332 4850 τὸν
1364 4796 1616 4865 ἀδελφὸν,
1645 4797 1739 4851 καὶ
1773 4797 1848 4861 ώς
1874 4796 2014 4868 φίλῳ

328 4886 731 4958 διαλεγόμενοι,
765 4887 974 4942 ἀπόντα
1000 4886 1057 4940 δέ
1098 4883 1532 4957 κατηγοροῦντες
1546 4898 1590 4952 σ,
1634 4879 1744 4956 ἆρα
1772 4886 2014 4956 ὑποστη-

330 4973 547 5046 ώμεθα
573 4974 674 5038 τὰς
705 4975 846 5045 ὐπέρ
877 4973 1083 5028 τούτων
1125 4972 1406 5039 κολάσεις;
1439 4972 1504 5026 Τί
1531 4972 1589 5025 δὲ
1620 4973 1749 5036 τούς
1779 4973 2012 5044 ὅρκους;

327 5062 466 5117 τίδὲ
506 5063 566 5116 τὸ
603 5062 831 5132 ψεῦδος
881 5062 935 5115 τί
962 5063 1018 5116 δέ
1041 5061 1138 5126 τὰς
1175 5060 1480 5132 ἐπιορκίας,
1510 5061 1639 5123 τοὺς
1666 5060 1888 5123 ἀδίκους
1917 5061 2012 5115 θυ-

333 5151 496 5223 μοὺς,
529 5151 630 5223 τὴν
670 5150 990 5221 βασκανίαν,
1019 5149 1088 5219 ἢν
1123 5148 1492 5219 βασκαίνομεν
1510 5146 1774 5210 πολλάκις
1799 5147 2012 5202 εὐδοκι-

333 5234 553 5306 μοῦσιν,
581 5236 682 5289 οὐκ
707 5235 918 5308 ἐχθροῖς
943 5235 1124 5306 μόνον,
1156 5231 1295 5287 ἁλλά
1321 5233 1418 5286 καὶ
1446 5231 1650 5303 φίλοις;
1674 5232 1770 5285 καὶ
1793 5232 1875 5285 ὃτι
1895 5232 2016 5302 ἡδό-

334 5323 483 5394 μεθα
507 5323 824 5393 πασχόντων
846 5324 1050 5396 ἐτέρων
1084 5321 1288 5388 κακῶς,
1315 5322 1408 5374 καὶ
1432 5321 1725 5392 νομίζομεν
1756 5338 2014 5392 παραμυ-

317 5412 462 5466 θίαν
486 5412 586 5482 τῆς
616 5411 823 5475 οἰκείας
865 5411 1147 5482 συμφορᾶς
1186 5410 1286 5474 τάς
1313 5409 1601 5479 ἀλλοτρίας
1633 5408 2008 5481 δυσημερίας;

409 5500 520 5570 Τῆς
552 5501 609 5554 δὲ
645 5503 704 5554 ἐν
743 5503 864 5565 ταῖς
909 5497 1162 5565 συνάξεσι
1209 5498 1482 5570 ῥᾳθυμίας
1515 5497 1580 5552 ἂν
1608 5498 1888 5570 ἀπαιτήσῃ
1915 5499 2014 5562 τάς

324 5589 588 5653 εὐθύνας,
608 5589 662 5643 τί
687 5589 752 5643 ἂν
777 5591 1074 5662 πάθοιμεν;
1096 5585 1242 5643 Ἱστε
1262 5587 1373 5658 γὰρ
1391 5587 1563 5658 δήπου
1579 5586 1757 5652 τοῦτο,
1781 5589 1864 5640 ὅτι
1888 5586 2016 5640 πολ⁸

323 5677 493 5742 λάκις
527 5679 694 5733 αὐτοῦ
728 5681 824 5734 τοῦ
864 5681 1000 5734 Θεοῦ
1035 5677 1424 5748 διαλεγομένου
1457 5678 1594 5748 πρὸς
1619 5678 1830 5738 πάντας
1865 5676 2013 5747 ἡμᾶς

400 5803 427 5834 ⁸
449 5803 602 5854 Savil.
626 5804 708 5853 καὶ
730 5803 867 5861 οὗτος
909 5821 993 5868 μεν
1017 5803 1166 5868 ἐνίοτε
1187 5803 1269 5852 καὶ
1307 5804 1436 5861 ἠδικ.
1482 5801 1636 5852 Paulo
1671 5805 1783 5862 post
1814 5798 1898 5850 alii
1923 5800 2012 5848 οὐκ

331 5868 650 5941 o.3':rﬂzltygc,_
659 5869 767 5941 οὐδέ
785 5867 1213 5941 περιεργαζόμενοςτ

395 5933 423 5998 Ρ)
450 5928 600 5998 ξυνῇ-Ι.
620 5930 834 5998 ’ἑκάστου
852 5928 947 5977 τῶν
969 5928 1334 5998 ἀμαρτῃμάτων.

398 5995 422 6026 ⁸
445 5993 594 6042 Sm‘il.
616 5995 666 6044 in
689 6006 840 6053 marg.
870 5993 1262 6052 κακηγοροῦντες.

1309 357 1398 412 AD
1437 357 1768 417 POPULUM
1810 338 2316 416 ANTIOCHENUM
2382 360 2622 421 HOMIL.
2663 365 2783 424 xx.

3711 383 3819 440 9.00

2140 476 2228 567 διὰ
2250 477 2344 530 τοῦ
2374 482 2680 567 προφήτου,
2732 483 2963 550 πολλοὺς
2993 487 3086 541 καὶ
3121 492 3362 560 μακροὺς
3402 493 3529 566 πρὸς
3561 496 3651 550 τὸν
3675 499 3817 567 πλη-

2141 562 2254 617 σίον
2284 565 2584 636 ποιούμεθα
2612 569 2805 637 λόγους
2844 574 2971 644 περὶ
3003 574 3113 628 τῶν
3152 577 3305 631 οὐδὲν
3337 562 3470 650 ἡμῖν
3509 562 3817 655 προσηκόν-

2137 665 2265 704 των.
2296 653 2394 704 Ἂν
2423 655 2604 708 τοίνυν
2632 658 2810 711 πάντα
2831 663 3028 732 παρεὶς
3052 663 3120 717 τὰ
3136 664 3271 718 ἄλλα
3293 667 3497 740 ταύτης
3516 653 3616 740 τῆς
3635 653 3819 746 ἀμαρι

2136 737 2256 830 τίαῌς
2287 737 2490 830 θελήσῃ
2505 742 2660 830 δίκην
2683 747 2987 819 ἀπαιτῆσαι
3017 752 3184 821 ἡμᾶς,
3217 755 3347 808 ποία
3367 737 3642 830 σωτηρίας
3663 737 3818 817 ἐσται

2137 823 2270 919 ἡμῖν
2299 826 2481 919 ἐλπίςξ
2501 828 2606 919 ῨΜὴ
2638 833 2748 901 γὰρ
2775 834 2840 906 δὴ
2886 838 3082 908 μικρὸν
3117 835 3257 894 εἶναι
3285 823 3602 916 νομίσῃςτὸ
3630 848 3817 919 πλημ-

2140 913 2391 1001 μέλημα*
2429 917 2546 971 ἀλλ’
2576 922 2624 972 εί
2662 921 2842 990 βούλει
2872 925 2932 977 τὸ
2975 927 3206 996 μέγεθος
3239 930 3405 985 αὐτοῦ
3440 913 3700 1001 κατιδεῖν,
3727 913 3815 991 ἐπ’

2136 999 2440 1094 ἀνθρώπων
2466 1003 2492 1043 ά
2529 1007 2660 1060 αὐτὸ
2693 1009 2851 1063 τοῦτο
2881 1012 3178 1080 -ἐξέτασον,
3235 1018 3330 1071 καὶ
3384 1020 3505 1073 τότε
3557 999 3693 1090 ὄψει
3715 1025 3815 1094 τῆς

2134 1087 2411 1178 ἁμαρτίας
2437 1091 2498 1145 τὸ
2529 1095 2778 1163 μέγεθος.
2810 1100 3092 1171 Τόλμησον
3118 1102 3378 1174 ἄρχοντος
3404 1107 3542 1178 πρὸς
3568 1087 3625 1161 σέ
3643 1087 3815 1178 φθεγέ

2133 1177 2388 1269 γομένου,
2423 1181 2626 1269 μᾶλλον
2656 1184 2712 1236 δὲ
2749 1185 2902 1254 φίλου
2933 1189 3077 1252 τινὸς
3108 1191 3216 1244 τῶν
3245 1193 3408 1265 ὀλίγῳ
3440 1177 3804 1269 σεμνοτέρων,

2135 1265 2297 1353 ἀφεὶς
2326 1267 2492 1321 αὐτὸν
2533 1271 2670 1341 πρὸς
2707 1273 2798 1326 τὸν
2831 1277 3047 1346 οἰκέτην
3081 1277 3423 1348 διαλέγεσθαι
3465 1265 3555 1338 τὸν
3589 1265 3810 1353 σαυτοῦ,

2131 1352 2227 1404 καὶ
2258 1353 2379 1407 τότε
2402 1355 2522 1425 ὄψει
2556 1359 2744 1429 ἡλίκον
2772 1363 2978 1434 τολμᾷς
3010 1365 3104 1418 ἐπὶ
3129 1366 3225 1420 τοῦ
3264 1368 3397 1421 Θεοῦ
3428 1371 3587 1425 τοῦτο
3615 1352 3808 1428 ποιῶν.

2143 1439 2270 1532 Ἐὰν
2293 1440 2453 1518 γάρῇ
2479 1461 2565 1509 τις
2600 1446 2710 1502 τῶν
2743 1452 3225 1522 περιφανεστέρων
3263 1455 3490 1520 ἐκεῖνος,
3533 1459 3627 1511 καὶ⁹
3655 1460 3811 1532 δίκην

2132 1543 2192 1578 σε
2244 1529 2523 1603 ἀπαιτήσῃ
2577 1534 2679 1604 τῆς
2732 1535 2979 1607 ὕϐρεωςο
3026 1539 3143 1592 ἀλλ’
3191 1541 3221 1592 6
3266 1541 3399 1606 Θεὸς
3445 1545 3682 1600 τοσαῦτα
3716 1529 3810 1602 καὶ

2129 1613 2352 1707 πλείονα
2377 1618 2586 1707 τούτων
2627 1623 2748 1676 καθ’
2771 1626 3012 1697 ἑκάστην
3053 1627 3411 1699 ὑϐριζόμενος
3438 1633 3537 1704 τὴν
3566 1636 3803 1707 ἡμέραν,

2128 1702 2200 1796 οὐ-
2224 1706 2356 1776 παρ’
2396 1706 2536 1772 ἐνὸς,
2560 1710 2788 1776 καὶδύο,
2820 1716 2915 1767 καὶ
2936 1715 3104 1786 τριῶν
3135 1716 3232 1770 ἀνθ
3241 1717 3461 1788 ρώπων,
3494 1702 3634 1776 ἀλλά
3653 1702 3807 1796 παρὰ

2126 1792 2349 1847 πάντων
2383 1796 2763 1869 σχεδὸνήμῶν,
2783 1796 3031 1868 ἀνέχεται
3056 1805 3151 1858 καὶ
3185 1807 3533 1878 μακροθυμεῖ
3583 1813 3678 1865 καὶ
3706 1792 3808 1866 οὐκ

2125 1879 2219 1968 ἐπὶ
2238 1880 2450 1946 τούτοις
2478 1884 2660 1954 μόνον,
2693 1885 2831 1940 ἀλλὰ
2851 1888 2946 1942 καὶ
2977 1890 3062 1958 ἐφ’
3090 1891 3300 1962 ἑτέροις
3346 1894 3527 1966 πολλῷ
3559 1898 3809 1968 χαλεπω-

2124 1965 2323 2038 τέροις.
2362 1967 2547 2022 Ταῦτα
2578 1971 2677 2041 μὲν
2701 1972 2811 2044 γάρ
2843 1975 2962 2028 ἐστι
3000 1977 3068 2029 τὰ
3097 1965 3506 2052 ὡμολογημένα
3542 1965 3639 2037 καὶ
3669 1987 3806 2039 πᾶσι

2123 2054 2282 2126 δῆλα,
2314 2057 2409 2110 καὶ
2438 2057 2545 2112 ὐπὸ
2580 2060 2798 2114 πάντων
2845 2063 3033 2132 σχεδὸν
3080 2065 3405 2138 τολμώμενα
3428 2087 3442 2101 ο
3467 2069 3582 2124 ἐστι
3619 2071 3676 2124 δέ
3711 2076 3806 2127 καὶ

2123 2140 2311 2214 ἕτερα,
2341 2145 2486 2215 άπερ
2520 2146 2582 2200 τὸ
2610 2147 2718 2202 τῶν
2757 2150 3183 2222 ἁμαρτανόντων
3218 2157 3458 2221 συνειδὸς
3501 2154 3672 2213 οἶδεν·
3705 2161 3802 2215 ἐὰν

2126 2230 2343 2287 ἅπαντα
2379 2234 2554 2288 ταῦτα
2580 2237 2970 2318 ἐννοήσωμενεξ
3001 2240 3096 2293 καὶ
3130 2242 3268 2313 πρὸς
3298 2246 3524 2310 ἑαυτοὺς
3547 2247 3800 2317 ἀναλογι-

2127 2319 2370 2390 σώμεθα,
2403 2320 2505 2374 κᾶν
2533 2323 2793 2378 ἁπάντων
2819 2318 2971 2395 ὦμεν
2999 2327 3267 2400 ὠμότεροι
3297 2333 3389 2385 καὶ
3419 2336 3802 2406 ἀπηνέστεροι,

2123 2407 2182 2460 τὸ
2205 2405 2406 2476 πλῆθος
2419 2407 2526 2461 τῶν
2537 2409 2819 2483 ἁμαρτιῶν
2830 2413 2984 2488 ήμῶν
2997 2416 3172 2488 σκοπή
3180 2433 3366 2482 σαντες
3375 2459 3388 2481 ,
3398 2418 3506 2473 ἀπὸ
3519 2419 3612 2473 τοῦ
3633 2405 3802 2491 φόϐου

2123 2497 2217 2548 καὶ
2259 2496 2360 2565 τῆς
2392 2497 2635 2564 ἀγωνίας
2671 2499 2790 2553 οὐδὲ
2828 2500 3135 2572 μνησθῆναι
3179 2505 3280 2576 τῆς
3329 2507 3457 2577 παρ’
3487 2509 3691 2580 ἐτέρων
3722 2513 3802 2575 είς

2122 2583 2270 2672 ἡμᾶς
2311 2585 2689 2672 γεγενημένης
2741 2587 2952 2658 ὕϐρεως
2980 2589 3346 2662 δυνησόμεθα.
3399 2596 3805 2672 Ἀναμνὴσθητι

2121 2669 2216 2722 τοῦ
2247 2671 2494 2740 ποταμοῦ
2516 2671 2608 2724 τοῦ
2644 2674 2837 2743 πυρὸς,
2877 2677 2968 2728 τοῦ
2997 2678 3281 2750 σκώληκος
3305 2679 3398 2734 τοῦ
3443 2669 3672 2747 ἰοϐόλον,
3699 2669 3802 2754 τῆς

2123 2757 2365 2829 φοϐερᾶς
2411 2758 2669 2829 κρίσεως,
2709 2761 2831 2813 καθ’
2860 2763 2927 2833 ἦν
2961 2764 3180 2820 ἅπαντα
3207 2767 3392 2837 γυμνὰ
3425 2771 3517 2823 καὶ
3548 2789 3804 2846 τετραχη-

2121 2845 2377 2915 λισμένα·
2414 2846 2686 2918 ἐννόησον,
2717 2849 2800 2901 ὅτι
2848 2851 2916 2904 τά
2957 2853 3310 2924 κρυπτόμενα
3333 2855 3432 2909 νῦν
3465 2845 3799 2913 ἐκκαλύπτεέ

2120 2951 2207 2988 ται
2235 2935 2378 2988 τότε.
2411 2935 2508 2988 Ἂν
2534 2934 2714 2988 τοίνυν
2744 2938 2891 3008 ἀφῇς
2921 2939 3000 3010 τῷ
3025 2941 3252 3012 πλησίον
3279 2943 3348 2997 τά
3396 2947 3619 3019 ἀμαρτή
3630 2966 3798 3018 ματα,

2123 3019 2276 3094 [202]
2305 3023 2449 3094 άπερ
2478 3024 2924 3080 ἐπικαλύπτεσθαι
2957 3027 3142 3096 μέλλει
3188 3033 3329 3097 τότε,
3357 3032 3531 3086 ταῦτα
3563 3034 3804 3090 ἐνταῦθα

2121 3110 2453 3194 ἀφανίζεται
2488 3112 2689 3177 πάντα,
2743 3115 2838 3167 καὶ
2885 3115 3160 3188 ἀπελεύσῃ
3196 3119 3365 3189 μηδὲν
3409 3121 3804 3194 ἐπισυρόμενος

2118 3193 2194 3253 ὧν
2227 3199 2680 3271 ἐπλημμέλησας,
2724 3201 2865 3254 ὥστε
2926 3203 3150 3272 μείζονα
3203 3204 3526 3275 λαμϐάνεις,
3558 3211 3590 3281 ἢ
3623 3193 3802 3274 δίδως.

2120 3287 2228 3342 Καὶ
2266 3287 2376 3360 γὰρ
2405 3288 2580 3342 πολλὰ
2613 3289 2874 3353 πολλάκις
2908 3293 3313 3364 ἡμαρτήκαμεν
3347 3296 3588 3365 τοιαῦτα,
3625 3296 3662 3350 ἃ.
3697 3316 3803 3370 μη-

2118 3377 2230 3442 δεὶς
2258 3377 2446 3450 ἕτερος
2476 3373 2651 3432 οἶδενο
2689 3373 2809 3431 εἶτα
2841 3379 3152 3444 ἐννοοῦντες
3175 3383 3255 3436 ὅτι
3287 3385 3429 3438 κατὰ
3463 3385 3562 3455 τὴν
3589 3387 3804 3458 ἡμέραν

2118 3466 2338 3538 ἐκείνην
2368 3467 2474 3539 πρὸ
2517 3465 2625 3520 τῶν
2661 3467 2959 3538 ὀφθαλμῶν
2992 3469 3248 3522 ἁπάντων
3273 3476 3517 3526 κείσεται
3539 3475 3702 3546 ἡμῶν
3730 3477 3803 3529 τά

2119 3557 2495 3628 ἁμαρτήματα
2537 3558 2595 3610 ἐν
2621 3557 2702 3628 τῷ
2740 3557 2905 3629 κοινῷ
2945 3557 3046 3628 τῆς
3082 3559 3413 3632 οἰκουμένης
3440 3563 3676 3636 θεάτρῳ,
3703 3566 3804 3636 τῆς

2119 3646 2394 3708 κολάσεως
2418 3645 2800 3718 χαλεπώτερον
2840 3647 3135 3717 ἀλγοῦμεν,
3169 3650 3485 3720 πνιγόμενοι
3513 3653 3606 3705 καὶ
3634 3655 3800 3725 ἀγχό-

2123 3751 2274 3806 μενοι
2308 3733 2387 3803 τῷ
2423 3734 2705 3789 συνειδότι.
2754 3735 2916 3788 Ἀλλὰ
2966 3735 3064 3807 τὴν
3119 3737 3390 3811 τοσαύτην
3419 3741 3705 3813 αἰσχύνην,
3734 3744 3805 3798 τά

2117 3823 2355 3876 τοσαῦτα
2386 3819 2781 3893 ἁμαρτήματα,
2805 3822 2904 3894 τὴν
2931 3824 3204 3895 τοσαύτην
3234 3827 3459 3881 κόλασιν
3491 3829 3638 3883 ἔστιν
3666 3833 3804 3885 ἀπο-

2117 3909 2377 3980 νίψασθαι
2431 3909 2520 3962 διὰ
2568 3910 2668 3981 τῆς
2713 3913 2795 3974 είς
2833 3911 2923 3964 τὸν
2953 3911 3182 3980 πλησίον
3226 3919 3656 3987 συγχωρήσεωςσ
3705 3923 3804 3973 καὶ

2115 3999 2225 4071 γὰρ
2253 3999 2406 4052 οὐδὲν
2439 3997 2645 4070 ταύτης
2680 3997 2794 4051 ἴσον
2843 3999 2960 4052 ἐστὶ
3007 4000 3109 4068 τῆς
3136 4001 3352 4072 ἀρετῆς.
3389 4004 3580 4057 Βούλει
3610 4006 3801 4075 μαθεῖν

2120 4088 2328 4158 ταύτης
2379 4087 2481 4156 τῆς
2529 4087 2733 4158 ἀρετῆς
2763 4086 2863 4159 τὴν
2913 4087 3173 4158 δύναμιν;
3224 4089 3360 4143 Ἐὰν
3386 4091 3507 4160 στῇ
3537 4093 3800 4162 Μωϋσῆς

2115 4177 2216 4232 καί
2242 4176 2547 4248 Σαμουὴλ,
2583 4178 2738 4248 φησι,
2769 4176 2883 4244 πρὸ
2909 4176 3234 4244 προσώπου
3255 4197 3394 4247 μου.
3427 4182 3536 4232 οὐκ
3563 4182 3736 4235 ἔστιν
3759 4183 3796 4249 ἡ

2115 4265 2285 4335 ψυχή
2335 4283 2455 4334 μου
2487 4265 2638 4332 πρὸς
2668 4265 2916 4329 αὐτούς.
2967 4264 3106 4316 Ἀλλ’
3137 4266 3287 4334 ὅμως
3316 4264 3405 4329 οὓς
3434 4267 3533 4319 οὐκ
3569 4267 3799 4336 ἠδύνατο

2120 4353 2364 4422 Μωύσῆς
2395 4354 2492 4406 καί⁵
2530 4351 2784 4424 Σαμουὴλ
2812 4351 3125 4422 ἐξαρπάσαι
3165 4352 3262 4422 τῆς
3303 4353 3474 4422 ὀργῆς
3505 4355 3599 4407 τοῦ
3637 4356 3797 4421 Θεοῦ,

2115 4439 2254 4512 αῦτη
2289 4439 2523 4510 ἠδύνατο
2558 4439 2867 4508 ἐξαρπάσαι
2894 4440 2926 4510 ή
2957 4439 3141 4509 ἐντολή
3171 4457 3183 4468 ·
3227 4439 3316 4496 διὰ
3353 4439 3510 4494 τοῦτο
3546 4443 3794 4508 ἐκείνοις,

2115 4523 2198 4592 οἷς
2228 4526 2402 4582 ταῦτα
2435 4520 2577 4590 εἷπε,
2615 4525 2854 4595 συνεχῶς
2884 4526 3279 4596 παρεκελεύετο
3311 4527 3514 4595 λέγων·
3568 4531 3800 4585 Κακίαν

2113 4615 2372 4681 ἕκαστος
2395 4613 2476 4681 τῷ
2503 4613 2744 4682 ἀδελφῷ
2770 4614 2957 4668 αὐτοῦ
2974 4615 3062 4683 μὴ
3082 4617 3530 4683 μνησικακείτω
3561 4619 3634 4672 ἐν
3667 4621 3798 4688 ταῖς

2113 4704 2386 4772 καρδίαις
2412 4700 2580 4772 ὑμῶν
2598 4717 2612 4730 ·
2647 4701 2764 4764 καὶ,
2795 4699 2915 4770 Τὴν
2930 4702 3147 4754 κακίαν
3168 4701 3274 4755 τοῦ
3307 4704 3580 4770 πλησίον
3607 4707 3796 4760 αὐτοῦ

2110 4789 2470 4860 ἕκαστοςμὴ
2499 4787 2843 4859 λογιζέσθω.
2869 4789 2982 4842 Οὐκ
3007 4785 3182 4852 εἷπεν,
3202 4789 3393 4858 Ἀφες,
3422 4791 3605 4861 μόνον,
3637 4792 3794 4859 ἀλλά,

2113 4878 2264 4949 Μηδέ
2293 4877 2384 4948 ἔχε
2404 4879 2462 4931 ἐν
2491 4876 2723 4948 διανοίᾳ,
2759 4875 2892 4947 μηδέ
2909 4876 3146 4944 λογίζου·
3180 4875 3317 4946 ἀφες
3339 4878 3437 4948 τὴν
3463 4877 3632 4951 ὀργὴν
3656 4881 3797 4935 am-

2117 4983 2236 5030 σαν,
2271 4967 2534 5034 ἀφάνισον
2563 4965 2624 5017 τὸ
2652 4963 2830 5027 ἕλκος.
2873 4965 3060 5027 Δοκεῖς
3109 4965 3212 5034 μὲν
3256 4965 3363 5036 γὰρ
3405 4967 3612 5020 ἐκεῖνον
3656 4969 3797 5038 ἀμύ-

2114 5055 2322 5117 νεσθαι,
2356 5053 2622 5124 πρότερον
2664 5051 2722 5104 δέ
2776 5052 3002 5106 σεαυτὸν
3049 5052 3388 5122 βασανίζεις,
3420 5053 3673 5124 καθάπερ
3703 5056 3796 5125 δή-

2115 5160 2240 5214 μιον
2267 5140 2476 5195 ἔνδοθεν
2501 5141 2842 5212 περιστήσας
2869 5156 2962 5192 σου
2994 5140 3330 5210 πανταχόθεν
3357 5139 3448 5194 τὸν
3472 5140 3662 5212 θυμὸν,
3701 5145 3796 5196 καὶ

2114 5229 2455 5297 καταξαίνων
2495 5227 2695 5280 σαυτοῦ
2723 5227 2790 5280 τὰ
2824 5227 3128 5297 σπλάγχνα.

2186 5319 2250 5372 Τί
2283 5316 2393 5387 γὰρ
2440 5314 2636 5383 γένοιτ’
2686 5313 2752 5367 ἂν
2807 5312 3137 5385 ἀθλιώτερον
3187 5312 3474 5385 ἀνθρώπου
3532 5314 3793 5386 διηνεκῶς

2113 5405 2502 5479 ὀργιζομένους
2537 5402 2649 5455 Καὶ
2671 5401 2925 5472 καθάπερ
2949 5403 2996 5453 οἱ
3038 5403 3343 5472 μεμηνότες
3376 5402 3628 5455 οὐδέποτε
3652 5405 3762 5456 ἀπο
3790 5439 3799 5445 -

2115 5493 2339 5548 λαύουσι
2367 5492 2631 5562 γαλήνης,
2659 5489 2874 5553 οὕτωςό
2909 5490 3265 5561 μνησικακῶν
3289 5490 3382 5543 καὶ
3401 5489 3594 5559 ἐχθρὸν
3629 5492 3794 5560 ἔχων,

2113 5582 2371 5638 οὐδέποτε
2397 5578 2762 5635 ἀπολαύσεταί
2794 5594 2942 5641 τινος
2973 5580 3216 5649 εἰρήνης,
3234 5578 3496 5650 διηνεκῶς
3527 5577 3801 5648 φλεγμαὲ-

2115 5669 2287 5736 νωντ,
2321 5668 2415 5723 καὶ
2457 5667 2551 5722 τὸν
2605 5663 2856 5738 χειμῶνα
2903 5665 3015 5718 τῶν
3059 5664 3334 5735 λογισμῶν
3397 5665 3515 5719 καθ’
3553 5663 3801 5733 ἑκάστην

2182 5856 2209 5897 d
2233 5857 2381 5906 Savil.
2407 5857 2455 5904 in
2480 5866 2637 5916 marg.
2663 5858 2716 5901 el
2741 5865 2865 5916 unus
2887 5853 3041 5899 codex
3071 5851 3142 5898 ἐπ’
3171 5850 3418 5915 ἀνθρώπῳ.

2189 5924 2211 5949 ’⁵
2238 5920 2385 5968 Ssn'il.
2410 5926 2458 5965 el
2483 5934 2508 5965 ι]
2532 5919 2562 5965 ii
2586 5915 2722 5964 Eadd.
2753 5915 3060 5975 ἐννοηίιῶμεν.

2191 5981 2210 6020 ί
2235 5990 2268 6034 Α
2280 5983 2328 6030 ιιι
2353 5981 2647 6044 φλεγόμενος.
