4112 6388
376 297 474 352 201

373 408 552 478 αὔξων
580 411 679 482 τὴν
713 409 948 482 ἡμέραν,
981 409 1049 462 τά
1085 410 1306 480 ῥήματα
1346 407 1900 478 ἀναμιμνῃσκόμενος
1951 406 2048 458 καὶ

371 500 441 554 τά
471 500 791 570 πράγματα,
826 498 922 551 καὶ
953 496 1090 568 πρὸς
1120 496 1288 566 αὑτὴν
1309 495 1407 566 τὴν
1435 494 1810 566 προσηγορίαν
1837 493 1932 546 τοῦ
1956 492 2047 545 λε-

373 587 686 659 λυπηκότος
725 585 982 656 ἀπεχθῶς
1027 585 1187 656 ἔχων.
1224 584 1342 638 Κᾶν
1375 583 1436 637 τὸ
1478 583 1651 653 ὄνομα
1683 583 1844 654 μόνον
1886 581 2048 654 εἴπῃς

373 676 466 730 τοῦ
506 675 726 746 ἐχθροῦ,
751 672 1104 745 ἐκθηριοῦται
1136 673 1230 726 καὶ
1255 672 1456 744 πολλὴν
1484 671 1629 726 ἐνδον
1659 669 1922 741 ὑπομένει
1947 670 2048 739 τὴν

371 764 566 836 ὀδύνην
586 783 600 796 ·
628 763 731 817 κᾶν
759 761 920 833 ψιλὴν
961 762 1047 833 ἴδῃ
1066 760 1166 833 τὴν
1197 759 1319 830 ὄψιν
1346 761 1529 831 μόνον,
1551 759 1760 813 δέδοικε
1794 759 1889 812 καὶ
1921 757 2047 828 τρέ-

375 871 486 924 μει,
512 851 757 923 καθάπερ
786 852 852 904 τὰ
874 850 1115 920 ἔσχαται
1141 849 1367 920 πάσχων
1396 849 1545 902 κακά
1568 867 1581 881 ’
1618 849 1722 903 κάν
1753 863 1903 909 τινας
1939 847 2049 898 τῶν

370 941 566 1011 ἐκείνῳ
598 937 1004 1010 προσηκόντων,
1038 937 1142 991 κᾶν
1165 939 1398 1008 ἱμάτιον,
1430 938 1535 990 κᾶν
1567 937 1764 998 οἰκίαν,
1794 935 1900 988 κᾶν
1924 951 2048 986 στε-

372 1030 550 1081 νωπὸν
590 1029 874 1098 θεάσηται,
906 1028 1012 1079 ὑπὸ
1059 1026 1278 1080 πάντων
1311 1024 1662 1096 βασανίζεται
1701 1023 1809 1078 τῶν
1837 1022 2052 1095 ὁρωμέ-

371 1134 497 1170 νων.
524 1116 794 1186 Καθάπερ
834 1115 944 1187 γάρ
969 1115 1080 1168 τῶν
1111 1115 1448 1186 φιλουμένων
1490 1115 1586 1168 καὶ
1616 1113 1688 1167 τά
1719 1113 1928 1184 ἱμάτια,
1953 1111 2049 1166 καὶ

369 1205 438 1256 τά
471 1204 759 1276 πρόσωπα,
791 1205 886 1257 καὶ
922 1203 991 1256 τά
1047 1203 1393 1274 ὑποδήματα,
1417 1203 1513 1255 καὶ
1549 1203 1607 1256 αἰ
1634 1201 1828 1264 οἰκίαι,
1864 1201 1960 1254 καὶ
1997 1200 2048 1252 οί

372 1293 641 1346 στενωποὶ
673 1291 964 1364 πτεροῦσιν
1011 1291 1159 1362 ἡμᾶς
1211 1289 1417 1353 εὑθέως
1444 1289 1701 1359 ὀφθέντες
1724 1305 1738 1319 ’
1769 1287 1912 1342 οὑτω
1940 1287 2050 1342 τῶν

377 1380 590 1453 ἐχθρῶν
639 1381 736 1434 καὶ
785 1378 1132 1450 μισουμένων
1166 1378 1272 1432 κᾶν
1300 1378 1541 1448 οἰκέτην,
1579 1378 1682 1430 κᾶν
1724 1377 1899 1447 φίλον,
1946 1374 2050 1429 κᾶν

370 1471 569 1535 οἰκίαν,
613 1469 718 1523 κᾶν
748 1469 1024 1524 στενωπὸν
1054 1469 1278 1538 ἴδωμεν,
1337 1468 1444 1522 κᾶν
1490 1465 1669 1520 ὁτιοῦν
1707 1466 1914 1536 ἕτερον,
1945 1465 2052 1518 ὑπὸ

375 1561 593 1613 πάντων
625 1556 960 1628 δακνόμεθα,
991 1557 1087 1609 καὶ
1121 1555 1325 1609 πυκναί
1371 1554 1467 1609 καὶ
1517 1555 1762 1625 συνεχεῖς
1788 1554 1922 1625 ἡμῖν
1955 1553 2048 1622 ἀφ’

372 1643 608 1696 ἑκάστου
636 1640 744 1694 τῶν
771 1640 1067 1712 ὁρωμένων
1093 1639 1301 1710 πληγαὶ
1322 1640 1586 1708 γίνονται.

442 1738 489 1800 γ’
497 1732 561 1787 ,Τ
569 1731 615 1796 ίς
637 1726 728 1784 οὖν
746 1729 907 1800 χρεία
921 1731 1020 1800 τῆς
1036 1727 1290 1798 τοιαύτης
1313 1727 1650 1798 πολιορκίας,
1664 1725 1934 1797 τοσαύτης
1957 1724 2054 1796 βα-

375 1821 540 1873 σάνου
581 1819 675 1872 καὶ
714 1819 1024 1882 κολάσεως;
1056 1817 1120 1870 Εἰ
1150 1816 1259 1886 γὰρ
1294 1815 1388 1868 καὶ
1431 1817 1506 1886 μὴ
1542 1815 1733 1884 γέεννα
1783 1813 2053 1885 προηπεί-

372 1909 503 1979 λητο
536 1911 648 1972 τοῖς
681 1906 1059 1979 μνησικάκοις,
1089 1904 1178 1958 διὰ
1201 1903 1299 1975 τὴν
1329 1905 1394 1957 ὲκ
1435 1903 1530 1956 τοῦ
1561 1904 1888 1976 πράγματος
1917 1904 2053 1974 ἡμῖν

373 1998 666 2068 γινομένην
691 1996 925 2066 βάσανον
957 1995 1177 2062 ἀφεῖναι
1227 1993 1295 2045 τὰ
1323 1993 1699 2064 ἁμαρτήματα
1735 1994 1847 2054 τοῖς
1898 1990 2055 2044 λελυ-

373 2088 610 2159 πηκόσιν
631 2085 829 2157 ἐχρῆν·
857 2085 986 2138 ὅταν
1019 2082 1077 2136 δὲ
1099 2083 1196 2135 καὶ
1229 2082 1488 2135 ἀθάνατοι
1522 2080 1761 2149 μένωσιν
1784 2081 1842 2133 αἰ
1881 2097 2054 2151 τιμω-

376 2177 513 2248 ρίαι,
547 2175 601 2228 τί
629 2173 825 2242 γένοιτ’
854 2171 919 2226 ἂν
942 2171 1300 2241 ἀνοητότερον
1331 2169 1425 2222 τοῦ
1450 2169 1546 2222 καὶ
1571 2168 1805 2222 ἐνταῦθα
1831 2169 1922 2222 καὶ
1939 2171 2056 2222 ἐκεῖ

374 2263 695 2327 κολάζοντος
738 2261 836 2333 μὲν
859 2259 1072 2320 ἑαυτὸν,
1105 2255 1418 2329 νομίζοντος
1455 2257 1512 2310 δὲ
1534 2255 1625 2310 τὸν
1656 2257 1850 2328 ἐχθρὸν
1890 2275 2056 2328 τιμω-

381 2354 622 2425 ρεῖσθαι;
655 2353 756 2404 Ἀν
781 2368 843 2404 τε
878 2349 987 2421 γὰρ
1026 2345 1421 2418 εὐδοκιμοῦντα
1449 2345 1668 2416 ἴδωμεν,
1697 2345 2054 2417 ἀπολλύμεθα

375 2442 481 2495 ὑπὸ
507 2443 606 2512 τῆς
649 2439 888 2510 ἀθυμίας
908 2438 968 2478 ι’·
1018 2436 1121 2491 κᾶν
1167 2434 1604 2508 δυσπραγοῦντα,
1631 2435 1946 2504 δεδοίκαμεν
1979 2436 2052 2506 μή

373 2549 456 2594 τις
483 2531 708 2601 γένηται
736 2527 886 2592 δεξιά
921 2525 1074 2599 [905]
1105 2525 1268 2579 πάλιν
1305 2524 1576 2595 μεταϐολή
1595 2540 1607 2552 ·
1645 2523 1974 2594 ἀμφοτέρων
1997 2523 2053 2576 δὲ

372 2619 579 2672 τούτων
609 2619 739 2687 ἡμῖν
766 2619 942 2670 κεῖται
978 2615 1199 2676 κόλασις
1234 2613 1632 2684 ἀπαραίτητος.
1675 2611 1798 2664 Ἐπὶ
1832 2610 1942 2681 γὰρ
1975 2611 2054 2677 τῷ

372 2706 855 2774 ὐποσλιελίσματι
870 2702 976 2757 τοῦ
990 2701 1209 2772 ἐχθροῦ
1223 2716 1362 2764 σου,
1382 2701 1537 2771 φησὶ,
1549 2699 1636 2768 μὴ
1652 2700 1924 2768 ἐπαίρου.
1944 2701 2054 2754 Καὶ

376 2795 450 2866 μή
481 2812 571 2864 μοι
600 2793 725 2862 λέγε
761 2791 870 2846 τῶν
907 2791 1260 2861 ἀδικημάτων
1293 2789 1354 2843 τὸ
1379 2788 1636 2861 μέγεθος’
1667 2789 1729 2841 οὑ
1759 2789 1869 2861 γὰρ
1897 2788 2055 2843 τοῦτό

374 2885 490 2936 ἐστι
521 2882 581 2934 τὸ
605 2879 793 2936 ποιοῦν
815 2879 997 2951 μένειν
1014 2879 1166 2949 παρά
1183 2881 1267 2932 σοὶ
1291 2877 1390 2949 τὴν
1410 2877 1600 2949 ὀργὴν,
1619 2877 1756 2931 άλλά
1774 2878 1834 2931 τὸ
1859 2878 1934 2948 μὴ
1961 2895 2056 2948 με-

377 2970 613 3041 μνῆσθαί
659 2986 719 3021 σε
765 2968 876 3022 τῶν
923 2967 1142 3021 οἰκείων
1195 2965 1723 3038 πλημμελημάτων,
1775 2965 1910 3037 μηδὲ
1956 2965 2055 3037 τὴν

373 3059 598 3127 γέενναν
625 3057 771 3128 ἔχειν
818 3057 924 3128 πρὸ
951 3055 1246 3126 ὀφθαλμῶν
1293 3056 1386 3108 καὶ
1436 3055 1528 3108 τὸν
1553 3055 1648 3107 τοῦ
1680 3054 1817 3108 Θεοῦ
1865 3054 2049 3123 φόϐον.

379 3148 486 3201 Καὶ
516 3148 604 3200 ἵνα
641 3147 840 3217 μάθῃς,
874 3147 957 3199 ὅτι
991 3144 1147 3198 τοῦτό
1177 3145 1326 3198 ἐστιν
1359 3143 1590 3215 ἀληθὲς,
1638 3144 1748 3197 ἀπὸ
1775 3143 1886 3198 τῶν
1919 3161 2056 3215 συμ-

375 3237 588 3290 ϐάντων
614 3239 681 3308 τῇ
714 3237 866 3288 πόλει
896 3235 1055 3289 τοῦτο
1081 3236 1363 3301 ἀποδεῖξαι
1397 3235 1755 3308 πειράσομαι.
1788 3236 1919 3290 Ὅτε
1947 3237 2056 3309 γὰρ

373 3330 422 3379 οἱ
461 3326 570 3379 τῶν
603 3326 937 3397 παρανόμων
975 3325 1342 3396 τολμημάτων
1373 3326 1597 3380 ἐκείνων
1635 3327 1786 3390 ὄντες
1817 3326 2056 3381 ὑπεύθυ-

373 3431 455 3467 νοι
482 3415 618 3485 πρδς
641 3413 700 3466 τὸ
723 3413 1072 3484 δικαστήριον
1099 3413 1364 3485 ἤχθησαν,
1390 3414 1478 3466 ὅτε
1504 3413 1616 3485 πῦρ
1634 3414 1782 3468 ένδον
1815 3415 2053 3480 ἐκαίετο,

377 3504 470 3555 καὶ
507 3503 691 3572 δήμιοι
717 3503 1180 3572 παρειστήκεισαν
1202 3502 1411 3566 καὶτὰς
1437 3503 1680 3573 πλευρὰς
1715 3503 2054 3570 κατέξαινον,

359 3581 429 3643 ἐἴ
458 3607 541 3653 τις
563 3592 744 3651 αὑτοῖς
779 3589 1064 3658 παραστὰς
1100 3591 1164 3641 ὲκ
1203 3589 1451 3657 πλαγίων
1493 3586 1670 3654 εἷπε-ν’
1702 3592 1786 3645 ὅτι
1811 3590 1881 3644 Εἴ
1903 3609 2056 3656 τινας

375 3678 604 3750 ἐχθροὺς
635 3678 812 3746 ἔχετε,
840 3675 1039 3730 λύσατε
1068 3679 1168 3748 τὴν
1198 3678 1390 3748 ὀργὴν,
1413 3677 1509 3730 καὶ
1549 3678 1895 3750 δυνησόμεθα
1921 3678 2055 3732 ταύ-

374 3784 472 3836 της
505 3767 650 3836 ὑμᾶς
675 3766 981 3830 ἀπαλλάξαι
1007 3765 1107 3835 τῆς
1141 3766 1414 3829 κολάσεως
1430 3782 1443 3795 ·
1469 3762 1578 3837 ἆρα
1605 3767 1706 3820 οὑκ
1725 3767 1791 3820 ἂν
1813 3767 1908 3820 καὶ
1931 3769 2057 3831 τοὺς

379 3854 547 3917 πόδας
569 3855 752 3908 αὑτῶν
780 3853 1153 3924 κατεφίλησαν
1176 3872 1189 3919 ;
1221 3854 1330 3907 Καὶ
1356 3855 1407 3906 τί
1437 3853 1580 3922 λέγω
1605 3855 1734 3918 τοὺς
1761 3854 1930 3920 πόδας
1956 3871 1970 3920 ;
2008 3857 2057 3908 εἰ

381 3942 481 3997 καὶ
510 3942 778 4006 δεσπότας
807 3959 890 4005 τις
911 3941 1106 4004 αὑτοὺς
1127 3941 1344 3996 ἑλέσθαι
1373 3941 1796 4007 ἐκέλευσεν,οὑκ
1820 3943 1886 3996 ἂν
1919 3960 2058 4015 παρ-

383 4031 651 4102 ῃτήσαντο
683 4031 824 4083 τότε.
858 4031 921 4083 Εἰ
945 4030 1002 4083 δὲ
1034 4030 1349 4102 ἀνθρωπίνη
1375 4030 1595 4094 κόλασις
1618 4030 1713 4084 καὶ
1731 4031 1881 4095 τέλος
1910 4031 2061 4103 έχουο

385 4135 455 4172 σα
485 4119 664 4190 πάσης
695 4119 762 4173 ἂν
800 4117 1106 4190 ἐκράτησεν
1146 4119 1316 4190 ὀργῆς
1337 4158 1350 4181 ,
1387 4117 1568 4189 πολλῴ
1603 4119 1806 4189 μᾶλλον
1853 4122 1887 4190 ή
1927 4121 2058 4190 μέλ-

383 4209 552 4262 λουσα
584 4206 842 4280 τιμωρία,
870 4208 919 4260 εἰ
954 4207 1192 4277 συνεχῶς
1212 4207 1368 4277 ήμῶν
1385 4206 1484 4279 τὴν
1512 4206 1752 4261 διάνοιαν
1782 4211 2054 4280 κατεῖχεν,

377 4297 500 4368 οὐχὶ
534 4297 902 4368 μνησικακίαν
940 4297 1098 4366 μόνον
1127 4339 1140 4360 ,
1185 4295 1322 4366 ἀλλά
1367 4297 1463 4350 καὶ
1494 4298 1672 4351 πάντα
1717 4297 1786 4351 ἂν
1823 4297 1933 4352 ἀπὸ
1958 4299 2057 4368 τῆς

378 4391 558 4462 ψυχῆς
586 4390 816 4462 ἐξήλασε
846 4388 1082 4460 πονηρὸν
1113 4387 1394 4459 λογισμόν.
1440 4388 1506 4441 Τί
1531 4389 1641 4461 γὰρ
1666 4387 2072 4461 εὑκολώτερονί

381 4481 503 4535 εἰπέ
550 4497 676 4551 μοι,
726 4477 821 4532 τοῦ
858 4478 957 4550 τὴν
1001 4478 1169 4549 ὀργὴν
1216 4479 1434 4548 ἀφεῖναι
1467 4477 1544 4548 τῷ
1575 4480 1935 4550 λελυπηκότι;
1964 4483 2057 4554 Μὴ

369 4570 489 4641 ¹γᾶιρ
515 4569 733 4641 μακράν
757 4567 1066 4639 ἀποδημίαν
1089 4567 1207 4622 ἐστι
1248 4566 1562 4622 στείλασθαι
1586 4583 1601 4634 ;
1631 4569 1705 4638 μὴ
1728 4569 1834 4641 γὰρ
1855 4581 1877 4609 ο
1922 4572 2061 4642 χρή..

383 4676 530 4730 ματα
561 4656 907 4726 δαπανῆσαι,
944 4657 1020 4726 μὴ
1053 4656 1161 4726 γὰρ
1188 4655 1410 4726 ἐτέρους
1444 4658 1862 4727 παρακαλέσαι;
1887 4657 2061 4731 Δρκεῖ

379 4747 604 4818 θελῆσαι
661 4747 842 4817 μόνον,
877 4746 973 4798 καὶ
1019 4743 1080 4797 τὸ
1112 4743 1444 4816 κατόρθωμα
1480 4745 1635 4810 τέλος
1685 4746 1868 4801 ἔλαϐε.
1903 4749 2058 4814 Τίνος

379 4833 474 4890 οὖν
503 4837 603 4889 οὑκ
634 4836 702 4890 ἂν
723 4837 916 4907 εἴημεν
950 4835 1090 4899 ἄξιοι
1119 4834 1414 4898 κολάσεως,
1447 4837 1496 4888 εἰ
1518 4835 1788 4906 βιωτικῶν
1822 4838 1922 4910 μὲν
1949 4839 2059 4893 ἓνε-

379 4943 476 4980 κεν
501 4925 844 4995 πραγμάτων
865 4925 960 4977 καὶ
979 4923 1370 4994 δουλοπρεπεῖς
1393 4925 1740 4996 ὑπομένομεν
1758 4927 2056 4993 διακονίας,

381 5016 476 5066 καὶ
505 5011 759 5078 ἀναξίους
787 5011 944 5082 ήμῶν
972 5011 1397 5083 ἐπιδεικνύμεθα
1425 5011 1744 5083 θεραπείας,
1779 5015 1877 5067 καὶ
1919 5018 2058 5088 χρή-

383 5117 530 5171 ματα
549 5099 936 5170 ἀναλίσκομεν,
963 5098 1058 5151 καὶ
1094 5099 1364 5170 πυλωροῖς
1392 5100 1774 5172 διαλεγόμεθα,
1816 5102 1902 5156 ἵνα
1935 5121 2061 5174 μια-

383 5191 510 5262 pob;
536 5187 857 5259 ἀνθρώπους
882 5185 1324 5258 κολακεύσωμεν,
1355 5190 1450 5241 καὶ
1473 5191 1653 5244 πάντα
1674 5189 1936 5262 ποιοῦμεν
1963 5194 2059 5247 καὶ

380 5281 612 5354 λέγομεν
637 5279 778 5334 ὥστε
809 5279 1223 5352 κατορθωθῆναι
1261 5281 1392 5351 ήμῖν
1417 5280 1480 5334 τὸ
1508 5282 1888 5354 προκείμενον,
1917 5284 2058 5357 ὑπὲρ

444 5485 462 5550 ξ
487 5486 559 5550 l_t_a
582 5488 764 5545 Saviln,
793 5487 925 5548 vulg.
964 5487 1168 5550 ἔχθιστα.
1194 5487 1332 5539 Εοιτ.

443 5547 474 5587 h
497 5548 670 5617 Hofe|_.
694 5547 1137 5617 bnéﬁéampiaq,
1165 5553 1313 5617 et_sic_:
1350 5551 1501 5600 Savil.
1537 5551 1588 5602 in
1608 5615 1614 5617 Α
1631 5565 1808 5617 marg.,
1832 5550 1885 5604 in
1913 5559 2058 5607 textu

299 5618 306 5630 ‘
385 5617 549 5679 ποιοίη
570 5611 769 5679 ᾀπδτῆς
787 5613 857 5660 αθ.
883 5611 1022 5662 Unus;
1042 5616 1196 5679 cpqex
1223 5613 1319 5679 διπρ
1339 5621 1424 5672 τῆς
1449 5615 1687 5679 ῥᾳθυμίας.

448 5673 472 5700 ε
494 5673 641 5736 qujl.
672 5671 720 5736 ἰιι
747 5687 893 5736 marg.
925 5682 1036 5736 post
1069 5671 1430 5734 λελυπηκότι,ἢ
1450 5671 1526 5726 ’τὸ
1565 5671 1644 5727 διὰ
1660 5671 1837 5736 παντὸς
1858 5679 2058 5736 κολάζε-

373 5733 507 5788 σθαι;
540 5733 618 5787 Μή
642 5735 746 5793 γάρ.

1153 292 1211 347 S.
1252 289 1541 348 JOANNIS
1578 285 2073 345 CHRYSOSTOMI
2110 286 2433 346 ARCHIEP.
2475 287 3027 346 CONS’I‘ANTINOP.

3713 287 3823 343 209.

2147 405 2206 460 δὲ
2245 406 2353 459 τῶν
2397 405 2491 460 τοῦ
2537 406 2674 460 Θεοῦ
2720 407 2899 478 νόμων
2937 407 3030 460 τὸν
3070 406 3412 477 λελυπηκότα
3462 405 3690 474 ἀδελφὸν
3721 406 3820 477 οὐχ

2146 493 2491 564 ὑπομένομεν
2518 495 2921 566 παρακαλέσαι,
2943 494 3078 547 ἀλλά
3103 495 3196 548 καὶ
3219 493 3482 563 αἰσχύνην
3507 491 3645 546 εἶναι
3667 493 3821 563 νομί-

2146 581 2312 651 ζομεν
2364 583 2427 636 τὸ
2459 582 2715 654 πρότεροι
2769 583 3177 654 προσδραμείν;
3228 582 3489 655 Αίσχύνῃ,
3551 582 3671 634 εἰπέ
3707 599 3820 652 μοι.

2149 671 2358 741 μέλλων
2391 672 2655 743 πρότερος
2677 672 2981 744 κερδαίνειν
3001 689 3017 736 ;
3039 672 3361 726 Τοὺναντίον
3389 673 3486 741 μὲν
3517 667 3610 724 οὗν
3633 669 3826 740 αἰσχύ-

2146 759 2332 814 νεσθαι
2361 761 2467 832 χρὴ
2505 760 2567 814 τὸ
2601 760 2784 830 μένειν
2815 761 2908 814 ἐπὶ
2938 760 3034 814 τοῦ
3070 760 3294 824 πάθους,
3339 761 3434 814 καί
3462 759 3555 813 τὸν
3586 759 3817 826 λελυπηα

2147 847 2281 900 κότα
2307 848 2626 920 ἐκδέχεσθαι
2651 849 2786 919 πρὸς
2818 851 2916 914 τὰς
2942 848 3286 919 καταλλαγὰς
3313 848 3514 901 ἐλθεῖν·
3539 847 3700 901 τοῦτο
3714 847 3829 918 γὰρ
3933 876 3936 878 ~

2147 935 2242 987 καὶ
2273 936 2502 1006 αἰσχύνη
2526 937 2620 990 καὶ
2649 936 2849 1000 ὄνειδος
2872 938 2967 990 καὶ
2984 937 3155 1008 ζημία
3179 938 3433 1007 μεγίστη.
3475 934 3532 990 '0
3557 935 3666 1007 γὰρ
3692 936 3829 1007 πρό-

2146 1039 2304 1094 τερος
2335 1022 2503 1078 ἐλθὼν
2523 1064 2538 1088 ,
2573 1025 2782 1088 ἐκεῖνος
2813 1025 3122 1098 καρποῦται
3169 1027 3232 1079 τὸ
3263 1028 3394 1080 πᾶν.
3449 1027 3543 1078 ‘Av
3575 1025 3676 1096 μὲν
3715 1024 3830 1096 γάρ

2149 1110 2280 1182 παρ’
2307 1111 2494 1183 ἐτέρου
2522 1112 2895 1184 παρακληθεὶς
2924 1114 3070 1185 ἀφῇς
3098 1115 3196 1185 τὴν
3229 1114 3420 1185 ὀργήν,
3451 1115 3643 1182 ἐκείνῳ
3673 1113 3827 1180 λογί-

2149 1194 2302 1260 ζεται
2347 1200 2408 1252 τὺ
2452 1199 2784 1272 κατόρθωμα
2817 1199 2919 1270 (οὑ
2963 1202 3070 1273 γὰρ
3095 1201 3157 1272 δὴ
3185 1201 3263 1272 τῷ
3314 1201 3436 1272 Θεῷ
3481 1201 3826 1272 πειθόμενος,

2148 1286 2264 1340 ἀλλ’
2285 1288 2480 1358 ἐκείνῳ
2530 1288 2889 1358 χαριζόμενος
2925 1288 3014 1341 τὸν
3053 1290 3216 1359 νόμον
3243 1289 3593 1361 ὲπλήρωσας)
3618 1307 3630 1320 ·
3666 1290 3734 1343 ἂν
3766 1291 3828 1342 δέ

2151 1375 2378 1446 μηδενὸς
2414 1376 2858 1447 παρακαλοῦντος
2883 1419 2897 1442 ,
2951 1379 3088 1448 μήτε
3118 1377 3282 1431 αὑτοῦ
3325 1378 3419 1432 τοῦ
3460 1377 3829 1448 λελυπηκότος

2149 1463 2286 1534 πρὸς
2326 1463 2386 1517 σὲ
2440 1464 2885 1535 παραγενομένου
2941 1465 3035 1517 καί
3067 1464 3370 1536 δεηθέντος,
3429 1466 3588 1528 αὑτὴ
3644 1467 3827 1521 πᾶσαν

2148 1551 2411 1623 αἰσχύνην
2429 1553 2521 1605 καὶ
2546 1553 2725 1606 πάντα
2754 1552 2910 1606 δκνον
2936 1552 3100 1623 ῥίψας
3123 1552 3232 1605 ἀπὸ
3251 1553 3350 1622 τῆς
3376 1553 3636 1619 διανοίας,
3656 1572 3829 1625 προσ-

2148 1639 2364 1712 δράμῃς
2391 1639 2468 1710 τῷ
2489 1639 2770 1711 ἠδικηκότι
2802 1641 2896 1694 καὶ
2929 1641 3234 1712 καταλύσῃς
3260 1642 3358 1713 τὴν
3385 1641 3577 1713 ὀργὴν,
3600 1643 3828 1712 ὁλόκλη-

2154 1728 2244 1799 ρόν
2279 1745 2373 1782 σου
2428 1729 2638 1797 γίνεται
2693 1728 2754 1783 τὸ
2783 1729 3137 1803 κατόρθωμα,
3177 1733 3271 1784 καὶ
3320 1731 3411 1784 τὸν
3464 1733 3642 1785 πάντα
3677 1731 3828 1805 λήψῃ

2155 1815 2364 1886 μισθόν.
2399 1818 2498 1869 Ἂν
2521 1816 2683 1877 είπω,
2715 1817 3049 1887 Νήστευσον,
3102 1818 3385 1872 ἀσθένειάν
3421 1836 3511 1889 μοι
3555 1820 3826 1892 προϐάλλῃ

2153 1903 2406 1974 σώματος
2429 1904 2688 1968 πολλάκις
2713 1921 2728 1936 ο
2758 1907 2825 1958 ἂν
2853 1905 3014 1968 εἴπω,
3045 1906 3143 1969 Δὸς
3171 1907 3396 1977 πένησι,
3438 1907 3829 1979 παιδοτροφίαν

2151 1994 2247 2047 καὶ
2275 1993 2462 2046 πενίαν
2483 2010 2496 2023 ·
2531 1993 2598 2047 ἂν
2626 1993 2787 2057 εἴπω,
2823 1994 3057 2064 Σχόλαζε
3097 1997 3177 2059 εἰς
3209 1995 3492 2060 συνάξεις,
3543 1997 3832 2067 φροντίδας

2153 2082 2413 2153 βιωτικάς
2433 2096 2446 2108 '
2479 2082 2547 2136 ἀν
2579 2083 2742 2149 εἴπω,
2773 2084 3016 2155 Πρόσεχε
3046 2084 3073 2124 d
3098 2088 3210 2148 τοῖς
3247 2085 3578 2155 λεγομένοις,
3607 2087 3698 2140 καὶ
3718 2088 3832 2140 νόει

2151 2173 2250 2242 τῆς
2275 2172 2625 2236 διδασκαλίας
2652 2173 2750 2244 τὴν
2777 2172 3026 2244 δύναμιν,
3058 2174 3324 2228 ἰδιωτείαν
3343 2193 3355 2204 ·
3385 2173 3450 2227 ἂν
3479 2174 3638 2234 εἴπω.
3674 2174 3833 2248 [204]

2151 2259 2513 2331 Κατόρθωσον
2545 2261 2750 2333 ἓτερον,
2789 2261 2988 2328 λέγεις,
3016 2263 3100 2315 ὅτι
3126 2263 3239 2333 Οὐχ
3284 2263 3651 2317 ὑπακούσεται
3692 2282 3834 2334 συμ-

2151 2348 2571 2420 ϐουλευόμενος·
2624 2349 2886 2414 πολλάκις
2919 2349 3028 2422 γὰρ
3056 2350 3225 2404 εἰπὼν
3254 2352 3680 2422 κατεφρονήθην.
3709 2353 3834 2405 Ψυ-

2151 2439 2284 2509 χραὶ
2317 2439 2414 2509 μὲν
2455 2434 2548 2492 οῦν
2578 2440 2635 2492 αἰ
2661 2439 2984 2511 προφάσεις,
3015 2439 3131 2494 ἀλλ’
3162 2441 3310 2511 ὅμως
3343 2440 3447 2496 κᾶν
3491 2441 3762 2510 πρόφασιν
3805 2453 3834 2481 ⁸

2153 2526 2282 2598 ἔχῃς
2316 2528 2490 2580 εἰπεῖν
2514 2544 2528 2557 ⁹
2553 2525 2620 2580 ἃιν
2639 2526 2801 2589 εἴπω.
2829 2527 2941 2598 Τὴν
2966 2526 3137 2598 ὀργήν
3164 2528 3320 2596 ἄφες,
3343 2529 3397 2581 τί
3427 2530 3630 2583 τούτων
3652 2531 3836 2584 εἰπεῖν

2150 2615 2358 2690 δυνήσῃ
2383 2633 2397 2683 ;
2422 2615 2559 2669 Οῦτε
2594 2615 2703 2687 γάρ
2727 2615 3015 2670 ἀσθένειαν
3046 2616 3318 2687 σώματος,
3346 2616 3470 2671 οὔτε
3500 2618 3704 2683 πενίαν,
3727 2620 3836 2674 οὑκ

2157 2703 2447 2766 ἰδιωτείαν,
2485 2703 2586 2757 οὑκ
2615 2703 2894 2774 ἀσχολίαν,
2945 2704 3046 2756 οὐκ
3084 2703 3212 2758 ἄλλο
3239 2704 3394 2758 οὐδὲν
3443 2705 3587 2776 ἔχεις
3631 2708 3833 2768 εἰπεῖν,

2152 2792 2269 2846 ἀλλ’
2293 2793 2683 2862 ἀσύγγνωστος
2699 2791 2838 2864 αῦτη
2861 2793 3096 2862 μάλιστα
3116 2795 3334 2848 πάντων
3351 2796 3500 2849 ἐστὶν
3515 2797 3549 2867 ἡ
3565 2796 3832 2867 ἁμαρτία.

2226 2881 2352 2945 Πῶς
2376 2881 2582 2952 δυνήσῃ
2621 2880 2721 2944 τὰς
2758 2884 2946 2952 χεῖρας
2978 2883 3058 2944 εἰς
3097 2881 3187 2934 τὸν
3232 2883 3462 2954 οὐρανὸν
3516 2884 3834 2950 ἀνατεῖναι;

2154 2969 2281 3034 Πῶς
2304 2971 2404 3041 τὴν
2446 2969 2692 3038 γλῶτταν
2734 2970 2998 3041 κινῆσαι;
3035 2969 3163 3033 Πῶς
3205 2971 3429 3041 αἰτῆσαι
3469 2971 3832 3043 συγγνώμηνς

2155 3059 2274 3113 Κᾶν
2301 3061 2412 3131 γὰρ
2441 3057 2461 3098 ί
2500 3058 2758 3129 βούληται
2792 3063 2820 3112 ό
2848 3060 2980 3122 Θεὸς
3012 3059 3234 3130 ἀφεῖναι
3273 3061 3372 3123 τὰς
3397 3060 3669 3132 ἁμαρτίας
3711 3079 3834 3123 σου.

2153 3148 2255 3201 οὐκ
2280 3148 2446 3217 ἀφίης
2474 3147 2656 3213 αὐτὸς,
2687 3148 2756 3202 τά
2782 3147 2876 3200 τοῦ
2914 3148 3203 3201 συνδούλου
3228 3148 3493 3219 κατέχων.
3514 3149 3654 3202 Ἀλλ’
3679 3149 3837 3220 ὠμός

2153 3236 2293 3299 ἐστι,
2324 3235 2419 3287 καὶ
2445 3235 2654 3305 ἄγριος,
2686 3233 2781 3288 καὶ
2821 3231 3116 3307 θηριώδης,
3150 3236 3244 3289 καὶ
3275 3234 3550 3300 κολάσεως
3576 3235 3840 3306 ἐπιθυμεῖ

2155 3324 2248 3378 καὶ
2273 3323 2616 3387 ἀντιδόσεως.
2643 3325 2752 3378 Kal
2785 3323 2874 3380 διὰ
2893 3323 3053 3377 τοῦτο
3081 3324 3318 3394 μάλιστα
3343 3325 3499 3394 ἄφες.
3547 3325 3838 3395 Ἢδίκησαι

2153 3414 2346 3474 πολλὰ,
2379 3415 2472 3466 καὶ
2503 3413 2903 3484 ἀπεστέρησαι,
2967 3414 3063 3467 καὶ
3111 3414 3294 3476 κακῶς
3351 3413 3610 3482 ἤκουσας.
3651 3412 3744 3465 καὶ
3771 3412 3838 3463 ἐν

2153 3506 2265 3566 τοῖς
2298 3503 2574 3571 μεγίστοις
2606 3501 2843 3572 ἐϐλάϐης
2870 3502 3182 3572 πράγμασι,
3201 3501 3295 3555 καὶ
3322 3499 3503 3570 βούλει
3529 3499 3838 3570 κολαζόμεε

2154 3609 2242 3645 νον
2271 3592 2396 3644 ἰδεῖν
2424 3591 2515 3644 τὸν
2544 3591 2760 3662 ἐχθρόν.
2793 3593 2903 3644 Καὶ
2933 3593 3014 3654 εἰς
3054 3590 3213 3644 τοῦτό
3245 3608 3326 3644 σοι
3354 3591 3516 3645 πάλιν
3562 3593 3838 3662 χρήσιμον

2152 3681 2216 3734 τὸ
2241 3680 2478 3750 ἀφιέναι.
2508 3680 2607 3733 Ἂν
2639 3679 2865 3751 μὲνγὰρ
2891 3679 3054 3742 αὑτὸς
3079 3680 3372 3751 ἐκδικήσῃς
3392 3679 3487 3732 καὶ
3517 3679 3839 3753 ἐπεξέλθῃς,

2154 3771 2264 3823 εἴτε
2313 3768 2402 3824 διὰ
2433 3768 2717 3839 ῥημάτων,
2758 3767 2870 3820 είτε
2926 3768 3016 3820 διὰ
3058 3768 3426 3839 πραγμάτων,
3469 3766 3580 3820 εἴτε
3615 3767 3703 3820 διὰ
3734 3769 3839 3836 τῆς

2154 3857 2320 3929 εὑχῆς
2350 3857 2448 3928 τῆς
2483 3857 2604 3910 κατ’
2623 3857 2811 3924 αὑτοῦ,
2839 3858 2868 3910 ὁ
2897 3856 3030 3920 Θεὸς
3045 3858 3150 3910 οὑκ
3177 3854 3596 3920 ἐπεξελεύσεται
3622 3856 3833 3922 λοιπὸν,

2155 3947 2252 4001 am
2285 3944 2379 3998 σοῦ
2403 3948 2428 3986 ε
2456 3944 2554 4018 τὴν
2582 3947 2854 4016 τιμωρίαν
2880 3945 3167 4010 λαϐόντοςο
3208 3946 3303 3999 καὶ
3323 3946 3382 3998 οὑ
3427 3945 3585 4015 μόνον
3611 3945 3712 3999 οὑκ
3738 3947 3837 4002 ἐπ-

2155 4034 2516 4100 εξελεύσεται,
2537 4034 2674 4088 άλλά
2690 4035 2784 4088 καὶ
2811 4034 2870 4087 σὲ
2893 4034 3191 4105 ἀπαιτήσει
3210 4034 3366 4104 δίκην
3383 4033 3456 4096 ὡς
3483 4033 3836 4106 ὑϐρισμένος.

2230 4124 2363 4184 δ¹.Εἰ
2379 4124 2583 4198 γὰρέπ⁸
2598 4123 2902 4196 ἀνθρώπων
2925 4123 3086 4177 τοῦτο
3104 4123 3447 4192 γίνεται,κᾶν
3469 4124 3839 4195 τυπτήσωμεν

2154 4215 2437 4286 ἀλλότριον
2464 4213 2704 4282 οἰκέτην,
2722 4213 2751 4265 ὁ
2771 4211 3040 4283 δεσπότης
3056 4213 3375 4280 ἀγανακτεῖ,
3399 4213 3496 4264 καὶ
3514 4210 3672 4284 ῦόριν
3690 4207 3835 4266 εἷναί

2157 4320 2291 4374 φησι
2335 4302 2396 4355 τὸ
2439 4303 2706 4372 πρᾶγμα·
2764 4299 2868 4354 κᾶν
2896 4298 3006 4372 γὰρ
3054 4299 3374 4371 ἠδικημένοι
3414 4298 3670 4371 τύχωμεν
3723 4299 3840 4351 εἴτε

2156 4389 2262 4444 ὑπὸ
2293 4389 2516 4456 δούλων,
2548 4389 2661 4442 εἴτε
2683 4387 2789 4441 ὑπὸ
2815 4385 3144 4452 ἐλευθέρων,
3173 4384 3274 4448 τὰς
3315 4385 3467 4456 παρά
3491 4383 3601 4438 τῶν
3642 4383 3841 4456 ἀρχόν-

2154 4496 2265 4533 των
2291 4476 2506 4541 καὶτὰς
2524 4477 2674 4546 παρά
2703 4474 2814 4529 τῶν
2843 4473 3119 4528 δεσποτῶν
3148 4472 3444 4543 ἀναμένειν
3463 4472 3568 4545 χρὴ
3596 4471 3836 4542 ψήφοκν

2156 4568 2205 4620 εἰ
2231 4566 2411 4621 τοίνυν
2443 4564 2530 4617 ἐπ’
2559 4563 2864 4636 ἀνθρώπων
2887 4563 2990 4617 οὑκ
3022 4562 3264 4633 ἀσφαλὲς
3298 4561 3524 4624 ἑαυτοὺς
3577 4559 3837 4623 ἐκδικεῖν,

2158 4654 2336 4726 πολλῷ
2377 4653 2600 4726 μᾶλλον,
2655 4653 2786 4706 ὅταν
2812 4653 2841 4704 ό
2889 4650 3022 4712 Θεὸς
3051 4650 3271 4722 δικάζῃ.
3328 4648 3471 4706 Ἀλλ’
3518 4647 3745 4718 ἠδίκησέ
3775 4664 3840 4702 σε

2155 4746 2250 4800 καὶ
2274 4745 2570 4816 λελύπηκε,
2603 4743 2698 4796 καὶ
2734 4739 2904 4812 μυρία
2940 4738 3191 4809 διέθηκεν
3223 4739 3254 4792 ὁ
3286 4736 3517 4808 πλησίον
3542 4737 3711 4792 κακά.

2225 4833 2381 4905 Μηδὲ
2406 4831 2579 4895 οὑτως
2609 4830 2773 4892 αὑτὸς
2810 4827 2961 4900 αὑτῷ
2993 4826 3292 4899 ἐπεξέλθῃς
3312 4865 3329 4891 .
3374 4826 3462 4881 ἵνα
3495 4825 3571 4897 μὴ
3607 4825 3841 4900 ὑϐρίσῃς

2159 4921 2357 4977 σαυτοῦ
2379 4921 2472 4975 τὸν
2502 4920 2781 4990 Δεσπότην
2797 4935 2810 4950 ·
2842 4916 3250 4990 παραχώρησον
3277 4913 3358 4987 τῷ
3389 4914 3530 4986 Θεῷ,
3555 4915 3652 4969 καὶ
3672 4915 3841 4978 αὑτὸς

2156 5011 2402 5084 διαθήσει
2423 5011 2483 5064 τὸ
2507 5011 2746 5080 πρᾶγμα
2779 5006 2961 5078 πολλῷ
2993 5005 3202 5076 βέλτιον
3240 5005 3271 5046 h
3303 4998 3364 5058 οὗ
3399 5005 3465 5058 σὺ
3511 5003 3715 5074 βούλει.
3746 5005 3843 5057 Σοὶ

2160 5103 2320 5173 μόνον
2347 5097 2602 5169 εὔχεσθαι
2638 5098 2780 5169 ὑπὲρ
2807 5095 2902 5150 τοῦ
2929 5094 3296 5165 λελυπηκότος
3341 5093 3598 5148 ἐκέλευσε
3623 5111 3638 5124 ·
3678 5092 3742 5147 τὸ
3776 5093 3842 5148 δέ

2156 5191 2276 5254 πῶς
2308 5189 2502 5258 ἐκείνῳ
2531 5186 2613 5238 δεῖ
2652 5183 2982 5258 χρήσασθαι,
3015 5183 3165 5255 αὑτῷ
3195 5183 3519 5237 καταλιπεῖν
3562 5181 3839 5254 προσέτα-

2219 5366 2639 5438 ξιΑᾹιὶᾖρχόλασον
2662 5365 2726 5438 εἰς
2749 5361 2974 5438 meai-eam,
2990 5361 3247 5438 apertis“
3274 5361 3519 5438 βιωτικιᾲς,
3544 5361 3772 5438 πρόσεχε.

2213 5433 2237 5460 ⁸
2262 5427 2414 5478 Savil.
2433 5423 2529 5476 ’κᾶν
2551 5427 2829 5489 προφάσεις.
2855 5423 2963 5472 Mox
2989 5423 3057 5473 id.
3076 5423 3351 5489 §9a;,_9\'rre
3371 5423 3616 5489 ἀσθένειῴ
3644 5423 3772 5486 σῶμ.

2203 5490 2244 5566 *ί
2273 5490 2534 5569 Γᾴροθοει
2557 5483 2607 5537 ixi
2631 5483 2781 5538 Savil.
2805 5491 2859 5534 et
2878 5498 2977 5535 uno
3001 5483 3188 5536 codiée.
3215 5485 3328 5535 Mox
3366 5483 3518 5534 Savil.
3546 5485 3604 5532 οὐ
3645 5483 3841 5549 συγχωο

2156 5572 2249 5687 pag:
2267 5569 2612 5687 ξέἔοέεεινὶιίο
2632 5613 3008 5666 rescribendum
3047 5611 3156 5663 fuit.
3196 5609 3475 5674 Scripserat
3513 5607 3684 5660 llomf.
3707 5611 3842 5671 παρὰ

2156 5677 2263 5729 σοῦ.
2294 5676 2423 5725 Enrr.

2220 5742 2248 5781 h
2270 5739 2367 5799 Alii
2385 5737 2505 5786 πολὺ
2524 5737 2724 5799 βέλτιον.
