4112 6388
271 406 368 460 2M

272 532 529 575 tationum
576 520 628 574 in
677 519 790 575 dies
835 529 1114 589 aggravat,
1170 522 1331 575 verba
1374 522 1615 593 factaque
1664 541 1844 582 secum

271 622 501 679 reputat.
532 612 699 676 ipsius
726 625 935 678 quoque
972 610 1171 664 nomini
1212 612 1451 679 infeStus,
1475 615 1563 684 qui
1605 616 1849 684 injuriatn

272 705 437 758 dedit.
476 703 533 758 Si
558 702 738 758 audiat
762 703 905 757 illum
930 713 1129 758 tantum
1152 706 1435 772 nominari,
1454 707 1705 764 efferatur
1724 725 1851 764 con-

273 796 441 861 tiuuo,
469 810 660 865 magno
701 811 820 849 cum
850 796 1008 849 animi
1038 795 1293 862 cruciatu,
1327 807 1381 851 et
1399 798 1469 855 ad
1492 800 1663 854 solum
1710 802 1849 858 illius

268 899 612 956 conSpectum
644 888 868 957 trepidat
886 888 1155 953 ethorret,
1185 900 1450 959 tamquam
1476 892 1518 947 si
1541 893 1723 947 ultima
1760 909 1850 963 pa-

272 981 450 1034 tiatur.
473 981 625 1048 Quod
651 982 695 1035 si
717 981 841 1050 quid
872 981 1028 1047 illius,
1050 982 1131 1036 vel
1156 992 1379 1046 vestem,
1404 984 1486 1038 vel
1506 984 1743 1049 domum,
1767 989 1848 1041 vel

268 1073 604 1141 angiportum
637 1074 831 1136 videat,
863 1075 1098 1128 omnium
1146 1064 1366 1129 istortdn
1406 1076 1601 1132 intuitu
1632 1087 1848 1147 torque-

269 1172 353 1215 tur
384 1178 484 1217 :ac
512 1164 955 1232 quemadmodum
987 1165 1303 1221 dilectorum
1324 1183 1385 1221 ac
1403 1183 1647 1223 carorum
1669 1169 1846 1225 homi-

267 1270 396 1308 num
424 1266 620 1319 veSIes,
650 1255 842 1321 vultus,
872 1256 1248 1321 calceameuta,
1280 1257 1487 1324 domus,
1519 1260 1643 1313 item
1673 1271 1726 1315 et
1755 1276 1849 1315 an-

262 1346 523 1413 giportus,
569 1362 691 1400 mox
724 1356 780 1401 ut
807 1350 918 1402 visa
968 1347 1182 1411 fuerint,
1210 1350 1443 1405 excitare
1490 1365 1586 1405 nos
1632 1352 1844 1407 solent:

263 1437 337 1490 ita
356 1453 568 1508 quoque
588 1438 923 1494 inimicorum
946 1449 995 1493 ct
1018 1440 1321 1496 odiosorum
1345 1442 1617 1500 hominum
1635 1461 1842 1512 servus,

262 1531 488 1593 amicus,
516 1530 728 1596 domus,
757 1532 1065 1601 angiportus
1092 1534 1142 1586 in
1176 1544 1518 1603 conspectum
1556 1536 1728 1601 datus,
1756 1550 1848 1594 aut

259 1623 634 1692 quodcumque
662 1624 827 1687 aliud,
851 1626 1057 1679 animos
1086 1626 1305 1690 arrodit,
1336 1636 1491 1696 atque
1519 1628 1650 1683 alias
1687 1645 1848 1701 super

258 1714 414 1776 alias,
435 1724 491 1768 ut
516 1715 760 1785 quodque
785 1717 954 1770 visum
983 1715 1161 1783 fuerit,
1188 1718 1368 1787 plagas
1389 1721 1542 1775 nobis
1566 1720 1771 1777 incutit.

336 1827 388 1879 5.
414 1824 676 1893 Quorsum
702 1840 836 1896 opus
867 1828 1024 1896 igitur
1049 1837 1133 1882 est
1161 1829 1457 1884 istiusmodi
1503 1832 1665 1886 animi
1703 1833 1848 1888 obsi-

257 1914 440 1979 dinne,
469 1918 627 1971 lautis
669 1919 947 1973 tormentis
972 1934 1034 1973 ac
1063 1920 1152 1973 tali
1182 1921 1479 1990 supplicio?
1501 1921 1651 1990 Quod
1676 1925 1719 1978 si
1748 1941 1845 1981 nec

256 2008 500 2076 geheuna
522 2009 820 2066 immineret
841 2012 963 2065 odio
986 2012 1366 2077 laborantibus,
1385 2015 1569 2069 saltem
1591 2016 1660 2070 ob
1682 2016 1844 2086 ipsius

256 2096 369 2151 odii
396 2100 686 2155 cruciatum
719 2112 931 2170 peccata
961 2104 1321 2171 proximorum
1365 2105 1712 2162 condonanda
1760 2125 1845 2163 es-

256 2199 411 2252 sent;
443 2205 561 2244 cum
583 2201 758 2247 autem
787 2202 983 2248 mterna
1014 2195 1267 2263 supplicia
1304 2211 1399 2249 nos
1431 2207 1698 2265 maneant,
1718 2201 1843 2270 quid

255 2280 469 2334 stultius
486 2297 643 2351 quam
661 2292 714 2338 et
734 2283 821 2338 hic
841 2292 895 2338 et
928 2284 1036 2338 illic
1055 2286 1396 2356 semetipsum
1422 2289 1695 2354 mulctare,
1719 2292 1843 2345 dum

255 2369 325 2426 de
349 2372 516 2426 altero
542 2388 602 2427 se
624 2374 793 2429 credit
822 2376 1075 2431 ultionem
1108 2379 1357 2432 sumere?
1385 2377 1442 2432 Si
1467 2381 1609 2434 enim
1642 2381 1843 2436 ﬂoren-

255 2474 365 2520 tem
410 2467 557 2521 illum
596 2468 1138 2533 videamus,mmrore
1167 2471 1428 2539 perimus;
1458 2472 1537 2526 sin
1569 2472 1840 2541 afflictum,

255 2574 504 2613 veremur
525 2576 593 2614 ne
616 2559 823 2614 fortuna
848 2576 907 2616 se
928 2561 981 2615 in
1009 2562 1195 2616 melius
1220 2570 1545 2617 commutet:
1570 2565 1843 2635 utriusque

253 2650 428 2717 culpze
472 2651 624 2704 nobis
670 2667 827 2721 paena
874 2653 1279 2721 indeprecabilis
1324 2654 1609 2708 constituta
1640 2668 1741 2709 est.
1772 2655 1840 2711 In

252 2740 666 2810 supplantatione
708 2743 899 2796 inimici
940 2752 1066 2796 nete
1088 2740 1269 2809 e/feras
1290 2742 1473 2814 (Prov.
1497 2744 1586 2799 24.
1614 2746 1730 2815 17),
1764 2748 1839 2799 ἰη-

252 2832 373 2901 quit
397 2832 687 2901 Scriptura.
708 2833 787 2889 Ne
809 2834 935 2888 mihi
953 2833 1471 2905 allegesinjuriarum
1496 2847 1836 2907 acceptarum

254 2924 424 2979 moles
456 2941 470 2977 :
500 2940 606 2978 non
634 2926 774 2980 enim
797 2926 925 2980 illud
952 2926 1005 2980 in
1030 2936 1080 2980 te
1102 2924 1227 2980 facit
1248 2928 1594 2994 pertinaciam
1617 2929 1836 2992 irarum,

253 3014 350 3069 sed
376 3015 515 3084 quod
542 3030 726 3085 parum
757 3031 964 3072 memor
986 3032 1042 3071 es
1065 3028 1276 3072 tuorum
1301 3017 1639 3086 delictorum,
1668 3035 1839 3090 neque

252 3105 548 3174 gehennam
591 3115 717 3161 ante
756 3108 940 3163 oculos
987 3108 1149 3163 habes
1196 3118 1287 3163 aut
1334 3110 1429 3163 Dei
1477 3109 1740 3165 timorem.
1771 3111 1840 3167 Ut

252 3211 431 3258 autem
479 3204 754 3259 condiscas
801 3206 853 3259 id
896 3221 1077 3260 verum
1121 3221 1274 3272 esse,
1323 3223 1387 3261 ex
1432 3208 1642 3263 casibus
1685 3208 1837 3263 istius

251 3298 400 3353 urbis
426 3297 743 3352 documenta
771 3314 1029 3367 promam.
1062 3300 1195 3352 Cum
1227 3301 1371 3373 enim
1397 3301 1472 3354 rei
1502 3302 1725 3357 istorum
1755 3299 1836 3354 fa-

249 3390 490 3442 cinorum
530 3389 596 3444 ad
636 3388 892 3459 judicium
934 3389 1311 3454 trahebantur,
1345 3406 1407 3444 ac
1436 3390 1647 3445 ﬂamma
1695 3393 1837 3448 intus

248 3479 655 3547 incendebatur,
702 3482 1168 3536 circumstantibus
1215 3483 1555 3538 carniﬁcibus
1582 3499 1642 3539 ac
1665 3484 1833 3539 latera

248 3572 692 3641 discerpentibus,
727 3578 769 3628 si
799 3574 917 3643 quis
944 3573 1012 3627 ibi
1042 3575 1329 3640 assistens,
1354 3575 1425 3627 ita
1451 3589 1543 3629 eos
1568 3590 1630 3629 ex
1660 3585 1835 3630 trans-

247 3679 408 3718 verso
458 3665 754 3735 alloquutus
779 3665 985 3731 fuisset,
1014 3664 1067 3721 Si
1098 3665 1304 3721 habetis
1348 3666 1611 3730 inimicos,
1644 3669 1835 3722 mittite

246 3756 593 3821 simultatem,
624 3766 678 3811 et
701 3773 766 3811 ex
794 3757 896 3811 isto
926 3757 1185 3826 supplicio
1227 3771 1322 3811 vos
1366 3758 1595 3813 liberare
1632 3760 1833 3829 poteri-

246 3861 369 3900 mus
396 3863 411 3899 :
440 3863 504 3900 an
536 3863 639 3901 non
666 3864 787 3902 cum
817 3849 1010 3902 osculis
1039 3849 1105 3903 ad
1132 3848 1272 3903 illius
1296 3848 1459 3917 pedes
1482 3863 1540 3904 se
1569 3849 1833 3906 devolvis-

246 3940 402 3992 sent?
426 3938 533 3991 imo
557 3940 681 4009 quid
708 3939 775 3995 de
804 3940 1023 4009 pedibus
1052 3939 1272 4009 loquor?
1298 3940 1341 3993 si
1372 3942 1489 4010 quis
1526 3941 1830 3997 servitutem

247 4029 355 4082 illis
397 4031 799 4098 proposuisset,
847 4047 954 4085 non
998 4047 1114 4085 eam
1162 4031 1520 4087 conditionem
1567 4035 1831 4102 aspernati

247 4119 491 4175 fuissent.
524 4122 674 4187 Quod
703 4123 747 4175 si
779 4122 1005 4176 humana
1035 4137 1217 4193 paena,
1246 4139 1364 4193 qua:
1406 4125 1690 4179 terminum
1734 4125 1831 4179 ha-

247 4212 359 4273 bet,
385 4212 648 4281 quaslibet
672 4213 776 4267 iras
804 4222 1042 4282 superat,
1073 4213 1239 4267 multo
1264 4214 1432 4283 magis
1452 4214 1683 4269 futurum
1706 4232 1833 4285 sup—

247 4300 485 4369 plicium,
527 4303 570 4356 si
612 4304 866 4357 memoria
912 4303 1028 4371 ejus
1066 4312 1322 4372 perpetuo
1368 4314 1579 4360 nostras
1626 4317 1832 4361 mentes

248 4399 475 4456 teneret,
507 4408 611 4446 non
636 4394 805 4448 solum
834 4394 1177 4461 simultatem,
1209 4395 1301 4449 sed
1329 4405 1382 4450 et
1412 4411 1596 4452 omnes
1642 4414 1831 4466 pravas

242 4483 595 4552 cogitationes
623 4484 690 4538 ab
718 4484 895 4539 animo
920 4485 1245 4540 excluderet.
1270 4486 1405 4553 Quid
1436 4488 1575 4541 enim
1602 4488 1826 4551 facilius,

244 4574 355 4635 die,
383 4589 583 4643 quasso,
614 4591 770 4645 quam
802 4576 1022 4640 homini,
1053 4576 1141 4644 qui
1175 4586 1225 4630 te
1253 4576 1468 4641 laeserit,
1488 4579 1619 4632 iram
1642 4580 1829 4633 remit-

243 4663 409 4717 tere’.
440 4662 556 4717 Non
606 4665 747 4719 enim
792 4665 963 4734 longis
986 4664 1053 4719 ad
1079 4664 1130 4718 id
1161 4665 1670 4734 peregrinationibus
1694 4681 1828 4737 opus

244 4762 352 4818 est,
387 4768 493 4807 non
519 4754 862 4824 pecuniarum
902 4756 1191 4824 insumptu,
1219 4770 1326 4809 non
1372 4758 1594 4811 aliorum
1638 4774 1827 4813 exora-

246 4844 516 4907 tionibus;
545 4844 739 4899 sufficit
766 4853 822 4898 ut
852 4854 1053 4899 tantum
1103 4845 1264 4911 velis,
1290 4860 1353 4901 ac
1374 4848 1483 4915 jam
1530 4849 1697 4903 virtus
1740 4851 1827 4905 illa

243 4948 401 4987 suum
423 4948 557 5003 opus
589 4935 835 5004 explevit.
864 4936 975 5003 Qua
1005 4936 1161 5005 igitur
1187 4951 1340 5005 pana
1368 4938 1508 5006 digni
1536 4953 1642 4993 non
1667 4939 1830 4995 fueri-

243 5041 388 5088 mus,
419 5027 466 5081 si
495 5029 822 5082 saacularium
864 5044 1040 5083 rerum
1080 5044 1236 5083 causa
1262 5039 1316 5084 et
1344 5030 1556 5084 servilia
1597 5033 1829 5087 sustine-

242 5134 368 5171 mus
394 5117 703 5181 miuisteria,
731 5126 787 5172 et
813 5128 1004 5186 prmter
1028 5119 1333 5187 dignitatem
1362 5118 1699 5187 inservimus,
1732 5137 1821 5190 pe-

239 5208 433 5261 cunias
452 5207 818 5275 expendimus,
850 5224 971 5262 cum
997 5209 1311 5275 janitoribus
1330 5210 1750 5277 confabulamur,
1770 5222 1828 5268 ut

240 5297 486 5351 scelestis
508 5297 809 5351 hominibus
824 5299 1123 5363 adulemur,
1166 5300 1342 5353 omnia
1360 5299 1590 5369 denique
1616 5311 1671 5356 et
1698 5304 1827 5357 dici-

240 5402 367 5441 mus
390 5397 445 5441 et
471 5388 707 5452 facimus,
725 5399 781 5442 ut
796 5390 1063 5459 proposita
1086 5390 1405 5457 efﬁciamus;
1426 5408 1521 5461 pro
1543 5395 1719 5451 divina
1741 5413 1826 5452 au-

242 5487 352 5530 tem
372 5476 487 5546 lege
511 5476 726 5532 fratrem
750 5479 838 5548 qui
865 5480 1139 5545 laesit,uou
1165 5481 1337 5535 solum
1365 5498 1471 5537 non
1500 5487 1825 5543 sustinemus

239 5582 493 5634 exorare,
525 5568 618 5623 sed
664 5577 718 5623 et
762 5571 903 5625 inter
942 5570 1134 5640 probra
1162 5571 1407 5629 ducimus
1448 5590 1570 5631 eum
1620 5578 1826 5648 priores

310 5722 505 5797 iugavi]:
532 5724 761 5795 iri-marg:
783 5737 1011 5797 sensum
1038 5729 1533 5797 sequentemindieat
1566 5745 1578 5778 :
1605 5731 1730 5797 Qutd
1753 5740 1826 5797 est

241 5784 458 5843 (aditus,
479 5784 657 5834 homini
679 5784 761 5846 qui
776 5792 820 5837 te
835 5785 1030 5847 urserit,
1047 5784 1175 5837 inim
1187 5787 1444 5851 remittere,
1458 5797 1541 5842 aut
1556 5784 1827 5846 multimodo

243 5845 413 5895 ulcisci
433 5851 457 5896 2'
474 5856 573 5896 Non
594 5848 737 5897 enirn.

563 5934 829 5991 l’nnoc.
874 5933 990 5993 Gn.
1042 5932 1262 5996 XLIX.

1162 406 1254 459 AD
1295 404 1614 461 POPULUM
1654 404 2148 463 ANTIOCHENUM
2211 409 2436 465 HOMIL.
2482 411 2599 467 XX.

3434 423 3541 480 292

1958 522 2140 578 adire?
2164 525 2245 577 Au
2272 540 2397 579 vero
2430 526 2520 580 tibi
2550 525 2745 598 probro
2771 544 2890 585 esse
2916 540 3069 601 putas
3093 576 3106 596 ,
3139 535 3184 589 si
3207 544 3259 589 tu
3289 537 3433 606 prior
3462 540 3541 594 lu-

1955 626 2104 666 crum
2132 621 2408 683 reportes?
2437 619 2545 673 lmo
2590 635 2720 675 vero
2764 626 3096 680 verecundia:
3138 642 3257 684 esse
3280 629 3458 699 debet,
3492 634 3539 689 si

1957 703 2008 756 in
2034 718 2099 757 eo
2124 704 2312 761 affectu
2331 708 2604 775 persistas,
2627 722 3009 783 exspectesque
3029 715 3201 773 donec
3229 720 3434 789 injurim
3453 740 3544 779 au-

1955 804 2071 850 ctor
2114 811 2212 864 pro
2260 801 2690 856 reconciliatione
2738 811 2790 857 te
2830 804 3026 860 adeat:
3061 807 3113 861 id
3160 810 3408 877 probrum
3437 853 3455 877 ,
3487 815 3541 869 id

1958 886 2162 953 vitium,
2196 887 2247 941 id
2273 889 2459 958 ingens
2501 890 2773 946 damnum.
2799 893 2897 962 Qui
2928 897 3068 951 enim
3116 900 3260 966 prior
3302 902 3463 967 venit,
3494 903 3541 959 is

1958 985 2122 1030 totum
2172 978 2375 1033 lucrum
2422 983 2696 1051 anticipat.
2725 984 2780 1039 Si
2821 986 2965 1040 enim
3004 987 3072 1043 ab
3113 989 3221 1045 alio
3265 1002 3537 1060 exoratus,

1955 1070 2086 1123 iram
2118 1071 2395 1140 relinquis,
2418 1073 2493 1126 illi
2519 1074 2716 1130 bonum
2745 1091 2881 1145 opus
2911 1080 3199 1149 imputatur
3226 1100 3241 1137 :
3269 1099 3373 1137 non
3396 1086 3539 1140 enim

1955 1160 2067 1214 Deo
2108 1160 2503 1231 obtemperans,
2532 1165 2626 1220 sed
2670 1165 2747 1220 illi
2794 1168 3117 1237 gratificans,
3146 1172 3318 1243 legem
3360 1175 3537 1230 adim-

1956 1251 2162 1320 plevisti
2182 1269 2197 1318 ;
2221 1254 2362 1322 quod
2391 1256 2434 1309 si
2464 1258 2676 1311 nemine
2702 1257 3082 1327 intercedente,
3126 1279 3302 1334 neque
3327 1266 3417 1321 illo
3444 1269 3534 1336 qui

1955 1342 2090 1397 lresit
2107 1353 2158 1399 te
2177 1345 2403 1400 adeunte
2425 1357 2478 1401 et
2500 1364 2683 1417 preces
2706 1352 3011 1415 adhibente,
3039 1355 3150 1423 ipse
3171 1356 3371 1425 rejecm
3390 1360 3533 1413 omni

1953 1433 2155 1500 pudore
2183 1434 2314 1488 nihil
2342 1446 2640 1504 cunctatus,
2666 1439 2731 1493 ad
2764 1439 2966 1510 injuriae
2996 1454 3263 1499 auctorem
3292 1461 3535 1504 accurre-

1953 1524 2046 1587 ris,
2069 1524 2222 1594 eique
2242 1526 2350 1581 iras
2379 1537 2493 1583 tuas
2529 1530 2830 1595 resolveris,
2870 1540 3018 1587 tuum
3061 1550 3125 1590 ex
3164 1547 3275 1591 toto
3311 1538 3367 1591 fit
3407 1539 3534 1593 illud

1952 1615 2206 1680 ofﬁcium,
2225 1617 2636 1689 universamque
2652 1622 2956 1677 mercedem
2983 1625 3096 1692 ipse
3121 1626 3362 1696 recipies.
3387 1628 3441 1684 Si
3460 1629 3537 1684 di-

1954 1722 2101 1771 xero,
2119 1708 2331 1774 Jejuna,
2347 1712 2586 1780 corporis
2605 1712 3013 1770 imbecillitatem
3032 1718 3158 1772 mihi
3189 1720 3420 1775 subinde
3450 1725 3537 1778 ob-

1954 1799 2148 1852 tendis:
2161 1802 2204 1853 si
2217 1800 2421 1866 dixero,
2436 1803 2538 1857 Des
2557 1805 2996 1876 pauperi,allegas
3011 1819 3191 1863 contra
3213 1818 3355 1866 tuam
3373 1815 3537 1868 tenui-

1953 1897 2205 1952 tatem,et
2227 1907 2359 1948 onus
2376 1892 2772 1951 educaudorum
2790 1897 3073 1953 liberorum
3106 1919 3118 1955 :
3147 1902 3190 1955 si
3206 1902 3410 1969 dixero,
3433 1906 3534 1960 lies

1950 1996 2165 2050 operam
2196 1998 2362 2039 sacra:
2383 1987 2590 2056 synaxi,
2610 1990 2891 2045 saeculares
2926 2006 3082 2049 curas
3104 2011 3117 2048 :
3137 1994 3183 2050 si
3212 1994 3417 2061 dixero,
3436 2001 3530 2052 At-

1951 2075 2110 2129 tende
2138 2077 2482 2133 concionibus
2508 2095 2571 2135 ac
2594 2081 2848 2139 doctrina:
2875 2086 2980 2140 vim
3023 2087 3282 2162 intellige,
3314 2090 3529 2163 imperi—

1953 2169 2076 2221 tiam
2111 2187 2124 2223 :
2156 2169 2202 2224 si
2227 2170 2433 2237 dixero,
2464 2172 2569 2227 Fac
2614 2185 2671 2229 ut
2715 2177 2876 2231 alium
2920 2181 3195 2250 emendes,
3241 2187 3535 2255 respondes

1950 2261 2099 2316 illum
2116 2263 2218 2318 tuis
2236 2265 2450 2320 monitis
2479 2282 2584 2321 non
2615 2269 3138 2340 obtemperaturum;
3168 2291 3309 2346 stepe
3330 2292 3451 2333 eum
3476 2288 3528 2334 te

1949 2351 2088 2407 inter
2112 2353 2393 2409 dicendum
2436 2367 2775 2426 aspernatum
2824 2359 3005 2416 fuisse.
3046 2362 3275 2434 Frigidte
3316 2367 3529 2437 quidem

1948 2442 2064 2499 istae
2090 2453 2215 2500 sunt
2254 2446 2695 2515 causificationes,
2727 2449 2820 2505 sed
2861 2453 3283 2511 causificationes
3329 2468 3531 2514 tamen.

1947 2535 2097 2599 Quod
2122 2537 2166 2590 si
2190 2536 2396 2602 dixero,
2427 2539 2563 2594 Iram
2612 2540 2841 2607 dimitte,
2867 2546 2993 2614 quid
3042 2548 3260 2603 istorum
3305 2551 3533 2622 allegare

1949 2626 2324 2694 poteris?Non
2352 2632 2591 2699 corporis
2622 2633 3058 2701 imbecillitatem,
3106 2655 3208 2693 non
3252 2652 3535 2711 pauperta-

1948 2725 2074 2783 tem,
2128 2733 2233 2772 non
2280 2719 2620 2789 imperitiam,
2669 2739 2774 2778 non
2822 2728 3216 2794 occupationes,
3265 2731 3337 2785 nil
3384 2742 3532 2789 certe

1946 2807 2166 2861 istorum
2193 2809 2408 2865 obtendi
2430 2819 2605 2880 potest
2640 2813 2680 2867 ‘z
2709 2827 3032 2885 quapropter
3052 2820 3269 2876 minime
3292 2823 3529 2878 omnium

1946 2897 2048 2951 hoc
2069 2908 2341 2966 peccatum
2373 2903 2581 2955 veniam
2606 2913 2861 2959 meretur.

2023 2967 2160 3021 Deus
2207 2987 2308 3023 non
2324 2973 2541 3025 remittit
2566 2973 2727 3039 nobis,
2759 2976 2802 3029 si
2831 2992 2934 3030 non
2962 2979 3271 3036 remittamus
3298 2983 3432 3038 aliis.
3459 3015 3531 3026 —

1946 3058 2226 3125 Quomodo
2256 3065 2455 3130 poteris
2482 3078 2668 3119 manus
2686 3065 2737 3120 in
2760 3066 2944 3121 cadum
2963 3071 3249 3127 extendere
3266 3112 3282 3138 ,
3314 3082 3408 3130 aut
3427 3074 3529 3130 lin-

1942 3163 2097 3218 gnam
2120 3164 2360 3220 movere,
2387 3162 2479 3208 aut
2496 3154 2703 3210 veniam
2730 3156 3033 3225 postulare?
3057 3161 3109 3215 Si
3131 3162 3273 3217 enim
3303 3164 3530 3222 voluerit

1944 3240 2038 3293 tibi
2065 3241 2205 3296 Deus
2235 3252 2450 3312 peccata
2476 3245 2807 3313 condonare,
2858 3258 2912 3305 tu
2941 3251 2994 3307 id
3036 3268 3141 3305 non
3181 3257 3445 3323 permittis
3466 3259 3487 3289 ¹
3507 3297 3525 3325 ,

1942 3344 2061 3383 cum
2089 3331 2344 3389 adversus
2365 3348 2679 3391 conservum
2702 3336 2965 3395 offensum
2995 3344 3229 3396 animum
3272 3346 3521 3402 retineas.

1942 3421 2047 3477 Sed
2068 3424 2298 3480 crudelis
2322 3434 2425 3492 est,
2452 3428 2647 3497 inquis,
2664 3440 2716 3482 et
2740 3429 2957 3498 efferus,
2980 3448 3154 3503 paena:
3178 3435 3526 3508 vindictazque

1941 3514 2147 3570 avidus.
2190 3517 2327 3581 Quin
2353 3519 2424 3572 ob
2448 3518 2675 3588 idipsum
2699 3532 2914 3592 peccata
2946 3526 3176 3579 remitte.
3208 3527 3400 3583 Multas
3440 3531 3523 3584 in-

1937 3604 2107 3673 jurias
2138 3608 2326 3673 tulisti,
2359 3610 2540 3665 multis
2562 3612 2821 3681 spoliatus
2849 3629 2937 3680 es,
2970 3630 3113 3686 saepe
3146 3621 3381 3674 convicia
3427 3637 3523 3676 au-

1944 3694 2089 3761 disti,
2116 3696 2166 3750 in
2188 3699 2430 3753 maximis
2457 3702 2614 3755 rebus
2636 3702 2887 3757 damnum
2914 3719 3101 3773 passus
3117 3724 3195 3774 es,
3223 3726 3284 3763 ac
3302 3712 3523 3780 proinde

1940 3786 2211 3843 desideras
2237 3804 2447 3857 poenam
2466 3792 2852 3863 inimici.Atqui
2873 3795 2924 3849 in
2952 3796 3054 3852 hoc
3071 3798 3241 3868 ipsum
3266 3804 3406 3857 utilis
3426 3805 3518 3857 tibi

1942 3876 2261 3932 condonatio
2286 3880 2630 3939 offensarum.
2665 3884 2719 3938 Si
2750 3887 2890 3939 enim
2918 3888 3033 3955 ipse
3058 3890 3303 3946 vindicta:
3323 3893 3522 3949 incum-

1938 3964 2033 4020 bas
2052 3968 2411 4040 ultionemque
2431 3987 2632 4039 sumas,
2655 3976 2766 4030 sive
2782 3992 2876 4046 per
2894 3980 3078 4047 verba,
3107 3983 3218 4038 sive
3238 3999 3333 4053 per
3357 3986 3511 4051 faeni,

1937 4059 2048 4112 sive
2082 4074 2179 4127 per
2206 4060 2658 4130 imprecatiouem,
2677 4066 2818 4122 Deus
2841 4068 2954 4139 ipse
2977 4085 3007 4124 a
3034 4074 3292 4129 sumenda
3319 4076 3519 4132 ultione

1939 4151 2329 4218 supersedebit,
2364 4163 2544 4223 utpote
2573 4165 2927 4230 tebsatagente
2946 4163 3085 4218 circa
3116 4165 3187 4219 tui
3210 4166 3374 4235 ipsius
3397 4171 3517 4223 vin-

1936 4237 2130 4292 dictam
2164 4257 2178 4293 :
2210 4241 2319 4296 imo
2347 4258 2451 4297 non
2476 4244 2644 4299 solum
2672 4262 2777 4302 non
2802 4262 3146 4321 persequetur
3171 4269 3355 4323 poenas
3380 4256 3516 4328 inju-

1936 4327 2134 4381 riarum
2178 4330 2269 4384 tibi
2298 4331 2583 4402 illatarum,
2610 4336 2705 4391 sed
2726 4353 2756 4393 a
2778 4340 2946 4409 teipse
2963 4342 3214 4398 mulctam
3239 4327 3442 4416 exiget,
3460 4359 3517 4404 ut

1938 4417 2188 4487 injuriose
2234 4436 2265 4475 a
2298 4432 2348 4477 te
2365 4422 2591 4479 habitus.

2006 4508 2060 4562 4.
2101 4509 2251 4575 Quod
2278 4513 2321 4565 si
2353 4513 2403 4566 in
2436 4513 2739 4572 hominibus
2762 4520 2813 4574 id
2843 4520 2920 4587 ﬁt,
2952 4533 3009 4577 ut
3038 4526 3317 4582 verberato
3353 4546 3383 4584 a
3412 4548 3510 4587 no-

1932 4597 2016 4652 bis
2045 4599 2220 4655 alieuo
2247 4617 2421 4670 servo,
2446 4604 2690 4662 dominus
2719 4609 2859 4665 illius
2881 4612 3197 4683 indignetur,
3221 4627 3275 4673 et
3301 4618 3404 4675 hoc
3428 4623 3509 4676 in-

1930 4688 2122 4757 juriam
2145 4706 2266 4746 esse
2293 4694 2465 4760 dicat;
2510 4697 2612 4766 ipsi
2638 4715 2850 4771 quoque
2881 4705 2926 4758 si
2963 4705 3172 4775 injuriis
3212 4711 3502 4771 afliciamur

1935 4782 2021 4835 vel
2048 4798 2076 4835 a
2107 4785 2296 4849 servis,
2325 4788 2405 4841 vel
2432 4803 2462 4841 a
2492 4788 2692 4855 liberis,
2723 4798 2982 4850 sententia
3003 4798 3238 4866 judicum
3264 4813 3319 4859 et
3344 4805 3505 4862 domi-

1935 4885 2126 4926 norum
2173 4878 2524 4945 exspectanda
2557 4891 2643 4934 est
2668 4899 2679 4933 :
2708 4883 2754 4936 si
2792 4884 2952 4953 igitur
2977 4888 3028 4941 in
3076 4892 3233 4947 rebus
3263 4894 3512 4954 humanis

1934 4976 2092 5016 nemo
2112 4964 2211 5018 sibi
2238 4975 2350 5021 tuto
2372 4968 2623 5024 ultionem
2646 4976 2824 5039 sumit,
2849 4990 3045 5044 quanto
3066 4985 3232 5052 magis
3252 4986 3302 5040 id
3327 4988 3510 5045 obser-

1933 5054 2160 5107 vandum
2182 5058 2232 5110 in
2257 5058 2414 5111 rebus
2436 5060 2556 5124 illis,
2578 5063 2663 5114 ubi
2685 5063 2825 5118 Deus
2846 5066 2958 5136 ipse
2977 5070 3168 5126 vindex
3187 5078 3508 5135 constitutus

1933 5144 2039 5197 est?
2056 5145 2130 5199 Te
2144 5163 2269 5201 vero
2285 5148 2473 5218 injuria
2495 5152 2738 5207 alfceitet
2758 5155 2911 5221 laesit,
2930 5175 2991 5215 ac
3010 5163 3283 5220 innumera
3314 5170 3405 5225 tibi
3424 5170 3509 5226 fe-

1924 5227 1997 5279 cit
2017 5229 2300 5295 proximus
2320 5233 2460 5285 mala
2483 5247 2495 5281 :
2525 5246 2657 5289 cave
2672 5251 2891 5304 pmuam
2913 5251 3061 5298 tuam
3082 5264 3511 5324 persequar-eme

1921 5319 2205 5375 dominum
2226 5334 2378 5376 tuum
2398 5328 2795 5392 contumeliose
2816 5339 3016 5393 tractes
3038 5356 3050 5398 :
3072 5341 3204 5397 cede
3224 5319 3365 5411 Deo;
3388 5352 3506 5422 ipse

1921 5413 2200 5508 negotium
2266 5418 2440 5474 multo
2486 5421 2684 5480 melius
2736 5427 3179 5500 administrabit,
3223 5413 3498 5508 quam-tu

1922 5512 2089 5566 cupis.

1992 5590 2064 5639 De
2080 5602 2182 5638 non
2199 5588 2455 5653 faciendis
2474 5599 2660 5642 contra
2675 5606 2915 5648 :mmicos
2932 5608 3499 5670 imprecationibus.—

1993 5736 2020 5819 ἒ
2044 5734 2364 5819 saimquodff
2374 5738 2590 5819 μυρίῳ..
2600 5757 2631 5819 ξ
2656 5749 2781 5819 Iram
2806 5742 3009 5806 diuum,
3025 5762 3048 5792 ι
3076 5759 3170 5799 non
3188 5749 3401 5819 allegare
3412 5769 3499 5819 po.

1928 5798 2044 5869 teris
2060 5798 2278 5869 corporis
2298 5798 2684 5869 imbecillitatem,
2710 5812 2803 5853 etc.

1996 5861 2015 5889 ³
2048 5867 2172 5915 ευ..
2199 5864 2249 5907 tu
2264 5872 2354 5907 non
2375 5863 2623 5911 ροηδεηιὶδ.

3120 5938 3196 6001 13
