4112 6388
612 423 721 479 eos
799 489 803 493 η

612 534 732 589 Tibi
751 526 1323 598 solummodojussum
1342 535 1444 584 est,
1469 531 1524 575 ιιι
1546 539 1644 592 pro
1659 536 1722 575 eo
1738 521 1830 590 qui
1845 529 1894 574 te
1911 519 2198 586 laesit,pre-

616 642 709 680 ces
726 619 1080 690 fundas;quid
1097 626 1278 672 autem
1295 617 1362 670 de
1373 632 1438 668 eo
1451 613 1799 669 statuendum
1813 610 2015 678 sit,sibi
2032 624 2200 664 reser-

615 717 730 770 vari
761 715 942 787 jussit.
976 709 1288 779 Numquam
1319 707 1416 760 tibi
1444 707 1580 760 tales
1610 705 1848 758 ultiones
1881 714 2197 772 assequere,

615 810 803 879 quales
824 822 922 877 pro
941 814 992 860 te
1010 805 1100 858 ille
1121 801 1386 857 instruxit
1407 818 1421 864 ;
1445 800 1606 855 modo
1627 800 1700 852 illi
1719 797 1810 868 jus
1830 807 1983 851 tuum
2001 809 2169 850 conce
2185 822 2200 834 ο

613 902 733 963 das,
748 914 847 953 nec
865 883 1288 967 imprecationes
1307 893 1478 949 facias
1495 893 1757 946 adversus
1774 888 2081 949 inimicum,
2105 883 2200 940 sed

613 992 690 1047 illi
705 991 986 1060 relinquas
1000 987 1290 1043 arbitrium
1304 983 1586 1055 judicandi
1612 1001 1624 1036 :
1648 983 1761 1037 sive
1780 981 1925 1035 enim
1944 993 2042 1033 nos
2058 977 2202 1045 inju-

611 1086 725 1140 rias
741 1081 1261 1146 condonemus,sive
1275 1073 1835 1138 reconciliemur,sive
1853 1087 1951 1142 pro
1965 1069 2201 1123 inimicis

616 1159 1045 1245 precemurmisi
1065 1171 1169 1240 ipsi
1187 1168 1436 1224 conversi
1458 1166 1658 1221 fuerint
1675 1175 1838 1234 atque
1858 1164 1913 1217 in
1931 1162 2126 1218 melius
2144 1173 2202 1215 se

624 1261 964 1324 mutaverint,
990 1258 1129 1313 Deus
1149 1257 1265 1327 ipse
1290 1270 1397 1310 non
1421 1255 1680 1316 dimittet;
1708 1266 1812 1304 non
1839 1248 2072 1303 dimittet
2097 1260 2196 1298 au-

625 1365 732 1408 tem
761 1367 947 1407 eorum
972 1350 1180 1405 utilitati
1210 1347 1450 1402 studens.
1482 1345 1558 1400 Te
1577 1344 1772 1414 quippe
1790 1340 1989 1406 laudat,
2021 1349 2196 1394 tuam-

621 1461 724 1516 que
749 1442 1142 1514 philosophiam
1173 1438 1531 1508 amplectitur,
1560 1437 1706 1490 illum
1737 1447 1866 1488 vero
1895 1432 2081 1502 punit,
2132 1445 2198 1483 ne

625 1549 709 1589 tua
739 1532 1071 1605 philosophia
1096 1532 1330 1586 deterior
1347 1529 1618 1584 reddatur.
1643 1525 1997 1594 Quamobrem
2027 1522 2199 1577 inanis

625 1639 705 1682 est
733 1628 820 1680 illa
851 1624 990 1694 vulgi
1029 1623 1312 1678 sententia.
1361 1620 1504 1673 Multi
1535 1621 1677 1672 enim
1703 1634 1730 1669 a
1763 1615 1915 1669 nobis
1944 1612 2196 1666 admoniti

623 1714 1248 1786 superreconciliatione,
1289 1711 1377 1764 ubi
1401 1709 1768 1778 obtemperare
1793 1720 1895 1757 non
1933 1703 2195 1771 placebat,

626 1808 761 1860 hanc
777 1805 1171 1860 excusationem
1191 1800 1600 1870 praetenderunt,
1627 1812 1742 1866 qua:
1764 1795 1890 1848 nihil
1915 1793 2054 1845 aliud
2083 1791 2196 1854 fuit,

625 1915 782 1966 quam
813 1903 1085 1966 pretextus
1110 1895 1343 1962 ipsorum
1372 1890 1615 1944 malitiae:
1649 1886 1789 1942 nolle
1815 1886 2016 1939 scilicet
2039 1899 2096 1937 sc
2119 1897 2201 1936 re-

627 1989 1074 2051 conciliationem,
1099 1999 1164 2038 ne
1191 1983 1511 2038 deteriorem
1558 1979 1826 2032 inimicum
1859 1976 2087 2039 faciant,
2135 1988 2202 2027 ne

627 2080 952 2133 acerbiorem
983 2083 1164 2145 postea
1190 2082 1248 2128 ‘et
1272 2071 1526 2141 majorem
1553 2069 1667 2138 ejus
1709 2074 2068 2134 contemptum
2105 2055 2228 2118 ex?

627 2171 920 2239 pariantur.
951 2166 1028 2220 Ad
1055 2166 1170 2218 haec
1213 2163 1340 2217 illud
1367 2176 1576 2230 quoque
1603 2158 1875 2227 adjiciunt,
1904 2156 2059 2224 vulgo
2087 2154 2200 2207 exi-

627 2263 897 2314 stimatum
928 2257 1026 2319 iri,
1056 2257 1198 2324 ipsos
1227 2263 1443 2323 propter
1465 2249 1877 2304 imbecillitatem
1907 2247 2109 2315 priores
2135 2244 2203 2298 ad

628 2349 1110 2404 reconciliationem
1139 2345 1590 2414 placationemque
1613 2340 1809 2394 inimici
1832 2338 2056 2392 venisse.
2081 2336 2206 2390 Haec

627 2444 804 2496 omnia
832 2454 961 2491 vana
993 2447 1149 2491 sunt:
1183 2435 1371 2488 oculus
1392 2435 1538 2488 enim
1571 2432 1657 2486 ille
1689 2445 1972 2499 numquam
2002 2427 2205 2482 dormi-

633 2545 752 2586 tans
773 2529 919 2583 novit
943 2538 1176 2582 mentem
1203 2535 1366 2591 tuam,
1389 2539 1452 2578 ac
1475 2523 1695 2592 proinde
1719 2536 2098 2576 conservorum
2119 2535 2208 2572 ru-

631 2620 901 2676 musculos
930 2631 1117 2673 eurare
1146 2632 1250 2675 non
1274 2615 1530 2670 debemus
1555 2655 1569 2679 ,
1601 2614 1759 2666 modo
1793 2612 1956 2681 judiei
1982 2625 2206 2682 persua-

630 2713 778 2775 deas,
809 2711 900 2782 qui
924 2710 991 2765 de
1012 2723 1172 2764 causa
1198 2717 1283 2760 tua
1305 2706 1632 2776 jndicaturtts
1659 2713 1760 2759 est.
1794 2705 1849 2758 Si
1878 2714 2056 2757 autem
2078 2701 2208 2756 illud

630 2804 727 2859 tibi
749 2817 892 2857 cura:
916 2811 1018 2866 est,
1047 2815 1114 2854 ne
1142 2813 1266 2854 eum
1289 2797 1609 2852 deteriorem
1635 2804 1720 2849 tua
1753 2794 1988 2849 bonitate
2016 2793 2204 2858 facias;

629 2894 769 2949 scias
792 2892 973 2959 velim,
1003 2906 1124 2947 eum
1147 2889 1249 2944 hoc
1270 2897 1425 2959 pacto
1453 2887 1778 2943 deteriorem
1810 2903 1915 2941 non
1945 2885 2206 2952 futurum,

630 2986 727 3042 sed
755 2985 1074 3041 deteriorem
1108 2983 1286 3055 potius
1315 2981 1548 3036 futurum
1570 3022 1586 3049 ,
1617 2981 1660 3035 si
1691 2994 1813 3036 eum
1843 2995 1951 3035 non
1989 2980 2163 3049 places
2191 2994 2206 3031 :

631 3077 874 3132 nametsi
898 3075 1198 3130 mortalium
1241 3073 1480 3128 omnium
1518 3071 1926 3128 seelestissimus
1968 3072 2066 3138 sit,
2111 3070 2211 3126 etsi

631 3182 740 3224 non
769 3167 913 3222 dicat
934 3180 1106 3236 neque
1127 3163 1300 3235 palam
1329 3178 1440 3234 pra:
1465 3177 1524 3218 se
1553 3161 1706 3228 ferat,
1739 3171 1970 3217 attamen
2023 3162 2212 3216 tacitus

636 3260 952 3332 approbabit
982 3268 1100 3313 tuos
1122 3255 1516 3327 philosophicos
1543 3268 1722 3310 mores
1740 3296 1756 3323 ,
1784 3254 2214 3322 conscientiaque

633 3366 728 3407 sua
760 3360 902 3406 tuam
927 3347 1261 3404 reverebitur
1280 3344 1760 3401 mansuetudinem.
1791 3344 1942 3413 Quod
1974 3345 2017 3397 si
2040 3344 2092 3397 in
2121 3359 2213 3398 ea-

635 3441 757 3497 dem
785 3427 1116 3510 malignitate
1135 3437 1453 3508 perstiterit,
1475 3451 1573 3490 nec
1593 3435 1863 3490 blanditiis
1891 3435 2211 3498 emolliatur,

636 3532 920 3587 maximam
941 3543 1151 3600 ptenam
1181 3543 1209 3581 a
1241 3527 1350 3582 Deo
1371 3526 1668 3581 sustinebit.
1695 3525 1764 3580 Ut
1782 3533 1956 3579 autem
1975 3525 2211 3590 diseatis,

641 3625 848 3680 tametsi
877 3639 976 3678 nos
1000 3637 1212 3678 oremus
1243 3618 1581 3690 proinimicis
1615 3627 1670 3673 et
1696 3617 1966 3687 injuriosis
1985 3657 2000 3683 ,
2048 3617 2214 3670 Deum

641 3732 744 3771 non
773 3715 1038 3770 dimittere
1059 3713 1165 3768 illis
1191 3720 1428 3781 peccata,
1457 3711 1501 3765 si
1530 3724 1596 3766 ex
1622 3717 1803 3764 nostra
1827 3709 2104 3763 tolerantia
2126 3708 2218 3762 de-

641 3809 860 3864 teriores
883 3805 1026 3868 fiant,
1051 3812 1282 3859 veterem
1304 3800 1578 3856 historiam
1603 3800 1752 3855 vobis
1773 3800 2083 3855 recensebo.
2111 3800 2214 3853 0b-

641 3900 883 3956 trectavit
901 3897 1067 3970 Moysi
1093 3896 1254 3950 Maria
1283 3915 1296 3950 :
1326 3893 1452 3964 quid
1473 3893 1561 3949 hic
1582 3892 1760 3948 Deus?
1782 3891 2069 3962 Leprosam
2098 3908 2218 3946 eam

644 4003 698 4047 et
720 3991 1041 4046 immundam
1061 3989 1208 4053 fecit,
1229 3988 1446 4057 probam
1483 3985 1682 4055 alioqui
1703 3995 1756 4040 et
1779 3995 2002 4050 castam;
2027 3985 2219 4040 deinde

645 4083 824 4156 Moyse
853 4081 1196 4152 deprecante,
1228 4080 1316 4149 qui
1345 4093 1461 4133 eam
1484 4077 1729 4148 injuriam
1763 4092 1949 4146 passus
1978 4087 2092 4131 erat
2115 4119 2130 4142 ,
2162 4086 2220 4130 ut

646 4177 845 4230 crimen
871 4172 1190 4236 remitteret,
1223 4170 1392 4225 noluit
1419 4170 1576 4234 Deus,
1607 4167 1700 4222 sed
1745 4168 1870 4238 quid
1914 4168 2120 4238 inquit?
2161 4167 2221 4223 Si

647 4272 883 4336 inspuens
899 4269 1202 4335 insputasset
1221 4270 1361 4332 pater
1387 4261 1440 4314 in
1465 4260 1623 4330 ipsius
1647 4259 1848 4327 faciem,
1879 4276 1979 4314 non
2010 4259 2221 4328 confusa

649 4357 858 4426 fuisset?
883 4355 1108 4420 Maneat,
1125 4352 1314 4421 inquit,
1340 4360 1483 4405 extra
1504 4359 1669 4403 castra
1695 4359 1881 4418 septem
1903 4350 2006 4404 dies
2033 4347 2218 4420 (Num.

652 4447 740 4502 12.
773 4446 884 4518 ιι).
909 4443 1062 4514 Quod
1081 4451 1260 4498 autem
1288 4441 1416 4496 dicit
1443 4440 1544 4495 tale
1573 4449 1686 4496 est:
1714 4439 1769 4494 Si
1787 4447 1988 4509 patrem
2011 4440 2224 4494 habuis-

647 4548 748 4605 set,
778 4540 929 4608 isque
971 4552 1088 4591 eam
1115 4551 1146 4590 a
1173 4541 1460 4604 conspectu
1481 4547 1578 4587 suo
1602 4531 1936 4597 removisset,
1969 4531 2223 4601 numquid

651 4647 758 4687 non
791 4629 1040 4684 toleraret
1076 4642 1194 4682 eam
1221 4622 1676 4694 inerepationem?
1704 4621 1780 4676 Te
1810 4622 2022 4692 quidem
2069 4621 2225 4675 laudo

651 4723 719 4777 de
739 4720 970 4774 fraterna
997 4718 1215 4787 pietate,
1259 4712 1663 4769 mansuetudine
1698 4720 1753 4766 et
1792 4710 2047 4776 bonitate,
2096 4710 2224 4764 mihi

650 4819 829 4866 autem
855 4819 1056 4873 notum,
1079 4805 1292 4876 quando
1322 4804 1468 4858 illam
1493 4811 1737 4872 oporteat
1757 4801 1822 4856 ab
1852 4800 1950 4856 hac
1975 4817 2130 4871 poena
2160 4801 2225 4854 li-

651 4901 844 4958 berari.
859 4897 1212 4966 Quamobrem
1230 4905 1284 4951 et
1301 4903 1356 4948 tu
1381 4908 1590 4964 quoque
1611 4907 1822 4947 omnem
1844 4892 2224 4946 humanitatem

651 4989 876 5047 ostende
901 5002 1024 5058 erga
1057 4988 1293 5050 fratrem,
1326 4999 1497 5053 neque
1521 4983 1738 5052 majoris
1766 4982 2011 5038 vindicta:
2027 4983 2228 5053 cupidi~

651 5091 764 5138 tate
791 5081 983 5136 delicta
1012 5077 1268 5140 dimittas,
1297 5075 1390 5129 sed
1419 5073 1639 5128 caritate
1663 5081 1718 5128 et
1761 5072 1991 5142 benigno
2026 5074 2225 5127 animo.

654 5175 711 5229 ld
742 5173 836 5228 tibi
864 5180 1068 5225 certum
1119 5168 1256 5223 habe
1275 5209 1288 5232 ,
1321 5165 1461 5236 quod
1491 5172 1688 5236 quanto
1715 5164 1884 5234 magis
1910 5172 2227 5233 aSpernatus

655 5264 816 5319 fuerit
844 5273 946 5316 tute
974 5258 1285 5330 placationis
1310 5255 1646 5322 industriam,
1679 5261 1828 5308 tanto
1848 5254 2103 5322 majorem
2126 5254 2228 5309 sibi

655 5369 868 5426 poenam
890 5359 1186 5406 coacervat.
1210 5347 1346 5416 Quid
1377 5345 1490 5401 ais?
1518 5345 1751 5400 deterior
1777 5343 1837 5399 fit
1871 5344 2131 5399 colendo?
2172 5343 2230 5398 Id

652 5449 857 5504 crimen
905 5445 1104 5515 ipsius,
1154 5449 1302 5495 tuum
1343 5446 1520 5493 autem
1565 5436 1886 5502 encomium,
1932 5436 2072 5506 quod
2107 5451 2229 5490 cum

654 5553 777 5593 eum
795 5537 955 5592 talem
983 5533 1194 5588 videres
1218 5530 1473 5590 futurum,
1507 5544 1611 5582 non
1646 5538 1818 5582 tamen
1845 5527 1911 5582 ab
1926 5543 1990 5582 eo
2006 5527 2230 5582 colendo

654 5627 944 5691 abstiteris,
969 5636 1026 5680 ut
1053 5625 1242 5680 divina:
1260 5621 1517 5677 voluntati
1552 5621 1884 5676 satisfaceres
1907 5639 1919 5673 :
1945 5619 2108 5689 ipsius
2127 5619 2231 5674 cri-

657 5727 805 5782 men,
831 5717 1070 5788 quodtua
1099 5715 1335 5771 bonitate
1351 5713 1514 5768 nihilo
1535 5728 1692 5784 quam
1713 5722 1865 5768 antea
1893 5713 2081 5768 melior
2109 5713 2231 5768 red-

707 5842 723 5872 ¹
751 5844 805 5892 In
833 5845 1003 5908 Savil.,
1029 5847 1174 5899 Multo
1195 5855 1352 5897 autem
1375 5845 1627 5910 optabilius
1661 5851 1750 5905 est,
1797 5845 1986 5896 omissis
2008 5846 2083 5896 his
2106 5848 2230 5896 voci-

1319 419 1376 475 S.
1415 417 1689 474 JOANNIS
1724 410 2196 471 CIIRYSOSTOMI
2235 408 2553 465 ARCHIEP.
2595 397 3124 463 CONSTANTINOP.

3765 395 3864 451 20f

2303 518 2466 574 ditur.
2499 518 2695 572 Paulus
2717 531 2842 570 vero
2867 515 2973 580 ait,
3003 512 3169 568 multo
3206 510 3487 580 optabilius
3515 514 3529 542 ³
3559 511 3692 564 alios
3722 511 3867 564 incu-

2300 610 2407 665 sari
2433 617 2648 679 propter
2673 622 2790 672 nos,
2815 621 2972 676 quam
3005 618 3104 659 nos
3129 613 3340 672 pr0pter
3363 601 3514 656 alios.
3538 601 3616 656 Ne
3641 602 3769 655 mihi
3788 603 3871 654 di-

2299 701 2444 756 xeris
2471 698 2656 769 frigida
2679 697 2778 752 ista
2805 696 2962 751 verba
2979 737 2994 764 ,
3025 693 3324 750 Verendum
3369 707 3436 747 ne
3460 691 3530 746 ob
3559 701 3759 746 metum
3787 707 3875 746 mo

2301 799 2451 862 putet
2478 789 2547 845 ad
2571 805 2631 845 se
2657 789 2972 853 accurrisse,
3002 801 3064 840 ac
3087 785 3306 855 proinde
3327 784 3556 854 majores
3584 783 3753 838 fastus
3781 798 3874 838 su-

2302 890 2448 936 mat:
2481 881 2700 952 puerilis
2725 879 2826 934 ista
2845 879 3007 934 animi
3035 886 3160 934 sunt
3181 885 3236 932 et
3253 876 3419 941 stulti,
3433 886 3487 931 et
3513 876 3580 931 ad
3599 876 3875 931 hominum

2301 973 2748 1029 existimationem
2775 971 3216 1040 obstupescentis.
3245 969 3402 1025 Putet
3440 985 3568 1024 sane
3614 970 3757 1039 quod
3809 971 3879 1025 ob

2303 1075 2502 1120 metum
2529 1045 2835 1120 accessisti‘:
2861 1078 2981 1120 nam
2999 1072 3055 1118 et
3078 1064 3148 1118 ita
3178 1077 3384 1118 merces
3400 1073 3487 1118 tua
3509 1063 3680 1133 major
3703 1063 3878 1118 futura

2303 1165 2404 1218 est,
2432 1171 2553 1210 eum
2581 1165 2634 1210 et
2660 1155 2800 1210 istud
2822 1168 3242 1225 praecognoscas,
3262 1163 3317 1209 et
3339 1163 3517 1208 tamen
3537 1155 3606 1209 ob
3633 1155 3878 1208 timorem

2307 1246 2400 1300 Dei
2427 1247 2606 1301 omnia
2639 1245 2923 1300 sustineas.
2951 1244 3054 1312 Qui
3091 1244 3233 1299 enim
3265 1244 3454 1298 famam
3480 1245 3752 1298 hominum
3780 1260 3878 1298 att-

2304 1354 2524 1408 cupans,
2549 1338 3032 1394 reconciliationem
3061 1337 3289 1392 instituit
3318 1379 3334 1404 ,
3373 1337 3703 1392 abscinditur
3726 1353 3757 1390 a
3791 1353 3877 1392 re-

2305 1432 2620 1488 munerandi
2642 1433 2792 1487 lucro
2825 1449 2839 1487 :
2869 1432 2958 1502 qui
2987 1440 3165 1486 autem
3195 1430 3296 1485 hoc
3317 1431 3486 1499 ipsum
3506 1430 3664 1499 plane
3693 1430 3877 1499 cogni-

2306 1534 2415 1581 tum
2437 1524 2618 1592 habet,
2646 1523 2787 1595 quod
2817 1524 2967 1578 multi
2994 1532 3051 1578 et
3077 1522 3371 1577 irridebunt
3402 1531 3457 1576 et
3485 1521 3877 1591 vituperahunt,

2307 1632 2478 1687 neque
2503 1624 2680 1670 tamen
2699 1614 2785 1670 vel
2806 1617 2873 1669 ita
2891 1614 3098 1668 absistit
3115 1629 3143 1667 a
3171 1613 3618 1678 reconciliatione,
3640 1613 3881 1681 duplica-

2310 1716 2414 1761 tam
2444 1714 2500 1762 et
2530 1707 2848 1776 triplicatam
2875 1704 3092 1759 habebit
3117 1719 3386 1759 coronam.
3435 1703 3501 1757 Et
3549 1703 3636 1756 hic
3674 1704 3883 1772 potissi-

2308 1815 2451 1853 mum
2473 1800 2517 1854 is
2537 1806 2640 1864 est,
2663 1797 2751 1867 qui
2773 1805 2988 1867 propter
3017 1796 3180 1850 Deum
3204 1795 3254 1849 id
3275 1794 3416 1848 feeit.
3444 1793 3520 1848 Ne
3561 1793 3688 1847 mihi
3714 1793 3880 1854 dicas,

2309 1891 2404 1944 has
2433 1899 2487 1944 et
2517 1890 2633 1944 illas
2662 1889 2878 1958 injurias
2909 1886 3086 1941 intulit
3116 1905 3129 1941 :
3163 1901 3282 1940 nam
3324 1885 3369 1939 si
3414 1884 3666 1954 quidquid
3714 1885 3882 1939 malo-

2310 1997 2426 2035 rum
2455 1989 2538 2035 est
2567 1979 2621 2034 in
2645 1978 2968 2044 hominibus,
3004 1976 3056 2031 id
3084 1976 3340 2031 adversus
3363 1986 3414 2030 te
3442 1976 3883 2046 deprompsisset,

2309 2072 2466 2126 etiam
2497 2071 2568 2125 ita
2590 2069 2749 2140 jussit
2777 2069 2914 2123 Deus
2934 2066 3166 2122 offensas
3195 2068 3486 2122 remittere.

2384 2162 2753 2218 5.1nimicitias
2772 2177 3004 2216 exercens
3028 2178 3090 2214 ne
3111 2160 3177 2213 ad
3197 2176 3395 2214 sacram
3412 2175 3636 2214 mensam
3659 2159 3885 2212 accedat.

2309 2257 2522 2310 -——Ecce
2548 2255 2800 2325 przedico,
2828 2265 2884 2309 et
2910 2260 3272 2320 contestor,et
3293 2253 3435 2306 clara
3459 2267 3589 2306 voce
3623 2251 3888 2313 exclamo,

2312 2363 2470 2404 nemo
2497 2348 2586 2418 qui
2604 2347 2876 2402 inimicum
2898 2346 3090 2400 haheat
3113 2387 3129 2412 ,
3151 2345 3219 2400 ad
3244 2360 3448 2399 sacram
3471 2357 3711 2399 mensam
3734 2344 3893 2400 adeat

2309 2450 2366 2496 et
2389 2456 2582 2509 corpus
2610 2438 2811 2494 Christi
2829 2437 3090 2509 accipiat’
3130 2455 3144 2502 ;
3173 2452 3332 2493 nemo
3344 2438 3433 2508 qui
3455 2438 3589 2500 adit,
3619 2438 3888 2492 inimicum

2313 2531 2523 2586 habeat.
2559 2530 2836 2584 Inimicum
2865 2528 3066 2583 habes?
3094 2543 3160 2583 ne
3187 2528 3434 2583 accedas.
3481 2526 3574 2582 Vis
3598 2527 3893 2582 accedere?

2313 2621 2682 2686 reconciliare,
2703 2631 2758 2675 et
2787 2628 2899 2674 tum
2926 2634 3136 2674 sacrum
3153 2620 3370 2688 attinge.
3398 2618 3506 2672 lmo
3523 2634 3627 2672 non
3649 2633 3766 2688 ego.
3794 2619 3894 2671 sed

2313 2712 2490 2781 potius
2521 2711 2774 2766 Dominus
2822 2719 3038 2780 pr0pter
3064 2723 3163 2764 nos
3205 2709 3489 2763 cruciﬁxus
3520 2709 3617 2762 ista
3649 2709 3804 2773 dicit;
3844 2720 3897 2760 ιιι

2315 2802 2684 2857 reconciliaret
2729 2812 2780 2856 te
2826 2800 2989 2866 Patri,
3018 2815 3086 2854 ne
3115 2799 3334 2854 mactari
3376 2798 3589 2868 quidem
3633 2801 3897 2853 recusarit

2314 2895 2741 2964 autsanguinem
2771 2892 3077 2957 effundere;
3122 2901 3178 2947 tu
3217 2901 3397 2947 autem
3438 2903 3496 2946 ut
3529 2893 3897 2947 reconcilieris

2315 2998 2596 3051 conservo,
2631 2998 2730 3038 nec
2760 2983 2982 3038 verbum
3004 2983 3085 3038 vis
3113 2983 3389 3049 emittere,
3416 2991 3509 3037 aut
3549 2984 3697 3052 prior
3741 2999 3896 3038 acce-

2315 3076 2446 3132 dere
2465 3077 2488 3130 ?
2504 3076 2664 3142 Audi,
2691 3075 2817 3145 quid
2839 3076 2908 3131 de
2931 3077 3121 3130 talibus
3147 3076 3380 3145 loquitur
3400 3075 3655 3130 Dominus
3689 3094 3702 3128 :
3731 3075 3794 3130 Si
3817 3075 3896 3143 of-

2318 3168 2419 3237 fers
2439 3183 2622 3221 munus
2647 3175 2785 3220 tuum
2803 3167 2868 3218 ad
2884 3169 3064 3231 altare,
3085 3178 3130 3219 et
3147 3167 3254 3220 illic
3274 3167 3566 3221 recordatus
3591 3167 3749 3236 fueris
3767 3166 3897 3236 quod

2316 3257 2475 3325 frater
2519 3266 2634 3311 tuus
2681 3256 2876 3328 aliquid
2905 3258 3049 3311 habet
3077 3259 3344 3312 adversum
3368 3267 3414 3311 te
3446 3257 3658 3329 (Matth.
3687 3258 3744 3312 5.
3770 3257 3896 3326 9.5);

2319 3362 2426 3401 non
2467 3345 2642 3414 dixit,
2687 3357 2970 3417 exspecta,
2998 3349 3169 3402 donec
3195 3349 3284 3402 ille
3307 3348 3486 3403 veniat
3514 3347 3582 3403 ad
3611 3358 3698 3416 te,
3726 3357 3819 3402 aut
3846 3359 3900 3402 ut

2319 3437 2498 3508 aliquo
2523 3438 2629 3492 alio
2655 3438 3013 3494 intercessore
3044 3439 3236 3504 utaris,
3271 3448 3362 3493 aut
3388 3439 3794 3508 deprecatorem
3824 3441 3900 3492 al-

2319 3530 2486 3598 leges,
2517 3529 2634 3595 sed,
2667 3539 2722 3584 tu
2751 3530 2885 3598 ipse,
2919 3530 3109 3599 inquit,
3138 3529 3203 3584 ad
3237 3529 3380 3583 illum
3407 3545 3647 3584 accurre.
3671 3529 3788 3595 Abi,
3818 3531 3899 3584 in-

2320 3620 2455 3688 quit,
2479 3619 2618 3688 prius
2634 3619 2968 3672 reconciliare
2987 3620 3135 3688 fratri
3167 3628 3254 3672 tuo
3281 3617 3493 3686 (Matth.
3516 3620 3570 3674 5.
3597 3619 3710 3688 24).
3744 3618 3789 3672 Ο
3823 3620 3901 3672 fa-

2321 3720 2464 3762 ctum
2481 3707 2821 3764 incredibile!
2851 3710 2966 3780 ipse
2984 3723 3089 3763 non
3111 3709 3412 3779 accipitpro
3433 3708 3901 3780 ignominia,un

2323 3800 2520 3856 donum
2557 3801 2659 3856 sibi
2700 3801 3024 3856 destinatum
3062 3801 3409 3871 relinquatur,
3442 3812 3496 3857 et
3537 3811 3590 3854 tu
3621 3813 3902 3855 contumeo

2324 3893 2450 3947 liam
2479 3903 2652 3962 putas,
2683 3891 2728 3946 si
2772 3892 2916 3960 prior
2938 3893 3099 3948 abeas
3139 3891 3206 3946 ad
3233 3893 3756 3947 reconciliationem?
3788 3893 3899 3958 Dic,

2323 4001 2526 4055 quaeso,
2554 4001 2672 4056 qua:
2687 3986 2841 4040 venia
2859 3985 3081 4040 debetur
3096 3986 3212 4040 istis
3231 3985 3426 4040 rebus?
3442 3985 3496 4040 Si
3519 3985 3717 4040 videris
3737 4002 3902 4038 ntem-

2325 4076 2481 4131 brum
2503 4077 2818 4142 abscissum,
2851 4091 3031 4131 annon
3071 4077 3252 4132 omnia
3276 4077 3403 4132 facis
3423 4119 3436 4139 ,
3465 4087 3521 4130 ut
3569 4077 3903 4146 conglutines

2325 4169 2568 4238 corpori?
2617 4169 2760 4224 Idem
2788 4169 2868 4224 lac
2895 4170 2950 4224 in
2976 4170 3227 4226 fratribus
3277 4171 3418 4225 tuis:
3451 4170 3664 4241 quando
3707 4170 3903 4224 videris

2325 4275 2418 4315 eos
2450 4260 2718 4315 abscissos
2765 4275 2795 4314 a
2858 4269 2947 4315 tua
2979 4262 3239 4330 amicitia,
3269 4277 3492 4333 propera
3541 4261 3797 4318 celeriter
3837 4261 3902 4314 ad

2328 4353 2623 4420 amplexus,
2651 4367 2719 4405 ne
2745 4362 3022 4421 exspectes
3069 4353 3239 4408 donec
3269 4354 3366 4423 ipsi
3395 4353 3604 4422 priores
3627 4353 3695 4407 ad
3735 4363 3788 4408 te
3818 4369 3906 4406 ve-

2329 4442 2496 4506 niant,
2524 4441 2617 4496 sed
2648 4442 2763 4511 ipse
2789 4443 2934 4511 prior
2959 4444 3196 4497 bravium
3223 4443 3467 4512 aceipe:e
3494 4442 3710 4498 festina.

2403 4551 2546 4607 Unus
2586 4552 2818 4606 inimicus
2854 4564 2956 4607 esto
2983 4555 3121 4607 nobis
3146 4553 3395 4608 diabolus.
3421 4583 3494 4594 —
3518 4553 3697 4610 Unum
3727 4553 3898 4609 inimi-

2329 4660 2448 4700 cum
2471 4645 2606 4714 jussi
2630 4658 2813 4700 sumus
2833 4645 3030 4701 habere
3052 4646 3338 4711 diabolum,
3362 4661 3480 4700 cum
3499 4646 3592 4700 illo
3617 4661 3904 4718 numquam

2333 4737 2384 4790 in
2413 4737 2634 4806 gratiam
2674 4735 2891 4802 redeas;
2923 4736 3178 4792 adversus
3205 4736 3420 4790 fratrem
3453 4752 3580 4790 vero
3619 4753 3905 4808 numquam

2332 4828 2406 4881 sis
2429 4827 2642 4881 inimico
2667 4826 2845 4880 animo
2861 4866 2876 4892 ,
2903 4827 2996 4881 sed
3020 4830 3062 4880 si
3088 4838 3205 4881 nata
3235 4825 3392 4882 fuerit
3412 4828 3587 4896 aliqua
3611 4827 3906 4883 offensiun-

2331 4917 2470 4979 cula.
2496 4918 2703 4988 longior
2729 4934 2835 4972 uno
2857 4918 2944 4974 die
2969 4934 3037 4972 ne
3058 4931 3194 4984 esto,
3218 4933 3387 4988 neque
3412 4919 3640 4988 spatium
3660 4919 3907 4976 diurnum

2333 5009 2595 5064 excedito.
2625 5007 2719 5064 Sol
2741 5049 2757 5076 ,
2789 5010 2990 5081 inquit,
3017 5028 3118 5065 non
3161 5013 3356 5065 occidat
3395 5028 3550 5082 super
3587 5012 3909 5067 iracundiam

2333 5109 2545 5154 uestram
2572 5098 2786 5173 (Ephss.
2813 5101 2868 5156 4.
2897 5101 3012 5172 26).
3041 5101 3097 5156 Si
3121 5111 3246 5156 ante
3273 5116 3550 5170 vesperam
3575 5103 3908 5158 stomachum

2335 5189 2512 5258 ponis,
2537 5188 2701 5245 habes
2726 5205 2756 5243 a
2787 5189 2898 5246 Deo
2921 5191 3149 5260 aliquam
3178 5193 3384 5245 veniam
3409 5209 3422 5245 :
3443 5191 3584 5260 quod
3614 5193 3662 5248 si
3688 5193 3912 5248 ulterius

2336 5289 2422 5336 tua
2462 5281 2584 5337 bilis
2607 5281 2808 5337 durarit
2829 5323 2844 5347 ,
2872 5297 2978 5336 non
3005 5297 3073 5338 ex
3116 5283 3191 5336 ira
3231 5291 3286 5337 et
3324 5283 3687 5352 indignatione
3720 5284 3910 5353 raptim

2335 5417 2444 5475 bus,
2483 5415 2661 5467 Paulus
2688 5428 2801 5468 vero
2821 5415 2906 5467 ait.
2931 5418 3138 5466 Nannius
3174 5429 3203 5466 a
3238 5414 3381 5466 Paulo
3419 5418 3564 5466 etiam
3599 5417 3914 5466 memorando

2336 5479 2548 5527 abstinet
2569 5479 2618 5526 in
2639 5480 2772 5541 edit.
2798 5478 2982 5541 ωσι-βίη
3007 5487 3060 5528 et
3096 5475 3268 5528 Paulus
3282 5480 3388 5541 ipse
3409 5479 3705 5527 sententiam
3722 5479 3798 5527 hic
3817 5490 3913 5527 ex-

2336 5551 2549 5601 pressam
2572 5538 2740 5589 nullibi
2763 5539 2973 5598 protulit.

2380 5604 2400 5633 ³
2433 5603 2485 5652 in
2507 5605 2658 5654 Savil.
2684 5613 2738 5654 et
2763 5607 2809 5668 in
2847 5620 2944 5668 uno
2968 5606 3164 5668 Lodice.
3206 5606 3329 5668 hac,
3363 5608 3428 5658 ad
3456 5621 3652 5659 sacram
3693 5624 3913 5662 mensam

2319 5671 2462 5735 adeat
2478 5672 2523 5735 et
2556 5679 2731 5730 corpus
2753 5665 2933 5735 Qhristi
2947 5665 3172 5735 accipiat,
3195 5665 3392 5735 desunt.
3417 5670 3517 5735 Sed
3543 5670 3632 5735 alii
3655 5683 3709 5721 et
3731 5673 3914 5722 Morel.

2319 5728 2392 5779 sic
2431 5728 2649 5788 habent,
2679 5729 2976 5797 et_SaviIius
3013 5728 3064 5779 in
3105 5728 3341 5797 margine
3361 5731 3540 5797 adfert.
3583 5733 3711 5797 Haec
3748 5749 3917 5797 porro

2321 5802 2556 5860 germana
2599 5803 2710 5860 esse
2738 5793 2842 5860 ipsa
2865 5791 3026 5842 series
3053 5791 3250 5858 arguit;
3293 5794 3371 5844 his
3408 5795 3540 5845 enim
3566 5791 3786 5860 demptis
3810 5795 3912 5846 im-

2325 5852 2546 5915 perfecta
2593 5852 2814 5906 clausula
2855 5861 2950 5904 est.
