4112 6388
203 545 309 602 Εεν.
345 545 455 615 Οὐχ
479 545 648 610 οὕτως
679 547 744 600 σὺ
777 546 970 602 σαυτὸν
997 546 1253 610 ἐκδικεῖς,
1284 547 1360 610 ὡς
1397 547 1604 608 ἐκεῖνός
1644 560 1701 595 σε
1726 543 1867 595 ἐκδι-

201 634 369 702 κῆσαι
419 635 901 705 παρεσκεύασται,
943 635 1008 688 ἂν
1051 635 1198 706 αὑτῷ
1227 638 1634 706 παραχωρήσῃς
1688 633 1866 704 μόνον,

199 721 292 773 καὶ
328 722 404 792 μὴ
435 723 672 794 κατεύξῃ
709 723 803 776 τοῦ
831 724 1221 793 λελυπηκότος,
1261 724 1374 776 ἀλλ’
1399 723 1560 777 αὑτὸν
1607 723 1751 792 ἀφῇς
1775 721 1870 775 κύ-

199 823 315 877 ριον
344 808 596 876 γενέσθαι
623 810 722 880 τῆς
753 809 936 880 ψήφου
959 825 974 841 ⁸
1009 809 1112 864 κᾶν
1143 811 1253 882 γὰρ
1285 813 1446 882 ἡμεῖς
1491 811 1717 880 ἀφῶμεν
1756 811 1870 872 τοῖς

195 895 504 966 ἠδικηκόσι,
541 895 643 950 κᾶν
672 897 1119 967 καταλλαγῶμεν,
1146 899 1254 974 κᾶν.
1274 898 1415 970 ὑπὲρ
1445 897 1624 952 αὑτῶν
1665 897 1868 967 δεηθῶ-

197 999 330 1050 μεν,
362 984 392 1035 ὁ
424 983 557 1047 Θεὸς
589 985 691 1038 οὑκ
740 985 987 1054 ἀφίησιν,
1022 987 1117 1039 ἐὰν
1154 989 1228 1058 μὴ
1289 987 1728 1057 μεταϐάλλωνται
1775 987 1867 1038 καὶ

194 1071 370 1134 αὑτοὶ,
418 1071 513 1125 καὶ
551 1071 796 1142 βελτίους
825 1074 1120 1142 γένωνται’
1158 1077 1257 1129 οὑκ
1305 1077 1498 1146 ἀφίησι
1534 1074 1592 1128 δέ
1632 1075 1768 1146 πρὸς
1805 1075 1864 1126 τὸ

195 1157 465 1227 χρήσιμον
488 1159 710 1212 ἐκείνων
734 1159 967 1230 βλέπων.
995 1162 1062 1214 Σὲ
1087 1162 1186 1233 μὲν
1209 1163 1318 1234 γὰρ
1351 1165 1566 1217 ἐπαινεῖ
1593 1165 1685 1215 καὶ
1729 1165 1865 1216 ἀπο-

186 1244 406 1314 δέχεται
429 1247 530 1318 τῆς
569 1248 904 1318 φιλοσοφίας,
959 1252 1166 1305 ἐκεῖνον
1195 1265 1220 1292 ε
1255 1253 1312 1306 δὲ
1361 1252 1735 1322 ἐπεξέρχεται,
1777 1253 1862 1305 ἵνα

195 1337 270 1406 μὴ
296 1339 359 1407 τῇ
394 1340 459 1408 σῇ
485 1339 773 1411 φιλοσοφίᾳ
813 1343 1012 1410 χείρων
1050 1342 1296 1414 γένηται.
1345 1344 1507 1396 Ὥστε
1553 1343 1803 1412 περιττὸς
1834 1346 1862 1397 6

190 1423 299 1476 τῶν
337 1425 548 1479 πολλῶν
571 1426 746 1494 λόγος.
780 1428 972 1483 Πολλοὶ
1015 1430 1125 1501 γὰρ
1169 1431 1427 1494 πολλάκις
1469 1430 1860 1502 ἐγκαλούμενοι

190 1511 322 1580 παρ’
352 1513 384 1582 ἠ
397 1511 532 1581 μῶν,
558 1515 745 1586 ἐπειδὴ
782 1517 1260 1587 παρακαλούμενοι
1298 1517 1704 1587 καταλλαγῆναι
1747 1522 1860 1581 τοῖς

181 1597 403 1668 ἐχθροῖς
445 1601 546 1654 οὑκ
591 1601 898 1666 ἐπείθοντο,
954 1604 1157 1674 ταύτην
1188 1605 1407 1658 ἐδόκουν
1433 1605 1532 1675 τὴν
1563 1605 1858 1674 ἀπολογίαν

187 1686 558 1754 προϐαλέσθαι
586 1690 996 1762 παραπέτασμα
1013 1693 1112 1762 τῆς
1142 1693 1350 1746 ἑαυτῶν
1373 1689 1539 1747 οὖσαν
1568 1695 1853 1765 πονηρίας·

183 1771 259 1822 Οὑ
303 1769 563 1844 βούλομαι
593 1777 1019 1849 καταλλαγῆναι,
1057 1779 1249 1846 φησὶν,
1287 1780 1373 1832 ἵνα
1407 1781 1482 1850 μὴ
1516 1779 1735 1850 χείρονα
1760 1782 1855 1833 αὑ-

182 1859 273 1912 τὸν
301 1861 741 1932 ἐργάσωμαι,ἰ⁹να
769 1865 843 1937 μὴ
869 1865 1224 1938 τραχύτερον,
1257 1868 1341 1920 ἵνα
1366 1867 1441 1938 μὴ
1469 1869 1727 1938 μειζόνως
1754 1887 1854 1938 μου

178 1945 339 2019 [205]
370 1951 756 2023 καταφρονήσῃ
781 1953 920 2021 μετά
952 1953 1142 2007 ταῦτα.
1196 1955 1304 2007 Καὶ
1342 1955 1476 2027 πρὸς
1507 1955 1718 2020 τούτοις
1756 1958 1854 2009 κά-

180 2038 333 2089 κεῖνο
359 2037 623 2106 λέγουσιν,
658 2041 738 2093 ὅτι
771 2038 964 2096 Πολλοὶ
991 2043 1101 2096 τῶν
1133 2043 1433 2115 ἀνθρώπων
1474 2044 1534 2110 ἐξ
1569 2044 1852 2109 ἀσθενείας

181 2141 254 2194 με
300 2126 578 2196 νομίζουσι
622 2129 887 2201 πρότερον
939 2132 1032 2184 ἐπὶ
1081 2131 1181 2212 τάς
1221 2133 1566 2202 καταλλαγὰς
1595 2135 1850 2204 ἔρχεσθαι

179 2213 276 2266 καὶ⁵
318 2214 409 2266 τὸν
453 2215 646 2287 ἐχθρὸν
695 2221 1055 2290 παρακαλεῖν.
1107 2221 1292 2276 Ταῦτα
1331 2222 1508 2276 πάντα
1539 2224 1744 2294 μάταια
1769 2242 1783 2255 ·
1821 2226 1850 2277 6

177 2306 292 2377 γὰρ
328 2307 624 2379 ἀκοίμητος
671 2309 948 2382 ὀφθαλμὸς
984 2308 1090 2365 εἶδε
1142 2313 1286 2385 τὴνι)
1319 2314 1542 2386 γνώμην
1580 2315 1680 2387 τήν
1713 2317 1811 2388 σήν
1832 2334 1846 2347 ·

176 2392 368 2464 διόπερ
402 2395 592 2449 οὐδένα
623 2398 728 2468 χρὴ
763 2399 1038 2454 ποιεῖσθαι
1066 2401 1175 2454 τῶν
1196 2402 1496 2457 συνδούλων
1521 2403 1698 2472 λόγον,
1721 2405 1848 2458 ὅταν

175 2480 270 2534 τὸν
301 2482 493 2554 κριτὴν
516 2484 710 2557 πείσῃς
732 2487 827 2540 καὶ
859 2488 948 2540 τὸν
982 2488 1249 2559 μέλλοντά
1278 2507 1361 2543 σοι
1400 2491 1664 2556 δικάζειν.
1699 2494 1762 2547 Εἰ
1791 2493 1847 2546 δέ

173 2573 272 2626 τοῦ
318 2577 680 2647 μὴεγενέσθαι
710 2596 790 2631 σοι
820 2581 1038 2650 χείρονα
1059 2581 1146 2634 διὰ
1177 2582 1276 2654 τῆς
1301 2584 1400 2653 σῆς
1429 2583 1726 2647 ἐπιεικείας
1755 2585 1846 2638 τὸν

175 2659 372 2732 ἐχθρὸν
405 2662 733 2733 φροντίζεις,
757 2667 934 2718 ἐκεῖνο
966 2666 1204 2736 μάνθανε
1225 2708 1238 2732 ,
1269 2669 1351 2722 ὅτι
1396 2670 1493 2739 οὐχ
1521 2668 1663 2722 οὕτω
1699 2671 1846 2738 γίνε-

172 2764 266 2800 ται
302 2749 533 2818 χείρων,
577 2751 694 2803 ἀλλ’
729 2752 795 2805 ἂν
830 2754 902 2824 μὴ
939 2755 1283 2827 καταλλαγῇς
1335 2757 1532 2827 μᾶλλον
1555 2775 1570 2790 ·
1606 2757 1707 2812 κᾶν
1736 2760 1844 2830 γὰρ

172 2835 436 2889 ἁπάντων
462 2839 802 2910 μιαρώτερος
822 2835 877 2913 ᾖ,
907 2839 1008 2894 κᾶν
1038 2842 1111 2914 μὴ
1144 2843 1298 2914 λέγῃ,
1325 2843 1427 2897 κᾶν
1469 2845 1544 2917 μὴ
1575 2847 1841 2918 κηρύττῃ,

172 2924 270 2977 καὶ
302 2925 469 2993 σιγῶν
499 2927 713 2991 πάντως
744 2929 1062 2996 ἀποδέξεται
1104 2949 1197 2986 σου
1230 2934 1332 3004 τὴν
1371 2933 1686 3005 φιλοσοφίαν
1707 2975 1722 3000 ,
1759 2938 1836 2988 αί-

168 3011 496 3083 δεσθήσεταί
527 3033 620 3069 σου
640 3016 742 3087 τὴν
771 3018 1056 3088 πραότητα
1082 3020 1223 3074 κατὰ
1253 3022 1313 3076 τὸ
1363 3023 1602 3086 συνειδὸς
1623 3023 1684 3076 τὸ
1713 3025 1839 3076 ἐαυ-

169 3099 268 3151 τοῦ
287 3115 301 3128 ·
341 3101 435 3154 ἐὰν
465 3103 521 3156 δὲ
551 3105 646 3157 ἐπὶ
671 3105 773 3176 τῆς
795 3107 964 3177 αὑτῆς
1001 3108 1138 3182 μένῃ
1181 3109 1443 3182 πονηρίας
1472 3111 1840 3181 κολακευόμε-

169 3203 263 3248 νος
287 3189 378 3241 καὶ
399 3189 858 3264 θεραπευόμενος,
888 3195 1000 3262 ἕξει
1025 3197 1268 3270 τιμωρὸν
1295 3201 1552 3268 μέγιστον
1573 3200 1664 3253 τὸν
1684 3199 1838 3253 Θεόν.

167 3273 282 3326 Καὶ
319 3274 403 3328 ἵνα
443 3278 681 3350 μάθητε,
726 3282 829 3347 ὃτι,
857 3283 959 3337 κᾶν
1005 3286 1669 3357 ἡμεῖς’παρακαλέσωμεν
1700 3289 1841 3359 ὑπὲρ

165 3360 280 3414 τῶν
306 3363 516 3437 ἐχθρῶν
541 3368 633 3422 καὶ
664 3369 809 3441 ὑπὲρ
836 3372 946 3426 τῶν
978 3373 1335 3445 ἠδικηκότων,
1375 3378 1403 3429 6
1440 3375 1572 3440 Θεὸς
1599 3377 1699 3429 οὑκ
1735 3378 1839 3447 ἀφ-

169 3448 340 3518 ίησιν,
373 3451 441 3505 ἂν
472 3455 706 3524 μέλλωσι
751 3459 999 3526 γίνεσθαι
1032 3463 1249 3533 χείρους
1286 3463 1375 3517 διὰ
1419 3463 1520 3534 τῆς
1563 3464 1839 3536 ἡμετέρας

164 3538 538 3605 ἀνεξικακίας,
589 3543 832 3615 ἱστορίαν
864 3548 992 3619 ὑμῖν
1028 3549 1138 3621 ἐρῶ
1168 3550 1425 3611 παλαιάν.
1485 3553 1837 3619 Κατελάλησέ

165 3640 302 3677 ποτε
347 3625 443 3678 τοῦ
488 3629 768 3696 Μωῦσέως
805 3635 837 3704 ή
874 3636 1064 3707 Μαρία
1085 3653 1099 3667 ·
1126 3637 1179 3690 τί
1209 3633 1301 3693 οῦν
1347 3641 1376 3692 6
1411 3639 1580 3705 Θεός;
1612 3641 1835 3712 Λέπραν

165 3713 456 3784 ἐπαφῆκεν
482 3718 620 3790 αὐτῇ
640 3758 655 3783 ,
709 3723 804 3774 καὶ
833 3724 1142 3795 ἀκάθαρτον
1165 3725 1334 3797 αὑτὴν
1379 3726 1624 3798 ἐποίησε,
1659 3728 1835 3783 καίτοι

162 3816 230 3868 γε
260 3802 331 3854 τὰ
356 3803 492 3857 ἄλλα
524 3802 689 3861 οὖσαν
724 3809 939 3881 ἐπιεικῆ
966 3813 1061 3866 καὶ
1090 3812 1370 3885 σώφροναο
1393 3811 1514 3868 εἶτα
1544 3817 1638 3870 τοῦ
1669 3818 1836 3871 Μωῦ-

164 3887 306 3951 σέως
337 3890 502 3944 αὑτοῦ
532 3893 627 3947 τοῦ
657 3895 984 3968 ὑϐρισμένου
1019 3900 1462 3971 παρακαλοῦντος
1497 3902 1714 3970 ἀφεῖναι
1737 3903 1834 3975 τὴν

158 3978 355 4048 ὀργήν,
372 3979 472 4034 οὑκ
486 3981 747 4053 ἠνέσχετο
773 3986 800 4038 ὁ
817 3984 976 4049 Θεός·
994 3986 1130 4041 ἀλλὰ
1157 3987 1211 4040 τί
1233 4005 1432 4058 φησιν;
1464 3991 1534 4042 El
1558 3990 1834 4059 ἐμπτύων

156 4065 502 4121 ἐνέπτυσεν
534 4071 568 4122 ό
601 4071 796 4139 πατὴρ
819 4072 1010 4142 αὐτῆς
1032 4077 1120 4141 είς
1150 4075 1215 4129 τὸ
1247 4079 1594 4144 πρόσωπον,
1622 4081 1734 4133 οὐκ
1757 4078 1834 4133 ἂν

157 4151 497 4222 ἐνετράπη;
553 4157 843 4222 Μεινάτω,
899 4162 1084 4230 φησὶν,
1115 4161 1232 4227 ἔξω
1291 4162 1404 4231 τῆς
1451 4164 1832 4235 παρεμϐολῆς

154 4238 315 4294 ἑπτὰ
340 4241 579 4310 ἡμέρας.
620 4246 684 4298 '0
713 4246 771 4300 δὲ
806 4247 953 4317 λέγει
993 4249 1234 4304 τοιοῦτόν
1277 4251 1456 4305 ἐστιν’
1495 4251 1560 4306 Εἰ
1595 4254 1828 4326 πατέρα,

159 4330 351 4398 φησὶν,
390 4325 504 4402 εἶχε
524 4334 618 4386 καὶ
642 4333 701 4399 ἐξ
726 4333 902 4403 ὂψεως
927 4338 1096 4408 αὑτὴν
1121 4338 1396 4408 ἐποίησεν,
1425 4341 1526 4394 οὐκ
1542 4340 1607 4394 ἂν
1631 4325 1829 4414 ἠνεγκε

155 4417 261 4486 τὴν
294 4419 647 4491 ἐπιτίμησιν;
695 4423 762 4475 Σὲ
813 4424 914 4494 μὲν
959 4427 1293 4499 ἀποδέχομαι
1336 4430 1439 4500 τῆς
1477 4431 1830 4502 φιλαδελφίας

155 4503 255 4556 καὶ
279 4505 379 4576 τῆς
405 4509 710 4580 πραότητος
739 4513 831 4564 καὶ
859 4513 957 4584 τῆς
979 4515 1280 4580 ἐπιεικείας
1299 4533 1311 4545 ο
1345 4517 1458 4586 ἐγὼ
1487 4519 1543 4572 δὲ
1562 4514 1680 4573 οἴδα
1699 4520 1828 4574 πότε

153 4590 333 4662 αὑτὴν
381 4594 600 4663 ἀφεῖναι
652 4597 733 4650 δεῖ
762 4600 860 4668 τῆς
890 4601 1181 4667 κολάσεως.
1225 4605 1296 4658 Σὺ
1335 4605 1434 4675 μὲν
1464 4607 1644 4660 πᾶσαν
1675 4609 1828 4678 φιλο-

156 4682 439 4752 φροσύνην
470 4683 738 4750 ἐπίδειξαι
769 4688 898 4753 περὶ
916 4689 1008 4742 τὸν
1036 4690 1284 4759 ἀδελφὸν,
1319 4692 1415 4748 καὶ
1449 4693 1524 4765 μὴ
1553 4697 1828 4762 κολάσεως

153 4766 430 4838 ἐπιθυμίᾳ
455 4769 701 4840 μείζονος
730 4773 875 4846 ἀφῇς
904 4776 975 4830 τὰ
1003 4778 1472 4852 πλημμελήματα,
1496 4783 1634 4837 ἀλλὰ
1679 4787 1828 4854 φιλο-

153 4857 389 4928 στοργίᾳ
409 4861 504 4912 καὶ
540 4860 732 4934 γνώμῃ
755 4869 984 4938 χρηστῇ.
1034 4868 1240 4923 Ἐκεῖνο
1271 4871 1370 4941 μὲν
1389 4871 1498 4942 γάρ
1523 4890 1605 4927 τοι
1640 4875 1827 4943 σαφῶς

152 4942 288 5010 ἴσθι,
317 4945 401 4999 ὅτι
429 4949 539 5020 ὅσῳ
565 4949 632 5004 ἂν
660 4951 1034 5023 θεραπεύοντα
1066 4957 1295 5030 ὑπερίδῃ
1327 4976 1409 5027 σε,
1443 4961 1684 5033 τοσούτῳ
1708 4942 1826 5034 μεί-

149 5030 285 5094 ζονα
318 5033 682 5092 ἐπισπάσεται
707 5040 827 5093 καθ’
861 5042 1052 5096 ἐαυτοῦ
1086 5045 1188 5115 τὴν
1227 5046 1450 5101 κόλασιν
1492 5030 1719 5115 ἐκεῖνοςξ
1760 5051 1825 5104 Τί

146 5119 357 5188 λέγεις,
406 5124 528 5177 εἰπέ
559 5143 683 5196 μοις
717 5128 1050 5203 Φαυλότερος
1100 5134 1307 5201 γίνεται
1347 5135 1819 5209 θεραπευόμενος;

145 5207 328 5262 Τοῦτο
353 5212 566 5266 ἐκείνου
601 5215 701 5282 μὲν
727 5219 1048 5290 κατηγορία,
1077 5221 1166 5274 σὸν
1183 5222 1241 5275 δέ
1273 5222 1547 5294 ἐγκώμιον
1568 5240 1580 5255 ο
1610 5207 1700 5280 σὸν
1725 5228 1823 5297 μὲν

146 5295 432 5367 ἐγκώμιον
454 5339 472 5364 ,
504 5301 588 5354 ὅτι
630 5303 724 5356 καὶ
760 5304 904 5377 ὁρῶν
925 5307 1164 5361 τοιοῦτον
1208 5311 1514 5382 γινόμενον,
1540 5311 1629 5365 διὰ
1659 5295 1822 5384 τὸήτῷ

143 5381 269 5453 Θεῷ
299 5385 491 5439 δοκοῦν
517 5390 618 5442 οὑκ
648 5392 889 5465 ἀπέστης
917 5405 940 5434 ο
979 5394 1295 5466 θεραπεύων
1316 5400 1506 5454 αὑτόν·
1544 5401 1737 5473 ἐκείνῳ
1764 5381 1821 5456 δέ

144 5471 425 5544 ἔγκλημα.
455 5478 680 5532 ὅτιοὺδέ
709 5480 815 5534 ἀπὸ
852 5483 952 5552 τῆς
995 5484 1097 5556 σῆς
1133 5487 1436 5553 ἐπιεικείας
1473 5471 1820 5560 βελτίωννγέ-

209 5613 238 5690 ξ
450 5624 504 5690 θῌῑ
525 5617 713 5690 αίὶιᾳῐι-οι
732 5623 872 5690 c0_dd.
899 5624 1080 5690 ἐκείνῳ.

205 5668 237 5743 ξ
262 5674 413 5743 ξυνῇ.
443 5685 496 5728 et
514 5668 720 5732 εἰὶἱόἷδε

215 5740 248 5815 ξ
262 5738 382 5815 gap}:
405 5749 745 5815 εειροῃριυτε
779 5738 966 5815 Savilji,
992 5762 1138 5815 quam
1167 5750 1275 5814 ipse
1299 5752 1518 5802 reddidit
1546 5752 1813 5815 interpres.

135 5795 432 5880 ιεεεειειιξτ
451 5803 536 5880 σς,
558 5795 972 5873 δὲ·εγκρδμι.ν,ίία
995 5795 1272 5876 ἐῗόῖτζῗζ
1289 5795 1817 5880 ἑῶξὲξὸὲἱῑῖὲὸἱὸῦξέ
1871 5855 1882 5868 .

132 5878 237 5909 των
257 5862 348 5911 οὐκ
379 5865 463 5913 ἀπ.
488 5865 616 5917 Enrr.

1187 431 1279 486 AD
1317 427 1643 487 POPULUM
1684 424 2183 484 ANTIOCHENUM
2246 432 2478 492 HOMIL.
2522 437 2639 494 XX.

3535 443 3642 505 σοι

1974 559 2118 610 γονε.
2155 547 2364 614 Παῦλος
2411 552 2466 605 δέ
2503 572 2687 625 φησιν,
2719 556 3076 630 αἱρετώτερον
3123 561 3342 633 ἐτέρους
3391 566 3643 632 ἐγκαλεῖ-ι

1974 631 2097 684 σθαι
2130 634 2198 688 δι’
2231 639 2455 709 ήμᾶς,ἢ
2487 643 2634 711 ἡμᾶς
2661 643 2727 696 δι’
2759 645 2998 717 ἐτέρους.
3024 648 3177 719 Μηδέ
3200 631 3323 720 λέγε
3363 631 3643 727 τάῗψυχρά

1969 719 2144 773 ταῦτα
2171 725 2394 793 ῥήματα
2417 744 2430 756 ·
2462 730 2550 800 Μὴ
2593 730 2810 804 νομίσῃ,
2844 735 3030 804 φησὶν,
3063 737 3144 789 ὅτι
3190 719 3448 811 φοϐηθεὶς
3474 719 3643 796 αὑτὸν

1971 808 2367 882 προσέδραμον,
2412 815 2498 868 ἶνα
2547 817 2746 887 μᾶλλόν
2794 838 2895 889 μου
2929 808 3351 900 καταφρονήσῃ·
3386 828 3642 900 παιδικῆς

1967 894 2142 948 ταῦτα
2183 897 2362 969 ψυχῆς
2410 905 2504 956 καὶ
2535 904 2762 974 ἀνοήτου
2801 909 3058 980 καὶπρὸς
3105 894 3262 977 δόξαν
3292 894 3640 990 ἐπτοημένης

1967 984 2331 1056 ἀνθρωπίνην.
2369 990 2676 1060 Νομιζέτω,
2719 995 2802 1048 ὄτι
2845 997 3102 1068 φοϐηθεὶς
3160 984 3488 1074 προσῆλθες,
3543 984 3638 1059 καὶ

1966 1069 2108 1124 οὕτω
2141 1072 2340 1141 μείζων
2362 1078 2390 1129 6
2422 1078 2612 1146 μισθὸς
2645 1080 2796 1135 ἔσται
2825 1100 2930 1145 σοι,
2955 1086 3080 1140 ὅταν
3110 1088 3203 1142 καὶ
3239 1091 3412 1144 ταῦτα
3453 1111 3641 1165 προει-

1965 1151 2068 1222 δὼς
2090 1154 2178 1213 διὰ
2199 1162 2290 1214 τὸν
2319 1163 2412 1215 τοῦ
2436 1166 2570 1218 Θεοῦ
2604 1168 2766 1235 φόϐον
2789 1171 3064 1244 ὑπομένῃς
3092 1175 3286 1232 πάντα.
3325 1180 3383 1231 Ὁ
3409 1151 3512 1250 μὲν
3526 1181 3636 1254 γάρ

1963 1247 2062 1316 τὴν
2082 1248 2231 1318 παρά
2250 1249 2359 1302 τῶν
2389 1252 2486 1306 ἀνθ
2496 1253 2694 1323 ρώπων
2715 1256 2874 1320 δόξαν
2891 1258 3224 1332 θηρώμενος,
3243 1267 3336 1318 καὶ
3369 1247 3455 1320 διὰ
3476 1247 3636 1322 τοῦτο

1963 1332 2482 1406 καταλλαττόμενος,
2519 1339 2883 1411 ὑποτέμνεται
2923 1347 3021 1416 τῆς
3062 1347 3384 1416 ἀντιδόσεως
3409 1353 3471 1407 τὸ
3499 1355 3631 1427 κέρα

1960 1417 2048 1482 δος
2067 1435 2079 1448 ·
2109 1423 2138 1474 6
2169 1422 2225 1475 δὲ
2251 1423 2492 1494 ἀκριϐῶς
2527 1428 2911 1500 ἐπιστάμενος,
2949 1432 3101 1506 [206]
3127 1437 3208 1490 ὅτι
3238 1439 3422 1494 πολλοὶ
3467 1417 3634 1498 κατα-

1960 1507 2258 1575 γνώσονται
2288 1513 2383 1565 καὶ
2416 1511 2900 1584 καταγελάσονται,
2930 1523 3024 1574 καὶ
3057 1524 3177 1577 οὑδὲ
3199 1520 3372 1592 οὑτως
3396 1530 3630 1599 ἀφιστάι

1962 1613 2121 1665 μενος
2146 1598 2246 1668 τῆς
2286 1601 2632 1672 καταλλαγῆς
2669 1604 2718 1670 d,
2760 1605 3080 1663 διπλασίονα
3133 1615 3226 1666 καὶ
3273 1598 3631 1686 τριπλασίονα

1958 1682 2067 1748 ἕξει
2094 1685 2184 1738 τὸν
2214 1687 2504 1756 στέφανον·
2535 1693 2628 1744 καὶ
2667 1687 2823 1757 οὗτος
2853 1696 3090 1766 μάλιστά
3127 1701 3295 1766 ἐστιν,
3311 1682 3355 1757 -ό
3402 1705 3490 1759 διὰ
3537 1703 3630 1762 τὸν

1957 1771 2088 1825 Θεὸν
2116 1773 2273 1828 τοῦτο
2301 1777 2490 1830 ποιῶν.
2522 1780 2613 1851 Μή
2648 1799 2737 1850 μοι
2766 1782 2916 1851 λέγε,
2939 1785 3021 1839 ὃτι
3055 1787 3134 1842 Τά
3161 1789 3256 1843 καὶ
3288 1791 3356 1844 τὰ
3379 1793 3626 1865 ἠδίκησε·

1957 1862 2048 1913 καὶ
2070 1862 2178 1932 γὰρ
2205 1865 2253 1915 εί
2278 1864 2456 1918 πᾶσαν
2484 1867 2751 1939 πονηρίαν
2782 1871 2879 1942 τὴν
2897 1873 2955 1925 ἐν
2975 1875 3285 1946 ἀνθρώποις
3304 1881 3628 1947 ’ἐπεδείξατο

1957 1948 2084 2017 περὶ
2149 1942 2229 2013 σέ,
2290 1954 2384 2006 καὶ
2448 1952 2592 2006 οὑτω
2651 1973 2732 2009 σοι
2785 1961 2961 2014 πάντα
3011 1964 3227 2032 ἀφεῖναι
3286 1967 3628 2028 ἐκέλευσενό

1955 2033 2106 2097 Θεὸς.

2023 2195 2083 2247 ε’.
2125 2195 2256 2248 Ἰδοὺ
2288 2197 2555 2268 προλέγω,
2575 2202 2666 2254 καὶ
2686 2202 3148 2278 διαμαρτύρομαι,
3164 2209 3256 2264 καὶ
3269 2213 3497 2287 λαμπρᾷ
3516 2215 3624 2286 βοῶ

1950 2283 2015 2350 τῇ
2054 2285 2226 2353 φωνῇ,
2266 2285 2456 2354 μηδεὶς
2487 2286 2596 2340 τῶν
2646 2289 2880 2359 ἐχόντων
2911 2293 3104 2366 ἐχθρὸν
3137 2283 3381 2367 προσίτω
3399 2283 3622 2376 ἱερᾷ

1948 2369 2196 2443 τραπέζῃ
2237 2372 2330 2424 καὶ
2385 2374 2623 2444 δεχέσθω
2657 2377 2719 2430 τὸ
2751 2379 2910 2451 σῶμα
2951 2382 3046 2435 τοῦ
3097 2386 3304 2457 Κυρίου
3335 2400 3391 2429 ε·
3433 2369 3622 2464 μηδέὶς

1949 2458 2188 2528 προσιὼν
2222 2461 2416 2533 ἐχθρὸν
2450 2465 2640 2535 ἐχέτω.
2687 2468 2910 2541 Ἐχθρὸν
2939 2471 3113 2543 ἕχεις;
3159 2475 3233 2547 μὴ
3275 2458 3582 2553 προσέλθῃς
3603 2499 3618 2512 ’

1951 2545 2128 2615 βούλει
2161 2550 2516 2620 προσελθεῖν;
2558 2555 2950 2628 καταλλάγηθι,
3001 2561 3096 2613 καὶ
3129 2545 3251 2616 τότε
3304 2545 3619 2637 προσελθών

1949 2635 2081 2704 ἅψαι
2103 2637 2195 2689 τοῦ
2232 2639 2397 2709 ἱεροῦ.
2430 2641 2644 2695 Μᾶλλον
2681 2643 2738 2697 δὲ
2769 2646 2870 2698 οὐκ
2909 2647 3019 2716 ἐγὼ
3046 2651 3218 2704 ταῦτα
3247 2635 3410 2723 λέγω,
3448 2657 3560 2710 ἀλλ’
3589 2661 3618 2712 6

1946 2723 2012 2774 δι’
2036 2726 2182 2795 ἡμᾶς
2212 2729 2547 2800 σταυρωθεὶς
2573 2733 2848 2804 Δεσπότης
2872 2735 3034 2801 αὑτός
3053 2751 3066 2766 ⁵
3098 2739 3183 2793 ἵνα
3214 2758 3273 2794 σε
3305 2745 3618 2820 καταλλάξῃ

1945 2811 2023 2881 τῷ
2047 2813 2241 2884 Πατρὶ,
2275 2815 2398 2869 οὑδὲ
2428 2819 2699 2890 σφαγῆναι
2723 2825 3098 2896 παρῃτήσατο,
3123 2828 3244 2881 οὐδὲ
3272 2831 3332 2884 τὸ
3357 2829 3496 2903 αἷμα
3521 2811 3614 2888 ἐκῖ

1945 2901 2058 2969 χεῖν
2077 2917 2090 2932 ο
2125 2903 2219 2954 καὶ
2250 2903 2314 2956 σὺ
2362 2904 2447 2956 ἵνα
2492 2907 2840 2981 καταλλαγῆς
2869 2910 2950 2982 τῷ
2980 2913 3268 2986 συνδούλῳ,
3319 2901 3438 2974 ούδέ
3466 2923 3616 2996 ῥῆμα

1945 2987 2206 3056 προέσθαι
2237 2988 2438 3059 βούλει,
2459 2993 2582 3046 οὑδέ
2615 2997 2880 3066 πρότερος
2903 3001 3309 3072 προσδραμεῖν;
3347 2987 3613 3066 Ἀκὸυὲον

1943 3074 1996 3126 τί
2031 3091 2163 3144 φησι
2188 3076 2315 3146 περὶ
2339 3077 2450 3131 τῶν
2480 3078 2622 3132 οὕτω
2652 3081 3014 3154 διακειμένων
3040 3105 3054 3118 ·
3092 3090 3232 3144 Ἐὰν
3268 3097 3613 3167 προσφέρῃς

1944 3162 2010 3215 τὸ
2037 3162 2230 3232 δῶρόν
2258 3182 2375 3219 σου
2397 3166 2495 3220 ἐπὶ
2525 3169 2589 3221 τὸ
2615 3173 3069 3243 θυσιαστήριον,
3101 3180 3279 3234 κάκεῖ
3306 3162 3608 3257 μνησάῇς,

1943 3249 2033 3304 ὅτι
2061 3253 2094 3304 ό
2118 3251 2380 3321 ἀδελφός
2398 3270 2514 3308 σου
2544 3254 2669 3325 ἔχει
2701 3275 2755 3311 τι
2781 3264 2932 3315 κατὰ
2963 3265 3082 3319 σοῦ
3107 3282 3121 3296 ⁶
3144 3268 3243 3322 οὐκ
3270 3249 3611 3333 εἶπενπΑδάξ

1944 3355 2124 3406 μεινον
2152 3340 2358 3394 ἐκεῖνον
2395 3340 2570 3397 ἐλθεῖν
2604 3345 2740 3418 πρὸς
2771 3349 2850 3412 σὲ,
2895 3351 3035 3416 οὑδὲ,
3101 3354 3288 3428 Ετέρῳ
3316 3359 3420 3413 τιν)⁵
3455 3364 3609 3430 μεσί-

1938 3440 2010 3499 τῃ
2043 3427 2351 3498 διαλέχθητι
2372 3469 2386 3495 ,
2422 3431 2562 3495 οὑδὲ,
2617 3433 2811 3490 Ἀλλον
2835 3439 2958 3494 τινά
3005 3427 3386 3515 παρακάλεσον
3411 3487 3426 3513 ,
3457 3427 3604 3518 ἀλλ’,

1938 3514 2109 3577 Αὐτὸς
2145 3516 2210 3569 σὺ
2239 3516 2373 3586 πρὸς
2403 3519 2606 3602 ἐκεῖνον
2633 3520 2808 3593 δράμε
2827 3541 2840 3554 ·
2867 3514 3239 3603 Ὕπαγε-γάρ,
3274 3538 3426 3605 φησὶ,
3452 3514 3609 3606 πρῶσλ

1937 3617 2044 3654 τον
2072 3601 2432 3674 διαλλάγηθι
2459 3600 2808 3677 τῷρδελφῷ
2847 3627 2986 3669 σου.
3021 3619 3084 3669 Ὢ
3121 3600 3221 3691 τῆς
3257 3600 3600 3697 ὑπερϐολῆςί

1937 3689 2098 3753 αὐτὸς
2131 3690 2230 3760 οὑχ
2260 3693 2474 3762 ἡγεῖται
2491 3694 2712 3766 ἀτιμίαν
2742 3696 2898 3764 εἶναι,
2924 3703 3017 3756 τοῦ
3047 3689 3221 3776 δώρου
3252 3689 3604 3781 καταλιμπα⁴

1936 3777 2184 3847 νομένου,
2218 3778 2311 3831 καὶ
2333 3780 2398 3833 σὺ
2420 3781 2665 3851 νομίζεις
2680 3783 2837 3856 ὓϐριν
2859 3785 2996 3842 εἶναι
3018 3790 3078 3843 τὸ
3109 3794 3372 3866 πρότερος
3395 3793 3416 3835 ί
3448 3777 3605 3854 ἐπελο

1937 3862 2050 3916 θεῖν
2079 3865 2173 3917 καὶ
2216 3865 2657 3940 καταλλαγῆναι;
2700 3873 2812 3925 Καὶ
2839 3874 2940 3927 ποῦ
2975 3862 3164 3933 ταῦτα’
3193 3880 3318 3946 ἄξια
3358 3888 3604 3954 συγγνώ-

1937 3968 2066 4021 μης⁹
2097 3951 2219 4004 εἰπέ
2255 3971 2382 4025 μοι;
2426 3954 2552 4008 Ἐὰν
2585 3956 2698 4028 ἴδῃς
2728 3975 2822 4013 σου
2858 3962 3020 4031 μέλος
3059 3951 3496 4040 ἐκτετμημένον,
3538 3975 3600 4027 οὑ

1934 4038 2113 4092 πάντα
2147 4041 2339 4105 ποιεῖς,
2372 4040 2514 4094 ὥστε
2538 4043 2670 4097 αὑτὸ
2702 4045 2905 4100 ἐνῶσαι
2927 4049 3006 4120 τῷ
3036 4051 3277 4123 σώματι;
3319 4057 3488 4113 Τοῦτο
3506 4064 3599 4116 καὶ

1931 4128 2024 4181 ἐπὶ
2052 4127 2159 4180 τῶν
2196 4127 2441 4196 ἀδελφῶν
2469 4130 2692 4200 ποίησον
2711 4149 2724 4162 ο
2759 4133 2886 4188 ὅταν
2917 4137 3032 4208 ἴδῃς
3063 4141 3262 4206 αὐτοὺς
3299 4145 3597 4218 ἐκτμηθέν-

1859 4229 1872 4240 ’
1929 4233 2029 4280 τας
2059 4234 2151 4268 σου
2187 4215 2288 4286 τῆς
2333 4217 2533 4285 φιλίας,
2586 4222 2923 4290 περιστεῖλαι
2971 4227 3205 4281 σπεῦσον
3249 4233 3478 4301 ταχέως,
3521 4237 3597 4308 μὴ

1931 4304 2227 4376 προτέρους
2255 4307 2279 4345 ε
2308 4306 2607 4378 ἀναμείνῃς
2639 4309 2882 4375 ἐκείνους
2909 4312 3103 4377 ἐλθεῖν,
3128 4317 3244 4370 ἀλλ’
3269 4319 3430 4384 αὑτὸς

1929 4408 2084 4462 τερος
2109 4392 2390 4465 ἐπείχθητι
2420 4393 2602 4447 λαϐεῖν
2625 4397 2692 4449 τὰ
2717 4396 2963 4469 βραδεῖα.

2001 4551 2135 4605 Ἕνα
2161 4554 2320 4623 μόνον
2347 4555 2536 4626 ἐχθρὸν
2561 4557 2958 4631 ἐκελεύσθημεν
2999 4564 3142 4634 ἔχειν
3205 4567 3295 4619 τὸν
3316 4568 3592 4625 διάϐολονι

1929 4641 2066 4712 πρὸς
2087 4641 2246 4694 αὐτὸν
2277 4643 2548 4714 μηδέποτε
2579 4646 2968 4715 καταλλάττου,
2999 4650 3136 4721 πρὸς
3162 4652 3220 4706 δὲ
3246 4654 3336 4708 τὸν
3366 4657 3594 4727 ἀδελφὸν

1931 4727 2201 4798 μηδέποτε
2238 4729 2379 4782 κατά
2418 4730 2644 4800 καρδίας
2668 4733 2698 4773 h
2722 4733 2975 4804 ἀπεχθῶς
3008 4737 3121 4806 ἔχε,
3146 4738 3281 4793 ἀλλά
3303 4743 3407 4795 κᾶν
3432 4746 3594 4818 γένη-

1927 4815 2017 4867 ταί
2048 4833 2132 4878 τις
2161 4816 2516 4887 μικροψυχία,
2543 4820 2816 4902 ἐφήμερος
2842 4822 2980 4893 αὕτη
3010 4826 3169 4895 μόνον
3204 4826 3364 4893 ἔστω,
3401 4833 3493 4886 καὶ
3515 4815 3591 4907 μῆ

1927 4897 2300 4973 ὑπερϐαινέτω
2324 4903 2384 4956 τὸ
2417 4898 2692 4976 διάστημα
2721 4909 2821 4979 τῆς
2855 4910 3098 4981 ἡμέρας·
3147 4913 3208 4966 '0
3256 4914 3428 4983 ἣλιος
3459 4897 3590 4992 γάρ,

1927 4992 2083 5062 φησὶ,
2124 4991 2210 5060 μὴ
2243 4992 2531 5047 ἐπιδυέτω
2564 4995 2662 5049 ἐπὶ
2715 4995 2795 5061 τῷ
2851 5001 3236 5071 παροργισμῷ
3271 5005 3457 5074 ὑμῶν.
3494 4991 3592 5062 "Av

1929 5080 2027 5150 μὲν
2059 5079 2168 5151 γάρ
2202 5080 2308 5150 πρὸ
2348 5081 2447 5152 τῆς
2475 5083 2716 5155 ἑσπέρας
2741 5085 3105 5157 καταλλαγῇς,
3153 5089 3295 5160 ἔχεις
3338 5093 3446 5148 ἀπὸ
3493 5091 3589 5151 τοῦ

1924 5167 2060 5221 Θεοῦ
2092 5186 2213 5222 τινα
2249 5168 2576 5240 συγγνώμην
2596 5186 2609 5200 ·
2632 5170 2700 5226 ἂν
2728 5172 2787 5224 δέ
2831 5176 3144 5246 περαιτέρω
3189 5178 3358 5250 μένῃς
3398 5182 3591 5253 ἐχθρὸς

1923 5257 2020 5321 ὢν,
2039 5258 2220 5312 οὐκέτι
2244 5257 2417 5328 θυμοῦ
2441 5259 2532 5311 καὶ
2558 5259 2727 5331 ὀργῆς
2757 5264 3228 5336 συναρπαζούσης,
3261 5267 3398 5321 ἀλλὰ
3418 5285 3589 5342 πονη-

1927 5345 2046 5414 ρίας
2078 5345 2226 5400 ἐστὶν
2263 5348 2296 5417 ὴ
2347 5345 2610 5416 ἀπέχθεια
2641 5348 2737 5400 καὶ
2787 5347 2967 5421 ψυχῆς
3011 5355 3214 5423 μιαρᾶς
3247 5353 3338 5408 καὶ
3385 5355 3585 5412 κακίαν

1983 5503 2010 5542 ἀ
2032 5505 2168 5554 Unus
2187 5506 2340 5554 codex
2365 5507 2784 5575 καταγελάσονται,
2805 5509 2884 5557 καὶ
2905 5511 3012 5559 οὐδὲ
3032 5513 3179 5575 οὕτως
3202 5514 3585 5575 καταγνώσονται

1922 5573 2003 5624 τῆς
2033 5569 2346 5643 κατμλλοεγῆς.
2374 5567 2484 5617 Sav.
2502 5567 2507 5568 ⁷
2527 5570 3054 5643 καταγελάσονταιηκαὶ
3077 5573 3186 5621 οὐδέ
3209 5567 3359 5632 οὕτως
3382 5567 3583 5640 ἀφιστόέ
3606 5636 3611 5643 ι

1921 5644 2071 5686 μενος.
2099 5629 2265 5677 Morel.
2291 5645 2464 5696 καταγ.
2482 5631 2562 5678 καὶ
2585 5629 2693 5680 οὐδὲ
2715 5632 2865 5688 οὕτως
2886 5634 3152 5696 ἀφίσταται.

1982 5694 2004 5720 ε
2033 5692 2157 5738 Vide
2179 5699 2340 5738 notam
2364 5691 2598 5740 Latinam.

1987 5750 2006 5789 ί
2031 5754 2064 5816 ᾼ
2075 5753 2125 5800 1ἱί
2147 5753 2385 5816 πρότερον.

1984 5817 2009 5854 Β
2034 5815 2462 5888 Βαιίίζρῡῐξςὶηης,
2495 5816 2806 5888 περίσεειλον,
2842 5818 3036 5888 ἐνωσον,
3067 5820 3128 5880 μή
3147 5835 3242 5888 λιφ.
3275 5821 3410 5872 Eon.

1984 5878 2011 5914 ιι
2034 5877 2168 5925 Κατά
2189 5877 2380 5939 καρδίας
2402 5877 2544 5926 deest
2565 5879 2614 5926 in
2635 5878 2782 5927 Savil.
2808 5881 2928 5928 etin
2952 5893 3049 5930 uno
3069 5877 3259 5932 'codic'e.
