4112 6388
551 441 656 501 205

556 556 886 630 μελετώσης.
924 556 996 610 Ού
1027 554 1184 607 τοῦτο
1221 552 1277 606 δὲ
1310 553 1469 622 μόνον
1497 554 1614 606 ἐστὶ
1646 551 1706 605 τὸ
1733 552 1926 612 δεινὸν,
1963 555 2045 607 ὃτι
2094 572 2222 624 συγ-

551 647 776 719 γνώμης
807 645 998 699 ἐαυτὸν
1027 643 1370 713 ἀποστερεῖς,
1402 640 1516 695 ἀλλ’
1544 642 1625 693 ὅτι
1655 641 1749 693 καὶ
1799 640 1859 693 τὸ
1892 643 2225 714 κατόρθωμα

549 739 948 809 δυσκολώτερον
982 735 1230 803 γίνεταιο
1275 735 1404 804 μιᾶς
1446 732 1554 804 γὰρ
1591 730 1972 804 παρελθούσης
2009 732 2226 804 ἡμέρας

551 832 753 885 πλείων
781 831 814 898 ἡ
845 825 1096 896 αἰσχύνη,
1130 825 1225 878 καὶ
1253 825 1514 896 δευτέρας
1537 825 1972 897 προσγινομένης
2003 824 2224 892 αὔξεται

549 919 739 976 πάλιν·
760 917 860 972 κᾶν
885 915 1117 986 ἐπιλάϐῃ
1141 914 1332 986 τρίτην
1362 913 1457 967 καὶ
1485 913 1775 984 τετάρτην,
1805 912 2108 985 προσθήσει
2132 916 2226 967 καί

550 1009 842 1079 πέμπτην-
874 1003 1046 1068 οὕτως
1079 1005 1137 1057 αἰ
1171 1003 1332 1057 πέντε
1366 1002 1607 1070 γίνονται
1636 1001 1786 1065 δέκα,
1823 1003 1879 1055 αἰ
1918 1001 2053 1056 δέκα
2083 1001 2228 1055 εἰκο-

551 1115 654 1162 σιν,
682 1097 739 1150 αἱ
763 1097 966 1149 είκοσιν
992 1092 1207 1157 ἐκατὸν,
1254 1091 1350 1145 καὶ
1375 1091 1561 1145 λοιπὸν
1600 1091 1819 1144 ἀνίατον
1857 1089 2011 1143 ἔσται
2045 1091 2108 1144 τὸ
2133 1092 2223 1145 ἐλ-

548 1202 642 1247 κος
663 1202 675 1214 ο
709 1184 818 1252 ὅσῳ
843 1181 952 1252 γὰρ
975 1181 1222 1252 πρόεισιν
1245 1180 1275 1232 6
1299 1176 1765 1249 χρόνος,τοσούτῳ
1791 1178 1992 1248 μᾶλλον
2020 1179 2225 1233 διιστά-

551 1273 708 1342 μεθα.
750 1268 910 1322 ’Λλλά
939 1268 1104 1340 μηδὲν
1135 1266 1339 1320 τούτων
1369 1266 1568 1338 πάθῃς,
1591 1259 1636 1319 ὧ
1668 1263 1944 1336 ἄνθρωπε,
1975 1266 2083 1319 τῶν
2116 1285 2221 1320 πα-

549 1363 796 1435 ραλόγων
822 1359 1032 1421 παθῶν,
1066 1357 1202 1430 μηδὲ
1237 1357 1535 1428 αἰσχυνθῇς
1563 1358 1656 1409 καὶ
1683 1354 2048 1428 ἐρυθριάσῃς,
2085 1357 2222 1427 μηδέ

548 1452 706 1522 εἴπῃς
731 1450 867 1520 πρὸς
899 1447 1145 1509 σεαυτὸν,
1168 1447 1282 1518 Πρὸ
1308 1443 1507 1518 μικροῦ
1531 1443 1770 1498 τοσαῦτα
1788 1442 1937 1516 [207]
1960 1444 2220 1516 ἀλλήλους

547 1540 988 1610 ἐλοιδορήσαμεν,
1033 1535 1204 1606 μυρία
1251 1533 1391 1605 ρητά
1422 1534 1516 1586 καὶ
1564 1534 1779 1606 ἄρρητα
1818 1535 2079 1603 εἴπομεν,
2130 1535 2224 1586 καὶ

547 1627 644 1680 νῦν
664 1626 978 1697 δραμοῦμαι
996 1624 1088 1677 ἐπὶ
1107 1624 1204 1686 τὰς
1227 1622 1605 1690 καταλλαγάς;
1631 1622 1726 1674 καὶ
1749 1619 1832 1685 τίς
1855 1623 1914 1673 ού
1942 1622 2223 1690 καταγνώ-

549 1716 699 1769 σεταί
734 1733 834 1785 μου
867 1715 966 1783 τὴν
1005 1712 1205 1781 πολλὴν
1232 1711 1518 1774 εὑκολίαν;
1545 1710 1735 1774 Οὐδεὶς
1755 1709 1881 1764 νοῦν
1909 1710 2047 1780 ἔχων
2066 1712 2224 1764 εύκο-

547 1803 665 1858 λίαν
698 1821 789 1856 σου
821 1800 1255 1869 καταγνώσεται,
1287 1799 1400 1851 ἀλλ’
1439 1799 1565 1852 ὅταν
1595 1799 1762 1870 μένῃς
1788 1799 2219 1862 ἀκατάλλακτος,

545 1892 663 1944 τότε
693 1908 751 1942 σε
783 1891 980 1952 πάντες
997 1889 1339 1957 γελάσονται,
1358 1888 1479 1940 τότε
1509 1888 1645 1942 πολὺ
1673 1887 1959 1958 δώσειςτῷ
1991 1887 2221 1959 διαϐόλῳ

547 1980 607 2031 τὸ
643 1979 937 2048 διάστημα.
975 1976 1049 2029 υύ
1089 1976 1198 2046 γὰρ
1237 1976 1345 2028 ἀπὸ
1374 1974 1466 2026 τοῦ
1497 1975 1690 2047 χρόνου
1720 1975 1904 2029 λοιπὸν
1935 1975 2219 2030 δυσδιάλυ-

547 2087 636 2132 τος
663 2081 686 2107 ιι
715 2071 748 2139 ἡ
782 2069 952 2138 ἔχθρα
987 2066 1218 2134 γίνεται,
1250 2064 1386 2118 ἀλλά
1425 2067 1519 2118 καὶ
1550 2065 1658 2118 ἀπὸ
1689 2065 1797 2117 τῶν
1834 2065 2039 2136 μεταξὺ
2069 2083 2221 2135 γενο-

549 2156 725 2226 μένων
746 2157 1105 2227 πραγμάτων.
1140 2156 1351 2226 Ὥσπερ
1373 2154 1483 2226 γὰρ
1511 2154 1725 2224 Ἀγάπη
1749 2156 2038 2207 καλύπτει
2060 2157 2219 2222 πλῆ-

547 2247 648 2308 θος
675 2243 991 2313 ἁμαρτιῶν,
1033 2243 1205 2307 οὕτως
1235 2243 1404 2314 ἔχθρα
1434 2243 1529 2296 καὶ
1558 2243 1625 2295 τὰ
1647 2244 1748 2297 οὑκ
1794 2243 1924 2296 ὄντα
1969 2246 2219 2316 ἁμαρτή-

549 2350 694 2400 ματα
728 2333 1028 2402 συνίστησι,
1061 2333 1156 2384 καί
1178 2332 1378 2393 πάντες
1410 2330 1715 2396 ἀξιόπιστοι
1758 2333 1806 2383 οἰ
1846 2332 2217 2404 κατηγοροῦν-

546 2436 637 2481 τες
669 2419 872 2482 λοιπὸν,
897 2421 944 2472 οἱ
970 2420 1081 2480 τοῖς
1107 2416 1407 2488 ἀλλοτρίοις
1441 2416 1724 2488 χαίροντες
1757 2421 1966 2482 κακοῖς,
2004 2419 2097 2471 καὶ
2122 2419 2218 2481 τὰς

544 2506 745 2577 ἐτέρων
773 2505 1212 2576 ἐκπομπεύοντες
1243 2504 1650 2575 ἀσχημοσύνας.
1681 2505 1867 2558 Ταῦτα
1888 2502 1981 2559 οὖν
2003 2507 2218 2561 ἅπαντα

544 2594 719 2658 εἰδὼς,
750 2594 986 2666 πρόλαϐε
1027 2593 1123 2646 καὶ
1152 2594 1391 2662 κάτασχε
1432 2594 1523 2645 τὸν
1553 2593 1782 2662 ἀδελφὸν
1803 2636 1817 2660 ,
1860 2595 1988 2665 πρὶν
2037 2597 2218 2650 τέλεον

543 2681 888 2752 ἀποπηδήσῃ,
921 2681 1022 2734 κᾶν
1053 2680 1147 2752 δέῃ
1176 2682 1354 2733 πᾶσαν
1387 2680 1483 2752 τὴν
1513 2679 1667 2734 πόλιν
1692 2680 2046 2753 περιδραμεῖν
2081 2683 2220 2736 κατὰ

541 2770 639 2840 τὴν
674 2771 885 2841 ἡμέραν
915 2770 1150 2840 ἐκείνην,
1183 2770 1286 2823 κᾶν
1321 2769 1426 2834 ἔξω
1457 2769 1564 2822 τῶν
1585 2770 1782 2840 τειχῶν
1811 2770 2083 2838 ἀπελθεῖν,
2117 2772 2219 2825 κᾶν

542 2858 658 2910 ὁδὸν
693 2858 904 2926 βαδίσαι
957 2857 1195 2928 μακρὰν,
1245 2857 1424 2910 πάντα
1449 2859 1516 2911 τὰ
1545 2859 1604 2910 ἐν
1646 2859 1833 2929 χερσὶν
1887 2859 2067 2928 ἀφεὶς,
2099 2861 2218 2923 ἐνὸς

541 2944 734 2997 τούτου
765 2945 927 3015 μόνου
963 2943 1120 3013 γενοῦ
1150 2943 1243 2996 τοῦ
1272 2943 1602 3012 καταλλάξαι
1624 2947 1716 2999 τὸν
1736 2945 1984 3016 ἀδελφόν.
2019 2949 2082 3000 Εἰ
2111 2950 2219 3020 γὰρ

544 3031 778 3099 ἐργῶδες
827 3032 886 3085 τὸ
934 3033 1188 3104 πρᾶγμα,
1227 3033 1482 3105 ἐννόησον
1516 3035 1599 3087 ὃτι
1627 3034 1715 3087 διὰ
1746 3033 1838 3088 τὸν
1866 3035 1998 3089 Θεὸν
2045 3036 2219 3091 ταῦτα

542 3119 771 3190 πάσχεις
795 3121 1029 3183 ἅπαντα,
1069 3120 1162 3174 καὶ
1193 3120 1382 3192 ἱκανὴν
1415 3121 1559 3194 λήψῃ
1592 3122 1968 3194 παράκλησιν·
1999 3126 2091 3178 καὶ
2119 3125 2218 3198 τὴν

540 3207 717 3278 ψυχὴν
739 3207 1106 3279 ἀναδιδομένην
1137 3209 1233 3261 καὶ
1255 3208 1537 3272 ὀκνοῦσαν,
1558 3210 1653 3262 καὶ
1693 3211 2036 3282 ἐρυθριῶσαν
2056 3254 2071 3277 ,
2123 3217 2218 3268 καί⁹

541 3295 940 3367 αἱσχυνομένην
989 3295 1275 3368 διέγειρον,
1309 3296 1513 3361 ταύτας
1537 3299 1674 3369 αὑτῇ
1721 3300 1958 3371 συνεχῶς
2003 3305 2216 3374 ἐπᾴδων

540 3385 637 3448 τὰς
667 3384 879 3456 ἐπῳδάς
901 3402 915 3416 ·
952 3386 1016 3438 Τί
1052 3385 1284 3456 μέλλεις,
1317 3387 1370 3440 τί
1407 3385 1464 3440 δὲ
1493 3387 1697 3459 ἀναδύῃ
1729 3390 1821 3443 καὶ
1859 3390 2075 3459 ὀκνεῖς;
2119 3394 2216 3464 οὑχ

542 3472 684 3542 ὑπὲρ
706 3474 1022 3543 χρημάτων,
1057 3474 1165 3526 οὐδ’
1200 3475 1342 3546 ὑπὲρ
1387 3475 1548 3530 ἄλλου
1579 3479 1724 3542 τινὸς
1760 3479 1870 3533 τῶν
1908 3483 2213 3553 ἐπικήρων,

541 3560 655 3612 ἀλλ’
686 3561 826 3631 ὑπὲρ
850 3563 1122 3632 σωτηρίας
1149 3566 1282 3633 ἡμῖν
1312 3566 1340 3618 6
1366 3565 1563 3646 λόγος.⁶
1586 3567 1643 3619 Ὁ
1669 3567 1800 3632 Θεὸς
1831 3570 2005 3624 ταῦτα
2041 3574 2215 3627 ποιεῖν

541 3648 813 3712 ἐκέλευσε,
846 3650 940 3703 καὶ
969 3652 1148 3706 πάντα
1171 3653 1397 3725 δεύτερα
1420 3655 1561 3710 ἔστω
1585 3659 1692 3710 τῶν
1730 3659 1940 3715 ἐκείνου
1972 3678 2214 3732 προστα-

539 3736 787 3805 γμάτων.
831 3738 1101 3808 Ἐμπορία
1131 3741 1216 3804 τίς
1236 3742 1354 3794 ἐστι
1377 3746 1724 3817 πνευματικὴ
1754 3747 1816 3799 τὸ
1844 3751 2077 3819 πρᾶγμα
2098 3768 2110 3780 ·
2139 3750 2212 3822 μὴ

538 3825 853 3896 ἁμελῶμεν,
886 3830 1021 3898 μήτε
1056 3830 1389 3902 ρᾳθυμῶμεν
1413 3850 1427 3864 ·
1474 3835 1792 3905 μανθανέτω
1823 3841 1851 3892 6
1878 3840 2092 3912 ἐχθρὸς,
2131 3843 2212 3895 ὅτι

542 3913 740 3982 πολλὴν
770 3916 1146 3988 ἐποιησάμεθα
1207 3920 1461 3992 σπουδὴν,
1495 3922 1583 3976 διὰ
1619 3924 1680 3976 τὸ
1720 3925 1798 3995 τῷ
1830 3927 1949 3997 Θεῷ
1975 3928 2166 3983 δοκοῦν
2195 3948 2206 3960 ·

540 4000 640 4054 κᾶν
681 4002 876 4074 ὑϐρίζῃ
907 4004 1089 4071 πάλιν,
1124 4005 1226 4060 κᾶν
1253 4007 1453 4080 τύπτῃ,
1482 4009 1586 4065 κᾶν
1611 4013 1790 4068 ὁτιοῦν
1832 4015 2019 4087 ἕτερον
2059 4020 2213 4088 χαλε-

540 4087 782 4158 πώτερον
817 4093 966 4160 ποιῇ,
1005 4092 1258 4162 φέρωμεν
1323 4093 1533 4148 ἅπαντα
1587 4099 1873 4166 γενναίως,
1935 4102 2010 4166 ώς
2059 4087 2211 4158 οὐδὲν

538 4176 732 4246 ἐκείνῳ
759 4178 1030 4243 τοσοῦτον,
1058 4182 1180 4234 ὅσον
1205 4184 1336 4252 ἡμῖν
1359 4184 1542 4248 αὑτοῖς
1582 4188 1919 4260 χαριζόμεθα
1939 4210 1952 4223 ·
1995 4195 2212 4247 πάντων
2230 4216 2243 4227 ·

537 4265 645 4314 τῶν
677 4265 1116 4336 κατορθωμάτων
1143 4268 1300 4322 τοῦτο
1325 4269 1587 4340 μειζόνως
1617 4275 1776 4346 ήμῶν
1818 4281 1938 4332 κατ’
1994 4282 2211 4353 ἐκείνην

538 4354 904 4423 προστήσεται
930 4355 1026 4426 τὴν
1059 4358 1292 4428 ἡμέραν.
1338 4361 1689 4434 Ἦμάρτομεν
1720 4366 1890 4420 πολλά
1920 4369 2013 4422 καὶ
2042 4374 2211 4440 μεγά-

537 4441 627 4503 λα,
658 4441 752 4493 καὶ
794 4445 1298 4516 προσεκρούσαμεν,
1330 4449 1422 4503 καὶ
1451 4451 1541 4503 τὸν
1571 4454 1849 4525 Δεσπότην
1885 4458 2042 4527 ἡμῶν
2068 4478 2210 4532 παρ-

536 4529 854 4600 ωξύναμενο
905 4532 1070 4585 ἔδωκε
1106 4533 1193 4588 διὰ
1218 4535 1316 4606 τὴν
1357 4538 1522 4592 αὑτοῦ
1561 4540 1974 4614 φιλανθρωπίαν
2007 4549 2210 4622 ταύτην

536 4617 652 4670 ὁδὸν
679 4619 1022 4692 καταλλαγῆς
1046 4637 1058 4649 ·
1095 4622 1170 4693 μὴ
1191 4624 1367 4678 τοίνυν
1398 4627 1685 4699 προδῶμεν
1716 4630 1807 4684 τὸν
1829 4633 1992 4688 καλὸν
2021 4617 2209 4694 τοῦτον

536 4706 831 4777 θησαυρόν.
858 4708 949 4780 Μὴ
977 4710 1084 4781 γὰρ
1113 4712 1212 4764 οὑκ
1236 4710 1303 4784 ἦν
1327 4714 1514 4786 κύριος
1539 4717 1793 4772 κελεῦσαι
1822 4721 1982 4790 μόνον
2010 4729 2205 4781 καταλ-

537 4792 848 4859 λάττεσθαι,
875 4799 968 4849 καὶ
1005 4799 1208 4868 μηδένα
1249 4802 1379 4871 ἡμῖν
1413 4799 1553 4858 εἶναι
1585 4806 1809 4876 μισθόν;
1849 4811 1924 4882 μὴ
1965 4813 2074 4884 γὰρ
2095 4815 2208 4887 ἔχει

537 4883 656 4936 τινὰ
683 4883 772 4937 τὸν
806 4885 1154 4954 ἀντιλέγοντα
1204 4891 1299 4942 καὶ
1328 4890 1706 4965 διορθούμενον
1738 4899 1902 4953 αὑτοῦ
1940 4904 2009 4958 τὰ
2036 4883 2207 4976 προσ-

537 4970 820 5063 τάγματα;
863 4974 1000 5063 Ἀλλ’
1032 4976 1180 5046 ὅμως
1216 4977 1305 5032 διὰ
1325 4982 1422 5051 τὴν
1463 4983 1662 5056 πολλὴν
1694 4988 1859 5041 αὑτοῦ
1897 4970 2208 5063 φιλανθρω-

539 5059 668 5147 ιπὲαν
697 5061 792 5113 καί
819 5061 1010 5132 μισθὸν
1036 5067 1168 5136 ἡμῖν
1203 5066 1472 5140 ὑπέσχετο
1509 5073 1681 5141 μέγαν
1709 5077 1802 5129 καὶ
1845 5078 2072 5147 ἄφατον,
2100 5059 2208 5137 ⁷καί¹

536 5141 598 5203 οὗ
632 5150 863 5220 μάλιστα
880 5151 1253 5225 ἐπιθυμοῦμεν
1273 5162 1471 5228 τυχεῖν,
1496 5163 1593 5232 τὴν
1613 5162 1722 5215 τῶν
1743 5141 2027 5237 ἁμαρτιῶν
2051 5141 2207 5240 ήμῶν

537 5239 904 5311 συγχώρησιν,
945 5244 1040 5323 καὶ
1081 5245 1334 5317 ταύτηνὶι
1368 5248 1465 5319 τὴν
1502 5251 1748 5322 ὑπακοὴν
1787 5255 1919 5323 ήμῖν
1968 5239 2204 5312 εὐκολω-

533 5327 696 5398 τέραν
732 5329 931 5384 ποιῶν.

603 5415 736 5469 Τίνα
769 5415 862 5471 οὖν
913 5417 1106 5503 ἕξομεν
1153 5423 1514 5497 συγγνώμην,
1573 5430 1701 5484 ὅταν
1724 5430 1818 5486 καὶ
1852 5433 2043 5502 μισθὸν
2083 5452 2207 5489 τοσ-

533 5505 684 5560 οῦτον
705 5507 990 5576 μέλλοντες
1014 5509 1330 5580 λαμϐάνειν,
1362 5515 1497 5585 μηδὲ
1525 5516 1698 5582 οὕτως
1729 5521 2100 5594 ὑπακούωμεν
2123 5526 2201 5595 τῶ

532 5594 816 5665 νομοθέτῃ,
868 5595 1004 5649 ἀλλά
1045 5597 1294 5668 μένωμεν
1343 5605 1843 5674 καταφρονοῦντεςς
1906 5612 2031 5666 Ὀτι
2093 5594 2204 5684 γὰρ

533 5683 936 5754 καταφρόνησις
973 5685 1130 5738 τοῦτό
1159 5689 1296 5752 ἐστι,
1332 5689 1491 5759 δῆλον
1524 5693 1764 5748 ἐκεῖθεν·
1795 5698 1858 5752 Εἰ
1883 5701 2046 5772 νόμον
2071 5683 2200 5774 ἒθηέ

529 5783 624 5820 κεν
644 5769 673 5820 6
699 5769 951 5838 βασιλεὺς
969 5815 984 5840 ,
1012 5776 1140 5838 τοὺς
1169 5777 1396 5849 ἐχθροὺς
1441 5779 1688 5847 ἅπαντας
1711 5769 1963 5858 ἀλλήλοις
2001 5769 2208 5862 καταλι

591 5889 617 5952 _‘
636 5891 733 5952 ᾼΙὶἰ
757 5893 1146 5952 δυσδιάλλακτος.

591 5949 622 5992 b
643 5949 794 6000 θαι-Η.
817 5957 1013 6017 conﬁcit
1032 5949 1296 6025 καὶταύτῃ,
1318 5969 1363 6013 el
1387 5963 1473 6015 sic.
1501 5967 1634 6016 Enn.

1877 5928 1931 5966 ζμ

1348 439 1404 491 5.
1445 437 1726 490 JOANNIS
1764 436 2248 493 CIIRYSOSTOMI
2290 441 2607 498 ARCIIIEP.
2652 442 3199 500 CONSTANTINOP.

3902 453 4008 507 20-5

2328 559 2640 622 λάττεσθαι,
2680 561 2712 630 ἢ
2758 559 2856 624 τάς
2894 559 3136 630 κεφαλὰς
3182 562 3610 633 ἀποτέμνεσθαι,
3642 562 3753 639 ἄρα
3809 561 3912 614 οὑκ
3943 561 4009 613 ἂν

2329 646 2530 711 πάντες
2558 648 2908 718 ἐσπεύσαμεν
2939 660 2960 688 ο
2987 650 3080 702 ἐπὶ
3109 650 3208 713 τὰς
3230 651 3340 703 τῶν
3372 653 3598 723 πλησίον
3625 656 4013 724 καταλλαγαςς

2330 734 2547 804 Ἔγωγε
2580 731 2757 806 οἶμαι.
2795 737 2928 790 Τίνα
2974 733 3067 791 οὖν
3099 735 3292 808 ἕξομεν
3323 741 3655 814 συγγνώμην
3676 784 3693 810 ,
3718 745 3855 816 μηδὲ
3884 762 4015 798 τοσ-

2327 821 2496 894 αύτην
2524 824 2892 896 ἀπονέμοντες
2921 825 3001 896 τῷ
3033 828 3280 903 Δεσπότῃ
3311 830 3509 900 τιμὴν,
3554 832 3687 906 ὅσην
3711 836 3828 898 τοῖς
3879 837 4010 905 ὀμο-

2324 909 2532 976 δούλοις
2577 914 2692 976 τοῖς
2732 913 3060 986 ήμετέροις;
3093 916 3193 970 Διά
3229 918 3392 971 τοῦτο
3416 919 3820 992 ἐκελεύσθημεν
3855 921 4010 995 [208}

2325 999 2526 1068 λέγειν,
2550 1001 2726 1069 Ἄφες
2745 1001 2890 1071 ἡμῖν
2917 1001 2989 1056 τὰ
3015 1003 3389 1074 ὀφειλήματα
3411 1007 3598 1076 ἡμῶν,
3615 1009 3696 1075 ὡς
3720 1010 3824 1066 καί
3843 1010 4012 1082 ἡμεῖς

2325 1088 2582 1156 ἀφίεμεν
2614 1087 2739 1154 τοῖς
2765 1089 3104 1157 ὀφειλέταις
3131 1090 3320 1162 ἡμῶν.

2399 1175 2464 1228 Τί
2487 1176 2677 1230 τούτου
2714 1177 3050 1250 πραότερον;
3077 1180 3131 1232 τί
3166 1181 3222 1234 δὲ
3257 1185 3609 1259 ἡμερώτερον
3641 1187 3739 1241 τοῦ
3769 1189 4011 1260 προστά-

2325 1281 2564 1336 γματος;
2593 1267 2659 1319 Σὲ
2687 1267 2881 1337 κριτὴν
2916 1267 3144 1340 ἐποίησε
3183 1271 3285 1342 τῆς
3324 1277 3728 1348 συγχωρήσεως
3760 1277 3874 1330 τῶν
3904 1275 4011 1329 σῶν

2325 1355 2740 1426 ἁμαρτημάτων
2762 1372 2775 1386 ο
2802 1353 2878 1421 ξᾶν
2906 1354 3062 1424 ὀλίγα
3079 1359 3242 1430 ἀφῇς,
3269 1360 3426 1430 ὀλίγα
3469 1364 3711 1433 ἀφίεται·
3751 1365 3821 1418 ἂν
3842 1365 4013 1419 πολλά

2325 1442 2505 1513 ἀφῇς,
2542 1441 2712 1495 πολλά
2769 1440 3019 1513 ἀφίεται·
3065 1445 3130 1498 ἂν
3168 1447 3276 1500 ἀπὸ
3315 1449 3544 1520 καρδίας
3580 1453 3728 1523 ἀφῇς
3780 1454 3875 1506 καὶ
3915 1472 4014 1507 κα-

2324 1529 2528 1600 θαρῶς,
2556 1531 2698 1584 οὑτω
2731 1549 2812 1584 σοι
2844 1534 2937 1586 καὶ
2971 1535 2998 1585 6
3024 1533 3154 1598 Θεὸς
3183 1535 3409 1606 ἀφίησιν
3431 1552 3445 1566 °
3477 1538 3544 1593 ἂν
3577 1540 3715 1609 μετά
3742 1541 3840 1594 τοῦ
3874 1559 4010 1612 συγ-

2323 1619 2572 1690 χωρῆσαι
2599 1620 2695 1672 καὶ
2724 1621 2879 1689 φίλον
2909 1623 3073 1676 αὑτὸν
3101 1622 3252 1695 ἔχῃς,
3282 1624 3425 1678 οῦτω
3451 1627 3544 1680 καὶ
3571 1629 3598 1679 6
3628 1629 3762 1693 Θεὸς
3786 1631 3922 1702 πρὸς
3948 1633 4009 1684 σὲ

2323 1706 2847 1761 διακείσεται.Ὦστε
2880 1709 2991 1779 ὅσῳ
3017 1710 3240 1780 μείζονα
3269 1713 3504 1784 ἥμαρτε,
3527 1715 3768 1786 τοσούτῳ
3803 1719 4009 1788 μᾶλλον

2323 1796 2472 1865 ἡμᾶς
2500 1795 2751 1850 σπεύδειν
2772 1797 2865 1849 ἐπὶ
2892 1797 2991 1861 τὰς
3018 1798 3364 1868 καταλλαγὰς
3392 1801 3516 1872 χρὴ,
3550 1804 3738 1874 ἐπειδὴ
3769 1807 3865 1858 καὶ
3889 1824 4013 1876 μει-

2325 1882 2494 1947 ζόνων
2525 1885 2941 1956 ἁμαρτημάτων
2971 1889 3373 1958 συγχωρήσεως
3401 1891 3532 1960 ἡμῖν
3563 1892 3738 1957 αἴτιος
3770 1894 4011 1961 γίνεται.

2325 1971 2512 2025 Βούλει
2568 1973 2782 2043 μαθεῖν,
2820 1973 2896 2038 ὡς
2939 1975 3164 2045 οὑδεμία
3212 1976 3510 2050 συγγνώμη
3573 1982 4011 2050 μνησικακοῦσιν

2334 2063 2484 2131 ἡμῖν,
2523 2060 2646 2114 οὑδέ
2694 2061 2811 2114 ἐστί
2860 2080 2942 2125 τις
2989 2064 3136 2133 ἡμᾶς
3164 2065 3192 2115 6
3223 2063 3629 2137 ἐξαιρούμενοςς
3671 2069 3793 2121 Ἐπί
3826 2088 4010 2141 παρα-

2321 2149 2631 2220 δείγματος,
2661 2149 2688 2202 ὃ
2719 2151 2882 2219 λέγω,
2930 2153 3143 2222 ποιήσω
3185 2155 3419 2224 φάνερόν
3441 2172 3454 2186 °
3486 2156 3552 2208 Τί
3592 2173 3650 2209 σε
3680 2159 3945 2228 ἠδίκησεν
3984 2163 4012 2213 6

2323 2236 2580 2308 πλησίον;
2612 2237 2679 2290 τά
2706 2239 2965 2308 χρήματα
2997 2241 3268 2308 ἥρπασεν,
3308 2241 4010 2317 ἐδήμευσεν,ἐπλεονέκτη-

2325 2343 2442 2390 σεν;
2471 2325 2532 2378 οὑ
2568 2325 2710 2392 λέγω
2750 2324 2907 2379 τοῦτο
2949 2329 3130 2397 μόνον,
3171 2329 3305 2381 ἀλλά
3340 2333 3433 2383 καὶ
3471 2331 3632 2403 ἔτερα
3665 2337 4012 2406 προστίθημι

2323 2413 2540 2465 πλείονα
2580 2413 2806 2477 τούτων,
2843 2414 2933 2467 καὶ
2968 2416 3177 2487 ὅσαπερ
3221 2416 3286 2471 ἂν
3321 2417 3539 2488 ἐθέλῃς’
3572 2420 3781 2474 ἀνελεῖν
3809 2439 3871 2475 σε
3904 2425 4009 2475 ἐπ-

2320 2497 2583 2570 εθύμησε,
2620 2500 2850 2569 μυρίους
2893 2519 2976 2553 σοι
3015 2504 3330 2576 παρέστησε
3375 2505 3676 2572 κινδύνους,
3711 2511 3894 2564 πᾶσάν
3927 2529 4014 2564 σοι

2321 2586 2633 2652 ἐπεδείξατο
2664 2589 2913 2658 μιαρίαν,
2947 2591 3043 2644 καὶ
3089 2593 3241 2645 οὐδὲν
3286 2593 3554 2648 ἀπέλιπεν
3595 2597 3735 2660 ὅλως
3775 2599 3886 2667 τῆς
3922 2601 4014 2652 ἀν-

2321 2673 2602 2745 θρωπίνης
2632 2673 2938 2746 πονηρίαςά
2965 2693 2976 2704 ·
3011 2678 3098 2730 ἵνα
3145 2678 3254 2750 γὰρ
3299 2681 3374 2750 μὴ
3418 2683 3597 2736 πάντα
3627 2685 3747 2737 καθ’
3771 2686 4013 2739 ἕκαστον

2321 2761 2645 2832 ἐπεξίωμεν,
2681 2762 2772 2826 θὲς
2806 2764 3076 2835 τοσαύτην
3119 2766 3280 2820 αὑτὸν
3322 2768 3639 2840 ἠδικηκέναι
3672 2790 3729 2826 σε
3761 2775 4007 2840 ἀδικίαν,

2319 2851 2451 2920 ὅσην
2479 2851 2653 2914 οὐδεὶς
2674 2852 2931 2906 οὑδέποτέ
2952 2871 3076 2907 τινα
3101 2855 3390 2926 ἠδίκησεν·
3421 2859 3540 2913 οὐδὲ
3566 2862 3674 2932 γὰρ
3697 2863 3842 2917 οὕτω
3872 2885 4011 2935 μντς-

2321 2939 2565 2992 σικακῶν
2605 2938 2756 3006 ἄξιος
2785 2939 2886 3012 ἔσῃ
2917 2942 3269 3014 συγγνώμης.
3307 2942 3413 2998 Καὶ
3446 2947 3564 3011 πῶς
3597 2948 3708 3016 ἐγὼ
3736 2949 3908 3019 λέγω.
3949 2954 4014 3005 Εἴ

2317 3043 2403 3091 τις
2427 3027 2646 3098 οἰκέτης
2678 3028 2769 3092 σὸς
2799 3028 2999 3098 ὤφειλέ
3041 3047 3124 3084 σοι
3153 3032 3441 3102 χρυσίνους
3467 3035 3683 3103 ἐκατὸν,
3711 3034 3832 3092 εἶτα
3868 3042 4010 3092 ἐκεί-

2319 3133 2394 3185 νῳ
2425 3115 2613 3186 ἕτερός
2646 3134 2728 3180 τις
2767 3117 2971 3186 ὤφειλε
3017 3118 3256 3190 ἀργύρια
3294 3120 3471 3190 ὀλίγα,
3506 3125 3600 3177 καὶ
3635 3126 3954 3197 προσελθὼν
3981 3128 4009 3180 6

2316 3204 2412 3256 τοῦ
2443 3204 2630 3257 δούλου
2661 3205 2943 3276 χρεώστης
2970 3208 3316 3280 παρεκάλεσέ
3340 3227 3399 3263 σε
3423 3213 3516 3265 καὶ
3544 3214 3818 3268 ἱκέτευσεν
3839 3215 4008 3279 ἀξιῶν

2319 3291 2651 3364 συγγνώμης
2683 3297 2868 3364 τυχεῖν
2894 3305 2940 3360 ⁸,
2972 3297 3069 3348 καὶ
3118 3297 3182 3349 σὺ
3230 3297 3319 3352 τὸν
3363 3300 3587 3370 οίκέτην
3631 3302 3872 3367 καλέσας
3918 3305 4009 3357 τὸν

2319 3379 2518 3432 σαυτοῦ
2561 3381 2908 3451 προσέταξας
2947 3383 3118 3437 εἰπὼν
3163 3386 3379 3455 ἀφεῖναι
3408 3388 3470 3441 τὸ
3505 3391 3777 3462 ὀφείλημα
3804 3395 4005 3463 τούτῳ,

2317 3468 2412 3521 καὶ
2455 3469 2588 3521 Ἀπὸ
2633 3469 2726 3521 τοῦ
2769 3469 2928 3537 λόγου
2957 3464 3018 3523 οὗ
3062 3472 3297 3540 ὀφείλεις
3343 3493 3456 3545 μοι,
3503 3477 3784 3550 λογίζομαί
3818 3498 3902 3533 σοι
3947 3483 4006 3534 τὸ

2316 3556 2503 3626 ὀφείλη
2515 3573 2618 3626 μα’
2662 3553 2778 3609 εἶτα
2807 3560 3012 3621 ἐκεῖνος
3041 3561 3416 3630 ἀναισχυντῶν
3445 3565 3538 3617 καὶ
3569 3570 4004 3638 πονηρευόμενος

2316 3645 2477 3697 πάλιν
2525 3641 2663 3715 ἦγχε
2713 3645 2804 3699 τὸν
2848 3646 3130 3715 ὀφείλοντα
3153 3665 3165 3678 ο
3217 3646 3324 3722 ἆρα
3355 3653 3421 3705 ἂν
3455 3653 3691 3719 ἐξείλετό
3726 3674 3807 3720 τις
3842 3660 4004 3710 αὑτὸν

2314 3731 2422 3785 τῶν
2469 3733 2577 3786 σῶν
2622 3733 2858 3804 χειρῶν;
2911 3731 3021 3806 ἆρα
3065 3737 3165 3790 οὑκ
3213 3737 3279 3790 ἂν
3321 3740 3470 3810 αὑτῷ
3499 3743 3701 3814 μυρίας
3727 3745 4002 3815 ἐπέθηκας

2315 3821 2551 3892 πληγὰς,
2588 3821 2664 3886 ὡς
2691 3822 2972 3895 ὑϐρισθεὶς
3001 3825 3102 3896 τὴν
3127 3827 3362 3900 ἐσχάτην
3392 3828 3586 3901 ὑ6ριν;
3621 3833 3714 3884 καὶ
3747 3835 3896 3902 μάλα
3927 3840 4003 3887 εἰ-

2313 3909 2508 3972 κότως.

2385 3995 2556 4050 Τοῦτο
2581 3998 2675 4051 καὶ
2702 3999 2730 4052 6
2763 3999 2897 4064 Θεὸς
2929 4004 3144 4073 ποιήσει
3168 4020 3184 4036 ο
3210 4004 3328 4074 ἐρεῖ
3355 4005 3463 4075 γάρ
3495 4023 3577 4059 σοι
3620 4009 3740 4061 κατ’
3775 4011 3998 4079 ἐκείνην

2312 4085 2411 4156 τὴν
2452 4082 2762 4156 ήμέραν,Ὦ
2799 4089 3002 4160 πονηρέ
3030 4090 3182 4144 δοῦλε
3217 4094 3311 4146 καί
3339 4094 3655 4164 παμμίαρε,
3689 4096 3762 4167 μὴ
3793 4097 3905 4168 γὰρ
3937 4099 3998 4148 ἐκ

2311 4174 2418 4226 τῶν
2454 4174 2563 4228 σῶν
2587 4176 2738 4245 αύτῷ
2770 4178 3188 4250 συνεχώρησαςς
3221 4179 3281 4246 ἐξ
3313 4174 3392 4236 ὧν
3420 4183 3545 4252 ἐμοὶ
3573 4182 3825 4252 ὧφειλες,
3868 4187 3995 4238 ἐκε-

2312 4262 2544 4334 λεύσθης
2573 4264 2721 4335 αὑτῷ
2745 4264 3066 4333 λογίσασθαι
3090 4284 3103 4298 ·
3158 4270 3330 4338 ’Ἄφες
3353 4269 3484 4341 γὰρ,
3523 4272 3676 4340 φησὶ,
3710 4272 3805 4324 καὶ
3827 4273 3995 4343 ἀφίη-

2317 4351 2376 4421 μί
2406 4368 2510 4404 σοι.
2547 4352 2610 4404 Εἰ
2649 4353 2745 4405 καὶ
2777 4354 2846 4407 τά
2878 4355 3138 4425 μάλιστα,
3171 4357 3264 4410 καὶ
3290 4359 3339 4411 εἰ
3371 4359 3445 4429 μὴ
3470 4358 3634 4413 τοῦτο
3656 4362 3996 4431 προσέθηκα,

2313 4439 2406 4491 καὶ
2445 4437 2620 4503 οὕτως
2656 4440 2874 4510 ἀφιέναι
2911 4443 3082 4514 ἐχρῆν
3113 4444 3352 4518 δεσπότῃ
3395 4446 3755 4517 πειθόμενονο
3788 4451 3909 4501 νυνὶ
3943 4450 3998 4502 δὲ

2311 4527 2408 4595 οὑχ
2440 4525 2514 4588 ὡς
2542 4526 2808 4597 δεσπότης
2851 4530 3111 4596 ἐπέταξα,
3143 4532 3259 4585 ἀλλ’
3282 4534 3359 4594 ὡς
3388 4533 3526 4602 φίλῳ
3549 4535 3569 4573 τ
3605 4537 3767 4607 χάριν
3791 4537 3994 4608 ᾔτησα.

2313 4616 2406 4665 καὶ
2432 4614 2636 4683 ταύτην
2661 4616 2724 4667 ἐκ
2750 4615 2858 4668 τῶν
2887 4617 3057 4686 ἐμῶν,
3091 4620 3184 4672 καί
3213 4619 3430 4690 μείζονα
3459 4621 3654 4674 δώσειν
3675 4623 4000 4694 ὑπεσχόμην

2313 4700 2513 4752 πάλινο
2569 4702 2662 4754 καὶ
2707 4702 2829 4753 οὐδὲ
2877 4701 3022 4757 οὕτω
3066 4704 3291 4774 βελτίων
3319 4709 3529 4775 ἐγένου.
3565 4710 3676 4763 Καὶ
3716 4710 3998 4782 ἄνθρωποι

2315 4788 2412 4856 μὲν
2438 4789 2567 4841 ὅταν
2595 4787 2750 4841 τοῦτο
2785 4789 3001 4854 ποιῶσι,
3029 4791 3280 4846 τοσοῦτον
3316 4793 3619 4862 λογίζονται
3663 4799 3775 4861 τοῖς
3809 4800 3997 4852 αὐτῶν

2311 4876 2569 4940 οἰκέταις,
2604 4877 2728 4929 ὅσον
2779 4879 2897 4930 ἐστί
2942 4878 3004 4932 τὸ
3054 4881 3250 4951 μέτρον
3297 4882 3390 4934 τοῦ
3441 4883 3848 4955 ὀφειλήματοςο
3881 4881 3995 4938 οἷον

2309 4964 2513 5032 ὀφείλει
2562 4963 2638 5034 τῷ
2679 4964 2914 5036 δεσπότῃ
2945 4969 3235 5038 χρυσίνους
3268 4969 3460 5022 ἐκατὸν
3495 4973 3524 5024 ὀ
3548 4972 3787 5042 οἰκέτης,
3834 4975 3867 5025 6
3899 4976 3995 5026 τοῦ

2309 5053 2520 5106 οἰκέτου
2555 5052 2836 5125 χρεώστης
2865 5057 3153 5126 χρυσίνους
3181 5056 3311 5110 δέκα
3332 5074 3345 5087 ’
3378 5058 3445 5110 ἂν
3477 5059 3628 5130 αὑτῷ
3658 5063 3998 5131 συγχωρήσῃ

2309 5141 2368 5192 τὸ
2412 5141 2707 5211 ὀφείλημα,
2738 5143 2859 5212 οὑχὶ
2891 5146 3016 5207 τοὺς
3047 5146 3239 5199 ἑκατὸν
3274 5146 3422 5217 αὐτῷ
3467 5148 3696 5218 ἀφίησιν
3737 5151 3766 5201 6
3803 5149 3999 5203 δεσπε.

2308 5245 2427 5296 της,
2457 5228 2592 5282 ἀλλὰ
2623 5230 2752 5293 τοὺς
2778 5231 2908 5283 δέκα
2942 5232 3155 5301 μόνους,
3199 5235 3324 5297 τοὺς
3369 5234 3425 5286 δὲ
3470 5235 3695 5306 ἐτέρους
3742 5237 3996 5300 ἅπαντας

2308 5317 2558 5368 ἀπαιτεῖ·
2609 5317 2638 5370 6
2681 5317 2738 5370 δὲ
2770 5318 2902 5381 Θεὸς
2931 5320 3027 5389 οὑχ
3062 5320 3252 5383 οὕτως,
3291 5321 3405 5373 ἀλλ’
3435 5323 3502 5375 ἂν
3545 5324 3690 5395 ἀφῇς
3719 5325 3886 5392 ὀλίγα
3922 5328 4000 5394 τῷ

2311 5405 2599 5475 συνδούλῳ,
2626 5407 2804 5461 πάντα
2829 5425 2911 5460 σοι
2935 5409 3160 5479 ἀφίησιν
3195 5411 3378 5474 αὑτός.
3407 5411 3580 5464 Πόθεν
3605 5412 3765 5466 τοῦτο
3795 5414 3995 5484 δῆλο·ε;

2321 5491 2439 5543 Ἀπ’
2472 5492 2644 5562 αὑτῆς
2685 5493 2784 5564 τῆς
2835 5495 3000 5566 εὐχῆς
3025 5512 3038 5523 °
3084 5496 3226 5551 Ἐὰν
3263 5497 3371 5568 γὰρ
3418 5497 3630 5567 ἀφῆτε,
3663 5500 3824 5569 φησὶ,
3875 5503 3999 5567 τρῖς

2370 5730 2636 5810 εξανίιὶξῃ
2667 5738 2812 5810 3.8m}
2859 5741 2912 5784 ex
2951 5749 3079 5789 unus
3100 5739 3264 5791 codex
3311 5742 3690 5802 ἐσπουδάσαμεν.
3738 5742 3911 5796 Savil.
3953 5751 3996 5797 i3

2303 5794 3026 5935 ωῗῑὲδξξιίιὲῐέἕέεῗῗιῖῗιὲεονύό.
3048 5868 3131 5935 τῆς
3149 5863 3437 5935 ἀνθρωπίνης
3464 5865 3698 5927 βοηθείας·

2373 5921 2395 5987 f
2423 5918 2574 5987 ﬁavilj
2599 5919 2824 5987 infnarg.
2851 5918 3200 5984 συγχωρήσεως
3220 5918 3395 5987 τυχεῖν.

2371 5976 2389 6015 ί
2422 5979 2592 6028 Morel.
2627 5982 2776 6044 φίλον.
