4112 6388
228 355 334 412 205

230 468 513 524 invadente
558 468 658 522 ista
702 467 944 522 simultas
971 508 985 532 ,
1015 466 1109 522 sed
1158 482 1223 521 ex
1265 467 1464 521 malitia
1490 511 1505 534 ,
1531 482 1594 521 ac
1642 477 1819 521 mente

228 562 509 625 scelerata,
539 570 594 613 et
617 560 876 614 scelerum
904 556 1237 613 meditatrice
1267 559 1521 612 exoritur.
1550 557 1663 612 Non
1692 558 1819 611 illud

230 655 402 706 solum
428 666 590 721 grave
618 659 728 711 est.
760 649 901 719 quod
929 660 980 704 te
1010 652 1158 704 tenia
1187 651 1403 717 Spolias,
1435 650 1529 705 sed
1556 651 1694 718 quod
1720 649 1822 703 dif-

232 745 507 799 ticiliorem
550 743 641 796 tibi
686 742 866 796 reddis
907 758 1058 796 usum
1108 742 1405 796 istiusmodi
1430 743 1640 795 virtutis
1667 758 1820 795 exer-

229 836 416 890 cenda:
440 855 453 889 :
479 850 598 888 nam
620 850 721 889 una
741 834 827 888 die
847 835 1023 903 elapsa
1050 834 1352 903 grandescit
1374 835 1575 900 vitium,
1600 845 1821 904 augetur

228 942 303 979 ex
346 926 576 980 secunda
628 925 713 979 die
743 944 756 978 :
782 924 922 993 quod
966 924 1011 977 si
1055 924 1207 978 tertia
1249 934 1300 977 et
1329 933 1514 993 quarta
1538 926 1823 978 accesserit

231 1021 321 1072 lux
348 1060 364 1085 ,
394 1018 619 1073 addetur
661 1018 862 1086 quinta.
896 1017 1103 1071 Rursus
1149 1016 1381 1086 quinque
1424 1017 1557 1070 ﬁunt
1592 1016 1817 1080 decem,

228 1114 417 1168 decem
444 1119 617 1166 autem
653 1111 856 1180 viginti,
888 1110 1070 1179 viginti
1101 1118 1347 1174 centum,
1375 1124 1438 1163 ac
1469 1110 1519 1161 in
1549 1119 1821 1178 posterum

231 1206 423 1259 vulnus
449 1204 669 1259 omnino
698 1201 1083 1257 immedicabile
1107 1210 1224 1257 est:
1248 1211 1303 1257 et
1324 1210 1522 1270 quanto
1552 1202 1668 1270 plus
1692 1210 1824 1255 tem-

236 1298 381 1363 poris
406 1295 728 1365 adjungitur,
760 1302 911 1348 tanto
939 1293 1103 1363 magis
1132 1292 1481 1362 disjungimnr
1505 1292 1817 1346 intervallis.

230 1392 374 1444 Cave
417 1387 546 1452 tibi,
580 1386 777 1451 homo,
811 1385 880 1439 ab
917 1385 1031 1439 istis
1070 1383 1465 1438 irrationalibus
1506 1382 1819 1443 affectibus,

232 1497 405 1551 neque
433 1480 701 1549 pudelias,
732 1493 909 1548 neque
933 1477 1239 1542 erubescas,
1265 1492 1437 1546 neque
1463 1477 1533 1529 ita
1559 1476 1776 1545 loquare
1806 1493 1819 1527 :

232 1574 389 1627 Modo
429 1572 565 1626 inter
614 1586 711 1625 nos
752 1569 908 1624 rixati
950 1583 1176 1634 sumus,
1210 1566 1364 1622 fanda
1414 1576 1571 1637 atque
1609 1566 1821 1620 infanda

233 1664 472 1719 diximus
525 1664 805 1718 innumera
837 1679 849 1715 :
880 1676 943 1716 ac
991 1660 1171 1715 statim
1220 1659 1287 1714 ad
1339 1659 1821 1714 reconciliationem

230 1757 545 1811 accurram?
574 1756 692 1825 quis
739 1770 848 1809 non
884 1753 1208 1824 vituperabit
1252 1768 1426 1808 meam
1478 1752 1821 1807 facilitatem?

233 1850 402 1903 Nemo
449 1848 701 1903 cordatus
751 1846 1021 1901 damnabit
1070 1855 1212 1900 tuam
1255 1844 1600 1908 facilitatem,
1635 1844 1726 1898 sed
1780 1845 1823 1898 si

234 1942 497 1995 manseris
518 1938 887 2009 implacabilis,
918 1947 1025 1993 tum
1053 1944 1105 1991 te
1131 1952 1317 1992 omnes
1345 1936 1641 1991 irridebunt
1662 1979 1677 2001 ,
1713 1945 1822 1989 tum

233 2047 485 2102 magnum
534 2030 687 2085 dabis
728 2030 940 2085 diabolo
979 2030 1207 2098 spatium
1240 2046 1253 2081 :
1283 2045 1387 2083 non
1419 2029 1560 2083 enim
1595 2044 1659 2082 ex
1689 2037 1823 2082 tem-

235 2140 365 2193 pore
394 2125 567 2177 solum
612 2120 879 2178 difﬁcilior
907 2123 997 2176 ﬁet
1026 2122 1389 2177 reconciliatio
1410 2165 1424 2187 ,
1450 2122 1545 2177 sed
1573 2138 1639 2176 ex
1670 2123 1826 2175 rebus

236 2222 437 2272 interea
488 2217 871 2271 oborientibus.
907 2215 974 2272 Ut
998 2215 1195 2270 Caritas
1239 2217 1400 2285 aperit
1452 2214 1827 2269 multitudinem

238 2322 563 2379 peccatorum
591 2309 670 2379 (l.
704 2309 818 2363 Pet.
846 2310 900 2363 4.
933 2311 1023 2379 8),
1054 2310 1123 2363 ita
1157 2308 1429 2363 inimicitia
1456 2323 1518 2363 ea
1540 2350 1553 2373 ,
1583 2324 1701 2377 qua:
1731 2307 1825 2361 de-

239 2406 347 2458 licti
378 2414 621 2458 naturain
651 2417 758 2456 non
785 2401 1018 2469 habent,
1050 2401 1244 2456 delicta
1276 2399 1437 2455 facit:
1461 2400 1597 2455 adeo
1625 2407 1684 2454 ut
1712 2414 1829 2453 om-

238 2512 335 2551 nes
362 2495 557 2549 deinde
584 2494 977 2560 criminatores,
1007 2493 1095 2563 qui
1120 2492 1188 2547 de
1208 2491 1398 2547 alienis
1423 2491 1576 2546 malis
1598 2490 1828 2561 gaudent

236 2600 289 2641 et
315 2588 543 2641 aliorum
570 2587 696 2640 vitia
723 2586 1037 2649 traducunt,
1069 2584 1225 2639 ﬁdem
1255 2583 1394 2653 apud
1423 2582 1720 2638 istiusmodi
1749 2583 1830 2637 in-

237 2681 474 2733 veniant.
502 2679 618 2733 Istis
641 2678 797 2748 igitur
810 2676 1057 2747 cognitis,
1080 2690 1393 2744 praeoccupa
1422 2673 1661 2739 fratrem,
1679 2689 1824 2728 eum-

238 2786 344 2838 que
369 2770 549 2823 detine
574 2809 588 2832 ,
618 2770 924 2839 priusquam
955 2767 1163 2836 penitus
1189 2765 1413 2832 resiliat,
1442 2765 1599 2820 etiam
1627 2764 1672 2818 si
1698 2778 1831 2832 opus

237 2865 329 2927 sit,
359 2874 417 2917 ut
440 2878 506 2917 eo
530 2862 616 2917 die
643 2863 947 2917 universam
976 2860 1244 2916 civitatem
1266 2874 1566 2930 percurras,
1597 2859 1756 2912 etiam
1784 2858 1830 2911 si

238 2964 389 3007 extra
422 2954 617 3008 moenia
641 2953 987 3024 pergendum,
1010 2952 1171 3007 etiam
1191 2952 1236 3006 si
1253 2952 1465 3021 longum
1490 2950 1591 3005 iter
1609 2964 1832 3019 carpen-

238 3047 390 3109 dum;
421 3044 620 3098 relictis
644 3044 893 3099 omnibus
920 3058 1039 3113 quae
1066 3042 1120 3097 in
1142 3042 1388 3096 manibus
1414 3050 1558 3109 sunt,
1588 3042 1639 3096 id
1670 3057 1830 3095 unum

239 3152 391 3200 cura,
420 3145 477 3191 ut
502 3152 622 3191 cuin
650 3136 813 3191 fratre
838 3134 1223 3191 reconcilieris.
1256 3134 1409 3202 Quod
1439 3135 1481 3189 si
1511 3134 1735 3190 arduum
1765 3135 1834 3189 sit

241 3232 539 3299 negotium,
569 3231 742 3300 cogita
770 3230 912 3301 quod
935 3231 1006 3285 ob
1034 3232 1204 3286 Deum
1233 3232 1358 3285 talia
1385 3232 1605 3301 pateris,
1637 3239 1693 3286 et
1718 3231 1832 3301 ple—

243 3339 367 3376 nam
420 3324 683 3392 percipies
710 3323 1129 3378 consolationem
1156 3341 1168 3376 :
1196 3322 1535 3391 animamque
1561 3321 1832 3376 subterfu-

238 3415 501 3483 gieutem,
537 3414 994 3479 reformidantem,
1025 3414 1429 3470 erubescentem
1460 3415 1652 3478 excita,
1681 3414 1834 3484 eique

241 3507 497 3561 continuo
537 3508 635 3560 ista
664 3507 845 3561 accine
875 3525 888 3561 :
918 3506 1057 3573 Quid
1082 3506 1300 3561 cessas?
1326 3505 1451 3576 quid
1479 3504 1835 3575 subterfugis?

242 3601 367 3670 quid
386 3600 686 3655 detrectas?
705 3617 806 3653 non
826 3602 893 3654 de
910 3601 1262 3670 peeunia,nou
1275 3600 1341 3654 de
1354 3599 1471 3653 aliis
1484 3598 1637 3653 ﬂuxis
1651 3598 1833 3664 rebus,

243 3694 337 3747 sed
355 3695 423 3748 de
445 3702 624 3747 nostra
649 3694 881 3763 ipsorum
905 3694 1076 3749 salute
1100 3694 1292 3763 agitur.
1316 3693 1454 3748 Deus
1475 3693 1573 3750 ista
1598 3690 1836 3747 facienda

246 3788 508 3858 pr:ceipit,
523 3789 697 3843 omnia
711 3788 870 3857 igitur
888 3787 1027 3843 illius
1041 3787 1302 3841 mandatis
1321 3794 1723 3856 postponantur.
1746 3786 1839 3840 Est

247 3882 335 3935 bic
364 3880 580 3951 quidam
607 3880 896 3949 spiritualis
936 3890 1202 3935 mercatus
1233 3898 1244 3932 :
1280 3894 1347 3933 ne
1377 3887 1738 3943 cunctatores,
1772 3893 1840 3933 ne

245 3974 382 4027 lenti
409 3975 595 4039 simus;
614 3974 870 4044 intelligat
895 3974 1139 4029 inimicus
1154 3987 1400 4043 magnam
1428 3988 1459 4026 a
1480 3972 1633 4026 nobis
1655 3985 1837 4025 curam

245 4068 568 4134 adhibitam,
599 4078 653 4122 ut
672 4068 867 4122 divinis
892 4067 1100 4137 placitis
1123 4081 1220 4121 nos
1246 4075 1662 4136 attemperemus
1687 4082 1700 4118 :
1726 4064 1839 4119 sive

245 4161 428 4214 denuo
455 4161 805 4215 contumelias
834 4158 1065 4225 inferat,
1096 4159 1209 4214 sive
1237 4158 1524 4229 verberet,
1556 4157 1669 4211 sive
1713 4154 1839 4225 quid

248 4251 395 4305 aliud
419 4252 662 4306 acerbius
690 4250 867 4315 faciat,
890 4252 1068 4305 omnia
1098 4250 1327 4305 feramus
1352 4262 1630 4319 generose,
1661 4255 1841 4316 utpote

248 4344 344 4414 qni
373 4359 477 4399 non
506 4354 710 4399 tantum
742 4346 841 4410 illi,
871 4356 1126 4414 quantum
1156 4343 1552 4413 nobismetipsis
1578 4342 1842 4412 gratiﬁce-

250 4454 413 4504 mur;
442 4453 552 4508 pra:
578 4440 827 4493 omnibus
851 4439 1134 4493 virtutibus
1164 4438 1215 4491 id
1244 4437 1310 4493 ad
1336 4437 1595 4507 majorem
1633 4451 1841 4491 merce-

250 4532 379 4587 dem
410 4532 564 4586 nohis
593 4531 939 4601 imputabitur
967 4531 1022 4585 in
1050 4531 1144 4585 illo
1168 4530 1274 4585 die.
1306 4529 1467 4584 Multa
1487 4528 1807 4598 deliquimus
1826 4567 1840 4591 ,

253 4623 309 4676 in
344 4623 549 4692 magnis
571 4621 892 4677 offendimus
910 4663 926 4688 ,
954 4631 1009 4676 et
1038 4621 1318 4676 Dominum
1344 4629 1587 4675 nostrum
1618 4619 1846 4673 irritavi-

252 4729 409 4777 mus;
437 4713 582 4768 dedit
605 4730 670 4768 ex
700 4730 795 4768 sua
825 4713 1151 4769 humanitate
1192 4713 1329 4767 hanc
1358 4712 1500 4767 viam
1528 4712 1843 4767 reconcilia-

254 4805 425 4861 tionis
453 4824 465 4859 :
496 4821 563 4859 ne
593 4806 752 4875 igitur
777 4806 1085 4860 deseramus
1129 4804 1270 4860 hunc
1300 4803 1580 4875 pulchrum
1625 4803 1844 4859 thesau-

254 4912 402 4951 rum.
434 4895 699 4966 Numquid
730 4912 834 4951 non
865 4898 916 4950 in
947 4897 1092 4951 illius
1117 4904 1382 4967 potestate
1406 4894 1524 4961 fuit,
1557 4894 1847 4964 prmcipere

254 4990 754 5044 reconciliationem
791 4990 908 5045 sine
943 4990 1047 5044 ulla
1103 4990 1369 5059 proposita
1411 4985 1702 5043 mercede?
1731 4985 1845 5040 Non

255 5081 405 5134 enim
433 5088 517 5133 est
542 5079 630 5148 qui
656 5080 755 5150 ipsi
784 5080 1147 5145 contradicat,
1180 5087 1270 5133 aut
1307 5080 1396 5149 qui
1435 5079 1548 5148 ejus
1586 5086 1848 5147 praecepta

256 5170 523 5241 corrigat;
550 5179 781 5225 attamen
802 5187 867 5226 ex
893 5171 1058 5225 multa
1080 5186 1174 5226 sua
1201 5171 1521 5240 benignitate
1548 5170 1848 5224 mercedem

258 5264 420 5318 nobis
448 5264 732 5334 spopondit
772 5274 825 5319 et
850 5279 1093 5334 magnam
1123 5275 1177 5318 et
1202 5264 1524 5318 ineffabilem
1552 5305 1565 5327 ,
1590 5273 1645 5318 et
1694 5277 1849 5331 quam

259 5358 497 5411 maxime
511 5356 895 5423 desideramus,
914 5358 1159 5411 nimirum
1172 5357 1379 5412 veniam
1401 5368 1701 5411 nostrorum
1726 5372 1850 5424 pec-

260 5457 529 5513 catorum,
552 5459 601 5502 et
620 5447 757 5523 hanc
784 5449 1184 5519 obsequentiam
1207 5449 1361 5504 nobis
1378 5448 1683 5503 facillimam
1705 5448 1848 5503 fecit.

339 5540 393 5595 6.
425 5540 594 5607 Quam
635 5542 793 5611 igitur
815 5542 1022 5597 veniam
1048 5541 1359 5596 habebimus
1383 5582 1396 5605 ,
1418 5556 1540 5595 cum
1571 5550 1627 5595 et
1650 5549 1851 5593 tantum

263 5632 472 5701 praemii
494 5632 762 5700 accepturi
788 5674 802 5699 ,
834 5648 900 5687 ne
924 5634 1001 5687 sic
1027 5633 1246 5703 quidem
1272 5632 1618 5702 obseqnimur
1648 5632 1853 5700 legisla-

265 5722 372 5775 tori
395 5763 411 5788 ,
436 5723 530 5777 sed
560 5723 908 5791 perduramus
936 5724 987 5777 in
1022 5739 1087 5779 eo
1116 5732 1421 5793 contemptu
1445 5725 1467 5776 ?
1496 5722 1646 5789 Quod
1678 5734 1854 5777 autem

270 5821 609 5884 contemptus
635 5817 704 5869 sit
728 5857 740 5881 ,
773 5815 891 5869 hinc
933 5823 1092 5884 patet.
1125 5815 1177 5870 Si
1221 5816 1387 5886 legem
1430 5814 1721 5884 Imperator
1751 5824 1857 5869 sta.

1121 354 1212 409 AD
1249 353 1573 412 POPULUM
1615 352 2100 411 ANTIOCHENUM
2164 354 2395 412 IIOMIL.
2439 357 2553 412 XX.

3405 358 3512 413 206

1932 468 2141 535 tuisset,
2174 480 2233 525 ut
2257 485 2444 526 omnes
2474 470 2675 525 inimici
2703 472 2754 524 in
2777 470 2999 541 gratiam
3028 470 3279 534 redirent,
3311 481 3401 525 aut
3420 487 3511 526 ea-

1929 561 2037 628 pite
2067 561 2422 630 plecterentur
2451 580 2463 615 :
2496 578 2563 616 an
2592 578 2699 617 non
2725 577 2913 616 omnes
2947 561 3261 617 festinarent
3295 563 3361 615 ad
3392 579 3510 615 mus

1934 661 2050 705 tuas
2078 654 2540 709 reconciliationes
2556 654 2579 708 ?
2597 653 2707 724 Ego
2733 653 2946 723 quidem
2969 655 3045 707 sic
3070 653 3319 708 arbitror.
3342 653 3510 719 Quam

1928 744 2135 797 veniam
2189 745 2346 814 igitur
2387 745 2725 809 habebimus,
2753 760 2873 799 cum
2901 758 2969 798 ne
2999 743 3327 798 tantumdem
3356 760 3511 797 reve-

1929 835 2116 890 rentia:
2143 836 2436 890 tribuamus
2466 837 2709 902 Domino,
2739 844 2992 906 quantum
3020 836 3292 889 conservis
3314 839 3513 889 nostris

1930 928 2242 982 tribuimus?
2269 926 2348 982 Ob
2372 928 2471 982 hoc
2502 930 2672 996 ipsum
2697 928 2833 997 jussi
2858 943 3040 981 sumus
3066 927 3244 982 dicere
3270 945 3282 978 :
3305 926 3515 982 Dimitte

1930 1019 2069 1072 nobis
2104 1019 2268 1072 debita
2297 1029 2467 1072 nostra
2488 1061 2501 1083 ,
2534 1023 2661 1073 sicut
2691 1030 2734 1072 et
2770 1036 2861 1073 nos
2890 1020 3186 1072 dimittimus
3212 1018 3515 1073 debitoribus

1928 1110 2110 1163 nostris
2136 1110 2344 1182 (Matth.
2372 1111 2425 1165 6.
2461 1111 2571 1181 19.).

2002 1203 2441 1257 Reconciliationis
2495 1204 2693 1258 modus.
2725 1234 2794 1243 --
2823 1203 2958 1271 Quid
3020 1220 3084 1257 eo
3138 1204 3318 1257 mitius
3345 1245 3361 1268 ,
3389 1203 3512 1273 quid

1930 1299 2260 1351 mansuetius
2287 1298 2587 1367 praecepto?
2607 1298 2682 1353 Te
2692 1297 2927 1367 judicem
2957 1296 3080 1351 fecit
3096 1298 3147 1351 in
3172 1298 3515 1353 condonatio-

1930 1407 1996 1445 ne
2025 1401 2231 1446 tuorum
2254 1392 2558 1457 criminum;
2588 1392 2631 1445 si
2662 1407 2829 1462 pauca
2859 1391 3104 1459 dimittis,
3137 1406 3304 1463 pauca
3335 1391 3513 1445 dimit-

1932 1491 2113 1536 tuntur
2141 1501 2154 1535 :
2189 1484 2233 1536 si
2281 1482 2429 1552 plura
2481 1482 2704 1537 dimittis
2724 1525 2737 1548 ,
2764 1483 2916 1553 plura
2963 1482 3298 1537 dimittuntur
3327 1500 3340 1535 :
3375 1484 3418 1537 si
3448 1497 3511 1537 ex

1929 1572 2090 1628 corde
2135 1573 2358 1627 dimittis
2407 1582 2462 1628 et
2506 1574 2755 1639 sincere,
2789 1573 2978 1629 eodem
3034 1583 3186 1643 pacto
3234 1573 3324 1629 tibi
3376 1572 3515 1628 Deus

1928 1665 2153 1719 remittit
2182 1683 2194 1718 :
2219 1666 2264 1720 si
2294 1674 2484 1733 praeter
2504 1666 2714 1719 veniam
2740 1665 2917 1720 datam
2940 1666 3099 1719 etiam
3121 1681 3241 1721 eum
3270 1681 3366 1736 pro
3383 1668 3518 1719 ami-

1929 1773 1993 1812 co
2019 1758 2237 1824 habeas,
2256 1758 2445 1813 eodem
2466 1758 2625 1813 modo
2653 1774 2779 1829 erga
2810 1769 2860 1814 te
2886 1759 3026 1814 Deus
3054 1757 3315 1813 afﬁcietur
3342 1776 3354 1810 :
3382 1758 3517 1813 adeo

1932 1859 1989 1902 ut
2029 1860 2228 1920 quanto
2277 1849 2444 1919 magis
2473 1850 2591 1918 quis
2619 1849 2875 1905 adversus
2906 1859 2957 1904 te
3004 1851 3335 1919 peccaverit,
3369 1858 3517 1904 tanto

1931 1941 2097 2011 magis
2118 1942 2208 1996 tibi
2230 1942 2296 1996 ad
2318 1942 2804 1997 reconciliationem
2831 1942 3221 2011 properandum
3244 1943 3331 2006 sit,
3350 1958 3517 2012 quau-

1931 2032 2218 2103 doquidem
2249 2035 2362 2102 ipse
2394 2034 2496 2088 hoc
2526 2042 2681 2103 pacto
2718 2034 2770 2087 in
2801 2049 2960 2089 causa
2986 2042 3068 2088 est
3090 2073 3106 2099 ,
3136 2044 3193 2087 ut
3224 2033 3375 2087 nobis
3402 2049 3514 2085 ma-

1926 2126 2043 2194 jora
2066 2127 2287 2180 crimina
2309 2126 2697 2181 condonentur.
2724 2126 2815 2181 Vis
2836 2141 3158 2196 cognoscere
3180 2126 3376 2179 nullam
3399 2140 3519 2180 esse

1933 2216 2139 2273 veniam
2167 2218 2340 2283 nobis,
2370 2218 2414 2271 si
2439 2232 2705 2272 memores
2734 2218 2900 2272 simus
2928 2218 3147 2281 irarum,
3174 2232 3347 2287 neque
3374 2230 3515 2283 esse,

1933 2314 2159 2381 quinos,
2189 2312 2231 2366 si
2261 2313 2393 2367 tales
2419 2314 2604 2378 simus,
2623 2311 3009 2382 eripiat?Quod
3036 2311 3154 2366 dico
3180 2309 3519 2365 manifestum

1934 2406 2141 2460 faciam.
2173 2405 2334 2460 Lzesit
2360 2413 2411 2459 te
2435 2406 2712 2475 proximus
2740 2445 2754 2469 ,
2784 2404 2921 2459 bona
2953 2404 3165 2472 rapuit,
3194 2401 3518 2472 publicavit,

1935 2495 2228 2561 fraudavit;
2261 2511 2365 2549 non
2396 2495 2526 2551 illud
2556 2496 2729 2551 solum
2760 2493 2918 2561 dico,
2945 2494 3040 2549 sed
3066 2502 3119 2549 et
3143 2493 3244 2546 alia
3285 2492 3367 2547 his
3407 2506 3519 2546 ma-

1928 2587 2048 2657 jora
2077 2588 2335 2657 adjungo,
2364 2596 2417 2642 et
2445 2596 2869 2657 quantacumque
2896 2586 3107 2640 tandem
3140 2586 3218 2639 vis
3243 2603 3254 2636 :
3276 2582 3520 2639 occidere

1937 2693 1989 2738 te
2018 2682 2222 2747 voluit,
2254 2691 2507 2737 sexcenta
2539 2682 2771 2752 pericula
2803 2681 2897 2736 tibi
2924 2680 3151 2745 obtulit,
3178 2679 3322 2733 omni
3360 2688 3411 2734 te
3437 2679 3518 2732 in-

1932 2777 2069 2846 juria
2095 2776 2251 2843 laesit,
2281 2784 2337 2829 et
2366 2774 2497 2829 nihil
2526 2774 2744 2829 omnino
2776 2773 3129 2843 improbitatis
3167 2773 3411 2826 humanae
3437 2771 3520 2823 in-

1938 2875 2195 2922 tentatum
2218 2866 2432 2937 reliquit
2461 2866 2499 2918 ¹.
2532 2864 2609 2920 Ne
2636 2867 2777 2920 enim
2808 2865 2985 2919 omnia
3013 2864 3276 2934 sigillatim
3308 2877 3522 2933 percur-

1938 2974 2138 3023 ramus,
2171 2973 2309 3028 pone
2335 2967 2482 3012 tanta
2507 2956 2680 3027 ipsum
2713 2966 2764 3011 te
2797 2954 3039 3010 aﬂ‘ecisse
3065 2955 3254 3024 injuria
3277 2996 3291 3019 ,
3324 2961 3520 3023 quanta

1938 3052 2115 3107 nullus
2144 3065 2393 3121 umquam
2419 3064 2740 3120 quemquam
2766 3047 2943 3103 affecit
2971 3064 2984 3100 2
3015 3062 3082 3102 ne
3111 3047 3182 3101 ita
3210 3046 3445 3116 quidem,
3476 3045 3520 3098 si

1939 3144 2072 3197 iram
2102 3142 2369 3208 retineas,
2398 3141 2552 3197 venia
2579 3141 2769 3211 dignus
2796 3140 2923 3196 eris.
2949 3139 3065 3208 Quo
3096 3148 3247 3208 pacto
3284 3138 3337 3193 id
3378 3137 3471 3192 ﬁat
3498 3180 3513 3203 ,

1938 3251 2038 3305 ego
2066 3234 2259 3290 dicam.
2303 3232 2361 3289 Si
2391 3247 2578 3289 servus
2606 3241 2727 3287 tuus
2748 3231 2842 3287 tibi
2862 3231 2929 3287 ad
2954 3241 3168 3285 centum
3194 3244 3383 3285 aureos
3417 3228 3516 3284 ob-

1939 3338 2135 3383 :eratus
2150 3335 2311 3395 esset,
2329 3328 2416 3382 cui
2437 3327 2571 3382 alius
2598 3340 2793 3396 paucos
2807 3333 3087 3396 argenteos
3115 3324 3352 3386 deberet,
3373 3323 3522 3392 isque

1939 3420 2101 3475 debiti
2127 3420 2569 3475 condonationem
2598 3418 2887 3490 flagitasset
2908 3436 2920 3472 :
2944 3417 2988 3471 si
3012 3424 3066 3471 tu
3095 3416 3284 3470 deinde
3310 3430 3522 3469 servum

1934 3512 2186 3582 jussisses
2215 3511 2508 3567 debitorem
2534 3527 2690 3568 suum
2721 3510 3043 3580 obligatione
3075 3509 3301 3563 liberare
3319 3549 3335 3573 ,
3366 3517 3524 3577 teque

1942 3604 2016 3659 illi
2045 3604 2278 3658 vicissim
2308 3603 2473 3658 debiti
2511 3602 2632 3667 sui,
2662 3601 2803 3673 quod
2846 3610 2929 3656 est
2965 3609 3177 3656 centum
3204 3614 3486 3654 aureorum
3509 3640 3522 3662 ,

1940 3695 2165 3765 gratiam
2208 3694 2383 3748 facere
2407 3735 2423 3759 ,
2456 3694 2607 3763 isque
2648 3690 2844 3748 deinde
2870 3733 2884 3759 ,
2920 3701 2977 3746 ut
3017 3691 3294 3761 impudens
3331 3698 3386 3745 et
3427 3690 3526 3743 im-

1944 3783 2145 3853 probus
2167 3825 2184 3851 ,
2212 3783 2508 3838 debitorem
2551 3797 2705 3837 suum
2735 3781 3123 3852 strangularet,
3155 3796 3221 3834 an
3265 3780 3525 3850 quispiam

1945 3876 2094 3929 illum
2118 3892 2147 3930 e
2172 3876 2275 3929 tuis
2297 3876 2540 3931 manibus
2561 3875 2848 3929 eximeret?
2868 3889 3045 3928 annon
3074 3874 3328 3943 plurimas
3349 3874 3526 3942 plagas

1944 3967 2021 4023 illi
2045 3969 2336 4036 incuteres,
2355 3968 2505 4038 quasi
2533 3977 2777 4023 extrema
2801 3967 2994 4037 injuria
3012 3967 3077 4022 ab
3097 3981 3162 4020 eo
3183 3964 3441 4022 affectus?
3466 3980 3527 4019 ac

1946 4060 2136 4115 merito
2162 4060 2395 4130 quidem.

2020 4151 2224 4216 Quanta
2267 4167 2455 4205 merces
2494 4148 3186 4204 reconciliationis.—Deus
3237 4148 3397 4203 etiam
3451 4146 3529 4201 id-

1947 4246 2119 4314 ipsum
2142 4244 2297 4300 faciet
2321 4263 2334 4299 :
2358 4245 2499 4299 dicet
2516 4243 2659 4298 enim
2684 4242 2776 4297 tibi
2805 4244 2856 4296 in
2883 4243 2969 4297 illa
2986 4242 3095 4307 die,
3111 4242 3355 4311 Improbe
3376 4255 3529 4296 serve

1947 4348 2003 4393 et
2032 4352 2284 4407 perquam
2320 4336 2578 4391 scelerate
2598 4377 2612 4401 ,
2646 4351 2750 4389 non
2781 4334 2848 4389 de
2876 4344 2968 4389 tuo
2993 4334 3068 4387 illi
3096 4333 3412 4398 remisisses;
3436 4332 3530 4386 sed

1948 4429 2016 4485 de
2041 4444 2181 4494 meo,
2205 4427 2343 4497 quod
2376 4436 2430 4481 tu
2454 4426 2585 4480 mihi
2614 4425 2846 4482 debebas
2865 4466 2880 4490 ,
2907 4425 3089 4495 jussus
3112 4441 3169 4478 es
3198 4424 3273 4477 illi
3300 4439 3374 4477 tes
3398 4424 3530 4477 alie-

1949 4537 2075 4576 nttm
2107 4520 2345 4575 relaxare
2375 4537 2388 4574 :
2419 4518 2633 4573 Dimitte
2654 4518 2797 4573 enim
2816 4559 2830 4582 ,
2862 4517 3069 4585 inquit,
3093 4524 3147 4571 et
3177 4515 3387 4570 dimitto
3413 4515 3529 4569 tibi.

1951 4613 2110 4683 Atqui
2131 4611 2177 4666 si
2203 4626 2376 4680 neque
2397 4610 2527 4665 illud
2555 4609 2899 4675 addidissem,
2923 4607 3192 4663 dimittere
3211 4607 3529 4676 oportebat,

1953 4713 2009 4757 ut
2032 4701 2403 4772 obsequereris
2429 4700 2667 4767 domino;
2700 4714 2842 4754 nunc
2867 4707 3046 4753 autem
3077 4712 3181 4752 non
3206 4707 3263 4752 ut
3286 4696 3532 4751 dominus

1952 4795 2227 4865 imperavi,
2251 4792 2345 4848 sed
2370 4800 2430 4847 ιιι
2454 4792 2521 4846 ab
2539 4792 2712 4847 amico
2733 4790 3047 4846 beneﬁcium
3077 4788 3355 4860 postulavi,
3376 4787 3535 4857 idque

1954 4907 2018 4947 ex
2046 4905 2187 4956 meo,
2219 4900 2273 4945 et
2295 4888 2495 4959 majora
2525 4902 2611 4942 me
2639 4886 3019 4941 redouaturum
3049 4884 3307 4954 sp0pondi
3336 4901 3347 4933 :
3376 4894 3536 4937 crete-

1954 4999 2070 5037 rum
2094 4998 2161 5036 ne
2189 4982 2261 5036 ita
2286 4980 2497 5050 quidem
2525 4979 2715 5034 melior
2737 4980 2902 5033 factus
2931 4987 3032 5033 est.
3078 4978 3331 5032 Homines
3357 4986 3534 5030 autem

1955 5091 2076 5130 cum
2111 5074 2237 5129 talia
2267 5074 2504 5153 faciunt,
2538 5082 2741 5127 tantum
2792 5072 2966 5127 servis
3004 5072 3117 5126 suis
3142 5080 3419 5140 acceptum
3468 5072 3539 5123 fe-

1956 5175 2082 5222 runt
2108 5210 2122 5234 ,
2148 5175 2402 5237 quantum
2431 5167 2603 5235 ipsum
2632 5164 2871 5220 debitum
2901 5162 3000 5217 fuit
3030 5182 3042 5218 :
3071 5163 3299 5231 exempli
3331 5175 3490 5215 causa
3524 5201 3537 5222 ,

1956 5258 2141 5313 debuit
2170 5260 2299 5312 hero
2326 5272 2513 5312 servus
2541 5266 2751 5311 centum
2780 5270 2969 5310 aureos
2990 5296 3004 5320 ,
3038 5254 3160 5307 huic
3184 5252 3416 5307 vicissim
3447 5250 3539 5304 de-

1958 5351 2098 5405 bitor
2125 5350 2311 5404 decem
2339 5364 2621 5403 aureorum
2646 5348 2743 5402 fuit
2772 5366 2783 5401 :
2819 5349 2862 5401 si
2894 5347 2991 5417 ipsi
3018 5345 3253 5401 debitum
3284 5342 3537 5405 remittat,

1961 5460 2063 5497 non
2087 5451 2297 5497 centum
2315 5456 2505 5496 aureos
2529 5441 2750 5497 remittit
2775 5439 2953 5503 herus,
2978 5438 3071 5491 sed
3096 5437 3279 5491 decem
3313 5444 3536 5497 tantum,

1960 5544 2289 5604 cmterosque
2325 5549 2511 5588 omnes
2553 5534 2764 5603 repetit.
2796 5532 2936 5586 Deus
2960 5544 3088 5584 vero
3117 5544 3222 5582 non
3246 5528 3413 5592 item;
3448 5527 3539 5581 sed

1963 5628 2004 5679 si
2059 5642 2220 5695 pauca
2265 5626 2535 5681 condones
2574 5636 2666 5679 tuo
2706 5639 3004 5688 conservo,
3038 5620 3215 5675 omnia
3256 5619 3347 5673 tibi
3386 5619 3437 5672 in
3472 5628 3541 5672 to-

2027 5762 2043 5791 ¹
2078 5760 2220 5809 Savil.
2246 5769 2296 5809 et
2317 5759 2496 5822 aliquot
2518 5761 2681 5817 Codd.,
2699 5765 2741 5809 et
2759 5758 2876 5809 nihil
2894 5756 2978 5822 tibi
2993 5755 3181 5819 reliquit
3197 5755 3385 5822 cumino
3410 5755 3538 5805 laxi-

1970 5821 2019 5875 lt't'
2044 5823 2254 5881 lttmttmi,
2283 5838 2381 5886 jro,
2402 5817 2527 5874 nihil
2549 5824 2736 5873 omnino
2760 5817 3130 5885 improbitatis...
3158 5817 3364 5881 reliquit.
