4046 6396
563 323 665 378 207

563 445 694 492 tum.
724 437 876 498 Unde
923 443 973 498 id
1016 444 1213 514 liquet?
1237 444 1315 500 Ex
1356 448 1465 517 ipsa
1507 465 1830 518 precatione.
1882 454 1942 506 Si
1983 451 2135 517 enim,

563 529 753 600 inquit,
779 533 1066 589 remisen'tis
1109 536 1392 592 hominibus
1435 557 1529 594 sua
1574 542 1738 595 debita
1762 580 1777 606 ,
1809 544 1958 594 etiam
1987 540 2147 595 Pater

562 630 723 677 vester
742 623 951 680 calcatis
971 627 1185 682 remittet
1200 628 1337 682 vobis
1357 630 1520 684 debita
1537 642 1697 686 vestra
1722 631 1930 702 (Matth.
1955 631 2005 686 6.
2033 630 2143 703 14).

562 713 828 782 Quantum
850 727 1026 774 autem
1049 722 1388 777 intervallum
1421 725 1558 778 inter
1581 735 1792 780 centum
1818 724 2067 779 denarios
2095 733 2149 779 et

564 809 744 865 decies
767 811 914 866 mille
944 813 1140 868 talenta
1166 855 1181 879 ,
1212 823 1414 870 tantum
1441 832 1652 886 quoque
1680 817 1818 871 inter
1851 817 1935 870 illa
1967 823 2021 870 et
2047 815 2147 870 ista

561 898 759 955 debita.
790 901 902 967 Qua
930 903 1088 974 igitur
1116 919 1270 975 paena
1295 907 1487 977 dignus
1509 923 1612 962 non
1645 906 1827 970 fueris,
1851 907 1940 978 qui
1969 907 2147 961 decies

563 991 711 1047 mille
735 994 931 1049 talenta
973 1011 1070 1065 pro
1112 1007 1326 1053 centum
1365 1007 1702 1070 accepturus,
1729 1015 1796 1054 ne
1830 1001 1907 1054 sic
1931 999 2144 1070 quidem

562 1081 662 1138 ista
692 1085 947 1140 minutula
979 1089 1205 1143 remittis
1227 1132 1243 1157 ,
1273 1091 1366 1145 sed
1393 1099 1537 1146 tuam
1582 1091 1940 1161 precationem
1973 1091 2025 1145 in
2070 1100 2148 1148 leo

562 1177 846 1246 metipsum
865 1181 1167 1236 convertis?
1186 1181 1321 1237 Cum
1342 1184 1484 1238 enim
1511 1183 1731 1251 dixeris,
1753 1181 1964 1238 Dimitte
1982 1183 2144 1248 nobis,

561 1269 686 1320 sicut
711 1278 759 1322 et
783 1287 876 1324 nos
902 1271 1199 1328 dimittimus
1228 1273 1440 1344 (Matth.
1470 1275 1524 1331 6.
1555 1275 1665 1347 12),
1695 1275 1739 1330 si
1764 1285 1818 1329 tu
1841 1291 1946 1330 non
1968 1275 2147 1329 dimit-

565 1369 675 1426 tas,
699 1362 829 1417 nihil
859 1363 1001 1418 aliud
1033 1381 1061 1418 a
1093 1366 1203 1421 Deo
1227 1367 1464 1437 postulas
1485 1410 1501 1435 ,
1526 1383 1683 1438 quam
1712 1377 1770 1422 ut
1797 1377 1850 1423 te
1887 1368 2032 1422 omni
2054 1382 2149 1424 ex-

561 1456 856 1523 cusatione,
881 1459 1026 1513 omni
1051 1460 1203 1515 venia
1227 1460 1494 1515 excludat.
1517 1459 1804 1528 Caeterum,
1822 1461 2016 1532 inquis,
2041 1476 2144 1516 non

561 1546 733 1602 ausim
757 1547 956 1615 dicere,
983 1550 1195 1606 Dimitte
1215 1552 1368 1618 mihi,
1390 1553 1528 1607 sicut
1545 1552 1758 1607 dimitto
1775 1570 1788 1605 :
1807 1552 1901 1608 sed
1920 1561 2141 1617 tantum,

564 1637 780 1694 Dimitte
819 1641 968 1696 mihi.
997 1641 1131 1710 Quid
1181 1651 1290 1697 tum
1328 1643 1466 1698 hoc?
1495 1644 1654 1700 etiam
1694 1644 1741 1698 si
1768 1653 1823 1698 tu
1859 1645 1974 1715 ipse
2013 1643 2146 1700 illud

562 1745 669 1785 non
698 1733 846 1788 dicas
871 1776 884 1796 ,
919 1735 1058 1790 Deus
1088 1746 1264 1791 tamen
1310 1737 1380 1791 ita
1413 1737 1572 1805 facit,
1604 1747 1660 1793 et
1694 1738 2143 1808 quemadmodum

561 1823 817 1892 dimittis,
842 1827 910 1879 ita
953 1827 1190 1883 dimittit.
1233 1829 1364 1884 Nam
1405 1831 1533 1885 illud
1560 1846 1625 1886 ex
1652 1832 1998 1902 sequentibus
2027 1847 2146 1903 quae

562 1928 746 1986 posma
792 1920 1025 1986 inducit,
1054 1922 1260 1976 clarum
1308 1923 1431 1978 facit
1460 1942 1473 1976 :
1506 1923 1568 1978 Si
1612 1926 1744 1978 enim
1765 1968 1780 1992 ,
1815 1926 1985 1996 inquit
2005 1967 2020 1988 .
2043 1942 2146 1980 non

559 2012 850 2066 remiseritis
891 2013 1214 2081 hominibus,
1243 2032 1402 2085 neque
1431 2014 1589 2071 Pater
1625 2028 1784 2072 vester
1821 2018 2034 2074 ctelestis
2066 2036 2147 2073 re-

560 2104 720 2157 mittet
744 2105 881 2159 vobis
910 2107 929 2173 (
958 2104 1094 2160 Ibid.
1128 2122 1176 2160 Ï….
1211 2108 1279 2163 15
1301 2109 1342 2176 ).
1369 2107 1448 2163 Ne
1477 2109 1635 2180 igitur
1661 2111 1923 2164 cautelam
1953 2118 2106 2179 putes
2127 2152 2142 2176 ,

545 2196 604 2250 'si
635 2210 741 2250 non
771 2205 935 2250 totam
962 2198 1260 2254 orationem
1289 2198 1529 2267 proferas
1553 2241 1567 2266 ,
1597 2216 1770 2269 neque
1812 2200 2144 2256 dimidiatam

561 2290 922 2357 precationem
951 2290 1112 2345 facias
1131 2333 1146 2356 ,
1173 2292 1267 2346 sed
1306 2301 1462 2361 prout
1484 2292 1710 2347 instituit
1735 2334 1750 2360 ,
1782 2293 1854 2348 ita
1885 2309 2104 2363 precare
2125 2334 2141 2360 ,

559 2388 620 2434 ut
661 2383 953 2436 necessitas
997 2383 1247 2439 dictionis
1273 2384 1510 2455 quotidie
1535 2393 1811 2440 exterrens
1853 2386 2146 2456 compellat

560 2479 614 2525 te
643 2471 709 2526 ad
738 2473 982 2541 proximo
1011 2475 1217 2533 veniam
1246 2475 1673 2531 condonandam.
1705 2476 1784 2532 Ne
1815 2477 1944 2531 mihi
1971 2477 2140 2545 dicas,

558 2561 881 2633 Compellavi
900 2606 916 2630 ,
945 2581 1087 2634 saepe
1117 2566 1319 2636 rogavi,
1347 2568 1637 2637 supplicavi
1658 2610 1672 2633 ,
1705 2567 1803 2623 sed
1827 2569 2142 2624 reconcilia-

561 2653 759 2710 tionem
781 2655 1070 2724 impetrare
1108 2671 1212 2710 non
1241 2658 1383 2727 potui
1401 2673 1510 2722 ;.ne
1535 2660 1680 2728 prius
1703 2659 1951 2727 absistas,
1983 2675 2141 2732 quam

560 2746 942 2802 reconcilieris.
985 2747 1098 2802 Non
1130 2749 1271 2802 enim
1297 2749 1466 2816 dixit,
1499 2749 1715 2804 Dimitte
1756 2751 1859 2806 hoc
1899 2751 2101 2807 donum
2121 2794 2140 2821 ,

558 2849 618 2893 et
643 2840 730 2893 abi
760 2841 1112 2909 supplicatum
1141 2840 1287 2895 fratri
1317 2852 1410 2897 tuo
1431 2883 1444 2907 ,
1469 2842 1564 2898 sed
1585 2884 1600 2906 ,
1638 2841 1798 2911 Vade,
1819 2845 2144 2899 reconciliare

560 2928 772 2996 (Matth.
805 2931 858 2986 5.
885 2931 976 3002 24)
1009 2949 1023 2986 :
1052 2932 1401 3002 quamobrem
1433 2933 1533 2989 etsi
1554 2935 1775 2990 multam
1804 2935 2143 3006 supplicatio-

560 3037 682 3076 nem
708 3022 1035 3089 adhibueris,
1061 3040 1127 3079 ne
1153 3025 1300 3094 prius
1321 3025 1559 3092 desinas,
1585 3042 1742 3096 quam
1774 3029 2128 3096 persuaseris.

560 3116 700 3171 Deus
725 3132 822 3187 per
845 3118 1080 3188 singulos
1106 3117 1221 3173 dies
1248 3133 1278 3171 a
1307 3119 1460 3174 nobis
1489 3118 1716 3190 flagitat,
1744 3129 1798 3176 et
1844 3136 1952 3176 non
1990 3121 2143 3176 audi-

562 3223 701 3274 mus,
729 3225 830 3265 nec
852 3220 1026 3265 tamen
1053 3227 1083 3266 a
1103 3210 1428 3282 flagitatione
1453 3213 1690 3279 desistit,
1712 3223 1765 3268 et
1785 3222 1841 3268 tu
1867 3229 1897 3269 a
1919 3229 2140 3271 conser-

557 3315 627 3355 vo
669 3301 974 3371 dedignaris
1011 3301 1295 3372 flagitare?
1321 3304 1418 3370 Qui
1443 3346 1458 3370 ,
1483 3319 1664 3374 quaeso
1687 3347 1703 3373 ,
1727 3307 1932 3375 poteris
1961 3306 2140 3361 salvus

559 3391 719 3446 esse?
747 3393 906 3462 Atqui
935 3407 1076 3464 serpe
1113 3395 1349 3464 rogasti,
1379 3405 1433 3450 et
1465 3411 1608 3466 saepe
1636 3397 1881 3466 repulsus
1914 3413 2012 3465 es;
2043 3397 2137 3454 sed

557 3492 707 3537 tante
740 3483 995 3554 majorem
1038 3485 1335 3541 mercedem
1362 3487 1611 3557 accipies.
1651 3487 1784 3542 Nam
1810 3499 2008 3559 quanto
2053 3491 2140 3546 ille

557 3574 908 3643 pervicacium,
931 3584 984 3629 et
1011 3575 1137 3629 tuin
1162 3577 1497 3632 sollicitando
1517 3581 1962 3647 perseverantior,
1990 3589 2137 3635 tanto

557 3666 611 3718 in
658 3665 831 3734 majus
876 3677 961 3722 tua
1011 3668 1292 3723 retributio
1341 3671 1635 3736 accrescit;
1681 3685 1894 3726 rursum
1938 3683 2138 3743 quanto

555 3770 678 3810 cum
705 3756 913 3826 majore
937 3756 1249 3814 difï¬cultate
1275 3761 1376 3814 hoc
1399 3775 1532 3830 opus
1552 3762 1762 3816 virtutis
1785 3764 1989 3833 exples,
2013 3779 2136 3834 gra-

560 3847 782 3916 viusque
809 3849 1172 3905 reconciliatio
1199 3851 1543 3920 instauratur,
1576 3861 1721 3908 tanto
1745 3862 1799 3908 et
1820 3855 1958 3909 illius
1997 3855 2137 3924 judi-

557 3938 698 3992 cium
735 3939 908 4009 majus
937 3941 1059 4006 erit,
1082 3951 1137 3997 et
1161 3941 1554 4012 Splendidiores
1582 3955 1684 3999 tute
1726 3946 2020 4002 tolerantiae
2046 3963 2137 4003 co-

558 4045 727 4087 ronae.
756 4030 870 4086 Non
903 4031 1163 4088 laudanda
1190 4033 1289 4088 ista
1332 4035 1506 4089 solum
1527 4077 1542 4102 ,
1567 4036 1662 4091 sed
1698 4036 1850 4093 factis
1880 4038 2137 4094 exhiben-

555 4121 626 4176 da
647 4161 662 4186 ,
690 4136 788 4176 nec
817 4123 962 4192 prius
989 4123 1341 4180 abscedamus
1360 4167 1377 4193 ,
1405 4143 1562 4195 quam
1596 4127 1663 4182 ad
1688 4139 1919 4185 veterem
1951 4131 2136 4186 amici-

558 4217 684 4270 tiam
723 4218 927 4272 reversi
967 4218 1242 4273 fuerimus.
1270 4219 1387 4274 Non
1413 4221 1553 4274 enim
1581 4220 1817 4288 sufficit,
1841 4223 1981 4293 quod
2027 4241 2132 4279 non

556 4308 722 4374 laedis,
746 4309 889 4380 quod
911 4310 1050 4365 nulla
1082 4311 1273 4380 injuria
1296 4311 1464 4368 amcis
1481 4313 1776 4383 inimicum,
1795 4317 2004 4388 etquod
2026 4334 2131 4374 non

553 4400 843 4470 malignum
890 4401 1127 4456 animum
1155 4401 1410 4457 adversus
1443 4418 1565 4458 eum
1595 4406 1738 4474 geris
1761 4446 1775 4469 ,
1805 4408 1900 4462 sed
1925 4409 2134 4464 eniten-

553 4491 679 4546 dum
705 4502 788 4548 est
815 4504 874 4548 ut
897 4494 1012 4564 ipse
1039 4509 1253 4566 quoque
1276 4510 1399 4566 erga
1427 4510 1526 4551 nos
1553 4496 1870 4554 benevolum
1895 4501 2129 4557 animum

554 4583 759 4640 induat.

623 4677 680 4735 7.
717 4675 909 4732 Multos
935 4678 1076 4732 enim
1103 4678 1260 4733 audio
1283 4678 1519 4734 dicentes
1544 4696 1560 4734 :
1593 4681 1706 4752 Ego
1733 4682 1864 4737 nihil
1895 4684 2133 4742 infensus

553 4784 692 4833 sum,
725 4769 850 4824 nihil
881 4770 1055 4836 doleo,
1090 4787 1262 4840 neque
1285 4773 1572 4844 quidquam
1596 4789 1882 4832 commune
1899 4795 2018 4833 cum
2041 4780 2132 4835 illo

551 4859 744 4916 habeo.
769 4859 966 4916 Verum
996 4878 1101 4917 non
1143 4863 1194 4917 id
1235 4877 1269 4917 a
1311 4864 1422 4918 Deo
1451 4877 1770 4935 praeceptum
1797 4878 1962 4923 estut
2003 4871 2131 4925 nihil

550 4965 670 5005 cum
711 4965 778 5008 eo
818 4951 1013 5008 habeas
1040 4968 1343 5021 commune,
1365 4956 1458 5010 sed
1487 4966 1547 5012 ut
1570 4958 1734 5012 multa
1765 4958 1960 5014 habeas
1985 4977 2134 5015 com-

551 5043 748 5097 munia.
781 5043 892 5099 liae
932 5046 1071 5098 enim
1100 5047 1165 5100 de
1193 5063 1352 5104 causa
1395 5048 1559 5105 frater
1583 5061 1665 5105 est
1694 5061 1814 5106 tuus
1856 5071 1869 5105 :
1922 5053 2024 5109 hac
2065 5056 2132 5111 de

550 5150 705 5190 causa
747 5149 849 5189 uon
875 5136 1048 5190 dixit:
1092 5138 1324 5194 Remitte
1367 5141 1516 5196 fratri
1558 5151 1684 5208 tuo,
1733 5159 1852 5212 qua:
1879 5145 2132 5202 adversus

547 5244 671 5282 cum
715 5229 907 5292 habes;
955 5230 1069 5302 sed,
1097 5231 1221 5297 Abi,
1268 5242 1318 5288 et
1360 5252 1476 5288 cum
1516 5251 1574 5290 eo
1616 5238 1757 5307 prius
1797 5239 2132 5296 reconcilieris

548 5318 760 5384 (Matth.
788 5321 842 5376 5.
862 5321 934 5376 26
958 5321 1013 5395 )Í¾
1041 5325 1160 5379 etsi
1188 5326 1275 5380 ille
1304 5327 1504 5397 aliquid
1532 5328 1690 5383 habet
1713 5330 1995 5386 adversum
2036 5341 2087 5388 te
2111 5375 2125 5396 ,

545 5427 616 5466 ne
663 5414 808 5478 prius
841 5411 1106 5483 inceptum
1161 5417 1395 5482 omittas,
1439 5434 1596 5488 quam
1644 5421 1941 5477 membrum
2000 5425 2129 5481 illud

544 5503 827 5558 concordia
866 5505 1111 5574 junctum
1138 5507 1420 5563 coalescat.
1452 5510 1529 5564 Tu
1557 5521 1732 5566 autem
1765 5524 1820 5567 ut
1849 5513 1980 5585 frugi
2010 5532 2131 5570 ser-

545 5609 669 5649 vum
699 5610 998 5666 compares,
1029 5607 1085 5652 et
1104 5613 1289 5654 aurum
1317 5615 1622 5667 enumeras,
1653 5615 1703 5658 et
1728 5621 1848 5660 cum
1870 5622 2131 5663 mercato-

546 5685 697 5744 ribus
719 5689 898 5743 multis
928 5690 1087 5745 verba
1117 5689 1265 5756 facis,
1287 5701 1340 5746 et
1364 5693 1574 5763 longam
1602 5696 1864 5751 interdum
1887 5700 2127 5771 peregri-

546 5778 812 5839 nationem
834 5781 1086 5855 suscipis;
1109 5791 1167 5839 ut
1191 5792 1368 5845 autem
1397 5784 1666 5850 inimicum
1693 5790 1920 5848 amicum
1940 5793 2118 5861 facias,

1267 336 1328 390 S.
1365 332 1639 391 JOANNTS
1677 333 2151 392 CHRYSOSTOMI
2191 335 2510 394 ARCHIEP.
2549 340 3086 400 CONSTANTINOP.

3722 345 3821 401 203

2253 466 2360 506 non
2384 455 2558 508 omnia
2591 471 2773 512 moves
2797 468 2848 512 et
2871 459 3004 529 agis,
3035 456 3298 528 responde
3327 457 3499 512 mihi?
3523 457 3588 511 At
3615 473 3827 529 quomo-

2251 542 2322 597 do
2351 549 2546 613 poteris
2579 547 2744 601 Deum
2775 549 2826 602 in
2871 550 3117 620 precibus
3147 551 3422 616 invocare,
3465 565 3583 605 cum
3611 550 3724 620 ejus
3750 551 3826 606 le-

2252 651 2369 704 gem
2402 644 2679 706 tantopere
2707 640 2977 711 negligas?
2996 641 3202 697 Servuli
3222 641 3486 709 possessio
3516 656 3620 695 non
3646 656 3829 711 magna

2252 728 2603 784 emolumenta
2642 730 2833 787 afferre
2871 740 3076 802 potest;
3119 733 3363 787 inimicus
3406 743 3588 787 contra
3634 732 3832 786 amicus

2253 816 2442 885 factus,
2473 827 2530 874 et
2553 820 2718 875 Deum
2753 822 2906 878 nobis
2939 824 3223 894 prepitium
3249 831 3306 878 et
3331 825 3732 879 benevolentem
3759 824 3831 878 fa-

2251 907 2379 976 ciet,
2404 919 2457 965 et
2485 910 2639 967 facile
2666 923 2844 969 nostra
2874 925 3089 986 peccata
3117 917 3382 982 resolvet,
3419 924 3472 972 et
3497 917 3635 972 inter
3660 915 3832 971 homi-

2253 1014 2346 1052 nes
2367 1001 2600 1071 laudem,
2624 1013 2678 1058 et
2703 1007 2823 1059 vitae
2849 1016 3044 1060 nostra:
3069 1022 3311 1078 magnam
3347 1009 3681 1064 securitatem
3706 1022 3835 1062 eon-

2251 1093 2484 1148 ciliabitâ€˜
2509 1112 2523 1148 :
2551 1097 2681 1151 nihil
2710 1099 2851 1152 enim
2879 1100 3227 1168 periculosius
3254 1115 3412 1171 quam
3438 1100 3518 1155 vel
3541 1115 3705 1154 unum
3733 1097 3832 1152 ba-

2252 1182 2378 1238 bere
2401 1184 2693 1242 inimicum.
2714 1188 2846 1243 Nam
2866 1199 2921 1244 et
2945 1189 3082 1246 fama
3105 1191 3224 1246 vita:
3249 1199 3446 1247 nostrae
3462 1190 3688 1258 laeditur,
3711 1203 3833 1244 cum

2252 1273 2344 1328 ille
2373 1277 2566 1332 millies
2593 1293 2690 1334 nos
2727 1280 2864 1348 apud
2893 1296 3079 1336 omnes
3107 1281 3435 1346 criminatur,
3464 1290 3519 1337 et
3543 1296 3694 1336 mens
3735 1295 3833 1334 no-

2251 1375 2358 1419 stra
2377 1367 2617 1422 turbatur
2636 1380 2688 1424 et
2708 1372 3051 1436 conscientia,
3075 1381 3130 1426 et
3151 1382 3515 1442 tempestatem
3532 1373 3833 1428 continuam

2252 1455 2307 1510 in
2331 1458 2523 1513 animis
2547 1461 2887 1517 sustinemus.
2910 1462 3042 1528 Quae
3062 1464 3236 1519 omnia
3259 1480 3381 1519 cum
3401 1464 3610 1535 cognita
3639 1462 3836 1518 habea-

2250 1564 2386 1616 mus,
2413 1551 2698 1609 liberemus
2727 1571 2823 1610 nos
2849 1556 2992 1625 ipsos
3017 1571 3046 1609 a
3069 1571 3225 1626 penna
3242 1567 3296 1612 et
3318 1556 3600 1627 supplicio,
3624 1567 3678 1612 et
3700 1571 3832 1627 prat-

2250 1656 2375 1698 sens
2405 1642 2594 1698 festum
2626 1645 2700 1716 (a)
2725 1662 2845 1701 cum
2875 1648 3120 1703 omnibus
3145 1649 3254 1718 jam
3293 1648 3447 1704 dictis
3468 1663 3832 1713 revereamur,

2248 1743 2304 1788 et
2331 1735 2472 1803 quod
2503 1736 2644 1791 illius
2670 1739 2836 1808 gratia
2866 1738 2934 1793 ab
2959 1739 3284 1810 lmperatore
3315 1748 3561 1810 optamus
3588 1738 3831 1808 adipisci,

2250 1825 2301 1879 id
2329 1827 2489 1882 etiam
2521 1827 2640 1882 aliis
2667 1830 3042 1886 concedamus.
3068 1831 3198 1885 Nam
3221 1846 3286 1886 ex
3316 1831 3494 1886 multis
3523 1831 3700 1897 audio,
3734 1829 3835 1884 lm-

2251 1927 2547 1986 peratorem
2600 1920 2847 1989 paschale
2893 1920 3084 1977 festum
3130 1923 3456 1991 reveritum,
3485 1922 3752 1978 civitatem
3780 1925 3832 1977 in

2247 2011 2470 2080 gratiam
2499 2022 2858 2082 recepturum,
2889 2029 3183 2085 omnesque
3201 2014 3434 2070 offensas
3461 2015 3832 2070 remissurum.

2247 2101 2367 2169 Qui,
2397 2118 2599 2174 qumso,
2645 2105 2804 2175 igitur
2833 2121 2935 2160 non
2978 2107 3245 2176 iniquum,
3287 2115 3347 2161 ut
3370 2107 3437 2161 ab
3463 2107 3580 2162 aliis
3607 2107 3834 2163 salutem

2247 2207 2576 2264 consequare
2598 2237 2615 2264 ,
2644 2199 2998 2253 reverentiam
3042 2199 3178 2254 velle
3217 2213 3336 2254 esse
3385 2198 3520 2254 festo
3547 2200 3784 2270 paschali
3816 2219 3830 2253 :

2247 2287 2336 2342 ubi
2363 2297 2540 2343 autem
2580 2290 2698 2345 aliis
2735 2291 2986 2360 jubemur
3027 2293 3393 2360 reconciliari,
3437 2293 3648 2348 easdem
3674 2293 3835 2348 ferias

2247 2380 2377 2435 nihil
2405 2396 2613 2447 curare,
2642 2392 2696 2438 et
2725 2384 2869 2439 nullo
2893 2385 2946 2439 in
2980 2385 3184 2440 honore
3223 2385 3455 2440 habere?
3483 2385 3663 2442 Nullus
3687 2387 3832 2441 enim

2248 2481 2523 2546 tant0pere
2559 2476 2886 2529 contaminat
2919 2489 3130 2530 sacrum
3161 2475 3316 2531 istum
3347 2476 3647 2545 paschalem
3704 2492 3833 2532 con-

2247 2573 2492 2627 ventum,
2520 2579 2676 2634 quam
2717 2565 2806 2620 ille
2845 2567 2932 2635 qui
2961 2580 3083 2620 eum
3109 2581 3230 2621 cum
3257 2567 3527 2621 simultate
3564 2567 3830 2630 celebrat,

2247 2655 2355 2710 imo
2382 2671 2448 2709 ne
2469 2655 2738 2711 celebrare
2760 2657 2972 2726 quidem
3000 2667 3196 2726 potest,
3224 2659 3466 2728 quamvis
3493 2659 3676 2713 decem
3702 2672 3834 2713 con-

2248 2747 2423 2801 tinuos
2450 2747 2564 2801 dies
2592 2746 2661 2801 ab
2681 2747 2827 2801 omni
2849 2747 2968 2803 cibo
2993 2749 3273 2803 abstineat.
3309 2748 3443 2804 Nam
3489 2749 3574 2803 ubi
3605 2749 3833 2804 inimici-

2247 2840 2334 2894 tia:
2363 2849 2417 2895 et
2445 2840 2623 2895 odium
2643 2882 2657 2906 ,
2695 2840 2769 2895 ibi
2799 2856 2971 2911 neque
3003 2841 3263 2912 jejunium
3293 2857 3464 2912 neque
3488 2841 3681 2896 festum
3709 2857 3834 2897 esse

2245 2941 2439 3001 potest.
2467 2931 2581 2987 Non
2606 2932 2768 2988 audes
2794 2933 2954 2988 illotis
2974 2933 3215 2987 manibus
3235 2948 3440 2988 sacram
3465 2933 3732 2988 victimant
3753 2942 3834 2987 at-

2247 3033 2506 3091 trectare,
2544 3025 2704 3079 etiam
2744 3027 2786 3079 si
2816 3027 2961 3080 mille
2987 3025 3388 3080 necessitatibus
3428 3025 3682 3095 premaris
3715 3040 3733 3077 :
3764 3039 3832 3078 ne

2246 3116 2404 3185 igitur
2429 3116 2574 3170 illota
2596 3115 2819 3171 accedas
2846 3117 3020 3171 anima
3055 3133 3068 3169 :
3104 3115 3205 3170 hoc
3226 3115 3366 3170 enim
3391 3116 3554 3170 multo
3574 3131 3733 3185 quam
3762 3115 3829 3168 il-

2245 3205 2334 3260 lud
2362 3215 2444 3260 est
2466 3205 2696 3276 gravius,
2742 3215 2798 3261 et
2837 3205 3081 3261 acerbius
3107 3206 3418 3274 supplicium
3451 3206 3716 3275 importat.
3741 3205 3832 3260 Ni-

2245 3296 2316 3349 hil
2343 3295 2484 3350 enim
2507 3296 2578 3350 ita
2605 3294 2788 3365 implet
2814 3305 3051 3350 mentem
3063 3296 3327 3360 sordibus,
3352 3306 3407 3349 ut
3433 3297 3508 3349 ira
3542 3297 3678 3349 intus
3701 3311 3830 3364 pera

2242 3396 2402 3455 petuo
2424 3387 2740 3442 consistens.
2772 3385 2872 3442 Ubi
2898 3388 3043 3441 enim
3070 3385 3215 3441 furor
3239 3397 3321 3440 est
3354 3394 3407 3441 et
3435 3387 3509 3439 ira
3531 3427 3548 3452 ,
3577 3402 3644 3441 eo
3672 3388 3830 3456 Spiri.

2243 3488 2328 3532 tus
2358 3477 2775 3533 mansuetudinis
2804 3494 2907 3532 non
2934 3478 3162 3532 advolat.
3190 3478 3357 3532 Homo
3382 3487 3558 3532 autem
3585 3478 3827 3533 desertus

2241 3585 2272 3622 a
2298 3569 2495 3640 Spiritu
2521 3578 2726 3637 saneto,
2760 3584 2917 3639 quem
2949 3584 3098 3638 spem
3131 3570 3314 3624 salutis
3341 3569 3497 3623 habet
3525 3568 3827 3638 reliquam?

2241 3660 2455 3732 quando
2479 3669 2625 3716 recte
2654 3659 2898 3714 incedet?
2928 3658 3007 3714 Ne
3038 3659 3214 3729 igitur,
3247 3658 3454 3725 dilecte,
3487 3659 3612 3712 dum
3643 3659 3824 3713 ulcisci

2240 3751 2511 3806 inimicum
2553 3751 2632 3806 vis
2651 3791 2668 3819 ,
2698 3750 2928 3819 teipsum
2969 3750 3267 3822 praecipites
3289 3789 3304 3815 ,
3337 3759 3429 3802 aut
3457 3749 3550 3802 Dei
3579 3749 3824 3818 praesidio

2239 3844 2458 3914 spolies.
2487 3842 2713 3897 Maxime
2741 3858 2868 3897 vero
2889 3843 3031 3913 quia,
3062 3842 3269 3897 etiamsi
3295 3839 3524 3894 difficilis
3550 3856 3636 3895 res
3660 3850 3819 3904 esset,

2240 3935 2506 4007 supplicii,
2533 3935 2676 4006 quod
2703 3951 2768 3990 ex
2794 3936 3192 4006 inobsequentia
3233 3935 3481 4000 nascitur,
3516 3935 3822 4005 magnitudo

2239 4029 2367 4084 satis
2392 4036 2493 4093 est,
2517 4036 2574 4081 ut
2595 4027 2672 4081 vel
2700 4025 2987 4082 admodum
3026 4027 3272 4095 supinum
3300 4034 3355 4081 ct
3384 4026 3627 4096 ignavum
3657 4027 3822 4094 erigat

2238 4120 2538 4188 excitetque
2555 4119 2617 4172 ad
2639 4117 2880 4188 quemvis
2900 4117 3291 4187 suscipiendum
3314 4116 3548 4170 laborem
3569 4133 3586 4181 ;
3606 4126 3662 4170 at
3681 4131 3820 4169 nunc

2239 4210 2351 4280 ipsa
2380 4210 2550 4264 oratio
2576 4223 2817 4279 magnam
2839 4208 2996 4278 hujus
3017 4209 3209 4277 negotii
3233 4206 3465 4263 ostendit
3485 4205 3817 4271 facilitatem,

2237 4301 2281 4355 si
2321 4300 2482 4357 modo
2504 4301 2747 4358 velimus.
2776 4299 2856 4355 Ne
2882 4298 3040 4369 igitur
3067 4299 3389 4368 negligamus
3413 4307 3650 4352 nostram
3675 4297 3818 4367 ipso-

2236 4409 2352 4448 rum
2381 4393 2626 4458 salutcm,
2657 4391 2751 4447 sed
2777 4405 2993 4460 operam
3021 4389 3206 4445 demus
3233 4403 3294 4443 ac
3319 4389 3493 4442 omnia
3523 4385 3781 4442 faciamus
3799 4429 3816 4452 ,

2236 4493 2294 4538 ut
2325 4484 2439 4537 sine
2466 4481 2691 4536 inimicis
2717 4495 2882 4535 sacrm
2912 4495 3113 4536 mensa:
3154 4479 3481 4533 assistamus.
3508 4478 3654 4533 Nihil
3679 4479 3822 4533 enim

2238 4585 2620 4645 praeceptorum
2650 4572 2742 4627 Dei
2767 4571 2982 4626 difficile
3002 4572 3121 4634 erit,
3146 4572 3188 4625 si
3218 4581 3361 4625 recte
3385 4570 3816 4633 consideremus;

2236 4666 2394 4735 idque
2416 4675 2558 4734 patet
2583 4679 2648 4720 ex
2668 4664 2733 4719 iis
2759 4665 2845 4734 qui
2873 4664 3094 4718 feliciter
3113 4677 3170 4717 se
3185 4661 3292 4732 jam
3320 4663 3372 4716 in
3395 4661 3498 4715 illis
3517 4673 3815 4731 gesserunt.

2235 4760 2374 4828 Quot
2408 4759 2549 4812 enim
2584 4757 2796 4827 jurandi
2833 4755 3212 4811 consuetudine
3237 4754 3654 4823 abripiebantur,
3684 4764 3740 4809 et
3761 4771 3818 4808 se

2238 4853 2287 4907 id
2318 4852 2427 4906 vitii
2458 4850 2743 4906 emendare
2781 4849 2865 4903 vix
2897 4864 3055 4918 posse
3091 4847 3410 4904 censebant?
3449 4847 3696 4901 Attamen
3727 4863 3818 4916 per

2238 4946 2328 5000 Dei
2351 4945 2596 5015 gratiam,
2629 4943 2714 4996 ubi
2738 4958 2899 5012 parva
2921 4957 2951 4995 a
2979 4942 3127 4996 vobis
3155 4940 3390 5000 adhibita
3419 4949 3501 4994 est
3520 4955 3669 5004 cura,
3701 4955 3816 4992 ma-

2231 5037 2402 5106 jorem
2446 5047 2644 5104 partem
2683 5034 2798 5102 ejus
2849 5032 3125 5102 pravitatis
3159 5032 3396 5086 abluistis
3429 5049 3442 5084 :
3471 5032 3824 5101 quamobrem

2235 5143 2330 5182 vos
2365 5127 2638 5191 adhortor,
2670 5135 2726 5180 ut
2751 5125 2999 5194 reliquias
3026 5139 3236 5193 quoque
3262 5122 3539 5191 deponatis
3559 5165 3573 5187 ,
3596 5122 3816 5191 aliisque

2236 5222 2516 5292 magistros
2536 5233 2630 5274 vos
2659 5217 2973 5274 exhibeatis.
3001 5217 3069 5275 lis
3098 5231 3244 5282 vero,
3267 5217 3354 5285 qui
3383 5215 3618 5269 nondum
3652 5214 3699 5269 id
3727 5230 3815 5269 as-

2235 5312 2440 5380 sequuti
2484 5321 2639 5372 sunt,
2685 5309 2777 5362 sed
2818 5309 3030 5374 longum
3072 5306 3222 5360 nobis
3253 5316 3458 5376 tempus
3497 5316 3814 5374 prietexunt,

2234 5419 2339 5474 quo
2366 5413 2520 5456 antea
2550 5401 2863 5456 soliticrant
2886 5399 3180 5468 juramcnta
3204 5413 3477 5466 usurpare,
3504 5397 3813 5465 dicuntque,

2235 5493 2561 5564 impossibile
2582 5507 2700 5548 esse
2730 5493 2864 5552 intra
2888 5491 3047 5545 breve
3078 5501 3285 5559 tempus
3317 5489 3364 5543 id
3395 5490 3647 5554 avellere,
3673 5487 3813 5558 quod

2234 5606 2329 5661 per
2353 5589 2548 5644 multos
2573 5601 2739 5641 annos
2767 5585 2975 5640 radices
3009 5584 3137 5654 egit.
3181 5583 3541 5653 responderim
3569 5598 3688 5652 ego,
3723 5583 3818 5646 ubi

2229 5765 2234 5768 -
2300 5745 2313 5772 Â¹
2351 5748 2455 5790 sav.
2482 5740 2530 5788 in
2552 5752 2726 5801 marg,
2750 5750 2973 5801 magnam
2989 5735 3255 5801 (utilitatem;
3279 5733 3560 5801 conciliabit.

2297 5804 2370 5865 (a)
2405 5810 2513 5854 Hac
2527 5798 2722 5855 humilia
2737 5798 2852 5859 ante
2875 5800 3048 5851 Pascha
3068 5801 3180 5855 anni
3201 5798 3291 5848 587
3315 5799 3475 5851 habita
3497 5805 3601 5855 Ï‰Îµ
