4046 6396
434 323 527 378 2H
1137 321 1200 380 S.
1237 320 1515 380 JOANNIS
1551 318 2026 377 CHRYSOSTOMI
2063 317 2380 374 ARCHIEP.
2420 315 2948 374 CONSTANTINOP.

434 439 667 504 seipsum
694 407 1070 491 miserabiliter
1097 435 1336 491 deflevit.

500 527 552 582 9.
575 526 776 582 Horum
811 528 968 598 igitur
998 530 1234 583 omnium
1266 545 1487 589 memor,
1515 527 1784 604 compelle
1822 543 2013 596 quam-

433 620 660 685 primum
710 635 898 675 omnes
941 619 1010 674 ad
1051 620 1209 690 hujus
1259 621 1508 690 prurc‘cpti
1557 619 2012 688 adimpletionem.

436 707 618 779 Neque
641 711 771 766 mihi
799 710 966 778 dicas,
989 711 1249 767 Paulatim
1277 714 1328 768 id
1369 712 1578 778 faciam,
1607 722 1700 767 aut
1740 713 1792 766 in
1822 712 2014 768 crasti-

439 816 556 856 nam
580 803 750 858 lucem
779 802 994 858 differas
1023 822 1038 858 :
1066 821 1186 860 cras
1206 806 1348 860 enim
1379 805 1506 860 illud
1536 819 1824 874 numquam
1855 803 2013 858 tinem

439 893 678 962 accipiet.
706 894 1063 964 Quadraginta
1106 895 1222 950 dies
1256 897 1365 965 jam
1404 896 1809 966 praeterierunt:
1839 895 1884 949 si
1913 894 2016 948 Pa-

436 985 564 1039 scha
590 1001 801 1055 quoque
826 1001 1036 1041 sacrum
1060 987 1394 1056 praeterierit,
1419 986 1548 1041 nulli
1570 985 1681 1055 jam
1707 985 1902 1041 deinde
1921 999 2013 1038 ve-

432 1076 574 1130 niam
601 1076 758 1143 dabo,
815 1092 922 1132 non
946 1079 1385 1145 admonitionem,
1435 1079 1529 1134 sed
1577 1079 1681 1132 vim
1727 1078 1932 1146 imperii
1963 1085 2019 1132 et

436 1170 772 1224 severitatem
803 1185 909 1224 non
946 1171 1387 1226 contemnendam
1417 1170 1698 1225 adhibebo.
1732 1169 1847 1224 Non
1873 1170 2015 1224 enim

431 1258 603 1312 valida
625 1269 709 1314 est
735 1261 851 1314 haec
873 1260 1271 1315 consuetudinis
1297 1261 1588 1316 excusatio.
1617 1259 1726 1316 Cur
1754 1275 1857 1315 non
1883 1276 2017 1326 pra»

434 1349 604 1405 tendit
623 1347 708 1405 fur
734 1351 1192 1425 consuetudinem,
1237 1361 1292 1405 et
1333 1366 1364 1405 a
1411 1353 1672 1422 supplicio
1721 1351 2018 1405 liberatur?

431 1456 528 1495 cur
555 1458 659 1495 non
703 1442 842 1497 idem
871 1442 993 1498 facit
1023 1443 1283 1498 homicida
1320 1452 1374 1498 et
1413 1443 1666 1498 adulter?
1695 1443 1815 1498 Jam
1858 1443 2019 1512 igitur

431 1531 687 1586 denuntio
737 1543 790 1589 et
819 1543 1103 1597 protestor,
1131 1535 1174 1588 si
1206 1536 1516 1588 conveniam
1561 1534 1817 1604 singulos,
1848 1543 1902 1587 et
1926 1549 2018 1586 ex-

433 1643 766 1658 Μ

3588 315 3686 370 ω

2121 431 2476 500 perimentum
2502 445 2708 483 sumam
2735 429 2878 500 (nam
2907 428 3046 482 haud
3075 427 3236 484 dubie
3262 428 3526 498 sumam);
3557 431 3688 496 quod

2123 526 2168 579 si
2195 523 2587 594 deprehendam
2613 523 2818 593 aliquos
2866 522 2981 577 haec
3027 522 3152 576 vitia
3203 537 3309 576 non
3351 520 3642 576 correxisse
3670 561 3687 588 ,

2118 631 2330 687 pmnam
2367 615 2630 686 irrogabo,
2668 613 2896 679 edicam,
2926 622 2983 668 ut
3003 613 3132 668 foris
3153 621 3299 667 extra
3325 625 3480 666 sacra
3493 620 3692 682 myste-

2120 709 2196 762 ria
2220 708 2534 771 consistant,
2561 705 2720 776 idque
2743 719 2850 759 non
2878 719 2944 759 eo
2968 703 3147 757 animo
3174 711 3233 756 ut
3264 701 3393 756 foris
3430 710 3692 768 maneant,

2120 798 2212 854 sed
2241 809 2298 854 ut
2317 807 2598 868 postquam
2639 810 2698 852 se
2725 794 3141 856 emendaverint,
3173 794 3314 847 intus
3354 791 3555 862 recepti
3577 807 3694 846 cum

2120 905 2254 960 pura
2280 889 2604 944 conscientia
2649 901 2800 942 sacra
2825 901 3011 942 mensa
3060 885 3338 940 fruantur:
3365 883 3420 938 id
3445 884 3585 940 enim
3618 895 3697 938 est

2120 983 2509 1038 communionis
2530 982 2841 1052 participem
2868 980 3004 1036 ﬁeri.
3052 980 3249 1036 Precor
3271 989 3472 1046 autem,
3502 989 3559 1034 ut
3608 996 3699 1048 per

2129 1088 2318 1145 preces
2346 1085 2454 1128 tum
2481 1072 2788 1143 praesidum,
2843 1081 2953 1127 tum
2981 1081 3284 1127 sanctorum
3318 1071 3553 1126 omnium
3587 1070 3700 1125 hrcc

2122 1176 2178 1219 et
2197 1163 2299 1219 alia
2323 1165 2446 1219 vitia
2471 1163 2649 1219 omnia
2675 1163 3038 1228 emendantes,
3075 1176 3295 1232 regnum
3317 1163 3567 1217 caelorum
3588 1163 3698 1215 adi-

2123 1257 2412 1325 piscamur,
2462 1257 2633 1326 gratia
2669 1265 2731 1310 et
2757 1254 3083 1325 benignitate
3133 1253 3341 1308 Domini
3381 1254 3546 1308 nostri
3571 1253 3696 1308 Jesu

2124 1347 2344 1411 Christi,
2391 1364 2512 1403 cum
2546 1363 2652 1417 quo
2693 1347 2834 1401 Patri
2883 1361 3003 1401 cum
3042 1355 3228 1399 sancto
3255 1343 3451 1414 Spiritu
3490 1345 3654 1413 gloria
3681 1385 3695 1411 ,

2127 1439 2300 1494 honor
2326 1449 2382 1494 et
2404 1438 2666 1504 adoratio,
2691 1451 2831 1492 nunc
2859 1445 2913 1490 et
2940 1450 3174 1505 semper,
3200 1446 3254 1490 et
3297 1435 3348 1489 in
3375 1435 3567 1490 szecula
3598 1449 3698 1488 sae-

2127 1532 2391 1585 Culorum.
2425 1533 2615 1585 Amen.

434 1716 494 1762 IN
540 1717 818 1761 EPISCOPI
871 1719 1171 1762 FLAVIANI
1217 1719 1541 1772 REDITUM,
1588 1719 1668 1760 ET
1712 1718 1775 1759 IN
1821 1714 2244 1759 lMPEBATORIS
2290 1715 2420 1759 CUM
2463 1715 2760 1757 CIVITATE
2806 1713 3450 1768 RECONCILIATIONEM,
3624 1712 3701 1756 AD

1238 1817 1725 1861 PBEVARICATOS
1768 1817 1830 1859 IN
1876 1814 2256 1858 STATUARUM
2301 1785 2869 1857 ευΒνΕιιειοΝΕΜί.

1031 2064 1245 2102 ΗΟΠΙΜΛ
1288 2063 1398 2102 ιιι.

504 2163 556 2217 Ι.
592 2163 628 2217 Α
657 2162 819 2216 verbo
869 2177 898 2215 a
954 2177 1058 2230 quo
1102 2175 1314 2230 semper
1371 2159 1724 2227 periculorum
1773 2164 2015 2224 tempore

435 2253 577 2321 apud
621 2253 896 2307 caritatem
946 2263 1176 2305 vestram
1209 2249 1441 2304 exordiri
1492 2263 1894 2310 consueveram,
1949 2247 2017 2302 ab

437 2343 648 2407 eodem,
682 2342 918 2410 inquam,
953 2350 1006 2395 et
1034 2340 1194 2394 hodie
1231 2338 1369 2408 apud
1398 2353 1494 2393 vos
1537 2351 1838 2392 sermonem
1883 2336 2014 2390 inci-

436 2433 600 2502 piam,
643 2441 700 2486 et
750 2431 923 2487 dicam
973 2430 1294 2484 vobiscum:
1343 2428 1662 2484 Benedictus
1715 2427 1875 2493 Deus,
1926 2428 2014 2496 qui

437 2523 574 2578 hanc
601 2539 697 2578 nos
730 2522 1003 2577 vobiscum
1031 2537 1237 2578 sacram
1263 2520 1651 2575 solemnitatem
1681 2535 1800 2574 cum
1823 2518 2017 2590 gaudio

435 2624 489 2670 et
517 2615 696 2669 laetitia
723 2614 886 2668 multa
916 2613 1074 2668 hodie
1114 2613 1385 2668 celebrare
1423 2611 1669 2682 dignatus
1694 2619 1799 2678 est,
1841 2619 1896 2664 et
1928 2611 2017 2679 qui

437 2716 594 2775 caput
645 2707 855 2776 corpori
893 2705 1138 2770 reddidit,
1174 2714 1226 2758 et
1265 2714 1533 2776 pastorem
1571 2702 1780 2768 ovibus,
1814 2717 2015 2770 prisce-

441 2808 648 2867 ptorem
676 2797 971 2867 discipulis,
996 2797 1249 2851 militibus
1265 2795 1473 2859 ducem,
1493 2793 1856 2849 sacerdotibus
1887 2808 2019 2862 pon-

439 2889 653 2946 tificem.
685 2889 1002 2945 Benedictus
1037 2889 1176 2943 Deus
1199 2887 1288 2958 qui
1315 2902 1381 2943 ex
1416 2883 1863 2956 superabundanti
1902 2885 2019 2954 plus

438 2982 580 3045 facit,
630 2997 786 3051 quam
833 2981 1058 3051 petimus
1080 2987 1172 3034 aut
1199 2980 1496 3049 cogitamus
1540 2977 1760 3048 (Epiros.
1808 2977 1861 3031 ὅ.
1898 2976 2014 3046 20).

439 3070 603 3126 Nobis
629 3072 769 3126 enim
809 3072 1055 3131 sufficere
1078 3070 1356 3125 videbatur
1398 3067 1466 3122 ab
1509 3067 1826 3124 instantibus
1864 3067 2020 3121 malis

439 3164 649 3218 interim
697 3165 944 3228 liberari,
999 3172 1054 3218 et
1095 3179 1191 3233 pro
1235 3162 1337 3216 hoc
1386 3175 1598 3215 omnem
1645 3158 2020 3214 emittebamus

440 3255 882 3325 supplicationem
934 3257 1006 3322 ’;
1065 3254 1510 3312 clementissimus
1552 3261 1726 3306 autem
1780 3252 1920 3306 Deus
1967 3259 2021 3306 et

437 3349 593 3404 donis
638 3349 922 3415 petitiones
952 3357 1163 3403 nostras
1208 3362 1422 3416 semper
1450 3345 1617 3400 multo
1654 3356 1882 3399 excessu
1929 3357 2020 3396 su-

440 3456 656 3510 perans,
689 3441 848 3496 etiam
881 3450 1082 3510 patrem
1114 3439 1267 3494 nobis
1305 3437 1450 3492 omni
1497 3451 1594 3506 spe
1619 3435 1847 3490 celerius
1893 3433 2018 3489 red-

439 3531 592 3584 didit.
625 3530 753 3598 Quis
781 3532 920 3585 enim
961 3537 1323 3600 exspectasset
1365 3537 1473 3582 tam
1508 3526 1692 3596 paucis
1735 3525 1924 3581 diebus
1966 3533 2022 3580 et

439 3619 826 3694 profecturum,
854 3628 908 3674 et
947 3617 1322 3688 Imperatorem
1361 3617 1753 3686 alloquuturum
1779 3625 1833 3670 et
1877 3615 2020 3668 solu-

440 3721 617 3764 turum
647 3709 889 3773 adVersa,
929 3717 984 3764 et
998 3723 1206 3762 rursum
1235 3708 1302 3760 ad
1329 3722 1427 3761 nos
1451 3715 1558 3760 tam
1588 3705 1734 3760 brevi
1769 3719 2020 3760 reversu-

439 3815 557 3856 rum
587 3814 726 3864 esse,
757 3808 814 3852 ut
838 3814 1048 3853 sacrum
1073 3797 1274 3852 Pascha
1307 3806 1486 3866 posset
1514 3795 1809 3864 praevenire
1845 3803 1900 3849 et
1921 3810 2019 3849 no-

439 3893 645 3948 biscum
670 3892 983 3948 celebrare?
1009 3891 1112 3946 Sed
1140 3906 1227 3954 en,
1255 3891 1672 3960 inexspectatum
1694 3887 1796 3943 hoc
1823 3888 2020 3943 factum

439 3993 542 4047 est,
588 3994 638 4038 et
664 3993 868 4053 patrem
907 3983 1237 4052 recepimus,
1269 3991 1323 4037 et
1361 3981 1564 4052 majore
1604 3980 1833 4035 fruimur
1865 3980 2018 4034 volu-

441 4083 609 4144 ptate,
641 4076 810 4144 ipsum
837 4090 977 4130 nunc
1009 4083 1198 4144 praeter
1222 4089 1372 4144 spem
1394 4073 1751 4142 suscipiendo.
1784 4072 1892 4127 Pro
1915 4073 2018 4140 his,

441 4166 676 4235 inquam,
710 4167 953 4222 omnibus
980 4166 1398 4220 clementissimo
1415 4166 1525 4220 Deo
1548 4165 1749 4235 gratias
1777 4177 2016 4235 agamus,

441 4265 496 4311 et
523 4257 686 4327 ipsius
739 4257 1026 4326 potentiam
1074 4255 1420 4320 admiremur,
1451 4264 1505 4310 et
1543 4256 1924 4325 benignitatem
1966 4265 2022 4310 et

440 4349 756 4416 sapientiam
787 4356 841 4402 et
864 4362 1066 4412 curam,
1123 4362 1280 4417 quam
1309 4361 1404 4416 pro
1429 4347 1643 4400 civitate
1681 4346 1866 4416 gessit.
1897 4345 2022 4399 Dia-

440 4436 597 4492 bolus
643 4453 834 4508 nempe
895 4453 1108 4493 onmem
1163 4439 1330 4508 ipsam
1385 4453 1482 4508 per
1530 4437 1768 4492 facinora
1816 4446 2021 4507 patrata

441 4529 670 4583 obruere
695 4530 935 4592 tentavit,
967 4528 1107 4583 Deus
1138 4543 1267 4584 vero
1283 4529 1558 4582 civitatem
1591 4535 1646 4582 et
1691 4526 2021 4582 sacerdotem

437 4628 491 4674 et
517 4619 892 4688 Imperatorem
918 4635 1012 4689 per
1037 4619 1174 4674 hanc
1199 4618 1408 4673 ornavit
1431 4619 1805 4682 calamitatem,
1832 4627 1885 4673 et
1907 4633 2024 4673 om-

439 4726 537 4766 nes
582 4711 812 4766 reddidit
857 4712 1131 4767 clariores.
1190 4712 1390 4766 Civitas
1437 4727 1630 4781 nempe
1677 4710 2018 4780 splendorem

437 4811 722 4872 assequuta
757 4811 859 4867 est,
885 4803 1006 4873 quia
1049 4802 1284 4872 periculo
1313 4803 1402 4856 tali
1453 4803 1834 4868 circumventa,
1886 4818 2021 4872 prae-

441 4894 705 4954 termissis
733 4893 979 4950 omnibus
1020 4893 1151 4947 viris
1186 4892 1506 4962 potentibus,
1536 4893 1784 4947 omnibus
1825 4893 2020 4948 divitiis

440 4982 855 5050 abundantibus,
905 4985 1151 5039 omnibus
1185 5001 1428 5054 magnam
1465 4984 1604 5053 apud
1641 4985 2018 5054 Imperatorem

443 5076 733 5145 potentiam
763 5076 1098 5137 habentibus,
1129 5075 1193 5130 ad
1219 5075 1512 5130 Ecclesiam
1539 5084 1595 5129 et
1629 5077 1720 5129 Dei
1765 5076 2016 5130 sacerdo-

444 5175 550 5230 tem
580 5165 839 5236 confugit,
871 5175 923 5222 et
943 5181 1063 5221 cum
1096 5167 1261 5222 multa
1287 5166 1389 5221 fide
1417 5165 1616 5221 cadesti
1647 5182 1704 5221 se
1729 5168 1840 5238 Spei
1871 5183 2020 5222 com-

445 5259 611 5316 Inisit.
640 5258 815 5314 Multis
855 5274 1082 5329 namque
1111 5267 1233 5328 post
1259 5259 1558 5313 communis
1588 5259 1751 5327 patris
1784 5259 2017 5330 peregri-

442 5351 711 5414 nationem
741 5352 794 5406 in
815 5366 1029 5407 carcere
1049 5351 1350 5407 habitantes
1372 5351 1692 5406 terrentibus
1718 5362 1768 5405 et
1799 5351 2024 5406 dicenti-

458 5602 470 5612 .
498 5546 516 5574 ⁸
550 5544 692 5594 Savil.
720 5551 772 5593 et
789 5545 981 5612 quidam
1004 5543 1082 5592 alii
1107 5544 1188 5612 sic.
1200 5543 1390 5612 titulum
1413 5543 1598 5612 habent
1622 5557 1634 5592 :
1669 5553 1722 5612 In
1746 5545 2024 5595 reconcilia-

432 5604 610 5658 tionem
639 5604 942 5665 Impcratoris
967 5618 1077 5667 cum
1100 5605 1305 5667 civitate,
1345 5613 1392 5654 et
1416 5605 1464 5654 in
1481 5604 1824 5667 prazvaricatos
1847 5614 2024 5658 statua-

434 5677 542 5730 rum
566 5667 880 5730 subuersimte,
908 5673 953 5715 et
977 5665 1026 5715 in
1047 5665 1256 5730 reditum
1279 5665 1516 5730 Episcopi.

500 5726 689 5800 ’uSavil.
719 5738 769 5777 et
793 5729 989 5800 quidam
1015 5728 1100 5800 alii
1127 5742 1140 5776 :
1183 5726 1414 5800 [natantia
1440 5726 1661 5794 cmigisse
1684 5730 1918 5792 pericula,
1937 5743 2024 5800 pro

441 5786 614 5850 quibus
633 5786 824 5850 euntem
847 5790 1190 5849 emittebamus,
1218 5798 1311 5842 etc.

2123 2037 2243 2102 bus,
2269 2037 2385 2092 Non
2406 2037 2599 2092 lenitur
2625 2037 2937 2108 imperator,
2967 2035 3059 2090 sed
3087 2035 3255 2107 magis
3280 2035 3535 2099 irritatur,
3563 2045 3617 2092 et
3636 2037 3704 2091 de

2125 2131 2285 2185 totius
2313 2131 2540 2186 civitatis
2580 2133 2927 2187 subversione
2953 2130 3168 2199 cogitat,
3214 2137 3269 2183 et
3294 2130 3395 2183 alia
3426 2130 3587 2183 multa
3619 2129 3698 2183 his

2125 2224 2273 2292 plura
2296 2223 2708 2295 divulgantibus,
2738 2223 2902 2276 vincti
2935 2221 3100 2275 nihilo
3149 2230 3274 2276 tunc
3314 2236 3377 2275 ex
3419 2220 3519 2275 hac
3565 2219 3698 2274 fama

2125 2316 2417 2371 timidiores
2446 2317 2634 2371 redditi
2667 2326 2818 2380 sunt;
2874 2315 2968 2370 sed
3013 2314 3166 2368 nobis
3217 2314 3538 2380 dicentibus,
3582 2313 3702 2368 llmc

2125 2407 2250 2461 falsa
2291 2417 2345 2462 et
2373 2406 2568 2463 diaboli
2614 2407 2814 2462 fraudis
2859 2420 3021 2476 opera
3050 2412 3194 2472 sunt,
3245 2406 3453 2458 animos
3498 2413 3704 2459 vestros

2123 2509 2471 2554 consternare
2499 2498 2744 2563 volentis,
2776 2497 2916 2551 Nihil
2943 2511 3182 2567 egemus,
3231 2495 3458 2560 aiebant,
3504 2494 3692 2548 verbo—

2125 2605 2241 2642 rum
2268 2588 2633 2643 consolatione
2663 2605 2677 2643 :
2703 2587 2900 2642 scimus
2938 2587 3082 2642 enim
3133 2584 3198 2639 ad
3234 2600 3393 2656 quem
3446 2585 3518 2640 ab
3557 2584 3703 2638 initio

2123 2680 2480 2751 confugimus,
2507 2690 2560 2735 et
2587 2679 2730 2750 quali
2753 2680 2866 2748 spei
2894 2678 3214 2733 adhresimus
3243 2694 3258 2730 :
3287 2692 3454 2732 sacra:
3479 2679 3700 2731 salutem

2123 2783 2358 2827 nostram
2389 2788 2598 2828 ancom
2650 2771 2933 2838 afliximus,
2984 2786 3084 2826 nec
3129 2769 3328 2824 homini
3379 2770 3701 2825 credidimus

2124 2864 2285 2931 hanc,
2319 2864 2411 2918 sed
2438 2864 2783 2933 omnipotenti
2809 2863 2936 2917 Deo.
2972 2862 3252 2931 Propterea
3271 2860 3466 2917 bonum
3493 2878 3703 2933 quoque

2123 2955 2282 3011 finem
2325 2958 2556 3012 futurum
2587 2957 2804 3011 omnino
2843 2956 3160 3011 confidimus
3201 2974 3215 3009 :
3259 2969 3362 3010 non
3410 2966 3493 3010 est
3541 2956 3699 3022 enim,

2123 3064 2229 3102 non
2256 3059 2335 3103 est
2362 3049 2494 3103 hanc
2521 3064 2668 3119 spem
2704 3064 2950 3118 umquam
2993 3047 3242 3102 confundi
3275 3062 3435 3116 posse
3477 3049 3704 3103 creden-

2122 3140 2270 3195 dum.
2301 3141 2413 3196 Hoc
2434 3151 2562 3211 quot
2587 3156 2833 3204 coronas,
2865 3151 2992 3209 quot
3039 3140 3221 3194 laudes
3265 3140 3467 3194 civitati
3508 3153 3704 3194 nostra:

2121 3235 2484 3303 comparabit?
2509 3246 2758 3304 quantam
2790 3234 2877 3287 Dei
2907 3233 3201 3287 lucrabitur
3235 3232 3661 3288 benevolentiam
3687 3275 3699 3294 ,

2123 3323 2280 3378 etiam
2311 3324 2362 3378 in
2388 3325 2606 3393 reliquis
2637 3325 2898 3390 negotiis?
2928 3324 3039 3377 Non
3072 3333 3154 3378 est
3177 3326 3335 3386 enim,
3374 3340 3480 3378 non
3504 3336 3589 3379 est
3613 3341 3701 3379 cu.

2117 3412 2337 3482 juslihet
2359 3414 2552 3467 animae
2583 3414 2633 3467 in
2664 3415 3010 3468 tentationum
3034 3414 3246 3468 incursu
3275 3416 3510 3482 vigilare,
3558 3426 3609 3470 et
3637 3415 3702 3469 ad

2123 3504 2290 3558 Deum
2346 3505 2636 3572 respicere,
2689 3517 2744 3558 et
2787 3505 2963 3558 omnia
3011 3504 3305 3559 deridendo
3338 3505 3588 3571 humana,
3635 3505 3702 3559 ad

2123 3593 2248 3648 illud
2275 3595 2525 3648 auxilium
2555 3596 2855 3648 anhelasse.
3091 3663 3094 3666 .

2197 3683 2437 3738 Flaviani
2453 3685 2521 3738 ad
2549 3685 2916 3753 Imperatorem
2943 3689 3218 3756 profectus.
3236 3715 3305 3724 —
3329 3686 3489 3755 Igitur
3516 3687 3704 3739 civitas

2126 3776 2340 3846 quidem
2367 3777 2438 3831 ita
2459 3777 2795 3846 splendorem
2835 3787 3114 3846 assequuta
3150 3788 3258 3843 est;
3293 3777 3543 3832 sacerdos
3581 3794 3702 3832 rur-

2121 3881 2239 3921 sum
2268 3881 2372 3920 non
2403 3867 2578 3920 minus
2623 3882 2780 3936 quam
2828 3867 3054 3921 civitas:
3085 3866 3317 3921 animam
3343 3867 3489 3922 enim
3547 3880 3701 3920 suam

2123 3973 2221 4027 pro
2275 3956 2521 4011 omnibus
2568 3957 2834 4027 exposuit,
2881 3966 2935 4012 et
3005 3956 3186 4012 multis
3253 3956 3699 4026 impedientibus,

2123 4049 2337 4117 hyeme,
2371 4057 2545 4114 aetate,
2577 4047 2894 4114 festivitate,
2926 4063 3028 4103 nec
3073 4048 3250 4102 minus
3278 4061 3464 4102 sorore
3507 4046 3573 4101 ad
3605 4061 3702 4100 ex-

2124 4149 2324 4195 tremos
2352 4140 2578 4195 deducta
2621 4141 2859 4210 spiritus,
2899 4141 3151 4196 omnibus
3195 4140 3441 4209 superior
3486 4139 3703 4195 emicuit

2123 4231 2538 4300 impedimentis,
2561 4247 2661 4286 nec
2689 4233 2825 4286 intra
2849 4233 3083 4302 seipsum
3105 4232 3241 4287 dixit
3265 4251 3277 4286 :
3302 4233 3440 4300 Quid
3467 4234 3569 4287 hoc
3593 4231 3705 4288 est?

2123 4323 2236 4377 sola
2268 4322 2424 4377 nobis
2451 4321 2708 4377 derelicta
2756 4337 2928 4388 soror,
2957 4331 3012 4378 et
3055 4337 3264 4378 mecum
3295 4322 3492 4378 Christi
3519 4324 3702 4394 jugum

2123 4411 2360 4478 trahens,
2390 4420 2447 4466 et
2469 4419 2710 4481 tempore
2732 4420 2880 4467 tanto
2923 4428 3132 4468 mecum
3173 4423 3528 4476 commorata,
3559 4427 3702 4467 nunc

2123 4501 2181 4556 in
2203 4502 2457 4558 extremis
2479 4511 2595 4570 est;
2622 4518 2721 4558 nos
2742 4518 2872 4557 vero
2896 4503 3066 4574 ipsam
3087 4504 3396 4559 deserentes
3415 4503 3702 4568 abibimus,

2124 4608 2226 4649 nec
2252 4593 2615 4663 exspirantem
2644 4593 2966 4660 videbimus,
2992 4603 3046 4649 et
3087 4595 3304 4650 ultimas
3339 4609 3504 4649 voces
3545 4595 3704 4649 emit-

2125 4686 2370 4741 tentem?
2395 4686 2464 4741 Et
2489 4687 2604 4756 ipsa
2627 4687 2842 4757 quidem
2864 4687 3103 4758 quotidie
3130 4686 3339 4752 orabat,
3369 4694 3432 4741 ut
3457 4687 3562 4742 sibi
3589 4702 3707 4742 ocu-

2123 4777 2207 4831 los
2233 4775 2604 4832 clauderemus
2622 4818 2638 4843 ,
2667 4785 2724 4833 et
2762 4792 2824 4832 os
2853 4776 3301 4847 conjungeremus
3328 4787 3387 4833 et
3413 4792 3708 4847 compone-

2125 4881 2342 4933 remus,
2375 4882 2438 4920 ac
2481 4868 2684 4936 reliqua
2725 4868 2791 4921 ad
2838 4868 3165 4937 sepulturam
3193 4878 3450 4924 consueta
3491 4884 3707 4924 curare-

2125 4972 2246 5011 mus
2272 4974 2286 5022 ;
2319 4973 2460 5011 nunc
2488 4973 2616 5012 vero
2664 4968 2932 5029 tamquam
2962 4959 3192 5026 deserta,
3218 4970 3272 5014 et
3293 4968 3467 5014 tutore
3494 4974 3702 5023 carens,

2126 5047 2259 5102 nihil
2307 5048 2497 5103 horum
2554 5061 2868 5119 assequetur
2905 5065 2934 5102 a
2977 5065 3234 5120 germano
3255 5090 3269 5112 ,
3301 5066 3332 5104 a
3359 5065 3468 5119 quo
3496 5051 3705 5120 assequi

2125 5141 2355 5195 maxime
2376 5141 2689 5210 peroptahat
2710 5181 2725 5207 ,
2755 5141 2847 5195 sed
2877 5141 3107 5195 animam
3139 5142 3409 5205 emittens,
3439 5156 3547 5196 non
3575 5142 3708 5196 vide-

2128 5232 2206 5287 bit
2231 5233 2470 5287 omnium
2499 5232 2600 5287 sibi
2627 5232 3184 5289 desideratissimum?
3208 5243 3261 5289 et
3297 5232 3401 5287 hoc
3441 5231 3706 5301 quomodo

2125 5339 2233 5379 non
2260 5325 2367 5379 erit
2393 5325 2590 5394 smpius
2632 5325 2854 5394 repetita
2897 5333 3070 5380 morte
3104 5325 3357 5395 gravius?
3384 5323 3637 5391 Quinimo
3661 5326 3704 5377 si

2128 5416 2287 5487 longe
2310 5416 2592 5484 abfuisset,
2621 5433 2800 5473 nonne
2850 5419 3130 5489 oportebat
3168 5433 3418 5480 currere,
3445 5429 3501 5472 et
3529 5416 3701 5472 omnia

2129 5505 2306 5564 facere
2357 5518 2412 5563 et
2457 5511 2601 5576 pati,
2657 5520 2716 5563 ut
2773 5509 2908 5564 hanc
2951 5510 3050 5578 ipsi
3092 5509 3318 5579 gratiam
3364 5505 3702 5578 praeberem?

2127 5613 2268 5652 nunc
2297 5612 2423 5652 vero
2451 5612 2614 5666 prope
2645 5614 2762 5651 cum
2789 5600 2914 5656 sim.
2945 5599 3296 5662 deseramne,
3330 5608 3387 5652 et
3427 5597 3701 5652 dimittens

2127 5688 2324 5742 abibo?
2345 5698 2398 5742 et
2423 5691 2694 5756 quomodo
2721 5699 3005 5759 sequentes
3027 5689 3262 5760 perferet
3283 5689 3435 5744 dies?
3458 5687 3554 5743 llle
3575 5701 3698 5741 vero

2130 5796 2234 5836 non
2261 5790 2464 5835 tantum
2499 5781 2629 5842 nihil
2670 5781 2858 5837 horum
2887 5781 3052 5844 dixit,
3082 5779 3178 5838 sed
3209 5795 3380 5850 neque
3418 5777 3692 5850 cogitavit;
