4046 6396
297 352 397 411 νη

300 473 465 527 αὐτὸν
487 471 546 524 ἐν
573 471 686 535 τοῖς
714 469 932 535 κόλποις
958 471 1052 526 τοῦ
1086 469 1357 543 Ἀϐραὰμ,
1387 472 1577 526 ἑαυτὸν
1605 471 1820 543 ἐθρήνει
1856 471 1966 524 λοι-

312 563 436 620 πόν.

369 647 436 702 θ’.
470 644 654 700 Ταῦτα
684 640 777 701 οῦν
813 646 1030 700 ἅπαντα
1061 645 1257 700 ἐννοῶν
1283 644 1510 700 συνώθει
1531 646 1738 708 πάντας
1758 645 1967 717 ταχέως

297 734 378 796 είς
409 733 511 804 τὴν
535 733 639 804 τῆς
667 733 885 803 ἐντολῆς
913 733 1280 805 ἐκπλήρωσιν.
1315 736 1425 788 Καὶ
1455 734 1528 804 μή
1564 752 1654 805 μοι
1691 732 1840 802 λέγε,
1884 733 1967 786 ὅτι

300 821 457 874 Κατά
496 821 710 893 μικρὸν,
758 821 893 892 μηδὲ
938 822 1019 885 εἰς
1051 821 1150 892 τὴν
1183 819 1373 894 αὐριον
1420 821 1752 874 ἀναϐάλλου·
1797 823 1831 892 ή
1857 821 1967 892 γὰρ

299 907 487 978 αὔριον
523 909 780 963 οὐδέποτε
811 908 1075 980 λαμϐάνει
1106 909 1281 971 τέλος.
1327 909 1750 980 Τεσσαράκοντα
1779 909 1968 962 λοιπὸν

298 995 504 1066 ἡμέραι
540 995 847 1068 παρῆλθον·
905 995 972 1049 ἂν
1019 995 1199 1049 τοίνυν
1251 996 1314 1050 τὸ
1359 996 1554 1067 Πάσχα
1604 997 1853 1070 παρέλθῃ
1909 997 1970 1050 τὸ

302 1084 481 1154 ἱερὸν,
548 1085 724 1139 οὐδενὶ
777 1082 1166 1154 συγγνώσομαι
1216 1084 1425 1150 λοιπὸν,
1472 1085 1594 1138 οὐδὲ
1643 1085 1968 1155 παραίνεσιν

299 1171 574 1242 προσάξω,
597 1172 714 1225 ἀλλ’
740 1172 1012 1243 ἐπιταγὴν
1045 1173 1140 1226 καὶ
1161 1173 1468 1243 ἀποτομίαν
1493 1174 1964 1244 ἀκαταφρόνητον⁸

297 1260 419 1314 οὐδὲ
450 1259 560 1331 γάρ
597 1262 793 1332 ισχυρά
823 1262 962 1332 αῦτη
986 1263 1018 1333 ή
1041 1262 1309 1330 ἀπολογία
1339 1265 1371 1333 ὴ
1405 1263 1493 1316 διὰ
1522 1263 1624 1332 τῆς
1654 1263 1968 1334 συνηθείας.

297 1347 395 1402 Διά
424 1349 476 1401 τί
499 1351 529 1402 6
565 1349 814 1403 κλέπτων
845 1351 906 1403 οὐ
943 1351 1310 1422 προϐάλλεται
1334 1351 1646 1421 συνήθειαν,
1673 1353 1771 1404 καὶ
1797 1351 1972 1404 ἀπαλ-

298 1436 548 1488 λάττεται
591 1437 901 1502 κολάσεως;
945 1437 1036 1492 διά
1085 1437 1138 1490 τί
1182 1440 1210 1491 6
1245 1437 1486 1506 φονεύων
1531 1438 1626 1492 καὶ
1663 1437 1968 1508 μοιχεύων;

299 1523 441 1578 Πᾶσι
479 1525 660 1578 τοίνυν
697 1525 946 1599 προλέγω
983 1526 1082 1580 καὶ
1111 1525 1582 1598 διαμαρτύρομαι,
1618 1527 1698 1579 ὅτι
1734 1527 1800 1580 ἂν
1843 1542 1975 1595 συγ-

1291 355 1378 411 AD
1411 351 1748 412 POPULUM
1787 351 2295 410 ANTIOCl-IENUM
2361 350 2595 408 HOMIL.
2639 351 2780 405 XXI.

3643 356 3752 413 212

2073 467 2368 538 γενόμενος
2385 467 2515 538 ὑμῖν
2539 466 2658 520 κατ’
2681 465 2816 519 ἰδίαν
2842 465 2938 518 καὶ
2959 463 3139 518 λαϐὼν
3155 464 3464 538 ἀπόπειραν
3489 469 3752 542 (λήψομαι

2073 557 2129 614 δὲ
2159 555 2418 626 πάντως),
2455 555 2603 629 εῦρω
2618 555 2772 618 τινάς
2800 553 2876 625 μὴ
2909 551 3312 624 διορθώσαντας
3343 555 3406 608 τὸ
3435 556 3742 629 ἐλάττωμα,

2073 643 2363 715 ἀπαιτήσω
2403 643 2582 714 δίκην,
2618 641 2884 705 κελεύσας
2915 641 3022 707 ἔξω
3057 643 3242 711 μένειν
3274 642 3384 696 τῶν
3432 646 3752 717 μυστηρίων

2073 731 2182 784 τῶν
2207 732 2389 803 ἱερῶν,
2408 732 2504 801 οὐχ
2539 731 2626 784 ἵνα
2663 731 2897 800 μένωσιν
2923 729 3047 794 ἔξω,
3077 730 3214 784 ἀλλά
3243 731 3330 784 ἴνα
3356 732 3749 804 διορθώσαντες

2075 821 2302 883 ἐαυτοὺς
2335 819 2507 882 οὑτως
2541 820 2846 879 εἰσέλθωσι,
2884 821 2979 872 καὶ
3016 821 3153 890 μετά
3187 821 3428 891 καθαροῦ
3453 824 3754 890 συνειδότος

2075 906 2430 960 ἀπολαύσωσι
2449 910 2550 977 τῆς
2583 909 2736 978 ἱερᾶς
2768 908 3051 978 τραπέζης
3069 925 3082 938 ο
3117 907 3280 961 τοῦτο
3301 910 3409 980 γάρ
3432 912 3548 964 ἐστι
3579 929 3751 982 μετα-

2079 997 2230 1064 σχεῖν
2278 997 2592 1058 κοινωνίας.
2625 997 2664 1048 Γ
2671 997 2846 1048 ένοιτο
2895 996 2950 1048 δὲ
2977 997 3164 1065 εὐχαῖς
3203 997 3312 1049 τῶν
3342 999 3623 1071 προέδρων
3658 1003 3754 1054 καὶ

2079 1082 2187 1135 τῶν
2218 1082 2388 1152 ἁγίων
2439 1083 2656 1136 πάντων
2684 1083 2974 1136 καὶταῦτα
3009 1084 3101 1136 καὶ
3129 1083 3196 1136 τὰ
3239 1085 3374 1138 ἀλλα
3401 1087 3579 1140 πάντα
3609 1087 3756 1160 διορ-

2077 1169 2356 1234 θώσαντας
2371 1169 2748 1241 ἐλαττώματα,
2761 1173 2943 1240 τυχεῖν
2959 1171 3058 1240 τῆς
3073 1171 3353 1241 βασιλείας
3367 1172 3474 1226 τῶν
3487 1173 3753 1246 οὐρανῶν,

2078 1259 2261 1329 χάριτι
2315 1259 2408 1312 καὶ
2456 1259 2838 1330 φιλανθρωπίᾳ
2866 1258 2958 1312 τοῦ
2991 1259 3199 1330 Κυρίου
3225 1261 3381 1331 ήμῶν
3413 1262 3587 1334 Ἰησοῦ
3615 1265 3756 1335 Χρι-

2079 1345 2228 1407 στοῦ,
2268 1346 2387 1417 μεθ’
2413 1341 2474 1401 οὐ
2497 1347 2574 1417 τῷ
2613 1347 2791 1418 Πατρὶ
2825 1348 2925 1400 σὺν
2956 1346 3034 1418 τῷ
3089 1347 3228 1418 ἁγίῳ
3275 1349 3555 1418 Πνεύματι
3603 1351 3754 1419 δόξα,

2077 1434 2213 1507 τιμὴ
2243 1437 2340 1489 καὶ
2367 1435 2762 1506 προσκύνησις,
2791 1437 2884 1492 νῦν
2905 1437 2999 1491 καὶ
3024 1437 3135 1502 ἀεὶ,
3163 1437 3260 1490 καὶ
3294 1439 3375 1501 εἰς
3407 1439 3534 1504 τοὺς
3551 1439 3758 1506 αἰῶνας

2079 1510 2188 1578 τῶν
2223 1523 2458 1578 αἰώνων.
2500 1525 2693 1596 Ἀμήν.

243 1807 248 1812 .
299 1757 403 1822 Εἰς
425 1769 452 1798 ι
489 1757 605 1828 τὴν
631 1756 935 1812 ἐπάνοδον
963 1757 1070 1811 τοῦ
1093 1757 1437 1812 ἐπισκόπου
1468 1755 1830 1823 Φλαϐιανοῦ,
1874 1755 1974 1809 καὶ
2051 1757 2138 1822 εἰς
2169 1757 2285 1824 τὴν
2313 1757 2420 1810 τοῦ
2477 1755 2788 1823 ,βασιλέως
2807 1756 3152 1828 διαλλαγὴν
3177 1757 3330 1827 πρὸς
3383 1757 3501 1828 τὴν
3539 1763 3758 1816 πόλιν·

859 1849 959 1904 καὶ
994 1849 1147 1918 πρὸς
1175 1849 1318 1916 τοὺς
1344 1850 1906 1920 πλημμελήσαντας
1941 1850 2031 1915 εὶς
2068 1847 2184 1916 τὴν
2211 1849 2331 1903 τῶν
2360 1849 2732 1919 ἀνδριάντων
2757 1849 3203 1920 καταστροφήν.

947 2035 1182 2104 Ὀμιλία
1211 2033 1320 2090 xa'.

367 2131 439 2178 α’.
481 2123 614 2177 Ἀπὸ
644 2124 745 2195 τῆς
771 2125 1002 2196 ρήσεως,
1027 2124 1120 2191 ἀφ’
1149 2117 1216 2196 ἧς
1241 2124 1327 2176 ἀεὶ
1347 2122 1499 2193 παρά
1529 2123 1620 2176 τὸν
1649 2123 1837 2195 καιρὸν
1871 2123 1978 2175 τῶν

301 2212 564 2266 κινδύνων
589 2212 725 2282 πρὸς
745 2213 844 2283 τὴν
875 2211 1149 2283 ὑμετέραν
1193 2201 1418 2264 εἰώθειέ
1432 2211 1653 2282 ἀγάπην
1685 2213 1978 2282 προοιμιὼ

299 2301 512 2366 ξεσθαι,
543 2301 652 2354 ἀπὸ
677 2300 778 2370 τῆς
805 2300 977 2372 αὐτῆς
1008 2299 1213 2370 ταύτης
1238 2299 1333 2352 καὶ
1363 2302 1601 2371 σήμερον
1626 2298 1864 2371 ἄρξομαι
1885 2299 1980 2353 τοῦ

301 2390 438 2460 πρὸς
481 2390 626 2459 ὑμᾶς
674 2389 859 2457 λόγου,
899 2388 996 2442 καὶ
1042 2388 1154 2460 ἐρῶ
1201 2386 1322 2458 μεθ’
1369 2387 1555 2457 ὑμῶν·
1604 2387 1911 2458 Εὐλογητὸς
1953 2389 1982 2440 ὁ

298 2477 452 2543 Θεὸς,
479 2479 509 2531 6
536 2477 634 2548 τήν
668 2478 818 2548 ίεράν
847 2477 1050 2548 ταύτην
1081 2477 1276 2548 ἑορτὴν
1301 2475 1440 2546 μετά
1464 2477 1640 2546 χαρᾶς
1669 2477 1764 2529 καὶ
1783 2477 1982 2546 εὐφρο-

298 2567 469 2638 σύνης
502 2566 706 2638 πολλῆς
736 2564 1084 2630 καταξιώσας
1117 2567 1265 2637 ήμᾶς
1297 2564 1444 2637 [2M]
1478 2563 1786 2618 ἐπιτελέσαι
1809 2565 1982 2636 σήμε-

303 2673 418 2727 ρον,
459 2655 555 2708 καὶ
588 2653 686 2726 τὴν
729 2653 974 2724 κεφαλὴν
1022 2653 1255 2717 ἀποδοὺς
1306 2653 1385 2724 τῷ
1439 2652 1688 2724 σώματι,
1742 2651 1838 2706 καὶ
1890 2651 1982 2705 τὸν

305 2743 544 2812 ποιμένα
576 2747 690 2807 τοῖς
713 2742 1033 2815 προϐάτοις,
1070 2742 1166 2796 καὶ
1191 2741 1283 2795 τὸν
1306 2741 1628 2794 διδάσκαλον
1646 2743 1759 2803 τοῖς
1801 2741 1980 2811 μαθη-

301 2834 443 2894 ταῖς,
462 2831 552 2883 τὸν
580 2831 885 2902 στρατηγὸν
911 2833 1024 2893 τοῖς
1053 2827 1434 2900 στρατιώταις,
1457 2829 1549 2882 τὸν
1579 2827 1842 2900 ἀρχιερέα
1870 2832 1984 2892 τοῖς

307 2917 543 2989 ἱερεῦσιν
567 2936 580 2949 ·
618 2919 908 2989 εὐλογητὸς
932 2917 960 2968 6
999 2917 1132 2980 Θεὸς
1159 2919 1186 2970 6
1211 2919 1380 2971 ποιῶν
1405 2915 1882 2988 ὑπερεκπερισσοῦ
1907 2912 1985 2969 ὧν

303 3005 651 3077 αἰτούμεθαῆ
675 3006 926 3077 νοοῦμεν.
957 3007 1024 3059 Ἦ
1031 3009 1122 3077 μίν
1149 3004 1248 3076 μὲν
1279 3005 1389 3076 γὰρ
1415 3003 1620 3075 ἀρκοῦν
1643 2999 1784 3058 εἶναι
1807 3003 1984 3057 ἐδόκει

303 3095 364 3148 τὸ
386 3095 495 3148 τῶν
526 3095 889 3165 ἐπικειμένων
921 3093 1060 3158 τέως
1092 3092 1476 3163 ἀπαλλαγῆναι
1495 3091 1703 3154 κακῶν,
1721 3090 1816 3144 καὶ
1846 3091 1985 3164 ὐπέρ

304 3181 498 3237 τούτου
537 3185 718 3236 πᾶσαν
752 3181 1087 3253 ἐποιούμεθα
1112 3180 1211 3251 τὴν
1238 3180 1266 3220 1³
1299 3179 1580 3252 ἱκετηρίαν
1600 3195 1615 3210 ο
1645 3181 1674 3231 6
1710 3179 1767 3232 δέ
1799 3179 1986 3249 φιλάν-

307 3271 527 3342 θρωπος
552 3270 706 3335 Θεὸς,
727 3272 821 3324 καὶ
845 3272 912 3342 τῇ
943 3271 1089 3323 δόσει
1124 3269 1225 3332 τάς
1247 3269 1490 3339 αἰτήσεις
1517 3267 1674 3339 ήμῶν
1706 3269 1792 3321 ἀεὶ
1818 3268 1986 3322 νικῶν

309 3359 450 3429 μετά
474 3357 674 3430 πολλῆς
693 3359 789 3428 τῆς
813 3355 1143 3428 ὑπερϐολῆς,
1165 3355 1259 3408 καὶ
1279 3355 1372 3409 τὸν
1395 3354 1608 3425 πατέρα
1635 3355 1766 3424 ἡμῖν
1796 3355 1989 3408 θᾶττον

306 3446 522 3509 ἐλπίδος
545 3446 763 3516 ἀπάσης
791 3445 1063 3498 ἀπέδωκε.
1084 3443 1181 3508 Τίς
1221 3446 1332 3514 γὰρ
1355 3442 1420 3496 ἂν
1447 3441 1876 3514 προσεδόκησεν,
1906 3443 1990 3495 ὅτι

307 3537 365 3587 ἐν
413 3533 588 3598 οὕτως
633 3534 842 3602 ὀλίγαις
888 3533 1129 3604 ἡμέραις
1164 3533 1256 3585 καὶ
1304 3531 1690 3592 ἀπελεύσεται,
1726 3531 1821 3584 καὶ
1871 3531 1990 3583 δια-

307 3621 522 3686 λέξεται
571 3621 648 3693 τῷ
703 3621 936 3692 βασιλεῖ,
986 3621 1081 3674 καὶ
1132 3620 1392 3674 λύσειτά
1439 3620 1608 3679 δεινά,
1663 3619 1759 3672 καὶ
1827 3619 1990 3672 πάλιν

310 3712 573 3780 ἐπανήξει
607 3710 744 3782 πρὸς
778 3712 927 3782 ἡμᾶς
952 3709 1097 3762 οὕτω
1122 3709 1363 3779 ταχέως,
1390 3709 1467 3772 ώς
1496 3709 1588 3760 καὶ
1611 3707 1672 3759 τὸ
1710 3708 1901 3777 Πάσχα
1931 3707 1992 3760 τὸ

309 3797 456 3869 ἱερὸν
483 3798 781 3870 δυνηθῆναι
803 3797 1007 3866 φθάσαι
1026 3797 1123 3850 καὶ
1152 3797 1271 3869 μεθ’
1291 3798 1448 3867 ήμῶν
1471 3796 1815 3863 ἐπιτελέσαι;
1851 3796 1991 3848 Ἀλλ’

312 3886 444 3952 ίδοὺ,
468 3885 661 3954 γέγονε
691 3885 752 3938 τὸ
777 3885 1186 3956 ἀπροσδόκητον
1207 3884 1390 3949 τοῦτο,
1423 3884 1518 3937 καὶ⁵
1537 3883 1628 3936 τὸν
1657 3884 1870 3956 πατέρα
1885 3885 1992 3938 ἀπ-

311 3972 512 4042 ειλήφα
521 3989 640 4044 μεν,
670 3973 766 4025 καὶ
786 3973 1008 4042 μείζονα
1032 3971 1246 4043 καρπού
1257 3971 1396 4042 μεθα
1413 3972 1512 4042 τὴν
1527 3971 1741 4041 ἡδονὴν,
1765 3970 1842 4041 τῷ
1860 3988 1935 4024 πα
1945 3972 1990 4042 ρ’

311 4060 504 4113 ἐλπίδα
529 4060 695 4114 αὐτὸν
728 4059 1023 4114 ἀπολαϐεῖν
1045 4060 1162 4114 νῦν.
1199 4059 1368 4130 ’Υπέρ
1404 4059 1468 4130 δὴ
1501 4057 1709 4111 τούτων
1737 4058 1994 4112 ἁπάντων

313 4149 730 4220 εὐχαριστῶμεν
771 4147 850 4219 τῷ
893 4147 1262 4221 φιλανθρώπῳ
1295 4147 1448 4217 Θεῷ,
1490 4146 1584 4200 καὶ
1623 4146 1995 4218 θαυμάζωμεν

315 4237 485 4291 αὐτοῦ
536 4237 637 4307 τὴν
677 4236 910 4307 δύναμιν
963 4236 1060 4289 καὶ
1119 4235 1217 4306 τὴν
1267 4235 1700 4306 φιλανθρωπίαν,
1756 4236 1851 4288 καὶ
1894 4235 1993 4306 τὴν

317 4325 512 4394 σοφίαν
543 4323 638 4377 καὶ
666 4324 767 4396 τὴν
816 4322 1144 4394 κηδεμονίαν
1172 4323 1272 4393 τὴν
1305 4323 1442 4393 ὑπὲρ
1467 4321 1568 4391 τῆς
1600 4322 1810 4386 πόλεως
1834 4339 1996 4392 γεγε-

316 4412 582 4482 νημένην.
631 4413 690 4466 '0
717 4412 814 4483 μέν
853 4412 961 4483 γὰρ
989 4410 1255 4474 διάϐολος,
1278 4407 1578 4463 καταδῦσαι
1607 4411 1787 4463 πᾶσαν
1826 4411 1994 4482 αὐτὴν

316 4499 649 4572 ἐπεχείρησε
687 4499 780 4554 διά
813 4500 922 4552 τῶν
961 4498 1368 4570 τολμηθέντων⁶
1403 4499 1432 4550 6
1486 4497 1543 4550 δὲ
1585 4497 1718 4561 Θεὸς
1764 4500 1858 4552 καὶ
1897 4499 1995 4570 τὴν

319 4588 476 4642 πόλιν
503 4588 704 4641 καὶτὸν
725 4587 874 4660 ἱερέα
895 4587 990 4640 καὶ
1017 4587 1110 4640 τὸν
1129 4585 1354 4656 βασιλέα
1369 4585 1457 4638 διὰ
1479 4584 1685 4656 ταύτης
1714 4585 1993 4656 ἐκόσμησε

315 4675 419 4746 τῆς
454 4677 763 4746 συμφορᾶς,
795 4676 890 4729 καὶ
911 4674 1328 4746 λαμπροτέρους
1368 4674 1576 4738 πάντας
1601 4673 1903 4745 ἀπέφηνεν.
1931 4676 1996 4728 Ἡ

317 4765 473 4828 πόλις
529 4763 629 4834 μὲν
680 4763 788 4834 γάρ
841 4762 1244 4834 ηὐδοκίμησεν,
1304 4763 1387 4813 ὅτι
1449 4761 1695 4814 κινδύνου
1753 4763 1996 4817 τοιούτου

318 4853 740 4916 καταλαϐόντος,
804 4850 1240 4924 παραδραμοῦσα
1290 4850 1499 4913 πάντας
1548 4851 1677 4914 τοὺς
1720 4853 1778 4905 ἐν
1834 4851 1998 4904 δυνα-

323 4939 547 5003 στείαις,
607 4940 732 5002 τούς
791 4937 1018 4991 πλοῦτον
1080 4937 1247 4990 πολὺν
1294 4936 1816 5008 περιϐεϐλημένους,
1871 4940 1998 5000 τούς

324 5025 569 5096 μεγάλην
602 5025 754 5096 παρά
785 5024 996 5094 βασιλεῖ
1042 5023 1268 5093 δύναμιν
1321 5023 1564 5092 ἔχοντας,
1614 5023 1706 5075 ἐπὶ
1739 5022 1834 5093 τὴν
1875 5024 2000 5076 Ἐκ-

322 5113 552 5183 κλησίαν
585 5113 680 5165 καὶ
728 5113 820 5164 τὸν
855 5112 1005 5183 ἱερέα
1037 5111 1132 5164 τοῦ
1179 5111 1316 5164 Θεοῦ
1365 5112 1661 5178 κατέφυγε,
1705 5113 1800 5164 καὶ
1859 5109 2000 5182 μετά

325 5201 528 5269 πολλῆς
561 5201 658 5270 τῆς
698 5199 933 5263 πίστεως
977 5198 1079 5268 τῆς
1129 5198 1338 5252 ἄνωθεν
1388 5198 1585 5269 ἑαυτὴν
1627 5198 1999 5270 ἐξεκρέμασεν

326 5287 560 5349 ἐλπίδος.
592 5285 810 5338 Πολλῶν
844 5284 977 5353 γοῦν
1015 5285 1155 5356 μετὰ
1209 5285 1307 5358 τὴν
1352 5285 1663 5355 ἀποδημίαν
1690 5285 1782 5337 τοῦ
1818 5285 1999 5338 κοινοῦ

327 5376 565 5446 πατέρος
597 5376 723 5436 τοὺς
747 5375 808 5427 τὸ
845 5375 1224 5444 δεσμωτήριον
1256 5373 1543 5436 οἰκοῦντας
1583 5371 1959 5444 θορυϐούντων
1985 5419 1998 5440 ,

328 5464 424 5518 καὶ
455 5462 746 5529 λεγόντων,
769 5462 936 5531 ὡς,οὐ
969 5461 1267 5532 καθυφίησι
1290 5472 1312 5499 ο
1345 5462 1443 5531 τῆς
1465 5461 1636 5532 ὀργῆς
1666 5463 1694 5513 6
1727 5460 2001 5530 βασιλεὺς,

391 5613 420 5642 ⁸
441 5611 593 5660 Savil.
619 5619 672 5659 et
695 5612 890 5672 quidam
916 5611 1001 5658 alii
1026 5612 1095 5658 sic
1133 5611 1329 5658 titulum
1350 5610 1536 5659 habent
1559 5631 1570 5658 :
1595 5612 1676 5665 Εἰς
1702 5611 1786 5666 τὴν
1809 5611 2004 5658 amma-

323 5680 413 5736 τήν
431 5672 517 5721 τοῦ
541 5675 774 5735 βασιλέως
793 5674 908 5736 πρὸς
930 5675 1014 5730 τὴν
1044 5675 1198 5728 πόλιν,
1223 5675 1304 5736 καὶ
1335 5675 1399 5728 εἰς
1433 5674 1544 5728 τούς
1573 5674 2006 5736 πλημμελήσαντας

417 5736 501 5799 τήν
523 5731 618 5782 τῶν
643 5731 927 5797 ἀνδριάντων
947 5735 1298 5799 καταστροφὴν,
1320 5737 1400 5781 καὶ
1444 5737 1507 5788 εἰς
1547 5735 1632 5791 τήν
1657 5731 1883 5799 ἐπάνοδον
1918 5731 2006 5799 τοῦ

328 5795 615 5848 ἐπισκόπου.
658 5795 812 5845 ιἰιυιο
843 5805 954 5858 post
984 5799 1094 5845 init.
1117 5795 1268 5844 Savil.
1297 5805 1351 5843 et
1371 5799 1569 5857 quidam
1598 5810 1698 5843 mss
1734 5797 1818 5858 ὐμ.
1842 5797 2001 5844 εἴωθα.

394 5860 420 5897 b
442 5859 591 5921 Sat'il.
607 5865 658 5905 et
676 5857 872 5918 quidam
885 5861 966 5906 alii
987 5859 1290 5919 ἐπικειμένων
1310 5858 1534 5906 κινδύνων
1555 5858 1785 5918 ἐκφυγειν,
1803 5857 1920 5921 ὑπὲρ
1941 5859 2006 5905 ὡν

335 5926 491 5983 πᾶσαν
514 5920 796 5983 ἐποιηύμεθα
816 5922 919 5978 τήν.

398 5986 417 6020 ε
462 5981 609 6032 δᾶκὶι.
635 5980 905 6039 εῐαυίιῖίίῐιι
929 5996 1039 6032 mss.
1072 5982 1123 6030 οὖ
1155 5982 1424 6053 καθυξίησι.
1447 5981 1611 6031 Morel.
1651 5980 1735 6027 οὐκ
1763 5981 1943 6043 ἀφίησι.

2083 2025 2218 2083 ἀλλά
2265 2017 2630 2094 παροξύνεται
2692 2019 2994 2089 μειζόνως,
3049 2017 3141 2072 καὶ
3207 2021 3337 2092 περὶ
3395 2025 3764 2094 κατασκαφῆς

2080 2113 2374 2184 ὁλοκλήρου
2412 2109 2512 2178 τῆς
2559 2106 2770 2170 πόλεως
2817 2105 3168 2176 βουλεύεται,
3219 2108 3314 2160 καὶ
3367 2108 3532 2182 ’ἐτερα
3581 2109 3764 2184 πολλῷ

2083 2201 2307 2256 πλείονα
2349 2196 2556 2250 τούτων
2605 2192 3000 2265 θρυλλούντων,
3040 2195 3089 2246 οἱ
3125 2194 3399 2264 δεδεμένοι
3444 2196 3564 2249 τότε
3610 2197 3764 2250 οὐδὲν

2082 2291 2323 2361 ἐγίνοντο
2373 2288 2438 2339 ἐκ
2483 2283 2584 2354 τῆς
2619 2283 2809 2353 φήμης
2855 2281 3060 2352 ταύτης
3095 2282 3409 2354 δειλότεροι,
3447 2283 3563 2337 ἀλλ’
3607 2284 3765 2355 ήμῶν

2089 2378 2381 2447 λεγόντων,
2436 2373 2512 2436 ὼς
2560 2369 2744 2441 Ψευδῆ
2797 2368 2970 2422 ταῦτα
3016 2369 3115 2422 καὶ
3154 2370 3401 2423 διαϐόλου
3433 2372 3767 2442 μαγγανείας

2083 2466 2230 2519 ἐστὶν
2257 2463 2416 2533 ἔργα,
2447 2456 2772 2530 βουλομένου
2792 2455 3118 2509 καταϐαλεῖν
3142 2457 3170 2509 ὑ
3179 2456 3296 2527 μῶν
3315 2457 3384 2510 τὰ
3415 2458 3764 2529 φρονήματα,

2083 2551 2246 2604 Οὐδὲν
2289 2545 2524 2617 δεόμεθα
2572 2547 2674 2616 τῆς
2727 2543 2816 2596 διά
2867 2543 3090 2611 λόγωνά
3151 2543 3581 2615 παρακλήσεως,
3629 2546 3768 2618 πρὸς

2084 2639 2234 2712 ἡμᾶς
2280 2637 2498 2704 ελεγον·
2556 2633 2714 2705 ἴσμεν
2758 2632 2868 2704 γὰρ
2918 2623 2979 2684 οὐ
3018 2631 3116 2703 τὴν
3151 2633 3328 2704 ἀρχὴν
3358 2634 3766 2705 κατεφύγομεν,

2085 2727 2181 2781 καὶ
2207 2725 2367 2788 ποίας
2401 2721 2615 2784 ἐλπίδος
2660 2721 2889 2783 ἐαυτοὺς
2943 2717 3428 2791 ἐξεκρεμάσαμεν·
3466 2721 3566 2790 τῆς
3615 2723 3768 2792 ἱερᾶς

2085 2814 2335 2888 ἀγκύρας
2357 2811 2458 2882 τὴν
2477 2808 2750 2881 σωτηρίαν
2773 2807 2931 2879 ἡμῶν
2955 2807 3048 2879 ἐξη
3059 2809 3155 2880 ρτή
3166 2826 3230 2861 σα
3238 2825 3360 2878 μεν·
3379 2809 3480 2862 οὐκ
3496 2809 3591 2862 ἀνθ
3602 2807 3768 2880 ρώπῳ

2084 2903 2288 2973 ταύτην
2338 2897 2837 2966 ἐνεπιστεύσαμεν,
2887 2895 3022 2949 ἀλλά
3064 2895 3147 2967 τῷ
3191 2897 3585 2968 παντοδυνάμῳ
3627 2898 3765 2969 Θεῷ.

2086 2991 2177 3048 Διὸ
2221 2990 2287 3062 δὴ
2330 2988 2424 3044 καὶ¹
2463 2985 2775 3059 θαρροῦμεν
2810 2985 3048 3057 χρηστὸν
3085 2985 3306 3038 ἔσεσθαι
3345 2985 3407 3039 τὸ
3439 2987 3591 3052 τέλος
3635 2990 3771 3041 πάν-

2085 3096 2194 3143 τως
2216 3096 2230 3111 ·
2284 3077 2344 3130 οὐ
2385 3076 2496 3149 γὰρ
2540 3074 2714 3137 ἔστιν,
2762 3073 2864 3125 οὐκ
2897 3071 3138 3146 ἐστιτήν
3171 3072 3362 3127 ἐλπίδα
3399 3074 3603 3143 ταύτην
3634 3093 3768 3129 κατ-

2085 3165 2439 3239 αισχυνθῆναί
2478 3181 2630 3218 ποτε.
2687 3161 2860 3216 Τοῦτο
2906 3161 3028 3215 ἀντὶ
3063 3162 3245 3216 πόσων
3294 3164 3606 3233 στεφάνων,
3646 3166 3771 3220 ἀντὶ

2091 3255 2273 3309 πόσων
2304 3252 2594 3322 ἐγκωμίων
2621 3250 2847 3321 ἀρκέσει
2880 3251 2946 3320 τῇ
2980 3249 3168 3314 πόλει;
3200 3249 3375 3321 πόσην
3406 3252 3772 3307 ἐπισπάσεται

2090 3341 2186 3396 τοῦ
2231 3341 2367 3394 Θεοῦ
2412 3341 2512 3410 τὴν
2541 3338 2780 3402 εὐνοιαν,
2811 3337 2907 3390 καὶ
2935 3340 2993 3390 ἐν
3025 3341 3136 3401 τοῖς
3168 3338 3377 3403 λοιποῖς
3403 3341 3727 3412 πράγμασιν
3753 3361 3768 3408 ;

2091 3429 2166 3482 Οὐ
2190 3428 2300 3499 γάρ
2331 3426 2497 3489 ἔστιν,
2534 3427 2634 3479 οὐκ
2661 3423 2776 3477 ἐστι
2815 3425 2914 3496 τῆς
2948 3424 3221 3494 τυχούσης
3249 3426 3448 3496 ψυχῆς,
3475 3427 3532 3479 ἐν
3559 3431 3623 3498 τῇ
3656 3430 3768 3482 τῶν

2093 3512 2420 3586 πειρασμῶν
2455 3513 2720 3582 ἐπαγωγῇ
2747 3511 2961 3582 νήφειν,
2986 3511 3080 3564 καὶ
3109 3511 3250 3582 πρὸς
3269 3512 3359 3564 τὸν
3377 3512 3508 3564 Θεὸν
3528 3513 3770 3583 βλέπειν,

2094 3600 2187 3655 καὶ
2245 3602 2462 3655 πάντων
2519 3599 2974 3670 καταγελάσασαν
3025 3599 3135 3652 τῶν
3187 3599 3584 3672 ἀνθρωπίνων,
3636 3601 3774 3673 πρὸς

2091 3691 2308 3760 ἐκείνην
2349 3689 2637 3759 κεχηνέναι
2657 3688 2756 3758 τὴν
2782 3688 3122 3758 συμμαχίαν.

2175 3781 2241 3834 Ἢ
2299 3781 2398 3850 μέν
2450 3775 2543 3831 οὖν
2586 3777 2740 3839 πόλις
2767 3787 2791 3815 ε
2822 3775 2995 3840 οὕτως
3033 3777 3418 3848 εὐδοκίμησεν
3451 3780 3479 3831 6
3509 3780 3564 3832 δὲ
3596 3781 3775 3853 ίερεὺς

2095 3872 2258 3926 πάλιν
2284 3872 2383 3942 οὐχ
2415 3866 2578 3942 ἦττον
2607 3869 2752 3940 ἥπερ
2787 3870 2820 3940 ή
2861 3869 3044 3933 πόλις⁶
3077 3870 3176 3940 τὴν
3207 3870 3315 3942 γὰρ
3361 3873 3556 3926 ἑαυτοῦ
3596 3875 3774 3947 ψυχὴν

2095 3959 2236 4029 ὑπὲρ
2272 3959 2488 4012 πάντων
2535 3957 2727 4021 ἔδωκε,
2762 3958 3030 4031 [⁸215]καὶ
3058 3959 3268 4013 πολλῶν
3309 3960 3476 4016 ὄντων
3517 3962 3628 4016 τῶν
3666 3981 3777 4017 κω-

2094 4047 2351 4112 λυόντων,
2391 4045 2484 4098 τοῦ
2544 4046 2833 4116 χειμῶνος,
2872 4047 2974 4115 τῆς
3015 4045 3254 4118 ήλικίας,
3289 4047 3389 4118 τῆς
3429 4049 3644 4121 ἑορτῆς,
3681 4055 3778 4107 καὶ

2093 4135 2194 4190 οὐκ
2226 4134 2446 4187 ἔλαττον
2461 4135 2559 4204 τῆς
2579 4133 2814 4205 ἀδελφῆς
2850 4135 2985 4206 πρὸς
3016 4135 3253 4206 ἐσχάτας
3279 4135 3446 4208 οὐσης
3469 4139 3776 4210 ἀναπνοὰς,

2095 4222 2354 4278 ἁπάντων
2393 4221 2727 4292 ὑψηλότερος
2760 4222 2979 4290 ἐγένετο
3004 4223 3114 4276 τῶν
3149 4222 3512 4294 κωλυμάτων,
3547 4228 3640 4279 καὶ
3674 4230 3777 4283 οὐκ

2096 4306 2216 4363 εἷπε
2242 4309 2379 4381 πρὸς
2406 4309 2627 4362 ἐαυτόνο
2659 4311 2725 4362 Τί
2757 4309 2914 4363 τοῦτο
2936 4327 2950 4374 ;
2978 4311 3010 4380 ή
3037 4311 3175 4381 μόνη
3201 4311 3613 4382 περιλειφθεῖσα
3644 4317 3778 4387 ήμῖν

2096 4396 2323 4468 ἀδελφὴ,
2354 4398 2447 4451 καὶ
2488 4399 2605 4469 μετ’
2636 4397 2772 4468 ἐμοῦ
2798 4397 2889 4450 τὸν
2917 4399 3006 4466 ζυγ
3020 4397 3078 4450 ὸν
3108 4397 3342 4452 ἕλκουσα
3384 4401 3480 4454 τοῦ
3513 4404 3776 4475 Χριστοῦ,

2099 4486 2194 4541 καὶ⁵
2213 4487 2467 4540 τοσοῦτόν
2494 4505 2583 4557 μοι
2613 4487 2979 4557 συνοικήσασα
3011 4487 3222 4557 χρόνον,
3243 4487 3378 4557 πρὸς
3408 4490 3642 4561 ἐσχάτας
3663 4495 3780 4550 ἐστὶ

2101 4573 2195 4625 νῦν
2225 4574 2498 4636 ἀναπνοάς
2522 4591 2535 4604 ·
2567 4577 2729 4644 ήμεῖς
2753 4574 2810 4627 δὲ
2827 4574 3000 4646 αὐτὴν
3028 4574 3458 4644 καταλείψαντες
3479 4579 3778 4634 ἀπελευσό-

2104 4659 2265 4732 μεθα,
2302 4663 2398 4717 καί¹
2435 4663 2534 4718 οὐκ
2579 4662 2824 4736 ὀψόμεθα
2855 4663 3189 4719 ἐκπνέουσαν
3217 4666 3310 4716 καὶ
3339 4664 3437 4728 τὰς
3463 4667 3780 4731 τελευταίας

2099 4748 2332 4816 ἀφεῖσαν
2349 4749 2562 4817 φωνάς;
2606 4749 2742 4801 Ἀλλ’
2766 4749 2905 4820 αὐτὴ
2932 4749 3028 4820 μὲν
3050 4749 3170 4802 καθ’
3201 4751 3438 4823 ἑκάστην
3463 4751 3661 4822 ηὐχετο
3683 4753 3780 4827 τὴν

2099 4836 2317 4908 ἡμέραν
2341 4839 2373 4907 ή
2385 4837 2492 4907 μᾶς
2508 4836 2602 4890 καὶ⁵
2630 4837 2942 4906 ὀφθαλμοὺς
2967 4837 3215 4894 καθελεῖν
3237 4841 3332 4894 κα)⁵
3351 4841 3526 4911 στόμα
3540 4843 3782 4898 συνελεῖν

2102 4927 2195 4979 καὶ
2229 4926 2587 4997 περιστεῖλαι,
2621 4928 2716 4978 καὶ
2743 4925 2814 4979 τὰ
2846 4926 2981 4984 ἄλλα
3011 4927 3188 4981 πάντα
3223 4928 3292 4982 τὰ
3332 4929 3470 5000 πρὸς
3494 4931 3586 4982 τὸν
3611 4932 3782 5002 τάφον

2103 5012 2562 5085 ὲπιμελήσασθαι·
2595 5014 2711 5068 νυνὶ
2726 5013 2782 5066 δέ
2801 5013 3053 5085 καθάπερ
3069 5015 3273 5086 ἔρημός
3289 5033 3371 5076 τις
3389 5019 3484 5070 καὶ
3505 5018 3780 5088 ἀπροστά-

2104 5119 2295 5165 τευτος
2334 5102 2550 5164 οὐδενὸς
2586 5101 2932 5166 ἐπιτεύξεται
2967 5103 3174 5156 τούτων
3205 5104 3356 5174 παρά
3395 5104 3491 5157 τοῦ
3521 5106 3779 5175 ἀδελφοῦ,

2105 5193 2238 5264 παρ’
2270 5183 2332 5244 οὗ
2384 5191 2623 5262 μάλιστα
2665 5191 2932 5263 ἐπεθύμει
2977 5196 3183 5263 τυχεῖν,
3240 5194 3355 5246 ἀλλ’
3403 5195 3630 5262 ἀφιεῖσα
3683 5196 3782 5266 τὴν

2104 5280 2306 5352 ψυχὴν,
2339 5282 2440 5335 οὐκ
2473 5281 2663 5352 ὄψεται
2692 5282 2784 5335 τὸν
2820 5282 3039 5334 πάντων
3071 5283 3210 5352 αὐτῇ
3254 5281 3662 5352 ποθεινότερον;
3688 5288 3784 5338 καὶ

2107 5371 2291 5424 πόσων
2315 5371 2416 5424 οὐκ
2446 5371 2598 5425 ἔσται
2625 5370 2871 5424 θανάτων
2898 5371 3034 5441 αὐτῇ
3058 5370 3214 5423 τοῦτο
3245 5367 3649 5440 βαρύτερονςΕἱ
3675 5373 3785 5446 γὰρ

2108 5458 2203 5512 καὶ
2233 5459 2519 5531 πόρρωθεν
2565 5461 2887 5527 ἀφεστήκει,
2918 5460 3020 5513 οὐκ
3066 5459 3174 5512 ἔδει
3215 5459 3444 5529 δραμεῖν
3484 5458 3579 5512 καὶ
3607 5461 3785 5520 πάντα

2108 5547 2332 5618 ποιῆσαι
2377 5549 2472 5601 καὶ
2520 5547 2734 5612 παθεῖν,
2767 5547 2908 5601 ὥστε
2942 5547 3148 5616 ταύτην
3182 5547 3318 5616 αὐτῇ
3352 5550 3662 5617 παρασχεῖν
3688 5552 3789 5621 τὴν

2110 5637 2301 5707 χάριν;
2354 5638 2448 5690 νῦν
2496 5638 2554 5691 δέ
2595 5638 2824 5707 πλησίον
2864 5637 2939 5690 ὢν
2995 5636 3414 5707 ἐγκαταλείψω,
3478 5640 3576 5690 καὶ
3627 5640 3789 5708 ἀφεὶς

2111 5725 2522 5795 ἀπελεύσομαι;
2557 5727 2652 5780 καὶ
2703 5727 2820 5789 πῶς
2848 5728 2985 5778 οῖσει
3013 5727 3109 5789 τάς
3145 5724 3286 5796 μετά
3319 5723 3496 5779 ταῦτα
3539 5727 3788 5798 ήμέρας;

2127 5813 2267 5868 Ἀλλ’
2294 5815 2449 5867 οὐδὲν
2475 5813 2681 5867 τούτων
2736 5815 2800 5866 οὐ
2858 5815 3018 5883 μόνον
3045 5814 3143 5868 οὐκ
3184 5809 3369 5879 εἶπεν,
3397 5811 3512 5866 ἀλλ’
3543 5814 3664 5869 οὐδὲ
3698 5816 3790 5879 ἐν·

2184 5922 2212 5962 ἀ
2234 5923 2329 5971 Alii
2360 5922 2437 5969 διά
2459 5923 2630 5980 λόγων,
2655 5921 2742 5970 alii
2766 5922 2844 5969 διὰ
2865 5922 3029 5983 λόγου.

2189 5986 2211 6011 θ
2238 5984 2334 6034 Alii
2371 5983 2508 6044 Ἡμῖν
2536 5984 2614 6032 οὐν
2637 5987 2664 6041 ἡ
2690 5985 2838 6038 πόλις.
