4046 6396
295 339 401 394 215

300 457 537 526 ἐνόησεν,
573 455 710 508 ἀλλὰ
737 455 831 508 καὶ
864 455 1044 524 πάσης
1074 457 1395 524 συγγενείας
1416 457 1507 510 τὸν
1533 456 1628 510 τοῦ
1660 457 1792 511 Θεοῦ
1823 475 1955 528 προ-

293 544 531 612 τιμήσας
567 542 751 612 φόϐον,
804 542 944 610 ἔγνω
984 541 1140 595 τοῦτο
1178 542 1359 606 καλῶς
1386 553 1428 606 ⁸,
1470 544 1550 596 ὅτι
1595 545 1846 615 καθάπερ
1871 545 1960 597 τὸν

293 631 637 702 κυϐερνήτην
664 633 712 684 οί
740 630 1028 701 χειμῶνες,
1047 630 1143 682 καὶ
1168 631 1260 683 τὸν
1291 631 1598 703 στρατηγὸν
1624 635 1672 683 οί
1703 632 1958 695 κίνδυνοι,

289 719 432 771 οὕτω
462 720 558 772 καὶ
592 720 683 773 τὸν
717 720 868 790 ἱερέα
897 719 924 770 6
951 718 1257 788 πειρασμὸς
1286 721 1431 770 ποιεῖ
1477 719 1785 787 φαίνεσθαι.
1821 721 1962 772 Πάν-

290 825 416 869 τες,
477 807 646 876 φησὶ,
706 807 842 878 πρὸς
887 808 1035 877 ἡμᾶς
1097 808 1356 877 κεχήνασι
1401 807 1496 860 καὶ
1564 806 1800 860 Ἰουδαῖοι
1872 808 1962 860 καὶ

296 896 589 966 Ἕλληνες·
626 896 703 966 μὴ
744 894 1197 964 καταισχύνωμεν
1245 895 1423 948 αὐτῶν
1468 895 1565 957 τὰς
1622 896 1750 966 περὶ
1801 895 1960 964 ήμῶν

293 985 536 1047 ἐλπίδας,
571 983 707 1053 μηδέ
741 981 998 1035 τοσοῦτον
1030 981 1363 1052 περιίδωμεν
1397 984 1674 1050 ναυάγιον,
1721 982 1856 1035 ἀλλά
1893 983 1961 1034 τὰ

293 1071 416 1123 καθ’
442 1071 591 1141 ἡμᾶς
619 1068 1014 1141 ἐπιτρέψαντες
1043 1070 1120 1139 τῷ
1145 1069 1265 1139 Θεῷ
1295 1069 1493 1134 πάντα,
1528 1072 1623 1122 καὶ
1659 1069 1755 1140 τὴν
1781 1069 1959 1140 ψυχὴν

290 1160 462 1230 αὐτὴν
499 1158 763 1229 ἐκδῶμεν.
797 1158 908 1211 Καὶ
947 1159 1139 1210 σκόπει
1169 1158 1360 1229 ἱερέως
1392 1157 1827 1228 μεγαλοψυχίαν.
1863 1159 1960 1210 καὶ

290 1247 428 1300 Θεοῦ
467 1246 911 1318 φιλανθρωπίαν
953 1239 1028 1299 ὧν
1066 1247 1349 1316 ὑπερεῖδεν
1397 1245 1654 1298 ἁπάντων
1682 1287 1697 1310 ,
1752 1244 1960 1298 τούτων

290 1335 605 1405 ἀπήλαυσεν
637 1333 917 1394 ἀπάντων,
951 1333 1038 1385 ἵνα
1071 1333 1288 1403 καὶτῆς
1314 1333 1619 1403 προθυμίας
1637 1331 1727 1384 τὸν
1773 1332 1960 1401 μισθὸν

289 1423 452 1495 λάϐῃ,
509 1423 605 1477 καὶ
658 1422 746 1476 διὰ
784 1421 888 1492 τῆς
916 1420 1272 1483 ἀπολαύσεως
1305 1421 1404 1490 τῆς
1438 1421 1589 1492 παρὰ
1627 1421 1960 1495 προσδοκίαν

295 1487 541 1582 μείζονος
559 1507 792 1580 ἐπιτύχῃ
949 1508 1162 1580 ἡδονῆς.
1193 1487 1379 1561 Εἵλετο
1399 1509 1498 1577 τὴν
1521 1487 1720 1579 ⁷ἐορτῆν
1743 1509 1836 1560 ἐπὶ
1861 1487 1961 1577 τῆς

289 1599 576 1670 ἀλλοτρίας
621 1599 714 1651 καὶ
767 1598 956 1668 πόρρω
983 1597 1090 1650 τῶν
1117 1597 1334 1650 οἰκείων
1370 1597 1683 1649 ἐπιτελέσαι
1728 1596 1816 1648 διὰ
1862 1596 1959 1667 τὴν

291 1690 388 1759 τῆς
437 1687 644 1750 πόλεως
699 1687 1004 1756 σωτηρίαν·
1033 1685 1061 1736 ὁ
1083 1685 1139 1738 δέ
1166 1684 1300 1747 Θεὸς
1343 1687 1450 1756 πρὸ
1488 1685 1580 1737 τοῦ
1609 1685 1802 1754 Πάσχα
1830 1686 1961 1754 ἡμῖν

289 1778 452 1831 αὑτὸν
485 1777 790 1836 ἀπέδωκεν,
829 1774 970 1827 ὥστε
1005 1774 1191 1845 κοινὴν
1231 1774 1348 1844 μεθ’
1385 1773 1538 1843 ὑμῶν
1567 1774 1594 1813 δ
1632 1775 1731 1844 τὴν
1769 1774 1962 1843 ἑορτὴν

289 1867 538 1934 ἀγαγεῖν,
580 1864 668 1917 ῖνα
695 1863 789 1916 καὶ
816 1863 915 1933 τῆς
955 1862 1332 1933 προαιρέσεως
1363 1860 1462 1931 ἔχῃ
1499 1860 1590 1912 τὸν
1632 1859 1844 1930 μισθὸν,
1869 1861 1963 1915 καὶ

289 1957 388 2024 τῆς
439 1952 776 2021 εὐφροσύνης
822 1949 1103 2020 ἀπολαύσῃ
1163 1949 1430 2020 μείζονος.
1491 1950 1604 2002 Οὐκ
1658 1948 1831 2001 ἐδεισε
1863 1949 1963 2020 τὴν

290 2042 437 2111 ῶραν
464 2041 555 2093 τοῦ
588 2039 759 2100 ἔτους,
786 2039 880 2090 καί¹
909 2037 1066 2106 Θέρος
1099 2036 1247 2106 παρά
1277 2035 1455 2088 πάντα
1480 2035 1670 2103 γέγονε
1705 2036 1804 2106 τῆς
1827 2038 1963 2090 ἀποο

289 2130 488 2199 δημίας
515 2129 606 2181 τὸν
638 2127 860 2197 καιρόν·
922 2125 1020 2195 οὐχ
1071 2124 1435 2192 ὑπελογίσατο
1464 2123 1559 2194 τὴν
1593 2124 1832 2193 ἡλικίαν,
1868 2125 1962 2177 καὶ

292 2217 546 2286 καθάπερ
569 2215 684 2278 νέος
706 2216 800 2267 καὶ
818 2212 1087 2284 σφριγῶν,
1119 2210 1260 2263 οὕτω
1285 2213 1402 2282 μετ’
1425 2211 1676 2272 εὐκολίας
1704 2211 1960 2282 διέδραμε

292 2305 390 2374 τὴν
422 2303 638 2374 μακράν
667 2303 869 2372 ταύτην
891 2301 1007 2354 όδόν
1025 2317 1039 2330 ο
1065 2301 1165 2352 οὑκ
1197 2300 1449 2370 ἐνενόησε
1471 2300 1570 2369 τὴν
1590 2299 1842 2370 τελευτὴν
1864 2301 1962 2370 τῆς

297 2397 550 2467 ἀδελφῆς,
603 2395 723 2447 οὐδὲ
775 2391 1200 2462 κατεμαλάχθη·
1261 2391 1355 2443 καὶ
1411 2389 1725 2443 ἐπανελθὼν
1778 2389 1960 2452 ζῶσαν

291 2483 460 2551 αὐτὴν
504 2480 820 2551 κατείληφε,
863 2479 958 2532 καὶ
1007 2478 1246 2543 πάντων,
1290 2471 1363 2530 ὧν
1411 2477 1696 2548 ὑπερεῖδε,
1743 2476 1961 2530 πάντων

293 2569 546 2622 ἐπέτυχε.

366 2586 576 2724 aug-:1
601 2655 629 2706 6
663 2651 764 2723 μὲν
815 2651 994 2723 ίερεύς
1029 2649 1202 2714 οὕτως
1249 2649 1535 2721 εὐδόκιμος
1574 2650 1767 2718 γέγονε
1809 2651 1962 2721 παρὰ

291 2743 410 2812 Θεῷ
432 2742 523 2796 καί
553 2740 652 2795 ἀνθ
663 2741 886 2812 ρώποις³
907 2741 998 2793 τὸν
1027 2739 1250 2812 βασιλέα
1278 2740 1334 2792 δὲ
1351 2739 1443 2791 τοῦ
1463 2739 1791 2809 διαδήματος
1818 2739 1958 2811 λαμ-

293 2832 554 2902 πρότερον
582 2829 738 2882 τοῦτο
767 2827 827 2880 τὸ
871 2829 1107 2898 πρᾶγμα
1153 2827 1448 2897 ἐκόσμησε.
1485 2827 1706 2898 Πρῶτον
1755 2828 1854 2898 μὲν
1879 2829 1959 2880 ὅτι

290 2920 450 2988 δῆλον
494 2917 710 2985 ἐγένετο
739 2916 883 2978 τότε,
914 2916 994 2968 ὅτι
1031 2915 1176 2984 ἅπερ
1217 2914 1393 2967 οὐδενὶ
1423 2915 1615 2986 ἐτέρω,
1654 2913 1828 2968 ταῦτα
1860 2932 1960 2985 χα-

295 3011 489 3079 ριεῖται
521 3011 632 3070 τοῖς
671 3003 905 3075 ἱερεῦσιν
926 3021 940 3035 ’
966 3005 1178 3067 ἔπειτα,
1221 3004 1302 3056 ὅτι
1331 3004 1426 3056 καὶ
1457 3004 1597 3072 μετά
1636 3003 1833 3056 πολλοῦ
1866 3003 1960 3056 τοῦ

292 3097 487 3166 τάχους
518 3096 615 3162 τὴν
659 3094 818 3164 χάριν
850 3092 1038 3154 ἔδωκε,
1085 3093 1178 3144 καὶ
1224 3091 1324 3160 τὴν
1355 3091 1525 3162 ὀργὴν
1565 3090 1775 3145 ἔλυσεν.
1820 3090 1963 3143 Ἀλλ’

293 3184 380 3236 ἵια
407 3183 737 3252 σαφέστερον
759 3180 856 3233 καλ⁸
882 3178 976 3231 τοῦ
1003 3178 1264 3249 βασιλέως
1293 3177 1388 3248 τὴν
1414 3177 1836 3247 μεγαλοψυχίαν,
1869 3179 1964 3232 καὶ

292 3267 385 3321 τοῦ
418 3269 607 3339 ἱερέως
638 3267 734 3335 τὴν
768 3266 981 3334 σοφίαν,
1019 3266 1114 3317 καὶ
1143 3264 1249 3334 πρὸ
1279 3264 1483 3316 τούτων
1513 3265 1839 3335 ἀμφοτέρων
1867 3264 1960 3316 τοῦ

292 3353 429 3406 Θεοῦ
454 3354 661 3424 μάθητε
677 3352 776 3423 τὴν
797 3351 1224 3422 φιλανθρωπίαν,
1255 3351 1372 3403 δότε
1401 3367 1488 3420 μοι
1509 3349 1655 3422 [216]
1675 3353 1844 3422 μικρά
1863 3352 1964 3422 τῆς

294 3443 409 3495 ἐκεῖ
439 3438 812 3509 γεγενημένης
855 3438 1198 3510 δημηγορίας
1234 3437 1594 3508 διηγήσασθαι
1627 3437 1763 3507 πρὸς
1795 3440 1959 3508 ὑμᾶς.

239 3537 277 3600 f/
376 3527 516 3598 Ἐρῶ
535 3528 592 3580 δέ
615 3526 650 3580 ἂ
679 3526 834 3597 παρά
864 3543 1011 3589 τινος
1043 3525 1152 3579 τῶν
1184 3524 1332 3578 ἐνδον
1362 3524 1616 3578 ἑστώτων
1647 3525 1852 3596 ἔμαθον
1874 3545 1885 3556 ·
1935 3530 1964 3580 ὁ

303 3617 402 3685 μὲν
426 3616 534 3683 γὰρ
566 3614 751 3685 πατὴρ
779 3612 902 3666 οὐτε
941 3613 1133 3683 μικρὸν
1158 3611 1282 3664 οὐτε
1315 3611 1458 3682 μέγα
1479 3608 1600 3664 εἷπε
1628 3607 1762 3682 πρὸς
1791 3615 1959 3684 ἡμᾶς,

288 3679 566 3772 ἀλλά-τῆν
613 3679 828 3752 Παῦλου
873 3679 1278 3769 μεγαλοψυχίαν
1316 3679 1708 3768 μιμούμενος,
1753 3679 1844 3754 ἀεῖ
1896 3701 1962 3754 τὰ

225 3771 261 3897 ἷὶ
285 3792 469 3843 ,οἰκεῖα
506 3788 735 3859 κρύπτει
765 3787 1186 3858 κατορθώματα,
1219 3787 1466 3858 καὶπρὸς
1492 3791 1619 3851 τοὺς
1643 3789 1962 3858 ἐρωτῶντας

299 3876 566 3897 __,_,.__4_-_,",
636 3875 685 3897 _!
723 3875 816 3897 -Αὶ
837 3891 855 3897 Α
891 3874 977 3897 ρὶ-.
1011 3874 1230 3897 D__-'..'_.
1281 3871 1397 3897 -τ-.-
1469 3875 1558 3897 ---ἱ
1608 3875 1723 3897 ...⁴.-
1755 3875 1935 3897 ιι-----

294 3876 590 3944 πανταχοῦ,
634 3875 686 3926 τί
720 3875 855 3945 πρὸς
888 3874 978 3926 τὸν
1011 3874 1235 3943 βασιλέα
1279 3871 1420 3938 εἰπε,
1469 3875 1564 3927 καὶ
1605 3875 1723 3937 πῶς
1753 3875 1960 3938 ἔπεισε,

287 3966 391 4019 ικαὶ
416 3963 532 4026 πῶς
550 3961 716 4015 αὑτοῦ
747 3962 844 4031 τὴν
869 3961 1037 4032 ὀργὴν
1067 3961 1320 4024 ἐξέϐαλεν
1353 3961 1780 4025 ἆπασαν,ταῦτα
1809 3962 1962 4032 ἔλεγε

286 4055 364 4106 -τά
399 4055 648 4122 ῥήματα·
691 4048 860 4103 Οὐδὲν
892 4051 1050 4120 ήμεῖς
1084 4051 1162 4112 εἰς
1191 4050 1251 4103 τὸ
1277 4045 1508 4120 πρᾶγμα
1541 4051 1960 4120 εἰσηνέγκαμεν,

287 4141 411 4198 ¹ἀλλ’
435 4139 595 4206 αὐτὸς
633 4139 660 4192 6
691 4137 965 4208 βασιλεὺς,
994 4136 1087 4189 τοῦ
1125 4135 1258 4188 Θεοῦ
1299 4135 1633 4207 μαλάξαντος
1672 4137 1836 4190 αὐτοῦ
1866 4139 1962 4210 τὴν

296 4228 542 4298 καρδίαν,
575 4227 669 4278 καὶ
694 4224 799 4296 πρὸ
825 4224 934 4277 τῶν
957 4223 1241 4295 ἡμετέρων
1283 4225 1545 4294 ῥημάτων
1577 4226 1756 4280 πᾶσαν
1782 4227 1961 4297 ἀφῆκε

295 4318 390 4388 τὴν
424 4314 613 4386 ὀργὴν,
642 4313 736 4367 καὶ
764 4312 856 4366 τὸν
885 4311 1056 4381 θυμὸν
1085 4311 1264 4374 ἔλυσε,
1296 4313 1390 4363 καὶ
1420 4312 1549 4382 περὶ
1581 4312 1689 4364 τῶν
1728 4331 1961 4388 γεγενη-

300 4403 474 4473 μένων
496 4398 899 4466 διαλεγόμενος,
922 4398 997 4461 ώς
1031 4398 1218 4468 ἐτέρου
1248 4398 1393 4461 τινὸς
1423 4397 1791 4470 ὑϐρισθέντος,
1819 4401 1962 4457 οὕτω

293 4489 362 4542 τὰ
394 4488 676 4560 συμϐάντα
711 4487 925 4540 ἅπαντα
959 4484 1127 4558 χωρὶς
1153 4486 1321 4555 ὀργῆς
1353 4485 1609 4556 διηγεῖτο.
1647 4487 1786 4540 Ἃλλ⁹
1817 4489 1962 4565 ἅπερ

297 4573 453 4641 οὗτος
482 4576 797 4648 ἀπέκρυψεν
829 4575 936 4628 ἀπὸ
966 4575 1485 4646 ταπεινοφροσύνης,
1537 4577 1710 4631 ταῦτα
1757 4582 1784 4633 6
1830 4581 1960 4646 Θεὸς

293 4669 374 4730 είς
437 4665 600 4736 μέσον
648 4664 933 4735 ἐξήνεγκε.
989 4664 1122 4718 Τίνα
1185 4664 1242 4715 δέ
1304 4665 1420 4717 ἐστι
1478 4663 1687 4733 ταῦτα;
1749 4669 1960 4740 Μικρὸν

293 4755 551 4823 ἀνωτέρω
594 4753 682 4805 τὸν
727 4753 885 4821 λόγον
921 4750 1142 4820 ἀγαγὼν
1185 4751 1314 4821 ὑμῖν
1343 4751 1698 4824 διηγήσομαι.
1744 4755 1960 4829 Ἐπειδὴ

293 4842 401 4913 γὰρ
429 4840 617 4912 ἐξῆλθε
645 4841 742 4910 τῆς
787 4840 993 4902 πόλεως
1025 4840 1232 4902 πάντας
1276 4841 1333 4892 ἐν
1377 4838 1612 4911 τοσαύτῃ
1645 4843 1963 4898 καταλιπὼν

293 4930 520 5007 ἀθυμίᾳ,
575 4927 753 4997 πολλῷ
779 4928 1056 4997 δεινότερα·
1099 4925 1255 4997 ήμῶν
1297 4924 1500 5001 ἔπασχε
1545 4928 1654 4982 τῶν
1677 4931 1734 4984 ἐν
1780 4931 1963 4996 αὐτοῖς

259 5073 266 5086 ,
293 5019 462 5071 όντων
489 5020 600 5079 τοῖς
620 5015 834 5079 δεινοῖς.
866 5013 1088 5085 Πρῶτον
1132 5015 1229 5085 μὲν
1261 5013 1370 5085 γὰρ
1401 5016 1795 5086 συγγενόμενος
1820 5021 1962 5072 κατά

297 5107 468 5180 μέσην
495 5105 592 5176 τὴν
625 5105 743 5157 ww
777 5106 888 5166 τοῖς
916 5104 1010 5156 έπν.
1164 5102 1408 5168 ἐξέτασιν
1437 5103 1544 5158 τῶν
1579 5109 1960 5177 γεγενημένων

256 5189 264 5265 ζ
294 5194 446 5263 παρὰ
481 5192 573 5246 τοῦ
630 5191 890 5261 βασιλέως
927 5190 1245 5260 πεμφθεῖσι,
1281 5191 1374 5242 καὶ
1427 5190 1614 5253 μαθὼν
1645 5196 1772 5265 παρ’
1809 5197 1956 5248 ἐκεί-

295 5259 420 5340 νων,
463 5280 546 5349 ἐφ’
569 5259 650 5343 οἷς
676 5275 816 5352 ἦσαν
870 5259 1292 5347 ἀπεσταλμένοι,
1322 5279 1415 5330 καὶ
1440 5279 1506 5330 τὰ
1537 5259 1957 5353 καταληψόμενα

253 5355 393 5438 ζτὴν
436 5369 586 5422 πόλιν
633 5367 1084 5437 ἀναλογιζόμενος
1117 5366 1288 5430 δεινά,
1341 5368 1467 5428 τοὺς
1521 5367 1801 5439 θορύϐους,
1860 5375 1959 5437 τὰς

296 5458 558 5524 ταραχάς,
609 5455 706 5528 τὴν
758 5454 957 5526 φυγὴν,
1013 5454 1106 5506 τὸν
1154 5452 1338 5522 φόϐον,
1385 5453 1484 5524 τὴν
1519 5455 1776 5523 ἀγωνίαν,
1829 5463 1956 5526 τοὺς

296 5540 594 5604 κινδύνους,
621 5542 804 5612 πηγὰς
835 5542 983 5610 ἠφίει
1007 5539 1280 5610 δακρύων,
1301 5537 1408 5592 τῶν
1445 5539 1768 5612 σπλάγχνων
1807 5547 1956 5619 αὐτῷ

294 5623 730 5695 διακοπτομένων
754 5638 777 5665 ε
801 5643 816 5658 ο
838 5631 949 5689 τοῖς
975 5627 1082 5697 γὰρ
1115 5626 1389 5696 πατράσιν
1411 5624 1532 5690 ἔθος
1563 5629 1741 5702 πολλῷ
1770 5633 1954 5702 μεῖζον

358 5711 384 5771 ἒ
414 5711 503 5756 Alii
530 5712 689 5771 φόϐον.
715 5714 827 5763 Εἶδε
847 5712 990 5762 τοῦτο
1010 5715 1184 5768 καλῶς.

359 5770 387 5808 b
412 5770 559 5841 savii}
587 5781 640 5820 et
675 5774 860 5841 aliquot
888 5789 999 5823 mss.
1027 5777 1153 5823 ὥστε
1184 5781 1317 5836 κοινῇ
1359 5779 1456 5838 μεθ’
1482 5780 1634 5841 ἡμῶν.
1665 5781 1816 5831 [idem
1843 5799 1949 5835 mox

299 5833 472 5898 Iva._x_a.i.
499 5837 581 5898 τῇς
596 5833 873 5894 προθέσεως.

369 5894 390 5924 ε
415 5891 560 5944 Sam.
587 5891 643 5940 et
670 5901 770 5942 tres
791 5910 906 5947 ωδε.
930 5898 1055 5958 αὐτῷ
1079 5901 1434 5960 διασπωμένων.

1072 339 1127 393 s.
1152 319 1445 394 JOANNis'
1475 339 1960 396 cuanosmm

2065 341 2324 398 RCHIEP.
2362 341 2916 399 CONSTANTINOP.

3621 341 3729 398 2U.

2066 459 2272 526 ἀλγεῖν,
2305 460 2433 513 ὅταν
2476 459 2608 530 μηδὲ
2644 462 2899 529 παρεῖναι
2928 457 3193 512 δύνωνται
3223 457 3581 528 κακουμένοις
3617 462 3728 521 τοῖς

2063 545 2269 597 ἑαυτῶν
2324 547 2533 599 παισίν.
2598 548 2663 598 Ὃ
2711 546 2775 617 δὴ
2831 546 2924 598 καὶ
2965 547 2995 598 ὀ
3043 543 3529 615 φιλοστοργότατος
3575 540 3730 608 οὗτος

2061 633 2322 702 ἔπασχεν,
2345 634 2403 686 ού
2421 633 2491 686 τὰ
2522 633 2948 704 καταληψόμενα
2969 633 3118 703 ἡμᾶς
3141 632 3292 685 δεινά
3309 630 3521 702 θρηνῶν
3546 632 3726 701 μόνον,

2061 718 2198 770 ἀλλά
2230 720 2323 772 καὶ
2351 719 2411 771 τὸ
2433 720 2622 789 πόρρω
2654 719 2826 772 ταῦτα
2852 718 3172 789 πασχόντων
3205 717 3362 786 ήμῶν
3383 716 3524 770 εἶναι
3543 734 3555 747 ·
3592 717 3730 786 πλὴν

2063 804 2205 858 ἀλλά.
2245 806 2339 858 καὶ
2383 807 2542 858 τοῦτο
2579 807 2719 877 ύπέρ
2743 807 2843 874 τῆς
2866 805 3144 876 ἡμετέρας
3185 805 3396 872 ἐγίνετο
3435 805 3728 874 σωτηρίας.

2077 890 2293 961 Ἐπειδὴ
2321 891 2432 960 γάρ
2481 889 2650 960 ἔμαθε
2685 890 2860 943 ταῦτα
2899 892 3028 960 παρ’
3080 890 3339 954 ἐκείνων,
3395 888 3733 958 θερμοτέρας

2059 978 2210 1046 ήφίει
2254 977 2436 1046 πηγάς
2468 977 2738 1048 δακρύων,
2767 980 2861 1030 καὶ
2896 977 3033 1048 μετὰ
3063 977 3309 1040 πλείονος
3335 977 3571 1046 δεήσεως
3597 977 3733 1046 πρὸς

2060 1064 2190 1116 Θεὸν
2223 1065 2553 1133 κατέφευγε,
2585 1065 2682 1117 καὶ
2733 1064 2832 1129 τὰς
2878 1064 3081 1127 νύκτας
3124 1065 3330 1128 άῦπνος
3359 1065 3512 1134 διῆγε
3553 1083 3730 1135 παρα-

2061 1150 2263 1212 καλῶν,
2305 1153 2399 1204 καὶ
2431 1155 2495 1222 τῇ
2534 1151 2687 1204 πόλει
2740 1153 3146 1221 παραγενέσθαι
3197 1150 3370 1203 ταῦτα
3421 1151 3726 1221 πασχούσῃ,

2061 1243 2156 1292 καὶ
2186 1239 2280 1292 τοῦ
2316 1240 2579 1309 βασιλέως
2621 1241 2931 1310 πραοτέραν
2972 1241 3196 1309 ποιῆσαι
3219 1238 3316 1309 τὴν
3347 1238 3603 1291 διάνοιαν.
3643 1240 3730 1298 Ὠς

2059 1324 2116 1376 δέ
2153 1322 2323 1393 ἐπέϐη
2369 1324 2465 1392 τῆς
2499 1323 2743 1394 μεγάλης
2783 1323 2994 1386 πόλεως
3049 1322 3265 1391 ἐκείνης
3289 1361 3303 1384 ,
3343 1321 3437 1374 καὶ
3492 1323 3569 1383 εἰς
3628 1321 3728 1384 τὰς

2063 1406 2346 1476 βασιλικὰς
2382 1406 2630 1477 εἰσῆλθεν
2676 1406 2864 1470 αὐλάς,
2900 1407 3145 1478 εἱστήκει
3191 1405 3282 1458 τοῦ
3323 1405 3584 1475 βασιλέως
3606 1406 3730 1476 πόρ-

2062 1492 2270 1562 ρωθεν,
2310 1492 2553 1559 ἄφωνος,
2603 1491 2852 1562 δακρύων
2876 1532 2890 1555 ,
2939 1491 3089 1544 κάτω
3132 1490 3374 1553 κύπτων,
3401 1489 3731 1557 ἐγκαλυπτό-

2065 1592 2244 1645 μενος,
2278 1575 2466 1644 ὤσπερ
2502 1575 2665 1638 αὐτὸς
2718 1573 2792 1628 ὢν
2835 1576 2862 1627 6
2907 1574 3084 1627 πάντα
3121 1574 3496 1644 ἐργασάμενος
3526 1575 3726 1627 ἐκεῖνα.

2071 1656 2363 1711 ιἘποίειδέ
2388 1658 2567 1724 τοῦτο,
2605 1657 2683 1729 τῷ
2720 1659 2980 1728 σχήματι,
3020 1657 3097 1727 τῷ
3134 1656 3425 1726 βλέμματι,
3461 1659 3573 1720 τοῖς
3598 1656 3730 1727 θρή-

2060 1757 2171 1804 νοις
2199 1741 2464 1813 πρότερον
2490 1742 2896 1795 ἐπισπάσασθαι
2929 1740 3248 1811 βουλόμενος
3270 1741 3427 1793 αὐτὸν
3452 1743 3531 1803 εἰς
3560 1740 3728 1804 ἐλεον,

2061 1830 2156 1882 καὶ
2187 1830 2309 1882 τότε
2340 1830 2608 1900 ἄρξασθαι
2628 1830 2727 1899 τῆς
2765 1830 2906 1901 ὑπὲρ
2941 1828 3099 1899 ἡμῶν
3125 1828 3419 1895 ἀπολογίας
3438 1843 3452 1857 ·
3490 1828 3585 1898 μία
3621 1826 3730 1898 γάρ

2059 1918 2172 1978 τοῖς
2201 1916 2610 1986 ἁμαρτάνουσιν
2639 1915 2994 1969 ἀπολείπεται
3030 1912 3352 1984 συγγνώμη,
3376 1913 3436 1966 τὸ
3459 1915 3614 1982 σιγᾷν
3635 1913 3750 1964 καὶ·

2066 2002 2232 2074 μηδὲν
2268 2004 2408 2074 ὑπὲρ
2465 2003 2574 2056 τῶν
2603 2005 2991 2074 γεγενημένων
3040 2002 3392 2071 φθέγγεσθαι.
3452 2001 3731 2054 Ἐϐούλετο

2061 2085 2169 2156 γὰρ
2209 2085 2272 2155 δὴ
2316 2086 2486 2149 πάθος
2524 2086 2584 2138 τὸ
2611 2087 2708 2156 μὲν
2744 2086 3067 2154 ἐξενεγκεῖν,
3121 2085 3183 2138 τὸ
3221 2085 3278 2137 δέ
3327 2087 3652 2152 εἰσενεγκεῖν
3677 2081 3727 2144 ἀ,

2061 2168 2312 2221 ἐκϐαλεῖν
2357 2169 2455 2239 μὲν
2500 2170 2591 2222 τὸν
2635 2169 2831 2239 θυμὸν,
2874 2170 3190 2237 εἰσαγαγεῖν
3238 2167 3296 2220 δὲ
3331 2166 3592 2237 ἀθυμίαν,
3645 2165 3732 2218 ἵνα

2061 2256 2204 2309 οὑτω
2234 2257 2636 2331 προοδοποιήσῃ
2669 2261 2783 2321 τοῖς
2828 2258 2928 2327 τῆς
2961 2256 3259 2326 ἀπολογίας
3285 2258 3525 2327 ῥήμασιν
3551 2272 3563 2284 ·
3596 2257 3731 2326 ὅπερ

2060 2341 2152 2397 οῦν
2204 2347 2298 2398 καὶ
2344 2346 2579 2413 ἐγένετο.
2617 2346 2727 2399 Καὶ
2761 2346 3013 2417 καθάπερ
3073 2345 3318 2414 Μωῦσῆς
3373 2345 3454 2405 εἰς
3503 2343 3563 2395 τὸ
3608 2341 3731 2412 ὅρος

2062 2433 2295 2503 ἀναϐάς,
2338 2433 2432 2489 τοῦ
2467 2434 2595 2486 λαοῦ
2651 2433 3186 2506 προσκεκρουκότος,
3227 2433 3440 2502 ἄφωνος
3493 2431 3730 2501 εἱστήκει

2061 2521 2257 2586 αὐτὸς,
2315 2520 2418 2584 ἕως
2467 2523 2496 2573 ὁ
2541 2521 2673 2586 Θεὸς
2722 2521 2885 2576 αὑτὸν
2933 2519 3290 2586 ἐξεκαλέσατο
3323 2517 3515 2582 εἰπὼν,
3561 2519 3731 2584 ’Ἄφες

2054 2627 2153 2678 με,
2178 2609 2277 2663 καί
2321 2609 2625 2678 ἐξαλείψω
2672 2610 2780 2664 τὸν
2807 2609 2963 2664 λαὸν
2993 2608 3249 2664 τοῦτον-ο
3281 2607 3424 2661 οὑτω
3455 2607 3550 2659 καὶ
3583 2601 3730 2668 οὗτος

2061 2697 2331 2767 ἐποίησεν.

2144 2786 2290 2840 Ἰδὼν
2330 2785 2512 2839 τοίνυν
2560 2786 2722 2839 αὐτὸν
2758 2788 2785 2839 6
2821 2786 3074 2856 βασιλεὺς
3103 2785 3408 2858 δακρύοντα
3446 2785 3543 2839 καὶ
3587 2785 3733 2839 κάτω

2061 2871 2358 2937 κύπτοντα,
2412 2871 2714 2943 προσῆλθεν
2746 2873 2930 2936 αὐτὸς,
2974 2875 3070 2926 καὶ
3119 2873 3255 2944 ὅπερ
3291 2872 3460 2925 ἔπαθε
3505 2872 3594 2927 διὰ
3624 2871 3731 2925 τῶν

2061 2958 2315 3029 δακρύων
2356 2957 2450 3012 τοῦ
2497 2960 2707 3031 ἱερέως,
2743 2960 2903 3013 τοῦτο
2937 2961 3145 3014 ἐδείκνυ
3177 2961 3266 3014 διὰ
3314 2960 3422 3019 τῶν
3474 2961 3731 3032 ῥημάτων

2060 3046 2168 3100 τῶν
2193 3047 2328 3118 πρὸς
2350 3047 2510 3100 αὐτόν
2527 3064 2542 3078 ο
2576 3049 2636 3100 ού
2664 3048 2771 3118 γὰρ
2792 3049 3136 3120 θυμουμένου
3161 3049 3279 3102 οὐδὲ
3301 3048 3730 3116 ἀγανακτοῦντος

2060 3130 2202 3204 ἦσαν
2247 3136 2295 3186 οί
2329 3135 2497 3204 λόγοι,
2526 3135 2641 3188 ἀλλ’
2670 3136 2964 3204 ἀλγοῦντος
2991 3153 3004 3166 ·
3050 3138 3151 3189 οὐκ
3192 3135 3575 3208 ὀργιζομένου,
3617 3136 3730 3189 ἀλλ’

2063 3222 2399 3290 ἀθυμοῦντος
2432 3222 2582 3294 [217]
2616 3224 2709 3276 καὶ
2738 3224 3052 3296 περιοδυνία
3087 3224 3452 3294 κατεχομένου
3487 3223 3687 3294 μᾶλλον
3713 3239 3726 3252 ·

2063 3310 2154 3362 καὶ
2177 3310 2258 3361 ὅτι
2280 3309 2434 3363 τοῦτό
2463 3313 2610 3363 ἐστιν
2640 3311 2858 3381 ἀληθὲς,
2888 3313 3028 3366 αὐτὰ
3056 3312 3123 3365 τὰ
3154 3314 3375 3382 ῥήματα
3404 3311 3729 3374 ἀκούσαντες

2063 3397 2296 3450 εἴσεσθε.
2322 3399 2395 3451 Οὐ
2427 3399 2532 3469 γὰρ
2557 3395 2698 3452 εἶπε⁸
2725 3400 2789 3451 Τί
2822 3417 2952 3452 ποτε
2975 3399 3133 3452 τοῦτό
3157 3403 3333 3462 ἐστιν;
3361 3399 3502 3469 ὑπὲρ
3527 3398 3731 3468 ἀνθρώ-

2064 3504 2181 3540 πων
2221 3486 2432 3557 μιαρῶν
2469 3488 2561 3540 καὶ
2607 3489 2969 3558 παμμιάρων,
3007 3490 3101 3541 καὶ
3149 3488 3245 3551 οὓς
3291 3487 3416 3540 οὔτε
3453 3489 3554 3558 ζῇν
3603 3487 3726 3550 ἔδει,

2064 3575 2362 3646 πρεσϐείαν
2394 3576 2548 3644 ἥκεις
2574 3574 2835 3645 κομίξων,
2873 3575 2983 3629 τῶν
3007 3577 3308 3647 τυράννων,
3346 3575 3454 3628 τῶν
3477 3593 3726 3645 νεωτερο-

2065 3662 2233 3716 ποιῶν
2261 3662 2370 3714 τῶν
2405 3662 2583 3732 πάσης
2610 3663 2777 3729 ἀξίων
2819 3663 3123 3730 κολάσεως;
3167 3663 3326 3717 Ἀλλά
3355 3663 3535 3718 πάντα
3562 3663 3729 3716 ταῦτα

2063 3757 2220 3823 ἀφεὶς
2245 3757 2311 3810 τὰ
2333 3758 2571 3826 ῥήματα,
2599 3757 2896 3826 ἀπολογίαν
2918 3758 3216 3828 συνέθηκεν
3245 3761 3515 3832 ἐντροπῆς
3540 3765 3727 3829 γέμου-

2065 3860 2162 3895 σαν
2193 3845 2285 3896 καὶ
2308 3842 2633 3915 βαρύτητος,
2674 3845 2766 3897 καὶ
2793 3844 2894 3909 τὰς
2943 3846 3139 3899 ἐαυτοῦ
3189 3847 3484 3915 κατέλεγεν
3511 3849 3725 3917 εὐεργε-

2064 3927 2219 3991 σίας,
2270 3929 2399 3991 ὅσας
2437 3928 2590 3998 παρά
2631 3929 2806 3982 πάντα
2837 3929 2929 3983 τὸν
2969 3930 3159 4000 καιρὸν
3197 3931 3298 4000 τῆς
3331 3930 3606 4000 βασιλείας
3631 3930 3723 3997 τὴν

2063 4014 2214 4066 πόλιν
2243 4016 2398 4085 ήμῶν
2427 4015 2784 4086 εὐηργέτησε,
2815 4017 2910 4070 καὶ
2934 4016 3020 4085 ἐφ’
3038 4016 3252 4084 ἑκάστῳ
3279 4016 3461 4086 έλεγεν
3482 4028 3529 4055 ε·
3549 4013 3726 4070 Ταῦτά

2067 4119 2134 4171 με
2166 4103 2280 4154 ἀντ’
2327 4102 2548 4156 ἐκείνων
2605 4103 2798 4156 παθεῖν
2852 4103 2994 4170 ἔδεις
3046 4105 3217 4158 ποίων
3267 4105 3620 4176 ἀδικημάτων
3662 4121 3723 4174 με

2062 4189 2267 4260 ταύτην
2313 4190 2622 4259 ἐπράξαντο
2660 4191 2850 4262 δίκην;
2887 4191 2953 4244 Τί
3004 4193 3200 4263 μικρὸν
3238 4193 3270 4264 ἢ
3305 4193 3451 4262 μέγα
3480 4191 3722 4260 ἐγκαλεῖν

2063 4277 2299 4348 ἔχοντες,
2324 4279 2424 4331 οὐκ
2456 4280 2536 4342 είς
2560 4279 2661 4348 ἐμὲ
2688 4280 2872 4348 μόνον,
2913 4279 3050 4334 ἀλλὰ
3081 4281 3175 4334 καὶ
3207 4282 3288 4344 είς
3317 4283 3442 4344 τοὺς
3473 4280 3725 4334 ἀπελθόν-

2065 4383 2164 4428 τας
2197 4365 2522 4436 ἐνύϐρισαν;
2551 4368 2650 4420 οὐκ
2679 4368 2837 4438 ἤρκει
2877 4368 2968 4421 τὸν
2999 4367 3169 4438 θυμὸν
3209 4369 3399 4439 στῆναι
3432 4369 3596 4439 μέχρι
3625 4367 3727 4422 τῶν

2064 4452 2320 4518 ζώντων;
2355 4452 2467 4506 ἀλλ’
2496 4455 2544 4506 εἰ
2579 4453 2653 4524 μὴ
2701 4454 2796 4508 καὶ
2841 4455 2967 4518 τοὺς
3001 4455 3273 4523 ταφέντας
3321 4455 3725 4527 καθυϐρίσαιεν,

2063 4541 2215 4594 οὐδὲν
2241 4542 2503 4610 ἐνόμισαν
2523 4541 2766 4595 νεανικὸν
2795 4545 2987 4597 ποιεῖν.
3034 4543 3399 4614 Ἠδικήκαμεν
3431 4545 3625 4614 ἡμεῖς,
3656 4543 3727 4606 ὠς

2064 4630 2217 4682 αὐτοὶ
2252 4627 2534 4698 νομίζουσι
2552 4644 2567 4660 ο
2597 4627 2792 4681 οὐκοῦν
2813 4628 2921 4682 τῶν
2943 4629 3151 4700 νεκρῶν
3181 4629 3469 4698 φείσασθαι
3496 4630 3603 4682 ἔδει
3626 4630 3728 4682 τῶν

2063 4712 2216 4765 οὐδὲν
2242 4712 2606 4781 ἠδικηκότων·
2633 4713 2694 4765 ού
2727 4713 2836 4783 γὰρ
2867 4713 2929 4784 δὴ
2974 4713 3243 4777 κάκείνοις
3279 4713 3450 4766 ταῦτα
3477 4713 3728 4782 ἐγκαλεῖν

2065 4795 2230 4870 εἶχον.
2263 4799 2398 4869 Οὐχί
2429 4799 2631 4869 ταύτην
2683 4799 2902 4853 πάντων
2955 4800 3244 4874 προῦθηκα
3288 4802 3386 4872 τὴν
3432 4802 3590 4854 πόλιν
3622 4803 3724 4864 ἀεὶ,

2064 4889 2156 4941 καὶ
2201 4887 2299 4956 τῆς
2349 4887 2678 4958 ἐνεγκούσης
2711 4887 3094 4959 ποθεινοτέραν
3137 4886 3276 4944 εῖναι
3329 4889 3602 4960 ἐνόμιζον,
3637 4890 3725 4943 καὶ

2064 4974 2229 5043 εὐχῆς
2253 4992 2342 5043 μοι
2383 4974 2665 5044 διηνεκοῦς
2703 4975 2862 5047 ἔργον
2896 4972 2986 5046 ἦν,
3020 4970 3123 5047 τὴν
3154 4977 3310 5030 πόλιν
3339 4979 3556 5048 ἐκείνην
3580 4979 3721 5044 ἰδεῖν,

2065 5063 2157 5115 καὶ
2185 5061 2374 5114 τοῦτον
2405 5062 2702 5133 ἐποιούμην
2733 5063 2894 5134 ὅρκον
2921 5064 3056 5134 πρὸς
3091 5065 3335 5130 πάντας;

2133 5153 2200 5214 γ’.
2220 5147 2483 5200 Ἐνταῦθα
2500 5147 2692 5220 πικρὸν
2716 5149 3022 5219 ἀνοιμώξας
3041 5152 3068 5202 6
3091 5151 3287 5220 ἱερεὺς,
3313 5152 3405 5204 καί
3423 5151 3722 5222 θερμότερα

2063 5233 2220 5300 ἀφεὶς
2253 5234 2483 5304 δάκρυα,
2515 5235 2696 5289 οὐκέτι
2735 5235 2920 5289 λοιπὸν
2960 5237 3149 5304 ἐσίγα·
3183 5237 3329 5309 ἐώρα
3362 5239 3472 5310 γάρ
3501 5239 3600 5310 τὴν
3632 5241 3720 5292 τοῦ

2064 5319 2328 5389 βασιλέως
2360 5322 2656 5389 ἀπολογίαν
2711 5323 2934 5392 μείζονα
2968 5323 3227 5376 ποιοῦσαν
3256 5326 3353 5395 τὴν
3396 5328 3720 5397 κατηγορίαν

2059 5408 2091 5474 ὴ
2103 5407 2244 5474 μῶν·
2269 5408 2403 5460 ἀλλά
2430 5409 2684 5496 στενάξας
2716 5411 2962 5463 κάτωθεν
2992 5411 3130 5483 βαρὺ
3163 5415 3258 5466 καὶ
3306 5415 3523 5484 πικρὸν,
3571 5417 3720 5485 Ὁμο-

2060 5491 2345 5560 λογοῦμεν,
2381 5487 2641 5561 φησὶνξῶ
2670 5495 2912 5563 βασιλεῦ,
2952 5499 3048 5550 καὶ
3093 5498 3194 5550 οὐκ
3243 5498 3309 5551 ἂν
3358 5499 3720 5570 ἀρνηθείημεν

2060 5576 2151 5628 τὸν
2199 5574 2376 5645 ἔρωτα
2423 5576 2628 5639 τοῦτον,
2675 5578 2732 5630 ὃν
2764 5581 2891 5650 περί
2936 5581 3034 5651 τὴν
3071 5583 3305 5652 πατρίδα
3340 5584 3601 5648 ἐπεδείξω
3627 5585 3718 5654 τὴν

2061 5665 2355 5735 ἡμετέραν,
2385 5666 2477 5717 καὶ
2515 5665 2602 5718 διὰ
2642 5667 2799 5720 τοῦτο
2847 5669 3081 5738 μάλιστα
3117 5672 3444 5742 θρηνοῦμεν,
3489 5675 3571 5726 ὅτι
3626 5675 3717 5742 τήν

2064 5751 2207 5806 οὑτω
2241 5753 2568 5822 φιλουμένην
2620 5755 2926 5828 ἐϐάσκηναν
2977 5759 3263 5830 δαίμονες,
3317 5761 3410 5813 καὶ
3456 5765 3584 5833 περὶ
3631 5763 3717 5816 τὸν

2125 5852 2148 5919 «ᾖ
2173 5851 2317 5919 ξανίί.
2343 5857 2396 5899 et
2415 5853 2606 5919 qiiidam
2631 5854 2712 5903 alii
2735 5857 2789 5904 τὸ
2807 5858 2863 5919 δὲ
2884 5859 3163 5919 εἰσαγαγεῖν.

2129 5916 2150 5944 ε
2173 5913 2320 5962 Savil.
2351 5921 2401 5962 ει
2418 5915 2600 5976 aliquot
2620 5930 2728 5967 mss.
2752 5915 2818 5979 ἐφ’
2843 5913 3029 5982 ἑκάστῳ
3050 5913 3198 5969 ταῦτα
3219 5917 3422 5981 ἐπέλεγε.
