4046 6396
437 379 540 436 215

441 510 578 549 mus.
612 495 735 551 Sive
760 499 960 565 dit-uas,
984 503 1104 558 sive
1154 506 1423 573 incendes,
1455 512 1565 566 sive
1619 515 1851 582 occidas,
1905 531 2016 572 swe

442 586 812 659 quodcumque
847 593 986 647 aliud
1017 595 1442 666 facias,nondum
1492 603 1703 675 dignam
1744 608 1810 662 de
1865 610 2017 665 nobis

442 691 652 745 poenam
679 685 960 753 exegeris:
991 703 1113 742 nam
1144 705 1240 743 nos
1273 694 1415 760 ipsos
1437 699 1828 764 praevenientes
1854 701 2011 756 innu-

441 773 603 826 meris
629 774 886 828 mortibus
916 778 1162 833 miserius
1191 781 1487 841 affecimus.
1519 787 1654 856 Quid
1686 792 1829 846 enim
1865 809 2016 846 ama-

441 859 550 912 rius
567 876 686 916 esse
715 866 899 932 possit,
931 883 1088 936 quam
1118 885 1236 925 cum
1267 873 1658 933 benefactorem
1690 891 1741 935 et
1765 883 1841 937 sic
1893 884 2016 938 dili-

438 959 650 1016 gentem
701 954 893 1024 injuste
931 963 1309 1020 exacerbautes
1339 982 1708 1037 appareamus,
1750 985 1804 1028 et
1843 978 2016 1031 omnis

431 1038 536 1093 hoc
555 1045 782 1099 mundus
804 1048 991 1112 discat,
1022 1063 1075 1106 et
1103 1069 1200 1108 nos
1228 1066 1284 1109 ut
1310 1059 1593 1115 admodum
1627 1064 1858 1134 ingratos
1878 1083 2011 1121 con-

429 1125 688 1186 demnet?
717 1135 770 1188 Si
801 1137 1006 1195 barbari
1050 1144 1318 1201 civitatem
1364 1160 1597 1205 nostram
1649 1155 2012 1222 incursantes,

431 1221 630 1274 mantia
660 1223 964 1294 diruissent,
996 1241 1052 1285 et
1077 1232 1435 1292 Incendissent
1463 1241 1669 1304 domos,
1698 1255 1750 1300 et
1773 1247 2015 1302 abductis

433 1312 656 1378 captivis
682 1316 962 1385 abiissent,
995 1326 1169 1378 minus
1191 1340 1305 1381 erat
1337 1333 1554 1388 malum.
1584 1336 1756 1402 Quare
1801 1341 2012 1396 tandem

434 1399 543 1453 ita!
571 1401 829 1470 Quoniam
869 1419 920 1463 te
945 1413 1148 1470 vivente
1177 1429 1230 1471 et
1271 1429 1464 1475 tantam
1494 1425 1544 1477 in
1576 1442 1672 1480 nos
1693 1428 2013 1485 benevolen-

435 1489 558 1543 tiam
587 1494 869 1552 exhibente
892 1541 906 1564 ,
938 1516 1060 1570 spes
1092 1517 1207 1559 erat
1233 1509 1316 1562 illa
1347 1525 1536 1568 cnncta
1572 1519 1750 1585 gravia
1779 1521 2010 1576 solutum

432 1577 528 1642 iri,
556 1591 608 1635 et
633 1599 729 1637 nos
769 1587 960 1643 iterum
991 1592 1057 1647 ad
1096 1598 1324 1662 priorem
1365 1600 1588 1659 formam
1624 1609 1888 1665 redituros
1911 1653 1925 1678 ,
1959 1622 2012 1667 et

429 1668 708 1726 clariorem
749 1690 1055 1748 recepturos
1083 1685 1412 1752 libertatem;
1437 1709 1577 1749 nunc
1596 1709 1772 1752 autem
1791 1743 1805 1765 ,
1837 1703 2008 1758 ablata

432 1759 797 1820 benevolentia
840 1779 959 1838 tua,
1006 1786 1062 1830 et
1108 1781 1306 1833 amoris
1346 1784 1553 1840 vinculo
1597 1789 1828 1857 violato,
1871 1797 2010 1863 quod

429 1851 578 1906 omni
608 1870 760 1912 muro
789 1861 938 1915 nobis
963 1875 1077 1920 erat
1106 1870 1266 1924 tutius
1285 1912 1299 1936 ,
1329 1874 1394 1926 ad
1422 1891 1576 1942 quem
1598 1879 1707 1946 jam
1735 1884 2006 1954 confugie-

429 1945 581 1998 tnus?
599 1963 706 2016 quo
731 1955 1020 2019 poterimus
1042 1959 1146 2014 alio
1174 1965 1458 2032 respicere,
1493 1980 1598 2026 tam
1625 1973 1764 2028 dulci
1792 1975 2010 2034 domino

428 2043 482 2088 et
506 2037 640 2092 facili
664 2045 979 2100 exacerbata
1007 2063 1155 2118 patre
1168 2058 1188 2104 ’ί
1218 2055 1396 2126 Itaque
1428 2060 1672 2118 videntur
1691 2067 1906 2135 quidem
1932 2070 2011 2124 in-

430 2127 724 2186 tolerabilia
753 2133 960 2202 fecisse,
984 2144 1074 2196 sed
1100 2147 1240 2212 passi
1271 2159 1395 2203 sunt
1413 2155 1648 2209 omnium
1673 2161 2005 2230 gravissima,

427 2219 494 2272 ad
524 2224 727 2278 nullum
772 2228 1038 2286 hominem
1072 2236 1328 2292 audentes
1367 2245 1664 2313 reSpicere,
1698 2265 1794 2304 nec
1835 2253 2006 2322 ipsum

431 2322 670 2379 spectare
713 2317 878 2372 solem
910 2321 1092 2378 liberis
1119 2328 1356 2386 valentes
1375 2335 1572 2402 oculis,
1603 2340 1803 2408 pudore
1845 2347 2005 2400 undi-

427 2417 532 2470 que
573 2408 849 2476 palpebras
883 2422 1230 2475 contrahente
1270 2433 1326 2477 et
1349 2429 1598 2485 occultari
1637 2446 1860 2503 cogente
1891 2455 1905 2493 :
1938 2439 2005 2492 li-

428 2495 632 2552 bertate
662 2501 788 2569 ipsis
808 2505 1013 2574 ablata,
1047 2515 1266 2582 captivis
1299 2523 1544 2577 omnibus
1587 2543 1727 2582 nunc
1761 2532 2005 2589 miserius

425 2584 596 2641 affecti
626 2601 780 2659 sunt,
812 2606 866 2650 et
906 2609 1196 2659 extremam
1238 2612 1506 2668 sustinent
1540 2617 1878 2686 ignominiam
1911 2643 1925 2680 :
1952 2636 2006 2680 et

426 2678 686 2736 malorum
733 2690 1146 2755 magnitudinem
1191 2701 1511 2770 cogitantes,
1556 2718 1610 2762 et
1648 2711 1700 2763 in
1747 2727 2000 2782 quantum

424 2774 759 2830 contumelia:
785 2781 1114 2850 resilierunt,
1159 2804 1257 2843 nec
1302 2797 1562 2863 respirare
1599 2815 1850 2871 possunt,
1879 2822 2000 2861 cum

425 2873 614 2916 omnes
644 2874 837 2922 terram
870 2871 1168 2932 habitantes
1193 2881 1244 2935 in
1269 2885 1350 2938 sui
1375 2887 1825 2949 vehementiorem
1853 2912 2002 2952 accu-

420 2951 678 3010 sationem
707 2958 776 3012 ob
795 2975 916 3016 eum
955 2967 1044 3034 qui
1076 2968 1265 3039 injuria
1296 2973 1514 3034 allectus
1542 2991 1624 3035 est
1664 2989 1996 3044 attraxerint.

419 3040 526 3097 Sed
552 3045 596 3098 si
623 3048 786 3116 velis,
813 3051 1125 3124 Imperator,
1153 3072 1235 3116 est
1263 3066 1466 3122 vulneri
1505 3073 1765 3130 medicina
1804 3087 1860 3132 et
1885 3088 2002 3134 tan-

420 3133 490 3188 tis
516 3137 670 3192 malis
705 3143 1020 3202 remedium.
1063 3149 1269 3220 Stepius
1309 3166 1361 3210 et
1391 3160 1528 3227 apud
1569 3165 1798 3230 privatos
1829 3167 2000 3224 homi-

419 3239 516 3279 nes
537 3227 640 3282 hoc
667 3229 859 3287 factum
891 3247 1006 3303 est;
1036 3255 1239 3312 magna:
1277 3257 1330 3300 et
1353 3227 1712 3310 intolerabiles
1740 3257 1994 3315 offensio-

420 3331 516 3370 nes
556 3333 759 3390 magna:
784 3327 1018 3383 caritatis
1059 3335 1278 3390 materia
1327 3337 1479 3394 facta:
1523 3355 1646 3399 sunt
1674 3363 1687 3398 :
1717 3349 1795 3403 sic
1851 3361 1904 3405 et
1941 3353 1994 3407 in

416 3417 602 3464 natura
627 3424 802 3470 nostra
841 3422 1037 3475 evenit.
1060 3424 1189 3479 Cum
1217 3430 1356 3483 enim
1386 3431 1654 3490 hominem
1686 3438 1826 3495 Deus
1846 3441 1990 3509 fecit,

415 3508 470 3552 et
510 3501 562 3556 in
590 3507 888 3572 paradisum
936 3513 1173 3584 induxit,
1207 3528 1261 3574 et
1281 3523 1447 3578 multo
1475 3526 1691 3597 dignum
1731 3532 1856 3588 fecit
1895 3536 1992 3592 ho-

419 3605 580 3660 nore,
636 3604 831 3652 tantam
879 3601 1124 3661 diabolus
1170 3616 1574 3681 prosperitatem
1625 3637 1730 3676 non
1779 3624 1989 3696 ferens,

415 3683 638 3737 invidit:
670 3696 726 3758 et
751 3689 895 3744 illum
925 3708 953 3745 a
994 3695 1112 3750 data
1140 3703 1342 3770 expulit
1379 3705 1652 3775 dignitate.
1695 3713 1801 3770 Sed
1851 3683 1990 3774 Deus

412 3788 518 3827 non
544 3785 743 3831 tantum
788 3781 959 3850 ipsum
997 3802 1103 3840 non
1130 3791 1334 3862 reliquit
1360 3836 1374 3860 ,
1401 3812 1582 3852 verum
1612 3810 1666 3855 et
1703 3820 1801 3872 pro
1830 3821 1990 3875 para-

413 3863 532 3919 diso
554 3869 740 3923 caelum
762 3877 990 3942 aperuit,
1023 3879 1123 3934 hoc
1150 3884 1263 3952 ipso
1288 3887 1445 3943 simul
1471 3863 1736 3962 propriam
1761 3863 1988 3956 demon-

411 3963 586 4013 strans
611 3959 1005 4033 benignitatem,
1034 3981 1088 4025 et
1111 3973 1378 4032 diabolum
1401 3959 1585 4053 magis
1596 3990 1842 4054 puniens.
1876 3993 1988 4049 iloc

408 4056 464 4102 et
493 4058 546 4104 tu
589 4051 750 4109 facias
793 4075 808 4111 :
848 4075 988 4116 nunc
1036 4067 1212 4121 omnia
1256 4085 1538 4130 moverunt
1577 4078 1887 4154 daemones,
1932 4098 1988 4143 ut

407 4141 644 4197 omnium
686 4147 777 4201 tibi
822 4153 1176 4221 gratissimam
1225 4161 1490 4220 civitatem
1539 4183 1570 4222 a
1621 4172 1983 4233 benevolentia

409 4240 494 4287 tua
545 4249 888 4308 separarent;
933 4243 1035 4300 hoc
1077 4264 1204 4304 vero
1258 4263 1310 4306 tu
1355 4273 1493 4312 nunc
1539 4265 1733 4330 sriens,
1774 4284 1982 4336 poenam

405 4327 644 4390 quamvis
668 4330 872 4400 exigas,
903 4336 1064 4403 priori
1094 4342 1321 4397 amicitia
1349 4362 1418 4402 ne
1442 4365 1540 4405 nos
1570 4357 1840 4414 extrudas.
1869 4362 1974 4417 Sed

406 4421 460 4465 et
489 4413 531 4467 si
555 4427 746 4484 praeter
787 4424 1088 4492 opinionem
1127 4432 1325 4503 aliquid
1368 4454 1507 4496 nunc
1550 4444 1731 4502 dicere
1757 4449 1836 4506 fas
1864 4463 1978 4522 est,

402 4503 724 4565 etiamnunc
747 4512 886 4569 inter
925 4517 1233 4577 dilectarum
1277 4528 1474 4594 primas
1502 4533 1669 4602 ipsam
1698 4543 1903 4606 scribe,
1935 4547 1980 4601 si

399 4595 561 4650 modo
584 4598 854 4659 daemonas
879 4608 992 4662 hare
1028 4626 1278 4680 operatos
1322 4621 1399 4674 vis
1445 4623 1645 4681 ulcisci.
1688 4629 1742 4685 Si
1788 4649 1980 4705 nempe

405 4683 560 4705 .l__-4.
593 4704 600 4705 κ
697 4702 706 4705 -
795 4695 806 4705 ·
1071 4703 1077 4705 “

397 4683 642 4743 destruas
661 4702 714 4746 et
727 4695 950 4753 subruas
974 4709 1029 4754 et
1049 4703 1248 4773 deleas,
1268 4725 1386 4777 quae
1411 4715 1556 4781 prius
1581 4717 1652 4772 illi
1676 4683 1975 4795 voluerunt,

1288 4774 1298 4777 _
1411 4774 1428 4781 -
1721 4774 1972 4795 μνη-ω.

397 4774 513 4830 haec
540 4779 761 4850 efficies;
789 4787 834 4840 si
864 4804 988 4845 vero
1016 4794 1146 4849 iram
1176 4798 1408 4858 dimittes
1433 4815 1486 4860 et
1513 4817 1562 4862 te
1591 4825 1773 4868 rursus
1806 4817 1972 4886 ipsam

394 4883 598 4939 amare,
623 4875 760 4930 sicut
781 4880 927 4947 prius
941 4887 1178 4955 amabas,
1207 4893 1508 4954 confitearis
1526 4942 1540 4963 ,
1573 4901 1819 4961 lethalem
1849 4910 1975 4979 ipsis

397 4960 600 5029 plagam
650 4965 922 5036 intuleris,
953 4984 1007 5028 et
1038 4977 1271 5035 ultimam
1316 4985 1385 5039 ab
1423 4988 1548 5056 ipsis
1580 4993 1833 5052 ultionem
1876 5017 1976 5056 ex-

397 5057 602 5122 egeris,
631 5057 1003 5119 demonstrans
1025 5083 1128 5123 non
1161 5081 1362 5129 tantum
1391 5079 1524 5135 nilnl
1561 5088 1785 5152 amplius
1829 5090 1973 5160 ipsos

389 5157 486 5212 per
504 5144 722 5203 insidias
748 5150 1030 5219 perfecisse
1051 5198 1068 5224 ,
1100 5175 1282 5218 verum
1313 5179 1366 5221 et
1393 5182 1579 5225 cuncta
1619 5174 1746 5244 ipsis
1761 5191 1972 5237 contra-

389 5235 498 5303 ria,
529 5252 686 5308 quam
713 5243 993 5314 volebant,
1015 5253 1292 5310 accidisse.
1323 5257 1557 5330 (Equum
1585 5235 1760 5322 autem
1787 5270 1965 5341 fuerit,

1144 391 1202 446 S.
1243 392 1521 452 JOANNIS
1558 392 2039 458 CHRYSOSTOMI
2070 401 2379 466 ARCHIEP.
2419 413 2948 483 CONSTANTINOP.

3597 442 3695 504 216

2129 527 2376 582 versione
2400 541 2523 586 sunt
2550 535 2663 590 hazc
2684 539 2844 596 verba
2891 545 3161 602 acerbiora
3186 591 3201 615 ,
3230 566 3348 621 quae
3375 562 3696 626 reapondens

2123 612 2378 674 dicebas?
2401 621 2550 679 Nunc
2581 637 2632 682 te
2655 635 2976 689 contumelia
2999 612 3419 712 atl‘ectum'dicis,
3441 612 3496 704 et
3520 663 3694 720 perm.

2124 704 2249 761 lisse
2276 725 2394 779 quae
2423 715 2598 772 nullus
2637 736 2885 792 umquam
2915 731 3246 798 superiorum
3272 735 3649 806 Imperatorum
3680 766 3692 800 :

2123 797 2216 851 sed
2241 800 2285 852 si
2315 803 2444 858 velis
2464 847 2480 872 ,
2507 822 2540 862 ο
2561 808 2942 872 humanissime
2969 827 3023 874 et
3042 806 3431 890 sapientissime
3454 842 3509 887 et
3536 837 3696 892 multa

2122 889 2319 956 pietate
2343 895 2534 965 plene,
2559 901 2856 961 diademate
2896 909 2998 963 isto
3043 889 3323 973 clariorem
3351 930 3406 975 et
3446 925 3695 995 majorem
3737 957 3744 966 -

2123 982 2214 1036 tibi
2259 999 2510 1043 coronam
2565 993 2680 1050 haec
2724 998 2911 1055 afferet
2953 1009 3295 1064 contumelia.
3349 1013 3461 1070 Hoc
3507 1033 3696 1090 nempe

2121 1072 2365 1131 diadema
2391 1090 2474 1136 est
2501 1094 2554 1137 et
2581 1093 2682 1141 tute
2708 1091 2916 1148 virtutis
2944 1094 3150 1168 insigne
3167 1140 3183 1167 ,
3219 1113 3272 1157 et
3296 1105 3410 1174 ejus
3439 1109 3529 1178 qui
3553 1072 3697 1169 dedit

2121 1168 2449 1230 liberalitatis
2476 1179 2758 1248 indicium;
2790 1191 2882 1243 sed
2913 1206 3108 1250 corona
3148 1213 3217 1254 ex
3244 1199 3346 1258 hac
3377 1205 3698 1268 humanitate

2120 1272 2366 1319 contexta
2411 1275 2558 1325 tuum
2605 1275 2771 1331 solius
2797 1282 2898 1336 erit
2936 1294 2990 1338 et
3027 1288 3376 1362 phil050phi:e
3399 1307 3503 1355 tuas
3537 1307 3697 1358 meri-

2121 1357 2271 1406 tum:
2305 1371 2402 1411 nec
2449 1367 2500 1414 te
2546 1370 2744 1420 tantum
2795 1387 2979 1428 omnes
3027 1357 3428 1442 admirabuntur
3484 1405 3698 1463 propter

3405 1440 3414 1442 _
3485 1440 3686 1463 fur...

2120 1440 2249 1497 istos
2302 1447 2505 1517 lapides
2548 1459 3120 1535 pretiosos,quantum
3165 1486 3381 1546 propter
3423 1482 3692 1541 victoriam

2118 1530 2186 1586 de
2225 1533 2583 1607 indignatione
2631 1530 3224 1626 superata'reportatalm
3264 1530 3570 1628 iaudabunt.
3600 1577 3696 1631 Dc-

2113 1621 2358 1692 jecerunt
2394 1640 2596 1690 statuas
2640 1643 2790 1697 tuas?
2829 1647 2922 1701 sed
2964 1649 3071 1706 illis
3119 1655 3370 1714 clariores
3414 1666 3695 1722 restituere

2119 1715 2211 1770 tibi
2253 1718 2394 1777 licet.
2427 1725 2483 1780 Si
2513 1729 2654 1785 enim
2687 1734 2894 1804 injuriae
2930 1746 3237 1804 auctoribus
3266 1752 3486 1810 crimina
3514 1761 3693 1815 remit-

2117 1815 2198 1862 tas
2220 1851 2235 1875 ,
2265 1824 2317 1866 et
2339 1817 2538 1874 nullam
2569 1822 2695 1893 ipsis
2733 1828 2931 1887 inferas
2967 1849 3176 1904 pcenam
3205 1841 3243 1908 ί,
3273 1860 3375 1900 ηοη
3419 1863 3613 1906 aeream
3641 1855 3691 1909 in

2115 1901 2231 1956 foro
2283 1906 2372 1961 tibi
2404 1919 2630 1969 statuam
2677 1920 2918 1989 erigent,
2956 1901 3054 1982 nec
3098 1944 3347 2000 auream,
3378 1953 3475 1992 nec
3503 1942 3694 2012 lapillis

2114 2006 2693 2066 coagmentatammed
2725 2014 2871 2068 omni
2914 2021 3134 2074 materia
3181 2028 3480 2093 pretiosiori
3533 2006 3687 2090 indu-

2115 2092 2252 2154 tam,
2295 2089 2622 2153 humanitate
2665 2102 2870 2159 scilicet
2891 2115 2945 2161 et
2992 2089 3375 2172 misericordia.
3427 2120 3608 2178 Talem
3639 2126 3688 2181 in

2115 2190 2290 2234 mente
2319 2185 2543 2255 quisque
2568 2205 2663 2246 sua
2695 2202 2748 2249 te
2772 2199 2999 2269 erigent,
3031 2213 3086 2258 et
3118 2215 3192 2262 tot
3219 2207 3438 2267 habebis
3468 2225 3686 2284 statuas,

2111 2279 2243 2338 quot
2286 2275 2470 2333 orbem
2516 2280 2754 2342 habitant
2805 2289 3049 2351 homines
3087 2308 3141 2353 et
3192 2301 3522 2363 babitabunt.
3577 2275 3686 2367 Non

2111 2362 2254 2416 enim
2296 2380 2392 2422 nos
2421 2378 2620 2428 tantum
2644 2418 2658 2443 ,
2693 2394 2878 2436 verum
2908 2392 2965 2440 et
2995 2397 3116 2457 post
3139 2407 3235 2448 nos
3262 2394 3456 2463 futuri,
3491 2410 3544 2455 et
3575 2415 3685 2472 post

2111 2452 2233 2508 illos
2253 2472 2438 2516 omnes
2485 2464 2600 2521 hzec
2625 2469 2874 2540 audient,
2897 2485 2952 2530 et
2978 2452 3243 2551 tamquam
3291 2486 3390 2556 ipsi
3416 2489 3554 2546 bene
3575 2452 3688 2547 fue-

2115 2543 2222 2599 rint
2248 2546 2409 2604 habiti
2435 2594 2450 2620 ,
2482 2555 2560 2611 sic
2588 2565 2639 2613 te
2657 2561 3061 2623 admirabuntur
3087 2543 3141 2626 et
3167 2543 3438 2633 amabunt.
3466 2582 3532 2636 Et
3549 2586 3685 2652 quod

2111 2633 2226 2691 haec
2250 2653 2354 2693 non
2379 2657 2656 2704 assentans
2675 2651 2846 2708 dicam
2863 2695 2878 2722 ,
2921 2660 3014 2713 sed
3055 2663 3132 2716 sic
3157 2662 3392 2722 futurum
3419 2670 3489 2726 sit
3517 2674 3683 2730 omni-

2109 2739 2205 2792 no,
2245 2731 2520 2800 antiquum
2549 2737 2640 2794 tibi
2683 2743 2910 2800 referam
2958 2764 3257 2810 sermonem
3285 2761 3568 2826 quemdam
3589 2805 3606 2832 ,
3630 2776 3683 2820 ut

2107 2817 2281 2874 discas
2310 2838 2416 2879 non
2446 2835 2648 2885 tantum
2677 2838 2973 2908 exercitus,
3003 2857 3180 2912 arma,
3209 2852 3479 2921 pecunias,
3502 2856 3681 2910 subdi-

2108 2918 2281 2966 torum
2306 2917 2700 2979 multitudinem
2726 2935 2780 2980 et
2811 2927 2912 2982 alia
2949 2931 3249 3002 hujusmodi
3274 2917 3583 3010 splendidos
3609 2947 3680 3000 fa-

2104 3014 2227 3057 cere
2253 3019 2403 3074 reges
2430 3014 2791 3083 consuevisse,
2825 3030 3078 3089 quantum
3113 3027 3275 3082 animi
3298 3029 3676 3106 philosophiam

2104 3099 2159 3146 et
2187 3101 2664 3158 mansuetudinem.

2176 3182 2454 3242 Pulchrum
2474 3189 2786 3252 Constantini
2808 3200 3017 3258 dictum.
3035 3236 3106 3246 —
3125 3208 3314 3265 Fertur
3330 3212 3514 3270 beatus
3538 3219 3644 3272 Con
3667 3253 3672 3256 -

2106 3279 2391 3346 Stantinus,
2414 3281 2588 3352 effigie
2610 3301 2700 3340 sua
2724 3289 3008 3361 aliquando
3032 3295 3278 3368 lapidata,
3301 3305 3480 3359 multis
3509 3308 3674 3379 ipsum

2102 3365 2475 3437 instigantibus
2497 3373 2563 3429 ad
2592 3379 2906 3448 supplicium
2929 3385 2995 3440 de
3015 3365 3320 3448 auctoribus
3343 3365 3676 3458 contumeliae

2100 3463 2451 3531 sumendum,
2493 3477 2547 3523 et
2588 3469 2889 3530 dicentibus
2926 3493 3019 3533 eos
3057 3497 3266 3540 omnem
3300 3487 3462 3557 ipsius
3495 3493 3674 3550 faciem

2102 3550 2246 3605 saxis
2271 3554 2580 3613 vulnerasse
2601 3601 2616 3625 ,
2659 3577 2818 3618 manu
2853 3565 3038 3624 faciem
3069 3573 3285 3643 palpans
3315 3588 3366 3632 et
3391 3579 3582 3638 leniter
3609 3586 3676 3639 ri-

2097 3639 2232 3696 dens
2275 3645 2516 3703 dixisse:
2547 3651 2659 3722 Ego
2702 3669 2832 3711 vero
2875 3675 3133 3731 nusquam
3176 3667 3365 3724 vulnus
3407 3672 3461 3728 in
3505 3674 3674 3730 fronte

2099 3730 2294 3789 factum
2321 3738 2503 3804 video,
2533 3744 2626 3798 sed
2654 3759 2840 3802 sanum
2871 3730 3082 3821 quidem
3111 3769 3290 3828 caput,
3313 3776 3440 3818 sana
3467 3781 3595 3822 vero
3621 3778 3674 3824 et

2097 3820 2259 3879 facies
2285 3835 2413 3882 tota.
2450 3829 2528 3884 llli
2571 3849 2696 3889 vero
2722 3820 2933 3895 reveriti
2968 3851 3022 3898 et
3043 3820 3249 3903 confusi
3272 3820 3339 3905 ab
3367 3851 3469 3910 hoc
3496 3857 3670 3927 iniquo

2095 3913 2347 3974 destitere
2384 3925 2646 3980 consilio:
2678 3937 2730 3982 et
2772 3929 2875 3986 hoc
2911 3935 3130 3992 verbum
3179 3941 3434 3999 hactenus
3478 3959 3669 4004 canunt

2093 4018 2322 4062 omnes:
2352 4026 2452 4067 nec
2498 4022 2703 4072 tantum
2750 4027 3007 4091 temporis
3053 4028 3330 4100 labefecit,
3380 4047 3472 4094 aut
3515 4041 3667 4109 hujus

2097 4095 2446 4170 philosophiae
2489 4110 2798 4166 memoriam
2841 4116 3113 4174 exstinxit.
3153 4122 3293 4190 Quot
3327 4142 3432 4182 non
3471 4131 3540 4186 sit
3570 4132 3667 4188 hoc

2094 4191 2307 4256 tropteis
2350 4193 2710 4284 splendidius?
2753 4202 2943 4260 Multas
2981 4218 3344 4284 magnasque'
3389 4220 3547 4276 urbes
3583 4225 3666 4280 ille

2091 4281 2328 4336 condidit
2351 4293 2407 4339 et
2430 4271 2625 4344 multos
2661 4292 2915 4350 barbaros
2959 4271 3259 4371 superavit,
3302 4309 3392 4362 sed
3421 4314 3666 4370 memini-

2089 4387 2210 4428 mus
2239 4375 2450 4432 illorum
2480 4381 2640 4448 nihil;
2674 4384 2774 4440 hoc
2800 4397 2977 4445 autem
3008 4393 3229 4451 verbum
3259 4413 3424 4469 usque
3452 4405 3504 4458 in
3535 4423 3667 4475 prte-

2089 4474 2298 4522 sentem
2344 4468 2484 4525 diem
2529 4475 2758 4541 canitur,
2803 4491 2859 4534 et
2904 4487 3102 4552 posteri
3151 4468 3421 4547 nostriiet
3467 4501 3666 4565 posteri

2086 4555 2305 4614 illorum
2329 4576 2517 4619 omnes
2545 4565 2771 4636 idipsum
2799 4573 3033 4630 audient.
3067 4576 3175 4634 Nec
3196 4581 3368 4637 solum
3394 4555 3484 4640 est
3501 4588 3665 4644 admi-

2087 4650 2331 4717 randum,
2357 4656 2497 4724 quod
2524 4659 2758 4725 audient,
2799 4669 3145 4724 verumetiam
3176 4673 3319 4741 quod
3347 4675 3592 4734 laudibus
3613 4690 3666 4738 et

2084 4738 2271 4797 faustis
2294 4746 2474 4803 verbis
2498 4763 2916 4822 prosequentur,
2960 4738 3304 4832 dicentesque
3336 4765 3660 4837 laudabunt,

2083 4840 2139 4886 et
2165 4836 2442 4892 audientes
2469 4851 2616 4908 grate
2643 4846 2935 4917 suscipient
2959 4867 2972 4904 :
2999 4866 3098 4906 nec
3143 4853 3282 4909 ullus
3321 4867 3405 4912 est
3433 4861 3522 4929 qui
3551 4861 3664 4918 haec

2081 4924 2327 4993 audiens,
2372 4929 2534 4986 silere
2564 4934 2764 5002 possit,
2797 4940 2922 5008 quin
2955 4943 3152 5011 pariter
3175 4947 3440 5004 exclamet
3461 4961 3516 5006 et
3542 4955 3660 5009 talia

2081 5016 2344 5074 dicentem
2373 5022 2581 5088 laudet,
2615 5038 2670 5083 et
2701 5029 2978 5088 innumera
3007 5035 3104 5104 ipsi
3129 5039 3213 5093 vel
3239 5040 3492 5103 defuncto
3525 5046 3659 5102 bona

2081 5121 2346 5178 precetur.
2373 5116 2525 5182 Quod
2551 5118 2594 5173 si
2622 5132 2838 5191 propter
2861 5125 2990 5182 illud
3010 5131 3227 5185 verbum
3253 5134 3392 5202 apud
3416 5135 3659 5195 homines

2079 5207 2221 5256 tanta
2261 5204 2458 5272 potitus
2481 5217 2566 5263 est
2591 5211 2756 5280 gloria
2777 5253 2792 5280 ,
2838 5227 2966 5285 quot
2995 5221 3132 5289 apud
3179 5221 3462 5294 benignum
3491 5227 3656 5286 Deum

2078 5308 2305 5350 coronas
2332 5304 2689 5368 assequetur?

2147 5386 2418 5446 Theodosii
2447 5394 2750 5452 humanitas.
2781 5401 3003 5469 --Quid
3033 5414 3210 5460 autent
3242 5422 3377 5477 opus
3403 5419 3487 5466 est
3510 5411 3652 5468 Con-

2073 5481 2361 5534 stantinum
2389 5493 2442 5538 et
2468 5485 2639 5540 aliena
2668 5491 2908 5560 exempla
2951 5509 3371 5554 commemorare
3394 5541 3409 5565 ,
3451 5517 3573 5558 cum
3604 5513 3654 5558 te

2072 5570 2140 5625 de
2168 5574 2394 5642 propriis
2421 5578 2623 5633 meritis
2650 5581 2753 5635 tuis
2776 5597 2910 5650 opus
2928 5585 2998 5638 sit
3017 5587 3290 5643 exhortari
3305 5589 3330 5642 ‘i
3348 5590 3650 5651 Recordare

2070 5665 2305 5734 priorum
2331 5705 2346 5733 ,
2377 5669 2587 5738 quando
2613 5672 2948 5729 solemnitate
2987 5675 3084 5731 hac
3109 5681 3519 5748 superveniente
3559 5701 3648 5756 per

2133 5781 2152 5860 ἶ
2185 5777 2362 5860 sivit:
2390 5778 3138 5860 λῖῐὶἐέρδηιξιέατηέιανερφηαηι
3160 5789 3308 5844 δίκαια

2133 5842 2154 5873 ⁸
2188 5849 2379 5901 vocem,
2399 5856 2610 5911 "mgnas,
2637 5859 2665 5895 e
2682 5846 2850 5898 Savilio
2873 5842 3157 5910 adiecimus.
