4046 6396
310 407 415 464 215

308 522 600 596 εὐεργέτην
626 520 937 591 ἀγνώμονες
977 517 1277 587 ἐφάνημεν,
1307 518 1399 570 καὶ
1425 518 1516 571 τὸν
1550 520 1775 590 σφοδρὸν
1816 520 1972 591 ήμῶν

309 611 706 683 παρωξύναμεν
726 607 982 679 ἐραστήν.
999 605 1118 659 Κᾶν
1134 604 1515 676 κατασκάψῃς,
1531 605 1632 659 κᾶν
1657 607 1972 680 ἐμπρήσῃς,

307 702 411 755 κάν
445 698 796 768 ἀποκτείνῃς,
832 694 935 749 κᾶν
963 693 1143 746 ὁτιοῦν
1164 694 1349 763 ⁹έτερον
1374 692 1608 765 πράξῃς,
1643 693 1855 747 οὐδέπω
1878 693 1977 765 τὴν

306 788 461 854 ἀξίαν
481 788 629 857 ἡμᾶς
662 784 947 855 ἀπῄτησας
971 781 1154 851 δίκην⁸
1190 780 1497 850 φθάσαντες
1525 780 1634 851 γὰρ
1663 783 1823 852 ἡμεῖς
1852 782 1978 833 ἐαυ-

306 878 432 939 τοὺς
468 875 679 946 μυρίων
712 873 959 926 θανάτων
983 869 1338 942 χαλεπώτερα
1367 870 1722 941 διεθήκαμεν.
1766 869 1831 922 Τί
1868 869 1978 940 γάρ

307 963 371 1015 ἂν
394 964 604 1032 γένοιτο
643 960 985 1030 πικρότερον,
1038 957 1155 1012 ἀλλ’
1188 957 1221 1027 ἢ
1261 959 1390 1011 ὅταν
1421 957 1513 1011 τὸν
1557 958 1852 1029 εὐεργέτην
1881 958 1977 1011 καὶ

306 1049 448 1102 οὕτω
466 1048 725 1116 φιλοῦντα
748 1046 1010 1117 φανῶμεν
1033 1046 1236 1109 ἀδίκως
1256 1064 1332 1099 πα
1341 1046 1683 1118 ροξύναντες,
1703 1044 1979 1099 καὶτοῦτο

309 1139 458 1189 πᾶσα
490 1138 524 1206 ή
572 1136 863 1207 οἰκουμένη
920 1134 1188 1207 μανθάνῃ,
1243 1136 1336 1187 καὶ
1389 1136 1491 1205 τὴν
1544 1135 1781 1205 ἐσχάτην
1819 1134 1976 1204 ήμῶν

307 1225 701 1296 ἀγνωμοσύνην
762 1223 1183 1294 καταγινώσκῃ;
1247 1224 1311 1276 Εἰ
1369 1223 1635 1294 βάρϐαροι
1680 1222 1776 1294 τὴν
1824 1222 1978 1275 πόλιν

305 1314 465 1382 ἡμῶν
520 1313 965 1384 καταδραμόντες
1008 1312 1359 1381 κατέσκαψαν
1401 1312 1470 1365 τὰ
1501 1312 1691 1382 τείχη,
1751 1311 1847 1364 καὶ
1880 1311 1979 1374 τάς

305 1402 484 1464 οἰκίας
516 1402 847 1472 ἐνέπρησαν,
887 1400 982 1453 καὶ
1013 1400 1267 1463 λαϐόντες
1300 1399 1684 1470 αἰχμαλώτους
1715 1399 1977 1470 ἀπῆλθον,

307 1488 530 1543 ἔλαττον
549 1485 618 1560 ἦν
649 1502 676 1530 ι
708 1490 770 1543 τὸ
795 1488 987 1543 δεινόν.
1011 1488 1077 1541 Τί
1106 1488 1305 1559 δήποτε
1326 1504 1340 1553 ;
1361 1488 1484 1542 Ὀτι
1511 1487 1604 1541 σοῦ
1639 1487 1862 1552 ζῶντος,
1887 1487 1980 1539 καὶ

306 1578 578 1649 τοσαύτην
620 1578 1063 1648 ἐπιδεικνυμένου
1100 1577 1227 1647 περί
1273 1578 1421 1647 ἡμᾶς
1452 1575 1686 1641 εὔνοιαν,
1720 1575 1873 1637 ἐλπὶς
1912 1570 1979 1644 ἦν

308 1666 493 1719 ἐκεῖνα
526 1666 702 1720 πάντα
734 1665 1061 1737 λυθήσεσθαι
1090 1664 1158 1718 τὰ
1180 1664 1351 1727 δεινά,
1393 1664 1487 1717 καὶ
1518 1664 1679 1717 πάλιν
1710 1666 1858 1735 ἡμᾶς
1888 1664 1981 1715 ἐπὶ

306 1753 370 1807 τὸ
414 1754 679 1825 πρότερον
708 1754 999 1826 ἐπανήξειν
1036 1754 1239 1824 σχῆμα,
1292 1754 1386 1806 καὶ
1414 1752 1796 1823 λαμπροτέραν
1844 1753 1979 1804 ἀπο-

308 1840 575 1913 λήψεσθαι
624 1842 722 1913 τὴν
774 1842 1119 1912 ἐλευθερίαν
1175 1839 1268 1895 νῦν
1318 1840 1407 1904 δὲ,
1470 1840 1565 1908 τῆς
1618 1837 1716 1909 σῆς
1770 1839 1982 1903 εὐνοίας

308 1931 674 2004 ἀφῃρημένης
728 1930 955 1983 καὶτοῦ
1012 1930 1239 2000 φίλτρου
1303 1928 1659 1991 σϐεσθέντος,
1713 1926 1742 1979 ὃ
1779 1927 1982 1990 παντὸς

307 2018 521 2087 τείχους
562 2014 631 2087 ἦν
671 2019 805 2088 ἡμῖν
835 2017 1272 2087 ἀσφαλέστερον,
1323 2016 1460 2086 πρὸς
1497 2015 1619 2067 τίνα
1663 2013 1849 2067 λοιπὸν
1884 2030 1984 2066 κα-

308 2106 693 2176 ταφευξόμεθα
713 2124 727 2172 ;
748 2106 851 2158 ποῦ
872 2106 1214 2178 δυνησόμεθα
1233 2105 1361 2158 ἰδεῖν
1388 2104 1643 2175 ἑτέρωσε,
1670 2103 1762 2157 τὸν
1778 2103 1984 2172 γλυκὺν

308 2194 452 2247 οὕτω
478 2195 746 2265 δεσπότην
782 2195 877 2248 καὶ
933 2194 1146 2265 πατέρα
1199 2192 1445 2265 προσηνῆ
1497 2191 1981 2262 παροργίσαντεςέ

312 2282 478 2334 Ὥστε
535 2282 754 2335 δοκοῦσι
806 2281 906 2354 μὲν
945 2281 1197 2352 ἀφόρητα
1253 2280 1614 2349 πεποιηκέναι
1642 2293 1656 2308 ·
1692 2278 1891 2332 ἔπαθον
1927 2278 1985 2331 δὲ

310 2370 530 2422 πάντων
572 2368 869 2441 δεινότερα,
914 2370 1052 2441 πρὸς
1079 2368 1269 2422 οὐδένα
1312 2367 1616 2439 ἀνθρώπων
1665 2365 1985 2435 ἀντιϐλέψαι

310 2458 615 2529 τολμῶντες
638 2494 655 2522 ,
706 2458 829 2511 οὐδὲ
859 2457 1023 2511 αὐτὸν
1057 2458 1183 2509 ἰδεῖν
1213 2455 1501 2526 δυνάμενοι
1531 2456 1623 2509 τὸν
1657 2455 1808 2526 ἥλιον
1835 2454 1987 2507 ἐλευ-

312 2546 495 2617 θέροις
549 2546 870 2618 ὀφθαλμοῖς,
918 2547 1015 2616 τῆς
1064 2543 1216 2617 [218]
1265 2544 1526 2615 αἰσχύνης
1562 2543 1838 2613 πανταχοῦ
1886 2562 1988 2598 κα-

312 2634 711 2705 ταστελλούσης
773 2634 841 2687 τά
890 2633 1135 2703 βλέφαρα
1200 2634 1294 2686 καὶ
1356 2632 1796 2701 ἐγκαλύπτεσθαι
1857 2646 1989 2685 κατ-

313 2721 733 2792 ἀναγκαζούσης
754 2737 767 2751 ·
806 2721 904 2786 τῆς
935 2722 1244 2793 παρρησίας
1278 2716 1369 2773 οὖν
1395 2721 1577 2783 αὐτοῖς
1607 2719 1987 2791 ἀνῃρημένης,

315 2812 535 2864 πάντων
560 2808 923 2879 αἰχμαλώτων
951 2808 1277 2880 ἀθλιώτερον
1296 2808 1596 2861 διάκεινται
1622 2808 1737 2872 νῦν,
1772 2809 1866 2861 καὶ
1890 2807 1989 2879 τὴν

313 2899 551 2968 ἐσχάτην
604 2897 971 2968 ὑπομένουσιν
1023 2896 1281 2967 ἀτιμίαν,
1341 2898 1438 2949 καὶ
1492 2896 1556 2949 τὸ
1616 2896 1844 2966 μέγεθος
1882 2896 1990 2948 τῶν

315 2985 503 3037 κακῶν
536 2984 862 3048 ἐννοοῦντες.
898 2986 991 3037 καὶ
1019 2985 1097 3048 είς
1148 2985 1273 3037 ὅσον
1308 2984 1723 3054 ἀπεσκίρτησαν
1757 2983 1988 3054 ὓϐρεως,

314 3072 437 3125 οὐδέ
471 3074 729 3125 ἀναπνεῖν
755 3071 1010 3126 δύνανται
1043 3072 1136 3125 τοῦ
1162 3072 1450 3135 δοκοῦντος
1476 3071 1734 3144 ὑϐρίσθαι
1769 3073 1993 3144 σφοδρο-

316 3162 509 3231 τέρους
538 3162 664 3224 τοὺς
690 3161 790 3233 τὴν
819 3161 1148 3233 οἰκουμένην
1193 3160 1479 3225 οἰκοῦντας
1509 3162 1756 3225 ἅπαντας
1786 3162 1882 3215 ἀνθ
1893 3161 1996 3233 ρώ-

320 3269 453 3314 πους
486 3252 920 3321 ἐπισπασάμενοι
973 3251 1334 3321 κατηγόρους.
1372 3250 1512 3303 Ἀλλ’
1569 3250 1664 3304 ἐὰν
1720 3250 1901 3324 θέλῃς,
1950 3244 1996 3304 ὦ

322 3337 567 3406 βασιλεῦ,
604 3338 750 3392 ἐστιν
805 3340 948 3402 ἴασις
977 3338 1054 3408 τῷ
1082 3338 1382 3409 τραύματι,
1416 3339 1509 3390 καὶ
1562 3339 1855 3410 φάρμακον
1882 3342 1996 3402 τοῖς

317 3426 598 3489 τοσούτοις
620 3429 832 3490 κακοῖς.
864 3426 1132 3489 Πολλάκις
1162 3427 1257 3479 καὶ
1309 3427 1402 3479 ἐπὶ
1434 3426 1663 3479 ἰδιωτῶν
1710 3426 1868 3480 τοῦτο
1898 3427 1996 3495 γέ-

320 3529 474 3581 γονεο
502 3514 572 3567 τά
614 3514 825 3584 μεγάλα
854 3514 948 3568 καὶ
982 3514 1229 3584 ἀφόρητα
1263 3514 1730 3584 προσκρούσματα
1753 3516 1997 3586 μεγάλης

319 3602 615 3666 διαθέσεως
642 3603 868 3671 γέγονεν
897 3602 1185 3665 ὑπόθεσιςο
1218 3601 1364 3655 οὑτω
1402 3602 1497 3657 καὶ
1527 3603 1621 3655 ἐπὶ
1657 3605 1754 3675 τῆς
1782 3603 1998 3671 φύσεως

324 3690 527 3761 συνέϐη
552 3691 651 3761 τῆς
673 3690 970 3761 ἡμετέρας.
1008 3690 1139 3743 Ὅτε
1162 3690 1269 3761 γὰρ
1319 3690 1409 3743 τὸν
1430 3690 1719 3761 ἄνθρωπον
1742 3692 1999 3763 ἐποίησεν

322 3778 354 3829 ὁ
385 3776 521 3840 Θεὸς
558 3777 654 3830 καὶ
702 3779 784 3840 εἰς
834 3778 928 3831 τὸν
974 3778 1306 3849 παράδεισον
1358 3779 1619 3847 εἰσήγαγε
1665 3779 1759 3832 καὶ
1798 3779 2001 3849 πολλῆς

323 3862 523 3933 ἠξίωσε
565 3865 756 3935 τιμῆς.
813 3865 873 3918 οὐ
935 3866 1117 3937 φέρων
1163 3867 1264 3938 τὴν
1311 3868 1581 3937 τοσαύτην
1634 3869 1932 3938 εὐημερίαν
1974 3870 2003 3921 ό

324 3952 573 4017 διάϐολος
626 3954 931 4025 ἐϐάσκηνέν
977 3971 1035 4005 τε
1092 3955 1242 4025 αὐτῷ
1298 3956 1393 4008 καὶ
1448 3956 1547 4025 τῆς
1611 3954 1856 4025 δοθείσης
1918 3955 2004 4020 ἐξ-

324 4041 491 4096 έϐαλε
523 4041 833 4113 προεῗρίας.
870 4042 1009 4095 Ἀλλ’
1039 4044 1067 4095 ὁ
1096 4042 1225 4105 Θεὸς
1250 4043 1311 4095 οὐ
1338 4044 1495 4113 μόνον
1518 4044 1677 4097 αὐτὸν
1703 4044 1762 4097 οὐ
1792 4044 2006 4098 κατέλι-

328 4146 451 4191 πεν,
480 4126 617 4183 ἀλλά
641 4131 733 4183 κα)⁵
757 4130 877 4183 ἀντὶ
894 4131 1221 4202 παραδείσου
1247 4130 1338 4183 τὸν
1366 4131 1592 4203 οὐρανὸν
1619 4134 1751 4203 ἡμῖν
1779 4132 2002 4202 ἀνέῳξε,

326 4218 505 4288 τούτῳ
534 4235 592 4271 τε
624 4217 773 4289 αὐτῷ
800 4220 898 4289 τήν
925 4237 983 4272 τε
1027 4220 1233 4273 οἰκείαν
1264 4220 1670 4292 φιλανθρωπίαν
1698 4223 2003 4275 ἐπιδεικνύ-

332 4324 514 4376 μενος,
546 4307 639 4360 καὶ
670 4306 762 4360 τὸν
796 4307 1038 4361 διάϐολον
1068 4307 1325 4377 μειζόνως
1346 4308 1605 4373 κολάζων.
1626 4310 1794 4364 Τοῦτο
1819 4312 1913 4363 καὶ
1940 4314 2004 4366 σὺ

331 4395 580 4465 ποίησον·
612 4396 791 4450 πάντα
819 4396 1077 4466 ἐκίνησαν
1123 4398 1171 4448 οἰ
1195 4396 1447 4467 δαίμονες
1475 4398 1590 4463 νῦν,
1620 4398 1759 4452 ὥστε
1778 4400 1875 4471 τὴν
1898 4418 2005 4455 πα-

332 4483 442 4535 σῶν
462 4501 542 4536 σοι
576 4483 835 4554 φιλτάτην
865 4484 1020 4538 πόλιν
1058 4486 1363 4556 ἀπορρῆξαί
1392 4503 1486 4539 σου
1511 4487 1607 4555 τῆς
1635 4488 1862 4551 εὐνοίας·
1886 4489 2009 4542 τοῦ·

330 4592 393 4626 το
430 4575 608 4627 τοίνυν
640 4572 819 4636 εἰδὼς,
842 4573 998 4644 δίκην
1028 4573 1127 4643 μὲν
1172 4574 1237 4644 ἢν
1263 4573 1435 4637 θέλεις
1476 4575 1798 4645 ἀπαίτησον,
1832 4576 1931 4644 τῆς
1952 4576 2008 4632 δὲ

333 4662 517 4731 φιλίας
554 4664 628 4734 μὴ
669 4662 905 4733 ἐκϐάλῃς
936 4664 1084 4732 ἡμᾶς
1117 4662 1217 4731 τῆς
1252 4663 1541 4733 προτέρας.
1592 4664 1733 4717 Ἀλλ’
1766 4666 1815 4718 εἰ
1845 4665 1926 4718 δεῖ
1956 4685 2008 4720 τι

334 4752 429 4804 καὶ
459 4750 770 4821 θαυμαστὸν
827 4751 1022 4813 εἰπεῖν,
1057 4750 1276 4821 μείζονα
1324 4753 1454 4822 ήμῖν
1498 4752 1761 4819 ἐπίδειξαι
1794 4753 1890 4825 τὴν
1919 4754 2010 4808 εὖ·

336 4857 483 4892 νοιαν
510 4840 625 4901 νῦν,
649 4841 743 4893 καί
773 4840 932 4893 πάλιν
958 4841 1037 4902 εἰς
1062 4838 1160 4902 τὰς
1183 4840 1402 4909 πρώτας
1432 4841 1538 4893 τῶν
1554 4840 1891 4913 φιλουμένων
1911 4848 2010 4897 αὐ-

335 4928 436 4998 τὴν
464 4926 758 5000 ἔγγραψον,
787 4925 838 4981 εἰ
862 4944 924 4996 γε
954 4927 1132 4997 βούλει
1161 4929 1286 4991 τοὺς
1302 4927 1477 4982 ταῦτα
1494 4931 2011 4997 κατασκευάσαντας

336 5015 649 5085 ἀμύνασθαι
677 5015 954 5086 δαίμονας.
977 5019 1074 5068 Ἂν
1109 5017 1206 5087 μὲν
1227 5015 1336 5086 γὰρ
1356 5016 1588 5088 καθέλῃς
1620 5018 1713 5070 καὶ
1737 5021 2013 5074 κατασκά-

338 5105 448 5175 ψῃς
478 5106 573 5158 καὶ
607 5107 897 5179 ἀφανίσῃς,
931 5105 1076 5176 άπερ
1102 5108 1298 5158 ἐκεῖνοι
1322 5104 1489 5159 πάλαι
1516 5106 1816 5169 ἐϐούλοντο,
1840 5109 2014 5163 ταῦτα

339 5194 571 5266 ἐργάσῃο
595 5194 661 5247 ἂν
686 5193 742 5246 δὲ
769 5195 913 5265 ἀφῇς
939 5194 1036 5263 τὴν
1058 5195 1226 5265 ὀργὴν
1246 5194 1340 5247 καί⁵
1362 5193 1524 5246 πάλιν
1552 5195 1894 5270 ὁμολογήσῃς
1922 5217 2013 5268 φι-

338 5279 452 5335 λεῖν
479 5282 650 5352 αὐτὴν
680 5282 868 5353 ὥσπερ
895 5283 1158 5352 πρότερον
1187 5282 1407 5351 ἐφίλεις,
1435 5283 1647 5353 καιρίαν
1675 5285 1855 5349 αὐτοῖς
1886 5286 2013 5340 ἔδω·

341 5384 445 5434 κας
474 5371 572 5441 τὴν
595 5371 824 5443 πληγὴν,
854 5371 950 5424 καὶ
987 5371 1085 5441 τὴν
1113 5371 1347 5441 ἐσχάτην
1375 5372 1568 5430 αὐτοὺς
1600 5372 1887 5445 ἀπῄτησας
1933 5375 2006 5427 δί-

343 5471 468 5527 κην,
502 5456 684 5523 δείξας
708 5459 785 5523 ὡς
822 5460 883 5512 οὐ
907 5460 1066 5529 μόνον
1092 5459 1273 5521 αὐτοῖς
1290 5459 1440 5511 οὐδὲν
1468 5458 1627 5511 πλέον
1656 5460 1877 5528 γέγονεν
1908 5463 2016 5515 ἀπὸ

339 5545 444 5615 τῆς
503 5545 813 5616 ἐπιϐουλῆς,
871 5544 1006 5599 ἀλλά
1058 5547 1151 5599 καὶ
1202 5546 1269 5599 τὰ
1317 5545 1535 5599 ἐναντία
1576 5548 1761 5610 αὐτοῖς
1802 5548 2018 5602 ἅπαντα

342 5634 547 5705 ἀπέϐη,
579 5637 723 5707 ήπερ
755 5636 1052 5689 ἐϐούλοντο.
1078 5637 1297 5700 Δίκαιος
1321 5637 1365 5689 δ’
1395 5638 1461 5689 ἂν
1502 5638 1619 5707 εἴης
1649 5637 1818 5690 ταῦτα
1863 5641 2017 5707 ποιῆ-

348 5733 438 5773 σαι
469 5720 563 5772 καὶ
600 5719 819 5790 ἐλεῆσαι
857 5713 1093 5793 πόλιν,
1119 5720 1207 5773 διὰ
1230 5719 1329 5791 τὴν
1361 5720 1460 5791 σὴν
1497 5720 1799 5791 ἐφθόνησαν
1836 5721 2018 5790 φιλίαν

345 5808 396 5862 οἰ
437 5807 708 5879 δαίμονες·
742 5810 789 5861 εἰ
814 5808 923 5879 γάρ
957 5808 1031 5879 μὴ
1075 5808 1279 5879 σφόδρα
1314 5806 1479 5876 αὐτὴν
1503 5806 1675 5870 οὕτως
1700 5809 2014 5880 ἠγάπησας,

348 5902 447 5954 οὐκ
474 5899 538 5953 ἂν
563 5898 731 5969 αὐτὴν
750 5897 868 5952 οὐδὲ
898 5899 1094 5952 ἐκεῖνοι
1112 5896 1363 5950 τοσοῦτον
1397 5895 1705 5965 ἐϐάσκηναν
1737 5897 1819 5951 ἄν.
1854 5898 2014 5952 Ὥστε

412 6051 440 6082 ⁸
460 6047 607 6100 Savil.
642 6051 691 6099 in
714 6062 870 6114 marg.
894 6054 947 6099 et
970 6049 1053 6099 alii
1072 6049 1340 6109 ἀπήλασαν,
1364 6048 1553 6095 ἔλαττον
1577 6045 1651 6107 ἦν.

1307 398 1395 454 AD
1435 398 1760 457 I’OPULUM
1804 401 2293 461 ANTIOCHENUM
2352 398 2583 455 IIOMIL.
2619 401 2755 457 XXI.

3621 402 3727 458 ⁸31ίῖ

2080 523 2129 574 εἰ
2168 520 2261 573 καὶ
2290 518 2599 589 θαυμαστὸν
2618 516 3003 589 τὸλεγόμενον,
3035 516 3149 571 ἀλλ’
3179 517 3328 586 ὅμως
3349 517 3495 571 ἐστὶν
3526 517 3745 587 ἀληθὲς,

2077 609 2157 661 ὅτι
2191 607 2277 660 διά
2321 606 2383 659 σέ
2414 607 2506 659 καὶ
2534 605 2632 676 τὴν
2661 604 2758 676 σὴν
2799 604 2979 674 φιλίαν
3001 603 3174 657 ταῦτα
3204 603 3393 661 ἔπαθε.
3425 606 3613 659 Πόσων
3643 606 3745 674 ἐμαί

2078 696 2367 767 πρησμῶν,
2401 696 2574 765 πόσης
2615 697 2996 767 καταστροφῆς
3026 694 3054 735 δ
3078 692 3148 746 τὰ
3191 694 3407 765 ῥήματα
3433 692 3603 746 ταῦτα
3653 709 3749 744 πι-

2076 785 2234 856 κρότε
2244 798 2333 855 ρα,
2352 782 2494 855 ἅπερ
2516 781 2948 853 ἀπολογούμενος
2967 783 3151 851 έλεγες
3164 781 3318 857 δΝῦν
3350 782 3596 853 ὑϐρίσθαι
3622 781 3749 851 φὴς.

2075 869 2169 925 καὶ
2195 870 2517 924 πεπονθέναι
2541 865 2630 922 οἷα
2663 869 2848 939 μηδεὶς
2880 869 3100 922 πώποτε
3141 869 3249 922 τῶν
3288 869 3567 940 προτέρων
3599 868 3750 932 βασι-

2076 959 2236 1012 λέων·
2272 958 2385 1013 ἀλλ’
2410 958 2504 1011 ἐὰν
2530 957 2711 1029 θέλῃς,
2746 951 2790 1009 ὦ
2820 956 3297 1027 φιλανθρωπότατε
3333 957 3427 1008 καὶ
3462 954 3753 1023 φιλοσοφώο

2076 1064 2206 1099 τατε
2232 1046 2325 1100 καὶ
2347 1045 2545 1115 πολλῆς
2565 1044 2842 1106 εὐσεϐείας
2862 1044 3067 1115 γέμων,
3088 1042 3183 1095 τοῦ
3208 1038 3539 1113 διαδήματος
3560 1040 3751 1094 τούτου

2081 1132 2302 1200 μείζονά
2352 1149 2432 1185 σοι
2470 1132 2563 1185 καὶ
2611 1131 2989 1201 λαμπρότερον
3018 1131 3051 1199 ή
3091 1128 3246 1199 ὕϐρις
3283 1129 3425 1199 αὕτη
3466 1127 3751 1198 περιθήσει

2080 1221 2364 1289 στέφανον.
2396 1220 2566 1273 Τοῦτο
2602 1220 2700 1291 μὲν
2744 1219 2853 1291 γὰρ
2880 1219 2941 1271 τὸ
2964 1218 3201 1288 διάδημά
3242 1221 3358 1271 ἐστι
3396 1219 3490 1271 καὶ
3524 1217 3621 1287 μὲν
3657 1218 3754 1285 τῆς

2081 1310 2183 1381 σῆς
2205 1309 2408 1381 ἀρετῆς
2432 1307 2723 1371 ἀπόδειξις·
2748 1306 2862 1358 ἔστι
2891 1307 2947 1359 δὲ
2982 1305 3195 1375 καὶτῆς
3232 1305 3327 1358 τοῦ
3348 1304 3639 1367 δεδωκότος
3670 1321 3756 1373 φι-

2079 1396 2326 1467 λοτιμίας
2344 1396 2661 1467 τεκμήριον·
2693 1395 2721 1445 ὁ
2749 1395 2805 1447 δέ
2839 1393 2947 1447 ἀπὸ
2961 1394 3058 1462 τῆς
3083 1392 3490 1462 φιλανθρωπίας
3521 1409 3600 1443 σοι
3633 1392 3757 1444 ταύ-

2080 1502 2179 1555 της
2218 1486 2548 1554 πλεκόμενος
2590 1484 2850 1552 στέφανος
2897 1482 2986 1535 σὺν
3035 1482 3191 1552 μόνον
3240 1482 3393 1535 ἔσται
3430 1481 3758 1552 κατόρθωμα

2082 1575 2176 1627 καὶ
2208 1574 2303 1642 τῆς
2332 1572 2647 1640 φιλοσοφίας
2678 1572 2775 1640 τῆς
2806 1570 2923 1639 σῆς·
2955 1570 3047 1621 καὶ
3071 1570 3169 1639 οὐχ
3197 1568 3338 1621 οὑτω
3363 1586 3418 1620 σε
3449 1568 3756 1638 θαυμάσου-

2080 1678 2169 1712 ται
2218 1661 2417 1722 πάντες
2459 1659 2546 1711 διὰ
2582 1660 2706 1720 τοὺς
2751 1658 2930 1719 λίθους
2975 1658 3103 1719 τοὺς
3144 1656 3359 1726 τιμίους
3392 1655 3634 1718 τούτους,
3682 1654 3759 1717 ὡς

2082 1746 2457 1798 ἐπαινέσονται
2487 1744 2576 1797 διά
2614 1744 2712 1814 τὴν
2760 1743 3061 1815 ὑπεροψίαν
3100 1744 3197 1813 τὴν
3245 1743 3383 1794 κατά
3427 1742 3526 1812 τῆς
3570 1742 3757 1811 ὀργῆς.

2081 1832 2348 1886 Καθεῖλόν
2374 1849 2468 1885 σου
2513 1832 2641 1894 τοὺς
2668 1830 3022 1901 ἀνδριάντας;
3065 1830 3177 1883 ἀλλ’
3201 1829 3376 1893 ἔξεστί
3406 1846 3487 1882 σοι
3518 1828 3762 1898 λαμπρο-

2080 1921 2275 1990 τέρους
2317 1918 2620 1988 ἀναστῆσαι
2674 1917 2920 1971 ἐκείνων.
2965 1916 3115 1989 [219]
3170 1918 3267 1970 Ἂν
3324 1915 3432 1988 γὰρ
3462 1917 3607 1987 ἀφῇς
3650 1919 3763 1979 τοῖς

2081 2006 2368 2077 ἠδικηκόσι
2410 2006 2480 2060 τὰ
2512 2004 2855 2076 ἐγκλήματα,
2912 2006 3006 2058 καὶ
3042 2004 3311 2075 μηδεμίαν
3343 2004 3654 2075 άπαιτήσῃς
3680 2003 3762 2055 δί-

2082 2112 2187 2164 κην
2211 2106 2233 2134 ο
2266 2094 2487 2157 αὐτοὺς,
2516 2094 2578 2146 οὐ
2613 2093 2846 2162 χαλκοῦν
2878 2109 2938 2145 σε
2960 2093 3051 2145 ἐπὶ
3083 2092 3182 2161 τῆς
3204 2092 3409 2162 ἀγορᾶς
3442 2092 3765 2161 ἀναστήσου-

2082 2198 2191 2242 σιν,
2229 2182 2351 2236 οὐδὲ
2397 2180 2656 2252 χρυσοῦν,
2690 2180 2813 2233 οὐδέ
2847 2180 3248 2251 λιθοκόλλητον,
3292 2178 3432 2233 ἀλλά
3458 2179 3556 2246 τὴν
3586 2177 3766 2245 ’πάσης

2085 2268 2219 2339 ὕλης
2243 2268 2574 2339 τιμιωτέραν
2601 2268 2821 2338 στήλην,
2847 2266 3255 2337 φιλανθρωπίαν
3284 2266 3378 2319 καὶ
3398 2264 3766 2335 ἐλεημοσύνην

2084 2356 2541 2427 ἀναϐεϐλημένον.
2596 2356 2783 2417 Οὑτως
2824 2356 2916 2408 ἐπὶ
2949 2355 3048 2425 τῆς
3091 2354 3331 2415 διανοίας
3377 2353 3609 2414 ἕκαστος
3640 2353 3767 2405 ἀνα-

2088 2444 2347 2517 στήσουσί
2378 2461 2438 2497 σε
2459 2444 2561 2514 τῆς
2587 2443 2816 2508 ἑαυτῶν,
2837 2444 2933 2497 καὶ
2963 2442 3250 2506 τοσούτους
3270 2442 3410 2508 ἐξεις
3428 2440 3767 2510 ἀνδριάντας,

2082 2534 2198 2589 ὅσοι
2236 2532 2331 2603 τὴν
2364 2529 2688 2602 οἰκουμένην
2714 2530 2956 2584 οἰκοῦσιν
2987 2528 3283 2600 ἄνθρωποι,
3312 2529 3408 2582 καὶ
3433 2529 3765 2597 οἰκήσουσιν.

2087 2623 2161 2675 Οὐ
2179 2621 2285 2692 γὰρ
2301 2622 2461 2691 ἡμεῖς
2475 2621 2654 2691 μόνον,
2672 2618 2809 2672 ἀλλὰ
2825 2618 2918 2671 καὶ
2938 2619 2985 2670 οἰ
3004 2617 3123 2688 μεθ’
3139 2618 3311 2688 ἡμᾶς,
3333 2616 3483 2670 καὶοί
3501 2616 3618 2687 μετ’
3634 2617 3769 2669 ἐκεί-

2086 2727 2211 2772 νους
2245 2708 2482 2771 ἅπαντες
2497 2706 2673 2761 ταῦτα
2705 2706 3050 2760 ἀκούσονται·
3078 2706 3173 2759 καὶ
3212 2704 3462 2775 καθάπερ
3482 2700 3540 2759 εὖ
3574 2705 3769 2757 παθόν-

2087 2816 2179 2862 τες
2205 2798 2380 2860 αὐτοί,
2422 2794 2566 2849 οὕτω
2594 2813 2655 2848 σε
2686 2795 3060 2864 θαυμάσονται
3108 2794 3203 2847 καὶ
3229 2790 3537 2864 φιλήσουσι.
3562 2794 3670 2846 Καὶ
3689 2794 3769 2845 ὅτι

2088 2885 2265 2939 ταῦτα
2291 2885 2351 2936 οὐ
2384 2883 2696 2937 κολακεύων
2719 2882 2880 2950 λέγω,
2904 2881 3018 2934 ἀλλ’
3035 2879 3208 2943 οὕτως
3225 2881 3377 2933 ἔσται
3407 2880 3641 2943 πάντως,
3660 2880 3771 2952 ἐρῶ

2092 2987 2174 3023 σοι
2209 2970 2437 3022 παλαιόν
2461 2986 2582 3022 τινα
2626 2968 2803 3037 λόγον,
2836 2968 2924 3022 ἵνα
2960 2968 3159 3040 μάθῃς,
3195 2967 3279 3019 ὅτι
3311 2967 3410 3036 οὐχ
3435 2964 3578 3018 οὕτω
3611 2982 3771 3035 στρα-

2090 3058 2293 3112 τόπεδα
2321 3057 2415 3111 καὶ
2441 3057 2581 3110 ὅπλα
2606 3056 2702 3109 καὶ
2740 3058 2999 3127 χρήματα
3035 3055 3128 3109 καὶ
3152 3055 3408 3123 ὑπηκόων
3438 3052 3642 3124 πλῆθος
3679 3054 3772 3107 καὶ

2090 3148 2161 3200 τὰ
2183 3147 2317 3201 ἄλλα
2354 3146 2419 3212 δὴ
2451 3146 2520 3199 τὰ
2552 3145 2776 3198 τοιαῦτα
2809 3144 3095 3214 λαμπροὺς
3136 3144 3310 3195 ποιεῖν
3354 3140 3479 3204 τοὺς
3535 3140 3773 3210 βασιλεῖς

2095 3236 2303 3299 εἴωθεν,
2330 3234 2406 3297 ὡς
2432 3233 2722 3303 φιλοσοφία
2750 3232 2929 3302 ψυχῆς
2964 3234 3058 3285 καὶ
3077 3232 3370 3302 ἡμερότης.

2178 3321 2236 3373 '0
2262 3319 2531 3391 μακάριος
2556 3320 2779 3387 λέγεται
2801 3320 3226 3381 Κωνσταντῖνος,
3253 3317 3351 3387 τῆς
3387 3317 3592 3379 εἰκόνος
3609 3313 3773 3369 αὐτοῦ

2099 3406 2565 3477 καταλευσθείσης
2595 3406 2746 3472 ποτὲ,
2796 3404 3206 3477 παροξυνόντων
3253 3403 3413 3456 αὐτὸν
3449 3402 3659 3456 πολλῶν
3684 3404 3776 3455 ἐπ-

2097 3496 2331 3563 εξελθεῖν
2358 3496 2469 3557 τοῖς
2498 3493 2749 3565 ὑϐρικόσι
2779 3494 2874 3546 καὶ
2919 3492 3074 3564 δίκην
3105 3493 3428 3561 ἀπαιτῆσαι,
3465 3492 3559 3544 καὶ
3590 3490 3775 3558 λεγόν-

2096 3602 2224 3641 των,
2254 3583 2335 3635 ὅτι
2365 3584 2547 3636 πᾶσαν
2577 3582 2743 3637 αὐτοῦ
2766 3580 2865 3652 τὴν
2888 3581 3009 3651 ὄψιν
3038 3580 3282 3652 ἔτρωσαν
3314 3584 3438 3644 τοὺς
3476 3580 3655 3644 λίθους
3691 3574 3777 3645 ἐξ·

2098 3669 2493 3735 ἀκοντίζοντες,
2550 3668 2879 3739 ψηλαφήσας
2929 3670 2994 3738 τῇ
3046 3668 3192 3738 χειρὶ
3239 3666 3300 3720 τὸ
3333 3667 3648 3738 πρόσωπον,
3684 3668 3777 3720 καί.

2099 3760 2287 3830 ἡρέμα
2335 3759 2646 3830 μειδιάσας,
2681 3754 2854 3822 εἶπεν,
2890 3759 2971 3810 ὅτι
3017 3756 3269 3827 Οὐδαμοῦ
3300 3757 3513 3829 πληγὴν
3542 3758 3636 3809 ἐπὶ
3681 3759 3773 3811 τοῦ

2104 3845 2357 3915 μετώπου
2389 3844 2766 3915 γεγενημένην
2805 3844 2937 3915 ὁρῶ,
2974 3844 3089 3897 ἀλλ’
3147 3844 3304 3915 ὑγιὴς
3342 3845 3438 3915 μὲν
3472 3846 3505 3915 ή
3542 3845 3775 3915 κεφαλὴ,

2101 3934 2259 4005 ὑγιὴς
2280 3934 2337 3987 δέ
2361 3937 2393 4005 ἡ
2418 3934 2540 4003 ὄψις
2570 3934 2779 3999 ἅπασα,
2798 3934 3084 3996 κάκείνους
3115 3932 3545 4004 ἐρυθριάσαντας
3572 3934 3665 3986 καὶ
3694 3935 3779 3985 αἰ-

2105 4022 2435 4093 σχυνθέντας
2469 4021 2772 4092 ἀποστῆναι
2826 4020 2928 4091 τῆς
2973 4021 3158 4074 ἀδίκου
3204 4021 3408 4090 ταύτης
3443 4020 3774 4091 συμϐουλῆς.

2103 4110 2215 4162 Καὶ
2248 4107 2309 4162 τὸ
2339 4111 2490 4179 ῥῆμα
2518 4108 2677 4161 τοῦτο
2714 4108 2875 4180 μέχρι
2909 4107 3005 4160 νῦν
3033 4107 3249 4179 ᾄδουσιν
3281 4107 3536 4171 ἅπαντες,
3560 4107 3652 4160 καὶ
3690 4126 3780 4160 το-

2107 4197 2295 4261 σοῦτος
2319 4194 2509 4267 χρόνος
2533 4197 2634 4249 οὐκ
2656 4196 2952 4265 ἐμάρανεν,
2982 4195 3080 4247 οὐκ
3113 4195 3301 4248 ἔσϐεσε
3333 4195 3433 4263 τῆς
3460 4194 3779 4263 φιλοσοφίας

2105 4286 2311 4355 ταύτης
2341 4284 2441 4355 τὴν
2470 4284 2711 4355 μνήμην.
2746 4283 2934 4335 Πόσων
2957 4283 3056 4335 οὐκ
3092 4282 3157 4335 ἂν
3188 4282 3270 4353 εἴη
3310 4282 3467 4335 τοῦτο
3502 4283 3781 4352 τροπαίων

2107 4372 2513 4443 λαμπρότερον;
2542 4370 2750 4434 Πολλὰς
2784 4372 2877 4423 καὶ
2907 4370 3149 4440 μεγάλας
3175 4368 3202 4408 δ
3242 4369 3425 4432 πόλεις
3453 4370 3659 4432 ἐκεῖνος
3682 4373 3778 4424 ἀν-

2109 4459 2326 4530 έστησε,
2358 4459 2451 4511 καὶ
2477 4457 2705 4521 πολλοὺς
2752 4456 3059 4528 βαρϐάρους
3093 4457 3363 4526 ἐνίκησεν,
3409 4455 3525 4509 ἀλλ’
3565 4456 3780 4519 οὐδενος

2108 4546 2332 4599 ἐκείνων
2363 4544 2707 4616 μεμνήμεθα*
2740 4544 2799 4596 τὸ
2824 4544 2881 4597 δὲ
2911 4544 3062 4615 ῥῆμα
3087 4541 3247 4596 τοῦτο
3288 4542 3449 4612 μέχρι
3481 4543 3583 4611 τῆς
3613 4542 3781 4614 σήμε-

2115 4651 2204 4703 ρον
2231 4633 2437 4704 ᾇδεται,
2473 4632 2567 4685 καὶ
2598 4633 2646 4684 οἰ
2677 4632 2793 4703 μεθ’
2835 4633 2985 4702 ἡμᾶς
3031 4630 3162 4684 αὐτὸ
3191 4630 3286 4683 καὶ
3304 4631 3353 4683 οἰ
3392 4631 3510 4701 μετ’
3540 4630 3782 4694 ἐκείνους

2109 4721 2435 4775 ἀκούσονται
2464 4721 2685 4783 πάντες.
2720 4721 2829 4772 Καὶ
2853 4720 2912 4772 οὐ
2936 4718 3095 4772 τοῦτο
3131 4719 3291 4789 μόνον
3323 4719 3440 4771 ἐστὶ
3465 4718 3528 4771 τὸ
3565 4718 3780 4789 θαυμα-

2112 4810 2256 4873 στὸν,
2285 4810 2369 4862 ὅτι
2395 4808 2739 4873 ἀκούσονται,
2771 4806 2884 4860 ἀλλ’
2919 4808 2999 4860 ὃτι
3038 4807 3133 4859 καὶ
3167 4807 3281 4877 μετ’
3310 4806 3547 4859 ἐπαίνων
3571 4807 3666 4859 καὶ
3691 4809 3784 4861 εὐ·-

2110 4897 2324 4969 φημίας
2351 4896 2407 4949 οἵ
2434 4911 2493 4948 τε
2523 4893 2771 4964 λέγοντες
2806 4895 3077 4963 λέγουσιν,
3110 4895 3163 4947 οῖ
3186 4910 3246 4947 τε
3270 4894 3560 4956 ἀκούοντες
3595 4893 3779 4964 δέχον-

2108 4984 2343 5038 ταισκαί⁹
2390 4983 2492 5036 οὐκ
2538 4981 2685 5036 ἐστιν
2709 4982 2905 5045 οὐδεὶς,
2944 4981 3005 5045 ὃς
3051 4980 3296 5047 ἀνέξεται
3352 4980 3576 5051 σιγῆσαι
3624 4981 3783 5034 τοῦτο

2112 5070 2371 5135 ἀκούσας,
2396 5069 2509 5124 ἀλλ’
2536 5069 2673 5141 ὁμοῦ
2717 5086 2779 5123 τε
2812 5068 3100 5142 ἀνέκραξε,
3136 5069 3229 5122 καὶ
3256 5068 3348 5122 τὸν
3393 5068 3649 5139 εἰρηκότα
3680 5071 3779 5121 ἐπ-

2112 5159 2292 5231 ῄνεσε,
2322 5158 2417 5212 καὶ
2472 5158 2642 5230 μυρία
2675 5157 2822 5229 αὐτῷ
2855 5158 2948 5210 καὶ
2994 5156 3276 5210 ἀπελθόντι
3308 5156 3554 5224 γίνεσθαι
3580 5155 3783 5227 ηὐξατο

2112 5244 2311 5313 ἀγαθά.
2342 5245 2403 5297 Εἰ
2432 5243 2487 5296 δέ
2518 5243 2668 5313 παρὰ
2694 5242 3000 5316 ἀνθρώποις
3020 5240 3288 5313 τοσαύτης
3312 5241 3592 5312 ἀπήλαυσε
3623 5242 3782 5311 δόξης

2112 5332 2178 5385 δι’
2210 5333 2384 5385 ἐκεῖνο
2406 5332 2465 5384 τὸ
2490 5333 2663 5403 ῥῆμα,
2694 5332 2876 5385 πόσων
2909 5330 3277 5386 ἀπολαύσεται
3316 5329 3469 5401 παρὰ
3494 5329 3571 5401 τῷ
3596 5330 3783 5400 φιλαν-

2115 5418 2143 5471 θ
2150 5417 2318 5490 ρώπῳ
2350 5418 2465 5490 Θεῷ
2503 5420 2780 5487 στεφάνων
2800 5436 2814 5484 ;

2186 5506 2297 5557 Καὶ
2355 5505 2409 5557 τί
2462 5504 2569 5576 χρὴ
2598 5505 2775 5574 λέγειν
2815 5506 3223 5559 Κωνσταντῖνον
3258 5502 3352 5556 καὶ
3407 5500 3477 5555 τά
3528 5500 3787 5572 ἀλλότρια

2119 5593 2555 5664 παραδείγματα,
2578 5594 2694 5646 δέον
2725 5593 2933 5646 οἴκοθέν
2963 5610 3021 5645 σε
3051 5593 3143 5645 καὶ
3169 5593 3231 5644 ἐκ
3262 5590 3371 5644 τῶν
3403 5588 3509 5642 σῶν
3535 5607 3791 5661 ’παρακοι⁴

2178 5678 2205 5717 b
2230 5680 2379 5729 Sa'v'il.
2405 5686 2458 5729 et
2495 5679 2577 5729 alii
2616 5681 2769 5738 πόσης
2799 5686 3122 5742 κατασκαφῆς.
3148 5678 3275 5728 Infra
3296 5676 3447 5729 iidem
3473 5676 3566 5724 ὅσα
3606 5679 3787 5738 μηδείς,

2119 5748 2173 5790 ει
2184 5754 2300 5819 ρει(
2321 5743 2569 5819 σοφώτατε
2589 5755 2677 5819 Pro
2698 5744 3070 5819 φιλοσοφώταῖε.

2184 5805 2206 5865 ξ
2236 5800 2407 5865 Morel'.
2435 5800 2665 5865 μηδεμίαν
2708 5800 2975 5865 ἀπαιτήσῃς
3010 5802 3180 5865 δίκην,‹
3207 5800 3365 5865 8³νῇᾇ
3389 5800 3617 5865 μηδεμίαν
3642 5801 3791 5865 ἐάσῃς

2123 5861 2286 5939 δοῦναι
2310 5860 2462 5925 δίκην,
2489 5860 2677 5939 διὶηυοι
2718 5878 2833 5939 ωξξ.
2879 5860 3119 5939 μηδεμίαν
3136 5864 3257 5926 ἀφῇς
3286 5860 3445 5939 δοῦχαι
3468 5860 3791 5939 δίκην.“1ηἰξτιίι

2125 5931 2365 5989 ῑῑεξδ-ῑῐιεε.
2390 5924 2671 5989 τιμιωτέραν
2711 5924 2905 5987 στήλην,
2948 5924 3127 5975 melius
3170 5924 3314 5989 qnam
3346 5924 3515 5974 Morel.
3558 5931 3611 5973 et
3634 5924 3788 5973 Sani.

2121 5985 2204 6048 qui
2230 5986 2411 6034 habent
2432 5985 2621 6043 στολήν.

2182 6049 2208 6087 ό
2235 6052 2414 6097 Aberat
2442 6050 2660 6109 μεγάλας,
2681 6062 2766 6097 nos
2787 6061 2814 6097 ρ
2839 6050 3019 6099 Savih’o
3036 6051 3326 6110 recepimus.
3359 6049 3486 6097 lion.
