4046 6396
322 367 429 422 ﬁl?

323 480 437 538 λεῖν
467 484 942 555 κατορθωμάτων;
987 487 1280 556 Μέμνηται
1318 487 1530 560 πρώην,
1563 487 1650 539 ὅτε
1671 486 1769 556 τῆς
1799 483 1993 556 ἑορτῆς

322 563 525 636 ταύτης
553 567 963 637 καταλαϐούσης
987 568 1270 637 ἐπιστολὴν
1306 568 1554 639 ἔπεμψας
1586 564 1856 634 πανταχοῦ
1893 564 1995 632 τῆς

324 645 648 715 οἰκουμένης
681 646 1006 698 κελεύουσαν
1042 648 1168 710 τοὺς
1207 647 1269 700 τὸ
1310 649 1684 718 δεσμωτήριον
1713 643 1997 708 οἰκοῦντας

325 723 564 791 ἀφεῖναι,
608 727 701 778 καὶ
741 729 1043 796 συγχωρεῖν
1075 728 1256 790 αὐτοῖς
1288 728 1356 782 τά
1409 727 1751 796 ἐγκλήματα,
1796 725 1890 777 καὶ
1921 724 1998 787 ὼς

324 804 426 857 οὐκ
456 805 767 875 ἀρκούντων
804 807 1026 858 ἐκείνων
1071 804 1238 871 δεῖξαί
1284 824 1378 859 σου
1422 807 1519 878 τὴν
1564 803 1996 875 φιλανθρωπίαν,

327 881 511 951 ἔλεγες
543 884 630 937 διὰ
647 885 753 936 τῶν
780 886 1146 956 γραμμάτων,
1176 887 1258 939 ὅτι
1284 887 1410 938 Εἴθε
1442 903 1531 955 μοι
1556 885 1774 938 δυνατὸν
1811 879 1878 954 ἦν
1905 883 1999 935 xui

322 967 448 1026 τοὺς
482 963 816 1027 ἀπελθόντας
848 977 872 1004 α
906 965 1136 1018 καλέσαι
1177 967 1268 1022 καὶ
1291 967 1590 1036 ἀναστῆσαι
1619 965 1711 1016 καὶ
1737 963 1871 1033 πρὸς
1899 960 1998 1032 τὴν

323 1045 591 1113 προτέραν
637 1045 935 1114 ἀναγαγεῖν
989 1044 1160 1118 ζωήνί
1208 1047 1428 1100 Τούτων
1478 1045 1855 1117 ἀναμνήσθητι
1891 1043 1999 1095 τῶν

321 1123 582 1191 ῥημάτων
609 1123 724 1176 νῦν’
759 1125 867 1177 ἰδοῦ
903 1125 1092 1195 καιρὸς
1126 1125 1254 1189 τοὺς
1287 1126 1618 1188 ἀπελθόντας
1654 1123 2000 1178 καλέσαικαί

321 1201 643 1277 ἀναστῆσαι,
681 1205 775 1256 xui
809 1203 946 1274 πρὸς
989 1203 1086 1274 τὴν
1135 1207 1403 1277 προτέραν
1442 1208 1807 1272 ἐπαναγαγεῖν
1833 1203 1996 1272 ζωήν.

323 1281 430 1334 Καὶ
461 1276 605 1334 οὗτοι
637 1283 748 1352 γὰρ
798 1285 900 1354 ἤδη
936 1276 1252 1353 τεθνήκασι,
1306 1286 1400 1338 καὶ
1451 1287 1578 1357 πρὶν
1611 1285 1642 1354 ἢ
1696 1284 1794 1354 τὴν
1820 1283 1999 1352 ψῆφον

320 1362 688 1431 ἐξενεχθῆναι,
712 1363 807 1415 xui.
837 1365 965 1434 παρ’
997 1363 1166 1426 αὐτὰς
1192 1365 1224 1432 ἡ
1256 1364 1412 1426 πόλις
1440 1367 1744 1435 ἐσκήνωται
1778 1363 1875 1425 τάς
1904 1362 1998 1414 τοῦ

320 1441 446 1512 ᾅδου
478 1443 654 1506 πύλας
711 1443 828 1497 νῦν.
896 1445 1228 1513 Ἀνάστησον
1262 1443 1354 1498 οῦν
1392 1445 1537 1517 [2‘20]
1569 1445 1738 1514 αὐτὴν
1790 1443 2000 1496 ἐκεῖθεν

319 1523 489 1591 χωρὶς
516 1523 837 1592 χρημάτων.
867 1525 1034 1594 χωρὶς
1066 1524 1332 1594 δαπάνης,
1361 1526 1528 1595 χωρὶς
1557 1525 1752 1594 χρόνου
1779 1525 1870 1576 καί
1899 1523 2000 1576 πό·-

318 1615 410 1652 νου
437 1602 602 1664 τινός.
649 1603 835 1672 Ἀρκεῖ
866 1603 976 1673 γάρ
1018 1621 1100 1656 σοι
1148 1603 1483 1672 φθέγξασθαι
1521 1605 1699 1673 μόνον,
1737 1605 1829 1655 xui.
1864 1603 1998 1655 ἀνα-

319 1685 516 1752 στῆσαι
545 1683 642 1753 τὴν
678 1685 831 1736 πόλιν
853 1684 951 1754 τὴν
984 1687 1040 1737 ἐν
1067 1685 1244 1755 σκότῳ
1293 1684 1552 1754 κειμένην
1569 1685 1616 1736 b.
1650 1683 1763 1736 Νῦν
1783 1683 1869 1746 δὸς
1903 1684 2000 1735 αὐ-

317 1761 416 1832 τὴν
451 1763 735 1816 καλεῖσθαι
775 1765 960 1817 λοιπὸν
1005 1764 1114 1817 ἀπὸ
1160 1765 1259 1835 τῆς
1287 1765 1384 1834 σῆς
1415 1762 1847 1834 φιλανθρωπίαςο
1880 1762 2000 1816 οὐδέ

317 1843 430 1912 γὰρ
459 1843 733 1912 τοσαύτην
761 1845 968 1898 εἴσεται
1009 1845 1170 1916 χάριν
1200 1844 1278 1914 τῷ
1309 1845 1459 1914 παρά
1497 1843 1595 1914 τὴν
1621 1843 1795 1913 ἀρχὴν
1831 1842 1998 1913 αὐτὴν

319 1921 608 1984 οίκίσαντι,
658 1924 792 1992 ὅσην
838 1927 904 1993 τῇ
949 1924 1114 1993 ψήφῳ
1163 1927 1228 1994 τῇ
1269 1927 1354 1994 σῇ·
1411 1925 1506 1975 καὶ
1560 1923 1702 1993 μάλα
1753 1923 1996 1985 είκότως.

336 2001 571 2064 Ἐκεῖνος
600 2002 700 2072 μὲν
725 2001 833 2073 γὰρ
863 2005 1037 2074 ἀρχὴν
1065 2005 1201 2071 αὐτῇ
1233 2005 1358 2067 δοὺς
1384 2003 1617 2074 ἀπῆλθε,
1645 2006 1709 2057 σύ
1747 2003 1804 2055 δέ
1835 2003 2001 2073 αὐξη-

319 2081 504 2134 θεῖσαν
533 2085 626 2134 καὶ
680 2085 980 2154 γενομένην
1022 2084 1285 2154 μεγάλην,
1332 2085 1426 2137 καὶ
1475 2084 1612 2152 μετά
1651 2083 1751 2152 τὴν
1802 2082 2000 2151 πολλὴν

316 2160 523 2232 ταύτην
574 2162 874 2233 εὐημερίαν
917 2164 1336 2233 κατενεχθεῖσαν
1389 2164 1735 2232 ἀναστήσεις.
1787 2160 1903 2215 Οὐκ
1933 2157 2000 2232 ἦν

317 2239 459 2292 οὕτω
497 2241 830 2311 θαυμαστὸν,
865 2245 913 2295 εἰ
947 2243 1224 2312 πολεμίων
1258 2243 1429 2311 αὐτὴν
1467 2243 1715 2306 ἑλόντων,
1747 2243 1843 2294 καὶ
1864 2241 2000 2312 βαρ-

316 2319 500 2390 ϐάρων
536 2322 1016 2392 καταδραμόντων,
1037 2322 1358 2392 ἀπήλλαξας
1384 2322 1476 2375 τοῦ
1503 2321 1771 2385 κινδύνου,
1795 2321 1869 2384 ὡς
1885 2320 2000 2374 ἐστι

317 2399 631 2468 θαυμαστὸν
663 2403 722 2454 τὸ
745 2402 1038 2470 φείσασθαι
1063 2402 1178 2455 νῦν’
1210 2403 1387 2454 ἐκεῖνο
1409 2402 1508 2471 μὲν
1530 2399 1639 2471 γὰρ
1665 2400 1850 2452 πολλοὶ
1872 2400 2002 2452 πολ-

317 2477 474 2543 λάκις
509 2479 773 2550 βασιλέων
796 2481 1079 2551 ἐποίησανο
1101 2481 1262 2534 τοῦτο
1286 2481 1342 2533 δὲ
1366 2482 1429 2534 σὺ
1455 2481 1612 2552 μόνος
1648 2480 1878 2550 ἐργάσῃ,
1907 2481 2002 2532 καὶ

317 2558 533 2628 πρῶτος
568 2559 720 2630 παρά
749 2559 1082 2631 προσδοκίαν
1111 2559 1354 2613 ἃπασαν.
1391 2562 1629 2613 Κάκεῖνο
1663 2559 1764 2628 μὲν
1788 2555 1882 2612 οὖν
1906 2559 2000 2612 οὐ-

317 2638 403 2691 δέν
431 2639 744 2706 θαυμαστὸν
775 2639 895 2692 οὐδέ
929 2639 1255 2710 παράδοξον,
1307 2639 1443 2693 ἀλλά
1492 2640 1602 2691 τῶν
1647 2639 1735 2691 ἀεὶ
1771 2637 2003 2708 συμϐαι-

317 2720 516 2772 νόντων
534 2720 671 2784 ἐστὶ,
700 2719 762 2772 τὸ
789 2721 900 2772 τῶν
927 2719 1186 2790 ὑπηκόων
1215 2718 1598 2790 προΐστασθαι,
1633 2719 1693 2770 τὸ
1729 2717 1782 2770 δέ
1807 2716 2002 2770 τοσαῦ-

317 2817 382 2851 τα
421 2799 662 2852 παθόντα
687 2799 780 2852 καὶ
809 2797 1036 2851 τοιαῦτα
1082 2800 1300 2865 ἀφεῖναι
1342 2799 1442 2868 τὴν
1479 2799 1672 2868 ὀργὴν,
1707 2797 1864 2848 τοῦτο
1897 2797 2003 2848 πᾶ-

318 2895 417 2930 σαν
444 2878 795 2949 ἀνθρωπίνην
843 2878 1166 2947 ὑπερϐαίνει
1223 2879 1404 2947 φύσιν.
1453 2879 1735 2947 Ἐννόησον
1770 2877 1849 2930 ὅτι
1906 2876 2001 2929 νῦν

317 2957 376 3008 οὐ
410 2958 538 3029 περὶ
569 2959 666 3027 τῆς
695 2957 903 3020 πόλεώς
930 2975 1012 3010 σοι
1043 2957 1358 3027 βουλευτέον
1391 2958 1551 3027 μόνον
1580 2957 1727 3009 ἐστὶν
1761 2955 1998 3026 ἐκείνης,

317 3038 451 3090 ἀλλά
472 3039 566 3091 καὶ
601 3038 849 3108 περὶτῆς
873 3038 1031 3109 δόξης
1050 3040 1148 3109 τῆς
1173 3039 1291 3107 σῆς·
1320 3038 1518 3108 μᾶλλον
1552 3037 1608 3090 δὲ
1637 3038 1728 3090 καὶ
1749 3036 1878 3106 περί
1906 3035 1998 3088 τοῦ

319 3119 743 3192 Χριστιανισμοῦ
780 3120 999 3183 παντός.
1034 3120 1150 3172 Νῦν
1184 3121 1278 3174 καί
1324 3118 1566 3170 Ἰουδαῖοι
1598 3118 1692 3170 καὶ
1719 3115 1998 3186 Ἕλληνες,

319 3201 410 3250 xui.
443 3202 594 3253 πᾶσα
629 3199 1005 3271 ήοίκουμένη,
1033 3199 1129 3254 καὶ
1153 3199 1419 3270 βάρϐαροι
1444 3199 1562 3268 (καὶ
1595 3198 1704 3268 γὰρ
1757 3197 1999 3250 κάκεῖνοι

317 3277 487 3331 ταῦτα
515 3280 775 3350 ἥκουσαν)
823 3280 960 3350 πρὸς
997 3279 1056 3332 σέ
1112 3281 1406 3350 κεχήνασιν
1449 3279 1815 3348 ἀναμένοντες
1850 3277 1996 3341 ἰδεῖν,

317 3357 432 3409 οἵαν
461 3375 489 3409 ο
517 3375 628 3420 σεις
655 3357 798 3411 κατά
831 3358 939 3410 τῶν
969 3359 1358 3429 γεγενημένων
1390 3359 1490 3429 τὴν
1524 3357 1727 3426 ψῆφον·
1763 3357 1867 3410 κᾶν
1901 3357 1999 3427 μὲν

317 3435 700 3507 φιλάνθρωπον
749 3437 1040 3511 ἐξενέγκῃς
1086 3439 1180 3491 xui.
1234 3438 1462 3508 ἥμερον,
1519 3436 1898 3490 ἐπαινέσονται
1941 3436 2002 3488 τὸ

261 3555 266 3560 ι
318 3517 494 3586 δόγμα
539 3519 762 3580 πάντες,
795 3519 888 3570 καὶ
919 3517 1204 3583 δοξάσουσι
1237 3517 1328 3569 τὸν
1355 3516 1510 3581 Θεὸν,
1553 3518 1648 3568 καὶ
1675 3516 1810 3586 πρὸς
1833 3515 1990 3585 ἀλλήο

318 3608 441 3658 λους
462 3596 664 3668 ἐροῦσι·
704 3597 896 3661 Βαϐαῖ,
931 3597 1073 3668 πόση
1105 3597 1198 3648 τοῦ
1219 3595 1647 3667 Χριστιανισμοῦ
1678 3596 1710 3666 ἡ
1739 3595 1996 3665 δύναμιςί
2033 3617 2044 3674 ι

317 3674 602 3744 ἄνθρωπον
629 3675 816 3728 οὐδένα
846 3676 1041 3745 ἔχοντα
1085 3678 1350 3745 ὁμότιμον
1376 3677 1468 3728 ἐπὶ
1503 3677 1605 3745 τῆς
1636 3677 1759 3745 γῆς,
1812 3675 2001 3746 κύριον
2035 3677 2041 3710 -‘

318 3755 445 3807 ϋντα
479 3755 744 3809 ἀπολέσαι
777 3756 955 3810 πάντα
1002 3756 1097 3807 καὶ
1126 3755 1458 3824 διαφθεῖραι,
1486 3756 1722 3825 κατέσχε
1754 3755 1848 3808 καὶ
1870 3758 2000 3824 ἐχα-
2025 3821 2028 3826 η

318 3833 530 3896 λίνωσε,
568 3835 662 3886 καὶ
688 3834 998 3902 φιλοσοφεῖν
1022 3833 1309 3886 ἐπαίδευσε
1337 3833 1677 3902 φιλοσοφίαν,
1705 3835 1771 3904 ἢν
1801 3834 1908 3887 οὐδ’
1935 3834 2002 3886 ἂν

321 3911 536 3982 ἰδιώτης
570 3913 859 3982 ἄνθρωπος
905 3912 1244 3977 ἐπεδείξατοο
1286 3913 1456 3976 ὅντως
1487 3913 1658 3982 μέγας
1680 3915 1707 3966 ὁ
1731 3913 1840 3965 τῶν
1869 3914 2004 3983 Χρι-

320 3992 552 4046 στιανῶν
589 3993 744 4058 Θεὸς,
768 3993 826 4055 ὃς
856 3991 916 4056 ἐξ
956 3991 1261 4062 ἀνθρώπων
1289 3992 1554 4060 ἀγγέλους
1587 3995 1732 4045 ποιεῖ
1757 3992 1852 4045 καὶ
1899 3994 2002 4046 πά-

319 4090 419 4143 σης
449 4073 693 4141 ἀνάγκης
721 4072 960 4141 φυσικῆς
989 4071 1297 4142 ἀνωτέρους
1325 4071 1664 4143 καθίστησιν.
1697 4072 1788 4143 Μὴ
1808 4072 1916 4143 γὰρ
1938 4073 2001 4143 δὴ

320 4153 409 4207 τὸν
447 4153 699 4222 περιττὸν
727 4154 932 4204 ἐκεῖνον
974 4150 1156 4222 δείσῃς
1188 4150 1371 4220 φόϐον,
1403 4151 1538 4222 μηδέ
1573 4151 1786 4225 ἀνάσχῃ
1818 4151 2002 4220 λεγόν-

318 4252 426 4288 των
458 4233 641 4293 τινῶν,
667 4231 742 4294 ώς
769 4233 822 4282 αί
855 4230 1040 4282 λοιπαὶ
1067 4230 1283 4299 χείρους
1325 4231 1539 4283 ἔσονται
1572 4231 1756 4294 πόλεις
1789 4230 1883 4283 καὶ
1904 4248 2003 4284 κα-

319 4313 718 4385 ταφρονήσουσι
759 4310 979 4381 μᾶλλον,
1010 4309 1216 4378 ταύτης
1247 4308 1321 4380 μὴ
1369 4309 1749 4381 κολασθείσης.
1794 4311 1855 4362 Et
1903 4311 2002 4380 μὲν

321 4393 429 4464 γὰρ
457 4391 734 4452 ἀδυνάτως
751 4387 893 4460 εἶχες
917 4388 1246 4454 ἐπεξελθεῖν,
1277 4390 1372 4464 καί
1393 4389 1483 4460 βίᾳ
1508 4407 1602 4442 σου
1628 4391 2004 4460 περιεγένοντο

321 4463 494 4526 ταῦτα
531 4477 874 4541 ποιήσαντες,
893 4470 986 4523 καὶ
1020 4469 1322 4532 ἰσοστάσιος
1353 4463 1470 4539 ῆνή
1507 4467 1756 4540 δύναμις,
1777 4468 2002 4532 εἰκότως

320 4553 495 4606 ταῦτα
522 4550 848 4604 ὑποπτεύειν
869 4549 1065 4619 ἐχρῆνο
1099 4549 1148 4600 εἰ
1171 4548 1227 4601 δέ
1264 4549 1641 4619 κατεπτήχασι
1669 4559 1691 4587 ο
1736 4549 1832 4601 καὶ
1872 4565 2004 4619 προ-

323 4633 594 4686 απέθανον
619 4631 698 4701 τῷ
713 4631 842 4691 δέει,
857 4631 952 4683 καί
976 4629 1112 4698 πρὸς
1133 4631 1260 4691 τοὺς
1285 4629 1454 4691 πόδας
1477 4629 1711 4699 ἔδραμον
1727 4629 1853 4691 τοὺς
1877 4630 2002 4693 σούς

321 4711 388 4766 δι’
419 4710 576 4781 ἐμοῦ,
609 4711 702 4763 καὶ
722 4709 871 4762 οὐδὲν
903 4709 1090 4779 ἕτερον
1114 4707 1234 4761 καθ’
1265 4707 1505 4778 ἑκάστην
1539 4707 1879 4777 προσδοκῶσι
1904 4707 2002 4776 τὴν

321 4793 558 4864 ἡμέραν,
583 4791 616 4861 ἦ
639 4790 702 4842 τὸ
735 4789 1030 4860 βάραθρον,
1071 4790 1164 4842 xui.
1191 4788 1346 4850 λιτάς
1376 4787 1654 4841 ποιοῦνται
1685 4787 1891 4851 κοινὰς,
1922 4789 2002 4850 εἰς

323 4873 415 4925 τὸν
465 4870 695 4941 οὐρανὸν
747 4869 1056 4938 βλέποντες,
1101 4869 1196 4920 καὶ
1246 4867 1337 4920 τὸν
1389 4867 1523 4920 Θεὸν
1557 4867 2004 4938 παρακαλοῦντες

325 4951 498 5004 ἐλθεῖν
520 4951 614 5004 καί
647 4946 1057 5017 συνεφάψασθαι
1087 4947 1185 5016 τῆς
1212 4946 1381 5017 αὐτῆς
1399 4949 1534 5016 ἡμῖν
1567 4946 1881 5017 πρεσϐείας,
1909 4945 2004 4999 xui.

324 5033 576 5100 καθάπερ
601 5032 649 5082 οἱ
680 5028 816 5100 πρὸς
842 5026 941 5090 τὰς
969 5026 1204 5096 ἐσχάτας
1233 5025 1385 5088 ὄντες
1414 5026 1710 5088 ἀναπνοὰς,
1735 5026 1864 5096 περὶ
1895 5025 2003 5078 τῶν

324 5110 538 5164 οἰκείων
552 5110 782 5171 ἕκαστος
811 5105 1090 5176 ἐπέσκηψε
1122 5107 1229 5157 τῶν
1262 5103 1474 5167 ἐαυτοῦ,
1513 5104 1630 5166 πῶς
1657 5105 1718 5157 οὐ
1749 5105 2012 5176 περιττὸν-

323 5191 482 5244 τοῦτο
511 5191 571 5243 τὸ
597 5189 748 5252 δέος;
777 5187 893 5240 Οὐκ
941 5186 1026 5247 ἂν,
1061 5186 1106 5237 εί
1159 5184 1433 5254 σφαγῆναι
1463 5183 1885 5254 ἐκελεύσθησαν,
1914 5200 2004 5236 το-

330 5273 501 5325 σαῦτα
530 5273 593 5326 ἂν
622 5269 839 5331 ἔπαθον,
863 5269 963 5320 ὅσα
987 5266 1253 5334 πάσχουσι
1286 5263 1381 5316 νῦν
1416 5265 1648 5334 ἡμέραις
1675 5263 1999 5326 τοσαύταιςα

329 5353 478 5421 φόϐῳ
523 5351 616 5405 καί
645 5351 832 5421 τρόμῳ
884 5348 1174 5412 συζῶντες,
1201 5347 1295 5397 xui
1333 5345 1567 5414 ἑσπέρας
1592 5343 2003 5414 καταλαϐούσης

328 5432 390 5486 οὐ
417 5430 822 5504 προσδοκῶντες
847 5427 1073 5499 ὄψεσθαι
1102 5424 1201 5496 τὴν
1235 5425 1328 5486 ἕω,
1351 5426 1445 5477 καὶ
1473 5425 1687 5495 ἡμέρας
1703 5424 2003 5495 γενομένης

391 5695 420 5728 ³
442 5693 538 5744 Alii
561 5695 642 5743 καὶ
665 5696 773 5751 τοὺς
793 5694 1123 5748 ἀποθανόντας.

390 5757 422 5799 b
444 5759 592 5806 Savil.
641 5765 694 5805 ei.
721 5757 890 5806 Morel.
937 5757 1009 5804 ἐπ’
1033 5757 1172 5816 ὂψεσι
1203 5755 1440 5816 κειμένην,
1473 5754 1558 5804 alii
1587 5755 1661 5803 ἐπ’
1683 5755 1810 5818 ὄψιν,
1837 5755 1920 5804 alii
1955 5755 2003 5803 ἐν

330 5820 493 5881 σκότῳ
515 5819 751 5878 κειμένην,
771 5826 828 5881 rel
847 5823 913 5866 ita
935 5818 1060 5881 legit
1077 5821 1340 5881 interpres.

395 5884 420 5913 ο
451 5877 546 5928 Alii
573 5877 918 5940 προεπτήχασι,
943 5877 1026 5927 alii
1061 5877 1407 5940 xuramﬁzua},
1443 5877 1526 5926 alii
1561 5879 1997 5940 προκατεπτήχασι.

336 5943 467 6010 lnl’t‘a~
499 5937 650 5987 Savil.
697 5947 748 6013 ιξι
786 5937 885 5988 duo
925 5953 1038 5988 mss.
1080 5939 1208 5994 λιτὰς
1251 5937 1496 5988 ποιοῦνται
1531 5937 1726 6000 πυκνάς,
1768 5941 1852 5990 alii
1867 5937 2002 5996 ’λιτὰς

333 6018 572 6053 ποιοιινται
599 6016 771 6055 κοινας.

1104 372 1164 426 S.
1202 369 1488 428 JOANMS
1521 368 2010 426 CllllYSUSTOMl
2050 368 2374 424 ARCIIIEP.
2415 367 2960 425 CONSTANTINOP.

3666 367 3767 421 2!8

2103 485 2200 538 οὐκ
2215 485 2524 550 ἐλπίζουσιν
2547 485 2626 549 εἰς
2646 483 2884 552 ἑσπέραν
2903 481 3208 551 ἀφίξεσθαι.
3229 481 3422 539 Πολλοίι
3440 481 3533 535 καὶ
3564 481 3770 552 θηρίοις

2105 564 2360 618 ἐνέπεσον
2390 565 2490 628 τὰς
2519 565 2759 636 ἐρήμους
2797 563 3104 622 διώκοντες,
3142 562 3236 613 καὶ
3264 561 3398 631 πρὸς
3424 563 3522 624 τὰς
3540 562 3770 626 ἀϐάτους

2108 645 2562 713 μετοικισθέντες,
2608 645 2709 696 οὐκ
2733 643 2922 716 ἄνδρες
2957 642 3134 712 μόνον,
3185 640 3318 694 ἀλλά
3350 641 3444 694 καὶ
3468 642 3652 696 παιδία
3681 662 3770 713 μι-

2106 725 2236 796 κρὰ,
2280 727 2375 777 καὶ
2425 727 2682 792 γυναῖκες
2736 723 3018 795 ἐλεύθεραι
3065 722 3158 775 καὶ
3203 722 3534 792 εὐσχήμονες
3575 723 3773 787 πολλὰς

2105 804 2310 868 νύκτας
2347 803 2495 877 [221]
2526 805 2620 858 καὶ
2647 804 2862 876 ἡμέρας
2887 805 2944 855 ἐν
2976 803 3261 872 σπηλαίοις
3289 803 3382 856 καὶ
3411 803 3652 874 φάραγξι
3680 805 3776 858 xui

2103 887 2226 947 ταῖς
2263 885 2425 947 ὀπαῖς
2468 883 2988 954 κατακρυπτόμεναι
3039 884 3138 952 τῆς
3176 883 3403 953 ἐρήμου.
3437 882 3547 936 Καὶ
3593 884 3777 947 καινὸς

2107 963 2486 1034 αἰχμαλωσίας
2523 965 2741 1034 κατέχει
2769 962 2868 1033 τὴν
2907 961 3058 1015 πόλιν
3101 962 3321 1032 τρόπος·
3367 961 3474 1014 τῶν
3500 961 3608 1033 γὰρ
3635 966 3780 1016 οἰκο·

2105 1044 2437 1114 δομημάτων
2468 1045 2560 1096 καὶ
2593 1043 2700 1095 τῶν
2726 1041 2919 1112 τοιχῶν
2953 1041 3258 1112 ἑστηκότων
3291 1041 3646 1113 χαλεπώτερα
3668 1042 3779 1097 τῶν

2107 1123 2528 1193 ἐμπρησθεισῶν
2549 1123 2820 1192 πάσχουσι
2849 1121 3076 1173 πόλεωνο
3100 1120 3310 1183 οὐδενὸς
3334 1119 3609 1192 βαρϐάρου
3639 1138 3781 1192 παρ-

2107 1203 2279 1266 όντος,
2309 1203 2428 1256 οὐδὲ
2460 1203 2717 1273 πολεμίου
2772 1201 3095 1272 φαινομένου
3130 1198 3453 1268 ἀθλιώτερον
3485 1199 3595 1252 τῶν
3623 1201 3778 1254 ἁλόν-

2106 1300 2215 1335 των
2234 1282 2553 1345 διάκεινται,
2585 1283 2675 1336 καὶ
2707 1281 2904 1350 φύλλον
2930 1281 3079 1334 κινού
3091 1297 3248 1350 μενον
3271 1279 3428 1349 μόνον
3455 1280 3662 1342 πάντας
3684 1279 3781 1332 αὑ-

2107 1362 2232 1423 τοὺς
2256 1362 2518 1415 ἀποσοϐεῖ
2552 1361 2676 1414 καθ’
2711 1361 2949 1430 ἑκάστην
2983 1359 3216 1431 ἡμέραν.
3262 1359 3369 1412 Καὶ
3397 1359 3570 1412 ταῦτα
3604 1360 3780 1412 ῐσασιν

2109 1443 2369 1505 ἅπαντες·
2401 1443 2494 1494 καὶ
2523 1443 2572 1494 εἰ
2601 1443 3049 1510 κατασκαφεῖσαν
3087 1439 3259 1508 αὐτὴν
3287 1437 3445 1501 εἶδον,
3469 1440 3568 1493 οὐκ
3602 1439 3668 1492 ἂν
3702 1439 3782 1492 οῦ-

2106 1541 2214 1587 τως
2251 1525 2756 1596 ἐσωφρονίσθησαν,
2801 1525 2876 1586 ώς
2927 1523 3020 1576 νῦν
3065 1523 3269 1586 ταύτας
3294 1523 3464 1594 αὐτῆς
3491 1522 3780 1586 ἀκούοντες

2106 1604 2206 1668 τὰς
2245 1606 2551 1677 συμφοράς.
2598 1605 2690 1675 Μὴ
2735 1605 2917 1657 τοίνυν
2953 1603 3112 1657 τοῦτο
3159 1603 3406 1676 νομίσῃς,
3453 1603 3529 1666 ὡς
3566 1603 3781 1674 χείρους

2108 1684 2320 1738 ἔσονται
2353 1688 2409 1739 αἱ
2431 1685 2614 1739 λοιπαί
2638 1683 2842 1747 πόλεις.
2868 1685 2980 1736 Οὐκ
2992 1683 3078 1744 ἂν,
3111 1685 3158 1736 εἰ
3182 1681 3532 1751 κατέσκαψας
3563 1682 3661 1745 τὰς
3687 1682 3785 1735 ἀλ·-

2107 1766 2205 1830 λας
2229 1767 2430 1831 πόλεις,
2461 1767 2635 1831 οὑτως
2679 1765 2850 1828 αὑτάς
2888 1765 3282 1834 ἐσωφρόνισας,
3316 1764 3391 1827 ὡς
3428 1764 3524 1816 νῦν
3551 1764 3640 1817 διὰ
3686 1765 3784 1836 τῆς

2109 1847 2306 1917 ἀδήλου
2323 1847 2433 1898 τῶν
2457 1846 2730 1916 ἐσομένων
2751 1845 3079 1915 προσδοκίας
3113 1843 3465 1915 σφοδρότερον
3499 1844 3680 1914 πάσης
3704 1861 3786 1896 κο-

2107 1925 2320 1988 λάσεως
2366 1925 2665 1988 παιδεύσας
2693 1925 2910 1988 αὐτούς.
2947 1925 3057 1976 Καὶ
3087 1924 3159 1993 μὴ
3190 1924 3502 1994 περαιτέρω
3530 1923 3785 1994 προενέγ-

2107 2021 2212 2076 κῃς
2227 2017 2250 2044 ο
2269 2006 2448 2068 αὐτοῖς
2479 2005 2574 2068 τάς
2601 2004 2906 2075 συμφορὰς,
2929 2003 3042 2057 ἀλλ’
3067 2005 3201 2072 ἄφες
3221 2002 3554 2056 ἀναπνεῦσαι
3574 2002 3780 2057 λοιπόν.

2109 2086 2182 2139 Τὸ
2218 2085 2316 2155 μὲν
2349 2086 2458 2158 γὰρ
2501 2085 2732 2140 κολάσαι
2776 2089 2901 2148 τοὺς
2944 2083 3278 2146 ὑπευθύνους
3305 2083 3400 2134 καί,
3430 2082 3586 2152 δίκην
3618 2082 3784 2135 ἀπαι-

2107 2167 2273 2234 τῆσαι
2321 2168 2430 2220 τῶν
2476 2167 2901 2238 πεπραγμένων,
2942 2167 3124 2237 ῥᾴδιον
3166 2164 3384 2228 πάντως
3421 2163 3517 2216 καὶ
3542 2161 3782 2216 εὔκολον·

2107 2246 2168 2298 τὸ
2199 2246 2256 2299 δὲ
2284 2247 2574 2315 φείσασθαι
2599 2246 2708 2300 τῶν
2742 2246 3069 2317 ὑϐρικότων,
3102 2245 3196 2298 καὶ
3238 2242 3570 2312 συγγνώμην
3605 2241 3783 2296 δοῦναι

2108 2327 2221 2388 τοῖς
2263 2325 2628 2393 ἀσύγγνωστα
2677 2324 3074 2397 ἡμαρτηκόσιν.
3111 2323 3228 2386 ἑνός
3264 2339 3368 2375 που
3401 2324 3495 2374 καὶ
3531 2321 3784 2397 δευτέρου

2113 2404 2266 2474 μόλις
2303 2404 2441 2468 ἐστὶ,
2477 2405 2574 2458 xui.
2613 2396 2848 2474 μάλιστα
2885 2405 3013 2457 ὅταν
3039 2402 3293 2473 βασιλεὺς
3325 2404 3352 2456 ὁ
3381 2401 3707 2471 ὑϐρισμένος

2109 2483 2206 2535 καὶ
2236 2484 2295 2536 τὸ
2327 2484 2476 2554 φόϐῳ
2503 2483 2559 2535 δὲ
2593 2484 2857 2548 ὑποτάξαι
2893 2483 3044 2536 πόλιν
3093 2483 3337 2544 εὔκολον,
3381 2481 3440 2534 τὸ
3486 2481 3544 2533 δὲ
3580 2481 3785 2544 πάντας

2109 2565 2348 2636 ἐραστὰς
2377 2567 2716 2637 καταστῆσαι
2751 2568 2843 2620 καὶ
2887 2567 3005 2636 μετ’
3027 2567 3238 2630 εὐνοίας
3268 2567 3451 2618 πεῖσαι
3481 2563 3786 2618 διακεῖσθαι

2110 2647 2240 2715 περὶ
2262 2645 2360 2713 τὴν
2392 2644 2670 2714 βασιλείαν
2697 2646 2795 2714 τὴν
2827 2645 2944 2716 σὴν,
2978 2646 3074 2697 καὶ
3113 2646 3187 2714 μὴ
3234 2645 3391 2715 μόνον
3422 2643 3626 2706 κοινάς,
3652 2642 3785 2696 ἀλλά

2110 2725 2204 2776 καὶ
2233 2723 2368 2786 ἰδίας
2390 2725 2529 2795 ὑπὲρ
2541 2725 2640 2794 τῆς
2660 2726 2758 2795 σῆς
2787 2725 2965 2796 ἀρχῆς
2981 2724 3249 2776 ποιεῖσθαι
3278 2722 3462 2792 εὐχὰς,
3485 2721 3787 2792 δυσκατόρ-

2111 2805 2316 2880 θωτοντκ
2335 2808 2438 2862 κᾶν
2475 2809 2644 2878 μυρία
2672 2825 2754 2870 τις
2777 2806 3030 2878 ἀναλώσῃ
3057 2807 3335 2878 χρήματα,
3369 2804 3468 2857 κᾶν
3503 2804 3672 2874 μυρία
3701 2822 3786 2856 κι-

2109 2889 2251 2962 νήσῃ
2286 2889 2625 2958 στρατόπεδα
2659 2887 2716 2953 ί,
2773 2889 2875 2943 κᾶν
2913 2889 3092 2941 ὁτιοῦν
3129 2887 3450 2958 ἐργάσηται,
3485 2886 3586 2937 οὐκ
3633 2886 3787 2938 εὐκό-

2109 2968 2217 3032 λως
2241 2968 2510 3021 τοσούτων
2548 2967 2851 3039 ἀνθρώπων
2887 2967 3126 3021 διάθεσιν
3161 2968 3296 3037 πρὸς
3326 2965 3520 3018 ἑαυτὸν
3549 2965 3786 3018 ἐπισπά-

2111 3047 2305 3100 σασθαι
2332 3046 2639 3116 δυνήσεται,
2669 3047 2697 3100 ὃ
2726 3047 2820 3100 νῦν
2851 3049 3030 3119 ῥᾴδιον
3058 3047 3208 3100 ἔσται
3249 3047 3344 3098 καὶ
3366 3043 3606 3098 εὔκολον.
3631 3045 3700 3096 Οἵ
3729 3062 3782 3098 τε

2113 3130 2221 3198 γὰρ
2257 3127 2728 3198 εὐεργετηθέντες,
2752 3129 2806 3182 οἵ
2821 3145 2888 3202 τε⁹
2908 3126 3240 3189 ἀκούσαντες
3259 3125 3462 3196 ὁμοίως
3490 3125 3605 3187 τοῖς
3633 3124 3784 3193 εὐερ-

2112 3211 2388 3284 γετηθεῖσι
2411 3211 2538 3279 περὶ
2578 3211 2636 3263 σὲ
2663 3209 3246 3264 διακείσονται.Πόσων
3276 3207 3341 3260 ἂν
3370 3207 3546 3278 ἐπρίω
3571 3205 3786 3276 χρημά-

2111 3310 2238 3357 των,
2255 3292 2435 3345 πόσων
2459 3290 2526 3344 ἂν
2557 3290 2732 3359 ἐπρίω
2760 3289 2937 3342 πόνων
2960 3291 3017 3341 ἐν
3041 3287 3268 3358 βραχεῖα
3291 3286 3484 3357 καιροῦ
3514 3288 3653 3358 ῥοπῇ
3688 3286 3782 3355 τήν

2113 3371 2444 3442 οἰκουμένην
2475 3371 2696 3424 ἃπασαν
2742 3368 3179 3439 ἀνακτήσασθαι,
3203 3367 3295 3420 xui.
3345 3369 3535 3418 πεῖσαι
3563 3365 3689 3428 τούς
3720 3383 3775 3419 τε

2110 3451 2204 3504 νῦν
2228 3451 2387 3513 ὅντας
2404 3450 2728 3520 ἀνθρώπους
2753 3448 2880 3512 τούς
2903 3466 2962 3500 τε
2993 3448 3286 3516 ἐσομένους
3301 3446 3544 3507 ἅπαντας
3559 3445 3654 3496 ὅσα
3675 3447 3782 3503 τοῖς

2110 3533 2293 3585 αὐτῶν
2331 3531 2582 3602 εὔχονται
2608 3532 2786 3592 παισὶ,
2806 3529 3046 3583 τοσαῦτα
3074 3531 3097 3568 ⁸
3126 3528 3219 3581 xui
3246 3530 3312 3597 τῇ
3342 3529 3406 3596 σῇ
3445 3523 3683 3595 κεφαλῇί
3719 3522 3779 3602 Ei

2109 3613 2166 3665 δὲ
2209 3611 2358 3681 παρά
2397 3597 2717 3680 ⁷ἀνθρώπων
2758 3608 2950 3670 ταῦτα,
3010 3607 3262 3676 ἐννόησον
3315 3605 3440 3658 ὅσον
3479 3602 3631 3672 παρά
3689 3597 3781 3651 τοῦ

2109 3691 2245 3744 Θεοῦ
2279 3679 2420 3760 λήψῃ
2467 3679 2556 3743 τδν
2609 3689 2821 3758 μισθὸν,
2848 3687 2968 3757 οὐχὶ
3003 3685 3112 3737 τῶν
3141 3685 3237 3737 νῦν
3267 3682 3570 3754 γινομένων
3604 3679 3779 3749 μόνον,

2111 3772 2248 3824 ἀλλά
2275 3771 2370 3823 καί
2392 3771 2502 3823 τῶν
2530 3769 2670 3838 μετά
2695 3769 2868 3823 ταῦτα
2917 3766 3047 3836 παρ’
3074 3765 3278 3836 ἑτέρων
3305 3760 3776 3838 κατορθουμένων.

2113 3852 2176 3903 Εἰ
2212 3852 2321 3920 γάρ
2357 3867 2487 3902 ποτε
2516 3837 2754 3919 συμϐαίη
2780 3847 3033 3915 γενέσθαι
3062 3843 3321 3905 τοιοῦτον,
3355 3837 3468 3894 οἷον
3500 3839 3779 3920 δηγὲγονε

2111 3916 2388 3999 νῦν,⁷ὃ’μὴ
2410 3916 2656 3995 γένοιτο,
2690 3916 2783 3979 καί
2821 3942 2965 3988 τινες
3011 3923 3119 3976 τῶν
3161 3920 3504 3992 ὑϐρισμένων
3560 3916 3777 3999 βουλεύ-

2115 3995 2325 4061 σωνται
2348 3995 2657 4070 ἐπεξελθεῖν
2686 4008 2799 4067 τοῖς
2831 4002 3132 4073 ὑϐρικόσιν,
3177 4003 3209 4070 ή
3249 3999 3494 4070 πραότης
3522 3999 3555 4066 ἡ
3593 3995 3659 4066 σὴ
3691 3996 3780 4047 καὶ

2113 4091 2146 4158 ἡ
2177 4087 2468 4156 φιλοσοφία
2503 4086 2626 4138 ἀντὶ
2653 4084 2833 4154 πάσης
2874 4083 3025 4134 ἐσται
3069 4078 3418 4140 διδασκαλίας
3465 4077 3654 4138 αὐτοῖς
3691 4075 3779 4126 καὶ

2114 4155 2511 4237 παραινέσεως,
2553 4165 2646 4216 καὶ
2675 4160 3057 4232 ἐρυθριάσουσι
3088 4158 3183 4211 καὶ
3225 4155 3776 4224 καταισχυνθήσονται

2111 4247 2350 4300 τοιοῦτον
2376 4245 2590 4315 ἔχοντες
2616 4241 2933 4311 φιλοσοφίας
2973 4239 3342 4310 παράδειγμα,
3398 4237 3652 4298 ἐλάττους
3668 4249 3778 4315 φα·

2113 4328 2289 4389 νῆναι.
2333 4313 2494 4376 Ὥστε
2534 4323 2645 4375 τῶν
2679 4321 2817 4393 μετά
2849 4320 3021 4373 ταῦτα
3048 4319 3264 4371 πάντων
3292 4316 3387 4387 ἔσῃ
3435 4313 3774 4393 διδάσκαλος,

2112 4405 2208 4457 καὶ
2245 4403 2312 4456 τὰ
2339 4403 2632 4472 νικητήρια
2666 4392 2786 4454 κατ’
2821 4399 3002 4452 αὐτῶν
3029 4397 3192 4461 ἔξεις,
3225 4395 3326 4449 κᾶν
3374 4397 3454 4458 εἰς
3483 4394 3656 4464 αὐτὴν
3684 4392 3776 4462 τὴν

2112 4482 2355 4553 κορυφὴν
2392 4482 2490 4552 τῆς
2535 4479 2852 4549 φιλοσοφίας
2892 4477 3188 4546 φθάσωσιν.
3225 4475 3298 4528 Οὐ
3335 4475 3443 4545 γάρ
3492 4475 3642 4526 ἐστιν
3669 4475 3776 4526 ἴσον

2111 4564 2276 4616 αὐτὸν
2299 4561 2567 4631 κατάρξαι
2597 4558 2867 4628 τοσαύτης
2891 4556 3196 4628 πραότητος
3224 4555 3438 4626 πρῶτον
3463 4593 3478 4617 ,
3516 4556 3612 4606 καὶ
3645 4553 3777 4624 πρὸς

2112 4642 2331 4712 ἑτέρους
2363 4639 2628 4709 βλέποντα
2669 4636 3014 4708 μιμήσασθαι
3051 4635 3120 4688 τὰ
3152 4636 3280 4706 παρ’
3316 4633 3542 4712 ἐκείνων
3581 4649 3772 4703 κατορ-

2112 4711 2376 4772 θωθέντα.
2405 4716 2504 4769 Διά
2534 4715 2689 4769 τοῦτο
2730 4717 2862 4784 ὅσην
2907 4715 2973 4767 ἂν
3011 4717 3060 4767 οἰ
3103 4713 3240 4784 μετά
3276 4713 3336 4764 σέ
3369 4711 3773 4784 φιλανθρωπίαν

2111 4800 2205 4852 xui.
2229 4798 2542 4870 ἡμερότητα
2579 4794 2951 4860 ἐπιδείξωνται
2977 4834 2992 4850 .
3019 4793 3083 4847 σὺ
3123 4793 3268 4864 λήψῃ
3298 4791 3390 4870 τὸν
3433 4791 3627 4862 μισθὸν
3663 4792 3772 4870 μετ’

2111 4867 2370 4931 ἐκείνωνλ
2407 4879 2435 4928 ὁ
2462 4878 2569 4947 γὰρ
2595 4876 2694 4947 τὴν
2727 4876 2882 4945 ῥίζαν
2913 4872 3208 4944 παρασχὼν
3229 4913 3244 4936 ,
3277 4867 3429 4936 οὗτος
3473 4871 3540 4925 ἂν
3565 4874 3650 4943 εῖη
3685 4869 3772 4925 καὶ

2111 4959 2217 5012 τῶν
2245 4958 2472 5028 καρπῶν
2507 4961 2696 5019 αἴτιος.
2724 4955 2822 5008 Διά
2840 4955 2997 5007 τοῦτο
3036 4955 3177 5020 μετά
3213 4952 3306 5006 σοῦ
3357 4953 3456 5023 μὲν
3481 4953 3657 5014 οὐδεὶς
3686 4949 3770 5005 δύ-

2112 5056 2267 5092 ναται
2306 5037 2622 5109 μερίζεσθαι
2649 5036 2742 5089 νῦν
2773 5035 2866 5087 τὸν
2890 5035 2982 5086 ἐπὶ
3013 5036 3076 5104 τῇ
3124 5032 3495 5102 φιλανθρωπία
3546 5030 3728 5102 μισθόν
3750 5044 3765 5059 ⁶

2115 5120 2205 5172 σὸν
2239 5120 2348 5187 γὰρ
2378 5119 2439 5170 τὸ
2469 5117 2797 5185 κατόρθωμα
2830 5114 3018 5182 γέγονε
3050 5114 3207 5183 μόνον
3229 5132 3241 5144 ·
3274 5113 3338 5163 σὺ
3367 5113 3424 5164 δέ
3471 5113 3609 5182 μετά
3643 5111 3770 5164 πάν-

2109 5217 2218 5252 των
2251 5197 2400 5269 [2221
2432 5196 2540 5248 τῶν
2570 5196 2705 5264 μετά
2737 5193 2931 5253 ταῦτα,
2973 5194 3026 5245 εἴ
3052 5194 3193 5257 τινές
3234 5209 3366 5244 ποτε
3399 5191 3629 5244 τοιοῦτοι
3671 5206 3769 5258 φα-

2109 5280 2269 5339 νεῖεν,
2300 5277 2358 5342 ἐξ
2394 5275 2514 5345 ἴσης
2539 5275 2743 5343 δυνήσῃ
2764 5273 2879 5344 μετ’
2901 5271 3078 5326 αὐτῶν
3099 5271 3477 5341 διανείμασθαι
3495 5271 3560 5324 τὸ
3581 5269 3768 5336 κατόρ-

2111 5356 2291 5426 θωμα,
2333 5356 2427 5407 xui
2479 5351 2750 5420 τοσαύτην
2781 5351 3189 5420 ἀπενέγκασθαι
3240 5355 3454 5423 μοῖραν,
3501 5352 3631 5418 ὅσην
3678 5346 3767 5426 ἐπὶ

2109 5425 2220 5498 τοῖς
2261 5434 2530 5506 μαθηταῖς
2558 5435 2607 5485 οἰ
2635 5431 2942 5484 διδάσκαλοι
2965 5447 2978 5462 ⁸
3010 5430 3112 5484 κᾶν
3135 5429 3322 5500 μηδεὶς
3345 5430 3572 5500 γένηται
3595 5425 3765 5482 τοιοῦ·

2171 5689 2198 5730 d
2222 5691 2319 5740 Alii
2340 5689 2516 5751 ἡμέρας
2537 5685 2785 5751 τοσαύτας.
2812 5682 2939 5734 Infra
2968 5684 3164 5746 quidam
3187 5685 3452 5744 διώκοντες,
3471 5697 3583 5748 προς
3596 5685 3761 5742 τόπους

2109 5755 2312 5808 ἀϐάτους
2331 5750 2711 5813 μετοικισθέντες.

2157 5820 2198 5894 Ιει
2224 5804 2676 5894 Αιίῖπροσενέγκῃς,
2697 5815 2751 5857 et.
2773 5821 2882 5856 mox
2906 5807 2985 5862 δὸς
3006 5805 3313 5857 ἀναπνεῦσαι.
3341 5806 3467 5858 Infra
3508 5808 3586 5858 alii
3609 5804 3760 5866 ῥᾴδιον

2108 5878 2258 5933 πάντη
2281 5877 2359 5923 vel
2382 5877 2536 5920 παντί.

2179 5937 2198 6004 ς
2227 5936 2428 6004 ριῄόειη
2439 5947 2567 6004 ~mss.
2595 5932 2938 5996 στρατεύματα.

2174 6002 2199 6040 ε
2226 5998 2325 6052 Alii
2335 5998 2546 6047 τοιαῦτα.
