4046 6396
265 422 365 477 ἓΠ

261 525 430 570 totum
481 520 663 574 orbem
712 529 971 579 terrarum
1017 529 1295 596 epistolam
1344 532 1531 588 misisti
1574 534 1847 604 jubentem

258 626 475 668 carcere
504 613 751 669 detentos
777 615 996 684 dimitti,
1026 619 1156 687 ipsis
1184 622 1383 691 ignosci
1411 626 1630 680 crimina
1657 646 1670 681 ε
1693 639 1852 700 atque

258 704 360 757 illis
396 703 781 761 humanitatem
826 717 969 761 tuam
997 709 1365 768 demonstrare
1402 730 1509 770 non
1538 717 1851 775 sufficienti-

260 800 375 861 bus,
408 813 504 866 per
529 798 733 854 litteras
765 799 1015 856 dicebas:
1043 801 1256 858 Utinam
1300 806 1428 861 mihi
1459 808 1648 865 liceret
1679 820 1733 865 et
1759 812 1851 867 de-

262 887 471 940 functos
499 904 751 944 revocare
790 900 843 944 et
868 893 1190 950 resuscitare
1210 937 1225 961 ,
1253 905 1308 951 et
1335 897 1401 952 ad
1424 898 1659 968 priorem
1689 902 1847 957 vitam

259 979 513 1033 reducere
545 981 557 1033 !
603 980 801 1035 Horum
824 999 964 1038 nunc
1003 988 1349 1045 reminiscere
1377 991 1660 1048 verborum
1686 1011 1699 1047 :
1722 1010 1849 1051 ecce

260 1076 469 1136 tempus
513 1069 885 1127 defunctorum
926 1077 1346 1133 revocandorum
1374 1089 1427 1135 et
1453 1084 1847 1138 resuscitandoo

258 1176 373 1214 rum
418 1170 472 1215 et
516 1163 583 1216 ad
631 1164 794 1217 vitam
846 1167 1269 1224 reducendorum
1317 1172 1614 1241 pristinam.
1674 1177 1741 1230 Et
1792 1176 1847 1232 hi

256 1268 486 1323 namque
508 1255 616 1323 jam
645 1258 839 1312 mortui
865 1268 1009 1323 sunt,
1038 1270 1090 1315 et
1116 1263 1422 1332 priusquam
1441 1265 1697 1334 judicium
1722 1284 1845 1338 pro-

255 1344 475 1412 feratur,
507 1347 574 1401 ad
616 1349 756 1419 ipsas
784 1353 963 1406 tartari
996 1352 1136 1408 fores
1162 1355 1271 1424 jam
1304 1373 1446 1413 nunc
1471 1359 1657 1415 civitas
1679 1364 1846 1417 collo-

252 1449 367 1489 cata
398 1450 503 1492 est.
535 1440 705 1509 Ipsam
754 1443 912 1512 igitur
947 1445 1069 1501 inde
1114 1450 1368 1503 resuscita
1408 1452 1523 1506 sine
1566 1456 1804 1523 pecuniis
1827 1498 1843 1523 ,

253 1530 369 1584 sine
421 1531 711 1602 impendio,
764 1537 880 1591 sine
928 1547 1169 1608 tempore
1222 1550 1277 1596 et
1334 1544 1441 1597 ullo
1483 1545 1684 1601 labore.
1728 1549 1844 1604 Tibi

255 1637 486 1690 namque
513 1624 643 1677 satis
669 1636 750 1679 est
788 1636 989 1681 tantum
1025 1630 1188 1699 loqui,
1218 1642 1273 1687 et
1296 1650 1549 1691 revocare
1577 1639 1843 1694 civitatem

252 1713 301 1764 in
337 1714 572 1768 tenebris
598 1719 921 1782 jacentcm‘.
963 1721 1115 1776 Nunc
1143 1723 1309 1793 ipsam
1336 1726 1463 1795 jube
1491 1734 1558 1782 ab
1595 1729 1842 1786 humani-

249 1812 361 1857 tate
394 1817 479 1860 tua
512 1809 731 1874 posthac
758 1812 1013 1880 appellari
1041 1831 1052 1866 :
1079 1831 1176 1869 nec
1205 1817 1346 1870 enim
1387 1828 1585 1873 tantam
1630 1822 1843 1878 habebit

251 1896 475 1961 gratiam
505 1898 575 1950 illi
603 1940 615 1961 ,
649 1900 736 1968 qui
769 1902 836 1955 ab
870 1903 1019 1956 initio
1044 1919 1102 1958 sc
1129 1907 1398 1973 condidit,
1438 1920 1686 1978 quantam
1714 1928 1840 1967 sen-

250 1988 431 2040 tentia:
465 1999 566 2042 tuae
595 2008 607 2040 :
640 2009 737 2046 nec
777 1993 1061 2048 immerito.
1110 1996 1203 2052 Ille
1249 2000 1391 2053 enim
1440 2002 1699 2071 principio
1741 2006 1839 2075 ipsi

249 2075 374 2131 dato
400 2083 653 2147 recessit;
692 2096 743 2137 tu
777 2101 902 2139 vero
930 2098 1137 2142 auctam
1180 2100 1235 2144 et
1275 2108 1518 2163 magnam
1564 2096 1836 2166 ell'ectam,

245 2179 297 2220 et
331 2180 451 2238 post
490 2173 708 2227 multam
742 2175 879 2230 hanc
917 2181 1348 2247 tranquillitatem
1392 2184 1715 2241 destructam
1748 2206 1839 2244 re-

246 2262 547 2315 suscitabis.
595 2264 710 2319 Non
757 2267 943 2322 fuisset
988 2270 1122 2323 adeo
1164 2273 1463 2339 mirandum
1510 2278 1554 2331 si
1597 2277 1838 2336 hostibus

247 2352 414 2419 ipsam
432 2358 784 2425 capientibus,
806 2369 860 2415 et
878 2362 1115 2417 barbaris
1134 2366 1528 2437 populantibus,
1551 2386 1578 2422 a
1599 2372 1837 2439 pericqu

247 2445 564 2509 libet-asses,
617 2465 773 2518 quam
818 2461 900 2505 est
950 2454 1261 2511 admirabile
1308 2474 1449 2513 nunc
1498 2463 1833 2531 pepercisse;

246 2536 371 2589 illud
413 2540 553 2592 enim
598 2556 741 2611 smpe
789 2544 940 2597 multi
981 2545 1154 2602 fecere
1203 2564 1390 2619 reges,
1428 2551 1530 2606 hoc
1570 2562 1747 2609 autem
1780 2564 1836 2610 tu

245 2630 391 2683 solus
417 2634 725 2701 operabcris
761 2645 816 2690 et
845 2639 1049 2706 primus
1080 2651 1275 2709 prmtcr
1300 2659 1514 2700 omnem
1553 2657 1833 2717 exspecta-

246 2720 465 2775 tionem.
491 2724 555 2777 Et
580 2726 708 2780 illud
734 2728 949 2797 quidem
974 2732 1191 2785 minime
1213 2735 1537 2805 mirandum,
1572 2754 1668 2793 nec
1699 2755 1836 2808 prm-

247 2823 327 2865 ter
356 2815 661 2883 opinionem
689 2860 703 2879 ,
746 2821 841 2875 sed
885 2831 968 2877 est
997 2826 1361 2893 quotidianum
1395 2844 1530 2899 opus
1552 2872 1567 2896 ,
1608 2833 1833 2888 subditis

244 2918 501 2971 praeesse;
534 2910 673 2978 quod
699 2922 875 2967 autem
908 2924 1053 2970 totet
1074 2918 1193 2970 talia
1219 2934 1407 2989 passus
1425 2922 1553 2975 iram
1572 2923 1826 2993 deponas,

240 2995 341 3049 hoc
367 3012 578 3054 omnem
609 3012 851 3059 naturam
880 3008 1097 3063 excedit
1138 3011 1447 3068 humanam.
1473 3014 1655 3084 Cogita
1687 3033 1830 3074 nunc

240 3102 343 3141 non
376 3089 442 3144 de
472 3092 685 3148 civitate
728 3105 928 3151 tantum
972 3100 1057 3154 illa
1109 3101 1203 3155 tibi
1246 3105 1649 3159 consultandum
1677 3123 1823 3174 esse,

238 3193 421 3232 verum
467 3192 520 3235 et
556 3183 621 3237 dc
657 3186 826 3253 gloria
854 3197 940 3241 tua
963 3229 979 3255 ,
1026 3191 1134 3243 imo
1172 3208 1298 3247 vero
1326 3194 1394 3249 dc
1423 3195 1828 3254 Christianismo

237 3280 368 3322 tutn.
396 3271 547 3328 Nunc
574 3284 627 3329 et
655 3275 822 3331 Judmi
851 3289 902 3332 et
932 3280 1121 3343 Graeci,
1153 3293 1207 3336 ct
1230 3295 1368 3338 totus
1395 3295 1656 3342 terrarum
1679 3289 1824 3345 orbis

233 3371 286 3412 et
318 3361 526 3418 barbari
556 3365 773 3435 (etenim
796 3378 851 3424 et
890 3371 964 3425 illi
994 3373 1108 3427 hinc
1137 3375 1437 3448 audierunt)
1469 3378 1535 3433 ad
1578 3389 1627 3434 te
1659 3382 1826 3451 respi-

232 3452 401 3515 ciunt,
435 3468 808 3525 exspectantes
834 3470 891 3515 ut
917 3463 1151 3531 videant,
1177 3468 1384 3535 qualem
1414 3470 1481 3525 de
1507 3472 1669 3539 gestis
1696 3490 1822 3529 sen-

232 3544 453 3597 tentiam
478 3545 615 3601 feras
633 3565 645 3600 :
664 3566 854 3620 nempe
871 3554 915 3606 si
934 3553 1215 3610 humanam
1238 3560 1521 3627 protuleris
1541 3568 1597 3616 ct
1617 3564 1819 3632 mitem,

230 3650 422 3689 tmmes
450 3636 719 3695 decretum
763 3643 1082 3712 laudabunt,
1130 3657 1184 3703 et
1221 3649 1387 3705 Deum
1418 3652 1818 3723 glorificabnnt,

228 3738 283 3779 et
311 3728 452 3782 inter
479 3745 537 3784 se
576 3733 791 3789 dicent:
818 3737 975 3807 Papa:
999 3781 1011 3802 ,
1062 3752 1257 3809 quanta
1297 3742 1685 3803 Christianismi
1724 3765 1820 3818 po-

228 3821 430 3874 tentia?
478 3822 746 3880 hominem
791 3843 951 3898 super
997 3840 1191 3887 terram
1239 3836 1519 3893 habentem
1560 3843 1819 3911 aequalem

228 3913 517 3978 neminem,
548 3918 725 3972 omnia
752 3919 962 3976 delendi
990 3934 1044 3977 et
1069 3925 1323 3993 perdendi
1344 3928 1638 3999 dominum,
1664 3934 1816 3989 cohi-

227 4002 341 4057 buit
370 4017 424 4059 et
451 4006 755 4073 refrenavit,
785 4020 838 4065 et
867 4012 1046 4068 docuit
1075 4015 1495 4087 philosophiam,
1527 4039 1685 4091 quam
1718 4041 1818 4082 nec

225 4093 388 4148 homo
412 4098 642 4165 privatus
663 4101 960 4157 exhiberet.
984 4104 1124 4159 Vere
1146 4124 1369 4178 magnus
1389 4110 1815 4170 Christianorum

226 4187 388 4254 Deus,
421 4192 509 4259 qui
537 4208 601 4245 ex
631 4192 935 4250 hominibus
961 4200 1177 4269 angelus
1202 4200 1359 4270 facit,
1389 4214 1441 4259 et
1463 4208 1604 4261 omni
1627 4224 1816 4264 neces-

221 4278 381 4331 sitate
411 4282 635 4335 naturali
676 4287 985 4354 superiores
1029 4292 1323 4347 constituit.
1365 4295 1441 4350 Ne
1467 4312 1694 4367 namque
1719 4315 1812 4354 su-

222 4370 486 4437 perfluum
517 4374 760 4430 timorem
791 4379 939 4433 illum
968 4382 1175 4449 timeas,
1208 4401 1305 4440 nec
1337 4388 1532 4443 toleres
1557 4393 1811 4460 quosdam

216 4461 480 4521 dicentes.
505 4466 735 4535 reliquas
756 4470 997 4526 civitates
1019 4475 1227 4543 pejores
1249 4476 1449 4533 futuras
1470 4496 1609 4549 esse,
1634 4493 1689 4539 ct
1712 4484 1812 4540 hac

217 4567 322 4603 non
356 4554 538 4621 punita
563 4597 577 4620 ,
618 4557 899 4627 imperium
933 4572 1076 4617 tuum
1109 4568 1275 4638 magis
1304 4581 1722 4641 contempturas.
1754 4577 1811 4631 Si

213 4643 359 4695 enim
390 4644 456 4697 ad
494 4645 748 4703 ultionem
779 4651 1022 4707 infirmus
1048 4655 1268 4723 fuisses,
1304 4670 1359 4713 et
1384 4660 1498 4716 hate
1526 4667 1727 4733 operati
1758 4676 1811 4722 te

210 4746 262 4784 vr
310 4748 688 4803 superassent,
739 4757 793 4794 ct
839 4759 936 4812 par
978 4755 1120 4800 esset
1152 4751 1406 4817 potentia,
1457 4768 1810 4824 congruenter

210 4821 332 4876 haec
381 4829 640 4897 suspicari
683 4834 1002 4900 oportebat:
1031 4837 1077 4890 si
1118 4854 1245 4893 vero
1293 4821 1809 4917 pavefacti'prwque

211 4916 409 4971 timore
437 4925 746 4987 prmmortui
782 4935 937 4991 sunt,
968 4937 1023 4983 et
1048 4930 1114 4984 ad
1147 4940 1263 4987 tuos
1292 4950 1385 5003 per
1412 4952 1497 4991 me
1525 4953 1808 4996 cucurrere

207 5007 400 5074 pedes,
422 5025 522 5064 nec
539 5012 682 5067 aliud
705 5017 940 5083 quotidie
962 5033 1274 5090 exspectant
1294 5041 1449 5094 quam
1474 5027 1801 5099 barathrum,

204 5105 261 5151 et
287 5099 702 5167 supplicationes
728 5104 925 5162 faciunt
948 5124 1256 5166 communes
1275 5115 1294 5144 ¹
1331 5116 1380 5168 in
1412 5118 1602 5172 cadum
1632 5123 1803 5190 reSpi-

202 5191 415 5246 cientes
435 5234 450 5256 ,
487 5203 541 5249 et
570 5196 735 5251 Deum
765 5200 949 5255 venire
990 5205 1321 5273 supplicant,
1363 5218 1414 5262 et
1441 5209 1596 5264 simul
1625 5213 1804 5269 nobis-

199 5301 330 5340 cum
365 5288 683 5359 legationem
716 5293 885 5362 obire,
915 5304 968 5351 et
992 5299 1129 5351 sicut
1161 5301 1212 5353 in
1234 5303 1488 5356 extremis
1508 5306 1799 5373 constituti,

199 5378 271 5432 de
302 5378 463 5432 rebus
492 5381 603 5437 suis
624 5383 815 5452 singuli
843 5388 1131 5442 consulunt
1157 5407 1168 5442 :
1193 5392 1463 5458 quomodo
1484 5410 1588 5448 non
1616 5412 1802 5466 super-

200 5471 343 5525 fluus
368 5471 457 5527 hic
487 5475 682 5530 timor?
710 5478 763 5532 Si
790 5478 1019 5549 jugulari
1046 5482 1271 5537 fuissent
1296 5484 1452 5553 jussi,
1487 5497 1630 5542 tanta
1660 5493 1799 5559 passi

200 5580 310 5618 non
341 5565 603 5634 fuissmrt,
643 5583 839 5639 quanta
883 5575 1154 5641 patiuntur
1185 5593 1360 5643 nunc,
1415 5589 1491 5634 tot
1529 5580 1719 5637 diebus
1745 5583 1797 5639 iu

200 5658 399 5710 timore
422 5668 475 5711 et
500 5670 732 5716 tremore
758 5664 1017 5733 viventes,
1047 5678 1098 5721 et
1120 5672 1530 5737 superveniente
1550 5690 1794 5745 vespere,

265 5795 284 5863 ξ
489 5803 538 5845 et
564 5797 743 5863 ἔξιθι-ειη
763 5799 850 5849 sub
872 5800 1022 5851 oculis
1034 5813 1292 5863 Jacentem.

264 5856 285 5885 ²
317 5857 457 5906 Savil.
488 5868 535 5906 et
556 5860 651 5906 duo
675 5869 781 5909 uss.
806 5877 817 5910 :
846 5856 1217 5923 Supplichtioncs
1242 5868 1421 5924 faciunt
1441 5872 1725 5936 frequentes.

526 5944 793 6007 PATROL.
843 5950 958 6009 Gn.
1007 5954 1232 6017 XLIX.

1085 431 1177 486 AD
1219 433 1542 491 POPULUM
1611 440 2098 503 ANTIOCIIENUM
2165 453 2393 512 IIOMIL.
2437 459 2575 515 XXI.

3438 481 3546 539 218

1962 561 2209 604 auroram
2257 555 2436 611 videre
2483 575 2588 613 non
2640 574 3016 634 exspectantes
3049 577 3146 623 :ct
3187 569 3274 625 die
3316 581 3435 626 orto
3480 573 3547 629 ad

1961 653 2236 709 vesperam
2278 652 2558 717 pervenire
2599 668 2705 709 non
2748 668 2984 727 Sperant.
3026 660 3175 715 Multi
3216 672 3271 717 et
3309 665 3362 717 in
3408 664 3548 723 feras

1960 729 2281 801 incithrunt,
2314 739 2438 794 dum
2465 753 2739 801 sectantur
2766 747 3000 815 deserta,
3031 751 3085 806 in
3116 753 3255 807 invia
3284 757 3544 820 translati,

1959 836 2060 876 nec
2086 824 2183 878 viri
2211 835 2413 883 tantum
2438 871 2454 896 ,
2486 847 2669 889 verum
2696 847 2747 890 et
2770 840 2975 906 pueruli
3003 842 3182 908 parvi,
3213 854 3266 897 et
3295 846 3549 901 mulieres

1957 910 2141 967 liberae
2184 928 2239 971 et
2280 919 2490 976 decorae
2530 939 2625 993 per
2661 928 2856 984 multas
2892 942 3077 985 noctes
3107 940 3162 987 et
3189 934 3303 989 dies
3333 937 3384 989 in
3425 952 3548 1006 spe-

1957 1004 2129 1061 luncis
2163 1018 2217 1063 et
2256 1015 2585 1071 convallibus
2612 1028 2666 1072 et
2695 1019 2890 1075 deserti
2917 1022 3266 1079 foraminibus
3296 1027 3542 1084 latentes.

1956 1094 2024 1149 Et
2049 1113 2218 1155 novus
2245 1105 2565 1170 captivitatis
2590 1110 2781 1165 modus
2809 1111 3077 1168 civitatem
3104 1114 3309 1171 detinet
3334 1136 3350 1173 :
3372 1119 3546 1173 aedili-

1955 1189 2051 1242 ciis
2077 1200 2132 1245 et
2160 1196 2325 1249 muris
2353 1200 2651 1267 Stantibus,
2699 1202 2928 1259 incensis
2966 1206 3269 1262 civitatibus
3295 1212 3544 1278 graviora

1955 1284 2261 1353 patiuntur;
2305 1290 2450 1343 nullo
2478 1292 2819 1350 incumbente
2840 1296 3102 1364 barbaro,
3137 1314 3236 1354 nec
3263 1299 3417 1355 hoste
3446 1318 3545 1371 ap-

1955 1387 2191 1443 parente,
2223 1382 2391 1449 captis
2420 1383 2667 1439 miserius
2694 1386 2869 1441 allecti
2899 1399 3024 1444 sunt
3044 1431 3059 1456 ,
3091 1400 3145 1445 et
3172 1392 3260 1446 vel
3287 1392 3471 1447 folium
3500 1396 3544 1447 si

1952 1472 2250 1538 moveatur,
2282 1489 2470 1532 onmes
2499 1478 2645 1548 ipsos
2676 1496 2770 1550 per
2795 1481 3035 1552 singulos
3062 1493 3225 1540 terret
3253 1486 3387 1540 dies.
3417 1487 3544 1541 Ilaec

1951 1576 2141 1617 omnes
2175 1566 2349 1621 sciunt
2371 1586 2383 1622 :
2406 1578 2460 1624 et
2494 1571 2538 1625 si
2569 1571 2878 1627 subversam
2910 1576 3080 1646 ipsam
3106 1576 3396 1644 vidissent,
3434 1594 3543 1633 non

1950 1653 2030 1707 sic
2069 1666 2248 1711 essent
2284 1660 2563 1731 castigati,
2590 1672 2649 1717 ut
2675 1679 2817 1718 nunc
2844 1680 2966 1720 cum
3007 1668 3103 1721 has
3130 1668 3296 1737 ipsius
3322 1669 3544 1724 audiere

1949 1745 2212 1801 miserias.
2240 1749 2319 1803 Ne
2346 1752 2505 1821 igitur
2531 1753 2633 1809 hoc
2657 1756 2863 1825 cogites
2884 1798 2898 1822 ,
2941 1758 3153 1827 pejores
3180 1760 3382 1815 futuras
3422 1776 3543 1816 esse

1948 1839 2192 1897 civitates
2227 1844 2479 1914 reliquas.
2532 1847 2647 1903 Non
2691 1850 2835 1904 enim
2876 1852 2921 1905 si
2959 1853 3199 1908 civitates
3227 1854 3360 1908 alias
3385 1870 3541 1909 ever-

1949 1932 2107 1987 tisses
2126 1975 2140 1999 ,
2174 1936 2250 1990 sic
2280 1954 2371 1993 eas
2399 1942 2717 2011 castigasses
2737 1985 2751 2008 ,
2783 1954 2841 1998 ut
2870 1960 3012 1999 nunc
3042 1961 3137 2015 per
3168 1947 3423 2001 incertam
3455 1947 3539 2001 fu-

1948 2031 2187 2079 turorum
2218 2032 2672 2097 exspectationem
2702 2036 2846 2088 omni
2877 2038 3137 2105 supplicio
3167 2038 3539 2094 vehementius

1948 2113 2091 2184 ipsos
2122 2118 2295 2185 punis.
2334 2118 2411 2173 Ne
2450 2120 2608 2190 igitur
2638 2122 2768 2191 ipsis
2797 2125 3019 2181 ulterius
3059 2128 3388 2183 calamitates
3417 2145 3541 2199 pro-

1945 2204 2108 2260 ducas
2128 2248 2143 2271 ,
2183 2208 2279 2263 sed
2316 2209 2426 2278 jam
2455 2213 2719 2281 respirare
2748 2216 3032 2271 concedas.
3062 2216 3316 2272 Subditos
3345 2235 3540 2290 nempe

1944 2297 2204 2366 castigare
2244 2308 2298 2353 et
2323 2311 2595 2371 gestorum
2624 2305 2837 2375 exigere
2861 2322 3076 2376 ptenas,
3123 2307 3275 2363 facile
3325 2311 3538 2379 penitus

1943 2397 1997 2442 et
2022 2399 2363 2460 promptum;
2395 2394 2459 2449 iis
2495 2410 2623 2449 vero
2665 2397 2758 2467 qui
2806 2400 3156 2456 contumelias
3210 2402 3531 2471 intulerunt,

1942 2496 2183 2550 parcere,
2212 2493 2267 2539 et
2297 2486 2361 2541 iis
2383 2488 2474 2556 qui
2504 2490 2657 2544 venia
2684 2490 2900 2561 indigna
2930 2503 3292 2562 patraverunt,
3321 2498 3534 2553 veniam

1941 2572 2092 2639 dare,
2126 2577 2284 2630 unius
2314 2585 2368 2631 et
2394 2579 2478 2632 vix
2507 2580 2726 2637 alterius
2750 2592 2853 2651 est,
2884 2593 2934 2638 et
2959 2586 3189 2641 maxime
3214 2602 3335 2643 cum
3364 2589 3535 2658 Impe-

1939 2676 2089 2719 rator
2112 2668 2181 2721 sit
2209 2671 2587 2725 contumeliam
2635 2688 2840 2742 passus.
2888 2676 2957 2731 Et
3003 2678 3269 2734 civitatem
3315 2681 3531 2750 quidem

1939 2768 2084 2812 metu
2116 2760 2347 2817 subdere
2377 2762 2561 2829 facile;
2592 2781 2781 2823 omnes
2811 2778 2989 2824 autem
3019 2772 3099 2825 sui
3131 2782 3372 2829 amantes
3400 2790 3532 2830 con-

1938 2850 2193 2917 stituere,
2239 2853 2409 2923 iisque
2450 2859 2774 2925 persuadere
2822 2868 2880 2914 ut
2923 2861 2975 2915 in
3021 2877 3240 2933 regnum
3284 2873 3429 2919 tuum
3470 2881 3529 2921 se

1935 2940 2193 2998 benevole
2218 2943 2483 3013 habeant,
2527 2958 2578 3003 ct
2606 2965 2709 3003 non
2743 2960 2941 3027 tantum
2968 2967 3278 3009 communes
3299 2997 3312 3018 ,
3339 2972 3526 3011 verum

1934 3040 1990 3086 et
2019 3034 2249 3102 privatas
2283 3052 2379 3106 pro
2410 3048 2499 3092 tuo
2527 3056 2717 3110 preces
2747 3026 2971 3111 imperio
2999 3044 3241 3112 fundant,
3270 3046 3522 3103 difﬁcile:

1935 3123 2058 3178 licet
2084 3126 2315 3182 inlinitas
2344 3133 2459 3199 quis
2490 3133 2759 3202 expendat
2795 3136 3079 3203 pecunias,
3122 3146 3178 3192 et
3214 3134 3545 3194 innumeros
3590 3130 3593 3131 ⁷

1934 3216 2201 3270 exercitus
2240 3230 2488 3285 moveat,
2534 3230 2591 3276 et
2628 3224 2883 3293 quidquid
2911 3238 3161 3293 operetur
3184 3268 3199 3294 ,
3234 3243 3337 3283 non
3370 3229 3524 3285 facile

1933 3315 2011 3361 tot
2040 3306 2312 3363 hominum
2345 3310 2593 3366 allectum
2623 3313 2690 3367 ad
2724 3316 2957 3385 scipsum
2989 3318 3259 3374 attrahere
3287 3322 3518 3388 poterit,

1930 3398 2071 3468 quod
2102 3414 2245 3454 nunc
2283 3401 2374 3455 tibi
2408 3400 2562 3457 facile
2607 3404 2711 3458 erit
2747 3412 2802 3460 et
2844 3406 3037 3461 nullius
3064 3409 3281 3478 negotii.
3313 3409 3441 3464 Nam
3467 3421 3523 3465 et

1930 3490 2206 3545 beneficiis
2240 3492 2414 3548 aﬂ‘ecti
2441 3536 2454 3560 ,
2499 3505 2553 3549 et
2599 3497 2690 3565 qui
2737 3498 3003 3554 audierint
3040 3503 3237 3570 pariter
3264 3518 3385 3557 cum
3415 3504 3477 3557 iis
3499 3545 3517 3572 ,

1929 3583 2018 3652 qui
2048 3582 2302 3638 beneficia
2328 3586 2652 3654 acceperint,
2682 3602 2808 3657 erga
2836 3598 2886 3643 te
2914 3590 3170 3647 benevole
3192 3592 3533 3675 aI‘Iicientur._

1929 3672 2069 3741 Quot
2098 3675 2336 3743 pecuniis
2362 3678 2607 3745 emisses,
2639 3690 2770 3749 quot
2796 3680 3020 3736 emisses
3046 3681 3337 3750 laboribus,
3369 3672 3520 3740 brevi

1929 3766 2187 3834 temporis
2216 3777 2487 3822 momento
2518 3777 2686 3824 totum
2717 3770 2903 3826 orbem
2930 3773 3227 3842 acquirere,
3257 3782 3314 3829 et
3338 3776 3516 3829 omni-

1925 3856 2025 3912 bus
2052 3857 2141 3927 qui
2169 3872 2309 3913 nunc
2346 3869 2469 3914 sunt
2498 3860 2793 3932 futurisque
2833 3865 3175 3933 persuadere,
3233 3875 3291 3920 ut
3317 3876 3514 3937 quanta

1924 3947 2047 4001 ﬁliis
2074 3948 2186 4003 suis
2215 3958 2419 4019 aptant,
2445 3962 2589 4007 tanta
2611 3962 2665 4008 et
2680 3955 2838 4024 capiti
2862 3964 2950 4011 tuo
2972 3965 3235 4026 optarent.
3258 3957 3312 4013 Si
3335 3968 3511 4014 autem

1922 4040 1990 4094 ab
2017 4040 2320 4098 hominibus
2345 4045 2477 4111 hzec,
2501 4046 2672 4115 cogita
2694 4058 2943 4117 quantum
2968 4064 2998 4103 a
3027 4049 3135 4104 Deo
3164 4052 3344 4119 capies
3370 4068 3513 4106 mer-

1921 4130 2132 4196 cedem,
2180 4148 2286 4186 non
2327 4143 2530 4189 tantum
2558 4151 2744 4191 eorum
2770 4180 2784 4204 ,
2816 4154 2935 4207 qua:
2966 4154 3107 4194 nunc
3137 4141 3287 4205 tiunt,
3326 4157 3509 4195 verum

1921 4229 1975 4274 et
2014 4237 2133 4291 qum
2180 4231 2300 4291 post
2343 4226 2459 4279 hare
2492 4226 2559 4280 ab
2599 4228 2719 4281 aliis
2766 4239 3106 4297 peragentur.
3153 4228 3209 4284 Si
3262 4246 3508 4301 umquam

1921 4315 2063 4368 enim
2090 4318 2364 4387 contingat
2390 4317 2504 4372 fieri
2530 4320 2634 4374 tale
2659 4320 2801 4389 quid,
2836 4322 2990 4389 quale
3021 4336 3161 4376 nunc
3187 4322 3382 4377 factum
3405 4334 3507 4390 est,

1920 4406 2061 4475 quod
2110 4407 2248 4461 Deus
2278 4418 2515 4473 avertat,
2563 4419 2615 4464 et
2662 4410 2905 4479 injuriam
2943 4427 3218 4480 passorum
3264 4413 3425 4484 aliqui
3456 4416 3507 4468 in

1920 4502 2299 4555 contumeliam
2329 4512 2578 4572 operatos
2604 4504 2882 4574 insurgere
2913 4506 3099 4572 velint,
3132 4505 3430 4576 benignitas
3454 4517 3509 4561 et

1919 4591 2257 4661 philosophia
2303 4601 2391 4647 tua
2432 4609 2529 4663 pro
2564 4595 2707 4648 omni
2755 4595 2884 4663 ipsis
2910 4597 3010 4649 erit
3038 4596 3310 4666 disciplina
3337 4608 3391 4652 et
3414 4599 3509 4652 ad-

1918 4682 2212 4737 monitione
2238 4702 2250 4736 :
2275 4684 2470 4739 rubore
2499 4685 2805 4756 pudorcque
2842 4686 3174 4755 afficientur,
3210 4689 3315 4743 tale
3340 4689 3505 4744 disci-

1917 4773 2074 4841 plinae
2095 4775 2398 4844 exemplum
2424 4776 2698 4842 habentes,
2724 4777 3003 4833 inferiores
3024 4794 3299 4849 apparere.
3323 4782 3506 4848 Itaque

1916 4864 2153 4916 onmium
2187 4872 2521 4933 posterorum
2550 4868 2656 4922 eris
2683 4880 3000 4939 praeceptor,
3048 4880 3102 4926 et
3127 4873 3354 4942 palmam
3377 4880 3504 4944 ipsis

1916 4954 2223 5022 prmripies,
2271 4956 2392 5011 licet
2420 4958 2485 5011 ad
2517 4958 2689 5028 ipsum
2718 4961 3070 5030 philosophia:
3100 4965 3354 5019 verticem
3388 4981 3506 5034 per-

1913 5045 2147 5098 veniant.
2173 5046 2287 5101 Non
2311 5049 2451 5102 enim
2477 5066 2570 5119 par
2590 5060 2691 5115 est,
2718 5054 3020 5122 quempiam
3048 5064 3246 5111 tantam
3268 5058 3504 5129 incipere

1912 5136 2291 5206 benignitatem
2324 5142 2573 5208 primum,
2602 5153 2655 5198 et
2675 5144 2740 5198 ad
2765 5145 2901 5201 alios
2924 5146 3295 5216 respicientem
3318 5164 3502 5204 eorum

1911 5239 2026 5283 acta
2064 5229 2279 5284 imitari.
2313 5234 2570 5300 Quocirca
2596 5238 2916 5307 quicumque
2945 5248 3061 5308 post
3108 5249 3159 5295 te
3203 5240 3502 5295 humanita—

1913 5331 2019 5374 tem
2049 5332 2104 5375 et
2132 5327 2591 5381 mansuetudinem
2623 5340 3109 5401 quantamcumque
3134 5334 3493 5400 exhibuerint,

1896 5424 1965 5465 tu
2005 5430 2123 5467 cum
2169 5415 2271 5470 illis
2318 5418 2619 5473 mercedem
2649 5421 2907 5491 accipies;
2948 5425 3040 5493 qui
3079 5426 3218 5479 enim
3267 5428 3499 5481 radicem
3540 5472 3549 5483 .

1911 5505 2154 5573 pratbuit,
2186 5506 2269 5560 hic
2296 5508 2477 5576 utique
2508 5517 2563 5563 et
2586 5510 2849 5565 fructuum
2873 5524 3059 5567 auctor
3079 5524 3181 5569 est.
3210 5515 3500 5584 Propterea

1908 5613 2046 5651 nunc
2096 5597 2307 5666 quidem
2360 5616 2517 5656 nemo
2571 5612 2744 5656 tecum
2799 5603 3144 5661 humanitatis
3195 5607 3499 5661 mercedem

1907 5690 2086 5755 partit’i
2113 5700 2318 5757 potest:
2344 5701 2488 5745 tuum
2507 5694 2649 5748 enim
2680 5694 2846 5750 solius
2871 5696 3120 5751 meritum
3154 5706 3267 5752 est:
3294 5709 3348 5752 tu
3372 5714 3499 5755 vero

1903 5795 2022 5831 cum
2066 5780 2313 5835 omnibus
2354 5785 2580 5850 posteris
2605 5826 2619 5847 ,
2661 5785 2706 5838 si
2754 5786 2843 5855 qui
2876 5779 3289 5857 tales'umquam
3334 5805 3495 5858 appa-

1904 5880 2055 5923 reant
2077 5912 2090 5937 ,
2121 5886 2185 5925 ex
2217 5888 2379 5942 ecquo.
2401 5877 2648 5931 meritum
2677 5877 2915 5934 dividere
2947 5883 3149 5950 poteris
3171 5922 3186 5943 ,
3216 5890 3266 5936 et
3296 5891 3496 5939 tantam

3056 5970 3130 6032 1ἔι
