4046 6396
533 423 638 479 219

534 545 810 606 reportare
837 545 1060 607 partem,
1087 544 1337 606 quantam
1361 535 1412 588 in
1434 534 1705 603 discipulis
1729 541 2112 602 prmceptores:

537 642 591 684 et
619 631 663 684 si
695 645 851 685 nemo
889 631 1006 684 talis
1033 629 1187 682 fuerit
1210 670 1225 692 ,
1257 642 1467 682 rursum
1507 628 1598 681 tibi
1629 626 2120 692 commendationes

538 729 594 774 et
621 720 800 774 laudes
831 735 925 789 per
950 721 1184 789 singulas
1209 721 1529 788 proveniunt
1552 685 2122 798 generationes‘Con-

543 809 717 863 sidera
744 825 970 879 namque
999 809 1154 878 quale
1178 810 1248 864 sit
1271 819 1514 879 posteros
1540 823 1727 863 omnes
1755 809 1960 874 audire,
1985 808 2124 877 quod

541 909 648 952 tam
688 915 874 970 magna
915 901 1128 956 civitate
1157 915 1328 969 paenae
1357 907 1413 952 et
1441 898 1630 952 ultioni
1657 897 1922 964 obnoxia,
1968 913 2126 967 pave-

545 991 696 1045 factis
721 992 970 1047 omnibus
990 1034 1004 1056 ,
1046 1000 1101 1045 et
1140 989 1455 1046 horrefactis
1500 989 1722 1044 ducibus
1741 1031 1756 1055 ,
1786 988 2050 1059 praefectis
2077 997 2132 1043 et

541 1079 846 1148 judicibus,
901 1096 963 1136 ac
1010 1097 1078 1136 ne
1131 1097 1314 1136 vocem
1362 1081 1574 1150 quidem
1620 1095 1716 1150 pro
1767 1080 1976 1133 miseris
2029 1079 2132 1134 illis

546 1172 792 1227 emittere
822 1173 1163 1238 audentibus,
1193 1187 1329 1227 unus
1355 1173 1616 1227 accedens
1645 1186 1808 1226 senex
1835 1171 1926 1226 Dei
1953 1186 2134 1225 sacer—

550 1262 755 1316 dotium
783 1277 976 1333 gerens
996 1305 1012 1329 ,
1053 1278 1118 1318 ex
1145 1263 1260 1334 ipso
1287 1273 1503 1332 aspectu
1533 1262 1651 1316 solo
1692 1272 1746 1316 et
1774 1261 2041 1331 colloquio
2069 1261 2134 1315 ad

550 1355 904 1408 reverentiam
969 1355 1347 1423 Imperatorem
1419 1355 1583 1408 movit
1617 1373 1629 1409 :
1664 1363 1719 1408 et
1746 1354 1885 1424 quod
1940 1353 2136 1408 nemini

553 1458 770 1498 suorum
792 1445 1128 1500 subditorum
1155 1446 1440 1511 concessit,
1470 1446 1558 1499 uni
1585 1446 1686 1500 hoc
1710 1446 1825 1499 seni
1850 1445 2138 1512 concessit,

555 1535 653 1590 Dei
701 1536 846 1606 leges
884 1538 1163 1591 reveritus.
1197 1538 1404 1592 Etenim
1450 1539 1550 1592 hoc
1574 1551 1785 1608 quoque
1813 1537 1930 1605 ipso
1957 1552 2062 1591 non
2091 1547 2143 1591 te

559 1644 766 1697 parum,
797 1629 1108 1700 Imperator,
1151 1631 1338 1685 civitas
1371 1630 1685 1694 honoravit,
1715 1629 1857 1700 quod
1886 1645 1972 1684 me
1997 1628 2060 1683 ad
2092 1637 2145 1683 te

560 1720 789 1790 legatum
827 1723 1070 1789 miserit;
1115 1723 1432 1776 sententiam
1473 1723 1616 1777 enim
1643 1721 1710 1776 de
1733 1730 1784 1775 te
1812 1721 2063 1790 optimam
2092 1728 2147 1773 et

562 1812 977 1880 pulcherrimam
1027 1814 1404 1883 protulerunt,
1452 1813 1596 1884 quod
1647 1813 1792 1868 omni
1833 1811 2145 1882 principatui

565 1901 658 1955 tibi
687 1902 927 1972 subjecto
955 1904 1048 1958 Dei
1076 1903 1382 1959 sacerdotes
1402 1914 1718 1974 anteponas,
1742 1904 1846 1958 etsi
1873 1903 2005 1956 viles
2029 1915 2149 1956 esse

563 1994 852 2062 contingat.
895 1993 1012 2048 Non
1062 1995 1130 2049 ab
1177 1995 1284 2049 illis
1337 2010 1466 2049 vero
1514 2003 1716 2048 tantum
1767 2007 1910 2046 nunc
1955 1993 2146 2054 venio,

566 2099 747 2136 verum
783 2094 837 2138 et
878 2093 1001 2138 ante
1043 2085 1165 2138 illos
1191 2099 1220 2137 a
1252 2085 1520 2138 communi
1568 2079 1878 2154 angelorum
1927 2083 2152 2137 Domino

567 2172 763 2226 missus
787 2189 927 2236 sum,
951 2183 1008 2226 ut
1031 2174 1144 2228 haec
1163 2173 1333 2228 dicam
1359 2175 1654 2229 mitissima:
1675 2189 1738 2228 ac
1759 2173 2153 2243 benignissima:

570 2266 764 2319 anima:
787 2275 890 2320 tua:
909 2283 922 2319 :
941 2265 1092 2334 Quod
1114 2268 1160 2320 si
1189 2266 1490 2321 hominibus
1512 2266 1748 2336 ipsorum
1779 2267 1952 2321 debita
1971 2266 2151 2320 dimit-

574 2358 699 2410 tatis
719 2398 735 2422 ,
781 2367 834 2411 et
865 2356 1023 2412 Pater
1052 2359 1279 2411 cariestis
1299 2358 1476 2428 lapsus
1501 2357 1654 2412 vobis
1682 2357 1912 2412 dimittet
1942 2357 2152 2429 (Matth.

573 2448 624 2502 6.
676 2449 787 2513 M).
833 2448 1132 2504 Recordare
1163 2449 1322 2519 igitur
1368 2450 1508 2504 illius
1550 2449 1688 2515 diei,
1731 2463 1838 2518 quo
1874 2463 2062 2504 omnes
2091 2447 2158 2502 de

575 2541 708 2594 actis
731 2541 991 2594 rationem
1023 2540 1313 2595 reddemus
1336 2558 1350 2594 :
1372 2541 1544 2610 cogita
1584 2541 1725 2609 quod
1769 2541 1928 2594 etiam
1959 2540 2004 2594 si
2032 2539 2158 2610 quid

577 2629 632 2682 in
663 2638 716 2684 te
747 2641 1020 2698 peccatum
1049 2640 1133 2684 est
1158 2670 1172 2693 ,
1228 2644 1416 2684 omnes
1448 2630 1668 2685 abluere
1694 2630 2161 2698 praevaricationes

577 2735 675 2788 per
714 2720 976 2790 judicium
1027 2731 1082 2776 et
1128 2723 1448 2776 sententiam
1497 2722 1653 2777 istam
1707 2722 1910 2791 poteris
1960 2722 2163 2791 absque

581 2811 875 2876 laboribus,
901 2813 1101 2882 absque
1121 2811 1426 2867 sudoribus.
1448 2813 1548 2866 Alii
1572 2827 1768 2881 nempe
1787 2813 1948 2882 legati
1971 2828 2160 2867 aurum

579 2912 634 2956 et
659 2914 932 2972 argentum
955 2913 1012 2958 et
1037 2904 1138 2957 alia
1164 2903 1468 2972 hujusmodi
1497 2903 1635 2957 dona
1661 2901 1881 2970 ferunt;
1914 2918 2013 2974 ego
2037 2918 2165 2959 vero

582 3009 702 3048 cum
743 2995 913 3048 sacris
937 2994 1002 3048 ad
1035 2993 1313 3064 imperium
1358 3002 1507 3049 tuum
1551 2995 1753 3064 legibus
1789 2996 1940 3062 veni,
1974 3003 2029 3049 et
2067 3009 2166 3064 pro

583 3085 738 3138 donis
764 3085 1011 3139 omnibus
1041 3085 1136 3139 has
1165 3071 1480 3154 prtctendo',
1530 3095 1584 3140 et
1624 3094 1674 3140 te
1703 3085 1985 3139 Dominum
2017 3093 2166 3139 tuum

585 3179 777 3230 imitari
808 3179 1048 3246 supplico
1074 3219 1090 3240 ,
1135 3178 1224 3248 qui
1265 3178 1504 3248 quotidie
1544 3194 1573 3233 a
1608 3178 1764 3231 nobis
1789 3177 2168 3232 contumeliam

585 3271 792 3337 patiens
820 3285 924 3321 non
950 3276 1124 3322 cessat
1158 3269 1293 3322 bona
1321 3283 1416 3322 sua
1457 3267 1706 3322 omnibus
1748 3267 2068 3320 ministrare.
2102 3265 2170 3318 Et

587 3377 654 3414 ne
679 3361 975 3414 confundas
997 3377 1145 3432 spem
1171 3371 1432 3426 nostram,
1455 3376 1554 3416 nec
1579 3361 1964 3430 promissiones
1992 3358 2171 3414 irritas

591 3453 998 3507 facias:etcnim
1029 3462 1084 3508 et
1111 3453 1210 3507 hoc
1237 3469 1358 3507 eum
1389 3453 1508 3507 aliis
1534 3461 1586 3507 te
1612 3453 1752 3507 scire
1772 3452 1922 3516 volo,
1956 3450 2097 3520 quod
2126 3452 2172 3505 si

593 3543 925 3596 reconciliari
955 3544 1089 3598 Vt'llS
1118 3552 1170 3597 et
1195 3544 1473 3614 pristinam
1514 3542 1712 3597 civitati
1746 3540 2171 3596 benevolentiam

589 3636 1019 3700 communicare,
1051 3646 1105 3690 et
1135 3634 1273 3689 hanc
1312 3636 1584 3689 remittere
1617 3633 1816 3703 justam
1858 3630 2174 3702 indignatio-

594 3741 737 3788 nem,
769 3741 888 3780 cum
922 3726 1087 3780 multa
1112 3735 1351 3781 revertar
1376 3725 1600 3792 ﬁducia;
1631 3725 1677 3780 si
1706 3740 1834 3779 vero
1873 3733 2056 3779 mente
2085 3731 2175 3777 tua

594 3817 862 3872 civitatem
891 3818 1216 3886 asperneris,
1237 3833 1343 3875 non
1367 3826 1573 3872 tantum
1595 3817 1763 3887 ipsam
1787 3830 1892 3870 non
1912 3823 2174 3885 repetam,

595 3924 695 3963 nec
724 3911 890 3979 ipsius
917 3912 1090 3966 solum
1120 3910 1334 3977 videbo,
1363 3925 1548 3965 verum
1578 3919 1633 3964 et
1659 3909 1714 3964 in
1739 3909 2000 3978 reliquum
2026 3921 2179 3976 pror-

593 4015 686 4057 sus
727 4002 966 4071 negabo,
1012 4010 1069 4057 et
1108 4002 1160 4055 in
1204 4001 1363 4054 aliam
1394 4015 1480 4054 me
1523 4000 1790 4054 civitatem
1819 3997 2175 4054 conscribam.

593 4089 672 4144 Ne
700 4091 827 4144 mihi
869 4105 1097 4161 namque
1135 4091 1341 4146 accidat
1384 4091 1436 4145 in
1476 4090 1619 4144 illam
1659 4105 1910 4160 umquam
1947 4086 2178 4144 adscribi

594 4181 819 4249 patriam
840 4221 855 4244 ,
885 4196 1010 4250 erga
1041 4197 1198 4247 quam
1245 4181 1662 4236 humanissimus
1700 4189 1753 4234 tu
1773 4221 1788 4246 ,
1820 4190 1874 4235 et
1904 4180 2179 4234 hominum

593 4278 909 4324 cunctorum
928 4270 1239 4325 mitissimus
1251 4271 1428 4339 pacari
1445 4271 1886 4340 reconciliarique
1903 4285 2006 4324 non
2023 4270 2177 4325 velis.

667 4363 720 4416 4.
763 4361 906 4415 Mitis
934 4363 1190 4430 responsio
1211 4360 1563 4432 Imperatoris,
1591 4361 1676 4431 qui
1715 4362 1876 4430 parcit
1906 4361 2180 4415 Antioche-

596 4453 695 4505 πίε.
719 4481 790 4491 -
827 4451 953 4506 Htec
978 4461 1033 4506 et
1073 4451 1154 4506 his
1184 4451 1332 4521 plura
1363 4451 1635 4521 loquutus,
1685 4451 1763 4504 sic
1800 4451 2180 4519 Imperatorem

598 4541 884 4612 pudefecit,
905 4551 965 4596 ut
983 4542 1122 4596 idem
1152 4541 1323 4608 ﬁeret,
1351 4542 1492 4611 quod
1517 4552 1572 4596 et
1598 4542 1650 4596 in
1677 4540 1875 4611 Joscpb
1897 4541 2025 4595 olim
2049 4555 2180 4595 con-

601 4635 738 4701 tigit.
789 4632 936 4688 Sicut
965 4635 1107 4687 enim
1130 4634 1218 4688 ille
1248 4641 1372 4687 tunc
1402 4633 1594 4686 fratres
1620 4633 1974 4702 conspicatus,
2006 4633 2185 4701 lugere

597 4724 812 4793 quidem
834 4725 1066 4790 volebat,
1087 4724 1182 4779 sed
1199 4724 1438 4779 dolorem
1459 4725 1690 4793 tegebat,
1707 4737 1774 4777 ne
1788 4723 2183 4777 simulationem

600 4815 851 4885 proderet
879 4835 892 4869 :
925 4816 1001 4870 sic
1015 4825 1069 4870 et
1084 4813 1946 4886 Imperatorlacrymabatquidem
1979 4822 2181 4878 mente,

599 4921 706 4959 non
733 4905 1135 4961 demonstrabat
1176 4917 1377 4972 autem,
1411 4907 1649 4960 omnium
1689 4906 1779 4975 qui
1807 4914 1932 4959 tunc
1965 4905 2190 4959 aderant

599 5011 780 5050 causa.
811 4995 1111 5050 Nectamcn
1129 5011 1296 5066 usque
1316 4997 1367 5048 in
1397 4996 1557 5049 ﬁnem
1579 5003 1768 5049 aestum
1795 4995 1972 5050 celare
1989 4995 2184 5064 potuit,

601 5101 788 5140 verum
818 5095 872 5141 et
891 5087 1085 5140 invitus
1110 5085 1482 5156 superabatur.
1506 5085 1634 5140 Post
1660 5083 1798 5138 hanc
1813 5085 1956 5139 enim
1973 5084 2189 5138 concio-

605 5193 727 5232 nem
749 5177 998 5231 secundis
1020 5192 1125 5231 non
1143 5190 1278 5246 opus
1305 5176 1487 5230 habuit
1502 5175 1702 5240 verbis,
1722 5174 1816 5228 sed
1839 5191 1998 5228 unum
2017 5175 2190 5228 solum

603 5271 855 5340 loquutus
902 5279 983 5323 est
1023 5269 1246 5323 vcrbum
1270 5310 1284 5332 ,
1312 5268 1454 5338 quod
1494 5269 1666 5338 ipsum
1697 5267 1996 5320 diademate
2026 5265 2193 5319 multo

604 5365 774 5433 magis
799 5363 1028 5416 ornavit.
1057 5361 1195 5428 Quid
1225 5370 1401 5414 autem
1429 5359 1530 5414 hoc
1559 5359 1682 5412 est?
1714 5359 1778 5412 Et
1806 5359 1931 5427 quid
1959 5357 2190 5410 admira-

603 5457 710 5511 bile
734 5464 790 5511 et
807 5469 1055 5525 magnum
1093 5462 1198 5521 est,
1228 5451 1419 5522 inquit,
1441 5451 1487 5506 si
1511 5451 1596 5517 iis,
1625 5451 1713 5519 qui
1736 5465 1833 5504 nos
1859 5447 2194 5504 contumeliis

607 5549 934 5612 affecerunt,
965 5547 1098 5599 iram
1127 5544 1462 5599 remittamus
1491 5541 1794 5596 hominibus
1820 5539 2192 5602 existentibus,

609 5657 735 5695 cum
752 5649 806 5695 et
822 5641 917 5710 ipsi
935 5639 1177 5693 homines
1194 5638 1380 5700 simus;
1400 5651 1520 5690 cum
1539 5634 1720 5688 mundi
1740 5634 1994 5687 Dominus
2007 5633 2057 5685 in
2090 5642 2197 5685 ter-

615 5749 729 5788 ram
756 5732 1107 5797 descendens,
1139 5738 1193 5784 et
1223 5737 1436 5798 prepter
1464 5741 1562 5782 nos
1599 5741 1788 5780 servus
1819 5726 2010 5789 factus,
2061 5733 2115 5778 et
2166 5737 2196 5775 a

613 5824 878 5882 beneﬁcio
907 5824 1110 5880 aﬂ‘ectis
1149 5819 1460 5885 cruciﬁxus,
1512 5833 1610 5891 pro
1638 5815 2044 5873 cruciﬁxoribus
2085 5813 2196 5870 suis

1266 419 1321 474 S.
1364 418 1640 476 JOANNIS
1678 416 2152 474 CIIBYSOSTOMI
2194 419 2508 476 ARCHIEP.
2552 426 3082 484 CONSTAN’HNOP.

3692 432 3794 488 29.0

2227 541 2436 595 Patrem
2495 544 2746 608 oraverit,
2801 544 3028 599 dicens:
3079 545 3291 615 Ignosce
3337 546 3457 608 illis,
3513 564 3613 600 non
3675 551 3796 602 enim

2229 635 2398 688 sciunt
2427 635 2554 706 quid
2577 635 2767 706 facimt
2792 636 2812 708 (
2833 636 2960 693 Luc.
2987 637 3078 693 25.
3111 640 3180 692 54
3211 639 3264 707 )?
3292 640 3411 708 quid
3454 641 3611 709 igitur
3636 642 3800 695 adtul.-

2229 725 2420 792 rabile,
2454 727 2623 782 sinos
2647 729 2920 784 conservis
2969 731 3344 800 ignoscamus?
3391 733 3456 787 Et
3505 735 3649 804 quod
3696 734 3802 789 ba-e

2231 819 2398 874 verba
2426 835 2529 874 non
2558 819 2664 874 sint
2689 822 2976 890 simulatio,
3025 822 3458 880 demonstrarunt
3500 825 3712 896 quidem
3756 835 3806 881 et

2234 912 2436 982 reliqua
2465 927 2649 981 opera,
2677 928 2776 967 nec
2801 914 2866 968 iis
2893 915 3067 968 minus
3095 915 3221 969 illud
3247 917 3386 986 quod
3413 932 3554 972 nunc
3581 932 3696 972 sum
3721 934 3805 972 re-

2236 1000 2458 1058 laturus.
2505 1003 2680 1073 lpsum
2718 1006 2860 1058 enim
2907 1005 3047 1060 hunc
3097 1007 3427 1063 sacerdotem
3455 1024 3634 1064 secum
3681 1009 3809 1064 hanc

2237 1092 2631 1148 solemnitatem
2663 1096 2939 1152 celebrare
2960 1097 3248 1162 volentem,
3289 1101 3509 1154 invitum
3531 1116 3810 1171 properare

2239 1194 2295 1240 et
2323 1187 2576 1241 festinare
2595 1189 2770 1258 coegit
2790 1200 2843 1244 et
2863 1205 2921 1245 se
2933 1191 3136 1246 civibus
3151 1191 3423 1248 exhibere.
3449 1193 3604 1261 Novi,
3627 1195 3809 1266 inquit,

2242 1293 2384 1332 nunc
2408 1279 2641 1346 ipsorum
2664 1279 2870 1335 animos
2889 1283 3254 1347 conturbatos,
3295 1293 3348 1338 et
3395 1284 3588 1338 multas
3635 1301 3814 1354 super-

2244 1385 2364 1426 esse
2379 1371 2699 1426 calamitatis
2729 1373 3019 1441 reliquias;
3050 1373 3159 1440 alii,
3183 1375 3481 1430 consolare.
3526 1375 3584 1432 Si
3627 1377 3815 1448 guber-

2246 1473 2488 1516 natorem
2505 1462 2757 1532 viderint,
2777 1479 2873 1519 nec
2891 1466 3174 1533 prieteritaz
3191 1466 3601 1522 reminisceutur
3617 1479 3814 1538 tempe-

2246 1556 2420 1622 statis,
2453 1571 2636 1610 verum
2668 1567 2721 1610 et
2756 1558 2924 1626 ipsam
2971 1559 3199 1612 tristium
3260 1559 3568 1614 memoriam
3613 1575 3816 1614 onmem

2248 1645 2523 1701 delcbunt.
2553 1645 2623 1702 Ut
2644 1657 2819 1702 autem
2844 1648 3036 1702 institit
3061 1647 3302 1718 pontifex
3327 1659 3536 1719 petens,
3570 1659 3629 1704 ut
3659 1650 3818 1704 ﬁlium

2249 1752 2404 1790 suum
2429 1737 2688 1800 mitteret,
2720 1739 2906 1794 volens
2935 1739 3026 1794 ille
3048 1739 3327 1794 manifeste
3356 1739 3746 1806 demonstrare,
3766 1755 3822 1796 se

2251 1832 2460 1900 penitus
2491 1831 2622 1883 iram
2652 1839 2833 1886 mente
2877 1829 3143 1886 delevisse
3169 1850 3181 1884 :
3213 1830 3373 1886 Orate
3399 1873 3414 1897 ,
3460 1832 3671 1902 inquit,
3718 1835 3824 1887 haec

2253 1919 2450 1976 auferri
2481 1921 2774 1987 obstacula,
2807 1921 2922 1975 haac
2967 1920 3104 1977 bella
3133 1923 3388 1992 extingui,
3415 1932 3469 1977 et
3494 1939 3592 1992 ego
3619 1924 3825 1978 veniam

2258 2011 2498 2065 omnino.
2523 2011 2660 2078 Quid
2680 2012 2859 2065 anima
2888 2011 3070 2066 mitius
3094 2011 3181 2065 illa
3210 2027 3329 2067 esse
3356 2013 3563 2082 possit?
3591 2012 3826 2068 Confun-

2255 2101 2450 2157 dantur
2472 2103 2701 2173 gentiles
2724 2104 2793 2159 de
2814 2103 3041 2174 reliquo,
3065 2104 3302 2173 quinimo
3330 2118 3397 2159 ne
3421 2103 3827 2168 confundantur,

2257 2195 2350 2250 sed
2377 2196 2686 2250 erudiautur
2704 2237 2720 2263 ,
2768 2203 2825 2250 et
2866 2197 3136 2266 proprium
3167 2196 3473 2250 omittentes
3500 2211 3739 2251 errorem
3768 2195 3831 2248 ad

2257 2285 2913 2342 Christianismivittutem
2933 2286 3172 2349 redeant,
3197 2296 3432 2340 nostram
3461 2285 3530 2340 ab
3559 2286 3836 2357 Imperato-

2260 2388 2320 2431 re‘
2338 2386 2391 2431 et
2410 2377 2660 2449 pontifice
2677 2377 2818 2432 docti
2839 2377 3250 2447 philosophiam.
3279 2377 3396 2431 Non
3417 2379 3558 2432 enim
3583 2378 3834 2432 hactenus

2264 2478 2389 2523 tunc
2407 2469 2641 2524 substitit
2666 2470 2935 2539 piissimus
2965 2468 3283 2539 Imperator,
3307 2469 3403 2523 sed
3455 2478 3510 2522 et
3559 2477 3836 2540 postquam

2263 2575 2328 2615 ex
2359 2561 2492 2617 urbe
2509 2562 2761 2617 sacerdos
2782 2563 2945 2616 exivit
2966 2572 3019 2615 et
3048 2561 3358 2631 pertransiit
3385 2575 3552 2624 mare,
3603 2561 3748 2613 misit
3770 2556 3837 2615 ad

2263 2667 2384 2708 eum
2397 2653 2677 2724 quosdam,
2699 2655 2975 2709 sciscitans
3004 2662 3060 2708 et
3088 2665 3354 2723 satagens,
3383 2667 3450 2706 ne
3479 2652 3615 2707 forte
3637 2660 3840 2720 tempus

2266 2758 2530 2805 tereretur
2584 2758 2639 2802 et
2681 2748 2883 2803 civitati
2930 2749 3256 2816 voluptatem
3307 2745 3650 2805 diminueret,
3695 2752 3842 2796 extra

2269 2845 2453 2900 urbem
2474 2843 2871 2899 solemnitatem
2901 2857 3180 2912 peragens.
3211 2840 3341 2908 Quis
3373 2849 3522 2908 pater
3549 2838 3692 2891 mitis
3725 2846 3842 2890 tan-

2271 2945 2376 2990 tam
2403 2935 2472 2990 de
2497 2933 2874 2990 contumeliam
2905 2932 3256 2988 inferentibus
3284 2945 3464 2986 curam
3492 2929 3637 3000 egit?
3669 2929 3843 2982 Dicam

2269 3037 2325 3083 et
2349 3027 2506 3082 aliam
2526 3027 2653 3096 justi
2680 3027 2913 3082 laudem.
2944 3026 3038 3081 His
3063 3025 3204 3081 enim
3233 3024 3495 3093 expeditis
3542 3039 3648 3078 non
3695 3022 3845 3077 festi-

2272 3119 2437 3187 navit,
2463 3130 2521 3175 ut
2541 3121 2676 3174 alius
2698 3120 2879 3190 gloria:
2898 3117 3141 3188 cupidus,
3164 3118 3279 3187 ipse
3304 3117 3484 3170 literas
3507 3115 3652 3170 illam
3681 3115 3845 3168 tristi-
3921 3157 3933 3170 .

2273 3215 2400 3269 tiam
2426 3215 2700 3270 solventes
2728 3211 2972 3276 deferre;
3017 3209 3113 3266 sed
3155 3211 3402 3280 quoniam
3449 3209 3645 3264 lentius
3697 3207 3844 3270 ibat,

2275 3307 2437 3362 alium
2462 3307 2748 3376 quemdam
2781 3306 3035 3360 velociter
3065 3303 3304 3374 equitare
3343 3301 3558 3357 doctum
3604 3313 3664 3354 se
3710 3312 3848 3368 prte-

2273 3407 2486 3452 vertere
2507 3396 2731 3467 rogavit,
2765 3405 2819 3449 et
2839 3397 2976 3450 bona
2997 3394 3198 3450 civitati
3226 3393 3411 3447 nuntia
3433 3390 3648 3458 aﬁ‘erre,
3695 3403 3762 3442 ne
3786 3403 3851 3441 ex

2276 3495 2480 3549 reditus
2498 3493 2580 3548 sui
2624 3491 2918 3546 tardatione
2973 3490 3186 3544 tristitia
3236 3487 3657 3558 prolongaretur.
3704 3481 3853 3549 Quod

2277 3587 2421 3642 enim
2464 3587 2582 3654 ipse
2606 3583 2895 3654 quaerebat,
2922 3583 3096 3636 solum
3123 3589 3258 3644 erat,
3282 3594 3388 3633 non
3427 3585 3486 3631 ut
3511 3578 3625 3646 ipse
3653 3574 3853 3629 veniret

2276 3679 2415 3735 bona
2441 3678 2555 3733 haec
2580 3677 2826 3732 deferens
2872 3675 3156 3744 voluptatis
3201 3672 3381 3726 multze
3426 3668 3606 3740 plena,
3653 3665 3748 3722 sed
3797 3673 3851 3718 ut

2279 3787 2445 3845 ocyus
2467 3771 2621 3826 nobis
2641 3771 2810 3841 patria
2839 3769 3149 3838 respiraret.

2351 3865 2679 3920 Lectisternia
2700 3864 2756 3916 in
2780 3862 2926 3916 rebus
2965 3860 3114 3916 (tatis.
3137 3889 3210 3901 —
3232 3856 3382 3924 Quod
3421 3854 3581 3925 igitur
3611 3861 3736 3907 tunc
3781 3848 3857 3902 fe-

2280 3959 2451 4024 cistis,
2481 3956 2654 4012 forum
2677 3963 3017 4020 coronantes,
3047 3963 3100 4007 et
3127 3953 3370 4007 lucernas
3396 3946 3775 4010 accendentes,
3805 3951 3859 3996 et

2283 4051 2453 4106 lectos
2472 4059 2597 4104 ante
2624 4047 2866 4102 ofﬁcinas
2891 4053 3294 4114 componentes,
3326 4051 3382 4096 et
3407 4049 3676 4107 tamquam
3695 4048 3860 4102 nuper

2283 4143 2500 4197 civitate
2530 4149 2652 4195 nata
2675 4181 2692 4207 ,
2719 4139 2910 4194 festum
2935 4146 3157 4208 agentes
3177 4178 3193 4202 ,
3239 4135 3342 4189 hoc
3386 4133 3543 4187 aliter
3587 4145 3682 4200 per
3707 4141 3863 4182 omne

2285 4234 2445 4288 facite
2473 4242 2707 4302 tempus,
2739 4247 2846 4285 non
2877 4229 3123 4290 ﬂoribus.
3150 4227 3246 4283 sed
3267 4227 3462 4280 virtute
3482 4237 3578 4277 vos
3604 4233 3864 4275 coronan-

2285 4334 2390 4392 tes,
2419 4326 2596 4380 lumen
2625 4339 2721 4394 per
2759 4338 2920 4393 opera
2950 4324 3001 4377 in
3032 4322 3207 4374 anima
3251 4327 3429 4372 vestra
3475 4314 3862 4370 accendentes.

2291 4417 2551 4488 spirituali
2579 4415 2871 4485 gaudentes
2898 4413 3104 4474 la:titia,
3147 4421 3203 4466 et
3230 4411 3338 4464 Deo
3387 4407 3608 4463 assidue
3652 4419 3746 4474 pro
3787 4402 3868 4455 his

2288 4508 2536 4563 omnibus
2565 4507 2763 4576 gratias
2789 4519 2946 4574 agere
2974 4518 3082 4557 non
3100 4501 3410 4559 desinamus
3455 4516 3469 4551 :
3523 4512 3631 4550 non
3662 4503 3863 4548 tantum

2289 4603 2540 4671 quoniam
2568 4599 2748 4670 gravia
2777 4597 2956 4662 solvit,
2989 4608 3171 4649 verum
3201 4590 3452 4662 quoniam
3495 4596 3552 4643 et
3595 4588 3706 4657 ipsa
3758 4582 3869 4637 ﬁeri

2292 4694 2552 4765 permisit,
2576 4693 2626 4749 ei
2657 4692 2880 4746 multum
2912 4689 3009 4759 ipsi
3041 4702 3140 4741 nos
3164 4685 3362 4741 debere
3384 4681 3758 4740 confiteantur;
3780 4689 3872 4744 per

2292 4803 2517 4860 utraque
2545 4788 2688 4840 enim
2731 4784 2884 4838 nobis
2929 4781 3195 4836 civitatem
3250 4776 3480 4830 ornavit.
3534 4773 3660 4825 llaec
3697 4777 3866 4860 autem

2293 4857 2495 4947 omnia,
2524 4877 2817 4933 secundum
2841 4871 3211 4944 propheticum
3238 4866 3530 4936 eloquium,
3547 4861 3674 4916 ﬁliis
3690 4857 3875 4912 vestris

2298 4973 2632 5033 aununtiate,
2660 4978 2715 5024 et
2738 4966 2829 5020 ﬁlii
2859 4963 3022 5018 vestri
3051 4961 3173 5014 ﬁliis
3192 4959 3322 5023 suis,
3354 4965 3410 5010 et
3431 4954 3508 5009 illi
3544 4965 3754 5040 rursum
3783 4962 3870 5015 ge-

2296 5063 2558 5119 nerationi
2590 5069 2814 5131 postera:
2841 5057 2978 5126 (Joel
3024 5057 3075 5109 i.
3105 5052 3195 5124 ὅ),
3227 5059 3285 5105 ut
3333 5061 3521 5102 omnes
3577 5045 3670 5116 qui
3715 5053 3877 5110 usqute

2296 5159 2362 5213 ad
2385 5154 2900 5213 consummationem
2937 5148 3102 5203 futuri
3155 5150 3298 5209 sunt,
3349 5139 3453 5195 Dei
3494 5136 3879 5191 humanitatem

2297 5251 2496 5306 civitati
2522 5247 2810 5303 exhibitam
2836 5244 3124 5303 discentes,
3176 5251 3273 5291 nos
3315 5233 3530 5303 quidem
3574 5227 3881 5284 beatiﬁcent

2301 5353 2503 5399 tantam
2535 5349 2720 5395 nactos
2747 5333 3176 5393 benevolentiam
3202 5345 3217 5394 ;
3246 5326 3579 5383 admirentur
3606 5329 3779 5376 autem
3825 5321 3881 5368 et

2299 5437 2575 5493 dominmn
2600 5442 2860 5494 nostrum,
2884 5429 2972 5498 qui
2992 5428 3071 5480 sic
3091 5425 3288 5492 lapsam
3307 5418 3577 5475 civitatem
3596 5409 3880 5498 relevavit,

2303 5531 2575 5584 lucrentur
2603 5533 2656 5579 et
2677 5523 2798 5592 ipsi,
2831 5497 3031 5590 perque
3053 5515 3235 5571 talium
3257 5521 3526 5582 gestorum
3548 5504 3784 5571 exempla
3816 5497 3884 5550 ad

2303 5624 2554 5692 pietatem
2587 5616 2965 5685 impellantur:
2997 5624 3103 5663 non
3131 5606 3272 5660 enim
3295 5616 3393 5656 nos
3423 5607 3655 5662 tantum,
3684 5595 3725 5648 si
3749 5593 3890 5660 ipso-

2303 5732 2420 5771 rum
2445 5726 2658 5780 semper
2689 5705 3056 5768 recordemur,
3079 5713 3264 5754 verum
3293 5703 3347 5751 et
3375 5699 3650 5763 posteros,
3697 5693 3889 5784 eorum

2309 5824 2426 5882 qua:
2447 5804 2600 5862 nobis
2623 5805 2912 5880 creperum
2933 5793 3187 5860 narratio,
3208 5790 3446 5846 maxime
3461 5786 3652 5858 juvare
3673 5783 3887 5852 poterit.
