4046 6396
206 422 310 478 219

207 557 316 600 τος,
356 538 517 594 πάλιν
557 554 638 593 σοι
665 537 735 590 τὰ
763 535 872 590 τῶν
913 536 1208 607 ἐγκωμίων
1239 537 1462 591 καὶτῶν
1484 537 1724 592 ἐπαίνων
1763 534 1884 590 καθ’

208 627 447 698 ἑκάστην
495 625 771 680 ἐπιδίδωσι
828 625 927 696 τὴν
957 625 1174 694 γενεάν.
1220 625 1506 697 Ἐννόησον
1557 625 1666 696 γὰρ
1703 623 1888 696 ἡλίκον

103 728 114 740 “
206 716 321 768 ἐστὶ
349 717 477 778 τούς
516 715 656 785 μετὰ
683 714 857 768 ταῦτα
893 715 1103 778 πάντας
1131 714 1372 778 ἀκούειν,
1403 715 1484 767 ὅτι
1513 714 1720 777 πόλεως
1747 712 1888 766 οὐτω

210 804 452 874 μεγάλης
471 806 568 856 καὶ
599 803 903 856 ὑπευθύνου
931 803 1148 856 κολάσει
1177 803 1270 855 καὶ
1297 803 1538 875 τιμωρίᾳ
1565 801 1884 870 γενομένης,

207 894 555 962 πεφρικότων
616 892 896 956 ἀπάντων,
933 891 1026 944 καὶ
1067 891 1384 944 δεδοικότων
1419 890 1742 961 στρατηγῶν
1793 889 1888 942 καὶ

207 978 468 1049 ὑπάρχων
499 980 593 1032 καὶ
626 978 918 1043 δικαστῶν,
963 979 1058 1032 καὶ
1089 978 1211 1032 οὐδέ
1245 978 1426 1049 φωνὴν
1460 981 1619 1049 ῥῆξαι
1647 976 1886 1047 τολμών-

207 1084 314 1118 των
343 1065 483 1138 ὐπέρ
513 1067 621 1119 τῶν
643 1066 844 1120 ἀθλίων
870 1066 1118 1129 ἐκείνων,
1139 1061 1219 1130 εἷς
1252 1064 1538 1137 παρελθὼν
1569 1063 1886 1136 πρεσϐύτης

207 1152 299 1205 τοῦ
319 1153 456 1205 Θεοῦ
486 1153 585 1223 τὴν
619 1152 921 1224 ἱερωσύνην
947 1152 1426 1223 ἐγκεχειρισμένος
1449 1151 1557 1205 ἀπὸ
1583 1151 1680 1221 τῆς
1711 1149 1887 1218 ὅψεως

209 1242 378 1312 μόνης
399 1242 592 1312 αὐτῆς,
613 1242 708 1295 καὶ
737 1241 901 1313 ψιλῆς
918 1241 1018 1310 τῆς
1050 1241 1340 1311 συντυχίας
1361 1238 1616 1310 ἐνέτρεψε
1638 1238 1730 1290 τὸν
1751 1255 1886 1307 κρα-

205 1331 402 1383 τοῦντα
423 1347 435 1357 ·
467 1332 561 1383 καὶ
583 1330 611 1383 6
645 1330 836 1401 μηδενὶ
861 1330 971 1383 τῶν
1011 1329 1102 1383 ὐπ’
1131 1329 1296 1382 αὐτὸν
1338 1326 1654 1399 ἐχαρίσατο,
1682 1325 1762 1378 ἐνὶ
1796 1325 1886 1392 γέ-

207 1437 354 1490 ροντι
381 1419 541 1472 τοῦτο
573 1419 739 1473 ἔδωκε
773 1421 898 1482 τούς
927 1416 1022 1472 τοῦ
1052 1417 1188 1471 Θεοῦ
1220 1417 1416 1488 νόμους
1455 1415 1738 1478 αἰδεσθείς.
1777 1415 1882 1470 Καὶ

206 1507 314 1577 γὰρ
342 1507 438 1558 καὶ
463 1508 639 1576 τούτῳ
655 1507 803 1577 αὐτῷ
823 1509 882 1559 οὐ
912 1506 1124 1578 μικρῶς
1145 1524 1226 1570 σε,
1249 1499 1293 1558 ὦ
1320 1503 1562 1575 βασιλεῦ,
1587 1505 1880 1574 τετίμηκεν

204 1597 237 1664 ή
267 1595 440 1659 πόλις,
472 1597 571 1666 ἐμὲ
605 1596 741 1667 πρὸς
769 1596 868 1666 τὴν
908 1595 1206 1666 πρεσϐείαν
1234 1592 1442 1663 ταύτην
1482 1591 1876 1646 ἀποστείλασα·

204 1683 382 1752 ψῆφον
405 1684 515 1754 γὰρ
543 1683 770 1754 ἀρίστην
804 1682 1104 1753 ἐξήνεγκαν
1133 1681 1261 1752 περὶ
1300 1680 1391 1734 σοῦ
1421 1681 1514 1734 καὶ
1553 1679 1844 1749 καλλίστην
1864 1719 1879 1737 ,

203 1771 286 1822 ὅτι
349 1773 450 1840 τῆς
495 1770 670 1841 ἀρχῆς
733 1770 952 1839 ἁπάσης
1004 1769 1106 1837 τῆς
1167 1767 1274 1821 ὑπὸ
1322 1767 1382 1819 σέ
1415 1779 1442 1807 ι
1475 1767 1754 1836 κειμένης,
1789 1764 1882 1818 τοῦ

204 1857 341 1910 Θεοῦ
364 1859 492 1921 τοὺς
517 1859 699 1930 ἱερέας
737 1858 1028 1929 προτιμᾷς,
1048 1857 1152 1909 κᾶν
1176 1855 1413 1918 εὐτελεῖς
1442 1857 1593 1916 ὅντες
1625 1853 1881 1922 τύχωσιν.

204 1948 280 2000 Οὐ
314 1947 444 2018 παρ’
474 1947 700 2000 ἐκείνων
732 1947 788 2000 δέ
813 1947 934 2016 ἦκω
967 1945 1062 1999 νῦν
1092 1945 1272 2016 μόνον,
1315 1943 1452 1998 άλλά
1481 1943 1574 1996 καὶ
1608 1943 1715 2013 πρὸ
1737 1941 1885 1994 ἐκεί-

203 2050 312 2086 νων
343 2033 496 2104 παρά
517 2031 614 2086 τοῦ
641 2032 823 2086 κοινοῦ
849 2031 960 2086 τῶν
989 2032 1237 2101 ἀγγέλων
1280 2029 1628 2098 ἀπέσταλμαι
1678 2026 1883 2079 Δεσπό-

202 2137 320 2182 του,
354 2121 530 2174 ταῦτα
557 2123 732 2174 εἰπεῖν
761 2121 894 2191 πρὸς
929 2121 1027 2189 τὴν
1051 2119 1414 2191 ήμερωτάτην
1463 2133 1556 2169 σου
1588 2116 1682 2168 καὶ
1717 2132 1886 2186 πραο-

201 2206 373 2275 τάτην
394 2209 592 2278 ψυχὴν,
606 2208 686 2260 ὄτι
702 2209 798 2260 Ἂν
813 2208 988 2276 ἀφῆτε
1004 2211 1117 2269 τοῖς
1128 2204 1439 2276 ἀνθρώποις
1450 2203 1518 2257 τά
1540 2202 1885 2272 ὀφειλήματα

200 2291 402 2354 αὐτῶν,
423 2293 517 2344 καὶ
544 2293 572 2343 6
599 2291 750 2361 Πατὴ
759 2308 788 2360 ρ
807 2291 960 2362 ὐμῶν
981 2294 1009 2342 ό
1029 2292 1280 2360 οὐράνιος
1302 2291 1502 2360 ἀφήσει
1531 2291 1660 2360 ὑμῖν
1684 2289 1753 2343 τά
1780 2306 1885 2342 πα-

203 2379 550 2448 ραπτώματα
578 2379 753 2448 ὑμῶν.
809 2381 1218 2452 Ἀναμνήσθητι
1277 2380 1456 2434 τοίνυν
1517 2379 1616 2449 τῆς
1669 2377 1885 2449 ἡμέρας

199 2466 436 2535 ἐκείνης,
467 2467 590 2520 καθ’
624 2468 689 2538 ἢν
707 2468 946 2531 ἅπαντες
965 2467 1121 2538 δίκην
1137 2467 1384 2539 δώσομεν
1405 2466 1656 2537 περὶτῶν
1673 2484 1885 2536 πεπρα-

197 2552 418 2620 γμένων
440 2573 451 2583 ·
495 2555 746 2626 ἐννόησον
771 2595 785 2620 ,
815 2557 898 2609 ὅτι
922 2557 971 2608 εί
1014 2557 1108 2610 καί
1137 2556 1188 2610 τί
1226 2574 1309 2610 σοι
1347 2557 1682 2628 ἡμάρτηται,
1709 2556 1885 2610 πάντα

197 2640 564 2709 ἀπονίψασθαι
590 2644 840 2716 ¹δδυνήσῃ
858 2645 925 2697 τὰ
966 2643 1415 2716 πλημμελήματα
1448 2644 1536 2696 διὰ
1572 2644 1670 2714 τῆς
1701 2643 1882 2713 ψήφου

199 2731 295 2780 καὶ
326 2730 427 2798 τῆς
461 2731 685 2804 γνώμης
712 2734 936 2804 ταύτης,
973 2735 1141 2805 χωρὶς
1173 2734 1372 2796 πόνων,
1414 2732 1585 2804 χωρὶς
1621 2731 1882 2803 ἱδρώτων.

203 2820 388 2873 Ἀλλοι
419 2823 514 2892 μὲν
535 2820 628 2877 οῦν
659 2825 1089 2895 πρεσϐευόμενοι
1120 2825 1341 2896 χρυσίον
1373 2825 1468 2878 καὶ
1494 2822 1756 2894 ἀργύριον
1791 2822 1884 2874 καὶ

198 2907 364 2979 ἔτερα
388 2910 614 2964 τοιαῦτα
645 2911 796 2983 δῶρα
825 2913 1165 2983 κομίζουσιν·
1197 2911 1308 2981 ἐγὼ
1331 2912 1388 2965 δέ
1417 2913 1557 2983 μετὰ
1591 2911 1698 2964 τῶν
1725 2911 1884 2982 ἱερῶν

199 2996 340 3066 πρὸς
372 3000 474 3070 τὴν
503 3001 602 3070 σὴν
627 2999 907 3071 βασιλείαν
941 3002 1182 3072 ἀφῖγμαι
1209 3001 1414 3071 νόμων,
1444 3000 1538 3053 καὶ
1555 2999 1677 3052 ἀντὶ
1697 2998 1884 3070 δώρων

197 3091 458 3144 ἁπάντων
486 3092 712 3157 τούτους
731 3093 1002 3165 προτείνω
1023 3110 1038 3125 ·
1070 3093 1166 3147 καὶ
1201 3093 1508 3164 παρακαλῶ
1544 3108 1602 3144 σε
1641 3091 1887 3162 μιμήσα-

199 3180 327 3233 σθαί
357 3198 451 3233 σου
479 3181 569 3235 τὸν
597 3183 894 3254 Δεσπότην,
913 3181 970 3240 ὃς
998 3182 1121 3236 καθ’
1149 3181 1361 3254 ἡμέραν
1389 3179 1521 3253 παρ’
1552 3180 1709 3250 ἡμῶν
1732 3179 1884 3248 ὐϐρι-

197 3266 449 3338 ζόμενος,
467 3271 528 3323 οὐ
545 3270 892 3342 διαλιμπάνει
920 3271 988 3324 τὰ
1018 3272 1148 3341 παρ’
1174 3268 1370 3324 ἑαυτοῦ
1401 3269 1653 3340 χορηγῶν
1686 3267 1879 3322 ἀπασι·

197 3357 294 3410 καὶ
329 3359 401 3428 μὴ
430 3359 974 3431 καταισχύνηςήμῶν
992 3359 1089 3421 τὰς
1116 3358 1356 3421 ἐλπίδας,
1381 3358 1515 3428 μηδέ
1541 3357 1768 3427 ἐλέγξῃς
1784 3355 1882 3418 τὰς

198 3445 543 3515 ὑποσχέσεις.
575 3448 683 3500 Καὶ
710 3447 818 3517 γὰρ
849 3448 944 3500 καὶ
971 3446 1130 3500 τοῦτό
1160 3463 1218 3500 σε
1253 3446 1392 3518 μετὰ
1411 3444 1520 3499 τῶν
1546 3445 1720 3499 ἄλλων
1749 3443 1884 3496 εἰδέ-

196 3550 289 3585 ναι
324 3534 606 3605 βούλομαι,
647 3536 731 3588 ὅτι
761 3538 808 3588 εἰ
843 3535 941 3606 μὲν
975 3535 1299 3606 βουληθείης
1339 3534 1746 3604 καταλλαγῆναι
1787 3532 1882 3585 καὶ

198 3620 300 3690 τῆς
331 3622 604 3694 προτέρας
633 3623 848 3686 εὐνοίας
892 3623 1216 3694 μεταδοῦναι
1236 3625 1303 3692 τῇ
1332 3621 1505 3687 πόλει,
1539 3621 1632 3674 καὶ
1659 3619 1756 3690 τὴν
1786 3620 1882 3688 ὀρ-

197 3709 304 3778 γὴν
343 3710 562 3778 ἀφεῖναι
589 3711 689 3780 τὴν
711 3710 928 3764 δικαίαν
960 3710 1186 3781 ταύτην,
1222 3709 1360 3780 μετά
1395 3708 1598 3778 πολλῆς
1644 3707 1880 3760 ἀπελεύ-

198 3812 367 3866 σομαι
391 3797 491 3868 τῆς
510 3798 826 3870 παρρησίας
847 3816 859 3829 ·
897 3801 946 3852 εἰ
969 3798 1026 3851 δὲ
1061 3798 1312 3861 ἐκϐάλοις
1342 3797 1442 3867 τήν
1465 3796 1622 3849 πόλιν
1644 3797 1742 3866 τῆς
1768 3795 1882 3848 δια-

197 3885 352 3947 νοίας
377 3885 478 3955 τῆς
523 3889 643 3957 σῆς,
677 3887 736 3939 οὐ
772 3887 933 3958 μόνον
971 3887 1071 3939 οὐκ
1103 3886 1442 3956 ἐπιϐήσομαι
1466 3925 1480 3948 ,
1530 3884 1652 3936 οὐδὲ
1678 3883 1880 3954 ὄψομαι

196 3975 370 4044 αὐτῆς
397 3975 458 4028 τὸ
487 3975 702 4044 ἔδαφος.
731 3975 867 4029 ἀλλά
900 3975 994 4029 καὶ
1039 3977 1350 4046 ἀρνήσομαι
1402 3973 1574 4043 αὐτὴν
1627 3971 1882 4038 καθάπαξ

197 4061 411 4125 λοιπόν,
443 4064 537 4117 καὶ
565 4066 646 4127 είς
677 4065 873 4135 ἑτέραν
894 4063 1136 4134 ἐμαυτὸν
1159 4062 1423 4135 ἐγγράφω
1453 4063 1630 4115 πόλιν.
1651 4062 1742 4132 Μὴ
1772 4061 1881 4132 γάρ

200 4168 296 4222 μοι
315 4153 529 4219 γένοιτο
576 4155 811 4226 πατρίδα
845 4151 1257 4222 ἐπιγράψασθαί
1309 4168 1439 4202 ποτε
1475 4150 1711 4221 ἐκείνην,
1744 4149 1882 4220 πρὸς

197 4243 269 4312 ῆν
307 4244 335 4294 ό
373 4242 890 4312 φιλανθρωπότατος
919 4245 983 4296 σύ
1017 4242 1113 4294 καὶ
1151 4241 1370 4294 πάντων
1403 4239 1709 4310 ἀνθρώπων
1740 4241 1880 4311 ἡμε-

197 4329 444 4400 ρώτατος
481 4333 582 4387 οὐκ
609 4332 677 4386 ἂν
707 4332 849 4384 ἐλοιο
885 4329 1212 4385 σπείσασθαι
1235 4330 1329 4382 καὶ
1351 4329 1784 4396 καταλλαγῆναι.

269 4419 332 4473 δ’.
359 4420 544 4474 Ταῦτα
568 4423 660 4475 καὶ
687 4421 909 4474 πλείονα
936 4418 1140 4472 τούτων
1166 4417 1356 4479 εἰπὼν,
1377 4416 1521 4470 οὐτω
1549 4416 1884 4487 τὸνβασιλέα

197 4509 475 4579 συνέχεεν,
500 4511 576 4573 ὡς
603 4509 800 4562 ταυτὸν
830 4508 1102 4577 γενέσθαι,
1122 4509 1258 4577 ὅπερ
1291 4507 1385 4559 ἐπὶ
1407 4505 1501 4558 τοῦ
1543 4507 1742 4576 Ἰωσὴφ
1760 4523 1882 4559 συν-

195 4595 303 4665 έϐη
364 4597 625 4665 γενέσθαι
679 4597 831 4650 ποτέ.
880 4595 1148 4666 Καθάπερ
1199 4595 1309 4666 γάρ
1362 4596 1569 4658 ἐκεῖνος
1605 4595 1725 4647 τότε
1755 4598 1882 4658 τοὺς

195 4683 465 4752 ἀδελφοὺς
499 4683 621 4737 ίδὼν
644 4684 897 4737 ἐϐούλετο
923 4683 1022 4754 μὲν
1049 4683 1310 4753 δακρύειν
1329 4725 1344 4749 ,
1371 4682 1561 4751 ἔστεγε
1595 4683 1651 4736 δὲ
1681 4683 1742 4735 τὸ
1775 4683 1883 4736 πά-

194 4773 312 4837 θος,
342 4771 487 4824 ῶστε
513 4772 587 4843 μὴ
617 4771 927 4842 διαφθεῖραι
957 4770 1056 4840 τήν
1085 4771 1375 4841 ὑπόκρισιν
1394 4787 1405 4799 ·
1435 4770 1580 4824 οῦτω
1624 4771 1688 4842 δὴ
1735 4773 1828 4825 καὶ
1853 4773 1883 4824 6

196 4860 460 4930 βασιλεὺς
490 4860 718 4931 ἐδάκρυε
741 4861 838 4930 μὲν
861 4860 1004 4912 κατὰ
1022 4859 1282 4920 διάνοιαν,
1302 4858 1456 4931 [225]
1479 4861 1580 4912 οὐκ
1608 4859 1883 4912 ἐδείκνυτο

192 4949 253 5002 δέ
277 4949 371 5002 διὰ
401 4951 529 5012 τοὺς
559 4949 835 5018 παρόντας
871 4947 1118 5011 ἅπαντας
1145 4965 1156 4976 ·
1188 4949 1248 4999 οὐ
1291 4947 1397 5018 μὴν
1436 4949 1656 5017 ἴσχυσεν
1678 4950 1758 5010 εἰς
1791 4948 1881 5000 τέ-

190 5037 289 5098 λος
312 5035 518 5106 κρύψαι
544 5036 605 5088 τὸ
634 5036 824 5098 πάθος,
845 5035 982 5088 ἀλλά
1007 5035 1102 5088 καὶ
1121 5037 1269 5089 ἄκων
1291 5035 1572 5104 ἠλέγχετο.
1598 5035 1751 5088 Μετά
1777 5036 1883 5106 γὰρ

191 5126 294 5196 τὴν
317 5125 668 5196 δημηγορίαν
700 5123 904 5193 ταύτην
933 5124 1032 5175 οὐκ
1075 5122 1266 5192 ἐδεήθη
1297 5124 1559 5193 ῥημάτων
1588 5123 1878 5194 δευτέρων,

191 5212 314 5265 ἀλλ’
340 5211 401 5264 ἔν
432 5212 592 5282 μόνον
620 5209 923 5280 ἐφθέγξατο
955 5213 1124 5280 ῥῆμα,
1159 5209 1188 5261 6
1213 5210 1307 5262 τοῦ
1341 5210 1671 5281 διαδήματος
1716 5211 1882 5265 αὐτόν

190 5300 384 5371 πολλῷ
418 5300 684 5369 μειζόνως
716 5299 1015 5370 ἐκόσμησε.
1058 5299 1122 5350 Τί
1153 5300 1210 5351 δέ
1256 5297 1418 5354 τοῦτό
1444 5287 1632 5364 ἐστιν;
1684 5301 1796 5354 Καὶ
1831 5301 1882 5353 τί

191 5388 515 5460 θαυμαστὸν
535 5389 630 5440 καὶ
651 5389 812 5457 μέγα,
835 5386 1021 5458 φησιν,
1039 5388 1101 5460 -εί
1129 5389 1241 5450 τοῖς
1268 5387 1553 5459 ὑϐρικόσιν
1591 5389 1881 5460 ἀφήσομεν

189 5479 296 5548 τὴν
324 5473 844 5546 ὀργῆῖϊδῦθθρῶποις
875 5471 1027 5528 οῦσιν
1047 5461 1325 5545 ἂνθρωποι
1361 5475 1454 5527 καὶ
1488 5477 1644 5528 αὐτοὶ
1675 5479 1881 5547 τυγχά-

191 5585 400 5630 νοντες,
429 5568 660 5634 δποσ·’γε
685 5568 712 5619 6
746 5565 847 5636 τῆς
877 5563 1207 5634 οἰκουμένης
1239 5566 1514 5635 Δεσπότης
1540 5567 1632 5618 ἐπὶ
1661 5567 1765 5637 γῆς
1797 5568 1883 5621 ἐλ-

191 5647 304 5708 θὼν
325 5654 516 5708 καῖ”δί
539 5657 690 5725 ἡμᾶς
714 5655 1005 5725 γενόμενος
1039 5653 1246 5716 δοῦλος,
1288 5655 1380 5707 καὶ
1405 5654 1558 5725 παρά
1584 5653 1692 5707 τῶν
1725 5657 1884 5729 εὐερο

187 5744 540 5815 γετηθέντων
571 5743 908 5814 σταυρωθεὶς
937 5743 1077 5814 ὐπέρ
1102 5741 1211 5794 τῶν
1244 5742 1676 5812 σταυρωσάντων
1723 5745 1883 5798 αὐτὸν

190 5833 498 5905 παρεκάλει
536 5833 628 5885 τὸν
677 5833 917 5903 Πατέρα,
943 5832 1141 5900 λέγων,
1184 5831 1358 5898 ’Ἄφες
1392 5830 1630 5896 αὐτοῖς·
1663 5834 1734 5886 οὐ
1774 5833 1883 5902 γὰρ

253 5991 282 6054 ἓ
306 5989 548 6054 Sicygcle
573 5987 721 6054 Savil.
759 6004 846 6050 pro
880 6005 940 6041 eo
964 5991 1092 6054 quod
1132 5989 1394 6053 legebatur
1417 5989 1510 6038 ὑπὸ
1533 5987 1638 6039 σοῦ.
1679 5988 1812 6039 Enn.

254 6049 282 6091 δ
306 6050 407 6102 Alii
431 6049 796 6113 ἀπαλείψασθαι.

1214 419 1306 474 AD
1340 419 1672 476 POPULUM
1711 419 2213 476 ANTIOCHENUM
2280 424 2512 480 HOMIL.
2556 421 2698 480 XXI.

3561 423 3670 478 220

1988 537 2186 593 οἴδασι
2232 542 2286 594 τί
2323 540 2597 606 ποιοῦσι;
2629 542 2678 594 τί
2723 541 2904 594 τοίνυν
2937 541 3672 618 θαυμαστδνμεί,τρῖς-,ῥμοτ-

1985 627 2192 691 δούλοις
2222 631 2316 683 καὶ
2345 632 2506 702 ἡμεῖς
2530 632 2852 702 άφήσομεν;
2884 631 2994 682 Καὶ
3024 631 3107 683 ὅτι
3133 630 3307 683 ταῦτα
3346 627 3414 681 τὰ
3446 629 3664 699 ῥήματα

1985 711 2083 785 οὔχ
2111 717 2400 788 ὑπόκρισις
2440 713 2528 789 ἦν,
2555 709 2738 784 ἔδειξε
2763 718 2861 788 μέν
2890 719 2986 772 καί⁹
3019 718 3089 772 τά
3125 716 3470 787 γεγενημένα
3499 715 3665 770 ἅπαν.

1984 821 2074 865 τα,
2106 806 2207 858 οὐκ
2236 806 2457 858 ἔλαττον
2477 807 2532 859 δὲ
2557 806 2762 860 τούτων
2789 807 2882 859 καὶ
2911 806 3088 868 τοῦτο,
3114 806 3142 859 ὃ
3161 805 3340 876 μέλλω
3369 802 3464 856 νῦν
3495 804 3658 873 ἐρεῖνι

1985 893 2148 944 αὐτὸν
2171 894 2277 963 γάρ
2298 895 2389 946 τὸν
2418 895 2566 965 ἱερέα
2601 895 2792 948 τοῦτον
2828 894 3152 964 βουλόμενον
3177 895 3295 946 ἐκεῖ
3339 893 3492 962 κοινῆ
3546 893 3665 960 μετ’

1986 979 2150 1032 αὐτοῦ
2183 980 2278 1048 τὴν
2306 979 2498 1050 ἑορτὴν
2533 980 2846 1033 ἐπιτελέσαι
2877 978 3104 1048 ταύτην,
3151 978 3352 1032 ἄκοντα
3392 978 3665 1046 κατηνάγ-

1987 1085 2120 1119 κασε
2156 1067 2582 1137 κατεπειχθῆναι
2609 1068 2702 1120 καὶ
2733 1066 2988 1129 σπεῦσαι,
3012 1066 3108 1118 καὶ
3137 1067 3252 1128 τοῖς
3287 1065 3535 1127 πολίταις
3564 1081 3664 1131 φα-

1985 1158 2161 1226 νῆναι.
2192 1153 2342 1218 Οἶδα,
2370 1157 2551 1224 φησὶν,
2587 1157 2668 1210 ὃτι
2707 1155 2801 1208 νῦν
2829 1155 3009 1208 αὐτῶν
3041 1156 3178 1207 είσιν
3218 1154 3273 1206 αἱ
3316 1153 3485 1223 ψυχαὶ
3518 1151 3664 1205 δεδο-

1984 1243 2237 1312 νημέναι,
2274 1246 2366 1296 καὶ
2397 1243 2565 1297 πολλὰ
2603 1244 2700 1314 τῆς
2728 1244 3014 1314 συμφοράς
3039 1242 3112 1295 τά
3137 1241 3398 1310 λείψανα·
3438 1239 3662 1302 ἄπελθε,

1985 1331 2369 1401 παρακάλεσον
2395 1345 2406 1356 ·
2443 1332 2508 1384 ἂν
2540 1332 2688 1384 ἴδωσι
2719 1331 2812 1384 τὸν
2843 1330 3210 1402 κυϐερνήτην.
3245 1329 3366 1382 οὐδὲ
3395 1327 3490 1380 τοῦ
3526 1343 3663 1396 παρ-

1985 1419 2232 1483 ελθόντος
2268 1419 2636 1490 μεμνήσονται
2688 1419 2981 1490 χειμῶνος,
3009 1419 3146 1472 ἀλλά
3175 1419 3270 1471 καὶ
3310 1417 3408 1487 τὴν
3445 1417 3665 1487 μνήμην

1985 1507 2152 1578 αὐτὴν
2187 1508 2528 1578 ἐξαλείφουσι
2572 1509 2680 1561 τῶν
2719 1508 2980 1580 λυπηρῶν
3020 1507 3258 1566 ἅπασαν.
3334 1507 3421 1569 Ὠς
3461 1506 3519 1559 δέ
3567 1507 3664 1558 ἐπ-

1985 1598 2160 1650 έκειτο
2185 1600 2211 1651 ὁ
2240 1598 2436 1669 ἱερεὺς,
2458 1597 2624 1662 ἀξιῶν
2645 1597 2734 1650 τὸν
2755 1597 2866 1650 υἱὸν
2890 1596 3102 1666 πέμψαι
3136 1595 3227 1648 τὸν
3245 1593 3460 1657 ἐαυτοῦ,
3483 1593 3664 1664 βουλό-

1988 1702 2148 1754 μενος
2175 1688 2381 1748 ἐκεῖνος
2412 1684 2578 1750 δεῖξαι
2606 1684 2815 1752 σαφῶς,
2838 1684 2914 1747 ὼς
2941 1685 3123 1737 πᾶσαν
3151 1681 3381 1736 καθόλου
3411 1681 3510 1752 τῆς
3548 1679 3664 1732 δια-

1984 1773 2131 1835 νοίας
2162 1771 2414 1842 ἐξήλειψε
2444 1772 2540 1843 τὴν
2570 1771 2764 1842 ὀργὴν,
2802 1771 3074 1836 Εὐξασθε,
3114 1771 3269 1841 φησὶ,
3306 1768 3482 1823 ταῦτα
3510 1768 3663 1820 ἀναι-

1987 1857 2212 1928 ρεθῆναι
2229 1859 2294 1912 τὰ
2311 1858 2635 1928 κωλύματα,
2660 1859 2954 1929 σϐεσθῆναι
2976 1859 3104 1920 τούς
3126 1856 3397 1927 πολέμους
3416 1853 3662 1917 τούτους,

1986 1945 2080 1999 καὶ
2104 1946 2266 2009 αὐτὸς
2295 1945 2559 2016 ἀφίξομαι
2594 1947 2832 2010 πάντως.
2867 1946 2932 1998 Τί
2955 1945 3056 2015 τῆς
3081 1945 3260 2015 ψυχῆς
3282 1944 3494 2013 ἐκείνης
3525 1943 3664 2013 ήμεο

1989 2032 2222 2104 ρώτερον
2251 2033 2447 2100 γένοιτ’
2483 2034 2586 2097 ἄν;
2626 2033 3079 2104 Αἰσχυνέσθωσαν
3130 2032 3392 2103 ’Έλληνες
3439 2030 3622 2084 λοιπόν
3646 2045 3659 2058 °

1989 2121 2188 2190 μᾶλλον
2211 2121 2266 2173 δέ
2307 2121 2380 2190 μὴ
2407 2121 2869 2190 αἰσχυνέσθωσαν,
2902 2121 3040 2174 ἀλλὰ
3071 2120 3540 2181 παιδευέσθωσαν,
3569 2119 3664 2171 καὶ

1983 2208 2085 2280 τὴν
2114 2207 2324 2261 οίκείαν
2353 2207 2583 2276 ἀφέντες
2614 2207 2825 2274 πλάνην
2863 2209 3208 2261 ἐπανίτωσαν
3241 2208 3334 2260 ἐπί
3372 2207 3471 2277 τὴν
3509 2205 3602 2259 τοῦ
3637 2215 3660 2243 ο

1986 2292 2422 2365 Χριστιανισμοῦ
2455 2293 2705 2364 δύναμιν,
2760 2294 2992 2347 ἀπὸτοῦ
3041 2294 3305 2365 βασιλέως
3334 2333 3348 2358 ,
3405 2293 3512 2345 άπὸ
3567 2290 3663 2344 τοῦ

1989 2381 2178 2452 ἱερέως
2205 2381 2470 2451 μαθόντες
2517 2382 2615 2452 τὴν
2649 2383 2780 2453 παρ’
2827 2384 2960 2452 ἡμῖν
2986 2380 3327 2451 φιλοσοφίαν.
3378 2379 3516 2435 Οὐδέ
3555 2383 3664 2450 γάρ

1991 2469 2151 2540 μέχρι
2182 2469 2388 2522 τούτων
2417 2470 2549 2539 ἔστη
2576 2470 2698 2522 τότε
2725 2473 2752 2523 6
2788 2469 3201 2539 θεοφιλέστατος
3233 2469 3505 2540 βασιλεὺς,
3547 2468 3664 2521 ἀλλ’

1986 2557 2172 2628 ἐπειδὴ
2208 2557 2422 2628 καὶτῆς
2451 2556 2656 2620 πόλεως
2680 2556 2943 2628 ἐξήλασεν
2979 2559 3006 2610 6
3041 2559 3220 2628 ἱερεὺς
3264 2559 3358 2610 καὶ
3383 2557 3534 2627 διέϐη
3563 2557 3664 2626 τὴν

1985 2644 2283 2711 θάλασσαν,
2312 2644 2524 2716 ἔπεμψε
2567 2646 2659 2698 καὶ
2703 2646 2820 2698 ἐκεῖ
2844 2663 2996 2708 τινας
3035 2643 3536 2716 περιεργαζόμενος
3571 2644 3664 2695 καὶ

1987 2734 2482 2804 πολυπραγμονῶν,
2518 2738 2592 2805 μή
2632 2751 2761 2787 ποτε
2792 2733 2959 2806 τρίϐῃ
2987 2735 3084 2787 τὸν
3108 2735 3322 2805 χρόνον,
3341 2735 3435 2786 καὶ
3465 2736 3533 2803 τῇ
3566 2732 3664 2784 πό-

1940 2836 1944 2840 ·
1983 2821 2062 2874 λει
2092 2822 2190 2892 τὴν
2213 2821 2407 2894 ἡδονὴν
2435 2822 2495 2887 ἐξ
2521 2821 2782 2892 ἡμισείας
2813 2825 2964 2892 ποιῇ,
2999 2821 3105 2886 ἔξω
3137 2821 3236 2894 τὴν
3263 2821 3455 2892 ἑορτὴν
3483 2822 3662 2872 ἐπιτε-

1984 2905 2112 2960 λῶν.
2147 2909 2304 2969 Ποῖος
2329 2907 2511 2977 πατὴρ
2544 2909 2752 2978 ἥμερος
2791 2907 3060 2977 τοσαύτην
3101 2905 3167 2959 ἂν
3210 2906 3351 2974 ὑπὲρ
3380 2905 3487 2957 τῶν
3519 2904 3663 2974 ὑϐριο

1985 2995 2160 3047 κότων
2194 2997 2490 3066 ἐποιήσατο
2528 2996 2801 3066 σπουδήν;
2839 2995 2992 3048 Εἴπω
3022 3013 3074 3049 τι
3117 2997 3212 3048 καὶ
3234 2994 3423 3065 ἔτερον
3450 2991 3545 3046 τοῦ
3595 2993 3663 3044 δι-

1985 3082 2140 3135 καίου
2172 3083 2466 3153 ἐγκώμιον.
2499 3084 2682 3136 Ταῦτα
2724 3083 2831 3154 γὰρ
2877 3083 3105 3145 ἀνύσας,
3139 3083 3239 3136 οὐκ
3275 3082 3556 3143 ἔσπευσεν,
3588 3079 3664 3141 ὡς

1984 3169 2050 3223 ἂν
2083 3170 2135 3224 εἴ
2176 3189 2260 3233 τις
2309 3170 2498 3242 ἔτερος
2536 3171 2696 3241 δόξης
2731 3171 2871 3242 ἐρῶν
2899 3212 2914 3235 ,
2963 3171 3127 3234 αὐτὸς
3164 3170 3234 3224 τὰ
3263 3169 3569 3242 γράμματα
3596 3169 3673 3233 τὰ,

1983 3258 2178 3312 λύοντα
2202 3260 2302 3330 τὴν
2328 3262 2632 3331 κατήφειαν
2657 3263 2792 3331 ἡμῖν
2822 3260 3040 3329 ἐκείνην
3066 3259 3318 3329 κομίσαι·
3342 3258 3459 3312 ἀλλ’
3476 3256 3665 3327 ἐπειδὴ

1987 3348 2364 3420 σχολαιότερον
2394 3349 2661 3412 ἐϐάδιζεν,
2696 3348 2886 3418 ἕτερόν
2913 3365 3034 3401 τινα
3056 3347 3164 3399 τῶν
3196 3347 3396 3410 ἵππους
3419 3344 3664 3398 ἐλαύνειν

1985 3436 2200 3489 εἰδότων
2258 3436 2459 3505 ἠξίωσε
2521 3437 2837 3507 προλαϐεῖν,
2879 3437 2975 3490 καὶ
3021 3436 3250 3507 κομίσαι
3293 3437 3358 3506 τῇ
3409 3434 3563 3487 πόλει
3596 3437 3664 3488 τὰ

1983 3523 2298 3592 εὐαγγέλια.
2328 3523 2469 3576 ὥστε
2505 3525 2580 3595 μὴ
2621 3528 2687 3595 τῇ
2718 3524 2977 3595 μελλήσει
3006 3525 3105 3594 τῆς
3139 3523 3401 3577 ἐπανόδου
3422 3522 3521 3591 τῆς
3545 3525 3665 3576 ἐαυ-

1981 3613 2078 3665 τοῦ
2105 3614 2206 3684 τὴν
2256 3612 2498 3682 ἀθυμίαν
2544 3615 2898 3684 ἐπιταθῆναι.
2950 3616 3024 3668 Τὸ
3063 3615 3173 3685 γὰρ
3229 3614 3666 3684 σπουδαζόμενον

1984 3701 2132 3769 αὐτῷ
2168 3701 2328 3772 μόνον
2357 3697 2444 3773 ἦν,
2476 3702 2575 3772 οὐχ
2603 3703 2751 3766 ὅπως
2785 3703 2946 3767 αὐτὸς
2975 3702 3117 3756 ἔλθοι
3151 3703 3331 3774 φέρων
3363 3703 3430 3755 τά
3454 3703 3665 3774 χρηστά

1983 3789 2155 3842 ταῦτα
2189 3790 2284 3843 καὶ
2314 3790 2515 3860 πολλῆς
2541 3791 2734 3861 ήδονῆς
2761 3792 3023 3861 γέμοντα,
3054 3790 3170 3842 ἀλλ’
3204 3791 3354 3854 ὃπως
3380 3790 3592 3861 ταχέως
3630 3792 3662 3861 ἡ

1985 3879 2185 3949 πατρὶς
2215 3879 2345 3949 ἡμῖν
2370 3877 2779 3932 ἀναπνεύσειεν.

2057 3965 2234 4036 Ὅπερ
2261 3961 2352 4018 οὐν
2372 3965 2494 4018 τότε
2523 3967 2821 4037 ἐποιήσατε
2846 3967 3292 4035 στεφανώσαντες
3317 3967 3413 4039 τὴν
3436 3965 3664 4038 ἀγορὰν,

1985 4053 2077 4104 καὶ
2107 4051 2332 4122 λύχνους
2370 4051 2639 4120 ἅψαντες,
2684 4053 2778 4105 καὶ
2814 4053 3070 4117 στιϐάδας
3121 4054 3225 4124 πρὸ
3252 4055 3360 4107 τῶν
3395 4055 3665 4125 ἐργαστη-

1987 4140 2118 4210 ρίων
2157 4139 2461 4204 συνθέντες,
2498 4140 2590 4192 καὶ
2617 4139 2806 4211 ῶσπερ
2841 4142 2964 4212 ἄρτι
2995 4141 3095 4210 τῆς
3124 4141 3332 4204 πόλεως
3356 4141 3663 4211 τεχθείσης,

1984 4222 2126 4277 οὕτω
2153 4225 2620 4296 πανηγυρίσαντες
2649 4242 2661 4254 ο
2694 4225 2853 4277 τοῦτο
2882 4227 3084 4296 ἑτέρως
3108 4224 3195 4276 διὰ
3234 4225 3430 4287 παντὸς
3459 4229 3664 4278 ποιεῖτε

1983 4309 2078 4362 τοῦ
2105 4311 2320 4380 χρόνου,
2349 4310 2424 4381 μὴ
2449 4314 2560 4374 τοῖς
2593 4311 2835 4374 ἄνθεσιν,
2872 4312 2985 4365 ἀλλ’
3017 4314 3185 4383 ἀρετῇ
3214 4313 3664 4382 στεφανούμενοι,

1983 4397 2047 4450 τὸ
2071 4399 2186 4467 φῶς
2217 4399 2279 4451 τὸ
2303 4399 2412 4452 ἀπὸ
2444 4400 2548 4452 τῶν
2577 4400 2754 4469 ἔργων
2781 4401 3043 4463 ἆπτοντες
3064 4400 3204 4453 κατά
3235 4400 3334 4470 τὴν
3365 4401 3542 4473 ψυχὴν
3565 4402 3664 4474 τὴν

1984 4487 2278 4558 ὑμετέραν,
2311 4488 2650 4558 εὐφροσύνην
2677 4490 3097 4559 εὐφραινόμενοι
3138 4491 3540 4562 πνευματικήν,
3569 4492 3665 4546 καὶ

1984 4573 2064 4643 τῷ
2097 4574 2217 4645 Θεῴ
2245 4575 2507 4644 διηνεκῶς
2534 4574 2684 4647 [224]
2726 4577 2865 4646 ὐπέρ
2893 4575 3099 4629 τούτων
3144 4577 3400 4630 ἁπάντων
3443 4577 3664 4650 εὐχαρι-

1989 4661 2236 4725 στοῦντες
2278 4661 2352 4732 μὴ
2375 4662 2759 4733 διαλείπωμεν,
2787 4665 2908 4734 μηδ’
2929 4664 3010 4716 ὅτι
3037 4664 3196 4733 μόνον
3217 4665 3373 4718 ἔλυσε
3398 4665 3464 4720 τά
3489 4666 3661 4730 δεινά,

1985 4745 2099 4798 ἀλλ’
2121 4748 2203 4800 ὅτι
2225 4749 2316 4800 καὶ
2338 4747 2717 4818 συνεχώρησεν
2743 4747 2883 4800 αὐτά
2902 4747 3177 4816 γενέσθαι,
3210 4749 3304 4802 καὶ
3330 4750 3530 4821 πολλὴν
3562 4752 3665 4805 αὐ-

1986 4834 2062 4904 τῷ
2093 4834 2251 4904 χάριν
2283 4834 2666 4904 ὁμολογῶμεν·
2707 4836 2776 4889 δι’
2799 4836 3123 4908 ἀμφοτέρων
3147 4836 3255 4908 γὰρ
3277 4838 3410 4908 ημῖν
3441 4839 3538 4909 τὴν
3565 4839 3664 4892 πό-

1984 4922 2068 4974 λιν
2101 4923 2395 4992 ἐκόσμησε.
2428 4922 2613 4976 Ταῦτα
2645 4922 2703 4976 δὲ
2736 4924 2912 4977 πάντα
2947 4923 3087 4976 κατὰ
3122 4923 3182 4976 τὸ
3210 4926 3550 4997 προφητικὸν
3577 4927 3664 4980 λό-

1985 5023 2104 5074 γιον
2132 5006 2492 5075 ἀναγγείλατε
2522 5009 2634 5070 τοῖς
2661 5007 3071 5078 τέκνοις¹ὐμῶν,
3100 5009 3192 5060 καὶ
3217 5008 3285 5061 τὰ
3313 5009 3482 5062 τέκνα
3509 5009 3665 5079 ὐμῶν

1982 5098 2096 5158 τοῖς
2137 5095 2346 5158 τέκνοις
2398 5094 2602 5157 αὐτῶν,
2653 5097 2894 5148 κάκεῖνοι
2924 5095 3087 5147 πάλιν
3115 5097 3196 5159 είς
3224 5095 3418 5164 γενεάν
3447 5097 3662 5168 ἐτέραν,

1984 5183 2070 5237 ἵνα
2092 5185 2330 5247 άπαντες
2354 5187 2403 5237 οἱ
2443 5183 2604 5255 μέχρι
2632 5185 2731 5254 τῆς
2764 5184 3074 5248 συντελείας
3122 5185 3397 5256 γινόμενοι
3427 5186 3528 5257 τὴν
3568 5187 3665 5240 τοῦ

1983 5271 2119 5326 Θεοῦ
2147 5272 2558 5344 φιλανθρωπίαν
2602 5272 2700 5342 τήν
2728 5272 2823 5325 ἐπὶ
2847 5274 2912 5342 τῇ
2956 5272 3109 5325 πόλει
3145 5273 3524 5344 γεγενημένην
3560 5293 3665 5345 μα-

1984 5361 2187 5425 θόντες,
2223 5362 2569 5433 μακαρίζωσι
2620 5362 2717 5431 μὲν
2751 5362 2900 5432 ἡμᾶς
2937 5363 3065 5426 τοὺς
3115 5361 3386 5434 τοσαύτης
3422 5361 3664 5417 ἀπολαύ-

1985 5467 2187 5511 σαντας
2216 5451 2448 5512 εὐνοίας,
2478 5451 2800 5518 θαυμάζωσι
2830 5449 2887 5502 δέ
2921 5451 3079 5521 ἡμῶν
3130 5449 3223 5502 τὸν
3271 5449 3541 5522 δεσπότην
3569 5453 3662 5506 τὸν

1981 5539 2126 5592 οὕτω
2154 5539 2604 5591 καταπίπτουσαν
2623 5538 2722 5609 τὴν
2745 5539 2902 5592 πόλιν
2923 5540 3328 5609 ἀναστήσαντα,
3359 5539 3659 5610 κερδάνωσι

1982 5627 2040 5678 δέ
2077 5627 2170 5679 καὶ
2204 5623 2378 5689 αὐτοὶ,
2403 5622 2491 5677 διὰ
2517 5625 2734 5679 πάντων
2765 5626 2874 5679 τῶν
2903 5625 3287 5695 γεγενημένων
3331 5627 3470 5697 πρὸς
3502 5628 3661 5682 εὐλάς

1985 5715 2136 5767 ϐειαν
2165 5713 2583 5784 συνωθούμενοι.
2609 5715 2684 5767 Οὐ
2713 5713 2821 5785 γάρ
2849 5715 2915 5786 δὴ
2951 5713 3111 5784 μόνον
3132 5714 3300 5784 ἡμᾶς,
3346 5715 3394 5768 εί
3447 5733 3661 5787 μνημο-

1985 5803 2232 5873 νεύοιμεν
2257 5801 2437 5854 αὐτῶν
2465 5802 2750 5874 διηνεκῶς,
2778 5802 2914 5856 ἀλλά
2944 5804 3037 5855 καὶ
3066 5805 3192 5866 τοὺς
3234 5803 3354 5873 μεθ’
3380 5805 3530 5876 ἡμᾶς
3572 5823 3662 5875 γι-

1985 5890 2266 5960 νομένους,
2300 5891 2367 5944 τὰ
2419 5889 2650 5960 μέγιστα
2695 5890 2804 5942 τῶν
2851 5891 3174 5961 συμϐάντων
3195 5892 3327 5962 ἡμῖν
3377 5895 3410 5963 ή
3448 5894 3664 5965 ἱστορία

2053 6000 2076 6026 ε
2099 5995 2248 6045 Savil.
2289 6000 2340 6042 Pl
2358 5997 2553 6060 quidam
2579 6010 2693 6045 mss.
2734 5997 2849 6060 πρὸς
2868 5999 2953 6054 τήν
2975 5996 3076 6044 τοῦ.
3123 5994 3248 6044 Infra
3274 5995 3422 6047 iidem
3452 6001 3476 6048 ὁ
3495 6001 3657 6048 θεοσε-

1993 6059 2218 6112 ϐέστατος
2239 6058 2492 6118 βασιλεύς..
2541 6062 2619 6107 καὶ
2654 6067 2734 6117 τῆς
2757 6058 2938 6115 πόλεως
2961 6060 3140 6116 ἐξῆλθεν
3168 6062 3192 6107 ὸ
3218 6061 3377 6123 ἱερεύς.
