4046 6396
425 353 520 407 Ξέι
571 377 577 383 ’
1211 348 1267 401 S.
1308 345 1594 402 JOANNIS
1632 345 2113 402 CllliYSOSTOMI
2153 346 2472 402 ARCIIIEP.
2513 343 3060 401 CONSTANTINOP.
3757 335 3874 389 2'22.

420 469 700 540 ὠφελῆσαι
730 467 1037 539 δυνήσεται.
1069 457 1250 534 ’Λπερ
1270 459 1362 516 οὖν
1388 463 1601 516 ἅπαντα
1627 462 1987 532 λογιζόμενοι,
2024 462 2098 532 μὴ
2201 469 2332 536 ἡμῖν
2348 466 2622 536 οἰκονομεῖ
2645 463 2783 534 μετὰ
2803 460 2902 530 τῆς
2923 457 3073 527 αὐτῷ
3094 454 3407 527 πρεπούσης
3435 449 3850 540 φιλανθρωττέας·

425 538 678 629 μόνοννὲν
700 558 768 627 τῇ
797 538 950 608 λύσει
982 551 1090 606 τῶν
1110 551 1320 614 δεινῶν,
1346 551 1481 604 ἀλλὰ
1502 551 1596 603 καὶ
1631 553 1688 603 ὲν
1716 553 1782 620 τῇ
1811 552 2098 619 συγχωρή-
2199 551 2268 626 ἦς
2304 554 2512 622 γένοιτο
2539 549 2802 621 διηνεκῶς
2836 549 2983 619 ἡμᾶς
3014 542 3414 604 ἀπολαύοντας,
3450 544 3544 592 καὶ
3586 541 3685 607 τῆς
3718 538 3856 608 βασι-

426 663 510 698 σει
543 645 654 698 τῶν
685 624 874 698 δείνῶν
899 639 1310 711 εὐχαριστῶμεν
1338 638 1424 691 ἀεὶ
1457 636 1535 706 τῷ
1567 635 1935 706 φιλανθρώπῳ
1956 633 2098 704 Θεῷ,
2200 624 2348 705 λείας
2377 641 2485 696 τῶν
2516 637 2760 710 οὐρανῶν
2787 636 3086 704 ἐπιτυχεῖν,
3113 633 3172 686 ὲν
3200 628 3421 700 Χριστῷ
3447 626 3624 696 Ἰησοῦ
3654 624 3728 694 τῷ
3755 627 3858 678 Κυ-

425 733 533 786 ἀπό
559 751 619 786 τε
646 731 754 786 τῶν
778 729 937 784 θείων
959 709 1213 799 Γρὰφῶν,
1246 725 1355 779 ἀπό
1376 742 1435 778 τε
1472 723 1580 777 τῶν
1611 725 1741 793 ἡμῖν
1777 721 2098 792 συμϐάντων
2205 733 2305 804 ρίῳ
2328 731 2507 802 ἡμῶν,
2540 709 2645 799 ᾧίὴ
2675 727 2801 794 δόξα
2829 725 2924 778 καὶ
2944 723 3006 777 τὸ
3037 720 3240 793 κράτος
3273 719 3353 781 εις
3383 717 3510 780 τοὺς
3537 713 3735 777 αἰῶνας
3767 709 3862 762 τῶν

428 821 560 873 αὐτὸ
588 820 652 891 δὴ
686 818 844 873 τοῦτο
876 828 903 858 ι
934 815 1216 887 μαθόντες,
1251 813 1327 876 ὡς
1366 811 1580 865 ἅπαντα
1606 811 1694 864 ἀεὶ
1736 809 1871 880 πρὸς
1895 808 1955 862 τὸ
1983 807 2101 860 δέον
2206 818 2436 873 αἰώνων,
2477 816 2672 888 Ἀμήν.

495 910 519 936 ³
540 907 621 1018 8ὲο
640 908 789 957 Savil.
815 910 869 954 et
886 905 985 953 duo
1027 903 1128 962 alii,
1151 898 1338 950 rectius
1357 913 1502 962 quam
1535 895 1705 948 Montf.
1727 897 1884 946 αὐτῶν
1909 896 1967 954 δὴ
1985 893 2101 945 τού-

495 986 543 1018 ιν.
589 983 703 1018 ⁴υιτ.

429 986 543 1019 των.
569 983 703 1018 ιιυιτ.

936 1872 1017 1931 ΙΝ
1060 1867 1573 1934 CATECHESES
1610 1866 1929 1928 PRIMAM
1982 1866 2085 1925 ET
2130 1865 2566 1928 SECUNDAM
2597 1866 2706 1927 AD
2742 1867 3357 1930 ILLUMINANDOS

587 2304 742 2360 Hanc
778 2301 1092 2360 catechesin
1122 2315 1192 2356 ex
1234 2299 1397 2353 unico
1428 2297 1677 2353 Federici
1711 2295 1918 2351 Morelli
1941 2295 2129 2353 codice
2163 2311 2223 2352 se
2249 2304 2557 2352 mutuatum
2589 2311 2712 2353 esse
2741 2298 3068 2355 testiﬁcatur
3089 2296 3149 2352 in
3187 2294 3335 2354 notis
3372 2296 3515 2354 infra
3551 2297 3643 2355 Fr.
3674 2298 3785 2355 Du-

517 2432 684 2483 caeus,
720 2431 883 2485 quem
921 2413 1170 2468 codicem
1206 2408 1471 2466 hactenus
1497 2408 1741 2464 nancisci
1774 2423 1884 2462 non
1918 2406 2220 2477 potuimus.
2275 2407 2598 2463 Inscribitur
2643 2417 2825 2464 autem
2880 2411 3200 2482 Κατήχησις
3239 2410 3454 2484 πρώτη,
3491 2411 3784 2468 Catechesis

517 2537 718 2607 prima,
754 2532 848 2604 qui
883 2530 1078 2588 titulus
1110 2524 1277 2582 aliam
1313 2523 1398 2578 ve‘l
1432 2521 1571 2577 alias
1597 2520 1914 2577 catecheses
1950 2520 2092 2575 hanc
2122 2519 2521 2589 subsequentes
2557 2519 2781 2576 indicat.
2809 2518 3027 2576 Nullam
3057 2536 3223 2593 porro
3265 2522 3427 2576 aliam
3478 2524 3785 2579 catechesin

518 2658 574 2713 in
605 2650 986 2726 Chrysostomi
1020 2646 1282 2719 cperibus
1321 2639 1565 2707 invenio,
1596 2655 1718 2710 quae
1745 2639 1888 2694 hanc
1917 2638 2073 2708 sequi
2125 2638 2384 2708 potuerit,
2421 2638 2527 2693 nisi
2563 2638 2844 2693 homiliam
2877 2637 3198 2694 vicesimam
3244 2636 3478 2708 primam
3517 2635 3583 2689 ad
3611 2648 3786 2704 popu-

515 2770 630 2828 lum
665 2723 1072 2823 Antiochenum
1106 2803 1123 2829 ,
1155 2776 1279 2831 qua:
1314 2760 1443 2814 item
1473 2757 1815 2817 inscribitur.
1849 2756 2113 2827 Κατήχησ

2198 2753 2336 2827 πρὸς
2350 2755 2478 2819 τοὺς
2507 2723 2803 2826 μέλλοντας
2846 2756 3199 2828 φωτίζεσθαι,
3233 2755 3530 2811 Catechesis
3562 2754 3630 2810 ad
3665 2753 3787 2807 illu-

525 2888 841 2950 minandos;
879 2881 1068 2939 habita
1095 2892 1229 2936 vero
1257 2876 1360 2931 fuit
1391 2875 1539 2930 circa
1566 2873 1729 2928 ﬁnem
1763 2870 2210 2941 Quadragesimaa
2249 2871 2402 2934 anni,
2437 2881 2498 2926 ut
2531 2880 2728 2942 putant
2754 2873 2946 2944 aliqui,
2977 2872 3102 2929 588.
3134 2871 3252 2939 Qua
3284 2872 3351 2928 de
3382 2888 3440 2928 re
3469 2871 3630 2928 infra.
3666 2871 3787 2926 Haec

523 3013 719 3074 porro,
757 2996 827 3052 de
863 3009 974 3066 qua
1003 3005 1151 3047 nunc
1184 2991 1386 3060 agitur,
1421 2990 1609 3046 habita
1642 3004 1866 3061 quoque
1897 2988 2000 3044 fuit
2028 2988 2082 3043 in
2117 2987 2566 3061 Quadragesima,
2595 2991 2819 3062 triginta
2849 3007 3045 3063 nempe
3073 2992 3266 3048 diebus
3300 3001 3427 3047 ante
3455 2991 3698 3060 Pascha,
3728 3000 3788 3047 ut

517 3120 793 3178 indicatur
821 3134 974 3173 num.
1005 3118 1060 3173 4.
1090 3118 1151 3171 ln
1183 3118 1342 3189 cujus
1373 3131 1504 3171 vero
1535 3114 1665 3171 anni
1708 3113 2139 3186 Quadragesima
2169 3116 2520 3186 pronuntiata
2550 3114 2717 3172 fuerit
2749 3115 2862 3187 jam
2894 3116 3270 3187 querendum.
3297 3117 3458 3172 Certe
3489 3117 3538 3173 si
3568 3117 3785 3188 longum

520 3250 711 3295 contra
743 3238 962 3308 iurandi
1003 3239 1460 3295 consuetudinem
1503 3238 1802 3312 epilogum,
1834 3252 1945 3308 quo
1977 3236 2256 3292 clauditur
2303 3237 2506 3304 oratio,
2565 3236 2936 3301 attendamus,
2968 3236 3020 3291 in
3053 3234 3487 3307 Quadragesima
3519 3236 3648 3292 anni
3686 3234 3790 3290 587

520 3350 832 3407 cateehesin
868 3351 1010 3407 hanc
1038 3351 1441 3406 constituemus
1468 3365 1482 3404 :
1518 3363 1614 3419 per
1641 3356 1812 3402 totam
1845 3346 1989 3402 enim
2013 3345 2162 3401 illam
2189 3346 2678 3418 Quadragesimam
2712 3347 2970 3402 homilias
3007 3345 3120 3402 fere
3146 3362 3358 3409 omnes.
3400 3361 3539 3417 quas
3567 3360 3790 3400 numero

522 3469 588 3523 21
624 3469 918 3534 habemus,
954 3468 1278 3538 hujusmodi
1310 3477 1501 3523 contra
1527 3467 1839 3538 iuramenta
1867 3467 2344 3525 adhortationibus
2369 3468 2550 3524 claudi
2582 3469 2882 3532 cernimus,
2907 3469 2981 3522 ita
3018 3476 3080 3522 ut
3114 3468 3168 3522 in
3221 3467 3403 3537 aliqua
3431 3482 3618 3520 earum
3648 3465 3790 3520 circa

525 3583 686 3638 tinem
713 3582 1189 3652 Quadragesimae,
1218 3596 1283 3636 ex
1316 3581 1548 3638 curandi
1584 3579 1907 3637 assiduitate
1952 3595 2092 3650 pene
2123 3579 2412 3651 depulsum
2472 3581 2722 3635 morbum
2788 3595 2910 3635 esse
2976 3578 3300 3634 testiﬁcetur
3351 3578 3787 3650 Chrysostomus.

527 3697 717 3768 Itaque
748 3706 810 3753 ut
832 3712 955 3752 eam
989 3697 1046 3752 in
1075 3713 1283 3753 annum
1316 3695 1422 3752 387
1454 3696 1824 3763 conferamus,
1860 3705 1974 3752 tum
2011 3697 2128 3751 hate
2157 3697 2299 3752 ratio
2335 3696 2561 3760 suadet,
2593 3706 2708 3752 tum
2742 3698 2906 3752 etiam
2955 3698 3062 3752 alia
3095 3714 3164 3754 ex
3211 3698 3368 3754 titulo
3422 3697 3628 3768 petita:
3669 3710 3790 3750 nam

525 3816 823 3874 Catechesis
855 3819 1031 3890 prima
1065 3829 1434 3889 congruenter
1462 3819 1805 3889 inscribitur,
1852 3821 1900 3876 si
1940 3821 2104 3876 aliam
2134 3822 2292 3891 sequi
2345 3821 2660 3878 eatechesin
2723 3821 3244 3894 deprehendamus;
3299 3834 3422 3876 cum
3473 3829 3653 3875 autem
3703 3817 3792 3872 illa

523 3934 696 3990 altera
727 3935 1034 3994 catechesis
1067 3938 1153 3992 vel
1186 3938 1241 3993 in
1271 3939 1706 4012 Quadragesima
1739 3939 1870 3994 anui
1902 3939 2007 3994 587
2030 3980 2045 4004 ,
2082 3949 2141 3994 ut
2181 3956 2280 3995 nos
2320 3941 2665 4012 probabilius
2715 3941 3123 4005 existimamus,
3153 3937 3236 3994 vel
3276 3937 3331 3992 in
3384 3935 3632 4006 sequenti
3665 3931 3792 3988 anni

523 4049 656 4115 388,
685 4059 747 4106 ut
775 4047 1162 4109 Tillemontius
1222 4052 1505 4124 opinatur,
1544 4053 1862 4123 reponenda
1898 4052 1992 4116 sit,
2028 4052 2207 4124 prima
2260 4053 2315 4107 in
2349 4051 2839 4122 Quadragesimam
2888 4052 3020 4109 anni
3054 4050 3158 4106 587
3193 4046 3433 4104 conferri
3492 4060 3652 4116 posse
3703 4045 3786 4099 vi-

524 4166 704 4222 detur.

598 4321 708 4382 Sed
745 4322 802 4378 in
830 4325 974 4381 hanc
999 4327 1263 4397 temporis
1297 4337 1484 4382 notam
1513 4343 1625 4384 non
1659 4329 1969 4400 spernenda
1997 4329 2262 4399 quaedam
2286 4331 2479 4401 objicit
2508 4331 2928 4397 Tillemontius,
2968 4331 3060 4402 qui
3111 4332 3318 4387 mavult
3371 4331 3522 4386 illam
3565 4329 3620 4383 in
3649 4327 3790 4393 Qua-

527 4437 896 4510 dragesimam
928 4437 1058 4493 anni
1093 4438 1201 4494 ’588
1234 4439 1528 4510 conjicere.
1561 4439 1742 4510 Hujus
1770 4441 2124 4498 cateeheseos
2161 4442 2357 4498 habitae
2385 4443 2524 4507 dies,
2560 4443 2758 4514 inquit,
2796 4444 2842 4500 si
2871 4445 3095 4515 triginta
3135 4443 3254 4500 dies
3278 4459 3308 4499 a
3336 4442 3605 4500 Paschate
3649 4451 3789 4497 retro

527 4533 805 4618 numeres,
835 4550 891 4605 in
926 4550 1326 4607 hebdomadem
1357 4553 1572 4609 tertiam
1621 4561 1746 4623 post
1765 4551 1979 4609 Pascha
2013 4555 2242 4624 incidit;
2273 4556 2422 4626 atqui
2458 4571 2605 4610 anno
2645 4557 2752 4613 587
2789 4575 2887 4630 per
2913 4569 3083 4613 totam
3119 4558 3269 4613 illam
3314 4558 3705 4614 hebdomadem
3735 4569 3788 4610 se

528 4665 747 4723 siluisse
774 4673 829 4720 et
864 4679 895 4719 a
926 4664 1285 4721 concionibus
1320 4661 1653 4718 abstinuisse
1702 4661 2032 4718 testiﬁcatur
2062 4662 2496 4734 Chrysostomus
2525 4663 2682 4719 Ilom.
2719 4665 2790 4718 Xl
2823 4667 2890 4720 ad
2920 4669 3190 4739 populum
3216 4669 3642 4738 Antiochenum,
3671 4670 3787 4739 quia

533 4790 646 4837 tota
685 4778 904 4845 civitas,
939 4777 1010 4832 ob
1058 4777 1364 4847 proximam
1403 4792 1525 4847 quae
1580 4786 1802 4847 propter
1853 4792 2073 4832 eversas
2122 4784 2334 4832 statuas
2366 4778 2784 4849 exspectabatur
2842 4779 3130 4848 ultionem,
3171 4791 3409 4840 tremore
3469 4785 3790 4855 horroreque

529 4895 682 4971 [225]
727 4897 883 4967 plena
913 4904 1053 4961 erat,
1089 4910 1153 4951 ac
1186 4894 1389 4966 singuli
1421 4895 1544 4964 plus
1577 4895 1643 4950 de
1676 4894 1804 4965 fuga
1838 4895 2198 4965 capessenda,
2243 4910 2409 4965 quam
2442 4895 2511 4951 de
2544 4895 2814 4952 adeundis
2846 4897 3208 4954 concionibus
3233 4898 3569 4970 cogitabant.
3601 4899 3786 4955 Deinde

530 5015 577 5071 si
604 5015 659 5067 in
699 5018 852 5065 tanta
883 5008 1040 5065 urbis
1068 5007 1385 5064 calamitate
1410 5007 1838 5064 catechumenos
1865 5009 2140 5064 allocutus
2168 5017 2336 5072 esset,
2362 5023 2544 5064 annon
2577 5011 2859 5083 quidpiam
2887 5011 2955 5067 de
2985 5013 3078 5068 illa
3107 5012 3353 5068 omnium
3394 5013 3611 5070 animos
3639 5029 3788 5069 occu-

537 5131 703 5194 pantc
736 5119 1030 5175 formidine
1067 5121 1302 5190 carptim
1329 5122 1524 5179 saltem
1557 5125 1778 5181 locutus
1809 5124 1998 5180 esset?
2029 5123 2102 5180 Ut
2127 5141 2258 5181 vero
2291 5139 2611 5197 argumenta
2642 5130 2733 5185 illa
2759 5131 3016 5189 subtilius
3046 5134 3388 5189 excutiamus
3419 5153 3433 5189 :
3475 5137 3618 5206 quod
3649 5132 3787 5204 prius

537 5237 752 5307 objicit,
795 5236 1254 5309 Chrysostomum
1290 5253 1488 5308 nempe
1517 5251 1614 5307 per
1638 5246 1808 5292 totam
1850 5237 2246 5296 hebdomadem
2280 5241 2491 5296 tertiam
2526 5215 2969 5316 Quadragesima:
3015 5245 3274 5313 tacuisse,
3306 5255 3367 5300 ut
3397 5247 3516 5318 ipse
3551 5246 3786 5303 testiﬁca-

533 5357 622 5403 tur
653 5348 812 5411 initio
843 5348 1085 5404 homilia:
1124 5349 1426 5406 undecimae
1455 5350 1522 5404 ad
1557 5349 1822 5420 populum
1851 5349 2276 5416 Antiochenum,
2309 5361 2476 5424 atque
2512 5352 2650 5409 adeo
2689 5369 2796 5409 non
2827 5358 3077 5427 potuisse
3125 5361 3217 5416 illa
3253 5362 3596 5418 hebdomade
3657 5361 3791 5414 hanc

534 5472 843 5526 catechesin
879 5471 1122 5539 habere;
1160 5471 1236 5536 id,
1278 5470 1524 5540 inquam,
1561 5467 1649 5522 vel
1682 5467 1852 5537 ipsius
1883 5468 2219 5524 Tillemontii
2248 5469 2459 5540 judicio
2493 5470 2702 5526 nullum
2731 5481 2817 5528 est
2854 5490 2869 5527 :
2917 5489 3044 5528 nam
3087 5474 3164 5529 ait
3202 5473 3424 5544 quidem
3476 5473 3788 5543 Chrysosto-

535 5603 680 5650 mus,
709 5589 807 5642 Διὰ
849 5589 1006 5644 τοῦτο
1055 5592 1150 5645 καὶ
1194 5590 1357 5660 ἡμεῖς
1402 5586 1500 5649 τὰς
1548 5586 1860 5656 ἔμπροσθεν
1898 5586 2103 5651 ταύτας

2189 5589 2478 5660 ςιγήσαμεν
2519 5589 2757 5662 ἡμέρας,
2808 5588 2938 5645 Ideo
2969 5605 3063 5645 nos
3110 5590 3190 5643 his
3218 5588 3576 5659 superioribus
3620 5583 3787 5637 diebus

541 5699 845 5765 tacuimus;
883 5704 974 5759 sed
1005 5721 1112 5759 non
1149 5705 1284 5760 dicit
1309 5721 1367 5760 se
1395 5719 1492 5776 per
1531 5704 1926 5758 hcbdomadem
1961 5707 2231 5776 integram
2278 5705 2496 5764 siluisse
2523 5749 2537 5774 ,
2572 5719 2735 5780 atque
2786 5711 2907 5780 ipso
2957 5708 3161 5765 fatente
3214 5706 3559 5762 Tillemontio
3609 5719 3656 5774 ρ.
3695 5699 3780 5762 71.

541 5813 718 5878 potuit
751 5815 889 5870 hanc
912 5819 1231 5874 concionem
1265 5821 1334 5876 XI
1363 5824 1562 5878 habere
1597 5823 1700 5879 sub
1735 5822 1896 5878 ﬁnem
1962 5824 2320 5881 hebdomadis
2364 5829 2556 5894 tertiae,
2598 5830 2680 5886 vel
2746 5831 2902 5886 initio
2936 5845 3164 5900 quartae.
3219 5828 3490 5883 Ponamus
3540 5822 3779 5878 habuisse
