4046 6396
271 375 361 428 22!
1099 368 1186 423 AD
1219 361 1732 423 ILLUMINANDOS
1757 363 2182 424 CATECIIESIS
2209 369 2251 424 l.
2275 366 2355 409 '——
2388 368 2717 426 MONITUM.
3459 391 3562 445 ειη

270 490 397 556 ρυιυ
418 489 598 545 omnia
625 492 1027 566 ratiocinantes,
1056 508 1163 549 non
1191 503 1396 550 tantum
1415 498 1466 549 in
1488 495 1731 565 gravium
1767 509 1857 549 so-
1971 497 2300 568 benignitate
2334 499 2434 554 sibi
2460 514 2673 570 semper
2699 500 3040 557 convenienti
3072 518 3085 555 :
3118 516 3219 572 qua
3239 516 3337 556 nos
3354 516 3560 573 semper

270 584 490 649 lutione,
525 600 710 640 verum
736 596 791 642 et
816 587 867 641 in
894 586 1086 642 horum
1118 588 1479 657 permissionc
1508 604 1723 657 semper
1747 589 1859 643 cle-
1970 589 2228 657 fruentes,
2257 591 2511 646 cmlorum
2538 608 2752 664 quoque
2770 608 2994 664 regnum
3023 596 3236 665 assequi
3260 595 3555 663 contingat,

269 676 604 731 mentissimo
632 678 743 733 Deo
772 678 971 750 gratias
998 696 1240 750 agamus,
1274 689 1386 735 tum
1409 697 1476 736 ex
1504 680 1700 736 divinis
1720 682 1865 736 Scri-
1970 684 2022 739 in
2041 683 2255 740 Christo
2271 683 2397 740 Jesu
2426 684 2653 742 Domino
2672 696 2880 753 nostro,
2912 686 3181 759 cuigloria
3201 698 3255 743 et
3278 687 3561 759 imperium”

269 768 457 834 pluris,
484 778 593 822 tum
616 785 683 824 ex
709 770 795 837 iis,
820 786 939 841 quae
960 773 1116 828 nobis
1148 774 1473 839 acciderunt,
1515 774 1693 829 edocti
1741 790 1863 830 eum
1970 780 2026 834 in
2056 779 2249 834 saecula
2279 778 2622 835 saeculorum.
2642 780 2833 835 Amen.

275 861 456 915 omnia
484 876 706 935 semper
733 862 798 919 ad
822 864 1103 920 utilitatem
1146 876 1383 923 nostram
1414 867 1728 938 dispensare
1745 882 1863 922 cum

1697 1893 2097 1957 MONITUM.

283 2327 423 2384 feria
453 2333 604 2381 sexta
635 2324 807 2380 tertiae
835 2323 1233 2392 hebdomadis;
1264 2339 1390 2381 cum
1418 2324 1473 2380 in
1501 2323 1791 2380 sabbatum
1822 2336 2061 2395 sequens
2095 2320 2340 2393 ejusdem
2371 2317 2731 2376 hebdomadis
2759 2315 2920 2373 cadat
2942 2316 3222 2387 trigesima
3258 2318 3375 2375 dics
3411 2335 3547 2380 ante

280 2441 510 2508 Pascha,
540 2440 645 2495 hac
671 2438 758 2494 die
787 2436 1101 2494 catechesin
1138 2436 1411 2503 habuerit,
1442 2437 1691 2506 nihilque
1722 2444 1839 2491 tum
1873 2435 2110 2492 ollicient
2142 2435 2310 2492 verba
2340 2434 2431 2490 illa
2456 2433 2698 2489 homiliae
2726 2432 2798 2487 XI
2829 2433 2916 2489 die
2951 2434 3277 2503 praecedenti
3317 2435 3533 2501 habitat,

282 2556 385 2610 llis
420 2552 778 2625 superioribus
811 2552 995 2607 diebus
1024 2553 1307 2609 tocuimus.
1342 2551 1573 2607 Etiamsi
1604 2566 1733 2606 vero
1771 2566 2041 2621 ponamus
2064 2551 2315 2607 habitam
2348 2550 2517 2606 fuisse
2562 2549 2839 2603 homiliam
2872 2549 3214 2604 undecimam
3247 2548 3333 2605 die
3373 2549 3542 2604 Luna:

281 2668 369 2722 vel
402 2666 536 2721 feria
563 2663 805 2720 secunda
834 2663 1192 2720 hebdomadis
1220 2673 1467 2735 quartae:
1501 2678 1629 2719 cum
1672 2663 1815 2718 hanc
1845 2662 2160 2718 catechesin
2216 2661 2285 2716 ad
2337 2661 2486 2717 solos
2514 2660 2743 2731 juvenes
2804 2660 3252 2728 catechumenos,
3310 2664 3539 2719 seclusis

284 2780 545 2836 omnibus
570 2780 713 2845 aliis,
746 2776 1023 2843 habuerit,
1053 2774 1199 2846 quod
1234 2775 1420 2844 utique
1449 2773 1792 2843 exploratum
1822 2780 1929 2839 est,
1959 2779 2107 2828 recte
2134 2771 2319 2827 dicere
2348 2771 2543 2842 potuit,
2577 2769 2709 2826 feria
2736 2771 2976 2827 secunda
3016 2773 3355 2842 insequenti,
3408 2774 3537 2830 dum

277 2912 460 2957 totum
486 2900 677 2971 populi
702 2906 907 2955 coetum
939 2895 1336 2967 alloqueretur,
1376 2911 1435 2953 se
1463 2895 1701 2963 siluisse,
1734 2895 1831 2967 qui
1854 2895 2175 2951 concionem
2204 2895 2271 2951 ad
2303 2910 2400 2952 eos
2436 2894 2643 2951 nullam
2678 2894 3056 2966 superioribus
3086 2896 3278 2952 diebus
3328 2896 3539 2952 habue-

277 3026 366 3073 rat
390 3036 405 3073 :
433 3033 561 3073 nam
592 3016 870 3072 silentium
905 3010 1038 3069 illud
1064 3023 1160 3065 eos
1185 3008 1334 3063 solos
1364 3008 1606 3079 respicit,
1638 3022 1778 3079 quos
1811 3016 1926 3062 tum
1957 3005 2276 3076 alloquitur.

358 3204 469 3261 Sed
508 3204 606 3275 qui
636 3202 752 3260 fieri
784 3210 985 3274 potest,
1017 3203 1195 3276 pergit
1222 3201 1629 3266 Tillemontius,
1667 3208 1727 3256 ut
1755 3206 1902 3256 tanta
1933 3201 2172 3257 instante
2202 3201 2515 3268 formidine,
2547 3217 2673 3258 cum
2708 3204 2898 3275 ingens
2929 3203 3216 3261 calamitas
3252 3215 3540 3276 exspecta-

274 3327 447 3383 retur,
480 3333 549 3373 ue
590 3317 817 3373 verbum
850 3315 1077 3388 quidem
1106 3316 1175 3371 de
1202 3315 1294 3371 illa
1332 3315 1383 3369 in
1413 3313 1516 3370 hac
1545 3314 1819 3370 catechesi
1852 3312 2065 3370 faciat?
2096 3314 2296 3370 Fateor
2332 3315 2463 3372 hinc
2487 3316 2620 3371 mihi
2647 3316 2928 3388 quidpiam
2951 3317 3196 3386 scrupuli
3230 3317 3385 3386 oriri,
3428 3334 3539 3374 non

277 3437 409 3493 tanti
452 3446 663 3504 tamen,
698 3446 761 3492 ut
784 3452 873 3493 me
909 3452 941 3491 a
971 3431 1239 3491 sententia
1266 3429 1561 3486 dimoveat.
1595 3426 1732 3483 Nam
1770 3442 1894 3499 quae
1925 3426 1993 3481 ad
2025 3426 2392 3483 calamitatem
2429 3427 2578 3482 illam
2614 3426 2696 3481 vel
2726 3427 3125 3495 imminentem,
3153 3428 3239 3482 vel
3272 3431 3536 3501 aliquate-

284 3565 390 3605 nus
422 3549 668 3605 sedatam
710 3550 1055 3621 spectabant,
1086 3548 1143 3603 in
1177 3554 1323 3602 coetu
1351 3545 1574 3616 quidem
1607 3552 1661 3600 et
1684 3544 1741 3599 in
1767 3543 2129 3599 concionihus
2160 3544 2427 3613 publicis,
2456 3541 2772 3615 παθητικῶς
2829 3542 3137 3602 describere
3189 3549 3396 3604 solebat
3436 3568 3449 3605 :
3484 3553 3541 3605 in

277 3665 553 3722 catechesi
578 3679 709 3720 vero
738 3664 805 3720 ad
831 3664 982 3721 solos
1006 3664 1260 3736 juvenes,
1291 3662 1387 3734 qui
1428 3662 1483 3717 in
1510 3661 1775 3718 Paschate
1802 3660 2152 3717 illuminandt
2185 3668 2362 3724 erant,
2400 3658 2605 3725 habita,
2671 3673 2799 3714 cum
2850 3658 2915 3714 de
2949 3660 3057 3716 illis
3089 3660 3157 3717 ad
3205 3662 3537 3733 baptismum

275 3781 657 3851 accipiendum
692 3782 1038 3841 instituendis
1074 3791 1288 3840 tantum
1333 3792 1607 3856 ageretur,
1633 3782 1813 3853 potuit
1842 3781 2269 3853 Chrysostomus
2300 3794 2331 3834 a
2381 3778 2732 3849 deploraudis
2770 3778 3088 3851 huiusmodi
3137 3781 3538 3841 calamitatibus

279 3896 577 3966 abstinere,
612 3914 815 3971 easque
843 3900 911 3956 ad
933 3902 1228 3974 pepulares
1260 3901 1514 3958 homilias
1543 3912 1843 3958 reservare.

343 4101 521 4158 Aliam
556 4100 686 4157 huic
716 4099 1103 4172 subjungimus
1138 4102 1469 4166 catechesin,
1498 4113 1619 4171 quae
1649 4101 1915 4158 hactenus
1949 4102 2090 4155 inter
2120 4098 2377 4156 bomilias
2411 4100 2485 4157 ad
2514 4099 2779 4172 populum
2810 4100 3211 4158 Antiochenam
3244 4112 3301 4160 et
3328 4104 3395 4159 de
3425 4113 3539 4161 star

279 4222 390 4275 tuis
424 4219 681 4275 vicesima
707 4218 885 4289 prima
915 4218 1178 4274 collocata
1207 4219 1408 4274 fuerat.
1437 4216 1796 4273 Pronuntiata
1821 4224 2002 4271 autem
2036 4212 2165 4279 fuit,
2198 4223 2257 4269 ut
2288 4212 2368 4270 ait
2401 4213 2559 4270 initio
2607 4213 3059 4285 Chrysostomus,
3120 4213 3310 4268 decem
3343 4213 3536 4271 diebus

282 4350 405 4411 post
437 4340 601 4395 aliam
634 4335 966 4401 catechesin,
999 4349 1163 4405 quam
1192 4334 1247 4388 in
1275 4334 1465 4389 eadem
1501 4333 1621 4403 ipsa
1647 4330 2077 4404 Quadragesima
2109 4330 2403 4386 habuerat.
2432 4326 2549 4385 Etsi
2595 4344 2724 4385 vero
2760 4346 2868 4387 non
2912 4333 3087 4387 ausim
3128 4334 3400 4390 allii-mare
3444 4352 3539 4392 ca-

270 4450 527 4507 techesin
556 4449 728 4513 illam,
761 4461 886 4517 quae
920 4444 978 4499 in
1007 4445 1109 4500 hac
1136 4446 1295 4516 quasi
1325 4446 1512 4500 decem
1551 4453 1679 4500 ante
1702 4444 1896 4499 diebus
1926 4444 2112 4500 habita
2143 4451 2501 4509 memoratur,
2534 4458 2655 4498 eam
2695 4459 2855 4511 esse,
2890 4463 3054 4507 quam
3097 4450 3333 4519 primam
3380 4454 3547 4522 poni-—

276 4586 425 4638 mus,
455 4568 591 4624 nihil
628 4576 805 4621 tamen
839 4571 1107 4635 repugnat
1134 4563 1380 4617 eamdem
1408 4562 1585 4632 ipsam
1609 4576 1770 4618 esse:
1820 4560 2095 4632 siquidem
2127 4560 2245 4616 haec
2300 4560 2528 4631 perinde
2577 4569 2741 4631 atque
2792 4561 2884 4617 illa
2923 4564 3087 4634 paulo
3131 4575 3256 4637 post
3312 4583 3535 4626 eversas

268 4698 486 4747 statuas
513 4686 698 4741 habita
727 4683 898 4739 fuisse
925 4681 1161 4747 videtur,
1199 4692 1260 4738 ut
1297 4696 1367 4737 ex
1410 4680 1479 4736 iis
1508 4696 1633 4752 qua:
1682 4681 1750 4737 de
1789 4681 1882 4737 illa
1913 4682 2032 4753 ipsa
2088 4692 2395 4739 statuarum
2459 4684 2744 4740 eversione
2796 4685 3078 4757 dicuntur,
3128 4691 3283 4761 argui
3333 4700 3549 4761 potest...

262 4810 428 4878 Quod
454 4817 636 4864 autem
688 4806 757 4861 de
789 4803 1121 4876 juramentis
1158 4802 1293 4856 nihil
1333 4802 1552 4869 habeat,
1597 4810 1793 4857 contra
1839 4817 2004 4873 quam
2052 4802 2107 4857 in
2139 4804 2398 4860 omnibus
2435 4819 2534 4875 per
2581 4805 2731 4860 illam
2787 4805 3278 4883 Quadragesimam
3330 4815 3539 4870 habitis

268 4927 638 4987 concionibus
665 4929 1008 4991 observatur,
1040 4926 1131 4981 ubi
1164 4940 1379 4995 semper
1419 4925 1486 4980 de
1531 4924 1852 4995 juramento
1883 4923 2111 4979 vitando
2164 4925 2310 4980 circa
2366 4924 2529 4981 ﬁnem
2581 4926 2803 4996 agitur;
2858 4931 2933 4995 id,
2990 4929 3234 5001 inquam,
3284 4933 3536 4988 nonnihil

264 5044 522 5114 scrupuli
555 5058 776 5098 movere
807 5045 1020 5114 possit;
1050 5047 1165 5113 sed,
1210 5056 1269 5102 ut
1293 5062 1454 5102 nemo
1484 5061 1594 5101 non
1623 5046 1790 5111 videt,
1822 5060 1935 5101 non
1968 5045 2090 5101 talis
2120 5046 2413 5116 scrupulus
2440 5057 2543 5113 est,
2605 5047 2702 5118 qui
2744 5047 2894 5104 solus
2924 5047 2979 5103 in
3036 5047 3323 5104 adversam
3352 5052 3549 5106 trahat

257 5160 617 5214 sententiam.
650 5158 785 5217 Utut
812 5178 939 5218 vero
966 5164 1056 5230 sit,
1091 5166 1231 5220 hanc
1258 5166 1570 5221 catechesin
1612 5165 1912 5221 secundam
1947 5165 2328 5234 inscribimus,
2355 5167 2483 5240 quia
2520 5177 2646 5239 post
2670 5167 2843 5231 illam,
2886 5182 3053 5238 quam
3100 5170 3339 5241 priorem
3372 5170 3533 5239 poni-

256 5292 410 5343 mus,
449 5277 651 5331 dictam
678 5277 850 5336 fuisse
878 5281 1231 5341 arbitramur.
1264 5284 1416 5340 Hane
1468 5301 1631 5355 porro
1658 5287 1954 5342 secundam
2003 5287 2312 5344 catechesin
2378 5304 2487 5345 non
2537 5304 2660 5345 esse
2714 5286 2865 5343 illam
2918 5302 3037 5359 quae
3087 5295 3424 5342 memoratur
3476 5286 3533 5341 in

254 5394 504 5450 Homilia
546 5394 626 5452 De
647 5399 861 5454 diabolo
896 5410 1178 5470 tentalore,
1206 5406 1261 5458 in
1289 5404 1539 5475 sequenti
1573 5404 1780 5460 Monito
1809 5406 2133 5477 probamus.
3278 5376 3283 5381 ε

333 5593 538 5651 Primae
571 5598 925 5655 eatecheseos
960 5599 1463 5673 interpretationem
1495 5602 1746 5661 Latinam
1788 5605 2083 5676 anonymi,
2117 5619 2239 5675 quae
2271 5605 2325 5659 in
2358 5602 2519 5660 editis
2550 5602 3054 5672 ferebatur,utpote
3089 5599 3399 5655 intricatam
3427 5602 3534 5653 mi-

258 5729 481 5779 nusque
513 5724 771 5771 accurate
802 5715 1210 5788 concinnatam,
1247 5720 1558 5792 rejecimus,
1601 5736 1910 5793 novamque
1934 5720 2270 5793 paravimus.
2303 5718 2819 5790 lutcrpretationcm
2852 5735 2983 5777 vero
3004 5718 3257 5779 secunda:
3285 5715 3539 5775 catechev

257 5843 385 5883 sees
421 5830 681 5885 Bernardi
721 5830 993 5899 Brixiani,
1023 5833 1234 5902 aliquot
1263 5832 1318 5889 in
1350 5834 1489 5891 locis
1526 5835 1894 5902 emendatam,
1929 5853 1958 5893 e
1987 5835 2209 5907 regione
2242 5834 2553 5892 Graecorum
2590 5835 2871 5907 ponimus.
