4046 6396
1161 343 1216 400 S.
1247 344 1527 402 JOANNIS
1555 344 2027 400 CHRYSOSTOMI
2058 342 2373 399 ARCHIEP.
2405 343 2940 402 CONSTANTINOP.

3646 347 3751 401 2H

449 644 3737 670 Ἤ

1261 964 1463 1074 (ΖΑ
1476 963 1685 1074 ΤΕ
1698 966 2249 1077 CHESIS
2315 963 2863 1071 PRIMA

463 1292 545 1338 ΑΙ)
586 1291 1084 1350 ιιιυυιΝΑῐωοε,
1116 1295 1196 1336 ΕΤ
1239 1296 1362 1339 CUB
1407 1297 1745 1340 LAVACRUM
1802 1298 2051 1341 REGENE

2149 1296 2376 1348 I‘IONIS,
2424 1294 2545 1335 NON
2596 1292 2811 1337 AUTEM
2885 1288 3280 1334 BEMISSIONIS
3331 1288 3745 1332 PECCATORUI

538 1393 816 1441 υισΑτυιι
864 1396 878 1435 2

537 1496 741 1539 RECTB
784 1496 1090 1541 ιυιιιζυυε.

526 1940 578 1993 1.
619 1938 787 2005 Quam
817 1937 1186 1994 desiderabilis
1215 1935 1567 2004 amabilisque
1598 1934 1753 1989 nobis
1776 1942 1859 1988 est
1888 1932 2042 2002 juve-

452 2045 581 2086 num
608 2030 829 2085 fratrum
857 2029 1086 2085 chorus!
1117 2045 1211 2084 vos
1238 2030 1378 2084 enim
1421 2028 1612 2082 fratres
1641 2027 1722 2080 vel
1771 2035 1893 2080 ante
1924 2041 2046 2095 par-

451 2129 563 2177 tum
592 2137 747 2186 voco,
779 2136 1073 2190 eorumque
1096 2121 1186 2190 qui
1218 2119 1454 2173 nondum
1488 2119 1595 2172 uati
1622 2127 1745 2172 sunt
1770 2116 2044 2187 cognatio-

451 2230 574 2270 nem
600 2215 913 2283 amplector.
936 2212 1067 2268 Novi
1094 2214 1311 2284 quippe,
1343 2213 1594 2282 clareque
1619 2211 1762 2276 novi,
1794 2211 1844 2265 in
1866 2226 2038 2279 quan-

452 2317 564 2361 tum
623 2307 918 2373 honorem,
974 2308 1026 2361 in
1075 2317 1330 2377 quantum
1376 2304 1729 2375 principatum
1783 2302 2043 2358 evehendt

450 2400 587 2453 sitis.
612 2398 719 2453 Eos
750 2408 948 2465 autem,
973 2399 1060 2467 qui
1106 2397 1455 2468 principatum
1484 2396 1753 2465 accepturi
1781 2404 1925 2461 sunt,
1960 2394 2043 2448 vel

449 2498 733 2558 antequam
763 2490 1044 2559 accipiant,
1094 2490 1267 2545 solent
1306 2504 1493 2543 omnes
1537 2489 1823 2555 honorare,
1852 2497 1908 2541 ut
1940 2486 2043 2540 hu-

449 2580 679 2651 jusmodi
704 2580 960 2651 obsequio
990 2595 1175 2636 eorum
1209 2580 1307 2635 sibi
1338 2579 1760 2635 benevolentiam
1804 2578 1867 2633 ad
1899 2577 2042 2633 futu-

451 2687 569 2726 rum
622 2671 959 2727 commodum
1010 2680 1244 2741 captent.
1302 2671 1413 2727 Hoc
1459 2682 1513 2726 et
1560 2687 1659 2741 ego
1710 2672 1885 2737 facio;
1936 2687 2041 2726 non

449 2762 622 2817 solum
652 2762 794 2817 enim
823 2762 890 2817 ad
935 2764 1311 2835 principatum,
1360 2763 1455 2818 sed
1497 2764 1564 2817 ad
1605 2764 1775 2834 ipsum
1821 2779 2041 2834 regnum

451 2854 799 2923 promovendi
835 2855 999 2920 estis;
1034 2859 1142 2909 imo
1180 2869 1285 2913 uon
1327 2853 1393 2911 ad
1439 2870 1661 2925 regnum
1706 2854 2039 2924 simpliciter,

449 2948 544 3003 sed
570 2947 634 3002 ad
666 2963 885 3018 regnum
917 2948 1189 3003 caelorum.
1218 2948 1573 3014 Quamobrem
1611 2963 1707 3001 oro
1732 2955 1892 3017 atque
1916 2962 2043 3020 sup-

451 3042 614 3111 plico,
669 3051 726 3096 ut
778 3057 901 3097 cum
951 3042 1017 3097 ad
1073 3058 1294 3113 regnum
1342 3042 1470 3097 illud
1524 3043 1894 3111 perveneritis,
1937 3045 2039 3098 mei

449 3134 891 3188 rcmiuiscamini.
916 3134 1174 3209 Quodque
1195 3134 1393 3207 Joseph
1419 3136 1792 3206 pincernarum
1816 3137 2039 3206 principi

448 3224 676 3289 dicebat,
723 3223 975 3278 Memento
1006 3226 1102 3278 mei
1141 3242 1255 3278 cum
1303 3224 1423 3278 bene
1462 3225 1551 3278 tibi
1581 3226 1732 3293 fuerit
1763 3224 1914 3299 (Gen.
1946 3226 2036 3291 40,

448 3318 563 3389 14),
596 3316 647 3370 id
691 3326 744 3371 et
788 3332 927 3371 nunc
955 3317 1076 3372 dico
1104 3317 1256 3372 vobis
1285 3336 1298 3372 :
1326 3317 1594 3372 Memento
1624 3318 1726 3373 mei
1750 3333 1869 3372 cum
1904 3318 2039 3373 bene

448 3408 597 3463 vobis
626 3406 800 3463 fuerit.
828 3406 946 3463 Non
977 3409 1114 3463 hanc
1150 3417 1209 3463 ut
1244 3409 1333 3463 ille
1356 3410 1686 3464 somniorum
1716 3408 2038 3479 interpreta.

448 3500 604 3555 tionis
626 3500 929 3556 mercedem
962 3500 1172 3571 postulo
1196 3518 1209 3555 :
1239 3516 1345 3556 non
1368 3502 1511 3555 enim
1538 3502 1688 3557 vobis
1708 3503 2037 3557 somniorum

449 3592 715 3661 interpres
744 3592 968 3659 accessi,
1000 3592 1096 3648 sed
1125 3592 1357 3648 caalestia
1388 3602 1720 3657 narraturus,
1752 3594 2037 3648 annuntia-

448 3693 706 3753 turusque
744 3684 881 3739 bona
922 3684 1034 3750 illa,
1068 3684 1196 3751 Qua:
1236 3701 1326 3738 nec
1366 3685 1544 3738 oculus
1585 3684 1729 3751 vidit,
1775 3702 1866 3739 nec
1900 3686 2040 3740 auris

447 3775 659 3841 audiuit,
691 3791 781 3829 nec
801 3776 854 3829 in
880 3791 968 3829 tor
992 3776 1208 3831 hominis
1230 3776 1566 3829 ascenderunt
1603 3776 1680 3846 (1.
1711 3773 1829 3831 Cor.
1858 3775 1914 3831 ‘2.
1938 3775 1992 3847 9)
2022 3794 2035 3830 :

448 3866 573 3922 talia
615 3876 740 3921 sunt
786 3882 869 3934 ea,
906 3868 1035 3934 Quae
1076 3869 1382 3938 preparavit
1420 3866 1560 3922 Deus
1601 3868 1925 3939 diligentibus
1964 3884 2035 3922 se.

446 3958 648 4031 Joseph
676 3959 887 4029 quidem
917 3962 1187 4029 pincerua:
1216 3959 1295 4014 illi
1321 3959 1553 4024 dicebat,
1584 3958 1764 4013 Adhuc
1790 3960 2034 4026 triduum,

444 4060 493 4103 et
516 4052 740 4105 restituet
803 4060 853 4105 te
904 4050 1114 4106 Pharao
1169 4051 1223 4111 in
1281 4051 1623 4120 principatum
1686 4051 2039 4122 pincernarum

444 4139 596 4211 (Gen.
637 4142 730 4198 40.
762 4142 847 4197 12.
880 4142 973 4214 15)
1008 4161 1022 4197 :
1056 4158 1157 4215 ego
1196 4158 1325 4198 vero
1372 4159 1479 4198 non
1521 4144 1659 4206 dico,
1707 4144 1893 4198 Adhuc
1937 4145 2037 4197 tri-

443 4232 631 4298 duum,
678 4242 733 4288 et
760 4233 1030 4304 pincernaa
1058 4236 1265 4306 tyranni
1295 4236 1734 4302 constituemini;
1780 4237 1897 4303 sed,
1925 4236 2037 4291 Ad-

443 4321 549 4378 huc
575 4323 786 4394 triginta
815 4322 955 4388 dies,
988 4332 1043 4379 et
1087 4325 1331 4380 restituet
1368 4340 1485 4393 vos,
1527 4340 1633 4381 non
1662 4326 1891 4394 Pharao,
1941 4326 2037 4382 sed

441 4415 694 4471 cmlorum
739 4416 854 4472 Rex
901 4416 955 4472 in
1003 4432 1292 4486 supernam
1345 4419 1593 4487 patriam,
1639 4420 1691 4474 in
1738 4420 2037 4476 Jerusalem

444 4506 590 4561 illam
635 4508 879 4571 liberam,
925 4509 977 4562 in
1019 4509 1288 4571 civitatem
1328 4510 1620 4566 cmlestem.
1667 4510 1761 4573 Ille
1803 4512 2033 4581 dicebat,

445 4595 606 4651 Dabis
653 4598 860 4652 calicem
896 4598 951 4652 in
997 4615 1178 4653 manus
1210 4598 1498 4655 Pharaonis
1523 4599 1742 4674 (Ibid.);
1770 4617 1870 4673 ego
1909 4619 2037 4660 vero

443 4704 549 4745 non
580 4688 700 4744 dico
729 4708 743 4745 :
776 4690 977 4745 Dabitis
1002 4691 1225 4746 calicem
1251 4692 1305 4746 in
1351 4708 1539 4748 manus
1570 4694 1743 4763 regis;
1774 4695 1889 4761 sed,
1920 4696 2037 4766 Ipse

443 4778 559 4834 Rex
590 4780 642 4834 in
664 4794 879 4835 manum
901 4781 1054 4835 vobis
1078 4783 1251 4837 tradet
1270 4784 1488 4839 calicem
1514 4786 1663 4840 illum
1689 4786 2034 4853 horrendum,

443 4872 609 4933 multa
636 4872 851 4943 plenum
882 4873 1079 4929 virtute
1120 4884 1282 4944 atque
1312 4886 1534 4947 utraque
1562 4887 1804 4935 creatura
1836 4882 2037 4949 pretio-

442 4967 663 5021 siorem.
705 4965 894 5022 Sciunt
919 4966 1111 5022 initiati
1138 4968 1322 5023 calicis
1350 4969 1506 5039 hujus
1539 4972 1807 5035 virtutem,
1837 4988 2038 5041 vosque

445 5059 608 5127 paulo
660 5066 780 5128 post
828 5059 1009 5114 scietis
1032 5058 1128 5129 (a).
1178 5058 1500 5114 Mementote
1540 5061 1697 5130 igitur
1740 5065 1867 5129 mei,
1912 5078 2036 5118 cum

442 5148 699 5203 veneritis
742 5149 799 5203 in
842 5164 1065 5220 regnum
1117 5150 1245 5205 illud
1291 5166 1410 5205 cum
1454 5152 1630 5223 regale
1659 5154 2037 5209 vestimentum

441 5243 781 5312 acceperitis,
826 5259 949 5298 cum
980 5258 1214 5312 purpura
1255 5245 1532 5300 Dominico
1578 5248 1834 5317 sanguine
1874 5248 2036 5304 tincta

446 5333 764 5400 induentini,
812 5350 933 5389 cum
960 5334 1262 5390 diademate
1301 5337 1393 5392 illo
1418 5339 1651 5392 redimiti
1682 5339 1848 5404 eritis,
1887 5341 2037 5409 cujus

443 5428 616 5499 fulgor
643 5428 880 5499 undique
922 5429 1158 5485 emicans
1208 5430 1473 5485 solaribus
1518 5432 1680 5487 radiis
1711 5432 2039 5500 splendidior

444 5531 547 5577 est.
578 5521 725 5577 Talia
750 5523 943 5599 quippe
967 5530 1091 5577 sunt
1120 5522 1300 5591 sponsi
1324 5537 1563 5586 munera,
1597 5522 1797 5591 majora
1825 5523 2038 5594 quidem

444 5614 700 5686 dignitate
726 5624 926 5683 vestra,
956 5614 1050 5671 sed
1076 5614 1191 5685 ejus
1223 5615 1552 5686 benignitate
1580 5615 1757 5685 digna.

509 5749 584 5812 (α)
615 5747 956 5808 catecbtnneni
979 5760 1075 5806 non
1097 5748 1317 5799 sciebant
1339 5751 1619 5814 mysterium

926 1394 1225 1451 QUODQUE
1269 1396 1706 1442 PERICULOSUM
1748 1397 1867 1453 SIT,
1915 1398 2039 1442 NON
2083 1396 2261 1442 MODO
2306 1394 2651 1447 PEJERARE,

2721 1392 2838 1436 SBD
2896 1392 3094 1436 ΕΤΙΔΜ
3152 1391 3422 1444 ιυιιλιιε,
3493 1385 3745 1432 Ε’ῙΊΔΜἮ

2226 1929 2304 1983 De
2338 1930 2398 1984 iis
2427 1933 2513 1996 qui
2542 1932 2841 1999 baptisnmm
2879 1933 2947 1984 ad
2992 1948 3147 2003 usque
3190 1941 3396 1986 mortem
3426 1932 3741 1999 differebant.

2152 2052 2223 2062 —
2250 2023 2372 2077 Ideo
2392 2023 2500 2092 jam
2520 2040 2636 2088 vos,
2661 2034 2944 2094 antequam
2973 2024 3024 2077 in
3048 2040 3259 2078 sacrum
3284 2018 3428 2078 illum
3450 2027 3739 2079 thalamum

2155 2115 2545 2185 ingrediamini,
2573 2118 2758 2173 beatos
2781 2118 3011 2187 praedico
3034 2136 3047 2172 :
3078 2133 3178 2173 nec
3201 2117 3385 2173 beatos
3412 2119 3580 2173 solum
3603 2136 3743 2189 pm:-

2153 2206 2295 2272 dieo,
2326 2208 2417 2262 sed
2446 2209 2605 2263 etiam
2633 2209 2791 2263 laudo
2815 2220 3021 2280 gratum
3051 2218 3283 2264 vestrum
3310 2211 3569 2276 animum,
3599 2211 3739 2280 quod

2154 2316 2259 2355 non
2308 2302 2446 2356 sicut
2475 2302 2905 2373 negligentiores,
2942 2302 3007 2356 ad
3053 2303 3374 2372 baptismum
3407 2304 3458 2357 in
3499 2314 3740 2358 extremo

2156 2391 2322 2446 halitu
2351 2392 2619 2448 accedatis
2645 2411 2659 2458 ;
2689 2393 2785 2449 sed
2806 2394 2915 2463 jam
2946 2394 3071 2449 inde
3096 2396 3244 2463 quasi
3272 2396 3421 2464 probi
3444 2396 3741 2458 domestici,

2154 2482 2221 2536 ad
2252 2483 2656 2554 obsequendum
2689 2500 2877 2553 magna
2901 2485 3269 2563 benevolentia
3304 2487 3527 2541 Domino
3550 2490 3738 2559 parati,

2153 2574 2345 2629 anima:
2374 2574 2568 2629 collum
2610 2576 2773 2630 multa
2811 2591 2932 2631 cum
2966 2578 3227 2647 probitate
3255 2588 3308 2633 et
3335 2578 3605 2634 alacritate
3643 2582 3742 2635 sub

2149 2665 2335 2737 jugum
2366 2666 2566 2723 Christi
2607 2668 2946 2734 induxeritis,
2990 2671 3283 2740 jugumque
3313 2670 3443 2724 illud
3488 2686 3651 2726 suave
3684 2683 3741 2727 et

2153 2774 2289 2815 onus
2318 2760 2433 2816 leve
2461 2761 2827 2829 susceperitis.
2865 2762 3015 2817 Licet
3044 2762 3186 2816 enim
3218 2771 3323 2816 tam
3347 2777 3462 2829 vos,
3496 2778 3651 2830 quam
3681 2765 3739 2829 ii,

2152 2850 2242 2920 qui
2262 2850 2313 2904 in
2337 2851 2461 2905 vitae
2486 2852 2629 2906 exitu
2657 2851 2952 2916 initiantur,
2977 2867 3158 2922 parem
3185 2854 3409 2924 gratiam
3440 2855 3737 2923 accipiatis,

2151 2953 2206 2997 at
2244 2942 2533 2997 voluntatis
2585 2944 2937 3013 pr0positum,
2979 2955 3368 3014 apparatusque
3415 2962 3592 3000 rerum
3637 2963 3741 3001 non

2152 3036 2267 3106 pari
2293 3034 2453 3090 modo
2483 3051 2542 3090 se
2564 3034 2785 3092 habent.
2817 3036 2899 3090 Illi
2931 3052 3164 3106 namque
3206 3038 3254 3091 in
3287 3038 3429 3092 lecto
3453 3040 3737 3108 accipiunt,

2151 3146 2247 3185 vos
2282 3139 2460 3186 autem
2504 3130 2556 3185 in
2590 3130 2842 3185 Ecclesia:
2882 3132 3183 3186 communis
3220 3133 3459 3186 omnium
3500 3144 3737 3187 nostrum

2150 3226 2335 3279 matris
2373 3224 2527 3287 sinu;
2558 3223 2632 3276 illi
2660 3222 2849 3278 flentes
2876 3231 2933 3278 et
2962 3224 3340 3295 laerymantes,
3376 3238 3475 3278 vos
3502 3224 3735 3294 gauden-

2150 3328 2231 3372 tes
2254 3328 2411 3388 atque
2438 3318 2712 3381 halantes;
2747 3317 2816 3370 illi
2837 3327 3233 3387 gementes,vos
3252 3317 3449 3386 gratias
3470 3327 3686 3385 agentes
3708 3334 3723 3377 ;

2150 3410 2224 3469 illi
2258 3409 2389 3464 febri
2418 3409 2704 3465 admodum
2737 3408 3061 3474 laborantes,
3099 3423 3194 3462 vos
3220 3409 3382 3461 multa
3415 3407 3556 3477 pleni
3584 3408 3735 3477 spiri-

2150 3501 2277 3555 tuali
2308 3500 2598 3571 voluptate.
2628 3500 2965 3570 Quapropter
3008 3499 3095 3554 hic
3142 3499 3321 3554 omnia
3368 3500 3491 3553 huic
3529 3500 3736 3553 muneri

2148 3596 2496 3661 conveniunt,
2522 3594 2633 3649 illic
2657 3594 2836 3648 omnia
2866 3602 2990 3649 sunt
3024 3595 3230 3648 muneri
3253 3595 3519 3647 contraria
3547 3611 3559 3646 :
3586 3593 3735 3648 fletus

2150 3701 2345 3755 nempe
2397 3702 2460 3741 ac
2504 3687 2733 3756 gemitus
2779 3700 2987 3751 eorum,
3039 3686 3129 3756 qui
3174 3686 3481 3749 initiantur;
3527 3684 3737 3739 adstant

2149 3778 2301 3848 pueri
2340 3778 2602 3847 lugentes,
2651 3792 2787 3832 uxor
2813 3792 2978 3848 genas
3023 3777 3285 3845 lacerans,
3334 3778 3491 3832 amici
3535 3778 3729 3843 tristes,

2147 3871 2429 3931 domestici
2458 3872 2839 3943 lacrymantes,
2868 3879 2977 3925 tota
3003 3870 3199 3927 domus
3220 3871 3426 3940 species
3455 3870 3733 3926 hibernum

2147 3974 2203 4020 et
2237 3964 2586 4034 caliginosum
2612 3963 2756 4018 diem
2806 3963 3064 4018 imitatur.
3112 3962 3264 4029 Quod
3307 3963 3351 4017 si
3380 3962 3607 4032 jacentis
3642 3976 3732 4016 cor

2148 4057 2423 4121 scruteris,
2464 4056 2531 4113 iis
2578 4056 2826 4113 omnibus
2853 4056 3057 4113 tristius
3098 4055 3357 4126 reperies.
3386 4054 3734 4123 Quemadmo-

2147 4147 2274 4202 dmn
2306 4150 2449 4203 enim
2497 4148 2640 4202 venti
2670 4162 2864 4217 magno
2894 4149 3093 4216 impetu
3139 4147 3229 4200 alii
3260 4147 3376 4201 aliis
3403 4163 3469 4200 ex
3510 4146 3732 4201 adverso

2146 4238 2337 4295 ﬂantes
2355 4240 2550 4294 multas
2578 4238 2630 4293 in
2668 4248 2848 4308 partes
2876 4238 3094 4309 pelagus
3123 4237 3363 4292 dividunt
3395 4257 3407 4292 :
3431 4239 3509 4292 sic
3537 4239 3732 4309 cogita-

2147 4332 2321 4385 tiones
2347 4339 2475 4385 tunc
2514 4329 2874 4399 ingruentium
2907 4328 3197 4395 malorum,
3229 4328 3357 4398 aegri
3388 4328 3625 4382 animum
3656 4328 3733 4382 in-

2146 4425 2420 4486 vadentes,
2452 4422 2506 4477 in
2536 4423 2731 4479 multas
2758 4420 3145 4476 sollicitudines
3188 4421 3328 4474 illius
3368 4430 3601 4474 mentem
3632 4420 3737 4473 dis-

2146 4516 2387 4577 trahunt.
2420 4516 2475 4572 Si
2510 4515 2647 4571 filios
2671 4515 2942 4584 reSpiciat,
2968 4514 3179 4568 illorum
3201 4512 3488 4567 orbitatem
3506 4514 3728 4582 cogitat;

2147 4607 2192 4663 si
2220 4623 2459 4673 uxorem,
2483 4606 2598 4677 ejus
2619 4606 2928 4661 viduitatem
2950 4604 3289 4669 considerat;
3319 4603 3361 4657 si
3386 4604 3727 4666 domesticos,

2146 4699 2338 4754 domus
2374 4698 2712 4753 solitudinem
2762 4711 2944 4751 secum
2993 4706 3234 4765 reputat;
3290 4696 3331 4749 si
3384 4693 3451 4748 ad
3502 4695 3729 4763 seipsum

2146 4800 2505 4856 convertatur,
2536 4802 2851 4861 praesentem
2884 4790 3042 4843 vitam
3072 4792 3123 4841 iu
3152 4787 3463 4841 memoriam
3496 4795 3729 4853 revocat,

2147 4894 2306 4953 atque
2337 4886 2566 4942 instante
2594 4884 2949 4952 separatione,
2991 4897 3237 4952 magnam
3266 4881 3535 4937 mmstitia:
3566 4881 3728 4934 nebu-

2147 4977 2253 5031 lam
2294 4977 2508 5044 excipit.
2556 4975 2704 5029 Talis
2749 4990 2873 5029 mox
2919 4975 3161 5028 initiandi
3206 4975 3415 5027 animus
3461 4982 3563 5028 est.
3603 4973 3729 5026 [line

2147 5067 2287 5123 inter
2313 5069 2595 5123 tumultum
2617 5058 3179 5137 perturbationemque
3208 5064 3532 5134 hujusmodi,
3564 5066 3728 5133 ingre-

2146 5163 2290 5217 ditur
2318 5161 2566 5218 sacerdos
2606 5161 2719 5230 ipsa
2745 5161 2881 5216 febri
2908 5158 3313 5221 formidabilior,
3349 5165 3509 5228 atque
3549 5156 3724 5226 :rgroti

2149 5253 2458 5324 propinquis
2481 5253 2591 5322 ipsa
2614 5261 2788 5306 morte
2815 5252 3117 5305 immanior.
3142 5249 3271 5303 Nam
3296 5249 3377 5302 vel
3407 5250 3518 5317 ipsa
3537 5246 3725 5302 medici

2149 5346 2480 5415 deploratam
2518 5346 2634 5414 ejus
2662 5343 3020 5399 valetudinem
3052 5342 3374 5396 declarantis
3404 5355 3535 5394 voce
3567 5339 3725 5407 major

2149 5437 2466 5508 dcspcraudi
2502 5452 2661 5491 causa
2709 5450 2829 5490 esse
2858 5442 3071 5505 putatur
3103 5433 3398 5503 presbyteri
3442 5432 3720 5499 ingressus,

2150 5540 2309 5600 atque
2342 5530 2414 5595 id,
2446 5530 2587 5600 quod
2618 5538 2835 5585 aaterna:
2864 5528 2986 5581 vita:
3012 5533 3382 5595 argumentum
3412 5531 3514 5587 est,
3548 5520 3721 5575 mortis

2150 5623 2448 5693 symbolum
2481 5636 2598 5676 esse
2627 5629 2859 5689 putatur.
2884 5619 2954 5672 At
2984 5618 3217 5672 nondum
3245 5613 3591 5685 colophoucm
3620 5625 3716 5664 ma-

2150 5716 2214 5772 lis
2244 5714 2421 5770 addidi
2449 5732 2459 5767 :
2491 5712 2703 5769 interim
2736 5713 2928 5783 quippe
2953 5707 3397 5774 tumultuantibus
3423 5719 3475 5762 et
3505 5720 3617 5762 sese
3638 5716 3720 5773 ap-
