4046 6396
218 348 323 404 ετδ

1340 361 1434 416 AD
1471 360 1994 417 ILLUMINANDOS
2032 359 2466 418 CATECIIESIS
2493 360 2532 418 1.

3564 347 3670 402 224

1396 978 2042 1078 ΚΑἾἮΧΗΣΙΣ
2115 992 2525 1078 ΠΡΩΤΗ.

223 1281 379 1353 Πρὸς
399 1280 542 1344 τοὺς
559 1279 898 1349 μέλλοντας
913 1281 1286 1351 φωτίζεσθαι,
1308 1283 1404 1337 καὶ
1431 1283 1531 1336 διὰ
1561 1285 1616 1335 τί
1645 1283 1900 1353 λουτρὸν
1935 1289 2404 1358 παλιγγενεσίας
2433 1289 2532 1343 καὶ
2560 1291 2674 1344 οὐκ
2715 1289 2988 1359 ἀφέσεως
3029 1290 3460 1358 ἁμαρτημάτων
3522 1292 3692 1359 λέγε-

483 1389 597 1437 ται,
637 1372 735 1426 καί
768 1373 859 1429 ὅτι
911 1375 1306 1430 ἐπικίνδυνον
1351 1378 1422 1431 οὐ
1479 1375 1544 1430 τὸ
1592 1377 1899 1443 ἐπιορκεῖν
1944 1382 2161 1448 μόνον,
2194 1382 2358 1436 ἀλλὰ
2389 1382 2488 1436 καί
2510 1383 2576 1436 τὸ
2601 1383 2872 1452 ὀμνύειν,
2902 1381 3018 1436 κᾶν
3042 1382 3400 1453 εὐορκῶμεν.

291 1961 363 2012 α’.
380 1955 466 2020 Ὠς
493 1957 739 2022 ποθεινὸς
763 1958 858 2011 καὶ
887 1957 1188 2029 ἐπέραστος
1211 1957 1320 2012 τῶν
1346 1957 1484 2012 νέων
1507 1958 1642 2028 ἡμῖν
1657 1955 1904 2025 ἀδελφῶν

220 2039 252 2092 ὁ
281 2043 462 2114 χορόςο
491 2043 754 2113 ἀδελφοὺς
778 2045 888 2114 γὰρ
914 2047 1058 2116 ὑμᾶς
1084 2045 1194 2114 ἐγὼ
1215 2046 1308 2100 καὶ
1325 2047 1432 2116 πρὸ
1449 2046 1559 2099 τῶν
1581 2045 1786 2098 ὠδίνων
1804 2044 1905 2115 ἡδη

199 2129 395 2192 καλῶ,
427 2133 522 2186 καὶ
542 2135 648 2204 πρὸ
668 2134 762 2188 τοῦ
797 2135 958 2188 τόκου
987 2135 1084 2207 τὴν
1128 2135 1452 2204 συγγένειαν
1475 2135 1574 2206 τὴν
1607 2133 1744 2205 πρὸς
1761 2135 1908 2203 ὑμᾶς

222 2219 562 2291 ἀσπάζομαι.
591 2220 722 2275 Οἶδα
746 2222 878 2294 γὰρ,
905 2219 1022 2277 οῖδα
1044 2223 1231 2292 σαφῶς
1263 2227 1342 2288 είς
1373 2225 1505 2294 ὅσην
1537 2224 1634 2296 μὲν
1674 2222 1907 2294 ἄγεσθαι

227 2306 451 2378 μέλλετε
473 2309 660 2379 τιμὴν,
685 2311 764 2374 είς
794 2311 928 2381 ὅσην
955 2311 1011 2364 δέ
1056 2312 1232 2384 ἀρχήν
1255 2329 1270 2344 ·
1310 2313 1436 2376 τοὺς
1465 2313 1521 2366 δέ
1566 2312 1744 2382 ἀρχὴν
1781 2311 1909 2382 μέλ-

223 2393 415 2459 λοντας
464 2396 782 2468 λαμϐάνειν,
836 2397 988 2470 [226]
1031 2399 1127 2454 καὶ
1174 2399 1279 2471 πρὸ
1324 2401 1423 2470 τῆς
1465 2401 1641 2471 ἀρχῆς
1678 2399 1906 2453 εἰώθασι

223 2486 392 2556 τιμᾷν
416 2485 676 2549 ἅπαντες,
701 2486 790 2541 διὰ
819 2488 920 2556 τῆς
951 2486 1250 2559 θεραπείας
1278 2486 1497 2542 εὔνοιαν
1530 2491 1744 2551 ἑαυτοῖς
1778 2505 1909 2558 προ-

226 2574 616 2646 αποτιθέμενοι
644 2576 780 2648 πρὸς
817 2577 878 2630 τὸ
909 2576 1126 2648 μέλλον.
1163 2562 1426 2631 Τοῦτο’δέ
1453 2579 1548 2632 καὶ
1579 2578 1744 2640 αὐτὸς
1774 2575 1913 2630 ποιῶ

224 2661 322 2716 νῦν
344 2679 359 2693 ο
395 2663 456 2715 οὐ
483 2663 592 2736 γὰρ
623 2666 703 2728 είς
729 2665 905 2736 ἀρχὴν
935 2664 1177 2735 ἄγεσθαι·
1201 2666 1425 2736 μέλλετε
1451 2665 1615 2736 ψιλὴν
1638 2705 1654 2729 ,
1688 2664 1802 2718 ἀλλ’
1829 2665 1911 2728 είς

227 2748 506 2819 βασιλείαν
535 2751 740 2822 αὑτήν·
771 2752 974 2822 μᾶλλον
1013 2752 1070 2805 δέ
1109 2754 1210 2806 οὐκ
1255 2756 1335 2819 είς
1379 2753 1657 2825 βασιλείαν
1701 2752 1908 2816 ἁπλῶς,

234 2838 350 2892 ἀλλ’
374 2840 453 2902 είς
482 2838 652 2910 αὐτὴν
692 2839 800 2892 τῶν
850 2841 1101 2912 οὐρανῶν
1127 2843 1227 2912 τὴν
1275 2842 1576 2912 βασιλείαν.
1621 2842 1722 2896 Διά
1751 2841 1913 2895 τοῦτο

231 2926 381 2996 ὑμῶν
414 2927 605 2998 δέομαι
636 2929 732 2981 καὶ
754 2927 1044 2992 ἀντιϐολῶ,
1071 2929 1157 2981 ἵνα
1186 2929 1465 3001 μνησθῆτέ
1499 2947 1623 3000 μου,
1661 2930 1787 2982 ὅταν
1825 2928 1912 2981 ἐλ-

228 3012 360 3082 θητε
390 3015 472 3077 εἰς
515 3013 794 3084 βασιλείαν
848 3015 1089 3086 ἐκείνην,
1123 3018 1218 3068 καὶ
1247 3017 1384 3088 ὅπερ
1441 3018 1469 3070 ό
1507 3018 1708 3088 Ἰωσὴφ
1759 3016 1913 3085 ἔλεγε

229 3101 368 3173 πρὸς
410 3101 504 3156 τὸν
539 3102 908 3173 ἀρχιοινοχόον
930 3120 942 3132 ο
981 3102 1305 3173 Μνήσθητί
1326 3122 1447 3174 μου
1473 3145 1487 3166 ,
1530 3104 1677 3158 ὅταν
1712 3100 1782 3160 εὖ
1816 3121 1916 3158 σοι

228 3189 473 3260 γένηται
494 3202 508 3215 ⁸
539 3190 699 3244 τοῦτο
732 3190 887 3260 κάγὼ
915 3191 1058 3260 λέγω
1090 3192 1226 3264 πρὸς
1256 3193 1400 3264 ὑμᾶς
1435 3193 1560 3263 ἄρτι
1585 3209 1598 3223 '
1619 3191 1916 3264 Μνήσθητέ

233 3297 336 3350 μου
370 3281 504 3332 ὅταν
536 3275 594 3332 εὖ
619 3279 746 3350 ὑμῖν
763 3281 1008 3351 γένηται.
1043 3281 1158 3333 Οὐκ
1183 3279 1450 3334 ἐνυπνίων
1474 3280 1678 3352 ταύτην
1699 3278 1917 3334 ἀπαιτῶ

228 3370 331 3440 τὴν
364 3369 623 3439 ἀμοιϐὴν,
649 3369 901 3440 καθάπερ
951 3371 1158 3434 ἐκεῖνος
1177 3387 1191 3401 ’
1224 3370 1287 3423 οὐ
1317 3370 1426 3442 γὰρ
1453 3371 1710 3442 ὀνείρατα
1754 3366 1918 3442 ἦλθον

226 3457 484 3511 διαλῦσαι
514 3457 644 3528 ὑμῖν
669 3499 683 3522 ,
721 3457 857 3511 ἀλλά
901 3457 970 3510 τά
1002 3459 1060 3510 ἐν
1088 3460 1201 3520 τοῖς
1233 3459 1485 3529 οὐρανοῖς
1521 3459 1920 3531 διηγησόμενος

230 3547 561 3617 πράγματα,
594 3545 690 3600 καὶ
722 3545 1021 3614 εὐαγγέλια
1066 3546 1311 3617 κομίζων
1357 3547 1578 3616 ἀγαθῶν
1638 3547 1919 3610 τοιούτων,

235 3631 346 3690 Οἷα
374 3634 514 3688 οὔτε
549 3635 858 3704 ὀφθαλμὸς
907 3632 1091 3696 εἶδεν,
1127 3637 1266 3690 οὔτε
1298 3633 1410 3702 οὖς
1437 3637 1730 3706 ἤκουσεν,
1783 3637 1922 3691 οὔτε

228 3723 335 3777 ἐπὶ
368 3721 624 3792 καρδίαν
645 3723 963 3792 ἀνθρώπου
988 3723 1170 3791 ἀνέϐη
1194 3739 1208 3751 '
1237 3726 1635 3779 τοιαῦτά²ἐστιν
1661 3727 1719 3777 Ἃ
1752 3724 1920 3791 ἡτοι-

224 3829 434 3886 μασεν
461 3817 494 3867 ό
517 3813 662 3878 Θεὸς
687 3813 813 3878 τοῖς
840 3811 1160 3882 ἀγαπῶσιν
1183 3815 1395 3867 αὐτόν.
1431 3813 1488 3866 ὐ
1526 3813 1625 3882 μὲν
1674 3808 1768 3866 οὖν
1812 3814 1925 3866 Ἰωο

232 3904 346 3974 σὴφ
372 3902 529 3970 ἔλεγε
557 3901 693 3972 πρὸς
735 3901 828 3953 τὸν
866 3901 1106 3970 οἰνοχόον
1137 3902 1380 3954 ἐκεῖνον’
1414 3901 1538 3954 Ἔτι
1581 3900 1740 3969 τρεῖς
1784 3901 1926 3971 ὴμέ-

226 4008 351 4061 pm.
381 3989 483 4043 καὶ
514 3989 1008 4058 ἀποκαταστήσει
1038 4003 1113 4043 σε
1137 3990 1347 4058 Φαραὼ
1373 3991 1461 4055 είς
1490 3988 1606 4057 τὴν
1627 3990 1926 4059 ἀρχιοινο-

229 4079 417 4148 χοΐαν
449 4093 587 4132 σου⁸
617 4075 727 4145 ἐγὼ
759 4077 818 4130 δέ
857 4077 918 4129 οὐ
945 4075 1110 4144 λέγω,
1143 4077 1266 4129 Ἔτι
1295 4079 1446 4148 τρεῖς
1469 4076 1694 4148 ἡμέραι,
1728 4077 1824 4130 καὶ
1844 4077 1925 4141 είς

229 4166 508 4234 οἱνοχοῖαν
558 4163 922 4235 ἐνεχθὴσεσθε
978 4165 1280 4236 τυράννου’
1340 4162 1458 4217 ἀλλ’
1498 4163 1579 4216 ἐτι
1628 4165 1925 4235 τριάκοντα

230 4253 468 4325 ἡμέραι,
506 4252 603 4306 καὶ
631 4254 1076 4322 ἀποκαταστήσει
1109 4253 1254 4322 ὑμᾶς
1288 4251 1411 4322 οὐχί
1453 4249 1677 4322 Φαραὼ,
1739 4251 1854 4305 ἀλλ’
1897 4253 1926 4305 ὁ

229 4341 349 4396 τῶν
383 4339 633 4412 οὐρανῶν
666 4339 919 4410 βασιλεὺς
969 4341 1050 4403 εἰς
1099 4341 1199 4411 τὴν
1248 4340 1361 4394 ἀνω
1417 4341 1674 4410 πατρίδα,
1716 4343 1797 4404 είς
1828 4341 1927 4412 τὴν

229 4430 532 4501 ἐλευθέραν
577 4428 956 4500 Ἰερουσαλὴμ,
979 4432 1060 4494 είς
1097 4428 1195 4501 τὴν
1225 4430 1379 4484 πόλιν
1400 4431 1497 4501 τὴν
1521 4430 1581 4483 ἐν
1619 4433 1734 4493 τοῖς
1759 4430 1927 4502 οὐρα-

229 4521 372 4581 νοῖς.
403 4518 672 4578 Κάκεῖνος
698 4516 797 4587 μὲν
830 4516 1037 4583 ἔλεγεν,
1065 4517 1148 4570 ὅτι
1183 4516 1404 4583 Δώσεις
1423 4518 1490 4571 τὸ
1519 4519 1812 4588 ποτήριον
1837 4521 1926 4585 εἰς

231 4607 448 4678 χεῖρας
470 4605 580 4660 τοῦ
604 4605 815 4674 Φαραώ
835 4622 848 4635 ·
890 4605 1002 4674 ἐγὼ
1026 4605 1082 4658 δέ
1115 4607 1176 4659 οὐ
1217 4606 1382 4676 λέγω,
1405 4609 1486 4662 ὅτι
1522 4607 1726 4662 δώσετε
1751 4609 1812 4662 τὸ
1837 4626 1928 4662 ποι

229 4697 432 4766 τὴριον
465 4695 546 4754 εἰς
595 4693 695 4756 τὰς
723 4696 913 4764 χεῖρας
951 4693 1046 4747 τοῦ
1084 4693 1370 4764 βασιλέως,
1423 4695 1541 4749 ἀλλ’
1588 4697 1671 4749 ὃτι
1705 4698 1868 4762 αὐτὸς
1899 4701 1928 4753 ὁ

233 4783 503 4857 βασιλεὺς
530 4784 609 4846 εἰς
631 4784 791 4853 χεῖρα
821 4780 921 4852 τὴν
963 4783 1238 4856 ὑμετέραν
1269 4784 1432 4837 δώσει
1469 4784 1530 4836 τὸ
1561 4787 1824 4857 ποτήριον
1867 4787 1929 4840 τὸ

231 4871 474 4944 φρικτὸν
499 4870 593 4922 καὶ
643 4869 846 4939 πολλῆς
871 4867 1040 4939 γέμον
1070 4869 1372 4939 δυνάμεως,
1402 4873 1497 4926 καὶ
1539 4874 1637 4944 τῆς
1696 4875 1926 4940 κτίσεως

229 4960 575 5032 τιμιώτερον
604 4959 892 5028 ἑκατέρας.
930 4961 1140 5013 Ἴσασιν
1175 4963 1225 5014 οἱ
1250 4963 1594 5033 μεμυημένοι
1636 4965 1732 5018 τοῦ
1762 4983 1928 5037 ποτη-

233 5051 363 5124 ρίου
391 5047 582 5100 τούτου
634 5049 734 5119 τὴν
788 5047 970 5117 ἰσχύν⁸
1027 5047 1244 5102 εἴσεσθε
1292 5050 1350 5102 δὲ
1389 5052 1483 5104 καὶ
1517 5052 1676 5122 ὑμεῖς
1731 5057 1927 5128 μικρὸν

231 5140 495 5208 ὕστερον.
531 5136 823 5206 Μνήσθητε
876 5131 990 5200 οὑν,
1025 5138 1156 5189 ὅταν
1186 5136 1378 5208 ἔλθητε
1408 5139 1487 5200 εἰς
1513 5140 1611 5210 τὴν
1648 5141 1928 5210 βασιλείαν

230 5226 486 5296 ἐκείνην,
521 5225 652 5278 ὅταν
677 5224 739 5276 τὸ
776 5224 990 5293 ἱμάτιον
1021 5225 1081 5277 τὸ
1109 5225 1387 5295 βασιλικὸν
1410 5227 1723 5298 ἀπολάϐητε
1745 5273 1758 5294 ,
1799 5233 1929 5287 ὅταν

241 5316 354 5386 τὴν
379 5314 672 5386 πορφύραν
695 5314 1063 5385 περιϐάλησθε
1093 5316 1193 5385 τὴν
1220 5316 1414 5385 αἵματι
1443 5315 1708 5386 βαφεῖσαν
1724 5325 1929 5376 Δεσπο-

227 5401 407 5472 τικῷ,
441 5404 572 5456 ὅταν
592 5403 830 5474 διάδημα
864 5403 1206 5474 ἀναδήσησθε
1257 5405 1365 5458 τῶν
1403 5405 1646 5475 ἡλιακῶν
1692 5410 1930 5466 ἀκτίνων

229 5490 611 5561 φαιδροτέρας
638 5490 760 5560 ἐχον
797 5491 1141 5562 πανταχόθεν
1179 5491 1507 5563 ἐκπηδώσας
1554 5493 1928 5567 λαμπηδόνας.

229 5576 490 5630 Τοιαῦτα
511 5577 622 5648 γὰρ
650 5576 745 5630 τοῦ
764 5579 998 5648 νυμφίου
1030 5579 1098 5634 τὰ
1125 5579 1271 5643 ἐδνα,
1298 5578 1525 5649 μείζονα
1553 5582 1654 5652 μὲν
1677 5584 1774 5654 τῆς
1800 5585 1831 5655 ἡ
1841 5602 1930 5656 με-

232 5666 416 5736 τέρας
438 5664 616 5729 ἀξίας,
645 5663 771 5731 ἄξια
805 5666 862 5719 δὲ
901 5668 999 5737 τῆς
1030 5667 1199 5722 αὐτοῦ
1230 5666 1664 5740 φιλανθρωπίας.

319 5752 424 5806 Διά
447 5751 625 5807 ταῦτα
650 5754 794 5824 ὑμᾶς
814 5755 1065 5809 ἐντεῦθεν
1087 5756 1187 5827 ἡδη
1213 5756 1311 5809 καὶ
1340 5756 1448 5827 πρὸ
1471 5757 1579 5811 τῶν
1604 5759 1764 5830 ίερῶν
1787 5759 1924 5812 ἐκεί-

237 5857 360 5894 νων
388 5839 683 5913 μακαρίζω
714 5843 1031 5900 παστάδων·
1063 5845 1122 5898 οὐ
1159 5843 1451 5918 μακαρίζω
1480 5846 1536 5900 δέ
1577 5847 1755 5918 μόνον,
1780 5848 1917 5903 ἀλλά

2010 1957 2106 2010 καὶ
2141 1957 2353 2012 ἐπαινῶ
2376 1959 2476 2029 τὴν
2505 1961 2956 2031 εὐγνωμοσύνην,
2979 1965 3061 2017 ὅτι
3091 1963 3165 2036 μὴ
3188 1963 3438 2036 καθάπερ
3459 1965 3508 2016 οἱ
3539 1964 3695 2037 ρᾳθυ-

2011 2045 2232 2115 μότεροι
2255 2047 2364 2100 τῶν
2389 2048 2718 2119 ἀνθρώπων,
2756 2052 2815 2103 ἐν
2853 2052 3115 2121 ἐσχάταις
3144 2054 3442 2116 ἀναπνοαῖς
3470 2053 3548 2123 τῷ
3583 2071 3696 2120 φω-

2005 2132 2235 2203 τίσματι
2262 2134 2622 2206 προσήλθετε,
2645 2135 2760 2188 ἀλλ’
2790 2137 3044 2191 ἐντεῦθεν
3073 2139 3175 2208 ἡδη
3201 2141 3456 2211 καθάπερ
3484 2139 3695 2192 οἰκέται

2007 2215 2374 2288 εὐγνώμονες,
2417 2219 2558 2289 μετά
2593 2220 2796 2290 πολλῆς
2834 2221 3051 2286 εὐνοίας
3089 2223 3402 2278 ὑπακοῦσαι
3445 2223 3696 2292 Δεσπότῃ

2007 2305 2540 2375 παρεσκευασμένοι,
2574 2306 2668 2360 τὸν
2710 2308 2917 2378 αὐχένα
2944 2309 3044 2380 τῆς
3076 2309 3260 2381 ψυχῆς
3314 2310 3453 2381 μετά
3490 2309 3695 2379 πολλῆς

2008 2393 2314 2458 ἐπιεικείας
2341 2411 2402 2446 τε
2430 2395 2527 2447 καὶ
2566 2395 2876 2467 προθυμίας
2911 2397 3016 2450 ὑπὸ
3045 2399 3146 2468 τὴν
3178 2399 3412 2470 ζεύγλην
3455 2397 3695 2468 ἠγάγετε

2007 2482 2104 2536 τοῦ
2135 2483 2400 2553 Χριστοῦ,
2436 2489 2533 2537 καὶ
2573 2485 2664 2538 τὸν
2705 2484 2870 2553 ζυγὸν
2893 2486 3150 2552 ἐδέξασθε
3189 2487 3281 2541 τὸν
3318 2487 3578 2559 χρηστὸν,
3603 2487 3698 2539 καὶ

2009 2571 2070 2624 τὸ
2095 2573 2318 2643 φορτίον
2348 2572 2572 2625 ἐλάϐετε
2599 2573 2662 2625 τὺ
2683 2573 2940 2645 ἐλαφρόν.
2971 2575 3034 2628 El
3078 2575 3190 2646 γάρ
3229 2575 3322 2628 καὶ
3354 2577 3424 2628 τά
3459 2575 3555 2644 τῆς
3596 2574 3698 2644 χά-

2011 2676 2157 2730 ριτος
2181 2659 2272 2713 ίσα
2302 2661 2432 2731 ὑμῖν
2465 2662 2562 2714 καὶ
2591 2663 2702 2724 τοῖς
2732 2662 2789 2713 ἐν
2825 2663 2892 2732 τῇ
2939 2661 3171 2733 τελευτῇ
3227 2661 3698 2732 μυσταγωγουμέ-

2012 2765 2146 2812 νοις,
2186 2748 2324 2802 ἀλλὰ
2349 2748 2419 2802 τά
2446 2749 2548 2820 τῆς
2599 2751 2975 2820 προαιρέσεως
3022 2752 3124 2804 οὑκ
3179 2752 3290 2816 ἴσα,
3345 2750 3467 2804 οὐδὲ
3508 2751 3574 2803 τά
3598 2750 3698 2819 τῆς

2012 2839 2370 2910 παρασκευῆς
2403 2839 2513 2892 τῶν
2556 2840 2924 2911 πραγμάτων.
2963 2841 3195 2895 Ἐκεῖνοι
3228 2841 3328 2911 μὲν
3378 2839 3485 2911 γὰρ
3518 2841 3574 2890 ἓν
3629 2840 3697 2908 τῇ

2012 2927 2170 3000 κλίνῃ
2195 2928 2583 3000 λαμϐάνουσιν,
2603 2930 2761 3000 ὑμεῖς
2778 2931 2834 2983 δέ
2864 2933 2921 2982 ἐν
2948 2933 3060 2994 τοῖς
3085 2928 3306 2994 κόλποις
3337 2929 3438 2998 τῆς
3471 2929 3702 2998 Ἐκκλη-

2016 3017 2138 3080 σίας
2163 3017 2262 3088 τῆς
2303 3019 2487 3089 κοινῆς
2530 3019 2786 3072 ἁπάντων
2832 3019 2990 3090 ἡμῶν
3038 3019 3281 3090 μητρόςο
3327 3021 3570 3072 κάκεῖνοι
3602 3018 3702 3088 μὲν

2013 3104 2333 3177 ὀδυρόμενοι
2361 3109 2456 3160 καὶ
2490 3107 2843 3178 δακρύοντες,
2869 3109 3030 3178 ὑμεῖς
3055 3107 3111 3161 δέ
3159 3107 3441 3178 χαίροντες
3473 3109 3565 3159 καὶ
3608 3106 3703 3158 εὐι-

2018 3195 2376 3265 φραινόμενοι
2396 3211 2410 3225 ’
2439 3197 2635 3248 ἐκεῖνοι
2671 3196 2954 3259 στένοντες
2975 3236 2988 3259 ,
3022 3196 3180 3266 ὑμεῖς
3222 3195 3278 3248 δέ
3310 3192 3704 3264 εὐχαριστοῦν-

2018 3300 2108 3346 τες
2128 3300 2142 3314 ·
2175 3284 2421 3337 κάκεῖνοι
2443 3284 2543 3355 μὲν
2575 3283 2757 3354 πολλῷ
2776 3283 3157 3355 κεκαρωμένοι
3173 3283 3252 3354 τῷ
3284 3301 3356 3334 πυ
3368 3282 3528 3354 ρετῴ,
3549 3283 3705 3352 ὑμεῖς

2018 3372 2076 3424 δέ
2127 3371 2330 3443 πολλῆς
2383 3373 2840 3443 ἐμπεπλησμένοι
2897 3375 2998 3443 τῆς
3049 3371 3434 3442 πνευματικῆς
3486 3370 3699 3440 ἡδονῆς.

2023 3461 2188 3515 Ὅθεν
2214 3462 2450 3516 ἐνταῦθα
2489 3464 2586 3532 μὲν
2612 3463 2831 3516 ἅπαντα
2868 3462 3138 3532 σύμφωνα
3178 3464 3245 3531 τῇ
3274 3461 3472 3532 δωρεᾷ,
3507 3461 3624 3512 ἐκεῖ
3649 3459 3706 3510 δέ

2023 3553 2203 3606 πάντα
2247 3551 2467 3605 ἐναντία
2501 3551 2654 3622 [τὶὲῖ]
2691 3553 2757 3622 τῇ
2816 3551 3027 3620 δωρεᾷ·
3067 3551 3162 3603 καὶ
3204 3549 3314 3620 γὰρ
3362 3549 3558 3618 θρῆνος
3612 3549 3707 3600 καὶ

2022 3639 2261 3711 ὀδυρμὸς
2291 3639 2458 3702 πολὺς
2482 3655 2847 3710 μυσταγωγου
2858 3639 3057 3708 μένων,
3090 3639 3186 3690 καὶ
3214 3636 3401 3689 παιδία
3429 3634 3710 3705 περιίστα⁶

2026 3746 2114 3782 ται
2137 3727 2414 3785 κλαίοντα.
2453 3727 2547 3780 καὶ
2573 3727 2714 3798 γυνὴ
2739 3727 2839 3791 τάς
2868 3725 3102 3798 παρειὰς
3143 3723 3568 3787 καταξαίνουσα,
3614 3725 3711 3778 καὶ

2027 3818 2173 3887 φίλοι
2199 3819 2486 3888 κατηφεῖς,
2521 3817 2616 3870 καὶ
2637 3815 2850 3869 οἰκέται
2874 3813 3128 3886 δακρύων
3158 3814 3426 3883 γέμοντες
3451 3851 3466 3873 ,
3498 3811 3630 3866 ὅλον,
3647 3812 3711 3865 τὸ

2025 3906 2124 3976 τῆς
2149 3905 2329 3968 οἰκίας
2357 3904 2544 3974 σχῆμα
2576 3904 2900 3974 χειμερινήν
2925 3921 3047 3955 τινα
3083 3902 3177 3955 καὶ
3213 3900 3428 3971 ζοφώδη
3463 3902 3710 3971 μιμεῖται

2027 3993 2241 4064 ἡμέραν
2265 4008 2278 4022 ·
2325 3991 2418 4044 ἐὰν
2449 3992 2507 4044 δὲ
2542 3991 2711 4062 αὐτὴν
2750 3989 2846 4043 τοῦ
2891 3988 3296 4058 κατακειμένου
3327 3988 3446 4058 τὴν.
3478 3987 3709 4054 καρδίαν

2027 4077 2362 4153 ἀναπτύξεις,
2401 4077 2866 4150 σκυθρωποτέραν
2898 4076 3104 4129 τούτων
3134 4072 3710 4146 εὑρήσεις.,Καθάπερ

2027 4172 2136 4242 γὰρ
2162 4171 2354 4240 ἄνεμοι
2385 4167 2524 4240 μετά
2551 4167 2754 4237 πολλῆς
2774 4166 2871 4236 τῆς
2903 4165 3082 4236 ῥύμης
3117 4163 3428 4228 ἐξεναντίας
3463 4161 3713 4232 ἀλλήλοις

2029 4257 2391 4328 ἐμϐάλλοντες
2427 4257 2507 4318 εἰς
2539 4252 2713 4307 πολλά
2738 4253 2799 4306 τὸ
2839 4252 3078 4321 πέλαγος
3121 4251 3472 4320 διατέμνουσι
3523 4249 3667 4320 μέρη
3695 4265 3708 4279 ·

2027 4345 2172 4399 οὑτω
2203 4346 2296 4400 καὶ
2341 4345 2398 4397 οἱ
2427 4343 2681 4413 λογισμοὶ
2709 4342 2819 4395 τῶν
2845 4341 2969 4393 τότε
3023 4339 3365 4409 κατεχόντων
3395 4338 3584 4390 δεινῶν
3633 4341 3714 4403 είς

2027 4440 2126 4506 τὴν
2147 4435 2241 4487 τοῦ
2275 4434 2574 4503 κάμνοντος
2619 4431 3011 4501 ἐμπίπτοντες,
3042 4427 3242 4499 ψυχὴν,
3276 4429 3355 4491 εἰς
3383 4426 3585 4489 πολλὰς
3613 4426 3712 4498 τὴν

2026 4523 2236 4577 ἐκείνου
2269 4522 2508 4575 διάνοιαν
2539 4520 2785 4590 σχίζουσι
2817 4517 3129 4588 φροντίδας.
3168 4516 3340 4569 Ὅταν
3376 4517 3455 4579 εἰς
3485 4514 3556 4567 τὰ
3590 4533 3713 4568 παι-

2024 4612 2111 4664 δία
2141 4609 2330 4681 ἀπίδῃ,
2363 4610 2463 4678 τὴν
2492 4608 2762 4680 ὀρφανίαν
2807 4605 2995 4662 αὑτῶν.
3030 4607 3233 4656 ἐννοεῖ’
3265 4605 3398 4659 ὅταν
3445 4606 3581 4678 πρὸς
3616 4607 3714 4679 τὴν

2025 4703 2262 4769 γυναῖκα
2283 4697 2590 4768 ἀποϐλέψῃ,
2610 4697 2709 4768 τὴν
2729 4695 2959 4767 χηρείαν
2987 4693 3264 4762 λογίζεται
3285 4712 3300 4725 ·
3323 4695 3453 4748 ὃταν
3482 4695 3568 4768 ἴδῃ
3587 4696 3716 4759 τοὺς
3789 4767 3792 4772 ι

2025 4788 2264 4850 οἰκέτας,
2306 4786 2405 4858 τὴν
2435 4785 2671 4855 ἐρημίαν
2703 4783 2924 4854 ἀπάσης
2950 4784 3146 4835 σκοπεῖ
3185 4782 3284 4853 τῆς
3311 4783 3493 4846 οἰκίας
3515 4799 3527 4811 ·
3585 4783 3718 4839 ὅταν

2027 4878 2166 4949 πρὸς
2195 4876 2386 4929 ἑαυτὸν
2412 4873 2704 4948 ἐπανέλθῃι
2727 4873 2826 4945 τῆς
2857 4872 3148 4944 παρούσης
3177 4872 3371 4924 ἑαυτὸν
3399 4873 3716 4942 ἀναμιμνή-

2029 4983 2149 5019 σκει
2202 4965 2372 5034 ζωῆς,
2427 4964 2528 5016 καὶ.
2554 4961 3003 5034 ἀποῤῥήγνυσθαι
3057 4959 3292 5031 μέλλων,
3325 4959 3460 5014 πολὺ
3497 4960 3714 5029 δέχεται

2026 5055 2127 5124 τῆς
2157 5054 2396 5124 ἀθυμίας
2420 5053 2481 5104 τὸ
2508 5051 2688 5120 νέφος.
2725 5049 2964 5120 Τοιαύτη
2997 5051 3031 5121 ἡ
3060 5048 3156 5102 106
3205 5049 3493 5118 μέλλοντος
3546 5063 3714 5116 μυστ-

2029 5140 2366 5210 αγωγεῖσθαι
2392 5139 2560 5211 ψυχή.
2584 5133 2717 5191 Εἶτα
2745 5136 2948 5206 μεταξὺ
2984 5137 3094 5190 τῶν
3121 5137 3368 5210 θορύϐων
3393 5135 3484 5192 καὶ
3506 5135 3605 5204 τῆς
3629 5151 3718 5186 τα·

2033 5231 2205 5301 ράχῆς
2244 5228 2438 5301 αὐτῆς,
2474 5226 2860 5296 ἐπεισέρχεται
2888 5226 2917 5278 δ
2955 5226 3135 5295 ἱερεὺς
3161 5223 3326 5282 αὑτοῦ
3358 5225 3453 5275 τοῦ
3479 5221 3718 5292 πυρετοῦ

2029 5316 2408 5389 φοϐερώτερος
2439 5313 2545 5377 ῶν,
2571 5313 2668 5367 καὶ
2713 5313 2808 5366 τοῦ
2840 5313 3075 5367 θανάτου
3104 5315 3218 5374 τοῖς
3267 5311 3364 5364 τοῦ
3414 5311 3717 5379 κάμνοντες

2030 5407 2403 5477 προσήκουσιν
2444 5402 2848 5473 ἀπηνέστερος·
2891 5401 2992 5471 τῆς
3028 5401 3142 5477 γᾲρ,
3165 5400 3260 5453 τοῦ
3295 5397 3479 5470 ἰατροῦ
3528 5398 3715 5466 φωνῆς

2028 5497 2128 5566 τῆς
2153 5491 2644 5561 ἀπογινωσκούσης
2671 5489 2768 5561 τὴν
2797 5488 2943 5559 ζωὴν
2971 5487 3070 5559 τὴν
3104 5488 3316 5539 ἐκείνου
3349 5485 3554 5554 μείζων
3581 5485 3716 5536 ἀπό-

2029 5600 2231 5652 γνωσις
2265 5578 2405 5636 εἶναι
2435 5580 2715 5652 νομίζεται
2751 5581 2785 5650 ἡ
2819 5577 2914 5631 τοῦ
2950 5576 3328 5649 πρεσϐυτέρου
3358 5574 3584 5636 εἴσοδος,
3617 5572 3714 5624 καὶ

2031 5654 2265 5728 θανάτου
2299 5669 2568 5742 σύμϐολον
2597 5665 2737 5723 εἶναι
2772 5668 2920 5721 δοκεῖ
2947 5665 3049 5738 τῆς
3078 5664 3301 5718 αἰωνίου
3339 5662 3486 5734 ζωῆς
3514 5665 3548 5735 ἡ
3585 5662 3719 5715 ὑπό-

2035 5763 2206 5823 Θεσις.
2252 5759 2389 5811 Ἀλλ’
2419 5756 2573 5811 οὔπω
2608 5757 2698 5810 τὸν
2727 5755 3013 5825 κολοφῶνα
3047 5754 3299 5825 ἐπέθηκα
3342 5753 3452 5807 τῶν
3485 5751 3672 5805 κακῶν
3696 5767 3718 5782 ι

2038 5849 2241 5919 μεταξύ
2260 5847 2367 5918 γὰρ
2389 5845 2760 5918 θορυϐούντων
2781 5844 2891 5900 τῶν
2914 5843 3236 5915 ἐπιτηδείων
3257 5843 3351 5898 καὶ
3372 5860 3444 5896 πα
3451 5857 3735 5910 921715.00:-
