4046 6396
394 267 498 322 29.5

396 387 660 458 ζνημένων,
692 381 953 446 πολλάκις
975 380 1179 455 ἔρημον
1209 380 1411 449 ἀφεῖσα
1438 378 1499 431 τὸ
1529 377 1690 448 σῶμα
1712 374 2067 445 ἀπεπήδησεν

402 474 436 544 ἡ
462 469 624 543 ψυχὴ,
656 470 886 534 πολλοὺς
930 469 989 523 δὲ
1014 469 1109 523 καὶ
1139 466 1388 539 παροῦσα
1430 466 1587 519 οὐδὲν
1629 463 1861 535 ὤνησεν.
1902 464 2071 516 Ὅταν

400 561 507 631 γὰρ
525 561 660 631 μήτε
675 560 801 622 τοὺς
822 558 1095 630 παρόντας
1112 554 1475 628 ὲπιγινώσκῃ,
1497 554 1635 625 μήτε
1661 552 1847 622 φωνῆς
1873 551 2070 624 ἀκούῃ,

401 649 541 719 μήτε
578 646 986 718 ἀποκρίνασθαι
1014 644 1241 715 δύνηται
1271 644 1344 698 τὰ
1381 644 1605 714 ῥήματα
1634 644 1840 705 ἐκεῖνα,
1880 640 1948 693 δι’
1997 633 2073 693 ὧν

396 738 498 808 τὴν
525 738 798 811 μακαρίαν
834 735 1111 807 συνθήκην
1139 733 1278 805 πρὸς
1301 733 1393 786 τὸν
1421 732 1602 787 κοινὸν
1630 730 1789 803 ἡμῶν
1819 730 2076 785 ἁπάντων

398 825 769 897 καταθήσεται
792 823 1090 895 Δεσπότην,
1109 822 1222 876 ἀλλ’
1238 821 1427 892 ῶσπερ
1456 820 1611 886 ξύλον
1644 818 1815 892 ἀργὸν
1847 817 1880 890 ἢ
1906 817 2073 885 λίθος,

397 915 428 968 ὁ
451 913 781 983 φωτίζεσθαι
816 913 1024 984 μέλλων
1048 912 1339 984 πρόκειται
1363 909 1561 982 νεκροῦ
1583 908 1751 981 μηδὲν
1775 907 2071 979 διαφέρων,

398 1001 453 1055 τί
475 1004 576 1073 τῆς
602 1001 988 1072 μυσταγωγίας
1020 999 1212 1070 ὄφελος
1241 1000 1301 1053 ἐν
1331 996 1665 1069 ἀναισθησίᾳ
1688 994 1968 1067 τοσαύτῃ;

472 1105 539 1177 β’.
564 1107 667 1162 Τὸν
712 1108 820 1180 γὰρ
850 1108 963 1171 τοῖς
999 1107 1165 1178 ἱεροῖς
1191 1103 1403 1169 τούτοις
1422 1104 1517 1159 καὶ
1540 1104 1791 1176 φρικτοῖς
1814 1101 2078 1174 μέλλοντα

400 1194 684 1266 προσιέναι
720 1194 1042 1267 μυστηρίοις
1060 1193 1424 1265 ἐγρηγορέναι
1445 1193 1551 1264 χρὴ
1579 1191 1675 1245 καὶ
1698 1188 2075 1261 διεγηγέρθαι,

401 1281 583 1351 πάσης
609 1281 868 1353 βιωτικῆς
885 1280 1166 1354 φροντίδος
1188 1277 1329 1335 εἶναι
1358 1278 1621 1351 καθαρὸν,
1653 1277 1859 1349 πολλῆς
1884 1276 2078 1347 γέμειν

403 1368 781 1441 σωφροσύνης,
814 1369 1018 1441 πολλῆς
1050 1367 1384 1440 προθυμίας,
1424 1369 1604 1423 πάντα
1636 1365 1729 1419 τὸν
1761 1364 2078 1436 μυστηρίων

401 1459 683 1531 ἀλλότριον
714 1459 975 1531 λογισμὸν
1000 1456 1264 1531 ἐξορίζειν
1280 1456 1382 1528 τῆς
1407 1454 1671 1521 διανοίας,
1696 1454 1792 1508 καὶ
1814 1450 2079 1507 πάντοθεν

402 1548 643 1620 καθαρὸν
674 1546 1120 1622 παρασκευάζειν
1153 1548 1245 1601 τὸν
1262 1542 1435 1611 οἷκον,
1463 1544 1655 1617 ῶσπερ
1687 1543 1850 1597 αὐτὸν
1883 1540 2080 1596 ὐποδέ-

400 1636 594 1706 χεσθαι
649 1637 914 1707 μέλλοντα
941 1637 1035 1689 τὸν
1088 1634 1336 1706 βασιλέα.
1387 1632 1627 1704 Τοιαύτη
1662 1631 1765 1703 τῆς
1805 1631 2077 1703 ὑμετέρας

399 1724 640 1789 διανοίας
673 1727 707 1797 ἡ
740 1723 1087 1794 παρασκευὴ,
1120 1722 1354 1778 τοιοῦτοι
1384 1724 1515 1794 παρ’
1544 1723 1674 1792 ὑμῖν
1705 1722 1755 1774 οἱ
1802 1719 2076 1789 λογισμοὶ,

399 1812 623 1883 τοιαύτη
656 1813 757 1883 τῆς
802 1813 984 1883 ψυχῆς
1037 1813 1071 1883 ἡ
1105 1810 1450 1883 προαίρεσις.
1489 1809 1602 1881 Τὴν
1638 1808 1742 1880 μὲν
1790 1802 1884 1862 οὖν
1919 1806 2079 1873 ἀξίαν

400 1900 632 1972 ἀμοιϐὴν
659 1901 759 1973 τῆς
807 1900 1038 1972 ἀρίστης
1069 1899 1274 1970 ταύτης
1304 1898 1533 1970 γνώμης
1577 1897 1878 1968 ἀναμένετε
1927 1894 2080 1967 παρά

398 1987 492 2040 τοῦ
527 1987 693 2053 Θεοῦ,
739 1987 835 2042 τοῦ
861 1990 980 2052 ταῖς
1024 1987 1323 2042 ἀντιδόσεσι
1353 1986 1616 2049 νικῶντος
1660 1984 1789 2047 τοὺς
1828 1982 1928 2054 τὴν
1975 1982 2080 2035 ύπ-

398 2075 566 2146 ἀκοὴν
595 2074 1072 2147 ἐπιδεικνυμένους
1100 2074 1200 2147 τὴν
1230 2074 1367 2146 πρὸς
1395 2072 1578 2129 αὐτόν.
1624 2071 1842 2142 Ἐπειδὴ
1871 2070 1930 2123 δὲ
1971 2069 2078 2141 χρὴ

398 2163 491 2214 καὶ
510 2165 625 2226 τοῖς
650 2162 955 2226 συνδούλοις
982 2161 1056 2217 τά
1082 2162 1212 2233 παρ’
1235 2160 1445 2216 ἑαυτῶν
1474 2160 1829 2228 εἰσενεγκεῖν,
1879 2159 1975 2211 καὶ
2007 2159 2078 2212 τὰ

398 2251 528 2322 παρ’
550 2251 707 2321 ἡμῶν
736 2251 1062 2322 είσοίσομεν,
1097 2250 1298 2322 μᾶλλον
1343 2249 1401 2304 δέ
1437 2249 1559 2302 ούδέ
1595 2248 1770 2303 ταῦτα
1806 2247 2075 2319 ἡμέτερα,

396 2338 534 2392 ἁλλά
566 2337 852 2393 καὶταῦτα
876 2338 1202 2393 Δεσποτικά.
1254 2337 1320 2391 Τί
1347 2338 1457 2410 γὰρ
1490 2337 1658 2408 ἔχεις,
1694 2337 1879 2407 φησὶν,
1910 2334 1939 2388 ὃ
1976 2335 2078 2387 ούκ

397 2426 615 2491 ἔλαϐεςς
646 2428 695 2481 εί
744 2426 801 2481 δέ
850 2427 945 2481 καὶ
982 2426 1197 2491 ἔλαϐες,
1243 2425 1296 2480 τί
1328 2427 1604 2495 καυχᾶσαι
1634 2425 1710 2489 ὡς
1757 2424 1833 2495 μὴ
1858 2421 2075 2487 λαϐών;

410 2515 739 2587 Ἐϐουλόμην
795 2518 894 2586 μὲν
935 2516 1151 2586 πρῶτον
1193 2514 1450 2569 ἁπάντων
1496 2515 1673 2566 εἰπεῖν
1698 2528 1712 2542 ·
1751 2512 1817 2566 Τί
1874 2512 2077 2582 δήποτε

395 2602 847 2675 παραδραμόντες
875 2607 907 2677 ἡ
919 2604 1034 2675 μῶν
1060 2606 1108 2660 οί
1137 2604 1375 2675 πατέρες
1416 2604 1631 2657 ᾶπαντα
1672 2601 1764 2655 τὸν
1805 2600 2073 2668 ἐνιαυτὸν,

395 2692 453 2743 ἐν
480 2690 654 2762 τούτῳ
681 2690 760 2763 τῷ
785 2691 964 2765 καιρῷ
1001 2691 1483 2764 μυσταγωγεῖσθαι
1517 2690 1587 2743 τά
1617 2688 1784 2743 τέκνα
1802 2689 1905 2760 τῆς
1953 2689 2078 2741 Ἐκ-

396 2780 623 2850 κλησίας
654 2780 1088 2853 ἐνομοθέτησανς
1120 2781 1214 2834 καὶ
1243 2780 1389 2845 τίνος
1420 2779 1606 2834 ἕνεκεν
1643 2777 1784 2849 μετά
1810 2777 1909 2849 τὴν
1942 2779 2075 2849 παρ’

394 2867 553 2937 ὴμῶν
584 2867 935 2923 διδασκαλίαν
967 2869 1334 2932 ὑπολύσαντες
1364 2868 1509 2939 ὑμᾶς
1539 2868 1632 2921 καὶ
1681 2865 2073 2929 ἀποδύσαντες,

394 2957 636 3025 γυμνοὺς
673 2957 765 3011 καὶ
811 2958 1175 3020 ἁνυποδέτους
1227 2955 1380 3029 [228]
1429 2955 1567 3027 μετά
1600 2954 1695 3010 τοῦ
1747 2954 2073 3027 χιτωνίσκου

398 3045 560 3115 μόνου
602 3046 743 3118 πρὸς
771 3046 870 3109 τὰς
904 3044 1012 3099 τῶν
1062 3045 1448 3116 ἐξορκιςόντων
1497 3044 1933 3116 παραπέμπουσι
1963 3061 2076 3113 φω-

395 3133 513 3196 νάς.
536 3132 615 3189 Ού
639 3135 749 3207 γὰρ
768 3134 958 3198 ἁπλῶς
981 3134 1102 3187 οὐδὲ
1132 3135 1258 3206 εἰκῆ
1285 3135 1380 3189 καὶ
1410 3134 1471 3187 τὸ
1502 3134 1690 3205 σχῆμα
1723 3134 1818 3201 καὶ
1845 3133 1936 3188 τὸν
1953 3151 2076 3187 και-

400 3221 490 3292 ρδν
513 3223 713 3277 ἐκείνοι
744 3222 933 3277 τοῦτον
978 3224 1113 3293 ἡμῖν
1165 3222 1535 3276 διετύπωσαν·
1589 3221 1705 3276 ἀλλ’
1753 3221 1866 3292 ἔχει
1898 3220 2074 3275 ταῦτα

396 3309 685 3381 ἀμφότερα
709 3311 971 3381 μυστικόν
996 3328 1118 3364 τινα
1148 3310 1308 3379 λόγον
1336 3312 1430 3364 καὶ
1450 3310 1782 3382 ἀπόρρητον.
1818 3308 1921 3365 Καὶ
1954 3309 2076 3362 τοῦ-

394 3414 484 3450 τον
508 3399 639 3469 ὑμῖν
666 3398 969 3470 ἐϐουλόμην
986 3400 1161 3453 εἰπεῖν
1180 3417 1193 3430 ·
1222 3399 1332 3471 ὁρῶ
1348 3400 1404 3453 δέ
1435 3400 1517 3454 ὅτι
1541 3399 1676 3473 πρὸς
1695 3400 1881 3471 ἕτερον
1911 3399 2075 3467 ἀναγ-

392 3487 678 3557 καιότερον
710 3488 858 3557 ἡμᾶς
889 3487 1209 3555 κατεπείγει
1261 3487 1355 3541 νῦν
1388 3489 1416 3541 ὁ
1446 3488 1624 3557 λόγος.
1688 3488 1926 3558 Ἀνάγκη
1962 3486 2073 3559 γάρ

392 3578 568 3629 εἰπεῖν
597 3576 650 3630 τί
701 3577 834 3630 ποτέ
878 3578 996 3630 ἐστι
1043 3577 1102 3630 τὸ
1142 3577 1445 3649 βάπτισμα,
1484 3578 1581 3631 καὶ
1606 3578 1752 3640 τίνος
1778 3580 1964 3633 ἕνεκεν
1991 3580 2073 3643 είς

390 3663 483 3716 τὸν
512 3662 624 3733 βίον
664 3662 881 3734 εἰσῆλθε
912 3664 1006 3718 τὸν
1039 3665 1330 3739 ἡμέτερον,
1366 3665 1461 3719 καὶ
1491 3665 1633 3719 πόσα
1687 3666 1905 3736 κομίζει
1938 3666 2072 3738 ἡμῖν

389 3749 460 3804 τά
492 3750 695 3819 ἀγαθά..

476 3855 637 3919 ‘An’,
668 3858 717 3910 εί
747 3855 1024 3927 βούλεσθε,
1070 3857 1339 3929 πρότερον
1387 3858 1645 3930 περὶτῆς
1692 3860 2069 3931 προσηγορίας

389 3941 484 3995 τοῦ
524 3944 789 4014 μυστικοῦ
830 3944 1024 3999 τούτου
1058 3942 1349 4016 καθαρμοῦ
1396 3943 1790 4016 διαλεχθῶμεν.
1833 3946 1909 3999 Ού
1960 3947 2070 4019 γάρ

390 4031 540 4085 ἐστιν
584 4030 642 4085 ἒν
691 4031 841 4103 αὐτῷ
868 4032 1062 4103 ὄνομα,
1110 4031 1250 4086 ἀλλά
1282 4031 1453 4085 πολλὰ
1489 4033 1585 4085 καὶ
1612 4032 1967 4087 παντοδαπά·
2009 4037 2070 4089 τὸ

389 4119 499 4190 γὰρ
527 4118 827 4191 καθάρσιον
856 4119 1017 4175 τοῦτο
1050 4119 1301 4176 καλεῖται
1340 4120 1566 4193 λουτρὸν
1604 4121 2029 4191 παλιγγενεσίας
2049 4142 2063 4157 ·

394 4206 631 4262 Ἔσωσε
650 4206 759 4278 γὰρ
793 4206 970 4277 ἡμᾶς,
1007 4210 1162 4280 φησὶ,
1190 4208 1290 4263 διὰ
1310 4210 1570 4278 λουτροῦ
1597 4213 2068 4282 παλιγγενεσίας

387 4294 488 4347 καὶ
523 4295 962 4362 ἀνακαινίσεως
1006 4297 1352 4367 Πνεύματος
1396 4298 1592 4367 ἁγίου.
1654 4299 1920 4354 Καλεῖται
1970 4301 2068 4354 καὶ

388 4382 666 4454 φώτισμα,
689 4384 785 4436 καὶ
817 4383 976 4437 τοῦτο
1001 4384 1215 4448 Παῦλος
1235 4385 1369 4439 αὐτὸ
1394 4386 1557 4440 πάλιν
1595 4388 1887 4442 ἐκάλεσεν·
1913 4389 2068 4445 Ἁνα-

380 4471 802 4539 μιμνήσκεσθε
834 4474 944 4543 γὰρ
975 4472 1085 4539 τὰς
1113 4473 1405 4544 πρότερον
1430 4474 1678 4544 ἡμέρας,
1712 4476 1783 4530 ἐν
1809 4472 1907 4544 αἷς
1947 4496 2067 4548 φω-

385 4557 693 4626 τισθέντες
719 4559 966 4628 πολλὴν
991 4560 1258 4627 ἄθλησιν
1284 4564 1642 4632 ὑπεμείνατε
1660 4564 2023 4634 παθημάτων
2048 4582 2061 4596 ·

384 4644 482 4697 καὶ
534 4645 717 4710 πάλιν,
764 4646 1084 4701 Ἀδύνατον
1110 4648 1222 4718 γὰρ
1272 4647 1417 4715 τοὺς
1438 4648 1603 4715 ἅπαξ
1658 4651 2066 4721 φωτισθέντας

385 4731 484 4785 καὶ
516 4732 929 4801 γευσαμένους
966 4733 1078 4803 τῆς
1104 4734 1332 4805 δωρεᾶς
1378 4734 1491 4805 τῆς
1527 4737 1915 4807 ἐπουρανίου,
1964 4741 2066 4795 καὶ

385 4821 879 4887 παραπεσόντας,
917 4821 1110 4877 πάλιν
1145 4823 1551 4884 ἀνακαινίζειν
1588 4828 1676 4891 είς
1715 4826 2061 4895 μετάνοιαν.

384 4905 648 4960 Καλεῖται
678 4907 774 4961 καὶ
803 4907 1086 4980 βάπτισμα
1105 4927 1119 4940 ·
1153 4911 1319 4965 Ὅσοι
1368 4910 1480 4981 γὰρ
1502 4914 1592 4978 είς
1623 4912 1885 4980 Χριστὸν
1926 4914 2064 4968 ἐϐα-

382 4994 693 5063 πτίσθητε,
716 4996 977 5064 Χριστὸν
995 4996 1389 5053 ἐνεδύσασθε.
1424 5000 1689 5055 Καλεῖται
1720 5002 1887 5073 ταφή·
1913 5006 2063 5056 Evr--

381 5079 637 5150 ετάςρητε
677 5081 787 5151 γὰρ
828 5083 1010 5151 αὐτῷ,
1048 5086 1203 5157 φησὶ,
1243 5085 1341 5140 διὰ
1376 5086 1485 5141 τοῦ
1508 5087 1933 5159 βαπτίσματος
1976 5093 2064 5157 εὶς

381 5168 490 5221 τὸν
507 5168 789 5225 θάνατον.
807 5171 1074 5227 Καλεῖται
1097 5176 1370 5246 περιτομή
1392 5192 1405 5206 ·
1444 5174 1542 5227 Ἐν
1559 5168 1608 5247 ᾧ
1634 5176 1731 5230 καὶ
1756 5179 2063 5247 περιετμή-

382 5258 524 5322 θητε
557 5258 844 5329 περιτομῇ
898 5260 1349 5330 ἀχειροποιήτῳ,
1370 5262 1441 5317 ἐν
1466 5263 1541 5333 τῇ
1569 5264 1901 5320 ἀπεκδύσει
1955 5267 2062 5321 τοῦ

381 5344 660 5414 σώματος
696 5347 818 5402 τῶν
841 5348 1142 5419 ἁμαρτιῶν
1166 5348 1277 5419 τῆς
1298 5351 1545 5420 σαρκός.
1587 5351 1851 5407 Καλεῖται
1897 5370 2062 5407 σταυ-

386 5434 476 5503 ρός
493 5448 508 5463 ·
538 5433 603 5488 '0
628 5435 883 5503 παλαιὸς
905 5436 1016 5506 γὰρ
1042 5436 1356 5506 ἅνθρωπος
1373 5439 1545 5509 ἡμῶν
1563 5443 2057 5512 συνεσταυρώθη,

383 5519 484 5574 ἵνα
511 5523 857 5593 καταργηθῇ
913 5525 981 5579 τὸ
1031 5524 1205 5594 σῶμα
1248 5526 1361 5594 τῆς
1399 5527 1709 5598 ἁμαρτίας.
1761 5532 1919 5584 Ἔστι
1967 5535 2061 5587 καὶ

381 5609 548 5680 ἕτερα
576 5611 796 5666 πλείονα
820 5611 1026 5666 τούτων
1049 5614 1226 5667 εἰπεῖν
1258 5615 1520 5686 ὀνόματα,
1574 5615 1689 5669 ἀλλ’
1725 5617 1815 5671 ἵνα
1859 5619 1934 5689 μὴ
1966 5620 2057 5674 τὸν

383 5697 577 5763 καιρὸν
594 5698 806 5756 ἅπαντα
827 5700 906 5768 είς
934 5699 1033 5764 τὰς
1048 5701 1419 5775 προσηγορίας
1437 5703 1531 5757 τοῦ
1551 5704 1890 5777 χαρίσματος
1915 5707 2049 5761 ἀνα-

1205 265 1263 319 S.
1303 258 1594 317 JOANNIS
1633 255 2126 315 CHRYSOSTOMI
2162 257 2481 315 ARCIIIEP.
2523 258 3073 316 CONSTANTINOP.

3727 258 3829 316 226

2175 372 2457 446 λώσωμεν,
2484 376 2618 450 φέρε
2647 378 2741 431 ἐπὶ
2761 378 2861 448 τὴν
2879 377 3152 448 προτέραν
3177 378 3552 449 προσηγορίαν
3573 377 3830 451 ἐλθόντες,

2174 465 2270 520 καὶ
2292 466 2497 539 ταύτης
2527 469 2627 539 τὴν
2670 469 2949 539 σημασίαν
2989 467 3236 532 εἰπόντες
3272 469 3713 541 καταπαύσωμεν
3745 475 3833 527 τὸο

2174 552 2362 621 λόγον·
2402 556 2540 618 τέως
2576 556 2634 610 δὲ
2678 557 2937 630 ἀνωτέρω
2977 557 3174 626 μικρὸν
3210 556 3307 629 τὴν
3349 558 3697 613 διδασκαλίαν
3737 560 3837 614 ἐλ-

2174 643 2458 714 κύσωμεν.
2514 645 2671 697 Ἐστι
2708 645 2771 697 τὸ
2830 644 3010 697 κοινὸν
3067 646 3325 699 ἀπάντων
3378 646 3682 717 ἀνθρώπων
3727 650 3839 701 λου-

2174 731 2303 805 τρὸν
2328 732 2389 785 τὸ
2416 731 2504 786 διά
2525 731 2635 785 τῶν
2658 732 2978 803 βαλανείων,
3012 731 3042 785 ὃ
3073 732 3165 786 τὸν
3186 732 3278 786 τοῦ
3314 732 3568 804 σώματος
3595 735 3843 805 ἀποσμή-

2176 839 2295 893 χειν
2314 821 2471 876 εἴωθε
2503 821 2691 893 ῥύπον·
2714 821 2831 875 ἐστι
2852 822 2908 874 δέ
2940 823 3035 875 καὶ
3055 821 3280 892 λουτρὸν
3310 823 3619 888 Ἰουδαϊκὸν,
3636 824 3840 877 ἐκείνου

2181 910 2281 982 μὲν
2318 911 2679 982 σεμνότερον,
2709 910 2804 964 τοῦ
2842 910 2900 965 δέ
2945 909 3046 980 τῆς
3086 911 3311 981 χάριτος
3353 911 3486 965 πολὺ
3517 912 3839 983 κατώτερον·

2177 998 2274 1052 καὶ
2301 998 2435 1052 αὐτὸ
2466 998 2565 1069 μὲν
2592 997 2703 1070 γὰρ
2732 998 3041 1068 σωματικὸν
3067 999 3380 1069 ἀποσμήχει
3409 998 3601 1070 ῥύπον,
3619 998 3735 1052 ἀλλ’
3752 1002 3847 1072 οὑχ

2179 1086 2365 1150 ἁπλῶς
2395 1085 2727 1155 σωματικὸν,
2756 1086 2892 1141 ἀλλά
2915 1087 3009 1139 καὶ
3029 1086 3327 1150 συνειδότος
3350 1087 3654 1158 ἁπτόμενον
3686 1088 3847 1143 ἀσθε-

2181 1173 2325 1238 νοῦς.
2369 1175 2528 1227 Ἐστι
2585 1175 2695 1245 γὰρ
2735 1173 2905 1226 πολλά
2936 1172 3045 1226 τῶν
3078 1175 3450 1245 πραγμάτων,
3491 1174 3526 1229 ἀ
3560 1176 3721 1242 φύσει
3752 1178 3848 1247 μὲν

2178 1262 2277 1315 οὐκ
2308 1260 2455 1315 ἔστιν
2479 1261 2786 1333 ἀκάθαρτα,
2825 1262 2933 1316 ἀπὸ
2966 1261 3023 1316 δὲ
3048 1263 3146 1332 τῆς
3177 1262 3459 1326 ἀσθενείας
3489 1261 3581 1316 τοῦ
3614 1264 3849 1318 συνειδό-

2176 1369 2268 1416 τος
2288 1352 2576 1423 ἀκάθαρτα
2593 1352 2823 1421 γίνεται.
2846 1351 2957 1405 Καὶ
2993 1350 3246 1423 καθάπερ
3276 1352 3369 1406 ἐπὶ
3391 1353 3500 1406 τῶν
3532 1353 3759 1407 παιδίων
3786 1354 3849 1407 τά

2178 1443 2499 1512 προσωπεῖα
2527 1440 2622 1493 καὶ
2647 1439 2714 1494 τά
2734 1439 2896 1494 λοιπὰ
2923 1440 3295 1512 μορμολύκεια
3315 1441 3473 1510 φύσει
3495 1441 3593 1512 μὲν
3614 1442 3715 1496 οὐκ
3738 1442 3849 1495 ἐστι

2179 1527 2408 1599 φοϐερὰ,
2439 1527 2648 1599 φοϐερά
2674 1528 2732 1581 δέ
2762 1524 2901 1582 εἶναι
2925 1531 3039 1592 τοῖς
3076 1527 3311 1592 παιδίοις
3343 1529 3491 1582 δοκεῖ
3515 1528 3603 1582 διὰ
3627 1530 3728 1597 τὴν
3752 1529 3850 1599 τῆς

2179 1615 2395 1685 φύσεως
2422 1614 2727 1679 ἀσθένειαν,
2745 1614 2889 1669 οὕτω
2909 1615 3003 1669 καὶ
3027 1616 3120 1669 ἐπὶ
3138 1615 3341 1670 τούτων
3358 1609 3434 1669 ὧν
3458 1612 3610 1670 εἷπον
3629 1633 3640 1644 ·
3664 1610 3776 1670 οἷον
3795 1618 3849 1670 τὺ

2178 1703 2390 1775 νεκρῶν
2407 1703 2645 1773 ἅψασθαι
2689 1704 2978 1774 σωμάτων,
3004 1703 3165 1772 φύσει
3189 1704 3289 1774 μὲν
3313 1704 3414 1757 οὐκ
3438 1704 3584 1757 ἐστιν
3610 1704 3849 1777 ἀκάθαρ⁶

2175 1809 2289 1857 τον,
2316 1794 2444 1846 ὅταν
2475 1793 2533 1847 δὲ
2570 1792 2835 1857 ἀσθενοῦς
2884 1793 3211 1863 ἐπιλάϐηται
3243 1794 3569 1858 συνειδότος,
3610 1793 3850 1864 ἀκάθαρ-

2178 1895 2270 1932 τον
2321 1882 2467 1933 ποιεῖ
2516 1880 2608 1933 τὸν
2656 1878 2955 1949 ἁψάμενον.
3002 1880 3125 1934 Ὀτι
3171 1880 3282 1951 γὰρ
3306 1881 3406 1933 οὐκ
3437 1881 3585 1935 ἐστιν
3612 1881 3850 1954 ἀκάθαρ-

2179 1984 2270 2020 τον
2317 1968 2477 2036 φύσει
2524 1969 2587 2021 τὸ
2637 1970 2899 2040 πρᾶγμα,
2949 1968 3114 2032 αὐτὸς
3157 1972 3186 2023 ὁ
3237 1969 3411 2023 ταῦτα
3463 1969 3851 2041 διαταξάμενος

2177 2053 2418 2126 Μωῡσῆς
2451 2056 2741 2126 ἐδήλωσεν,
2761 2056 3057 2127 ὁλόκληρον
3084 2057 3480 2128 ἐπιφερόμενος
3519 2057 3635 2128 μεθ’
3661 2056 3849 2111 ἐαυτοῦ

2178 2144 2372 2214 νεκρὸν
2399 2145 2493 2199 τὸν
2531 2146 2730 2218 Ἰωσὴφ
2750 2188 2765 2212 ,
2796 2146 2892 2199 καὶ
2924 2146 3102 2217 μένων
3138 2145 3401 2217 καθαρός.
3432 2146 3530 2199 Διά
3559 2146 3717 2200 τοῦτο
3762 2148 3850 2201 καὶ

2177 2230 2389 2297 Παῦλος
2411 2234 2545 2304 ἡμῖν
2566 2236 2696 2304 περί
2722 2234 2825 2305 τῆς
2856 2233 3201 2304 ἀκαθαρσίας
3233 2234 3441 2305 ταύτης
3473 2234 3850 2304 διαλεγόμενος

2176 2319 2277 2390 τῆς
2304 2320 2365 2373 ού
2386 2321 2548 2390 φύσει
2572 2321 2887 2394 γινομένης,
2920 2323 3058 2377 ἀλλά
3084 2322 3151 2377 δι’
3172 2322 3460 2376 ἀσθένειαν
3487 2322 3583 2376 τοῦ
3616 2324 3849 2377 συνειδό-

2177 2423 2289 2470 τος,
2314 2408 2512 2461 οὑτωσί
2539 2408 2657 2474 πώς
2680 2426 2864 2481 φησιν·
2884 2409 3077 2465 Οὐδὲν
3099 2410 3306 2465 κοινὸν
3331 2410 3408 2464 δι’
3424 2410 3664 2473 ἑαυτοῦ,
3693 2414 3746 2465 εί
3765 2413 3848 2481 μὴ

2176 2493 2257 2559 τῷ
2294 2496 2652 2567 λογιζομένῳ
2672 2516 2727 2551 τι
2750 2498 2958 2553 κοινὸν
2988 2494 3163 2553 εἶναι.
3193 2500 3357 2571 Ὁρᾷς
3382 2501 3485 2571 τὴν
3513 2500 3849 2572 ἀκαθαρσίαν

2175 2588 2276 2640 οὐκ
2297 2587 2404 2640 ἀπὸ
2427 2587 2528 2658 τῆς
2557 2586 2650 2641 τοῦ
2677 2587 3006 2657 πράγματος
3040 2587 3275 2658 φύσεως,
3298 2587 3414 2641 ἀλλ’
3431 2587 3541 2641 ἀπὸ
3567 2588 3668 2658 τῆς
3688 2588 3848 2643 ἀσθεο

2177 2675 2326 2739 νείας
2362 2675 2457 2728 τοῦ
2491 2676 2755 2747 λογισμοῦ
2779 2675 3109 2746 γινομένηνς
3142 2676 3255 2729 Καὶ
3284 2675 3470 2739 πάλιν,
3511 2675 3718 2731 Πάντα
3738 2677 3848 2745 μὲν

2176 2765 2425 2833 καθαρὰ,
2462 2765 2623 2820 ἀλλὰ
2657 2764 2848 2818 κακὸν
2873 2763 2955 2830 τῷ
2984 2762 3275 2832 ἀνθρώπῳ
3319 2763 3400 2830 τῷ
3425 2764 3524 2820 διὰ
3550 2767 3849 2835 προσκόμο

2170 2869 2362 2921 ματος
2392 2852 2678 2907 ἐσθίοντι.
2716 2851 2735 2925 [
2765 2852 2929 2924 Ὁρᾷς
2964 2852 3047 2906 ὅτι
3086 2851 3149 2905 ού
3177 2851 3241 2905 τὸ
3274 2852 3495 2915 ἐσθίειν⁹
3524 2853 3664 2907 ἀλλά
3691 2854 3848 2908 τὸδιά

2178 2941 2329 3014 [229]
2358 2944 2784 3015 προσκόμματος
2811 2942 3063 3015 ἐσθίειν.]
3095 2943 3251 2997 τοῦτο
3277 2945 3448 2998 αἴτιον
3475 2944 3848 3014 ἀκαθαρσίας;

2245 3040 2314 3102 γ’.
2377 3032 2490 3105 Τὴν
2548 3035 2805 3106 τοιαύτην
2863 3034 3057 3105 κηλῖδα
3101 3035 3161 3088 τὸ
3213 3035 3503 3089 Ἰουδαϊκὸν
3555 3036 3847 3108 ἐξεκάθαρε

2173 3120 2418 3191 λουτρόν·
2446 3120 2505 3174 τὸ
2534 3120 2590 3175 δὲ
2615 3121 2715 3194 τῆς
2751 3122 2975 3194 χάριτος
3001 3122 3062 3176 ού
3093 3122 3370 3194 τοιαύτην,
3394 3122 3530 3177 άλλά
3564 3123 3663 3194 τὴν
3685 3124 3849 3187 ὅντως

2174 3208 2517 3280 ἀκαθαρσίαν
2543 3209 2644 3281 τὴν
2675 3211 2813 3281 μετά
2837 3210 2931 3264 τοῦ
2966 3210 3219 3281 σώματος
3255 3213 3351 3265 καὶ
3374 3214 3441 3282 τῇ
3467 3212 3613 3284 ψυχῇ
3655 3211 3848 3282 πολλὴν

2172 3296 2483 3350 ἐντεθεῖσαν
2510 3296 2608 3369 τὴν
2634 3298 2848 3367 κηλῖδα·
2895 3300 2957 3352 ού
2995 3299 3104 3370 γάρ
3131 3299 3257 3363 τοὺς
3295 3301 3503 3371 νεκρῶν
3540 3300 3849 3372 ἁψαμένους

2176 3386 2470 3457 σωμάτων,
2490 3386 2628 3440 ἀλλά
2650 3388 2777 3450 τοὺς
2802 3387 3015 3459 νεκρῶν
3033 3386 3284 3461 πράξεων
3300 3388 3613 3459 ἁψαμένους
3629 3388 3848 3453 τούτους

2172 3477 2322 3527 ποιεῖ
2347 3473 2644 3547 καθαρούς.
2694 3474 2813 3529 Κᾶν
2848 3476 3113 3546 μαλακὸς,
3164 3475 3268 3529 κᾶν
3320 3472 3577 3549 πόρνοςῇ
3609 3493 3707 3539 τις,
3745 3476 3849 3530 κᾶν

2172 3562 2587 3635 εἰδωλολάτρης,
2624 3562 2725 3617 κᾶν
2750 3562 2929 3616 ὁτιοῦν
2952 3564 3315 3636 εἰργασμένος
3348 3564 3541 3628 δεινὸν,
3578 3564 3676 3619 κᾶν
3696 3563 3848 3617 ᾶπα-

2174 3666 2273 3703 σαν
2294 3650 2395 3719 τὴν
2420 3652 2476 3702 ἐν
2502 3648 2811 3721 ἀνθρώποις
2831 3652 3097 3723 πονηρίαν
3131 3650 3268 3721 ἔχων
3288 3646 3346 3723 ᾖ,
3380 3650 3634 3721 ἐμπεσὼν
3651 3652 3731 3714 είς
3755 3650 3849 3721 τὴν

2170 3737 2279 3792 τῶν
2312 3739 2524 3793 ὑδάτων
2563 3737 2985 3809 κολυμϐήθραν,
3036 3739 3144 3792 τῶν
3178 3740 3420 3811 ἡλιακῶν
3467 3739 3849 3812 καθαρώτερος

2169 3826 2407 3881 ἀκτίνων
2449 3826 2663 3880 ἄνεισιν
2709 3827 2820 3881 ἀπὸ
2846 3825 2956 3879 τῶν
2989 3825 3150 3880 θείων
3184 3828 3462 3897 ναμάτων.
3500 3828 3611 3881 Kal
3642 3827 3725 3880 ἴνα
3775 3827 3850 3899 μὴ

2170 3917 2398 3991 νομίσῃς
2428 3916 2643 3987 κόμπον
2672 3913 2811 3972 εἶναι
2837 3916 2907 3971 τὰ
2933 3916 3226 3987 λεγόμενα,
3259 3918 3492 3972 ἄκουσον
3526 3917 3737 3971 Παύλου
3764 3917 3849 3971 λέ-

2170 4023 2358 4075 γοντος
2380 4008 2510 4077 περὶ
2533 4006 2634 4077 τῆς
2660 4005 2756 4059 τοῦ
2775 4004 3004 4077 λουτροῦ
3028 4005 3333 4077 δυνάμεως·
3366 4004 3462 4073 Μὴ
3503 4002 3846 4059 πλανᾶσθε·

2170 4094 2309 4148 οὔτε
2326 4093 2775 4163 εἰδωλολάτραι,
2822 4095 2966 4149 οὔτε
3010 4095 3242 4161 πόρνοι,
3272 4093 3410 4147 οὔτε
3453 4093 3673 4163 μοιχοὶ,
3702 4093 3848 4146 οὔτε

2163 4181 2449 4253 μαλακοὶ,
2498 4182 2638 4235 οὔτε
2680 4180 3117 4250 ἀρσενοκοῖται,
3172 4181 3310 4235 οὔτε
3358 4181 3731 4240 πλεονέκται.
3772 4181 3845 4232 οὐ

2162 4271 2437 4341 μέθυσοι.
2473 4275 2546 4327 οὐ
2582 4271 2869 4339 λοίδοροι.
2900 4273 3014 4340 οὐχ
3043 4270 3309 4340 ἅρπαγες
3332 4271 3663 4335 ,ϐασιλείαν
3694 4267 3844 4323 Θεοῦ

2166 4358 2240 4409 οὐ
2275 4357 2831 4426 κληρονομήσουσι.
2862 4358 2973 4411 Kal
3009 4358 3064 4409 τί
3094 4357 3252 4410 τοῦτο
3282 4359 3421 4428 πρὸς
3457 4361 3528 4412 τά
3554 4357 3840 4428 εἰρημένα,

2167 4442 2341 4512 φησί;
2370 4442 2431 4495 τὸ
2460 4441 2570 4513 γὰρ
2600 4444 2931 4514 ζητούμενον
2961 4444 3153 4510 δεῖξαι,
3210 4445 3259 4497 εί
3309 4445 3486 4497 πάντα
3528 4444 3842 4515 ἐκκαθαίρει

2163 4529 2340 4583 ταῦτα
2361 4531 2395 4601 ή
2422 4530 2518 4583 τοῦ
2550 4531 2776 4602 λουτροῦ
2807 4532 3057 4603 δύναμις.
3075 4531 3287 4585 Οὐκοῦν
3308 4533 3544 4586 ἄκουσον
3568 4534 3673 4586 τῶν
3690 4533 3840 4603 ἑξῆς·

2165 4618 2277 4673 Καὶ
2306 4617 2495 4672 ταῦτα
2515 4636 2677 4685 τινες
2700 4616 2828 4691 ἦτε,
2857 4620 2995 4675 ἀλλ’
3023 4620 3478 4684 ἀπελούσασθε,
3512 4621 3651 4677 ἀλλ’
3670 4617 3841 4689 ἠγιὰ-

2164 4710 2372 4773 σθητε,
2403 4706 2548 4762 ἀλλ’
2577 4706 2960 4773 ἐδικαιώθητε
2983 4708 3057 4761 ἐν
3096 4705 3178 4772 τῷ
3209 4707 3455 4775 ὀνόματι
3484 4709 3593 4763 τοῦ
3623 4708 3842 4773 Κυρίου

2164 4794 2336 4864 ἡμῶν
2364 4796 2561 4864 Ἰησοῦ
2590 4796 2850 4865 Χριστοῦ
2888 4796 2990 4851 καί
3022 4796 3094 4849 ἐν
3123 4795 3203 4861 τῷ
3222 4798 3526 4865 Πνεύματι
3553 4796 3656 4850 τοῦ
3686 4794 3840 4849 Θειῦ

2163 4885 2353 4954 ἡμῶν.
2383 4886 2573 4957 Ἡμεῖς
2603 4886 2703 4957 μὲν
2730 4886 3146 4958 ὑπισχνούμεθα
3177 4885 3349 4954 δεῖξαι
3381 4887 3535 4957 ύμῖν,
3567 4886 3841 4957 καθαροὺς

2164 4973 2419 5045 πορνείας
2447 4985 2475 5014 α
2502 4974 2823 5045 γινομένους
2854 4975 3074 5044 ἁπάσης
3111 4976 3236 5038 τοὺς
3254 4974 3333 5044 τῷ
3357 4974 3571 5046 λουτρῷ
3594 4973 3843 5044 προσιόν-

2162 5073 2280 5121 τας·
2308 5059 2337 5109 ὁ
2360 5056 2417 5108 δέ
2438 5057 2597 5125 λόγος
2618 5057 2779 5111 πλέον
2799 5056 3097 5123 ἀπέδειξεν,
3120 5058 3180 5111 ού
3209 5057 3486 5128 καθαροὺς
3507 5059 3677 5129 μόνον,
3697 5055 3841 5111 ἀλλά

2164 5145 2258 5195 καὶ
2284 5144 2474 5212 ἁγίους
2507 5145 2603 5198 καὶ
2624 5144 2870 5209 δικαίους
2894 5146 3247 5215 γενομένους·
3279 5146 3338 5197 ού
3371 5146 3482 5217 γὰρ
3511 5142 3676 5209 εἶπεν,
3704 5145 3841 5197 Ἄπι

2162 5232 2523 5297 ελούσασθε,
2542 5233 2722 5303 μόνον,
2740 5232 2877 5287 ἀλλά
2892 5234 3006 5298 καὶ,
3023 5233 3376 5302 Ἥγιὰσθητε
3387 5233 3487 5287 καὶ
3504 5230 3842 5297 ἐδικαιώθη-

2161 5336 2244 5372 τε.
2270 5319 2335 5371 Τί
2358 5319 2550 5373 τούτου
2579 5320 2775 5389 γένοιτ’
2796 5319 2861 5374 ἂν
2899 5320 3351 5391 παραδοξότερον,
3386 5322 3515 5374 ὅταν
3547 5321 3714 5375 πόνων
3739 5317 3843 5371 καὶ

2166 5405 2402 5477 ἱδρώτων
2424 5408 2591 5479 χωρὶς
2622 5409 2714 5461 καὶ
2737 5407 3181 5479 κατορθωμάτων
3206 5409 3519 5481 δικαιοσύνη
3544 5408 3837 5480 τικτομένη

2160 5486 2225 5560 ﬁ;
2256 5488 2483 5563 τοιαύτη
2506 5490 2616 5561 γὰρ
2643 5490 2744 5561 τῆς
2773 5489 2923 5553 θείας
2955 5490 3165 5563 δωρεᾶς
3195 5491 3228 5563 ἡ
3259 5492 3637 5564 φιλανθρωπία
3657 5492 3841 5563 χωρὶς

2158 5719 2190 5771 d
2222 5658 2247 5768 ἴ
2274 5656 2526 5721 ῐπὶςτῖτρε
2550 5662 2694 5709 vetus
2716 5656 2837 5723 legit
2867 5659 3110 5724 πονηρίας,
3147 5663 3199 5710 et
3227 5659 3430 5722 quidem
3452 5659 3639 5717 mciius,
3675 5663 3737 5705 ul
3763 5659 3841 5707 vi-

2193 5733 2219 5769 C
2249 5733 2321 5767 lli“.

2193 5733 2321 5769 CHII“.
