4046 6396
377 258 477 312 9.515

378 371 684 439 parantibus
708 370 1036 442 pr0pinquis.
1079 383 1222 437 saepe
1264 367 1437 421 anima
1481 381 1676 435 corpus
1700 364 1952 418 deserens

376 467 632 519 abscessit
678 483 691 517 :
734 466 841 518 imo
885 462 1127 533 plurimis
1164 463 1243 516 vel
1283 475 1518 531 praisens
1562 459 1688 514 nihil
1736 455 1950 523 proluit.

374 559 508 613 Cum
550 558 690 611 enim
737 572 908 626 neque
936 564 1224 624 prmsentes
1270 553 1529 623 agnoscit,
1560 565 1735 619 neque
1768 564 1952 602 vocem

376 650 539 711 audit,
589 664 760 715 neque
808 649 893 702 illa
941 647 1279 715 respondere.
1322 645 1482 699 verba
1528 650 1722 713 potest,
1762 640 1953 709 quibus

377 742 588 796 beatam
641 757 761 795 cum
809 741 1044 794 omnium
1094 746 1332 792 nostrum
1382 736 1603 790 Domino
1655 733 1950 803 pactionem

372 835 624 903 deponat,
684 833 773 889 sed
823 842 906 886 est
939 831 1090 900 quasi
1134 832 1333 900 lignum
1384 829 1569 883 inutile
1609 828 1691 881 vel
1722 826 1876 894 lapis,
1921 839 1952 880 a

375 935 697 995 mortuoque
723 925 852 978 nihil
880 923 1054 977 differt
1082 923 1127 978 is
1156 923 1244 993 qui
1271 936 1393 975 mox
1424 920 1797 974 illuminandus
1825 927 1906 972 est
1936 935 1951 972 :

374 1031 492 1085 quae
522 1015 832 1069 initiationis
856 1014 1052 1067 utilitas
1077 1013 1126 1065 in
1160 1022 1301 1065 tanta
1331 1026 1521 1065 sensus
1547 1010 1722 1063 omnis
1744 1008 1953 1076 in0pia?

445 1107 499 1162 2.
543 1108 677 1162 Eum
723 1107 887 1171 enim,
916 1105 1004 1175 qui
1043 1104 1109 1158 ad
1140 1120 1291 1158 sacra
1336 1104 1424 1155 illa
1454 1112 1509 1157 et
1537 1099 1802 1155 horrenda
1832 1100 1954 1169 my-'-

374 1202 536 1256 Steria
566 1214 878 1255 accessurus
905 1207 1002 1263 est,
1044 1198 1260 1267 vigilare
1289 1195 1552 1259 convenit,
1585 1192 1730 1247 omni
1781 1206 1954 1245 szeeu-

373 1293 538 1348 culari
585 1307 711 1346 cura
750 1304 938 1360 purum
989 1304 1129 1352 esse,
1187 1285 1533 1357 temperantia
1581 1294 1634 1338 et
1684 1283 1956 1338 alacritate

374 1385 535 1437 multa
563 1383 775 1452 plenum
803 1395 944 1446 esse,
967 1394 1179 1434 onmem
1202 1395 1231 1432 a
1260 1378 1526 1448 mysteriis
1551 1377 1776 1430 alienam
1806 1373 1955 1443 cogi-

375 1475 631 1528 tationem
676 1482 855 1526 mente
884 1470 1173 1539 depellere,
1219 1478 1273 1523 et
1314 1466 1661 1536 undequaque
1704 1464 1953 1518 mundam

372 1566 589 1620 domum
620 1578 898 1633 apparare,
929 1562 1078 1632 quasi
1105 1562 1275 1629 ipsum
1314 1574 1495 1629 regem
1519 1565 1837 1625 excepturus
1864 1556 1955 1608 sit.

374 1657 518 1711 Talis
545 1658 739 1710 mentis
774 1663 964 1709 vestrae
995 1654 1330 1722 praeparatio,
1364 1651 1497 1705 tales
1538 1649 1678 1718 apud
1707 1664 1803 1704 vos
1832 1655 1957 1701 sunt

373 1748 743 1817 cogitationes,
782 1745 888 1800 tale
915 1746 1078 1799 animi
1126 1744 1473 1813 propositum.
1517 1742 1738 1811 Dignam
1781 1742 1957 1808 itaque

374 1839 558 1908 Optimi
588 1838 744 1906 hujus
761 1838 969 1892 consilii
997 1837 1398 1891 retributionem
1430 1851 1461 1889 a
1487 1835 1595 1888 Deo
1621 1841 1952 1902 exspectate,

372 1932 461 2000 qui
508 1932 737 2000 pratmiis
788 1930 1191 2000 obsequentiam
1230 1929 1332 1983 sibi
1378 1928 1669 1998 pnestitam
1717 1933 1955 1995 superat.

374 2024 633 2091 Quoniam
662 2040 791 2078 vero
836 2033 1046 2094 oportet
1078 2040 1197 2093 quae
1234 2038 1327 2077 sua
1358 2032 1483 2076 sunt
1524 2023 1796 2077 conservis
1824 2037 1955 2075 con-

373 2114 533 2179 ferre,
565 2124 620 2169 et
647 2124 829 2169 nostra
853 2114 1221 2178 conferamus;
1251 2115 1356 2167 imo
1386 2112 1559 2182 potius
1588 2112 1701 2165 hare
1724 2128 1831 2166 non
1857 2127 1955 2164 ηο-

372 2217 501 2271 stra,
532 2206 626 2261 sed
671 2206 943 2259 Dominica
991 2215 1115 2259 sunt
1144 2223 1156 2259 :
1192 2205 1326 2271 Quid
1354 2204 1517 2267 enim,
1560 2203 1746 2273 inquit,
1781 2203 1953 2269 habes,

371 2297 506 2365 quod
535 2313 636 2349 non
676 2296 947 2366 accepisti?
987 2296 1031 2350 si
1058 2304 1223 2349 autem
1251 2294 1503 2364 accepisti,
1551 2294 1673 2364 quid
1697 2293 1952 2364 gloriaris,

372 2389 515 2453 quasi
540 2404 638 2441 non
667 2388 915 2457 acceperis
942 2386 1020 2456 (l.
1049 2384 1167 2440 Cor.
1195 2386 1248 2439 4.
1280 2386 1377 2456 7)?
1426 2384 1678 2438 Volebam
1721 2384 1821 2438 hoc
1848 2383 1956 2456 pri-

374 2494 521 2532 nium
557 2478 794 2532 omnium
833 2477 1045 2532 dicere:
1074 2492 1170 2531 cur
1208 2485 1384 2546 patres
1415 2478 1602 2539 nostri,
1632 2476 1811 2530 missis
1840 2475 1956 2530 aliis

372 2570 496 2623 anni
527 2571 782 2638 partibus,
825 2570 926 2624 hoc
952 2580 1191 2639 tempore
1234 2569 1517 2623 initiandos
1546 2584 1665 2622 esse
1706 2568 1955 2621 Ecclesiae

374 2660 512 2714 lilios
539 2660 652 2729 lege
681 2670 997 2724 statuerunt,
1042 2671 1095 2716 et
1134 2676 1229 2715 cur
1255 2668 1373 2729 post
1399 2659 1718 2724 doctrinam,
1750 2658 1953 2713 diseal.

373 2761 556 2809 ceatos
581 2768 674 2806 vos
700 2761 752 2806 et
778 2763 991 2819 exutos,
1018 2752 1171 2806 nudis
1198 2752 1439 2822 pedibus,
1464 2766 1565 2804 una
1594 2740 1773 2805 tunica
1799 2765 1957 2819 Oper-

374 2853 459 2901 tos
502 2844 569 2897 ad
610 2844 1022 2898 exorcizanlium
1068 2859 1226 2898 voces
1275 2859 1370 2898 vos
1414 2844 1799 2896 transmittunt.
1838 2841 1956 2896 Non

376 2936 516 2991 enim
545 2935 737 2989 frustra
760 2937 838 2989 vel
870 2946 1067 2989 temere
1098 2936 1237 2988 hunc
1263 2934 1499 2988 habitum
1539 2943 1593 2988 et
1620 2933 1721 2987 hoc
1745 2942 1955 3002 tempus

376 3029 529 3082 nobis
553 3029 942 3083 censtituerunt
965 3046 978 3089 ;
1007 3029 1100 3082 sed
1130 3028 1333 3083 habent
1355 3029 1467 3081 haec
1494 3028 1651 3082 ambo
1673 3026 1953 3096 mysticam

376 3121 657 3191 quamdam
684 3130 738 3175 et
764 3136 1012 3175 arcanam
1039 3121 1297 3174 rationem
1327 3137 1341 3173 :
1364 3131 1419 3175 et
1446 3119 1546 3173 hoc
1566 3133 1775 3188 quoque
1802 3117 1956 3173 vobis

374 3214 582 3281 aperire
610 3213 873 3267 volebam.
904 3216 972 3266 At
1001 3213 1154 3267 video
1198 3212 1260 3265 ad
1291 3212 1444 3264 aliam
1495 3227 1609 3265 rem
1658 3212 1826 3281 magis
1856 3225 1954 3264 ne-

374 3306 661 3360 cessariam
707 3321 801 3359 nos
845 3306 1072 3360 evocari.
1125 3304 1355 3359 Necesse
1409 3305 1602 3373 quippe
1653 3313 1734 3358 est
1776 3303 1957 3357 dicere

376 3396 499 3465 quid
543 3395 610 3448 sit
650 3395 928 3464 baptisma,
963 3412 1058 3449 cur
1104 3395 1153 3448 in
1196 3394 1355 3447 vitam
1400 3404 1635 3448 nostram
1681 3393 1955 3447 inductum

373 3489 464 3551 sit,
496 3498 550 3542 et
577 3497 768 3556 quanta
801 3487 952 3540 nobis
981 3486 1222 3541 conferat
1252 3488 1409 3540 bona.

456 3580 609 3634 Varia
653 3580 884 3649 baptismi
911 3582 1133 3633 nomina.
1162 3610 1235 3620 —
1259 3579 1364 3634 Sed
1408 3580 1451 3633 si
1497 3578 1676 3645 vultis,
1705 3578 1773 3633 de
1800 3578 1958 3649 hujus

375 3675 612 3745 mysticm
650 3673 973 3743 purgationis
999 3673 1257 3728 vocabulo
1284 3674 1430 3742 prius
1464 3672 1818 3737 disseramus;
1849 3686 1955 3726 non

374 3767 517 3819 enim
559 3767 675 3836 ejus
714 3782 906 3821 nomen
952 3782 1112 3819 unum
1149 3774 1247 3828 est,
1294 3765 1387 3819 sed
1426 3765 1653 3834 plurima
1682 3764 1953 3833 variaque.

374 3858 503 3912 Nam
528 3858 639 3912 haec
666 3866 907 3928 purgatio
937 3868 1177 3922 vocatur,
1208 3860 1472 3911 lavacrum
1501 3856 1955 3926 regenerationis:

377 3950 604 4004 Salvarit
633 3952 764 4003 enim
793 3968 904 4014 nos,
935 3951 1124 4019 inquit,
1157 3966 1244 4018 per
1270 3948 1526 4003 lavacrum
1564 3950 1957 4019 regenerationis

374 4051 419 4093 et
459 4042 795 4094 renovationis
842 4042 1063 4110 Spiritus
1097 4042 1258 4095 sancti
1288 4040 1414 4111 (Tit.
1443 4042 1495 4096 5.
1646 4041 1876 4095 Vocatur
1902 4049 1957 4097 et

373 4135 687 4188 illuminatio
722 4153 735 4189 :
769 4136 839 4187 ita
867 4134 991 4188 illud
1017 4134 1207 4187 Paulus
1236 4133 1594 4202 nuncupavit:
1625 4132 1954 4187 Rememora-

371 4228 497 4280 mini
526 4228 761 4297 pristinos
787 4227 911 4291 dies,
936 4229 986 4280 in
1016 4226 1193 4294 quibus
1216 4225 1490 4279 illuminati
1527 4242 1766 4294 magnum
1787 4236 1954 4279 certa-

370 4335 485 4371 men
511 4319 817 4371 sustinuistis
839 4319 1127 4386 passionum
1150 4315 1334 4389 (lIebr.
1366 4317 1451 4370 10.
1486 4315 1606 4385 52);
1639 4325 1693 4369 et
1718 4330 1952 4383 rursum,

370 4410 693 4481 Impossibile
727 4422 797 4466 est
828 4413 957 4464 enim
995 4428 1098 4474 eos,
1146 4410 1231 4479 qui
1255 4411 1406 4463 semel
1444 4418 1559 4462 sunt
1584 4407 1878 4473 illuminati,
1909 4417 1954 4461 et

370 4511 695 4573 gustaverunt
719 4503 865 4555 etiam
885 4501 1071 4553 donum
1102 4501 1314 4563 ca'leste,
1339 4510 1384 4551 et
1407 4499 1633 4568 prolapsi
1662 4510 1797 4562 sunt,
1832 4515 1952 4550 rur-

368 4611 460 4647 sus
497 4610 737 4647 renovare
770 4592 838 4645 ad
885 4593 1226 4661 paenitentiam
1270 4590 1377 4661 (Ib.
1408 4591 1461 4645 6.
1494 4590 1593 4658 4).
1632 4590 1859 4643 Vocatur
1900 4597 1954 4643 et

368 4686 630 4753 baptisma
662 4701 675 4737 :
709 4684 1020 4749 Quicumque
1062 4684 1192 4735 enim
1232 4684 1284 4733 in
1315 4678 1512 4734 Christo
1542 4680 1785 4749 baptizati
1812 4680 1948 4745 estis,

365 4777 626 4832 Christum
655 4775 888 4828 induistis
915 4773 1107 4843 (Colat.
1140 4775 1192 4827 5.
1222 4773 1336 4844 ‘27).
1364 4773 1674 4840 Appellatur
1693 4781 1746 4826 et
1771 4771 1952 4841 sepul-

366 4876 488 4922 tura
517 4884 530 4918 :
560 4865 848 4934 Cousepulti
887 4866 1037 4931 enim,
1074 4864 1261 4933 inquit,
1304 4865 1418 4918 estis
1448 4865 1499 4917 in
1530 4864 1638 4933 ipso
1668 4880 1756 4933 per
1785 4864 1950 4933 bapti-

362 4975 534 5012 smum
570 4958 623 5010 in
652 4968 855 5010 mortem
885 4956 1057 5027 (Rom.
1091 4957 1142 5010 6.
1190 4954 1279 5025 al);
1314 4956 1549 5023 itemque
1577 4957 1948 5009 circumcisio:

364 5050 435 5103 In
462 5066 561 5120 quo
600 5059 646 5102 et
684 5049 966 5102 circumcisi
1006 5049 1121 5100 estis
1163 5048 1216 5099 in
1241 5047 1617 5099 circumcisione
1660 5064 1759 5099 non
1797 5064 1951 5100 manu

356 5146 525 5211 facta,
560 5143 609 5196 in
635 5142 1045 5209 exspoliationem
1081 5150 1391 5206 peccatorum
1412 5140 1577 5191 carnis
1608 5140 1740 5210 (Col.
1769 5141 1856 5194 ξω
1876 5140 1948 5210 l).

332 5222 335 5223 ν
360 5235 600 5286 Vocatur
624 5248 753 5286 crux
782 5249 796 5286 :
831 5230 983 5283 Vetus
1012 5230 1144 5282 enim
1183 5231 1330 5281 homo
1358 5238 1525 5282 noster
1550 5230 1825 5299 cruciﬁxus
1853 5240 1946 5294 est,

355 5332 419 5377 ut
464 5325 754 5376 destruatur
795 5339 978 5393 corpus
1033 5321 1224 5389 peccati
1265 5321 1441 5388 (Rom.
1492 5321 1545 5373 6.
1595 5321 1671 5391 6).
1725 5322 1951 5377 Posscnt

353 5416 519 5486 plura
545 5415 650 5469 dici
675 5415 923 5479 nomina;
947 5414 1041 5468 sed
1074 5429 1138 5467 ne
1170 5423 1377 5481 tempus
1401 5429 1559 5467 omne
1587 5413 1637 5466 in
1659 5413 1952 5468 charisma-

355 5511 435 5563 tis
456 5506 898 5578 appellationibus
926 5505 1270 5569 insumamus,
1292 5520 1389 5573 age
1408 5504 1723 5573 adprimum
1752 5521 1948 5560 nomen

355 5600 590 5665 reversi,
624 5599 845 5669 ejusque
883 5598 1144 5674 explicata
1187 5597 1595 5667 significatione,
1642 5612 1947 5652 sermonem

363 5693 621 5746 ﬁniamus
646 5708 659 5744 :
692 5689 903 5745 interim
930 5705 1059 5743 vero
1088 5688 1241 5758 paulo
1266 5687 1507 5758 superius
1532 5686 1823 5741 docuinam
1853 5703 1941 5742 re-

1439 255 1529 308 ΔΙ)
1570 246 2075 308 ILLUMINANDOS
2113 247 2532 303 CATECHESIS
2572 248 2610 303 I.

3539 255 3642 310 226

2059 369 2321 427 petamus.
2349 360 2443 414 Est
2482 377 2765 417 commune
2793 363 3027 417 omnium
3070 362 3343 422 hominum
3376 371 3640 431 lavacrum

2058 448 2185 501 illud
2216 450 2540 514 balneorum,
2575 453 2714 519 quod
2755 456 2996 523 corporis
3016 457 3202 512 sordes
3229 461 3363 515 solet
3382 462 3639 520 abluere:

2056 548 2138 592 est
2166 549 2218 593 et
2246 541 2854 612 lavacrumJudmurum,
2880 546 2969 599 illo
2989 550 3200 618 quidem
3224 550 3516 618 honestius,
3546 560 3641 613 sed

2054 634 2237 701 gratia:
2264 633 2473 688 lavacro
2498 636 2652 706 longe
2680 638 2899 693 inferius
2929 656 2942 692 :
2971 649 3027 694 et
3056 640 3157 695 hoc
3185 645 3327 697 enim
3354 661 3641 716 corporeas

2057 724 2246 778 sordes
2278 726 2463 793 abluit,
2496 743 2595 781 nec
2636 730 2795 783 modo
2836 746 3120 800 corporeas
3145 734 3327 797 abluit,
3356 739 3449 792 sed
3480 741 3639 796 etiam

2056 817 2124 870 ad
2148 819 2487 873 conscientia:
2518 820 2879 876 infirmitatem
2922 825 3152 895 attingit.
3184 827 3317 882 Nam
3347 830 3526 885 multa:
3558 848 3643 888 res

2060 918 2205 972 sunt,
2260 918 2448 965 natura
2508 912 2720 980 quidem
2761 922 2867 968 non
2908 917 3215 984 immundae,
3258 916 3361 976 sed
3406 940 3525 992 qum
3557 926 3642 979 in-

2058 1001 2306 1054 firmitate
2334 1002 2675 1058 conscientia:
2713 1004 3015 1063 efﬁciuntur
3040 1008 3347 1066 immundae.
3390 1015 3469 1068 Ac
3504 1016 3641 1070 sicut

2062 1095 2111 1147 in
2143 1095 2321 1161 pueris
2360 1094 2522 1150 larva:
2568 1106 2870 1170 caeteraque
2901 1102 3149 1156 terricula
3196 1116 3383 1160 natura
3424 1108 3640 1176 quidem

2056 1182 2409 1240 furmidabilia
2454 1204 2561 1243 non
2602 1201 2747 1255 sunt,
2798 1193 2892 1247 sed
2925 1195 3047 1250 talia
3094 1199 3272 1266 pueris
3314 1200 3386 1255 ob
3437 1212 3642 1259 natura:

2059 1276 2475 1336 imbecillitatem
2520 1297 2640 1338 esse
2673 1285 2920 1341 videntur
2948 1306 2961 1341 :
2991 1290 3069 1343 sic
3093 1300 3148 1345 et
3177 1292 3228 1345 in
3260 1293 3326 1347 iis
3345 1311 3464 1364 quae
3492 1297 3638 1363 dixi;

2059 1373 2289 1441 exempli
2340 1389 2499 1430 causa
2548 1387 2755 1432 mortua
2802 1395 3027 1450 corpora
3066 1384 3397 1456 contingere,
3455 1401 3642 1446 natura

2058 1464 2270 1533 quidem
2297 1482 2404 1521 non
2430 1478 2511 1522 est
2532 1469 2884 1538 immundum,
2909 1489 3091 1529 verum
3119 1476 3163 1530 si
3188 1478 3238 1532 id
3267 1479 3486 1535 infirmre
3511 1497 3644 1537 con-

2059 1556 2294 1611 scientiae
2322 1558 2609 1629 contingat,
2642 1562 2972 1617 immundum
3005 1564 3130 1620 facit
3165 1583 3286 1622 eum
3314 1572 3403 1640 qui
3449 1573 3636 1643 tetigit.

2058 1643 2211 1710 Quod
2238 1647 2379 1701 enim
2412 1648 2540 1703 illud
2578 1660 2764 1705 natura
2793 1668 2900 1707 non
2935 1655 3004 1709 sit
3032 1656 3385 1727 immundum,
3410 1662 3525 1731 ipse
3551 1666 3642 1734 qui

2060 1737 2234 1807 legem
2278 1740 2396 1794 tulit
2438 1741 2648 1812 Moyses
2691 1744 2998 1814 declaravit,
3047 1750 3139 1819 qui
3186 1763 3452 1808 mortuum
3492 1756 3641 1811 Jose-

2062 1830 2226 1899 phum
2276 1848 2457 1888 secum
2497 1835 2709 1901 detulit,
2760 1848 2813 1893 et
2860 1848 3035 1895 tamen
3089 1845 3317 1900 mundus
3366 1852 3637 1904 remansit.

2059 1918 2288 1991 Ideoque
2329 1922 2523 1980 Paulus
2564 1926 2633 1981 de
2678 1929 3013 1985 immunditia
3052 1932 3354 2002 hujusmodi
3394 1939 3640 2010 loquens,

2059 2028 2178 2083 qum
2204 2030 2309 2069 non
2341 2025 2550 2082 natura,
2581 2019 2675 2073 sed
2704 2021 3006 2078 infirmitate
3045 2029 3387 2083 conscientiae
3427 2034 3640 2100 accidit,

2062 2105 2131 2157 ita
2158 2105 2390 2174 loquitur
2421 2125 2435 2163 :
2470 2107 2619 2163 Nihil
2642 2126 2907 2166 commune
2944 2131 3036 2183 per
3074 2116 3295 2185 seipsum
3321 2120 3419 2173 nisi
3453 2122 3518 2187 ei,
3558 2126 3645 2194 qui

2059 2199 2311 2252 existimat
2357 2200 2482 2270 quid
2524 2218 2786 2258 commune
2824 2222 2931 2260 esse
2961 2200 3133 2278 (Rom.
3183 2211 3270 2265 l4.
3307 2213 3417 2284 14).
3457 2213 3645 2270 Viden‘

2060 2290 2450 2346 immunditiam
2495 2308 2600 2348 non
2631 2311 2694 2349 ex
2726 2296 2803 2350 rei
2832 2306 3039 2365 natura,
3073 2301 3166 2356 sed
3193 2319 3259 2357 ex
3307 2307 3644 2375 cogitationis

2060 2380 2422 2438 imbecillitate
2467 2386 2744 2441 contrahi?
2800 2389 2876 2443 Ac
2930 2406 3163 2459 rursum,
3213 2395 3398 2451 Omnia
3442 2400 3645 2468 quidem

2060 2484 2177 2528 sunt
2203 2477 2391 2529 munda
2417 2493 2436 2531 .°
2454 2479 2544 2532 sed
2572 2480 2760 2533 malum
2786 2491 2860 2534 est
2884 2482 3094 2550 homini,
3135 2488 3224 2556 qui
3248 2504 3338 2557 per
3363 2488 3647 2556 offendicu-

2060 2563 2164 2617 lum
2191 2568 2463 2620 manducat
2492 2567 2653 2638 (Ibid.
2688 2587 2736 2625 υ.
2768 2572 2879 2641 9.0).
2921 2573 3133 2645 [Viden'
3156 2578 3295 2646 quod
3327 2596 3429 2633 non
3458 2582 3643 2651 edere,

2059 2655 2152 2710 sed
2174 2671 2268 2725 per
2280 2657 2653 2713 oﬂendiculum
2676 2662 2956 2736 ederef(a)j
2976 2679 3133 2720 causa
3163 2668 3233 2722 sit
3258 2668 3605 2728 immunditia:
3621 2675 3646 2727 ?

2130 2750 2184 2805 5.
2213 2748 2495 2804 Discrimen
2514 2753 2645 2806 inter
2663 2752 2914 2808 lavacrum
2933 2755 3230 2812 Iudaeorum
3249 2771 3295 2814 et
3320 2762 3641 2833 baptismum.

2057 2840 2330 2894 —-Talem
2362 2842 2623 2896 maculam
2654 2843 2960 2901 Iudaeorum
2990 2849 3259 2905 lavacrum
3287 2853 3642 2921 emundabat;

2059 2941 2115 2985 at
2142 2933 2325 3003 gratiae
2357 2934 2624 2989 lavacrum
2669 2952 2774 2991 non
2806 2939 2966 2993 talem
2989 2983 3003 3007 ,
3036 2942 3130 2996 sed
3175 2958 3291 2997 eam
3317 2985 3332 3010 ,
3371 2962 3490 3015 quae
3520 2964 3643 3003 vera

2060 3024 2393 3080 immunditia
2431 3037 2487 3081 et
2524 3028 2757 3083 animam
2796 3038 2851 3084 et
2886 3046 3081 3100 corpus
3122 3034 3320 3098 inficit;
3363 3054 3466 3091 non
3501 3040 3645 3096 enim

2060 3133 2174 3182 eos,
2207 3119 2295 3189 qui
2326 3129 2534 3173 mortua
2562 3135 2805 3191 corpora,
2840 3123 2933 3177 sed
2962 3125 3051 3193 qui
3086 3136 3290 3181 mortua
3322 3144 3482 3196 opera
3512 3145 3645 3185 con-

2064 3213 2289 3283 tingunt,
2316 3213 2543 3267 mundos
2572 3212 2715 3267 facit.
2744 3216 2852 3269 Etsi
2875 3217 3070 3279 mollis,
3098 3218 3197 3272 etsi
3222 3218 3508 3277 fornicator
3526 3225 3646 3294 quis

2061 3304 2252 3371 fuerit,
2285 3305 2385 3359 etsi
2426 3304 2703 3359 idololatra
2724 3346 2739 3369 ,
2771 3306 2870 3361 etsi
2896 3307 3105 3376 quidvis
3134 3310 3255 3362 mali
3296 3310 3514 3381 fecerit,
3544 3315 3646 3370 etsi

2061 3395 2290 3449 humana
2322 3396 2463 3449 omni
2488 3396 2719 3466 nequitia
2748 3397 2933 3467 plenus
2951 3399 3040 3463 sit,
3060 3400 3103 3453 si
3129 3401 3180 3454 in
3205 3402 3458 3471 piscinam
3484 3421 3646 3475 aqua-

2059 3502 2178 3541 rum
2211 3486 2426 3553 incidat,
2458 3487 2722 3541 solaribus
2748 3489 2911 3543 radiis
2938 3492 3118 3558 purior
3143 3509 3208 3547 ex
3243 3493 3437 3549 divinis
3471 3496 3645 3552 ﬂuen-

2061 3578 2127 3633 tis
2155 3578 2416 3633 ascendit.
2440 3578 2517 3634 Ne
2557 3596 2686 3634 vero
2728 3590 2879 3649 putes
2920 3582 3056 3637 fastu
3094 3586 3340 3655 quopiam
3370 3588 3484 3643 Inec
3516 3606 3644 3660 pro-

2061 3669 2209 3735 ferri,
2240 3671 2363 3725 audi
2395 3671 2613 3725 Paulum
2643 3673 2709 3727 de
2732 3673 2924 3728 lavacri
2948 3676 3142 3730 virtute
3162 3678 3276 3733 ha-c
3303 3681 3642 3751 loquentem:

2062 3760 2239 3815 Nolite
2273 3779 2443 3815 errare
2469 3778 2487 3818 :
2517 3780 2674 3831 neque
2714 3764 3000 3819 idololatra:
3019 3808 3032 3829 ,
3078 3785 3234 3838 neque
3279 3774 3605 3840 fornicatores
3624 3817 3641 3841 ,

2060 3870 2216 3922 neque
2240 3854 2477 3920 adulteri,
2507 3872 2663 3925 neque
2691 3858 2885 3919 molles,
2916 3875 3072 3927 neque
3095 3864 3435 3917 masculorum
3457 3882 3643 3920 concu-

2061 3945 2260 4010 bitores,
2286 3963 2442 4016 neque
2465 3950 2637 4013 avari,
2666 3965 2823 4018 neque
2845 3951 3059 4014 ebriosi,
3091 3969 3247 4022 neque
3270 3955 3497 4009 maledici
3520 3998 3533 4023 ,
3558 3975 3642 4012 ne-

2059 4055 2155 4108 que
2176 4055 2385 4107 rapaces
2433 4056 2642 4109 regnum
2668 4040 2757 4094 Dei
2777 4043 3098 4111 possidebunt
3123 4044 3194 4115 (1.
3216 4046 3331 4100 Cor.
3366 4048 3418 4103 6.
3442 4048 3495 4103 9.
3526 4051 3639 4121 10).

2060 4131 2260 4198 Ecquid
2295 4131 2405 4185 lia-c
2432 4133 2496 4185 ad
2536 4134 2901 4201 propositum,
2935 4136 3178 4203 inquies?
3210 4139 3346 4208 quod
3384 4143 3643 4209 qua‘ritur

2059 4224 2300 4283 ostende,
2333 4239 2398 4277 an
2427 4224 2631 4278 scilicet
2659 4225 2853 4279 lavacri
2884 4226 3053 4281 virtus
3082 4226 3197 4282 haec
3231 4231 3406 4283 omnia
3449 4248 3640 4288 emun-

2059 4314 2168 4368 dct.
2199 4314 2335 4367 Audi
2369 4315 2544 4384 itaque
2572 4332 2655 4383 ea,
2686 4332 2805 4386 qua:
2832 4329 3128 4385 sequuntur
3156 4336 3169 4371 :
3204 4318 3269 4373 Et
3298 4321 3404 4374 haec
3435 4324 3641 4391 quidam

2058 4407 2222 4477 fuistis
2251 4424 2269 4461 :
2298 4408 2386 4461 sed
2414 4409 2574 4462 abluti
2599 4409 2731 4473 estis,
2764 4410 2851 4461 sed
2873 4411 3177 4479 sanctiﬁcati
3202 4414 3339 4478 estis,
3369 4414 3457 4467 sed
3477 4417 3637 4484 justi-

2059 4503 2196 4571 [ἰσαιὶ
2220 4504 2335 4556 estis
2361 4503 2413 4554 in
2444 4502 2643 4555 nomine
2677 4500 2887 4554 Domini
2929 4503 3089 4556 nostri
3126 4503 3250 4557 Jesu
3290 4503 3477 4559 Christi
3513 4519 3560 4562 et
3586 4509 3641 4563 in

2059 4593 2261 4660 Spiritu
2289 4591 2383 4645 Dei
2411 4592 2568 4644 nostri
2594 4590 2698 4662 (Ib.
2733 4608 2782 4645 υ.
2816 4591 2929 4662 ll).
2958 4592 3064 4647 Nos
3086 4594 3297 4662 quidem
3330 4597 3642 4665 pollicemur

2058 4684 2211 4739 vobis
2239 4684 2519 4739 Ostendere
2541 4726 2556 4749 ,
2586 4685 2728 4737 omni
2760 4683 3107 4741 fornicatione
3130 4687 3147 4718 ¹
3178 4703 3336 4756 puros
3362 4704 3481 4745 esse
3505 4707 3598 4746 eos
3622 4735 3638 4757 ,

2056 4779 2146 4846 qui
2176 4776 2240 4830 ad
2272 4776 2539 4829 lavacrum
2567 4776 2852 4839 accedunt;
2885 4792 3065 4830 verum
3094 4779 3263 4833 oratio
3294 4788 3476 4834 nostra
3517 4782 3637 4850 plus

2055 4868 2471 4939 demonstravit,
2523 4866 2726 4921 scilicet
2772 4883 2878 4921 non
2924 4868 3080 4921 modo
3124 4884 3314 4937 puros,
3343 4871 3435 4924 sed
3468 4874 3629 4926 etiam

2055 4971 2268 5015 sanctos
2285 4959 2565 5029 justnsque
2585 4959 2753 5013 factos
2777 4976 2916 5013 esse.
2940 4960 3053 5013 Non
3081 4969 3281 5014 tantum
3305 4962 3445 5015 enim
3473 4964 3633 5017 uixit:

2054 5050 2226 5104 Abluti
2267 5051 2412 5115 estis,
2462 5050 2555 5103 sed
2596 5050 2778 5111 ctiam,
2825 5048 3142 5116 Sanctiﬁcati
3187 5053 3323 5115 estis,
3364 5052 3636 5121 justi/ienti

2054 5144 2191 5196 estis.
2222 5142 2358 5206 Quid
2390 5140 2489 5195 hac
2518 5156 2576 5194 re
2608 5141 2897 5193 mirabilius
2919 5181 2933 5204 ,
2963 5140 3103 5209 quod
3143 5140 3257 5193 sine
3294 5142 3473 5194 labore
3497 5183 3511 5204 ,
3540 5158 3634 5196 su-

2055 5234 2185 5288 dore
2231 5233 2490 5301 bonisque
2536 5231 2786 5299 operibus
2828 5230 3034 5297 justitia
3080 5230 3354 5298 pariatur?
3384 5231 3526 5283 Talis
3554 5244 3634 5285 est

2054 5326 2195 5379 enim
2224 5324 2388 5378 divini
2414 5323 2540 5377 doni
2566 5322 2861 5390 benignitas
2882 5362 2896 5385 ,
2930 5331 2985 5374 ut
3013 5323 3126 5375 sine
3154 5321 3434 5375 sudoribus
3456 5324 3632 5390 justus

2118 5484 2134 5514 ί
2172 5486 2417 5541 tnterprcs
2449 5486 2591 5529 vetus
2626 5476 2765 5541 legit,
2808 5473 2936 5526 omni
2966 5474 3230 5539 iniquitate,
3266 5481 3318 5525 et
3349 5478 3539 5535 melius,
3578 5485 3636 5528 ut

2056 5545 2263 5595 videtur.

2118 5629 2190 5689 tu)
2225 5634 2334 5676 Hzec
2354 5638 2464 5687 qua:
2487 5624 2671 5672 uncinis
2692 5621 2979 5689 clauduntur
3002 5622 3214 5689 intexta
3230 5620 3450 5682 deerant,
3476 5620 3563 5670 sed
3588 5622 3633 5672 iu

2059 5682 2273 5742 editione
2298 5682 2528 5739 Seviliana
2548 5700 2606 5735 ex
2631 5686 2903 5748 conjectura
2927 5682 3228 5745 supplentur.
