4046 6396
395 331 498 386 227

393 446 611 500 efﬁciat.
644 443 775 499 Nam
801 443 845 497 si
876 441 1215 512 Imperatoris
1255 439 1481 509 epistola
1519 439 1705 510 paucis
1749 437 1992 494 conscri-

399 548 488 606 pta
515 535 716 602 literis,
746 533 1039 590 innumeris
1068 546 1193 587 reos
1221 530 1537 585 criminibus
1581 530 1778 585 liberos
1805 529 1990 582 dimit—

395 631 480 695 tit,
510 629 644 682 alios
673 637 852 683 autem
877 624 943 680 ad
973 623 1233 679 honorem
1261 624 1421 678 etiam
1447 622 1627 678 evehit
1665 622 1991 685 maximum;

395 721 563 776 multo
592 719 763 792 magis
791 728 1010 774 sanctus
1038 717 1132 771 Dei
1161 716 1414 785 Spiritus,
1446 715 1538 785 qui
1571 715 1751 770 omnia
1781 723 1991 784 potest,

391 813 540 868 omni
570 827 669 867 nos
697 810 932 882 nequitia
958 809 1228 875 liberabit,
1260 808 1483 863 multam
1509 807 1770 878 justitiam
1801 807 1994 877 largie-

394 913 501 968 tur,
534 903 700 958 multa
731 902 977 972 implebit
1007 900 1221 956 ﬁducia.
1253 901 1332 956 Ac
1360 899 1813 970 quemadmodum
1851 898 1994 953 scin-

393 995 506 1050 tilla
556 993 788 1049 mediam
836 993 890 1048 in
939 991 1112 1063 pelagi
1143 991 1454 1061 voraginem
1497 990 1772 1055 incidens,
1812 989 1990 1044 statim

391 1085 751 1156 exstinguitur
779 1092 834 1139 et
861 1084 1169 1150 evanescit,
1209 1097 1470 1154 aquarum
1501 1083 1552 1136 vi
1593 1081 1839 1136 demersa
1871 1097 1885 1134 :
1916 1081 1995 1136 sic

394 1189 448 1235 et
474 1179 648 1234 omnis
675 1178 906 1232 humana
936 1177 1171 1248 nequitia
1192 1216 1208 1242 ,
1238 1190 1361 1230 cum
1402 1175 1454 1229 in
1493 1174 1752 1244 piscinam
1779 1171 1986 1228 divino«

392 1284 513 1326 rum
559 1267 879 1326 ﬂuentorum
929 1268 1214 1331 inciderit,
1263 1266 1422 1321 citius
1469 1264 1785 1336 faciliusque
1831 1278 1989 1334 quam

394 1364 625 1419 scintilla
663 1362 992 1432 demergitur
1031 1369 1084 1415 et
1119 1359 1348 1415 deletur.
1378 1359 1448 1412 At
1489 1372 1608 1425 cur,
1657 1355 1901 1426 inquies,
1944 1356 1991 1411 si

399 1465 617 1526 peccata
639 1453 795 1510 nobis
815 1453 996 1508 omnia
1017 1453 1288 1506 lavacrum
1318 1450 1565 1518 remittit,
1589 1465 1697 1505 non
1721 1450 1990 1504 lavacrum

395 1546 730 1603 remissionis
759 1554 1131 1616 peccatorum,
1175 1558 1282 1599 non
1329 1543 1598 1598 lavacrum
1629 1541 1988 1613 purgationis,

394 1639 488 1693 sed
512 1639 776 1692 lavacrum
801 1634 1220 1706 regenerationis
1241 1634 1504 1690 vocatur?
1523 1635 1657 1702 Quia
1686 1649 1792 1689 non
1813 1633 1991 1689 solum

395 1729 552 1784 nobis
577 1737 792 1798 peccata
830 1729 1091 1794 remittit,
1123 1741 1299 1798 neque
1342 1727 1516 1781 solum
1543 1725 1737 1782 delicta
1777 1733 1986 1796 purgat,

395 1823 488 1878 sed
521 1823 591 1877 ita
621 1822 672 1877 id
703 1832 917 1892 praestat
947 1837 1009 1877 ac
1044 1822 1092 1876 si
1129 1821 1309 1876 denuo
1337 1821 1575 1892 generati
1606 1835 1867 1876 essemus.
1893 1820 1990 1875 Et-

399 1917 544 1970 enim
576 1929 675 1969 nos
699 1915 881 1969 denuo
908 1923 1092 1981 creat,
1121 1923 1177 1968 et
1204 1913 1434 1979 format,
1469 1927 1577 1968 non
1605 1927 1672 1967 ex
1701 1921 1841 1968 terra
1865 1927 1989 1967 rur-

394 2024 512 2066 sum
537 2008 817 2078 eflingens,
849 2007 944 2062 sed
964 2022 1032 2062 ex
1055 2007 1163 2062 alio
1183 2007 1470 2070 elemento,
1494 2021 1752 2076 aquarum
1781 2003 1992 2060 scilicet

396 2111 614 2167 natura,
647 2114 869 2164 creans;
903 2114 1010 2153 non
1041 2098 1184 2153 enim
1217 2112 1311 2152 vas
1340 2097 1658 2166 simpliciter
1695 2095 1986 2167 abstergit,

395 2190 490 2246 sed
537 2199 704 2245 totum
747 2188 946 2244 conﬁat
991 2188 1189 2243 denuo.
1233 2187 1367 2243 Nam
1417 2203 1536 2257 quae
1576 2186 1986 2256 absterguntur,

394 2283 603 2339 etiamsi
629 2289 880 2336 accurate
904 2279 1232 2336 mundentur
1251 2279 1521 2350 qualitatis
1543 2279 1763 2349 vestigia
1787 2287 1842 2332 et
1868 2291 1989 2332 sors

398 2375 548 2430 dium
573 2373 830 2443 reliquias
862 2373 1130 2438 retinent;
1180 2387 1300 2442 qua:
1346 2386 1474 2425 vero
1517 2371 1571 2425 in
1614 2369 1988 2426 conflatorium

397 2465 757 2520 immittuntur
787 2505 802 2530 ,
831 2473 930 2520 eta
957 2462 1168 2518 ﬂamma
1189 2472 1534 2528 renovantur,
1566 2477 1781 2518 omnem
1825 2462 1991 2532 depo-

397 2557 577 2612 nentia
607 2559 867 2611 maculam
887 2595 904 2622 ,
937 2569 1006 2611 ex
1035 2555 1248 2610 camino
1273 2555 1462 2609 educta
1483 2595 1499 2622 ,
1529 2554 1798 2622 eumdem,
1829 2568 1987 2624 quem

395 2664 619 2721 prorsus
647 2664 818 2717 nova,
851 2647 1193 2718 Splendorem
1225 2647 1495 2702 emittunt.
1525 2645 1984 2714 Quemadmodum

394 2743 441 2797 si
465 2741 585 2812 quis
613 2756 830 2797 auream
872 2747 1103 2796 statuam
1129 2782 1144 2807 ,
1186 2750 1455 2809 tempore,
1500 2739 1675 2804 fumo,
1728 2739 1984 2809 pulvere,

395 2837 643 2904 rubigine
673 2835 923 2890 foedatam
943 2875 959 2902 ,
986 2833 1164 2888 denuo
1192 2833 1535 2899 conﬂaverit,
1565 2847 1683 2888 eam
1708 2831 1861 2888 nobis
1887 2847 1986 2901 pu-

394 2929 662 2984 rissimam
688 2936 849 2998 atque
889 2926 1176 2996 fulgentem
1222 2925 1450 2980 restituit
1478 2924 1597 2980 :sic
1638 2933 1692 2979 et
1737 2932 1979 2978 naturam

395 3031 637 3076 nostram
695 3020 868 3086 Deus,
906 3021 1108 3089 peccati
1145 3017 1389 3087 rubigine
1432 3015 1683 3072 ftedatam
1714 3015 1988 3084 multoque

395 3111 636 3167 affectam
663 3109 979 3164 delictorum
1010 3108 1177 3176 fumo,
1207 3108 1295 3162 illa
1321 3105 1718 3178 pulchritudine
1754 3105 1986 3162 destitu-

397 3212 504 3258 tam
528 3243 544 3268 ,
570 3217 731 3272 quam
762 3201 859 3272 ipsi
889 3201 956 3256 ab
986 3201 1137 3255 initio
1167 3199 1461 3265 indiderat,
1491 3199 1666 3254 denuo
1693 3198 1947 3253 conflavit
1967 3241 1982 3265 ,

396 3303 454 3348 et
481 3294 533 3349 in
554 3307 718 3363 aquas
743 3307 843 3348 ceu
874 3293 928 3347 in
953 3292 1324 3348 conflatorium
1353 3291 1596 3362 injiciens
1616 3331 1632 3358 ,
1663 3300 1717 3347 et
1741 3305 1840 3361 pro
1866 3292 1988 3361 igne

393 3384 620 3454 Spiritus
639 3383 861 3454 gratiam
882 3383 1194 3450 immittens,
1220 3381 1344 3438 hinc
1366 3390 1670 3447 renovatos,
1693 3397 1816 3437 cum
1839 3382 1985 3436 sola-

395 3475 543 3529 ribus
586 3473 750 3528 radiis
794 3472 1080 3543 splendore
1124 3472 1463 3527 decertantes
1509 3472 1709 3536 educit,
1754 3472 1988 3527 contrito

393 3565 560 3621 veteri
583 3565 819 3629 homine,
851 3579 994 3619 novo
1016 3571 1194 3619 autem
1220 3562 1584 3634 splendidiore
1603 3603 1619 3630 ,
1647 3579 1806 3633 quam
1833 3572 1989 3619 vetus

395 3667 532 3724 erat,
565 3656 802 3712 condito.

471 3750 528 3804 4.
573 3748 723 3803 Hanc
770 3763 933 3819 porro
979 3747 1133 3802 nobis
1176 3747 1551 3802 contritionem
1602 3749 1988 3820 mysticamque

397 3841 764 3912 purgationem
826 3839 1169 3894 subindicans
1215 3839 1475 3908 propheta
1501 3879 1515 3901 .
1562 3839 1774 3895 dicebat
1817 3838 1983 3907 olim,

400 3933 680 4002 Tamquam
725 3948 814 3986 vas
855 3931 1000 4002 ﬁguli
1052 3940 1277 3985 conteres
1311 3948 1396 3986 eos
1435 3932 1620 4001 (Psal.
1647 3931 1702 3985 2.
1733 3931 1824 4002 9).
1851 3931 1986 3986 Nam

391 4025 534 4094 quod
572 4024 640 4079 de
683 4023 926 4079 ﬁdelibus
971 4023 1218 4090 loquatur
1263 4023 1405 4079 clare
1452 4024 1685 4078 indicant
1728 4040 1825 4090 ea,
1869 4040 1988 4095 quae

395 4114 700 4185 praecedunt
730 4131 744 4165 :
774 4114 972 4170 etenim
999 4113 1074 4167 ait
1098 4131 1111 4167 :
1141 4111 1312 4167 Filius
1339 4131 1480 4168 meus
1505 4131 1557 4168 es
1588 4125 1641 4168 tu
1671 4129 1690 4168 :
1718 4131 1808 4185 ego
1839 4116 1989 4170 hodie

390 4207 542 4278 genui
570 4215 638 4260 te.
672 4205 886 4259 Postulo
920 4221 952 4258 a
976 4221 1083 4269 me,
1109 4213 1154 4257 et
1175 4204 1306 4259 dabo
1331 4205 1419 4259 tibi
1442 4214 1613 4276 gentes
1642 4205 1987 4260 hereditatem

396 4310 556 4367 tuam,
581 4307 627 4353 et
665 4297 1024 4369 possessionem
1049 4307 1187 4350 tuam
1213 4297 1451 4350 terminos
1478 4305 1625 4350 terra:
1649 4297 1667 4367 (
1689 4294 1824 4350 Ibid.
1855 4312 1904 4351 υ.
1931 4298 1983 4352 7.

391 4392 472 4461 8).
502 4389 745 4446 Vidistin’
772 4388 1040 4459 quomodo
1062 4387 1352 4443 Ecclesiam
1383 4387 1619 4458 gentium
1655 4402 1986 4444 commemo-

389 4483 560 4549 ravit,
602 4489 658 4536 et
700 4481 900 4551 ubique
936 4479 1280 4534 constitutum
1319 4477 1520 4532 Christi
1562 4493 1786 4548 regnum
1817 4479 1986 4533 dixit?

391 4572 592 4629 Deinde
606 4587 818 4627 rursum
836 4572 928 4638 ait,
951 4571 1138 4626 Pasces
1161 4587 1245 4624 eos
1270 4571 1325 4624 in
1340 4572 1481 4642 uirga
1507 4573 1675 4642 ferrea
1691 4588 1711 4636 ;
1736 4586 1843 4626 non
1865 4586 1987 4641 gra-

391 4667 460 4730 vi,
481 4663 576 4719 scd
607 4661 732 4717 forti
758 4680 770 4716 :
793 4671 1047 4733 tamquam
1076 4677 1166 4716 vas
1191 4662 1337 4732 ﬁguli
1357 4671 1581 4715 conteres
1601 4677 1686 4715 eos
1707 4659 1814 4730 (Ib.
1837 4676 1885 4714 υ.
1905 4660 1983 4729 9).

392 4757 534 4812 Ecce
580 4756 847 4810 lavacrum
893 4754 1060 4825 magis
1106 4755 1334 4825 mystico
1383 4768 1534 4808 more
1576 4753 1845 4808 sumitur:
1877 4768 1984 4808 non

389 4849 531 4903 enim
571 4846 891 4917 simpliciter
926 4846 1060 4901 dixit
1081 4862 1207 4900 vasa
1245 4855 1472 4901 testacea
1495 4887 1509 4912 ,
1539 4845 1634 4901 sed
1660 4860 1784 4900 vasa
1815 4845 1983 4917 ﬁguli.

393 4942 592 4996 Verum
616 4938 892 4994 attendite.
918 4939 1174 4993 Testacea
1193 4939 1388 5007 quippe
1417 4952 1540 4991 vasa
1567 4937 1814 5002 contrita,
1839 4937 1984 4993 reﬁci

393 5049 502 5088 non
529 5040 786 5104 possunt,
819 5031 889 5085 ob
916 5031 1167 5086 duritiem
1203 5045 1398 5098 nempe
1423 5029 1490 5083 ab
1520 5033 1640 5098 igne
1667 5039 1939 5099 acceptam
1967 5046 1980 5084 :

394 5139 517 5179 vasa
544 5131 723 5178 autem
753 5120 895 5192 ﬁguli
921 5136 1025 5176 non
1055 5129 1180 5174 sunt
1207 5129 1458 5186 testacea,
1491 5118 1583 5174 sed
1614 5134 1678 5173 ex
1710 5118 1821 5173 luto
1846 5133 1987 5173 com-

391 5218 600 5288 posita;
647 5228 812 5284 quare
859 5212 903 5268 si
954 5209 1214 5266 labefacta
1258 5211 1484 5274 fuerint,
1519 5210 1735 5264 artiﬁcis
1766 5211 1984 5265 solertia

392 5308 598 5362 facilius
637 5305 704 5360 ad
743 5303 1032 5360 secundam
1077 5303 1300 5356 formam
1342 5301 1523 5356 reduci
1564 5312 1806 5371 possunt.
1849 5303 1982 5357 Cum

391 5401 570 5469 itaque
599 5397 955 5453 calamitatem
999 5395 1346 5450 insanabilem
1388 5405 1682 5460 memorat,
1721 5413 1828 5450 non
1859 5411 1985 5452 vasa

393 5491 538 5562 ﬁguli
567 5489 716 5557 dicit,
745 5488 842 5544 sed
868 5502 962 5543 vas
1000 5495 1314 5542 testaceum.
1346 5485 1477 5540 Nam
1517 5502 1638 5542 cum
1671 5487 1984 5557 prophetam

391 5591 448 5636 ct
472 5580 687 5637 Judzeos
714 5580 912 5636 docere
936 5578 1136 5647 vellet,
1166 5592 1224 5634 se
1251 5578 1537 5634 calamitati
1583 5577 1867 5633 insanabili
1894 5595 1986 5635 ur-

395 5673 516 5728 bem
544 5672 846 5737 tradidisse,
870 5669 1026 5742 jussit
1050 5685 1172 5725 eum
1201 5669 1444 5738 accipere
1467 5682 1560 5722 vas
1591 5677 1903 5736 testaceum,
1931 5679 1985 5725 et

395 5782 576 5825 coram
605 5767 854 5822 universo
877 5764 1072 5836 populo
1087 5763 1441 5835 confringere,
1463 5762 1746 5833 dicereque
1767 5761 1980 5835 (Jcrem.

1141 325 1199 381 S.
1241 323 1517 380 JOANNIS
1554 321 2027 380 CllRYSOSTOMl
2069 322 2385 379 ARClllEl’.
2417 324 2948 384 CONSTANTINOP.

3591 331 3692 386 2‘28

2107 427 2336 508 19),Sic
2361 440 2540 510 peribit
2569 441 2687 495 urbs
2711 459 2773 495 ac
2801 453 3082 497 conteretur
3099 441 3309 516 (larem.
3329 444 3412 500 l9.
3433 447 3453 501 i
3473 448 3489 499 l
3505 446 3550 516 ):
3572 463 3686 502 cum

2104 541 2283 586 autem
2328 531 2520 586 bonam
2564 533 2692 604 ipsis
2732 547 2880 603 spem
2923 535 3074 591 oﬁ'ert
3102 580 3116 601 ,
3152 539 3204 591 in
3235 537 3503 593 ofﬁcinam
3547 540 3688 610 ﬁguli

2100 622 2414 692 prophetam
2443 624 2689 692 deducit,
2720 643 2821 682 nec
2844 629 2945 697 ipsi
2976 645 3068 683 vas
3101 639 3388 686 testaceum
3423 634 3687 700 ostendit,

2099 713 2195 769 sed
2221 729 2315 769 vas
2351 714 2553 770 luteum
2593 732 2624 771 e
2663 733 2826 773 manu
2857 719 2999 790 ﬁguli
3028 721 3315 784 decidens,
3343 737 3406 776 ac
3431 724 3692 780 subinfert

2101 803 2183 858 his
2210 805 2426 861 verbis:
2452 805 2514 861 Si
2541 808 2729 878 ﬁgulus
2764 810 2846 864 hic
2883 826 2969 864 vas
3008 813 3144 880 quod
3173 813 3398 880 decidit,
3431 827 3692 886 acceptum

2099 897 2263 952 denuo
2301 901 2625 969 reformavit,
2662 919 2832 957 annon
2871 904 3030 959 multo
3064 907 3225 977 magis
3268 925 3360 978 ego
3399 921 3570 977 potero
3605 928 3693 966 vos

2098 989 2338 1059 delapsos
2367 993 2636 1046 emendare
2663 994 2681 1063 (
2702 993 2894 1050 Jerem.
2924 996 3010 1052 l8.
3040 995 3132 1069 6)?
3160 998 3343 1053 Potest
3368 999 3527 1070 igitur
3551 1001 3691 1056 Dens

2097 1097 2198 1136 nos
2229 1082 2401 1138 luteos
2447 1099 2554 1138 non
2605 1085 2765 1140 modo
2811 1102 2907 1156 per
2951 1091 3222 1144 lavacrum
3270 1092 3689 1158 regenerationis

2097 1173 2421 1242 emendare,
2463 1176 2558 1231 sed
2595 1177 2824 1246 Spiritus
2867 1189 3086 1250 accepta
3128 1181 3357 1246 virtute,
3390 1183 3691 1253 iterumque

2100 1266 2282 1337 lapsos
2311 1282 2408 1338 per
2435 1269 2700 1325 sinceram
2726 1270 3092 1340 paenitentiam
3117 1273 3170 1326 in
3187 1274 3465 1344 pristinum
3492 1285 3688 1331 statum

2097 1372 2367 1414 revocare.
2395 1356 2502 1415 Sed
2533 1375 2639 1416 non
2662 1370 2873 1432 tempus
2898 1372 2981 1419 est
3011 1378 3108 1418 vos
3131 1363 3200 1420 de
3218 1366 3528 1434 ptenitentia
3558 1367 3690 1422 allo-

2095 1449 2207 1518 qui,
2239 1449 2347 1504 imo
2378 1451 2551 1520 potius
2595 1452 2797 1508 utinam
2843 1455 2989 1510 nullo
3032 1471 3281 1526 umquam
3328 1465 3568 1528 tempore
3605 1459 3690 1516 his

2097 1539 2352 1596 remediis
2378 1557 2514 1612 opus
2537 1543 2815 1612 habeatis,
2861 1547 2954 1602 sed
2992 1562 3206 1619 semper
3230 1565 3292 1604 ea
3322 1561 3529 1606 servata
3567 1552 3677 1622 pul-

2100 1629 2403 1687 eltritudine
2431 1647 2633 1703 eosque
2657 1635 2940 1705 splendore
2955 1639 3398 1710 maneatis,quem
3430 1657 3570 1697 nunc
3593 1657 3683 1696 ac-
3775 1709 3780 1712 ί

2094 1722 2306 1791 cepturi
2333 1723 2485 1780 estis.
2517 1724 2588 1781 Ut
2615 1726 2792 1796 itaque
2817 1729 2868 1783 in
2895 1744 2961 1784 eo
2990 1731 3252 1786 maneatis
3271 1773 3284 1796 ,
3313 1747 3409 1803 age
3427 1773 3444 1798 ,
3472 1732 3541 1788 de
3566 1734 3685 1788 vitae

2094 1815 2337 1872 instituto
2364 1833 2532 1888 pauca
2561 1820 2712 1876 vobis
2741 1821 3072 1879 disseramus
3098 1841 3111 1878 :
3139 1839 3262 1878 nam
3303 1825 3356 1880 in
3385 1825 3486 1881 hac
3523 1826 3685 1895 pals:-

2094 1916 2208 1962 stra
2235 1908 2557 1966 athletarum
2587 1911 2767 1981 lapsus
2807 1913 3046 1982 periculo
3081 1923 3272 1970 vacant
3299 1933 3312 1969 :
3345 1931 3467 1970 cum
3495 1916 3684 1971 dome-

2094 1998 2246 2055 sticis
2273 2000 2417 2056 enim
2445 2001 2756 2071 decertant,
2782 2013 2837 2058 et
2866 2006 2916 2058 in
2943 2013 3332 2075 praeceptorum
3372 2006 3686 2076 corporibus

2093 2092 2272 2146 omnia
2297 2092 2641 2148 meditantur.
2663 2095 2798 2149 Cum
2825 2111 2952 2150 vero
2975 2097 3326 2151 certaminum
3361 2107 3571 2167 tempus
3591 2097 3680 2151 ad-

2093 2183 2322 2250 venerit,
2351 2197 2475 2238 cum
2504 2184 2740 2240 stadium
2768 2195 3013 2256 apertum
3043 2186 3224 2253 fuerit,
3251 2203 3372 2242 cum
3403 2204 3592 2244 omnes
3617 2189 3685 2244 ad

2092 2272 2456 2340 spectaculum
2494 2275 2836 2346 congregati,
2884 2276 3040 2332 sedes
3085 2292 3297 2332 sursum
3340 2280 3684 2348 occuparint,

2094 2371 2360 2432 praesente
2402 2366 2766 2434 agonotheta:
2803 2377 2930 2422 tunc
2975 2382 3198 2424 necesse
3240 2379 3324 2424 est
3368 2380 3460 2424 aut
3500 2371 3688 2441 ignave

2091 2463 2310 2524 agentes
2339 2454 2514 2525 dejici,
2545 2471 2608 2512 ac
2634 2472 2754 2512 cum
2782 2458 3066 2529 ignominia
3095 2459 3370 2517 discedere
3389 2503 3402 2526 ,
3431 2474 3525 2518 aut
3545 2475 3684 2520 stre-

2093 2562 2200 2603 nue
2226 2555 2465 2618 agentes,
2499 2563 2726 2605 coronas
2749 2558 2804 2605 et
2828 2551 3012 2606 bravia
3038 2553 3331 2623 consequi;
3375 2555 3455 2610 sic
3489 2555 3543 2610 bi
3592 2557 3687 2611 tri-

2093 2639 2238 2708 ginta
2265 2639 2381 2696 dies
2407 2640 2558 2696 vobis
2585 2641 2846 2712 palmstra:
2865 2683 2880 2710 ,
2909 2643 3307 2715 gymnasiorum
3346 2654 3401 2700 et
3429 2647 3687 2702 exercita-

2093 2731 2254 2785 tionis
2280 2731 2401 2787 loco
2439 2741 2581 2787 sunt.
2605 2732 2722 2788 Jam
2764 2733 2890 2788 hinc
2923 2734 3192 2789 discamus
3217 2735 3504 2807 malignum
3535 2739 3684 2794 illum

2092 2822 2392 2877 daemonem
2424 2823 2634 2879 vincere
2666 2842 2680 2878 :
2711 2840 2833 2879 nam
2864 2835 3049 2880 contra
3077 2826 3224 2881 illum
3265 2837 3386 2897 post
3422 2828 3683 2898 baptisma

2093 2910 2146 2966 in
2173 2927 2391 2968 arenam
2423 2913 2746 2970 descendere
2771 2916 3048 2982 debemus,
3071 2926 3257 2972 contra
3279 2919 3428 2973 illum
3450 2935 3684 2990 pugnare

2092 3013 2148 3058 et
2174 3004 2471 3062 decertare.
2500 3007 2617 3062 lam
2647 3007 2770 3063 hinc
2797 3023 2924 3079 ergo
2953 3009 3172 3065 insidias
3204 3009 3320 3081 ejus
3349 3011 3681 3081 ediscamus,

2093 3097 2360 3153 undenam
2389 3101 2656 3170 malignus
2685 3101 2792 3169 sit,
2833 3102 3102 3158 undenam
3145 3102 3304 3160 facile
3345 3120 3446 3160 nos
3488 3106 3684 3163 laedere

2092 3193 2308 3262 poterit,
2338 3201 2394 3247 ut
2420 3194 2728 3249 certaminis
2771 3203 3012 3264 tempore
3055 3211 3162 3250 non
3204 3198 3500 3268 ineXperti,
3533 3201 3684 3254 novis

2089 3285 2394 3354 conspectis
2439 3286 2818 3347 certaminibus
2863 3295 3182 3353 terreamur,
3225 3288 3319 3343 sed
3361 3289 3472 3360 jam
3515 3291 3681 3360 parati

2090 3376 2472 3448 meditatique,
2505 3377 2726 3448 ejusque
2756 3378 2976 3434 insidias
3003 3394 3190 3435 omnes
3217 3379 3391 3436 edocti
3411 3422 3426 3447 ,
3456 3380 3687 3437 fidenter

2090 3469 2380 3523 certamina
2406 3485 2528 3523 cum
2559 3471 2652 3524 illo
2679 3470 2954 3525 adeamus.

2164 3558 2378 3630 Lingua:
2402 3571 2523 3632 quot
2551 3571 2599 3615 et
2626 3565 2802 3631 quanti
2832 3561 3030 3634 lapsus.
3061 3592 3131 3605 —
3155 3564 3398 3635 Undique
3427 3582 3551 3622 vero
3582 3583 3684 3621 no-

2091 3652 2175 3707 bis
2203 3668 2401 3710 nocere
2428 3654 2586 3722 solet,
2617 3654 2712 3710 sed
2739 3655 2792 3710 in
2820 3657 3005 3726 primis
3035 3657 3211 3728 lingua
3250 3667 3306 3714 et
3331 3673 3447 3714 ore.
3469 3658 3682 3714 Nullum

2092 3744 2235 3800 enim
2267 3745 2345 3799 illi
2387 3746 2457 3801 ita
2489 3755 2846 3817 opportunum
2878 3763 3136 3819 organum
3181 3750 3246 3803 ad
3293 3749 3532 3805 fraudem
3563 3765 3687 3820 per-

2093 3835 2396 3908 niciemque
2425 3847 2686 3904 nostram,
2717 3847 2775 3892 ut
2808 3839 3173 3908 intemperans
3201 3840 3377 3908 lingua
3404 3850 3456 3894 et
3483 3855 3543 3894 os
3573 3856 3685 3895 non

2093 3927 2420 3984 obturatum.
2441 3929 2577 3985 Hinc
2600 3930 2755 3984 nobis
2782 3929 2959 4000 lapsus
2981 3930 3214 3999 plurimi,
3241 3931 3364 3984 hinc
3390 3931 3542 3985 nobis
3565 3947 3685 4001 gra-

2091 4019 2176 4074 via
2204 4020 2451 4074 crimina.
2479 4019 2648 4086 Quam
2677 4019 2834 4076 facile
2862 4021 2932 4074 sit
2958 4035 3053 4076 ore
3082 4021 3207 4087 labi,
3238 4021 3315 4076 sic
3345 4022 3561 4091 quidam
3588 4022 3683 4077 de-

2091 4112 2348 4167 claravit:
2383 4111 2535 4166 Multi
2559 4113 2781 4167 cecidere
2804 4113 2998 4184 gladio,
3028 4115 3118 4169 sed
3143 4131 3242 4168 non
3271 4125 3341 4168 tot
3369 4125 3487 4186 quot
3513 4116 3684 4186 lingua

2096 4202 2283 4275 (Eccli.
2314 4203 2402 4260 28.
2433 4204 2526 4276 22)
2559 4223 2573 4261 :
2607 4206 2828 4277 ipseque
2852 4222 3063 4261 rursum
3091 4223 3249 4276 quam
3276 4209 3455 4277 gravis
3482 4210 3550 4262 sit
3578 4209 3681 4262 hu-

2085 4295 2323 4367 jnsmodi
2353 4299 2538 4369 lapsus
2568 4300 2820 4354 indicavit
2859 4300 2942 4356 his
2969 4301 3146 4357 verbis
3165 4343 3178 4364 ,
3206 4301 3405 4371 Lapsus
3441 4303 3504 4357 de
3537 4303 3681 4373 pavi-

2091 4399 2260 4444 mento
2283 4391 2447 4461 potius
2467 4407 2619 4460 quam
2640 4393 2812 4463 lapsus
2835 4393 2897 4446 de
2918 4393 3092 4462 lingua
3118 4393 3136 4462 (
3159 4392 3318 4447 Eccli.
3343 4392 3434 4447 20.
3455 4392 3562 4464 20)
3587 4412 3600 4446 :
3631 4394 3682 4449 id

2090 4491 2176 4536 est
2195 4523 2210 4546 ,
2239 4483 2431 4537 melius
2471 4491 2555 4538 est
2585 4483 2687 4538 labi
2717 4484 3029 4554 conterique
3057 4499 3272 4554 corpus,
3308 4501 3466 4555 quam
3496 4487 3678 4557 hujus-

2091 4573 2236 4628 modi
2267 4573 2488 4628 verbum
2519 4574 2779 4643 proferre,
2811 4575 2952 4646 quod
2979 4577 3146 4646 possit
3171 4577 3403 4630 animam
3443 4587 3676 4632 nostram

2091 4663 2334 4734 perdere.
2359 4663 2542 4734 Neque
2571 4666 2752 4735 lapsus
2778 4675 2981 4720 tantum
3014 4674 3295 4734 memorat,
3319 4665 3414 4721 sed
3444 4667 3679 4722 hortatur

2091 4766 2150 4810 ut
2170 4771 2414 4827 magnam
2432 4758 2842 4812 sollicitudinem
2865 4775 3133 4829 geramus,
3163 4775 3228 4814 ne
3249 4760 3675 4829 supplantemnr,

2091 4846 2174 4901 his
2195 4847 2390 4911 verbis,
2423 4847 2530 4900 Fac
2550 4849 2627 4901 ori
2655 4858 2740 4902 tuo
2757 4850 2974 4920 januam
2988 4858 3034 4903 et
3057 4860 3213 4904 vectes
3232 4849 3417 4922 (Eccli.
3441 4851 3532 4908 28.
3554 4854 3673 4923 28);

2091 4951 2200 4991 non
2226 4948 2284 4991 ttt
2307 4951 2436 4992 vere
2461 4937 2652 5007 jauuas
2689 4948 2744 4992 et
2773 4948 2951 4994 vectes
2994 4954 3241 5008 paremus
3263 4981 3279 5005 ,
3325 4941 3420 4996 sed
3465 4953 3523 4996 ut
3560 4958 3676 4997 cum

2091 5044 2283 5099 magna
2331 5031 2540 5085 cautela
2591 5030 2835 5086 absurdis
2865 5032 3041 5088 verbis
3089 5033 3318 5103 linguam
3347 5034 3672 5090 claudamus.

2089 5122 2428 5193 Rursumque
2455 5123 2580 5178 alibi
2610 5123 2896 5179 ostendens
2925 5141 3024 5180 nos
3051 5135 3106 5180 et
3133 5141 3253 5180 cum
3283 5127 3463 5183 studio
3499 5137 3675 5182 nostro

2093 5223 2147 5268 et
2192 5223 2316 5268 ante
2361 5215 2592 5270 studium
2635 5225 2876 5270 nostrum
2905 5232 3136 5286 superno
3169 5233 3329 5287 egere
3357 5220 3589 5285 auxilio,
3621 5229 3675 5272 ut

2091 5305 2230 5360 hanc
2257 5306 2419 5360 feram
2448 5307 2591 5361 intus
2614 5307 2984 5362 contineamus
3003 5349 3018 5374 ,
3047 5309 3112 5363 ad
3144 5310 3309 5364 Deum
3342 5327 3531 5365 manus
3563 5322 3671 5365 ten-

2089 5397 2226 5453 dens
2257 5399 2511 5468 propheta
2542 5398 2790 5454 dicebat:
2820 5397 3051 5455 Elevatio
3078 5418 3318 5455 manuum
3342 5421 3569 5457 mearum
3594 5421 3670 5456 sa-

2096 5484 2354 5552 criﬁcium
2377 5487 2748 5553 uespertinum.
2776 5483 2937 5552 Pone,
2977 5485 3217 5549 Domine,
3259 5486 3554 5538 custodiam
3587 5483 3663 5536 ori

2094 5593 2228 5643 meo,
2260 5586 2310 5631 et
2336 5579 2526 5630 ostium
2557 5579 2966 5632 circumstantia:
2990 5577 3142 5631 labiis
3180 5577 3308 5631 meis
3341 5576 3509 5644 (Psal.
3543 5577 3656 5632 HO.

2093 5667 2147 5720 2.
2170 5668 2246 5736 '5).
2278 5667 2343 5720 Et
2364 5667 2455 5737 qui
2482 5668 2632 5738 prius
2662 5667 2889 5733 monuit,
2914 5681 3128 5722 rursum
3155 5666 3259 5721 ait:
3284 5665 3410 5731 Quis
3427 5667 3568 5720 dabit
3584 5665 3659 5718 ori

2090 5775 2204 5814 meo
2231 5760 2540 5827 custodiant,
2574 5768 2623 5815 et
2649 5759 2800 5816 labiis
2822 5760 2947 5814 meis
2971 5759 3198 5830 sigillum
3221 5769 3454 5814 astutum
3476 5757 3656 5829 (fictili.
