4046 6396
265 367 372 424 2‘39

259 502 378 554 μου
394 482 694 551 σφραγῖδα
725 485 1102 555 πανοῦργον-ς
1129 486 1292 557 Ὀρᾷς
1320 486 1550 538 ἕκαστον
1575 484 1853 538 δεδοικότα
1873 483 1942 538 τά

266 569 532 639 πτώματα
561 571 756 637 ταῦτα,
775 573 872 626 καὶ
903 572 1204 643 θρηνοῦντα
1233 573 1329 625 καὶ
1368 571 1826 641 συμϐουλεύοντα,
1851 572 1947 625 καὶ

263 659 554 730 εὐχόμενον
585 660 785 731 πολλῆς
807 659 1117 713 ἀπολαῦσαι
1139 660 1238 731 τὴν
1255 659 1504 728 γλῶτταν
1531 659 1810 729 φυλακῆς;
1835 661 1947 713 Καὶ

260 746 408 809 τινος
435 746 643 811 ἕνεκεν,
685 749 870 818 φησὶν,
897 749 945 799 εί
974 747 1228 800 τοσοῦτον
1255 750 1387 818 ἡμῖν
1418 747 1574 819 φέρει
1606 747 1698 800 τὸν
1727 746 1948 818 ὄλεθρον

260 834 422 887 τοῦτο
443 835 502 888 τὸ
541 835 794 906 ὄργανον,
829 836 1092 908 ἐνέθηκεν
1121 838 1256 907 ἡμῖν
1289 836 1424 890 αὐτὸ
1456 837 1608 906 παρά
1641 836 1742 906 τὴν
1773 836 1949 907 ἀρχὴν

261 924 292 978 6
317 924 448 986 Θεός
473 943 484 987 ;
507 924 629 977 Ὅτι
659 925 756 977 καὶ
785 925 984 996 πολλὴν
1008 925 1123 995 ἔχει
1149 923 1248 994 τὴν
1269 923 1555 992 ὠφέλειαν·
1587 923 1688 977 κᾶν
1718 925 1951 978 σπουδά-

264 1010 470 1081 ζωμεν,
489 1012 758 1082 ὠφέλειαν
784 1013 896 1084 ἕχει
923 1013 1106 1084 μόνον,
1126 1012 1247 1065 δλεθ
1257 1029 1347 1084 ρον
1370 1012 1427 1065 δὲ
1449 1013 1658 1066 οὐδένα.
1683 1013 1951 1065 ’Ἄκουσον

264 1095 396 1163 γοῦν
423 1096 476 1147 τί
509 1112 676 1165 φησιν
721 1097 750 1148 6
798 1095 869 1149 τὰ
901 1097 1146 1167 πρότερα
1198 1097 1383 1149 ἐκεῖνα
1430 1093 1621 1146 εἰπών’
1667 1092 1772 1147 Ἑν
1800 1094 1951 1163 χειρὶ

263 1184 532 1253 γλώττης
565 1184 717 1257 [252]
756 1185 868 1252 ζωὴ
905 1187 1003 1239 καὶ
1031 1185 1307 1252 θάνατος.
1346 1187 1456 1238 Καὶ
1481 1185 1508 1237 6
1536 1184 1773 1255 Χριστὸς
1804 1184 1862 1236 δέ
1882 1184 1954 1237 τά

265 1273 406 1326 αὐτά
425 1273 575 1342 δηλοῖ
602 1273 798 1342 λέγων’
835 1274 970 1328 Ἀπὸ
997 1273 1118 1327 τῶν
1143 1275 1344 1345 λόγων·
1367 1291 1486 1327 σου
1514 1273 1950 1341 κατακριθήσῃ,

265 1361 365 1415 καὶ
396 1361 516 1415 ἀπὸ
541 1361 664 1415 τῶν
690 1362 891 1430 λόγων
909 1378 1026 1416 σου
1050 1362 1445 1430 δικαιωθήσῃ.
1465 1362 1624 1432 Μέση
1655 1363 1762 1433 γὰρ
1793 1363 1956 1432 ἐστη-

265 1466 360 1502 κεν
385 1451 418 1520 ἡ
449 1449 671 1518 γλῶσσα
709 1452 808 1521 τῆς
841 1451 976 1522 πρὸς
1006 1451 1246 1521 ἑκάτερα
1277 1453 1545 1522 χρήσεως·
1572 1452 1636 1504 σὺ
1670 1450 1859 1520 κύριος
1881 1445 1952 1504 εἴ.

266 1537 426 1602 υύτω
469 1539 564 1590 καὶ
611 1539 672 1590 :6
705 1537 859 1609 ξίφος
894 1543 1072 1592 κεῖται
1111 1539 1301 1611 μέσον·
1343 1539 1449 1592 κᾶν
1502 1539 1602 1609 μὲν
1657 1539 1801 1592 κατά
1849 1539 1957 1593 τῶν

267 1625 547 1695 πολεμίων
575 1627 772 1699 χρήσῃ.
812 1627 1082 1699 σωτήριόν
1131 1644 1213 1680 σοι
1246 1627 1308 1680 1:6
1345 1627 1581 1698 ὄργανον
1610 1626 1854 1697 γέγονεν·
1891 1627 1958 1682 ἂν

266 1714 325 1768 δέ
359 1714 504 1768 κατὰ
558 1715 761 1768 σαυτοῦ
792 1717 893 1786 τὴν
943 1715 1160 1788 πληγὴν
1207 1717 1450 1788 ώθήσῃς,
1497 1717 1596 1787 οὐχ
1650 1719 1682 1787 ή
1737 1717 1956 1789 σιδήρου

269 1800 453 1869 φύσις,
487 1803 603 1856 ἀλλ’
632 1805 664 1874 ή
697 1804 764 1874 σὴ
794 1805 1111 1878 παρανομία
1143 1804 1356 1874 γίνεται
1387 1806 1488 1876 τῆς
1538 1807 1755 1877 σφαγῆς
1787 1807 1954 1859 αἰτία.

269 1889 428 1943 Οῦτω
456 1892 550 1944 καὶ
582 1893 711 1964 περὶ
740 1894 840 1965 τῆς
872 1892 1120 1962 γλώττης
1143 1892 1514 1964 λογισώμεθα·
1551 1892 1706 1962 ξίφος
1731 1895 1881 1946 ἐστὶν
1901 1895 1960 1946 ἐν

272 1977 424 2049 μέσῳ
445 1979 719 2050 κείμενον·
751 1982 1020 2054 ἀκόνησον
1040 1977 1134 2035 οὖν
1162 1981 1334 2052 αὐτὴν
1363 1981 1502 2035 κατά
1524 1983 1626 2051 τῆς
1649 1982 1758 2034 τῶν
1778 1984 1962 2053 ἀμαρ-

267 2068 532 2138 τημάτων
579 2069 689 2123 τῶν
724 2070 834 2122 σῶν
863 2071 1206 2142 κατηγορίας
1227 2087 1242 2102 ο
1295 2070 1370 2141 μὴ
1402 2069 1547 2123 κατά
1595 2071 1830 2140 ἀδελφοῦ
1860 2071 1961 2142 τὴν

269 2155 488 2227 πληγὴν
513 2155 753 2228 ώθήσῃς.
781 2156 882 2210 Διά
911 2157 1073 2210 τοῦτο
1099 2157 1276 2228 διπλῷ
1308 2158 1496 2229 τειχίῳ
1515 2158 1838 2230 περιέϐαλεν
1860 2161 1962 2212 αὐοο

269 2245 369 2313 τὴν
397 2247 424 2296 6
453 2244 588 2307 Θεὸς
608 2285 622 2307 ,
679 2244 758 2316 τῷ
791 2245 900 2300 τῶν
947 2246 1176 2299 ὀδόντων
1207 2246 1591 2317 διαφράγματι
1632 2248 1727 2300 καὶ
1755 2250 1821 2318 τῇ
1853 2247 1962 2301 τῶν

269 2331 500 2400 χειλέων
532 2332 830 2403 περιϐολῇ,
887 2332 974 2386 ἵνα
1024 2333 1098 2404 μὴ
1161 2333 1360 2404 ῥαδίως
1397 2333 1489 2386 καὶ¹
1536 2334 1964 2404 ἀπερισκέπτως

271 2419 481 2491 ἐκφέρῃ
507 2420 573 2473 τά
596 2421 818 2491 ματα
849 2420 917 2473 τά
955 2421 1029 2491 μὴ
1055 2423 1423 2492 προσήκοντα.
1447 2420 1760 2474 Χαλίνωσον
1791 2423 1964 2493 αὐτὴν

271 2507 441 2561 ἔνδον.
491 2509 632 2561 Ἀλλ’
669 2511 769 2562 οὐκ
808 2510 1095 2580 ἀνέχεται;
1149 2510 1244 2562 καὶ
1287 2511 1626 2581 σωφρόνισον
1677 2510 1846 2583 αὐτὴν
1876 2511 1966 2565 διὰ

271 2595 382 2648 τῶν
420 2597 685 2658 ὀδόντων,
730 2595 920 2668 ὥσπερ
953 2597 1173 2667 δημίοις
1213 2597 1426 2661 τούτοις
1474 2597 1664 2660 ἐκδοὺς
1705 2599 1875 2670 αὐτῆς
1903 2598 1965 2651 :6

275 2684 457 2756 σῶμα,
489 2687 582 2739 καὶ
607 2687 839 2756 ποιήσας
856 2686 1062 2739 δακεῖν⁸
1083 2686 1178 2739 καὶ
1202 2685 1312 2758 γὰρ
1343 2686 1550 2756 βέλτιον
1567 2687 1738 2758 αὐτὴν
1765 2687 1966 2758 δηχθῆ-

273 2791 363 2827 ναι
412 2777 526 2837 τοῖς
563 2775 745 2828 ὀδοῦσι
798 2774 894 2828 νῦν
945 2775 1401 2846 ἁμαρτάνουσαν,
1450 2776 1483 2847 ἦ
1541 2777 1662 2829 τότε
1694 2777 1966 2848 ζητοῦσαν

275 2864 512 2931 σταγόνα
547 2863 740 2927 ῦδατος
769 2865 864 2918 καὶ
886 2863 1322 2935 τηγανιζομένην
1357 2864 1432 2936 μὴ
1460 2869 1642 2935 τυχεῖν
1674 2867 1772 2936 τῆς
1795 2884 1967 2938 παρα-

279 2953 497 3022 μυθίας.
535 2952 716 3005 Πολλά
750 2953 849 3024 μὲν
883 2948 976 3006 οῦν
1003 2953 1100 3005 καὶ
1131 2953 1265 3006 ἀλλα
1295 2954 1633 3024 ἁμαρτάνειν
1669 2954 1827 3006 εἴωθε
1859 2954 1969 3008 λοι-

275 3040 543 3111 δοροῦσα,
596 3041 1032 3112 βλασφημοῦσα,
1088 3041 1292 3112 αἰσχρά
1343 3043 1644 3115 προϊεμένη
1705 3047 1965 3117 ῥήματα,

277 3129 715 3198 συκοφαντοῦσα,
749 3129 1047 3200 ὀμνύουσα,
1080 3129 1339 3199 ἐπιορκοῦ
1351 3147 1438 3183 σα.

348 3226 409 3272 ε’.
457 3218 598 3271 Ἀλλ’
628 3219 715 3271 ἵνα
753 3218 826 3290 μὴ
850 3220 1029 3272 πάντα
1059 3219 1254 3290 ἀθρόον
1285 3221 1528 3290 τήμερον
1561 3219 1691 3290 ὑμῖν
1717 3219 1971 3290 λέγοντες

281 3304 694 3375 καταχώσωμεν
722 3306 876 3377 ὐμῶν
895 3306 995 3377 τὴν
1024 3306 1286 3369 διάνοιαν,
1307 3306 1403 3358 ’ἐνα
1421 3307 1558 3369 τέως
1585 3308 1810 3379 τίθεμεν
1838 3309 1969 3379 ὑμῖν

277 3393 444 3464 νόμον
473 3393 567 3447 τὸν
598 3395 727 3465 περὶ
762 3396 864 3466 τῆς
897 3394 1006 3448 τῶν
1037 3395 1216 3466 ὅρκων
1249 3394 1522 3465 φυλακῆς,
1551 3395 1731 3448 ἐκεῖνο
1766 3397 1970 3466 προλέ-

276 3497 469 3549 γοντες
494 3483 589 3537 καὶ
613 3482 1049 3555 διαγορεύοντες,
1070 3483 1151 3534 ὅτι
1175 3484 1224 3534 εἰ
1250 3483 1324 3554 μὴ
1349 3482 1558 3553 φύγητε
1594 3484 1722 3546 τοὺς
1751 3485 1968 3555 ὅρκους,

277 3569 341 3621 οῦ
368 3569 515 3638 λέγω
545 3571 645 3635 τάς
673 3571 964 3639 ἐπιορκίας
998 3571 1180 3639 μόνον,
1213 3569 1350 3623 ἀλλά
1376 3570 1469 3622 καὶ
1493 3571 1621 3633 τοὺς
1645 3573 1738 3624 ἐπὶ
1768 3571 1848 3642 τῷ
1887 3573 1971 3626 δι-

280 3657 422 3729 καίῳ
467 3659 789 3728 γιθομένους
827 3661 875 3711 εί
928 3659 1001 3728 μὴ
1035 3660 1266 3729 φύγητε,
1314 3659 1415 3712 οὐκ
1474 3659 1554 3713 ἔτι
1602 3661 1729 3730 περὶ
1776 3661 1973 3732 ἐτέρας

281 3744 598 3808 ὑποθέσεως
628 3746 758 3815 ὑμῖν
788 3744 1169 3818 διαλεξόμεθα.
1196 3746 1306 3800 Καὶ
1339 3746 1448 3816 γάρ
1482 3747 1683 3800 ἄτοπον
1714 3749 1843 3812 τοὺς
1873 3750 1973 3819 μὲν

279 3833 390 3886 τῶν
419 3834 766 3904 γραμμάτων
795 3833 1152 3898 διδασκάλους
1187 3835 1261 3908 μὴ
1287 3835 1540 3906 δεύτερον
1581 3839 1693 3900 τοῖς
1739 3838 1974 3903 παιδίοις

281 3922 482 3974 διδόναι
517 3923 768 3994 μάθημα,
800 3923 906 3986 ἕως
939 3923 1004 3976 ἀν
1030 3924 1092 3975 τὸ
1119 3925 1386 3995 πρότερον
1409 3925 1562 3977 ίδωσι
1585 3925 1767 3988 καλῶς
1794 3929 1974 3996 ἐμπα-

281 4011 378 4079 γέν
402 4010 584 4064 αὐτῶν
611 4015 679 4083 τῇ
715 4013 924 4085 μνήμη
953 4014 1103 4083 ἡμᾶς
1129 4025 1156 4053 ⁸
1192 4013 1249 4066 δὲ
1278 4013 1347 4066 τά
1378 4014 1644 4086 πρότερον
1673 4015 1975 4088 μαθήματα

286 4101 362 4170 μὴ
417 4100 754 4171 δυναμένους
821 4101 1158 4168 ἀπαγγεῖλαι
1219 4102 1362 4171 μετὰ
1415 4103 1748 4172 ἀκριϐείας,
1810 4105 1975 4175 ἐτερα

283 4189 652 4261 προεμϐαλεῖν
682 4190 867 4244 πάλιν⁶
904 4191 1058 4245 οὐδὲν
1090 4189 1200 4261 γὰρ
1247 4189 1436 4262 ἕτερον
1469 4191 1647 4254 τοῦτο,
1691 4191 1806 4244 ἀλλ’
1835 4193 1867 4264 ἦ
1896 4195 1976 4256 είς

285 4278 440 4332 πίθον
467 4279 801 4351 τετρημένον
841 4280 1077 4334 ἀντλεῖν.
1116 4279 1236 4331 ’Ἰνα
1268 4275 1362 4332 οῦν
1393 4281 1542 4350 ἡμᾶς
1582 4281 1656 4350 μὴ
1688 4282 1975 4351 ἐπιστομί-

288 4383 439 4436 σητε,
487 4368 689 4438 πολλὴν
732 4367 828 4420 τοῦ
883 4368 1211 4440 πράγματος
1247 4367 1549 4438 ποιήσασθε
1580 4368 1679 4439 τὴν
1713 4369 1972 4440 σπουδήν.

286 4454 397 4505 Καὶ
421 4454 530 4526 γὰρ
553 4456 788 4524 χαλεπὸν
818 4457 974 4510 τοῦτό
1003 4459 1122 4509 ἐστι
1150 4455 1211 4508 τὸ
1257 4454 1588 4526 ἁμάρτημα,
1637 4455 1734 4508 καὶ¹
1765 4457 1977 4526 σφόδρα

285 4540 541 4608 χαλεπόν·
578 4543 783 4612 σφόδρα
812 4543 870 4596 δέ
901 4543 1296 4613 ἐστιχαλεπὸν,
1345 4542 1424 4594 ὅτι
1469 4544 1531 4596 οὐ
1571 4543 1718 4595 δοκεῖ
1741 4544 1976 4613 χαλεπὸν

288 4626 450 4695 εἶναι,
479 4630 572 4682 καὶ
613 4629 703 4682 διὰ
736 4629 895 4682 τοῦτο
929 4632 1062 4683 αὐτὸ
1088 4633 1324 4695 δέδοικα,
1371 4631 1563 4701 ἐπειδὴ
1617 4631 1794 4693 οὐδεὶς
1843 4632 1978 4685 αὐτὸ

287 4717 516 4770 δέδοικε·
550 4717 640 4770 διὰ
671 4718 831 4770 τοῦτο
859 4718 1078 4771 ἀνίατόν
1105 4719 1223 4770 ἐστι
1251 4719 1310 4770 τὸ
1346 4720 1582 4789 νόσημα,
1621 4718 1809 4787 ἐπειδὴ
1855 4719 1978 4771 οὐδέ

288 4808 502 4876 νῦσημα
526 4803 664 4860 εἶναι
691 4808 857 4865 δοκεῖ·
883 4808 998 4861 ἀλλ’
1010 4808 1202 4879 ῶσπερ
1223 4808 1283 4861 :6
1299 4808 1645 4876 διαλέγεσθαι
1674 4809 1861 4870 ἁπλῶς
1879 4810 1978 4861 οὐκ

290 4898 438 4948 ἐστιν
464 4896 735 4966 ἔγκλημα,
769 4896 945 4957 οῦτως
995 4896 1115 4949 οὐδὲ
1159 4897 1319 4949 τοῦτο
1349 4896 1604 4966 ἔγκλημα
1632 4892 1771 4949 εἶναι
1799 4897 1975 4962 δοκεῖ,

289 4983 430 5038 ἀλλὰ
457 4984 596 5055 μετὰ
618 4985 817 5053 πολλῆς
845 4985 1158 5056 παρρησίας
1186 4986 1218 5054 ἡ
1247 4986 1565 5056 παρανομία
1593 4985 1736 5055 αῦτη
1775 4986 1981 5055 τολμᾶ-

289 5089 398 5124 ται·
420 5074 521 5126 κᾶν
548 5072 821 5146 ἐγκαλέσῃ
841 5091 944 5136 τις,
962 5072 1163 5136 εὐθέως
1178 5073 1353 5141 γέλως
1375 5074 1569 5127 ἐπεται
1593 5073 1687 5127 καὶ
1713 5074 1978 5145 χλευασία

293 5161 486 5232 πολλὴ,
515 5162 636 5232 οὐχὶ
661 5163 773 5224 τοῖς
821 5162 1246 5231 ἐγκαλουμένοις
1283 5161 1424 5231 ὐπέρ
1467 5162 1577 5214 τῶν
1603 5162 1808 5232 ὅρκων,
1843 5162 1982 5218 ἀλλά

292 5253 404 5314 τοῖς
429 5250 722 5322 διορθῶσαι
750 5251 811 5304 :6
828 5251 1042 5320 νόσημα
1075 5250 1444 5321 βουλομένοις.
1464 5251 1564 5303 Διά
1588 5249 1747 5304 τοῦτο
1770 5252 1981 5322 μακρὸν

295 5339 438 5412 ὐπέρ
465 5338 670 5392 τούτων
726 5341 994 5393 ἀποτείνω
1048 5339 1140 5392 τὸν
1189 5337 1367 5408 λόγον’
1409 5338 1632 5408 βαθεῖαν
1680 5339 1787 5411 γὰρ
1824 5340 1981 5411 ῥίζαν

294 5428 608 5482 ἀνασπάσαι
647 5427 927 5498 βούλομαι,
979 5430 1074 5482 καὶ
1098 5429 1314 5500 χρόνιον
1343 5426 1644 5496 ἀπαλεῖψαι
1676 5428 1866 5481 κακόν·
1917 5427 1979 5482 οὐ

295 5517 440 5585 λέγω
474 5517 572 5581 τὰς
606 5519 894 5589 ἐπιορκίας
933 5518 1114 5588 μόνον,
1155 5517 1292 5572 ἀλλά
1341 5519 1436 5570 καὶ
1466 5517 1565 5581 τάς
1603 5516 1860 5587 εὐορκίας
1884 5519 1982 5571 αὐ-

296 5606 418 5670 τάς.
453 5605 594 5657 Ἀλλ’
623 5607 652 5658 6
677 5605 846 5669 δεῖνα,
880 5605 1069 5676 φησὶν,
1101 5605 1388 5678 ἄνθρωπος
1416 5606 1688 5675 ἐπιεικὴς,
1715 5605 1795 5668 είς
1824 5606 1982 5676 ίερω⁴

299 5693 467 5765 σύνην
499 5692 689 5754 τελῶν,
721 5694 893 5765 πολλῇ
936 5693 1259 5764 σωφροσύνῃ
1290 5693 1386 5747 καὶ
1435 5694 1693 5765 εὐλαϐείᾳ
1725 5693 1904 5757 συζῶν
1926 5694 1978 5748 h.

298 5783 388 5852 Μή
426 5798 517 5852 μοι
540 5781 632 5836 τὸν
666 5784 883 5854 ἐπιεικῆ
911 5783 1102 5836 τοῦτον
1123 5783 1303 5852 εἴπῃς,
1335 5781 1427 5834 τὸν
1459 5781 1737 5853 σώφρονα,
1771 5781 1864 5836 τὸν
1889 5783 1978 5835 εὐ-

299 5864 457 5942 λαϐῆ,
515 5870 606 5924 τὸν
651 5872 730 5934 είς
765 5870 1065 5942 ἱερωσύνην
1102 5869 1379 5924 τελοῦνταο
1410 5870 1548 5940 ἀλλ’,
1585 5873 1632 5924 εἰ
1661 5871 1860 5942 βούλει,
1888 5871 1978 5936 θὲς

365 5987 393 6017 ιι
417 5987 565 6036 Savil.
593 5992 730 6048 ὑμᾶς.

369 6050 393 6086 b
422 6051 504 6098 Hic
529 6051 707 6100 deesse
740 6052 938 6101 verbum
969 6053 1152 6112 ὀμνύειν
1188 6055 1324 6102 notat
1350 6051 1492 6102 Savil.
1529 6049 1664 6100 Εοιτ.

1047 369 1104 424 S.
1146 368 1431 425 JOANNIS
1469 365 1964 424 CIIRYSOSTOMI
2005 363 2326 421 ARCHIEP.
2367 357 2915 416 CONSTANTINOP.

3619 349 3726 403 230

2055 482 2262 551 Πέτρον
2296 475 2434 532 εἶναι
2467 477 2654 532 τοῦτον
2686 474 2720 545 ἢ
2753 472 2987 534 Παῦλον.
3014 468 3046 540 ἦ
3089 469 3183 522 καὶ
3221 465 3451 534 ἄγγελον
3480 464 3538 527 ἐξ
3564 465 3733 535 οὖρα⁶

2054 569 2145 623 νοῦ
2171 566 2320 640 [255]
2346 565 2676 620 καταϐάντα·
2706 562 2826 614 οὐδέ
2850 561 2960 632 γὰρ
2974 559 3148 620 οὕτως
3175 554 3574 640 ἐπιστρέφομαι
3596 551 3737 624 πρδς

2053 655 2150 726 τὴν
2176 639 2335 718 ἀξίαν
2360 652 2470 706 τῶν
2525 648 2856 722 προσώπων.
2890 648 3076 717 Νόμον
3131 644 3242 714 γὰρ
3291 641 3410 713 οὐχὶ
3461 639 3734 703 δουλικὸν,

2055 744 2191 798 ἀλλά
2237 741 2513 813 βασιλικὸν
2546 737 2909 808 ἀναγινώσκω
2941 733 3052 803 ἐγὼ
3075 733 3166 786 τὸν
3193 731 3322 803 περὶ
3369 729 3477 782 τῶν
3517 729 3697 799 ὅρκων
3719 743 3734 758 ο

2057 834 2183 886 ὅταν
2200 831 2255 884 δέ
2279 829 2539 901 βασιλέως
2562 825 3006 897 ἀναγινώσκηται
3027 822 3356 894 γράμματα,
3376 819 3519 872 ἀπαν
3545 817 3608 868 :6
3624 815 3738 869 τῶν

2056 920 2262 974 δούλων
2288 919 2507 990 ἀξίωμα
2538 915 2886 988 ἡσυχαζέτω.
2925 913 3023 965 Ἂν
3077 911 3176 982 μὲν
3219 908 3328 980 γὰρ
3363 907 3491 979 ἔχῃς
3535 906 3734 967 εἰπεῖν,

2058 1011 2140 1063 ὅτι
2169 1011 2197 1062 6
2229 1006 2464 1078 Χριστὸς
2505 1004 2732 1077 ὀμνύναι
2782 1001 3090 1062 ἐκέλευσεν,
3135 997 3169 1069 ἦ
3211 999 3294 1050 ὃτι
3340 998 3368 1050 6
3413 994 3647 1067 Χριστὸς
3673 993 3738 1047 οὐ

2059 1095 2278 1161 κολάζει
2301 1095 2459 1150 τοῦτο
2481 1093 2788 1164 γινόμενον,
2807 1089 2977 1154 δεῖξον
3006 1088 3100 1142 καὶ
3125 1085 3406 1156 πείθομαι·
3433 1085 3482 1136 εί
3514 1083 3572 1135 δέ
3599 1083 3739 1154 μετά

2059 1185 2330 1256 τοσαύτης
2377 1183 2634 1253 ἀπείργει
2685 1178 2944 1249 σπουδῆς,
2980 1178 3076 1232 καὶ
3126 1175 3394 1245 τοσαύτην
3453 1173 3597 1242 ὐπέρ
3639 1170 3736 1224 τοῦ

2062 1275 2391 1346 πράγματος
2443 1273 2679 1325 ποιεῖται
2722 1268 3001 1339 πρόνοιαν,
3050 1265 3125 1329 ῶς
3169 1265 3307 1336 μετά
3348 1261 3440 1316 τοῦ
3489 1258 3738 1330 Πονηροῦ

2064 1345 2258 1434 στῆσαι
2292 1362 2383 1415 τὸν
2433 1359 2704 1431 ὀμνύοντα
2747 1357 2842 1429 (Τύ
2880 1355 2992 1426 γὰρ
3031 1352 3330 1422 περισσὸν
3366 1351 3614 1414 τούτων,
3644 1345 3741 1402 τοῦ

2061 1453 2185 1513 ναὶ,
2214 1451 2308 1505 καὶ
2335 1448 2429 1502 τοῦ
2453 1447 2547 1511 οὒ,
2586 1447 2772 1518 φησὶν,
2807 1445 2876 1498 ἐκ
2909 1443 3012 1496 τοῦ
3045 1442 3330 1495 διαϐόλου
3352 1439 3533 1508 ἐστὶ),
3565 1437 3620 1489 τί
3649 1452 3741 1508 μοι

2062 1539 2155 1592 τὸν
2190 1537 2336 1591 δεῖνα
2367 1535 2462 1589 καὶ
2496 1536 2588 1587 τὸν
2633 1535 2783 1587 δεῖνα
2823 1529 3125 1601 προσάγεις
3159 1528 3240 1590 είς
3284 1525 3480 1596 μέσον;
3511 1526 3585 1577 Οὐ
3631 1523 3744 1593 γάρ

2064 1627 2173 1680 ἀπὸ
2201 1627 2299 1696 τῆς
2327 1623 2601 1696 ῥᾳθυμίας
2631 1622 2739 1674 τῶν
2775 1618 3079 1674 συνδούλων
3112 1616 3250 1670 οἴσει
3281 1632 3362 1668 σοι
3385 1613 3482 1685 τὴν
3515 1613 3695 1684 ψῆφον
3715 1615 3746 1667 6

2064 1715 2198 1778 Θεὸς
2221 1714 2448 1783 ταύτην,
2489 1712 2604 1766 ἀλλ’
2632 1711 2741 1765 ἀπὸ
2774 1709 2878 1780 τῆς
2910 1705 3182 1776 ἐπιταγῆς
3202 1704 3310 1758 τῶν
3337 1700 3506 1756 αὐτοῦ
3539 1701 3742 1770 νόμων.

2066 1803 2350 1869 Ἐπέταξε,
2372 1801 2556 1872 φησὶν,
2571 1798 2999 1869 ἕδειπεισθῆναι,
3018 1797 3112 1850 καὶ
3136 1793 3210 1865 μὴ
3235 1793 3325 1846 τὸν
3342 1792 3488 1845 δεῖνα
3506 1788 3747 1862 προϐάλ-

2065 1890 2276 1953 λεσθαι,
2300 1890 2435 1960 μηδέ
2454 1889 2710 1959 ἀλλότρια
2732 1882 3193 1956 περιεργάζεσθαι
3222 1879 3388 1933 κακά.
3424 1877 3576 1930 Ἐπεὶ
3595 1877 3625 1928 6
3653 1874 3749 1945 μέο

2067 1996 2171 2048 γας
2191 1978 2353 2032 Ama
2372 1979 2618 2048 ἥμαρτεν
2635 1974 2911 2046 ἁμαρτίαν
2932 1972 3194 2044 χαλεπήνο
3214 1965 3323 2038 ἄρα
3348 1961 3440 2020 οῦν
3469 1964 3752 2020 ἀκίνδυνον

2067 2071 2201 2141 ἡμῖν
2222 2069 2312 2122 διὰ
2337 2067 2499 2120 τοῦτο
2519 2066 2580 2119 :6
2604 2064 2966 2136 ἁμαρτάνειν,
3004 2059 3127 2113 εἰπέ
3168 2073 3292 2128 μοι;
3328 2055 3425 2108 Διά
3457 2052 3618 2106 τοῦτο
3651 2051 3753 2141 μέν

2068 2139 2164 2212 οὐν
2198 2157 2358 2210 τοῦτο
2386 2153 2787 2224 ἀσφαλίζεσθαι
2832 2153 2963 2222 χρὴ,
2996 2149 3092 2203 καὶ
3112 2147 3182 2200 τά
3215 2143 3619 2214 κατορθώματα
3643 2139 3753 2194 τῶν

2070 2246 2240 2316 ἁγίων
2271 2246 2430 2316 μόνον
2457 2241 2676 2314 ζηλοῦνο
2711 2242 2760 2294 εί
2782 2241 2838 2292 δέ
2871 2257 2973 2292 που
3002 2235 3244 2309 ῥᾳθυμία
3267 2234 3361 2288 καὶ
3383 2234 3551 2304 νόμου
3576 2231 3756 2304 παρά-

2072 2336 2251 2398 ϐασις,
2287 2333 2426 2404 μετά
2475 2331 2684 2401 πολλῆς
2729 2328 3064 2399 ἀποφεύγειν
3108 2325 3213 2397 χρὴ
3255 2325 3358 2394 τῆς
3390 2323 3650 2392 σπουδῆς.
3678 2321 3754 2375 Οὐ

2071 2425 2180 2494 γὰρ
2209 2423 2346 2495 7:96;
2366 2421 2492 2485 τοὺς
2519 2418 2839 2481 συνδούλους
2865 2419 3020 2487 ἡμῖν,
3041 2415 3177 2468 ἀλλά
3202 2413 3340 2484 πρὸς
3370 2412 3462 2464 τὸν
3478 2409 3756 2495 Δεσπότην

2071 2493 2100 2563 6
2128 2493 2284 2576 λόγος
2314 2504 2560 2569 ἐστὶ,καὶ
2587 2502 2764 2574 τούτῳ
2786 2502 2885 2564 τὰς
2908 2499 3136 2562 εὐθύνας
3159 2497 3403 2567 δώσομεν
3432 2495 3544 2548 τῶν
3565 2493 3759 2564 βεϐιω-

2076 2597 2255 2668 μένων
2291 2595 2570 2648 ἀπάντων.
2608 2593 2752 2664 Πρὸς
2781 2592 2959 2643 ἐκεῖνο
2983 2587 3164 2642 τοίνυν
3195 2581 3758 2658 παρασκευαζώμεθα

2073 2667 2134 2740 :6
2154 2685 2526 2754 δικαστήριον·
2554 2680 2660 2734 κάν
2690 2678 2800 2750 γὰρ
2835 2675 3100 2749 μυριάκις
3136 2672 3450 2744 θαυμαστὸς
3547 2670 3641 2723 καὶ
3665 2668 3760 2739 μέ-

2073 2792 2178 2842 γας
2211 2775 2238 2825 ὁ
2260 2773 2352 2825 τὸν
2373 2773 2540 2842 νόμον
2571 2767 2929 2840 παραϐαίνων
2971 2765 3185 2826 τοῦτον,
3216 2763 3376 2814 δώσει
3415 2765 3638 2823 πάντως
3659 2757 3760 2828 τὴν

2074 2864 2168 2916 ἐπὶ
2194 2864 2260 2932 τῇ
2289 2860 2602 2932 παραϐάσει
2629 2856 2891 2927 κειμένην
2917 2852 3207 2924 τιμωρίανο
3239 2851 3296 2903 οὐ
3323 2849 3432 2920 γάρ
3459 2850 3578 2903 ἐστι
3601 2864 3764 2920 7:900-

2074 2950 2410 3019 ωπολήπτης
2431 2948 2457 2999 ὁ
2489 2946 2644 3009 Θεός.
2667 2943 2789 3006 Πῶς
2808 2938 2900 2996 οῦν
2933 2941 3050 2994 ἐστι
3082 2939 3178 2994 καὶ
3210 2938 3317 2991 τίνι
3348 2936 3540 3008 τρόπῳ
3567 2932 3756 3004 φυγεῖν

2074 3039 2137 3092 :6
2171 3039 2513 3109 ἀμάρτημα;
2556 3035 2616 3087 οὐ
2650 3033 2758 3104 γὰρ
2807 3031 2872 3102 δὴ
2923 3030 3082 3102 μόνον
3128 3027 3190 3081 :6
3241 3027 3495 3095 ἔγκλημα
3527 3023 3763 3096 χαλεπὸν

2076 3127 2184 3198 χρὴ
2215 3127 2405 3192 δεῖξαι,
2438 3122 2575 3177 ἀλλά
2604 3122 2698 3174 καὶ
2754 3120 2903 3181 ὅπως
2936 3117 3001 3170 ἂν
3033 3113 3372 3184 ἀπαλλαγείη
3383 3131 3480 3183 μεν
3523 3110 3765 3182 συμϐου-

2077 3197 2288 3270 λεῦσαι.
2337 3217 2526 3285 Ἔχεις
2558 3212 2819 3281 γυναῖκα,
2873 3207 3020 3276 ἔχεις
3077 3204 3321 3276 οἰκέτην,
3374 3202 3519 3273 ἔχεις
3551 3197 3757 3262 παιδία,

2077 3308 2174 3359 καὶ
2198 3305 2374 3373 φίλον,
2397 3303 2493 3355 καὶ
2530 3298 2794 3368 συγγενῆ,
2818 3295 2916 3349 καὶ
2939 3295 3158 3363 γείτονα
3181 3309 3195 3356 ;
3251 3293 3386 3344 πᾶσι
3413 3290 3629 3352 τούτοις
3664 3288 3765 3359 τὴν

2077 3394 2171 3448 ἐπὶ
2200 3393 2406 3446 τούτων
2453 3388 2744 3459 ἐπίτρεψον
2798 3385 3073 3454 φυλακήν.
3125 3379 3433 3449 Χαλεπδνή
3469 3377 3764 3448 συνήθεια,

2079 3485 2173 3535 καὶ
2204 3480 2375 3534 δεινὸν
2409 3475 2763 3530 ὐποσκελίσαι
2785 3514 2799 3537 ,
2846 3472 2942 3525 καὶ
2993 3469 3387 3539 δυσφύλακτον,
3414 3467 3506 3520 καὶ
3531 3467 3770 3528 ἄκοντας

2079 3571 2228 3640 ἡμᾶς
2275 3567 2534 3628 πολλάκις
2601 3564 2695 3616 καὶ
2753 3561 2855 3613 οὐκ
2917 3558 3128 3620 εἰδότας
3195 3555 3486 3627 ἐμϐάλλεις
3552 3552 3769 3605 Οὐκοῦν

2079 3635 2187 3728 ϐσῳ
2239 3656 2337 3727 τῆς
2402 3650 2691 3722 συνηθείας
2737 3645 2884 3711 οἶδας
2933 3645 3034 3716 τὴν
3075 3644 3327 3714 δύναμιν,
3375 3640 3617 3711 τοσούτῳ
3665 3635 3768 3705 τῆς

2085 3748 2183 3818 μὲν
2237 3744 2480 3814 πονηρᾶς
2530 3739 2820 3810 συνηθείας
2849 3735 3232 3804 ἀπαλλαγῆναι
3273 3731 3596 3786 σπούδασον.
3631 3729 3771 3796 πρὸς

2079 3836 2136 3887 δέ
2169 3833 2266 3905 τὴν
2329 3832 2524 3903 ἑτέραν
2566 3831 2666 3899 τὴν
2721 3823 3153 3898 χρησιμωτάτην
3212 3820 3439 3874 σεαυτὴν
3501 3818 3774 3888 μετάστη-

2084 3939 2196 3976 σον.
2216 3922 2428 3990 ’Ὠσπερ
2457 3917 2568 3988 γάρ
2601 3916 2695 3969 νῦν
2732 3911 3108 3974 σπουδάζοντά
3139 3927 3198 3962 σε
3234 3910 3328 3962 καὶ
3362 3907 3775 3976 φυλαττόμενον

2081 4010 2175 4062 καὶ
2255 4005 2606 4079 μεριμνῶντα
2663 4003 2758 4056 καὶ
2825 3998 3182 4071 φροντίζοντα
3248 3997 3438 4066 ἴσχυσε
3505 3994 3775 4057 πολλάκις

2082 4095 2440 4150 ὐποσκελίσαι
2482 4092 2701 4162 ἐκείνη,
2742 4088 2918 4151 οὕτως
2951 4087 3017 4140 ἂν
3061 4088 3140 4149 είς
3185 4083 3283 4156 τὴν
3322 4081 3534 4152 ἀγαθὴν
3572 4082 3776 4134 σαυτὸν

2084 4184 2374 4255 συνήθειαν
2411 4181 2759 4253 μεταστήσῃς
2788 4177 2887 4247 τὴν
2927 4174 3020 4229 τοῦ
3059 4174 3133 4245 μὴ
3164 4171 3416 4243 ὀμνύναι,
3446 4169 3566 4222 οὐδέ
3596 4169 3770 4232 ἄκων,

2083 4273 2204 4327 οὐδέ
2249 4269 2508 4344 ῥᾳθυμῶν
2541 4268 2803 4337 ἐμπεσεῖν
2848 4264 3052 4334 δυνήσῃ
3097 4261 3230 4314 ποτὲ
3266 4258 3402 4329 πρὸς
3442 4257 3509 4310 τὰ
3539 4255 3650 4309 τῶν
3679 4257 3784 4328 ὅρ-

2083 4379 2195 4416 κων
2226 4363 2524 4429 πτώματα’
2564 4355 2706 4426 μέγα
2742 4353 2851 4422 γὰρ
2879 4352 3047 4413 ὅντως
3088 4347 3348 4419 συνήθεια
3369 4385 3383 4406 ,
3427 4346 3519 4397 καὶ
3554 4345 3777 4413 φύσεως

2083 4449 2195 4518 ἔχει
2239 4447 2490 4515 δύναμιν.
2517 4443 2617 4495 "lv‘
2661 4437 2756 4493 οῦν
2801 4439 2876 4510 μὴ
2927 4436 3183 4506 πονῶμεν
3228 4431 3490 4502 συνεχῶς,
3541 4433 3778 4495 ἑαυτοὺς

2083 4539 2161 4600 είς
2202 4533 2490 4606 συνήθειαν
2540 4529 2972 4601 μεταστήσωμεν
3001 4526 3216 4595 ἑτέραν,
3260 4521 3352 4574 καὶ
3391 4520 3624 4572 ἕκαστον
3663 4518 3778 4572 τῶν

2087 4642 2169 4678 σοι
2217 4620 2622 4692 συγγινομένων
2669 4618 2764 4670 καὶ
2818 4616 3088 4669 συνόντων
3135 4609 3345 4680 ταύτην
3396 4608 3622 4677 αἴτησαι
3673 4606 3778 4678 τὴν

2084 4713 2268 4785 χάριν,
2308 4712 2395 4763 ἵνα
2430 4705 2775 4778 συμϐουλεύῃ
2811 4705 2907 4757 καὶ
2941 4701 3184 4772 παραινῇ
3232 4696 3458 4767 φεύγειν
3502 4696 3632 4785 τοῦς
3675 4697 3743 4766 ὄρ

2086 4784 2240 4865 κους,
2278 4799 2374 4852 καὶ
2415 4796 2776 4866 ἁλισκόμενον
2806 4793 3027 4862 ἐλέγχῃ.
3063 4789 3130 4842 Ἡ
3164 4785 3274 4858 γὰρ
3304 4787 3436 4856 παρ’
3469 4784 3655 4837 αὐτῶν
3692 4786 3780 4849 εἰς

2087 4891 2148 4942 σὲ
2179 4887 2440 4958 γινομένη
2488 4883 2703 4954 φυλακὴ
2737 4882 2830 4934 καὶ
2862 4881 3049 4942 αὐτοῖς
3085 4878 3202 4929 ἐστι
3233 4874 3513 4945 συμϐουλὴ
3550 4873 3646 4926 καὶ
3676 4891 3780 4927 πα-

2091 4977 2330 5048 ραίνεσις
2374 4973 2468 5026 τοῦ
2518 4967 2966 5042 κατορθώματος.
3027 4965 3085 5018 Ὀ
3137 4962 3246 5034 γὰρ
3295 4961 3548 5024 ἐγκαλῶν
3597 4960 3779 5031 ἑτέρῳ

2088 5066 2217 5135 περὶ
2259 5065 2460 5134 ὅρκων,
2505 5060 2566 5111 ού
2611 5058 2810 5128 ῥαδίως
2858 5055 3020 5116 αὐτὸς
3065 5055 3144 5114 εἰς
3178 5051 3237 5104 :6
3279 5049 3556 5121 βάραθρον
3593 5050 3775 5117 ἐμπε-

2089 5156 2263 5205 σεῖται
2289 5149 2479 5203 τοῦτο·
2519 5145 2790 5216 βάραθρον
2826 5143 2935 5214 γὰρ
2968 5142 3028 5194 ού
3068 5141 3128 5192 1:6
3169 5139 3331 5209 τυχὸν
3369 5141 3401 5207 ἡ
3441 5137 3775 5207 πολυορκία,

2087 5242 2186 5309 οὐχ
2228 5241 2357 5292 ὅταν
2408 5236 2536 5306 περὶ
2580 5234 2688 5285 τῶν
2739 5231 3037 5301 ἐλαχίστων
3089 5229 3268 5299 μόνον,
3319 5225 3459 5280 ἀλλὰ
3509 5225 3602 5278 καὶ
3641 5227 3778 5278 ὅταν

2090 5329 2219 5400 περὶ
2256 5325 2529 5397 μεγίστων
2562 5321 2781 5390 γίνηται
2825 5317 3188 5390 πραγμάτων.
3224 5315 3418 5384 Ἡμεῖς
3453 5313 3510 5365 δέ
3553 5312 3648 5400 καὶ
3678 5311 3777 5365 λά-

2089 5398 2228 5487 χανα
2260 5411 2563 5482 ὠνούμενοι.
2613 5409 2710 5461 καὶ
2741 5407 2880 5477 ὑπὲρ
2913 5403 3117 5457 ὀϐολῶν
3156 5401 3249 5455 δύο
3301 5398 3776 5469 φιλονεικοῦντες,

2089 5507 2185 5559 καὶ
2233 5501 2370 5573 πρὸς
2407 5499 2625 5561 οἰκέτας
2689 5495 3034 5567 ὀργιζόμενοι.
3094 5490 3190 5544 καὶ
3239 5487 3631 5550 ἀπειλοῦντες,
3679 5488 3776 5541 τὸν

2089 5593 2221 5648 Θεὸν
2253 5587 2532 5661 πανταχοῦ
2562 5585 2836 5655 καλοῦμεν
2877 5581 3162 5654 μάρτυραο
3194 5579 3288 5633 καὶ
3339 5577 3631 5647 ἄνθρωπον
3673 5577 3780 5647 μὲν

2090 5681 2400 5751 ἐλεύθερον,
2437 5679 2594 5742 ἀξίας
2621 5675 2769 5738 τινὸς
2814 5671 3155 5745 μετασχόντα
3187 5665 3341 5739 [234i
3379 5665 3545 5737 ψιλῆς
3573 5665 3674 5718 οὐκ
3708 5666 3783 5720 ἂν

2090 5770 2397 5840 ἐτόλμησας
2428 5767 2567 5837 ὐπέρ
2588 5763 2846 5817 τοιούτων
2874 5759 3102 5815 καλέσαι
3134 5758 3390 5829 μάρτυρα
3419 5756 3508 5807 ἐπ’
3543 5755 3780 5822 ἀγορᾶς,

2092 5857 2230 5912 ἀλλά
2275 5857 2380 5910 κάν
2412 5853 2800 5924 ἐπιχειρήσῃς,
2831 5849 2989 5918 δίκην
3032 5846 3221 5909 δώσεις
3260 5845 3361 5915 τῆς
3400 5842 3613 5915 ὕϐρεως
3635 5861 3646 5872 ·
3681 5843 3781 5896 τὸν

2093 5946 2153 6000 δέ
2194 5945 2304 5999 τῶν
2335 5942 2584 6014 οὐρανῶν
2619 5940 2863 6010 βασιλέα,
2899 5939 2990 5991 τὸν
3031 5935 3140 5989 τῶν
3184 5932 3437 6003 ἀγγέλων
3474 5930 3775 5998 Δεσπότην,

2101 6037 2195 6090 καὶ
2246 6036 2374 6105 περῖ
2424 6032 2621 6097 ώνίων,
2668 6029 2761 6084 καὶ
2819 6028 2940 6100 περὶ
2984 6025 3304 6098 χρημάτων,
3348 6024 3442 6078 καὶ
3493 6020 3615 6092 περὶ
3666 6019 3784 6071 τῶν
