4046 6396
396 381 500 435 ἓὲξ)

390 496 478 549 9.2.
507 493 596 562 55)
617 495 638 547 ?
660 493 848 548 Viden’
875 493 1115 565 singulos
1147 492 1457 564 hujusmodi
1485 492 1669 562 lapsus
1695 493 1967 556 timentes,

393 583 656 653 lugentes,
684 581 905 637 consilia
931 581 1140 648 dantes,
1170 590 1472 650 precantes,
1497 592 1555 637 ut
1573 583 1712 636 circa
1741 581 1972 652 linguam

392 687 580 743 magna
609 672 816 727 cautela
843 671 1196 742 adhibeatur?
1224 673 1294 726 At
1317 688 1433 739 cur,
1457 673 1683 742 inquies,
1710 672 1754 726 si
1774 680 1976 728 tantam

396 765 549 820 nobis
575 764 862 835 perniciem
891 763 991 818 hoc
1012 763 1422 819 instrumentum
1447 764 1653 829 afferat,
1680 767 1853 834 ipsum
1882 779 1978 819 no-

395 855 473 910 bis
517 871 547 908 a
595 854 853 924 principio
899 854 1088 908 indidit
1139 855 1313 909 Deus?
1355 855 1487 922 Quia
1527 870 1772 925 magnam
1819 855 1978 910 etiam

395 947 547 1000 affert
575 945 880 1012 utilitatem,
909 957 964 1001 et
993 947 1037 1000 si
1061 959 1344 1001 caveamus
1363 988 1378 1012 ,
1415 946 1694 1001 utilitatem
1739 955 1941 1000 tantum
1962 985 1977 1010 ,

395 1037 684 1106 perniciem
718 1052 848 1090 vero
878 1038 1081 1091 nullam
1110 1036 1285 1092 affert.
1314 1037 1449 1092 Audi
1488 1038 1632 1093 enim
1671 1037 1798 1108 quid
1842 1039 1985 1093 dicat

395 1145 460 1190 IS,
491 1130 581 1198 qui
613 1130 758 1198 prius
787 1130 876 1182 illa
902 1130 1144 1184 dixerat:
1171 1128 1237 1182 In
1259 1146 1412 1183 manu
1438 1130 1624 1200 linguae
1651 1131 1752 1184 vita
1773 1139 1818 1184 et
1848 1146 1986 1185 mors

399 1218 577 1291 (Prov.
610 1220 696 1274 18.
718 1220 833 1291 21).
867 1221 1175 1290 Eademque
1215 1221 1328 1290 ipsa
1363 1220 1608 1275 Christus
1631 1221 1867 1275 declarat
1903 1220 1988 1276 his

401 1311 599 1378 verbis,
621 1311 694 1366 De
703 1313 1010 1366 sermonibus
1025 1314 1121 1367 tuis
1137 1314 1562 1378 condemnaberis,
1578 1324 1724 1384 atque
1736 1313 1798 1367 de
1809 1329 1990 1368 sermo-

397 1402 543 1455 nibus
570 1402 668 1455 tuis
689 1403 1052 1472 justiﬁcaberis
1078 1402 1297 1473 (Matth.
1331 1404 1420 1457 l2.
1449 1403 1516 1458 37
1536 1404 1576 1474 ).
1603 1404 1772 1458 Media
1793 1402 1990 1474 quippe

399 1504 500 1549 stat
527 1494 707 1565 lingua
733 1496 872 1550 inter
902 1505 1186 1567 utrumque
1211 1511 1398 1562 usum;
1428 1506 1483 1552 tu
1521 1497 1768 1552 dominus
1801 1512 1882 1554 es.
1912 1497 1991 1553 lta

399 1596 454 1641 et
477 1587 684 1657 gladius
702 1586 848 1657 jacet
871 1587 1112 1653 medius;
1138 1589 1183 1643 si
1211 1588 1301 1643 illo
1323 1598 1507 1643 contra
1530 1588 1777 1644 inimicos
1803 1589 1988 1656 utaris,

401 1677 636 1733 salutare
664 1677 760 1733 tibi
789 1680 1204 1733 instrumentum
1232 1679 1459 1734 efficitur
1481 1695 1495 1745 ;
1519 1680 1602 1735 sin
1629 1679 1723 1736 tibi
1749 1679 1850 1750 ipsi
1879 1680 1996 1735 vul-

401 1785 505 1825 nus
530 1769 760 1840 infligas,
793 1785 902 1824 non
933 1770 1060 1825 ferri
1081 1779 1291 1836 natura,
1319 1771 1413 1826 sed
1445 1770 1697 1841 iniquitas
1719 1779 1808 1826 tua
1834 1772 1996 1827 etedis

402 1877 562 1918 causa
588 1872 690 1917 est.
715 1861 789 1917 lta
817 1873 872 1918 et
896 1863 962 1918 de
989 1862 1167 1934 lingua
1193 1864 1491 1933 cogitemus
1529 1880 1543 1918 :
1580 1863 1789 1933 gladius
1821 1872 1905 1918 est
1942 1865 1996 1918 in

402 1954 582 2009 medio
604 1956 810 2024 jacens,
833 1969 966 2010 acue
997 1955 1140 2009 illam
1167 1955 1234 2008 ad
1265 1965 1317 2010 te
1337 1955 1406 2010 de
1433 1955 1669 2024 peccatis
1698 1955 1801 2009 tuis
1835 1969 1998 2009 accu-

405 2046 650 2112 sandum,
682 2062 751 2102 ne
772 2046 924 2100 fratri
949 2047 1142 2102 vulnus
1171 2045 1398 2117 infligas.
1442 2045 1568 2102 Ideo
1607 2045 1754 2101 illam
1794 2045 1998 2116 duplici

407 2154 562 2192 muro
593 2137 732 2192 Deus
756 2138 1216 2206 circumvallavit,
1246 2137 1486 2193 dentium
1530 2152 1725 2207 nempe
1769 2148 1921 2207 septo
1947 2146 2002 2193 et

410 2228 670 2284 labiorum
715 2230 953 2297 ambitu,
999 2245 1068 2285 ne
1107 2230 1257 2285 facile
1284 2237 1339 2284 et
1366 2229 1663 2285 inconsulte
1701 2229 1863 2284 verba
1894 2245 2000 2284 non

409 2320 756 2389 congruentia
787 2319 1038 2387 proferat.
1072 2319 1306 2375 Refrena
1335 2319 1480 2374 illam
1505 2321 1667 2374 intus.
1693 2318 1890 2374 Verum
1916 2320 2001 2374 illa

411 2426 516 2466 non
548 2411 600 2466 id
631 2411 1132 2481 patitur?dentibus
1169 2411 1314 2466 illam
1357 2413 1577 2483 castiga,
1627 2413 1864 2483 ipsorum
1905 2426 2005 2466 ceu

411 2502 720 2558 carnificum
759 2505 962 2558 morsui
990 2504 1133 2559 illam
1167 2503 1384 2559 tradens
1417 2522 1431 2558 :
1464 2504 1657 2559 melius
1696 2503 1892 2573 quippe
1923 2511 2007 2557 est

414 2595 556 2648 illam
586 2609 726 2650 nunc
762 2603 1070 2665 peccantem
1099 2595 1350 2651 dentibus
1383 2594 1658 2662 morderi,
1689 2609 1850 2666 quam
1881 2604 2008 2651 tunc

413 2684 618 2740 aridam
645 2694 699 2740 et
727 2701 879 2756 aqua:
903 2687 1102 2740 stillam
1141 2697 1473 2757 qumrentem
1519 2687 1607 2740 illa
1638 2687 2008 2744 consolatione

415 2775 634 2845 privari.
665 2776 722 2831 In
754 2775 936 2831 multis
963 2791 1094 2832 sane
1123 2777 1242 2833 aliis
1270 2793 1499 2847 peccare
1526 2778 1615 2832 illa
1637 2779 1795 2847 solet,
1820 2781 2008 2835 convi-

413 2869 511 2923 ciis
539 2885 750 2939 nempe,
783 2869 1150 2940 blasphemiis,
1178 2871 1355 2926 verbis
1382 2871 1670 2938 obsccenis,
1703 2874 2007 2944 syc0phan-

417 2962 525 3024 tiis,
553 2961 892 3032 juramentis,
924 2962 1192 3033 periuriis.

488 3054 542 3109 5.
587 3053 839 3108 Adversus
854 3054 1072 3124 jurandi
1099 3055 1526 3111 consuetudinem.
1555 3087 1627 3097 —
1651 3057 1756 3113 Sed
1784 3074 1852 3114 ne
1882 3074 2010 3114 con-

417 3143 595 3200 fertim
647 3147 825 3200 omnia
876 3145 1115 3202 dicentes
1177 3156 1412 3202 mentem
1474 3148 1864 3204 confundamus
1914 3165 2011 3204 ve-

418 3245 604 3301 stram,
651 3251 807 3290 unam
838 3235 988 3292 vobis
1016 3236 1184 3306 legem
1229 3237 1475 3307 ponimus
1500 3236 1568 3292 de
1611 3238 1842 3293 vitandis
1863 3238 2012 3309 jura-

421 3329 640 3393 mentis,
674 3328 778 3383 boc
807 3329 957 3384 vobis
985 3331 1407 3399 pran'iuntiantes
1433 3339 1485 3384 et
1511 3331 1803 3409 edicentes,
1833 3333 1878 3386 si
1905 3348 2010 3386 non

423 3420 584 3475 modo
631 3420 884 3490 perjnria,
917 3421 1009 3474 sed
1037 3421 1195 3475 etiam
1218 3420 1524 3491 juramenta
1552 3421 1621 3476 ob
1659 3422 1856 3492 justam
1884 3439 2012 3478 cau-

420 3529 536 3567 sam
569 3512 792 3581 prolata,
827 3528 933 3567 non
965 3512 1195 3582 fugiatis,
1227 3528 1314 3567 me
1341 3528 1446 3568 non
1472 3513 1616 3568 aliud
1642 3524 2013 3584 argumentum

424 3614 795 3659 tractaturum.
824 3603 956 3658 Nam
987 3604 1275 3660 absurdum
1318 3614 1481 3671 esset,
1511 3606 1577 3670 si,
1609 3605 1735 3660 dum
1785 3606 2015 3660 ludima-

423 3698 572 3767 gistri
621 3712 728 3752 non
781 3698 911 3750 alias
967 3699 1145 3766 pueris
1201 3697 1418 3751 tradunt
1467 3697 1796 3766 disciplinas,
1845 3697 2016 3752 donec

424 3791 638 3844 videant
687 3790 916 3860 priorem
959 3791 1012 3844 in
1065 3791 1301 3860 ipsorum
1350 3791 1609 3846 memoria
1657 3790 1879 3862 pulchre
1905 3790 2015 3844 bre-

427 3896 571 3948 rere,
601 3895 699 3936 nos
745 3897 864 3936 cum
896 3881 1102 3950 priores
1149 3881 1458 3952 disciplinas
1485 3881 1721 3937 nondum
1749 3882 2016 3938 inculcare

428 3972 779 4040 potuerimus,
808 3973 1005 4027 alteras
1045 3972 1220 4027 denuo
1249 3973 1553 4042 ingeramus
1585 3990 1598 4026 :
1630 3973 1683 4027 id
1712 3973 1853 4028 enim
1883 3973 2016 4028 nihil

425 4062 567 4116 aliud
595 4072 736 4118 esset
762 4079 920 4134 quam
953 4065 1006 4118 in
1050 4073 1266 4133 pertuso
1294 4063 1437 4118 dolio
1485 4063 1716 4118 haurire.
1745 4063 1822 4119 Ne
1861 4065 2020 4134 igitur

427 4170 488 4206 os
513 4154 666 4208 nobis
704 4154 983 4220 claudatis,
1018 4169 1262 4224 magnam
1313 4155 1388 4208 rei
1417 4168 1602 4209 curam
1645 4153 1855 4209 habete.
1884 4154 2018 4208 Nam

427 4259 588 4314 grave
636 4254 906 4313 peccatum
956 4252 1075 4311 est,
1116 4243 1510 4314 admodumque
1557 4259 1760 4316 grave:
1794 4244 2020 4314 ideoque

429 4337 716 4391 admodum
744 4353 927 4408 grave,
960 4339 1083 4408 quia
1111 4352 1216 4392 non
1262 4338 1472 4392 videtur
1494 4353 1655 4408 grave
1678 4352 1798 4393 esse
1830 4355 1845 4393 :
1873 4337 2020 4393 ideo-

433 4445 537 4498 que
565 4429 735 4498 ipsnm
763 4428 1012 4493 formido,
1044 4428 1166 4498 quia
1196 4444 1355 4483 nemo
1394 4427 1644 4484 formidat
1675 4445 1688 4482 :
1720 4428 1839 4482 ideo
1866 4428 2019 4482 incu-

431 4522 612 4576 rabilis
662 4522 900 4589 morbus,
941 4524 1062 4591 quia
1105 4522 1323 4577 morbus
1367 4537 1472 4576 non
1500 4537 1618 4577 esse
1647 4521 1892 4587 videtur;
1924 4521 2021 4577 sed

430 4613 876 4683 quemadmodum
906 4629 1084 4668 sermo
1113 4613 1340 4682 simplex
1376 4614 1579 4668 crimen
1607 4627 1712 4667 non
1739 4622 1836 4677 est,
1871 4614 1940 4666 ita
1967 4621 2023 4667 et

435 4705 538 4759 hoc
583 4706 783 4760 crimen
828 4721 948 4761 esse
995 4721 1101 4760 non
1153 4704 1382 4770 videtur,
1412 4704 1506 4760 sed
1554 4705 1883 4760 confidenter
1922 4708 2023 4760 hoc

433 4795 640 4850 facinus
685 4796 1025 4861 admittitur;
1058 4797 1103 4850 si
1149 4796 1268 4868 quis
1315 4812 1445 4851 vero
1488 4796 1794 4866 redarguat,
1842 4798 2020 4852 statim

435 4889 576 4940 risus
603 4898 657 4942 et
683 4888 926 4942 cachinni
957 4887 1184 4958 profusi,
1230 4903 1334 4942 non
1375 4889 1631 4942 adversus
1675 4903 1788 4956 eos,
1820 4889 1908 4958 qui
1935 4888 2024 4957 ju-

441 4991 676 5036 ramenta
703 4982 1046 5053 redarguunt,
1076 4982 1169 5037 sed
1211 4981 1470 5036 adversus
1497 4997 1611 5048 cos,
1657 4983 1746 5052 qui
1778 4983 2020 5037 morbum

437 5088 630 5130 curare
670 5074 874 5128 volunt.
929 5073 1054 5128 ldco
1102 5074 1316 5143 longum
1360 5073 1460 5128 hac
1501 5078 1569 5128 de
1610 5088 1668 5128 re
1721 5088 2022 5128 sermonem

441 5165 612 5220 habeo
647 5183 660 5219 :
689 5164 848 5218 altam
875 5165 1016 5218 enim
1061 5163 1292 5218 radicem
1340 5163 1570 5219 evellere
1616 5164 1792 5232 cupio,
1824 5173 1878 5217 ct
1905 5164 2025 5218 diu-

440 5265 652 5316 turnum
682 5255 863 5311 delere
909 5255 1140 5320 malum;
1171 5271 1274 5308 non
1306 5255 1535 5324 pcrjuria
1564 5254 1734 5308 solum
1760 5254 1901 5321 dico,
1930 5253 2024 5309 sed

436 5355 492 5401 et
540 5345 839 5415 juramenta
887 5345 1030 5414 juste
1077 5346 1302 5414 prolata.
1356 5346 1444 5409 At,
1476 5344 1700 5413 inquies,
1752 5344 1838 5398 ille
1865 5344 2026 5398 homo

442 5439 735 5502 modestus,
782 5439 1134 5492 sacerdotium
1179 5452 1391 5507 gerens,
1440 5438 1523 5506 pie
1565 5447 2027 5507 temperanterque

446 5531 651 5594 vivens,
687 5531 837 5599 'jurat
879 5538 1073 5584 tamen.
1118 5528 1195 5584 Ne
1221 5528 1348 5582 mihi
1379 5529 1676 5583 modestum
1707 5529 1854 5582 illum
1898 5529 2029 5583 alle-

442 5637 557 5692 ges,
606 5630 1012 5690 temperantem,
1047 5623 1212 5691 pium,
1263 5623 1316 5676 in
1359 5623 1659 5675 sacerdotio
1706 5621 2024 5692 degentem:

440 5712 538 5768 sed
579 5712 624 5767 si
652 5713 730 5765 vis
777 5729 912 5782 pone
963 5714 1176 5768 Petrum
1205 5728 1323 5768 esse
1370 5714 1452 5768 vel
1481 5713 1723 5777 Paulum,
1757 5713 1839 5766 vel
1869 5727 2030 5770 ance-

445 5809 572 5871 lnm,
604 5808 692 5876 qui
720 5806 786 5860 de
817 5807 949 5861 caelo
984 5805 1318 5862 descenderit
1349 5823 1360 5859 :
1397 5822 1461 5862 ne
1491 5805 1566 5860 sic
1595 5807 1805 5876 quidem
1835 5821 2021 5876 perso-

1418 382 1506 437 AD
1545 376 2054 438 [LLUMINANDOS
2092 373 2524 432 CATECIIESIS
2561 374 2601 429 l.

3561 372 3669 426 ‘23!)

2083 501 2272 542 narum
2301 485 2608 557 dignitatem
2655 485 2953 556 respiciam.
2985 485 3117 540 Nam
3147 486 3317 556 legem
3345 501 3451 542 non
3498 491 3667 542 servi-

2084 577 2215 644 lem,
2249 577 2343 632 sed
2372 578 2692 632 dominicam
2721 578 2790 632 de
2820 576 3127 648 juramento
3156 579 3274 648 lego
3303 596 3318 632 :
3345 595 3466 634 cum
3496 590 3671 636 autem

2084 667 2424 738 imperatoria
2444 669 2642 738 scripta
2663 667 2928 738 leguntur,
2953 669 3126 724 omnis
3147 685 3419 724 servorum
3445 670 3670 740 dignitas

2086 762 2349 830 quiescat.
2382 759 2514 815 Nam
2560 761 2605 814 si
2633 760 2814 816 dicere
2862 771 3017 832 potes
3065 760 3334 816 Christum
3375 762 3673 832 juramenta

2088 855 2426 924 prmcepisse,
2455 863 2545 908 aut
2566 853 2836 909 Christum
2885 855 2998 925 ipsa
3037 855 3269 912 admissa
3317 872 3425 912 non
3454 860 3671 925 ulcisci,
3733 888 3740 892 -
3772 883 3778 901 δ

2090 945 2313 999 05tende
2360 944 2510 1011 mihi,
2554 955 2608 1000 et
2637 960 2841 1000 morem
2884 961 3086 1014 geram.
3119 947 3270 1014 Quod
3298 947 3344 1001 si
3373 957 3517 1002 tanta
3546 964 3674 1004 cura

2094 1037 2265 1108 ipsum
2293 1046 2454 1101 vetat,
2486 1046 2541 1092 et
2566 1047 2769 1092 tantam
2797 1037 2952 1108 hujus
2983 1038 3059 1093 rei
3091 1038 3472 1108 providentiam
3515 1041 3675 1109 gerit,

2095 1138 2156 1182 ut
2183 1144 2304 1182 eum
2333 1128 2565 1198 maligno
2587 1128 2856 1198 jurantem
2879 1130 3170 1184 constituat
3194 1131 3381 1199 (Quod
3409 1140 3578 1184 autem
3605 1131 3685 1185 his

2095 1217 2434 1274 abundantius
2470 1228 2562 1286 est,
2592 1220 2685 1285 ait,
2713 1234 2923 1290 nempe,
2953 1228 3025 1273 est
3072 1228 3127 1275 et
3152 1237 3272 1288 non,
3299 1238 3331 1274 a
3357 1220 3561 1275 diabolo
3602 1229 3680 1273 est

2099 1306 2426 1384 [Matth.5]),
2451 1311 2576 1382 quid
2598 1312 2728 1367 mihi
2756 1312 2899 1368 hunc
2926 1322 2980 1368 et
3009 1312 3157 1368 illum
3188 1313 3240 1367 in
3290 1313 3525 1368 medium
3556 1328 3683 1383 pro-

2098 1403 2250 1459 ducis
2270 1404 2292 1457 ?
2312 1403 2429 1458 Non
2459 1403 2603 1458 enim
2628 1419 2694 1484 eg
2722 1418 3099 1460 conservorum
3126 1404 3466 1474 negligentia,
3495 1405 3591 1460 sed
3620 1419 3688 1460 ex

2098 1491 2274 1564 legum
2301 1508 2520 1548 suarum
2563 1502 2853 1564 prtucepto,
2899 1493 3042 1548 hunc
3072 1495 3212 1549 Deus
3241 1493 3376 1550 feret
3402 1495 3685 1549 calculum.

2100 1583 2265 1651 Jussi,
2312 1585 2482 1655 inquit
2517 1601 2530 1637 :
2564 1584 2935 1655 obtemperare
2979 1585 3282 1656 Oportebat,
3330 1599 3436 1640 non
3469 1585 3610 1640 hunc
3638 1593 3694 1641 et

2101 1677 2250 1744 illum
2278 1678 2630 1748 praetendere,
2659 1693 2834 1748 neque
2871 1679 3044 1732 aliena
3071 1678 3212 1733 mala
3255 1678 3518 1733 curiosius
3542 1679 3693 1734 inve-

2103 1768 2319 1839 stigare.
2351 1768 2789 1839 Quandoquidem
2836 1784 3060 1840 magnus
3107 1769 3196 1824 ille
3242 1768 3408 1824 David
3453 1770 3504 1824 in
3535 1784 3696 1839 grave

2106 1869 2381 1929 peccatum
2427 1859 2607 1928 lapsus
2653 1868 2735 1914 est
2762 1877 2778 1914 :
2806 1858 3030 1926 ideone,
3063 1874 3267 1929 quaeso,
3313 1860 3429 1915 sine
3459 1861 3698 1930 periculo

2106 1965 2330 2021 peccare
2357 1951 2691 2020 poterimus?
2719 1951 3056 2020 Quapropter
3082 1951 3184 2006 hoc
3225 1966 3415 2006 cavere
3441 1960 3652 2021 Oportet
3678 1992 3695 2017 ,

2106 2052 2270 2113 atque
2300 2051 2444 2098 recta
2493 2053 2698 2098 tantum
2728 2054 3031 2098 sanctorum
3076 2054 3222 2115 gesta
3254 2044 3470 2099 imitari.
3518 2045 3700 2100 Sicubi

2111 2153 2241 2192 vero
2288 2137 2606 2208 negligentia
2650 2137 2734 2192 vel
2781 2139 3132 2208 transgressio
3176 2138 3309 2208 legis
3354 2147 3618 2204 occurrat,
3648 2138 3702 2193 id

2112 2243 2323 2284 summa
2374 2228 2730 2283 sollicitudine
2759 2227 3066 2298 fugiendum
3097 2236 3196 2284 est.
3245 2228 3360 2283 Non
3391 2231 3534 2284 enim
3579 2245 3700 2284 cum

2109 2321 2404 2386 conservis,
2427 2320 2520 2376 sed
2546 2336 2667 2375 cum
2696 2322 2922 2376 Domino
2947 2322 3082 2376 ratio
3110 2323 3261 2376 nobis
3290 2331 3392 2388 est,
3419 2339 3704 2394 rerumque

2111 2411 2164 2465 in
2190 2411 2296 2466 vita
2325 2421 2593 2482 gestarum
2620 2412 2855 2466 omnium
2886 2413 3146 2468 rationem
3169 2413 3266 2484 ipsi
3293 2414 3593 2470 reddemus.
3623 2415 3703 2470 Ad

2114 2503 2243 2558 illud
2271 2506 2447 2573 itaque
2479 2504 2710 2559 tribunal
2739 2517 2837 2558 nos
2865 2519 3224 2574 praeparemus
3249 2522 3262 2557 :
3287 2521 3407 2560 nam
3433 2515 3706 2575 quantuni-

2113 2593 2198 2649 vis
2226 2594 2570 2649 admirandus
2597 2603 2651 2649 et
2678 2609 2902 2665 magnus
2931 2595 3001 2650 sit
3028 2596 3075 2650 is
3101 2597 3191 2666 qui
3225 2597 3362 2652 hanc
3389 2597 3558 2667 legem
3588 2597 3705 2650 vio-

2113 2685 2208 2753 lat,
2233 2687 2470 2756 reposito
2500 2686 2621 2742 huic
2647 2688 3068 2757 prmvaricationi
3093 2691 3354 2759 supplicio
3377 2690 3517 2746 haud
3541 2690 3705 2747 dubie

2113 2778 2406 2848 plectelur:
2429 2793 2534 2833 non
2565 2779 2709 2833 enim
2735 2793 2992 2849 personas
3015 2781 3206 2850 accipit
3234 2781 3394 2835 Deus.
3425 2781 3708 2849 Quomodo

2115 2879 2295 2925 autem
2321 2884 2491 2939 quave
2517 2871 2723 2924 ratione
2748 2879 2924 2940 potest
2949 2871 3050 2926 hoc
3081 2881 3354 2941 peccatum
3377 2873 3576 2927 vitari?
3602 2888 3708 2928 non

2115 2964 2262 3017 enim
2310 2975 2407 3030 par
2455 2969 2538 3014 est
2583 2976 2741 3030 quam
2787 2976 2949 3032 grave
3004 2962 3074 3016 sit
3123 2969 3397 3030 peccatum
3440 2963 3712 3021 dumtaxat

2115 3052 2418 3115 ostendere,
2471 3052 2566 3107 sed
2611 3053 2912 3119 consilium,
2961 3067 3067 3123 quo
3107 3053 3176 3108 ab
3205 3069 3270 3109 eo
3301 3055 3512 3109 liberari
3541 3055 3715 3126 possi-

2116 3160 2239 3199 mus
2257 3144 2486 3214 aperire.
2506 3144 2602 3198 Est
2621 3144 2712 3198 tibi
2749 3145 2962 3214 conjux,
2988 3155 3110 3200 sunt
3132 3146 3226 3200 tibi
3247 3147 3358 3212 filii,
3382 3156 3464 3202 est
3482 3149 3708 3216 amicus,

2117 3245 2395 3308 cognatus,
2420 3237 2624 3292 vicinus
2656 3254 2670 3289 :
2703 3237 2786 3292 his
2812 3238 3060 3292 omnibus
3083 3239 3218 3292 hanc
3242 3254 3405 3310 super
3430 3239 3513 3294 his
3533 3251 3716 3295 custo-

2118 3328 2261 3383 diam
2306 3329 2590 3383 domanda.
2621 3326 2808 3389 Gravis
2853 3344 2941 3383 res
2985 3337 3071 3383 est
3115 3330 3465 3398 consuetudo,
3497 3331 3713 3388 difficile

2119 3428 2204 3476 est
2232 3435 2350 3475 eam
2377 3419 2444 3475 de
2469 3419 2647 3475 medio
2677 3420 2882 3483 tollere,
2913 3419 3136 3474 arduum
3164 3430 3246 3475 est
3273 3422 3340 3476 ab
3368 3423 3452 3477 illa
3482 3438 3671 3479 cavere
3692 3463 3714 3492 ,

2119 3513 2316 3568 invitos
2344 3528 2485 3584 saepe
2531 3521 2586 3568 et
2632 3512 2997 3582 imprudentes
3044 3513 3264 3568 invadit.
3311 3514 3474 3583 Igitur
3517 3525 3716 3586 quanto

2120 3607 2376 3676 majorem
2402 3606 2538 3660 nosti
2563 3607 2669 3659 vim
2692 3604 3111 3669 consuetudinis,
3137 3614 3284 3659 tanto
3306 3608 3472 3676 magis
3493 3624 3520 3659 a
3546 3623 3708 3676 prava

2119 3697 2506 3754 consuetudine
2557 3697 2768 3753 liberari
2797 3705 2976 3767 satage
3001 3706 3057 3752 et
3101 3697 3168 3752 ad
3196 3699 3352 3751 aliam
3383 3699 3714 3753 utilissimam

2124 3800 2174 3845 te
2202 3791 2448 3845 transfer.
2483 3788 2940 3857 Quemadmodum
2986 3789 3128 3842 enim
3161 3798 3213 3844 te
3257 3789 3400 3845 illam
3442 3801 3723 3873 curantem

2123 3898 2289 3953 sarpe,
2321 3882 2389 3936 ab
2416 3883 2500 3936 illa
2528 3890 2810 3937 caventem
2848 3890 3005 3951 teque
3033 3880 3257 3936 sollicite
3284 3881 3668 3936 custodientem
3699 3924 3715 3946 ,

2124 3975 2295 4045 potuit
2338 3974 2701 4043 supplantare,
2731 3973 2800 4026 ita
2841 3973 2886 4026 si
2930 3980 2983 4027 te
3033 3975 3086 4026 in
3131 3972 3324 4026 bonam
3355 3988 3462 4027 non
3506 3974 3718 4042 jurandi

2123 4065 2561 4120 consuetudinem
2613 4063 2920 4128 transferas,
2964 4078 3064 4118 nec
3109 4063 3304 4117 invitus
3334 4080 3579 4134 umquam
3623 4081 3720 4120 nec

2126 4170 2313 4212 socors
2367 4156 2567 4226 poteris
2608 4155 2659 4208 in
2684 4154 2975 4223 juramenti
3023 4153 3228 4222 lapsum
3276 4152 3492 4210 deferri.
3531 4154 3719 4224 Magna

2126 4249 2306 4318 utique
2344 4262 2432 4302 res
2468 4249 2816 4309 consuetudo,
2863 4261 2981 4316 qua:
3026 4254 3230 4299 naturze
3276 4245 3380 4299 vim
3432 4245 3609 4301 habet.
3638 4246 3720 4302 Ne

2128 4339 2287 4409 igitur
2314 4339 2366 4394 id
2407 4338 2711 4408 frequenter
2751 4353 2989 4406 agamus,
3023 4338 3075 4392 in
3119 4337 3276 4391 aliam
3307 4353 3404 4392 nos
3427 4349 3716 4394 consuetu-

2126 4430 2305 4484 dinem
2340 4429 2720 4484 transferamus
2751 4444 2818 4482 :a
2847 4429 3069 4498 singulis
3099 4438 3272 4483 tecum
3321 4430 3620 4486 viventibus
3664 4441 3722 4488 et

2126 4523 2460 4578 versantibus
2515 4522 2650 4576 hanc
2696 4522 2918 4590 gratiam
2967 4521 3195 4589 postula,
3238 4529 3296 4575 ut
3339 4530 3390 4576 te
3440 4522 3719 4580 hortentur

2126 4624 2286 4682 atque
2315 4613 2568 4667 inducant
2595 4611 2661 4666 ad
2711 4611 2978 4666 vitandum
3004 4611 3382 4682 juramentum.
3413 4613 3719 4684 deprehen-

2129 4722 2243 4761 sum
2271 4715 2513 4776 arguant.
2553 4704 2685 4760 Nam
2712 4721 2894 4759 eorum
2941 4705 3084 4760 circa
3115 4713 3167 4759 te
3196 4707 3434 4761 custodia
3467 4709 3552 4762 vel
3588 4709 3716 4778 ipsis

2129 4798 2412 4852 consilium
2439 4807 2494 4851 et
2521 4796 2822 4850 adhortatio
2866 4805 2950 4851 est
2973 4797 3040 4852 ad
3083 4807 3229 4853 recte
3257 4799 3540 4868 agendum.
3583 4801 3716 4856 Nam

2129 4888 2217 4957 qui
2240 4887 2468 4942 alterum
2489 4886 2556 4942 de
2576 4887 2879 4957 juramento
2916 4899 3150 4955 accusat,
3192 4904 3299 4944 non
3329 4889 3481 4944 facile
3525 4891 3636 4961 ipse
3669 4893 3722 4948 in

2129 4978 2231 5033 hoc
2254 4978 2559 5034 barathrum
2603 4979 2818 5033 incidet.
2852 4978 3169 5034 Barathrum
3192 4981 3332 5034 enim
3363 4996 3467 5034 non
3499 4998 3720 5051 parvum

2131 5080 2214 5125 est
2257 5070 2469 5139 jurandi
2529 5071 2844 5138 frequentia,
2877 5085 2984 5123 non
3030 5070 3190 5125 modo
3219 5086 3340 5126 cum
3377 5071 3445 5127 de
3487 5075 3723 5130 minimis

2132 5163 2310 5229 rebus,
2332 5163 2424 5216 sed
2454 5177 2574 5216 cum
2595 5162 2660 5217 de
2681 5163 2927 5217 maximis
2942 5163 3131 5232 agitur.
3149 5162 3256 5218 Nos
3275 5173 3449 5218 autem
3470 5165 3550 5219 vel
3577 5166 3724 5221 olera

2131 5264 2391 5320 ementes,
2415 5253 2567 5308 valde
2587 5253 2654 5308 de
2668 5253 2874 5308 duobus
2895 5253 3065 5308 obolis
3081 5253 3455 5323 disceptantes,
3476 5255 3529 5310 in
3553 5256 3726 5313 famu-

2132 5347 2212 5403 los
2235 5347 2310 5402 ira
2333 5347 2584 5404 commoti
2611 5356 2664 5402 et
2687 5350 3092 5416 comminantes,
3121 5349 3287 5404 Deum
3315 5366 3528 5421 semper
3556 5353 3718 5408 advo-

2132 5453 2316 5492 camus
2347 5449 2556 5494 testem.
2587 5439 2864 5494 llomincm
2895 5441 3110 5510 quidem
3160 5441 3446 5512 ingenuum
3495 5446 3577 5500 vel
3617 5446 3720 5502 levi

2134 5529 2389 5599 dignitate
2426 5529 2727 5599 praeditum,
2757 5531 2822 5584 ad
2850 5531 3148 5601 hujusmodi
3191 5549 3279 5588 res
3310 5533 3360 5588 in
3388 5535 3504 5588 foro
3533 5545 3722 5592 testem

2135 5622 2394 5676 advocare
2416 5638 2519 5676 non
2543 5623 2726 5691 audes,
2760 5623 2842 5678 vel
2872 5625 2914 5678 si
2942 5625 3159 5690 audeas,
3182 5628 3515 5682 contumelia:
3539 5644 3723 5697 pinnas

2135 5714 2323 5777 dabis;
2370 5714 2619 5767 cmlorum
2667 5722 2842 5768 autem
2884 5715 3080 5785 Regem
3111 5725 3165 5771 et
3191 5719 3497 5787 angelorum
3546 5720 3723 5774 Domi-

2139 5825 2286 5876 num,
2336 5808 2446 5862 sive
2492 5808 2559 5863 de
2605 5809 2901 5876 venalibus,
2952 5811 3063 5866 sive
3103 5810 3169 5866 de
3216 5813 3471 5882 pecuniis,
3501 5813 3614 5870 sive
3657 5811 3729 5865 de
