4046 6396
405 424 498 480 231

409 537 638 592 minimis
691 535 850 590 rebus
899 548 1199 588 sermonem
1252 531 1479 593 habeas,
1529 533 1580 584 in
1630 531 1992 585 testimonium

407 629 611 695 trahis;
645 628 879 682 haeccine
927 625 1184 679 ferenda?
1214 624 1492 690 Qumnodo
1548 623 1837 692 poterimus
1866 636 1994 692 ergo

404 725 472 774 ah
509 719 610 773 hac
636 720 770 774 mala
797 717 1184 774 consuetudine
1214 715 1465 770 liberari?
1490 717 1545 768 Si
1571 714 1840 778 custodes,
1863 728 1998 783 quos

403 811 536 872 dixi,
581 811 719 864 circa
766 825 861 864 nos
900 823 1182 878 ponamus,
1219 815 1532 876 tempusque
1577 805 1730 860 nobis
1777 806 1904 876 ipsis
1929 805 1996 861 ad

407 902 798 969 correptiouem
831 899 1237 964 constituamus,
1270 912 1588 966 pmnamque
1613 895 1765 950 nobis
1792 895 1996 951 indica-

403 1008 544 1058 mus,
573 993 616 1046 si
639 991 820 1063 elapso
843 999 1080 1060 tempore
1098 1005 1202 1044 non
1225 989 1490 1044 emendati
1511 988 1790 1043 fuerimus.
1813 988 1998 1056 Quod-

405 1099 525 1137 nam
559 1091 765 1153 tempus
791 1081 858 1135 ad
910 1080 1011 1136 hoc
1053 1081 1185 1134 satis
1227 1081 1371 1134 erit?
1414 1079 1528 1134 Non
1569 1088 1696 1150 puto
1744 1095 1857 1145 eos,
1907 1079 1997 1149 qui

402 1175 691 1231 admodum
753 1174 974 1244 vigilant
1026 1188 1242 1244 suzeque
1295 1172 1542 1228 curanda:
1594 1172 1750 1226 saluti
1808 1172 1998 1226 intenti

403 1277 549 1332 sunt,
585 1267 702 1337 plus
729 1267 912 1321 decem
961 1265 1147 1319 diebus
1175 1280 1308 1334 opus
1342 1264 1558 1330 habere,
1589 1273 1645 1318 ut
1675 1279 1702 1316 a
1747 1263 1882 1316 mala
1907 1263 1994 1332 ju-

403 1367 766 1414 ramentorum
794 1357 1177 1411 consuetudine
1225 1371 1443 1425 prorsus
1489 1355 1796 1410 liberentur.
1843 1354 1996 1422 Quod

405 1452 450 1505 si
484 1460 604 1520 post
649 1449 768 1505 illos
817 1448 1003 1504 decem
1059 1448 1173 1503 dies
1214 1447 1456 1517 jurantes
1486 1445 1952 1516 deprehendamur
1978 1487 1993 1513 ,

404 1555 617 1610 poenam
661 1539 816 1594 nobis
845 1539 1254 1603 constituamus,
1287 1537 1681 1592 damnationem
1711 1546 1765 1591 et
1793 1537 1995 1607 suppli-

1115 423 1170 477 S.
1213 420 1488 476 JO.\NNiS
1526 418 2004 475 CilRYSOSTOMl
2047 417 2364 474 ARCHIEP.
2393 418 2922 477 CONSTANTINOP.

3587 428 3696 482 232

2102 530 2242 583 cium
2294 545 2390 600 pro
2421 533 2856 600 prmvarieatione
2897 536 3211 590 maximum.
3243 539 3410 604 Quam
3438 556 3561 597 vero
3593 544 3688 596 da-

2106 621 2476 676 mnationem?
2508 623 2560 676 Id
2591 640 2694 677 nou
2731 640 2831 694 ego
2855 623 3128 694 deﬁniam,
3177 628 3271 683 sed
3299 645 3392 684 vos
3418 639 3695 688 sententia:

2101 710 2350 768 dominos
2374 715 2665 769 constituo.
2693 714 2782 770 Sic
2810 731 2895 781 ea,
2921 733 3039 788 qua:
3063 734 3160 773 nos
3186 732 3449 790 spectant,
3479 723 3695 794 dispen-

2102 818 2305 867 semus,
2355 822 2457 858 non
2511 807 2670 861 modo
2718 809 2857 863 circa
2903 809 3225 879 jurameuta,
3275 815 3368 869 sed
3407 816 3547 870 circa
3593 818 3697 872 alia

2102 895 2355 964 quaelibet
2400 896 2633 962 delicta;
2683 914 2746 954 ac
2809 909 3019 970 tempus
3065 903 3219 958 nobis
3271 907 3696 974 constituentes,

2101 990 2432 1060 gravissimis
2461 992 2728 1064 deputatis
2759 996 2952 1065 pmnis,
2985 996 3029 1050 si
3060 997 3344 1066 aliquando
3373 1000 3423 1053 in
3465 1016 3526 1054 ea
3555 1001 3694 1056 iuci-

2101 1081 2311 1148 damus,
2358 1085 2475 1152 puri
2502 1084 2568 1138 ad
2614 1085 2898 1140 Dominum
2945 1099 3187 1143 neSIrum
3219 1091 3556 1157 accedemus,
3587 1104 3640 1148 ct
3667 1109 3697 1146 a

2101 1173 2344 1243 gehenna
2373 1175 2508 1244 ignis
2535 1176 2897 1245 liherabimur,
2931 1179 3258 1251 ﬁdenterque
3285 1183 3542 1238 stabimus
3573 1195 3699 1241 ante

2103 1265 2334 1320 tribunal
2379 1267 2574 1322 Christi
2610 1286 2622 1322 :
2655 1269 2796 1338 quod
2838 1287 2936 1324 nos
2965 1272 3180 1341 assequi
3211 1275 3503 1344 contingat,
3531 1278 3699 1346 gratia

2103 1368 2157 1412 et
2200 1357 2523 1427 benignitate
2569 1359 2780 1414 Domini
2835 1363 3001 1416 nostri
3052 1361 3178 1418 Jesu
3222 1364 3437 1432 Christi,
3483 1367 3698 1436 quicum

2104 1447 2246 1503 Patri
2276 1449 2446 1519 gloria
2477 1465 2581 1505 una
2613 1467 2733 1506 cum
2765 1452 2964 1522 Spiritu
2993 1465 3198 1520 sancto,
3232 1455 3282 1510 in
3309 1459 3501 1513 Saecula
3527 1473 3698 1514 saecu-

2102 1538 2299 1595 lorum.
2328 1543 2519 1597 Amen.

1735 1673 3690 1701 __________—_____

1462 1745 1667 1855 CA
1679 1747 1871 1852 TE
1883 1749 2438 1860 CHESIS
2508 1755 2654 1863 II

406 1971 488 2014 Αυ
529 1967 1022 2024 tLLUthunos,
1068 1968 1149 2010 ET
1191 1968 1274 2010 DE
1317 1967 1704 2012 MULIEBIBUS
1748 1966 1822 2010 se
1863 1966 2090 2012 'ron'rts
2132 1970 2425 2017 curamus
2467 1976 2550 2019 ET
2615 1979 2788 2024 anno
2829 1981 3250 2041 OBNANTIBUS,
3300 1987 3380 2029 ET
3422 1989 3504 2031 ua
3545 1989 3702 2033 sne-

480 2071 790 2116 TANTIBUS
830 2067 1178 2124 VATICINIA,
1224 2068 1345 2110 νει.
1386 2067 1760 2124 ιιαΑΤυιιΔε,
1807 2067 1928 2112 VEL
1979 2069 2010 2111 Ι]

2119 2071 2481 2119 λητΑτιοΝιςε

483 2173 643 2217 SUNT
683 2170 937 2216 ALIENA.

2527 2078 2732 2132 :QUE
2802 2082 3048 2128 CUNCTA
3100 2088 3140 2130 Δ
3211 2087 3702 2137 ρῐιιιῐετηαιειίο

1830 2291 2275 2333 tum

479 2441 530 2496 1.
560 2439 738 2510 Nuper
761 2437 1024 2492 dictorum
1053 2433 1194 2504 apud
1237 2433 1511 2488 caritatem
1539 2441 1770 2488 vestram
1795 2431 2006 2490 fructus

406 2552 436 2590 a
468 2535 618 2590 vobis
647 2531 972 2602 repetiturus
1014 2527 1204 2584 adveni
1241 2544 1254 2582 :
1287 2541 1397 2581 non
1427 2527 1568 2582 enim
1609 2535 1891 2597 propterea
1921 2527 2000 2582 lo-

405 2631 638 2700 quimur,
688 2635 740 2680 ut
777 2632 980 2678 tantum
1025 2619 1274 2685 audiatis,
1307 2633 1494 2674 verum
1539 2627 1599 2672 ut
1637 2627 1694 2674 et
1739 2617 2006 2673 dictorum

411 2720 725 2777 memoriam
776 2713 1020 2778 servetis,
1067 2722 1121 2767 et
1151 2727 1246 2783 per
1291 2725 1452 2780 opera
1498 2710 1651 2766 nobis
1694 2708 2008 2764 memoriam

407 2809 824 2874 demonstretis;
855 2807 963 2861 imo
1006 2819 1135 2860 vero
1177 2819 1283 2858 non
1317 2803 1492 2867 nobis,
1524 2801 1618 2857 sed
1651 2802 1761 2857 Deo
1803 2802 1999 2857 mentis

408 2919 602 2962 arcana
638 2902 848 2958 scienti.
899 2901 1188 2970 Propterea
1231 2906 1285 2951 et
1312 2895 1628 2961 catechcsis,
1663 2895 1714 2950 id
1743 2905 1826 2951 est
1856 2897 2010 2951 insti-

415 3000 570 3064 tutio,
619 2997 832 3060 dicitur,
863 3001 926 3048 ut
967 3001 1022 3048 et
1061 2991 1372 3046 absentibus
1401 2989 1556 3044 nobis
1601 3004 1781 3044 sermo
1832 2998 2014 3044 noster

408 3100 617 3146 mentes
660 3098 866 3143 vestras
913 3086 1170 3140 instituat.
1203 3084 1268 3138 Et
1311 3098 1377 3138 ne
1407 3082 1696 3148 miremini,
1728 3083 1773 3137 si
1824 3083 2012 3137 decem

408 3184 600 3242 diebus
631 3191 842 3238 tantum
873 3178 1156 3234 transactis
1181 3176 1447 3233 seminum
1493 3175 1694 3231 fructus
1736 3174 2012 3245 repetituri

408 3277 654 3332 venimus
691 3273 934 3329 :etenim
983 3271 1070 3327 die
1122 3286 1228 3326 una
1280 3270 1406 3325 licet
1457 3269 1656 3340 pariter
1702 3277 1758 3324 et
1805 3268 2012 3323 semina

408 3383 662 3440 spargere
690 3375 743 3422 et
772 3380 1005 3422 messem
1051 3365 1225 3419 facere
1257 3380 1272 3417 :
1305 3377 1411 3417 non
1441 3363 1582 3417 enim
1629 3361 1844 3431 propria
1890 3369 2008 3415 tan-

412 3472 522 3516 tum
552 3462 766 3521 virtute,
801 3473 986 3512 verum
1016 3466 1072 3511 et
1116 3455 1299 3511 divino
1325 3455 1524 3510 auxilio
1553 3453 1810 3519 roborati,
1839 3453 1918 3508 sic
1943 3453 2011 3508 ad

415 3553 709 3608 certamina
736 3563 1011 3604 vocamur.
1041 3548 1374 3618 Quicumque
1406 3547 1565 3617 igitur
1587 3546 1730 3601 dicta
1760 3560 2014 3614 suscepe-

417 3655 546 3702 runt
572 3655 626 3700 et
656 3661 750 3714 per
774 3658 937 3712 opera
964 3641 1339 3712 impleverunt,
1369 3647 1621 3694 maneant
1648 3653 1706 3694 se
1726 3638 2014 3694 extenden-

415 3749 498 3792 tes
518 3739 570 3792 in
601 3735 891 3792 anteriora.
918 3733 1254 3803 Quicumque
1279 3746 1406 3787 vero
1434 3731 1626 3786 bonam
1652 3730 1788 3786 hanc
1818 3745 2011 3801 opera-

419 3831 618 3884 tionem
673 3827 907 3882 nondum
961 3825 1283 3896 attigerunt,
1335 3824 1445 3893 jam
1497 3824 1787 3894 attingant,
1841 3833 1900 3878 ut
1947 3838 2013 3877 ex

419 3931 638 3990 torpore
668 3928 845 3973 natam
877 3917 1271 3971 damnationem
1304 3913 1480 3970 futuro
1505 3914 1681 3969 studio
1723 3913 2008 3984 repellant.

422 4013 572 4068 Licet
594 4012 760 4076 enim,
789 4011 934 4075 licet,
967 4010 1205 4080 inquam,
1238 4024 1359 4064 eum
1386 4008 1476 4078 qui
1520 4008 1742 4062 multum
1775 4008 1970 4076 torpuit
1997 4047 2012 4072 ,

423 4114 542 4174 post
569 4103 684 4157 hare
709 4101 976 4172 diligentia
1000 4099 1219 4164 utendo,
1243 4099 1499 4169 prmtcriti
1524 4098 1777 4167 temporis
1802 4112 2016 4152 onlnem

421 4199 620 4255 sarcire
641 4195 924 4265 jacturam.
955 4193 1158 4248 Idcirco
1186 4192 1380 4247 dicitur
1413 4211 1425 4246 :
1461 4191 1628 4245 Hodie
1647 4192 1692 4245 si
1720 4208 1886 4246 vocent
1908 4193 2019 4263 ejus

417 4291 698 4356 audieritis,
717 4289 872 4344 nolite
883 4287 1133 4342 obdurare
1154 4286 1308 4340 corda
1334 4295 1496 4340 vestra
1523 4285 1653 4338 sicut
1671 4285 1722 4338 in
1753 4284 2020 4338 exacerba-

419 4389 554 4440 tione
597 4383 766 4457 (Psat.
820 4381 910 4437 94.
943 4381 1022 4451 8).
1057 4380 1169 4435 Hoc
1215 4390 1394 4436 autem
1444 4379 1593 4444 dicit,
1642 4378 1937 4434 admonens
1965 4389 2020 4434 et

424 4478 712 4534 consulens
742 4489 1029 4546 numquam
1077 4473 1384 4543 desperare,
1434 4471 1529 4527 sed
1576 4473 1748 4528 donec
1792 4473 1878 4527 hic
1925 4489 2018 4529 su-

427 4584 566 4635 mus,
591 4569 781 4623 bonam
805 4565 1005 4620 habere
1029 4581 1178 4634 spem
1204 4574 1260 4620 et
1284 4565 1552 4620 anteriora
1582 4563 2019 4634 apprehendendi

425 4674 480 4717 et
509 4661 748 4717 bravium
773 4675 1016 4728 superna:
1041 4658 1134 4711 Dei
1164 4657 1456 4712 vocationis
1485 4657 1838 4728 persequendi
1867 4657 2021 4724 (Phi-

427 4753 556 4822 lipp.
605 4751 660 4807 ‘5.
695 4748 804 4821 M).
845 4749 958 4804 Hoc
1001 4748 1158 4818 igitur
1199 4747 1476 4815 faciamus,
1527 4757 1582 4803 et
1611 4765 1816 4818 magna:
1860 4749 2020 4818 hujus

429 4843 731 4900 donationis
757 4841 972 4896 nomina
991 4841 1350 4910 exquiramus.
1382 4840 1531 4895 Sicut
1553 4839 1695 4895 enim
1717 4840 1844 4894 dum
1873 4841 2022 4910 igno-

433 4946 580 4990 ratur
601 4933 874 5004 dignitatis
903 4931 1229 5002 magnitudo,
1270 4931 1547 5000 segniores
1571 4940 1695 4985 sunt
1723 4932 1758 4986 ii
1801 4932 1889 5002 qui
1918 4931 2020 4985 ho-

435 5024 832 5081 noranturzita
861 5025 908 5078 si
963 5033 1234 5088 noscatur,
1286 5031 1469 5092 gratos
1521 5023 1697 5078 reddit
1747 5033 1803 5077 et
1853 5023 2021 5092 magis

430 5119 702 5175 studiosos
729 5114 913 5170 efﬁcit.
943 5115 1193 5185 Alioquin
1232 5123 1286 5168 et
1314 5122 1466 5182 turpe
1496 5123 1638 5168 esset
1659 5121 1713 5168 et
1742 5113 2019 5167 ridiculum

429 5222 578 5267 tanto
623 5211 886 5279 potientes
923 5206 1062 5276 apud
1111 5207 1275 5260 Deum
1325 5205 1551 5269 honore,
1601 5221 1700 5259 nec
1729 5205 1867 5260 scire
1896 5204 2022 5274 quid

430 5305 594 5375 ipsius
625 5300 837 5356 tandem
871 5299 1084 5353 nomina
1127 5297 1428 5369 signiﬁcare
1457 5297 1640 5351 velint.
1690 5297 1756 5352 Et
1799 5296 1925 5366 quid
1955 5296 2022 5351 de

435 5395 537 5450 huc
566 5407 787 5448 munere
825 5390 986 5445 dico?
1011 5389 1054 5443 si
1094 5390 1235 5444 enim
1281 5403 1564 5443 commune
1613 5388 1824 5458 generis
1855 5388 2022 5442 nostri

433 5500 629 5540 nomen
655 5481 990 5554 cogitaveris,
1019 5481 1304 5535 maximam
1346 5479 1413 5535 ad
1440 5481 1686 5535 virtutem
1733 5480 1912 5550 capies
1938 5479 2024 5535 di-

432 5576 709 5646 sciplinam
742 5583 796 5628 et
820 5571 1266 5628 exhortationem.
1297 5569 1409 5624 Hoc
1434 5571 1575 5626 enim
1603 5586 1818 5637 nomen,
1850 5573 2018 5637 homo,

432 5684 534 5726 nos
562 5685 667 5723 non
697 5666 989 5724 secundum
1016 5674 1268 5721 externos
1292 5664 1598 5732 deﬁnimus,
1629 5665 1721 5720 sed
1761 5675 1818 5720 ut
1846 5665 2023 5720 divina

432 5763 594 5833 jussit
623 5761 917 5831 Scriptura.
947 5757 1082 5814 Nam
1127 5756 1288 5812 homo
1313 5770 1418 5810 non
1447 5766 1528 5811 est
1552 5756 1868 5827 quicumque
1891 5757 2025 5812 sim-

440 5853 648 5924 pliciter
676 5868 864 5908 manus
891 5852 1052 5908 habet
1075 5859 1129 5906 et
1155 5849 1318 5922 pedes
1351 5848 1632 5916 humanos,
1663 5865 1759 5905 nec
1786 5850 2026 5920 quicum-

2114 2452 2220 2508 que
2247 2448 2451 2496 tantum
2481 2443 2754 2500 rationalis
2775 2455 2893 2513 est;
2920 2447 3013 2504 sed
3033 2449 3354 2522 quicumque
3382 2453 3630 2523 pietatem
3650 2463 3708 2512 et

2115 2531 2365 2588 virtutem
2394 2549 2515 2590 eum
2546 2537 2737 2594 ﬁducia
2785 2549 3026 2594 exercet.
3060 2541 3197 2596 Audi
3229 2558 3458 2614 namque
3483 2545 3608 2615 quid
3638 2545 3708 2601 de

2111 2621 2212 2678 Job
2237 2623 2383 2679 dicit.
2412 2626 2550 2681 Cum
2579 2628 2722 2682 enim
2753 2628 2984 2685 dixisset
3027 2631 3169 2701 quod
3212 2631 3279 2686 In
3309 2642 3444 2688 terra
3473 2635 3705 2688 Ausitide

2119 2716 2268 2770 homo
2295 2726 2422 2785 erat,
2451 2732 2557 2773 non
2584 2734 2650 2774 ex
2681 2720 2746 2775 iis
2773 2735 2894 2776 eum
2924 2721 3180 2778 describit
3225 2725 3487 2790 terminis,
3518 2726 3712 2796 quibus

2117 2806 2339 2874 ethnici,
2390 2823 2492 2864 nec
2520 2809 2622 2866 hoc
2667 2811 2818 2879 dicit,
2867 2813 3009 2882 quod
3056 2813 3192 2869 duos
3220 2816 3382 2884 pedes
3413 2815 3712 2872 haberetet

2119 2915 2321 2971 ungues
2350 2902 2488 2958 latos
2519 2921 2532 2970 ;
2563 2904 2656 2959 sed
2703 2905 2896 2960 iudicia
2942 2907 3155 2978 pietatis
3185 2908 3328 2963 illius
3358 2909 3604 2978 praebens
3631 2909 3713 2963 di-

2118 2995 2291 3061 cebat,
2319 2994 2523 3064 Justus,
2555 3003 2724 3066 verax,
2751 3000 2919 3055 colens
2957 3000 3144 3068 Deum,
3188 3001 3440 3056 abstinens
3483 3003 3547 3056 ab
3576 3003 3714 3056 omni

2122 3087 2258 3140 mala
2297 3104 2352 3140 re
2383 3086 2502 3157 (Job
2535 3088 2585 3143 1.
2615 3090 2694 3161 1),
2722 3091 3097 3148 demonstrans
3123 3093 3263 3162 quod
3297 3093 3399 3149 hoc
3422 3104 3503 3148 est
3530 3093 3711 3161 homo,

2119 3181 2260 3235 sicut
2312 3181 2515 3237 scilicet
2544 3194 2599 3236 et
2651 3185 2790 3238 alius
2830 3185 3022 3252 inquit,
3069 3185 3234 3239 Deum
3276 3186 3426 3252 time,
3469 3195 3518 3239 et
3559 3187 3720 3256 ipsius

2117 3273 2356 3326 mandata
2387 3275 2603 3338 custodi,
2648 3276 2884 3345 quoniam
2914 3277 3008 3331 hoc
3033 3285 3106 3331 est
3148 3277 3310 3332 omnis
3339 3278 3488 3331 homo
3519 3277 3716 3347 (Eccle.

2119 3364 2207 3418 12.
2240 3363 2352 3437 15).
2385 3364 2440 3421 Si
2467 3377 2644 3421 autem
2675 3369 2776 3422 hoc
2806 3383 2998 3422 nomen
3029 3369 3190 3423 homo
3216 3379 3417 3424 tantam
3444 3369 3510 3424 ad
3541 3369 3717 3424 virtu-

2119 3467 2228 3513 tem
2260 3458 2461 3528 prtebet
2489 3459 2940 3529 exhortationem,
2973 3463 3139 3516 multo
3166 3463 3334 3531 magis
3355 3461 3504 3527 illud,
3528 3461 3718 3528 ﬁdelis.

2117 3548 2315 3604 Fidelis
2340 3549 2482 3604 enim
2515 3550 2636 3605 ideo
2664 3552 2874 3605 vocaris
2895 3595 2908 3618 ,
2943 3553 3192 3622 quoniam
3223 3563 3277 3608 et
3304 3553 3481 3608 credis
3509 3553 3639 3620 Deo,
3662 3564 3722 3609 et

2119 3641 2186 3696 ab
2232 3657 2298 3696 eo
2347 3642 2604 3697 creditam
2651 3643 2766 3713 ipse
2806 3645 3068 3713 justitiam
3108 3645 3295 3713 habes,
3339 3647 3675 3702 sanctitatem
3701 3689 3720 3712 .

2119 3733 2434 3787 munditiam
2483 3734 2696 3801 animae,
2751 3735 2804 3789 in
2852 3735 3017 3791 ﬁlium
3071 3737 3436 3807 adoptionem,
3489 3754 3716 3811 regnum

2118 3823 2395 3889 cmlorum,
2425 3834 2476 3879 et
2504 3823 2619 3880 hare
2647 3825 2740 3880 tibi
2789 3827 3204 3883 commendavit.
3235 3829 3313 3884 Tu
3339 3829 3572 3884 vicissim
3618 3831 3723 3900 ipsi

2118 3914 2219 3967 alia
2245 3915 2520 3971 credidisti
2539 3925 2594 3970 et
2613 3917 3024 3986 commendasu,
3054 3918 3476 3991 eleemosynam,
3507 3935 3719 3990 preces,

2126 4005 2441 4061 modestiam
2489 4016 2544 4062 et
2571 4023 2783 4063 omnem
2831 4011 2990 4063 aliam
3017 4011 3286 4067 virtutem.
3333 4011 3401 4066 Et
3443 4012 3567 4082 quid
3598 4011 3726 4067 dico

2121 4096 2559 4168 cleemosynam‘!
2590 4100 2632 4154 si
2666 4101 2745 4154 vel
2797 4101 3042 4171 frigidum
3070 4102 3168 4170 ipsi
3207 4101 3418 4157 dederis
3445 4103 3724 4173 poculum,

2123 4203 2224 4242 nec
2253 4188 2354 4244 hoc
2387 4191 2598 4246 amittes
2648 4190 2858 4261 (Matth.
2910 4192 2997 4248 10.
3029 4193 3143 4266 42),
3190 4209 3374 4248 verum
3423 4204 3480 4248 et
3527 4193 3630 4248 hoc
3667 4195 3725 4250 in

2124 4279 2272 4334 illum
2319 4291 2558 4337 reservat
2607 4283 2794 4337 sedulo
2843 4284 3004 4350 diem,
3047 4295 3102 4339 et
3148 4300 3271 4340 cum
3315 4287 3478 4341 multa
3531 4285 3726 4342 reddet

2127 4371 2662 4440 snperabundantia:
2705 4376 2807 4430 hoc
2849 4377 3045 4446 quippe
3087 4377 3401 4434 admirabile
3443 4389 3547 4444 est,
3578 4380 3726 4448 quod

2125 4485 2234 4524 non
2286 4475 2491 4521 tantum
2543 4466 2786 4537 deposita
2838 4478 3035 4534 servet,
3089 4485 3273 4524 verum
3303 4478 3359 4525 et
3406 4470 3727 4541 multiplicet

2126 4557 2586 4614 rctributionihus.

2195 4650 2503 4716 "luminati,
2530 4667 2618 4704 seu
2647 4650 2890 4722 baptizati
2917 4650 3152 4721 ofﬁcium.
3185 4681 3257 4692 —
3285 4651 3398 4706 Hoc
3435 4660 3490 4706 et
3534 4659 3588 4706 te
3631 4667 3724 4707 se-

2123 4742 2354 4798 cundum
2387 4741 2679 4812 potentiam
2707 4751 2850 4796 tuam
2879 4743 3054 4796 facere
3074 4741 3235 4811 jussit
3269 4742 3320 4796 in
3349 4743 3435 4808 iis,
3461 4757 3581 4812 quae
3629 4742 3728 4798 tibi

2123 4834 2327 4888 credita
2377 4841 2498 4887 sunt
2532 4850 2545 4886 :
2581 4848 2773 4902 nempe
2821 4833 3181 4898 sanctitatem,
3211 4849 3368 4902 quam
3426 4834 3724 4903 accepisti,

2126 4927 2423 4991 intendere,
2451 4935 2505 4979 et
2528 4941 2592 4980 ex
2623 4925 2836 4980 lavacro
2855 4925 3116 4994 justitiam
3143 4924 3367 4980 reddere
3411 4925 3722 4991 clariorem,

2126 5027 2180 5073 et
2199 5017 2422 5088 gratiam
2449 5016 2796 5070 illustriorem
2819 5015 3005 5071 facere
3037 5035 3049 5071 :
3075 5017 3212 5072 sicut
3240 5019 3422 5087 utique
3450 5027 3504 5072 et
3526 5017 3725 5075 Paulus

2127 5109 2272 5176 fecit,
2303 5090 2651 5178 sequentibus
2706 5107 2976 5163 laboribus
3024 5118 3080 5164 et
3123 5109 3300 5164 studio
3339 5108 3726 5181 diligentiaque

2125 5216 2326 5272 augens
2369 5202 2547 5256 omnia
2575 5216 2694 5271 qua:
2738 5201 2946 5269 accepit
2992 5201 3150 5256 bona.
3177 5201 3245 5256 Et
3292 5213 3417 5256 uota
3459 5203 3552 5256 Dei
3599 5219 3724 5273 pro-

2130 5291 2420 5347 videntiam
2453 5312 2466 5346 :
2500 5308 2600 5346 nec
2653 5292 2746 5347 tibi
2783 5301 2951 5346 totum
3000 5292 3104 5347 hoc
3150 5291 3341 5357 dedit,
3394 5308 3567 5364 neque
3613 5306 3725 5349 toto

2128 5386 2386 5455 privavit;
2428 5384 2522 5439 sed
2566 5386 2680 5439 hmc
2723 5384 2913 5450 dedit,
2967 5385 3054 5440 illa
3111 5385 3371 5454 promisit.
3432 5386 3501 5440 Et
3555 5402 3725 5456 quare

2129 5492 2237 5531 non
2267 5475 2354 5530 hic
2377 5484 2544 5530 totum
2577 5474 2757 5530 dedit?
2785 5473 2854 5531 Ut
2891 5484 2946 5529 tu
2987 5475 3146 5530 ﬁdem
3190 5475 3243 5530 in
3282 5477 3454 5546 ipsum
3494 5478 3723 5533 demon-

2128 5579 2288 5635 stres,
2313 5567 2548 5623 nondum
2580 5567 2719 5623 datis
2759 5583 2826 5623 ex
2864 5568 3030 5637 ipsius
3082 5569 3436 5638 promissione
3465 5570 3575 5626 sola
3606 5587 3725 5626 cre-

2128 5664 2283 5720 dens.
2315 5663 2492 5731 Quare
2521 5677 2649 5717 vero
2693 5677 2902 5716 rursum
2946 5676 3052 5716 nou
3093 5662 3275 5717 omnia
3318 5663 3424 5718 illic
3454 5667 3721 5732 servavit,

2131 5759 2224 5814 sed
2251 5757 2396 5812 dedit
2418 5766 2472 5812 et
2492 5756 2725 5827 Spiritus
2758 5756 2980 5827 gratiam
3002 5764 3055 5810 et
3085 5755 3352 5824 justitiam
3390 5769 3445 5812 et
3481 5761 3726 5812 sanctiﬁ-

2131 5852 2397 5906 cationem
2418 5850 2442 5904 ἳ
2461 5848 2528 5906 Ut
2554 5849 2648 5905 tibi
2671 5848 2880 5905 labores
2908 5849 3051 5906 leves
3075 5846 3253 5916 faciat,
3279 5859 3334 5905 et
3361 5865 3422 5906 ex
3445 5850 3552 5920 jam
3583 5852 3726 5906 datis
