4046 6396
335 399 433 455 231

331 516 602 586 τυχόντων
627 519 1030 592 διαλεγόμενος,
1059 521 1239 590 ἕλκεις
1266 526 1347 591 εἰς
1374 533 1686 604 μαρτυρίαν
1706 552 1719 564 ·
1759 537 1856 589 καὶ
1890 536 2007 603 πῶς

327 604 501 695 ταῦτα
541 607 776 672 ἀνεκτά;
825 609 998 661 Πόθεν
1031 606 1124 664 οῦν
1174 613 1628 688 ἀπαλλαγείημεν
1671 623 1736 675 ἐκ
1775 624 1874 695 τῆς
1907 642 2007 678 πο-

327 693 500 761 νηρᾶς
537 695 742 764 ταύτης
771 696 1092 767 συνηθείας;
1134 699 1274 764 Τοὺς
1303 702 1551 771 φύλακας
1590 707 1684 772 οὓς
1715 693 1869 765 εἷπον
1907 729 2004 765 πε-

330 781 701 870 ριστήσαντες,
734 782 926 852 χρόνον
954 787 1118 856 ῥητὸν
1144 788 1429 857 ὁρίσαντες
1456 793 1667 858 ἑαυτοῖς
1704 797 1842 867 πρὸς
1869 799 2005 870 διόρ-

325 864 511 930 θωσιν,
548 869 643 921 καὶ
684 871 982 943 καταδίκην
1009 874 1311 940 ἐπιθέντες,
1355 879 1403 931 εἰ
1437 879 1530 933 τοῦ
1564 864 1759 952 χρόνου
1797 864 2004 955 παρελ-

325 951 508 1044 θόντος
540 956 614 1027 μὴ
650 957 1102 1031 κατορθώσαιμεν
1128 962 1305 1018 τοῦτο.
1335 965 1504 1030 Πόσος
1527 951 1621 1021 οὖν
1649 972 1782 1041 ἡμῖν
1809 951 2001 1044 χρόνος

322 1043 552 1112 ἀρκέσει
597 1046 734 1116 πρὸς
763 1046 954 1111 τοῦτο;
1003 1051 1117 1104 Οὐκ
1152 1048 1308 1123 οἶμαι
1336 1056 1462 1119 τοὺς
1493 1057 1697 1128 σφόδρα
1735 1043 2000 1133 νήφοντας

321 1130 414 1181 καί⁵
435 1131 895 1204 διεγηγερμένους
925 1141 1022 1190 καὶ
1052 1139 1191 1212 ὑπὲρ
1219 1141 1320 1211 τῆς
1345 1143 1555 1197 ἑαυτῶν
1581 1130 1998 1216 ἀγρυπνοῦντας

321 1218 594 1289 σωτηρίας
636 1221 797 1275 πλέον
835 1224 1059 1294 ἡμερῶν
1090 1227 1225 1281 δέκα
1253 1229 1637 1302 δεηθήσεσθαι,
1673 1234 1812 1289 ὥστε
1860 1256 1996 1292 παν-

513 1307 894 1379 ἀπαλλαγῆναι
926 1312 1025 1382 τῆς
1055 1317 1300 1385 πονηρᾶς
1331 1317 1441 1370 τῶν
1471 1320 1651 1390 ὅρκων
1684 1323 1992 1394 συνηθείας.

317 1393 378 1484 ἐ·ῖί
407 1393 463 1446 δὲ
497 1396 634 1464 μετά
661 1396 760 1460 τὰς
787 1397 921 1453 δέκα
950 1400 1164 1472 ἡμέρας
1189 1403 1490 1476 ὀφθείημεν
1523 1393 1814 1479 ὀμνύντες,
1837 1410 1994 1484 δίκην

313 1480 528 1545 ἑαυτοῖς
573 1483 875 1556 ἐπιθῶμεν,
927 1489 1022 1541 καὶ
1059 1490 1333 1562 τιμωρίαν
1373 1491 1637 1565 μεγίστην
1692 1496 1788 1548 καὶ
1825 1480 1997 1550 κατα-

312 1567 466 1640 δίκην
499 1571 772 1644 όρίσωμεν
805 1579 905 1646 τῆς
935 1578 1325 1648 παραϐάσεως.
1363 1581 1461 1644 Τίς
1501 1577 1598 1636 οὖν
1636 1584 1785 1637 ἐστιν
1826 1587 1860 1655 ἡ
1904 1603 2007 1638 κα-

1401 414 1494 467 AD
1533 415 2057 477 ILLUMINANDOS
2094 424 2526 486 CATECHESIS
2563 431 2621 486 lt.

2113 541 2340 633 ταδίκης
2381 548 2494 601 Οὐκ
2547 548 2627 602 ἔτι
2659 550 2817 604 τοῦτο
2865 553 3035 622 ὁρίζω
3082 555 3214 624 ἐγὼ,
3261 558 3378 612 ἀλλ’
3424 559 3570 633 ὑμᾶς
3598 564 3795 631 αὐτοὺς

2112 630 2315 703 ἀφίημι
2371 637 2592 706 κυρίους
2621 640 2720 709 τῆς
2767 641 2950 712 ψήφου
2984 639 3144 698 εἶναι.
3175 645 3334 700 υῦτω
3377 630 3622 705 τάνκαθ’
3663 630 3793 708 ἐαυέ

2110 720 2237 782 τοὺς
2277 723 2668 794 οἰκονομῶμεν,
2706 729 2781 800 μὴ
2809 730 2968 799 μόνον
2998 732 3089 784 ἐπὶ
3122 733 3231 788 τῶν
3278 735 3479 806 ὅρκων,
3525 739 3664 794 ἀλλά
3697 743 3792 795 καὶ

2110 806 2205 899 ἐπὶ
2254 809 2362 862 τῶν
2420 811 2594 866 ἄλλων
2640 815 3060 888 ἐλαττωμάτων,
3109 823 3202 875 καὶ
3256 824 3448 894 χρόνον
3507 828 3787 899 ὁρίζοντες

2109 893 2324 960 ἑαυτοῖς
2374 903 2669 973 τιμωρίαις
2718 905 3164 974 χαλεπωτάταις,
3201 893 3418 965 εἴποτε
3479 893 3792 987 περιπέσωξ

2110 1001 2212 1053 μεν
2261 986 2505 1052 τούτοις,
2560 991 2791 1062 καθαροὶ
2843 995 2980 1064 πρὸς
3018 996 3110 1049 τὸν
3158 998 3429 1071 ἡμέτερον
3488 986 3790 1058 ἀπελευσό·

2109 1071 2574 1164 μεθαΔΔεσπότην,
2607 1080 2701 1132 καὶ
2727 1081 2826 1151 τῆς
2862 1081 2958 1134 τοῦ
2995 1084 3168 1156 πυρὸς
3211 1087 3437 1160 γεέννης
3467 1091 3790 1164 ἀπαλλαγη-

2109 1162 2347 1232 σόμεθα,
2392 1166 2486 1218 καὶ
2546 1167 2688 1236 μετὰ
2739 1171 3056 1242 παρρησίας
3114 1174 3426 1245 στησόμεθα
3479 1162 3788 1250 ἔμπροσθεν

2103 1253 2198 1304 τοῦ
2249 1251 2493 1322 βήματος
2539 1254 2631 1306 τοῦ
2692 1256 2961 1325 Χριστοῦ·
3001 1255 3070 1329 ἧς
3116 1260 3327 1328 γένοιτο
3377 1265 3586 1330 πάντας
3639 1270 3788 1338 ἡμᾶς

2105 1339 2404 1427 ἐπιτυχεῖν,
2446 1341 2630 1412 χάριτι
2669 1343 2768 1398 καὶ
2802 1344 3188 1427 φιλανθρωπία
3231 1350 3327 1402 τοῦ
3373 1353 3582 1424 Κυρίου
3629 1358 3786 1427 ἡμῶν

2116 1425 2290 1516 ξιηςρῠ
2331 1426 2592 1499 Χριστοῦ,
2631 1430 2750 1499 μεθ’
2771 1425 2831 1484 οὐ
2859 1432 3144 1504 τῷΠατρὶ
3179 1437 3210 1507 ὴ
3244 1436 3371 1504 δόξα
3404 1440 3502 1492 σὺν
3530 1441 3608 1512 τῷ
3646 1425 3785 1516 am,

2102 1514 2405 1584 Πνεύματι.
2438 1519 2518 1580 εἰς
2545 1519 2669 1583 τοὺς
2697 1519 2902 1582 αἰῶνας
2930 1521 3040 1574 τῶν
3079 1521 3310 1577 αἰώνων.
3352 1526 3526 1599 Ἀμήν

393 1725 3605 1767 ________________________________

1426 1823 2074 1911 ΚΑΤΗΧΗΣΙΣ
2150 1822 2673 1911 ΔΕΥΤΕΡΑ.

306 1956 465 2025 Πρὸς
503 1957 644 2023 τοὺς
688 1956 1025 2027 μέλλοντας
1054 1959 1433 2028 φωτίζεσθαι·
1468 1963 1570 2016 καὶ
1619 1965 1753 2034 περὶ
1794 1964 2104 2034 γυναικῶν
2148 1965 2268 2018 τῶν
2317 1966 2387 2019 ἐν
2459 1964 2762 2035 πλέγμασι
2817 1963 2916 2018 καί
2983 1963 3188 2035 χρυσῷ
3263 1971 3778 2040 κατακοσμουσῶν

375 2048 624 2116 ἑαυτάς·
676 2049 774 2102 καί
824 2051 957 2118 περὶ
1013 2051 1127 2106 τῶν
1185 2052 1636 2124 κληδονισμοῖς,
1675 2057 1715 2126 ἣ
1757 2057 2125 2126 περιάπτοις,
2169 2058 2208 2126 ἢ
2252 2057 2508 2123 ἐπῳδαῖς
2556 2055 2959 2126 κεχρημένων,
3003 2056 3155 2126 ἅπερ
3203 2057 3440 2115 ἅπαντα
3490 2063 3780 2129 ἀλλότρια

376 2143 849 2212 Χριστιανισμυῦ
878 2157 925 2198 ι.

377 2336 446 2384 α’.
472 2330 592 2383 Τῶν
621 2327 814 2401 πρώην
842 2329 1151 2402 εἰρημένων
1177 2331 1311 2400 πρὸς
1339 2330 1438 2403 τὴν
1464 2331 1738 2404 ὑμετέραν
1763 2333 1982 2401 ἀγάπην

298 2418 568 2490 πρότερον
597 2419 727 2481 τοὺς
757 2419 1009 2488 καρποὺς
1040 2418 1426 2490 παρεγενόμην
1454 2419 1778 2490 ἀπαιτήσων
1806 2420 1977 2490 ὑμᾶς·

297 2508 420 2561 οὐδὲ
452 2506 562 2578 γὰρ
602 2506 693 2560 διὰ
732 2507 892 2560 τοῦτο
931 2507 1185 2578 λέγομεν,
1219 2508 1306 2561 ἵνα
1337 2507 1610 2578 ἀκούσητε
1653 2509 1830 2576 μόνον,
1864 2507 1980 2561 ἀλλ’

300 2595 387 2648 ἵνα
417 2596 516 2648 καὶ
553 2594 931 2667 μνημονεύητε
965 2594 1076 2647 τῶν
1125 2595 1433 2666 εἰρημένων
1471 2597 1566 2648 καὶ
1610 2595 1709 2666 τὴν
1741 2595 1829 2648 διὰ
1870 2595 1980 2648 τῶν

294 2684 476 2754 ἔργων
507 2684 769 2749 ἐπίδειξιν
808 2687 942 2755 ἡμῖν
972 2684 1324 2756 παράσχητε·
1371 2685 1572 2756 μᾶλλον
1599 2685 1658 2737 δὲ
1684 2687 1784 2756 οὐχ
1824 2687 1976 2757 ἡμῖν,

293 2771 432 2824 ἀλλὰ
461 2771 538 2842 τῷ
568 2772 686 2843 Θεῷ
721 2771 800 2842 τῷ
833 2772 901 2826 τὰ
927 2773 1214 2844 ἀπόρρητα
1257 2773 1357 2844 τῆς
1386 2774 1626 2836 διανοίας
1658 2775 1841 2828 εἰδότι.
1873 2775 1974 2828 Διά

292 2859 454 2914 τοῦτο
502 2859 597 2913 καὶ
648 2861 952 2932 κατήχησις
995 2860 1234 2928 λέγεται,
1280 2861 1368 2914 ἵνα
1401 2861 1496 2915 καὶ
1539 2861 1788 2915 ἀπόντων
1820 2862 1978 2933 ἡμῶν

289 2950 322 3001 δ
359 2949 520 3018 λόγος
569 2949 723 3020 ὑμῶν
765 2950 936 3020 ἐνηχῇ
973 2951 1097 3013 ταῖς
1150 2950 1435 3014 διανοίαις.
1479 2948 1584 3004 Καὶ
1637 2951 1712 3021 μὴ
1763 2950 1978 3021 θαυμά-

293 3054 448 3110 σητε,
494 3040 544 3091 εί
593 3037 726 3091 δέκα
757 3038 984 3110 ἡμερῶν
1031 3038 1428 3110 διαγενομένων
1476 3039 1636 3109 μόνον
1683 3039 1810 3102 τοὺς
1842 3057 1978 3111 καρ-

290 3127 428 3190 ποὺς
471 3125 706 3198 ἤλθομεν
735 3127 1135 3198 ἀπαιτήσοντες
1173 3126 1282 3180 τῶν
1325 3126 1692 3198 σπερμάτων·
1730 3127 1824 3180 καὶ
1866 3127 1976 3199 γάρ

289 3216 350 3267 ἐν
382 3214 570 3285 ήμέρα
603 3215 703 3284 μιᾷ
741 3213 970 3267 δυνατὸν
1002 3213 1138 3284 ὁμοῦ
1176 3214 1272 3266 καὶ
1315 3213 1609 3284 σπέρματα
1647 3213 1975 3268 καταϐαλεῖν

289 3303 385 3354 καὶ
426 3301 637 3373 ἀμητὺν
679 3301 1042 3372 ποιήσασθαι·
1079 3302 1141 3354 οὐ
1175 3302 1284 3371 γὰρ
1311 3302 1489 3372 οἰκεία
1527 3303 1754 3374 δυνάμει
1792 3303 1972 3373 μόνον,

284 3389 424 3444 ἀλλά
464 3389 559 3443 καὶ
589 3391 656 3460 τῇ
694 3388 846 3460 παρά
883 3387 980 3441 τοῦ
1020 3388 1156 3442 Θεοῦ
1191 3391 1331 3458 ῥοπῇ
1372 3389 1786 3460 δυναμούμενοι,
1832 3388 1974 3442 οὐτω

287 3480 426 3550 πρὸς
472 3481 600 3544 τοὺς
646 3480 868 3548 ἀγῶνας
901 3479 1235 3550 καλούμεθα.
1280 3482 1436 3533 Ὅσοι
1485 3482 1585 3551 μὲν
1627 3478 1720 3535 οῦν
1752 3483 1974 3535 κατεδέ-

286 3568 450 3633 ξαντο
495 3567 566 3620 τά
621 3569 924 3640 εἰρημένα,
975 3569 1070 3621 καὶ
1117 3568 1205 3622 διά
1235 3568 1345 3621 τῶν
1396 3568 1574 3637 ἔργων
1622 3571 1968 3641 ἐπλήρωσαν,

288 3656 606 3726 μενέτωσαν
657 3656 1101 3727 ἐπεκτεινόμενοι
1156 3657 1294 3727 πρὸς
1345 3657 1416 3710 τά
1464 3657 1810 3728 ἔμπροσθεν·
1857 3659 1971 3711 ὅσοι

283 3744 340 3798 δὲ
379 3744 594 3799 οὐδέπω
637 3746 737 3816 τῆς
787 3744 1002 3816 ἀγαθῆς
1033 3744 1242 3815 ταύτης
1294 3745 1559 3816 ἐργασίας
1610 3745 1842 3815 ἥψαντο,
1881 3746 1970 3798 ἐν·

282 3832 477 3885 τεῦθεν
514 3832 872 3902 ἀψάσθωσαν,
920 3832 1010 3887 ἵνα
1038 3833 1132 3886 καὶ
1175 3833 1276 3902 τὴν
1314 3834 1379 3886 ἐκ
1412 3831 1514 3903 τῆς
1557 3832 1830 3904 ῥᾳθυμίας
1877 3850 1974 3886 κα-

282 3919 513 3990 ταδίκην
539 3923 606 3992 τῇ
650 3921 788 3992 μετά
810 3920 987 3975 ταῦτα
1016 3919 1300 3992 προθυμίᾳ
1343 3919 1819 3990 ἀποκρούσωνται.
1853 3921 1970 3974 Ἔνι

283 4009 416 4078 γάρ,
463 4007 544 4059 ἔνι
583 4009 676 4062 καὶ
722 4009 815 4063 τόν
871 4008 1304 4079 ἐρρᾳθυμηκότα
1355 4007 1560 4079 σφόδρα
1619 4008 1758 4078 μετά
1799 4008 1973 4062 ταῦτα

282 4095 632 4166 χρησάμενον
665 4096 816 4168 [255]
847 4099 914 4167 τῇ
945 4095 1229 4167 προθυμία
1257 4094 1353 4148 τοῦ
1383 4095 1748 4166 παρελθόντος
1777 4096 1969 4166 χρόνου

282 4186 468 4238 πᾶσαν
501 4186 782 4240 ἀνασῶσαι
805 4185 832 4224 Ι)
860 4185 958 4255 τὴν
1001 4184 1228 4256 ζημίαν.
1257 4185 1348 4237 Διό
1377 4183 1835 4255 φησι,·Σήμερον
1861 4183 1972 4236 ἐὰν

280 4269 391 4338 τῆς
436 4272 643 4341 φωνῆς
689 4273 876 4328 αὐτοῦ
914 4273 1244 4340 ἀκούσητε,
1298 4272 1386 4340 μὴ
1427 4274 1816 4339 σκληρύνητε
1862 4271 1970 4337 τὰς

282 4359 532 4428 καρδίας
573 4359 764 4429 ὑμῶν,
808 4363 889 4426 ὠς
935 4361 1005 4414 ἐν
1043 4359 1124 4425 τῷ
1160 4357 1665 4427 παραπικρασμῷ.
1701 4358 1872 4412 Τοῦτο
1913 4359 1968 4412 δέ

279 4447 431 4516 λέγει
486 4447 772 4520 παραινῶν
829 4449 925 4502 καὶ
979 4447 1392 4518 συμϐουλεύων,
1449 4447 1719 4518 μηδέποτε
1776 4448 1969 4515 ἀπογι-

278 4537 534 4603 νώσκειν,
591 4536 707 4591 ἀλλ’
753 4537 860 4601 ἓως
912 4535 978 4590 ἂν
1023 4535 1260 4592 ἐνταῦθα
1307 4529 1480 4605 ὦμεν,
1525 4534 1769 4606 χρηστὰς
1823 4533 1968 4604 ἔχειν

278 4627 382 4689 τὰς
417 4626 664 4692 ἐλπίδας,
699 4627 795 4680 καὶ
833 4625 943 4678 τῶν
984 4624 1295 4695 ἔμπροσθεν
1343 4621 1836 4693 ἐπιλαμϐάνεσθαι,
1873 4625 1968 4676 καὶ

279 4712 418 4780 πρὸς
450 4711 512 4764 τὸ
556 4712 810 4783 βραϐεῖον
853 4710 1070 4765 διώκειν
1109 4711 1209 4781 τῆς
1242 4711 1355 4764 ἄνω
1386 4709 1631 4780 κλήσεως
1670 4706 1765 4761 τοῦ
1803 4708 1960 4763 Θεοῦ.

279 4802 455 4855 Τοῦτο
482 4803 662 4857 τοίνυν
691 4804 1034 4874 ποιήσωμεν,
1064 4803 1161 4857 καὶ
1197 4802 1267 4855 τά
1312 4801 1553 4871 ὀνόματα
1585 4801 1683 4870 τῆς
1719 4801 1964 4872 μεγάλης

277 4889 488 4960 ταύτης
536 4890 882 4961 ἐξετάσωμεν
914 4891 1147 4962 δωρεᾶς.
1177 4890 1390 4960 ’Ὠσπερ
1442 4887 1554 4957 γὰρ
1600 4887 1968 4958 ἀγνοούμενον

277 4976 592 5048 ἀξιώματος
640 4978 874 5048 μέγεθος
931 4976 1342 5049 ρᾳθυμοτέρους
1373 4977 1519 5027 ποιεῖ
1547 4975 1674 5036 τοὺς
1720 4974 1966 5046 τιμωμέ-

278 5083 427 5131 νους,
471 5066 613 5119 οὕτω
653 5067 1059 5138 γνωριζόμενον
1113 5065 1472 5136 εὐχαρίστους
1521 5061 1811 5133 καθίστησι
1874 5063 1965 5119 καὶ

279 5155 733 5227 σπουδαιοτέρους
788 5156 1104 5227 ἐργάζεται.
1148 5155 1261 5207 Καὶ
1305 5152 1480 5215 ἄλλως
1528 5150 1584 5203 δὲ
1629 5151 1850 5222 αἰσχρὸν
1895 5149 1962 5203 ἂν

276 5245 365 5314 εἴη
416 5243 510 5298 καὶ
565 5243 977 5313 καταγέλαστον
1038 5241 1310 5312 τοσαύτης
1375 5239 1747 5302 ἀπολαύοντας
1802 5238 1961 5310 δόξης

276 5331 434 5402 παρὰ
473 5331 568 5384 τοῦ
600 5331 736 5386 Θεοῦ
768 5333 860 5385 καὶ
890 5331 1077 5402 τιμῆς,
1116 5331 1250 5401 μηδέ
1281 5330 1350 5384 τὰ
1395 5330 1640 5396 ὀνόματα
1685 5327 1854 5398 αὐτῆς
1885 5329 1962 5380 εἰ-

276 5419 428 5474 δέναι
456 5421 511 5474 τί
554 5437 688 5474 ποτε
733 5419 1070 5488 ἐνδείξασθαι
1104 5418 1371 5490 βούλεται.
1402 5419 1513 5472 Καὶ
1558 5417 1612 5470 τί
1660 5416 1803 5485 λέγω
1834 5416 1963 5487 περί⁵

277 5509 376 5579 τῆς
405 5509 615 5581 δωρεάς
652 5510 888 5581 ταύτης;
917 5509 983 5564 ἂν
1022 5510 1131 5581 γάρ
1156 5507 1216 5560 τὸ
1251 5507 1431 5560 κοινὸν
1458 5505 1552 5560 τοῦ
1583 5505 1773 5574 γένους
1803 5505 1962 5576 ήμῶν

276 5603 540 5674 ἐννοήσῃς
583 5602 776 5673 ὄνομα,
812 5601 1080 5672 μεγίστην
1110 5598 1249 5670 πρὸς
1285 5597 1488 5670 ἀρετὴν
1527 5596 1675 5669 λήψῃ
1705 5595 1962 5649 διδασκα-

276 5688 402 5742 λίαν
438 5691 530 5743 καί¹
565 5688 934 5760 παράκλησιν.
982 5687 1057 5740 Τὸ
1089 5687 1197 5757 γὰρ
1234 5684 1551 5754 ἅνθρωπος
1587 5683 1750 5737 τοῦτο
1787 5681 1960 5753 ὄνομα

341 5825 369 5890 _‘
394 5824 637 5890 ἓως-ἀλλ.
655 5824 950 5890 Χριστιανῶν
973 5822 1336 5890 ἀποδέδεικται..
1457 5881 1470 5890 ι
1583 5880 1602 5890 Δ
1765 5876 1799 5890 ,η
1821 5875 1849 5890 __

342 5882 371 5927 Β
404 5887 486 5936 Sic
511 5888 660 5936 Savil.
703 5876 756 5936 'el
796 5887 992 5947 quidam
1026 5895 1172 5947 mss._;
1196 5881 1279 5930 alii
1315 5880 1676 5931 ἀνασώσασθαι.
1717 5893 1736 5925 ι
1762 5876 1962 5928 Editum

278 5947 440 5999 fuerat
465 5963 492 5999 e
520 5949 764 6010 Murellio,
784 5945 1068 6006 ἀναστῆσαι.
1086 5967 1108 5988 ν
1131 5945 1262 5995 Ευιτ.

2089 2333 2152 2386 οὐ
2193 2331 2335 2384 κατά
2369 2333 2496 2396 τοὺς
2527 2330 2726 2396 ἔξωθεν
2754 2333 2915 2403 ἡμεῖς
2959 2331 3278 2404 ὀριζόμεθα,
3307 2335 3423 2389 ἀλλ’
3455 2337 3531 2404 ὡς
3576 2341 3608 2412 ή
3656 2342 3774 2397 θεῖα

2090 2419 2283 2490 Γραφὴ
2347 2417 2652 2472 ἐκέλευσεν.
2695 2419 3015 2490 Ἀνθρωπος
3074 2421 3183 2492 γάρ
3247 2425 3422 2489 ἐστιν,
3471 2427 3568 2496 οὐχ
3625 2429 3775 2494 ὅστις

2087 2507 2276 2571 ἁπλῶς
2333 2510 2525 2578 χεῖρας
2590 2507 2686 2560 καὶ
2733 2507 2902 2570 πόδας
2953 2507 3066 2577 ἔχει
3101 2509 3414 2580 ἀνθρώπου,
3465 2514 3574 2566 οὐδ’
3623 2515 3774 2580 ὅστις

2086 2595 2205 2648 ἐστί
2244 2595 2460 2663 λογικός
2502 2595 2688 2664 μόνον,
2735 2594 2850 2647 ἀλλ’
2896 2595 3045 2659 ὅστις
3081 2597 3366 2651 εὐσέϐειαν
3420 2602 3514 2653 καί⁵
3570 2603 3773 2674 ἀρετήν

2089 2683 2227 2754 μετά
2265 2682 2574 2753 παρρησίας
2623 2684 2801 2736 ἀσκεῖ.
2834 2684 3103 2737 ’Ἄκουσον
3152 2685 3285 2753 γοῦν
3340 2689 3469 2758 περὶ
3518 2691 3613 2743 τοῦ
3650 2691 3771 2744 Ἰὼϐ

2083 2771 2137 2824 τί
2177 2787 2375 2842 φησιν·
2409 2769 2581 2823 εἰπὼν
2615 2772 2742 2840 γαρ,
2781 2771 2866 2822 ὃτι
2905 2771 3001 2823 Ἐν
3037 2772 3200 2840 χώρᾳ
3247 2773 3324 2842 τῇ
3351 2777 3626 2831 Αὺσίτιδι
3667 2780 3772 2832 ἄν·

2086 2861 2317 2926 θρωπος
2352 2854 2450 2927 ἦν,
2482 2859 2583 2910 οὐκ
2633 2857 2743 2911 ἀπό
2798 2857 3006 2910 τούτων
3058 2859 3223 2912 αὐτὸν
3288 2861 3597 2934 ὑπογράφει
3662 2866 3769 2919 τῶν

2083 2940 2245 3010 ὅρων,
2286 2942 2377 3010 ἀφ’
2405 2936 2482 2993 ὧν
2509 2944 2555 2994 οἰ
2582 2941 2804 3005 ἔξωθεν,
2830 2942 2952 2994 οὐδέ
2982 2941 3137 2994 τοῦτο
3167 2942 3336 3012 λέγει,
3368 2947 3450 3000 ὃτι
3479 2949 3645 3014 πόδας
3675 2951 3770 3003 δύο

2083 3022 2196 3097 εἶχε
2245 3030 2339 3080 καὶ
2386 3029 2582 3098 ὄνυχας
2616 3029 2859 3091 πλατεῖς.
2893 3029 3029 3082 ἀλλά
3059 3031 3127 3084 τά
3165 3035 3502 3102 γνωριστικά
3541 3035 3642 3106 τῆς
3674 3040 3767 3090 εὐ-

2086 3115 2301 3180 σεϐείας
2336 3117 2555 3186 ἐκείνης
2602 3117 2874 3180 συντιθεὶς
2920 3116 3098 3185 έλεγε,
3148 3120 3408 3186 Δίκαιος,
3453 3123 3764 3192 ἀληθινὸς,

2083 3203 2390 3272 θεοσεϐὴς,
2432 3206 2811 3274 ἀπεχόμενος
2844 3205 2963 3259 ἀπὸ
3017 3207 3249 3271 παντὸς
3299 3209 3569 3277 πονηροῦ
3613 3212 3765 3279 πρά-

2080 3307 2321 3360 γματος,
2375 3293 2588 3356 δεικνὺς
2621 3293 2704 3344 ὅτι
2747 3291 2909 3344 τοῦτό
2954 3294 3104 3346 ἐστιν
3154 3293 3460 3364 ἄνθρωπος.
3495 3296 3767 3372 Καθάπερ

2081 3375 2176 3430 οῦν
2207 3379 2300 3430 καὶ
2335 3378 2522 3448 ἕτερός
2571 3394 2738 3449 φησι·
2783 3378 2895 3432 Τὸν
2941 3378 3092 3432 Θεὸν
3123 3380 3334 3448 φοϐοῦ,
3377 3381 3474 3435 καί
3511 3383 3618 3450 τὰς
3663 3385 3766 3439 ἐν·

2080 3468 2262 3532 τολὰς
2307 3466 2494 3520 αὺτοῦ
2541 3468 2848 3534 φύλασσε,
2901 3465 2991 3519 ὅτι
3037 3465 3214 3520 τοῦτο
3252 3465 3372 3534 πᾶς
3426 3467 3762 3539 ἅνθρωπος.

2081 3553 2146 3605 ΕΞ
2176 3553 2230 3604 δὲ
2260 3553 2320 3604 τὸ
2349 3551 2660 3620 ἄνθρωπος
2693 3552 2863 3623 ὄνομα
2893 3551 3163 3622 τοσαύτην
3211 3555 3294 3616 εἰς
3344 3554 3546 3626 ἀρετήν
3586 3560 3767 3630 παρά-

2078 3639 2271 3709 κλησιν
2308 3641 2555 3710 παρέχει,
2589 3639 2767 3710 πολλῷ
2803 3639 3004 3710 μᾶλλον
3045 3639 3106 3692 τὸ
3133 3643 3351 3706 πιστός
3379 3657 3397 3704 ;
3426 3642 3625 3706 Πιστὸς
3653 3648 3763 3716 γάρ

2074 3728 2164 3780 διὰ
2192 3727 2350 3780 τοῦτο
2378 3727 2540 3799 καλῇ,
2569 3728 2651 3781 ὅτι
2682 3728 2776 3781 καὶ
2804 3726 3085 3791 πιστεύεις
3115 3727 3193 3799 τῷ
3224 3727 3363 3798 Θεῷ,
3394 3731 3488 3782 καὶ
3525 3731 3763 3805 πιστεύῃ

2075 3816 2208 3886 παρ’
2244 3814 2411 3868 αὐτοῦ
2443 3815 2606 3880 αὐτὸς
2635 3814 3002 3886 δικαιοσύνην.
3040 3816 3374 3886 ἁγιωσύνην,
3408 3817 3762 3892 καθαρότητα

2072 3900 2273 3971 ψυχῆς,
2303 3902 2590 3968 υἱοθεσίαν,
2619 3901 2900 3970 βασιλείαν
2938 3902 3188 3973 οὐρανῶν
3209 3919 3223 3933 ·
3275 3904 3629 3957 ἐνεπίστευσε
3663 3908 3760 3960 καὶ

2071 3989 2248 4043 ταῦτά
2292 4005 2374 4041 σοι
2423 3988 2875 4057 παρακατέθετο·
2931 3990 2996 4042 σὺ
3037 3989 3202 4042 πάλιν
3252 3989 3418 4060 ἕτερα
3468 3991 3618 4062 αὐτῷ
3673 3995 3763 4047 ἐνι-

2072 4078 2403 4140 επίστευσας
2432 4076 2525 4128 καὶ
2566 4075 2974 4146 παρακατέθου,
3012 4076 3405 4148 ἐλεημοσύνην,
3435 4079 3621 4149 εὐχάς,
3653 4098 3760 4134 σω-

2072 4165 2366 4236 φροσύνην,
2418 4167 2518 4234 τὴν
2574 4164 2741 4233 ἄλλην
2793 4163 3013 4216 ἃπασαν
3070 4165 3292 4235 ἀρετήν.
3333 4167 3442 4220 Καὶ
3491 4167 3546 4219 τί
3609 4167 3756 4237 λέγω

2071 4251 2478 4322 ἐλεημοσύνην;
2531 4251 2635 4304 κᾶν
2671 4251 2884 4321 ψυχροῦ
2939 4250 3088 4320 αὐτῷ
3141 4252 3404 4322 ποτήριον
3443 4252 3582 4324 δῷς.
3634 4257 3757 4310 οὐδὲ

2069 4342 2229 4395 τοῦτο
2272 4341 2589 4402 ἀπολέσεις,
2637 4340 2774 4393 ἀλλά
2813 4339 2909 4392 καὶ
2953 4338 3113 4391 τοῦτο
3159 4339 3282 4410 μετ’
3326 4341 3615 4411 ἀκριϐείας
3652 4361 3755 4411 φυ-

2068 4430 2259 4483 λάσσει
2299 4431 2380 4492 εἰς
2412 4429 2632 4498 ἐκείνην
2661 4427 2759 4498 τὴν
2787 4427 3026 4498 ἡμέραν,
3057 4428 3154 4480 καὶ
3205 4427 3347 4498 μετά
3388 4428 3590 4501 πολλῆς
3619 4431 3754 4484 ἀπο-

2067 4517 2229 4572 δώσει
2281 4517 2380 4588 τῆς
2429 4514 2780 4587 περιουσίας·
2833 4514 2894 4566 τὸ
2942 4514 3053 4584 γὰρ
3098 4513 3162 4584 δὴ
3222 4513 3537 4586 θαυμαστὸν
3587 4520 3752 4572 τοῦτό

2067 4611 2236 4667 ἐστιν,
2264 4607 2345 4659 ὅτι
2376 4605 2434 4656 οὐ
2471 4604 2729 4674 φυλάττει
2761 4603 2863 4666 τάς
2898 4601 3373 4674 παρακαταθήκας
3402 4605 3585 4675 μόνον,
3615 4607 3752 4662 ἀλλὰ

2067 4697 2159 4749 καὶ
2186 4693 2470 4757 πλεονάζει
2501 4693 2706 4756 ταύτας
2731 4695 2852 4755 ταῖς
2887 4691 3210 4746 ἀντιδόσεσι.

2137 4785 2310 4838 Τοῦτο
2357 4783 2452 4836 καὶ
2505 4783 2588 4834 σοὶ
2637 4782 2813 4834 ποιεῖν
2867 4780 3121 4832 ἐκέλευσε
3175 4778 3318 4834 κατά
3368 4779 3600 4851 δύναμιν
3651 4779 3752 4854 τὴν

2070 4874 2189 4944 σὴν,
2223 4874 2280 4924 ἐν
2327 4866 2410 4935 οἷς
2463 4868 2886 4940 ἐνεπιστεύθης,
2931 4870 3031 4939 τὴν
3098 4867 3410 4938 ἁγιωσύνην
3437 4868 3504 4940 ἢν
3558 4868 3750 4933 ἔλαϐες

2067 4961 2378 5024 ἐπιτείνειν,
2424 4960 2518 5014 καὶ
2565 4960 2665 5029 τὴν
2697 4957 3046 5028 δικαιοσύνην
3090 4959 3190 5028 τὴν
3220 4959 3333 5011 ἀπὸ
3381 4957 3475 5009 τοῦ
3521 4957 3747 5027 λουτροῦ

2064 5047 2451 5120 λαμπροτέραν
2481 5045 2833 5120 ἐργάζεσθαι,
2860 5045 2954 5097 καὶ
3000 5043 3063 5096 τὺ
3106 5045 3352 5115 χάρισμα
3391 5044 3746 5116 φαιδρότερον

2063 5139 2236 5190 ποιεῖν
2258 5152 2271 5167 ·
2306 5135 2560 5207 καθάπερ
2593 5129 2684 5189 οῦν
2717 5134 2812 5188 καὶ
2862 5133 3078 5196 Παῦλος
3134 5133 3358 5202 ἐποίησε
3379 5172 3392 5193 ,
3446 5135 3556 5196 τοῖς
3609 5133 3746 5202 μετά

2060 5224 2233 5278 ταῦτα
2273 5225 2456 5288 πόνοις
2488 5225 2583 5277 καὶ
2614 5227 2681 5294 τῇ
2715 5221 2919 5293 σπουδῇ
2957 5222 3051 5274 καὶ
3079 5223 3145 5291 τῇ
3183 5219 3462 5291 προθυμίᾳ
3503 5219 3746 5289 αὐξήσας

2062 5310 2302 5375 ἅπαντα,
2341 5313 2485 5381 ἆπερ
2523 5310 2739 5372 ἔλαϐεν,
2782 5307 2986 5376 ἀγαθά.
3022 5306 3132 5360 Καὶ
3168 5306 3362 5360 σκόπει
3405 5304 3540 5358 Θεοῦ
3582 5307 3745 5376 κηδε-

2065 5402 2290 5472 μονίαν·
2337 5399 2462 5452 οὐτε
2519 5416 2600 5451 σοι
2649 5398 2710 5450 τὸ
2751 5399 2860 5451 πᾶν
2907 5396 3106 5449 ἔδωκεν
3162 5393 3426 5458 ἐνταῦθα,
3480 5391 3602 5447 οὐτε
3648 5395 3745 5449 τοῦ

2063 5490 2265 5552 παντὸς
2320 5486 2720 5558 ἀπεστέρησεν,
2756 5485 2892 5539 ἀλλὰ
2927 5483 2997 5536 τά
3047 5483 3146 5552 μὲν
3185 5482 3376 5546 ἔδωκε,
3423 5481 3492 5534 τά
3529 5483 3586 5535 δέ
3637 5484 3741 5537 ὐπ-

2063 5579 2271 5648 έσχετο.
2304 5576 2416 5628 Καὶ
2459 5574 2605 5637 τίνος
2651 5572 2839 5627 ἕνεκεν
2871 5573 2932 5625 οὐ
2962 5569 3024 5624 τὸ
3075 5571 3183 5623 πᾶν
3221 5567 3457 5622 ἐνταῦθα
3503 5569 3741 5636 ἓδωκενς

2071 5667 2189 5717 Ἵνα
2229 5663 2294 5716 σὺ
2336 5661 2434 5734 τὴν
2473 5660 2658 5714 πίστιν
2698 5659 2944 5730 ἐπιδείξῃ
2973 5657 3071 5728 τὴν
3111 5657 3240 5728 περὶ
3274 5657 3457 5716 αὐτὸν.
3494 5661 3607 5721 τοῖς
3639 5677 3745 5730 μη-

2067 5753 2216 5806 δέπω
2262 5750 2494 5803 δοθεῖσιν
2538 5747 2646 5801 ἀπὸ
2677 5747 2779 5818 τῆς
2827 5747 3174 5816 ὑποσχέσεως
3219 5744 3387 5798 αὐτοῦ
3433 5747 3600 5816 μόνης
3653 5765 3741 5800 ττι-

2069 5836 2295 5891 στεύων.
2330 5835 2487 5900 Τίνος
2529 5833 2587 5887 δὲ
2616 5834 2805 5888 ἕνεκεν
2849 5833 3001 5907 [256]
3055 5833 3217 5888 πάλιν
3268 5835 3332 5888 οὐ
3377 5833 3438 5888 τὸ
3473 5836 3580 5888 πᾶν
3629 5837 3742 5888 ἐκεῖ

2071 5923 2452 5997 ἐταμιεύσατο,
2507 5922 2622 5979 ἀλλ’
2682 5922 2850 5977 ἔδωκε
2903 5923 2998 5976 καὶ
3053 5922 3374 5995 Πνεύματος
3441 5922 3600 5994 χάριν
3644 5924 3740 5978 καὶ
