4046 6396
309 361 414 417 255

309 476 662 550 δικαιοσύνην
695 481 790 535 καὶ
837 481 1142 551 άγιασμόνς
1176 482 1296 537 Ἵνα
1327 492 1410 535 σοι
1444 481 1680 554 κουφίσῃ
1713 481 1840 544 τοὺς
1890 480 1992 534 πό-

313 582 457 630 νους,
489 568 583 620 καὶ
626 571 692 622 ἐκ
726 569 834 622 τῶν
865 569 964 641 ἤδη
1005 570 1269 623 δοθέντων
1315 571 1408 624 καὶ
1446 573 1510 622 ἐκ
1541 569 1649 622 τῶν
1691 569 1994 639 μελλόντων

309 655 567 708 εὐέλπιδα
619 658 962 728 καταστήσῃ.
992 657 1094 710 Διά
1124 658 1284 710 τοῦτο
1316 659 1410 711 καὶ
1459 656 1819 725 νεοφώτιστος
1868 655 1996 727 μέλ-

309 743 422 806 λεις
450 744 757 808 καλεῖσθαι,
796 747 878 799 ὃτι
907 747 1026 799 νέον
1065 739 1146 799 σοι
1173 746 1234 799 τὸ
1267 746 1384 814 φῶς
1413 746 1523 808 ἀεὶ,
1556 745 1620 798 ἂν
1653 744 1862 817 ἐθέλῃς,
1901 745 1997 798 καὶ

309 831 569 885 οὐδέποτε
621 834 925 886 σϐέννύται.
977 834 1148 887 Τοῦτο
1195 834 1295 905 μὲν
1332 837 1462 905 γάρ,
1514 834 1606 887 καὶ
1654 831 1996 903 βουλομένων

311 919 491 990 ήμῶν,
531 921 626 974 καὶ
672 923 746 992 μὴ
781 922 1148 992 βουλομένων,
1182 923 1488 992 διαδέχεται
1533 921 1650 988 νὺξ,
1688 920 1906 992 ἐκείνην
1937 919 1996 973 δὲ

310 1007 410 1078 τὴν
445 1009 640 1061 ἀκτῖνα
672 1010 863 1073 σκότος
897 1011 997 1064 οὐκ
1035 1005 1174 1063 οἶδε’
1218 1011 1287 1065 Τὸ
1323 1011 1432 1082 γάρ
1476 1009 1602 1079 φῶς
1631 1009 1700 1061 ὲν
1747 1007 1823 1078 τῇ
1859 1025 2000 1062 σκο-

309 1097 406 1162 τίᾳ
443 1099 662 1165 φαίνει,
696 1097 796 1150 καὶ
837 1100 874 1167 1)
920 1100 1137 1152 σκοτία
1185 1099 1327 1152 αὐτὸ
1372 1101 1444 1153 οὺ
1488 1098 1832 1151 κατέλαϐεν.
1885 1097 1996 1167 Οὐχ

309 1178 452 1232 οὕτω
499 1180 630 1248 γοῦν
674 1183 702 1234 6
751 1181 956 1251 κόσμος
1008 1183 1123 1235 ἐστὶ
1160 1181 1453 1254 λαμπρὸς,
1505 1180 1836 1252 ἀνισχούσης
1897 1181 1998 1251 τῆς

311 1267 549 1330 ἀκτῖνος,
595 1268 669 1333 ὡς
716 1270 862 1338 ψυχὴ
907 1269 1314 1338 καταυγάζεται
1367 1271 1465 1322 καὶ
1516 1269 1875 1340 λαμπροτέρα
1910 1268 1997 1336 γί-

311 1369 482 1414 νεται,
512 1353 612 1420 τὴν
662 1355 770 1407 ἀπὸ
811 1355 906 1407 τοῦ
959 1355 1278 1426 Πνεύματος
1307 1368 1332 1395 ι
1355 1355 1628 1427 δεξαμένη
1673 1355 1855 1426 χάριν.
1889 1355 1999 1407 Καὶ

312 1439 556 1510 μάνθανε
610 1441 720 1494 τῶν
793 1443 1142 1514 πραγμάτων
1201 1444 1595 1515 ἀκριϐέστερον
1641 1445 1738 1514 τὴν
1791 1442 1992 1511 φύσιν·

308 1530 503 1592 νυκτὸς
537 1531 636 1600 μέν
670 1530 780 1601 γάρ
833 1532 1172 1604 κατεχούσης
1220 1534 1316 1586 καὶ
1367 1533 1591 1596 σκότους
1637 1531 1810 1594 ὄντος,
1866 1529 1997 1582 πολ-

308 1616 468 1681 λάκις
500 1619 595 1670 καὶ
630 1619 864 1688 σχοινίον
923 1621 1046 1673 ίδών
1085 1638 1192 1685 τις,
1241 1621 1492 1692 ἐνόμισεν
1536 1621 1660 1691 ὅφιν
1691 1613 1854 1684 εἶναι,
1904 1619 1999 1671 καὶ

311 1705 466 1771 φίλον
517 1707 814 1776 προσιόντα
865 1708 940 1771 ὠς
988 1707 1185 1780 ἐχθρὸν
1234 1708 1438 1777 ἔφυγε,
1487 1708 1582 1760 καὶ
1633 1707 1808 1777 ψόφου
1853 1705 1999 1768 τινὸς

308 1793 628 1864 αἰσθόμενος
686 1797 944 1868 περιδεὴς
995 1798 1256 1866 γέγονεν’
1307 1798 1523 1868 ἡμέρας
1577 1796 1635 1849 δέ
1699 1793 1997 1866 γενομένης

307 1880 461 1933 οὐδὲν
516 1881 759 1936 τοιοῦτον
819 1885 1016 1952 γένοιτ’
1054 1886 1141 1948 ἂν,
1190 1885 1328 1940 ἀλλὰ
1382 1886 1565 1938 πάντα
1626 1878 1824 1955 οἷάπερ
1882 1882 1998 1935 ἐστὶ

310 1967 580 2037 φαίνεται.
615 1969 683 2025 ⁸⁸0
715 1973 810 2025 καὶ
839 1973 932 2024 ἐπὶ
963 1974 1062 2044 τῆς
1093 1974 1273 2044 ψυχῆς
1307 1972 1597 2043 συμϐαίνει
1642 1974 1742 2044 τῆς
1791 1972 1995 2042 ήμετέ-

315 2072 432 2125 ρας.
470 2055 722 2112 Ἐπειδὰν
749 2060 858 2131 γάρ
888 2063 920 2131 ή
955 2061 1117 2132 χάρις
1150 2061 1383 2114 ἐλθοῦσα
1424 2061 1485 2112 :6
1517 2061 1708 2124 σκότος
1751 2062 1997 2134 ἀπελάσῃ

309 2143 413 2213 τῆς
441 2143 700 2211 διανοίας,
745 2148 1091 2219 μανθάνομεν
1134 2148 1234 2220 τὴν
1282 2149 1392 2202 τῶν
1445 2150 1790 2220 πραγμάτων
1837 2151 1999 2223 ἀκρί-

315 2231 502 2296 ϐειαν,
540 2234 635 2287 καὶ¹
680 2235 890 2304 γίνεται
937 2238 1070 2307 ἡμῖν
1117 2238 1576 2308 εὐκαταφρόνητα
1618 2238 1686 2291 τά
1735 2238 2000 2310 πρότερον

313 2320 543 2392 φοϐερά.
582 2321 724 2376 Οὔτε
779 2324 890 2396 γάρ
937 2325 1168 2378 θάνατον
1212 2324 1293 2376 ἐτι
1338 2326 1682 2396 δεδοίκαμεν,
1736 2325 2001 2397 μαθόντες

311 2407 560 2478 ἀκριϐῶς
615 2411 767 2482 παρά
819 2413 918 2481 τῆς
975 2414 1127 2484 ἱερᾶς
1170 2413 1377 2482 ταύτης
1436 2415 1868 2485 μυσταγωγίας,
1918 2415 2000 2468 ὅτι

311 2494 414 2546 οὐκ
456 2496 574 2548 ἐστι
607 2497 836 2561 θάνατος
864 2501 892 2552 6
934 2498 1187 2564 θάνατος,
1232 2501 1347 2554 ἀλλ’
1379 2501 1546 2565 ὕπνος
1597 2503 1692 2555 καὶ
1743 2501 2002 2572 κοίμησις

313 2583 652 2656 πρόσκαιρος
673 2603 685 2616 ·
716 2586 776 2638 οὐ
827 2587 1037 2652 πενίαν,
1085 2589 1146 2641 οὐ
1182 2589 1356 2650 νόσον,
1386 2591 1486 2643 οὐκ
1516 2590 1644 2643 ἄλλο
1672 2608 1725 2643 τι
1754 2589 1862 2643 τῶν
1889 2608 2003 2644 τοι·

317 2670 498 2724 ούτῶν
528 2672 702 2737 οὐδὲν,
739 2673 942 2738 ειδότες
975 2675 1057 2728 ὅτι
1096 2677 1232 2747 πρὸς
1263 2676 1509 2746 βελτίονα
1541 2677 1685 2748 ζωὴν
1723 2677 2000 2748 ὁδεύομεν,

315 2757 594 2830 ἀκήρατόν
625 2777 684 2812 τε
712 2759 808 2812 καὶ
845 2760 1144 2832 ἄφθαρτον,
1193 2763 1288 2816 καὶ
1328 2763 1510 2835 πάσης
1535 2764 1793 2835 τοιαύτης
1825 2765 2004 2836 ἀπηλ-

315 2846 426 2915 λαγ
433 2847 601 2918 μένην
641 2848 976 2918 ἀνωμαλίας.

389 2935 456 3004 β’.
481 2937 572 3007 Μὴ
599 2937 779 2990 τοίνυν
818 2938 898 2990 ἔτι
928 2939 1063 3010 7:96;
1098 2940 1168 2992 τά
1200 2939 1426 3009 βιωτικὰ
1481 2938 1751 3013 μείνωμεν
1779 2942 2005 3012 κεχηνό-

314 3041 430 3088 τες,
473 3025 548 3097 μὴ
579 3028 707 3095 περ)⁵
739 3028 951 3098 τρυφὴν
979 3029 1284 3100 τραπέζης.
1325 3031 1460 3100 μηδέ
1489 3031 1620 3102 περὶ
1648 3027 2001 3084 πολυτέλειαν

318 3113 580 3184 ἱματίων·
616 3116 712 3167 καὶ
752 3115 861 3187 γάρ
908 3116 1053 3188 ἔχεις
1097 3119 1317 3187 ἱμάτιον
1357 3119 1638 3188 μέγιστον,
1683 3117 1827 3187 ἔχεις
1869 3120 2004 3188 τρά-

317 3201 489 3266 πεζαν
545 3207 950 3275 πνευματικὴν,
1008 3205 1152 3277 ἔχεις
1199 3206 1298 3277 τὴν
1354 3205 1515 3268 δόξαν
1563 3205 1659 3276 τὴν
1719 3206 1851 3270 ἅνω,
1907 3207 2004 3260 καὶ

317 3291 498 3344 πάντα
536 3309 618 3344 σοι
653 3294 681 3344 6
720 3294 959 3365 Χριστὸς
988 3296 1230 3364 γίνεται,
1272 3295 1368 3347 καὶ
1415 3295 1692 3364 τράπεζα,
1743 3296 1837 3347 καὶ
1873 3295 2002 3365 ίμάοη

316 3393 452 3439 τιον,
482 3378 578 3430 καὶ
609 3373 778 3442 οἶκος,
811 3381 906 3433 καὶ
944 3383 1186 3452 κεφαλὴ,
1238 3383 1334 3434 καὶ
1381 3381 1526 3452 ῥίζα.
1561 3383 1724 3433 Ὅσοι
1765 3383 1872 3454 γάρ
1917 3385 2004 3447 είς

317 3465 578 3532 Χριστὸν
634 3466 1070 3536 ἐϐαπτίσθητε,
1114 3471 1376 3540 Χριστὸν
1425 3469 1836 3523 ἐνεδύσασθεο
1891 3471 2000 3523 ίδού

319 3553 436 3617 πῶς
475 3554 690 3624 ἱμάτιόν
731 3572 813 3609 σοι
846 3556 1064 3625 γέγονε.
1099 3557 1288 3610 Βούλει
1327 3555 1544 3628 μαθεῖν,
1575 3557 1692 3620 πῶς
1740 3558 1833 3610 καὶ
1875 3558 2006 3628 τρά-

319 3640 462 3706 πεζά
505 3659 587 3695 σοι
619 3641 864 3710 γίνεται;
905 3645 958 3696 ἰ)
1005 3643 1244 3715 τρώγων
1291 3663 1390 3715 με,
1427 3646 1618 3716 φησὶν,
1648 3644 1856 3713 ὥσπερ
1888 3645 2003 3714 ἐγὼ

319 3728 392 3789 ζῶ
441 3729 540 3783 διὰ
584 3731 691 3784 τιῗιν
723 3731 976 3802 Πατέρα,
1012 3734 1294 3800 κάκεῖνος
1330 3732 1571 3803 ζήσεται
1617 3733 1694 3787 δι’
1723 3733 1846 3803 ἐμέ.
1877 3735 2001 3788 Ὅτι

316 3813 374 3864 δέ
412 3814 506 3866 καὶ
550 3809 698 3879 οἷκός
734 3832 816 3868 σοι
857 3817 1102 3885 γίνεταιο
1147 3817 1200 3870 '0
1230 3818 1466 3887 τρώγων
1502 3834 1620 3886 μου
1647 3816 1763 3884 τὴν
1805 3817 2004 3886 σάρκα

315 3902 389 3955 ἐν
435 3903 564 3971 ἐμοὶ
589 3899 975 3976 μένειξκιὶγὼ
1026 3907 1097 3959 ὲν
1150 3905 1347 3972 αὐτῷ’
1379 3907 1475 3959 καὶ
1520 3907 1604 3958 ὅτι
1640 3907 1800 3976 ῥίζα,
1839 3906 2002 3960 πάλιν

319 3991 515 4062 φησίν·
565 3991 706 4061 Ἐγὼ
742 3995 780 4061 ἠ
821 3993 1114 4063 ἄμπελος,
1142 3993 1313 4064 ὑμεῖς
1351 3995 1422 4049 τίι
1454 3993 1732 4064 κλήματα
1754 4012 1765 4026 ·
1799 3996 1892 4048 καὶ
1921 3996 2000 4048 ὅτι

317 4079 566 4148 ἀδελφὸς,
599 4081 697 4134 καὶ
740 4082 924 4150 φίλος,
958 4082 1054 4135 καὶ
1091 4083 1356 4152 νυμφίος’
1391 4082 1604 4136 Οὐκέτι
1643 4082 1799 4152 ὑμᾶς
1846 4081 2003 4153 λέγω

317 4165 612 4233 δούλουςο
660 4171 829 4238 ὑμεῖς
864 4171 974 4240 γὰρ
1021 4173 1188 4240 φίλοι
1220 4188 1339 4240 μου
1383 4171 1545 4228 ἐστέ.
1587 4173 1698 4224 Καὶ
1728 4173 1756 4224 6
1788 4171 2001 4235 Παῦλος

319 4254 484 4307 πάλιν
506 4271 519 4284 °
556 4257 935 4327 Ἡρμοσάμην
966 4256 1122 4327 ὑμᾶς
1155 4259 1246 4312 ἐνὶ
1274 4258 1445 4326 ἀνδρὶ
1473 4259 1774 4327 παρθένον
1805 4257 2002 4328 ἁγνὴν

321 4343 710 4411 παραστῆσαι
757 4345 839 4412 τῷ
891 4346 1154 4415 Χριστῷ·
1209 4348 1303 4401 καὶ
1349 4347 1542 4401 πάλιν
1576 4350 1676 4414 El;
1727 4348 1792 4402 τὸ
1846 4345 2002 4404 εἶναι

321 4433 512 4484 αὐτὸν
543 4437 924 4501 πρωτότοκον
950 4436 1020 4489 ἐν
1057 4436 1311 4502 πολλοῖς
1343 4436 1650 4506 ἀδελφοῖς.
1684 4438 1798 4491 Οὐκ
1844 4438 2001 4491 ἁδελ-

323 4519 414 4587 φοὶ
455 4519 512 4572 δέ
541 4521 707 4575 αὐτοῦ
745 4523 926 4593 μόνον,
978 4523 1117 4577 ἀλλά
1155 4525 1250 4578 καὶ
1280 4524 1470 4578 παιδία
1506 4523 1770 4595 γινόμεθα
1796 4541 1810 4555 ⁸
1852 4525 2000 4580 Ἰδοὺ

321 4609 452 4679 γάρ,
505 4612 690 4682 φησὶν,
741 4612 875 4682 ἐγὼ,
917 4614 1014 4667 καὶ
1061 4615 1133 4669 τὰ
1183 4614 1424 4677 παιδία,
1475 4615 1514 4669 ἅ
1553 4633 1654 4684 μοι
1701 4613 1925 4668 ἔδωκεν
1967 4618 2001 4669 ὁ

324 4699 495 4765 Θεός’
531 4701 593 4753 οὐ
626 4701 786 4754 τοῦτο
834 4702 892 4756 δέ
935 4706 1115 4774 μόνον,
1158 4703 1299 4758 ἀλλὰ
1347 4704 1440 4757 καὶ
1494 4703 1632 4774 μέλη
1672 4703 1862 4767 αὐτοῦ,
1907 4705 2001 4758 καὶ

324 4785 484 4858 σῶμα
512 4788 698 4841 αὐτοῦ.
730 4790 944 4862 ’Ὠσπερ
988 4794 1096 4863 γὰρ
1127 4793 1227 4844 οὐκ
1272 4790 1587 4862 ἀρκούντων
1619 4793 1728 4845 τῶν
1773 4793 2000 4864 εἰρημέ-

321 4892 427 4928 νων
453 4876 719 4942 ἐπιδεῖξαι
741 4878 837 4950 τὴν
855 4880 1082 4950 ἀγάπην
1099 4881 1193 4934 καὶ
1215 4881 1313 4953 τὴν
1338 4879 1574 4945 εὔνοιαν,
1597 4881 1662 4950 ἢν
1685 4881 1822 4952 πρὸς
1849 4883 1999 4952 ἡμᾶς

324 4966 712 5031 ἐπιδείκνυται,
755 4969 850 5021 καὶ
887 4970 1076 5040 ἕτερον
1107 4969 1312 5024 τούτων
1347 4969 1530 5040 μεῖζον
1572 4971 1668 5023 καὶ
1703 4971 2000 5042 ἐγγύτερον

324 5055 542 5127 έθηκεν,
583 5057 831 5128 κεφαλὴν
873 5059 1067 5112 ἐαυτὸν
1110 5060 1270 5130 ἡμῶν
1327 5059 1662 5130 προσειπών.
1705 5059 1890 5112 Ταῦτα
1933 5060 1999 5132 δὴ

325 5145 502 5198 πάντα
546 5143 738 5207 εἰδὼς,
788 5147 1077 5218 ἁγαπητέ,
1125 5147 1355 5218 ἄμειψαί
1412 5164 1504 5200 σου
1554 5148 1646 5198 τὸν
1701 5147 1998 5218 εὐεργέτην

326 5233 526 5306 άρίστῃ
555 5233 820 5306 πολιτεία,
849 5235 1003 5308 [25η
1023 5239 1117 5288 καὶ
1145 5239 1407 5306 ἐννοήσας
1442 5236 1539 5305 τῆς
1572 5234 1762 5298 θυσίας
1804 5235 1865 5288 τὺ
1898 5236 1996 5306 μέ-

323 5319 503 5388 γεθος,
535 5321 876 5378 καλλὼπισόν
905 5341 998 5377 σου
1028 5325 1098 5378 τὰ
1133 5325 1267 5396 μέλη
1294 5323 1387 5376 τοῦ
1414 5325 1688 5394 σώματος.
1717 5323 2000 5395 Ἐννόησον

322 5411 374 5462 τί
405 5412 535 5486 δέχῃ
564 5416 628 5485 τῇ
667 5415 832 5486 χειρὶ,
869 5416 964 5469 καὶ
997 5415 1264 5487 μηδέποτε
1298 5415 1508 5486 ἀνάσχῃ
1533 5415 1810 5485 τυπτῆσαί
1852 5432 1996 5480 τινα,

327 5503 463 5570 μηδὲ
504 5503 600 5572 τὴν
647 5505 891 5575 τοσούτῳ
941 5506 1266 5576 τιμηθεῖσαν
1309 5505 1466 5576 δώρῳ
1515 5505 1883 5579 καταισχύνῃς
1930 5509 1998 5578 τῇ

325 5590 425 5660 τῆς
455 5591 673 5662 πληγῆς
703 5593 978 5664 ἁμαρτίαο
1018 5594 1270 5664 ἐννόησον
1302 5595 1354 5647 τί
1393 5594 1520 5665 δέχῃ
1568 5597 1635 5665 τῇ
1685 5595 1864 5666 χειρὶ,
1905 5596 2001 5647 καὶ

325 5678 574 5749 καθαράν
615 5681 785 5751 αὐτὴν
822 5681 1136 5746 πλεονεξίας
1165 5683 1259 5735 καὶ
1299 5683 1556 5754 ἁρπαγῆς
1603 5683 1786 5754 πάσης
1814 5683 2000 5753 διατή-

328 5784 513 5840 ρησον.
557 5771 801 5838 Λόγισαι,
837 5774 1011 5825 ὅτιού
1054 5776 1118 5842 τῇ
1156 5773 1298 5843 χειρὶ
1327 5772 1453 5843 δέχῃ
1499 5774 1678 5840 μόνον,
1725 5772 1864 5825 ἀλλά
1904 5771 1998 5824 καὶ

328 5856 404 5924 τῷ
427 5859 656 5927 στόματι
690 5863 984 5930 προσάγεις
1019 5865 1111 5915 καὶ
1147 5861 1392 5932 καθαράν
1435 5862 1666 5930 φύλαττε
1698 5863 1793 5933 τὴν
1829 5864 2000 5932 γλῶτ-

388 5967 407 5992 ⁸
431 5967 529 6016 Alii
556 5969 639 6019 τήν
663 5969 790 6029 παρὰ
813 5968 896 6015 τοῦ
919 5971 1095 6027 Ilvam.

1090 365 1148 421 S.
1185 364 1472 424 JOANNIS
1509 363 2000 422 CIIRYSOSTOMI
2041 363 2360 421 ARCIIIEP.
2403 364 2955 422 CONSTANTINOP.

3663 369 3770 426 9.3-1

2096 497 2196 533 ταν
2229 480 2474 550 αἰσχρῶν
2531 483 2626 536 καὶ
2683 482 3018 553 ύϐριστικῶν
3067 485 3353 556 ῥημάτιον,
3403 485 3770 557 βλασφημίας.

2096 568 2404 638 ἐπιορκίας,
2444 574 2540 623 καὶ
2568 570 2680 623 τῶν
2712 571 2889 624 ἄλλων
2922 572 3034 626 τῶν
3061 574 3320 627 τοιούτων
3363 574 3637 628 ἁπάντων.
3669 575 3782 626 Καὶ

2093 655 2202 728 γάρ
2232 656 2476 728 ὀλέθριον
2505 658 2606 729 τὴν
2643 658 3066 731 διακονουμένην
3110 663 3431 732 μυστηρίοις
3468 660 3612 715 οὓτω
3648 680 3778 732 φρι-

2095 744 2487 810 κωδεστάτοις,
2544 747 2638 801 καὶ
2690 748 2884 818 αἵματι
2950 750 3320 819 φοινιχθεῖσαν
3374 751 3621 821 τοιούτῳ,
3679 751 3778 806 καὶ

2095 834 2305 904 χρυσῆν
2343 836 2642 908 γενομένην
2681 839 2982 910 μάχαιραν,
3014 839 3108 892 ἐπὶ
3153 840 3419 912 λοιδορίας
3461 842 3554 894 καὶ
3589 841 3778 913 ὕϐρεις

2095 922 2189 974 καὶ
2244 923 2609 994 εὐτραπελίας
2667 927 2944 996 μετάγειν,
2995 928 3285 998 Αἰδέσθητι
3334 930 3430 1000 τὴν
3486 929 3673 1001 τιμὴν,
3709 933 3778 1000 ἦν

2099 1009 2364 1080 ἐτίμησεν
2403 1012 2572 1084 αὐτὴν
2612 1015 2639 1066 6
2682 1014 2849 1080 Θεὸς,
2896 1017 2990 1068 καὶ
3046 1015 3119 1087 μὴ
3170 1018 3485 1091 καταγάγῃς
3543 1019 3623 1080 εἰς
3677 1019 3778 1088 τὴν

2095 1099 2196 1170 τῆς
2245 1101 2524 1174 ἁμαρτίας
2566 1103 2874 1156 εὐτέλειαν·
2921 1104 3038 1156 ἀλλ’
3088 1105 3416 1176 ἐνθυμηθεὶς
3468 1106 3648 1170 πάλιν,
3693 1109 3779 1160 ὅτι

2100 1191 2242 1260 μετά
2271 1194 2372 1263 τὴν
2415 1197 2575 1264 χεῖρα
2612 1194 2706 1247 καὶ
2746 1194 2846 1266 τὴν
2897 1195 3151 1262 γλῶσσαν
3179 1199 3212 1266 ἡ
3251 1196 3444 1268 καρδία
3473 1196 3682 1267 δέχεται
3715 1197 3780 1249 τὸ

2097 1281 2326 1350 φρικτὸν
2371 1283 2547 1334 ἐκεῖνο
2583 1284 2903 1354 μυστήριον,
2956 1283 3030 1354 μὴ
3087 1284 3264 1356 ράψῃς
3305 1285 3436 1337 ποτέ
3488 1285 3629 1339 κατά
3674 1287 3774 1338 τοῦ

2097 1366 2328 1435 πλησίον
2376 1368 2547 1432 δόλον,
2601 1369 2736 1423 ἀλλὰ
2786 1371 3123 1442 κακουργίας
3157 1373 3337 1442 πάσης
3380 1372 3624 1444 καθαράν
3657 1373 3779 1426 δια-

2096 1455 2256 1526 τήρει
2309 1473 2402 1508 σου
2444 1459 2543 1526 τὴν
2576 1457 2817 1512 διάνοιαν
2862 1460 2921 1499 b'
2979 1459 3122 1512 οὕτω
3169 1461 3262 1513 καὶ
3319 1460 3629 1532 ὀφθαλμοὺς
3681 1468 3780 1514 καὶ

2073 1543 2267 1615 -ἀκοὴν
2327 1545 2734 1615 ἀσφαλίσασθαι
2785 1547 3011 1618 δυνήσῃ.
3068 1547 3192 1612 Πῶς
3236 1550 3346 1620 γάρ
3404 1549 3503 1602 οὐκ
3553 1549 3776 1614 ἄτοπον,

2101 1631 2240 1702 μετά
2271 1633 2370 1704 τὴν
2401 1634 2668 1707 μυστικὴν
2699 1636 2916 1707 ἐκείνην
2946 1637 3132 1707 φωνὴν
3163 1637 3256 1690 καὶ
3294 1639 3359 1690 ἐκ
3393 1638 3500 1691 τῶν
3529 1639 3778 1709 οὐρανῶν

2107 1723 2437 1794 φερομένην,
2485 1725 2586 1796 τὴν
2645 1725 2709 1778 ἐκ
2773 1725 2882 1778 τῶν
2944 1725 3226 1796 Χερουϐὶμ
3281 1726 3446 1794 λέγω,
3503 1730 3780 1798 πορνικοῖς

2101 1809 2313 1881 ᾀσμασι
2356 1811 2452 1864 καὶ
2496 1811 3037 1884 κατακεκλασμένοις
3075 1813 3262 1884 μέλεσι
3291 1813 3386 1884 τὴν
3414 1815 3582 1886 ἀκοὴν
3624 1815 3780 1884 μολύ-

2097 1916 2238 1966 νειν;
2275 1898 2390 1964 πῶς
2429 1899 2484 1953 δέ
2519 1901 2618 1954 οὐκ
2649 1901 2885 1972 ἐσχάτης
2917 1900 3190 1964 κολάσεως
3221 1901 3394 1966 ἄξιον,
3436 1905 3546 1966 τοῖς
3585 1902 3782 1972 ὀφθαλ-

2101 1989 2252 2056 μοῖς,
2298 1984 2380 2052 οἷς
2427 1989 2560 2061 ὁρᾷς
2613 1988 2683 2041 τά
2728 1988 3017 2062 ἀπόρρητα
3066 1989 3160 2042 καὶ
3213 1989 3416 2060 φρικτὰ
3467 1991 3778 2062 μυστήρια,

2097 2074 2310 2139 τούτοις
2337 2077 2541 2148 πόρνας
2570 2078 2724 2148 ὁρᾷν,
2755 2079 2851 2130 καὶ
2882 2079 3130 2148 μοιχείαν
3161 2079 3487 2149 ἐργάζεσθαι
3514 2079 3610 2150 τὴν
3637 2081 3784 2134 κατά

2096 2162 2369 2228 διάνοιαν;
2411 2165 2504 2227 Εἰς
2546 2166 2723 2235 γάμον
2769 2164 3044 2236 ἐκλήθης,
3089 2166 3378 2236 ἀγαπητέ⁸
3416 2167 3492 2238 μὴ
3535 2167 3781 2240 εἰσέλθῃς

2101 2253 2323 2325 ῥυπαρά
2353 2253 2701 2324 ἐνδεδυμένος
2751 2253 2966 2325 ἱμάτια,
3004 2254 3143 2309 ἀλλὰ
3175 2253 3254 2324 τῷ
3295 2255 3458 2326 γάμῳ
3511 2256 3782 2327 κατάλλη-

2098 2343 2189 2395 λον
2236 2342 2369 2396 λαϐἐ
2424 2341 2637 2413 στολήν.
2688 2344 2752 2395 Εἰ
2795 2343 2903 2414 γάρ
2949 2329 3030 2406 έίς
3075 2343 3290 2414 γάμους
3341 2343 3634 2415 αἰσθητοὺς
3686 2345 3783 2398 ἀν-

2101 2431 2311 2504 θρωποι
2338 2430 2690 2501 καλούμενοι,
2724 2432 2830 2484 κᾶν
2863 2434 3118 2486 ἁπάντων
3149 2426 3252 2486 ὦσι
3281 2432 3619 2504 πενέστεροι,
3657 2451 3784 2505 χρη-

2102 2520 2327 2590 σάμενοι
2373 2519 2634 2582 πολλάκις
2674 2519 2707 2591 ἢ
2751 2521 3044 2591 πριάμενοι
3088 2521 3302 2592 ἱμάτιον
3345 2520 3604 2594 καθαρὸν,
3638 2522 3784 2574 οὕτω

2102 2609 2239 2679 πρὸς
2286 2609 2412 2671 τοὺς
2469 2607 2808 2670 καλέσαντας
2861 2609 3059 2670 αὐτοὺς
3122 2609 3438 2662 ἀπαντῶσι·
3485 2612 3548 2663 σὺ
3594 2610 3650 2663 δέ
3684 2621 3706 2648 ε
3750 2610 3784 2661 6

2102 2695 2240 2767 7:96;
2274 2695 2453 2766 γάμον
2488 2695 2711 2766 κληθεὶς
2745 2695 3118 2766 πνευματικὸν
3145 2697 3240 2750 καὶ
3274 2696 3464 2750 δεῖπνα
3503 2697 3781 2767 βασιλικά,

2102 2784 2376 2854 ἐννόησον,
2420 2783 2608 2854 ἡλίκον
2644 2782 2710 2837 ἂν
2742 2784 2829 2852 εἴη
2870 2784 3077 2836 δίκαιόν
3108 2801 3167 2837 σε
3211 2785 3427 2854 ἱμάτιον
3471 2785 3735 2856 πρίασθαι
3760 2801 3780 2818 ο

2105 2871 2308 2941 μᾶλλον
2341 2870 2396 2922 δὲ
2430 2870 2552 2922 οὐδὲ
2590 2870 2858 2941 ἀγοράσαι
2891 2870 3070 2941 χρεία,
3106 2871 3222 2925 ἀλλ’
3249 2871 3412 2934 αὐτός
3451 2890 3532 2924 σοι
3565 2873 3783 2926 δίδωσιν

2100 2961 2129 3010 6
2170 2957 2351 3010 καλῶν
2391 2957 2621 3028 δωρεάν,
2669 2957 2758 3011 ἵνα
2809 2959 2944 3027 μηδέ
2977 2959 3169 3012 πενίαν
3228 2959 3597 3030 προϐαλέσθαι
3629 2962 3778 3031 ἔχῃς.

2103 3047 2274 3116 Τήρει
2312 3045 2489 3097 τοίνυν
2518 3046 2655 3116 ὅπερ
2700 3046 2892 3108 ἔλαϐες
2946 3047 3190 3116 ἱμάτιον·
3227 3046 3292 3100 ἂν
3325 3048 3432 3119 γάρ
3477 3049 3777 3120 ἀπολέσῃς,

2101 3133 2414 3205 χρήσασθαι
2445 3135 2504 3186 οὐ
2547 3133 2752 3205 δυνήσῃ
2784 3133 2989 3198 λοιπὸν,
3023 3135 3142 3188 οὐδέ
3193 3135 3493 3207 πρίασθαι·
3543 3136 3783 3209 οὐδαμοῦ

2101 3223 2209 3294 γάρ
2253 3223 2510 3276 πωλεῖται
2555 3221 2794 3276 τοιοῦτον
2835 3223 3068 3292 ἱμάτιον.
3107 3225 3406 3288 Ἤκουσας,
3456 3225 3576 3287 πῶς
3629 3226 3784 3278 ἐστέ-

2102 3311 2265 3377 ναξαν
2301 3314 2348 3365 οί
2384 3311 2550 3364 πάλαι
2588 3311 3136 3381 μυσταγωγηθέντες,
3171 3313 3266 3366 καὶ
3307 3313 3367 3365 τὸ
3413 3313 3613 3383 στῆθος
3647 3316 3786 3369 ἐπά-

2102 3403 2272 3468 ταξαν
2307 3400 2401 3453 τοῦ
2444 3399 2746 3462 συνειδότος
2777 3399 3012 3452 ἐνταῦθα
3045 3401 3537 3471 διαναστήσαντος;
3583 3404 3788 3456 Σκόπει

2103 3489 2304 3553 τοίνυν,
2349 3489 2622 3558 άγαπητέ,
2657 3489 2730 3558 μὴ
2773 3489 2868 3541 καὶ
2909 3487 2973 3540 σύ
3005 3505 3135 3541 ποτε
3169 3487 3194 3526 (³
3226 3487 3383 3541 τοῦτο
3421 3490 3636 3563 πάθῃς·
3668 3493 3786 3556 πῶς

2103 3577 2160 3630 δέ
2196 3578 2258 3630 οὐ
2292 3578 2488 3648 πείσῃ,
2521 3576 2621 3646 τὴν
2663 3576 2909 3646 πονηρὰν
2950 3576 3238 3646 συνήθειαν
3271 3577 3346 3646 μὴ
3381 3577 3630 3630 ἐκϐαλὼν
3673 3580 3786 3632 τῶν

2104 3664 2322 3734 κακῶνς
2355 3666 2454 3715 Δια
2497 3663 2658 3716 τοῦτο
2699 3663 2796 3716 καὶ
2831 3661 3020 3734 πρώην
3050 3659 3204 3716 εἷπον
3231 3665 3325 3717 καὶ
3367 3664 3462 3717 νῦν
3489 3665 3656 3734 λέγω,
3694 3668 3790 3720 καὶ

2102 3751 2277 3820 λέγων
2303 3751 2362 3802 οὐ
2397 3749 2699 3819 παύσομαι,
2731 3751 2786 3802 εί
2816 3767 2902 3811 τις
2932 3750 3000 3802 τά
3033 3749 3392 3820 ἐλαττώματα
3425 3752 3534 3805 τῶν
3567 3754 3788 3824 τρόπων

2107 3839 2183 3911 μὴ
2231 3839 2515 3910 διώρθωσε
2554 3839 2690 3911 μηδέ
2741 3839 3157 3909 παρεσκεύασεν
3207 3839 3384 3910 ἐαυτῷ
3433 3842 3531 3908 τὴν
3581 3843 3790 3914 ἀρετὴν

2103 3927 2344 3995 εὔκολον,
2375 3927 2448 4000 μὴ
2489 3926 2854 3998 βαπτιζέσθω.
2890 3926 2971 3980 Τά
3023 3927 3124 3997 μὲν
3169 3927 3277 3998 γάρ
3325 3928 3570 3999 πρότερα
3607 3933 3790 4003 ἁμαρ-

2103 4017 2324 4086 τήματα
2359 4017 2580 4083 ἀφεῖναι
2611 4013 2836 4066 δύναται
2879 4013 2938 4066 τὸ
2966 4013 3217 4085 λουτρόν·
3247 4015 3364 4078 δέος
3402 4015 3457 4067 δέ
3492 4018 3553 4068 οὐ
3590 4020 3790 4088 μικῴν

2104 4103 2199 4156 καὶ
2253 4103 2496 4166 κίνδυνος
2549 4103 2648 4172 οὐχ
2694 4102 2723 4154 ὁ
2764 4101 2965 4172 τυχὼν,
3015 4104 3228 4173 μήποτε
3296 4103 3457 4157 πάλιν
3517 4106 3603 4157 ἐπ’
3644 4107 3790 4159 αὐτὰ

2103 4191 2509 4261 ἐπανέλθωμεν,
2544 4192 2640 4244 καὶ
2690 4189 2918 4260 γένηται
2967 4193 3100 4261 ἡμῖν
3151 4191 3308 4254 ἕλκος
3360 4192 3418 4245 τὸ
3467 4193 3785 4264 φάρμακον.

2106 4279 2256 4350 Ὅσῳ
2301 4278 2412 4349 γάρ
2467 4277 2672 4349 μείζων
2706 4280 2928 4348 γέγονεν
2958 4281 2991 4350 ή
3021 4281 3202 4350 χάρις,
3232 4280 3470 4351 τοσούτῳ
3501 4284 3706 4335 πλείων
3754 4286 3789 4356 ἡ

2103 4367 2325 4431 κόλασις
2355 4370 2466 4432 τοῖς
2499 4368 2637 4438 μετά
2662 4367 2834 4422 ταῦτα
2869 4370 3296 4439 ἁμαρτάνουσιν.

2180 4464 2249 4526 γ’.
2279 4459 2396 4510 Ἵνα
2423 4453 2514 4510 οὖν
2547 4457 2622 4529 μὴ
2649 4458 2784 4529 πρὸς
2813 4459 2906 4510 τὸν
2938 4458 3203 4530 πρότερον
3228 4458 3540 4530 ἐπανίωμεν
3569 4460 3787 4532 ἔμετον,

2105 4545 2485 4615 παιδεύσωμεν
2519 4547 2748 4608 ἑαυτοὺς
2784 4546 3033 4599 ἐντεῦθεν
3073 4547 3197 4618 ήδη.
3233 4547 3357 4600 Ὅτι
3390 4548 3501 4618 γάρ
3531 4549 3616 4601 δεῖ
3649 4553 3788 4622 πρό-

2101 4652 2262 4707 τερον
2318 4636 2758 4705 μετανοήσαντας
2804 4636 2900 4688 καὶ
2947 4634 3055 4687 τῶν
3110 4637 3391 4707 προτέρων
3438 4640 3790 4706 ἀποστάντας

2105 4721 2259 4796 [258]
2311 4722 2521 4786 κακῶν,
2565 4721 2708 4776 οὕτω
2753 4726 2818 4794 τῇ
2862 4724 3046 4793 χάριτι
3100 4724 3410 4794 προσιέναι,
3463 4726 3704 4782 ἄκουσον
3737 4729 3790 4782 τί

2106 4810 2205 4880 μὲν
2241 4810 2495 4880 Ἰωάννης
2539 4813 2705 4880 φησὶ,
2747 4812 2798 4863 τί
2837 4811 2894 4864 δέ
2933 4814 2961 4864 6
2990 4811 3099 4863 τῶν
3132 4813 3448 4867 ἀποστόλων
3489 4819 3790 4886 κορυφαῖος

2101 4900 2216 4961 τοῖς
2265 4897 2623 4968 βαπτίζεσθαι
2687 4899 3006 4968 μέλλουσιν·
3050 4901 3260 4964 ἐκεῖνος
3318 4902 3418 4972 μὲν
3456 4905 3567 4975 γάρ
3613 4922 3788 4976 φησι·

2101 4988 2402 5055 Ποιήσατε
2435 4987 2668 5054 καρπόν
2703 4988 2876 5052 ἀξιον
2907 4987 3014 5056 τῆς
3049 4991 3391 5057 μετανοίας.
3425 4993 3523 5045 καὶ
3562 4994 3652 5062 μὴ
3686 4995 3792 5064 ἆρ-

2103 5076 2294 5142 ξησθε
2343 5075 2545 5146 λέγειν
2589 5077 2658 5128 ἐν
2694 5075 2961 5143 ἑαυτοῖς,
3008 5077 3098 5131 ὅτι
3148 5077 3379 5146 Πατέρα
3423 5078 3647 5148 ἔχομεν
3679 5085 3792 5139 τὸν

2117 5163 2391 5233 Ἀϐραάμ·
2429 5159 2584 5228 οὗτος
2628 5164 2685 5217 δέ
2733 5168 2846 5228 τοῖς
2881 5166 3128 5236 ἐρωτῶσι
3175 5167 3336 5220 πάλιν
3374 5167 3552 5237 ἓλεγε’
3590 5174 3790 5228 Μετα-

2102 5253 2397 5319 νοήσατε,
2450 5253 2548 5306 καὶ
2597 5253 2990 5320 ,βαπτισθήτω
3046 5255 3304 5321 ἕκαστος
3360 5255 3531 5325 ὑμῶν
3576 5261 3665 5324 εἰς
3717 5261 3789 5315 τὸ

2104 5341 2293 5411 ὄνομα
2337 5342 2446 5396 τοῦ
2487 5343 2709 5410 Κυρίου
2747 5343 2941 5410 Ἰησοῦ
2973 5344 3250 5410 Χριστοῦ.
3292 5344 3350 5397 '0
3390 5345 3446 5398 δὲ
3501 5349 3789 5414 μετανοῶν

2103 5430 2290 5484 οὐκέτι
2335 5430 2445 5483 τῶν
2490 5430 2670 5484 αὐτῶν
2715 5429 2948 5483 ἅπτεται
2978 5433 3339 5502 πραγμάτων,
3395 5433 3481 5500 ἐφ’
3523 5429 3607 5496 οἷς
3651 5453 3790 5503 μετ-

2105 5519 2326 5590 ενόησε’
2369 5518 2458 5571 διὰ
2492 5518 2651 5570 τοῦτο
2696 5518 2789 5572 καὶ
2828 5518 3164 5588 κελευόμεθα
3195 5520 3375 5583 λέγειν
3401 5539 3413 5550 ·
3450 5521 3788 5576 Ἀποτάσσο-

2111 5615 2208 5683 μαί
2243 5631 2344 5676 σοι,
2374 5614 2606 5672 Σατανᾶ,
2642 5613 2729 5666 ἵνα
2776 5611 2974 5682 μηκέτι
3009 5613 3146 5683 πρὸς
3177 5613 3340 5666 αὐτὸν
3371 5613 3780 5684 ἐπανέλθωμεν.

2173 5726 2199 5760 υ
2223 5723 2375 5772 SaviI.
2406 5731 2456 5771 el.
2479 5725 2676 5784 quidam
2701 5736 2814 5770 mss.
2848 5724 3134 5784 διατήρησω
3158 5725 3243 5780 τήν
3267 5724 3492 5772 διάνοιαν.

2178 5792 2197 5818 ε
2223 5786 2369 5833 Savil.
2395 5793 2447 5834 et
2477 5787 2671 5846 quidam
2693 5786 2773 5832 alii
2800 5799 2892 5832 non
2920 5784 3101 5832 habent
3123 5786 3182 5832 σὺ
3215 5787 3282 5834 δέ.

2180 5848 2207 5888 d
2235 5849 2328 5896 Alii
2368 5861 2484 5895 mss.
2512 5849 2760 5895 ’ἐπάταξαν
2796 5847 2850 5892 τὸ
2874 5847 3080 5901 συνειδὸς
3123 5847 3318 5895 εειταῦθα
3357 5848 3786 5902 διαναστήσαντες;

2112 5915 2279 5960 Σγόπῖι
2323 5911 2492 5960 τοίνυν,
2534 5910 2763 5969 ἁγαπητὲ,
2809 5911 2887 5954 καὶ
2935 5909 2994 5954 σὺ
3043 5911 3239 5968 μήποτε.
3291 5926 3308 5956 ι
3348 5909 3644 5959 [meruimus
3689 5911 3776 5954 καὶ

2109 5978 2190 6032 σύ,
2215 5986 2272 6023 ex
2300 5986 2396 6033 quo
2417 5974 2696 6020 concumiew
2718 5973 2764 6017 lii
2797 5970 2996 6030 phrasis.
3020 5987 3038 6017 ι
3068 5971 3210 6020 bon.
