4046 6396
320 383 427 439 255

326 495 483 549 etiam
521 491 590 547 de
616 488 808 545 futuris
837 497 889 543 te
914 487 1067 542 honre
1100 485 1211 556 spei
1249 484 1905 556 constituat.'Pr0pterea-

320 603 426 657 que
451 592 698 641 recenter
720 582 1044 637 illuminatus
1066 579 1247 634 vocari
1273 578 1434 634 debes
1457 597 1472 633 :
1498 578 1749 649 quoniam
1772 593 1906 633 nova

322 677 411 729 lux
453 690 665 746 semper
711 674 826 738 tibi,
856 673 900 727 si
942 671 1100 736 velis,
1129 678 1183 726 et
1211 685 1502 740 numquam
1530 670 1904 740 exstinguitur.

319 766 468 821 lianc
497 780 689 835 nempe
713 764 887 819 lucem
918 770 971 816 et
997 760 1302 816 volentibus
1325 761 1479 816 nobis
1505 768 1573 816 et'
1595 761 1905 817 nolentibus

316 874 421 913 nox
454 857 832 928 subsequitur;
857 855 1003 909 illum
1038 868 1166 909 vero
1188 853 1395 908 radium
1422 854 1656 909 tenebrae
1683 869 1788 909 non
1807 870 1906 909 no-

315 958 443 1004 runt
477 967 491 1003 :
526 949 645 1003 Lua:
670 949 815 1003 enim
844 947 896 999 in
929 946 1140 1000 tenebris
1168 952 1296 999 lucet
1318 986 1331 1009 ,
1360 955 1405 1000 et
1430 946 1644 1000 tenebrae
1668 962 1777 1000 eam
1800 963 1903 1001 non

315 1041 794 1111 comprehenderunt
829 1036 1004 1110 (Joan.
1038 1040 1087 1092 1.
1115 1038 1189 1108 5).
1223 1037 1338 1093 Non
1369 1040 1446 1093 sic
1483 1040 1625 1094 enim
1673 1040 1903 1095 mundus

318 1142 395 1187 est
422 1132 597 1187 clarus
623 1131 831 1186 oriente
860 1130 1030 1194 radio,
1050 1140 1108 1185 ut
1129 1131 1303 1185 anima
1326 1131 1620 1186 illustratur
1646 1139 1701 1186 et
1724 1132 1901 1201 splen-

315 1222 492 1277 didior
517 1223 574 1275 ﬁt
601 1237 632 1276 a
662 1220 864 1290 Spiritu
902 1220 1129 1290 gratiam
1172 1221 1488 1291 suscipiens.
1520 1220 1589 1276 Et
1622 1222 1899 1277 considera

314 1313 620 1383 diligentius
646 1327 824 1366 rerum
855 1322 1117 1366 naturam.
1140 1311 1305 1366 Nocte
1331 1313 1473 1366 enim
1497 1322 1665 1367 terras
1684 1321 1899 1369 tenente

311 1413 362 1459 et
388 1404 620 1458 tenebris
636 1403 1005 1473 caligantibus,
1020 1417 1163 1471 saepe
1184 1402 1477 1458 funiculum
1503 1404 1620 1473 quis
1642 1419 1891 1471 cernens,

311 1506 613 1567 serpentem
643 1511 763 1553 esse
792 1496 1013 1566 putavit,
1046 1506 1099 1551 et
1124 1496 1352 1551 amicum
1378 1497 1722 1552 accedentem
1755 1506 1895 1551 tam-

309 1607 468 1662 quam
499 1591 768 1646 inimicum
794 1589 944 1659 fugit,
960 1599 1014 1645 et
1041 1590 1318 1659 strepitum
1341 1591 1642 1659 quempiam
1660 1591 1895 1646 sentiens

311 1682 548 1752 trepidus
571 1682 740 1736 factus
764 1691 879 1745 est;
912 1682 1123 1737 lucente
1147 1696 1276 1735 vero
1313 1681 1399 1735 die
1444 1681 1577 1735 nihil
1613 1682 1718 1736 tale
1756 1683 1897 1736 acci-

310 1774 472 1842 derit,
500 1773 595 1829 sed
643 1775 822 1829 omnia
860 1774 1033 1843 qualia
1068 1782 1191 1827 sunt
1219 1783 1477 1842 apparent
1509 1791 1523 1827 :
1563 1774 1703 1844 quod
1745 1783 1800 1829 et
1839 1774 1894 1830 in

307 1865 482 1921 anima
500 1874 684 1919 nostra
711 1865 988 1933 contingit.
1011 1864 1297 1933 Postquam
1319 1865 1461 1919 enim
1478 1867 1644 1935 gratia
1674 1866 1895 1921 veniens

307 1966 485 2010 mente
510 1954 758 2011 tenebras
798 1954 1083 2023 expulerit,
1104 1969 1282 2007 rerum
1304 1953 1584 2009 veritatem
1613 1954 1888 2021 discimus,

306 2054 361 2100 et
382 2047 536 2102 nobis
564 2047 695 2101 fiunt
720 2046 1075 2115 despicabiles
1116 2061 1202 2100 res
1240 2047 1387 2115 prius
1430 2047 1722 2103 tremendae
1753 2066 1764 2100 :
1794 2064 1892 2104 nec

304 2139 446 2192 enim
482 2140 708 2208 amplius
760 2150 986 2193 mortem
1043 2139 1311 2205 timemus,
1359 2139 1644 2209 diligenter
1684 2157 1747 2195 ex
1792 2141 1892 2197 hac

305 2245 454 2285 sacra
505 2231 805 2285 initiatione
852 2231 1147 2299 discentes,
1178 2240 1403 2286 mortem
1453 2248 1557 2286 non
1591 2248 1712 2288 esse
1749 2250 1891 2288 mor-

307 2332 433 2389 tem,
479 2322 571 2377 sed
620 2338 867 2377 somnum
918 2332 974 2377 et
1026 2323 1402 2378 domuitionem
1468 2327 1887 2393 temporariam:

304 2429 412 2468 non
442 2416 770 2484 pauperiem,
803 2431 906 2468 non
940 2415 1207 2480 morbum,
1242 2431 1349 2470 non
1379 2417 1524 2471 aliud
1553 2419 1678 2488 quid
1709 2418 1890 2487 hujus—

305 2505 450 2560 modi
480 2506 890 2561 rctormidamus
911 2550 924 2573 ,
955 2508 1186 2563 scientes
1216 2524 1314 2563 nos
1343 2508 1409 2562 ad
1455 2510 1727 2565 meliorem
1771 2521 1888 2566 ten-

302 2598 432 2653 dere
458 2600 616 2653 vitam
640 2641 653 2664 ,
681 2600 1033 2656 immortalem
1062 2609 1113 2655 et
1144 2602 1504 2672 incorruptam
1532 2645 1545 2667 ,
1576 2605 1718 2659 etab
1743 2607 1886 2661 omni

307 2690 396 2742 tali
428 2690 644 2744 liberam
676 2691 1055 2761 inaequalitate.

373 2781 427 2834 εὶ.
467 2781 543 2837 Ne
574 2783 733 2852 igitur
766 2783 994 2852 amplius
1022 2783 1087 2837 ad
1129 2784 1370 2838 mortalia
1392 2800 1705 2841 maneamus
1731 2786 1886 2841 hian-

304 2882 405 2939 tes,
440 2888 538 2928 nec
567 2873 709 2928 circa
752 2889 953 2929 mensae
992 2874 1230 2942 delicias,
1264 2892 1362 2931 nec
1411 2878 1553 2932 circa
1599 2880 1889 2935 vestimen-

302 2972 478 3017 torum
510 2972 755 3019 ornatum
786 2981 799 3017 :
827 2964 991 3020 babes
1013 2967 1154 3020 enim
1179 2969 1466 3023 maximum
1491 2969 1883 3037 indumentum,

300 3055 467 3109 habes
496 3071 735 3110 mensam
766 3057 1094 3126 spiritualem
1121 3100 1135 3121 ,
1168 3058 1332 3114 habes
1360 3062 1586 3131 gloriam
1627 3078 1879 3132 superne,

305 3154 361 3199 et
384 3146 562 3200 omnia
596 3146 689 3201 tibi
718 3146 966 3202 Christus
987 3146 1155 3203 factus
1179 3157 1282 3212 est,
1319 3160 1369 3204 et
1398 3167 1580 3207 mensa
1601 3196 1615 3220 ,
1643 3163 1697 3209 et
1724 3156 1888 3209 vesti-

302 3245 560 3301 mentum,
587 3247 641 3293 et
684 3237 896 3304 domus,
934 3247 989 3293 et
1037 3249 1213 3310 caput,
1242 3251 1295 3294 et
1338 3242 1507 3295 radix.
1540 3243 1793 3314 Quotquot
1832 3246 1886 3299 in

298 3325 497 3381 Christo
518 3328 659 3383 enim
689 3328 931 3397 baptizati
960 3330 1075 3384 estis
1095 3372 1109 3395 ,
1144 3329 1400 3385 Christum
1426 3333 1659 3388 induistis
1683 3335 1880 3406 (Ca/at.

300 3420 336 3474 ὅ
388 3420 502 3484 27).
560 3421 697 3477 Ecce
747 3421 1022 3491 quomodo
1074 3423 1453 3479 vestimentum
1506 3426 1598 3481 tibi
1643 3437 1743 3481 est.
1793 3429 1885 3485 Vis

299 3514 509 3569 discere
531 3514 798 3583 quomodo
827 3523 881 3569 et
910 3530 1093 3569 mensa
1125 3516 1218 3570 tibi
1247 3518 1359 3571 sit?
1392 3517 1491 3583 Qui
1530 3535 1607 3572 me
1631 3522 1880 3587 comedit,

302 3603 511 3672 inquit,
544 3604 670 3657 sicut
721 3620 811 3675 ego
853 3606 962 3659 vivo
1011 3617 1216 3674 propter
1269 3604 1475 3660 Patrem
1500 3649 1515 3673 ,
1546 3609 1671 3662 vivet
1717 3618 1763 3662 et
1800 3610 1887 3664 ille

300 3705 504 3763 propter
523 3692 788 3765 me(Joan.
820 3695 871 3749 6.
905 3694 1016 3767 58).
1049 3696 1200 3762 Quod
1228 3705 1407 3751 autem
1437 3697 1627 3754 domus
1651 3699 1721 3753 sit
1748 3699 1880 3755 tibi:

301 3786 403 3850 Qui
427 3787 640 3841 comedit
680 3804 885 3841 carnem
934 3805 1133 3855 meam,
1166 3790 1218 3842 in
1258 3806 1337 3843 nte
1371 3800 1536 3844 manet
1560 3801 1606 3844 et
1630 3809 1719 3863 ego
1746 3794 1801 3847 in
1827 3811 1884 3849 eo

298 3877 407 3945 (1b.
439 3893 485 3931 υ.
516 3879 628 3947 57).
661 3878 729 3933 Et
754 3880 896 3949 quod
928 3881 1097 3946 radix,
1122 3897 1333 3936 rursum
1363 3882 1534 3952 inquit
1563 3902 1575 3937 :
1611 3884 1722 3956 Ego
1748 3888 1881 3953 vitis,

297 3987 385 4025 vos
429 3972 679 4040 palmites.
735 3973 802 4026 Et
828 3972 971 4042 quod
1021 3972 1207 4033 frater.
1242 3982 1298 4028 et
1332 3975 1535 4030 amicus
1559 4018 1572 4041 ,
1606 3992 1834 4047 sponsus
1866 3997 1878 4031 :

298 4060 421 4116 'Non
441 4064 660 4131 amplius
684 4081 769 4119 vos
799 4065 964 4118 dicam
984 4081 1168 4121 servos.
1202 4065 1299 4120 Vos
1326 4069 1457 4121 enim
1481 4070 1629 4125 amici
1644 4071 1737 4125 mei
1768 4073 1884 4126 estis

299 4153 476 4223 (Joan.
502 4156 588 4210 15.
614 4156 667 4211 5.
698 4166 742 4208 et
776 4157 866 4225 15)
896 4174 909 4209 :
940 4165 995 4211 et
1023 4157 1246 4213 Paulus:
1275 4158 1529 4228 Despondi
1552 4178 1635 4215 vos
1664 4164 1752 4216 uni
1778 4166 1882 4218 viro

297 4247 537 4318 virginem
564 4257 754 4300 castam
771 4248 1000 4303 exhibere
1016 4249 1214 4303 Christo
1231 4250 1310 4319 (2.
1327 4252 1624 4319 ϐον.11,2)
1651 4272 1664 4317 ;
1691 4264 1744 4308 et
1763 4273 1880 4310 rur-

296 4352 443 4392 sum:
473 4338 540 4393 Ut
566 4340 629 4393 sit
656 4340 764 4411 ipse
786 4341 1143 4411 primogenitus
1165 4342 1216 4395 in
1248 4343 1419 4397 multis
1446 4347 1685 4413 fratribus
1704 4346 1878 4417 (Itoni.

296 4434 349 4485 8.
373 4432 485 4499 29).
517 4432 627 4488 Nec
673 4433 860 4488 fratres
891 4443 1096 4487 tantum
1137 4434 1320 4504 ipsius,
1357 4452 1541 4491 verum
1577 4447 1631 4491 et
1674 4440 1879 4506 pueruli

292 4538 510 4578 sumus:
539 4523 666 4577 Ecce
685 4525 836 4590 enim,
870 4524 1059 4593 inquit,
1089 4541 1179 4595 ego
1200 4534 1243 4579 et
1273 4527 1488 4595 pueruli,
1516 4544 1640 4596 quos
1663 4529 1876 4582 tradidit

298 4617 417 4669 mihi
444 4615 579 4670 Deus
608 4615 757 4687 (Isai.
786 4617 842 4673 8.
877 4616 986 4688 18).
1013 4617 1131 4672 Non
1187 4618 1290 4672 hoc
1323 4628 1520 4697 autem
1565 4620 1759 4686 solum,
1789 4637 1880 4675 ve-

296 4724 414 4763 rum
439 4720 493 4764 et
515 4710 751 4764 membra
774 4711 937 4781 ipsius
962 4720 1015 4765 et
1040 4726 1233 4780 corpus
1258 4711 1372 4780 ejus
1397 4713 1484 4782 (1.
1509 4712 1625 4767 Cor.
1654 4713 1740 4767 12.
1762 4714 1874 4783 27).

295 4803 588 4871 Tamquam
619 4804 761 4857 enim
794 4818 898 4857 non
939 4802 1251 4858 sufficerent
1274 4818 1358 4869 ea,
1386 4818 1507 4874 quae
1536 4805 1784 4872 dixerat,
1810 4805 1878 4859 ad

293 4894 760 4950 demonstrandam
813 4894 1260 4961 benevolentiam,
1299 4904 1354 4950 et
1394 4897 1671 4951 caritatem
1716 4914 1874 4967 quam

292 5000 419 5056 erga
450 5000 549 5041 nos
574 4985 813 5052 exhibet,
840 4994 896 5041 et
918 4986 1061 5041 aliud
1084 4986 1166 5041 his
1205 4986 1378 5056 majus
1421 4995 1476 5041 et
1522 4989 1738 5059 propius
1772 5004 1870 5057 po-

292 5081 431 5146 suit,
486 5093 544 5133 se
590 5087 750 5149 caput
796 5090 1037 5133 nostrum
1077 5079 1350 5149 appellans
1399 5078 1623 5152 (Ephes.
1672 5082 1724 5134 1.
1756 5082 1870 5153 ‘22).

291 5169 418 5224 Haec
444 5170 622 5224 omnia
651 5178 800 5225 certo
828 5171 1023 5233 sciens,
1043 5170 1265 5235 dilecte,
1298 5172 1372 5225 sis
1404 5180 1585 5241 gratus
1610 5187 1738 5240 erga
1780 5174 1873 5229 be-

285 5258 620 5316 nefactorem
647 5269 793 5315 tuum
817 5262 1016 5330 optima
1058 5262 1492 5325 conversatione,
1526 5271 1581 5317 et
1625 5265 1871 5320 sacrificii

283 5350 707 5421 magnitudinem
741 5351 1001 5421 cogitans,
1033 5366 1161 5406 orna
1206 5353 1447 5423 corporis
1481 5355 1556 5406 tui
1595 5355 1868 5410 membra:

283 5441 463 5511 cogita
487 5440 616 5511 quid
644 5456 804 5496 manu
832 5442 1033 5513 capias,
1059 5458 1157 5498 nec
1185 5459 1433 5515 umquam
1472 5444 1639 5500 ullum
1678 5445 1872 5501 verbe-

286 5546 408 5585 rare
460 5531 696 5599 audeas,
741 5547 840 5587 nec
887 5540 1036 5587 tanto
1074 5533 1377 5587 decoratam
1422 5550 1673 5602 munere,
1702 5537 1873 5606 plagai

286 5621 517 5677 crimine
567 5622 906 5679 dcdecores:
953 5624 1125 5695 cogita
1167 5624 1294 5694 quid
1337 5640 1497 5681 manu
1548 5627 1766 5696 capias,
1818 5636 1872 5683 et

288 5714 460 5783 ipsam
492 5714 561 5769 ab
590 5716 735 5770 omni
778 5716 996 5771 avaritia
1024 5726 1077 5771 et
1104 5718 1287 5787 rapina
1328 5718 1549 5777 liberam
1589 5736 1865 5778 conserva.

290 5804 499 5874 chuta
530 5804 671 5877 quod
699 5821 803 5859 non
832 5815 1034 5861 tantum
1065 5822 1221 5861 manu
1253 5811 1432 5879 capias
1453 5854 1465 5876 ,
1496 5828 1680 5867 verum
1711 5825 1758 5869 et
1790 5818 1866 5871 ori

610 5902 881 5966 PATROL.
930 5908 1044 5967 Gn.
1088 5910 1140 5967 Χ
1158 5909 1310 5981 LIX.

1277 373 1370 429 an
1408 371 1909 430 tLLuutNANnos
1935 374 2355 437 CATECHESIS
2378 350 2441 438 ll.

3491 410 3596 471 93/.

2015 486 2322 579 admoveas,
2351 502 2404 548 et
2432 494 2663 566 linguam
2688 503 2896 558 custodi
2938 520 2966 560 a
2999 515 3399 574 contumeliosis
3443 537 3597 579 mun~

2011 576 2211 676 dam‘et
2240 583 2481 676 turpibus
2507 589 2704 656 verbis,
2737 592 3084 668 blasphemia,
3108 605 3366 676 perjurio,
3396 620 3450 666 et
3479 576 3596 670 aliis

2008 671 2257 727 omnibus
2310 674 2632 746 hujusmodi.
2663 682 2873 740 Etenim
2921 671 3276 758 perniciosum
3323 671 3439 769 est,
3486 714 3595 761 tam

2010 763 2302 819 tremendis
2337 768 2727 827 ministrantem
2781 781 3051 847 mysteriis
3092 784 3326 856 linguam
3372 763 3436 846 et,
3471 809 3596 849 san-

2008 852 2166 949 guine
2192 856 2284 949 tali
2310 871 2674 929 purpuratam,
2704 875 2758 919 et
2784 866 2977 925 factam
3004 852 3243 943 auream,
3265 880 3498 949 gladium
3521 887 3586 943 ad

2006 945 2244 1001 convicia
2291 957 2348 1002 et
2389 955 2739 1011 contumelias
2788 968 2845 1014 et
2884 965 3233 1024 scurrilitates
3269 945 3591 1033 transferre.

2007 1034 2276 1095 Reverere
2304 1040 2561 1099 honorem
2584 1063 2689 1117 quo
2711 1051 2852 1106 Deus
2876 1055 3045 1125 ipsam
3073 1059 3371 1133 honoravit,
3403 1086 3501 1126 nec
3524 1071 3590 1127 ad

2006 1131 2212 1197 peccati
2242 1146 2393 1187 usum
2417 1135 2586 1206 ipsam
2604 1138 2838 1197 deducas
2862 1161 2875 1210 ;
2903 1148 2993 1201 sed
3023 1166 3232 1210 rursum
3263 1131 3593 1218 animadver-

2005 1225 2315 1322 tens,.quod
2335 1238 2454 1296 post
2479 1245 2694 1287 manum
2719 1244 2771 1290 ct
2794 1237 3022 1308 linguam
3060 1259 3155 1299 cor
3181 1251 3439 1322 suscipiat
3474 1265 3586 1311 tre-

2004 1314 2254 1369 mendqu
2286 1318 2412 1372 illud
2443 1325 2753 1391 mysterium
2781 1369 2795 1394 ,
2820 1345 2889 1383 ne
2918 1348 3167 1404 umquam
3202 1340 3256 1394 in
3284 1314 3586 1411 proximum

2001 1416 2230 1460 consuas
2258 1407 2457 1477 dolum,
2487 1413 2581 1467 sed
2620 1427 2855 1474 mentem
2896 1430 3039 1479 tuam
3084 1427 3153 1483 ab
3195 1407 3341 1489 omni
3387 1438 3587 1494 malitia

2001 1498 2256 1553 mundam
2295 1516 2589 1573 conserva;
2619 1509 2696 1563 sic
2742 1520 2796 1567 et
2839 1516 3135 1586 oculos,et
3178 1538 3334 1582 aures
3376 1532 3588 1588 munire

2002 1588 2536 1693 poteris..9uoniodo
2571 1600 2715 1653 enim
2759 1617 2865 1657 non
2897 1614 2980 1660 est
3003 1607 3291 1668 absurdum
3323 1628 3444 1687 post
3470 1636 3588 1693 my-

1998 1678 2184 1770 sticam
2232 1681 2375 1737 illam
2430 1702 2616 1743 vocem
2665 1708 2696 1746 e
2751 1695 2896 1751 caelis
2926 1697 3177 1769 delatam,
3221 1721 3249 1760 a
3294 1678 3583 1770 Cherubiin

1998 1769 2139 1838 dico,
2167 1778 2486 1833 meretriciis
2527 1782 2769 1840 cantibus
2814 1796 2868 1841 et
2907 1788 3086 1846 fractis
3132 1798 3378 1857 melodiis
3422 1818 3580 1862 aures

1996 1862 2316 1933 inquinare?
2342 1873 2610 1939 quomodo
2636 1891 2763 1931 vero
2789 1894 2897 1934 non
2918 1892 3154 1941 extrema
3185 1906 3338 1958 poena
3364 1894 3582 1967 dignum

1996 1957 2318 2060 est,'oculis
2358 1960 2551 2029 quibus
2591 1978 2786 2021 arcana
2812 1970 2961 2026 vides
2990 1984 3044 2028 ct
3074 1957 3347 2037 tremenda
3389 1957 3584 2060 myste-

1996 2044 2095 2111 ria,
2126 2044 2210 2101 his
2264 2052 2576 2108 meretrices
2627 2067 2891 2128 spectare,
2941 2073 2995 2118 et
3028 2077 3208 2125 mente
3261 2044 3579 2135 adulterium

1995 2141 2289 2194 exercere?
2319 2143 2399 2196 Ad
2430 2148 2642 2215 nuptias
2670 2162 2893 2209 vocatus
2921 2170 2979 2210 es
3004 2197 3019 2221 ,
3050 2159 3280 2219 dilecte:
3309 2183 3377 2223 ne
3414 2171 3581 2229 intres

1994 2229 2225 2286 sordidis
2259 2233 2479 2290 indutus
2519 2240 2872 2309 vestimentis,
2915 2248 3009 2302 sed
3058 2255 3257 2323 nuptiis
3291 2273 3577 2332 congruam

1993 2335 2124 2391 cape
2143 2335 2374 2381 vestem.
2415 2328 2471 2384 Si
2514 2332 2655 2387 enim
2685 2335 2751 2390 ad
2780 2341 2996 2408 nuptias
3024 2347 3304 2404 sensibiles
3333 2328 3579 2413 homines

1994 2413 2214 2483 invitati,
2253 2421 2353 2473 etsi
2401 2425 2639 2480 omnium
2689 2434 3014 2501 pauperrimi
3057 2439 3196 2507 sint,
3250 2454 3435 2502 mutuo
3480 2465 3574 2505 su-

1992 2516 2199 2562 mentes
2225 2524 2366 2581 saepe
2386 2514 2469 2569 vel
2498 2529 2736 2575 ementes
2765 2525 3140 2585 vestimentum
3178 2536 3431 2593 mundum
3453 2581 3467 2605 ,
3499 2543 3577 2598 sic

1996 2611 2054 2653 se
2083 2603 2396 2661 vocantibus
2420 2622 2708 2666 occurrunt
2738 2631 2751 2667 :
2782 2624 2833 2669 et
2864 2626 2916 2671 tu
2947 2619 3011 2674 ad
3035 2626 3247 2692 nuptias
3276 2603 3577 2699 spirituales

1992 2700 2043 2793 et
2067 2694 2288 2761 prandia
2311 2708 2530 2754 vocatus
2562 2705 2783 2773 regalia,
2808 2710 3117 2768 consideres
3155 2694 3320 2786 quale.
3357 2722 3577 2793 dignum

1990 2781 2058 2835 sit
2084 2795 2136 2839 te
2157 2788 2391 2855 nuptiale
2420 2794 2796 2851 vestimentum
2822 2781 3383 2872 comparare-Verum
3414 2781 3575 2875 "enim

1990 2888 2119 2927 vero
2142 2891 2240 2931 nec
2264 2892 2398 2947 opus
2424 2890 2506 2936 est
2534 2898 2866 2957 comparare,
2898 2894 2992 2947 sed
3025 2895 3139 2965 ipse
3167 2901 3253 2969 qui
3282 2914 3437 2959 vocat
3481 2909 3575 2964 tibi

1990 2966 2082 3059 dat
2128 2972 2326 3038 gratis,
2368 2989 2436 3029 ne
2459 2977 2539 3031 vel
2586 2992 2952 3051 paupertatem
2995 2966 3329 3058 praitendere
3372 3001 3573 3059 valeas.

1992 3057 2185 3115 Serves
2214 3062 2390 3155 itaque
2422 3069 2562 3137 quod
2604 3076 2856 3144 accepisti
2898 3084 3274 3143 vestimentum
3301 3108 3314 3155 ;
3341 3094 3383 3147 si
3420 3111 3575 3151 nam-

1990 3164 2094 3219 que
2149 3153 2473 3224 perdideris,
2511 3162 2740 3231 amplius
2781 3173 3116 3229 commodato
3166 3153 3410 3250 accipere
3466 3203 3571 3242 non

1991 3242 2189 3310 poteris
2216 3285 2231 3312 ,
2277 3256 2369 3300 aut
2422 3263 2647 3307 emere:
2692 3271 2953 3327 nusquam
2993 3264 3136 3319 enim
3179 3242 3427 3328 venditur
3471 3277 3574 3334 tale

1990 3335 2381 3392 vestimentum.
2398 3342 2601 3399 Audisti
2632 3350 2899 3416 quomodo
2923 3368 3241 3422 gemuerunt
3264 3363 3387 3417 olim
3411 3369 3576 3424 sacris

1990 3424 2312 3495 introducti,
2352 3440 2406 3486 et
2457 3445 2640 3502 pectus
2674 3454 3079 3513 percusserunt,
3127 3465 3220 3506 eos
3270 3456 3576 3517 stimulante

1988 3520 2313 3576 conscientia
2339 3524 2354 3554 ί
2372 3523 2396 3576 ?
2414 3524 2700 3584 Considera
2729 3532 2885 3602 igitur
2913 3546 2967 3591 et
2995 3548 3069 3606 tu,
3098 3541 3290 3601 dilecte
3308 3590 3321 3612 ,
3355 3566 3423 3607 ne
3451 3569 3573 3608 um-

1988 3626 2144 3681 quam
2173 3613 2274 3669 hoc
2302 3615 2539 3685 patiaris.
2565 3619 2842 3686 Quomodo
2865 3636 3041 3684 autem
3069 3648 3172 3687 non
3201 3639 3435 3708 patieris,
3468 3659 3576 3701 non

1988 3706 2202 3773 expulsa
2244 3722 2403 3776 prava
2454 3710 2715 3767 malorum
2755 3722 3179 3779 consuetudine?
3205 3706 3492 3800 Propterea
3521 3747 3576 3792 et

1988 3797 2134 3864 prius
2164 3798 2270 3853 dixi
2313 3809 2369 3855 et
2415 3817 2557 3856 nunc
2602 3804 2741 3872 dico,
2770 3816 2824 3862 et
2847 3809 3024 3867 dicere
3071 3831 3179 3870 non
3217 3797 3501 3893 desistam,
3529 3829 3575 3883 si

1987 3888 2106 3957 quis
2131 3904 2336 3944 morum
2359 3892 2483 3947 vitia
2510 3909 2614 3948 non
2644 3901 2875 3953 correxit
2898 3917 2999 3957 nec
3036 3904 3135 3960 sibi
3172 3907 3378 3966 facilem
3415 3888 3573 3985 para-

1987 3981 2063 4035 vit
2098 3983 2344 4038 virtutem
2369 4027 2382 4049 ,
2415 4002 2483 4041 ne
2533 3988 2847 4058 baptizetur.
2879 3994 3066 4052 Priora
3111 4016 3301 4074 nempe
3351 3981 3571 4065 crimina

1987 4074 2254 4130 lavacrum
2285 4077 2499 4134 abluere
2528 4091 2732 4149 potest;
2758 4084 2917 4142 timor
2950 4100 3125 4146 autem
3154 4111 3258 4149 non
3293 4114 3483 4167 parvus
3519 4114 3573 4158 ct

1987 4168 2277 4235 periculum
2301 4186 2404 4225 non
2432 4173 2719 4242 mediocre,
2744 4192 2813 4233 ne
2830 4194 3041 4236 rursum
3072 4185 3138 4239 ad
3165 4188 3352 4243 eadem
3379 4194 3568 4249 redea-

1986 4273 2137 4324 mus,
2168 4271 2222 4314 et
2262 4261 2315 4314 in
2356 4263 2545 4317 vulnus
2589 4266 2740 4321 nobis
2779 4270 3044 4327 medicina
3076 4285 3334 4333 vertatur.
3362 4281 3571 4349 Quanto

1985 4367 2210 4421 namque
2248 4354 2418 4423 major
2445 4354 2583 4410 facta
2614 4366 2696 4412 est
2720 4362 2885 4430 gratia
2906 4404 2920 4427 ,
2956 4373 3100 4423 tanto
3126 4371 3350 4440 amplior
3383 4386 3568 4444 postea

1986 4444 2323 4511 peccantibus
2351 4461 2526 4515 pmna.

2055 4534 2108 4586 5.
2149 4533 2226 4589 Ne
2250 4535 2408 4605 igitur
2433 4538 2497 4592 ad
2525 4540 2805 4608 pristinum
2841 4544 3120 4602 redeamus
3144 4552 3397 4610 vomitum
3419 4598 3431 4619 .
3456 4558 3566 4628 jam

1984 4639 2082 4678 nos
2108 4626 2250 4694 ipsos
2273 4628 2597 4685 erudiamus.
2622 4633 2772 4701 Quod
2803 4638 2946 4691 enim
2989 4650 3233 4708 oporteat
3273 4646 3419 4713 prius
3446 4626 3567 4721 pte-

1983 4716 2206 4771 nituisse
2235 4728 2289 4773 et
2312 4733 2340 4772 a
2364 4721 2631 4789 prioribus
2660 4725 2926 4782 destitisse
2956 4731 3129 4799 malis,
3155 4744 3209 4787 et
3246 4736 3323 4790 sic
3358 4740 3423 4794 ad
3446 4716 3570 4811 gra-

1982 4807 2109 4861 tiam
2153 4811 2441 4878 accedere,
2469 4814 2589 4867 audi
2635 4816 2759 4885 quid
2799 4818 3029 4874 Joannes
3076 4822 3236 4892 dicat,
3268 4829 3393 4898 quid
3437 4807 3568 4889 vero

1981 4898 2234 4995 princeps
2251 4903 2610 4969 apostolorum
2634 4905 2887 4975 baptizari
2907 4911 3242 4970 debentibus.
3258 4918 3349 4975 Ille
3369 4937 3569 4995 nempe

1980 4987 2108 5043 dicit
2140 5006 2152 5044 :
2183 4988 2360 5046 Facite
2390 4995 2607 5063 fructum
2640 4996 2847 5067 dignum
2876 5004 3178 5071 paenitentia:
3204 5023 3223 5062 :
3253 5019 3300 5063 et
3336 5029 3399 5066 ne
3437 4987 3569 5068 inci.

1981 5080 2130 5148 piatis
2153 5082 2316 5136 dicere
2338 5084 2471 5137 intra
2495 5102 2598 5152 vos,
2630 5087 2837 5144 Patrem
2870 5092 3107 5151 habemus
3130 5098 3387 5156 Abraham
3408 5104 3559 5177 (Luc.

1980 5171 2032 5225 ὅ.
2052 5172 2130 5244 8).
2162 5173 2259 5228 Hic
2286 5184 2460 5229 autem
2480 5176 2928 5249 interrogantibus
2970 5201 3156 5242 rursus
3194 5193 3370 5248 aiebat
3394 5171 3561 5251 :‘Pae-

1978 5263 2235 5317 nitentium
2260 5265 2410 5335 agite,
2442 5275 2488 5320 et
2530 5267 2808 5339 baptizatur
2853 5275 3061 5347 quisque
3100 5290 3313 5336 vestrum
3358 5286 3412 5338 in
3461 5304 3557 5342 no-

1978 5354 2111 5407 mine
2154 5353 2364 5410 Domini
2411 5359 2569 5412 nostri
2595 5358 2723 5414 Jesu
2749 5361 2935 5418 Christi
2962 5366 3096 5440 (Act.
3122 5369 3175 5424 2.
3195 5371 3312 5445 58).
3336 5374 3434 5443 Qui
3463 5392 3560 5433 au-

2039 5763 2431 5845 :_otriic_l_am‘s_tss.,
2468 5773 2631 5831 pectus
2665 5780 3015 5836 percusserunt,
3064 5776 3430 5845 «ειηπδεεεηιίαηιι
3462 5798 3557 5837 σε,

1976 5826 2361 5889 pergefacientes.

3134 5918 3207 5979 15
