4046 6396
485 396 592 452 235

488 524 682 568 tamur.
727 510 875 567 Sicut
929 507 1088 579 igitur
1127 507 1183 561 in
1230 504 1522 577 pictoribus
1586 502 1821 567 accidit,
1880 500 1958 555 sic
2006 509 2061 554 et

488 619 633 659 nunc
665 602 793 668 ﬁat;
821 601 1019 657 etenim
1059 598 1136 653 illi
1164 597 1368 654 tabulas
1395 602 1792 666 preponentes,
1821 602 1875 648 et
1916 591 2063 646 albas

487 693 946 748 circumducentes
996 689 1195 751 lineas,
1218 695 1273 743 et
1314 687 1488 755 regias
1513 685 1856 755 depingentes
1883 680 2066 751 imagi-

488 802 617 851 nes,
645 786 952 855 priusquam
1001 780 1243 835 colorum
1290 779 1567 832 veritatem
1618 773 2060 845 superinducant,

483 891 607 930 cum
634 874 779 930 omni
803 873 1045 927 libertate
1071 869 1187 924 lucc
1213 867 1423 938 quidem
1453 865 1668 932 delent,
1698 865 1784 919 illa
1813 877 1941 918 vero
1979 877 2064 916 re-

484 968 738 1037 pingunt,
765 972 820 1019 et
852 970 1028 1019 errata
1076 960 1405 1030 corrigentes
1426 966 1479 1013 et
1519 956 1658 1011 male
1705 970 1764 1011 se
1812 954 2062 1009 habentia

485 1064 894 1127 transponentes
925 1073 938 1109 :
970 1063 1248 1125 postquam
1277 1066 1404 1106 vero
1436 1050 1546 1120 jam
1583 1049 1815 1103 colorem
1842 1047 2063 1102 induxe-

482 1151 611 1215 rint,
638 1164 746 1204 non
780 1147 1007 1217 amplius
1033 1146 1330 1199 libertatem
1362 1142 1557 1197 habent
1602 1154 1812 1195 rursum
1851 1138 2062 1194 delendi

482 1249 537 1295 et
558 1237 900 1308 depingendi,
930 1236 1181 1305 quoniam
1224 1233 1469 1304 imaginis
1495 1230 1873 1302 pulchritudini
1902 1243 2062 1285 noce-

483 1341 628 1399 rent,
656 1340 711 1387 et
737 1332 852 1385 sine
881 1329 1037 1398 culpa
1068 1326 1184 1382 ﬁeri
1222 1342 1329 1381 non
1357 1334 1539 1396 posset
1568 1343 1582 1379 :
1614 1325 1716 1379 hoc
1753 1332 1812 1378 tu
1848 1337 2061 1393 quoque

481 1423 565 1477 fac
594 1439 607 1475 :
635 1431 759 1493 puta
804 1421 1034 1474 animam
1082 1433 1203 1474 esse
1244 1417 1339 1471 tibi
1392 1416 1699 1486 imaginem.
1745 1414 2060 1484 Priusquam

482 1516 641 1585 igitur
668 1514 1011 1584 superveniat
1035 1527 1159 1566 vera
1188 1509 1415 1582 Spiritus
1439 1512 1683 1573 tinctura,
1708 1509 1845 1564 male
1873 1508 2061 1564 insitas

482 1607 579 1661 tibi
611 1603 1024 1660 consuetudines
1072 1602 1190 1657 dele
1219 1620 1233 1654 :
1268 1601 1382 1656 sive
1407 1598 1588 1670 jurare
1609 1642 1625 1668 ,
1655 1601 1770 1656 sive
1816 1598 2054 1664 mentiri,

476 1691 593 1751 sive
617 1696 965 1751 contumelias
991 1693 1189 1749 inferre
1207 1733 1223 1758 ,
1248 1692 1359 1746 sive
1383 1693 1556 1761 turpia
1582 1690 1760 1761 loqui,
1790 1691 1902 1745 sive
1926 1688 2057 1743 ridi-

480 1788 603 1842 cula
633 1789 807 1843 facere
828 1788 1017 1842 solitus
1041 1801 1122 1854 es,
1156 1787 1267 1840 sive
1291 1784 1417 1855 quid
1445 1783 1587 1838 aliud
1616 1783 1917 1854 huiusmodi
1949 1797 2057 1837 non

482 1881 684 1936 licitum
714 1878 942 1935 faciendi
964 1876 1401 1933 consuetudinem
1425 1875 1587 1930 habes
1608 1917 1623 1943 ,
1666 1889 1795 1930 erue
1827 1888 2057 1929 consue-

478 1970 718 2025 tudinem
741 1972 781 2034 ¹,
807 1984 873 2024 ne
893 1977 1014 2040 post
1056 1968 1317 2037 baptisma
1343 1982 1553 2021 rursum
1581 1964 1648 2019 ad
1678 1966 1844 2035 ipsam
1876 1978 2059 2033 regre-

478 2061 663 2115 diaris.
714 2060 939 2115 Peccata
993 2059 1133 2113 delet
1172 2057 1444 2111 lavacrum
1475 2074 1489 2114 :
1520 2066 1576 2111 tu
1618 2054 2057 2110 consuetudinem

479 2153 686 2222 corrige
710 2192 725 2217 ,
752 2168 821 2207 ne
844 2153 955 2220 jam
990 2150 1218 2204 inductis
1246 2149 1513 2203 coloribus
1553 2157 1606 2202 et
1631 2148 1889 2203 illustrata
1926 2148 2059 2202 ima-

477 2248 599 2315 gine
627 2246 790 2315 regia,
818 2244 1044 2313 amplius
1076 2242 1279 2307 deleas,
1312 2250 1367 2297 et
1411 2241 1629 2295 vulnera
1680 2250 1733 2297 et
1783 2241 2058 2295 cicatrices

478 2335 678 2391 inferas
715 2351 744 2388 a
773 2335 884 2390 Deo
929 2334 1022 2389 tibi
1048 2334 1171 2387 dato
1209 2333 1408 2388 decori.
1435 2333 1655 2401 Corripe
1698 2331 1858 2402 igitur
1900 2331 2055 2397 iram,

475 2426 755 2495 exstingue
782 2425 1035 2490 furorem,
1064 2424 1177 2478 sive
1202 2424 1320 2493 quis
1350 2422 1545 2477 afﬁciat
1570 2422 1762 2491 injuria
1788 2421 1900 2477 sive
1925 2436 2056 2476 con-

478 2517 697 2572 tumelia
719 2559 734 2583 ,
767 2516 1015 2587 lacrymis
1059 2515 1209 2569 illum
1252 2528 1579 2585 prosequere
1610 2531 1626 2570 :
1658 2528 1725 2568 ne
1769 2512 2058 2583 indigneris

479 2618 567 2672 tu,
598 2606 845 2672 condole,
873 2621 941 2661 ne
968 2605 1303 2661 exacerberis
1331 2622 1344 2658 :
1378 2620 1446 2660 ne
1472 2603 1639 2671 dicas,
1674 2605 1727 2659 in
1755 2605 1928 2659 anima
1958 2619 2055 2673 pa-

479 2705 582 2758 tior
611 2702 877 2771 injuriam.
919 2700 1087 2756 Nemo
1120 2708 1205 2755 est
1238 2699 1290 2754 in
1324 2700 1500 2753 anima
1530 2698 1773 2768 injuriam
1817 2698 2053 2767 patiens,

480 2797 580 2850 nisi
628 2809 725 2848 nos
752 2794 896 2863 ipsos
934 2794 987 2847 in
1030 2792 1208 2846 anima
1245 2790 1439 2861 injuria
1476 2789 1804 2854 afﬁciamus;
1828 2796 1885 2844 et
1921 2803 2057 2859 quo-

480 2885 642 2942 modo
667 2885 721 2940 id
750 2886 823 2939 ita
861 2885 958 2947 sit,
977 2885 1089 2953 jam
1114 2881 1516 2943 dicant.Ablata
1546 2890 1629 2935 est
1667 2894 1755 2934 res
1799 2888 1922 2945 tua;
1950 2894 2057 2933 non

481 2993 669 3048 passus
703 2992 762 3033 es
790 2977 842 3031 in
872 2976 1065 3041 anima,
1097 2974 1191 3030 sed
1219 2974 1272 3028 in
1299 2973 1537 3044 pecuniis
1565 2991 1578 3026 :
1606 2973 1651 3028 si
1677 2981 1733 3027 tu
1766 2987 1894 3028 vero
1933 2972 2059 3027 mali

483 3070 798 3126 memoriam
841 3060 1043 3136 serves,
1068 3068 1119 3121 in
1164 3066 1343 3120 anima
1371 3074 1427 3120 tu
1459 3066 1686 3135 teipsum
1711 3063 1896 3119 lazsisti
1926 3081 1939 3117 :
1964 3077 2060 3133 pe-

482 3162 651 3216 cuniae
677 3160 818 3215 enim
861 3159 1050 3214 ablata:
1075 3158 1208 3213 nihil
1235 3158 1466 3212 animam
1494 3158 1767 3223 laeserunt,
1796 3172 1980 3212 verum
2006 3166 2063 3213 et

483 3253 835 3321 adjuverunt;
884 3259 939 3305 tu
965 3265 1093 3305 vero
1114 3265 1221 3304 non
1255 3249 1387 3303 iram
1416 3248 1710 3314 dimittens,
1740 3262 1928 3317 pinnas
1954 3247 2062 3302 illic

484 3344 638 3413 hujus
668 3352 895 3398 servatae
923 3340 1184 3395 malorum
1209 3339 1480 3395 memoria:
1502 3338 1672 3393 dabis.
1698 3338 1966 3395 Conviciis
2008 3347 2062 3395 te

483 3435 742 3503 quispiam
769 3440 825 3488 et
846 3432 1184 3487 contumeliis
1209 3431 1415 3486 affecit?
1441 3440 1491 3486 te
1518 3432 1591 3485 nil
1615 3432 1669 3485 in
1696 3432 1872 3486 anima
1901 3432 2059 3498 laesit,

482 3525 577 3580 sed
613 3539 710 3578 nec
738 3524 791 3577 in
820 3538 1064 3593 corpore.
1095 3523 1173 3577 Tu
1198 3523 1432 3578 vicissim
1466 3522 1818 3579 contumelias
1846 3530 1901 3579 et
1927 3539 2061 3579 eon-

484 3618 619 3672 vicia
648 3616 912 3671 intulisti?
938 3616 1166 3687 teipsum
1202 3614 1258 3671 in
1284 3616 1459 3670 anima
1505 3615 1710 3681 lzesisti,
1729 3632 1915 3671 eorum
1943 3630 2064 3686 qua

486 3708 684 3771 dixisti,
705 3708 811 3760 illic
830 3721 1015 3775 poenas
1042 3706 1331 3760 subiturus.
1357 3706 1427 3760 Et
1450 3706 1551 3761 hoc
1571 3707 1809 3761 omnium
1831 3706 2082 3761 maxime

487 3812 580 3850 vos
622 3806 827 3851 certum
871 3797 1013 3851 scire
1057 3798 1177 3850 volo
1202 3838 1215 3862 ,
1246 3796 1606 3851 Christianum
1650 3805 1705 3852 et
1749 3796 1961 3853 ﬁdelem
2007 3797 2062 3852 in

484 3888 659 3942 anima
698 3903 857 3958 posse
895 3887 1090 3943 laedere
1132 3888 1528 3959 neminem,nec
1556 3890 1728 3959 ipsum
1771 3890 2060 3945 diabolum.

484 3978 593 4034 Nec
615 3979 715 4034 hoc
745 3986 947 4033 tantum
972 3987 1055 4032 est
1069 3978 1404 4046 admirabile,
1430 3980 1573 4049 quod
1604 3996 1701 4035 nos
1730 3981 1871 4036 Deus
1893 3981 2062 4035 omni-

481 4072 586 4127 bus
612 4070 816 4125 insidiis
840 4070 1278 4141 inexpugnabiles
1308 4070 1513 4138 fecerit,
1532 4089 1718 4128 verum
1747 4082 1802 4129 et
1828 4074 1969 4146 quod
1996 4075 2065 4130 ad

485 4179 700 4218 omnem
726 4162 937 4217 virtutis
967 4162 1329 4232 operationem
1356 4179 1454 4219 nos
1482 4173 1636 4234 aptos
1671 4168 1937 4235 paraverit
1966 4185 1980 4221 :
2011 4174 2065 4221 et

486 4255 920 4325 impedimentum
944 4257 1146 4311 nullum
1166 4266 1267 4325 est,
1286 4259 1331 4312 si
1361 4258 1603 4327 velimus,
1628 4260 1754 4315 licet
1779 4276 2062 4332 pauperes,

478 4349 598 4402 sive
625 4362 851 4418 corpore
880 4348 1173 4405 imbecilles
1191 4390 1206 4414 ,
1239 4350 1348 4406 sive
1368 4350 1561 4421 ahjecti
1580 4393 1595 4419 ,
1628 4354 1739 4409 sive
1768 4354 2026 4425 ignobiles
2046 4397 2062 4423 ,

486 4440 599 4495 sive
622 4440 782 4495 servi.
812 4438 922 4494 Nec
946 4440 1089 4494 enim
1116 4452 1421 4512 paupertas,
1445 4458 1546 4498 nec
1574 4444 1938 4514 imbecillitas,
1965 4461 2065 4503 nec

486 4532 730 4600 corporis
791 4530 1074 4599 mutilatio,
1103 4546 1209 4587 non
1252 4535 1503 4601 servitus,
1535 4549 1641 4590 non
1686 4536 1830 4591 aliud
1878 4537 2065 4592 talium

488 4622 756 4690 quidpiam
784 4619 852 4675 ad
890 4621 1142 4677 virtutem
1169 4622 1603 4692 impedimentum
1633 4641 1754 4682 esse
1777 4636 1956 4697 queat.
2002 4629 2068 4682 Et

486 4711 611 4779 quid
640 4711 759 4766 dico
779 4725 1071 4781 pauperem
1101 4721 1155 4768 et
1173 4714 1385 4769 servum
1419 4724 1474 4771 et
1492 4717 1815 4786 ignobilem?
1839 4718 1997 4773 etiam
2021 4720 2067 4773 si

484 4802 727 4871 captivus
758 4802 851 4868 sis,
882 4817 980 4859 nec
1002 4802 1103 4859 hoc
1133 4805 1226 4860 tibi
1252 4806 1317 4860 ad
1341 4807 1589 4862 virtutem
1621 4808 2060 4878 impedimentum

480 4894 580 4957 ﬁt;
609 4900 663 4948 et
685 4908 792 4963 quo
817 4894 870 4949 id
889 4895 1049 4951 modo
1078 4897 1165 4962 sit,
1194 4898 1387 4953 dicam.
1405 4900 1628 4967 Quidam
1653 4900 2065 4956 domesticorum

489 4995 541 5043 te
577 4986 914 5040 contristavit
941 4996 997 5042 et
1033 4988 1299 5043 irritavit?
1326 4991 1426 5059 ipsi
1471 4991 1604 5045 iram
1638 4993 1865 5048 remitte.
1898 4992 2064 5047 Num-

483 5075 612 5144 quid
636 5076 737 5131 .tibi
770 5076 838 5131 ad
867 5077 973 5134 hoc
1013 5077 1221 5135 vincula
1261 5089 1315 5136 et
1344 5092 1626 5152 paupertas
1663 5091 1718 5138 et
1767 5083 2067 5154 ignobilitas

488 5167 937 5237 impedimentum
957 5168 1096 5226 facta
1125 5173 1291 5226 sunt?
1320 5172 1391 5227 Et.
1408 5174 1533 5243 quid
1561 5174 1681 5230 dico
1708 5176 2063 5245 impedimen-

485 5278 596 5320 tum
620 5262 643 5316 τ
671 5270 727 5316 et
756 5265 933 5332 potius
957 5263 1175 5333 quidem
1200 5265 1451 5335 adjuvant
1480 5283 1494 5322 :
1522 5283 1752 5337 namque
1786 5278 1840 5324 et
1865 5284 2062 5338 coope-

486 5364 672 5409 rantur
698 5355 767 5408 ad
823 5356 1127 5425 superbiam
1167 5358 1642 5427 comprimendam.
1672 5361 1863 5418 Vidisti
1902 5363 2065 5417 alium

485 5446 712 5501 feliciter
748 5447 1037 5516 agentem?
1064 5464 1131 5503 ne
1159 5450 1434 5517 invideas;
1458 5467 1580 5506 nam
1607 5468 1706 5508 nec
1730 5453 1816 5509 hic
1847 5468 2072 5524 pauper-

488 5546 569 5592 tas
594 5538 1030 5607 impedimentum
1058 5549 1157 5595 est.
1183 5541 1412 5599 Rursum
1455 5559 1574 5599 cum
1610 5560 1766 5601 orare
1794 5548 2068 5614 convenit,

490 5629 664 5684 sobria
689 5637 743 5682 et
769 5630 913 5697 vigili
940 5640 1120 5688 mente
1146 5632 1247 5689 hoc
1280 5644 1472 5703 prastat
1497 5675 1512 5701 ,
1545 5644 1599 5692 et
1628 5651 1727 5693 nec
1766 5636 1853 5693 hic
1900 5638 2065 5694 ullum

551 5799 569 5832 ³
606 5801 689 5849 Alii
708 5814 816 5851 cum
847 5804 1005 5863 Savil.,
1029 5807 1137 5857 dele
1156 5810 1557 5863 consuetudinem.

1222 393 1279 449 s.
1317 389 1598 448 JOANNIS
1633 365 2105 446 CttRYSOSTOMI
2144 386 2457 447 ARCHIEP.
2502 391 3037 457 CONS'I'ANTINOP.

2172 502 2276 557 erit
2341 504 2697 565 obstaculum.
2788 512 3211 585 Benignitatem,
3281 524 3742 584 mansuetudinem

2168 608 2381 650 omnem
2428 598 2621 655 exhibe
2639 642 2655 666 ,
2685 603 3034 671 modestiam,
3064 608 3396 668 honestatem
3425 631 3441 669 :
3473 632 3572 673 nec
3595 620 3742 675 enim

2166 684 2267 739 ista
2296 688 2619 744 exteriorum
2648 693 2884 765 indigmt
2907 698 3244 756 auxiliorum.
3285 704 3352 759 Et
3381 706 3483 762 hoc
3517 719 3601 764 est
3643 710 3743 765 im-

2168 777 2356 846 primis
2384 782 2675 839 maximum
2704 787 2719 817 ⁸
2741 827 2756 851 ,
2786 788 2933 856 quod
2959 805 3065 843 non
3094 791 3309 860 divitiis,
3337 811 3442 850 non
3472 800 3741 867 potentia,

2168 884 2274 924 non
2299 871 2486 941 gloria,
2512 890 2617 929 non
2654 877 2755 931 alia
2806 881 3052 949 quapiam
3081 883 3261 939 talium
3290 900 3465 942 rerum
3487 903 3621 959 opus
3647 891 3745 946 ha-

2166 959 2311 1027 beat,
2333 964 2429 1019 sed
2454 966 2631 1020 anima
2677 977 2879 1023 tantum
2923 973 3283 1041 sanctiﬁcata,
3312 985 3367 1031 et
3400 978 3475 1033 nil
3512 980 3743 1048 amplius

2167 1051 2418 1122 inquirat.
2450 1056 2677 1127 Respice
2703 1074 2831 1115 vero
2873 1070 2926 1116 et
2968 1062 3021 1116 in
3054 1066 3220 1133 gratia
3250 1066 3353 1121 hoc
3376 1067 3547 1136 ipsum
3577 1071 3691 1125 ﬁeri
3721 1089 3739 1127 :

2166 1144 2278 1199 sive
2304 1146 2422 1215 quis
2450 1148 2591 1202 enim
2613 1149 2896 1219 claudicet,
2925 1162 2980 1207 et
3004 1155 3202 1211 evulsis
3226 1157 3297 1210 sit
3319 1160 3486 1213 oculis
3506 1201 3521 1226 ,
3548 1171 3602 1215 et
3621 1176 3743 1216 eor-

2164 1248 2297 1305 pore
2351 1238 2589 1306 mutilus,
2630 1241 2742 1296 sive
2780 1241 2835 1296 in
2882 1253 3174 1300 extremam
3222 1246 3467 1319 delapsus
3513 1250 3741 1306 inﬁrmi-

2166 1334 2352 1392 tatem,
2385 1328 2453 1385 ab
2481 1330 2670 1385 horum
2698 1334 2844 1389 nullo
2863 1338 3031 1405 gratia
3053 1339 3236 1394 venire
3261 1342 3589 1409 prohibetur.
3610 1346 3742 1400 Ani-

2163 1430 2307 1471 mam
2334 1420 2476 1475 enim
2503 1424 2734 1493 exquirit
2771 1425 2940 1481 solam
2989 1442 3049 1483 se
3089 1442 3212 1483 cum
3246 1432 3523 1489 alacritate
3562 1436 3739 1492 susci-

2164 1509 2400 1577 pientem
2427 1552 2444 1577 ,
2491 1522 2546 1569 et
2603 1515 2718 1571 haec
2790 1519 2970 1573 omnia
3031 1522 3296 1577 exteriora
3357 1528 3737 1595 pmtemunit.

2164 1600 2519 1658 Externorum
2548 1606 2761 1675 quidem
2793 1608 3018 1664 militum
3044 1620 3097 1667 et
3125 1615 3371 1683 corporis
3394 1624 3648 1672 staturam
3681 1626 3741 1674 et

2161 1690 2357 1747 bonam
2383 1697 2562 1750 carnis
2602 1696 2968 1755 habitudinem
2999 1704 3283 1772 exquirunt
3309 1708 3399 1776 qui
3430 1708 3573 1777 ipsos
3597 1710 3739 1765 mili-

2162 1782 2251 1836 tiae
2294 1784 2640 1854 adscribunt;
2673 1804 2781 1844 non
2846 1790 2961 1847 haec
3005 1802 3183 1849 autem
3225 1797 3339 1851 sola
3388 1799 3739 1858 militaturum

2161 1883 2376 1944 Oportet
2403 1877 2622 1945 habere,
2656 1895 2845 1936 verum
2885 1892 2942 1938 et
2979 1884 3278 1941 libertatem
3300 1904 3315 1954 ;
3340 1889 3386 1943 si
3430 1891 3550 1959 quis
3588 1893 3734 1947 enim

2163 1966 2235 2020 sit
2281 1981 2469 2023 servus
2498 2010 2514 2038 ,
2562 1971 2802 2041 rejicitur
2842 1974 3137 2030 :caalorum
3188 1987 3365 2034 autem
3411 1980 3526 2037 Rex
3552 1984 3574 2014 ²
3603 1984 3736 2039 nihil

2163 2061 2266 2116 tale
2286 2062 2531 2132 requirit,
2558 2064 2653 2119 sed
2679 2074 2735 2120 et
2759 2081 2944 2122 servos
2971 2068 3023 2122 in
3057 2073 3351 2126 exercitum
3380 2089 3535 2128 suum
3561 2076 3735 2130 susci-

2162 2156 2263 2224 pit,
2296 2164 2353 2210 et
2381 2170 2559 2223 senes,
2586 2166 2641 2211 et
2686 2157 2947 2214 invalidos
2990 2163 3247 2218 membris
3266 2205 3284 2231 ,
3312 2180 3485 2234 neque
3504 2180 3625 2221 eum
3655 2176 3736 2220 ta-

2164 2250 2291 2305 lium
2326 2252 2487 2321 pudet
2519 2269 2532 2305 :
2562 2268 2669 2323 quo
2698 2254 2823 2324 quid
2857 2256 3139 2313 humanius
3168 2268 3262 2312 aut
3286 2258 3566 2331 benignius
3588 2262 3735 2332 cogi-

2163 2343 2261 2396 tari
2291 2344 2503 2412 potest?
2527 2344 2623 2400 Hic
2647 2348 2790 2402 enim
2816 2361 2880 2403 ea
2908 2349 3260 2417 solummodo,
3291 2366 3412 2422 quae
3454 2352 3511 2407 in
3556 2362 3737 2409 nostra

2161 2442 2428 2503 potestate
2474 2436 2576 2491 sita
2622 2445 2765 2504 sunt,
2794 2439 3024 2508 quaerit;
3054 2440 3128 2495 illi
3165 2456 3295 2496 vero
3339 2457 3459 2513 qua:
3495 2443 3595 2498 sita
3629 2458 3737 2498 non

2161 2535 2308 2581 sunt.
2337 2526 2578 2584 Servitus
2617 2529 2760 2583 enim
2795 2530 2881 2585 vel
2917 2531 3139 2586 libertas
3166 2532 3220 2587 in
3251 2541 3516 2602 potestate
3554 2543 3736 2588 nostra

2162 2618 2263 2671 sita
2288 2633 2395 2673 non
2425 2628 2587 2687 sunt,
2618 2622 3063 2689 quemadmodum
3095 2639 3269 2694 neque
3308 2624 3605 2693 proceritas
3624 2633 3736 2679 sta-

2164 2720 2297 2763 turae
2348 2719 2441 2764 aut
2475 2710 2748 2778 brevitas,
2782 2728 2956 2783 neque
3003 2714 3233 2782 senium,
3284 2724 3340 2769 et
3390 2730 3740 2786 quaecumque

2165 2803 2286 2857 talia
2311 2820 2326 2868 ;
2358 2813 2690 2859 mansuetum
2722 2813 2900 2860 autem
2928 2817 2982 2862 et
3014 2807 3197 2863 mitem
3226 2822 3366 2873 esse,
3398 2818 3453 2863 et
3481 2807 3564 2864 his
3592 2809 3740 2863 simi-

2163 2892 2273 2959 lia,
2303 2895 2592 2951 voluntatis
2635 2906 2834 2952 nostrte
2886 2908 3030 2952 sunt.
3066 2899 3134 2954 Et
3186 2900 3300 2955 haec
3341 2900 3454 2954 sola
3506 2917 3538 2955 a
3587 2901 3740 2955 nobis

2164 2984 2306 3041 Deus
2348 2987 2546 3057 exigit,
2577 3002 2805 3057 quorum
2852 3002 2951 3043 nos
2993 2989 3199 3045 domini
3244 3004 3462 3056 sumus,
3494 3000 3551 3045 et
3587 2991 3740 3045 valde

2163 3086 2525 3145 congruenter
2554 3096 2567 3132 :
2598 3092 2705 3132 non
2735 3080 2877 3133 enim
2900 3090 3118 3149 propter
3135 3080 3403 3152 propriam
3430 3081 3736 3147 utilitatem,

2166 3172 2259 3226 sed
2288 3181 2506 3240 propter
2532 3170 2939 3225 beneﬁcentiam
2968 3186 3067 3226 nos
3094 3172 3162 3227 ad
3206 3186 3356 3226 suam
3382 3173 3611 3242 gratiam
3643 3188 3739 3227 vo-

2165 3272 2267 3325 cat,
2298 3277 2455 3331 reges
2483 3276 2612 3317 vero
2637 3262 2706 3317 ad
2733 3263 3086 3318 ministerium
3109 3278 3263 3317 suum
3297 3281 3312 3316 :
3342 3273 3398 3317 et
3427 3263 3503 3317 illi
3530 3263 3740 3332 quidem

2166 3351 2233 3406 ad
2280 3352 2476 3406 bellum
2506 3352 2722 3407 trahunt
2761 3353 3016 3408 sensibile
3039 3394 3056 3420 ,
3096 3353 3183 3407 hic
3220 3361 3394 3407 autem
3410 3352 3476 3408 ad
3514 3367 3741 3423 pugnam

2166 3443 2516 3513 spiritualem.
2542 3443 2654 3500 Nec
2680 3445 2732 3498 in
2759 3444 2913 3499 bellis
2941 3452 3142 3498 tantum
3168 3445 3403 3499 externis
3429 3483 3445 3509 ,
3472 3458 3657 3497 verum
3684 3452 3742 3498 et

2168 3534 2221 3589 in
2241 3534 2621 3589 certaminibus
2641 3534 2883 3589 eamdem
2905 3536 3024 3606 quis
3051 3536 3312 3590 rationem
3345 3534 3527 3591 videre
3555 3535 3741 3604 possit.

2167 3626 2224 3682 ln
2252 3627 2381 3683 illud
2410 3629 2552 3683 enim
2576 3628 2842 3683 theatrum
2879 3629 2968 3699 qui
3001 3628 3248 3684 trahendi
3269 3638 3412 3695 sunt,
3445 3642 3553 3682 non
3595 3628 3745 3698 prius

2168 3719 2496 3774 descendunt
2541 3721 2593 3774 in
2637 3721 2925 3774 certamina
2953 3760 2969 3785 ,
3018 3720 3192 3774 donec
3249 3720 3394 3789 ipsos
3463 3733 3748 3774 assumens

2170 3826 2346 3882 praeco
2375 3811 2474 3866 sub
2499 3811 2738 3865 omnium
2777 3812 2945 3866 oculis
2980 3810 3346 3866 circumducat
3374 3810 3641 3874 clamans,
3666 3819 3748 3864 at-

2169 3918 2272 3973 que
2298 3903 2483 3958 dicens
2511 3921 2525 3956 :
2556 3903 2695 3958 Num
2732 3904 2850 3973 quis
2888 3903 3030 3958 hunc
3056 3904 3315 3958 accusat?
3341 3903 3443 3958 etsi
3488 3903 3597 3957 illic
3638 3918 3746 3958 non

2169 3996 2383 4063 animae,
2412 3995 2507 4049 sed
2533 3997 2774 4064 corporis
2804 4011 2992 4065 pugna:
3021 3996 3128 4050 sint
3146 4013 3159 4050 :
3180 4010 3345 4066 quare
3372 3995 3532 4065 igitur
3558 3995 3748 4050 nobili-

2170 4090 2292 4144 tatis
2313 4090 2547 4144 rationes
2576 4089 2842 4159 requiris?
2867 4089 2964 4143 llic
2986 4102 3117 4144 vero
3141 4088 3271 4142 nihil
3297 4088 3422 4151 tale,
3450 4088 3545 4142 sed
3577 4097 3745 4142 totum

2170 4183 2493 4237 contrarium
2547 4198 2561 4234 :
2603 4197 2727 4236 cum
2785 4196 2891 4236 non
2947 4182 3002 4235 in
3071 4195 3321 4235 manuum
3375 4180 3748 4235 collationibus

2172 4275 2278 4328 sint
2328 4273 2482 4327 nobis
2524 4272 2837 4336 certamina,
2868 4271 2965 4327 sed
3011 4272 3064 4327 in
3113 4272 3275 4325 animi
3311 4270 3650 4341 philomphia
3692 4279 3748 4325 et

2171 4364 2365 4420 mentis
2393 4365 2610 4430 virtute,
2638 4364 2964 4419 contrarium
2989 4361 3308 4432 agonotheta
3347 4371 3533 4417 noster
3576 4362 3701 4415 facit
3728 4377 3743 4414 :

2171 4473 2277 4512 non
2308 4457 2479 4528 ipsum
2511 4469 2790 4511 assumens
2816 4454 3186 4520 circumducit,
3216 4461 3271 4509 et
3292 4453 3446 4510 dicit:
3468 4452 3604 4506 Num
3631 4452 3748 4523 quis

2173 4548 2314 4603 hunc
2363 4547 2620 4603 accusat?
2658 4546 2752 4601 sed
2781 4546 3017 4601 clamat:
3052 4544 3203 4599 Licet
3246 4558 3434 4599 omnes
3479 4542 3746 4609 homines,

2174 4640 2296 4695 licet
2320 4640 2590 4695 daemones
2614 4655 2733 4694 cum
2762 4639 2976 4695 diabolo
2995 4639 3269 4693 constituti
3295 4640 3466 4708 ipsum
3496 4645 3749 4694 accusent

2171 4732 2240 4787 de
2265 4731 2583 4803 turpissimis
2608 4741 2663 4787 et
2690 4731 2913 4786 occultis
2946 4730 3277 4795 criminibus,
3305 4745 3410 4784 non
3440 4729 3628 4798 rejicio
3651 4744 3749 4784 nec

2172 4824 2471 4890 abominor,
2496 4822 2591 4879 sed
2616 4822 2683 4877 ab
2709 4823 3111 4878 accusatoribus
3140 4823 3312 4891 ipsum
3338 4821 3572 4877 liberans
3593 4830 3651 4876 et
3683 4820 3750 4874 ab

2174 4914 2451 4985 iniquitate
2494 4914 2813 4982 absolvens,
2863 4914 2942 4970 sic
2985 4913 3053 4968 ad
3099 4913 3390 4969 certamina
3435 4911 3623 4967 duco:
3654 4925 3750 4965 nec

2176 5007 2459 5061 immerito.
2492 5006 2604 5062 Illic
2632 5006 2775 5061 enim
2801 5007 3123 5076 agonotheta
3156 5004 3229 5059 nil
3257 5004 3588 5059 certantibus
3618 5018 3746 5057 eou-

2177 5100 2275 5152 l'ert
2294 5098 2361 5152 ad
2384 5099 2657 5153 victoriam
2677 5139 2692 5164 ,
2716 5097 2811 5153 sed
2832 5098 3039 5153 medius
3071 5097 3388 5153 constitutus
3408 5106 3519 5160 est;
3547 5096 3636 5151 hic
3659 5110 3749 5148 au-

2177 5200 2281 5247 tem
2329 5192 2649 5261 agonotheta
2684 5190 2895 5260 pietatis
2934 5192 3413 5262 prOpngnatoribus
3456 5190 3749 5245 commilito

2176 5284 2235 5336 (it
2263 5292 2316 5339 et
2343 5284 2646 5349 auxiliator,
2674 5298 2797 5339 cum
2839 5283 2967 5354 ipsis
2997 5294 3180 5338 contra
3208 5282 3480 5338 diabolum
3524 5295 3748 5353 pugnam

2175 5380 2533 5434 committens.

2248 5474 2300 5527 4.
2327 5471 2435 5527 Nec
2461 5472 2562 5527 hoc
2585 5480 2787 5527 tantum
2814 5481 2895 5528 est
2916 5472 3245 5540 admirabile,
3277 5473 3416 5544 quod
3446 5472 3600 5528 nobis
3626 5485 3749 5543 pec-

2241 5697 2255 5719 '
2301 5694 2398 5751 Ain,
2423 5694 2510 5763 hoc
2531 5702 2599 5763 est
2634 5693 2867 5763 imprimis
2884 5693 3076 5763 virtutis
3106 5693 3372 5745 maximum
3386 5704 3404 5754 ;
3432 5692 3534 5754 alii,
3558 5691 3660 5743 hoc
3680 5692 3748 5740 at

2178 5768 2413 5823 unanth
2437 5757 2622 5806 virtutis
2645 5757 2939 5817 magnitudo.

2246 5821 2265 5850 ³
2288 5815 2407 5871 Atii.
2430 5815 2751 5869 "uniersorum
2770 5826 2925 5868 autem
2951 5824 3066 5867 Rex.
