4046 6396
259 342 367 397 233

254 464 521 536 Καθάπερ
551 456 645 518 οὖν
673 463 893 518 ἐπὶτῶν
935 460 1238 535 ζωγράφων
1268 466 1498 534 γίνεται,
1525 465 1667 518 οὕτω
1697 464 1792 517 καὶ
1823 462 1918 515 νῦν

252 556 520 624 γινέσθω·
558 555 654 610 καὶ
699 555 806 627 γάρ
835 556 1034 608 ἐκεῖνοι
1064 555 1164 617 τὰς
1208 556 1425 621 σανίδας
1465 554 1780 626 προθέντες,
1827 554 1923 607 καί.

252 650 453 715 λευκὰς
480 651 839 721 περιάγοντες
870 650 1161 721 γραμμὰς,
1205 652 1301 704 καί
1332 650 1430 714 τάς
1469 648 1755 719 βασιλικὰς
1798 648 1925 702 67:0-

253 745 560 817 γράφοντες
597 742 832 807 εἰκόνας,
870 743 999 815 πρὶν
1038 742 1071 812 ἢ
1114 743 1223 796 τῶν
1272 742 1579 814 χρωμάτων
1622 742 1922 810 ἐπαγαγεῖν

253 840 355 911 τὴν
401 839 686 910 ἀλήθειαν,
734 837 851 908 μετ’
881 835 1129 901 ἐξουσίας
1181 836 1402 906 ἁπάσης
1434 834 1503 889 τὰ
1558 834 1656 905 μὲν
1712 834 1923 900 ἐξαλεί-

255 954 439 1006 φουσι,
463 935 533 989 τά
569 932 624 986 δέ
660 929 1119 1000 ἀντεγγράφουσι,
1151 930 1246 981 καί
1276 928 1615 998 διορθοῦντες
1642 927 1710 981 τά
1743 930 1923 1000 ἡμαρ-

254 1031 469 1103 τημένα
516 1028 610 1081 καὶ
666 1023 1045 1096 μετατιθέντες
1091 1021 1161 1074 τὰ
1194 1021 1383 1085 κακῶς
1428 1022 1651 1091 ἔχοντα’
1701 1021 1922 1075 ἐπειδὰν

253 1126 312 1179 δὲ
350 1125 449 1195 τὴν
494 1121 669 1192 βαφὴν
716 1118 902 1171 λοιπὸν
953 1117 1329 1185 ἐπαγάγωσιν,
1377 1116 1558 1168 οὐκέτι
1592 1116 1697 1169 εἰσί
1742 1115 1921 1188 κύριοι

256 1218 420 1273 πάλιν
465 1212 739 1280 ἐξαλεῖψαι
769 1211 864 1263 καὶ
896 1206 1287 1278 ἀντεγγράψαι,
1321 1208 1444 1260 ἐπεὶ
1482 1206 1560 1277 τῷ
1594 1207 1778 1261 κάλλει
1824 1208 1923 1279 τῆς

254 1312 462 1373 εἰκόνος
492 1306 858 1376 λυμαίνονται,
892 1302 988 1355 καὶ
1020 1300 1271 1370 ἔγκλημα
1312 1298 1375 1352 τὸ
1412 1301 1645 1370 πρᾶγμα
1680 1299 1920 1367 γίνεται·

252 1407 414 1463 τοῦτο
440 1405 505 1475 δὴ
532 1402 626 1457 καί
665 1401 727 1453 σὺ
760 1398 1017 1467 ποίησον’
1046 1394 1269 1463 νόμισον
1293 1393 1478 1446 εἰκόνα
1507 1410 1588 1446 σοι
1612 1394 1710 1464 τὴν
1748 1393 1923 1463 ψυχὴν

254 1498 415 1556 εἶναι.
459 1495 595 1567 Πρίν
645 1492 678 1563 ἢ
726 1490 906 1544 τοίνυν
954 1486 1203 1540 ἐπελθεῖν
1251 1485 1350 1555 τὴν
1395 1483 1570 1556 ἀληθῆ
1616 1485 1710 1538 τοῦ
1755 1486 1923 1538 Πνεύ-

257 1608 429 1666 ματος
459 1586 655 1659 βαφὴν,
687 1581 965 1649 ἐξάλειψον
992 1578 1092 1641 τὰς
1131 1575 1318 1639 κακῶς
1347 1575 1655 1639 ἐντεθεῖσας
1684 1595 1765 1630 σοι
1800 1595 1924 1629 συν-

250 1685 475 1758 ηθείαςο
529 1680 637 1732 εἰτε
690 1673 939 1746 ὀμνύναι,
980 1670 1092 1724 εἴτε
1142 1668 1455 1738 ψεύδεσθαι,
1506 1669 1616 1723 εἴτε
1656 1670 1918 1741 ὑϐρίζειν,

250 1782 366 1833 εἴτε
399 1770 794 1843 αἰσχρολογεῖν,
821 1767 930 1819 εἴτε
977 1763 1378 1832 γελωτοποιεῖν,
1427 1762 1536 1815 εἴτε
1565 1762 1693 1816 ἄλλο
1728 1780 1782 1815 τι
1815 1765 1922 1817 τῶν

248 1869 512 1926 τοιούτων
543 1864 653 1918 τῶν
688 1861 761 1933 μὴ
789 1855 1193 1928 νενομισμένων
1228 1852 1516 1923 συνήθειαν
1548 1853 1693 1923 ἔχεις
1723 1859 1918 1918 ποιεῖν,

247 1964 403 2033 ἔξελε
431 1960 530 2031 τὴν
562 1954 850 2026 συνήθειαν
876 1963 926 2014 ει,
954 1949 1039 2001 ἵνα
1074 1948 1147 2017 μὴ
1183 1946 1347 1999 πάλιν
1375 1945 1509 2017 πρὸς
1544 1946 1714 2016 αὐτὴν
1754 1940 1921 2001 ἐπάν-

247 2056 415 2130 ἕλθῃς
451 2050 589 2123 μετὰ
618 2046 680 2101 τὸ
713 2044 1014 2116 βάπτισμα.
1052 2038 1132 2090 Τὰ
1156 2037 1550 2130 Ϋὰμαρτήμαπα
1584 2036 1835 2107 ἀφανίζει
1861 2040 1922 2093 τὸ

249 2128 499 2219 λουτρὸν,
548 2142 647 2212 τὴν
694 2135 984 2204 συνήθειαν
1027 2129 1319 2199 διόρθωσον
1367 2128 1454 2190 σύ,
1500 2128 1587 2182 ἵνα
1618 2130 1726 2182 τῶν
1775 2148 1918 2202 χρω-

254 2244 440 2315 μάτων
492 2230 889 2302 ἐπενεχθέντων
921 2223 1034 2315 καίμ
1062 2221 1357 2315 λαμψάσης
1395 2221 1496 2315 τῆς
1529 2220 1810 2315 βαῗιλικῆς
1849 2226 1923 2276 εί,

248 2309 444 2394 κόνος,
501 2323 696 2397 μηκέτι
742 2315 927 2371 λοιπὸν
977 2310 1296 2381 ἐξαλείφῃς,
1340 2311 1436 2363 καὶ
1486 2309 1779 2381 τραύματα
1829 2314 1922 2365 καὶ

247 2421 415 2485 οὐλὰς
467 2416 701 2487 ἐμποιῇς
746 2408 824 2480 τῷ
858 2404 1011 2477 παρὰ
1041 2403 1136 2457 τοῦ
1180 2400 1315 2454 Θεοῦ
1360 2400 1564 2454 δοθέντι
1598 2419 1678 2455 σοι
1714 2402 1917 2455 κάλλει.

248 2508 621 2569 Κατάστειλον
646 2503 826 2557 τοίνυν
865 2496 1055 2570 ὀργὴν,
1098 2494 1288 2547 σϐέσον
1322 2492 1493 2563 θυμόν
1516 2509 1528 2521 ·
1561 2493 1663 2546 κᾶν
1691 2494 1922 2569 ἀδικήσῃ

247 2623 356 2667 τις,
401 2602 507 2656 κᾶν
540 2596 759 2667 ὑϐρίσῃ,
789 2593 1059 2661 δάκρυσον
1111 2588 1353 2639 ἐκεῖνον’
1406 2584 1479 2656 μὴ
1533 2586 1923 2659 ἀγανακτήσῃς

248 2700 344 2761 σὺ,
383 2694 739 2760 συνάλγησον,
777 2684 851 2756 μὴ
886 2680 1251 2753 παροξυνθῇς,
1301 2678 1433 2749 μηδὲ
1465 2677 1659 2747 εἴπῃς,
1704 2678 1787 2731 ὅτι
1829 2680 1923 2741 Εἰς

246 2788 352 2861 τὴν
382 2784 561 2857 ψυχὴν
607 2779 874 2850 ἠδίκημαι
896 2792 911 2806 ’
944 2772 1045 2827 οὐκ
1075 2770 1222 2827 ἐστιν
1256 2768 1549 2861 οὐδείςείς
1584 2768 1762 2861 ψυχὴν
1808 2770 1925 2823 ἀδι-

248 2880 539 2953 κούμενος,
563 2875 658 2930 ἐὰν
691 2872 765 2944 μὴ
787 2870 949 2943 ἡμεῖς
977 2864 1204 2925 ἐαυτούς
1226 2864 1305 2925 εἰς
1330 2860 1505 2953 ψυχὴν
1542 2860 1918 2933 ἀδικήσωμεν·

250 2952 515 3034 καὶπῶς,
545 2966 656 3037 ἐγὼ
678 2965 821 3032 λέγω
840 2978 854 2993 ’
894 2956 1171 3029 Ἀφείλετό
1203 2954 1294 3008 σού
1325 2971 1409 3017 τις
1443 2952 1541 3023 τὴν
1568 2953 1784 3019 οὐσίαν;
1823 2956 1923 3009 οὐκ

256 3064 525 3135 ἠδίκησεν
557 3060 638 3122 εἰς
679 3056 876 3127 ψυχὴν,
907 3049 1022 3105 ἀλλ’
1054 3049 1135 3112 εἰς
1162 3047 1417 3118 χρήματα
1436 3063 1451 3077 ’
1484 3044 1550 3098 ἂν
1577 3044 1634 3099 δὲ
1663 3047 1728 3100 σὺ
1780 3065 1921 3119 μνη-

250 3158 580 3228 σικακήσης,
624 3154 705 3214 εἰς
735 3145 913 3219 ψυχὴν
958 3141 1152 3195 σαυτὸν
1202 3138 1488 3209 ἠδίκησας.
1664 3138 1767 3209 μὲν
1814 3142 1923 3213 γὰρ

248 3226 514 3321 χρήματα
539 3237 906 3311 ἀφαιρεθέντα
931 3232 1083 3287 οὐδὲν
1112 3229 1442 3300 ἐζημίωσεν,
1486 3226 1625 3281 ἀλλά
1652 3229 1746 3283 καί
1780 3231 1925 3301 ὠφέ-

246 3346 408 3415 λησε,
442 3341 507 3393 σὺ
536 3337 594 3390 δὲ
620 3336 719 3406 τὴν
744 3331 914 3402 ὀργὴν
944 3328 1044 3380 οὐκ
1072 3325 1255 3393 ἀφεὶς,
1295 3321 1525 3385 εὐθύνας
1574 3322 1691 3375 ἐκεῖ
1733 3324 1923 3389 δώσεις

244 3439 353 3508 τῆς
369 3428 739 3507 μνησικακίας
765 3423 987 3493 ταύτης.
1023 3416 1431 3486 Ἐλοιδορήσατό
1453 3434 1536 3508 τις
1558 3417 1651 3470 καὶ
1667 3417 1887 3490 ὕϐρισεν
1908 3439 1922 3487 ;

246 3507 410 3584 οὐδὲν
439 3526 518 3587 εἰς
538 3519 717 3592 ψυχὴν
747 3514 1023 3585 ἠδίκησεν,
1055 3509 1169 3564 ἀλλ’
1204 3508 1325 3562 οὐδὲ
1356 3510 1435 3571 εἰς
1466 3507 1646 3578 σῶμα.
1664 3510 1926 3565 Ἀντελοι-

246 3619 488 3689 δόρησας
512 3613 576 3665 σύ
597 3608 696 3663 καὶ
717 3604 977 3689 ὕϐρισας
1014 3600 1077 3654 σύ
1107 3598 1302 3689 σαυτὸν
1328 3600 1409 3662 εἰς
1432 3598 1610 3689 ψυχὴν
1637 3600 1922 3672 ἠδίκησας,

245 3687 680 3778 τῶνίρημάτων,
707 3690 783 3751 ὧν
816 3687 996 3756 εἶπας,
1030 3691 1147 3743 ἐκεῖ
1175 3688 1384 3759 μέλλων
1421 3688 1651 3751 εὐθύνας
1682 3690 1919 3758 ὑφέξειν.

248 3800 367 3854 Καὶ
393 3793 553 3848 τοῦτο
583 3790 648 3861 δὴ
685 3787 919 3859 μάλιστα
951 3782 1169 3835 πάντων
1214 3780 1359 3849 ὑμᾶς
1404 3778 1603 3833 εἰδέναι
1638 3780 1921 3854 βούλομαι,

246 3894 338 3950 ὅτι
364 3888 456 3943 τὸν
487 3878 815 3957 Χριστιανὸν
858 3875 953 3930 καὶ
986 3872 1174 3926 πιστὸν
1212 3870 1388 3934 οὐδεὶς
1413 3872 1494 3935 εἰς
1526 3871 1703 3944 ψυχὴν
1734 3875 1926 3948 ἀδικῆ-

244 4003 343 4040 σαι
371 3981 617 4041 δύναται,
647 3972 768 4027 οὐδὲ
808 3968 969 4031 αὐτὸς
1014 3968 1044 4020 6
1086 3963 1353 4028 διάϐολος.
1384 3962 1459 4016 Οὐ
1487 3964 1646 4018 τοῦτο
1673 3966 1730 4020 δὲ
1766 3969 1926 4039 μόνον

250 4078 373 4139 ἐστὶ
394 4075 459 4129 τὸ
485 4065 821 4140 θαυμαστὸν,
846 4063 928 4115 ὅτι
957 4057 1291 4131 ἀχειρώτους
1330 4057 1479 4128 ἡμᾶς
1504 4058 1534 4109 6
1563 4057 1695 4121 Θεὸς
1722 4059 1926 4124 πάσαις

250 4167 481 4239 ἐποίησε
502 4163 623 4224 ταῖς
652 4153 986 4216 ἐπιϐουλαῖς,
1015 4149 1129 4204 ἀλλ’
1156 4150 1240 4201 ὅτι
1266 4148 1361 4202 καὶ
1390 4148 1527 4219 πρὸς
1556 4151 1654 4217 τὴν
1683 4151 1785 4221 τῆς
1805 4152 1928 4221 ἀρε,

245 4265 356 4335 τῆς
404 4255 666 4331 ἐργασίαν
717 4245 1056 4319 ἐπιτηδείους
1086 4244 1233 4314 ἡμᾶς
1261 4240 1660 4335 δεατεσῗίεύασεί
1682 4244 1778 4297 καὶ
1813 4244 1925 4335 χῷ-

244 4327 406 4424 λυμα
434 4327 586 4405 οὐδέν
616 4345 790 4405 ἐστιν,
820 4337 914 4392 ἐάν
940 4334 1208 4405 θέλωμεν,
1240 4330 1345 4385 κᾶν
1375 4333 1607 4403 πένητες
1627 4327 1797 4403 ὦμεν,
1822 4334 1926 4388 κᾶν

242 4444 503 4505 ἀσθενεῖς
528 4436 608 4509 τῷ
632 4434 869 4504 σώματι,
900 4427 1005 4482 κᾶν
1038 4425 1463 4497 ἀπερριμμένοι,
1499 4424 1602 4479 κᾶν
1627 4425 1922 4497 ἀνώνυμοι,

244 4539 359 4595 κᾶν
383 4533 614 4590 οἰκέται.
645 4524 784 4581 Οὐτε
814 4522 920 4591 γὰρ
947 4518 1126 4581 πενία,
1154 4515 1279 4570 οὐτε
1310 4517 1613 4586 ἀρρωστία,
1644 4515 1766 4570 οὔτε
1814 4517 1924 4571 σώ-

247 4647 428 4707 ματος
457 4624 732 4696 πήρωσις,
763 4616 826 4668 οὐ
855 4611 1091 4675 δουλεία,
1118 4610 1219 4662 οὐκ
1248 4607 1377 4662 ἀλλο
1423 4625 1474 4661 τι
1518 4608 1627 4661 τῶν
1668 4608 1923 4663 τοιούτων

240 4703 409 4785 οὐδὲν
432 4718 689 4793 ἐμπόδιον
718 4711 855 4784 πρὸς
882 4707 1082 4780 ἀρετὴν
1113 4704 1309 4775 γένοιτ’
1334 4703 1401 4758 ἀν
1445 4721 1596 4758 ποτε.
1630 4704 1782 4779 [239]
1814 4710 1923 4764 Καὶ

239 4824 306 4879 τί
330 4820 478 4886 λέγω
501 4812 709 4881 πένητα
738 4805 833 4862 καὶ
857 4802 1077 4870 οἰκέτην
1102 4799 1197 4854 καὶ
1229 4799 1549 4870 ἀνώνυμον;
1582 4799 1685 4854 κᾶν
1709 4802 1924 4872 δεσμὼ,

240 4933 354 4987 της
381 4909 470 4987 ᾖς,
501 4908 625 4964 οὐδὲ
665 4902 821 4959 τοῦτό
861 4917 944 4953 σοι
973 4897 1182 4967 γίνεται
1214 4894 1472 4987 ἐμπόδιον
1504 4893 1645 4987 πρὸς
1678 4896 1882 4987 ἀρετήν
1908 4913 1921 4924 .

240 4984 349 5066 κάξ
381 4984 520 5066 ⁸πῶς,
550 4998 661 5068 ἐγὼ
680 4996 842 5064 λέγω·
862 4989 1133 5060 Ἐλύπησέ
1160 4987 1220 5041 σέ
1245 5004 1327 5051 τις
1356 4985 1465 5039 τῶν
1489 4984 1636 5039 ἔνδον
1664 4986 1758 5039 καὶ
1783 5005 1926 5059 παρ-

242 5098 495 5164 ὠξυνεν;
526 5091 663 5159 ἄφες
697 5084 844 5155 αὐτῷ
871 5082 971 5153 τὴν
995 5080 1193 5152 ὀργήν·
1232 5079 1361 5149 μήτι
1397 5094 1479 5131 σοι
1509 5078 1647 5147 πρὸς
1673 5075 1833 5131 τοῦτο
1857 5082 1924 5135 τὰ

239 5184 433 5256 δεσμὰ
459 5183 553 5236 καί
576 5181 612 5251 ἠ
632 5176 793 5233 πενία
817 5175 914 5230 καὶ
943 5173 1006 5227 τὸ
1032 5173 1225 5242 ἄτιμον
1253 5165 1392 5223 εἶναι
1421 5168 1675 5239 ἐμπόδιον
1696 5170 1921 5238 γέγονε;

243 5278 368 5335 Καὶ
393 5275 447 5329 τί
473 5273 617 5342 λέγω
639 5268 931 5342 ἐμπόδιονς
963 5266 1059 5318 καὶ
1083 5261 1349 5333 ἐϐοήθησε
1392 5260 1492 5331 μὲν
1527 5256 1641 5323 οὖν,
1672 5260 1765 5314 καί
1798 5277 1923 5314 συν-

241 5367 463 5441 ιπραξε
507 5364 647 5436 πρὸς
693 5361 754 5414 τὸ
803 5355 1152 5413 καταστεῖλαι
1194 5354 1285 5407 τὸν
1322 5350 1512 5422 τῦφον.
1553 5347 1708 5415 Εἶδες
1740 5351 1924 5424 ἕτερον

240 5453 671 5530 εὐπραγοῦντας
711 5451 784 5523 μὴ
819 5448 1096 5520 βασκήνῃς
1116 5462 1130 5476 ο
1161 5443 1283 5497 οὐδὲ
1312 5444 1420 5514 γὰρ
1446 5441 1681 5496 ἐνταῦθα
1702 5443 1735 5510 ἡ
1764 5442 1923 5496 πενία

248 5547 486 5621 κώλυμα
504 5546 736 5618 γίνεται.
762 5542 951 5607 Πάλιν,
975 5542 1107 5594 ὅταν
1134 5536 1397 5604 εὔξασθαι
1422 5533 1540 5608 δέῃ,
1562 5532 1808 5607 νηφούσῃ
1828 5536 1923 5589 καὶ

310 5798 343 5828 ι
370 5787 467 5839 Alii
489 5795 541 5840 et
566 5788 678 5840 Sav.
706 5790 945 5853 έξάλειψον
959 5787 1044 5845 τὴν
1066 5786 1329 5843 συνήθειαν.

1304 347 1398 404 AD
1435 345 1947 404 ILLUMINANDOS
1982 344 2410 407 CATECHESIS
2448 352 2515 412 ll.

3586 370 3694 427 256

2029 464 2380 539 ἀγρυπνούσῃ
2412 468 2621 541 διανοίᾳ
2649 468 2807 525 τοῦτο
2832 472 3077 545 ποίησον,
3126 476 3220 531 καὶ
3267 472 3421 536 οὐδὲν
3452 484 3602 541 ἔσται
3629 486 3692 538 τὸ

2022 554 2230 609 κωλύον
2255 557 2375 610 οὐδέ
2394 558 2648 632 ἐνταῦθα.
2681 564 2991 635 Πραότητα,
3018 566 3320 627 ἐπιείκειαν
3347 576 3692 633 ἐπιδείκνυσο

2022 647 2223 711 πᾶσαν,
2259 650 2636 722 σωφροσύνην,
2672 656 3010 726 σεμνότητα’
3052 660 3174 713 οὐδὲ
3222 662 3331 734 γὰρ
3376 666 3549 722 ταῦτα
3580 670 3692 723 τῶν

2022 736 2219 834 ἔξωθεν
2246 739 2429 834 δεῖται
2460 742 2840 815 βοηθημάτων.
2877 749 2993 815 Καὶ,
3018 751 3178 806 τοῦτο
3202 755 3480 824 μάλισται)
3506 760 3568 815 τὸ
3594 764 3694 834 μέο

2021 829 2207 896 γιστόν
2240 832 2355 884 ἐστι
2384 833 2483 903 τῆς
2520 836 2742 907 ἀρετῆς,
2771 839 2853 891 ὃτι
2884 841 2945 893 οὐ
2964 842 3228 907 πλούτου,
3260 848 3321 900 οὐ
3352 829 3691 919 δυναστείας,

2021 920 2083 971 οὐ
2110 920 2286 991 δόξης,
2311 923 2413 975 οὐκ
2433 924 2592 978 ἄλλου
2614 927 2756 991 τινὸς
2776 929 2886 983 τῶν
2904 934 3160 988 τοιούτων
3186 936 3298 1008 ἔχει
3321 940 3528 1011 χρείαν,
3553 943 3693 999 ἀλλά

2022 1012 2199 1107 ψυχῆς
2250 1013 2419 1107 μόνης
2468 1018 2828 1091 ήγιασμένης,
2865 1024 2957 1075 καὶ
3011 1024 3171 1080 πλέον
3219 1031 3372 1084 οὐδὲν
3421 1034 3688 1107 ἐπιζητεῖ.

2028 1106 2165 1176 Ὅρα
2192 1107 2249 1159 δὲ
2281 1106 2377 1161 καὶ
2412 1109 2504 1161 ἐπί¹
2526 1110 2622 1179 τῆς
2651 1112 2872 1181 χάριτος
2897 1116 3029 1170 αὐτὸ
3057 1118 3217 1173 τοῦτο
3245 1124 3525 1195 γινόμενον
3547 1106 3692 1184 ’κᾶν

2025 1196 2134 1296 γάρ
2162 1197 2375 1296 χωλεύη
2407 1217 2511 1263 τις,
2543 1202 2645 1255 κᾶν
2689 1206 2817 1267 τούς
2845 1206 3159 1279 ὀφθαλμοὺς
3196 1212 3602 1288 ἐκκεκομμένος
3629 1217 3692 1296 ᾗ,

2027 1290 2129 1343 κᾶν
2177 1291 2238 1343 τὸ
2289 1291 2448 1362 σῶμα
2489 1298 2904 1367 πεπηρωμένος,
2932 1302 3038 1355 κᾶν
3062 1306 3142 1367 εἰς
3169 1305 3405 1381 ἐσχάτην
3449 1290 3692 1367 καταπξ-

2026 1383 2256 1476 πτωκὼς
2286 1385 2614 1476 ἀρρωστίαν,
2642 1390 2818 1442 οὐδενὶ
2840 1391 3043 1447 τούτων
3070 1396 3365 1472 ἐπελθεῖνή
3396 1404 3554 1476 χάρις
3579 1423 3691 1460 κω-

2024 1472 2241 1527 λύεταιο
2270 1475 2450 1547 ψυχὴν
2476 1478 2584 1549 γὰρ
2614 1480 2864 1551 ἐπιζητεῖ
2893 1485 3063 1556 μόνην
3097 1489 3236 1558 μετὰ
3264 1472 3574 1565 προθυμίας
3602 1497 3696 1552 αὑ-

2024 1570 2123 1640 τὴν
2168 1571 2480 1642 δεχομένην,
2512 1574 2606 1626 καὶ
2638 1574 2814 1630 ταῦτα
2847 1577 3061 1633 ἅπαντα
3091 1588 3427 1657 παρατρέχει
3454 1589 3524 1643 τὰ
3562 1592 3696 1658 ἔξω·

2026 1660 2137 1754 θεν.
2159 1661 2281 1715 Ἐπὶ
2321 1663 2420 1733 μὲν
2450 1665 2559 1735 γὰρ
2588 1665 2698 1719 τῶν
2729 1666 2927 1732 ἔξωθεν
2950 1676 3299 1744 στρατιωτῶν
3322 1682 3418 1733 καὶ
3444 1682 3699 1754 σώματος

2028 1753 2225 1824 μέτρον
2250 1756 2344 1807 καὶ
2371 1757 2571 1828 σαρκὸς
2594 1757 2809 1822 εὐεξίαν
2836 1760 3187 1833 ἐπιζητοῦσιν
3217 1771 3266 1821 οἰ
3294 1753 3582 1841 μέλλοντες
3604 1781 3701 1834 αὐ-

2024 1847 2148 1938 τοὺς
2182 1847 2502 1916 καταλέγειν
2531 1849 2611 1912 εἰς
2635 1850 2697 1903 τὸ
2727 1854 3086 1923 στρατόπεδον
3104 1874 3119 1888 ο
3150 1860 3211 1912 οὐ
3244 1862 3417 1917 ταῦτα
3444 1865 3502 1919 δέ
3534 1868 3697 1938 μόνον

2024 1936 2168 2007 ἔχειν
2195 1938 2301 2008 χρὴ
2330 1939 2420 1992 τὸν
2449 1940 2708 2011 μέλλοντα
2736 1946 3149 2014 στρατεύεσθαι,
3186 1952 3323 2009 ἀλλά
3355 1957 3449 2010 και
3480 1936 3698 2014 ἐλεύθε-

2027 2045 2118 2098 ρον
2146 2022 2314 2082 εἷναιο
2335 2029 2399 2083 ἂν
2426 2031 2535 2101 γάρ
2571 2031 2756 2096 δοῦλός
2770 2052 2854 2098 τις
2882 2032 2935 2107 ᾗ,
2963 2038 3283 2097 ἐκϐάλλεται
3303 2062 3319 2078 ο
3344 2048 3372 2100 6
3396 2048 3451 2101 δὲ
3473 2048 3581 2104 τῶν
3604 2051 3699 2104 οὐ·

2026 2123 2204 2202 ρανῶν
2235 2121 2487 2193 βασιλεὺς
2511 2133 2532 2160 c
2565 2123 2715 2176 οὐδὲν
2742 2126 2981 2182 τοιοῦτον
3001 2132 3265 2204 ἐπιζητεῖ,
3298 2138 3435 2195 ἀλλά
3462 2142 3556 2196 καὶ
3574 2143 3698 2199 δού-

2023 2222 2147 2282 λους
2193 2217 2403 2287 δέχεται
2438 2214 2520 2275 εἰς
2556 2212 2617 2265 τὸ
2645 2214 3221 2288 αὐτοῦδστρατόπεδον,
3259 2227 3355 2280 καὶ
3390 2235 3697 2303 γεγηρακό-

2023 2328 2121 2374 τας
2151 2309 2245 2362 καί
2276 2305 2643 2377 παρειμένους
2668 2306 2738 2359 τὰ
2773 2307 2931 2380 μέλη,
2960 2310 3175 2367 καὶιούκ
3201 2317 3604 2390 ἐπαισχύνεται.
3628 2327 3698 2383 Τί

2022 2402 2212 2455 τούτου
2259 2399 2805 2470 φιλανθρωπότερον;
2852 2399 2905 2451 τί
2962 2405 3323 2479 χρηστότερον
3373 2412 3568 2478 γένοιτ’
3593 2415 3695 2487 iv;

2024 2488 2194 2556 Οὗτος
2224 2492 2322 2562 μὲν
2354 2490 2464 2560 γάρ
2491 2489 2563 2543 τὰ
2592 2491 2677 2558 ἐφ’
2702 2492 2837 2561 ἡμῖν
2882 2491 3039 2563 ζητεῖ
3072 2497 3254 2566 μόνον,
3283 2500 3478 2557 ἐκεῖνοι
3519 2504 3575 2558 δέ
3625 2508 3697 2562 τὰ

2023 2586 2123 2639 οὐκ
2151 2584 2235 2653 ἐφ’
2265 2585 2415 2654 ἡμῖν.
2434 2582 2508 2634 Τὸ
2532 2583 2640 2652 γὰρ
2666 2582 2852 2635 δοῦλον
2875 2579 3014 2638 εἶναι
3043 2586 3076 2658 ἢ
3101 2588 3406 2663 ἐλεύθερον,
3435 2595 3534 2667 οὐχ
3558 2602 3698 2671 ἡμέ-

2022 2694 2180 2748 τερον
2205 2696 2219 2708 ο
2250 2677 2312 2728 τὸ
2343 2675 2545 2745 ὑψηλὸν
2574 2674 2734 2728 πάλιν
2763 2672 2901 2728 εἶναι
2929 2680 3023 2730 καὶ
3044 2679 3272 2751 βραχὺν,
3305 2687 3407 2740 οὐκ
3434 2691 3518 2759 ἐφ’
3540 2694 3696 2764 ἡμῖν,

2024 2770 2085 2822 τὸ
2114 2767 2463 2838 γεγηρακότα
2502 2768 2596 2819 καὶ
2623 2768 2828 2838 άρτιον,
2863 2771 2957 2822 καὶ
2989 2771 3090 2825 ὅσα
3117 2775 3344 2831 τοιαῦτα
3363 2794 3376 2807 ο
3408 2780 3469 2833 τὸ
3497 2782 3554 2837 δὲ
3581 2786 3699 2838 ἐπι-

2025 2864 2149 2933 εικῆ
2198 2861 2231 2931 ἦ
2280 2859 2513 2932 χρηστὸν
2561 2856 2697 2914 εἶναι
2731 2862 2827 2914 καὶ
2856 2864 2923 2915 τὰ
2948 2867 3303 2939 παραπλήσια
3341 2871 3571 2941 τούτοις,
3597 2876 3698 2949 τῆς

2025 2955 2297 3027 ἡμετέρας
2320 2951 2565 3021 γνώμης.
2593 2953 2705 3005 Καὶ
2725 2953 2903 3007 ταῦτα
2928 2958 3076 3025 ἡμᾶς
3097 2960 3125 3011 6
3144 2959 3274 3025 Θεὸς
3295 2963 3518 3018 ἀπαιτεῖ
3537 2967 3695 3038 μόνα,

2025 3042 2101 3101 ὧν
2130 3047 2295 3117 ἡμεῖς
2339 3047 2504 3114 ἐσμεν
2534 3043 2742 3115 κύριοι’
2784 3047 2876 3100 καὶ
2922 3047 3070 3116 μάλα
3113 3051 3368 3117 είκότωςο
3397 3058 3457 3109 οὐ
3492 3059 3601 3131 γὰρ
3627 3062 3697 3115 δι’

2025 3140 2232 3194 οἰκείαν
2261 3136 2472 3209 χρείαν,
2508 3136 2643 3189 ἀλλά
2666 3136 2732 3189 δι’
2766 3137 3084 3208 εὐεργεσίαν
3112 3142 3261 3211 ἡμᾶς
3290 3143 3382 3197 ἐπὶ
3407 3147 3508 3219 τὴν
3528 3150 3693 3206 αὑτοῦ

2026 3231 2188 3304 χάριν
2221 3229 2395 3292 καλεῖ,
2429 3227 2480 3279 οἰ
2522 3225 2579 3279 δέ
2635 3225 2871 3295 βασιλεῖς
2904 3227 2993 3281 διὰ
3014 3227 3112 3300 τὴν
3140 3231 3349 3285 ἐαυτῶν
3374 3235 3649 3294 διακονίαν
3678 3259 3693 3271 ·

2027 3324 2269 3377 κάκεῖνοι
2319 3319 2417 3391 μὲν
2460 3318 2553 3370 ἐπὶ
2599 3317 2834 3388 πόλεμον
2872 3318 3121 3373 ἕλκουσιν
3159 3321 3434 3396 αἰσθητὸν,
3461 3324 3697 3391 οὗτοςδὲ

2027 3417 2120 3471 ἐπὶ
2151 3416 2329 3486 μάχην
2357 3411 2750 3481 πνευματικήν.
2776 3412 2889 3464 υύκ
2916 3412 3009 3464 ἐπὶ
3036 3412 3146 3466 τῶν
3175 3414 3425 3487 πολέμων
3455 3420 3512 3473 δὲ
3537 3423 3699 3491 μόνον

2026 3508 2136 3563 τῶν
2165 3508 2384 3575 ἔξωθεν,
2421 3506 2557 3559 ἀλλά
2590 3506 2685 3558 καὶ
2710 3506 2805 3557 ἐπὶ
2841 3504 2951 3557 τῶν
2978 3506 3204 3573 ἀγώνων
3228 3508 3327 3580 τὴν
3354 3510 3525 3583 αὐτὴν
3565 3516 3698 3569 ἀνα-

2026 3601 2213 3670 λογίαν
2245 3600 2343 3653 ίδοι
2378 3616 2464 3662 τις
2492 3597 2558 3651 ἀν
2577 3613 2590 3625 ·
2619 3599 2668 3650 οἰ
2693 3595 2802 3667 γάρ
2837 3596 3123 3668 μέλλοντες
3152 3599 3232 3664 είς
3256 3599 3318 3653 τὸ
3347 3602 3573 3675 θέατρον
3611 3606 3697 3660 ἓλρ

2027 3694 2222 3749 κεσθαι
2256 3695 2457 3756 ἐκεῖνο,
2496 3691 2557 3743 οὐ
2606 3691 2871 3761 πρότερον
2906 3690 3160 3745 καθιᾶσιν
3187 3696 3268 3758 εἰς
3295 3697 3423 3761 τούς
3451 3699 3696 3770 ἀγῶνας,

2027 3787 2133 3850 ἕως
2160 3785 2226 3839 ἂν
2254 3785 2451 3846 αὐτοὺς
2476 3785 2505 3835 6
2532 3783 2708 3854 κήρυξ
2742 3782 2921 3835 λαϐὼν
2947 3784 3052 3835 ὐπὸ
3079 3786 3193 3849 τοῖς
3222 3787 3475 3844 ἀπάντων
3495 3790 3697 3860 ὀφθαλ-

2029 3884 2151 3954 μοῖς
2175 3897 2240 3934 πε
2250 3878 2489 3950 ριαγάγῃ
2513 3876 2653 3946 βοῶν
2676 3875 2770 3928 καί
2800 3876 2992 3944 λέγων·
3021 3878 3112 3949 Μή
3137 3896 3221 3941 τις
3255 3880 3445 3935 τούτου
3468 3900 3701 3955 κατηγο-

2030 3978 2139 4048 ρεῖ;
2173 3972 2367 4028 Καίτοι
2392 3987 2456 4039 γε
2491 3970 2593 4022 οὐκ
2624 3968 2771 4021 ἔστιν
2798 3969 2915 4021 ἐκεῖ
2938 3967 3140 4039 ψυχῆς,
3170 3970 3305 4025 ἀλλά
3332 3976 3600 4044 σωμάτων
3625 3978 3698 4032 τά

2026 4064 2381 4134 παλαίσματα
2404 4080 2416 4093 ο
2448 4061 2593 4123 τίνος
2623 4056 2717 4114 οὖν
2749 4059 2936 4112 ἕνεκεν
2964 4058 3193 4123 εὐθύνας
3241 4061 3494 4129 ἀπαιτεῖς
3536 4066 3696 4138 εὖγε-

2025 4159 2207 4222 νείας;
2254 4153 2518 4210 Ἐνταῦθα
2554 4152 2612 4205 δὲ
2657 4151 2809 4204 οὐδὲν
2854 4152 3117 4217 τοιοῦτον,
3145 4152 3261 4207 ἀλλ’
3294 4156 3439 4211 ἀπαν
3469 4159 3698 4214 τούναν-

2025 4254 2159 4317 τίον,
2191 4251 2290 4304 οὐκ
2314 4250 2370 4302 ἐν
2404 4246 2604 4319 χειρῶν
2635 4245 2972 4318 συμπλοκαῖς
2999 4247 3170 4301 ὄντων
3207 4250 3337 4321 ἡμῖν
3366 4252 3472 4305 τῶν
3501 4254 3716 4324 παλαια.

2030 4346 2271 4417 σμάτων,
2299 4342 2413 4397 ἀλλ’
2439 4342 2497 4395 ἐν
2543 4338 2829 4410 φιλοσοφίᾳ
2870 4338 3044 4410 ψυχῆς
3075 4342 3170 4394 καί
3200 4342 3369 4415 ἀρετῇ
3388 4345 3653 4413 ἶδιανοίας
3674 4363 3695 4383 ο

2026 4435 2333 4491 τούναντίον
2362 4434 2392 4485 6
2420 4430 2761 4501 ἀγωνοθέτης
2787 4434 2962 4485 ποιεῖ·
2989 4432 3049 4485 οὐ
3080 4433 3189 4504 γὰρ
3212 4433 3364 4508 [240]
3394 4435 3575 4491 λαϐὼν
3593 4441 3697 4495 αὐ-

2027 4530 2117 4582 τὸν
2146 4528 2397 4599 περιάγει
2435 4526 2530 4579 καὶ
2556 4525 2724 4593 λέγει’
2761 4523 2853 4593 Μή
2879 4540 2961 4586 τις
2984 4523 3174 4577 τούτου
3208 4531 3528 4598 κατηγορεῖ;
3559 4531 3696 4588 ἀλλὰ

2030 4623 2148 4693 βοᾷ·
2174 4620 2292 4675 Κᾶν
2318 4618 2593 4691 ἄνθρωποι
2632 4618 2853 4680 πάντες,
2890 4617 2993 4670 κᾶν
3018 4616 3270 4689 δαίμονες
3300 4623 3437 4691 μετά
3460 4624 3553 4678 τοῦ
3579 4626 3697 4683 δια-

2029 4721 2185 4774 ϐόλου
2213 4717 2508 4780 συστάντες
2529 4716 2695 4769 αὐτοῦ
2717 4715 3065 4788 κατηγορῶσι
3086 4717 3156 4772 τά
3182 4718 3387 4790 ἔσχατα
3413 4724 3507 4776 καὶ
3527 4724 3697 4798 ἀπόρ-

2031 4815 2169 4884 ρητα
2212 4810 2382 4873 δεινά,
2410 4809 2512 4862 οὐκ
2557 4808 2802 4861 ἐκϐάλλω
2833 4809 2953 4862 οὐδέ
2985 4808 3365 4883 βδελύσσομαι,
3402 4814 3540 4870 ἀλλά
3584 4813 3695 4872 τῶν

2028 4903 2349 4975 κατηγόρων
2375 4902 2537 4956 αὐτὸν
2565 4901 2898 4968 ἀπαλλάξας,
2932 4904 3023 4956 καὶ
3058 4903 3159 4975 τῆς
3186 4907 3451 4978 πονηρίας
3482 4908 3695 4964 ἐλευθε-

2030 4996 2231 5068 ρώσας,
2255 4995 2427 5059 οὕτως
2456 4993 2549 5048 ἐπὶ
2575 4995 2701 5057 τοὺς
2727 4994 2943 5063 ἀγῶνας
2969 4995 3086 5065 ἀγω
3105 5014 3119 5028 °
3152 4999 3248 5051 καὶ
3279 4999 3427 5069 μάλα
3445 5001 3692 5066 εἰκότως.

2040 5089 2189 5143 Ἐκεῖ
2228 5088 2327 5159 μὲν
2355 5088 2465 5159 γὰρ
2489 5089 2518 5140 6
2547 5087 2893 5158 ἀγωνοθέτης
2918 5088 3069 5141 οὐδὲν
3098 5090 3340 5144 συντελεῖ
3359 5094 3473 5155 τοῖς
3494 5093 3696 5162 ἀγωνι·

2028 5182 2273 5254 ζομένοις
2301 5180 2438 5253 πρὸς
2460 5180 2562 5250 τὴν
2580 5179 2757 5251 νίκην,
2781 5179 2896 5232 ἀλλ’
2925 5179 3121 5250 ἐστηκε
3151 5181 3315 5250 μέσος
3336 5198 3349 5210 ·
3375 5182 3609 5236 ἐνταῦθα
3634 5184 3692 5238 δὲ

2026 5273 2367 5343 ἀγωνοθέτης
2392 5271 2502 5327 τῶν
2532 5270 2709 5326 ἄθλων
2732 5271 2831 5342 τῆς
2859 5271 3136 5336 εὐσεϐείας
3175 5273 3463 5344 σύμμαχος
3482 5274 3692 5343 γίνεται

2026 5369 2121 5421 καὶ
2159 5366 2371 5437 βοηθὸς,
2414 5364 2887 5436 συνεφαπτόμενος
2913 5364 3095 5428 αὐτοῖς
3114 5365 3217 5436 τῆς
3239 5365 3377 5437 πρὸς
3395 5367 3488 5421 τὸν
3511 5369 3695 5425 διάϐο-

2026 5461 2116 5515 λον
2146 5459 2347 5531 μάχης.

2094 5551 2158 5609 δ’.
2194 5551 2270 5605 Οὐ
2299 5548 2457 5605 τοῦτο
2483 5549 2541 5605 δὲ
2575 5543 2731 5625 μόνον
2753 5548 2865 5606 ἐστί
2887 5549 2948 5603 τὸ
2971 5547 3305 5620 θαυμαστὸν,
3333 5551 3415 5606 ὅτι
3461 5549 3688 5621 ἀφίησιν

2085 5716 2117 5755 ³⁵
2141 5717 2240 5782 Alii
2260 5716 2318 5782 τὸ
2347 5718 2566 5782 μέγιστόν
2586 5716 2705 5782 έσςτι,
2728 5714 2811 5763 alii
2834 5713 2889 5760 τὸ
2911 5713 3097 5782 μέγεθός
3113 5709 3231 5758 ἐστι.

2092 5784 2115 5812 °
2139 5780 2236 5829 Alii
2260 5776 2358 5827 τῶν
2378 5776 2599 5828 ἁπάντων
2622 5779 2691 5841 β.,
2712 5784 2765 5825 et.
2782 5789 2893 5825 mox
2914 5776 3059 5822 αὐτοῦ
3079 5790 3358 5838 στρατευμλα,
