4046 6396
345 502 477 572 ἡμῖν
507 497 574 553 τὰ
604 496 991 568 ἁμαρτήματα,
1023 493 1138 547 ἀλλ’
1161 494 1241 547 ὅτι
1291 492 1433 546 αὐτά
1483 491 1605 544 οὐδὲ
1657 489 2010 546 ἐκκαλύπτει.

344 587 466 644 οὐδὲ
490 589 636 642 ποιεῖ
660 585 868 657 φανερὰ
889 584 982 637 καὶ
1008 582 1164 652 δῆλα,
1187 581 1310 636 οὐδὲ
1327 579 1626 650 ἀναγκάζει
1646 577 2013 650 παρελθόντας

346 679 427 741 εἰς
457 675 620 746 μέσον
647 673 880 739 ἐξειπεῖν
908 672 978 725 τά
1006 668 1540 742 πεπλημμελημένα,
1557 665 1836 738 ἀλλάύτῷ
1868 666 2013 738 μόνῳ

341 760 782 835 ἀπολογήσασθαι
799 758 1010 813 κελεύει
1035 758 1128 812 καὶ
1151 757 1289 829 πρὸς
1311 756 1472 812 αὑτὸν
1494 754 2010 825 ἐξομολογήσασθαι.

342 854 538 908 Καίτοι
579 867 642 918 γε
673 853 736 904 ἐκ
766 847 874 901 τῶν
903 845 1102 912 ἔξωθεν
1129 845 1398 900 δικαστῶν
1424 845 1478 897 εῐ
1501 861 1588 908 τις
1620 838 1743 896 είπέ
1772 860 1878 896 τινι
1906 842 2014 898 τῶν

344 942 578 996 ἁλόντων
608 935 818 1012 λῃστῶν
845 935 878 1006 ἡ
913 932 1309 1006 τυμϐωρύχων,
1333 933 1507 986 εἰπεῖν
1532 931 1602 985 τά
1627 929 2015 1002 πεπλημμελη-

345 1029 503 1099 μένα,
533 1025 626 1080 καὶ
666 1023 932 1094 ἀφεθῆναι
963 1023 1062 1092 τῆς
1107 1021 1402 1084 κολάσεως,
1444 1019 1594 1090 πάσῃ
1633 1017 1914 1090 προθυμίᾳ
1947 1017 2014 1071 ἂν

340 1113 693 1178 κατεδέξαντο
736 1108 916 1176 τοῦτο,
951 1111 1014 1180 τῇ
1049 1107 1152 1178 τῆς
1189 1107 1464 1178 σωτηρίας
1503 1103 1768 1177 ἐπιθυμίᾳ
1796 1104 1896 1174 τῆς
1926 1105 2006 1158 αί-

341 1202 544 1274 σχύνης
599 1195 1089 1268 καταφρονοῦντες.
1129 1193 1396 1248 Ἐνταῦθα
1462 1193 1519 1247 δὲ
1570 1193 1722 1246 οὐδὲν
1775 1190 2015 1246 τοιοῦτόν

338 1295 508 1357 ἐστιν,
533 1290 667 1346 ἀλλά
693 1290 787 1342 καὶ
809 1286 1096 1358 ἀφίησιτά
1115 1283 1630 1357 άμαρτήματα,οιαὶ
1651 1284 1750 1337 οὐκ
1773 1283 2015 1351 ἀναγκά-

339 1381 422 1446 ζει
461 1378 746 1451 παρόντων
782 1373 943 1428 τινῶν
981 1371 1122 1427 αὐτά
1155 1370 1550 1443 ἐκπομπεύειν,
1601 1371 1717 1424 ἀλλ’
1748 1370 1806 1423 ἓν
1857 1369 2014 1441 μόνον

337 1469 507 1540 ζητεῖ,
539 1468 687 1528 ὅπως
721 1462 885 1526 αὐτὸς
913 1463 942 1515 0
969 1463 1068 1532 τῆς
1111 1460 1360 1530 ἀφέσεως
1393 1457 1682 1514 ἀπολαύων
1729 1456 1890 1540 μάθοι
1916 1457 2014 1527 τῆς

334 1556 544 1626 δωρεᾶς
575 1554 634 1607 τὸ
667 1549 912 1622 μέγεθος.
955 1547 1079 1612 Πῶς
1121 1543 1216 1602 οὖν
1247 1549 1347 1600 οὐκ
1378 1548 1576 1601 ἄτοπον
1619 1547 1677 1598 ἐν
1721 1539 1804 1610 οἷς
1852 1545 2015 1611 αὐτὸς

333 1644 486 1714 ἡμᾶς
511 1640 791 1711 εὐεργετεῖ
811 1639 859 1690 εί
879 1638 1098 1708 ἀρκοῖτο
1119 1637 1184 1707 τῇ
1208 1635 1338 1706 παρ’
1366 1633 1522 1705 ἡμῶν
1549 1633 1826 1705 μαρτυρίᾳ
1854 1633 2012 1705 μόνῃ,

337 1731 498 1800 ἡμεῖς
524 1729 580 1781 δὲ
605 1729 662 1781 ἐν
694 1720 775 1789 οἷς
797 1723 956 1778 αὐτὸν
979 1722 1376 1794 θεραπεύομεν,
1406 1722 1626 1793 ἐτέρους
1649 1719 2014 1792 ἐπιζητοῦμεν

339 1818 620 1888 μάρτυρας
651 1813 746 1868 καὶ
775 1812 910 1883 πρὸς
937 1809 1194 1874 ἐπίδειξίν
1221 1827 1275 1863 τι
1302 1808 1592 1880 ποιοῦμεν;
1624 1807 2014 1879 Θαυμάσαντες

335 1905 513 1958 τοίνυν
548 1902 647 1974 τὴν
677 1900 840 1956 αὐτοῦ
869 1897 1270 1968 φιλοφροσύνην
1316 1894 1716 1966 ἐπιδειξώμεθα
1757 1895 1828 1950 τὰ
1883 1897 2014 1967 παρ’

334 1991 513 2063 ήμῶν,
547 1989 644 2044 καὶ
694 1988 800 2059 πρὸ
852 1986 960 2040 τῶν
1009 1985 1184 2039 ἄλλων
1216 1984 1470 2038 ἁπάντων
1499 1985 1598 2055 τὴν
1641 1983 1739 2054 τῆς
1769 1981 2016 2053 γλώττης

335 2078 723 2152 χαλινώσωμεν
758 2074 958 2147 ῥύμην,
992 2075 1088 2127 καὶ
1119 2073 1193 2144 μὴ
1216 2073 1305 2126 ἀεὶ
1331 2070 1701 2141 φθεγγώμεθα
1720 2089 1732 2102 ·
1782 2071 1877 2123 Ἐκ
1907 2070 2016 2141 γὰρ

335 2166 710 2236 πολυλογίας
742 2165 853 2217 οὐκ
878 2159 1143 2230 ἐκφεύξῃ
1183 2159 1605 2228 ἁμαρτίαν.“Αν
1640 2158 1738 2228 μὲν
1769 2154 1862 2213 οὖν
1887 2158 2017 2229 ἔχῃς

336 2275 389 2310 τι
448 2255 722 2325 χρήσιμον
781 2251 978 2311 εἰπεῖν,
1009 2247 1219 2312 ἄνοιξον
1272 2247 1342 2300 τά
1397 2246 1574 2318 χείλη,
1630 2246 1696 2300 ἂν
1740 2247 1799 2300 δέ
1850 2246 2018 2316 μηδὲν

339 2344 637 2412 ἀναγκαῖον
663 2335 720 2413 ᾗ,
753 2338 882 2406 σίγα
901 2350 917 2366 ⁶
948 2334 1156 2406 βέλτιον
1180 2333 1310 2405 γάρ.

411 2429 773 2499 Χειροτέχνης
825 2421 907 2489 aI;
961 2421 1324 2492 καθεζόμενος
1348 2419 1554 2490 ψάλλεο
1597 2419 1713 2473 ἀλλ’
1738 2420 1800 2473 οὐ
1835 2419 2016 2491 βούλει

338 2517 418 2588 τῷ
445 2516 673 2586 στόματι
691 2511 947 2582 ψάλλεινς
970 2513 1038 2580 τῇ
1066 2508 1278 2579 διανοίᾳ
1303 2507 1463 2561 τοῦτο
1489 2506 1632 2559 ποίει
1651 2523 1664 2537 ο
1693 2507 1866 2577 μέγας
1887 2525 2015 2562 συν-

338 2605 525 2676 όμιλος
558 2606 586 2656 0
615 2600 849 2671 ψαλμός.
879 2597 1044 2652 Οὐδὲν
1076 2594 1326 2650 ἐντεῦθεν
1360 2595 1642 2664 ύποστήσῃ
1678 2594 1871 2660 δεινὸν,
1901 2595 2016 2649 ἀλλ’

337 2693 413 2756 ὡς
437 2693 496 2744 ἐν
518 2688 865 2762 μοναστηρίῳ
889 2687 946 2740 ἐν
971 2685 1048 2755 τῷ
1071 2683 1418 2756 ἐργαστηρίῳ
1437 2682 1642 2753 δυνήσῃ
1668 2681 2014 2746 καθέζεσθαι·

339 2781 401 2834 οὐ
429 2779 539 2850 γὰρ
566 2778 748 2831 τόπων
782 2772 1181 2844 ἐπιτηδειότης,
1222 2769 1360 2824 ἀλλά
1387 2769 1606 2841 τρόπων
1639 2769 1892 2840 ἀκρίϐεια
1921 2770 2019 2841 τὴν

340 2867 572 2938 ἡσυχίαν
602 2866 735 2934 ἡμῖν
780 2860 1098 2931 παρέξεται.
1139 2856 1355 2920 Παῦλος
1397 2855 1529 2925 γοῦν
1573 2858 1632 2910 ἐν
1666 2857 2018 2929 ἐργαστηρίῳ

339 2957 408 3026 τῇ
463 2953 627 3024 τέχνῃ
679 2950 1038 3021 κεχρημένος,
1090 2946 1242 2999 οὐδὲν
1295 2946 1375 3010 είς
1419 2945 1518 3017 τὴν
1569 2944 1774 2998 οἰκείαν
1818 2945 2018 3016 ἀρετὴν

341 3039 685 3114 παρεϐλάϐη.
719 3037 812 3108 Μὴ
842 3036 1020 3090 τοίνυν
1051 3033 1176 3102 λέγε
1217 3031 1282 3085 σύ
1307 3047 1322 3062 ’
1361 3033 1486 3096 Πῶς
1514 3031 1812 3104 δυνήσομαι
1840 3050 2018 3104 χειρο-

340 3130 534 3200 τέχνης
559 3126 634 3180 ῶν
665 3125 757 3179 καὶ
786 3124 955 3194 πένης
989 3122 1332 3192 φιλοσοφείν;
1364 3119 1464 3174 Διά
1494 3119 1651 3175 τοῦτο
1679 3121 1778 3192 μὲν
1799 3118 1892 3176 οὖν
1913 3123 2018 3195 μά-

340 3219 498 3272 λιστα
530 3217 729 3286 δυνήσῃ
765 3213 1096 3281 φιλοσοφεῖν.
1131 3210 1242 3263 Καὶ
1287 3208 1396 3279 γὰρ
1441 3209 1602 3262 πενία
1641 3209 1894 3278 πλούτου,
1926 3213 2017 3265 καὶ

341 3306 574 3380 ἐργασία
609 3303 807 3376 ἀργίας
841 3302 978 3374 πρὸς
1010 3298 1297 3352 εὐλάϐειαν
1321 3300 1452 3368 ἡμῖν
1474 3297 2017 3369 ἐπιτηδειότερον,ώς

340 3398 371 3450 ὃ
395 3413 458 3462 γε
489 3393 714 3454 πλοῦτος
746 3392 859 3452 τοῖς
893 3387 966 3458 μὴ
998 3385 1327 3458 προσέχουσι
1370 3385 1464 3438 καὶ
1503 3384 1758 3454 ἐμπόδιον
1784 3385 2014 3455 γίνεται.

345 3485 511 3537 Ὅταν
546 3480 654 3551 γὰρ
683 3477 850 3550 ὀργὴν
877 3476 973 3549 δέῃ
1005 3477 1244 3543 ἀφεῖναι,
1272 3474 1400 3526 ὅταν
1441 3471 1632 3526 σϐέσαι
1665 3472 2017 3540 φθόνον,ὅταν

344 3571 622 3642 χαλᾶσαια
654 3566 847 3636 Θυμδν,
893 3564 1020 3616 ὅταν
1069 3561 1231 3632 εὐχὴν
1265 3559 1656 3626 ἐπιδείξασθαι,
1688 3560 1814 3612 ὅταν
1841 3562 2014 3615 ἐπιεί-

345 3673 500 3710 κειαν
532 3655 629 3709 καὶ
677 3651 981 3724 πραότητα,
1012 3649 1140 3703 ὅταν
1181 3646 1583 3718 φιλοφροσύνην
1626 3648 1722 3700 καὶ
1770 3649 2014 3720 ἀγάπην,

345 3743 450 3797 ποῦ
473 3741 667 3812 γένοιτ’
687 3739 753 3793 ἂν
782 3737 1011 3808 κώλυμα
1041 3737 1075 3806 ἡ
1107 3735 1298 3799 πενία;
1327 3733 1406 3788 Οὐ
1429 3733 1538 3804 γὰρ
1565 3734 1828 3806 ἀργύριον
1849 3753 2018 3790 κατα-

344 3832 608 3892 ϐαλόντας
646 3825 817 3882 ταῦτα
859 3823 1052 3879 ἀνύσαι
1100 3823 1269 3888 ἐστιν,
1301 3821 1438 3875 ἀλλά
1482 3823 1805 3893 προαίρεσιν
1851 3824 2018 3896 ὀρθὴν

345 3915 804 3986 ἐπιδειξαμένους.
823 3909 1192 3982 Ἐλεημοσύνη
1229 3908 1464 3980 μάλιστά
1484 3910 1629 3962 ἐστιν
1659 3912 1693 3980 ἡ
1720 3911 2019 3981 χρημάτων

343 4007 595 4077 δεομένη,
625 4001 762 4056 ἀλλά
784 3999 880 4054 καὶ
903 3999 1040 4068 αὐτὴ
1064 3997 1152 4050 διά
1169 3997 1268 4066 τῆς
1296 3995 1488 4058 πενίας
1516 3995 1777 4066 μειζόνως
1797 3996 2020 4067 ἐξέλαμ.

343 4094 449 4164 ψει
501 4092 595 4146 καὶ
641 4091 751 4161 γὰρ
791 4090 824 4160 ἡ
860 4087 984 4150 τοὺς
1029 4084 1122 4138 δύο
1167 4082 1389 4147 ὀϐολοὺς
1416 4082 1564 4155 [241]
1609 4083 2015 4151 καταϐαλοῦσα,

347 4181 604 4236 ἁπάντων
637 4174 938 4247 ἀνθρώπων
982 4167 1051 4244 ἦν
1100 4171 1424 4241 πενεστέρα,
1455 4171 1551 4224 καὶ
1597 4169 1805 4234 πάντας
1852 4172 2020 4242 ὑπερ-

347 4269 618 4340 ηκόντισε.
646 4265 738 4333 Μὴ
772 4262 953 4315 τοίνυν
990 4259 1133 4340 μέγα
1161 4275 1213 4312 τι
1240 4257 1554 4330 νομίζωμεν
1587 4255 1725 4312 εἶναι
1766 4257 2015 4324 πλοῦτον,

351 4339 486 4426 μηδὲ
517 4348 690 4422 πηλοῦ
721 4347 963 4418 βελτίονα
1001 4339 1140 4398 εἶναι
1190 4344 1281 4397 τὸν
1329 4343 1530 4415 χρυσὸν
1577 4342 1950 4414 λογιζώμεθα⁸
1981 4347 2015 4415 ή

347 4443 457 4514 γὰρ
483 4440 617 4512 τιμὴ
646 4437 745 4506 τῆς
775 4436 905 4506 ὕλης
930 4433 1030 4488 οὐκ
1060 4432 1170 4486 ἀπὸ
1210 4435 1308 4503 τῆς
1348 4430 1582 4501 φύσεως,
1629 4431 1743 4484 ἀλλ’
1770 4433 1880 4486 ἀπὸ
1920 4433 2019 4504 τῆς

347 4528 620 4601 ἡμετέρας
652 4524 888 4586 διανοίας
913 4522 1080 4576 ἐστίν.
1113 4521 1178 4574 Et
1211 4520 1318 4591 γάρ
1349 4537 1433 4583 τις
1458 4519 1700 4590 ἀκριϐῶς
1723 4517 2016 4587 ἐξετάσειε,

347 4611 485 4664 πολύ
515 4609 608 4662 τοῦ
638 4606 839 4680 χρυσοῦ
871 4606 1087 4677 σίδηρος
1131 4603 1552 4674 ἀναγκαιότερος
1572 4619 1584 4633 ·
1619 4604 1648 4656 0
1679 4603 1778 4674 μὲν
1806 4603 1914 4675 γάρ
1939 4607 2020 4669 είς

347 4700 439 4754 τὸν
494 4698 605 4769 βίον
659 4695 916 4766 οὐδεμίαν
954 4693 1166 4762 εἰσάγει
1198 4691 1407 4762 χρείαν,
1437 4686 1592 4755 οὗτος
1639 4690 1696 4744 δὲ
1748 4691 1809 4744 τὸ
1861 4691 2019 4746 πλέον

347 4787 481 4858 ἡμῖν
506 4781 876 4839 κατεσκεύασε
898 4780 999 4851 τῆς
1021 4779 1210 4851 χρείας
1236 4779 1456 4850 μυρίαις
1479 4779 1694 4849 τέχναις
1725 4779 2022 4852 ὑπηρετού-

354 4890 534 4944 μενος.
570 4871 679 4923 Καὶ
707 4869 757 4922 τί
782 4868 924 4937 λέγω
957 4867 1159 4940 χρυσοῦ
1193 4867 1286 4919 καὶ
1311 4867 1531 4937 σιδήρου
1558 4865 1883 4938 σύγκρισιν;
1911 4867 2020 4922 τῶν

349 4959 460 5032 γὰρ
504 4955 806 5011 πολυτελῶν
850 4954 1012 5007 λίθων
1059 4951 1474 5022 ἀναγκαιότεροι
1499 4951 1548 5004 οἱ
1578 4950 1716 5004 λίθοι
1747 4944 1926 5006 οὗτοι⁸
1961 4953 2021 5019 ἐξ

351 5040 572 5100 ἐκείνων
606 5042 702 5114 μὲν
731 5040 838 5112 γὰρ
873 5039 1026 5092 οὐδὲν
1059 5039 1125 5092 ἃν
1154 5039 1365 5108 γένοιτο
1389 5037 1643 5109 χρηστὸν,
1676 5037 1784 5091 ἀπὸ
1815 5038 1872 5091 δὲ
1898 5039 2021 5092 τού-

351 5149 458 5187 των
490 5132 656 5186 οίκίαι
685 5146 745 5183 τε
778 5128 871 5182 καὶ
901 5127 1056 5197 τείχη
1103 5128 1196 5179 καὶ
1228 5125 1410 5188 πόλεις
1443 5124 1700 5196 ἔστησαν.
1737 5127 1810 5179 Σὺ
1836 5125 1894 5180 δέ
1930 5144 2021 5198 μοι

349 5221 543 5288 δεῖξον,
578 5220 630 5274 τί
669 5219 731 5272 τὸ
781 5217 973 5288 κέρδος
1023 5215 1131 5270 ἀπὸ
1174 5213 1283 5267 τῶν
1338 5215 1698 5285 μαργαριτῶν
1726 5216 1926 5284 γένοιτ’
1954 5217 2020 5271 ἂν

349 5309 574 5372 τούτων,
603 5307 801 5379 μᾶλλον
827 5306 884 5360 δὲ
908 5306 1058 5359 ποῖον
1080 5303 1179 5356 οὐκ
1204 5302 1268 5357 ἂν
1291 5302 1501 5370 γένοιτο
1523 5302 1748 5372 βλάϐος;
1781 5304 1892 5358 Καὶ
1912 5304 2022 5377 γὰρ

352 5401 441 5453 ἵνα
479 5398 544 5451 σὺ
577 5396 774 5450 κόκκον
803 5393 899 5448 ἐνα
943 5392 1202 5466 φορέσῃς,
1242 5389 1424 5462 μυρίοι
1467 5389 1546 5460 τῷ
1595 5389 1740 5460 λιμῷ
1788 5391 2022 5461 πένητες

351 5490 638 5559 ἄγχονται·
671 5485 834 5546 ποίας
858 5477 950 5536 οὖν
991 5479 1290 5550 ἀπολογίας
1330 5477 1536 5549 τεύξῃς
1583 5476 1730 5542 τίνος
1773 5480 2022 5550 συγγνώ-

356 5587 465 5642 μης
479 5590 494 5637 ἓ
1907 5615 1914 5623 -

424 5659 612 5713 Βούλει
638 5658 909 5729 κοσμῆσαι
931 5655 992 5710 τδ
1019 5655 1341 5728 πρόσωπον;
1372 5652 1446 5724 μὴ
1479 5653 1865 5725 μαργαρίταις,
1886 5654 2022 5710 ἀλλά

360 5746 674 5819 σωφροσύνῃ
715 5747 808 5799 καὶ
853 5744 1142 5816 σεμνότητι
1164 5745 1185 5776 ·’
1227 5740 1371 5795 οὕτω
1417 5741 1774 5811 χαριεστέραν
1829 5741 2018 5812 ὃψεται

420 5884 444 5913 ³
463 5879 559 5929 Alii
584 5879 862 5940 χαλινῶσαι.

1106 379 1170 436 S.
1209 374 1493 434 JOANNIS
1531 371 2020 431 CHRYSOSTOMI
2052 370 2377 429 ARCIIIEP.
2418 371 2968 432 CONSTANTINOP.

2116 490 2213 556 τὴν
2245 489 2367 557 ὄψιν
2390 493 2418 544 0
2449 491 2608 562 ἀνήρ.
2628 492 2865 554 Ἐκεῖνος
2899 490 2999 561 μὲν
3030 489 3138 561 γὰρ
3169 492 3197 544 ό
3221 490 3422 562 κόσμος
3454 493 3548 546 καὶ
3579 495 3657 559 είς
3678 491 3782 562 ζηο

2114 574 2372 641 λοτυπίας
2415 578 2648 648 ὑποψίαν
2693 578 2984 649 ἐμϐάλλειν
3012 577 3203 632 είωθεν
3228 578 3322 632 καὶ
3354 580 3433 642 είς
3456 580 3654 651 ἐχθρας
3685 584 3786 636 καὶ

2115 664 2446 733 φιλονεικίας
2478 667 2570 720 καὶ
2607 666 2788 737 μάχας
2807 682 2825 698 ο
2855 667 3009 721 οὐδὲν
3039 666 3147 738 γὰρ
3171 665 3385 737 δψεωςδ
3414 668 3788 742 ὑποπτευομέν-

2113 770 2211 822 νης
2245 753 2598 825 ἀηδέστερον⁸
2630 758 2659 809 0
2685 755 2742 808 δὲ
2772 757 2872 826 τῆς
2903 755 3271 826 ἐλεημοσύνης
3299 757 3394 810 καὶ
3431 758 3788 828 σωφροσύνης

2115 841 2318 912 κόσμος
2363 843 2542 897 πᾶσαν
2573 843 2672 915 μὲν
2701 843 2952 898 ἐκϐάλλει
2985 843 3228 914 πονηρὰν
3274 845 3547 907 ὑπόνοιαν,
3584 847 3788 910 παντὸς

2113 928 2170 981 δὲ
2195 928 2396 1000 δεσμοῦ
2425 931 2778 1002 σφοδρότερον
2805 932 3168 987 ἐπισπάσεται
3189 932 3280 986 τὸν
3299 932 3560 989 σύνοικον.
3576 936 3650 988 Οὐ
3672 936 3788 1007 γὰρ

2114 1016 2256 1070 οῦτω
2293 1016 2524 1082 κάλλους
2567 1018 2728 1089 φύσις
2760 1019 3036 1091 εὔμορφον
3076 1023 3219 1074 ποιεῖ
3243 1021 3486 1090 γίνεσθαι
3512 1022 3607 1092 τὴν
3634 1024 3783 1092 ὄψιν,

2115 1103 2190 1168 ὼς
2215 1106 2248 1176 ἡ
2278 1103 2371 1158 τοῦ
2405 1105 2738 1180 θεωροῦντος
2762 1108 2933 1178 αὐτὴν
2961 1107 3206 1172 διάθεσις
3230 1125 3244 1137 ’
3273 1109 3511 1163 διάθεσιν
3533 1109 3591 1163 δὲ
3626 1112 3787 1165 οὐδὲν

2114 1193 2307 1258 οὓτως,
2330 1194 2405 1258 ὡς
2438 1194 2756 1266 σωφροσύνη
2783 1196 2877 1249 καὶ
2908 1197 3175 1268 σεμνότης
3205 1200 3378 1250 ποιεῖν
3406 1197 3787 1253 είωθεν.Ὤστε

2115 1283 2216 1341 κᾶν
2250 1285 2524 1357 εὔμορφος
2599 1303 2704 1350 τις,
2731 1286 2986 1358 ἀπεχθῶς
3008 1287 3065 1340 δὲ
3091 1286 3227 1358 πρὸς
3257 1287 3426 1359 αὐτὴν
3448 1292 3475 1342 0
3498 1290 3636 1362 ἀνὴρ
3657 1289 3782 1364 ἔχῃ,

2115 1376 2329 1430 πάντων
2362 1376 2690 1449 αίσχροτέρα
2717 1377 2863 1448 αὐτῷ
2896 1379 3140 1448 φανεῖται
3159 1395 3172 1408 ·
3203 1377 3305 1431 κᾶν
3339 1377 3413 1449 μὴ
3436 1379 3573 1451 τύχη
3599 1397 3680 1443 τις
3699 1382 3786 1433 εὐ-

2116 1466 2334 1534 πρεπὴς
2372 1462 2526 1529 οὖσα,
2554 1467 2728 1537 ἡδέως
2752 1467 2809 1522 δὲ
2841 1465 2975 1538 πρὸς
3008 1465 3176 1537 αὐτὴν
3201 1469 3228 1519 0
3251 1466 3392 1538 ἀνὴρ
3420 1466 3535 1539 ἔχῃ,
3564 1467 3783 1522 πάντων

2113 1552 2490 1624 εὐμορφοτέρα
2537 1553 2686 1624 αὐτῷ
2719 1556 3000 1621 φανεῖταιο
3031 1553 3090 1605 οὐ
3121 1552 3232 1624 γὰρ
3275 1554 3333 1605 ἐν
3371 1558 3437 1626 τῇ
3483 1554 3639 1624 φύσει
3670 1554 3784 1608 τῶν

2113 1640 2424 1710 ὁρωμένων,
2459 1641 2572 1693 ἀλλ’
2595 1643 2653 1694 ἐν
2680 1643 2746 1711 τῇ
2792 1640 3030 1694 διαθέσει
3073 1639 3182 1694 τῶν
3224 1639 3474 1712 ὁρώντων
3517 1642 3574 1694 αί
3611 1642 3785 1712 ψῆφοι

2115 1728 2375 1796 γίνονται.
2411 1726 2764 1781 Καλλώπισον
2791 1727 2969 1781 τοίνυν
2998 1728 3098 1798 τὴν
3130 1728 3250 1798 ὄψιν
3283 1729 3622 1801 σωφροσύνῃ,
3649 1747 3787 1801 σεμο

2117 1817 2319 1886 νότητι,
2351 1814 2710 1887 ἐλεημοσύνη,
2737 1815 3135 1888 φιλανθρωπίᾳ,
3165 1818 3378 1892 ἀγάπῃ,
3407 1822 3469 1890 τῇ
3517 1821 3643 1890 περὶ
3689 1821 3787 1874 τὸν

2115 1905 2283 1977 ἀνδρα
2327 1903 2711 1977 φιλοφροσύνῃ,
2749 1905 3040 1976 ἐπιεικείᾳ,
3088 1907 3375 1976 πραότητι,
3422 1905 3740 1979 ἀνεξικακίᾳ
3768 1926 3783 1936 ·

2115 1994 2289 2047 ταῦτα
2317 1993 2417 2064 τῆς
2451 1992 2654 2064 ἀρετῆς
2695 1992 2766 2046 τὰ
2812 1992 3113 2064 χρώματα·
3147 1994 3235 2048 διά
3263 1993 3464 2048 τούτων
3496 1997 3784 2064 ἀγγέλους,

2115 2083 2216 2136 οὐκ
2261 2081 2582 2152 ἀνθρώπους
2628 2080 2862 2152 ἐραστὰς
2909 2081 3208 2154 ἐπισπάσῃ,
3246 2081 3334 2135 διὰ
3373 2083 3578 2137 τούτων
3619 2086 3787 2138 αὐτὸν

2117 2171 2259 2240 ἔχεις
2306 2171 2395 2222 τὸν
2427 2169 2560 2222 Θεὸν
2585 2169 2906 2240 ἐπαινέτην·
2940 2169 3068 2222 ὅταν
3107 2169 3164 2222 δὲ
3208 2172 3237 2224 0
3266 2170 3398 2234 Θεὸς
3438 2172 3785 2242 ἀποδέξηται,

2117 2259 2214 2313 καὶ
2258 2260 2350 2312 τὸν
2382 2258 2550 2327 ἄνδρα
2576 2273 2659 2310 σοι
2689 2257 2945 2322 ὑποτάξει
2985 2259 3222 2321 πάντως.
3272 2260 3336 2312 El
3363 2259 3474 2331 γάρ
3499 2261 3656 2330 σοφία
3690 2262 3786 2314 ἀν·-

2117 2346 2336 2418 θρώπου
2387 2345 2610 2415 φωτίζει
2662 2345 2725 2398 τὸ
2787 2347 3098 2416 πρόσωπον,
3149 2346 3327 2417 πολλῷ
3375 2348 3572 2418 μᾶλλον
3614 2351 3786 2421 ἀρετὴ

2115 2438 2368 2507 γυναικὸς
2397 2437 2619 2506 φωτίζει
2642 2435 2739 2507 τὴν
2769 2435 2912 2504 ὄψιν.
2957 2437 3022 2490 Εἰ
3053 2435 3109 2488 δὲ
3143 2437 3316 2506 μέγαν
3359 2439 3603 2508 νομίζεις
3644 2435 3788 2493 εἶναι

2114 2527 2302 2580 τοῦτον
2345 2525 2438 2578 τὸν
2479 2525 2705 2594 κόσμον,
2736 2524 2859 2577 είπέ
2893 2541 3004 2594 μοι,
3034 2525 3087 2578 τί
3131 2542 3212 2578 σοι
3237 2524 3296 2578 τὸ
3321 2525 3512 2595 ὄφελος
3544 2524 3652 2580 ἀπὸ
3675 2527 3786 2579 τῶν

2119 2614 2474 2688 μαργαριτῶν
2499 2613 2703 2666 τούτων
2725 2615 2782 2665 ἐν
2809 2613 2994 2686 ἐκείνῃ
3026 2615 3092 2684 τῇ
3119 2612 3304 2684 ἡμέρᾳ
3328 2617 3650 2684 γενήσεται;
3675 2616 3786 2668 Καὶ

2115 2705 2167 2758 τί
2199 2705 2304 2776 χρὴ
2337 2703 2516 2771 λέγειν
2559 2701 2659 2771 τὴν
2706 2701 2920 2773 ἡμέραν
2953 2701 3189 2772 ἐκείνην,
3217 2703 3336 2768 ἐξὸν
3385 2704 3480 2756 καὶ
3523 2704 3633 2758 ἀπὸ
3675 2705 3787 2757 τῶν

2115 2794 2400 2865 παρόντων
2428 2790 2600 2844 ταῦτα
2631 2788 2910 2854 ἀποδεῖξαι
2942 2791 3150 2858 πάντα;
3189 2791 3318 2844 Ὅτε
3356 2792 3489 2860 γοῦν
3529 2793 3580 2846 οί
3609 2793 3787 2859 δόξαν·

2114 2899 2206 2944 τες
2234 2882 2316 2944 είς
2343 2880 2434 2934 τὸν
2464 2878 2689 2949 βασιλέα
2714 2878 3016 2950 ύϐρικέναι,
3050 2879 3132 2942 είς
3163 2879 3224 2932 τὸ
3249 2879 3603 2952 δικαστήριον
3623 2893 3645 2920 ο
3676 2883 3786 2935 είλ-

2116 2986 2275 3023 κοντο
2302 2969 2546 3039 καὶπερὶ
2574 2967 2681 3020 τῶν
2710 2967 2954 3037 ἐσχάτων
2983 2968 3338 3032 ἐκινδύνευον,
3379 2969 3499 3022 τότε
3531 2971 3586 3023 al
3623 2971 3788 3042 μητέ-

2117 3074 2210 3128 ρες
2240 3058 2334 3111 καὶ
2363 3058 2418 3110 αί
2448 3057 2703 3124 γυναῖκες
2740 3053 2812 3107 τά
2851 3055 3206 3125 περιδέρραια
3241 3060 3336 3110 καὶ
3367 3056 3438 3110 τά
3465 3059 3663 3128 χρυσία
3693 3060 3787 3113 καὶ

2114 3147 2243 3210 τοὺς
2291 3143 2634 3216 μαργαρίτας
2665 3141 3000 3213 ἀποθέμεναι
3051 3145 3146 3197 καὶ
3190 3145 3282 3197 τὸν
3327 3146 3531 3215 κόσμον
3574 3147 3789 3200 ἅπαντα

2115 3237 2211 3290 καὶ
2257 3234 2328 3289 τά
2376 3234 2567 3304 ἱμάτια
2612 3231 2682 3286 τά
2734 3233 2932 3301 χρυσᾶ,
2967 3231 3118 3302 λιτὴν
3152 3232 3247 3285 καὶ
3285 3231 3474 3303 εὐτελῆ
3524 3231 3782 3288 λαϐοῦσαι

2115 3324 2338 3394 ἐσθῆτα,
2367 3322 2463 3376 καὶ
2489 3319 2680 3374 σποδὸν
2708 3319 3186 3390 καταπασάμεναι,
3216 3319 3311 3373 καὶ
3343 3320 3447 3391 πρὸ
3470 3321 3580 3374 τῶν
3612 3322 3789 3390 θυρῶν

2113 3412 2208 3465 τοῦ
2249 3408 2599 3479 δικαστηρίου
2646 3407 3075 3478 κυλινδούμεναι,
3107 3408 3250 3461 οὕτω
3294 3409 3420 3472 τοὺς
3470 3409 3784 3474 δικάζοντας

2114 3499 2485 3569 ἐπέκαμπτον.
2518 3498 2582 3549 Εἰ
2604 3495 2660 3549 δὲ
2683 3497 2776 3548 ἐπί
2801 3495 2908 3548 τῶν
2937 3495 3172 3550 ἐνταῦθα
3203 3495 3567 3568 δικαστηρίων
3596 3499 3665 3551 τὰ
3692 3499 3788 3569 μὲν

2116 3587 2312 3658 χρυσία
2343 3585 2435 3639 καὶ
2459 3585 2508 3637 οἱ
2548 3585 2884 3654 μαργαρῖται
2911 3583 3006 3636 καὶ
3038 3584 3070 3653 ἡ
3098 3583 3314 3654 ποικίλη
3339 3585 3502 3654 ἐσθὴς
3527 3585 3788 3657 ἐπιϐουλὴ

2116 3675 2212 3728 καλ⁸
2260 3672 2520 3743 προδοσία
2564 3669 2712 3742 [242]
2749 3671 2946 3738 γένοιτ’
2971 3669 3057 3735 ἀν,
3107 3672 3141 3743 ἡ
3188 3671 3245 3724 δέ
3299 3671 3567 3725 ἐπιείκεια
3612 3673 3706 3726 καὶ
3753 3675 3788 3746 ἡ

2116 3761 2362 3834 πραότης
2392 3760 2485 3812 καὶ
2509 3760 2543 3829 ἡ
2567 3759 2744 3828 τέφρα
2772 3756 2953 3811 καὶτὰ
2986 3758 3198 3830 δάκρυα
3221 3761 3315 3813 καὶ
3343 3758 3413 3813 τά
3444 3759 3636 3829 εὐτελῆ
3665 3762 3791 3831 ίμά-

2116 3865 2206 3901 τια
2250 3847 2448 3918 μᾶλλον
2488 3847 2786 3899 ἐπισπᾶται
2813 3845 2904 3898 τὸν
2935 3844 3215 3917 δικαστὴν,
3244 3846 3423 3917 πολλῷ
3459 3847 3658 3918 μᾶλλον
3697 3849 3791 3902 ἐπὶ

2115 3935 2217 4005 τῆς
2243 3933 2541 3988 ἀδεκάστου
2585 3931 2768 4003 ψήφου
2819 3931 2915 3985 καὶ
2964 3933 3202 4004 φοϐερᾶς
3245 3933 3458 4003 ἐκείνης
3499 3934 3697 4002 γένοιτ’
3725 3935 3792 3990 ἂν

2072 4023 2292 4076 .τοῦτο.
2320 4021 2454 4074 Τίνα
2500 4020 2609 4092 γὰρ
2656 4019 2819 4084 ἔξεις,
2869 4020 2989 4074 είπέ
3035 4038 3146 4092 μοι,
3189 4020 3346 4090 λόγον
3397 4023 3590 4085 εἰπεῖν,
3634 4024 3795 4076 ποίαν

2117 4110 2434 4178 ἀπολογίαν,
2467 4108 2594 4161 ὅταν
2625 4109 2654 4160 0
2680 4107 2958 4178 Δεσπότης
2997 4109 3202 4179 ἐγκαλῇ
3229 4124 3312 4161 σοι
3355 4109 3483 4180 περὶ
3515 4108 3622 4162 τῶν
3651 4127 3793 4182 μαρ-

2117 4197 2358 4270 γαριτῶν
2386 4195 2610 4258 τούτων,
2643 4195 2736 4248 καὶ
2766 4195 2892 4258 τοὺς
2920 4195 3157 4265 πένητας
3200 4196 3280 4260 είς
3311 4196 3475 4265 μέσον
3503 4197 3684 4266 ἀγάγῃ
3716 4198 3799 4268 τῷ

2116 4284 2261 4357 λιμῷ
2289 4283 2714 4355 διαφθαρέντας;
2750 4281 2851 4336 Διά
2887 4281 3043 4335 τοῦτο
3071 4282 3100 4334 0
3131 4281 3342 4345 Παῦλος
3373 4282 3528 4352 ἔλεγε
3547 4302 3560 4314 ·
3595 4285 3692 4353 Μὴ
3725 4287 3795 4340 ἐν

2118 4374 2478 4443 πλέγμασιν,
2497 4371 2534 4439 ἢ
2569 4371 2816 4440 χρυσίῳ,
2835 4371 2874 4439 ἢ
2894 4372 3303 4439 μαργαρίταις,
3325 4371 3363 4439 ἢ
3385 4371 3674 4442 ἱματισμῷ
3696 4387 3799 4428 πο.

2118 4461 2377 4518 λυτελεῒ.
2397 4461 2674 4515 Ἐντεῦθεν
2703 4459 2804 4530 μὲν
2834 4461 2942 4530 γὰρ
2961 4463 2994 4529 ἡ
3023 4459 3281 4531 ἐπιϐουλὴ
3312 4460 3508 4529 γένοιτ’
3529 4462 3596 4514 ἄν
3616 4479 3631 4493 ·
3661 4463 3712 4514 εί
3740 4462 3798 4516 δὲ

2120 4553 2213 4604 καὶ
2230 4550 2492 4621 διηνεκῶς
2515 4549 2692 4602 αὐτῶν
2713 4547 3293 4619 ἀπολαύσαιμεν,ἀλλά
3317 4547 3396 4619 τῷ
3425 4548 3643 4620 θανάτῳ
3665 4551 3798 4604 πάν-

2117 4657 2226 4704 τως
2256 4637 2695 4710 ἀποστησόμεθα.
2715 4635 2846 4689 Ἀπὸ
2881 4635 2940 4690 δέ
2967 4636 3169 4707 ἀρετῆς
3199 4636 3466 4704 ἀσφάλεια
3498 4639 3668 4697 πᾶσα,
3699 4641 3798 4692 καὶ

2122 4728 2394 4800 μεταϐολὴ
2408 4729 2503 4782 καὶ
2521 4727 2864 4797 μετάπτωσις
2875 4724 2995 4778 οὐδε
3003 4725 3118 4795 μία,
3133 4725 3271 4779 ἀλλά
3283 4726 3377 4778 καὶ
3397 4725 3630 4782 ἐνταῦθα
3643 4727 3678 4798 ἡ
3688 4729 3797 4797 μᾶς

2119 4820 2554 4891 ἀσφαλεστέρους
2603 4819 2766 4882 ποιεῖ,
2810 4817 2908 4870 καὶ
2956 4819 3073 4870 ἐκεῖ
3112 4815 3568 4886 συμμεθίσταται.
3605 4817 3800 4871 Βούλει

2120 4906 2425 4977 κτήσασθαι
2461 4905 2828 4976 μαργαρίτας,
2854 4903 3068 4956 καὶτὸν
3117 4901 3346 4956 πλοῦτον
3388 4901 3578 4956 τοῦτον
3624 4905 3795 4974 μηδέ-

2121 5011 2253 5047 ποτε
2274 4992 2572 5046 ἀποθέσθαι
2593 5009 2607 5057 ;
2631 4990 2994 5060 περιελομένη
3015 4989 3105 5043 τὸν
3123 4990 3327 5061 κόσμον
3352 4991 3570 5044 ἅπαντα
3594 4992 3675 5054 εἰς
3697 4992 3800 5056 τὰς

2120 5082 2215 5136 τοῦ
2240 5079 2478 5152 Χριστοῦ
2514 5082 2703 5150 χεῖρας
2729 5078 2932 5132 ἀπόθου
2959 5076 3044 5130 διὰ
3085 5076 3196 5131 τῶν
3242 5079 3490 5148 πενήτων
3515 5093 3530 5108 ⁸
3584 5080 3799 5146 ἐκεῖνός

2123 5188 2205 5226 σοι
2239 5169 2465 5240 φυλάξει
2489 5168 2581 5221 τὸν
2604 5165 2831 5220 πλοῦτον
2863 5165 3100 5232 ἅπαντα,
3137 5166 3356 5220 ἐπειδάν
3380 5167 3662 5238 ἀναστήσῃ
3699 5185 3801 5221 σου

2119 5259 2182 5314 τὸ
2212 5258 2370 5330 σῶμα
2407 5256 2544 5328 μετά
2587 5255 2790 5325 πολλῆς
2813 5256 2915 5326 τῆς
2936 5253 3320 5326 λαμπρότητος
3339 5272 3353 5286 ·
3384 5256 3506 5309 τότε
3550 5273 3634 5310 σοι
3676 5255 3804 5325 βελ-

2118 5349 2269 5402 τίονα
2298 5345 2584 5416 περιθήσει
2616 5343 2846 5398 πλοῦτον
2892 5345 2987 5396 καὶ
3030 5343 3232 5413 κόσμον
3268 5344 3510 5413 μείζονα,
3545 5344 3623 5408 ὼς
3667 5345 3698 5398 ὃ
3733 5362 3804 5415 γε

2121 5434 2313 5509 παρὼν
2357 5428 2512 5498 οὗτος
2542 5432 2766 5503 εὐτελὴς
2804 5430 2898 5485 καὶ
2931 5431 3354 5500 καταγέλαστος.
3373 5431 3659 5503 Ἐννόησον
3702 5430 3805 5487 οὖν

2120 5527 2262 5580 τίσιν
2309 5524 2563 5595 ἀρέσκειν
2594 5521 2791 5593 βούλει,
2827 5521 2922 5574 καὶ
2946 5519 3035 5573 διά
3061 5518 3209 5583 τίνας
3235 5520 3544 5590 περίκεισαι
3582 5519 3675 5574 τὸν
3705 5521 3805 5574 x0-

2124 5630 2259 5686 σμον
2283 5611 2493 5676 τοῦτον,
2521 5611 2609 5664 ἵνα
2632 5611 2660 5662 0
2685 5608 3117 5679 σχοινοστρόφος,
3149 5607 3244 5662 καί⁵
3267 5609 3294 5661 0
3321 5606 3678 5678 χαλκοτύπος.
3708 5614 3812 5664 καὶ

2121 5703 2150 5757 0
2178 5703 2438 5774 ἀγοραῖος
2476 5697 2676 5760 ίδόντες
2707 5695 3059 5764 θαυμάσωσιν
3083 5711 3100 5727 θ
3139 5692 3261 5750 εἷτα
3289 5694 3386 5748 οὐκ
3413 5694 3648 5768 αίσχύνῃ
3674 5697 3804 5752 οὐδὲ

2188 5809 2217 5850 ID
2243 5809 2444 5869 Aliquot
2475 5817 2590 5869 mss_.
2616 5804 2696 5851 καὶ
2719 5802 2871 5869 μάχας
2893 5799 3064 5869 ἐνάγει,
3085 5800 3224 5869 ρῦδὲν
3245 5800 3296 5849 δὲ
3321 5800 3492 5869 όψεως.

2192 5875 2213 5903 ο
2239 5861 2474 5932 Alii-1100:,
2492 5868 2547 5915 τὸ
2568 5861 2883 5925 δικαστήριον.
2914 5862 3037 5910 Infra
3056 5862 3118 5911 al.
3143 5863 3427 5926 μαργαρίτας
3448 5861 3800 5922 ἀποτιθέμεναι.
