4046 6396
370 418 477 476 23⁸1

366 547 482 588 cata
523 534 773 599 dimittat,
810 549 996 590 verum
1024 543 1081 591 et
1117 534 1256 605 quod
1302 534 1415 606 ipsa
1460 550 1566 589 non
1608 534 1810 591 revelet
1854 548 1955 590 nec

331 640 337 645 '
368 628 648 684 manifesta
682 629 868 695 faciat,
902 645 1002 685 nec
1045 630 1360 685 accedentes
1386 639 1541 699 cogat
1584 629 1636 683 in
1663 628 1842 683 medio
1867 643 1957 698 pa-

369 730 502 774 trata
524 720 757 788 edicere,
783 721 877 776 sed
903 721 1005 777 sibi
1034 722 1133 776 soli
1155 722 1416 777 rationem
1445 719 1669 775 reddere
1694 719 1877 789 jubeat
1904 728 1959 773 et

364 811 467 865 sibi
494 794 760 868 confiteri.
793 814 1003 869 Etenim
1026 829 1093 869 ex
1114 813 1456 869 saecularibus
1479 813 1748 884 iudicibus
1774 813 1818 868 si
1839 813 1957 882 quis

367 902 528 957 alicui
555 914 833 974 captorum
860 905 1124 961 latronum
1146 906 1229 961 vel
1250 922 1436 960 eorum
1455 905 1545 976 qui
1566 905 1807 975 sepulcra
1827 904 1958 959 effo-

364 992 520 1048 diunt
545 994 768 1060 diceret,
806 1003 865 1051 ut
891 1005 1109 1067 peccata
1136 998 1499 1064 confiteretur,
1532 1012 1639 1068 quo
1667 997 1766 1052 sibi
1796 1010 1955 1066 poma

362 1085 745 1151 dimitteretur,
772 1102 894 1141 cum
920 1089 1067 1142 omni
1097 1096 1245 1143 certe
1277 1088 1556 1143 alacritate
1586 1088 1688 1143 hoc
1714 1088 1956 1156 suscipe-

368 1185 526 1245 rent,
555 1179 745 1234 salutis
784 1180 1075 1250 cupiditate
1104 1180 1358 1251 pudorem
1405 1189 1828 1236 contemnentes.
1859 1179 1956 1234 Ilic

365 1284 496 1323 vero
538 1270 669 1324 nihil
717 1271 822 1325 tale
863 1280 966 1339 est,
1000 1287 1178 1326 verum
1219 1282 1273 1327 et
1310 1280 1528 1341 peccata
1575 1271 1813 1339 dimittit,
1855 1286 1955 1325 nec

362 1361 509 1430 cogit
556 1362 908 1430 praisentibus
950 1362 1267 1433 quibusdam
1314 1364 1426 1432 ipsa
1481 1362 1747 1418 enuntiari
1791 1380 1804 1416 :
1858 1360 1953 1416 sed

365 1468 530 1507 unum
556 1454 731 1508 solum
756 1456 949 1526 exigit,
981 1465 1037 1510 ut
1080 1456 1193 1525 ipse
1239 1457 1555 1511 remissione
1584 1456 1788 1522 fruens,
1828 1455 1953 1511 doni

362 1543 779 1613 magnitudinem
811 1545 999 1600 discat.
1028 1545 1307 1612 Quomodo
1330 1547 1489 1616 igitur
1508 1561 1614 1600 non
1640 1545 1950 1611 absurdum,

363 1643 422 1689 ut
451 1636 502 1690 in
533 1637 725 1705 quibus
750 1652 850 1692 nos
872 1638 987 1707 ipse
1010 1638 1272 1693 beneficio
1292 1638 1475 1702 afficit,
1505 1638 1622 1693 solo
1648 1637 1952 1693 testimonio

362 1737 549 1783 nostro
570 1739 850 1785 contentus
870 1732 973 1795 sit;
996 1745 1093 1786 nos
1120 1740 1295 1785 autem
1324 1730 1377 1784 in
1403 1730 1597 1801 quibus
1617 1731 1789 1800 ipsum
1816 1730 1950 1784 coli-

358 1835 501 1885 mus,
529 1821 663 1875 alios
685 1830 848 1877 testes
869 1837 1171 1892 qumramus
1196 1831 1251 1876 et
1271 1823 1335 1877 ad
1357 1823 1769 1877 ostentationem
1790 1820 1949 1891 quid-

362 1928 520 1979 quam
553 1911 844 1967 faciamus?
875 1912 1044 1981 Ipsius
1071 1913 1229 1983 igitur
1258 1912 1639 1982 benignitatem
1668 1912 1947 1976 admirati,

361 2010 541 2057 nostra
574 2003 674 2071 ipsi
702 2002 1081 2069 exhibeamus,
1109 2012 1164 2058 et
1192 2018 1301 2073 prae
1329 2004 1579 2058 omnibus
1613 2004 1807 2073 linguae
1843 2004 1947 2057 im-

362 2104 543 2164 petum
573 2095 924 2162 refrenemus,
956 2106 1100 2153 etne
1126 2114 1340 2167 semper
1373 2099 1669 2168 loquamur.
1701 2097 1785 2151 Ex
1814 2098 1948 2151 ntul-

359 2189 569 2255 tiloquio
598 2206 813 2258 namque
837 2207 937 2244 non
966 2190 1176 2262 effugies
1206 2202 1467 2259 peccatum
1498 2190 1676 2265 (Prov.
1707 2191 1795 2246 10.
1831 2189 1945 2260 19).

359 2282 417 2335 Si
449 2298 638 2351 nempe
661 2283 943 2338 dicendum
970 2284 1100 2339 utile
1128 2284 1253 2354 quid
1279 2284 1463 2351 habes,
1510 2284 1657 2353 aperi
1696 2283 1835 2339 labia
1860 2300 1874 2337 :
1901 2284 1947 2339 si

354 2375 487 2427 nihil
520 2374 590 2427 sit
616 2376 975 2429 necessarium
994 2416 1008 2439 ,
1039 2385 1153 2430 tace
1177 2394 1191 2429 :
1216 2377 1405 2431 melius
1424 2385 1505 2430 est
1526 2376 1689 2431 enim.

434 2465 628 2534 Ubique
658 2466 793 2520 Deus
836 2466 935 2520 coli
979 2476 1161 2537 potest.
1189 2498 1259 2507 —
1286 2466 1500 2522 Artifex
1544 2468 1805 2522 manualis
1851 2468 1947 2523 es?

357 2557 555 2613 sedens
582 2559 786 2627 psalle;
819 2560 913 2615 sed
963 2575 1069 2614 non
1115 2560 1195 2615 vis
1238 2576 1333 2615 ore
1356 2561 1620 2630 psallere?
1647 2560 1748 2615 hoc
1786 2560 1948 2616 facias

361 2658 545 2705 mente
579 2667 593 2703 :
626 2666 848 2720 magnus
898 2652 1294 2708 contubernalis
1340 2655 1595 2724 psalmus.
1635 2654 1776 2708 Nihil
1823 2654 1949 2710 hinc

353 2759 521 2815 grave
549 2747 858 2811 sustinebis,
886 2746 982 2802 sed
1008 2754 1278 2816 tamquam
1310 2747 1363 2800 in
1390 2747 1717 2802 monasterio
1744 2748 1796 2801 in
1824 2746 1945 2800 offi-

355 2837 477 2890 cina
507 2837 695 2892 sedere
716 2840 915 2908 poteris
941 2856 953 2891 :
986 2853 1091 2894 non
1121 2839 1262 2894 enim
1294 2840 1532 2894 locorum
1562 2839 1909 2895 commoditas
1928 2881 1943 2906 ,

354 2926 455 2981 sed
484 2942 696 2982 morum
729 2928 965 2997 probitas
999 2930 1231 2999 quietem
1261 2929 1416 2984 nobis
1443 2929 1722 2999 praebebit.
1752 2931 1946 2985 Paulus

353 3017 498 3071 enim
527 3019 579 3072 in
607 3018 819 3074 officina
860 3030 1031 3075 artem
1061 3037 1211 3076 suam
1249 3029 1520 3087 tractans,
1552 3022 1684 3076 nihil
1713 3022 1780 3076 ad
1819 3037 1945 3092 pro-

358 3111 528 3179 priam
544 3111 795 3166 virtutem
819 3112 979 3168 laesus
999 3123 1083 3170 est
1103 3115 1241 3182 (Act.
1271 3115 1359 3169 18.
1383 3114 1462 3183 ³5).
1486 3114 1563 3169 Ne
1585 3114 1730 3169 dicas
1750 3115 1941 3185 igitur:

346 3203 637 3270 Quomodo
668 3214 871 3273 potero,
904 3220 1026 3260 cum
1054 3206 1242 3261 artifex
1283 3216 1337 3261 et
1378 3221 1581 3276 pauper
1615 3208 1738 3272 sim,
1769 3206 1945 3276 philo-

358 3294 623 3363 sophari?
670 3294 961 3365 Propterea
1005 3312 1197 3365 nempe
1243 3298 1410 3367 magis
1453 3297 1656 3368 poteris
1706 3296 1944 3368 philoso-

353 3386 528 3455 phari.
559 3385 690 3440 Nam
734 3397 1021 3457 paupertas
1069 3388 1298 3453 divitiis,
1327 3397 1382 3443 et
1424 3389 1694 3460 negotium
1738 3390 1847 3444 otio
1880 3390 1946 3444 ad

350 3478 611 3546 pietatem
651 3478 806 3534 nobis
841 3488 926 3534 est
966 3479 1320 3549 opportunius
1348 3496 1361 3532 :
1389 3479 1585 3550 quippe
1613 3495 1735 3535 cum
1775 3490 1832 3535 et
1858 3481 1942 3537 di-

352 3569 497 3623 vitiae
539 3584 645 3624 non
678 3570 1084 3626 advertentibus
1134 3570 1571 3640 impedimentum
1617 3572 1765 3626 flant.
1807 3572 1944 3628 Cum

350 3662 495 3713 enim
527 3660 659 3713 iram
698 3660 966 3716 dimittere
995 3670 1267 3731 oporteat,
1296 3676 1418 3717 cum
1465 3662 1716 3718 invidiam
1743 3666 1946 3719 exstin-

350 3767 539 3821 guere,
566 3768 688 3808 cum
728 3753 1003 3809 remittere
1051 3754 1320 3821 furorem,
1351 3769 1471 3809 cum
1519 3757 1815 3811 orationem
1860 3755 1945 3810 of-

352 3840 526 3906 ferre,
573 3858 696 3897 cum
742 3842 1125 3913 benignitatem
1171 3854 1225 3900 et
1272 3844 1766 3913 mansuetudinem,
1823 3860 1945 3901 cum

354 3934 674 3988 modestiam
700 3944 753 3989 et
781 3936 1058 3990 caritatem
1087 3935 1362 4003 exhibere,
1390 3936 1481 3991 ubi
1523 3946 1808 4007 paupertas
1846 3938 1947 3993 im-

360 4018 726 4094 pedimentum
770 4040 889 4081 esse
926 4026 1136 4080 valeat?
1161 4026 1277 4081 Non
1318 4024 1461 4082 enim
1506 4035 1782 4097 argentum
1825 4044 1947 4085 ero-

353 4125 543 4184 gantes
569 4114 686 4171 haec
714 4123 927 4185 oportet
952 4116 1122 4183 obire,
1154 4116 1249 4172 sed
1274 4128 1475 4173 rectam
1504 4117 1819 4175 exhibentes
1845 4135 1943 4175 vo-

356 4208 643 4263 luntatem.
677 4209 1031 4283 Eleemosyna
1058 4214 1287 4268 maxime
1315 4214 1556 4283 pecuniis
1584 4222 1726 4284 eget,
1757 4230 1943 4270 verum

355 4312 413 4356 et
442 4302 553 4370 ipsa
588 4317 683 4371 per
709 4314 1079 4374 paupertatem
1110 4307 1280 4376 magis
1307 4307 1523 4377 effulget
1554 4325 1567 4362 :
1599 4308 1797 4362 etenim
1826 4323 1945 4378 qua;

354 4391 494 4447 :Iuos
533 4394 724 4449 obolos
768 4396 1025 4467 erogavit,
1071 4398 1309 4452 omnium
1337 4398 1612 4453 hominum
1655 4406 1772 4453 erat
1812 4414 1944 4469 pau-

354 4483 587 4550 perrima
629 4526 644 4551 ,
691 4493 746 4539 et
800 4500 988 4542 omnes
1032 4488 1301 4557 superavit
1342 4487 1493 4560 (Luc.
1538 4489 1628 4544 21.
1673 4488 1814 4559 2-4).
1867 4489 1946 4545 Ne

355 4589 614 4643 magnum
661 4576 821 4646 igitur
845 4578 972 4647 quid
1013 4578 1225 4635 divitias
1248 4594 1368 4635 esse
1407 4588 1674 4649 putemus,
1707 4595 1807 4635 nec
1836 4581 1945 4635 luto

353 4670 550 4723 melius
575 4685 764 4724 aurum
791 4686 911 4725 esse
938 4674 1262 4742 cogitemus;
1297 4674 1533 4728 materiae
1562 4688 1793 4744 namque
1820 4689 1942 4743 pre-

354 4760 488 4814 tium
516 4776 622 4814 non
672 4775 738 4814 ex
764 4771 951 4815 natura
980 4773 1063 4817 est
1088 4802 1103 4827 ,
1135 4761 1229 4817 sed
1255 4778 1321 4817 ex
1349 4762 1600 4833 Opinione
1637 4774 1838 4818 nostra.
1887 4764 1944 4819 Si

353 4852 477 4923 quis
519 4853 663 4907 enim
708 4853 991 4924 diligenter
1028 4856 1357 4925 inquireret,
1406 4855 1572 4909 multo
1607 4856 1774 4925 magis
1815 4871 1945 4911 auro

349 4944 556 4999 ferrum
583 4946 944 5000 necessarium
972 4963 987 4999 :
1021 4945 1151 5001 illud
1178 4961 1407 5015 namque
1428 4945 1633 5000 nullum
1656 4946 1781 4999 vitae
1810 4960 1943 4999 con-

354 5036 462 5090 fert
482 5052 657 5103 usum,
690 5036 791 5091 hoc
820 5046 995 5092 autem
1039 5038 1293 5108 pleraque
1332 5039 1632 5093 necessaria
1676 5039 1829 5094 nobis
1852 5055 1946 5094 ex—

353 5126 525 5199 pedit,
557 5128 852 5184 innumeris
880 5129 1085 5184 artibus
1112 5131 1372 5185 serviens.
1423 5130 1489 5185 Et
1513 5130 1639 5200 quid
1678 5131 1799 5187 dico
1828 5133 1943 5186 auri

350 5229 409 5274 et
456 5220 584 5275 ferri
633 5222 1124 5291 comparationem?
1168 5222 1222 5277 hi
1265 5226 1407 5279 enim
1448 5226 1690 5295 vulgares
1740 5226 1944 5296 lapides

352 5311 528 5379 magis
553 5315 843 5368 necessarii
886 5322 1045 5381 sunt,
1092 5331 1247 5385 quam
1296 5316 1514 5385 pretiosi
1548 5334 1562 5369 :
1602 5332 1722 5370 nam
1750 5331 1814 5371 ex
1862 5318 1943 5373 his

354 5403 488 5457 nihil
521 5404 651 5459 utile
680 5404 791 5459 ﬁeri
832 5416 1032 5476 posset,
1062 5422 1127 5461 ex
1159 5407 1264 5461 illis
1302 5422 1430 5462 vero
1473 5408 1663 5463 domus
1691 5416 1744 5463 et
1772 5410 1940 5476 muri,

351 5502 410 5547 et
442 5493 604 5547 urbes
631 5503 950 5550 constructa:
979 5506 1120 5550 sunt.
1152 5498 1231 5552 Tu
1268 5513 1396 5553 vero
1437 5499 1567 5553 mihi
1598 5500 1903 5554 demonstra
1924 5540 1939 5565 ,

353 5599 474 5652 qum
514 5584 582 5639 de
626 5587 923 5656 margaritis
964 5587 1167 5642 utilitas
1213 5587 1349 5656 istis,
1390 5590 1629 5660 quinimo
1656 5591 1797 5662 quod
1834 5606 1939 5646 non

356 5673 481 5727 inde
515 5675 765 5730 damnum
799 5677 1045 5731 eveniat?
1073 5677 1283 5732 Etenim
1328 5687 1386 5733 ut
1413 5688 1466 5734 tu
1507 5681 1647 5736 feras
1689 5683 1939 5738 unionem

355 5782 542 5832 unum,
578 5768 839 5823 innumeri
891 5785 1151 5840 pauperes
1200 5770 1337 5826 fame
1382 5785 1733 5842 premuntur:
1782 5789 1938 5848 quam

356 5856 514 5927 igitur
534 5858 920 5928 defensionem,
952 5877 1113 5933 quam
1140 5863 1346 5919 veniam
1373 5865 1672 5936 assequeris
1704 5866 1726 5919 ’ἒ

1474 420 1568 477 AD
1605 418 2112 479 ILLUMINANDOS
2151 422 2572 483 CATECHESIS
2605 425 2683 487 II.

3546 432 3650 491 2'58

2142 535 2303 592 Verus
2327 540 2551 593 mulieris
2577 550 2805 594 ornatus.
2838 571 2910 582 --
2937 539 3031 597 Vis
3056 557 3250 600 ornare
3281 543 3468 602 faciem
3492 548 3514 600 ?
3544 563 3649 603 non

2065 630 2365 699 margaritis
2385 646 2541 698 orna,
2566 631 2662 687 sed
2679 632 2938 688 modestia
2969 644 3021 688 et
3044 635 3342 703 honestate,
3370 639 3554 709 sicque
3570 643 3653 695 vir

2064 722 2351 791 gratiorem
2398 721 2588 777 faciem
2637 733 2838 779 cernet.
2888 724 2979 780 Ille
3014 741 3208 796 nempe
3256 730 3477 784 or‘natus
3501 739 3555 785 et
3596 732 3650 784 in

2066 811 2342 884 zelotypiae
2366 813 2724 882 suSpicionem
2762 814 2983 883 injicere
3016 831 3159 885 saepe
3185 819 3320 873 solet
3345 828 3399 874 et
3424 817 3658 874 inimici-

2066 902 2166 955 tias
2194 911 2248 956 et
2288 904 2659 958 contentiones
2685 912 2738 958 et
2774 918 2974 974 pugnas
3005 906 3117 960 :nil
3167 916 3344 962 autem
3390 909 3537 963 vultu
3557 923 3650 963 su-

2062 1003 2247 1062 specto
2275 994 2511 1063 turpius;
2534 996 2891 1065 eleemosynae
2912 1011 3040 1051 vero
3064 1005 3120 1051 et
3141 998 3414 1054 modestiae
3430 1010 3650 1055 ornatus

2062 1099 2277 1140 omnem
2340 1085 2557 1155 quidem
2610 1086 2908 1155 improbam
2973 1089 3329 1158 suspicionem
3396 1091 3650 1161 expellit,

2060 1176 2207 1230 omni
2236 1185 2415 1231 autem
2442 1177 2655 1232 vinculo
2685 1177 2887 1233 ﬁrmius
2914 1180 3193 1251 conjugem
3220 1182 3469 1237 conciliat
3497 1199 3510 1235 :
3539 1197 3649 1239 non

2060 1269 2203 1322 enim
2247 1276 2352 1322 tam
2381 1268 2630 1324 decoram
2675 1282 2860 1325 natura
2902 1283 3053 1342 parat
3080 1273 3292 1341 faciem,
3319 1291 3477 1346 quam
3519 1291 3646 1346 spe-

2059 1361 2252 1415 ctantis
2304 1361 2526 1417 aﬂ'ectus
2575 1381 2589 1417 :
2641 1362 2885 1419 affectum
2924 1382 3051 1420 vero
3101 1367 3234 1421 nihil
3274 1368 3352 1423 sic
3403 1378 3461 1422 ut
3529 1384 3649 1422 mo-

2059 1452 2230 1509 destia
2293 1464 2347 1509 et
2410 1455 2663 1510 honestas
2721 1458 3003 1512 conciliare
3057 1458 3212 1513 solet.
3277 1458 3459 1530 Itaque
3526 1459 3649 1513 licet

2060 1545 2280 1615 pulchra
2326 1547 2395 1602 sit
2432 1548 2645 1614 mulier,
2679 1549 2760 1603 vir
2787 1559 2965 1604 autem
3010 1565 3135 1621 erga
3170 1552 3341 1620 ipsam
3385 1551 3526 1606 male
3569 1551 3651 1605 af-

2059 1635 2231 1693 fectus
2260 1639 2348 1705 sit,
2376 1639 2615 1697 omnium
2646 1640 2745 1710 ipsi
2778 1642 3082 1712 turpissima
3110 1642 3413 1709 videbitur;
3442 1644 3487 1699 si
3515 1658 3646 1699 vero

2058 1746 2165 1786 non
2191 1745 2314 1787 esse
2353 1731 2633 1802 pulchram
2672 1734 2900 1803 aliquam
2929 1735 3232 1805 contingat,
3258 1735 3345 1789 illa
3381 1744 3580 1801 tamen,
3601 1738 3646 1791 si

2056 1823 2173 1878 viro
2195 1838 2294 1879 suo
2318 1825 2547 1894 placeat,
2574 1825 2812 1880 omnium
2834 1825 2934 1895 ipsi
2964 1826 3321 1895 pulcherrima
3350 1841 3470 1881 esse
3494 1827 3645 1882 vide-

2056 1912 2233 1977 bitur;
2263 1928 2369 1969 non
2393 1916 2539 1970 enim
2573 1916 2626 1970 in
2662 1931 2847 1971 eorum
2869 1957 2885 1982 ,
2914 1932 3032 1986 qua:
3075 1925 3384 1982 cernuntur,
3434 1925 3643 1981 natura,

2054 2007 2150 2062 sed
2177 2008 2229 2062 in
2256 2010 2593 2064 cernentium
2625 2009 2819 2065 affectu
2842 2010 3043 2079 judicia
3087 2010 3242 2065 fiunt.
3273 2010 3516 2080 Speciem
3545 2010 3646 2081 igi-

2056 2106 2141 2152 tur
2164 2098 2274 2153 oris
2299 2114 2499 2154 exorna
2525 2100 2809 2165 modestia,
2838 2101 3140 2167 honestate,
3162 2103 3526 2172 eleemosyna,
3548 2101 3646 2155 hn—

2055 2189 2329 2255 manitate,
2361 2192 2605 2259 caritate,
2641 2207 2767 2263 erga
2796 2192 2969 2247 virum
2998 2193 3305 2255 dilectione,
3331 2204 3643 2248 mansuetu-

2056 2279 2201 2347 dine,
2235 2282 2595 2353 benignitate,
2626 2285 2887 2339 malorum
2930 2285 3213 2340 tolerantia
3246 2304 3258 2338 :
3294 2286 3348 2340 hi
3387 2295 3511 2340 sunt
3537 2288 3644 2339 vir-

2056 2373 2183 2426 tutis
2209 2375 2437 2439 colores,
2472 2390 2569 2444 per
2589 2374 2689 2429 hos
2718 2375 2922 2432 allicies
2960 2376 3197 2446 angelos,
3229 2391 3337 2431 non
3366 2377 3607 2432 homines
3626 2420 3641 2443 ,

2057 2480 2152 2533 per
2177 2465 2277 2520 hos
2306 2466 2479 2536 ipsum
2512 2466 2734 2523 habebis
2760 2468 2927 2522 Deum
2966 2467 3298 2522 laudatorem
3328 2486 3341 2523 :
3369 2483 3489 2523 cum
3514 2482 3645 2523 vero

2057 2557 2197 2613 Deus
2222 2560 2577 2629 acceptaverit
2598 2601 2611 2624 ,
2638 2572 2691 2614 et
2733 2561 2905 2615 virum
2934 2561 3151 2616 omnino
3180 2561 3274 2615 tibi
3308 2560 3555 2631 placabit.
3586 2562 3644 2615 Si

2053 2650 2198 2703 enim
2244 2650 2344 2704 viri
2388 2651 2647 2721 sapientia
2692 2650 2880 2707 faciem
2924 2652 3219 2719 illuminat,
3266 2652 3433 2707 multo
3475 2653 3644 2722 magis

2038 2739 2221 2797 virtus
2243 2740 2480 2796 mulieris
2496 2742 2699 2797 vultum
2728 2742 2992 2797 illuminat
3018 2742 3213 2812 (Eccle.
3242 2743 3296 2798 8.
3322 2744 3394 2813 1).
3422 2742 3477 2798 Si
3516 2758 3644 2797 vero

2054 2840 2209 2901 putas
2230 2847 2351 2888 esse
2376 2848 2625 2902 magnum
2654 2833 2796 2889 hunc
2816 2844 3084 2897 ornatum,
3114 2834 3201 2890 dic
3216 2834 3366 2899 mihi,
3391 2850 3508 2904 qua:
3533 2835 3642 2889 uti-

2055 2924 2176 2979 litas
2220 2924 2314 2979 tibi
2344 2924 2396 2978 in
2432 2924 2521 2980 die
2568 2926 2656 2980 illa
2706 2926 2774 2981 de
2820 2926 3128 2996 margaritis
3175 2926 3290 2980 istis
3332 2926 3545 2981 veniet?
3576 2926 3645 2980 Et.

2054 3016 2182 3085 quid
2223 3030 2358 3087 opus
2388 3016 2533 3072 diem
2579 3018 2725 3073 illam
2754 3033 3180 3073 commemorare
3202 3059 3217 3084 ,
3246 3033 3369 3073 cum
3404 3019 3564 3073 liceat
3589 3029 3644 3073 et

2053 3123 2116 3162 ex
2149 3107 2502 3177 praesentibus
2529 3108 2643 3164 hare
2672 3110 2851 3165 omnia
2891 3110 3303 3165 demonstrare?
3331 3109 3467 3165 Cum
3496 3111 3640 3165 enim

2054 3199 2111 3265 ii,
2139 3200 2229 3270 qui
2259 3199 2572 3269 Imperatori
2602 3202 2983 3256 contumeliam
3013 3201 3341 3268 intulerant,
3370 3201 3437 3273 ad
3471 3202 3642 3257 tribu-

2054 3293 2141 3347 nal
2172 3292 2519 3348 trahebantur
2546 3301 2600 3348 et
2632 3292 2699 3348 de
2732 3297 2988 3349 extremis
3017 3293 3482 3364 periclitabantur,
3518 3303 3642 3348 tunc

2052 3393 2253 3440 matres
2278 3394 2333 3440 et
2376 3400 2571 3440 uxores
2613 3385 2832 3440 monilia
2855 3400 3017 3440 aurea
3051 3392 3106 3439 et
3130 3385 3443 3454 margaritas
3474 3384 3643 3454 depo-

2054 3484 2243 3530 nentes
2287 3483 2769 3546 ornamentumque
2804 3490 2964 3531 omne
3007 3484 3063 3529 et
3098 3476 3416 3530 vestimenta
3456 3488 3640 3539 aurea,

2054 3569 2210 3624 vilem
2246 3577 2301 3625 et
2329 3569 2590 3638 ahjectam
2620 3577 2823 3624 vestem
2866 3576 3161 3634 sumentes,
3187 3574 3242 3623 et
3283 3567 3519 3623 cinerem
3557 3567 3641 3621 in-

2053 3669 2368 3731 spergentes
2394 3661 2516 3726 sibi,
2549 3670 2603 3715 et
2633 3670 2760 3717 ante
2781 3661 2879 3716 fori
2896 3660 3088 3730 januas
3119 3676 3179 3716 se
3203 3660 3536 3726 volutantes,
3564 3660 3643 3715 sic

2048 3752 2255 3824 iudices
2275 3736 2589 3808 exorabant.
2618 3753 2676 3809 Si
2702 3762 2877 3808 autem
2900 3753 2953 3808 in
2983 3752 3066 3807 his
3087 3752 3305 3823 iudiciis
3333 3766 3495 3806 aurea
3520 3751 3639 3822 qui-

2052 3842 2176 3898 dem
2220 3844 2440 3899 monilia
2486 3852 2543 3899 et
2588 3843 2818 3899 uniones
2844 3852 2899 3899 et
2935 3843 3082 3897 varia
3127 3842 3293 3899 vestis
3341 3839 3547 3896 insidiae
3588 3850 3643 3896 et

2052 3936 2284 4007 proditio
2304 3935 2520 4002 fuerint,
2539 3934 2894 3991 mansuetudo
2914 3944 3117 3995 autem,
3141 3935 3463 4004 benignitas,
3483 3932 3638 3996 cinis,

2053 4028 2304 4101 lacrymaa
2350 4036 2405 4082 et
2433 4028 2558 4082 vilia
2602 4030 2920 4081 vestimenta
2965 4029 3134 4096 magis
3178 4025 3413 4096 judicem
3462 4024 3644 4079 conci-

2052 4118 2226 4173 Iiant:
2261 4119 2430 4173 multo
2470 4117 2639 4188 magis
2669 4120 2719 4171 in
2746 4117 2947 4187 judicio
2994 4117 3086 4171 illo
3114 4116 3407 4171 inevitabili
3444 4125 3498 4170 et
3528 4125 3639 4169 tre-

2052 4209 2249 4264 mendo
2301 4210 2405 4264 hoc
2458 4210 2570 4264 fiet.
2618 4209 2786 4276 Quam
2838 4210 2984 4264 enim
3036 4209 3301 4263 rationem
3357 4207 3639 4262 dicendam

2053 4301 2309 4357 habebis?
2336 4317 2516 4371 quam,
2558 4301 2643 4356 dic
2685 4301 2834 4364 mihi,
2882 4301 3279 4355 excusationem
3301 4341 3315 4362 ,
3344 4298 3560 4368 quando
3584 4309 3637 4353 te

2054 4393 2311 4449 Dominus
2359 4392 2629 4447 accusabit
2670 4391 2737 4446 de
2768 4392 3070 4461 margaritis
3107 4391 3243 4457 istis,
3277 4398 3335 4445 et
3376 4402 3637 4458 pauperes

2054 4484 2193 4539 fame
2239 4484 2477 4553 perditos
2526 4484 2578 4537 in
2624 4484 2857 4538 medium
2899 4481 3059 4553 aget?
3104 4482 3397 4551 Propterea
3442 4479 3641 4535 Paulus

2052 4576 2261 4630 dicebat
2291 4594 2303 4629 ε
2339 4574 2463 4629 Νοη
2510 4576 2561 4628 in
2594 4576 2738 4629 tortis
2778 4574 2999 4627 crinibus
3018 4615 3032 4636 ,
3061 4572 3137 4626 vel
3164 4589 3311 4636 auro,
3339 4572 3415 4626 vel
3437 4588 3639 4641 marga-

2051 4668 2182 4734 ritis,
2209 4668 2286 4721 vel
2307 4669 2593 4722 vestimento
2615 4667 2832 4737 pretioso
2851 4667 2928 4737 (1.
2951 4665 3083 4718 Tim.
3106 4665 3159 4717 2.
3179 4664 3258 4732 9).
3283 4664 3419 4719 Hinc
3446 4679 3642 4733 nempe

2050 4766 2323 4814 struentur
2363 4757 2569 4813 insidia:
2623 4776 2636 4812 :
2691 4757 2791 4812 etsi
2834 4766 3012 4811 autem
3053 4755 3252 4826 jugiter
3305 4755 3434 4825 ipsis
3490 4753 3640 4810 frua-

2053 4867 2193 4917 mur,
2223 4859 2401 4906 tamen
2429 4850 2648 4905 omnino
2693 4864 2787 4919 per
2829 4857 3054 4903 mortem
3085 4849 3153 4904 ab
3182 4848 3312 4918 ipsis
3355 4848 3637 4917 separabi-

2051 4957 2190 4998 mur.
2218 4941 2298 4997 Ex
2315 4942 2513 4997 virtute
2536 4955 2664 4995 vero
2690 4941 2949 4995 securitas
2973 4940 3171 5001 omnis,
3199 4946 3254 4994 et
3280 4939 3506 4993 mutatio
3533 4937 3640 4992 rui-

2055 5049 2188 5089 nave
2214 5034 2381 5096 nulla,
2410 5047 2597 5087 verum
2635 5042 2689 5087 et
2730 5031 2818 5086 hic
2860 5046 2957 5086 nos
2999 5047 3062 5086 ea
3090 5030 3268 5087 reddit
3308 5032 3552 5095 tutiores,
3588 5038 3643 5084 et

2052 5125 2178 5179 illuc
2198 5126 2498 5179 comitatur.
2544 5122 2638 5179 Vis
2674 5124 2989 5193 margaritas
3030 5123 3333 5193 possidere,
3368 5136 3468 5177 nec
3507 5137 3630 5176 urn-

2050 5232 2207 5287 quam
2232 5217 2328 5271 has
2349 5216 2564 5271 divitias
2605 5216 2909 5287 deponere?
2938 5225 3182 5270 ornatum
3230 5229 3445 5269 omnem
3485 5213 3635 5268 anfe-

2050 5325 2173 5364 rens
2203 5309 2255 5363 in
2283 5309 2480 5363 Christi
2508 5322 2698 5362 manus
2727 5323 2825 5377 per
2852 5321 3115 5379 pauperes
3137 5320 3336 5375 repone
3370 5324 3383 5359 :
3413 5304 3504 5359 ille
3534 5305 3630 5359 tibi

2049 5410 2269 5456 cunctas
2312 5399 2578 5455 custodiet
2623 5398 2869 5467 divitias,
2919 5406 3198 5468 postquam
3245 5410 3441 5466 corpus
3483 5404 3633 5451 tuum

2050 5494 2217 5548 multa
2244 5507 2367 5548 cum
2395 5492 2637 5548 claritate
2662 5493 3083 5557 resuscitaverit,
3114 5500 3241 5545 tunc
3261 5490 3353 5545 tibi
3384 5489 3634 5546 meliores

2050 5586 2418 5654 circumponet
2462 5583 2674 5640 divitias
2716 5594 2773 5641 et
2812 5592 3056 5639 ornatum
3102 5582 3393 5651 majorem,
3435 5581 3645 5666 quippe.

2048 5693 2171 5735 cum
2201 5678 2272 5733 sit
2299 5677 2387 5733 hic
2412 5693 2649 5749 praesens
2671 5678 2790 5732 vilis
2815 5685 2872 5733 et
2890 5675 3165 5732 ridiculus.
3194 5673 3377 5745 Cogita
3403 5688 3635 5746 namque

2051 5772 2246 5842 quibus
2272 5771 2353 5827 vis
2381 5771 2615 5841 placere,
2644 5780 2699 5826 et
2724 5778 2943 5839 propter
2984 5783 3117 5838 quos
3154 5767 3296 5821 hunc
3336 5767 3512 5821 induis
3537 5784 3631 5821 nr-

2052 5872 2256 5933 natum,
2284 5872 2341 5919 ut
2371 5861 2610 5919 funarius
2636 5872 2688 5918 et
2724 5862 2944 5917 aerarius
2970 5870 3024 5917 ct
3061 5861 3272 5916 institor
3301 5860 3628 5915 admirentur
