4046 6396
487 381 596 439 239

488 603 724 658 tentatus,
756 601 812 647 et
844 606 981 662 quos
1006 606 1105 647 nec
1143 589 1503 661 appellatione
1530 598 1619 646 tua
1644 590 1835 661 dignos
1860 603 2067 655 censes,

486 695 707 754 propter
731 684 827 737 hos
852 682 1031 739 omnia
1057 680 1295 737 faciens?

571 775 730 829 Verba
765 776 818 829 in
839 774 1086 844 baptismo
1109 774 1329 844 prolata.
1356 803 1429 815 —
1447 772 1728 841 Quomodo
1758 773 1916 844 igitur
1937 772 2074 827 hanc

483 880 699 922 omnem
728 865 1017 921 vanitatem
1051 862 1365 919 deridebis?
1390 863 1448 919 Si
1477 865 1622 919 vocis
1653 864 1794 919 illius
1820 861 2073 918 recorde-

484 959 581 1024 ris,
611 973 765 1028 quam
787 957 913 1012 dum
937 958 1103 1012 sacris
1137 957 1439 1026 initiareris,
1468 958 1691 1013 emisisti
1740 976 1753 1012 :
1786 957 2073 1012 Abrenun-

485 1050 560 1105 tio
583 1049 698 1113 tibi,
738 1057 945 1115 satana,
987 1056 1045 1104 et
1072 1064 1279 1119 pompae
1319 1059 1423 1103 tuae
1461 1058 1516 1104 et
1558 1049 1719 1103 cultui
1763 1058 1853 1103 tuo
1883 1066 1895 1102 :
1929 1050 2069 1102 circa

482 1138 886 1211 margaritarum
919 1141 1062 1195 enim
1090 1142 1294 1195 cultum
1337 1141 1541 1195 insania
1568 1150 1651 1196 est
1689 1154 1880 1209 pompa
1926 1149 2069 1194 sata-

482 1232 625 1289 nica.
654 1234 852 1287 Aurum
881 1233 1024 1288 enim
1052 1234 1259 1304 cepisti,
1284 1249 1391 1289 non
1415 1242 1475 1288 ut
1496 1248 1691 1303 corpus
1723 1235 1947 1295 vincias,
1975 1234 2069 1288 sed

486 1334 547 1382 ut
577 1341 837 1397 pauperes
863 1328 1045 1381 solvas
1069 1336 1123 1381 et
1148 1328 1405 1382 enutrias.
1439 1327 1532 1381 Dic
1555 1327 1714 1397 igitur
1739 1325 2067 1397 frequenter,

484 1419 819 1475 Abrenuntio
874 1420 987 1487 tibi,
1050 1419 1431 1476 satanaznibil
1470 1419 1571 1476 hac
1617 1420 1781 1476 tutius
1819 1434 1971 1485 voce,
2024 1420 2070 1474 si

481 1509 651 1581 ipsam
671 1528 769 1582 per
790 1526 951 1581 opera
978 1511 1346 1566 exhibeamus.

556 1603 614 1659 5.
645 1603 791 1659 Hanc
818 1612 872 1658 et
899 1619 995 1657 vos
1023 1604 1262 1659 initiandi
1316 1614 1372 1659 ut
1392 1604 1629 1673 discatis,
1658 1605 1882 1662 obsecro
1910 1623 1923 1661 :
1955 1606 2070 1661 hazc

480 1694 627 1750 enim
650 1710 752 1749 vox
778 1694 1161 1751 confoederatio
1186 1712 1306 1751 cum
1330 1696 1565 1751 Domino
1585 1705 1688 1752 est.
1718 1697 1786 1751 Et
1809 1697 1944 1752 sicut
1968 1712 2070 1753 nos

490 1800 680 1841 servos
701 1795 960 1853 ementes,
986 1787 1130 1856 ipsos
1158 1788 1245 1859 qui
1269 1788 1587 1857 venduntur,
1607 1790 1754 1857 prius
1773 1790 2070 1860 interroga-

483 1891 607 1933 mus
634 1892 703 1932 an
729 1878 883 1933 nobis
928 1878 1131 1935 servire
1182 1880 1391 1935 velint:
1423 1881 1494 1935 ita
1530 1881 1653 1934 facit
1700 1892 1757 1935 et
1792 1879 2066 1947 Christus;

480 1968 692 2038 quando
711 1969 871 2024 debet
900 1978 952 2025 te
976 1969 1031 2025 in
1059 1970 1369 2026 servitutem
1395 1987 1610 2040 capere,
1643 1972 1790 2041 prius
1833 1973 2065 2028 interro-

482 2069 573 2131 gat
598 2075 665 2114 an
708 2061 841 2116 velis
890 2062 1037 2116 illum
1078 2062 1349 2118 crudelem
1394 2070 1678 2133 tyrannum
1715 2063 1984 2118 dimittere
2019 2072 2074 2120 et

482 2150 787 2219 immitem,
836 2160 891 2207 et
935 2152 1002 2207 ad
1054 2152 1257 2209 foedera
1301 2154 1561 2223 suscipit:
1619 2168 1726 2209 non
1763 2155 1903 2210 enim
1943 2169 2071 2209 coa-

481 2251 627 2297 ctum
655 2252 739 2297 est
772 2244 939 2310 ipsius
965 2243 1265 2314 imperium.
1299 2245 1366 2299 Et
1404 2245 1526 2301 vide
1557 2244 1650 2299 Dei
1668 2245 2068 2316 benignitatem.

485 2332 595 2389 Nos
623 2351 816 2405 nempe
863 2337 1169 2406 priusquam
1215 2338 1445 2406 pretium
1491 2353 1794 2408 erogemus,
1838 2340 2074 2394 interro-

481 2443 671 2497 gamus
712 2445 807 2484 eos
847 2432 937 2501 qui
986 2432 1307 2499 venduntur,
1342 2444 1396 2486 et
1429 2447 1551 2486 cum
1593 2432 1937 2487 didicerimus
1977 2448 2073 2489 eos

480 2520 645 2585 velle,
695 2529 821 2575 tunc
864 2522 1093 2590 pretium
1132 2536 1434 2592 erogamus.
1460 2522 1707 2578 Christus
1752 2533 1929 2578 autem
1963 2540 2073 2580 non

482 2610 586 2675 ita;
618 2626 803 2665 verum
842 2620 898 2667 et
935 2613 1162 2681 pretium
1205 2614 1445 2685 erogavit
1477 2628 1576 2683 pro
1625 2614 1872 2669 omnibus
1916 2615 2073 2671 nobis

480 2703 775 2774 pretiosum
825 2705 1135 2776 sanguinem
1189 2722 1344 2761 suum
1388 2723 1403 2760 :
1452 2706 1627 2762 Pretio
1669 2709 1833 2775 enim,
1879 2709 2070 2780 inquit,

484 2797 643 2865 empti
680 2798 795 2852 estis
820 2798 909 2870 (1.
938 2797 1057 2853 Cor.
1081 2800 1133 2854 7.
1164 2798 1235 2854 23
1263 2800 1283 2871 )
1312 2817 1324 2853 :
1354 2808 1409 2855 et
1448 2809 1626 2855 tamen
1646 2816 1817 2871 neque
1839 2801 1916 2857 sic
1930 2802 2073 2873 cogit

479 2888 583 2943 sibi
611 2889 812 2944 servire
832 2890 1097 2957 nolentes,
1130 2890 1225 2946 sed
1252 2891 1352 2946 nisi
1382 2892 1608 2962 gratiam
1636 2893 1834 2948 habeas
1862 2902 1916 2948 et
1943 2908 1975 2948 a
2016 2903 2070 2950 te

481 2979 603 3048 ipso
620 2987 675 3034 et
694 2990 884 3049 sponte
910 2982 1026 3051 ejus
1052 2982 1183 3037 velis
1209 2981 1501 3037 dominatui
1522 2982 1900 3047 adscribi,Non
1913 2998 2069 3054 cogo,

477 3070 672 3141 inquit,
701 3087 872 3141 neque
898 3074 1181 3143 compello.
1206 3074 1274 3129 Et
1301 3088 1399 3129 nos
1426 3073 1641 3145 quidem
1664 3075 1937 3144 improbos
1954 3090 2071 3132 ser-

480 3174 578 3215 vos
612 3176 680 3217 ne
722 3164 947 3218 emimus
996 3164 1209 3235 quidem
1238 3182 1250 3218 :
1278 3164 1421 3235 quod
1468 3165 1514 3220 si
1547 3164 1762 3235 quando
1806 3181 2065 3233 emamus,

479 3269 647 3323 pravo
684 3256 908 3311 consilio
939 3258 1044 3313 tale
1074 3257 1300 3329 pretium
1331 3272 1652 3329 erogamus:
1692 3257 1936 3313 Christus
1977 3272 2072 3313 au-

479 3351 590 3400 tem
616 3344 850 3416 ingratos
873 3362 1058 3405 emens
1098 3363 1284 3403 servos
1304 3349 1535 3420 iniquos,
1564 3348 1749 3419 Optimi
1776 3351 1914 3405 servi
1946 3364 2071 3419 pre-

479 3435 612 3493 tium
641 3439 879 3509 erogavit
904 3458 918 3493 :
946 3440 1053 3495 imo
1079 3455 1207 3495 vero
1227 3442 1395 3496 multo
1421 3441 1613 3512 majus,
1636 3456 1699 3496 ac
1725 3450 1872 3496 tanto
1897 3441 2071 3512 majus

481 3536 542 3582 ut
569 3543 741 3599 neque
776 3531 913 3586 ratio
938 3546 1111 3602 neque
1147 3548 1302 3589 mens
1340 3534 1505 3603 ipsius
1534 3534 1947 3603 magnitudinem
1978 3549 2070 3589 ca-

484 3619 599 3690 piat
626 3637 640 3674 :
670 3636 775 3675 non
800 3622 941 3676 enim
979 3623 1169 3679 caelum
1196 3633 1250 3679 et
1278 3633 1474 3680 terram
1521 3633 1575 3681 et
1600 3640 1747 3681 mare
1780 3625 1935 3688 dans,
1974 3626 2068 3681 sed

489 3713 740 3769 omnibus
764 3712 847 3768 his
867 3715 1231 3784 pretiosiorem
1254 3717 1563 3787 sanguinem
1589 3732 1742 3772 suum
1767 3716 2067 3785 eﬁ‘undens,

483 3803 558 3859 ita
574 3817 674 3859 nos
688 3804 915 3861 redemit
937 3823 950 3860 :
974 3815 1030 3861 et
1055 3815 1172 3877 post
1188 3806 1300 3861 haec
1315 3808 1490 3863 omnia
1515 3824 1620 3863 non
1649 3818 1809 3864 testes
1832 3825 1863 3863 a
1890 3810 2066 3878 nobis,

484 3909 596 3951 non
623 3895 972 3966 chirographa
995 3898 1184 3969 exigit,
1214 3898 1307 3954 sed
1331 3900 1443 3954 sola
1476 3908 1758 3956 contentus
1785 3910 1871 3957 est
1897 3916 2066 3955 voce:

482 3994 544 4045 et
560 3988 604 4043 si
622 3987 768 4044 dicas
787 4004 851 4043 ex
872 3988 1054 4056 corde,
1078 3991 1409 4047 Abrenuntio
1431 3992 1544 4058 tibi,
1565 4000 1770 4058 satana,
1792 4001 1846 4048 et
1861 4008 2070 4064 pompa:

482 4088 620 4147 tuae,
652 4089 822 4136 totum
850 4082 1073 4153 recepit.
1108 4082 1219 4138 Hoc
1246 4084 1408 4155 igitur
1435 4084 1673 4140 dicamus
1691 4126 1707 4151 ,
1735 4085 2070 4141 Abrenuntio

481 4171 601 4235 tibi.
626 4180 810 4228 satana
834 4190 848 4227 :
878 4182 1144 4244 tamquam
1172 4175 1222 4229 in
1247 4176 1332 4230 illa
1357 4176 1445 4232 die
1465 4176 1621 4247 hujus
1638 4176 1788 4233 vocis
1807 4178 2068 4233 rationem

480 4262 765 4332 reddituri,
790 4271 846 4320 et
873 4264 1042 4335 ipsam
1062 4265 1444 4333 custodiamus,
1475 4276 1534 4322 ut
1561 4268 1764 4323 salvum
1797 4277 1921 4323 tunc
1942 4269 2067 4323 red-

480 4353 674 4411 damus
702 4355 1022 4426 depositum.
1046 4358 1246 4428 Pompa
1273 4373 1400 4413 vero
1424 4359 1659 4414 satanica
1687 4368 1810 4414 sunt
1830 4358 2065 4427 theatra,

482 4449 773 4516 circenses,
824 4460 875 4505 et
922 4466 1084 4506 omne
1127 4460 1432 4521 peccatum,
1477 4452 1685 4507 dierum
1731 4452 2062 4519 observatio,

484 4541 791 4611 prmstigiae,
808 4552 862 4596 et
878 4542 1075 4595 omina.

555 4631 809 4689 Adversus
837 4634 1208 4689 omium—Et
1248 4633 1374 4704 quid
1415 4633 1628 4689 tandem
1675 4643 1800 4690 sunt
1849 4635 2068 4690 omina?

481 4722 639 4795 Saepe
664 4725 825 4780 domo
862 4727 982 4797 quis
1007 4743 1104 4782 sua
1133 4741 1381 4798 egressus
1406 4725 1675 4781 hominem
1703 4725 1834 4780 vidit
1860 4743 2064 4782 unocu-

481 4816 628 4883 lum,
674 4817 762 4871 vel
801 4817 1220 4885 claudicantem,
1267 4826 1323 4872 et
1364 4818 1631 4872 ominatos
1673 4825 1775 4871 est.
1820 4816 1943 4871 Hmc
1983 4826 2069 4872 est

480 4920 675 4977 pompa
704 4909 935 4963 satanica
966 4927 980 4962 :
1010 4926 1113 4964 non
1139 4909 1281 4965 enim
1326 4909 1555 4964 hominis
1584 4924 1837 4964 occursus
1870 4909 2066 4963 malum

481 4996 607 5053 facit
630 4997 795 5063 diem,
824 5000 916 5054 sed
946 5001 1001 5055 in
1031 5002 1262 5070 peccatis
1291 5001 1489 5055 vivere.
1512 4999 1645 5055 Cum
1670 5001 1828 5070 igitur
1848 5000 2063 5067 exieris,

481 5106 646 5146 unum
690 5090 849 5146 modo
886 5107 1034 5155 cave,
1074 5110 1142 5148 ne
1185 5103 1429 5148 occurrat
1473 5092 1568 5147 tibi
1611 5102 1882 5162 peccatum
1914 5110 1928 5147 :
1966 5092 2069 5148 hoc

477 5185 622 5239 enim
648 5194 731 5240 εει
753 5185 896 5254 quod
924 5187 1251 5256 supplantat,
1288 5196 1483 5256 praeter
1522 5185 1625 5239 hoc
1661 5201 1789 5240 vero
1819 5202 1918 5240 nec
1952 5186 2067 5254 ipse

478 5274 723 5331 diabolus
765 5291 865 5331 nos
909 5278 1174 5348 quidpiam
1224 5278 1420 5333 laedere
1472 5278 1687 5346 poterit.
1727 5277 1865 5344 Quid
1900 5277 2067 5332 dicis?

478 5364 752 5423 hominem
798 5370 1004 5435 cernis,
1050 5377 1106 5423 et
1143 5369 1427 5435 ominaris,
1456 5382 1557 5423 nec
1599 5369 1776 5425 cernis
1818 5368 2064 5438 laqueum

481 5456 805 5514 diabolicum
827 5459 879 5525 ί,
908 5459 1178 5529 quomodo
1200 5468 1253 5515 te
1279 5460 1375 5529 illi,
1406 5460 1496 5530 qui
1525 5469 1576 5516 te
1604 5460 1746 5515 nulla
1781 5459 1957 5515 allecit
1985 5459 2068 5513 in-

475 5547 641 5620 juria,
668 5550 841 5606 reddit
872 5552 1180 5607 inimicum?
1205 5553 1470 5623 quomodo
1506 5561 1559 5608 te
1598 5553 1750 5609 fratri
1788 5554 2066 5609 constituit

480 5640 844 5698 adversarium
865 5659 928 5697 ex
951 5644 1090 5698 nulla
1109 5644 1249 5713 justa
1271 5645 1584 5701 occasione?
1603 5645 1670 5700 Et
1695 5646 1830 5700 Deus
1847 5644 2065 5715 quidem

480 5734 565 5789 vel
593 5735 838 5789 inimicos
860 5750 1044 5791 amare
1068 5735 1371 5805 nosjussit;
1404 5744 1459 5790 tu
1480 5744 1655 5791 autem
1687 5735 1758 5789 nil
1788 5736 2071 5793 laedentem

480 5827 770 5893 aversaris,
796 5826 868 5880 nil
893 5824 1252 5882 accusandum
1282 5826 1506 5893 habens,
1532 5842 1632 5883 nec
1652 5828 1874 5897 cogitas,
1897 5842 2071 5897 quan-

483 5926 567 5975 tus
593 5917 757 5988 risus,
787 5926 1043 5989 quantum
1072 5918 1323 5988 dedecus,
1355 5920 1462 5983 imo
1487 5934 1616 5977 vero
1645 5928 1898 5991 quantum
1927 5919 2071 5991 peri-

1229 379 1285 437 S.
1326 380 1515 438 JOAN.
1556 383 1931 442 CIIRYSOST.
1974 388 2289 445 ARCHIEP.
2330 386 2859 449 CONSTANTINOP.

483 505 778 569 conspicati
802 512 1011 553 :annon
1032 495 1373 553 confunderis
1385 507 1439 551 et
1457 497 1726 553 erubescis
1756 504 1809 551 te
1843 494 1952 551 illis
1986 509 2079 551 os-

3645 392 3749 447 9ιο

2168 492 2386 550 culum?
2428 496 2682 553 Dicamne
2731 506 2785 553 et
2829 501 2970 554 aliud
3019 499 3396 557 ridiculosius?
3444 498 3747 559 Confundor

2167 602 2361 658 nempe
2387 599 2442 645 et
2481 592 2762 657 erubesco,
2789 591 2885 647 sed
2928 607 3090 663 cogor
3132 605 3350 664 propter
3394 596 3619 651 salutem
3650 613 3745 651 ve-

2166 687 2333 734 stram
2355 680 2554 737 dicere.
2584 682 2639 736 Si
2659 681 2830 753 virgo,
2854 683 3045 753 inquit,
3068 686 3383 752 occurrerit,
3414 688 3615 742 sterilis
3633 687 3747 743 dies

2164 772 2303 837 erit;
2348 772 2395 828 si
2440 789 2570 829 vero
2615 776 2890 843 meretrix,
2939 775 3167 832 dextera
3205 787 3262 833 et
3304 778 3465 846 bona,
3493 788 3548 835 et
3586 780 3747 835 multa

2167 866 2496 922 mercatione
2523 866 2698 936 plena.
2724 866 3100 937 Occultamini,
3125 880 3178 925 et
3204 869 3428 926 frontem
3450 872 3744 941 percutitis,

2165 965 2220 1010 et
2247 956 2312 1011 ad
2340 966 2533 1013 terram
2561 958 2829 1013 inclinatis
2860 976 2875 1013 :
2906 959 3001 1014 sed
3030 977 3134 1014 non
3165 977 3305 1016 nunc
3343 961 3469 1016 dum
3496 963 3747 1017 dicuntur

2167 1048 2345 1111 verba,
2373 1048 2468 1103 sed
2490 1063 2610 1103 cum
2641 1050 2773 1104 fiunt
2797 1064 2982 1120 opera,
3009 1050 3427 1107 erubescendum
3457 1061 3590 1108 erat.
3618 1053 3745 1108 Vide

2167 1152 2361 1207 nempe
2388 1138 2655 1208 quomodo
2682 1148 2737 1194 et
2766 1139 2855 1194 hic
2878 1139 3119 1196 diabolus
3143 1140 3324 1196 dolum
3354 1142 3661 1207 abscondit,
3693 1152 3748 1198 ut

2166 1229 2467 1285 modestam
2496 1231 2711 1302 quidem
2751 1247 3093 1300 aversemur,
3131 1233 3447 1303 impudicam
3477 1250 3605 1290 vero
3630 1250 3748 1304 gra-

2167 1330 2273 1376 tam
2323 1322 2616 1379 habeamus
2654 1332 2709 1379 et
2753 1339 3016 1380 amemus.
3062 1325 3323 1393 Quoniam
3370 1327 3514 1381 enim
3553 1326 3747 1381 audivit

2164 1412 2437 1469 Christum
2482 1414 2776 1481 dicentem,
2815 1415 2917 1483 Qui
2953 1418 3134 1484 aspicit
3165 1418 3427 1472 mulierem
3464 1418 3535 1471 ad
3565 1434 3746 1473 concu-

2166 1505 2477 1573 piscendum,
2488 1506 2602 1576 jam
2622 1506 2899 1561 mter/tatus
2914 1516 3109 1562 esteem
3125 1506 3404 1579 (Mettius.
3422 1508 3536 1579 28),
3551 1518 3605 1563 et
3620 1509 3747 1563 vidit

2165 1595 2362 1651 multos
2411 1596 2683 1651 lasciviam
2720 1598 2958 1663 vincere,
2986 1598 3174 1654 volens
3200 1615 3408 1653 rursum
3452 1616 3546 1669 per
3589 1600 3743 1654 aliam

2164 1688 2305 1741 viam
2336 1688 2480 1757 ipsos
2510 1688 2565 1744 in
2594 1699 2873 1759 peccatum
2904 1688 3197 1759 impellere,
3219 1706 3315 1760 per
3332 1690 3468 1745 hanc
3491 1691 3741 1746 observa-

2169 1779 2369 1835 tionem
2395 1780 2687 1837 meritoriis
2700 1780 3016 1837 mulieribus
3032 1781 3264 1838 libenter
3280 1781 3463 1838 oculos
3478 1781 3745 1838 intendere

2169 1872 2456 1940 persuasit.

2240 1961 2407 2019 Erea
2435 1964 2717 2019 Alexandri
2747 1965 2827 2020 Μ.
2869 1969 3177 2022 numismata
3217 1967 3559 2038 superstitiose
3582 1983 3733 2022 usur-

2170 2069 2307 2129 pata.
2328 2089 2398 2101 —
2427 2060 2565 2128 Quid
2593 2076 2721 2115 vero
2745 2060 2951 2116 diceret
2976 2062 3171 2132 aliquis
3206 2060 3277 2116 de
3315 2061 3400 2125 iis,
3427 2062 3515 2130 qui
3546 2061 3741 2115 carmi-

2170 2150 2325 2205 nibus
2362 2159 2416 2205 et
2454 2150 2692 2221 ligaturis
2752 2162 2990 2220 utuntur,
3047 2159 3105 2207 et
3150 2151 3218 2206 de
3267 2150 3745 2221 circumligantibus

2168 2259 2310 2298 aerea
2339 2244 2626 2302 Alexandri
2651 2244 2954 2301 Macedonis
2980 2245 3295 2300 numismata
3312 2244 3471 2315 capiti
3489 2244 3575 2298 vel
3606 2243 3747 2314 pedi-

2169 2336 2311 2390 bus?
2337 2337 2431 2391 Dic
2458 2339 2610 2403 mihi,
2640 2353 2707 2392 an
2735 2338 2821 2392 has
2845 2346 2970 2392 sunt
2988 2337 3417 2406 exspectationes
3446 2344 3662 2401 nostrae,
3693 2342 3747 2389 ut

2172 2436 2294 2497 post
2321 2442 2534 2483 crucem
2566 2439 2620 2484 et
2646 2440 2870 2484 mortem
2905 2428 3233 2483 Dominicam
3278 2427 3331 2481 in
3371 2426 3582 2497 gentilis
3611 2425 3747 2495 regis

2171 2519 2402 2589 imagine
2428 2536 2577 2591 spem
2609 2522 2797 2576 salutis
2826 2520 3155 2575 habeamus?
3174 2518 3389 2590 Ignoras
3409 2526 3604 2588 quanta
3621 2532 3745 2571 crux

2172 2611 2438 2681 perfecit?
2471 2622 2695 2667 mortem
2726 2611 3012 2679 dissolvit,
3045 2620 3322 2681 peccatum
3350 2609 3643 2673 exstinxit,
3670 2623 3748 2663 or-

2170 2720 2291 2759 cum
2319 2706 2530 2760 inanem
2560 2704 2812 2772 reddidit,
2841 2703 3050 2759 diaboli
3078 2704 3231 2759 solvit
3256 2702 3544 2773 potentiam
3564 2744 3579 2767 ,
3607 2710 3664 2756 et
3684 2702 3747 2756 ad

2170 2798 2415 2867 corporis
2443 2798 2724 2853 sanitatem
2770 2797 3124 2867 prasslandam
3169 2812 3273 2850 non
3305 2805 3389 2851 est
3418 2795 3521 2850 ﬁde
3546 2795 3701 2864 digna
3726 2797 3749 2847 ἲ

2172 2898 2341 2944 totum
2371 2888 2557 2943 orbem
2581 2889 2947 2954 exsuscitavit,
2978 2896 3034 2942 et
3061 2898 3114 2942 tu
3142 2888 3195 2941 in
3224 2888 3339 2956 ipsa
3367 2901 3473 2939 non
3502 2884 3748 2940 confidis?

2171 2982 2378 3052 etquid
2406 2982 2513 3052 pati
2542 2981 2735 3051 dignus
2788 2996 2896 3036 non
2939 2979 3147 3036 fueris?
3190 2979 3305 3034 Non
3350 2979 3601 3049 ligaturas
3625 2991 3749 3032 vero

2172 3086 2374 3131 tantum
2398 3117 2414 3145 ,
2441 3077 2535 3133 sed
2570 3077 2732 3131 etiam
2761 3082 3172 3130 excantamenta
3221 3074 3315 3128 tibi
3360 3071 3745 3135 circumducis,

2170 3169 2375 3224 vetulas
2401 3167 2576 3223 ebrias
2598 3179 2652 3223 et
2676 3167 2962 3222 titubantes
2986 3165 3202 3221 domum
3230 3164 3433 3219 ducens
3463 3181 3478 3219 :
3509 3180 3608 3219 nec
3626 3179 3750 3217 con-

2170 3259 2435 3325 fundcris,
2470 3273 2571 3314 nec
2600 3259 2894 3323 erubescis,
2927 3266 3049 3327 post
3078 3266 3275 3311 tantam
3326 3254 3395 3310 ad
3440 3256 3554 3309 haec
3593 3254 3749 3322 trepi-

2170 3350 2306 3407 dans
2333 3350 2667 3421 disciplinam
2694 3368 2709 3406 :
2731 3358 2785 3405 et
2812 3349 2953 3420 quod
2976 3348 3189 3418 gravius
3210 3356 3292 3401 est
3315 3361 3521 3413 errore,
3540 3346 3749 3415 quando

2173 3442 2290 3498 hmc
2315 3443 2668 3498 admonemus
2702 3450 2758 3496 et
2786 3440 3159 3496 dissuademus
3182 3481 3198 3506 ,
3228 3447 3481 3509 putantes
3504 3454 3564 3493 se
3592 3453 3748 3491 excu-

2170 3538 2299 3603 sari,
2322 3536 2526 3603 dicunt,
2553 3535 2852 3590 Christiana
2882 3544 2965 3589 est
2988 3533 3181 3587 mulier
3211 3532 3323 3586 haec
3358 3538 3669 3595 excantans,
3696 3539 3749 3583 et

2170 3627 2303 3683 nihil
2340 3626 2481 3682 aliud
2536 3626 2809 3697 loquitur,
2840 3639 2999 3695 quam
3042 3624 3136 3679 Dei
3191 3637 3407 3678 nomen.
3460 3621 3748 3690 Propterea

2170 3734 2402 3789 namque
2432 3717 2770 3787 potissimum
2804 3716 2975 3785 ipsam
3006 3714 3097 3769 odi
3150 3720 3207 3768 et
3243 3727 3473 3775 aversor,
3491 3710 3633 3779 quod
3660 3711 3746 3766 Dei

2172 3810 2389 3865 nomine
2414 3809 2479 3864 ad
2500 3808 2879 3864 contumeliam
2910 3815 3115 3871 utatur,
3146 3804 3287 3874 quod
3320 3819 3380 3859 se
3405 3804 3595 3859 dicens
3632 3819 3750 3858 esse

2170 3901 2545 3968 Christianam,
2589 3900 2865 3972 gentilium
2913 3912 3074 3968 opera
3104 3897 3260 3950 faciat
3287 3914 3299 3951 :
3327 3896 3526 3952 etenim
3554 3902 3610 3950 et
3638 3894 3746 3949 daa-

2171 4008 2358 4049 mones
2388 3993 2481 4047 Dei
2506 4006 2699 4047 nomen
2731 3989 3091 4061 proferebant,
3130 3989 3225 4045 sed
3258 4000 3433 4043 tamen
3459 3994 3619 4041 erant
3645 3985 3751 4041 dm-

2171 4102 2378 4150 mones,
2399 4094 2454 4141 et
2483 4086 2554 4140 ita
2583 4084 2799 4140 Christo
2832 4083 3079 4140 dicebant
3112 4100 3125 4137 :
3172 4082 3375 4137 Scimus
3415 4090 3497 4148 te,
3526 4080 3615 4152 qui
3660 4081 3748 4146 sis,

2171 4188 2373 4233 sanctus
2403 4177 2500 4232 Dei
2534 4176 2725 4249 (Marc.
2754 4179 2805 4233 1.
2833 4176 2928 4249 24)
2965 4195 2978 4231 :
3007 4187 3062 4231 et
3083 4186 3259 4230 tamen
3288 4177 3433 4245 ipsos
3458 4174 3752 4243 increpavit

2170 4282 2224 4326 et
2260 4271 2439 4342 ejecit.
2461 4271 2753 4341 Propterea
2782 4271 2978 4341 quippe
3001 4268 3154 4324 vobis
3178 4267 3419 4337 supplico
3439 4306 3458 4335 ,
3485 4275 3547 4321 ut
3564 4266 3633 4320 ab
3655 4264 3753 4320 hac

2170 4365 2288 4418 sitis
2316 4363 2518 4418 fallacia
2558 4364 2675 4432 puri
2701 4406 2716 4429 ,
2740 4372 2796 4418 et
2821 4372 3089 4432 tamquam
3116 4359 3365 4414 baculum
3400 4359 3503 4413 hoc
3530 4356 3749 4413 verbum

2172 4456 2432 4511 habeatis.
2461 4455 2530 4509 Et
2571 4457 2709 4510 sicut
2745 4454 2863 4509 sine
2899 4450 3273 4507 calceamentis
3308 4448 3391 4504 vel
3421 4448 3751 4504 vestimentis

2170 4558 2408 4606 vestrum
2437 4562 2599 4603 nemo
2639 4548 2691 4601 in
2734 4545 2907 4601 forum
2946 4542 3279 4599 descendere
3304 4541 3502 4597 vellet:
3537 4542 3608 4595 ita
3638 4541 3752 4595 sine

2169 4642 2334 4697 verbo
2361 4640 2463 4695 hoc
2501 4653 2787 4707 numquam
2840 4636 2895 4691 in
2935 4635 3109 4690 forum
3138 4633 3390 4704 prodeas,
3421 4632 3516 4687 sed
3545 4648 3668 4688 cum
3693 4646 3753 4687 es

2165 4733 2343 4802 janua:
2390 4730 2653 4786 vestibula
2694 4737 3161 4799 transgressurus,
3203 4724 3307 4779 hoc
3345 4724 3493 4795 prius
3535 4725 3752 4793 loquere

2170 4826 2413 4887 verbum,
2460 4822 2791 4878 Abrenuntio
2821 4820 2913 4875 tibi
2939 4861 2954 4883 ,
2987 4828 3172 4874 satana
3202 4858 3217 4881 ,
3244 4825 3299 4872 et
3322 4830 3534 4886 pompae
3561 4825 3666 4869 tua:
3699 4822 3751 4869 et

2170 4916 2331 4970 cultui
2362 4923 2452 4969 tuo
2474 4954 2490 4981 ,
2522 4924 2577 4968 et
2613 4912 2908 4982 conjungor
2935 4910 3066 4977 tibi,
3095 4908 3330 4964 Christe.
3370 4905 3448 4962 Ne
3497 4921 3749 4975 umquam

2170 5006 2371 5077 absque
2400 5004 2500 5060 hac
2526 5019 2657 5059 voce
2685 5018 2845 5059 exeas
2874 5019 2887 5055 :
2929 5001 3044 5056 haec
3070 5000 3173 5056 erit
3211 4998 3305 5054 tibi
3336 4996 3557 5053 baculus
3582 5038 3598 5062 ,
3642 4998 3751 5051 haec

2171 5107 2437 5155 armatura
2461 5138 2477 5163 ,
2510 5096 2625 5151 hmc
2646 5094 2806 5149 turris
2832 5092 3274 5164 inexpugnabilis.
3301 5090 3434 5145 Cum
3466 5089 3571 5144 hoc
3592 5089 3751 5144 verbo

2170 5198 2227 5246 ct
2266 5204 2475 5244 crucem
2516 5189 2568 5241 iu
2602 5185 2778 5241 fronte
2809 5184 3057 5254 imprime
3086 5201 3099 5237 :
3132 5184 3211 5238 sic
3238 5182 3381 5237 enim
3410 5196 3515 5235 non
3548 5189 3748 5234 tantum

2172 5282 2333 5336 homo
2352 5293 2656 5344 occurrens,
2681 5293 2869 5334 verum
2892 5291 2990 5331 nec
3006 5277 3121 5346 ipse
3137 5274 3378 5330 diabolus
3399 5283 3451 5328 te
3462 5274 3745 5343 quidquam

2172 5375 2369 5430 l:edere
2400 5373 2611 5443 poterit,
2641 5386 2762 5425 cum
2792 5370 2877 5425 bis
2903 5379 2955 5425 te
2979 5382 3206 5424 cernens
3230 5367 3394 5421 armis
3423 5366 3620 5436 ubique
3652 5381 3748 5433 ap-

2171 5474 2464 5536 parentem.
2498 5464 2564 5519 Et
2592 5464 2705 5518 haec
2734 5464 2959 5532 teipsum
2976 5462 3084 5531 jam
3115 5460 3239 5515 hinc
3263 5458 3414 5524 doce,
3445 5467 3503 5512 ut
3525 5474 3645 5513 cum
3673 5460 3746 5512 si-

2176 5571 2340 5624 gnum
2383 5555 2611 5626 ceperis,
2643 5553 2717 5611 sis
2758 5554 2912 5610 miles
2940 5558 3177 5623 paratus,
3193 5559 3248 5606 et
3270 5560 3455 5606 contra
3480 5548 3746 5603 diabolum

2172 5655 2432 5715 tropaeum
2487 5646 2695 5714 erigens
2721 5682 2739 5709 ,
2791 5642 3010 5710 justitim
3042 5653 3297 5694 coronam
3334 5635 3567 5704 accipias
3596 5644 3753 5701 quam

2178 5750 2278 5790 nos
2327 5750 2513 5790 omnes
2565 5732 2774 5803 assequi
2823 5731 3113 5800 contingat,
3139 5729 3306 5799 gratia
3341 5735 3398 5782 et
3434 5720 3754 5795 benignitate

2174 5825 2383 5882 Domini
2435 5826 2598 5881 nostri
2649 5822 2773 5879 Iesu
2818 5822 3040 5886 Christi,
3075 5835 3196 5875 cum
3242 5834 3347 5890 quo
3398 5816 3539 5871 Patri
3585 5812 3746 5885 gloria

2174 5920 2333 5980 simul
2349 5929 2403 5978 et
2427 5925 2612 5978 sancto
2640 5914 2876 5989 Spiritui,
2896 5914 2951 5972 in
2979 5914 3172 5973 saecula
3201 5910 3531 5971 seculorum.
3551 5910 3736 5965 Amen.
