4046 6396
216 393 325 448 I39

218 506 480 581 ἐρυθριᾷς
521 508 750 575 ἐκείνοις
781 507 1219 580 ἐπιδεικνυμένη,
1246 508 1338 562 καὶ
1375 508 1469 573 οὒς
1527 506 1648 560 οὐδὲ
1696 505 1881 571 ἀξίους

220 590 363 650 εἶναι
388 596 627 670 νομίζεις
647 599 744 669 τῆς
770 598 870 671 σῆς
895 598 1273 670 προσρήσεως,
1300 595 1390 649 διά
1418 594 1639 658 τούτους
1667 594 1882 649 ᾶπαντα

218 699 451 739 ποιουσα
463 726 479 751 ,

291 772 417 837 Πῶς
466 767 559 827 οὖν
607 772 999 843 καταγελάσεις
1045 772 1144 842 τῆς
1189 771 1488 841 φαντασίας
1515 770 1751 841 ταύτης;
1785 771 1883 821 ‘Av

218 858 683 932 ἀναμνησθῇςτῆς
706 860 888 931 φωνῆς
912 860 1147 931 ἐκείνης,
1165 860 1232 930 ἢν
1251 858 1471 929 ἀφῆκας
1494 872 1882 929 μυσταγωγοῦ-

222 948 380 1021 μένηο
418 948 821 1021 Ἀποτάσσομαὶ
853 965 954 1013 σοι,
981 950 1214 1014 Σατανᾶ,
1239 948 1335 1001 καὶ
1359 950 1424 1019 τῇ
1451 949 1643 1018 πομπῇ
1671 962 1765 998 σου
1788 944 1884 997 καὶ

217 1036 286 1106 τῇ
316 1034 545 1109 λατρεία
578 1052 671 1089 σου
693 1051 709 1067 ·
733 1038 768 1107 ή
804 1034 914 1107 γάρ
946 1035 1075 1107 περὶ
1100 1036 1191 1088 τὸν
1224 1035 1430 1104 κόσμον
1467 1033 1575 1086 τῶν
1609 1048 1884 1103 μαργαρι-

217 1124 328 1178 τῶν
362 1123 529 1196 μανία
571 1122 764 1194 πομπὴ
806 1124 1068 1193 σατανική
1099 1123 1236 1175 ἐστι.
1263 1119 1500 1192 Χρυσίον
1531 1119 1639 1190 γὰρ
1668 1118 1881 1181 ἔλαϐες,

216 1210 317 1281 οὐχ
349 1210 437 1263 ἴνα
489 1210 551 1264 τὸ
604 1208 763 1280 σῶμα
795 1210 1128 1281 καταδήσῃς,
1180 1208 1295 1262 ἀλλ’
1331 1209 1421 1262 ἱνα
1466 1208 1594 1271 τοὺς
1644 1207 1883 1278 πένητας

218 1298 386 1371 λύσῃς
416 1298 510 1353 καὶ
533 1298 846 1371 διαθρέψῃς.
882 1297 1023 1366 Λέγε
1045 1297 1223 1351 τοίνυν
1254 1295 1511 1367 συνεχῶς·
1556 1296 1884 1349 Ἀποτάσσο-

219 1385 320 1456 μαὶ
348 1402 451 1449 σοι,
481 1386 727 1439 Σατανᾶ*
758 1384 910 1439 οὐδὲν
952 1383 1157 1454 ταύτης
1210 1384 1614 1455 ἀσφαλέστερον
1638 1383 1737 1454 τῆς
1769 1400 1883 1453 φω-

216 1474 333 1545 νῆς,
369 1476 419 1527 εἰ
450 1472 538 1527 διά
554 1472 664 1527 τῶν
683 1473 859 1546 ἔργων
883 1472 1051 1544 αὐτὴν
1084 1470 1486 1543 ἐπιδειξόμεθα.

270 1566 345 1616 ς’.
386 1559 603 1630 Ταύτην
637 1562 733 1614 καὶ
763 1561 907 1632 ὑμᾶς
929 1562 1055 1623 τοὺς
1088 1558 1560 1631 μυσταγωγεῖσθαι
1584 1557 1881 1628 μέλλοντας

218 1647 413 1718 μαθεῖν
444 1648 612 1715 ἀξιῶο
671 1647 809 1719 αῦτη
867 1648 977 1719 γάρ
1033 1649 1067 1719 ή
1115 1647 1267 1718 φωνὴ
1314 1646 1555 1717 συνθήκη
1601 1644 1737 1715 πρὸς
1788 1645 1881 1698 τὸν

213 1736 495 1808 Δεσπότην
537 1736 673 1790 ἐστί.
706 1736 815 1790 Kal
849 1735 1100 1807 καθάπερ
1131 1737 1295 1806 ἡμεῖς
1327 1732 1547 1796 οἰκέτας
1582 1732 1880 1804 ἀγοράζον-

214 1840 325 1889 τες,
356 1825 553 1889 αύτοὺς
580 1825 706 1887 τοὺς
730 1822 1111 1894 πωλουμένους
1141 1823 1405 1893 πρότερον
1445 1820 1737 1892 ἐρωτῶμεν
1759 1836 1801 1885 ι,
1830 1822 1881 1873 εἰ

216 1913 495 1985 βούλονται
534 1914 666 1985 ήμῖν
696 1911 1000 1978 δουλεῦσαι,
1049 1912 1192 1966 οὕτω
1232 1913 1327 1966 καὶ
1363 1914 1392 1965 6
1431 1911 1665 1983 Χριστὸς
1699 1914 1877 1965 ποιεῖ·

216 2003 403 2072 ἐπειδὴ
456 2001 642 2071 μέλλει
694 2018 755 2055 σε
814 2002 894 2065 εἰς
950 2000 1193 2055 δουλείαν
1248 2000 1568 2072 λαμϐάνειν,
1614 2000 1881 2073 πρότερον

213 2091 416 2161 ἐρωτᾷ,
443 2092 494 2143 εἰ
518 2089 699 2159 βούλει
723 2089 814 2144 τὸν
829 2089 1091 2161 τύραννον
1118 2090 1322 2142 ἐκεῖνον
1355 2092 1575 2159 ἀφεῖναι
1604 2089 1696 2142 τὸν
1730 2088 1881 2159 ὠμὸν

212 2177 308 2230 καὶ
351 2176 559 2247 ἀπηνῆ,
610 2179 706 2231 καὶ
748 2177 1021 2247 συνθήκας
1064 2175 1274 2245 δέχεται
1322 2177 1475 2249 παρά
1508 2176 1638 2229 σοῦ’
1680 2178 1742 2230 ού
1772 2177 1879 2247 γάρ

212 2266 712 2338 κατηναγκασμένη
755 2265 921 2320 αὐτοῦ
956 2267 989 2335 ἡ
1036 2265 1320 2318 δεσποτεία
1366 2265 1504 2320 ἐστί.
1542 2267 1653 2320 Kal
1688 2265 1879 2319 σκόπει

212 2353 348 2407 Θεοῦ
371 2353 799 2425 φιλανθρωπίαν.
844 2354 1036 2424 Ἡμεῖς
1066 2353 1161 2421 μὲν
1190 2352 1300 2423 γάρ
1329 2354 1457 2423 πρὶν
1486 2352 1517 2424 ἢ
1542 2354 1641 2424 τὴν
1666 2354 1829 2424 τιμὴν
1849 2353 1877 2393 δ

213 2441 561 2507 καταϐαλεῖν,
590 2439 887 2512 ἐρωτῶμεν
929 2442 1056 2504 τοὺς
1104 2441 1505 2511 πωλουμένους,
1532 2442 1628 2494 καὶ
1660 2440 1879 2495 ἐπειδὰν

214 2528 502 2601 μάθωμεν,
532 2531 615 2583 ὅτι
654 2528 953 2599 βούλονται,
979 2528 1097 2581 τότε
1126 2530 1225 2598 τὴν
1247 2530 1413 2599 τιμὴν
1436 2527 1844 2598 καταϐάλλομεν
1861 2544 1876 2559 ο

212 2619 242 2671 6
262 2617 320 2670 δὲ
352 2617 588 2687 Χριστὸς
619 2617 717 2686 ούχ
762 2616 956 2680 οὕτως,
987 2616 1124 2671 ἀλλά
1164 2618 1256 2670 καὶ
1295 2619 1394 2688 τὴν
1444 2617 1609 2687 τιμήν
1642 2617 1878 2671 κατέϐα-

212 2702 306 2758 λεν
346 2704 486 2775 ὑπὲρ
515 2706 767 2759 ἀπάντων
790 2704 969 2775 ἡμῶν,
999 2705 1061 2757 τὸ
1091 2704 1271 2775 τίμιον
1302 2704 1467 2757 αὑτοῦ
1500 2700 1637 2774 αἷμα
1661 2721 1672 2733 ·
1701 2703 1877 2774 Τιμῆς

212 2793 344 2861 γάρ,
378 2793 563 2863 φησὶν,
595 2791 996 2862 ὴγυράσθητε·
1027 2792 1121 2843 καὶ
1152 2792 1302 2860 ὅμως
1350 2792 1470 2843 ούδέ
1503 2790 1563 2843 ού
1577 2808 1677 2854 τως
1710 2792 1879 2860 ἀναγ-

212 2879 371 2945 κάζει
406 2880 481 2950 μὴ
505 2878 861 2948 βουλομένους
888 2877 1035 2948 αύτῷ
1063 2876 1368 2942 δουλεῦσαι,
1396 2878 1511 2930 ἀλλ’
1534 2880 1581 2930 εἱ
1616 2880 1690 2948 μὴ
1717 2880 1879 2949 χάριν

213 2967 380 3039 [χεις,
411 2968 569 3037 φησὶ,
597 2966 692 3019 καὶ
731 2967 882 3037 παρά
922 2965 1117 3019 σαυτοῦ
1159 2967 1252 3018 καί¹
1285 2963 1424 3017 ἑκὼν
1454 2964 1625 3028 θέλεις
1650 2967 1881 3037 ἐπιγρά-

214 3056 420 3127 ψασθαι
464 3056 563 3126 τὴν
607 3056 947 3119 δεσποτείαν,
983 3056 1081 3108 οὐκ
1115 3053 1411 3122 ἀναγκάζω
1448 3054 1569 3107 ούδέ
1597 3054 1876 3126 βιάζομαι.

214 3146 328 3199 Kal
347 3147 511 3216 ἡμεῖς
534 3145 634 3214 μὲν
661 3145 760 3197 οὐκ
788 3128 893 3198 ἀνθ
924 3142 1180 3212 ἑλοίμεθα
1208 3144 1477 3215 πονηροὺς
1492 3143 1709 3207 οἱκέτας
1726 3144 1882 3216 πρία-

217 3234 375 3288 σθαι’
410 3236 459 3288 εἰ
496 3234 555 3287 δέ
589 3234 685 3287 καὶ
724 3232 976 3303 ἐλοίμεθά
1018 3248 1168 3294 ποτε,
1213 3232 1421 3302 αἱρέσει
1466 3235 1607 3303 κακῇ
1656 3232 1882 3299 τούτους

212 3324 584 3396 ἀγοράζομεν,
611 3326 707 3377 καὶ
728 3323 981 3392 τοιαύτην
1003 3322 1422 3392 καταϐάλλομεν
1447 3325 1612 3393 τιμήν
1634 3340 1647 3353 ⁶
1677 3324 1705 3376 6
1728 3321 1879 3397 [243]

211 3414 272 3468 δὲ
309 3412 545 3485 Χριστὸς
588 3411 910 3481 ἀγνώμονας
942 3410 1157 3471 οἰκέτας
1196 3411 1481 3480 ἀγοράζων
1515 3413 1608 3465 καὶ
1647 3414 1886 3483 παρανό-

219 3517 384 3572 μους,
416 3498 686 3571 πρωτείου
718 3497 902 3550 δούλου
934 3496 1097 3567 τιμὴν
1127 3496 1412 3561 κατέϐαλε,
1443 3500 1641 3567 μᾶλλον
1669 3501 1727 3553 δέ
1755 3501 1885 3555 πολ-

213 3583 293 3654 λῴ
328 3582 574 3653 μείζονα,
607 3582 700 3633 καὶ
736 3578 974 3649 τοσούτῳ
1016 3578 1257 3649 μείζονα.
1288 3581 1363 3644 ὼς
1394 3582 1531 3651 μηδέ
1560 3582 1717 3650 λόγον
1751 3585 1885 3655 μηδὲ

214 3664 425 3717 ἔννοιαν
466 3662 638 3731 αὐτῆς
669 3662 1015 3732 παραστῆσαι
1040 3662 1099 3715 τὸ
1128 3662 1357 3732 μέγεθος
1376 3678 1388 3690 °
1422 3663 1483 3715 ού
1518 3663 1626 3733 γάρ
1658 3665 1885 3735 ούρανὸν

216 3749 316 3802 καὶ
356 3748 461 3817 γῆν
505 3746 602 3799 καὶ
644 3744 921 3798 θάλασσαν
966 3744 1111 3807 δοὺς,
1161 3744 1296 3797 ἀλλά
1330 3744 1392 3797 τὺ
1430 3745 1648 3800 πάντων
1678 3747 1885 3803 τούτων

214 3827 567 3899 τιμιώτερον,
602 3826 661 3879 τὸ
717 3822 955 3879 ἐαυτοῦ⁴
995 3820 1134 3895 αἷμα
1185 3826 1464 3892 καταθεὶς,
1511 3828 1683 3893 οὕτως
1738 3832 1885 3900 ἡμᾶς

216 3912 522 3984 ἐξηγόρασε
541 3929 554 3943 ·
588 3910 683 3965 xal
706 3910 856 3983 ’μετά
878 3909 1055 3965 ταῦτα
1081 3909 1257 3964 πάντα
1298 3910 1359 3963 ού
1390 3912 1674 3982 μάρτυρας
1710 3914 1741 3983 ή
1752 3914 1880 3983 μᾶς,

215 3996 322 4048 οὐκ
366 3984 1429 4063 ἐηραφαάπαιτεῖ,ἀλλ’ἀρκείταιψιλῇ
1461 3996 1526 4063 τῇ
1572 3997 1745 4065 φωνῇ,
1777 3996 1883 4051 κᾶν

216 4079 381 4150 εῖπῃς
412 4077 520 4130 ἀπὸ
546 4075 805 4139 διανοίας·
850 4073 1257 4144 Ἀποτάσσομαὶ
1290 4091 1391 4140 σοι,
1417 4076 1654 4141 Σατανᾶ,
1690 4080 1782 4130 καὶ
1814 4082 1881 4152 τῇ

218 4162 421 4230 πομπῇ
471 4176 590 4224 σου,
628 4159 691 4211 τὸ
732 4160 841 4212 πᾶν
883 4158 1178 4227 ἀπείληφε.
1210 4157 1380 4210 Τοῦτο
1407 4158 1587 4211 τοίνυν
1616 4159 1883 4231 λέγωμεν,

232 4241 636 4313 ’Λποτάσσομαί
654 4258 756 4308 σοι,
787 4242 1022 4304 Σατανᾶ,
1047 4240 1122 4304 ὼς
1145 4241 1262 4293 ἐκεῖ
1295 4240 1598 4310 μέλλοντες,
1625 4244 1769 4298 κατά
1790 4246 1888 4317 τὴν

219 4326 434 4397 ἡμέραν
462 4324 677 4396 ἐκείνην
698 4334 745 4387 θ,
776 4324 979 4392 ταύτην
1012 4322 1358 4377 ἀπαιτεῖσθαι
1402 4324 1502 4394 τὴν
1560 4327 1763 4397 φωνήν,
1794 4330 1889 4382 καὶ

221 4408 550 4479 φυλάξωμεν
592 4406 784 4479 αὐτὴν,
810 4407 896 4459 ίνα
924 4405 1093 4460 .σώαν
1126 4406 1227 4476 τὴν
1254 4406 1727 4479 παρακαταθήκην
1754 4411 1888 4464 ταύ-

216 4508 320 4563 την
356 4491 646 4561 ἀποδῶμεν
690 4491 846 4544 τότεο
899 4489 1092 4561 πομπὴ
1140 4489 1196 4542 δὲ
1247 4490 1509 4561 σατανική
1539 4491 1656 4544 ἐστι
1686 4491 1889 4564 θέατρα

218 4574 319 4627 καὶ
363 4572 740 4644 ἱπποδρομίαι,
773 4572 868 4626 καὶ
917 4573 1069 4625 πᾶσα
1106 4571 1353 4641 ἁμαρτία
1382 4571 1476 4624 καὶ
1505 4575 1889 4646 παρατήρησις

217 4656 465 4729 ήμερῶν,
490 4658 584 4711 καὶ
615 4655 869 4726 κληδόνες
903 4656 996 4708 καὶ
1028 4653 1294 4725 σύμϐολα.

293 4741 408 4794 Kal
433 4740 489 4794 τί
535 4738 666 4793 ποτέ
694 4741 809 4792 ἐστι
842 4738 1122 4809 σύμϐολα;
1166 4738 1318 4808 φησί.
1360 4738 1629 4805 Πολλάκις
1656 4740 1889 4806 ἐξελθών

218 4842 308 4888 τις
334 4824 433 4894 τὴν
456 4824 633 4877 οἰκίαν
665 4822 763 4894 τὴν
795 4821 1015 4885 ἐαυτοῦ,
1045 4818 1181 4875 εἶδεν
1221 4821 1505 4894 ἄνθρωπον
1560 4826 1889 4897 ἑτερόφθαλ-

224 4924 327 4979 μον
341 4905 377 4978 ἢ
394 4905 721 4977 χωλεύοντα,
742 4906 835 4959 xal
855 4904 1155 4958 οίωνίσατο.
1171 4904 1342 4958 Τοῦτο
1361 4905 1555 4979 πομπὴ
1585 4912 1850 4981 σατανική
1872 4928 1887 4944 -

220 4988 286 5041 ού
322 4987 433 5059 γάρ
464 4989 498 5059 ἡ
531 4987 833 5058 ἀπάντησις
865 4984 960 5039 τοῦ
1007 4984 1292 5057 ἀνθρώπου
1327 4988 1573 5058 πονηρὰν
1618 4992 1892 5063 ποιεῖτὴν

221 5072 440 5142 ἡμέραν
467 5070 740 5140 γενέσθαι,
776 5069 911 5123 ἀλλά
943 5069 1003 5123 τὸ
1030 5071 1086 5123 ἐν
1117 5070 1415 5142 ἁμαρτίαις
1438 5072 1556 5144 ζῇν,
1586 5073 1753 5128 Ὅταν
1778 5076 1891 5128 τοι-

220 5172 321 5209 νυν
346 5154 588 5228 ἐξέλθῃς,
616 5152 675 5207 ἐν
720 5153 877 5224 μόνον
907 5152 1161 5221 φύλαξαι,
1201 5155 1275 5224 μὴ
1309 5154 1557 5226 άμαρτία
1601 5171 1684 5210 σοι
1716 5158 1894 5211 ἀπαν-

221 5238 397 5308 τήσγί·
433 5236 573 5307 αὕτη
598 5236 706 5308 γάρ
725 5237 872 5291 ἐστιν
900 5239 934 5306 ή
975 5238 1121 5308 ἡμᾶς
1153 5237 1612 5306 ύποσκελίζουσα,
1646 5242 1816 5313 χωρὶς
1835 5243 1893 5296 δὲ

202 5320 431 5389 ταύτης
455 5319 606 5373 οὐδὲν
641 5323 670 5373 6
705 5319 948 5383 διάϐολος
970 5321 1118 5391 ήμᾶς
1151 5319 1350 5390 βλάψαι
1372 5321 1685 5391 δυνήσεται.
1715 5324 1780 5377 Τί
1810 5324 1897 5377 λέ-

223 5418 380 5471 γεις;
405 5402 694 5473 ἄνθρωπον
726 5405 875 5474 ὁρᾷς,
924 5404 1019 5456 καὶ
1065 5402 1307 5474 οἰωνίζῃ,
1344 5403 1440 5456 καὶ
1494 5404 1593 5475 ούχ
1627 5406 1759 5476 όρᾷς
1792 5406 1893 5478 τὴν

223 5482 413 5552 πάγην
434 5480 454 5520 ί
492 5482 591 5554 τὴν
644 5482 972 5555 διαϐολικὴν,
1006 5482 1123 5547 πῶς
1178 5483 1472 5554 ἐκπολεμοῖ
1527 5501 1589 5538 σε
1621 5485 1697 5557 τῷ
1728 5486 1895 5558 μηδὲν

287 5621 321 5652 ⁸
343 5620 549 5731 Suadam
572 5622 669 5695 alli_
683 5626 895 5688 ἐρόμεθα.

285 5679 321 5749 ξ
344 5686 441 5749 ulli
464 5686 557 5749 πρὸ
589 5701 675 5734 του
698 5689 782 5744 τήν
814 5688 972 5749 τιμήν.

290 5744 769 5815 ξειηιιὸςῆμιιίροη
786 5744 924 5815 pauci
950 5748 1029 5796 καὶ
1048 5748 1182 5815 ἡμεῖς
1205 5748 1409 5809 μάλιστα
1434 5750 1516 5812 μὲν
1555 5751 1733 5815 ούκῗᾶν.

286 5802 319 5846 ἂ
338 5802 681 5878 ﬂanc_Safi1i_i
709 5802 969 5878 lgciionem
996 5802 1285 5871 reéépim'us,
1311 5824 1399 5874 pro
1435 5802 1502 5861 'eo
1535 5814 1662 5875 quod
1706 5814 1891 5865 editum

222 5866 408 5926 ﬁtﬁt,
422 5866 513 5917 τοῦ
534 5867 697 5918 αὐτοῦ.
724 5869 855 5918 Enn.

290 5930 324 5994 ⁸.
336 5929 668 5994 [ξδυδᾼέκιίνην
688 5932 773 5987 τήν
795 5932 1013 5994 φοϐερὰν,
1035 5932 1226 5989 ταύτην.

298 5987 324 6032 Ι
348 5992 502 6042 smn.
526 5997 579 6042 et
600 5987 933 6055 qvidam'msa'.
955 5987 1039 6050 τήν
1059 5987 1255 6055 πληγήν⁴

1274 393 1369 449 AD
1406 388 1930 448 ILLUMINANDOS
1976 389 2406 448 (JATECHESIS
2447 392 2508 447 Il.

3538 393 3650 450 260

1986 504 2301 575 ήδικηκάτι;
2338 508 2454 573 πῶς
2482 506 2672 578 ἐχθρόν
2702 524 2761 560 σε
2802 506 3092 577 καθίστησι
3124 505 3201 577 τῷ
3231 506 3442 579 ἀδελφῷ
3474 511 3533 576 ἐξ
3556 512 3649 564 ού-

1984 583 2178 653 δεμιᾶς
2207 584 2422 649 δικαίας
2460 586 2814 657 προφάσεως;
2846 588 2956 639 Kal
2996 590 3024 639 6
3055 586 3155 657 μὲν
3196 586 3327 650 Θεὸς
3378 594 3471 643 κοί
3522 590 3647 653 τοὺς

1982 661 2212 732 ἐχθροὺς
2240 664 2413 732 φιλεῖν
2452 666 2728 730 ἐκέλευσε,
2759 667 2823 719 σὺ
2850 665 2906 718 δέ
2939 666 3035 719 καὶ
3060 665 3153 719 τὸν
3175 665 3327 719 οὐδὲν
3351 667 3649 736 ἠδικηκότα

1981 742 2304 817 ἀποστρέφῃ
2338 745 2503 815 μηδὲν
2536 744 2675 815 έχων
2706 744 2979 814 ἐγκαλεῖν,
3006 746 3102 799 καὶ
3133 746 3233 799 οὐκ
3254 746 3453 807 ἐννοεῖς
3486 742 3650 802 πόσος

1981 820 2011 872 6
2039 819 2233 888 γέλως,
2260 822 2402 893 πόση
2429 825 2463 894 ἡ
2489 823 2744 894 αἰσχύνη,
2781 824 2980 894 μᾶλλον
3025 824 3083 877 δέ
3126 824 3291 887 πόσος
3318 827 3347 878 ό
3369 823 3643 887 κίνδυνυςς

1982 900 2138 953 Εῐπω
2166 900 2261 953 καὶ
2302 900 2490 973 ἕτερον
2540 903 3109 975 καταγελαστότερον;
3159 902 3495 975 Αἰσχύνομαι
3548 903 3647 973 μὲν

1982 977 2078 1029 καὶ
2110 977 2368 1051 ἐρυθριῶ,
2399 980 2784 1052 ἀναγκάζομαι
2816 981 2875 1034 δὲ
2919 982 3069 1052 ὅμως
3116 981 3205 1035 διὰ
3241 983 3339 1053 τὴν
3376 982 3650 1051 ὑμετέραν

1985 1056 2258 1127 σωτηρίαν
2305 1060 2512 1113 εἰπεῖν·
2590 1060 2715 1113 Ἐἀν
2762 1060 3054 1131 ἀπαντήσῃ
3108 1060 3396 1131 παρθένος,
3460 1060 3645 1128 φησιν,

1982 1134 2261 1212 ἀπρακτος
2290 1140 2323 1209 ή
2354 1138 2537 1210 ήμέρα
2558 1138 2793 1208 γίνεταιο
2818 1139 2912 1193 ἐάν
2940 1140 2996 1192 δὲ
3026 1141 3315 1212 ἀπαντήσῃ
3346 1138 3541 1208 πόρνη,
3562 1137 3647 1187 δεο

1983 1210 2073 1278 ξιά
2101 1216 2192 1269 καὶ
2215 1217 2424 1288 χρηστή
2474 1217 2567 1271 καὶ
2610 1218 2812 1288 πολλῆς
2846 1219 3115 1289 ἐμπορίας
3145 1210 3411 1288 γέμουσα.
3452 1217 3648 1282 Ἐγκα-

1978 1292 2271 1363 λύπτεσθε,
2301 1297 2477 1351 καὶτὸ
2508 1297 2757 1368 μέτωπον
2777 1298 3098 1369 ἐκρούσατε,
3134 1298 3230 1351 καὶ
3258 1298 3395 1368 πρὸς
3416 1297 3514 1366 τὴν
3542 1294 3648 1363 γῆν

1981 1374 2360 1444 κατεκύψατε;
2407 1376 2544 1431 ἀλλά
2585 1378 2659 1446 μὴ
2701 1376 2795 1431 νῦν
2838 1376 2949 1429 τῶν
2996 1377 3256 1447 ῥημάτων
3311 1375 3649 1444 λεγομένων,

1981 1452 2116 1506 ἀλλά
2131 1453 2238 1506 τῶν
2260 1455 2598 1526 πραγμάτων
2626 1454 2944 1525 γινομένων.
2967 1456 3107 1526 Ὅρα
3130 1452 3261 1521 γοῦν
3284 1456 3376 1508 καὶ
3393 1452 3648 1517 ἐνταῦθα,

1982 1533 2102 1595 πῶς
2126 1533 2217 1586 τὸν
2244 1534 2389 1587 δόλον
2423 1534 2659 1604 ἔκρυψεν
2686 1535 2715 1585 ὁ
2734 1534 2997 1597 διάϐολος,
3032 1536 3119 1586 ἵνα
3149 1533 3246 1603 τὴν
3293 1534 3390 1603 μὲν
3432 1532 3649 1599 σώφρο-

1981 1627 2048 1665 να
2083 1613 2107 1650 ⁸
2145 1611 2633 1683 ἀποπρεφὼμεθα,
2674 1614 2773 1683 τὴν
2824 1613 2881 1666 δὲ
2925 1612 3219 1665 ἀκόλαστον
3275 1608 3649 1678 ἀσπαζὼμεθα

1982 1692 2077 1746 καὶ
2110 1692 2376 1762 φιλῶμεν.
2424 1693 2640 1763 Ἐπειδὴ
2676 1693 2785 1764 γὰρ
2826 1693 3028 1763 ήκουσε
3072 1690 3167 1744 τοῦ
3198 1690 3436 1761 Χριστοῦ
3470 1689 3653 1754 λέγον.

1981 1789 2095 1835 τος,
2146 1774 2228 1826 ὅτι
2273 1773 2327 1824 '0
2370 1772 2678 1841 ἐμϐλέψας
2710 1771 2945 1843 γυναικὶ
2993 1770 3144 1839 πρὸς
3170 1771 3235 1824 τό
3264 1767 3647 1837 ἐπιθυμῆσαι,

1980 1850 2099 1918 ἤδη
2127 1851 2489 1920 ἐμοίχευσεν
2518 1851 2734 1918 αὐτὴν,
2770 1850 2866 1904 καὶ
2900 1845 3009 1904 εἶδε
3033 1850 3260 1913 πολλοὺς
3292 1847 3651 1920 περιγενομέο

1980 1946 2105 1992 νους
2136 1930 2451 1994 ἀκολασίας,
2477 1930 2797 2000 βουλόμενος
2817 1931 2883 1983 δι’
2909 1930 3107 2001 ἐτέρας
3141 1930 3257 1983 ὁδοῦ
3284 1930 3446 1983 πάλιν
3478 1927 3647 1997 ἐμϐαι-

1979 2007 2092 2061 λεῖν
2120 2009 2316 2072 αὐτοὺς
2348 2012 2427 2072 είς
2454 2009 2553 2081 τὴν
2599 2011 2896 2081 ἀμαρτὶαν,
2918 2010 3007 2064 διά
3033 2011 3235 2081 ταύτης
3273 2011 3371 2081 τῆς
3404 2025 3651 2079 παρατηκ

1982 2089 2216 2159 ρήσεως,
2245 2090 2480 2160 ἐταιρίσι
2510 2089 2756 2157 γυναιξὶν
2785 2091 2957 2161 ήδέως
2988 2091 3279 2161 προσέχειν
3303 2090 3575 2143 ἀνέπεισε.

2050 2168 2115 2220 Τί
2147 2168 2210 2222 ἀν
2248 2186 2331 2232 τις
2379 2168 2522 2221 είποι
2572 2170 2702 2241 περὶ
2745 2170 2853 2223 τῶν
2915 2171 3154 2241 ἐπῳδαῖς
3199 2170 3293 2223 καί¹
3327 2170 3649 2240 περιάπτοις

1980 2247 2353 2318 κεχρημένων,
2403 2250 2498 2301 καὶ
2546 2249 2859 2318 νομίσματα
2910 2250 3088 2320 χαλκᾶ
3145 2248 3496 2318 Ἀλεξάνδρου
3553 2248 3647 2301 τοῦ

1979 2327 2288 2390 Μακεδόνος
2315 2330 2436 2391 ταῖς
2462 2330 2724 2396 κεφαλαῖς
2748 2330 2972 2392 καὶτοῖς
2998 2330 3125 2382 ποσὶ
3154 2328 3647 2398 περιδεσμούντων;

1980 2398 2149 2477 ᾼῦται
2175 2408 2229 2458 αἱ
2257 2406 2470 2471 ἐλπίδες
2499 2408 2675 2478 ήμῶν,
2705 2407 2829 2460 εἰπέ
2861 2424 2971 2477 μοι,
3000 2408 3087 2460 ἵνα
3122 2407 3260 2478 μετά
3295 2406 3524 2477 σταυρὸν
3556 2406 3653 2459 καὶ

1981 2483 2211 2537 θάνατον
2256 2485 2584 2539 Δεσποτικὺν
2613 2488 2693 2549 εἰς
2714 2485 2980 2556 Ἕλληνος
3011 2486 3277 2556 βασιλέως
3324 2485 3509 2538 εἰκόνα
3551 2486 3651 2547 τάς

1980 2563 2200 2624 ἐλπίδας
2221 2563 2319 2633 τῆς
2349 2563 2623 2635 σωτηρίας
2654 2564 2895 2634 ἕχωμενς
2934 2565 3049 2617 Οὐκ
3084 2560 3231 2629 οἶδας
3265 2564 3406 2617 πόσα
3438 2563 3652 2633 κατώρ-

1981 2641 2153 2695 θωσεν
2173 2644 2201 2694 6
2234 2642 2500 2713 σταυρός;
2536 2643 2627 2696 τὸν
2658 2643 2886 2697 θάνατον
2913 2644 3196 2709 κατέλυσε,
3228 2644 3328 2714 τὴν
3377 2643 3650 2713 ἁμαρτίαν

1980 2719 2193 2782 ἔσϐεσε,
2226 2720 2318 2772 τὸν
2372 2721 2504 2791 ᾅδην
2539 2720 2815 2793 ἄχρηστον
2843 2723 3091 2792 ἐποίησε,
3148 2721 3243 2774 τοῦ
3273 2721 3520 2774 διαϐόλου
3550 2722 3650 2789 τὴν

1980 2799 2209 2870 δύναμιν
2243 2799 2483 2865 ἐξέλυσε,
2535 2802 2633 2855 καὶ
2683 2804 2762 2865 είς
2810 2802 3061 2872 σώματος
3114 2801 3263 2874 [944]
3312 2803 3523 2869 ὑγίειαν
3552 2803 3652 2854 ούκ

1980 2879 2127 2932 ἐστιν
2156 2880 2515 2945 άξιόπιστος;
2560 2882 2661 2951 τὴν
2700 2882 3027 2951 οἰκουμένην
3085 2882 3379 2952 ἀνέστησεν
3412 2880 3649 2941 ἃπασαν,

1981 2959 2075 3011 καλ⁵
2110 2959 2173 3010 σὺ
2198 2957 2347 3027 αύτῷ
2378 2959 2439 3010 οὐ
2468 2958 2722 3029 θαρρεῖς;
2774 2960 2867 3011 καὶ
2896 2958 3040 3022 τὶνος
3087 2959 3153 3012 ἂν
3180 2959 3330 3022 ἄξιος
3359 2958 3497 3030 εἴης,
3532 2959 3653 3010 εἰπέ

1984 3055 2103 3109 μοι;
2138 3036 2211 3088 υύ
2251 3037 2526 3108 περίαπτα
2578 3037 2634 3089 δέ
2684 3037 2863 3107 μόνον,
2898 3037 3036 3090 ἀλλά
3087 3038 3182 3090 καὶ
3217 3036 3433 3105 ἐπῳδάς
3469 3037 3654 3106 σαυτῷ

1981 3115 2288 3186 περιάγεις,
2316 3115 2537 3186 γραΐδια
2585 3114 2854 3185 μεθύοντα
2898 3116 2993 3167 καὶ
3032 3116 3423 3185 παραπαίοντα
3451 3117 3530 3177 εἱς
3556 3115 3655 3184 τὴν

1982 3194 2157 3248 οἰκίαν
2199 3211 2291 3247 σου
2345 3194 2614 3263 εἰσάγων·
2651 3194 2744 3246 καὶ
2787 3193 2888 3247 ούκ
2936 3192 3165 3264 αἰσχύνῃ
3220 3193 3340 3246 οὐδὲ
3398 3194 3656 3265 ἐρυθριᾷς

1985 3271 2127 3343 μετά
2158 3272 2428 3344 τοσαύτην
2454 3271 2772 3341 φιλοσοφίαν
2795 3272 2931 3342 πρὸς
2954 3272 3125 3324 ταῦτα
3156 3275 3321 3342 ἐπτοη
3332 3271 3523 3340 μένος;
3548 3274 3658 3325 Kal

1980 3351 2041 3404 τὸ
2056 3349 2434 3422 χαλεπώτερον
2452 3351 2549 3420 τῆς
2565 3351 2781 3420 ἀπάτης
2795 3366 2808 3379 ο
2836 3351 2962 3402 ὅταν
2980 3349 3088 3420 γὰρ
3110 3368 3185 3401 πα
3194 3350 3464 3421 ραινῶμεν
3486 3351 3657 3402 ταῦτα

1983 3432 2077 3483 καὶ
2107 3431 2431 3501 ἀπάγωμεν,
2456 3429 2739 3493 δοκοῦντες
2786 3429 3170 3497 ἀπολογεῖσθαί
3201 3448 3388 3498 φασιν,
3417 3430 3497 3483 ὃτι
3520 3432 3655 3500 Χρι-

1987 3511 2172 3579 στιανή
2197 3512 2341 3561 ἐστιν
2375 3510 2407 3579 ή
2434 3507 2571 3577 γυνὴ
2593 3510 2627 3578 ή
2653 3507 2823 3560 ταῦτα
2845 3510 3140 3579 ἐπᾴδουσα,
3171 3510 3265 3561 καὶ
3288 3508 3441 3560 ούδέν
3472 3508 3658 3579 ἕτερον

1985 3587 2300 3655 φθέγγεται,
2328 3588 2361 3657 ἢ
2386 3587 2447 3639 τὸ
2465 3585 2562 3639 τοῦ
2587 3585 2718 3638 Θεοῦ
2738 3586 2926 3655 ὄνομα.
2950 3586 3049 3639 Διά
3067 3586 3225 3639 τοῦτο
3256 3588 3355 3656 μὲν
3374 3583 3467 3639 οῦν
3492 3587 3658 3657 αὐτὴν

1988 3666 2221 3736 μάλιστα
2258 3664 2399 3735 μισῶ
2439 3665 2533 3718 καὶ
2572 3664 3009 3735 ἀποστρέφομαι,
3038 3667 3121 3719 ὅτι
3165 3665 3243 3736 τῷ
3290 3666 3513 3733 ὀνόματι
3564 3664 3657 3718 τοῦ

1985 3743 2118 3796 Θεοῦ
2142 3744 2278 3814 πρὸς
2320 3742 2477 3815 ὓϐριν
2511 3743 2943 3814 κατακέχρηται,
2980 3745 3060 3798 ὅτι
3089 3744 3323 3812 λέγουσα
3354 3745 3660 3815 Χριστιανὴ

1986 3817 2143 3881 εἶναι,
2174 3822 2244 3875 τά
2271 3821 2383 3875 τῶν
2427 3821 2698 3893 Ἑλλήνων
2738 3823 3129 3878 ἐπιδείκνυται.
3175 3825 3288 3878 Kal
3332 3824 3442 3895 γὰρ
3484 3826 3577 3879 καὶ
3611 3830 3658 3879 οἰ

1985 3900 2236 3970 δαίμονες
2266 3900 2326 3953 τὸ
2358 3900 2453 3953 τοῦ
2488 3900 2625 3954 Θεοῦ
2662 3900 2834 3971 ὄνομα
2867 3902 3216 3970 ἐφθέγγοντο,
3245 3901 3359 3955 ἀλλ’
3385 3899 3525 3972 ἦσαν
3549 3904 3662 3957 δαί-

1990 3994 2169 4049 μονες,
2202 3978 2297 4031 καὶ
2334 3976 2506 4043 οὕτως
2536 3978 2721 4047 ἐλεγον
2743 3978 2881 4048 πρὸς
2910 3979 3002 4031 τὸν
3022 3979 3275 4050 Χριστόν·
3304 3981 3563 4050 Οἵδιιμέν
3588 4000 3661 4037 σε

1986 4056 2079 4121 τίς
2101 4050 2173 4119 εἶ,
2200 4058 2232 4107 ό
2255 4054 2424 4123 ἅγιος
2449 4056 2557 4109 τοῦ
2588 4056 2737 4110 Θεοῦ
2759 4071 2772 4085 ⁶
2811 4055 2905 4107 καὶ
2932 4057 3081 4126 ὅμως
3109 4057 3444 4129 ἐπετίμησεν
3474 4063 3660 4125 αὐτοῖς

1988 4134 2083 4186 καὶ
2111 4134 2383 4204 ἀπήλασε.
2428 4134 2527 4186 Διά
2557 4133 2622 4204 δὴ
2661 4132 2833 4186 ταῦτα
2861 4135 3169 4204 παρακαλῶ
3198 4138 3298 4207 τῆς
3323 4139 3543 4209 ἀπάτης
3568 4158 3658 4194 κα-

1989 4210 2239 4283 θαρεύειν
2266 4213 2491 4283 ταύτης,
2522 4215 2616 4267 καὶ
2645 4214 2896 4283 καθάπερ
2924 4214 3224 4286 βακτηρίαν
3252 4216 3396 4287 ἐχειν
3418 4219 3478 4272 τὸ
3510 4220 3661 4290 ῥῆμα

1986 4291 2165 4345 τοῦτο.
2201 4292 2311 4344 Kal
2348 4291 2536 4364 ῶσπερ
2570 4295 2737 4363 χωρὶς
2764 4294 3127 4365 ὑποδημάτων
3163 4295 3196 4365 ἢ
3225 4297 3451 4366 ἱματίων
3472 4302 3570 4353 ούκ
3594 4301 3659 4355 ἂν

1989 4370 2161 4424 ἐλοιτό
2198 4388 2281 4435 τις
2314 4372 2468 4443 ὑμῶν
2493 4374 2573 4435 εἰς
2603 4373 2702 4443 τὴν
2740 4374 2949 4444 ἀγοράν
2994 4374 3273 4428 καθεῖναιο
3319 4376 3462 4430 οὕτω
3490 4380 3660 4449 χωρὶς

1987 4449 2083 4503 τοῦ
2126 4451 2364 4521 ῥήματος
2403 4450 2594 4504 τούτου
2628 4452 2897 4523 μηδέποτε
2925 4454 3004 4516 είς
3022 4452 3119 4523 τὴν
3154 4454 3362 4525 ἀγορὰν
3391 4455 3656 4527 ἐμϐάλῃς,

1990 4528 2104 4582 ἀλλ’
2122 4529 2250 4581 ὅταν
2282 4528 2483 4601 μέλλῃς
2512 4528 2859 4601 ὑπερϐαίνειν
2879 4529 2948 4583 τά
2978 4531 3227 4602 πρόθυρα
3261 4529 3355 4585 τοῦ
3391 4534 3656 4598 πυλῶνος,

1988 4607 2148 4661 τοῦτο
2186 4606 2414 4677 φθέγξαι
2458 4608 2519 4661 τὸ
2568 4609 2725 4679 ῥῆμα
2784 4609 3067 4681 πρότερον·
3114 4610 3520 4681 Ἀποτάσσομαί
3554 4630 3657 4677 σοι,

1992 4687 2225 4750 Σατανᾶ,
2251 4688 2345 4740 καὶ
2371 4688 2437 4756 τῇ
2476 4691 2667 4757 πομπῇ
2698 4705 2790 4739 σου
2819 4689 2911 4740 καὶ
2929 4691 2993 4758 τῇ
3018 4689 3243 4760 λατρεία
3268 4707 3381 4756 σου,
3416 4692 3510 4744 καὶ
3532 4707 3660 4746 συν-

1991 4766 2261 4835 τάσσομαί
2293 4782 2397 4826 σοι,
2427 4766 2649 4837 Χριστέ·
2693 4767 2787 4819 καὶ
2834 4768 3103 4837 μηδέποτε
3150 4769 3319 4839 χωρὶς
3342 4770 3443 4840 τῆς
3476 4776 3658 4841 φωνῆς

1990 4844 2193 4914 ταύτης
2219 4842 2470 4915 ἐξέλθῃς⁶
2500 4844 2659 4898 τοῦτό
2684 4861 2764 4897 σοι
2795 4844 3064 4915 βακτηρία
3082 4845 3256 4909 ἔσται,
3283 4848 3441 4901 τοῦτο
3470 4849 3657 4910 ὅπλον,

1991 4923 2151 4977 τοῦτο
2196 4923 2406 4995 πύργος
2443 4924 2675 4995 άμαχος.
2721 4925 2834 4978 Kal
2891 4926 3030 4996 μετά
3071 4925 3167 4979 τοῦ
3196 4927 3441 4998 ῥήματος
3467 4930 3659 4983 τούτοιὶ

1992 5004 2089 5057 καί⁵
2124 5003 2215 5057 τὸν
2264 5002 2497 5072 σταυρὸν
2543 5002 2636 5055 ἐπὶ
2672 5002 2763 5056 τοῦ
2806 5004 3059 5074 μετώπου
3110 5004 3479 5060 διατύπωσον·
3519 5008 3660 5064 οὕτω

1992 5081 2102 5153 γάρ
2121 5082 2181 5134 ού
2214 5081 2373 5151 μόνον
2398 5080 2683 5149 ἄνθρωπος
2711 5081 2992 5148 ἀπαντῶν,
3019 5082 3135 5137 ἀλλ’
3151 5084 3273 5137 οὐδὲ
3302 5086 3466 5149 αὐτὸς
3492 5089 3519 5140 6
3545 5088 3661 5141 διά-

1996 5165 2151 5227 ϐολος
2196 5163 2395 5235 βλάψαι
2427 5180 2479 5215 τι
2510 5163 2820 5234 δυνήσεται,
2853 5165 2992 5236 μετά
3016 5165 3221 5220 τούτων
3268 5184 3327 5219 σε
3372 5169 3512 5240 ὁρῶν
3549 5170 3659 5221 τῶν

1993 5245 2175 5299 ὃπλων
2202 5242 2479 5313 πανταχοῦ
2519 5244 2862 5315 φαινόμενον.
2892 5246 3001 5299 Kal
3023 5246 3195 5299 ταῦτα
3236 5248 3431 5300 σαυτὸν
3477 5249 3660 5301 ἐντεῦ-

1996 5322 2087 5376 θεν
2117 5322 2216 5393 ήδη
2252 5322 2557 5388 παίδευσον,
2578 5323 2665 5376 ἴνα
2685 5324 2813 5378 ὅταν
2844 5324 2943 5394 τήν
2982 5324 3253 5393 σφραγῖδα
3284 5323 3473 5396 λάϐῃς,
3491 5327 3664 5395 ἐμπα-

2000 5402 2264 5474 ράσκευος
2291 5397 2360 5474 ᾖς
2387 5400 2745 5473 στρατιώτης,
2769 5403 2863 5456 καὶ
2890 5403 2951 5455 τὸ
2980 5404 3122 5458 κατά
3150 5403 3245 5457 τοῦ
3267 5403 3511 5457 διαϐόλου
3535 5406 3660 5475 τρό‹

1999 5498 2157 5535 παιον
2189 5481 2420 5551 στήσας,
2452 5480 2578 5552 δέξῃ
2613 5482 2704 5534 τὸν
2752 5482 2852 5550 τῆς
2881 5481 3225 5553 δικαιοσύνης
3260 5482 3523 5551 στέφανον
3543 5501 3557 5515 ·
3598 5478 3659 5537 οὗ

1997 5562 2208 5630 γένοιτο
2242 5561 2447 5622 πάντας
2476 5563 2625 5631 ήμᾶς
2662 5564 2960 5631 ἐπιτυχεῖν,
2992 5562 3173 5633 χάριτι
3218 5562 3310 5616 καὶ
3356 5562 3661 5632 φιλανθρω-

1998 5639 2101 5710 πίᾳ
2125 5640 2219 5694 τοῦ
2258 5640 2464 5711 Κυρίου
2512 5640 2669 5711 ήμῶν
2714 5640 2885 5711 Ἰησοῦ
2911 5640 3169 5712 Χριστοῦ,
3200 5642 3319 5713 μεθ’
3353 5636 3413 5696 οὗ
3444 5642 3522 5714 τῷ
3551 5644 3660 5698 Πα-

1998 5720 2088 5789 τρὶ
2114 5720 2149 5789 ή
2178 5718 2304 5785 δόξα
2338 5720 2454 5790 ἀμα
2478 5720 2555 5791 τῷ
2588 5720 2728 5791 ἁγίῳ
2751 5720 3051 5790 Πνεύματι,
3081 5722 3161 5785 εἰς
3178 5723 3302 5786 τοὺς
3330 5722 3531 5787 αἰῶνας
3555 5724 3665 5779 τῶν

2004 5795 2236 5854 αἰώνων.
2275 5798 2465 5855 Ἀμήν.

2004 5814 2236 5854 αιωνων.
2280 5814 2465 5865 Ἀμην.

2060 6000 2089 6043 ι’
2106 6000 2204 6051 Alii
2234 6002 2335 6058 πῶς
2356 6004 2438 6059 τὴν
2458 6003 2539 6064 μὶν
2563 6004 2799 6066 σώφρονα.
