4046 6396
373 381 611 439 Ωιι-ιη
911 376 1261 434 D/EMONES
1300 374 1439 432 NON
1476 374 1899 434 GUBERNARE
1942 378 1971 431 Ν

2028 376 2261 434 lNDUM.
2300 375 2533 432 llOMlL.
2573 376 2613 432 Ι.
2652 407 2722 417 -
2751 374 3092 433 ΜΟΝΙἸὊΜ.
3398 376 3626 432 255-9.“

384 570 3025 587 Μ

1892 571 3025 586 ---“--

1892 596 1901 599 ,
1910 592 2095 601 --.ο-...-
2140 571 3611 601 ᾙῌ-ω-νῶ

1864 594 1873 600 .
1892 585 2095 601 ν-ζῶ-

766 594 1106 605 σωθῇ-
1126 597 1141 603 ον
1164 594 1491 603 -—M——.
1511 595 1549 603 -.-
1578 593 1835 602 -ι-,ι-...ω-...σδ-
1864 594 1873 600 ο

384 587 722 609 πῖί
732 587 766 588 “”

1792 768 2175 830 MONITUM
2184 816 2197 831 .

382 987 525 1042 enim
560 984 981 1057 probatur,_non
1014 998 1081 1057 ex
1130 981 1370 1057 nequitia
1402 980 1626 1057 diaboli,
1655 981 1748 1057 sed
1781 998 1847 1035 ex
1897 981 2180 1057 hominum
2218 981 2487 1051 praecipue
2530 981 3113 1057 desidia__ignaviaqne
3150 985 3337 1055 lapsus
3396 986 3628 1056 vitiaque

380 1053 613 1116 prodire.
642 1054 1008 1121 Quamobrem
1032 1054 1152 1119 jure
1179 1053 1231 1105 in
1261 1053 1645 1121 antiquissimo
1676 1053 1768 1105 illo
1796 1053 2042 1120 catalogo
2081 1053 2421 1119 Augustano,
2453 1069 2614 1122 quem
2644 1053 2812 1107 edidit
2851 1054 2915 1106 ll.
2954 1053 3221 1121 Sat-ilius,
3252 1069 3301 1109 et
3337 1059 3389 1111 in
3423 1053 3630 1112 vetuisto

377 1127 577 1209 Οοιὶίςθ
604 1125 918 1206 Colbertino
959 1125 1117 1206 1050,
1155 1124 1238 1178 hae
1268 1124 1389 1178 dua:
1431 1123 1667 1178 homilia:
1688 1133 2089 1192 consequenter
2119 1134 2173 1178 et
2204 1125 2302 1177 hac
2330 1124 2471 1177 serie
2498 1133 2794 1193 ponuntur,
2841 1129 2969 1196 quia
3008 1128 3059 1181 id
3098 1128 3339 1197 postulat
3378 1138 3432 1182 et
3476 1145 3629 1199 argu-

378 1205 545 1254 menti
577 1206 630 1252 et
654 1205 915 1266 temporis
946 1205 1105 1248 ratio.

444 1312 667 1367 Certum
706 1311 1012 1382 itaqueest
1050 1309 1279 1382 primam
1317 1310 1600 1364 homiliam
1628 1326 1751 1378 quae
1784 1312 2126 1373 inscribitur,
2180 1311 2457 1367 Dmmones
2491 1330 2593 1366 non
2629 1313 2921 1382 gubernare
2979 1312 3255 1375 mundum,
3289 1314 3481 1380 paucis
3513 1322 3632 1382 post

378 1383 633 1437 homilias
661 1382 731 1435 De
758 1380 1154 1449 prophetiarum
1184 1380 1506 1434 obscuritate
1536 1382 1731 1437 diebus
1758 1382 1999 1437 habitam
2042 1383 2233 1438 fuisse.
2279 1384 2586 1438 Secundam
2628 1380 2779 1446 vero,
2822 1384 2897 1437 De
2925 1384 3140 1436 diabolo
3176 1391 3454 1447 tentatore,
3489 1380 3631 1443 eam.

379 1470 543 1519 quam
590 1453 805 1507 tertiam
856 1451 1131 1514 ponimus,
1180 1451 1344 1505 biduo
1396 1451 1701 1520 praecedere
1744 1452 2097 1507 manifestum
2140 1454 2397 1518 videtur;
2446 1463 2710 1522 quantum
2766 1470 2895 1507 vero
2954 1453 3213 1522 temporis
3267 1454 3633 1508 intercesserit

378 1525 609 1593 prunam
645 1524 786 1576 inter
813 1531 865 1575 et
889 1522 1220 1593 secundam,
1244 1531 1296 1593 et
1331 1532 1514 1576 utrum
1550 1523 1725 1591 prima
1750 1523 2045 1593 secundam
2088 1539 2212 1577 vere
2244 1524 2533 1593 prmcedat,
2568 1524 2836 1578 incertum
2873 1539 3096 1592 prorsus
3122 1532 3225 1584 est,
3262 1530 3321 1576 ut
3367 1523 3628 1578 diximus.

384 1592 494 1648 Hoc
519 1610 687 1647 unum
718 1594 875 1660 quasi
909 1600 1178 1644 assertum
1210 1590 1679 1662 inilnhitatumque
1701 1592 1950 1662 proferre
1969 1590 2282 1662 possumus,
2311 1605 2419 1649 tres
2445 1595 2565 1649 illas
2595 1595 2844 1649 homilias
2869 1590 3171 1648 Antiochia:
3206 1593 3417 1648 habitas
3443 1594 3627 1649 fuisse.

376 1662 558 1717 Prima
582 1678 815 1731 namque
846 1662 1029 1733 habita
1063 1669 1145 1715 est
1187 1662 1373 1728 paucis
1405 1664 1598 1718 diebus
1625 1672 1751 1732 post
1794 1665 2087 1719 conciones
2117 1664 2194 1717 De
2225 1666 2619 1733 prophetiarum
2677 1666 3019 1726 obscuritate,
3054 1665 3143 1719 ubi
3205 1664 3631 1731 Chrysostomns

375 1734 443 1787 de
466 1734 722 1802 episcopo
750 1734 823 1785 ita
855 1732 1114 1804 loquitur,
1140 1743 1200 1804 ut
1229 1747 1341 1804 non
1369 1748 1447 1795 se,
1474 1735 1567 1789 sed
1598 1734 1766 1804 alium
1792 1750 1916 1790 esse
1948 1734 2265 1804 episcopum
2299 1732 2502 1791 indicet
2531 1755 2544 1791 :
2573 1736 2867 1789 secundam
2904 1751 3055 1795 vero.
3080 1750 3252 1804 quam
3291 1734 3456 1787 biduo
3485 1743 3632 1802 post-

375 1821 439 1855 ea
466 1801 755 1858 secutaest
788 1801 945 1875 tertia
967 1843 983 1868 ,
1029 1802 1330 1856 Antiochiae
1362 1813 1631 1875 praisente
1658 1802 1918 1859 Flaviano
1948 1801 2222 1875 episcopo
2262 1805 2462 1860 dictam
2508 1805 2696 1867 fuisse,
2746 1807 2860 1875 ipse
2888 1806 3066 1873 palam
3100 1801 3411 1875 profitetur
3451 1801 3628 1857 initio.

376 1877 593 1944 Annum
625 1881 807 1926 autem
832 1873 1131 1944 assignare,
1177 1887 1285 1944 quo
1315 1874 1398 1926 vel
1440 1883 1549 1929 tres
1579 1874 1704 1940 illae,
1736 1875 1819 1929 vel
1845 1890 1913 1929 ex
1942 1874 2010 1929 iis
2041 1873 2237 1944 aliquae
2286 1876 2482 1931 habitae
2523 1883 2673 1941 sunt,
2711 1873 2779 1929 ne
2807 1873 3142 1941 conjectura
3168 1874 3386 1943 quidem
3436 1890 3631 1943 possu-

376 1943 958 2018 nius,_'l'_i|lemontius,
985 1943 1076 2018 qui
1108 1943 1339 2018 primani
1364 1946 1459 2018 cui
1489 1944 1702 2018 titulus,
1729 1944 2007 2018 Dajrnones
2031 1943 2148 1997 non’
2171 1946 2459 2016 gubernare
2488 1946 2743 1999 mundum
2777 1946 2953 2018 [246],
2986 1946 3147 2018 biduo
3175 1956 3307 2018 ante
3334 1946 3629 1999 secundam

380 2015 453 2067 De
484 2014 697 2067 diabolo
740 2022 999 2067 tentatore
1037 2013 1276 2067 habitam
1301 2013 1492 2085 fuisse,
1525 2016 1616 2069 sed
1645 2016 2002 2084 probabiliter
2040 2013 2278 2079 tantum,
2310 2033 2410 2071 nec
2438 2018 2555 2072 sine
2594 2013 2819 2071 adversa
2859 2013 3170 2085 suspicione
3194 2015 3511 2079 arbitratur,
3561 2032 3628 2068 ex

378 2086 480 2169 hac
507 2085 746 2169 secunda
776 2086 1111 2169 notamanni
1140 2093 1192 2169 et
1219 2084 1477 2169 temporis
1502 2085 1618 2169 erui
1646 2101 1807 2169 posse
1839 2085 2147 2169 putat,'boc
2176 2096 2657 2169 ususargnmento
2687 2106 2699 2140 :
2733 2087 2808 2141 Ea
2832 2084 3055 2169 ipsadie
3088 2101 3194 2167 qua
3227 2086 3374 2167 illam
3407 2085 3484 2138 De
3512 2086 3633 2169 flia-

374 2154 494 2226 bolo
522 2163 783 2210 tentatore
816 2154 1134 2226 concionem
1173 2154 1384 2226 habuit,
1413 2170 1471 2210 se
1497 2154 1808 2211 cateChesin
1839 2154 2136 2226 quamdam
2168 2159 2233 2211 ad
2268 2154 2653 2226 illuminandos
2675 2154 2960 2211 matutinis
2992 2156 3143 2210 horis
3168 2155 3632 2226 instituisseidicit

372 2225 828 2297 Chrysostomus,
867 2223 956 2276 ubi
993 2224 1059 2277 de
1084 2224 1324 2297 diabolo,
1356 2225 1423 2279 de
1451 2223 1932 2297 abrenuntiatione
1961 2236 2012 2279 et
2043 2228 2110 2282 de
2141 2238 2304 2297 pacto
2343 2243 2465 2280 cum
2512 2225 2731 2281 Christo
2758 2227 2894 2280 inito
2942 2241 3000 2280 se
3027 2226 3189 2281 verba
3236 2223 3435 2281 fecisse
3462 2225 3626 2297 dicit:

374 2296 526 2365 atqui
562 2295 905 2373 htegoptime
930 2296 1281 2373 .conveniu‘nt-
1315 2311 1439 2373 cum
1464 2296 1731 2373 catecbesj
1760 2298 2009 2373 illaquae
2034 2297 2087 2351 in
2123 2295 2361 2373 liomiliis
2398 2298 2480 2373 Ad
2507 2298 3179 2373 pupuluinﬂntiocnenum
3214 2297 3471 2373 vicesima
3516 2295 3629 2373 pri-

376 2364 462 2419 ma
493 2375 614 2430 est;
651 2364 741 2418 illa
768 2364 1176 2436 vero__instituta
1207 2366 1311 2420 fuit
1336 2367 1417 2419 vel
1450 2382 1596 2419 anno
1623 2367 1749 2431 587,
1787 2364 1982 2430 νειζιιι
2020 2367 2360 2436 probabilius
2398 2364 2676 2422 existimat
2717 2365 3113 2429 Tillemontius,
3148 2383 3291 2421 anno
3318 2366 3441 2433 589,
3490 2366 3632 2421 unde

372 2446 634 2505 sequatur
667 2434 1015 2504 probabiliter
1048 2436 1236 2490 saltem
1268 2437 1320 2490 in
1350 2451 1553 2490 annum
1591 2437 1696 2491 588
1739 2434 2098 2491 conferendas
2125 2452 2247 2493 esse
2282 2448 2391 2493 tres
2422 2440 2586 2493 hasce
2615 2438 2682 2493 de
2715 2438 2932 2492 diabolo
2968 2438 3245 2492 homilias.

449 2548 637 2603 Utrum
670 2548 785 2602 haec
804 2547 1106 2603 catechesis
1138 2546 1191 2599 in
1231 2561 1433 2598 annum
1459 2544 1564 2598 587
1592 2560 1658 2597 an
1712 2544 1764 2598 in
1804 2546 1910 2599 588
1936 2544 2269 2601 conferenda
2317 2546 2407 2609 sit,
2442 2546 2556 2615 jam
2608 2547 3073 2615 perquisivimus;
3107 2563 3174 2601 an
3228 2561 3358 2601 vero
3413 2560 3474 2599 ea
3512 2545 3629 2613 ipsa

371 2621 444 2688 sit
471 2619 930 2687 catechesis,qua:
968 2626 1303 2671 memoratur
1326 2615 1378 2668 in
1400 2615 1714 2669 homiliaDe
1731 2616 1947 2688 diabolo
1986 2626 2266 2680 tentatore,
2300 2618 2411 2686 jam
2442 2618 2877 2686 disquirendum.
2914 2619 2991 2671 En
3019 2616 3394 2688 Chrysostomi
3424 2616 3585 2688 verba
3613 2633 3627 2671 :

384 2686 573 2743 Verum
590 2689 710 2757 jam
734 2686 935 2757 tempus
966 2698 1042 2742 est
1079 2695 1137 2739 ut
1162 2701 1395 2739 mensam
1424 2701 1776 2754 apponamus,
1820 2687 2072 2756 reliquias
2104 2688 2356 2740 nimirum
2387 2702 2567 2741 eorum
2596 2703 2711 2757 qua:
2736 2703 2899 2756 nuper
2931 2690 3074 2742 dicta
3105 2686 3224 2740 sunt
3249 2703 3267 2739 :
3296 2686 3466 2738 adhuc
3490 2687 3630 2739 enim

368 2763 434 2814 de
459 2760 674 2813 diabolo
704 2774 995 2812 sermonem
1041 2758 1315 2827 habemus,
1350 2772 1501 2824 quem
1531 2765 1652 2827 ante
1681 2757 1784 2809 duo
1816 2757 1909 2811 hos
1944 2757 2055 2810 dies
2085 2758 2414 2811 instituimus
2435 2798 2448 2817 ,
2477 2773 2627 2827 quem
2657 2765 2705 2811 et
2768 2774 2919 2813 mane
2953 2761 3020 2811 ad
3050 2773 3134 2811 eos
3166 2757 3447 2809 habuimus
3474 2795 3489 2819 ,
3537 2759 3630 2825 qui

371 2832 635 2900 mysteriis
675 2829 979 2891 initiantur,
1012 2826 1227 2900 cumje
1265 2826 1721 2900 abrenuntiatione
1751 2828 1914 2896 deque
1949 2843 1969 2878 ι

2026 2830 2342 2900 gregatione,
2371 2826 2497 2900 sive
2515 2830 2865 2900 pacto,_m-:pi.
2887 2828 3168 2897 ὰποταγῆς
3205 2828 3299 2880 καὶ
3338 2827 3624 2895 συπαγῆς,

369 2895 513 2970 apud
542 2901 670 2953 istos
698 2900 1097 2953 dissereremus.
1132 2896 1450 2970 [iocantem
1482 2895 1711 2970 agimus,
1748 2895 1849 2970 non
1875 2895 2033 2970 quod:
2060 2895 2274 2970 delectet
2307 2915 2399 2951 nos
2432 2898 2494 2951 de
2517 2895 2749 2950 diabolo
2790 2895 2944 2953 uerba
2992 2895 3184 2968 facere,
3224 2908 3332 2970 etc,
3365 2900 3422 2950 In
3472 2904 3617 2970 cate-7

368 2965 523 3025 rhesi
548 2970 736 3041 igitur,
768 2984 933 3039 quam
980 2984 1039 3022 se
1062 2966 1361 3041 matutinis
1387 2965 1535 3041 horis
1562 2965 1895 3041 instituisse
1923 2968 2079 3041 dicit,
2118 2967 2257 3022 idem
2317 2977 2701 3041 argumentum
2735 2965 3096 3041 susceperat,
3135 2968 3281 3041 quod
3322 2969 3375 3021 in
3416 2970 3515 3020 hac
3548 2965 3627 3041 De

370 3037 598 3094 Diabolo
632 3037 891 3093 tentaiore
925 3038 1147 3093 homilia
1172 3038 1524 3107 prosequitur
1550 3053 1564 3100 ;
1594 3037 1920 3105 probaverat
1942 3038 2202 3091 nimirum
2240 3052 2347 3091 non
2381 3053 2542 3107 posse
2571 3038 2844 3093 diabolum
2871 3037 3200 3093 voluntatem
3233 3040 3527 3091 humanam
3558 3037 3625 3089 ad

370 3112 576 3165 malum
609 3111 660 3163 vi
690 3111 1005 3180 pertrahere
1035 3128 1047 3162 :
1096 3108 1150 3161 in
1193 3108 1283 3161 illa
1320 3122 1448 3180 vero
1482 3109 1775 3171 catechesi,
1800 3123 1930 3180 qua!
1957 3116 2210 3180 superest
2226 3117 2390 3180 atque
2419 3109 2560 3162 inter
2582 3108 2837 3165 homilias
2864 3111 2947 3163 Ad
2969 3109 3218 3179 populum
3248 3107 3627 3180 Antiochenam

368 3182 629 3236 \icesima
671 3177 845 3249 prima
870 3180 1101 3234 antehac
1136 3178 1552 3249 numerabatur,
1593 3192 1661 3231 ne
1694 3178 2303 3249 verbumquidemhac
2327 3178 2394 3232 de
2425 3194 2482 3232 re
2519 3180 2778 3244 occurrit,
2816 3196 2915 3235 nec
2942 3177 3045 3235 nisi
3097 3180 3269 3233 obiter
3297 3179 3363 3249 de
3408 3177 3626 3249 diabolo

366 3253 551 3322 agitur
582 3270 595 3303 :
635 3246 761 3322 nam
804 3251 948 3322 quod
974 3264 1165 3303 versus
1194 3248 1431 3302 homilia;
1465 3249 1639 3322 linem
1677 3246 1744 3322 de
1770 3247 2050 3322 ominibus
2074 3256 2127 3301 et
2154 3248 2232 3322 _de
2263 3249 2513 3303 amuletis
2541 3249 2786 3322 habetur,
2814 3252 2880 3305 ad
2910 3266 3029 3303 eain
3065 3248 3390 3322 hypothesin
3422 3263 3539 3322 quae
3570 3247 3623 3298 in

368 3318 595 3375 homilia
620 3321 698 3374 De
731 3318 943 3374 diabolo
973 3327 1227 3373 tentatore
1250 3318 1593 3387 proponitur,
1624 3325 1679 3371 et
1701 3318 1815 3387 jam
1843 3319 1996 3387 prius
2038 3318 2288 3372 instituta
2316 3327 2647 3372 memoratur
2669 3361 2683 3385 ,
2712 3321 2847 3373 nihil
2890 3322 3047 3374 habet
3095 3318 3394 3373 aliinitatis.
3432 3318 3627 3372 Fateor

364 3402 552 3447 tamen
578 3392 632 3446 in
660 3392 749 3445 illa
774 3390 1045 3446 catechesi
1073 3389 1153 3442 Ad
1188 3388 1569 3441 illuminandos
1602 3390 1707 3441 sive
1746 3388 2119 3456 baptizandos,
2181 3389 2247 3442 de
2296 3390 2775 3444 abrenuntiatione
2830 3389 3046 3445 Satanae
3094 3390 3428 3443 mentionem
3480 3387 3622 3451 fieri,

367 3464 597 3531 ipsaque
625 3461 1120 3531 abrenuntiationﬁis
1142 3459 1319 3531 verba
1336 3459 1420 3514 bis
1450 3457 1703 3531 proferri,
1736 3459 2019 3531 nimirum,
2054 3458 2383 3531 Abrenuntio
2417 3459 2532 3524 tibi,
2562 3456 2791 3531 Satana.
2823 3462 2894 3513 At
2934 3464 3190 3531 observes
3240 3460 3404 3531 velim
3447 3459 3624 3531 Chryj-

366 3527 679 3587 siostomum
704 3546 798 3600 per
825 3547 998 3585 annos
1025 3530 1149 3584 illos
1178 3527 1491 3592 duodecim,
1524 3529 1727 3597 quibus
1757 3528 2042 3600 presbyter
2072 3530 2378 3584 Antiochia:
2418 3530 2777 3600 concionatus
2810 3540 2912 3593 est,
2944 3530 3013 3584 ab
3038 3546 3182 3583 anno
3230 3529 3477 3600 videlicet
3520 3527 3625 3600 586

367 3603 438 3656 ad
474 3618 680 3657 annum
705 3599 848 3665 598,
896 3601 979 3655 bis
1011 3601 1202 3655 saltem
1227 3600 1519 3667 quotannis
1547 3600 1863 3669 catecheses
1895 3599 1961 3652 ad
1996 3600 2386 3654 illuminandos
2414 3615 2507 3654 seu
2539 3599 2892 3668 baptizandos
2927 3600 3271 3654 instituisse:
3322 3599 3375 3652 in
3421 3599 3624 3669 quibus

368 3675 484 3727 haec
514 3674 565 3727 in
595 3674 867 3743 baptismo
898 3670 1131 3743 proferri
1156 3669 1331 3743 solita
1363 3670 1552 3743 verba,
1582 3668 1907 3743 Abrenuntio
1938 3670 2053 3734 tibi,
2089 3669 2317 3743 Satana,
2350 3672 2421 3723 ita
2456 3671 2521 3723 ad
2552 3686 2796 3743 manum,
2825 3680 2882 3725 ut
2918 3672 2992 3724 ita
3041 3672 3264 3743 dicam,_
3278 3668 3457 3743 erant,
3512 3677 3621 3721 tam

365 3739 732 3811 congruenter
792 3739 993 3796 habitis
1025 3741 1091 3794 ad
1154 3739 1511 3811 baptizandus
1564 3740 1926 3793 concionibus
1984 3742 2163 3809 aptari
2219 3750 2499 3811 poterant,
2545 3749 2604 3794 ut
2638 3742 2854 3796 dillicile
2903 3743 2993 3806 sit,
3041 3756 3106 3795 ea
3161 3757 3192 3794 a
3228 3741 3623 3811 Chrysostomo

366 3809 791 3869 cateChumenos
819 3813 939 3866 illos
962 3809 1317 3881 baptizandus
1337 3810 1656 3864 instituente
1676 3824 1781 3863 non
1800 3825 1942 3879 saepe
1973 3819 2235 3879 usurpata
2255 3809 2442 3865 fuisse.
2470 3809 2832 3876 Quamobrem
2858 3828 2983 3865 cum
3006 3827 3069 3865 ea
3090 3827 3211 3880 quae
3236 3826 3294 3881 se
3318 3812 3385 3865 de
3405 3810 3622 3864 diabolo

364 3885 575 3939 dixisse
604 3880 1047 3947 commemorat,
1070 3883 1123 3934 in
1152 3880 1322 3942 illam,
1344 3895 1466 3949 qua:
1503 3880 1801 3934 etiamnum
1831 3892 2103 3948 superest,
2133 3881 2443 3935 catechesin
2468 3896 2573 3934 non
2603 3885 2953 3947 conveniant,
2987 3882 3041 3935 in
3077 3882 3239 3935 aliam
3272 3880 3384 3949 jam
3430 3881 3623 3949 deper-

362 3956 535 4008 ditam
561 3953 934 4017 convenerint,
968 3954 1153 4020 inqua
1184 3951 1313 4022 item
1338 3951 1637 4022 solemnem
1674 3950 1821 4003 illam
1859 3952 2391 4022 abrenuntiationem
2435 3964 2981 4006 commemoraverat.
3031 3953 3245 4005 Nullam
3299 3952 3461 4021 igitur
3494 3951 3620 4003 hinc

364 4024 500 4078 anni
541 4035 729 4078 notam
760 4023 997 4077 mutuari
1042 4020 1334 4090 possumus
1362 4020 1517 4090 :hhoc
1552 4036 1721 4074 unum
1758 4035 1823 4074 ex
1859 4022 2083 4075 homilia
2106 4021 2182 4076 De
2213 4021 2426 4075 diabolo
2458 4031 2715 4076 tentatore
2743 4039 2935 4077 eruere
2965 4023 3128 4087 licet;
3184 4020 3443 4074 nimirum
3474 4035 3619 4084 eam,

364 4110 492 4148 eum
528 4095 579 4147 in
606 4088 1332 4163 Quadragesimapraasente
1373 4088 1635 4145 Flaviano
1662 4090 1912 4163 instituta
1946 4090 2131 4157 fuerit,
2169 4107 2276 4145 non
2327 4107 2487 4163 posse
2512 4094 2788 4163 quadrare
2830 4096 2886 4147 in
2936 4109 3141 4147 annum
3186 4090 3311 4163 587,
3344 4092 3472 4160 quia
3529 4092 3623 4143 illo

362 4180 511 4219 anno
537 4160 1467 4233 Flavianus'Constantinopolitano
1501 4172 1755 4233 suscepto
1792 4162 2007 4227 itinere,
2036 4176 2130 4230 per
2161 4160 2337 4215 totam
2361 4161 2471 4217 fere
2498 4162 2979 4233 Quadragesimam
3008 4164 3207 4218 absens
3239 4160 3374 4215 fuit:
3408 4176 3472 4215 ac
3528 4176 3623 4228 per

363 4243 540 4289 totam
573 4235 1055 4305 Quadragesimam
1082 4232 1149 4286 de
1174 4231 1642 4286 Antiochenorum
1670 4231 1740 4286 ob
1768 4246 1990 4287 eversas
2021 4241 2233 4287 statuas
2264 4233 2573 4287 calamitate
2603 4234 2655 4286 in
2680 4231 3035 4288 concionibus
3064 4248 3278 4302 semper
3305 4240 3484 4285 actum
3513 4239 3620 4285 est.

437 4344 632 4400 Prima:
657 4344 960 4408 concionis,
992 4343 1267 4399 Dwmones
1299 4359 1397 4396 non
1424 4342 1714 4413 gubernare
1748 4342 2022 4405 mundum,
2054 4350 2109 4395 et
2135 4342 2387 4397 secundae
2434 4341 2512 4395 De
2530 4342 2784 4413 _diabolo_
2815 4351 3070 4395 tentatore
3121 4338 3620 4413 interpretatimiem

362 4417 713 4471 concinnavit
738 4414 941 4470 Fronto
973 4414 1225 4477 Ducaaus,
1268 4409 1442 4483 quam'
1465 4414 1814 4482 paucissimis
1848 4413 2151 4467 immutatis
2181 4414 2473 4467 edidimus.
2528 4411 2724 4467 Tertia:
2758 4411 2834 4465 De
2864 4413 3074 4482 ignavia
3104 4426 3300 4465 novam
3333 4409 3626 4464 adornavi-

363 4502 513 4551 mus,
549 4487 678 4541 auia
709 4497 862 4543 vetus
892 4484 1269 4556 interpretatio
1301 4484 1493 4540 incerti
1520 4484 1807 4555 cujusdam
1839 4483 1943 4537 viri
1972 4483 2333 4553 paraphrasin
2363 4483 2629 4554 sapiebat,
2663 4498 2762 4538 nec
2789 4492 3041 4537 accurata
3080 4491 3221 4536 erat.

376 4678 3611 4706 Mm

367 4838 690 4883 Αυνειιευε
732 4839 869 4894 EOS,
916 4838 1024 4891 QUI
1068 4839 1303 4883 DICUNT
1364 4838 1675 4882 DEMONES
1731 4832 2114 4880 GUBERNARE
2158 4827 2272 4870 RES
2319 4824 2643 4875 HUMANAS,
2691 4822 2771 4863 ET
2831 4820 2937 4862 DEI
2992 4820 3368 4863 PUNITIONES
3428 4820 3648 4874 INIQUO

452 4938 650 4981 ANIMO
694 4939 989 4995 FERUNT,
1035 4938 1242 4991 ATQUE
1282 4937 1363 4982 OB
1407 4936 1717 4981 ΜΑιοιιυΜ
1761 4933 2044 4977 ΡηοεΡι-ςιι

2051 4926 2270 4972 ITATES
2315 4925 2394 4966 ET
2449 4921 2777 4965 JUSTORUM
2833 4920 3314 4963 ADVEBSITATES
3367 4920 3644 4964 SCANDA-

452 5039 766 5082 LIZANTUR
813 5020 923 5100 (a).

960 5152 1183 5193 HOMILIA
1224 5154 1262 5192 1.

444 5235 810 5291 1.ΑηιὶοσΙιεηὶ
831 5234 1005 5305 populi
1024 5233 1243 5286 studium
1262 5230 1496 5284 audiendi
1513 5226 1947 5300 Chrysostomi.——
2070 5216 2307 5287 profanis
2330 5213 2598 5305 conviviis
2615 5211 2854 5305 ebriosis-
2868 5210 3169 5305 hominibus
3194 5210 3349 5275 solet,
3369 5209 3645 5305 accidisse.

373 5326 611 5381 Verebar
637 5300 873 5395 quidem,
898 5300 966 5377 ne
993 5323 1145 5377 vobis
1172 5331 1422 5376 tractatus
1449 5320 1730 5375 assiduitas
1755 5317 1947 5372 verbo-
2072 5309 2203 5364 Nam
2233 5316 2288 5362 et
2317 5306 2388 5360 illi
2418 5320 2525 5374 quo
2554 5304 2669 5374 plus
2708 5300 2999 5356 infuderint
3026 5301 3362 5395 meri,‘tanto
3388 5300 3554 5395 magis
3576 5300 3649 5395 si-

369 5436 489 5474 rum
539 5434 781 5473 meorum
809 5416 1074 5472 fastidium
1123 5425 1369 5480 crearet;
1422 5422 1790 5469 verumtamen
1815 5426 1946 5466 con-

2071 5401 2166 5456 tim
2192 5396 2534 5454 accendunt:
2587 5404 2642 5449 et
2690 5408 2788 5449 nos
2831 5403 3029 5464 quanto
3073 5392 3409 5462 prolixiorem
3456 5391 3650 5445 doctri-

373 5512 597 5564 trarinm
614 5509 857 5565 evenisse
878 5507 1049 5573 video,
1075 5522 1175 5562 nec
1196 5507 1343 5561 vobis
1359 5505 1721 5561 assiduitatem
1738 5515 1949 5558 creasse
2076 5507 2199 5547 nam
2230 5490 2383 5545 VObiS
2428 5487 2775 5552 inculcamus,
2809 5494 2955 5540 1³ηιο
3004 5484 3259 5553 maiorem
3305 5481 3648 5551 ουβίάίιθιθιη

370 5600 664 5665 fastidium,
696 5598 790 5654 sed
834 5598 1154 5653 desiderium
1204 5598 1435 5661 auxisse,
1480 5612 1579 5652 nec
1625 5597 1945 5658 satietatem,
2070 5581 2435 5643 accendimus,
2466 5579 2721 5648 maiorem
2749 5577 3040 5646 appetitum
3090 5589 3152 5629 ³ο
3190 5573 3648 5665 γθιιεψεηιίοτεηι

370 5694 468 5750 sed
498 5663 825 5763 voluptatem
857 5690 1123 5746 addidisse
1152 5708 1163 5743 :
1191 5689 1436 5758 idemque
1467 5690 1696 5758 penitus,
1724 5684 1865 5757 quod
1893 5684 1944 5739 in
2071 5688 2305 5729 amorem
2335 5671 2647 5726 exeilam'ls-
2679 5669 2794 5766 Qui)
2822 5668 2986 5766 libum
3016 5663 3380 5766 tametsimibi
3426 5678 3650 5765 summm

432 5803 511 5866 (α)
539 5754 713 5855 nou-am
731 5818 839 5855 cum
861 5810 967 5853 MSS.
991 5802 1119 5853 Com.
1144 5801 1236 5851 τω
1257 5754 1484 5852 ει
1743 5754 1757 5757 “
2073 5766 2172 5820 sim
2203 5762 2449 5821 conscius
2484 5757 2826 5832 paupertatis,
2875 5756 3117 5813 liberales
3159 5754 3355 5811 imitati
3394 5754 3649 5812 conviva-
