4046 6396
427 378 535 440 “5

431 508 576 553 tores
602 511 711 553 non
736 494 999 561 desinam,
1025 502 1080 551 et
1105 495 1377 550 assiduam
1407 508 1649 549 mensam
1676 492 1826 549 vobis
1854 508 2020 565 appo-

430 603 577 653 nam,
607 601 672 642 ac
715 588 930 658 plenum
978 595 1207 640 statuam
1240 584 1497 640 doctrina:
1524 593 1810 639 craterem.
1838 584 2016 653 Siqui-

429 679 556 733 dem
584 679 742 734 video
772 694 886 745 vos,
913 679 1002 733 ubi
1025 687 1195 732 totum
1224 678 1373 732 illum
1395 677 1771 747 exhauseritis,
1795 676 2020 731 sitibnn-

430 770 529 824 dos
583 785 766 825 rursus
795 769 1089 824 discedere.
1138 770 1313 839 Atque
1360 768 1462 822 hoc
1511 767 1728 838 quidem
1772 768 1839 821 ab
1868 767 2018 820 omni

433 870 679 931 tempore
702 861 811 929 jam
857 861 1108 925 innotuit,
1144 859 1436 930 praesertim
1479 870 1657 914 autem
1686 874 1717 913 a
1746 859 2017 915 Dominica

434 950 736 1019 superiore.
765 949 1062 1019 Numquam
1083 951 1224 1004 enim
1251 949 1428 1004 divina
1458 948 1609 1003 vobis
1637 949 1844 1018 eloquia
1873 947 2022 1003 fasti-

434 1038 581 1094 dium
628 1056 837 1111 parere,
869 1041 984 1096 dies
1028 1041 1117 1095 ille
1168 1041 1460 1110 praesertim
1490 1041 1760 1107 indicavit,
1781 1056 1887 1111 quo
1914 1056 2018 1095 non

434 1130 633 1187 debere
678 1148 775 1187 vos
817 1144 1003 1189 mutuo
1047 1134 1199 1187 vobis
1245 1133 1563 1188 maledicere
1593 1133 1883 1199 docebam;
1914 1148 2021 1203 quo

435 1223 596 1277 etiam
626 1232 866 1293 tempore
902 1225 1058 1279 vobis
1086 1224 1401 1278 tutissimam
1446 1225 1746 1293 praebebam
1778 1225 2019 1278 occasio-

437 1328 560 1367 nem
591 1314 962 1380 accusationis,
992 1331 1112 1370 cum
1141 1315 1206 1369 ad
1244 1315 1454 1385 propria
1481 1324 1695 1384 peccata
1724 1314 2021 1369 maledictis

440 1402 752 1459 incessenda
799 1420 896 1459 vos
924 1406 1256 1470 cohortarer,
1290 1421 1394 1460 non
1441 1406 1507 1459 ad
1547 1406 1717 1460 aliena
1760 1404 2023 1460 curiosius

440 1494 804 1565 investiganda
835 1514 848 1550 :
877 1511 997 1551 cum
1040 1507 1254 1553 sanctos
1302 1498 1355 1552 in
1402 1498 1632 1553 medium
1678 1498 2020 1566 adducerem,

438 1586 530 1656 qui
575 1589 779 1657 seipsos
834 1589 1177 1655 accusabant,
1218 1590 1336 1644 aliis
1381 1606 1507 1645 vero
1547 1590 1853 1659 parcebant,
1887 1590 2024 1644 Pau-

440 1678 550 1733 lum
582 1678 753 1748 ipsum
782 1680 1072 1747 dicentem,
1120 1682 1465 1737 Peccatorum
1510 1684 1711 1752 primus
1742 1697 1840 1752 ego
1879 1698 2021 1747 sum,

442 1780 643 1826 etcum
675 1786 849 1827 essem
878 1773 1225 1842 blasphemus
1253 1783 1310 1829 et
1352 1787 1705 1845 persequutor
1748 1784 1801 1829 et
1830 1784 2022 1828 contu-

442 1861 697 1918 meliosus
717 1863 1136 1919 misericordiam
1163 1864 1253 1919 Dei
1276 1875 1637 1935 consequutus
1662 1881 1778 1918 sum
1804 1863 1853 1937 (1
1869 1863 2021 1917 .Tim.

442 1951 498 2007 1.
528 1953 613 2007 15.
645 1963 693 2007 et
720 1953 845 2025 {6),
888 1964 944 2009 et
980 1956 1280 2010 abortivum
1324 1956 1554 2025 seipsum
1602 1965 1898 2017 vocantem,
1929 1970 2027 2010 nec

441 2055 504 2095 sc
561 2044 924 2111 apostolorum
988 2045 1346 2115 appellatione
1398 2045 1614 2115 dignum
1678 2046 2025 2100 arbitrantem

442 2131 519 2200 (Ι.
544 2131 660 2186 Cor.
687 2134 774 2187 15.
808 2133 863 2204 8)
890 2152 904 2188 :
937 2134 1151 2189 Petrum
1182 2136 1272 2205 qui
1303 2136 1531 2197 dicebat,
1568 2135 1665 2189 Exi
1701 2152 1732 2189 a
1772 2153 1871 2202 me,
1904 2137 2026 2205 quia

444 2221 591 2275 homo
620 2233 850 2291 peccator
886 2242 998 2279 sum
1028 2224 1176 2295 (Luc.
1201 2226 1253 2279 5.
1284 2224 1338 2297 8)
1366 2243 1379 2279 :
1413 2225 1739 2290 Matthasum,
1770 2227 1860 2296 qui
1895 2236 2029 2281 tem-

444 2328 575 2384 pore
595 2316 923 2385 apostolatus
950 2318 1288 2386 publicanum
1316 2319 1549 2387 seipsum
1568 2319 1791 2372 vocabat
1813 2317 2025 2391 (Matth.

447 2406 535 2460 10.
553 2409 638 2477 5):
664 2408 938 2473 Davidem,
956 2409 1045 2478 qui
1075 2410 1313 2464 clamans
1337 2410 1509 2464 aiebat
1540 2427 1553 2464 :
1580 2408 1878 2480 Iniquitate;
1908 2425 2029 2464 mea:

444 2514 783 2569 supergressa:
807 2511 922 2554 sunt
949 2512 1102 2569 caput
1132 2518 1316 2567 meum,
1341 2512 1387 2556 et
1424 2503 1552 2557 sicut
1582 2519 1707 2556 onus
1733 2519 1883 2573 grave
1911 2520 2028 2573 gra-

445 2600 576 2643 vata:
601 2601 719 2644 sunt
757 2608 909 2662 super
933 2609 1011 2645 me
1036 2592 1203 2664 (Psal.
1233 2595 1321 2647 '57.
1350 2593 1408 2665 5)
1441 2610 1454 2647 :
1503 2604 1558 2650 et
1588 2593 1775 2648 Isaiam
1817 2596 1906 2664 qui
1954 2596 2029 2648 la-

448 2688 720 2733 metuatur
744 2696 807 2734 ac
829 2681 1004 2751 luget:
1034 2680 1334 2736 Immundas
1364 2700 1492 2750 sum,
1525 2693 1571 2737 et
1592 2683 1850 2736 immunda
1872 2684 2028 2738 habeo

446 2769 580 2823 labia
615 2769 765 2840 (Isai.
793 2770 847 2827 6.
878 2774 933 2843 5)
966 2790 979 2826 :
1024 2782 1132 2828 tres
1184 2790 1380 2843 pueros
1408 2776 1495 2845 qui
1542 2777 1596 2828 in
1640 2775 1850 2829 camino
1894 2776 2029 2845 ignis

445 2865 787 2930 conﬁtentur,
814 2880 877 2920 ac
901 2866 1104 2933 dicunt,
1136 2883 1193 2921 se
1222 2882 1492 2938 peccasse,
1524 2868 1691 2938 legem
1712 2883 1830 2922 esse
1858 2876 2030 2923 trans-

444 2970 681 3025 gressos,
731 2974 903 3028 neque
956 2959 1048 3014 Dei
1099 2961 1362 3014 mandatis
1409 2960 1725 3029 paruisse‘:
1759 2960 2028 3015 Danielem

448 3044 553 3100 hoc
598 3048 768 3116 ipsum
813 3048 1200 3117 deplorantem.
1234 3050 1350 3116 Quo
1382 3060 1641 3119 tempore,
1686 3058 1763 3104 tot
1806 3066 2029 3105 enume-

446 3136 580 3190 ratis
624 3137 823 3191 sanctis
868 3138 1004 3204 istis,
1035 3153 1243 3192 muscas
1288 3140 1447 3193 etiam
1478 3140 1835 3193 accusatrices
1860 3139 2028 3193 advo-

446 3227 587 3290 cavi,
606 3242 669 3281 ac
693 3228 978 3297 legitimam
1006 3229 1231 3298 exempli
1256 3244 1473 3283 causam
1500 3229 1735 3298 adjunxi,
1754 3244 1874 3284 cum
1896 3230 2024 3294 dixi,

445 3316 892 3385 quemadmodum
915 3319 1105 3374 alienis
1134 3320 1237 3373 illa:
1263 3320 1569 3375 vulneribus
1595 3320 1847 3387 insident,
1876 3321 1953 3375 sic
1975 3330 2031 3376 et

446 3417 785 3467 accusatores
804 3411 975 3465 aliena
998 3423 1213 3481 peccata
1242 3413 1506 3478 vellicare,
1535 3415 1885 3483 morbumque
1907 3414 2030 3469 inde

444 3498 733 3554 conciliare
763 3501 885 3564 illis,
920 3503 1009 3567 qui
1037 3518 1157 3556 cum
1196 3502 1323 3571 ipsis
1365 3512 1674 3569 verSantur;
1705 3518 1798 3557 eos
1824 3513 2024 3571 autem,

445 3588 537 3657 qui
581 3592 846 3644 contraria
896 3591 1163 3659 facerent,
1196 3609 1323 3663 apes
1371 3593 1724 3662 appellabam,
1755 3610 1861 3649 non
1909 3612 2028 3665 qua:

445 3677 757 3749 colligerent
785 3682 1150 3751 aegritudines,
1182 3684 1273 3738 sed
1303 3700 1419 3753 qua:
1448 3699 1670 3739 Summa:
1715 3685 1925 3754 pietatis
1948 3686 2026 3739 fa-

447 3784 544 3824 vos
572 3774 980 3842 concinnarent,
1013 3791 1076 3831 ac
1116 3777 1311 3831 deinde
1351 3777 1591 3831 volantes
1624 3787 1773 3846 prato
1820 3778 2029 3836 virtutis

447 3877 756 3921 sanctorum
782 3868 1077 3924 insiderent
1109 3886 1121 3923 :
1152 3878 1261 3925 tum
1294 3871 1567 3936 nimirum,
1601 3880 1710 3925 tum
1738 3871 2029 3942 inexplebi-

451 3953 555 4007 lem
607 3971 716 4025 prae
761 3958 911 4012 vobis
953 3975 1189 4015 amorem
1244 3961 1456 4015 tulistis.
1490 3961 1620 4016 Nam
1674 3963 1924 4031 quoniam
1974 3964 2026 4018 in

448 4044 805 4113 prolixitatem
848 4063 1026 4103 sermo
1053 4062 1234 4104 noster
1259 4060 1341 4105 est
1372 4051 1677 4120 productus,
1708 4068 1771 4109 ac
1805 4054 2028 4124 prolixi-

448 4142 610 4189 tatem
664 4136 1002 4205 immensam,
1051 4149 1106 4194 et
1142 4150 1339 4210 quanta
1387 4158 1673 4211 numquam
1706 4143 1820 4210 fuit,
1864 4145 1941 4199 sic
1972 4155 2029 4201 ut

447 4237 747 4282 metuerent
793 4228 966 4294 multi,
1020 4244 1087 4284 ne
1137 4230 1420 4285 verborum
1475 4233 1815 4289 multitudine
1862 4235 2025 4290 animi

448 4320 608 4374 vestri
638 4320 886 4374 alacritas
938 4321 1386 4390 exstinguerctur,
1436 4324 1761 4379 contrarimn
1816 4324 2027 4394 penitus

447 4412 659 4465 accidit.
689 4412 930 4481 Amplius
950 4412 1090 4466 enim
1119 4428 1215 4467 cor
1242 4424 1477 4469 vestrum
1507 4415 1884 4482 incalescebat,
1913 4433 2028 4472 am-

446 4502 586 4570 plius
627 4502 952 4557 desiderium
1007 4504 1413 4559 exardescebat.
1465 4504 1617 4566 Unde
1676 4506 1727 4561 id
1776 4510 2027 4563 constat?

444 4592 674 4661 Maiores
703 4592 918 4662 quidem
956 4603 1101 4648 certe
1147 4594 1358 4663 plausus
1382 4598 1482 4651 sub
1525 4598 1682 4651 ﬁnem
1714 4597 1944 4664 fuerunt,
1975 4610 2028 4655 et

444 4685 699 4741 clariores
749 4688 1188 4753 acclamationes,
1250 4689 1496 4758 idemque
1543 4691 1737 4745 accidit
1783 4692 1923 4763 quod
1971 4694 2026 4748 in

431 4776 766 4831 'fornacibus.
816 4777 887 4834 Ut
929 4777 1072 4832 enim
1116 4778 1223 4832 illic
1262 4780 1411 4833 initio
1439 4779 1651 4849 quidem
1700 4797 1804 4835 non
1835 4782 2024 4837 admo-

444 4868 570 4922 dum
602 4867 803 4923 clarum
834 4878 916 4922 est
944 4868 1121 4922 lumen
1154 4869 1320 4938 ignis;
1370 4880 1645 4940 postquam
1680 4881 1857 4926 autem
1885 4874 2022 4944 ligna

443 4962 644 5027 omnia,
674 4977 793 5032 qua:
842 4962 1085 5031 imposita
1128 4961 1357 5029 fuerant,
1391 4962 1599 5020 ﬂamma
1645 4965 1921 5035 corripuit,
1974 4968 2023 5021 in

443 5066 691 5121 magnam
725 5050 929 5106 tollitur
958 5052 1324 5107 altitudinem:
1347 5055 1425 5109 sic
1449 5062 1504 5109 et
1528 5055 1620 5109 illo
1643 5055 1730 5110 die
1754 5065 1863 5110 tum
1894 5068 2027 5112 tem-

444 5144 589 5212 puris
612 5143 713 5197 hoc
737 5143 931 5198 evenit.
958 5143 1113 5198 Initio
1157 5144 1369 5213 quidem
1419 5161 1525 5199 non
1564 5145 1847 5200 admodum
1893 5148 2022 5201 mihi

443 5233 881 5288 commovebatur
907 5233 994 5288 hic
1027 5245 1227 5299 castus;
1276 5234 1368 5289 ubi
1415 5250 1544 5291 vero
1592 5236 1798 5307 longius
1847 5251 2037 5292 sermo

442 5325 736 5396 productus
762 5335 845 5378 est
872 5334 928 5379 et
974 5340 1161 5380 omnes
1202 5327 1501 5396 argumenti
1535 5327 1795 5396 propositi
1840 5336 2024 5398 partes

444 5415 657 5477 invasit,
704 5415 1037 5486 ampliorque
1085 5417 1442 5485 proseminata
1483 5416 1727 5473 doctrina
1766 5429 1867 5484 est,
1913 5431 2021 5474 tum

443 5508 693 5562 nimirum
747 5507 812 5560 ad
869 5509 1126 5577 majorem
1184 5508 1433 5563 audiendi
1481 5509 1822 5579 cupiditatem
1873 5527 2027 5566 exan-

441 5597 608 5664 sistis,
642 5612 707 5651 ac
745 5598 1111 5654 vehementior
1151 5599 1371 5669 plausus
1421 5602 1617 5671 erupit.
1662 5601 1780 5668 Quo
1828 5602 2025 5662 factum

507 5735 524 5767 ί
559 5741 688 5807 unus
702 5734 855 5807 colu,
895 5736 1210 5807 peccavimus.
1240 5736 1392 5802 legem
1434 5738 1724 5805 transgressi
1765 5753 1930 5795 sumus
1943 5755 1962 5806 ;
1979 5747 2028 5796 et

443 5796 672 5846 manta
697 5797 783 5847 Dei
803 5796 904 5848 non‘
914 5797 1266 5850 custodiebam.

1219 377 1281 436 5.
1318 376 1596 435 JOANNIS
1629 376 2101 437 CHRYSOSTOMI
2142 382 2460 439 ARCHIEP.
2499 381 3028 440 CONS’I‘ANTINOP.

3586 377 3693 435 2L6

2123 508 2229 565 est,
2258 507 2316 552 ut
2341 500 2550 553 tametsi
2583 513 2670 553 me
2710 496 2775 553 ad
2814 496 3061 566 pauciora
3090 492 3310 550 licenda
3348 506 3694 563 comparare-

2124 606 2257 653 ram,
2289 600 2402 643 tum
2445 589 2662 644 modmn
2691 588 3047 652 excesserim;
3096 586 3205 641 imo
3247 599 3377 639 vero
3408 591 3695 653 numquam

2124 696 2225 751 ego
2244 680 2461 735 modum
2491 676 2697 737 excessi
2735 693 2752 729 ε
2790 677 3047 747 siquidem
3074 676 3330 732 doctrinas
3349 676 3698 746 quantitatem

2126 788 2231 827 non
2268 787 2333 828 ex
2365 787 2548 827 eorum
2576 786 2693 841 quae
2717 769 2968 824 dicuntur
3010 767 3366 831 multitudine,
3402 765 3497 821 sed
3524 781 3589 821 ex
3615 765 3700 818 af-

2126 862 2264 915 fectu
2309 876 2517 928 eorum,
2548 860 2638 930 qui
2688 859 2933 921 audiunt.
2986 858 3135 914 soleo
3182 856 3380 912 metiri.
3433 856 3562 911 Nam
3608 857 3702 925 qui

2126 961 2449 1008 nauseantes
2475 960 2660 1006 nactus
2686 961 2770 1006 est
2789 950 3082 1015 auditores,
3103 949 3229 1004 licet
3254 948 3546 1003 doctrinam
3566 962 3703 1001 con-

2127 1045 2368 1111 traxerit,
2388 1044 2684 1099 molestiam
2711 1042 2919 1097 videtur
2943 1040 3232 1105 exhibere;
3260 1039 3350 1109 qui
3375 1053 3504 1094 vero
3531 1047 3706 1092 atten-

2130 1145 2211 1190 tos
2240 1150 2304 1189 ac
2332 1135 2538 1205 vigiles,
2566 1135 2689 1189 licet
2714 1132 3024 1204 produxerit
3046 1131 3273 1201 longius,
3299 1145 3367 1185 ne
3392 1130 3462 1183 ita
3488 1128 3705 1199 quidem

2127 1226 2306 1296 explet
2331 1225 2698 1293 cupiditatem.

2202 1316 2250 1371 Ν
2260 1334 2325 1371 οη
2351 1316 2529 1370 debent
2550 1316 2738 1381 infirmi
2766 1315 2961 1385 exigere
2996 1330 3028 1366 a
3064 1313 3414 1367 concionatore
3435 1322 3489 1366 ut
3513 1312 3709 1366 brevior

2129 1410 2213 1465 sit.
2238 1440 2310 1451 —
2334 1409 2440 1465 Sed
2467 1409 2717 1479 quoniam
2744 1421 3141 1476 nonnumquam
3165 1405 3372 1471 accidit,
3397 1415 3453 1460 ut
3473 1413 3619 1459 tanto
3647 1404 3705 1459 in

2128 1501 2325 1573 populo
2346 1500 2455 1556 sint
2480 1498 2772 1554 imbecilles
2800 1497 3062 1564 nonnulli,
3091 1496 3181 1567 qui
3208 1496 3468 1550 sermonis
3490 1494 3708 1564 prolixi-

2132 1601 2293 1647 tatem
2322 1595 2535 1661 assequi
2566 1591 2784 1645 minime
2815 1598 3055 1658 possunt,
3085 1588 3151 1643 ad
3180 1587 3282 1643 hoc
3302 1602 3396 1643 eos
3421 1588 3576 1642 statui
3606 1602 3707 1642 co-

2132 1682 2363 1747 hortari,
2393 1690 2454 1736 ut
2478 1697 2599 1736 cum
2635 1681 2930 1745 audierint,
2963 1689 3218 1748 quantum
3245 1694 3435 1749 capere
3465 1687 3705 1749 possunt,

2130 1782 2184 1829 et
2204 1788 2322 1827 cum
2347 1772 2580 1842 acceptis
2605 1772 2668 1826 iis
2690 1812 2705 1837 ,
2734 1787 2851 1841 quae
2880 1770 3146 1825 sufﬁciunt
3174 1770 3278 1823 illis
3300 1810 3315 1835 ,
3343 1768 3662 1824 recesserint
3691 1786 3704 1821 :

2131 1880 2289 1920 nemo
2315 1865 2510 1936 quippe
2539 1873 2678 1919 vetat
2710 1879 2883 1933 neque
2920 1863 3081 1933 cogit,
3113 1871 3171 1917 ut
3200 1862 3337 1916 ultra
3374 1876 3531 1930 quam
3561 1861 3707 1915 vires

2133 1961 2368 2029 ipsorum
2394 1959 2605 2023 ferant,
2641 1958 2726 2012 hic
2754 1964 3041 2021 maneant,
3071 1970 3139 2009 ne
3168 1954 3322 2009 nobis
3348 1962 3471 2008 ante
3502 1963 3707 2021 tempus

2135 2051 2349 2106 ﬁniendi
2391 2066 2690 2106 sermonem
2736 2049 3106 2104 necessitatem
3154 2048 3445 2117 imponant.
3490 2045 3620 2099 Nam
3650 2057 3707 2099 tu

2132 2143 2346 2214 quidem
2373 2143 2618 2211 expletus
2643 2157 2722 2206 es,
2755 2141 2847 2195 sed
2880 2140 3041 2193 frater
3069 2149 3188 2193 tuus
3214 2138 3386 2193 adhuc
3414 2138 3582 2191 esurit
3608 2154 3620 2188 :
3653 2146 3710 2191 et

2135 2245 2189 2291 tu
2220 2251 2404 2291 eorum
2434 2251 2552 2305 qua:
2580 2233 2718 2288 dicta
2763 2241 2887 2287 sunt
2913 2233 3064 2301 copia
3094 2231 3274 2285 ebrius
3302 2244 3359 2283 es
3378 2270 3393 2296 ,
3426 2228 3518 2283 sed
3550 2227 3712 2283 frater

2134 2337 2255 2381 tuus
2281 2326 2454 2380 adhuc
2493 2325 2620 2379 sitit.
2668 2323 2847 2393 Neque
2887 2332 3028 2376 tuam
3076 2320 3492 2377 imbecillitatem
3531 2328 3710 2390 gravet

2135 2420 2223 2473 ille
2253 2419 2399 2487 plura
2426 2416 2664 2487 cogendo
2689 2417 2981 2485 suscipere,
3011 2430 3165 2484 quam
3197 2424 3301 2468 tuze
3328 2413 3465 2466 vires
3496 2413 3661 2467 ierant
3691 2429 3705 2465 :

2134 2528 2308 2581 neque
2329 2510 2668 2581 cupiditatem
2699 2510 2815 2577 ejus
2838 2523 2999 2563 vexes
3029 2506 3379 2578 prohibendo,
3408 2521 3474 2560 ne
3501 2513 3663 2559 totum
3688 2546 3704 2570 ,

2133 2604 2272 2673 quod
2300 2617 2491 2670 capere
2518 2610 2706 2670 potest,
2740 2600 3003 2654 admittat.

2203 2693 2256 2747 2.
2300 2692 2411 2747 Hoc
2452 2702 2506 2746 et
2542 2692 2592 2746 in
2626 2690 2859 2760 profanis
2902 2690 2959 2743 ﬁt
2998 2689 3197 2744 mensis
3229 2707 3241 2742 :
3269 2686 3359 2741 alii
3399 2687 3590 2752 citius,
3618 2684 3705 2739 alii

2136 2786 2336 2841 tardius
2357 2785 2657 2854 explentur,
2681 2791 2735 2839 et
2761 2798 2933 2851 neque
2956 2782 3074 2836 illos
3098 2782 3151 2836 hi
3177 2778 3590 2850 reprehendunt,
3613 2794 3708 2832 ne-

2133 2894 2234 2946 que
2254 2876 2352 2931 hos
2376 2876 2449 2930 illi
2468 2875 2844 2931 condemnant.
2863 2873 3061 2929 Verum
3082 2874 3187 2928 illic
3208 2872 3418 2943 quidem
3441 2871 3547 2926 cito
3566 2885 3709 2925 rece-

2132 2969 2258 3023 dere
2273 2968 2537 3023 laudabile
2555 2976 2636 3022 est
2658 2985 2670 3020 :
2693 2966 2775 3020 hic
2788 2982 2917 3021 vero
2937 2967 3044 3021 cito
3063 2965 3311 3019 recedere
3325 2981 3429 3019 non
3448 2963 3708 3018 laudabile

2134 3070 2238 3125 est,
2266 3058 2358 3112 sed
2390 3058 2541 3112 venia
2566 3057 2782 3129 dignum
2817 3076 2830 3111 :
2865 3057 2970 3111 illic
2993 3056 3195 3111 tardius
3219 3066 3430 3111 ceasare
3454 3056 3710 3125 vituperio

2133 3165 2196 3203 ac
2220 3148 2623 3218 reprehensioni
2644 3149 2961 3214 obnoxium,
2985 3148 3071 3203 hic
3093 3163 3217 3202 vero
3241 3147 3443 3201 tardius
3462 3146 3709 3201 recedere

2135 3239 2348 3293 laudem
2393 3247 2448 3294 et
2489 3239 3005 3294 commendationem
3047 3238 3183 3308 parit
3222 3238 3534 3292 maximam.
3574 3236 3707 3303 Quid

2134 3330 2239 3384 ita?
2264 3328 2414 3396 Quod
2448 3329 2553 3385 illic
2582 3329 2794 3399 quidem
2828 3329 3047 3383 tarditas
3072 3345 3134 3382 ex
3166 3328 3391 3398 ingluvie
3422 3338 3704 3381 nascatur:

2134 3420 2220 3477 hic
2262 3437 2388 3476 vero
2426 3437 2494 3477 ex
2539 3421 2796 3490 spirituali
2846 3420 3134 3490 cupiditate
3180 3434 3437 3490 sacroque
3479 3418 3708 3488 appetitu

2133 3514 2431 3568 constantia
2456 3513 2768 3567 concilietur
2791 3519 2846 3565 et
2871 3510 3139 3579 patientia.

2208 3601 2354 3657 Unde
2399 3602 2643 3672 originem
2686 3600 2881 3654 duxerit
2928 3599 3107 3652 divisio
3155 3598 3461 3669 linguarum.
3504 3624 3575 3637 -—-
3606 3596 3708 3651 Sed

2127 3692 2237 3763 jam
2289 3692 2418 3747 satis
2464 3690 2728 3745 indultum
2777 3690 2846 3745 sit
2887 3688 3196 3760 prooemiis;
3245 3702 3343 3743 nos
3392 3702 3521 3743 vero
3558 3686 3708 3742 dein-

2132 3800 2258 3855 ceps
2298 3784 2363 3838 ad
2411 3783 2541 3839 illud
2585 3784 2818 3838 debitum
2874 3798 3188 3855 pergemus,
3237 3782 3377 3852 quod
3420 3782 3574 3836 nobis
3620 3782 3708 3838 illo

2132 3875 2220 3931 die
2247 3875 2506 3945 reliquum
2538 3874 2658 3929 fuit.
2685 3874 2821 3943 Quid
2849 3874 3007 3945 igitur
3033 3872 3160 3928 illud
3192 3872 3286 3928 fuit
3314 3872 3454 3943 quod
3486 3882 3598 3928 tum
3627 3873 3709 3927 di-

2131 3966 2424 4021 cebamus?
2451 3965 2619 4022 Unam
2646 3967 2849 4021 scilicet
2892 3975 3000 4020 tum
3042 3963 3206 4019 fuisse
3234 3964 3464 4034 linguam
3505 3965 3709 4018 cunctis

2133 4057 2443 4113 hominibus
2462 4099 2477 4124 ,
2505 4057 2950 4129 quemadmodum
2976 4066 3032 4113 et
3056 4068 3299 4112 naturam
3330 4071 3509 4124 unam,
3541 4072 3711 4127 neque

2133 4150 2297 4205 ullum
2329 4150 2490 4204 fuisse
2515 4149 2662 4205 vocis
2688 4149 2904 4204 alterius
2930 4149 3013 4203 vel
3057 4149 3278 4204 alterius
3317 4148 3529 4218 linguae.
3558 4148 3711 4204 Unde

2134 4241 2291 4310 igitur
2322 4248 2463 4295 tanta
2494 4241 2757 4295 sermonis
2784 4240 3107 4295 diversitas?
3147 4240 3224 4294 Ex
3251 4239 3569 4309 negligentia
3596 4239 3712 4294 illo-

2132 4345 2250 4384 rum
2271 4370 2284 4393 ,
2308 4330 2397 4400 qui
2424 4329 2621 4384 donum
2647 4339 2964 4398 acceperant
2992 4346 3006 4382 :
3034 4344 3259 4400 quorum
3289 4339 3575 4400 utrumque
3596 4338 3704 4385 tum

2132 4421 2362 4476 diximus
2386 4463 2400 4486 ,
2430 4431 2484 4475 et
2510 4437 2575 4476 ex
2602 4422 2805 4476 unitate
2843 4424 3107 4477 sermonis
3138 4422 3347 4477 Domini
3374 4423 3708 4479 clementiam

2131 4514 2615 4569 demonstravimus
2641 4524 2799 4585 atque
2828 4531 2893 4569 ex
2913 4515 3219 4571 diversitate
3243 4516 3505 4571 sermonis
3533 4517 3706 4587 ingra-

2133 4617 2306 4662 torum
2334 4607 2727 4677 improbitatem
2756 4624 3047 4663 servorum.
3078 4609 3210 4663 Nam
3251 4609 3342 4665 ille
3369 4609 3585 4678 quidem
3612 4609 3709 4663 etsi

2132 4697 2451 4768 praeviderat
2473 4714 2571 4755 nos
2594 4699 2792 4754 donum
2818 4699 3129 4766 amissuros,
3154 4709 3330 4755 tamen
3351 4700 3572 4770 largitus
3593 4710 3707 4765 est;

2130 4800 2182 4843 at
2213 4789 2249 4844 ii
2277 4790 2468 4860 quibus
2493 4790 2752 4845 creditum
2784 4798 2899 4855 est,
2929 4789 3185 4843 malitiam
3225 4805 3374 4844 suam
3403 4791 3458 4845 in
3487 4791 3709 4861 depositi

2130 4884 2534 4938 conservatione
2562 4882 2921 4938 declararunt.
2952 4882 3046 4937 Hic
3077 4883 3235 4953 igitur
3260 4900 3395 4939 unus
3419 4893 3503 4940 est
3526 4885 3708 4941 defeno

2131 4973 2296 5027 sionis
2327 4972 2513 5027 modus
2533 5014 2547 5037 ,
2577 4973 2741 5027 Deum
2782 4988 2878 5027 nos
2907 4972 2999 5027 illo
3024 4972 3167 5028 dono
3197 4975 3412 5029 minime
3439 4976 3704 5045 privasse,

2131 5081 2317 5120 verum
2342 5080 2439 5120 nos
2463 5080 2581 5136 qua:
2608 5064 2730 5119 data
2772 5064 3018 5132 fuerant,
3047 5066 3311 5121 amisisse.
3340 5066 3619 5121 Secundus
3647 5066 3710 5119 ab

2131 5157 2363 5220 illoest,
2396 5155 2537 5226 quod
2582 5156 2783 5227 majora
2823 5170 2980 5226 quam
3022 5155 3233 5211 fuerant
3264 5157 3492 5222 amissa,
3530 5167 3705 5225 postea

2130 5247 2254 5302 data
2274 5248 2379 5302 sint
2404 5247 2557 5303 nobis
2581 5288 2595 5313 ,
2626 5263 2689 5303 ac
2715 5262 2812 5319 pro
2845 5247 3117 5303 laboribus
3148 5249 3479 5318 temporariis
3509 5259 3702 5304 aeterna

2132 5341 2236 5393 vita
2269 5354 2367 5394 nos
2409 5350 2777 5394 remuneratus
2819 5340 2921 5406 sit,
2962 5348 3016 5394 et
3052 5339 3287 5395 eﬁ‘ecerit
3326 5354 3426 5410 pro
3455 5339 3624 5410 spinis
3645 5353 3703 5392 ac

2134 5432 2340 5486 tribulis
2359 5439 2416 5485 ut
2438 5433 2637 5485 fructus
2655 5431 2883 5501 Spiritus
2909 5433 2961 5487 in
2987 5431 3263 5486 animabus
3284 5432 3484 5486 nostris
3509 5429 3700 5501 germio

2133 5532 2304 5579 naret.
2334 5522 2476 5578 Nihil
2498 5523 2577 5593 (a)
2599 5533 2713 5578 erat
2735 5526 2946 5579 homine
2972 5524 3152 5592 vilius,
3181 5531 3234 5579 et
3255 5524 3385 5579 nihil
3410 5523 3603 5580 factum
3626 5533 3701 5579 est

2193 5742 2268 5803 (a)
2300 5749 2448 5791 Locus
2467 5740 2531 5812 de
2551 5741 2878 5854 magnitudine
2908 5740 3115 5794 hominis
3136 5742 3346 5808 reparati
3368 5744 3538 5793 citatus
3567 5749 3638 5792 est
3667 5750 3694 5790 a

2193 5804 2455 5854 IBOdOI‘BIO.
2479 5802 2595 5853 Dial.
2652 5837 2669 5853 .

2132 5804 2455 5868 Theodoreto,
2479 5802 2595 5853 Dial.
2622 5802 2669 5854 ἱ.
