4046 6396
312 410 427 473 με

315 536 502 605 πλήρη
551 531 645 587 τδν
690 530 945 606 κρατῆρα
978 530 1076 602 τῆς
1130 532 1479 596 διδασκαλίας
1525 530 1699 595 ίστάς.
1752 526 1894 599 Ὀρῶ

313 624 424 695 γὰρ
452 623 535 676 ὅτι
566 620 707 693 μετά
726 620 789 674 :6
812 619 991 673 πάντα
1022 620 1185 673 αὐτὸν
1227 623 1461 687 ἐκπιεῖν,
1497 620 1659 673 πάλιν
1697 618 1895 689 διψῶν-

311 729 401 775 τες
440 711 795 783 ἁναχωρεῖτε.
832 710 939 765 Καὶ
968 710 1128 765 τοῦτο
1182 706 1340 779 δῆλον
1391 711 1490 781 μέν
1542 712 1635 764 καὶ
1685 710 1749 763 ἐκ
1798 708 1893 762 τοῦ

314 800 516 865 παντὸς
544 801 763 870 ἐγένετο
783 801 994 872 χρόνου,
1027 800 1260 872 μάλιστα
1282 801 1340 855 δὲ
1374 802 1439 855 ἐκ
1462 802 1563 873 τῆς
1592 799 1893 873 παρελθού-

315 904 415 959 σης
430 890 733 961 Κυριακῆς.
767 889 917 943 Ὅτι“
941 888 1053 961 γὰρ
1098 888 1409 961 ἁκορέστως
1451 890 1609 961 ὑμεῖς
1638 889 1893 961 μετέχετε

314 976 422 1030 τῶν
448 976 609 1032 θείων
626 978 844 1048 λογίων,
872 978 1057 1051 ἐκείνη
1112 978 1347 1049 μάλιστα
1391 976 1593 1045 ἔδειξεν
1618 980 1653 1050 ή
1687 978 1891 1051 ἡμέρα,

312 1064 373 1119 ἐν
461 1066 593 1136 περὶ
613 1065 708 1119 τοῦ
743 1066 818 1138 μὴ
841 1066 950 1122 δεῖν
981 1067 1167 1131 κακῶς
1193 1067 1376 1137 λέγειν
1420 1066 1685 1138 ἀλλήλους
1721 1066 1893 1121 διελε-

312 1154 512 1226 γόμην,
545 1156 635 1209 ὅτε
660 1154 755 1209 καὶ
794 1156 1051 1211 ὑπόθεσιν
1093 1158 1225 1229 ὑμῖν
1257 1157 1591 1229 κατηγορίας
1632 1159 1893 1228 παρεῖχον

311 1241 749 1314 ἀσφαλεστάτην,
788 1244 1073 1316 παραινῶν
1094 1245 1165 1299 τά
1193 1248 1370 1300 οἰκεῖα
1397 1246 1774 1318 ἁμαρτήματα
1798 1245 1893 1298 λέ-

310 1346 430 1398 γειν
481 1328 688 1395 κακῶς,
718 1330 856 1386 ἀλλὰ
886 1330 961 1403 μὴ
1005 1331 1076 1386 τὰ
1118 1332 1375 1403 ἀλλότρια
1408 1332 1888 1405 περιεργάζεσθαι·

311 1417 400 1472 ὅτε
426 1418 552 1482 τοὺς
583 1418 770 1487 ἁγίους
794 1420 1118 1491 παρήγαγον
1152 1420 1362 1475 ἑαυτῶν
1408 1421 1508 1492 μὲν
1527 1419 1894 1492 κατηγοροῦν-

309 1523 430 1573 τας,
454 1506 565 1561 τῶν
588 1507 646 1562 δέ
673 1507 847 1561 ἀλλων
878 1508 1247 1579 φειδομένους·
1278 1508 1370 1566 τὸν
1398 1507 1605 1563 Παῦλον
1634 1509 1889 1578 λέγοντα,

304 1595 388 1649 δτι
437 1594 803 1667 Ἀμαρτωλῶν
836 1595 1052 1667 πρῶτός
1075 1597 1191 1668 είμι
1232 1595 1365 1666 ἐγὼ,
1401 1597 1495 1651 καὶ
1534 1599 1617 1651 ὅτι
1644 1597 1892 1669 βλάσφηο

308 1702 409 1758 μον
435 1686 566 1741 ὄντα
591 1686 688 1741 καὶ
718 1685 955 1758 διώκτην
1001 1686 1097 1741 καί
1126 1687 1388 1760 ὑϐριστὴν
1416 1689 1445 1742 6
1490 1688 1623 1752 Θεὸς
1661 1689 1886 1761 ἠλέησε,

304 1776 400 1830 καὶ
434 1775 696 1849 ἐκτρωμα
718 1777 909 1831 ἐαυτὸν
937 1777 1227 1843 καλοῦντα,
1255 1780 1349 1833 καὶ
1364 1778 1483 1831 ούδέ
1508 1779 1607 1849 τῆς
1635 1778 1743 1833 τῶν
1762 1779 1892 1833 ἀπο-

305 1864 511 1919 στόλων
544 1866 917 1937 προσηγορίας
942 1866 1091 1933 ἁξιον
1128 1862 1268 1922 εἶναι
1312 1866 1620 1937 νομίζοντα·
1643 1865 1736 1920 τὸν
1779 1868 1889 1920 Πέ-

299 1969 429 2025 τρον
452 1953 700 2022 λέγοντα·
727 1941 977 2019 Ἐ’ξελθε
1011 1956 1114 2010 ἀπ’
1140 1955 1287 2026 ἐμοῦ
1318 1955 1408 2009 ὅτι
1434 1954 1593 2024 ἀνὴρ
1619 1955 1887 2026 ἀμαρτω-

300 2041 412 2108 λός
442 2043 583 2111 εἰμι·
616 2042 710 2095 τὸν
752 2042 1034 2098 Ματθαῖον
1084 2042 1325 2114 τελώνην
1372 2043 1568 2098 ἐαυτὸν
1612 2061 1889 2116 προσαγο-

304 2130 533 2203 ρεύοντα
571 2132 665 2186 καὶ
690 2132 751 2186 ἐν
790 2131 868 2204 τῷ
900 2132 1079 2205 καιρῷ
1118 2134 1221 2205 τῆς
1246 2134 1573 2207 ἀποστολῆς·
1607 2135 1700 2190 τὸν
1726 2135 1887 2189 Δαυῒδ

300 2219 514 2290 βοῶντα
572 2223 668 2276 καὶ
722 2222 972 2291 λέγοντα,
1028 2226 1101 2279 Al
1144 2224 1388 2294 ἀνομίαι
1415 2243 1536 2295 μου
1577 2224 1887 2294 ὑπερῆραν

294 2307 411 2378 τὴν
440 2310 721 2380 κεφαλήν·
764 2329 905 2381 μου·
959 2311 1104 2365 ὡσεὶ
1150 2313 1398 2382 φορτίον
1426 2313 1589 2381 βαρὺ
1640 2314 1886 2382 ἐϐαρύν-

294 2400 498 2465 θησαν
527 2398 621 2451 ἐπ’
647 2397 769 2469 ἐμέ·
802 2400 895 2453 καὶ
941 2399 1032 2453 τὸν
1074 2400 1302 2455 Ἡσαΐαν
1348 2401 1753 2475 ἀποδυρόμενον
1792 2404 1885 2457 καὶ

295 2483 622 2556 θρηνοῦντα,
672 2487 754 2540 ὅτι
813 2487 1173 2559 Ἀκάθαρτός
1236 2492 1373 2560 εἰμι,
1424 2491 1521 2545 καὶ
1578 2491 1886 2560 ἀκάθαρτα

293 2574 473 2643 χείλη
506 2574 645 2645 ἔχω·
700 2576 828 2641 τοὺς
856 2580 1007 2648 τρεῖς
1052 2579 1249 2641 παῖδας
1278 2580 1335 2632 ἐν
1358 2581 1422 2650 τῇ
1465 2578 1679 2651 καμίνῳ
1714 2581 1885 2652 πυρὸς

293 2661 824 2735 ἐξομολογουμένους
874 2667 969 2719 καὶ
1025 2666 1305 2737 λέγοντας,
1358 2668 1441 2721 ὅτι
1494 2669 1743 2740 ἥμαρτον
1792 2671 1884 2724 καὶ

291 2751 582 2823 ήνόμησαν
621 2753 715 2807 καί⁵
742 2755 811 2808 τὰ
844 2754 1247 2826 προστάγματα
1284 2754 1381 2808 τοῦ
1411 2756 1547 2809 Θεοῦ
1565 2758 1664 2810 οὐκ
1680 2758 1881 2826 ἐφυλά-

293 2837 453 2903 ξαντο
470 2852 520 2880 ι·
542 2842 635 2895 τὸν
650 2842 847 2915 Δανιὴλ
862 2844 924 2897 τὸ
940 2843 1070 2897 αὐτὸ
1090 2844 1249 2897 τοῦτο
1269 2843 1431 2898 πάλιν
1453 2844 1623 2898 ἁποδυ
1634 2845 1877 2916 ρόμενον.

293 2926 425 2992 Ὧςε
456 2929 596 3001 μετά
652 2931 744 2985 τὸν
786 2931 895 2986 τῶν
956 2933 1129 3002 ἁγίων
1176 2933 1479 3002 κατάλογον
1535 2930 1742 2987 τούτων
1788 2935 1883 2987 καὶ

295 3016 460 3088 μυίας
488 3018 722 3073 ἐκάλεσα
764 3020 892 3083 τοὺς
936 3020 1298 3092 κατηγόρους,
1340 3022 1435 3074 καὶ
1480 3019 1575 3074 τοῦ
1623 3022 1882 3092 παραδεί-

291 3122 501 3176 γματος
546 3106 765 3162 δικαίαν
810 3109 1088 3180 ἐπήγαγον
1150 3108 1247 3180 τὴν
1293 3109 1495 3174 αἰτίαν,
1550 3108 1745 3178 λέγων,
1799 3112 1881 3164 ὅτι

291 3196 543 3269 καθάπερ
578 3198 781 3252 ἐκεῖναι
812 3201 925 3263 τοῖς
955 3199 1269 3272 τραύμασιν
1300 3199 1687 3267 ἐγκαθέζονται
1718 3200 1878 3253 ἀλλο-

290 3283 483 3356 τρίοις,
515 3283 659 3338 οὕτω
693 3286 786 3339 καὶ
818 3287 868 3339 οἱ
893 3287 1187 3357 κατήγοροι
1212 3287 1279 3341 τά
1314 3286 1570 3361 ἀλλότρια
1593 3288 1881 3342 δάκνουσιν

290 3371 689 3444 ἁμαρτήματα,
714 3372 869 3428 νόσον
906 3373 1115 3428 ἐκεῖθεν
1139 3377 1252 3438 τοῖς
1296 3376 1711 3447 συγγινομένοις
1749 3378 1880 3430 συλ-

290 3462 565 3533 λέγοντες·
604 3466 698 3520 καὶ
736 3467 863 3531 τοὺς
897 3467 1158 3521 τάναντία
1201 3468 1259 3521 δέ
1294 3468 1582 3532 ποιοῦντας
1624 3468 1881 3539 μελίττας

292 3558 724 3631 προσηγόρευον,
755 3561 876 3631 οὐχὶ
904 3562 1186 3632 νοσήματα
1219 3561 1577 3631 συναγούσας,
1613 3562 1750 3616 ἀλλά
1783 3580 1881 3634 κη-

292 3645 384 3717 ρία
416 3648 773 3720 πηγνυμένας
815 3649 1104 3714 εὐλαϐείας
1149 3652 1436 3723 μεγίστης,
1470 3654 1564 3706 καὶ
1604 3652 1749 3706 οὕτω
1804 3653 1880 3724 τῷ

287 3736 515 3809 λειμῶνι
538 3740 638 3811 τῆς
664 3742 864 3813 ἀρετῆς
897 3742 1005 3797 τῶν
1037 3743 1208 3811 ἁγίων
1244 3745 1624 3816 ἐφιπταμένας
1657 3746 1716 3785 1)·
1750 3746 1877 3799 τότε

285 3831 371 3904 δὴ,
403 3832 528 3888 τότε
548 3833 642 3887 τὸν
672 3835 966 3906 ἀκόρεστον
993 3835 1147 3907 ὑμῶν
1171 3836 1409 3901 ἐδείξατε
1438 3837 1638 3909 ἔρωτα.
1660 3838 1878 3906 Ἐπειδὴ

287 3920 497 3993 γάρείς
534 3922 707 3993 μῆκος
732 3924 864 3994 ήμῖν
886 3925 915 3977 6
941 3924 1099 3994 λόγος
1125 3926 1378 3998 ἐξετάθη,
1410 3929 1503 3981 καί
1532 3928 1705 3999 μῆκος
1722 3929 1880 3983 ἄπει-

292 4028 407 4084 ρον,
442 4014 540 4067 καὶ
568 4014 693 4069 ὅσον
725 4015 1003 4081 οὐδέποτε,
1053 4017 1240 4071 πολλοί
1276 4019 1378 4089 μὲν
1427 4021 1775 4091 προσεδόκων
1802 4019 1879 4092 τῷ

287 4102 485 4175 πλήθει
512 4103 621 4160 τῶν
649 4104 956 4175 λεγομένων
996 4106 1098 4178 τὴν
1143 4107 1452 4179 προθυμίαν
1481 4110 1609 4179 ύμῖν
1649 4110 1879 4181 σϐεσθή-

289 4195 502 4258 σεσθαι,
539 4197 788 4266 ἐγίγνετο
823 4198 880 4252 δὲ
911 4199 1243 4254 τούναντίον·
1293 4200 1493 4271 μᾶλλον
1531 4201 1641 4273 γάρ
1675 4204 1803 4274 ύμῖν
1843 4205 1877 4274 ἡ

286 4289 486 4363 καρδία
518 4290 947 4363 διεθερμαίνετο,
984 4293 1180 4364 μᾶλλον
1204 4293 1469 4363 ἐξήπτετο
1498 4296 1526 4348 6
1556 4294 1739 4359 πόθος.
1769 4297 1878 4348 Καὶ

287 4383 454 4437 πόθεν
478 4383 639 4454 δῆλον
659 4401 675 4451 ;
709 4383 774 4440 Oi
805 4383 937 4455 γοῦν
961 4387 1096 4459 πρὸς
1116 4386 1193 4459 τῷ
1214 4389 1357 4441 τέλει
1386 4388 1670 4459 γενόμενοι
1692 4389 1877 4461 κρότοι

287 4474 512 4545 μείζους
548 4471 709 4549 ἦσαν,
736 4477 831 4530 καί
877 4477 1255 4551 λαμπρότεραι
1290 4481 1346 4533 αἱ
1388 4479 1526 4549 βοαί·
1556 4481 1651 4534 καὶ
1683 4482 1877 4535 ταυτὸν

192 4612 211 4631 ,
288 4565 622 4634 συνέϐαινεν,
659 4564 770 4622 οἷον
795 4569 887 4623 ἐπὶ
914 4570 1025 4624 τῶν
1052 4570 1318 4642 καμίνων.
1350 4572 1619 4644 Καθάπερ
1636 4573 1743 4643 γὰρ
1762 4575 1879 4627 ἐκεῖ

286 4655 440 4727 παρά
474 4656 572 4727 μὲν
603 4658 704 4730 τὴν
733 4660 906 4731 ἀρχὴν
935 4661 995 4713 o6
1048 4660 1256 4732 σφόδρα
1305 4661 1556 4733 λαμπρόν
1610 4666 1727 4716 ἐστι
1779 4662 1875 4715 τοῦ

285 4746 463 4822 πυρός
488 4746 550 4801 :6
580 4748 718 4816 φῶς,
771 4748 992 4801 ἐπειδὰν
1018 4749 1076 4802 δὲ
1118 4751 1374 4806 ἁπάντων
1412 4752 1739 4824 ἐπιλάϐηται
1770 4754 1877 4806 τῶν

286 4834 443 4909 [248]
486 4839 849 4909 ἐπικειμένων
900 4839 1070 4904 ξύλων
1102 4844 1135 4913 ή
1169 4841 1323 4911 φλὸξ,
1358 4844 1437 4906 εἰς
1481 4842 1615 4913 ὕψος
1660 4846 1875 4918 αίρεται

288 4929 456 5001 μέγα·
478 4929 628 4985 οὓτω
660 4931 723 5002 δὴ
759 4932 854 4985 καὶ
883 4933 977 4986 ἐπὶ
1005 4933 1105 5004 τῆς
1133 4934 1348 5005 ἡμέρας
1380 4935 1502 4989 τότε
1524 4936 1740 5008 ἐκείνης
1757 4937 1878 4991 τοῦ·

282 5038 349 5076 το
380 5022 601 5093 συνέϐη.
636 5022 795 5094 Παρὰ
831 5024 929 5095 μὲν
979 5024 1078 5096 τὴν
1134 5025 1310 5098 ἀρχὴν
1357 5028 1419 5080 06
1476 5028 1683 5099 σφόδρα
1728 5047 1818 5100 μοι
1847 5031 1877 5084 6

288 5114 551 5183 σύλλογος
589 5109 743 5178 06:0;
766 5116 1074 5189 ἐκεκίνητο·
1110 5118 1378 5189 ἐπειδὴδὲ
1401 5121 1429 5173 6
1468 5121 1626 5189 λόγος
1658 5122 1740 5185 εἰς
1771 5120 1877 5192 μῆ-

286 5224 386 5271 κος
405 5207 633 5280 ἐξετάθη
665 5210 759 5263 καὶ
775 5209 991 5265 πάντων
1015 5211 1312 5266 ἐπελάϐετο
1342 5212 1451 5266 τῶν
1475 5212 1873 5284 ὑποκειμένων,

283 5300 384 5354 καὶ
412 5300 615 5354 πλείων
655 5301 688 5373 ἡ
731 5302 1053 5358 διδασκαλία
1096 5305 1427 5378 κατεϐλήθη,
1452 5306 1576 5360 τότε
1626 5306 1712 5378 δὴ,
1753 5308 1876 5360 τότε

286 5389 420 5460 ὑμῖν
446 5389 724 5454 ἐξεκαίετο
744 5391 843 5462 τῆς
884 5393 1205 5463 ἀκροάσεως
1234 5396 1268 5465 ή
1290 5394 1578 5467 ἐπιθυμία,
1618 5396 1714 5450 καὶ
1742 5413 1876 5466 σφο-

283 5477 544 5550 δρότερος
585 5479 615 5532 6
658 5479 850 5567 κρότος
891 5479 1278 5554 ἐξερῤήγνυτο.
1331 5483 1430 5537 Διά
1458 5483 1637 5550 τοῦτο,
1696 5486 1876 5540 καίτοι

284 5569 498 5625 ἐλάττω
515 5570 623 5626 τῶν
640 5551 947 5644 εἰρημένων
961 5551 1478 5646 παρεσκευασμένος
1497 5578 1675 5632 εἰπεῖν
1716 5577 1856 5643 ὑπερ
1868 5607 1888 5619 -

351 5747 377 5822 ξ
714 5756 987 5821 ἡμάρτομεν
1006 5758 1087 5805 καὶ
1109 5758 1479 5822 ᾖνομήσαμεν...
1505 5757 1807 5822 έφυλάξαμεν.

287 5811 546 5927 ὠυοω
563 5814 708 5868 Golb.
738 5811 1071 5889 ἐφαπτομένας.
1106 5811 1325 5883 Utrique
1338 5811 1498 5873 'lectio
1515 5811 1757 5885 q'uadfai'e
1783 5838 1873 5888 po-

1106 409 1458 469 DIEMONES
1500 412 1640 469 NON
1679 411 2114 471 GUBERNARE
2151 417 2469 477 MUNDUM.
2511 420 2745 479 HOMIL.
2790 424 2831 480 l.

3469 432 3579 491 εισ

2003 531 2136 605 έϐην
2162 535 2285 590 τότε
2338 539 2438 610 τὴν
2462 544 2826 615 συμμετρίαν·
2871 545 3071 615 μᾶλλον
3114 548 3170 603 δέ
3195 549 3451 606 οὐδέποτε
3479 558 3581 625 τὴν

2002 629 2345 700 συμμετρίαν
2390 632 2666 705 ὑπερέϐην
2714 635 2845 705 ἐγώ·
2884 636 2983 708 τὴν
3030 639 3138 713 γὰρ
3167 642 3441 715 ποσότητα
3478 646 3580 714 τῆς

2000 719 2347 788 διδασκαλίας
2373 726 2433 778 06
2468 726 2547 798 τῷ
2594 727 2790 800 πλήθει
2836 730 2944 784 τῶν
2976 732 3308 804 λεγομένων,
3343 736 3479 790 ἀλλά
3510 740 3579 809 τῇ

1999 811 2236 869 διαθέσει
2258 817 2369 871 τῶν
2410 829 2433 858 ο
2474 820 2843 891 ἀκροωμένων
2894 828 3113 896 μετρεῖν
3143 826 3208 881 ἂν
3241 827 3478 899 πέφυκα.
3522 832 3581 883 ’0

2002 906 2103 977 μὲν
2130 907 2237 979 γὰρ
2266 911 2597 981 ναυτιῶντας
2625 912 2802 968 λαϐὼν
2830 917 3126 988 ἀκροατὰς,
3174 919 3276 974 κᾶν
3327 921 3580 994 συστείλῃ

1960 1058 1961 1061 η
1999 996 2099 1070 τὴν
2135 999 2505 1069 διδασκαλίαν,
2558 1008 2911 1079 παρενοχλεῖν
2959 1009 3123 1065 δοκεῖ·
3172 1014 3199 1067 6
3244 1012 3300 1066 δὲ
3342 1014 3581 1086 θερμοὺς

1999 1090 2096 1143 καὶ
2124 1091 2583 1166 διεγηγερμένους
2619 1099 2715 1152 καὶ
2750 1101 3037 1171 νήφοντας,
3068 1104 3173 1158 κᾶν
3198 1104 3416 1178 ἐκτείνῃ
3444 1107 3580 1180 πρὸς

2001 1181 2195 1254 μῆκος,
2225 1184 2347 1238 ούδέ
2380 1185 2523 1242 06::0
2558 1189 2658 1261 τὴν
2685 1191 2982 1264 ἐπιθυμίαν
3008 1196 3366 1270 ἐμπίπλησιν.

2082 1294 2221 1349 Ἀλλ’
2246 1298 2433 1371 ἐπειδὴ
2465 1302 2751 1373 συμϐαίνει
2780 1303 2918 1360 εἶναί
2939 1325 3094 1374 τινας
3127 1312 3220 1365 καὶ
3244 1312 3494 1378 ἀσθενεῖς
3520 1315 3581 1369 ἐν

1997 1386 2155 1459 δήμῳ
2175 1391 2435 1464 τοσούτῳ,
2461 1394 2857 1463 ἀδυνατοῦντας
2884 1402 3359 1476 παρακολουθῆσαι
3381 1406 3461 1479 τῷ
3478 1409 3581 1479 μή·

1999 1494 2086 1531 κει
2135 1479 2229 1533 τοῦ
2257 1481 2436 1552 λόγου,
2470 1487 2649 1542 ἐκεῖνο
2694 1490 2893 1555 αὐτοὺς
2930 1495 3259 1566 παραινέσαι
3297 1497 3579 1569 βούλομαι,

1997 1569 2342 1638 ἀκούσαντας
2370 1576 2469 1630 ὅσα
2498 1578 2751 1634 δύνανται
2779 1582 3055 1648 δέξασθαι,
3089 1589 3184 1640 καὶ
3214 1588 3281 1641 τὰ
3306 1589 3581 1658 ἀρκοῦντα

1996 1661 2262 1731 λαϐόντας
2299 1671 2676 1744 ἀναχωρῆσαι·
2726 1676 2901 1742 οὐδεὶς
2940 1680 2968 1731 6
2998 1680 3223 1736 κωλύων
3248 1684 3369 1737 οὐδὲ
3396 1684 3582 1755 βιαζό-

2001 1774 2161 1827 μενος
2180 1760 2323 1834 πέρα
2340 1765 2441 1835 τῆς
2471 1767 2678 1831 οἰκείας
2716 1769 2899 1840 μένειν
2928 1771 3231 1845 δυνάμεως·
3271 1775 3364 1830 τὸν
3396 1778 3581 1848 μέντοι

1996 1848 2155 1920 λόγον
2188 1853 2264 1925 μὴ
2282 1855 2743 1926 ἁναγκαζέτωσαν
2766 1863 2872 1934 πρὸ
2906 1864 3000 1918 τοῦ
3025 1866 3215 1939 καιροῦ
3242 1870 3336 1922 καὶ
3369 1868 3472 1941 τῆς
3498 1872 3582 1923 οἰ-

1996 1944 2155 2009 κείας
2179 1945 2332 2018 ὧρας
2363 1951 2768 2009 συστέλλεσθαι.
2816 1956 3188 2031 Ἐνεπλήσθης
3219 1960 3329 2033 γὰρ
3360 1963 3446 2029 σὺ,
3465 1963 3564 2017 ἀλλ

1994 2039 2025 2090 ὁ
2048 2040 2275 2111 ἀδελφός
2307 2061 2401 2098 σου
2427 2044 2507 2098 ἐτι
2541 2049 2721 2118 πεινᾷ·
2778 2050 2874 2103 καί
2900 2051 2964 2104 σὺ
3007 2051 3227 2122 μεθύεις
3264 2054 3343 2125 τῷ
3383 2056 3582 2127 πλήθε.

1994 2135 2104 2188 τῶν
2150 2138 2478 2209 εἰρημένων,
2509 2140 2625 2193 ἀλλ’
2650 2144 2679 2196 6
2704 2143 2937 2213 ἁδελφός
2987 2162 3079 2200 σου
3121 2147 3203 2201 ἐτι
3235 2148 3385 2221 διψᾷ.
3421 2152 3582 2222 Μήτι

1994 2226 2201 2291 ἐκεῖνος
2266 2230 2597 2300 συντριϐέτω
2659 2250 2755 2286 σου
2822 2236 2922 2305 τὴν
2981 2237 3283 2307 ἀσθένειαν,
3338 2241 3581 2311 ἀναγκά-

1996 2314 2104 2379 ζων
2125 2316 2295 2370 πλείω
2327 2318 2428 2388 τῆς
2475 2322 2683 2384 οἰκείας
2713 2324 2971 2387 δέξασθαι
3006 2328 3310 2399 δυνάμεως,
3344 2334 3482 2403 μήτε
3511 2336 3577 2389 σὺ

1994 2409 2268 2481 ἐπηρέαζε
2282 2415 2346 2483 τῇ
2380 2414 2588 2466 ἐκείνου
2613 2415 2881 2491 ἐπιθυμίᾳ
2910 2420 3135 2476 κωλύων
3163 2421 3331 2493 ἁπαν,
3348 2425 3472 2482 ὅσον
3485 2426 3579 2482 δύ-

1993 2518 2151 2555 ναται
2177 2503 2454 2573 δέξασθαι,
2484 2507 2691 2563 λαϐεῖν.

2065 2627 2129 2697 β’.
2150 2629 2319 2684 Τοῦτο
2349 2632 2443 2685 καί
2474 2634 2565 2687 ἐπὶ
2592 2634 2701 2689 τῶν
2729 2636 2929 2701 ἐξωθεν
2956 2640 3166 2709 γίνεται
3191 2646 3501 2715 τραπεζῶν·
3526 2649 3577 2702 οί

1994 2720 2093 2790 μὲν
2134 2721 2348 2788 θᾶττον,
2380 2726 2428 2777 οἱ
2458 2726 2515 2778 δὲ
2550 2725 2881 2801 βραδύτερον
2907 2732 3305 2803 ἐμπίπλανται,
3330 2740 3425 2793 καὶ
3450 2739 3577 2795 06:3

1990 2805 2136 2865 οὗτοι
2162 2814 2486 2882 ἐγκαλοῦσιν
2514 2819 2765 2888 ἐκείνοις,
2793 2827 2916 2881 οὔτε
2938 2827 3133 2881 ἐκεῖνοι
3168 2830 3375 2886 τούτων
3404 2851 3576 2889 κατα-

1989 2903 2371 2972 γινώσκουσιν·
2399 2909 2513 2963 ἁλλ’
2551 2913 2671 2966 ἐκεῖ
2700 2915 2798 2986 μὲν
2815 2915 2879 2971 :6
2906 2918 3225 2993 ταχύτερονο
3248 2924 3577 2998 ἀποστῆναι,

1991 2997 2289 3069 ἐγκώμιον,
2321 3001 2554 3057 ἐνταῦθα
2579 3005 2636 3058 δέ
2677 3007 2738 3060 :6
2773 3010 3069 3083 ταχύτερον
3098 3015 3424 3089 ἀποστῆναι,
3454 3021 3578 3093 οὒχί

1990 3090 2288 3163 ἐγκώμιον,
2326 3095 2463 3150 ἀλλά
2505 3099 2837 3172 συγγνώμης
2877 3102 3047 3168 ἄξιον·
3080 3107 3199 3161 ἐκεῖ
3225 3109 3287 3162 τὸ
3318 3090 3578 3182 βραδύτε-

1992 3203 2086 3257 ρον
2117 3187 2451 3257 παύσασθαι,
2484 3196 2790 3263 κατηγορία
2843 3197 2937 3250 καί
2975 3198 3201 3271 μέμψις,
3230 3204 3468 3260 ἐνταῦθα
3514 3209 3577 3263 :6

1992 3277 2319 3349 βραδύτερον
2348 3282 2667 3353 ἀποστῆναι,
2692 3285 2913 3351 ἔπαινος
2934 3289 3028 3342 καὶ
3048 3292 3292 3363 εὐφημία
3319 3297 3573 3368 μεγίστη.

1989 3369 2055 3422 Τί
2074 3371 2304 3440 δήποτε;
2349 3374 2471 3427 Ὀτι
2500 3377 2618 3429 ἐκεῖ
2664 3377 2763 3447 μέν
2790 3378 2847 3443 ἐξ
2880 3381 3217 3452 ἀδδηφαγίας
3240 3387 3274 3457 ἡ
3306 3386 3576 3461 βραδύτης

1988 3462 2220 3529 γίνεται,
2268 3465 2502 3520 ἐνταῦθα
2528 3466 2584 3520 δέ
2611 3468 2669 3536 ἐξ
2698 3470 2994 3540 ἐπιθυμίας
3044 3478 3420 3550 πνευματικῆς
3480 3482 3576 3536 καί.

1989 3552 2137 3617 θείας
2153 3554 2431 3627 ὀρέξεωςὴ
2452 3560 2743 3631 παραμονὴ
2774 3561 2868 3614 καί
2890 3564 2922 3632 ἡ
2945 3565 3212 3635 καρτερία
3236 3567 3571 3627 συνίσταται.

2061 3644 2222 3699 Ἀλλὰ
2254 3647 2363 3702 τῶν
2385 3649 2485 3718 μὲν
2518 3653 2817 3722 προοιμίων
2858 3652 2999 3718 ἆλις·
3024 3656 3183 3727 ἡμεῖς
3200 3658 3256 3712 δὲ
3272 3657 3457 3715 λοιπὸν
3481 3664 3576 3717 ἐπὶ

1986 3735 2048 3790 :6
2072 3738 2234 3808 χρέος
2288 3741 2467 3794 ἐκεῖνο
2496 3740 2848 3815 βαδιούμεθα,
2894 3747 3031 3820 ὅπερ
3077 3748 3137 3814 ἐξ
3176 3751 3392 3823 ἐκείνης
3443 3756 3576 3826 ἡμῖν

1988 3828 2286 3905 ὑπελείφθη
2319 3834 2419 3906 τῆς
2450 3836 2684 3908 ἡμέρας.
2712 3840 2776 3892 Τί
2798 3835 2891 3894 οῦν
2915 3842 2975 3897 :6
2996 3842 3288 3917 λεγόμενον
3308 3848 3431 3903 τότε
3469 3845 3572 3923 ἦνς

1988 3921 2111 3977 Ὀτι
2151 3925 2250 3995 μία
2281 3929 2432 3999 φωνὴ
2485 3932 2649 3985 πᾶσιν
2704 3934 3015 4006 ἀνθρώποις
3065 3933 3154 4010 ἦν,
3198 3939 3451 4013 καθάπερ
3478 3921 3573 3999 καὶ

1988 4014 2149 4083 φύσις
2178 4017 2296 4087 μία,
2316 4018 2410 4071 καὶ
2433 4020 2607 4085 οὐδεὶς
2636 4023 2970 4096 ἐτερόφωνος
2998 4028 3029 4099 ἢ
3054 4030 3455 4102 ἐτερόγλωσσος
3480 4029 3570 4107 ῆν.

1989 4104 2158 4158 Πόθεν
2184 4102 2276 4161 οῦν
2308 4111 2341 4180 ἡ
2373 4111 2613 4183 τοσαύτη
2649 4114 2957 4185 διαφωνία;
2998 4121 3130 4174 Ἀπὸ
3164 4124 3263 4197 τῆς
3298 4102 3574 4197 ῥᾳθυμίας

1985 4194 2094 4246 τῶν
2120 4194 2392 4249 λαϐόντων
2414 4199 2476 4252 :6
2502 4200 2695 4273 δῶρον·
2720 4203 2863 4276 ἁπερ
2889 4208 3176 4281 ἀμφότερα
3202 4194 3323 4266 τότε
3344 4194 3573 4285 ἐἰρήκα-

1989 4304 2110 4358 μεν,
2157 4289 2253 4342 καί
2280 4289 2369 4344 διὰ
2390 4292 2487 4363 τῆς
2507 4294 2817 4367 ὁμοφωνίας
2835 4299 2933 4372 τὴν
2957 4301 3051 4356 τοῦ
3089 4305 3361 4360 Δεσπότου
3384 4307 3572 4377 φιλαν-

1986 4378 2233 4450 θρωπίαν
2281 4382 2603 4451 δεικνύντες,
2620 4386 2712 4439 καὶ
2730 4386 2817 4443 διὰ
2837 4390 2930 4461 τῆς
2946 4390 3239 4462 διαφωνίας
3277 4396 3375 4469 τὴν
3389 4399 3581 4467 ἁγνωσ

1988 4471 2232 4545 μοσύνην
2260 4474 2369 4528 τῶν
2395 4490 2643 4533 οικετων.
2699 4481 2741 4533 0
2777 4481 2877 4551 μὲν
2907 4484 3016 4556 γάρ
3048 4486 3141 4539 καὶ
3172 4488 3460 4557 προειδὼς,
3485 4491 3569 4545 ὄτι

1985 4562 2292 4634 ἀπολοῦμεν
2321 4566 2381 4619 :6
2412 4567 2604 4639 δῶρον,
2650 4570 2802 4642 ὅμως
2829 4575 3045 4631 ἔδωκεν·
3082 4582 3130 4633 οἱ
3180 4579 3237 4634 δέ
3269 4583 3571 4653 ἐμπιστευ-

1986 4652 2169 4743 θέντες
2184 4654 2334 4729 [249]
2349 4658 2508 4712 κακοὶ
2539 4662 2665 4733 περὶ
2688 4661 2783 4734 τὴν
2801 4669 3278 4743 παρακαταθήκην
3295 4652 3567 4741 ἐγένοντο.

1984 4742 2080 4812 Εἷς
2099 4749 2199 4819 μὲν
2228 4746 2324 4805 οὖν
2354 4752 2651 4820 ἀπολογίας
2669 4751 2824 4821 οὗτος
2852 4760 2879 4811 6
2899 4760 3118 4832 τρόπος,
3149 4742 3241 4817 ὅτι
3263 4765 3361 4837 οὐχ
3383 4768 3411 4820 6
3436 4767 3570 4833 Θεὸς

1984 4839 2208 4906 ἐξέϐαλε
2237 4843 2337 4913 τῆς
2361 4843 2594 4915 δωρεᾶς,
2644 4848 2759 4902 ἀλλ’
2784 4852 2945 4921 ἡμεῖς
2983 4855 3350 4928 ἀπωλέσαμεν
3380 4858 3449 4913 τά
3480 4860 3569 4914 δο-

1985 4932 2165 4988 θέντα·
2200 4935 2451 5009 δεύτερος
2472 4939 2528 4993 δέ
2557 4942 2673 5011 μετ’
2707 4943 2935 5009 ἐκεῖνον,
2953 4947 3035 4999 ὅτι
3056 4948 3277 5019 μείζονα
3298 4951 3407 5005 τῶν
3430 4953 3567 5007 ἀπο-

1983 5025 2230 5081 λωλότων
2271 5030 2341 5084 τὰ
2385 5030 2605 5088 δοθέντα
2652 5034 2878 5109 ὕστερον
2910 5039 3198 5112 ἐλάϐομεν·
3237 5043 3360 5097 ἀντὶ
3389 5045 3568 5099 πόνων

1984 5121 2335 5194 προσκαίρων
2364 5124 2626 5196 ἐτίμησεν
2651 5128 2855 5201 αἰωνίῳ
2881 5129 3015 5203 ζωῇ,
3041 5134 3164 5187 ἀντὶ
3191 5135 3446 5191 ἀκανθῶν
3473 5138 3568 5192 καὶ⁵

1981 5213 2245 5284 τριϐόλων
2270 5215 2363 5271 τὸν
2398 5222 2611 5291 καρπὸν
2640 5222 2735 5276 τοῦ
2785 5225 3104 5297 Πνεύματος
3130 5228 3187 5282 ἐν
3214 5232 3335 5287 ταῖς
3363 5229 3567 5301 ψυχαῖς

1983 5308 2140 5377 ἡμῶν
2209 5310 2511 5383 βλαστῆσαι
2573 5318 3007 5388 παρεσκεύασεν.
3062 5321 3230 5376 Οὐδὲν
3283 5317 3353 5395 ῆν
3410 5324 3565 5377 εὐτε-

1982 5402 2236 5474 λέστερον
2290 5406 2601 5479 ἁνθρὼπου,
2660 5412 2756 5466 καὶ
2810 5413 2965 5467 οὐδὲν
3001 5416 3193 5485 γέγονε
3238 5417 3566 5490 τιμιώτερον

1982 5489 2292 5578 ἀνθρώπου.
2318 5494 2392 5548 Τὸ
2417 5495 2644 5568 ἔσχατον
2674 5501 2840 5573 μέρος
2874 5505 2973 5575 τῆς
3009 5504 3235 5578 λογικῆς
3270 5507 3499 5571 κτίσεως
3534 5508 3565 5549 τι

1981 5574 2136 5647 06:0;
2160 5578 2229 5638 ῆν
2248 5601 2261 5617 ·
2286 5586 2401 5640 ἀλλ’
2435 5590 2484 5642 οἱ
2519 5591 2677 5655 πόδες
2703 5574 2949 5663 ἐγένοντο
2978 5574 3210 5670 κεφαλὴ,
3239 5599 3334 5652 καὶ
3360 5601 3441 5663 εἰς
3473 5598 3565 5654 τὸν

2045 5765 2068 5846 ξ
2091 5763 2464 5846 ςρέἓὲτὲίξὶηυξ
2485 5768 2610 5846 ἀλλεὲ
2623 5776 2681 5833 τῇ
2700 5773 2935 5846 ςπροθυμίεξ
2951 5775 3064 5846 τῷν·

2042 5823 2068 5863 ἀ
2264 5829 2401 5905 βυιιξ.
2447 5831 2638 5892 λογικῆς
2658 5823 2861 5898 ᾧύσεωςξ
2882 5823 2937 5887 εἰ
2959 5838 3032 5887 sic
3053 5823 3221 5889 VSIViI.
3246 5835 3297 5889 in
3322 5844 3484 5905 ιοιιη,
3512 5842 3562 5893 in

1981 5901 2134 5952 marg.
2165 5902 2283 5941 vero
2306 5901 2523 5950 κτίσεως.
