4046 6396
498 386 539 444 2
552 389 609 443 Π

505 501 694 571 θρόνον
723 496 1098 570 ἀνηνείχθησαν
1121 494 1213 549 τὸν
1254 492 1533 564 βασιλικὸν
1559 491 1648 546 διὰ
1676 492 1775 562 τῆς
1802 489 2078 561 ἀπαρχῆς.

507 593 772 664 Καθάπερ
801 590 910 662 γὰρ
931 586 1218 658 ἄνθρωπός
1242 603 1328 649 τις
1352 584 1634 656 φιλότιμος
1657 583 1750 637 καὶ
1779 581 2084 653 μεγαλόδω-

507 699 600 754 ρος
625 683 746 735 ἰδών
769 697 892 734 τινα
922 681 987 733 ἐκ
1019 677 1276 745 ναυαγίου
1314 676 1665 746 διαφυγόντα,
1703 676 1798 727 καὶ
1829 672 1888 725 τὸ
1925 670 2085 741 σῶμα

503 775 710 846 γυμνὸν
736 773 843 828 ἀπὸ
873 771 983 824 τῶν
1009 770 1270 840 κυμάτων
1289 767 1550 822 διασῶσαι
1569 764 1867 835 δυνηθέντα
1900 763 2078 832 μόνον,

504 870 797 941 δεξάμενος
832 866 1052 930 ὑπτίαις
1082 867 1203 929 ταῖς
1245 867 1435 937 χερσὶ,
1494 861 1754 933 λαμπρὰν
1797 862 2080 934 περιϐάλοι

507 963 717 1034 στολὴν,
754 961 845 1014 καὶ
874 959 1012 1030 πρὸς
1045 959 1211 1029 τιμὴν
1245 957 1440 1026 ἀγάγοι
1465 956 1564 1028 τὴν
1594 955 1858 1010 ἀνωτάτω
1879 970 1894 985 ⁶
1940 954 2083 1009 οὑτω

505 1058 599 1110 καὶ
621 1057 648 1107 ὁ
680 1054 810 1116 Θεὸς
835 1054 927 1105 ἐπὶ
954 1052 1057 1122 τῆς
1097 1051 1312 1120 φύσεως
1343 1051 1441 1118 τῆς
1492 1050 1767 1123 ἡμετέρας
1817 1050 2045 1119 ἐποίησε
2064 1066 2078 1081 ο

504 1149 682 1202 πάντα
701 1145 991 1208 ἀπέϐαλεν,
1023 1145 1123 1196 ὅσα
1151 1139 1314 1213 εἶχεν,
1341 1145 1370 1196 6
1404 1141 1709 1213 ἄνθρωπος,
1731 1140 1831 1214 τὴν
1865 1143 2085 1213 παρρησ-

504 1239 644 1306 σίαν,
677 1236 774 1308 τὴν
804 1235 940 1306 πρὸς
973 1234 1106 1287 Θεὸν
1135 1233 1374 1303 ὁμιλίαν,
1429 1232 1528 1303 τὴν
1559 1233 1618 1286 ἐν
1655 1232 1734 1302 τῷ
1768 1233 2083 1304 παραδείσῳ

501 1329 795 1401 διαγωγὴν,
831 1329 922 1382 τὸν
974 1325 1356 1398 ἀταλαίπωρον
1412 1324 1548 1395 βίον,
1603 1325 1698 1379 καὶ
1736 1324 1985 1397 καθάπερ
2019 1328 2083 1379 ἐκ

501 1423 783 1491 ναυαγίου,
816 1424 1022 1494 γυμνὸς
1045 1419 1253 1474 ἐκεῖθεν
1288 1418 1536 1488 ἐξῆλθεν
1554 1416 1667 1470 ἀλλ’
1693 1420 1721 1472 ὁ
1751 1416 1884 1481 Θεὸς
1915 1417 2081 1472 αὑτὸν

499 1515 791 1587 δεξάμενος
817 1515 1188 1587 περιέστειλεν
1213 1513 1434 1575 εὐθέως,
1457 1512 1550 1564 καὶ
1580 1511 1722 1566 κατὰ
1746 1511 1942 1584 μικρὸν
1972 1529 2086 1583 χει-

505 1609 771 1680 ραγωγῶν
795 1608 932 1680 πρὸς
965 1608 1057 1661 τὸν
1089 1607 1318 1678 οὐρανὸν
1352 1608 1596 1677 ἀνήγαγε
1616 1623 1630 1636 ·
1673 1605 1851 1658 καίτοι
1877 1605 1978 1658 οὑκ
2014 1600 2082 1676 ἦν

504 1701 834 1773 συγγνώμης
857 1701 917 1754 τὸ
947 1701 1202 1772 ναυάγιον
1239 1699 1407 1766 ἄξιον.
1440 1700 1515 1752 Οὐ
1543 1699 1652 1770 γὰρ
1681 1699 1833 1772 παρά
1859 1697 1956 1769 τὴν
1974 1697 2083 1751 τῶν

503 1780 1001 1868 πνευμάτωνιβίαν,
1027 1801 1160 1854 ἀλλά
1200 1801 1351 1872 παρά
1382 1802 1480 1872 τὴν
1509 1799 1603 1853 τοῦ
1635 1799 1890 1863 πλέοντος
1913 1794 2081 1869 ρᾳθυ-

503 1891 634 1960 μίαν
655 1891 799 1944 διπαν
836 1891 1032 1962 συνέϐη
1061 1893 1121 1944 τὸ
1143 1892 1431 1946 κλυδώνιον
1461 1891 1637 1946 τοῦτο.

585 2001 722 2054 Ἀλλ’
752 2001 812 2054 οὐ
842 2001 976 2074 πρὸς
1007 2001 1163 2056 τοῦτο
1187 2000 1327 2056 εἶδεν
1360 2006 1387 2057 ό
1416 2003 1566 2068 Θεὸς,
1603 2004 1738 2057 ἀλλά
1761 2003 1820 2057 τὸ
1856 2002 2084 2074 μέγεθος

498 2087 599 2157 τῆς
625 2093 910 2161 συμφορᾶς
953 2093 1279 2164 κατηλέησε,
1307 2092 1401 2146 καὶ
1429 2092 1522 2146 τὸν
1547 2095 1603 2146 ἐν
1629 2092 1808 2164 λιμένι
1844 2093 2084 2145 παθόντα

499 2178 775 2248 ναυάγιον,
804 2178 1055 2250 καθάπερ
1095 2181 1152 2233 ἐν
1193 2180 1344 2252 μέσῳ
1383 2180 1460 2250 τῷ
1496 2180 1724 2248 πελάγει
1769 2180 1925 2234 τοῦτο
1951 2181 2085 2233 ὑπο-

503 2266 782 2336 μείναντα,
811 2267 955 2321 οῦτω
994 2268 1334 2338 φιλοφρόνως
1379 2268 1628 2334 ἐδέξατο·
1656 2267 1718 2320 τὸ
1750 2267 1861 2338 γὰρ
1893 2271 1950 2321 ἐν
1981 2285 2088 2321 πα-

502 2355 735 2426 ραδείσῳ
762 2358 970 2418 πεσεῖν,
997 2356 1054 2408 ἐν
1093 2355 1273 2426 λιμένι
1305 2355 1562 2424 ναυάγιόν
1595 2357 1743 2410 ἐστιν
1768 2357 2081 2426 ὑπομεῖναι.

499 2441 824 2513 Τίδήποτε;
857 2446 980 2496 Ὅτι
1027 2445 1240 2498 οὐδέπω
1286 2443 1485 2515 λύπης,
1530 2444 1743 2498 οὐδέπω
1779 2445 2081 2516 φροντίδος,

500 2529 621 2582 οὑδέ
651 2531 849 2595 πόνων,
880 2531 1000 2583 οὐδὲ
1035 2530 1272 2601 μόχθων,
1301 2532 1422 2586 οὐδέ
1447 2531 1556 2584 τῶν
1593 2533 1802 2604 μυρίων
1833 2534 1935 2604 τῆς
1967 2535 2088 2588 ἐπι-

500 2619 702 2689 θυμίας
730 2619 991 2690 κυμάτων
1014 2619 1476 2689 ἐπικωμαζόντων
1508 2624 1573 2692 τῇ
1600 2621 1762 2691 φύσει
1787 2625 1854 2694 τῇ
1888 2623 2086 2694 ἡμετέ-

500 2724 593 2778 ρᾳ,
629 2707 993 2779 ὑπεσκελίσθη
1020 2709 1113 2761 καὶ
1147 2709 1436 2763 κατέπεσε.
1481 2709 1586 2763 Καὶ
1618 2711 1871 2782 καθάπερ
1903 2713 1953 2764 οἱ
1988 2710 2086 2782 τὴν

503 2797 778 2851 θάλατταν
807 2798 1063 2862 πλέοντες
1086 2799 1403 2870 κακοῦργοι,
1438 2800 1618 2871 μικρῷ
1655 2800 1858 2873 σιδήρῳ
1883 2801 2086 2856 πολλά-

501 2905 588 2950 κις
617 2887 717 2960 τὴν
744 2888 877 2944 ναῦν
915 2889 1321 2961 διατρήσαντες,
1349 2890 1565 2946 ἅπασαν
1604 2892 1954 2960 ἐπεισάγουσι
1983 2893 2086 2946 κά·

499 2975 672 3028 τωθεν
709 2976 787 3047 τῷ
819 2977 988 3049 πλοίῳ
1034 2977 1133 3048 τὴν
1181 2977 1485 3032 θάλατταν·
1542 2978 1686 3034 οὕτω
1728 2980 1792 3052 δὴ
1832 2981 1927 3034 καὶ
1965 2981 2087 3035 τότε

506 3063 628 3118 ἰδὼν
654 3065 715 3118 τὸ
765 3065 948 3120 πλοῖον
985 3067 1078 3120 τοῦ
1121 3068 1291 3137 Ἀδὰμ
1318 3070 1345 3121 6
1393 3067 1660 3133 διάϐολος,
1706 3069 1955 3123 τουτέστι
1987 3070 2086 3142 τὴν

499 3154 678 3225 ψυχὴν
711 3154 922 3208 πολλῶν
945 3156 1226 3226 γέμουσαν
1249 3157 1493 3225 ἀγαθῶν,
1526 3157 1717 3229 ὥσπερ
1742 3159 1851 3212 τινὶ
1886 3158 2088 3231 σιδήρῳ

505 3243 706 3314 μικρῷ,
758 3247 826 3315 τῇ
891 3243 1020 3316 ψιλῇ
1077 3247 1227 3316 φωνῇ
1260 3245 1574 3316 προσελθὼν
1627 3248 1720 3300 καὶ⁴
1767 3247 2084 3318 διατρήσας,

503 3333 719 3388 ἅπαντα
751 3333 1016 3387 ἐκένωσεν
1039 3335 1246 3387 ἐκείνου
1271 3335 1362 3389 τὸν
1394 3335 1644 3398 πλοῦτον,
1677 3337 1772 3388 καὶ⁸
1795 3336 1857 3388 τὸ
1883 3337 2090 3404 σκάφος

502 3421 635 3475 αὐτὸ
655 3421 970 3477 κατέδυσεν.
1019 3423 1158 3475 Ἀλλ’
1187 3425 1216 3476 6
1235 3423 1369 3487 Θεὸς
1399 3424 1571 3494 μείζω
1596 3426 1696 3494 τῆς
1750 3423 1954 3494 ζημίας
1988 3427 2089 3494 τὴν

504 3511 774 3580 ἐμποριαν
803 3510 1117 3581 ἐποιήσατο,
1148 3511 1244 3564 καὶ
1270 3511 1407 3583 πρὸς
1435 3513 1526 3565 τὸν
1555 3512 1744 3583 θρόνον
1767 3513 1856 3564 τὸν
1881 3512 2090 3579 βασιλι-

504 3595 599 3647 κὸν
621 3596 718 3666 τὴν
739 3595 902 3665 φύσιν
931 3598 1173 3668 ἀνήγαγε
1199 3597 1297 3668 τὴν
1323 3600 1617 3670 ἡμετέραν.
1648 3598 1738 3651 Διὸ
1765 3601 1858 3653 καὶ
1881 3599 2089 3663 Παῦλος

507 3683 626 3753 βοᾷ,
653 3683 826 3752 λέγων
851 3701 867 3716 ο
898 3685 1224 3755 Συνήγειρε
1258 3686 1356 3740 καὶ
1387 3687 1794 3741 συνεκάθισεν
1814 3687 1971 3757 ἡμᾶς
2020 3689 2090 3741 ἐν

504 3772 672 3839 δεξιᾷ
700 3773 889 3828 αὐτοῦ
910 3775 980 3828 ἐν
1012 3776 1136 3842 τοῖς
1163 3777 1542 3845 ἐπουρανίοις
1562 3817 1576 3840 ,
1618 3779 1720 3832 ἵνα
1751 3777 2089 3845 ἐνδείξηται

502 3859 574 3912 ἐν
588 3859 714 3925 τοῖς
732 3859 904 3915 αίῶσι
924 3861 1048 3928 τοῖς
1068 3863 1488 3934 ἐπερχομένοις
1505 3865 1614 3920 τὸν
1631 3866 2090 3934 ὑπερϐάλλοντα

503 3948 776 4002 πλοῦτον
819 3949 931 4018 τῆς
975 3950 1219 4020 χάριτος
1257 3952 1444 4007 αὐτοῦ
1484 3954 1555 4008 ἐν
1585 3956 1945 4024 χρηστότητι
1994 3956 2088 4026 ἐφ’

505 4035 684 4104 ἡμᾶς.
713 4037 778 4090 Τί
809 4037 1020 4108 λέγεις;
1054 4041 1155 4112 ἤδη
1196 4042 1256 4094 τὸ
1303 4043 1536 4114 πρᾶγμα
1565 4044 1756 4112 γέγονε
1807 4043 1902 4097 καὶ
1937 4043 2090 4109 τέλος

505 4123 641 4194 ἔχει,
673 4126 766 4179 καὶ
819 4126 1028 4195 λέγεις’
1066 4128 1193 4182 Ἵνα
1244 4129 1315 4182 ἐν
1341 4129 1468 4196 τοῖς
1522 4128 1697 4184 αίῶσι
1752 4129 2090 4198 ἐνδείξηται

504 4213 631 4279 τοῖς
659 4215 1090 4284 ἐπερχομένοις
1106 4236 1126 4284 ;
1145 4218 1206 4271 οὐ
1233 4218 1343 4290 γὰρ
1377 4217 1681 4285 ἐνεδείξατο
1707 4236 1722 4285 ;
1757 4217 2091 4284 Ἐνεδείξατο

508 4299 610 4370 μὲν
647 4301 772 4372 ἤδη,
799 4302 917 4355 ἀλλ’
955 4304 1075 4376 οὐχὶ
1108 4307 1275 4359 πᾶσιν
1309 4305 1618 4378 ἀνθρώποις
1639 4347 1654 4370 ,
1706 4307 1821 4360 ἀλλ’
1856 4309 1980 4378 ἐμοὶ
2012 4307 2090 4378 τῷ

509 4385 703 4457 πιστῷ·
754 4391 783 4443 6
808 4389 864 4443 δέ
892 4391 1119 4455 ἄπιστος
1151 4393 1364 4447 οὐδέπω
1393 4395 1453 4448 τὸ
1479 4392 1666 4464 θαῦμα
1695 4390 1822 4449 εἶδε.
1854 4395 1989 4449 Τότε
2030 4396 2089 4449 δὲ

507 4476 568 4528 ἐν
599 4476 782 4551 ἐκείνῃ
811 4481 878 4550 τῇ
910 4480 1093 4552 ἡμέρᾳ
1114 4483 1264 4536 πᾶσα
1293 4482 1459 4552 ἡτῶν
1487 4481 1791 4553 ἀνθρώπων
1815 4482 1976 4552 φύσις
2008 4486 2088 4549 είς

509 4562 674 4632 μέσον
709 4566 936 4620 ἐλθοῦσα
970 4568 1307 4640 θαυμάσεται
1327 4571 1388 4624 τὸ
1418 4573 1806 4642 γεγενημένον,
1829 4571 2001 4637 ἄλλως
2027 4589 2087 4626 τε

509 4654 604 4708 καὶ
630 4656 762 4726 ἡμῖν
788 4657 910 4710 τότε
953 4659 1333 4732 φανερώτερον
1389 4661 1562 4715 ἔσται.
1612 4661 1950 4734 Πιστεύομεν
1978 4665 2089 4736 γὰρ

509 4743 601 4794 καὶ
623 4742 740 4807 νῦν,
766 4743 880 4797 ἀλλ’
907 4743 1060 4818 [250]
1091 4748 1187 4818 οὐχ
1207 4748 1409 4818 ὁμοίως
1437 4748 1498 4801 τὸ
1536 4748 1724 4820 θαῦμα
1755 4750 2089 4822 παρίστησιν

508 4829 646 4900 ἀκοὴ
675 4832 769 4885 καὶ
791 4832 913 4904 ὄψις
928 4851 941 4864 ·
967 4835 1082 4889 ἀλλ’
1105 4835 1294 4907 ὥσπερ
1323 4838 1547 4890 ἐπὶτῶν
1570 4836 1838 4906 βασιλέων
1871 4837 2095 4893 ἀκούον-

509 4937 599 4985 τες
625 4921 723 4993 τὴν
757 4921 1049 4996 ἁλουργίδα
1077 4926 1172 4980 καὶ
1188 4927 1249 4980 τὸ
1275 4925 1515 4998 διάδημα
1547 4927 1642 4980 καὶ
1667 4927 1736 4981 τὰ
1755 4929 1934 4999 χρυσᾶ
1963 4928 2091 5000 ἱμά-

508 5027 600 5063 τια
634 5013 729 5064 καὶ
755 5013 844 5066 τὸν
879 5013 1068 5084 θρόνον
1097 5015 1187 5068 τὸν
1223 5015 1500 5084 βασιλικὸν
1523 5056 1539 5079 ,
1577 5015 1936 5087 θαυμάζομεν
1966 5017 2088 5088 μὲν,

513 5099 778 5172 μειζόνως
826 5099 884 5154 δέ
919 5101 1075 5155 τοῦτο
1123 5102 1426 5174 πάσχομεν,
1463 5104 1591 5157 ὃταν
1614 5104 1723 5159 τῶν
1766 5122 2091 5177 παραπετα-

505 5190 737 5260 σμάτων
782 5191 1249 5248 συνελκυσθέντων
1305 5193 1506 5264 ἴδωμεν
1537 5193 1698 5248 αὐτὸν
1747 5195 1831 5264 ἐφ’
1882 5194 2092 5266 ὑψηλοῦ

511 5279 604 5332 τοῦ
641 5281 882 5352 βήματος
903 5282 1322 5354 προκαθήμενον
1345 5299 1358 5312 '
1387 5281 1530 5337 οὑτω
1562 5284 1657 5338 καὶ
1704 5286 1798 5337 ἐπὶ
1835 5284 1932 5338 τοῦ
1972 5287 2089 5339 Μο-

513 5370 762 5437 νογενοῦς
785 5387 798 5401 ·
834 5373 961 5425 ὅταν
980 5370 1178 5442 ἴδωμεν
1201 5371 1269 5427 τά
1295 5373 1774 5443 παραπετάσματα
1797 5371 1906 5426 τῶν
1925 5374 1986 5426 οὐ
1996 5391 2090 5444 ρα-

513 5459 618 5513 νῶν
675 5459 1118 5524 συνελκυσθέντα,
1157 5460 1253 5514 καὶ
1293 5459 1690 5514 καταϐαίνοντα
1734 5459 1824 5514 τὸν
1865 5461 2090 5531 βασιλέα

515 5547 622 5601 τῶν
649 5549 896 5618 ἀγγέλων
945 5548 1152 5604 ἐκεῖθεν
1181 5551 1275 5604 καὶ
1326 5550 1794 5623 δορυφορούμενον
1833 5551 1938 5604 ὑπὸ
1979 5550 2090 5605 τῶν

515 5635 780 5705 οὐρανίων
796 5637 1004 5708 δήμων,
1027 5639 1151 5691 τότε
1174 5637 1360 5710 μεῖζον
1385 5639 1492 5693 ἀπὸ
1514 5641 1612 5711 τῆς
1634 5639 1808 5710 ὅψεως
1828 5640 1886 5693 τὸ
1907 5640 2091 5711 θαῦμα

515 5723 803 5795 δεχόμεθα.
849 5727 1130 5798 Ἐννόησον
1158 5730 1268 5800 γάρ
1314 5747 1445 5802 μοι,
1492 5725 1604 5784 οἷόν
1635 5731 1782 5786 ἐστιν
1836 5730 1961 5785 ίδεῖν
1993 5731 2090 5802 τὴν

519 5809 680 5880 φύσιν
714 5813 812 5884 τὴν
849 5815 1122 5888 ἡμετέραν
1172 5817 1267 5871 ἐπὶ
1315 5820 1425 5874 τῶν
1459 5819 1737 5892 Χερουϐὶμ
1761 5821 2083 5890 ὀχουμένην,

1187 388 1244 443 S.
1284 381 1576 441 JOANNIS
1612 375 2103 437 CHRYSOSTOMI
2143 376 2459 438 ARCHIEP.
2493 379 3040 440 CONSTANTINOP.

3645 385 3753 440 248

2188 493 2281 546 καὶ
2313 495 2494 549 πᾶσαν
2514 495 2650 568 αὐτῇ
2679 497 2778 568 τὴν
2801 496 3102 569 ἀγγελικὴν
3128 481 3566 572 περικεχυμένην
3597 501 3758 556 δύνα-

2188 603 2300 656 μιν.

2255 684 2326 746 γ’.
2358 678 2556 732 Σκόπει
2581 679 2639 733 δέ
2669 697 2759 750 μοι
2785 680 2884 734 καὶ
2897 680 2996 752 τὴν
3014 682 3230 737 Παύλου
3247 683 3459 753 σοφίαν,
3483 685 3624 740 πόσα
3643 686 3761 740 6V6-

2185 784 2332 840 ματα
2361 772 2625 842 ἐπιζητεῖ,
2649 772 2788 827 ὥστε
2808 775 3156 846 παραστῆσαι
3192 774 3286 829 τοῦ
3319 776 3454 831 Θεοῦ
3491 777 3592 848 τὴν
3635 779 3761 832 φιλ-

2182 861 2522 934 ανθρωπίαν.
2553 865 2629 918 Οὐ
2663 865 2772 936 γὰρ
2805 860 2962 920 εἶπεν
2983 867 3171 932 ἁπλῶς
3192 869 3294 940 τὴν
3320 870 3499 942 χάριν,
3523 871 3643 925 οὐδὲ
3667 871 3761 925 τὸν

2183 954 2414 1008 πλοῦτον
2435 955 2642 1020 ἁπλῶς,
2676 956 2814 1010 ἀλλά
2837 956 2918 1024 τίς
2955 958 3067 1013 Τὸν
3089 960 3548 1029 ὑπερϐάλλοντα
3570 957 3764 1017 πλοῦ-

2181 1061 2292 1099 τον
2319 1043 2430 1113 τῆς
2450 1046 2688 1114 χάριτος
2705 1047 2778 1100 ἐν
2806 1049 3186 1116 χρηστότητι.
3221 1049 3360 1102 Ἀλλ’
3386 1050 3535 1120 ὅμως
3557 1053 3650 1104 καὶ
3672 1049 3768 1103 03-

2181 1154 2291 1202 τως
2314 1139 2566 1210 ήτόνησε.
2602 1139 2712 1191 Καὶ
2741 1139 2992 1210 καθάπερ
3024 1139 3095 1194 τὰ
3131 1139 3392 1212 ὀλισθηρὰ
3417 1141 3526 1194 τῶν
3573 1144 3767 1209 σωμά-

2183 1245 2292 1282 των
2330 1230 2551 1300 μυρίαις
2583 1231 2926 1301 κατεχόμενα
2946 1232 3124 1304 χερσὶ,
3157 1232 3437 1302 διαφεύγει
3469 1233 3570 1296 τάς
3594 1233 3772 1298 λαϐὰς

2185 1320 2342 1391 ἡμῶν
2373 1323 2465 1376 καὶ
2487 1321 2834 1377 διολισθαίνει
2858 1324 3056 1396 ῥᾳδίως
3074 1343 3088 1356 ο
3112 1326 3254 1379 οὑτω
3275 1327 3369 1380 καὶ
3388 1309 3486 1398 τὴν
3508 1326 3603 1380 τοῦ
3627 1327 3772 1382 Θεοῦ

2185 1412 2615 1486 φιλανθρωπίαν,
2646 1417 2793 1480 ὅσοις
2810 1417 2878 1471 ἀν
2908 1418 3076 1490 αὐτὴν
3098 1421 3456 1490 κατάσχωμεν
3483 1420 3770 1492 ὀνόμασιν,

2184 1505 2305 1558 οὐδὲ
2337 1505 2482 1560 οὕτω
2507 1506 2784 1577 δυνάμεθα
2816 1509 3152 1581 περιλαϐεῖν,
3186 1510 3320 1564 ἀλλὰ
3347 1512 3475 1583 νικᾷ
3510 1513 3571 1566 τὸ
3603 1512 3773 1583 μέγε-

2185 1593 2277 1658 θος
2308 1594 2482 1664 αὐτῆς
2511 1596 2576 1648 ἐκ
2612 1596 2814 1668 πολλῆς
2856 1599 3179 1667 περιουσίας
3206 1599 3313 1655 τῶν
3346 1601 3631 1673 ἡμετέρων
3667 1605 3767 1674 91]-

2189 1683 2375 1754 μάτων
2400 1684 2497 1756 τὴν
2527 1685 2746 1740 ἀτονίαν
2776 1699 2824 1742 ι.
2857 1689 3038 1760 Ὅπερ
3067 1685 3160 1744 οῦν
3182 1693 3277 1744 καὶ
3302 1693 3515 1757 Παῦλος
3554 1693 3770 1753 παθὼν.

2184 1773 2280 1826 καὶ
2306 1772 2428 1827 ίδὼν
2470 1776 2794 1847 ἡττωμένην
2840 1777 2950 1831 τῶν
2977 1781 3238 1850 ῥημάτων
3275 1780 3375 1853 τὴν
3418 1781 3648 1853 δύναμιν
3672 1783 3772 1836 τοῦ

2189 1865 2454 1936 μεγέθους
2495 1866 2688 1936 αὐτῆς,
2727 1866 2786 1920 ἐν
2829 1867 2999 1921 εἰπὼν
3027 1871 3179 1940 ῥῆμα
3227 1871 3461 1943 ἀπέστη.
3519 1875 3680 1926 Ποῖον
3715 1873 3773 1926 δὲ

2184 1955 2376 2021 τοῦτο;
2413 1955 2588 2024 Χάρις
2617 1956 2686 2010 δὲ
2714 1955 2794 2022 τῷ
2827 1957 2951 2022 Θεῷ
2978 1957 3078 2011 ἐπὶ
3109 1956 3185 2027 τῇ
3229 1959 3638 2029 ἀνεκδιηγήτῳ
3667 1963 3776 2015 αὺ-

2185 2048 2295 2102 τοῦ
2325 2047 2536 2116 δωρεᾷ.
2562 2046 2700 2102 Οὑτε
2734 2048 2844 2119 γὰρ
2877 2048 3054 2117 λόγος,
3081 2047 3205 2104 οὕτε
3229 2049 3354 2114 νοῦς
3389 2050 3566 2115 οὐδεὶς
3595 2069 3777 2124 παραο

2189 2139 2382 2209 στῆσαι
2413 2138 2701 2210 δυνήσεται
2723 2139 2818 2193 τοῦ
2840 2139 2976 2194 Θεοῦ
3005 2139 3102 2213 τὴν
3127 2141 3470 2213 κηδεμονίαν.
3495 2143 3596 2198 Διά
3615 2145 3776 2198 τοῦτο

2186 2230 2420 2286 ἐνταῦθα
2444 2232 2542 2303 μὲν
2558 2231 2952 2303 ἀνεκδιήγητον
2979 2235 3150 2307 αὐτὴν
3167 2231 3305 2289 εἶναι
3327 2254 3512 2308 φησιν,
3539 2237 3774 2309 ἀλλαχοῦ

2185 2319 2266 2383 δέ,
2300 2321 2511 2375 καὶτὸν
2535 2321 2662 2377 νοῦν
2709 2323 2867 2394 ἡμῶν
2899 2325 3271 2396 ὑπερϐαίνειν,
3305 2327 3507 2380 οὑτωσὶ
3557 2328 3735 2398 λέγων
3756 2346 3772 2361 ο

2197 2411 2261 2468 Ἠ
2287 2413 2497 2482 εἰρήνη
2539 2414 2649 2468 τοῦ
2691 2415 2838 2470 Θεοῦ
2884 2418 2920 2484 ὴ
2959 2417 3345 2485 ὑπερέχουσα
3376 2419 3577 2473 πάντα
3625 2421 3779 2476 νοῦν

2186 2503 2518 2573 φρουρήσει
2546 2505 2655 2571 τὰς
2681 2506 2932 2575 καρδίας
2955 2507 3141 2577 ὑμῶν.

2273 2612 2412 2666 Ἀλλ’
2435 2614 2571 2686 ὅπερ
2594 2614 2802 2684 ἔλεγον,
2853 2615 2949 2670 δύο
2999 2617 3096 2687 μὲν
3121 2611 3264 2672 οὑτοι
3314 2619 3453 2683 τέως
3479 2621 3778 2692 ἀπολογίας

2190 2703 2449 2776 εὕρηνται
2484 2707 2699 2778 τρόποι,
2721 2701 2804 2772 εἷς
2862 2707 2983 2779 μὲν,
3012 2711 3094 2764 ὅτι
3118 2711 3215 2780 οὐχ
3253 2713 3282 2764 6
3317 2711 3449 2775 Θεὸς
3501 2710 3776 2781 ἐξέϐαλεν,

2191 2797 2307 2851 ἀλλ’
2335 2799 2495 2868 ἡμεῖς
2524 2797 2910 2868 ἀπωλέσαμεν·
2944 2800 3196 2873 δεύτερος
3223 2801 3300 2866 δέ,
3337 2803 3417 2856 ὅτι
3452 2803 3628 2858 πλείω
3671 2806 3778 2860 τῶν

2191 2889 2550 2943 ἀπολωλότων
2601 2890 2698 2945 καὶ
2742 2890 2968 2962 μείζονα
3019 2894 3088 2945 τά
3137 2891 3361 2946 δοθέντα
3406 2895 3543 2964 ἡμῖν
3570 2895 3774 2962 ἀγαθά.

2190 2980 2542 3051 Βούλομαιδέ
2575 2981 2668 3034 καὶ
2710 2981 2890 3053 τρίτον
2933 2984 3125 3036 εἰπεῖν.
3169 2983 3263 3046 Τίς
3292 2980 3386 3036 οὖν
3419 2985 3571 3038 ἐστιν
3603 2987 3632 3038 6
3662 2985 3778 3057 τρί-

2189 3091 2315 3138 τος;
2356 3075 2478 3128 ’Ότι
2509 3075 2556 3126 εί
2579 3073 2675 3127 καὶ
2703 3074 2778 3145 μὴ
2805 3074 2970 3127 ἔδωκε
3003 3073 3176 3144 μείζω
3199 3076 3306 3129 τῶν
3330 3075 3691 3132 ἀπολωλότων
3712 3078 3778 3132 τά

2193 3167 2331 3237 μετὰ
2354 3165 2546 3228 ταῦτα,
2579 3165 2695 3219 ἀλλ’
2743 3166 2996 3234 ἀφείλετο
3027 3168 3188 3237 μόνον
3239 3168 3304 3222 τά
3357 3169 3583 3225 δοθέντα
3623 3175 3775 3243 ἡμῖν,

2187 3262 2220 3331 ἡ
2231 3257 2346 3330 μῶν
2371 3259 2721 3330 παρεχόντων
2736 3259 2836 3330 τὴν
2857 3260 3039 3312 αἰτίαν
3062 3260 3240 3328 (τοῦτο
3255 3261 3363 3332 γάρ
3386 3263 3775 3334 προσκείσθω)-

2190 3351 2286 3404 καὶ
2316 3350 2477 3405 τοῦτο
2530 3351 2714 3404 ἱκανὸν
2739 3351 2863 3405 καθ’
2894 3351 3058 3404 ἑαυτὸ
3089 3351 3260 3419 δεῖξαι
3307 3353 3408 3423 τὴν
3449 3354 3779 3425 κηδεμονίαν

2188 3444 2356 3499 αὑτοῦ
2387 3445 2485 3516 τὴν
2517 3446 2600 3508 εἰς
2626 3446 2797 3515 ἡμᾶς.
2848 3444 2922 3498 Οὐ
2962 3443 3070 3516 γὰρ
3101 3444 3162 3498 τὸ
3195 3444 3378 3498 δοῦναι
3409 3447 3593 3516 μόνον,
3641 3447 3780 3502 ἀλλά

2189 3539 2284 3592 καὶ
2307 3538 2366 3592 τὸ
2391 3536 2780 3608 ἀφελέσθαιτά
2807 3536 3051 3600 δοθέντα,
3079 3537 3344 3608 μεγίστης
3363 3537 3778 3612 φιλανθρωπίας

2189 3630 2337 3682 ἐστί·
2366 3629 2480 3694 καὶ,
2514 3629 2565 3682 εί
2595 3626 2878 3698 βούλεσθε,
2911 3628 3004 3680 ἐπὶ
3020 3627 3113 3680 τοῦ
3142 3628 3470 3699 παραδείσου
3501 3631 3595 3683 τὸν
3625 3630 3779 3700 λόγον

2190 3738 2258 3790 γυ
2267 3721 2588 3791 μνάσωμεν.
2603 3719 2830 3773 εἜδωκε
2858 3717 2950 3774 τὸν
2975 3719 3304 3791 παράδεισον
3325 3738 3339 3751 ·
3375 3721 3535 3777 τοῦτο
3559 3723 3660 3794 τῆς
3684 3724 3781 3776 αὑ-

2190 3813 2285 3868 τοῦ
2310 3811 2640 3886 κηδεμονίας
2657 3829 2672 3843 ’
2705 3811 2915 3880 ἀνάξιοι
2943 3813 3046 3882 τῆς
3071 3812 3281 3884 δωρεᾶς
3306 3813 3598 3886 ὤφθημεν·
3618 3816 3780 3869 τοῦτο

2191 3907 2291 3977 τῆς
2325 3905 2603 3977 ἡμετέρας
2649 3905 3076 3976 ἀγνωμοσύνης·
3123 3906 3376 3976 ἀφείλετο
3416 3907 3518 3979 τήν
3570 3906 3779 3978 δωρεὰν

2191 3999 2431 4065 ἀναξίοις
2455 3997 2768 4070 γενομένοις
2787 4014 2800 4028 ·
2822 3997 2982 4052 τοῦτο
3006 3999 3108 4070 τῆς
3134 3998 3300 4053 αὑτοῦ
3325 3999 3549 4069 γέγονεν
3581 4000 3780 4070 ἀγαθόι

2189 4108 2372 4162 τητος.
2410 4092 2524 4146 Καὶ
2556 4092 2689 4144 ποία
2712 4091 3008 4164 ἀγαθότης,
3047 4093 3203 4165 φησὶ,
3242 4093 3304 4147 τὸ
3348 4093 3646 4162 ἀφελέσθαι
3679 4095 3780 4166 τὴν

2191 4183 2438 4255 δωρεάν;
2481 4183 2820 4254 Ἀνάμεινον,
2855 4185 2950 4238 καὶ
2976 4184 3186 4257 ἀκούσῃ
3210 4185 3448 4250 πάντως.
3493 4186 3780 4258 Ἐννόησον

2191 4277 2300 4347 γὰρ
2331 4275 2416 4342 τίς
2437 4274 2664 4346 ἔμελλεν
2689 4277 2718 4329 6
2757 4276 2898 4330 Κάϊν
2941 4276 3182 4343 ἔσεσθαι,
3210 4277 3270 4332 ἐν
3315 4277 3631 4350 παραδείσῳ
3663 4279 3782 4333 δια-

2191 4369 2396 4440 τρίϐων
2446 4367 2586 4439 μετά
2629 4367 2730 4439 τὴν
2761 4369 3099 4440 μιαιφονίαν.
3146 4370 3213 4423 Εί
3247 4371 3359 4442 γὰρ
3397 4371 3493 4424 καὶ
3527 4372 3782 4426 ἐκπεσὼν

2193 4461 2407 4533 ἐκείνης
2434 4461 2536 4532 τῆς
2577 4461 2824 4531 διαίτης,
2864 4462 2912 4514 εἰ
2943 4462 3129 4532 μόχθῳ
3167 4462 3263 4516 καὶ
3291 4461 3439 4533 πόνῳ
3473 4463 3777 4517 καταδικα-

2196 4554 2344 4617 σθεὶς
2395 4553 2490 4609 καὶ
2533 4553 2629 4606 τοῦ
2665 4552 2899 4607 θανάτου
2947 4554 3045 4624 τὴν
3098 4553 3330 4625 ἀπειλὴν
3383 4554 3781 4632 ἐπηρτημένην
3849 4589 3874 4616 ο

2192 4648 2356 4720 ὁρῶν,
2376 4648 2424 4700 εί
2450 4646 2543 4700 τοῦ
2567 4646 2774 4718 πατρὸς
2803 4646 2910 4717 πρὸ
2935 4646 3352 4717 τῶνρφθαλμῶν
3384 4645 3598 4716 βλέπων
3622 4644 3780 4721 [251]

2191 4740 2291 4812 τὴν
2325 4737 2610 4810 συμφορὰν
2639 4738 2735 4792 καὶ
2758 4738 2816 4789 ἐν
2844 4738 3031 4807 χερσὶν
3053 4737 3192 4808 έχων
3236 4736 3315 4791 ἐτι
3347 4738 3447 4810 τῆς
3477 4737 3652 4809 ὀργῆς
3685 4737 3782 4793 τοῦ

2193 4831 2328 4885 Θεοῦ
2362 4831 2433 4884 τὰ
2467 4830 2609 4902 ίχνη,
2639 4830 2733 4884 καὶ
2758 4829 3034 4893 τοσούτοις
3084 4829 3626 4900 περιεστοιχισμένος
3675 4830 3785 4884 δει-

2194 4929 2326 4992 νοῖς,
2359 4928 2438 4990 είς
2463 4925 2716 4979 τοσοῦτον
2753 4922 3066 4990 ἐξελάκτισε
3100 4923 3384 4995 πονηρίας,
3425 4922 3558 4976 ὥστ’
3579 4923 3785 4993 ἀγνοῆ-

2195 5038 2286 5074 σαι
2316 5020 2414 5093 τὴν
2451 5018 2634 5090 φύσιν,
2689 5020 2784 5073 καὶ
2817 5016 3168 5072 ἐπιλαθέσθαι
3211 5017 3312 5084 τῆς
3351 5014 3642 5080 κοινωνίας
3673 5017 3782 5070 τῶν

2193 5111 2418 5176 ὠδίνων,
2455 5112 2548 5165 καὶ
2584 5111 2676 5164 τὸν
2706 5111 2858 5163 οὐδὲν
2880 5106 3180 5178 ἠδικηκότα
3206 5104 3408 5174 σφάξαι
3428 5143 3443 5168 ,
3492 5105 3585 5158 καὶ
3623 5103 3783 5158 ἀδελ-

2196 5202 2356 5274 φικοῦ
2392 5202 2644 5273 σώματος
2665 5201 2906 5272 ἅψασθαι
2959 5201 3053 5254 καὶ
3082 5197 3312 5270 αἱμάξαι
3333 5197 3432 5269 τὴν
3455 5196 3656 5263 δεξιάν,
3684 5199 3780 5250 καὶ

2193 5296 2288 5350 τοῦ
2315 5294 2450 5350 Θεοῦ
2483 5293 2870 5368 παραινοῦντος
2900 5293 3192 5366 ἡσυχάζειν
3216 5289 3291 5362 μὴ
3320 5288 3635 5360 ἀνέχεσθαι,
3662 5289 3779 5342 ἀλλ’

2195 5390 2413 5460 ὑϐρίσαι
2451 5388 2542 5442 τὸν
2576 5387 2941 5456 πεποιηκότα,
2979 5385 3246 5456 ἀτιμάσαι
3289 5383 3419 5448 τούς
3451 5385 3754 5454 γεγεννηκό

2194 5501 2314 5548 τας,
2344 5484 2393 5537 εί
2419 5485 2476 5534 ἐν
2507 5479 2821 5550 παραδείσῳ
2857 5477 3126 5549 διέτριϐεν
3173 5471 3365 5540 οὗτος,
3407 5474 3594 5529 σκόπει
3639 5475 3780 5548 πρὸς

2193 5578 2327 5649 ὅσην
2354 5574 2420 5629 ἂν
2449 5574 2618 5644 ήλασε
2645 5572 2863 5626 κακίαν.
2893 5572 2958 5624 Εί
2980 5570 3090 5641 γάρ
3109 5569 3381 5624 τοσούτων
3411 5568 3782 5636 ἐπικειμένων

2193 5668 2301 5723 τῶν
2345 5664 2600 5738 χαλινῶν,
2661 5663 2938 5734 θανάσιμα
2986 5661 3283 5735 ἐσκίρτησε
3324 5659 3696 5732 σκιρτήματα,
3728 5661 3779 5716 οι

2257 5827 2284 5857 ⁸
2309 5825 2444 5876 Unus
2464 5821 2599 5875 Colb.
2627 5821 2712 5879 τήν
2735 5820 2960 5870 ἐπίνοιαν.
