4046 6396
309 384 412 441 2η

311 500 523 554 homine
563 500 866 571 gloriosius.
909 503 1035 559 Erat
1076 506 1165 561 ille
1212 518 1478 577 postrema
1522 526 1646 581 pars
1682 512 1891 567 ratione

309 591 543 657 praedita:
569 602 829 646 creatura:
852 634 867 659 ,
899 594 994 649 sed
1026 597 1188 664 pedes
1225 608 1386 668 caput
1414 612 1732 667 evaserunt,
1759 611 1813 657 et
1839 604 1892 656 in

308 687 559 735 thronum
601 682 804 751 regium
835 698 928 752 per
955 687 1211 753 primitias
1248 698 1375 744 sunt
1410 691 1598 746 evecti.
1628 691 1895 759 Quemad-

308 772 521 826 modum
552 774 694 828 enim
720 776 764 829 si
804 775 964 831 homo
990 779 1252 850 quispiam
1296 782 1537 839 liberalis
1561 800 1626 840 ac
1654 786 1895 857 magnifi-

304 881 417 930 cus,
451 880 574 919 cum
602 866 794 921 viderit
821 868 1052 938 aliquem
1083 872 1417 944 naufragum,
1448 877 1537 945 qui
1567 877 1738 932 solum
1767 895 1891 934 cor—

307 972 399 1024 pus
427 957 628 1012 nudum
654 975 720 1014 ex
749 962 995 1018 fluctibus
1018 965 1225 1035 eripere
1263 967 1470 1036 potuit,
1496 969 1700 1038 supinis
1725 971 1895 1025 mani-

303 1047 400 1101 bus
426 1063 550 1103 eum
571 1051 820 1121 excipiat,
847 1063 902 1108 et
923 1054 1147 1110 candida
1168 1066 1316 1112 veste
1336 1058 1579 1113 indutum
1604 1060 1659 1114 in
1684 1075 1894 1117 summo

307 1140 527 1196 honoris
564 1143 732 1212 gradu
774 1145 999 1201 collocet
1028 1164 1042 1201 :
1075 1147 1146 1202 ita
1186 1149 1327 1205 Deus
1368 1161 1609 1206 naturam
1656 1163 1890 1209 nostram

307 1235 571 1287 tractavit.
597 1234 784 1289 Omnia
806 1252 926 1307 qure
952 1238 1182 1296 habebat
1205 1240 1368 1296 homo
1388 1242 1710 1312 perdiderat,
1733 1244 1895 1300 liber-

307 1331 467 1378 tatem
494 1325 743 1394 loquendi
769 1342 831 1382 ac
858 1328 1124 1396 fiduciam,
1153 1334 1593 1389 consuetudinem
1613 1350 1734 1390 cum
1759 1336 1889 1404 Deo,

305 1417 766 1473 conversationem
795 1420 849 1473 in
881 1423 1148 1490 paradiso,
1176 1424 1338 1479 vitam
1363 1426 1681 1482 calamitatis
1704 1444 1893 1497 exper-

302 1515 431 1571 tem,
464 1519 520 1564 et
546 1520 811 1581 tamquam
843 1530 911 1569 ex
947 1516 1223 1588 naufragio
1252 1519 1426 1576 nudus
1466 1521 1590 1576 inde
1614 1522 1889 1589 exiverat;

303 1602 395 1655 sed
426 1602 565 1657 Deus
592 1604 739 1660 illum
770 1617 1048 1677 exceptum
1088 1610 1370 1667 confestim
1406 1613 1606 1668 amiciit
1630 1656 1645 1681 ,
1678 1624 1733 1671 et
1756 1630 1892 1685 pau-

308 1694 455 1749 latim
484 1712 642 1751 manu
670 1698 887 1753 ductum
918 1701 969 1754 in
1008 1702 1198 1756 caelum
1230 1705 1426 1759 evexit.
1456 1706 1614 1776 Atqui
1648 1721 1751 1761 non
1778 1716 1896 1762 erat

306 1790 460 1843 venia
483 1789 702 1860 dignum
733 1792 1099 1863 naufragium;
1129 1810 1301 1866 neque
1339 1797 1482 1851 enim
1511 1798 1582 1853 ob
1611 1807 1890 1854 ventorum

309 1882 583 1951 impetum,
615 1885 710 1938 sed
738 1885 807 1939 ob
831 1886 1109 1956 segnitiem
1134 1888 1250 1959 ejus
1274 1930 1288 1955 ,
1316 1891 1406 1959 qui
1438 1890 1752 1963 navigabat,
1783 1900 1891 1947 tota

306 1972 389 2028 illa
419 1982 707 2042 tempestas
733 1978 1017 2032 acciderat.

376 2064 439 2118 In
462 2076 612 2134 portu
646 2069 972 2139 naufragium
1001 2070 1389 2141 fecit'Adamus.
1417 2103 1490 2114 —-
1515 2073 1892 2132 Verumtamen

217 2198 229 2209 .
306 2158 373 2211 ad
405 2157 505 2212 hoc
546 2174 654 2213 non
696 2163 932 2230 respexit
978 2163 1116 2219 Deus
1140 2205 1156 2231 ,
1188 2166 1281 2220 sed
1311 2166 1426 2235 ejus
1469 2168 1891 2225 misericordiam

306 2249 625 2305 calamitatis
643 2253 951 2322 magnitudo
971 2257 1278 2323 commovit,
1308 2273 1537 2328 eumque
1552 2261 1639 2327 qui
1664 2261 1712 2315 in
1738 2271 1891 2331 portu

307 2341 637 2412 naufragium
667 2342 882 2410 fecerat,
919 2346 1139 2415 perinde
1165 2349 1317 2417 quasi
1346 2350 1521 2405 medio
1546 2352 1598 2405 in
1627 2353 1815 2423 pelago
1841 2353 1893 2409 id

308 2449 495 2503 passus
514 2447 684 2501 esset,
714 2437 940 2509 benigne
967 2454 1027 2493 ac
1051 2440 1338 2496 liberaliter
1360 2445 1569 2513 excepit
1595 2462 1606 2497 :
1631 2445 1891 2516 siquidem

306 2526 358 2579 in
382 2526 630 2595 paradiso
658 2528 864 2598 lapsum
894 2545 1033 2593 esse,
1060 2530 1111 2584 id
1142 2547 1271 2587 vero
1295 2543 1379 2587 est
1406 2534 1459 2588 in
1491 2542 1647 2604 portu
1675 2534 1892 2590 naufra-

303 2616 446 2686 gium
476 2618 683 2674 fecisse.
715 2620 849 2687 Quid
894 2622 1004 2675 ita?
1031 2622 1164 2689 Quia
1206 2638 1327 2677 cum
1372 2626 1607 2680 nondum
1637 2627 1848 2682 tristitia
1874 2669 1889 2693 ,

307 2709 541 2763 nondum
569 2711 902 2778 sollicitudo,
942 2729 1041 2768 nec
1067 2715 1310 2783 labores,
1341 2732 1443 2772 nec
1474 2734 1726 2774 mrumnte
1745 2761 1761 2785 ,
1793 2736 1893 2776 nec

306 2801 570 2857 innumeri
596 2805 786 2859 fluctus
809 2806 1086 2861 libidinum
1114 2807 1170 2862 in
1201 2818 1442 2864 naturam
1471 2819 1707 2867 nostram
1738 2813 1893 2867 saevi-

305 2901 459 2956 rent,
491 2895 861 2963 supplantatus
892 2908 1057 2953 estet
1085 2900 1304 2955 corruit.
1348 2902 1417 2956 Et
1444 2904 1891 2973 quemadmodum

304 2984 393 3053 qui
422 2985 474 3037 in
506 2986 639 3040 mari
668 2987 918 3057 navigant
958 2990 1186 3045 malefici
1216 2992 1459 3047 homines
1481 3036 1496 3059 ,
1528 2995 1722 3063 exiguo
1750 2996 1892 3051 ferro

306 3077 483 3131 navim
512 3093 655 3147 saepe
686 3080 1047 3149 perforantes,
1075 3090 1243 3137 totum
1275 3100 1421 3140 mare
1452 3087 1502 3140 in
1528 3087 1794 3157 navigium
1824 3088 1892 3144 ab

310 3165 547 3222 infcriori
594 3180 744 3237 parte
796 3171 1088 3227 immittunt
1132 3191 1145 3227 :
1187 3176 1265 3229 sic
1315 3176 1569 3232 nimirum
1622 3187 1678 3233 et
1716 3180 1889 3233 navim

307 3261 497 3315 Adami
527 3277 646 3316 cum
678 3264 881 3319 videret
906 3266 1173 3332 diabolus,
1206 3268 1309 3324 hoc
1336 3278 1420 3325 est
1445 3271 1678 3325 animam
1711 3272 1891 3327 multis

306 3355 555 3411 refertam
586 3359 774 3427 bonis,
818 3362 1077 3417 accedens
1117 3372 1384 3431 tamquam
1426 3362 1632 3417 minuto
1660 3364 1891 3432 quodam

304 3444 444 3500 ferro
486 3449 711 3518 simplici
742 3467 871 3507 voce
916 3453 1240 3523 perforavit,
1280 3462 1335 3509 et
1376 3468 1563 3509 omnes
1601 3453 1719 3523 ejus
1760 3470 1892 3525 opes

304 3538 584 3605 exhausit,
620 3542 892 3614 ipsamque
919 3546 1162 3617 cymbam
1191 3547 1498 3602 submersit.
1540 3549 1610 3601 At
1639 3547 1779 3602 Deus
1807 3548 1891 3602 ef-

304 3628 429 3685 fecit
448 3674 463 3697 ,
492 3640 552 3686 ut
591 3633 795 3690 lucrum
834 3636 1032 3692 damno
1056 3638 1228 3707 majus
1254 3648 1431 3704 esset,
1464 3648 1519 3694 et
1545 3641 1611 3694 ad
1639 3641 1889 3695 thronum

305 3724 507 3792 regium
558 3734 799 3780 naturam
853 3738 1086 3785 nostram
1128 3731 1338 3785 extulit.
1382 3731 1644 3799 Quocirca
1695 3733 1890 3787 Paulus

300 3816 461 3869 etiam
489 3817 684 3872 clamat
707 3818 893 3875 dicens
922 3839 934 3873 :
965 3820 1406 3888 Conresuscitavit,
1434 3833 1481 3878 ct
1500 3825 1771 3879 consedere
1798 3842 1889 3880 nos

308 3907 425 3975 fecit
452 3908 504 3962 in
544 3908 751 3964 dextera
776 3928 869 3966 sua
907 3913 958 3966 in
985 3915 1261 3968 cwfestibus
1284 3956 1298 3977 ,
1329 3926 1383 3968 ut
1411 3915 1691 3973 ostenderet
1716 3917 1768 3970 in
1794 3932 1890 3971 str-

303 4000 430 4052 culis
450 4002 906 4069 supervenientibus
931 4004 1246 4059 abundantes
1271 4006 1470 4059 divitias
1492 4007 1670 4075 gratia:
1688 4023 1811 4070 sate,
1836 4008 1889 4060 in

300 4091 524 4146 bonitate
550 4110 699 4161 super
724 4112 816 4149 nos
842 4094 1068 4168 (Ephes.
1097 4096 1151 4150 ἓ.
1181 4097 1232 4151 6.
1261 4095 1345 4167 7).
1374 4096 1507 4164 Quid
1535 4097 1776 4164 ais?jam
1802 4113 1889 4153 res

299 4182 480 4235 evenit
504 4192 558 4237 et
584 4184 741 4239 finem
773 4185 951 4252 habet,
980 4197 1034 4242 et
1058 4187 1191 4242 dicis
1218 4205 1231 4241 :
1260 4186 1327 4243 Ut
1355 4189 1632 4241 ostenderet
1658 4189 1711 4240 in
1731 4204 1890 4241 saecu-

298 4271 363 4325 lis
401 4276 898 4343 supervenientibus?
925 4293 1100 4333 annon
1138 4280 1280 4334 enim
1321 4279 1595 4333 ostendit?
1618 4278 1735 4334 lam
1766 4279 1887 4348 qui-

297 4361 422 4416 dem
449 4365 720 4431 ostendit,
751 4368 844 4423 sed
877 4383 980 4422 non
1013 4371 1259 4425 omnibus
1298 4371 1599 4425 hominibus
1620 4411 1635 4436 ,
1664 4378 1719 4423 at
1757 4370 1888 4424 mihi

299 4455 391 4523 qui
421 4469 538 4509 sum
569 4456 742 4513 fidelis
782 4476 797 4513 :
838 4460 1065 4515 infidelis
1102 4472 1277 4516 autem
1308 4461 1621 4516 miraculum
1652 4460 1887 4515 nondum

299 4545 456 4600 vidit.
488 4547 621 4602 Tum
646 4565 775 4607 vero
804 4550 894 4605 illo
917 4550 1004 4605 die
1031 4560 1213 4607 natura
1242 4553 1417 4607 omnis
1443 4552 1673 4619 humana
1696 4552 1749 4607 in
1775 4567 1889 4607 me-

299 4639 449 4695 dium
479 4656 775 4711 progressa,
805 4643 945 4713 quod
969 4644 1059 4699 fiet
1085 4644 1449 4712 admirabitur,
1475 4646 1740 4715 praecipue
1759 4660 1888 4700 vero

301 4731 457 4787 nobis
476 4732 635 4787 etiam
660 4742 769 4787 tum
795 4733 1125 4790 manifestius
1149 4737 1270 4790 erit.
1299 4735 1414 4791 Jam
1435 4737 1576 4791 enim
1596 4736 1885 4801 credimus,

297 4822 396 4879 sed
419 4838 526 4878 non
544 4839 612 4878 ex
635 4840 787 4895 sequo
808 4826 1118 4881 miraculum
1141 4828 1388 4896 exprimit
1407 4828 1619 4883 auditus
1637 4837 1691 4883 et
1706 4830 1883 4883 visus:

298 4915 394 4969 sed
427 4917 876 4985 quemadmodum
905 4918 959 4973 in
982 4920 1194 4990 regibus
1222 4919 1347 4974 dum
1376 4937 1659 4991 purpuram
1691 4931 1745 4977 et
1768 4921 1887 4977 dia-

299 5006 461 5059 dema
503 5015 556 5061 et
592 5022 780 5062 aureas
806 5018 980 5065 vestes
1016 5011 1315 5081 soliumque
1354 5012 1561 5083 regium
1601 5012 1846 5067 audimus
1868 5053 1884 5076 ,

299 5097 632 5152 admiramur
651 5099 887 5169 quidem,
909 5111 963 5155 at
986 5101 1153 5157 multo
1178 5103 1402 5171 amplius
1425 5103 1474 5157 id
1496 5103 1651 5158 nobis
1672 5103 1883 5168 accidit,

296 5202 423 5242 eum
452 5190 740 5244 contractis
768 5192 950 5246 aulaeis
976 5192 1145 5262 ipsqu
1188 5194 1238 5247 in
1271 5193 1483 5248 sublimi
1513 5193 1886 5264 praesidentem

296 5278 571 5334 cernimus
592 5280 840 5335 tribunali
868 5298 882 5335 :
911 5282 987 5337 sic
1006 5292 1060 5337 et
1085 5284 1137 5337 in
1163 5282 1465 5353 Unigenito,
1494 5299 1612 5339 cum
1634 5282 1886 5338 caelorum

297 5370 593 5427 viderimus
615 5371 782 5428 anima
805 5381 1097 5439 contracta,
1128 5384 1183 5429 et
1200 5375 1399 5447 Regem
1428 5377 1735 5447 angelorum
1766 5376 1889 5431 inde

299 5464 717 5520 descendentem
744 5480 772 5520 a
796 5466 1098 5523 caelestibus
1127 5468 1314 5523 turmis
1334 5469 1605 5539 stipatum,
1629 5477 1737 5523 tum
1758 5484 1888 5523 vero

299 5556 475 5624 majus
507 5556 819 5613 miraculum
850 5559 1005 5615 nobis
1034 5559 1312 5614 oculorum
1340 5559 1636 5614 ministerio
1659 5574 1887 5630 appare-

300 5650 395 5703 bit.
424 5649 610 5720 Cogita
633 5668 861 5723 namque
886 5653 1041 5723 quale
1066 5652 1136 5709 sit
1161 5662 1404 5707 naturam
1430 5663 1665 5709 nostram
1688 5654 1887 5709 Cheru-

295 5741 440 5798 binis
462 5743 721 5796 invectam
746 5744 957 5813 intueri,
979 5754 1254 5818 totumque
1277 5743 1569 5818 angelicum
1591 5746 1888 5802 exercitum

298 5832 373 5887 illi
403 5832 803 5887 circumfusum.

1069 374 1430 458 nienonss
1468 401 1604 458 non
1640 399 2063 459 GUBERNARE
2102 402 2412 461 nonnon.
2458 406 2686 463 HOMlL.
2725 408 2764 462 l.

3483 418 3587 475 ‘ZlS

2073 515 2125 569 5.
2168 514 2318 570 Pauli
2347 532 2475 572 vero
2511 520 2823 591 sapientiam
2862 536 3074 594 quoque
3113 526 3241 582 mihi
3269 532 3549 587 considera
3571 575 3587 599 ,

1997 620 2156 674 quam
2188 607 2354 662 multa
2386 610 2600 664 nomina
2630 613 2944 682 conquirat,
2976 624 3034 670 ut
3059 616 3292 674 divinam
3322 628 3588 692 exprimat

1990 694 2398 766 benignitatem.
2444 699 2558 754 Non
2603 704 2746 756 enim
2794 703 2927 759 dixit
2973 706 3287 777 simpliciter
3315 715 3587 781 gratiam,

1997 803 2172 858 neque
2199 790 2513 860 simpliciter
2540 793 2751 849 divitias
2775 839 2789 860 ,
2819 796 2913 851 sed
2956 799 3118 868 quid?
3147 801 3470 860 Mundantes
3502 807 3585 859 di-

1996 883 2143 936 vitias
2169 885 2346 953 gratia
2370 885 2422 939 in
2454 886 2673 940 bonitate
2714 887 2941 958 (Ep/tes.
2970 889 3026 945 2.
3056 892 3140 962 7).
3172 893 3275 949 Sed
3301 912 3473 968 neque
3507 899 3587 952 sic

1999 986 2176 1030 tamen
2206 978 2505 1046 exprimere
2544 979 2732 1048 potuit.
2770 980 2834 1036 Et
2876 984 3322 1051 quemadmodum
3353 988 3501 1043 laevia
3532 1000 3587 1044 et

1996 1067 2199 1123 lubrica
2236 1083 2460 1139 corpora
2492 1070 2615 1126 licet
2655 1072 2949 1128 innumeris
2986 1076 3229 1131 manibus
3266 1086 3584 1148 teneantur,

1998 1158 2154 1213 nobis
2174 1159 2455 1215 elabuntur
2473 1170 2527 1216 et
2552 1162 2704 1217 facile
2732 1164 2988 1233 effugiunt
3011 1183 3025 1219 :
3050 1168 3127 1223 sic
3146 1179 3199 1223 et
3225 1170 3318 1225 Dei
3342 1173 3585 1242 benigni-

1997 1260 2159 1308 tatem
2190 1255 2631 1325 quantiscumque
2660 1256 2963 1313 nominibus
2990 1260 3273 1330 complecti
3305 1278 3581 1331 conemur,

1997 1356 2067 1398 ne
2091 1343 2169 1399 sic
2196 1345 2411 1416 quidem
2440 1332 2894 1416 comprehendere
2924 1366 3205 1419 possumus
3223 1395 3237 1419 ,
3272 1354 3362 1409 sed
3389 1357 3583 1411 verbo-

1999 1450 2116 1489 rum
2142 1445 2441 1489 nostrorum
2471 1436 2885 1493 imbecillitatem
2913 1440 2931 1472 ¹
2953 1442 3069 1509 ejus
3097 1444 3403 1513 magnitudo
3426 1445 3584 1516 longo

1998 1535 2216 1596 superat
2245 1527 2543 1582 intervallo.
2574 1529 2724 1597 Quod
2756 1546 2875 1585 cum
2903 1543 3154 1604 expertus
3179 1546 3320 1590 esset
3347 1536 3544 1593 Paulus
3563 1579 3584 1607 ,

1997 1627 2051 1673 et
2099 1620 2264 1689 ipsius
2312 1621 2673 1689 magnitudine
2717 1623 2998 1679 verborum
3049 1626 3155 1681 vim
3203 1637 3448 1684 cerneret
3490 1645 3583 1685 su-

1996 1710 2174 1779 perari
2200 1752 2214 1777 ,
2246 1726 2354 1766 uno
2395 1712 2604 1782 prolato
2633 1714 2795 1768 verbo
2839 1714 3104 1772 discessit.
3135 1717 3414 1785 Quodnam
3456 1720 3583 1777 illud

1998 1812 2081 1858 est
2111 1803 2362 1859 tandem?
2396 1803 2575 1858 Gratia
2599 1816 2766 1860 autem
2791 1805 2901 1861 Deo
2917 1824 3069 1879 super
3097 1809 3427 1866 inenarrabili
3453 1812 3586 1865 dono

1997 1898 2108 1967 ejus
2133 1897 2221 1968 (2.
2252 1897 2370 1952 Cor.
2398 1897 2451 1953 9.
2482 1898 2601 1969 l5).
2632 1898 2813 1970 Neque
2837 1901 2977 1955 enim
3011 1916 3189 1956 sermo
3215 1902 3356 1958 ullus
3375 1945 3388 1966 ,
3414 1919 3584 1974 neque

1998 2004 2152 2045 mens
2168 1990 2270 2045 ulla
2290 1991 2378 2046 Dei
2398 1992 2779 2061 providentiam
2798 1994 2991 2062 poterit
3005 1994 3583 2066 exprimere.Propter-

2003 2096 2065 2137 ea
2092 2081 2177 2136 hic
2200 2082 2413 2152 quidem
2429 2082 2838 2139 inenarrabilem
2860 2083 3001 2139 illam
3018 2086 3093 2139 ait
3111 2100 3252 2153 esse,
3272 2086 3394 2140 alibi
3408 2074 3583 2141 autem

1997 2182 2051 2227 et
2071 2184 2302 2227 mentem
2332 2184 2567 2228 nostram
2597 2175 3038 2244 exsuperare,sic
3062 2176 3244 2230 dicens
3274 2194 3286 2230 :
3318 2176 3434 2231 Pax
3459 2177 3580 2243 Dei,

1996 2280 2109 2334 qua:
2136 2276 2403 2330 exsuperat
2441 2283 2637 2321 omnem
2664 2277 2876 2322 mentem
2894 2310 2907 2333 ,
2941 2270 3185 2324 custodiet
3222 2272 3377 2325 corda
3397 2282 3579 2327 vestra.

1999 2358 2183 2430 (ma.
2212 2361 2266 2417 4.
2300 2360 2387 2432 7).

2068 2472 2207 2528 Deus
2227 2492 2325 2528 non
2342 2492 2455 2529 cum
2479 2476 2565 2529 dat
2586 2475 2754 2541 modo,
2772 2476 2861 2530 sed
2884 2477 3034 2529 etiam
3061 2493 3173 2530 cum
3194 2480 3380 2549 aufert,
3405 2478 3582 2533 bonus.

1995 2594 2066 2605 —
2086 2564 2189 2620 Sed
2214 2567 2354 2636 quod
2377 2566 2640 2633 dicebam,
2659 2567 2764 2622 duo
2784 2566 2995 2638 quidem
3020 2567 3273 2623 hactenus
3289 2567 3582 2624 defensioni

1997 2658 2195 2725 reperti
2222 2668 2344 2712 sunt
2390 2658 2534 2712 modi
2564 2676 2577 2712 :
2608 2674 2747 2713 unus
2771 2700 2784 2725 ,
2816 2659 2957 2729 quod
3001 2675 3107 2714 non
3154 2660 3291 2715 Deus
3326 2660 3580 2730 ejecerit,

1996 2748 2090 2804 sed
2132 2764 2229 2804 nos
2270 2750 2605 2805 amiserimus
2648 2770 2660 2804 :
2705 2752 3003 2817 secundus,
3047 2751 3188 2822 quod
3235 2752 3383 2821 plura
3423 2769 3581 2823 quam

1997 2844 2207 2899 fuerant
2226 2859 2255 2898 a
2277 2844 2431 2899 nobis
2458 2845 2674 2910 amissa,
2701 2845 2752 2898 in
2784 2859 2881 2899 nos
2907 2845 3097 2898 collata
3124 2844 3231 2899 sint
3260 2846 3397 2899 bona
3423 2862 3437 2899 :
3461 2846 3581 2899 volo

1997 2947 2173 2991 autem
2204 2946 2258 2990 et
2287 2936 2499 2990 tertium
2526 2935 2727 2990 dicere.
2756 2934 2885 3001 Quis
2912 2951 3039 3005 ergo
3061 2938 3245 2991 tertius
3274 2937 3400 2992 est?
3428 2934 3580 3004 Quod

1997 3029 2245 3082 nimirum
2273 3028 2477 3081 etiamsi
2506 3027 2707 3097 majora
2736 3042 2893 3096 quam
2923 3026 3131 3080 fuerant
3154 3028 3370 3093 amissa,
3401 3039 3581 3097 postea

1997 3136 2101 3174 non
2134 3120 2390 3183 dedisset,
2424 3120 2517 3174 sed
2550 3135 2666 3189 quze
2692 3118 2815 3172 data
2842 3116 3073 3184 fuerant,
3105 3126 3307 3173 tantum
3335 3121 3582 3174 abstulis-

1996 3222 2097 3278 set,
2120 3227 2239 3267 cum
2264 3226 2360 3265 nos
2381 3227 2594 3265 causam
2616 3211 2945 3265 dedissemus
2968 3209 3102 3275 (hoc
3122 3212 3261 3265 enim
3284 3210 3539 3280 addatur)
3564 3228 3577 3264 :

1996 3302 2098 3357 hoc
2124 3318 2333 3372 quoque
2362 3302 2657 3358 suffecisset
2689 3318 2847 3355 unum
2891 3301 2956 3356 ad
2996 3302 3161 3372 ipsius
3195 3301 3577 3372 providentiam

1996 3405 2049 3449 et
2078 3410 2259 3449 curam
2288 3409 2414 3465 erga
2458 3410 2553 3448 nos
2593 3393 2998 3449 ostendendam.
3041 3393 3222 3464 Neque
3267 3395 3409 3449 enim
3440 3395 3578 3464 quod

1995 3489 2085 3544 det
2113 3499 2312 3543 tantum
2335 3531 2349 3555 ,
2373 3487 2468 3543 sed
2506 3488 2664 3543 etiam
2697 3486 2835 3557 quod
2876 3503 2993 3556 qua:
3031 3487 3151 3540 data
3189 3498 3314 3544 sunt
3339 3488 3577 3552 auferat,

1997 3583 2242 3637 maxima:
2268 3581 2535 3652 specimen
2566 3596 2673 3649 pra:
2698 3594 2756 3633 se
2783 3578 2884 3633 fert
2909 3579 3269 3647 benignitatis.
3298 3580 3372 3633 Ac
3399 3579 3441 3633 si
3469 3578 3581 3647 pla-

1996 3682 2113 3737 cet,
2145 3688 2209 3726 ex
2250 3686 2497 3726 sermone
2526 3670 2591 3725 de
2620 3669 2863 3739 paradiso
2909 3668 2958 3723 id
2989 3669 3271 3723 ostendere
3306 3669 3582 3740 aggredia-

1996 3780 2136 3818 mur.
2161 3762 2470 3817 Paradisum
2497 3760 2738 3827 dederat,
2772 3760 2872 3814 hoc
2902 3760 3068 3829 ipsius
3096 3775 3236 3814 curm
3267 3758 3366 3813 fuit
3394 3780 3406 3811 ε
3440 3759 3578 3813 iudi-

1995 3857 2082 3928 gni
2108 3856 2210 3911 hoc
2240 3870 2460 3910 munere
2486 3855 2586 3908 visi
2615 3868 2819 3919 sumus,
2848 3853 2951 3908 hoc
2978 3863 3172 3907 nostra:
3200 3853 3295 3906 fuit
3321 3852 3578 3922 improbi-

1996 3949 2117 4004 tatis
2147 3964 2158 4000 :
2187 3947 2409 4003 abstulit
2452 3961 2646 4001 munus
2694 3946 2795 3999 illis
2818 3986 2833 4011 ,
2865 3946 2953 4014 qui
3005 3945 3201 4013 indigni
3250 3953 3529 3999 evaserant
3562 3960 3574 3996 :

1997 4039 2097 4094 hoc
2138 4038 2305 4109 ipsius
2344 4038 2566 4092 bonitati
2608 4035 2947 4092 tribuendum
2991 4044 3090 4090 est.
3125 4035 3188 4088 Et
3217 4051 3333 4103 qua!
3364 4033 3575 4088 tandem

1998 4133 2109 4187 hare
2139 4133 2349 4187 bonitas
2369 4142 2452 4186 est
2476 4147 2590 4186 rem
2618 4130 2793 4184 datam
2821 4129 3074 4183 auferre?
3103 4128 3441 4194 Exspecta,et
3464 4143 3580 4181 om-

1997 4224 2123 4277 nino
2147 4221 2352 4277 audies.
2379 4221 2565 4290 Cogita
2593 4235 2820 4288 namque
2843 4220 2960 4288 quis
2990 4217 3196 4271 futurus
3220 4216 3403 4270 fuisset
3424 4216 3574 4282 Cain,

1994 4314 2037 4368 si
2079 4321 2201 4384 post
2244 4311 2588 4366 homicidium
2634 4312 2685 4363 in
2725 4309 2970 4380 paradiso
3012 4307 3313 4361 mansisset.
3340 4305 3395 4361 Si
3434 4306 3575 4360 enim

1993 4419 2114 4460 cum
2144 4404 2210 4459 ab
2241 4404 2326 4457 illa
2373 4401 2699 4456 habitatione
2739 4400 3061 4464 excidisset,
3097 4400 3140 4451 si
3168 4398 3233 4452 ad
3269 4398 3501 4453 laborem
3523 4409 3576 4455 ct

1994 4513 2257 4553 aerumnas
2280 4497 2562 4551 damnatus
2582 4502 2635 4548 et
2662 4494 2847 4548 mortis
2872 4495 3043 4547 minas
3063 4493 3273 4547 intuens
3296 4492 3580 4548 imminen-

1997 4602 2097 4658 tes,
2129 4591 2172 4645 si
2199 4606 2317 4645 cum
2343 4596 2466 4643 ante
2494 4586 2681 4642 oculos
2706 4585 2932 4657 positam
2962 4584 3196 4652 parentis
3221 4584 3576 4639 calamitatem

1997 4683 2216 4738 haberet
2238 4689 2291 4735 et
2319 4680 2525 4749 objecta
2559 4677 2782 4746 pedibus
2818 4675 2928 4729 suis
2962 4675 3055 4728 irae
3086 4675 3174 4727 Dei
3207 4674 3425 4744 vestigia
3460 4688 3577 4727 αντη

1997 4787 2168 4844 ueret,
2206 4791 2269 4829 ac
2306 4775 2464 4828 tantis
2495 4772 2648 4825 malis
2674 4771 3060 4837 circumseptus
3084 4776 3261 4828 esset.
3294 4768 3345 4821 in
3378 4776 3575 4821 tantam

1994 4868 2168 4937 erupit
2196 4864 2588 4935 improbitatem
2615 4904 2628 4924 ,
2663 4870 2721 4915 ut
2749 4874 2989 4913 naturam
3023 4860 3307 4927 ignoraret,
3332 4872 3577 4911 commu-

1995 4958 2168 5012 nionis
2196 4967 2378 5026 partus
2407 4954 2830 5016 oblivisceretur,
2863 4965 3006 5016 eum,
3034 4964 3062 5001 a
3094 4963 3199 5018 quo
3228 4949 3373 5003 nulla
3408 4947 3577 5003 fuerat

1993 5047 2215 5103 affectus
2241 5046 2449 5115 injuria,
2480 5052 2713 5108 necaret,
2748 5041 3032 5095 fraternum
3065 5039 3374 5109 sanguinem
3401 5039 3580 5092 funde-

1996 5150 2113 5208 ret,
2141 5140 2413 5195 dexteram
2442 5143 2766 5199 cruentaret,
2792 5147 3019 5200 cumque
3046 5131 3186 5186 Deus
3214 5130 3360 5183 illum
3388 5129 3578 5185 admo-

1995 5239 2150 5287 neret
2199 5238 2257 5283 ut
2301 5229 2619 5299 quiesceret,
2668 5239 2772 5279 non
2820 5230 3064 5293 pareret,
3106 5220 3197 5275 sed
3246 5220 3577 5275 conditorem

1994 5339 2147 5380 suum
2178 5322 2371 5391 probro
2401 5318 2674 5385 afficeret,
2705 5316 3009 5387 parentibus
3037 5314 3378 5384 ignominiam
3412 5312 3576 5367 infer-

1995 5424 2076 5470 ret
2098 5455 2113 5479 ,
2142 5412 2231 5467 hic
2267 5411 2312 5465 si
2355 5411 2408 5466 in
2452 5410 2699 5481 paradiso
2726 5419 2968 5463 versatus
3007 5405 3228 5471 fuisset,
3258 5404 3497 5475 expende
3526 5406 3575 5459 in

1994 5513 2243 5575 quantam
2276 5503 2566 5574 nequitiam
2614 5501 2955 5571 prorupisset.
2995 5498 3126 5553 Nam
3173 5499 3217 5552 si
3261 5508 3367 5552 tam
3400 5498 3575 5551 multis

1995 5598 2155 5653 frenis
2181 5595 2423 5666 injectis,
2453 5602 2528 5649 tot
2557 5593 2743 5648 letales
2771 5590 2936 5648 saltus
2960 5589 3142 5657 dedit,
3171 5588 3215 5645 si
3244 5588 3436 5645 sublati
3457 5586 3581 5643 obi-

2057 5818 2075 5848 ³
2110 5821 2237 5865 tinus
2259 5814 2410 5874 Cultu,
2433 5814 2636 5878 capiam.
