4046 6396
442 357 554 418 949

445 488 539 530 cies
566 473 651 531 isti
694 473 959 545 fuissent,
997 491 1103 548 quo
1138 494 1243 533 non
1272 480 1506 548 seipsum
1535 479 1859 549 praecipitem
1883 477 2027 549 egis-

444 567 582 620 set?

521 654 644 710 Eva:
672 658 864 730 profuit
888 668 1029 712 extra
1059 658 1354 728 paradisum
1381 659 1630 728 fuisse.—
1655 658 1745 713 Vis
1773 659 1932 714 etiam
1962 672 2030 712 ex

446 748 632 803 matris
664 748 1090 820 liujusaxemplo
1113 750 1342 816 discere,
1364 761 1617 821 quantum
1642 752 1837 806 bonum
1863 750 2030 805 exsti-

446 843 569 893 terit
598 856 627 894 a
656 842 883 912 paradisi
912 842 1235 899 habitatione
1254 843 1554 899 excidisse?
1581 844 1831 899 Scrutare
1857 842 2032 913 qualis

442 943 601 987 antea
645 943 789 989 esset
826 934 978 1001 Eva,
1026 944 1082 991 et
1130 935 1303 1005 qualis
1342 945 1525 1006 postea
1568 936 1820 991 evaserit.
1860 938 2031 990 Antea

441 1023 657 1093 quidem
700 1025 1041 1097 deceptorem
1082 1027 1373 1094 diabolum,
1420 1028 1708 1099 malignum
1753 1025 2032 1083 illumdas-

442 1130 656 1171 monem
706 1117 810 1173 fide
855 1118 1149 1189 digniorem
1198 1120 1290 1176 Dei
1332 1120 1593 1176 mandatis
1610 1119 1951 1185 existimavit,
1977 1127 2034 1175 et

440 1208 559 1263 solo
605 1210 811 1266 arboris
849 1222 1067 1281 aSpectu
1091 1213 1264 1269 illecta
1308 1215 1464 1268 latam
1494 1215 1562 1269 ab
1590 1215 1684 1269 illo
1713 1214 1883 1283 legem
1911 1213 2029 1268 vio-

443 1298 575 1355 lavit
614 1316 629 1366 ;
672 1312 952 1373 postquam
996 1312 1174 1359 autem
1221 1305 1418 1360 exc’idit
1447 1304 1713 1375 paradiso,
1742 1319 1849 1375 quo
1875 1312 2031 1375 pacto

442 1395 635 1450 melior
674 1411 738 1450 ac
783 1397 1075 1453 modestior
1102 1398 1172 1453 sit
1214 1399 1368 1465 facta,
1398 1398 1698 1454 considera.
1727 1398 1860 1452 Cum
1887 1397 2030 1452 enim

439 1483 605 1539 ﬁlium
655 1495 798 1541 esset
853 1487 1039 1553 enixa,
1094 1488 1345 1556 Possedi,
1400 1489 1588 1560 inquit,
1643 1490 1892 1543 hominem
1942 1505 2031 1558 per

440 1574 611 1632 Deum
653 1578 808 1647 (Gen.
839 1581 895 1635 4.
927 1582 1004 1651 1).
1036 1582 1115 1636 Ad
1150 1583 1431 1637 Dominum
1470 1582 1753 1637 confestim
1795 1583 2031 1653 confugit

437 1681 522 1733 ea,
552 1684 674 1740 quae
705 1670 984 1725 Dominqu
1027 1684 1152 1727 ante
1187 1682 1603 1743 contempserat,
1636 1688 1805 1743 neque
1826 1683 2029 1728 natura:

437 1771 552 1812 rem
581 1760 856 1828 adscribit,
898 1777 1070 1833 neque
1110 1765 1433 1819 matrimonii
1472 1764 1674 1835 legibus
1705 1775 1911 1835 partum
1941 1779 2029 1820 ac-

435 1861 649 1921 ceptum
694 1852 822 1919 fert;
861 1855 953 1911 sed
1005 1867 1205 1912 natura:
1249 1860 1527 1913 Dominum
1576 1859 1832 1929 agnoscit,
1870 1861 2029 1930 eique

437 1954 565 1999 nato
586 1945 694 2013 jam
727 1946 832 2002 filio
862 1950 1058 2019 gratias
1084 1951 1226 2021 agit:
1251 1968 1475 2023 qumque
1503 1954 1749 2007 maritum
1779 1962 1933 2008 antea
1969 1953 2025 2008 in

439 2032 679 2090 fraudem
709 2036 967 2104 illexerat,
992 2040 1156 2095 lilium
1179 2042 1340 2096 etiam
1367 2042 1615 2108 erudivit,
1644 2043 1800 2115 eique
1828 2058 2025 2101 nomen

436 2126 707 2198 imposuit,
758 2146 788 2184 a
836 2148 941 2202 quo
979 2132 1047 2187 de
1086 2132 1179 2188 Dei
1223 2149 1443 2189 munere
1490 2146 1669 2205 posset
1710 2136 2025 2194 admoneri:

434 2234 660 2291 cumque
711 2223 939 2278 alterum
990 2241 1178 2281 rursus
1227 2228 1543 2297 peperisset,
1587 2230 1699 2283 ait:
1751 2230 2027 2286 Suscitavit

436 2313 561 2365 mihi
593 2312 728 2367 Deus
753 2332 918 2369 semen
947 2332 1039 2385 pro
1065 2318 1209 2383 Abel,
1242 2335 1389 2390 quem
1416 2320 1595 2373 occidit
1626 2319 1753 2375 Cain
1785 2321 1937 2391 (Gen.
1968 2323 2022 2378 4.

433 2403 549 2474 25).
596 2406 925 2461 Calamitatis
972 2409 1303 2475 recordatur,
1350 2426 1524 2481 neque
1550 2411 1650 2466 fert
1690 2413 2028 2484 impatienter

437 2496 647 2562 mulier,
675 2498 768 2552 sed
801 2499 990 2553 iterum
1020 2500 1128 2554 Deo
1154 2503 1349 2571 gratias
1374 2503 1498 2573 agit,
1523 2518 1586 2558 ac
1612 2505 1719 2558 lilio
1746 2520 1938 2561 nomen
1959 2522 2027 2561 ex

436 2602 660 2641 munere
702 2588 881 2643 divino
925 2590 1168 2660 imponit,
1217 2593 1373 2663 eique
1417 2603 1725 2665 perpetuam
1769 2596 2028 2653 doctrina:

434 2678 769 2734 occasionem
817 2681 1035 2749 praebet.
1080 2682 1176 2748 Ita,
1219 2682 1346 2738 dum
1394 2685 1554 2740 etiam
1598 2686 1838 2753 abstulit,
1883 2688 2027 2744 Deus

436 2769 639 2838 majora
666 2771 799 2824 bona
826 2772 1047 2842 largitus
1063 2782 1165 2828 est.
1191 2774 1445 2830 Paradiso
1469 2777 1667 2832 excidit
1688 2778 1898 2844 mulier,
1929 2779 2025 2835 sed

434 2859 501 2913 ad
537 2860 626 2914 Dei
649 2862 1001 2931 cognitionem
1030 2864 1128 2919 hac
1156 2864 1416 2935 ejectione
1440 2867 1667 2923 deducta
1694 2878 1811 2925 est:
1845 2871 2025 2941 itaque

436 2952 555 3021 plus
582 2954 804 3020 invenit,
841 2971 998 3026 quam
1042 2956 1292 3027 perdidit.
1328 2958 1478 3025 Quod
1507 2960 1551 3015 si
1582 2961 1711 3016 utile
1738 2970 1854 3016 erat
1877 2963 2025 3017 exci-

434 3044 566 3098 dere
614 3046 880 3114 paradiso,
928 3048 1080 3117 cnjus
1123 3050 1199 3103 rei
1240 3051 1408 3120 gratia
1438 3052 1739 3121 paradisum
1780 3055 1848 3109 ab
1873 3054 2027 3111 initio

436 3136 583 3192 dedit
601 3138 778 3194 Deus?
804 3139 1017 3196 Utiliter
1036 3141 1139 3197 hoc
1160 3141 1354 3198 factum
1376 3155 1479 3209 est,
1507 3145 1581 3200 mi
1604 3146 1785 3213 homo,
1809 3158 2027 3220 propter

436 3230 812 3300 negligentiam
853 3242 1088 3289 nostram
1130 3252 1144 3289 :
1197 3235 1374 3305 itaque
1404 3238 1450 3292 si
1484 3238 1586 3293 sibi
1630 3241 1897 3297 cavissent
1923 3242 2023 3310 illi,

434 3336 499 3376 sc
526 3322 806 3378 Dominum
826 3326 1246 3395 agnovissent,et
1271 3329 1433 3384 sobrii
1454 3328 1677 3386 fuissent
1698 3346 1759 3386 ac
1775 3333 2024 3403 modesti,

436 3418 858 3486 permansissent
881 3421 931 3474 in
954 3420 1185 3488 honore;
1217 3438 1337 3478 cum
1365 3434 1543 3480 autem
1560 3425 1742 3481 datum
1773 3428 1871 3483 sibi
1904 3445 2025 3484 mu-

437 3523 539 3563 nus
586 3508 874 3579 ignominia
919 3513 1242 3577 aﬂ'ecissent.
1288 3523 1414 3570 tunc
1456 3517 1587 3572 utile
1632 3518 1746 3577 fuit.
1780 3521 2026 3590 utejice-

437 3609 641 3654 rentur.
680 3601 788 3657 Cur
826 3602 983 3672 igitur
1029 3604 1159 3660 illud
1207 3606 1358 3662 initio
1398 3607 1545 3663 dedit
1579 3610 1752 3665 Deus?
1786 3612 1850 3668 Ut
1875 3627 2025 3669 suam

439 3692 746 3748 ostenderet
774 3693 1176 3765 benignitatem,
1206 3712 1371 3769 seque
1398 3710 1638 3770 paratum
1666 3718 1878 3773 semper
1905 3719 2026 3760 esse

439 3803 539 3842 nos
564 3788 629 3842 ad
670 3790 900 3857 majores
946 3790 1179 3847 honores
1222 3796 1547 3863 provehere;
1578 3811 1676 3852 nos
1710 3813 1838 3853 vero
1874 3799 2027 3855 nobis

438 3879 637 3952 ubique
680 3894 955 3949 poenarum
1000 3890 1054 3936 et
1092 3883 1467 3954 suppliciorum
1515 3896 1762 3943 auctores
1808 3904 2025 3956 sumus,

438 3972 566 4028 dum
614 3987 713 4027 nos
755 3973 900 4043 ipsos
948 3984 1129 4029 nostra
1177 3976 1419 4031 socordia
1468 3976 1657 4045 bonis,
1709 3995 1829 4049 qua:
1874 3980 2028 4035 nobis

442 4063 650 4118 fuerant
675 4078 951 4130 concessa,
980 4065 1268 4135 privamus.
1298 4066 1367 4123 Ut
1393 4068 1551 4139 igitur
1574 4069 1853 4140 indulgens
1878 4080 2030 4141 pater

442 4156 593 4211 initio
619 4156 829 4226 quidem
863 4158 1024 4211 filium
1054 4173 1208 4214 suum
1252 4159 1394 4213 domi
1439 4176 1657 4217 manere
1699 4162 1826 4216 sinit
1852 4171 1907 4218 et
1933 4178 2030 4232 pa-

443 4248 611 4302 ternis
649 4249 895 4303 omnibus
943 4249 1040 4303 frui
1084 4249 1268 4314 bonis;
1319 4259 1598 4321 postquam
1655 4260 1833 4307 autem
1879 4252 2028 4307 illum

441 4338 634 4394 viderit
660 4339 759 4394 hoc
786 4340 990 4395 honore
1016 4338 1179 4395 fuisse
1204 4341 1575 4411 depravatum,
1601 4350 1749 4397 arcet
1768 4358 1799 4397 a
1822 4358 2027 4410 mensa,

442 4446 507 4485 ac
530 4431 683 4501 longe
708 4446 738 4486 a
762 4443 1051 4503 conspectu
1077 4448 1176 4487 suo
1204 4433 1450 4496 collocat.
1474 4447 1844 4503 saepenumero
1868 4435 2028 4490 etiam

446 4536 514 4575 ex
544 4520 673 4591 ipsis
704 4524 938 4590 paternis
966 4522 1168 4578 aedibus
1192 4523 1355 4592 ejicit,
1389 4534 1445 4578 ut
1468 4523 1570 4578 illis
1596 4524 1830 4594 privatus
1854 4534 1909 4581 et
1929 4524 2030 4580 hac

443 4612 763 4667 contumelia
797 4621 850 4667 et
887 4612 1150 4669 dedecore
1189 4615 1378 4670 melior
1403 4614 1642 4682 effectus,
1670 4615 1885 4687 dignum
1903 4617 2029 4672 red-

447 4705 524 4760 itu
556 4704 786 4775 seipsum
810 4719 995 4759 rursus
1029 4705 1244 4772 efficiat,
1274 4722 1339 4760 ac
1385 4715 1658 4777 paternam
1709 4709 1886 4779 capiat
1912 4708 2023 4765 ba:-

446 4796 726 4852 reditatem
752 4816 767 4852 :
800 4796 871 4852 ita
894 4811 1103 4868 quoque
1130 4797 1256 4853 fecit
1288 4798 1448 4855 Deus.
1480 4799 1790 4855 Paradisum
1829 4800 2031 4857 homini

445 4887 596 4943 dedit
614 4906 627 4941 :
645 4902 767 4943 cum
792 4904 851 4945 se
880 4890 1150 4960 indignum
1178 4890 1519 4958 ostendisset,
1538 4892 1715 4961 ejecit,
1735 4902 1795 4948 ut
1813 4904 2031 4949 externa

448 4979 537 5034 illa
568 4978 896 5035 habitatione
940 4981 1333 5053 ignominiaque
1358 4982 1548 5039 melior
1572 4982 1790 5040 effectus
1824 5000 1887 5041 ac
1913 5001 2031 5041 meo

446 5069 688 5134 destior,
738 5069 928 5141 dignus
975 5070 1153 5126 reditu
1198 5082 1499 5142 appareret.
1550 5074 1811 5141 Quoniam
1872 5075 2033 5147 igitur

450 5169 634 5230 postea
662 5160 980 5230 resipuerat,
1004 5171 1217 5217 revocat
1246 5164 1391 5217 illum
1423 5179 1626 5230 rursus,
1655 5177 1709 5221 et
1731 5171 1838 5222 ait:
1867 5167 2035 5223 Hodie

446 5272 642 5313 mm
670 5256 843 5310 crisin
878 5256 1115 5326 paradiso
1140 5256 1386 5329 (Luc.25.
1416 5259 1529 5327 45).
1564 5260 1723 5315 Vides
1752 5277 1855 5316 non
1889 5261 2034 5332 quod

449 5348 658 5403 dederit
714 5348 1047 5418 paradisum,
1103 5348 1199 5404 sed
1250 5348 1392 5419 quod
1442 5350 1661 5420 ejecerit
1702 5366 1735 5407 e
1786 5353 2035 5422 paradiso

449 5440 695 5495 maxima:
728 5456 871 5495 ειη-ω
916 5441 1186 5510 Specimen
1234 5441 1538 5497 exstitisse?
1576 5443 1675 5497 nisi
1709 5444 1850 5498 enim
1882 5458 2035 5514 para-

448 5534 567 5590 diso
603 5535 909 5602 excidisset,
951 5534 1198 5605 paradiso
1247 5535 1439 5606 dignus
1483 5551 1667 5592 rursus
1717 5552 1823 5593 non
1866 5554 2031 5609 appa-

450 5626 665 5681 ruisset.

464 5780 465 5783 η
522 5718 576 5772 4.
619 5719 768 5773 Hunc
809 5720 970 5789 igitur
1009 5734 1312 5775 sermonem
1356 5731 1616 5792 perpetuo
1657 5724 1912 5777 memoria
1958 5732 2035 5778 te-

453 5825 697 5878 neamus,
742 5810 883 5865 hunc
928 5821 981 5866 et
1024 5812 1076 5865 in
1107 5825 1421 5883 argumento
1464 5814 1759 5883 proposito,
1789 5816 1832 5868 si
1864 5816 2028 5880 lubet,

1145 360 1204 420 S.
1242 362 1518 423 JOANNIS
1554 364 2034 423 CllRYSOSTOMl
2077 366 2390 424 ARCIIIEP.
2432 371 2970 431 CONSTANTINOP.

3606 365 3721 423 250

2143 480 2481 536 ventilemus.
2534 480 2882 537 Communem
2934 480 3181 536 omnibus
3243 478 3474 550 linguam
3526 478 3717 537 dedit:

2138 572 2239 628 hoc
2264 574 2379 642 ejus
2412 574 2507 627 fuit
2530 573 2891 644 benignitatis.
2937 572 3052 627 Non
3098 577 3178 627 usi
3224 582 3347 626 sunt
3390 573 3462 626 illi
3488 571 3629 625 dono
3657 579 3716 625 ut

2135 679 2270 733 opus
2294 665 2405 727 fuit,
2436 664 2531 719 sed
2557 664 2610 719 in
2636 674 2925 720 extremam
2950 662 3275 718 dementiam
3301 672 3426 717 sunt
3451 662 3713 731 prolapsi;

2135 757 2277 825 quod
2325 758 2507 812 datum
2557 758 2748 823 fuerat,
2795 772 2980 811 rursus
3022 755 3261 811 abstulit.
3308 754 3366 810 Si
3407 755 3549 810 enim
3573 752 3718 824 quod
3758 822 3769 829 ἢ

2134 863 2293 902 unam
2325 848 2556 917 linguam
2595 847 2874 915 haberent,
2906 847 2958 901 in
2986 856 3184 901 tantam
3223 846 3481 901 insaniam
3510 843 3718 900 incide-

2135 947 2283 1006 runt,
2315 948 2372 993 ut
2399 938 2586 994 turrim
2614 938 2682 993 ad
2700 938 2862 993 caelos
2889 953 3057 1007 usque
3082 938 3431 1007 pertinentem
3452 936 3719 991 :edificare

2134 1029 2366 1094 vellent,
2413 1028 2514 1082 nisi
2556 1028 2735 1083 statim
2785 1029 2951 1098 puniti
2998 1028 3259 1094 fuissent,
3314 1042 3492 1082 nonne
3542 1027 3715 1097 ipsum

2133 1140 2347 1195 quoque
2414 1125 2666 1179 caelorum
2732 1123 2997 1193 fastigium
3042 1138 3302 1192 occupare
3354 1119 3718 1193 cupivissent?

2133 1216 2279 1271 Licet
2324 1216 2464 1271 enim
2510 1216 2615 1270 illis
2658 1224 2797 1270 esset
2842 1213 3182 1285 impOssibile,
3236 1224 3411 1268 tamen
3463 1212 3507 1266 si
3551 1210 3717 1266 animi

2134 1314 2345 1377 spectes
2368 1307 2712 1377 propositum,
2744 1308 2921 1361 scelus
2954 1306 3080 1360 illud
3113 1305 3328 1375 impium
3359 1303 3711 1358 admiserunt.

2133 1396 2264 1465 Quae
2310 1398 2486 1452 omnia
2529 1413 2653 1453 cum
2715 1396 3044 1467 przevidisset
3084 1397 3245 1457 Deus,
3290 1392 3718 1465 quandoquidem

2134 1491 2325 1561 lingua:
2366 1490 2649 1547 concordia
2699 1506 2806 1545 non
2837 1498 2893 1545 ut
2935 1489 3168 1559 oportuit
3190 1488 3271 1544 usi
3298 1494 3468 1543 erant.
3495 1485 3721 1541 dissldio

2133 1584 2452 1656 linguarum,
2485 1594 2541 1638 ut
2567 1584 2821 1654 oportuit,
2855 1583 2974 1638 illos
2998 1582 3202 1637 dividit.
3225 1584 3304 1636 Ac
3323 1580 3451 1634 mihi
3476 1579 3717 1634 clemen-

2135 1678 2260 1731 tiam
2311 1678 2475 1746 ipsius
2506 1677 2662 1731 velim
2714 1675 3042 1730 consideres.
3073 1672 3224 1738 Ecce,
3276 1672 3467 1741 inquit,
3495 1687 3594 1726 nos:
3614 1685 3721 1724 una

2138 1768 2395 1829 omnibus.
2426 1777 2474 1821 et
2502 1768 2600 1821 hoc
2625 1766 2791 1835 facere
2816 1773 3067 1836 coeperunt
3091 1763 3240 1835 (Gen.
3274 1763 3361 1817 H.
3388 1760 3466 1833 6).

2202 1858 2302 1913 Cur
2350 1874 2450 1912 non
2488 1857 2728 1911 acciderit
2765 1856 2911 1911 citius
2934 1856 3112 1909 divisio
3141 1855 3524 1924 linguarum.—
3547 1848 3716 1917 Quam

2131 1950 2202 2006 ob
2228 1966 2442 2005 causam
2488 1966 2594 2005 non
2639 1950 2817 2005 statim
2845 1964 2911 2005 eo
2950 1948 3183 2013 devenit,
3207 1955 3266 2002 ut
3302 1946 3531 2015 linguam
3576 1944 3717 1999 divi-

2132 2044 2305 2109 deret,
2334 2043 2426 2098 sed
2458 2044 2606 2114 prius
2643 2058 2702 2097 se
2737 2049 2979 2106 excusat,
3012 2040 3164 2110 quasi
3189 2039 3241 2094 in
3272 2037 3472 2108 judicio
3499 2048 3714 2090 causam

2131 2137 2409 2193 dicturus:
2458 2136 2668 2191 tametsi
2698 2150 2855 2190 nemo
2887 2134 2960 2189 illi
2981 2133 3217 2189 dicturus
3247 2139 3331 2187 est
3362 2148 3376 2185 :
3402 2127 3543 2198 Quid
3580 2126 3715 2183 feci-

2132 2229 2200 2283 sti
2231 2228 2255 2283 ?
2279 2227 2371 2283 sed
2398 2227 2451 2282 in
2479 2236 2741 2297 potestate
2768 2226 2926 2279 situm
2957 2233 3039 2279 est
3068 2223 3254 2293 ipsius,
3284 2229 3343 2276 ut
3362 2230 3574 2283 cuncta,
3599 2233 3719 2289 qua:

2130 2318 2379 2384 voluerit,
2434 2316 2610 2372 faciat.
2656 2318 2906 2371 Attamen
2954 2314 3104 2385 quasi
3131 2312 3389 2367 rationem
3417 2309 3719 2365 redditurus

2131 2411 2203 2465 ita
2230 2410 2623 2465 excusationem
2644 2422 2707 2462 ac
2730 2405 3094 2462 defensionem
3126 2403 3373 2468 instituit,
3400 2410 3460 2457 ut
3495 2415 3594 2455 nos
3618 2400 3717 2455 do-

2130 2513 2251 2559 ceat
2275 2502 2656 2557 humanitatem
2701 2509 2757 2556 et
2796 2497 3134 2555 clementiam
3178 2509 3449 2551 exercere.
3499 2492 3633 2547 Nam
3669 2491 3718 2545 si

2132 2597 2389 2652 Dominus
2403 2596 2572 2651 servis
2598 2610 2657 2650 se
2678 2600 2898 2648 excusat
2915 2598 3075 2661 atque
3095 2589 3199 2644 illis
3217 2587 3307 2659 qui
3325 2586 3515 2657 injuria
3542 2585 3714 2654 ipsum

2130 2691 2456 2747 affecerant:
2488 2688 2657 2744 multo
2701 2687 2870 2758 magis
2916 2701 3016 2741 nos
3044 2693 3230 2741 mutuo
3257 2696 3513 2737 excusare
3554 2694 3716 2749 opor-

2131 2793 2225 2848 tet,
2277 2784 2401 2839 licet
2446 2782 2532 2837 vel
2566 2781 2796 2835 maxima
2842 2778 3100 2834 fuerimus
3147 2775 3336 2845 injuria
3376 2773 3507 2827 laesi.
3564 2770 3716 2833 Vide,

2129 2890 2332 2947 qumso,
2374 2888 2481 2944 quo
2528 2882 2682 2943 pacto
2706 2887 2766 2927 se
2799 2877 3015 2924 excuset
3044 2886 3059 2921 :
3092 2866 3220 2921 Ecce
3257 2865 3445 2920 fabium
3489 2878 3647 2916 unum
3673 2871 3720 2915 et

2129 2986 2231 3023 eoa:
2276 2986 2378 3022 una
2425 2967 2689 3031 omnibus,
2749 2964 2951 3040 inquit,
2998 2971 3046 3015 et
3096 2963 3192 3015 hoc
3249 2963 3413 3030 facere
3464 2963 3722 3023 coeperunt

2131 3060 2339 3131 (Ιὸίά.).
2378 3058 2537 3127 Quasi
2582 3058 2821 3113 diceret:
2851 3054 3019 3109 Nemo
3061 3051 3189 3107 mihi
3229 3050 3357 3104 vitio
3382 3055 3557 3102 vertat
3598 3045 3720 3113 ista,

2130 3168 2251 3207 cum
2273 3151 2494 3205 divisam
2520 3149 2751 3219 linguam
2776 3146 2986 3209 viderit,
3018 3157 3175 3198 nemo
3194 3140 3558 3196 diversitatem
3582 3136 3718 3191 hanc

2131 3244 2428 3314 linguarum
2458 3241 2526 3296 ab
2554 3239 2702 3294 initio
2746 3236 2908 3292 fuisse
2956 3236 3209 3290 insertam
3242 3229 3544 3286 hominibus
3579 3226 3721 3281 arbi-

2132 3345 2323 3392 tretur.
2355 3334 2489 3388 Ecce
2532 3332 2720 3387 fabium
2762 3344 2923 3383 unum
2963 3336 3009 3381 et
3055 3341 3152 3380 vos:
3191 3339 3293 3378 una
3321 3319 3591 3376 omnibus:
3627 3315 3718 3373 sed

2132 3443 2238 3484 non
2288 3427 2371 3481 usi
2413 3433 2539 3481 sunt
2582 3423 2746 3485 dono,
2788 3430 2847 3475 ut
2894 3418 3146 3489 oportuit.
3176 3418 3351 3486 Atque
3374 3423 3431 3468 ut
3458 3411 3719 3481 intelligas

2131 3536 2252 3577 eum
2283 3534 2389 3575 non
2416 3527 2521 3573 tam
2548 3515 2689 3587 quod
2716 3513 2914 3569 factum
2954 3511 3126 3567 fuerat
3149 3508 3357 3578 punire,
3388 3519 3548 3575 quam
3577 3499 3715 3573 quod

2131 3613 2362 3668 futurum
2407 3618 2523 3666 erat
2564 3607 2759 3680 praevia
2800 3604 3046 3660 cautione
3090 3600 3379 3669 corrigere,
3429 3594 3552 3649 audi
3592 3590 3716 3662 quid

2130 3705 2380 3775 adjungat
2408 3721 2420 3756 :
2453 3701 2521 3755 Et
2562 3715 2695 3754 nunc
2738 3713 2838 3752 non
2867 3694 3100 3764 deficient
3127 3690 3188 3745 ab
3230 3689 3334 3743 illis
3360 3687 3550 3752 omnia,
3576 3698 3717 3755 quc-

2132 3812 2341 3867 cumque
2366 3793 2533 3848 conati
2559 3791 2746 3863 fuerint
2780 3791 2943 3858 facere
2968 3784 3122 3857 (Gen.
3152 3784 3265 3850 ll).
3294 3780 3493 3836 Horum
3541 3786 3717 3867 autem

2131 3866 2415 3942 verborum
2458 3882 2574 3938 haec
2617 3890 2703 3937 est
2743 3878 3004 3935 sententia
3034 3893 3050 3932 :
3078 3874 3180 3929 nisi
3204 3873 3311 3943 jam
3337 3882 3521 3940 pinnas
3567 3866 3713 3929 dent,

2132 3988 2188 4034 et
2216 3978 2283 4031 ab
2310 3978 2423 4048 ipsa
2446 3981 2785 4045 peccatorum
2816 3969 2996 4025 radice
3022 3965 3377 4027 refrenentur,
3404 3959 3607 4015 nullum
3635 3956 3715 4010 fa—

2132 4070 2275 4125 cient
2304 4066 2463 4121 finem
2494 4064 2699 4119 scelera
2725 4058 3085 4132 perpetrandi.
3110 4055 3223 4111 Hoc
3241 4054 3383 4110 enim
3404 4050 3505 4107 sibi
3534 4048 3721 4103 volunt

2132 4161 2222 4215 illa
2269 4157 2473 4213 verba:
2510 4152 2631 4209 Non
2674 4153 2906 4222 deﬁcient
2929 4151 2992 4205 ab
3041 4148 3145 4202 illis
3170 4145 3359 4209 omnia,
3396 4155 3722 4213 quacumque

2132 4253 2298 4307 conati
2328 4250 2515 4321 fuerint
2554 4250 2738 4319 facere.
2766 4245 2926 4313 Quasi
2966 4243 3203 4298 diceret:
3232 4238 3349 4294 Alia
3372 4250 3581 4308 quoque
3608 4249 3722 4287 ma-

2130 4342 2246 4412 jora
2289 4340 2491 4396 scelera
2520 4337 2790 4407 adjicient.
2820 4335 2963 4390 Talis
2989 4332 3131 4389 enim
3159 4345 3245 4386 res
3284 4337 3368 4385 est
3405 4325 3604 4383 malitia
3632 4344 3647 4380 :
3677 4326 3725 4381 si

2133 4452 2251 4493 cum
2282 4435 2511 4507 primum
2554 4432 2761 4487 initium
2798 4428 3031 4495 duxerit,
3072 4440 3180 4481 non
3216 4424 3548 4486 cohibeatur,
3578 4429 3722 4476 tam-

2134 4543 2291 4597 quam
2324 4526 2458 4596 ignis
2499 4522 2646 4578 arida
2682 4522 2821 4591 ligna
2860 4518 3174 4588 corripiens,
3217 4516 3295 4570 sic
3327 4515 3379 4570 in
3405 4514 3722 4569 immensam

2136 4617 2364 4687 assurgit
2387 4614 2739 4670 altitudinem.
2769 4610 2932 4667 Vides
2970 4610 3072 4665 hoc
3112 4609 3283 4678 ipsum
3321 4619 3533 4676 quoque
3564 4602 3725 4658 beni-

2134 4708 2349 4779 gnitatis
2394 4704 2558 4761 fuisse
2600 4718 2707 4759 non
2753 4701 3060 4767 mediocris,
3105 4697 3247 4769 quod
3288 4697 3547 4751 unitatem
3572 4692 3727 4749 vocis

2135 4799 2449 4857 abstulerit?
2479 4796 2761 4853 Dissidium
2782 4794 2976 4865 quippe
3001 4793 3297 4863 linguarum
3318 4787 3537 4853 invexit,
3568 4799 3637 4841 ne
3670 4784 3727 4840 in

2138 4892 2394 4963 majorem
2416 4889 2810 4961 improbitatem
2838 4886 3160 4943 laberentur.
3191 4883 3344 4938 Hunc
3370 4880 3497 4936 mihi
3519 4892 3731 4934 sermo-

2136 4998 2260 5039 nem
2287 4982 2541 5037 memoria
2568 4988 2765 5046 tenete,
2794 4994 2894 5034 nec
2919 4990 3170 5047 umquam
3198 4973 3333 5030 elabi
3360 4987 3429 5028 ex
3456 4986 3518 5026 ea
3540 4969 3727 5035 sinite,

2138 5058 2305 5130 Deum
2351 5072 2600 5128 nimirum
2647 5086 2753 5126 non
2777 5068 2937 5124 modo
2971 5082 3091 5123 cum
3115 5065 3278 5121 afficit
3302 5061 3595 5124 beneficiis,
3628 5060 3727 5115 sed

2138 5167 2299 5225 etiam
2336 5180 2458 5221 cum
2504 5164 2673 5234 punit,
2715 5163 2911 5219 bonum
2939 5175 3059 5217 esse
3079 5175 3141 5214 ac
3170 5159 3474 5227 benignum.
3508 5153 3642 5209 Nam
3672 5160 3732 5207 et

2138 5251 2306 5330 ipsius
2332 5271 2504 5329 ptume
2530 5270 2595 5312 se
2621 5254 2878 5326 supplicia
2905 5251 3282 5310 beneficiorum
3309 5247 3426 5318 ejus
3450 5253 3574 5301 sum
3601 5258 3731 5315 pars

2140 5352 2388 5415 maxima,
2437 5359 2492 5405 et
2534 5348 2881 5421 providentiae
2905 5360 3074 5416 genus
3099 5344 3405 5398 maximum.
3436 5338 3570 5395 Cum
3596 5354 3732 5408 ergo

2140 5445 2355 5513 famem,
2387 5454 2583 5513 pestes,
2622 5442 2765 5499 aeris
2792 5441 3077 5503 siccitates,
3120 5436 3316 5492 imbres
3344 5433 3649 5494 continuos,
3675 5440 3732 5486 et

2141 5542 2284 5593 aeris
2319 5536 2731 5606 inaequalitates,
2770 5531 2853 5587 vel
2892 5529 3034 5585 aliud
3063 5529 3333 5599 quidpiam
3363 5524 3587 5587 videris,
3617 5538 3730 5593 quo

2138 5644 2305 5701 genus
2336 5628 2623 5682 humanum
2644 5626 2913 5696 puniatur,
2940 5638 3040 5679 nec
3064 5638 3205 5693 aegre
3242 5622 3403 5689 feras,
3433 5634 3608 5691 neque
3636 5618 3729 5672 inc

2139 5720 2396 5793 digneris,
2443 5719 2538 5775 sed
2583 5717 2742 5774 adora
2786 5732 2965 5773 rerum
2994 5716 3201 5771 illarum
3239 5722 3531 5777 auctorem,
3564 5719 3729 5779 atque

2146 5814 2291 5869 illum
2330 5827 2472 5869 cura:
2507 5826 2571 5867 ac
2612 5808 2981 5866 sollicitudinis
3024 5808 3239 5865 nomine
3265 5802 3596 5862 commenda.
3630 5802 3727 5858 llle
