4046 6396
334 372 440 425 249

334 491 430 544 καὶ
455 490 526 545 τά
557 490 738 562 τειχία
787 490 961 547 ταῦτα
991 493 1255 567 ἀνῄρητο,
1314 494 1420 550 ποῦ
1470 497 1569 553 οὐκ
1596 500 1681 563 ⁵ἄν
1716 502 1905 556 ἐαυτὸν

332 580 734 652 κατεκρήμνισε
754 599 769 646 ;
1062 642 1069 655 ,

402 668 589 722 Βούλει
622 671 716 723 καὶ
747 669 857 723 ἀπὸ
894 670 993 742 τῆς
1033 669 1226 724 τούτου
1260 671 1469 744 μητρὸς
1520 674 1744 743 μαθεῖν,
1783 676 1906 733 ὅσον

333 755 534 824 ἀγαθὸν
555 757 745 825 γέγονε
774 757 834 811 τὸ
863 759 962 829 τῆς
988 758 1082 812 τοῦ
1131 760 1461 830 παραδείσου
1510 761 1719 835 διαίτης
1744 765 1907 818 ἐκπε-

275 844 285 851 ”
333 847 484 909 σεῖν;
528 843 808 909 Ἐξέτασον
852 846 934 910 τίς
965 842 1097 918 ἧνή
1142 846 1256 900 Εὕα
1296 849 1402 921 πρὸ
1453 850 1664 916 τούτου,
1693 852 1793 908 καὶ
1823 852 1907 917 τίς

331 930 543 999 ἐγένετο
578 931 718 1001 μετὰ
754 932 946 987 ταῦτα.
987 934 1102 1005 Πρὸ
1133 933 1320 989 τούτου
1350 935 1449 1007 μὲν
1489 937 1581 990 τὸν
1616 938 1906 993 ἀπατεῶνα

330 1017 591 1082 διάϐολον,
613 1018 705 1071 τὸν
734 1020 967 1092 πονηρὸν
990 1021 1218 1093 δαίμονα
1238 1024 1443 1077 ἐκεῖνον
1469 1024 1905 1099 ἀξιοπιστότερον

332 1100 469 1158 εἶναι
499 1106 715 1177 ἐνόμισε
733 1106 842 1159 τῶν
872 1106 964 1160 τοῦ
987 1108 1122 1162 Θεοῦ
1156 1110 1593 1180 προσταγμάτων
1611 1153 1627 1179 ,
1663 1113 1759 1166 καὶ
1795 1114 1904 1168 ἀπὸ

330 1192 489 1263 ψιλῆς
514 1192 689 1262 ὅψεως
705 1194 799 1247 τοῦ
824 1193 1042 1263 δένδρου
1065 1196 1413 1269 κατεπάτησε
1439 1197 1531 1253 τὸν
1570 1200 1701 1272 παρ’
1736 1201 1901 1255 αὐτοῦ

331 1280 554 1333 τεθέντα
597 1280 760 1352 νόμον
780 1296 796 1312 ο
830 1280 1094 1353 ἐπειδὴδὲ
1128 1282 1353 1349 ἐξέπεσε
1400 1285 1496 1339 τοῦ
1547 1287 1899 1359 παραδείσου,

330 1368 522 1422 σκόπει
544 1368 661 1432 πῶς
693 1368 915 1438 βελτίων
947 1369 1166 1438 ἐγένετο
1203 1372 1298 1425 καί.
1340 1374 1784 1447 σωφρονεστέρα’
1813 1395 1902 1431 τε-

326 1455 499 1512 κοῦσα
523 1454 632 1528 γάρ
658 1455 795 1521 υἰὸν,
827 1456 992 1527 φησίν
1009 1474 1024 1491 ·
1065 1459 1446 1529 Ἐκτησάμην
1473 1461 1785 1529 ἄνθρωπον
1803 1463 1902 1519 διὰ

326 1546 435 1600 τοῦ
476 1544 644 1600 Θεοῦ.
689 1545 814 1599 Ἐπί
850 1545 941 1599 τὸν
991 1547 1266 1619 Δεσπότην
1293 1548 1494 1614 εὐθέως
1521 1551 1827 1622 κατέφυγεν
1863 1556 1897 1625 η

325 1632 418 1688 τοῦ
438 1632 709 1686 Δεσπότου
753 1632 860 1704 πρὸ
887 1633 1077 1687 τούτου
1109 1636 1588 1708 καταφρονήσασα,
1637 1639 1733 1693 καὶ
1778 1639 1899 1711 οὐχὶ

324 1724 392 1794 τῇ
419 1719 580 1791 φύσει
611 1719 673 1773 τὸ
694 1722 924 1791 πρᾶγμα
949 1721 1245 1790 λογίζεται,
1276 1723 1398 1777 οὐδὲ
1431 1724 1578 1795 νόμῳ
1603 1724 1783 1797 γάμου
1808 1728 1898 1781 τὸν

324 1810 484 1862 τόκον
516 1808 833 1878 ἀνατίθησιν
857 1825 872 1840 ·
911 1809 1026 1863 ἀλλ’
1057 1805 1167 1863 οἶδε
1195 1810 1287 1863 τὸν
1319 1810 1420 1881 τῆς
1446 1811 1660 1882 φύσεως
1695 1814 1899 1868 Δεσπό⁴

324 1914 447 1969 την,
472 1896 711 1968 κάκείνῳ
750 1896 979 1968 χάριτας
1007 1896 1146 1969 ὐπέρ
1173 1896 1272 1968 τῆς
1313 1899 1409 1951 τοῦ
1459 1899 1670 1952 παιδίου
1708 1902 1899 1972 γεννή-

329 2003 467 2050 σεως
489 1986 757 2057 ὁμολογεῖ.
790 1986 902 2040 Καὶ
935 1988 967 2057 ὴ
1007 1986 1114 2058 πρὸ
1144 1985 1336 2040 τούτου
1355 1987 1444 2042 τὸν
1466 1987 1635 2060 ἄνδρα
1685 1988 1896 2060 ἀπατή-

328 2090 488 2139 σασα,
523 2074 750 2144 ὕστερον
785 2074 966 2128 καὶτὸ
992 2074 1203 2128 παιδίον
1226 2075 1535 2140 ἐπαίδευσε,
1568 2076 1682 2129 ’καὶ
1726 2075 1895 2147 ὄνομα

324 2160 631 2233 ἐπιτίθησιν
669 2159 818 2231 αὐτῷ
849 2161 910 2213 τὸ
962 2160 1256 2231 δυνάμενον
1284 2161 1415 2214 αὐτὸ
1456 2163 1539 2225 εἰς
1593 2162 1897 2235 ὑπόμνησιν

202 2309 217 2321 .
324 2248 477 2316 άγειν
507 2249 606 2319 τῆς
634 2247 727 2302 τοῦ
756 2245 890 2301 Θεοῦ
920 2247 1129 2318 δωρεᾶς
1148 2264 1164 2279 ·
1187 2248 1283 2301 καί
1311 2248 1473 2302 πάλιν
1502 2249 1687 2320 ἕτερον
1715 2249 1898 2302 τεκοῦ-

324 2350 415 2396 σα,
462 2335 655 2406 φησίνο
721 2333 1127 2400 Ἐξανέστησέ
1150 2352 1253 2403 μοι
1273 2337 1305 2389 ὀ
1332 2334 1475 2400 Θεὸς
1499 2334 1737 2404 σπέρμα
1762 2336 1896 2389 ἀντὶ

328 2424 520 2487 Ἅϐελ,
538 2423 610 2477 ὃν
629 2423 937 2479 ἀπέκτεινε
957 2422 1122 2477 Κάίν.
1150 2424 1438 2493 Μέμνηται
1464 2424 1561 2493 τῆς
1589 2441 1651 2475 συ
1661 2425 1894 2493 μφορᾶς,

324 2510 421 2563 καὶ
444 2511 544 2564 οὐκ
571 2511 934 2564 ἀποδυσπετεῖ
964 2510 1025 2564 τὸ
1055 2510 1299 2579 γύναιον.
1333 2509 1446 2563 ἀλλ’
1475 2512 1790 2581 εὐχαριστεῖ
1820 2509 1897 2580 τῷ

320 2596 440 2667 Θεῷ
471 2597 650 2663 πάλιν,
678 2599 772 2651 καὶ
798 2598 861 2651 τὸ
885 2597 1095 2651 παιδίον
1120 2595 1230 2649 ἀπὸ
1254 2596 1351 2667 τῆς
1374 2596 1582 2666 δωρεᾶς
1608 2596 1782 2660 καλεῖ,
1816 2596 1899 2649 δι-

319 2685 493 2756 ηνεκῆ
526 2685 839 2756 παρέχουσα
869 2685 1017 2755 αὐτῷ
1055 2684 1401 2747 διδασκαλίας
1438 2684 1715 2738 ὑπόθεσιν.
1741 2683 1897 2737 Οὕτω

319 2774 416 2827 καὶ
442 2776 500 2827 ἐν
526 2772 674 2843 αὐτῷ
697 2773 775 2844 τῷ
797 2772 1088 2841 ἀφελέσθαι
1124 2772 1345 2843 μείζονα
1386 2773 1678 2843 ἐχαρίσατο
1704 2775 1733 2825 ὁ
1765 2773 1898 2836 Θεὸς

319 2861 537 2929 ἀγαθάο
578 2861 799 2927 ἐξέπεσε
836 2860 930 2912 τοῦ
964 2860 1292 2931 παραδείσου
1326 2861 1358 2931 ἡ
1403 2860 1561 2931 γυνὴ,
1595 2861 1731 2915 ἀλλά
1760 2861 1896 2932 πρὸς

320 2948 651 3017 θεογνωσίαν
702 2947 1117 3019 ἐχειραγωγήθη
1178 2948 1263 3001 διά
1301 2949 1398 3018 τῆς
1450 2949 1698 3019 ἐκϐολῆς,
1753 2948 1895 3002 ὥστε

322 3039 509 3106 μεῖζον
531 3030 708 3106 εὕρεν,
738 3037 772 3106 ἥ
809 3035 1079 3088 ἀπώλεσε.
1106 3037 1214 3089 Καὶ
1237 3037 1284 3088 εἰ
1323 3037 1590 3106 χρήσιμον
1615 3033 1704 3107 ἦν,
1739 3037 1892 3107 φησὶ,

318 3123 379 3176 τὸ
398 3126 648 3176 ἐκπεσεῖν
675 3122 778 3195 τοῦΔ
800 3122 1152 3191 παραδείσου,
1175 3123 1316 3186 τίνος
1331 3124 1516 3177 ἐνεκεν
1545 3124 1712 3177 ἐδίδου
1744 3126 1896 3195 παρὰ

318 3211 417 3279 τὴν
449 3210 623 3282 ἀρχὴν
654 3211 745 3263 τὸν
767 3191 1105 3280 ’παράδεισον
1139 3213 1168 3263 ὁ
1207 3210 1370 3275 Θεός;
1397 3211 1697 3281 Χρησίμως
1738 3191 1895 3264 τοῦτο

316 3298 410 3350 διὰ
434 3298 533 3368 τὴν
575 3296 866 3369 ῥαθυμίαν,
895 3296 1168 3369 ἄνθρωπε,
1202 3297 1415 3361 ἐγένετο
1444 3298 1542 3368 τὴν
1580 3298 1853 3368 ἡμετέραν
1875 3314 1891 3329 ⁸

230 3410 235 3414 ι
317 3385 395 3448 ὡς
424 3387 479 3440 εῖ
506 3403 570 3454 γε
595 3390 882 3457 προσεῖχον
902 3387 1113 3450 ἑαυτοῖς
1134 3389 1329 3439 ἐκεῖνοι
1367 3388 1463 3440 καὶ
1492 3388 1582 3441 τὸν
1620 3388 1896 3459 Δεσπότην

319 3475 708 3542 ἐπεγίνωσκον,
748 3476 842 3529 καὶ
880 3477 1176 3546 σωφρονεῖν
1197 3476 1497 3545 ἠπίσταντο
1541 3476 1634 3530 καὶ
1672 3476 1896 3547 μετριά-

318 3565 451 3629 ζειν,
478 3562 697 3635 ἔμειναν
727 3562 793 3617 ἂν
810 3564 902 3616 ἐπὶ
933 3565 1032 3634 τῆς
1065 3564 1232 3634 τιμῆς
1260 3581 1274 3597 ·
1306 3565 1495 3635 ἐπειδὴ
1519 3565 1576 3618 δὲ
1602 3565 1895 3639 ἐξύϐρισαν

318 3653 398 3713 είς
427 3650 525 3720 τὴν
549 3650 793 3704 δοθεῖσαν
809 3650 1038 3722 δωρεὰν,
1060 3650 1362 3723 τηνικαῦτα
1388 3654 1656 3724 χρήσιμον
1679 3655 1894 3722 ἐγένετο

317 3741 379 3793 τὸ
425 3739 779 3812 ἐκϐληθῆναι.
822 3740 979 3805 Τίνος
1023 3736 1115 3796 οῦν
1156 3742 1342 3795 ἐνεκεν
1390 3743 1537 3812 παρὰ
1573 3745 1673 3814 τὴν
1719 3745 1893 3816 ἀρχὴν

319 3828 519 3881 ἔδωκεν
547 3830 576 3882 ό
607 3828 774 3893 Θεός;
809 3829 924 3881 Ἵνα
952 3831 1051 3900 τὴν
1098 3830 1304 3883 οἰκείαν
1329 3830 1663 3902 ἐπιδείξηται
1706 3833 1894 3901 φιλαν-

320 3916 586 3986 θρωπίαν,
615 3916 709 3971 καὶ
738 3918 819 3971 ὄτι
847 3917 1008 3982 αὐτὸς
1038 3918 1135 3988 μὲν
1172 3918 1584 3988 παρεσκεύαστο
1613 3919 1748 3991 πρὸς
1778 3918 1894 3991 μεί-

319 3996 450 4062 ζονα
477 3998 640 4071 τιμὴν
663 4000 816 4068 ἄγειν
832 4000 978 4070 ἡμᾶς
1004 4000 1112 4063 ἀεὶ,
1152 4003 1313 4071 ἡμεῖς
1336 4000 1392 4052 δέ
1422 4000 1584 4054 αίτιοι
1617 4002 1892 4073 πανταχοῦ

318 4080 428 4134 τῶν
459 4081 732 4136 κολάσεων
756 4083 851 4136 καὶ
871 4082 980 4135 τῶν
994 4082 1294 4154 τιμωριῶν,
1322 4084 1639 4148 ἐκϐαλόντες
1665 4086 1893 4150 ἑαυτοὺς

319 4162 407 4217 διά
447 4165 717 4237 ῥᾳθυμίας
748 4165 854 4220 τῶν
877 4166 1172 4237 δεδομένων
1196 4168 1326 4237 ἡμῖν
1348 4166 1587 4235 ἀγαθῶν.
1626 4168 1890 4239 Καθάπερ

320 4244 414 4302 οὖν
447 4249 630 4319 πατὴρ
663 4248 1012 4320 φιλόστοργος
1042 4249 1192 4319 παρά
1218 4250 1318 4319 μὲν
1346 4250 1442 4320 τὴν
1467 4250 1642 4321 ἀρχὴν
1667 4252 1892 4323 ἀφίησιν

322 4331 416 4385 ἐπὶ
452 4332 552 4402 τῆς
579 4332 755 4396 οἰκίας
774 4332 863 4386 τὸν
887 4332 1051 4386 παῖδα
1074 4333 1165 4385 τὸν
1204 4333 1397 4386 ἑαυτοῦ
1426 4333 1754 4404 διατρίϐειν,
1798 4336 1893 4389 καὶ

319 4413 430 4467 τῶν
480 4413 749 4485 πατρῴων
796 4415 1090 4469 ἀπολαύειν
1132 4416 1417 4470 ἀπάντων·
1466 4416 1683 4471 ἐπειδὰν
1715 4418 1771 4470 δέ
1806 4418 1889 4489 ίδῃ

320 4498 522 4567 φαῦλον
545 4501 610 4569 τῇ
647 4502 778 4571 τιμῇ
801 4500 1167 4569 γεγενημένον
1187 4540 1203 4564 ,
1244 4500 1446 4568 ἀπάγει
1483 4500 1583 4571 τῆς
1611 4501 1890 4572 τραπέζης

320 4580 415 4634 καὶ
438 4581 721 4652 πόρρωθεν
742 4584 841 4653 τῆς
863 4584 1072 4646 οἰκείας
1101 4582 1275 4651 ὅψεως
1298 4583 1606 4654 καθίστησι,
1631 4583 1890 4648 πολλάκις

317 4664 373 4718 δὲ
406 4665 500 4717 καὶ
522 4666 692 4735 αὐτῆς
722 4667 970 4721 ἐκϐάλλει
995 4666 1095 4737 τῆς
1116 4666 1372 4738 πατρῴας
1402 4666 1549 4739 [252]
1580 4668 1777 4731 οίκίας,
1803 4669 1891 4722 ῖνα

319 4746 571 4801 ἐκπεσὼν
608 4750 812 4812 ἐκεῖνος
846 4751 941 4802 καὶ
976 4748 1196 4820 βελτίων
1242 4750 1531 4819 γενόμενος
1550 4752 1668 4815 ταῖς
1702 4750 1888 4821 ὕϐρεσι

317 4829 546 4894 ταύταις
567 4830 659 4884 καὶ
688 4834 807 4895 ταῖς
854 4831 1119 4902 ἀτιμίαις,
1147 4831 1296 4897 ἀξιον
1340 4832 1529 4885 ἐαυτὸν
1562 4834 1815 4906 ἀποφήνῃ
1861 4846 1889 4877 ι

317 4912 417 4983 τῆς
438 4915 697 4968 ἐπανόδου
721 4915 902 4978 πάλιν,
922 4917 1016 4969 καὶ
1035 4915 1127 4967 τὸν
1153 4914 1407 4987 πατρῷον
1433 4915 1739 4988 διαδέξηται
1765 4918 1893 4989 κλῆ-

322 5013 416 5066 ρον
433 5012 449 5029 ·
488 4997 632 5051 οὕτω
660 4999 755 5053 καὶ
777 5000 804 5052 ό
832 4998 963 5062 Θεὸς
984 4999 1259 5070 ἐποίησεν.
1288 4999 1496 5053 Ἔδωκε
1513 5001 1589 5072 τῷ
1617 5002 1890 5075 ἀνθρώπῳ

316 5080 411 5133 τὸν
441 5081 768 5151 παράδεισον
787 5099 800 5112 ·
832 5082 1050 5148 ἀνάξιον
1085 5082 1324 5150 φανέντα
1374 5081 1649 5149 ἐξέϐαλεν,
1683 5085 1770 5139 ἵνα
1801 5085 1891 5140 διά

315 5162 418 5233 τῆς
446 5163 550 5229 ἐξω
575 5164 857 5238 διατριϐῆς
889 5167 984 5219 καί
1014 5166 1114 5236 τῆς
1158 5167 1383 5237 ἀτιμίας
1417 5167 1640 5236 βελτίων
1670 5170 1891 5241 γενόμε-

316 5263 408 5310 νος
434 5250 528 5300 καὶ
562 5248 1019 5321 σωφρονέστερος,
1040 5250 1187 5316 ἄξιος
1212 5253 1351 5321 φανῇ
1375 5251 1475 5322 τῆς
1502 5252 1760 5306 ἐπανόδου
1784 5254 1889 5308 πά-

317 5328 421 5383 λιν.
479 5329 697 5401 Ἐπειδὴ
749 5331 925 5384 τοίνυν
980 5333 1118 5403 μετά
1158 5332 1329 5385 ταῦτα
1377 5332 1601 5403 βελτίων
1648 5336 1886 5404 ἐγένετο,

319 5412 583 5482 ἐπανάγει
607 5414 766 5468 πάλιν
782 5416 964 5480 αὐτὸν,
986 5418 1080 5472 καί
1114 5436 1245 5489 φησι
1265 5436 1279 5451 ο
1303 5419 1572 5489 Σήμερον
1590 5423 1717 5492 μετ’
1741 5424 1887 5492 ἐμοῦ

317 5497 436 5564 ἔσῃ
463 5496 533 5549 ἐν
559 5495 641 5563 τῷ
672 5498 1031 5566 παραδείσῳ.
1077 5501 1239 5572 Ὀρᾷς
1269 5502 1350 5555 ὅτι
1388 5503 1447 5556 οὐ
1481 5504 1542 5557 τὸ
1577 5505 1760 5559 δοῦναι
1797 5508 1888 5561 τὸν

318 5579 674 5650 παράδεισον,
719 5582 855 5637 ἀλλά
898 5585 993 5638 καὶ
1023 5584 1086 5637 τὸ
1118 5584 1367 5640 ἐκϐαλεῖν
1402 5586 1497 5642 τοῦ
1534 5591 1884 5662 παραδείσου,

314 5666 417 5739 τῆς
442 5668 704 5739 μεγίστης
731 5669 1057 5742 κηδεμονίας
1079 5667 1181 5743 ἦν;
1207 5675 1253 5728 εί
1290 5673 1364 5746 μὴ
1393 5674 1502 5747 γὰρ
1529 5676 1753 5744 ἐξέπεσε
1788 5680 1883 5735 τοῦ

381 5798 409 5832 ³
430 5800 565 5854 COIb.
588 5803 827 5867 ἀποδείξῃ.

1117 374 1475 433 DEMONES
1511 378 1649 435 NON
1689 381 2012 439 GUBERNA
2030 386 2118 445 RE
2159 390 2485 456 MUNDUM.
2524 397 2762 459 HOMIL.
2801 406 2841 461 l.

2024 510 2393 600 πμραδείσου,
2437 517 2537 572 οὐκ
2579 518 2646 573 ἂν
2693 521 2865 596 ἐφάνη
2921 522 3019 580 τοῦ
3059 528 3385 600 παραδείσου
3422 535 3586 593 πάλιν

2012 595 2180 659 ἄξιος.

2084 683 2146 738 δ’.
2174 687 2374 742 Τοῦτον
2391 690 2570 745 τοίνυν
2586 693 2877 760 διαπαντὸς
2890 697 3147 770 τηρῶμεν
3162 701 3255 757 τὸν
3269 704 3445 775 λόγον,
3462 708 3587 762 τοῦ-

2012 787 2106 825 τον
2129 775 2224 866 καὶ
2242 776 2336 866 ἐπὶ
2365 780 2465 850 τῆς
2492 782 2879 854 προκειμένης,
2909 787 2959 839 εἰ
2997 786 3269 859 βούλεσθε,
3298 795 3585 866 γυμνάσω-

2016 878 2117 949 μεν
2151 863 2478 932 ὑποθέσεως.
2511 871 2717 927 Ἔδωκε
2751 875 2934 948 φωνὴν
2960 878 3146 949 κοινὴν
3182 863 3387 935 ἀπασιζ
3425 883 3584 937 τοῦτο

2011 946 2114 1037 τῆς
2165 949 2329 1005 αὐτοῦ
2380 954 2805 1029 φιλανθρωπίας.
2857 946 2971 1018 ὅύκ
3002 946 3305 1037 ἐχρήσαντο
3341 970 3423 1035 εἰς
3463 972 3584 1025 δέον

2016 1034 2216 1129 ἐκεῖνοι
2242 1039 2320 1109 τῷ
2346 1040 2524 1116 δώρῳ,
2561 1046 2697 1101 ἀλλά
2730 1050 2869 1121 πρὸς
2899 1034 3082 1107 ἄνοιαν
3112 1034 3389 1119 ἐξέκλιναν
3418 1059 3582 1129 ἐσχά-

2012 1140 2113 1219 την
2128 1141 2143 1157 ·
2171 1128 2423 1219 ἀφείλετο
2444 1135 2504 1187 τὸ
2526 1135 2677 1191 δοθὲν
2696 1140 2877 1195 πάλιν.
2901 1142 2964 1195 El
2984 1144 3094 1215 γάρ
3121 1146 3309 1219 ἐπειδὴ
3330 1147 3583 1215 γλῶσσαν

2012 1208 2160 1305 εἶχον
2195 1216 2342 1285 μίαν,
2381 1221 2461 1284 είς
2490 1223 2757 1295 τοσαύτην
2794 1208 3309 1297 ἐξέπεσονάνοιανί
3332 1208 3409 1299 ῶς
3457 1237 3582 1305 βου-

2012 1298 2477 1397 ληθῆναιᾼπύργον
2506 1310 2610 1397 ἐως
2641 1312 2731 1365 τοῦ
2754 1314 2982 1386 οὐρανοῦ
3004 1298 3399 1393 οἰκοδομῆσαι,
3422 1298 3471 1376 εί
3503 1324 3580 1397 μὴ

2012 1391 2357 1483 παραχρῆμα
2408 1396 2797 1483 ἐκολάσθησαν,
2834 1400 2945 1474 ἆρα
2994 1407 3094 1460 οὐκ
3131 1406 3198 1461 ἂν
3228 1391 3582 1483 ἐπεθύμησαν

2011 1476 2108 1566 καὶ
2153 1480 2330 1566 αὐτῆς
2377 1482 2470 1535 τοῦ
2520 1485 2751 1557 οὐρανοῦ
2790 1489 2891 1558 τῆς
2921 1493 3167 1564 κορυφῆς
3194 1476 3577 1566 ἐπιλαϐέσθαι;

2006 1562 2072 1616 Τί
2094 1565 2237 1656 ;
2261 1569 2324 1621 Εἰ
2347 1570 2441 1623 καὶ
2464 1571 2722 1626 ἀδύνατον
2741 1570 2809 1646 ἦν
2838 1562 3084 1645 ἐκείνοις,
3109 1562 3223 1633 ἀλλ’
3238 1583 3386 1653 ὅμως
3401 1587 3465 1638 ἐκ
3478 1562 3580 1656 τῆς

2006 1654 2317 1745 προθέσεως
2340 1661 2408 1713 τά
2428 1661 2526 1745 τῆς
2554 1662 2807 1728 ἀσεϐείας
2828 1666 3008 1731 αὐτοῖς
3033 1668 3380 1741 ἀπηρτίζετο.
3400 1654 3581 1745 "Am-:9

2006 1736 2224 1792 ἃπαντα
2258 1743 2507 1814 προορῶν
2536 1748 2564 1799 ό
2595 1746 2746 1810 Θεὸς,
2793 1750 2981 1823 ἐπειδὴ
3026 1754 3107 1816 είς
3132 1736 3253 1807 δέον
3277 1755 3377 1808 οὐκ
3408 1736 3580 1828 ἐχρήζ

2007 1839 2169 1914 σαντο
2193 1830 2259 1899 τῇ
2288 1831 2587 1904 όμοφωνίᾳ,
2623 1835 2705 1897 εἰς
2745 1834 2862 1890 δέον
2901 1837 3096 1903 αὐτοὺς
3124 1839 3323 1913 διαιρεῖ
3366 1846 3431 1914 τῇ
3464 1844 3580 1898 δια-

2005 1912 2203 1984 φωνία.
2246 1917 2357 1970 Καὶ
2406 1919 2594 1973 σκόπει
2661 1940 2750 1993 μοι
2792 1924 2894 1995 τὴν
2931 1912 3335 1997 φιλανθρωπίαν
3387 1912 3575 1987 αὐτοῦ.

2016 1998 2194 2066 Ἰδοὺ,
2224 2004 2378 2074 φησί,
2405 2006 2576 2075 φωνὴ
2615 2009 2723 2077 μία
2754 2008 2926 2077 πᾶσι,
2966 2014 3062 2068 καί
3102 2016 3279 2070 τοῦτο
3313 2016 3578 2085 ἤρξαντο

2003 2100 2274 2159 ποιησαι.

2076 2194 2233 2259 Τίνος
2258 2196 2446 2253 ἐνεκεν
2488 2200 2588 2255 οὐκ
2628 2201 2828 2269 εὐθέως
2863 2200 3027 2277 ἦλθεν
3068 2207 3161 2262 ἐπὶ
3200 2209 3259 2263 τὸ
3299 2210 3579 2283 διατεμεῖν

2002 2282 2101 2376 τὴν
2128 2285 2392 2376 γλῶτταν,
2424 2289 2561 2343 ἀλλά
2603 2293 2865 2366 πρότερον
2907 2297 3283 2367 ἀπολογεῖται,
3326 2282 3578 2376 καθάπερ

2004 2372 2063 2424 ἐν
2122 2372 2454 2447 δικαστηρίῳ
2514 2378 2793 2450 κρίνεσθαι
2841 2383 3080 2454 μέλλωνς
3137 2389 3314 2442 καίτοι
3367 2406 3431 2458 γε
3483 2372 3579 2444 ob;

2003 2457 2114 2523 δεὶς
2136 2460 2283 2532 αὐτῷ
2305 2464 2438 2535 ἐρεῖ·
2471 2466 2535 2519 Τί
2568 2468 2857 2539 ἐποίησας;
2880 2472 3018 2527 ἀλλά
3042 2474 3232 2547 κύριός
3258 2457 3578 2535 ἐστιγπάντα

2004 2552 2180 2639 ποιεῖν
2201 2552 2301 2639 ὅσα
2326 2553 2592 2623 βούλεται.
2638 2558 2775 2612 Ἀλλ’
2800 2561 2951 2631 ὅμως
2973 2564 3223 2639 καθάπερ
3250 2568 3458 2639 μέλλων
3481 2572 3576 2624 εὐ-

2005 2635 2171 2727 θύνας
2211 2638 2451 2711 ὑπέχειν,
2476 2643 2649 2709 οὕτως
2690 2647 2986 2718 ἀπολογίας
3021 2635 3264 2725 τίθησιν,
3295 2657 3443 2727 ἡμᾶς
3492 2659 3575 2712 δι-

2002 2723 2218 2817 δάσκων
2267 2728 2509 2799 ἡμέρους
2548 2729 2686 2787 εἶναι
2726 2737 2821 2788 καὶ
2849 2723 3281 2811 φιλανθρώπους.
3317 2723 3382 2798 Εἰ
3410 2746 3516 2817 γάρ
3547 2747 3577 2801 6

2002 2812 2414 2905 Δεσπότης-τοῖς
2441 2817 2645 2884 δούλοις
2679 2822 3046 2892 ἀπολογεῖται,
3078 2829 3364 2884 καὶταῦτα
3388 2812 3578 2905 ἠδικη-

2003 2898 2143 2994 κόσι,
2177 2902 2358 2994 πολλῷ
2382 2905 2578 2994 μᾶλλον
2604 2909 2751 2979 ἡμᾶς
2771 2910 3022 2983 ἀλλήλοις
3047 2898 3428 2985 ἀπολογεῖσθαί
3444 2898 3573 2994 χρη,

2002 2987 2109 3041 κᾶν
2132 2988 2201 3042 τά
2237 2990 2467 3059 μέγιστα
2495 2987 2645 3064 ὦμεν
2701 2996 3048 3069 ἠδικημένοι.
3088 3002 3231 3075 Ὅρα
3280 3005 3409 3073 γοῦν

2003 3074 2351 3146 ἀπολογεῖται
2370 3095 2385 3110 ο
2419 3080 2564 3134 Ἰδοὺ
2590 3082 2793 3149 χεῖλος
2825 3083 2895 3138 ἐν
2927 3088 3025 3144 καὶ
3062 3074 3233 3158 φωνὴ
3258 3093 3369 3160 μία
3396 3092 3571 3159 πᾶσι,

2005 3164 2161 3234 φησί,
2202 3167 2301 3219 καί
2340 3168 2513 3222 τοῦτο
2533 3168 2796 3237 ἤρξαντο
2828 3173 3100 3241 ποιῆσαι.
3142 3177 3355 3233 Ὠσανεὶ
3387 3180 3573 3249 ἔλεγε·

2000 3250 2205 3323 Μηδεὶς
2228 3254 2529 3323 ἐγκαλείτω
2555 3275 2645 3327 μοι
2677 3258 2850 3313 ταῦτα
2875 3261 2975 3334 τὴν
3010 3263 3257 3331 γλῶτταν
3290 3266 3575 3338 διατέμνο-

2004 3341 2172 3411 μένην
2206 3342 2368 3412 ὁρῶν,
2411 3344 2600 3414 μηδεὶς
2633 3344 2692 3410 ἐξ
2724 3346 2903 3417 ἀρχῆς
2942 3350 3211 3419 νομιζέτω
3242 3352 3341 3423 τὴν
3369 3353 3576 3424 διαφω-

2001 3428 2121 3482 νίαν
2150 3428 2356 3501 ταύτην
2375 3434 2488 3495 τοῖς
2506 3432 2810 3503 ἀνθρώποις
2827 3437 3392 3509 συγκαταϐεϐλῆσθαι.
3424 3442 3572 3498 Ἰδοὺ

2000 3516 2203 3587 χεῖλος
2236 3516 2304 3570 ἓν
2323 3518 2422 3573 καί
2441 3521 2552 3589 μία
2579 3522 2747 3589 φωνὴ
2781 3521 2974 3578 πᾶσιν
2993 3540 3007 3555 ’
3036 3526 3270 3581 ἀλλὀὐκ
3299 3529 3575 3602 ἐχρήσαν-

2000 3622 2061 3657 το
2088 3606 2167 3669 εἰς
2203 3605 2320 3660 δέον
2347 3610 2413 3679 τῇ
2447 3607 2644 3680 δωρεᾷ.
2677 3611 2787 3665 Καὶ
2814 3612 2901 3667 ῖνα
2938 3614 3114 3685 μάθῃς
3142 3615 3224 3670 ὅτι
3256 3617 3317 3671 οὐ
3340 3618 3403 3674 τὸ
3427 3621 3575 3689 γινό-

2005 3710 2166 3763 μενον
2198 3693 2417 3760 κολάζει
2454 3696 2726 3764 τοσοῦτον,
2753 3700 2876 3754 ὅσον
2902 3699 2964 3753 τὸ
2999 3701 3191 3772 μέλλον
3223 3704 3576 3778 προδιορθοῦ-

2000 3798 2112 3846 ται,
2141 3781 2371 3836 ἄκουσον
2397 3785 2498 3856 τῆς
2529 3789 2823 3862 ἐπαγωγῆς
2843 3805 2859 3819 ο
2887 3790 3001 3845 Καὶ
3024 3792 3141 3845 νῦν
3173 3795 3246 3848 οὐ
3264 3793 3352 3864 μὴ
3378 3796 3575 3850 Amisi.

1999 3870 2090 3937 ψῃ
2127 3869 2197 3935 ἐξ
2227 3871 2426 3926 αὐτῶν
2461 3872 2678 3940 πάντα,
2705 3877 2822 3933 ὅσα
2850 3877 2929 3932 ἂν
2956 3878 3269 3934 ἐπιθῶνται
3297 3882 3573 3952 ποιῆσαι.

2006 3960 2072 4012 Ὃ
2102 3959 2158 4012 δὲ
2189 3960 2336 4029 λέγει
2366 3962 2606 4017 τοιοῦτόν
2633 3965 2779 4019 ἐστιν
2799 3983 2812 3997 ·
2858 3968 2983 4022 Ἐἀν
3017 3970 3092 4041 μὴ
3118 3968 3250 4024 δῶσι
3270 3970 3425 4042 δίκην
3442 3971 3568 4040 νῦν,

1999 4048 2093 4101 καὶ
2121 4047 2230 4100 ἀπὸ
2254 4051 2355 4121 τῆς
2384 4050 2541 4123 ῥίζης
2571 4052 2743 4122 αὐτῆς
2769 4052 2879 4108 τῶν
2910 4055 3322 4128 ἁμαρτημάτων
3355 4059 3575 4130 ἀναχαι-

1997 4133 2275 4203 τισθῶσιν,
2305 4136 2366 4189 οὐ
2394 4139 2678 4209 στήσονται
2699 4142 2798 4211 τῆς
2824 4143 3088 4215 πονηρίας
3110 4144 3345 4216 οὐδαμοῦ
3365 4159 3381 4175 °
3411 4146 3572 4202 τοῦτο

1997 4222 2106 4294 γάρ
2139 4224 2402 4287 ἐστιν,οὺ
2420 4224 2506 4293 μὴ
2528 4226 2782 4296 malm
2799 4228 2868 4291 ἐξ
2889 4227 3086 4283 αὐτῶν
3114 4231 3330 4300 πάντα,
3356 4232 3474 4287 ὅσα
3491 4235 3572 4291 ἂν

1997 4309 2309 4366 ἐπιθῶνται
2337 4311 2612 4382 ποιῆσαι·
2641 4314 2840 4368 ὡσανεὶ
2861 4315 3032 4385 ἔλεγε·
3069 4318 3179 4371 Καὶ
3211 4318 3374 4391 ἐτερα
3402 4337 3574 4393 προσ-

2000 4398 2223 4471 θήσουσι
2266 4398 2489 4470 μείζονα
2535 4402 2886 4474 ἀτοπήματα.
2915 4404 3170 4459 Τοιοῦτον
3195 4406 3304 4478 γὰρ
3332 4408 3367 4479 ἡ
3401 4427 3571 4483 πονη-

2003 4490 2121 4560 ρία⁶
2156 4490 2285 4544 ὅταν
2324 4491 2497 4562 ἀρχὴν
2524 4491 2764 4547 λαϐοῦσα
2794 4495 2870 4565 μὴ
2904 4494 3143 4565 κωλυθῇ,
3172 4496 3425 4571 καθάπερ
3456 4499 3571 4573 πῦρ

2000 4575 2132 4647 ὕλης
2174 4576 2324 4649 [255]
2374 4578 2782 4649 ἐπιλαϐόμενον,
2812 4580 2957 4635 οὕτω
2998 4582 3135 4654 πρὸς
3176 4582 3309 4654 ὕψος
3352 4586 3570 4658 ἀνίησιν

1998 4664 2223 4733 ἄφατον.
2271 4664 2437 4737 Ὀρᾷς
2475 4666 2554 4719 ὅτι
2588 4668 2684 4719 καὶ
2711 4668 2773 4720 τὸ
2800 4668 3093 4738 ἀφελέσθαι
3121 4670 3222 4741 τὴν
3255 4675 3571 4743 ὁμοφωνίαν

1998 4751 2411 4824 φιλανθρωπίας
2427 4753 2654 4821 ἐγένετο
2686 4754 2915 4825 πολλῆς;
2958 4756 3211 4811 Ἐνέϐαλε
3232 4760 3342 4831 γάρ
3369 4762 3570 4828 αὐτοὺς

1998 4842 2080 4903 εἰς
2103 4840 2421 4909 διαφωνίαν,
2450 4840 2536 4896 ἵνα
2574 4840 2649 4912 μὴ
2684 4842 2987 4897 ἐκπέσωσιν
3029 4846 3111 4909 εἰς
3147 4848 3414 4919 πονηρίαν
3444 4852 3570 4921 μεί-

1998 4928 2147 4994 ζονα.
2184 4929 2385 4983 Τοῦτον
2421 4929 2486 5000 δή
2541 4947 2630 5001 μοι
2660 4930 2962 5002 διατηρεῖτε
2993 4933 3085 4987 τὸν
3112 4932 3293 5005 λόγον,
3332 4937 3429 4992 καί
3466 4955 3569 4992 πε-

1998 5016 2193 5086 πηγὼς
2236 5016 2323 5069 ἀεὶ
2358 5018 2490 5089 παρ’
2528 5017 2657 5087 ὑμῖν
2699 5017 2840 5072 ἐστω
2889 5021 2983 5073 καὶ
3027 5021 3305 5095 ἀκίνητος,
3337 5024 3419 5079 ὃτι
3465 5027 3567 5083 οὐκ

1998 5102 2300 5175 εὐεργετῶν
2327 5104 2506 5173 μόνον,
2530 5103 2665 5158 ἀλλά
2698 5104 2792 5157 καὶ
2817 5106 3063 5170 κολάζων
3100 5110 3302 5179 ἀγαθός
3324 5113 3441 5165 ἐστι
3470 5116 3568 5171 καὶ

1997 5190 2377 5263 φιλάνθρωπος
2402 5192 2431 5245 ὁ
2457 5192 2588 5257 Θεός
2606 5209 2621 5223 ο
2653 5194 2747 5247 καὶ
2778 5195 2886 5267 γάρ
2911 5196 2968 5249 αἱ
2997 5196 3248 5262 κολάσεις
3272 5200 3440 5254 αὐτοῦ
3470 5204 3567 5257 καὶ

1996 5281 2052 5334 αἰ
2082 5279 2341 5351 τιμωρίαι
2402 5279 2657 5350 μέγιστον
2695 5281 3016 5352 εὐεργεσίας
3066 5284 3251 5355 μέρος,
3307 5287 3569 5358 μέγιστον

1996 5364 2253 5434 προνοίας
2294 5360 2432 5428 εἶδός
2467 5369 2625 5422 εἰσιν.
2665 5366 2833 5421 Ὅταν
2854 5363 2946 5423 οὗν
2975 5370 3091 5443 ἴδῃς
3113 5370 3305 5441 λιμοὺς
3333 5377 3568 5446 γενομέ-

1992 5470 2134 5517 νους,
2166 5453 2264 5506 καὶ
2299 5452 2541 5523 λοιμοὺς,
2574 5454 2669 5507 καὶ
2694 5455 2958 5527 αὐχμοὺς,
2994 5457 3089 5511 καὶ
3108 5460 3435 5532 ἐπομϐρίας,
3470 5464 3567 5518 καὶ

1990 5545 2169 5616 ἀέρων
2202 5545 2532 5615 ἀνωμαλίας,
2568 5546 2601 5617 ἦ
2624 5546 2751 5602 ἀλλο
2780 5566 2834 5601 τι
2865 5548 2974 5603 τῶν
2994 5551 3248 5605 τοιούτων
3269 5552 3377 5606 τῶν
3401 5554 3566 5609 κολα-

1991 5633 2189 5699 ζόντων
2202 5633 2299 5705 τὴν
2312 5633 2651 5705 ἀνθρωπίνην
2660 5637 2839 5706 φύσιν,
2848 5638 2923 5708 μὴ
2937 5637 2995 5690 δυ
3002 5638 3267 5713 σχεράνῃς
3283 5639 3417 5712 μηδέ
3426 5643 3566 5695 ἀπο-

1989 5724 2353 5795 δυσπετήσῃς,
2376 5724 2512 5778 ἀλλά
2534 5723 2908 5795 προσκύνησον
2927 5726 3017 5781 τὸν
3042 5726 3318 5794 ποιοῦντα,
3350 5729 3558 5801 θαύμαο

1995 5827 2085 5866 σον
2105 5811 2266 5865 αὐτὸν
2286 5811 2383 5880 τῆς
2407 5812 2752 5885 κηδεμονίας.
2782 5812 3019 5878 Ἐκεῖνος
3038 5814 3148 5887 γάρ
3168 5816 3313 5874 ἐστιν
3341 5819 3371 5873 ὁ
3400 5820 3565 5879 ταῦτα
