4046 6396
450 393 558 451 9.3]

459 510 656 574 ποιῶν,
676 508 772 564 καὶ
799 509 861 563 τὸ
889 508 1047 578 σῶμα
1076 506 1340 571 κολάζων.
1368 509 1456 562 ἵνα
1485 508 1585 578 τὴν
1612 509 1790 580 ψυχὴν
1821 525 2036 580 σωφρο-

457 595 604 667 νίσῃ.
631 593 741 647 Καὶ
777 593 806 645 6
838 592 969 654 Θεὸς
995 589 1166 643 ταῦτα
1200 595 1362 654 ποιεῖ,
1392 591 1585 662 φησίν;
1615 593 1674 644 ὐ
1708 591 1838 655 Θεὸς
1869 591 2041 644 ταῦτα

349 740 355 746 ,
459 680 636 732 ποιεῖ·
689 678 794 730 κᾶν
830 678 864 746 ή
896 675 1046 740 πόλις
1100 677 1251 745 παρῇ
1306 677 1475 738 πᾶσα,
1530 675 1634 728 κᾶν
1671 677 1705 746 ή
1744 675 2039 745 οἰκουμένη

461 763 637 819 πᾶσα.
671 761 772 814 οὐκ
808 759 1028 829 ὀκνήσω
1052 757 1213 811 τοῦτο
1247 759 1444 812 εἰπεῖν.
1486 757 1612 812 Εῖθε
1650 775 1742 828 μοι
1791 759 1886 811 καὶ
1915 757 2042 810 σάλ-

458 861 659 912 πιγγος
685 839 752 913 ἦν
787 843 939 912 φωνὴ
971 841 1353 913 λαμπροτέρα,
1385 844 1482 897 καὶ
1513 845 1573 897 ἐν
1613 842 1803 912 ὑψηλῷ
1850 845 2040 911 στῆναι

455 929 644 1000 χωρίῳ
672 926 894 981 δυνατὸν
925 921 1012 997 ἦν,
1046 927 1141 980 καῖ
1180 928 1313 980 πᾶσι
1345 927 1538 996 βοῆσαι
1592 928 1689 982 καὶ
1736 925 2041 998 διαμαρτύ-

459 1011 679 1081 ρασθαι,
716 1012 798 1063 ὅτι
850 1011 878 1061 6
909 1009 1041 1074 Θεὸς
1085 1009 1260 1062 ταῦτα
1307 1011 1472 1063 ποιεῖ.
1533 1010 1647 1062 Οὐκ
1686 1008 1746 1074 ἐξ
1783 1008 2042 1070 ἀπονοίας

455 1095 630 1148 ταῦτα
668 1093 831 1162 λέγω,
865 1093 981 1147 ἀλλ’
1008 1093 1119 1163 ἔχω
1141 1092 1468 1164 παρεστῶτα
1485 1093 1574 1146 τὸν
1601 1094 1892 1163 προφήτην
1923 1093 2039 1162 μετ’

454 1177 589 1248 ἐμοῦ
625 1177 835 1247 βοῶντα
862 1177 956 1230 καὶ
988 1177 1238 1244 λέγοντα,
1266 1178 1349 1230 ὅτι
1401 1178 1525 1229 Οὐκ
1578 1175 1712 1228 ἔστι
1753 1175 1933 1228 κακία
1972 1174 2042 1228 ἐν

454 1261 651 1325 πόλει,
695 1261 774 1329 ἣν
806 1262 1023 1329 Κύριος
1055 1263 1167 1314 οὐκ
1198 1261 1452 1327 ἐποίησε
1473 1277 1484 1290 ·
1525 1260 1696 1314 κακία
1737 1259 1793 1314 δὲ
1827 1257 2042 1329 69.wa-

457 1346 557 1414 μόν
605 1348 755 1400 ἐστιν
802 1346 1008 1416 δνομασ
1056 1345 1150 1396 καὶ
1201 1345 1304 1414 τῆς
1353 1345 1727 1417 προσηγορίας
1773 1345 2042 1415 ἑκατέρας

456 1427 719 1501 βούλομαι
771 1430 872 1499 τήν
909 1430 1114 1500 ἀκριϐῆ
1166 1429 1358 1499 μαθεῖν
1415 1431 1559 1501 ὑμᾶς
1613 1429 1911 1501 σημασίαν,
1953 1430 2042 1483 ἵνα

458 1512 534 1584 μὴ
571 1513 658 1565 διὰ
683 1509 782 1582 ’τὴν
812 1511 1136 1584 ὁμωνυμίαν
1179 1513 1289 1565 τῶν
1320 1514 1666 1585 πραγμάτων
1717 1513 2042 1585 συγχέοντες

451 1593 552 1666 τὴν
587 1595 766 1664 φύσιν,
795 1597 874 1658 είς
902 1594 1250 1668 βλασφημίαν
1277 1597 1576 1670 ἐμπέσητε.

523 1807 585 1856 ε’.
629 1803 788 1856 Ἐστι
803 1802 983 1858 τοίνυν
998 1803 1185 1869 κακία,
1205 1804 1238 1873 ἡ
1255 1803 1426 1867 δντως
1446 1803 1632 1868 κακία,
1653 1804 1899 1872 πορνεία,
1923 1819 2042 1873 μοι-

453 1885 595 1958 χεία,
623 1884 926 1950 πλεονεξία,
960 1888 1055 1941 καὶ
1081 1889 1150 1939 τὰ
1178 1887 1350 1958 μυρία
1374 1887 1526 1940 δεινὰ
1561 1887 1630 1941 τὰ
1661 1886 1767 1941 τῶν
1796 1888 2042 1957 ἐσχάτων

453 1969 582 2023 ὄντα
622 1969 995 2041 ἐγκλημάτων
1043 1971 1172 2036 ἀξια
1207 1971 1303 2023 καὶ
1363 1970 1669 2043 τιμωριῶν.
1712 1971 1879 2024 Πάλιν
1927 1969 2042 2022 ἐστὶ

453 2053 645 2116 κακία,
684 2052 885 2123 μᾶλλον
934 2052 991 2106 δέ
1036 2054 1138 2106 οὐκ
1187 2053 1359 2119 ἐστιν,
1404 2053 1541 2107 ἀλλά
1583 2052 1824 2120 λέγεται,
1861 2051 2038 2122 λιμὸς,

452 2135 659 2208 λοιμὸς,
692 2137 942 2200 θάνατος,
972 2137 1148 2199 νόσος,
1180 2138 1274 2189 καὶ
1307 2137 1408 2190 ὅσα
1435 2135 1693 2190 τοιαῦτα’
1729 2137 1901 2189 ταῦτα
1931 2135 2040 2204 γὰρ

451 2221 552 2272 οὐκ
582 2220 646 2273 ἂν
670 2219 753 2291 εἴη
785 2220 933 2273 κακά
952 2237 964 2248 ·
987 2218 1076 2272 διὰ
1095 2219 1252 2272 τοῦτο
1274 2216 1448 2282 εἶπον,
1473 2219 1738 2288 Λέγεται,
1765 2219 1942 2289 μόνον.
1977 2218 2041 2272 Τί

451 2303 680 2374 δήποτε;
715 2304 834 2356 Ὀτι
869 2303 918 2355 εί
957 2303 1102 2356 κακά
1138 2298 1226 2373 ἦν,
1261 2303 1361 2355 οὐκ
1384 2305 1449 2356 ἂν
1474 2302 1697 2370 ἀγαθῶν
1725 2305 1860 2373 ἡμῖν
1895 2303 2043 2356 αἴτια

453 2385 720 2454 ἐγεγόνει,
764 2386 1165 2456 σωφρονίζοντα
1223 2385 1322 2456 τὴν
1375 2385 1654 2450 ἀπόνοιαν,
1704 2384 2041 2452 ἐγκόπτοντα

453 2469 552 2541 τὴν
587 2468 861 2540 ρᾳθυμίαν
887 2469 981 2522 καὶ
1022 2469 1162 2539 πρὸς
1190 2468 1428 2541 σπουδὴν
1474 2468 1834 2536 ἐπανάγοντα,
1869 2484 2041 2538 προσ-

453 2551 851 2622 εκτικωτέρους
906 2550 1186 2604 ποιοῦντα.
1215 2552 1346 2604 Ὅτε
1376 2550 1505 2620 γὰρ,
1541 2550 1726 2621 φησὶν,
1772 2551 2043 2604 ἀπέκτει-

451 2652 562 2690 νεν
584 2636 828 2700 αὑτσὺς,
860 2637 994 2688 τότε
1034 2634 1358 2702 ὲξεζήτουν
1393 2635 1602 2699 αὐτὸν,
1633 2635 1728 2687 καί
1762 2633 2044 2702 ὲπέστρε·

453 2735 592 2788 ερον,
632 2718 731 2770 καὶ
765 2717 1046 2786 ὥρθριζον
1098 2719 1251 2788 πρὸς
1294 2718 1403 2772 τὸν
1461 2719 1627 2772 Θεόιν.
1683 2717 1900 2771 Κακίαν
1948 2711 2043 2770 οὖν

451 2803 657 2871 ταύτην
709 2801 845 2872 φησὶ
899 2802 998 2872 τὴν
1057 2801 1520 2873 σωφρονίζουσαν,
1587 2802 1688 2871 τὴν
1753 2802 2044 2872 λαμπροὺς

453 2883 746 2947 ποιοῦσαν,
801 2884 900 2954 τὴν
951 2885 1402 2956 σπουδαιοτέρους
1459 2883 1836 2955 ἐργαζομένην
1864 2924 1878 2947 ,
1941 2884 2042 2953 τὴν

454 2969 590 3038 πρὸς
621 2968 936 3037 φιλοσοφίαν
972 2969 1374 3036 ἐπανάγουσαν,
1410 2969 1510 3022 οὑκ
1550 2970 1765 3038 ἐκείνην
1797 2968 1894 3039 τὴν
1923 2968 2040 3022 δια-

450 3050 795 3122 ϐεϐλημένην
830 3053 922 3104 καὶ
970 3051 1334 3122 ἐγκλημάτων
1383 3053 1570 3120 ἀξίαν’
1621 3052 1806 3124 ἐκείνη
1840 3051 1950 3122 γὰρ
1979 3051 2040 3104 οὐ

453 3135 589 3188 Θεοῦ
622 3135 806 3207 ἔργον,
843 3135 981 3189 ἀλλά
1014 3137 1113 3206 τῆς
1156 3137 1435 3207 ἡμετέρας
1478 3135 1856 3207 προαιρέσεως
1888 3135 2040 3206 εὗρε-

457 3236 553 3288 μα,
573 3217 714 3290 αῦτη
736 3219 794 3270 δέ
818 3218 954 3286 πρὸς
980 3219 1080 3289 τήν
1110 3219 1328 3290 ἐκείνης
1356 3220 1639 3291 ἀναίρεσιν
1664 3219 1894 3288 γίνεται.
1925 3217 2039 3272 Κα-

451 3302 579 3355 κίαν
609 3299 702 3355 οὖν
729 3301 932 3372 ταύτην
965 3301 1121 3354 καλεῖ
1164 3302 1264 3373 τὴν
1291 3303 1558 3364 κάκωσιν.
1590 3303 1688 3372 τὴν
1720 3305 1784 3356 ἐκ
1811 3301 1922 3354 τῶν
1954 3319 2038 3354 τι-

455 3384 677 3455 μωριῶν
722 3385 1016 3454 γινομένην
1050 3386 1202 3455 ἡμῖν,
1238 3385 1296 3437 οὐ
1325 3385 1468 3439 κατά
1492 3386 1590 3457 τὴν
1618 3385 1826 3438 οἰκείαν
1855 3385 2037 3455 φύσιν,

451 3469 594 3522 ἀλλά
627 3468 769 3522 κατά
794 3469 892 3538 τὴν
939 3468 1194 3522 ὑπόνοιαν
1226 3468 1334 3522 τῶν
1367 3468 1693 3541 ἀνθρώπων,
1734 3468 1907 3532 οὕτως
1941 3470 2037 3521 αύ-

451 3554 555 3625 τὴν
583 3551 886 3623 ὀνομάζων.
932 3551 1150 3620 Ἐπειδὴ
1179 3552 1286 3624 γὰρ
1313 3554 1512 3606 κακίαν
1531 3554 1718 3607 καλεῖν
1745 3553 2038 3624 εἰώθαμεν,

452 3639 515 3690 οὐ
548 3637 646 3701 τὰς
670 3636 874 3698 κλοπάς
907 3637 1001 3688 καὶ
1031 3636 1126 3700 τὰς
1157 3636 1402 3707 μοιχείας
1426 3638 1607 3708 μόνον,
1647 3637 1784 3691 ἀλλὰ
1823 3638 1917 3690 καί¹
1943 3637 2042 3702 τὰς

457 3721 764 3791 συμφορὰς,
796 3720 903 3773 ἀπὸ
935 3721 1036 3788 τῆς
1071 3719 1179 3772 τῶν
1235 3719 1540 3790 ἀνθρώπων
1589 3721 1772 3792 ψήφου
1803 3721 1945 3774 οὕτω
1976 3722 2039 3775 τὸ

456 3805 690 3876 πρᾶγμα
725 3802 973 3856 ἐκάλεσε.
1017 3803 1189 3854 Τοῦτο
1242 3799 1336 3857 οὖν
1366 3805 1515 3858 ἐστιν
1556 3806 1583 3858 ὅ
1629 3822 1794 3875 φησιν
1828 3803 1979 3876 [2541
2013 3807 2040 3858 6

457 3888 768 3958 προφήτης,
801 3887 883 3939 ὅτι
917 3887 1039 3939 Οὐκ
1086 3887 1221 3941 ἐστι
1273 3888 1453 3940 κακία
1484 3888 1555 3940 ἐν
1591 3889 1784 3952 πόλει,
1815 3888 1894 3956 ἢν
1921 3889 2040 3942 Κύ-

447 3988 580 4041 ριος
611 3972 722 4024 οὐκ
759 3969 1034 4038 ἐποίησε.
1078 3969 1248 4022 Τοῦτο
1290 3972 1384 4023 καὶ
1419 3971 1506 4023 διὰ
1547 3972 1769 4024 Ἡσαΐου
1811 3973 2043 4044 παρεδή-

455 4053 627 4106 λωσεν
646 4054 674 4105 6
697 4052 830 4116 Θεὸς
850 4053 1022 4106 εἰπών
1042 4067 1054 4081 ⁸
1260 4052 1404 4119 Θεὸς
1430 4053 1618 4108 ποιῶν
1641 4056 1913 4124 εἰρήνην,
1942 4057 2042 4110 καὶ

457 4135 665 4196 κτίζων
695 4135 879 4189 κακά’
922 4135 1067 4189 κακά
1111 4135 1272 4190 πάλιν
1300 4137 1396 4199 τὰς
1429 4139 1714 4208 συμφορὰς
1734 4141 2036 4211 ὀνομάζων.

456 4221 673 4291 Ταύτην
701 4222 797 4274 καὶ
817 4222 845 4274 6
869 4221 1104 4292 Χριστὸς
1126 4222 1226 4292 τὴν
1245 4221 1442 4274 κακίαν
1464 4225 1519 4274 ἐν
1551 4226 1662 4286 τοῖς
1685 4223 2040 4292 Εὑαγγελίοις

455 4305 769 4367 αἰνίττεται,
803 4303 948 4358 οὕτω
975 4303 1150 4372 λέγων
1180 4307 1291 4368 τοῖς
1320 4304 1591 4375 μαθηταῖς
1611 4323 1624 4339 ·
1675 4306 1946 4375 Ἀρκετὸν
1965 4306 2042 4377 τῇ

459 4388 645 4457 ἡμέρᾳ
673 4389 710 4455 ἡ
737 4388 918 4441 κακία
950 4386 1161 4456 αὐτῆς,
1192 4389 1490 4453 τουτέστιν,
1531 4391 1563 4460 ὴ
1591 4389 1856 4455 κάκωσις,
1886 4393 1919 4461 ή
1952 4409 2041 4444 τα-

453 4472 749 4544 λαιπωρία.
779 4473 1126 4543 Πανταχόθεν
1149 4469 1244 4527 οὖν
1279 4473 1462 4544 δῆλον,
1498 4475 1579 4527 ὅτι
1629 4475 1829 4528 κακίαν
1857 4477 2040 4532 ἐνταῦ-

456 4557 528 4611 θα
547 4558 644 4622 τὰς
678 4557 951 4627 τιμωρίας
1000 4557 1176 4620 καλεῖ,
1214 4558 1310 4609 καὶ
1351 4557 1555 4621 ταύτας
1583 4561 1718 4629 ἡμῖν
1756 4559 1922 4623 αὐτὸς
1941 4564 2039 4616 ἐττ-

457 4643 603 4710 άγει,
638 4643 893 4712 μέγιστον
922 4641 1178 4713 προνοίας
1207 4637 1347 4705 εἶδος
1383 4642 1776 4714 παρεχόμενος.
1794 4646 1903 4698 Καὶ
1930 4646 2038 4718 γὰρ

454 4730 482 4780 6
515 4727 714 4798 ἰατρὸς,
741 4727 840 4796 οὐχ
857 4727 985 4780 ὅταν
1017 4727 1097 4788 εἰς
1132 4726 1495 4798 παραδείσους
1528 4729 1622 4781 καὶ
1649 4727 1919 4798 λειμῶνας
1953 4730 2040 4794 ἐξ-

458 4811 642 4884 αγάγῃ
667 4811 757 4863 τὸν
791 4810 1088 4880 κάμνοντα,
1106 4811 1207 4864 θαυ
1216 4811 1420 4881 μαστὸς
1443 4813 1558 4866 ἐστι
1585 4813 1765 4883 μόνον,
1783 4813 1890 4866 οὐδ’
1910 4815 2039 4868 ὅταν

457 4897 540 4957 είς
575 4895 833 4963 βαλανεῖα
891 4895 986 4948 καί⁷
1041 4894 1431 4966 κολυμϐήθρας
1489 4895 1718 4961 ὑδάτων,
1770 4897 1880 4951 οὐδ’
1911 4899 2040 4954 ὅταν

457 4979 736 5051 τράπεζαν
769 4977 1046 5049 παρατιθῇ
1096 4979 1381 5044 πλουσίαν,
1419 4979 1555 5034 ἀλλὰ
1577 4981 1672 5034 καὶ
1702 4981 1830 5036 ὅταν
1856 4982 2040 5038 ἄσιτον

457 5061 655 5132 κελεύῃ
677 5061 969 5130 διαμένειν,
997 5063 1092 5116 καὶ
1110 5064 1236 5117 ὅταν
1262 5063 1406 5136 ἄγχη
1430 5065 1576 5135 λιμῷ
1598 5066 1693 5119 καὶ
1713 5065 1839 5138 δίψῃ
1870 5085 2040 5122 κατα-

457 5145 630 5217 τείνῃ,
668 5147 734 5216 τῇ
767 5143 922 5217 κλίνῃ
955 5147 1246 5217 προσηλῶν
1277 5149 1372 5201 καὶ
1399 5148 1499 5219 τὴν
1533 5149 1712 5204 οἰκίαν
1753 5149 2037 5223 δεσμωτή-

459 5246 574 5300 ριον
604 5227 926 5298 ποιούμενος
945 5227 986 5292 ⁸,
1016 5230 1112 5283 καὶ
1146 5230 1313 5284 αὐτοῦ
1359 5230 1454 5284 τοῦ
1497 5233 1673 5302 φωτὸς
1718 5236 2040 5305 ἀποστερῶν

457 5312 552 5367 καὶ
583 5312 894 5376 συσκιάζων
931 5314 1269 5385 πανταχόθεν
1319 5314 1380 5368 τὸ
1416 5316 1686 5388 δωμάτιον
1721 5321 2041 5391 παραπετά-

460 5413 648 5466 σμασι.
668 5396 760 5450 καὶ
783 5397 912 5450 ὅταν
939 5396 1131 5469 τέμνῃ,
1158 5399 1251 5450 καὶ
1278 5399 1406 5452 ὅταν
1431 5401 1688 5473 καίηκαὶ
1713 5405 1841 5458 ὅταν
1867 5405 2042 5476 πικρά

460 5479 711 5550 προσάγῃ
746 5478 1035 5550 φάρμακα,
1092 5481 1273 5552 ἰατρός
1330 5482 1477 5538 ἐστιν
1525 5485 1748 5556 ὁμοίως.
1778 5487 1903 5552 Πῶς
1945 5486 2040 5544 οῦν

459 5562 558 5614 οὐκ
578 5563 777 5616 ἄτοπον
810 5563 1017 5616 ἐκεῖνον
1067 5562 1167 5633 μέν
1197 5563 1438 5620 τοσαῦτα
1476 5567 1846 5640 ἐργαζόμενον
1894 5574 2040 5628 κακά

464 5641 643 5715 ἰατρὸν
686 5644 891 5711 καλεῖν,
923 5644 1015 5700 τὸν
1043 5645 1100 5700 δέ
1129 5646 1283 5716 Θεὸν,
1307 5648 1362 5702 εί
1397 5667 1526 5705 ποτε
1551 5650 1610 5706 ἓν
1641 5653 1846 5710 τούτων
1875 5658 2038 5730 ποιήο

522 5833 549 5863 ε
573 5833 711 5883 Colb.
733 5842 941 5898 uterque
969 5839 1284 5905 ἐργαζόμενος.

1165 391 1222 446 S.
1265 388 1552 447 JOANNIS
1590 388 2085 447 CI‘IRYSOSTOMI
2136 387 2456 445 ARCUIEP.
2498 384 3048 445 CONSTANTINOP.

3615 377 3723 433 25?.

2146 525 2311 572 σειεν,
2346 501 2458 560 οἷον
2483 505 2517 576 ἢ
2547 503 2703 576 λιμὸν
2731 504 2764 577 ἦ
2793 503 3023 557 Θάνατον
3055 497 3345 567 ἐπαγάγοι,
3384 493 3723 565 βλασφημεῖν

2142 592 2236 645 καὶ
2263 591 2362 662 τῆς
2401 590 2495 643 τοῦ
2527 588 2729 651 παντὸς
2761 586 3043 640 ἐκϐάλλειν
3069 581 3360 653 προνοίας;
3386 577 3563 630 καίτοι
3595 594 3659 645 γε
3690 578 3721 629 6

2141 674 2352 746 ἀληθὴς
2399 673 2580 746 ἰατρὸς
2604 665 2758 734 οὗτος
2802 671 2958 741 μόνος
2988 669 3106 722 ἐστὶ
3135 666 3229 720 καὶ
3260 663 3448 735 ψυχῶν
3483 662 3580 714 καὶ
3604 678 3722 746 σω-

2145 745 2351 830 μάτων.
2388 745 2496 810 Διά
2520 754 2677 808 τοῦτο
2705 754 2963 816 πολλάκις
2995 751 3094 822 τὴν
3138 750 3298 819 φύσιν
3323 748 3420 832 τὴν
3445 745 3722 832 ἡμετέραν

2141 829 2480 915 παραλαϐὼν
2532 839 2592 904 ἐξ
2640 838 2894 910 εὐθηνίας
2947 835 3288 906 σκιρτῶσαν,
3338 831 3434 885 καὶ
3476 829 3718 915 ’πυρετὸν

2143 913 2553 998 ἁμαρτημάτων
2583 924 2902 984 ὠδίνουσαν,
2941 920 3117 990 ἐνδείᾳ
3140 919 3233 970 καὶ
3261 915 3404 986 λιμῴ
3438 914 3532 998 καὶ
3564 913 3725 998 θανά-

2139 992 2218 1080 rip
2245 992 2677 1078 καὶ-συμφοραῖς
2700 1005 2937 1075 ἑτέραις,
2971 1003 3066 1056 καὶ
3092 1003 3204 1064 τοῖς
3234 999 3413 1060 ἄλλοις
3447 992 3531 1059 οἷς
3557 995 3722 1080 αὐτὸς

2141 1076 2249 1146 οἶδε
2299 1076 2616 1163 φαρμάκοις
2647 1086 2983 1142 ἀπαλλάττει
3034 1085 3141 1138 τῶν
3182 1081 3526 1152 νοσημάτων.

2140 1177 2190 1229 οἱ
2211 1161 2440 1244 πένητες
2463 1171 2816 1227 ἀἰσθάνονται
2848 1171 3000 1240 μόνοι
3032 1168 3124 1222 τοῦ
3156 1165 3339 1236 λιμοῦ,
3358 1164 3542 1234 φησίν.
3579 1161 3722 1214 Ἀλλ’

2141 1261 2262 1329 οὐχὶ
2293 1257 2610 1328 μόνῳλιμῴ
2651 1255 2888 1320 κολάζει,
2924 1251 3063 1308 ἀλλά
3109 1251 3204 1305 καὶ
3232 1250 3436 1320 ἑτέροις
3469 1247 3682 1318 μυρίοις
3706 1263 3720 1274 ·

2139 1344 2232 1397 τὸν
2259 1345 2318 1396 ἐν
2343 1341 2504 1412 πενίᾳ
2535 1342 2630 1412 μὲν
2659 1340 2792 1394 ὄντα
2809 1338 2954 1409 λιμῷ
2977 1336 3236 1396 πολλάκις
3252 1331 3604 1404 ἐσωφρόνισε,
3629 1329 3725 1382 τὸν

2142 1425 2476 1481 πλουτοῦντα
2517 1425 2572 1478 δὲ
2619 1425 2714 1477 καὶ
2767 1421 3026 1491 εὐπορίας
3059 1416 3402 1474 ἀπολαύοντα
3433 1412 3723 1474 κινδύνοις,

2141 1511 2431 1582 νοσήμασι.
2462 1508 2708 1572 θανάτοις
2733 1504 3288 1575 ἀώροις-εὐμήχανος
3316 1499 3427 1570 γάρ
3449 1499 3591 1562 ἐστι,
3627 1496 3726 1548 καὶ

2142 1594 2361 1646 ποικίλα
2387 1593 2501 1664 ἔχει
2528 1595 2628 1664 τῆς
2668 1590 2942 1661 σωτηρίας
2969 1586 3126 1659 ήμῶν
3163 1585 3231 1638 τά
3255 1583 3542 1655 φάρμακα.

2213 1739 2371 1793 Οὕτω
2400 1739 2494 1793 καὶ
2518 1737 2769 1792 δικασταὶ
2810 1735 3055 1790 ποιοῦσιν
3078 1751 3089 1763 ·
3129 1735 3190 1787 οὐ
3224 1731 3421 1802 τιμῶσι
3456 1731 3612 1800 μόνον
3640 1744 3730 1779 00-

2141 1823 2196 1876 δέ
2239 1822 2561 1891 στεφανοῦσι
2613 1823 2740 1884 τοὺς
2791 1820 2891 1882 τάς
2924 1819 3109 1881 πόλεις
3139 1815 3440 1878 οἰκοῦντας,
3476 1812 3596 1865 οῦδέ
3624 1810 3730 1862 δω-

2145 1905 2272 1976 ρεάς
2305 1905 2606 1977 παρέχουσι
2633 1905 2815 1974 μόνον,
2848 1902 2982 1956 ἀλλά
3005 1901 3098 1954 καὶ
3133 1900 3417 1963 κολάζουσι
3441 1893 3724 1956 πολλάκις.

2143 1989 2242 2042 Διὰ
2275 1988 2432 2042 τοῦτο
2463 1990 2556 2042 καὶ
2587 1987 2736 2057 ξίφος
2778 1989 2962 2050 αὐτοῖς
3009 1984 3297 2054 ἠκόνηται,
3333 1981 3427 2034 καὶ
3475 1977 3727 2050 βάραθρα

2145 2073 2615 2145 παρεσκεύασται,
2644 2073 2736 2124 καὶ
2769 2069 2985 2141 τροχὸς,
3027 2068 3123 2121 καί¹
3155 2066 3309 2132 ξύλα,
3365 2066 3459 2117 καὶ
3517 2064 3721 2145 δήμιοι,

2146 2144 2240 2211 καί
2271 2158 2434 2229 ἕτερα
2463 2158 2634 2230 μυρία
2685 2159 2959 2212 κολάσεων
2992 2156 3130 2228 εῖδη.
3158 2156 3339 2223 Ὀπερ
3376 2145 3468 2203 οῦν
3490 2148 3582 2201 ἐπὶ
3615 2144 3728 2230 τῶν

2143 2241 2416 2294 δικαστῶν
2436 2229 2472 2294 ό
2495 2242 2709 2312 δήμιος,
2737 2241 2895 2294 τοῦτο
2930 2242 3022 2294 ἐπὶ
3044 2239 3139 2294 τοῦ
3165 2236 3302 2290 Θεοῦ
3336 2233 3514 2303 λιμὸς,
3555 2229 3729 2283 καθά-
3825 2285 3830 2292 κ

2143 2343 2252 2397 περ
2303 2315 3046 2392 δήμιοςνσωφρονίζωνὴμᾶς
3096 2322 3191 2376 καὶ
3229 2320 3326 2390 τῆς
3379 2316 3575 2378 κακίας
3613 2315 3725 2397 ἀπ·

2144 2396 2313 2477 άγων.
2334 2407 2491 2461 Οὕτω
2511 2409 2604 2461 καὶ
2631 2408 2849 2462 ἐπὶτῶν
2875 2405 3137 2478 γεωργῶν
3161 2405 3306 2457 ἐστιν
3337 2401 3482 2453 ἰδεῖν.
3513 2399 3586 2450 Οὐ
3615 2396 3728 2465 γάρ

2141 2493 2207 2563 δὴ
2251 2492 2412 2562 μόνον
2442 2491 2852 2563 περιστέλλουσι
2878 2492 2976 2562 τὴν
3015 2490 3171 2561 ῥίζαν
3198 2487 3299 2556 τῆς
3323 2483 3567 2555 ἀμπέλου
3602 2480 3724 2532 οὐδὲ

2143 2578 2628 2648 περιφράττουσιν,
2660 2576 2798 2629 ἀλλά
2830 2575 2925 2629 καὶ
2975 2573 3365 2644 περικόπτουσι
3413 2569 3509 2622 καὶ
3551 2563 3722 2618 πολλὰ

2140 2661 2250 2714 τῶν
2281 2660 2578 2732 κλημάτων
2608 2660 3006 2730 ἀποτέμνουσι·
3031 2657 3120 2711 διὰ
3149 2655 3307 2708 τοῦτο
3327 2653 3450 2724 οὐχὶ
3469 2648 3724 2714 σκαπάνη

2146 2745 2307 2815 μόνον
2355 2744 2606 2807 ἐκείνοις,
2646 2743 2783 2796 ἀλλὰ
2805 2744 2896 2796 καὶ
2934 2741 3175 2813 δρέπανα
3232 2737 3370 2809 πρὸς
3398 2733 3566 2804 τομὴν
3600 2735 3725 2784 ἐπι·-

2142 2828 2349 2899 τήδεια.
2391 2828 2531 2882 Ἀλλ’
2559 2829 2708 2898 ὅμως
2755 2829 2856 2880 οὑκ
2903 2824 3248 2894 ἐγκαλοῦμεν
3299 2820 3421 2873 ούδέ
3470 2817 3719 2878 τούτοις·

2143 2913 2278 2966 ἀλλὰ
2300 2914 2393 2966 καὶ
2413 2914 2536 2966 τότε
2559 2913 2794 2983 μάλιστα
2822 2912 3020 2972 αὐτοὺς
3047 2904 3417 2978 θαυμάζομεν,
3448 2903 3573 2956 ὅταν
3593 2900 3725 2952 ἴδωσ-

2145 3013 2246 3068 μεν
2268 2995 2439 3050 πολλὰ
2467 2996 2577 3048 τῶν
2602 2998 2891 3066 ἀχρήστων
2929 2993 3318 3052 ἐκκόπτοντας,
3351 2988 3491 3041 ὥστε
3523 2987 3587 3054 τῇ
3611 2983 3726 3036 τῶν

2142 3080 2414 3153 περιττῶν
2434 3079 2673 3150 ἀποϐολῇ
2702 3083 2813 3143 τοῖς
2833 3078 3054 3150 μένουσι
3076 3076 3275 3146 πολλὴν
3307 3069 3725 3153 παρασκευάσαι

2140 3152 2239 3236 τὴν
2272 3164 2566 3234 σωτηρίαν.
2606 3164 2730 3227 Πῶς
2773 3158 2865 3217 οῦν
2909 3163 3011 3215 οὐκ
3071 3160 3293 3223 ἄτοπον,
3336 3155 3546 3226 πατέρα
3599 3152 3722 3222 μὲν,

2141 3252 2237 3303 καὶ
2273 3249 2478 3321 ἰατρὸν,
2514 3251 2608 3302 καὶ
2641 3247 2922 3310 δικαστήν,
2951 3245 3046 3299 καὶ
3095 3241 3341 3315 γεωργὸν
3391 3238 3534 3293 οὕτω
3576 3236 3726 3321 δοκι-

2143 3319 2375 3404 μάζειν,
2403 3334 2499 3386 καὶ
2544 3333 2680 3402 μήτε
2720 3333 2926 3384 ἐκεῖνον
2971 3329 3301 3383 ἐκϐάλλοντα
3353 3325 3444 3377 τὸν
3475 3323 3590 3375 υἱὸν
3623 3319 3726 3387 τῆς

2141 3415 2338 3479 οἰκίας,
2377 3417 2516 3486 μήτε
2544 3416 2635 3468 τὸν
2669 3415 2852 3486 ἰατρὸν
2898 3410 3255 3466 ἐκτείνονταὶι
3283 3410 3376 3461 τὸν
3422 3406 3722 3476 κάμνοντα,

2147 3501 2284 3569 μήτε
2343 3499 2432 3551 τὸν
2482 3498 2742 3570 δικαστὴν
2800 3497 3118 3562 κολάζοντα,
3153 3495 3289 3565 μήτε
3338 3491 3429 3545 τὸν
3477 3486 3726 3557 γεωργὸν

2142 3583 2413 3635 κόπτοντα
2450 3581 2762 3653 μέμφεσθαι
2801 3580 2895 3635 καὶ
2941 3578 3248 3634 αἰτιᾶσθαιο
3277 3576 3370 3628 τὸν
3398 3575 3454 3628 δὲ
3485 3573 3638 3630 Θεὸν,
3673 3570 3730 3621 εἴ

2142 3681 2272 3718 ποτε
2485 3664 2773 3736 βουληθείη
2819 3663 3072 3734 καθάπερ
3100 3658 3547 3732 καρηϐαροῦντας
3575 3655 3725 3726 ἡμᾶς

2143 3749 2253 3803 ἀπὸ
2285 3750 2384 3819 τῆς
2432 3748 2633 3820 πολλῆς
2670 3749 2968 3820 ἀναστῆσαι
3006 3747 3174 3818 μέθης
3197 3745 3296 3815 τῆς
3333 3740 3476 3795 κατὰ
3496 3741 3594 3810 τὴν
3625 3755 3725 3790 που

2145 3833 2359 3904 νηρίαν,
2395 3831 2704 3902 μέμφεσθαι
2735 3832 2829 3884 καὶ
2853 3830 3076 3903 μυρίαις
3096 3828 3312 3898 βάλλειν
3328 3822 3719 3895 κατηγορίαις;

2143 3915 2326 3984 Πόσης
2360 3915 2461 3967 οὐκ
2510 3915 2576 3967 ἂν
2611 3916 2693 3984 εἴη
2737 3914 2958 3985 μανίας,
3003 3912 3140 3984 μηδέ
3177 3911 3280 3980 τῆς
3325 3908 3492 3977 αὐτῆς
3521 3905 3596 3975 τῷ
3626 3907 3724 3955 Δε-

2144 3997 2316 4068 σπότῃ
2336 3996 2674 4066 μεταδιδόναι
2689 3996 3074 4066 δικαιολογίας,
3093 3997 3222 4068 ὅσης
3242 3991 3591 4065 μεταδίδομεν
3606 3991 3718 4050 τοῖς

2142 4080 2447 4143 συνδούλοις
2463 4099 2477 4146 ;

2214 4238 2287 4295 ς’.
2322 4229 2509 4284 Ταῦτα
2543 4231 2684 4302 ὑπὲρ
2714 4229 2891 4282 αὐτῶν
2925 4228 3036 4283 τῶν
3061 4225 3440 4296 ἐγκαλούντων
3469 4217 3723 4281 δεδοικὼς

2139 4314 2282 4384 λέγω
2306 4315 2420 4371 νῦν.
2459 4315 2546 4367 ἵνα
2583 4313 2656 4384 μὴ
2681 4314 2817 4383 πρὸς
2854 4312 3055 4384 κέντρα
3085 4309 3451 4373 λακτίζοντες,
3480 4305 3603 4367 τοὺς
3626 4303 3717 4356 πό-

2140 4400 2235 4464 δας
2265 4400 2631 4471 αίμάσσωσιν,
2660 4399 2747 4451 ἴνα
2771 4398 2845 4469 μὴ
2877 4398 2959 4461 είς
2986 4397 3212 4468 οὐρανὸν
3234 4397 3360 4457 τοὺς
3382 4392 3560 4471 λίθους

2140 4467 2344 4544 λοντες,
2383 4481 2450 4549 τῇ
2485 4477 2696 4548 κεφαλῇ
2722 4477 2791 4530 τά
2834 4467 3126 4548 τραύματα
3165 4475 3445 4541 δέξωνται.
3502 4467 3644 4538 Ἐγὼ
3667 4467 3725 4519 δέ

2141 4566 2236 4619 καὶ
2281 4565 2478 4636 ἑτέραν
2518 4563 2826 4634 ὑπερϐολὴν
2882 4563 2992 4633 ἔχω
3037 4561 3211 4634 πλείω
3260 4557 3464 4626 ταύτης
3520 4555 3720 4606 εἰπεῖν.

2155 4646 2384 4702 Ἀνελὼν
2429 4647 2539 4718 γὰρ
2589 4646 2651 4699 τὸ
2683 4646 2864 4716 ζητεῖν
2894 4645 3058 4717 (κατά
3093 4644 3440 4714 συγχώρησιν
3479 4638 3645 4708 λέγω)
3675 4637 3725 4688 εί

2141 4732 2426 4804 χρησίμως
2459 4730 2619 4783 ἔλαϐε
2654 4732 2781 4801 παρ’
2815 4729 2970 4800 ἡμῶν
2998 4730 3026 4782 6
3051 4728 3204 4792 Θεὸς,
3235 4728 3410 4779 ἐκεῖνο
3455 4722 3598 4792 λέγω
3627 4721 3724 4792 μό-

2141 4805 2262 4882 νον,’
2278 4817 2361 4870 ὅτι
2397 4818 2445 4867 εἰ
2485 4814 2643 4867 ἔλαϐε
2673 4813 2744 4867 τά
2762 4814 3004 4878 δοθέντα,
3032 4812 3152 4866 οὐδὲ
3172 4811 3343 4873 οὕτως
3365 4807 3619 4876 ἐγκαλεῖν
3639 4821 3724 4867 τις

2143 4897 2288 4972 εἶχεν
2316 4898 2464 4969 αὐτῷ
2483 4915 2495 4927 ³
2527 4899 2624 4952 καὶ
2666 4897 2776 4969 γὰρ
2828 4898 3017 4968 κύριος
3038 4893 3107 4968 ἦν
3138 4895 3247 4949 τῶν
3275 4893 3458 4948 αὑτοῦ.
3512 4893 3596 4944 Ἐν
3636 4893 3724 4943 άν-

2141 4983 2380 5055 θρώποις
2422 4981 2541 5052 μὲν,
2567 4982 2694 5035 ὅταν
2731 4983 2863 5052 ἡμῖν
2890 4979 3384 5053 παρακαταθῶνται
3403 4987 3426 5015 ο
3460 4977 3724 5048 χρήματα

2143 5067 2240 5120 καὶ
2285 5064 2603 5129 δανείζωσιν
2655 5065 2937 5136 ἀργύριον,
2986 5064 3148 5136 χάριν
3197 5059 3568 5133 ὁμολογοῦμεν
3626 5057 3722 5110 τοῦ

2142 5151 2356 5221 χρόνου,
2394 5148 2514 5202 καθ’
2546 5147 2604 5200 ὃν
2634 5148 2700 5219 δὴ
2745 5149 3050 5213 ἐδάνεισαν,
3083 5150 3183 5201 οὐκ
3211 5141 3634 5214 ἀγανακτοῦμεν
3661 5141 3724 5195 δὲ

2142 5233 2282 5304 ὑπὲρ
2331 5232 2426 5286 toi
2475 5233 2688 5304 χρόνου,
2737 5233 2858 5286 καθ’
2884 5232 2942 5286 ὃν
2983 5230 3343 5304 ἀφαιροῦνται
3360 5227 3431 5281 τά
3457 5227 3601 5281 ἴδια·
3643 5224 3724 5294 τῷ

2139 5316 2259 5386 Θεῷ
2283 5316 2341 5369 δέ
2366 5315 2434 5369 τά
2453 5316 2620 5370 αὑτοῦ
2651 5316 2960 5387 βουλομένῳ
2982 5316 3167 5370 λαϐεῖν
3183 5312 3574 5382 ἐγκαλέσομεν,
3596 5309 3720 5361 είπέ

2144 5417 2268 5471 μοι;
2299 5400 2393 5454 καὶ
2422 5399 2538 5464 πῶς
2568 5401 2669 5455 οὐκ
2692 5402 2927 5473 ἐσχάτης
2960 5400 3130 5454 ταῦτα
3148 5400 3366 5465 ἀνοίας;
3409 5394 3547 5448 Ἀλλ’
3571 5392 3722 5462 οὐχὸ

2144 5486 2314 5556 μέγας
2346 5486 2441 5539 καὶ
2459 5489 2702 5554 γενναῖος
2747 5485 2865 5539 Ἰὼϐ
2893 5484 3067 5548 οὕτως
3095 5485 3379 5554 ἐποίησενο
3411 5481 3532 5536 οὐδὲ
3555 5479 3721 5548 ἡνίκα

2139 5569 2411 5641 ἐλάμϐανε
2435 5571 2616 5642 μόνον,
2648 5569 2783 5624 ἀλλά
2798 5572 2893 5626 καὶ
2912 5571 3072 5643 ἡνίκα
3092 5570 3361 5642 ἀφῄρητο,
3390 5567 3550 5640 χάριν
3571 5567 3721 5638 ὼμο⁶

2196 5729 2225 5770 b
2251 5730 2399 5780 Savil.
2428 5733 2728 5782 ἐπιτείνοντα.

2200 5796 2225 5858 ξ
2271 5795 2420 5841 Savil.
2472 5796 2527 5842 Εἰ
2573 5795 2696 5857 ἀνθρ.
2747 5796 2858 5858 ὅταν
2899 5795 3011 5858 ἡμῖν
3052 5811 3227 5858 παρακ.
3276 5794 3393 5858 Inde
3441 5802 3722 5853 pronomen

2140 5854 2250 5915 ἡμῖν
2275 5858 2567 5918 recepimus,
2590 5854 2721 5919 qubd
2746 5857 2910 5906 Monlf.
2937 5854 3032 5906 ιιυι·
3063 5854 3302 5908 ediderat.
3328 5857 3464 5907 Enn.
