4046 6396
263 338 361 396 231

261 456 454 523 quippe
480 462 580 515 est,
606 452 692 522 qui
723 451 836 507 haec
857 453 1035 507 omnia
1063 454 1284 522 peragit,
1312 465 1361 507 et
1392 470 1584 525 corpus
1608 455 1849 526 castigat,

263 556 314 597 ut
361 545 537 597 anima
603 544 934 598 emendetur.
990 549 1070 599 An
1112 562 1240 600 vero
1280 546 1421 601 Deus
1470 548 1581 601 lucc
1630 550 1851 617 peragit,

261 638 399 689 dicet
427 636 656 705 aliquis?
695 637 789 691 llle
818 652 944 690 vero
973 638 1089 691 hrec
1118 640 1354 707 peragit;
1383 641 1627 707 quamvis
1662 639 1854 694 civitas

260 727 433 780 omnis
473 727 713 792 adesset,
763 730 1004 796 quamvis
1044 728 1322 784 universus
1364 731 1507 783 orbis
1556 741 1849 797 terrarum,

266 818 362 872 hoc
389 817 570 872 dicere
597 835 683 873 me
710 834 815 874 non
842 820 1057 889 pigebit.
1085 823 1259 889 Atque
1283 821 1485 874 utinam
1517 823 1636 875 tuba
1662 823 1855 875 clarior

263 909 389 962 mihi
414 925 514 963 vox
533 920 696 975 esset,
722 921 881 980 atque
898 911 949 964 in
968 911 1177 965 sublimi
1196 913 1313 966 loco
1336 927 1542 980 possem
1562 913 1855 966 consistere

262 1012 417 1071 atque
462 1003 707 1057 omnibus
744 1004 1075 1072 proclamare
1116 1020 1179 1059 ac
1224 1004 1493 1059 testiﬁcari
1544 1006 1708 1059 Deum
1754 1005 1852 1057 ista

263 1105 535 1164 praestare.
582 1095 763 1165 Neque
790 1112 900 1165 prae
929 1098 1089 1150 nimia
1120 1098 1417 1167 arrogantia
1448 1098 1561 1151 haec
1587 1113 1614 1150 a
1645 1113 1731 1152 me
1769 1098 1852 1151 di-

260 1197 484 1251 cuntur,
537 1186 630 1241 sed
678 1188 1014 1242 assistentem
1065 1187 1235 1243 habeo
1278 1188 1588 1257 prephetam
1644 1203 1852 1243 mecum

264 1279 581 1334 clamantem
618 1295 680 1333 ac
705 1280 990 1341 dicentem,
1028 1282 1150 1349 quia
1196 1279 1313 1334 Non
1340 1291 1412 1333 est
1437 1282 1630 1333 malitia
1656 1282 1706 1333 in
1728 1281 1854 1333 civi-

263 1380 382 1437 tate,
412 1387 563 1440 quam
586 1387 684 1424 non
707 1372 879 1441 fecerit
908 1370 1160 1425 Dominus
1190 1373 1365 1442 (Amos
1390 1372 1442 1426 5.
1468 1372 1543 1440 6);
1566 1382 1648 1426 est
1676 1381 1852 1425 autem

262 1477 457 1517 nomen
480 1462 830 1531 cequivocum,
858 1462 1075 1527 malitia,
1105 1474 1156 1516 et
1182 1464 1459 1533 utriusque
1484 1463 1851 1532 appellationis

261 1553 383 1607 volo
412 1570 507 1607 vos
550 1565 789 1608 exactam
834 1555 1271 1623 significationem
1315 1555 1575 1617 ediscere,
1620 1570 1686 1608 ne
1720 1554 1853 1608 forte

261 1655 479 1718 propter
493 1646 741 1700 dictionis
756 1647 1177 1717 ambiguitatem,
1200 1657 1441 1701 naturam
1463 1647 1851 1701 confundentes

262 1754 440 1793 rerum
466 1740 516 1790 in
550 1738 931 1807 blasphemiam
965 1739 1229 1792 incidatis.

330 1830 384 1883 5.
415 1829 628 1882 Malitia:
650 1845 829 1882 nomen
860 1830 1013 1882 variis
1038 1829 1200 1883 modis
1221 1828 1667 1898 accipitur.-—Est
1694 1829 1853 1898 igitur

264 1922 484 1982 malitia,
510 1937 627 1991 quae
654 1937 782 1976 vere
806 1923 1004 1976 malitia
1036 1933 1138 1987 est,
1171 1921 1473 1986 fornicatio,
1505 1923 1847 1987 adulterium,

258 2014 499 2079 avaritia,
540 2022 593 2068 et
626 2014 902 2068 innumera
944 2014 1102 2077 mala,
1145 2029 1262 2083 qum
1293 2013 1516 2067 summis
1540 2014 1850 2067 criminibus

259 2106 639 2175 suppliciisque
681 2114 804 2159 sunt
837 2106 1015 2175 digna.
1046 2106 1250 2159 Rursus
1279 2116 1362 2159 est
1386 2106 1605 2170 malitia,
1638 2106 1720 2160 vel
1750 2121 1851 2174 po-

261 2198 364 2251 tius
390 2213 493 2250 non
522 2206 623 2263 est,
649 2197 742 2251 sed
774 2196 971 2251 dicitur
999 2198 1219 2262 malitia,
1253 2196 1438 2260 fames,
1472 2196 1656 2264 pestis,
1681 2212 1845 2263 mors,

259 2290 538 2359 mgritudo,
585 2298 639 2343 et
672 2289 777 2342 alia
806 2288 1089 2357 ejusmodi.
1120 2288 1245 2343 limo
1274 2291 1544 2341 enimnon
1576 2299 1701 2343 sunt
1724 2304 1850 2345 vere

259 2380 394 2433 mala
416 2398 428 2431 :
450 2389 727 2449 propterea
750 2381 855 2434 dixi
884 2390 1084 2433 tantum
1114 2380 1389 2449 appellari.
1416 2380 1549 2446 Quid
1574 2380 1670 2433 ita?
1695 2379 1847 2447 Quod

256 2472 299 2524 si
343 2471 480 2523 mala
527 2481 728 2534 essent,
774 2472 1032 2525 bonorum
1080 2471 1232 2524 nobis
1272 2486 1446 2524 eausa:
1495 2487 1597 2524 non
1646 2481 1845 2538 essent,

255 2562 379 2615 dum
426 2563 782 2631 arrogantiam
828 2563 1141 2630 reprimunt,
1190 2572 1458 2630 torporem
1490 2564 1765 2617 excutiunt
1794 2576 1850 2619 et

256 2654 321 2706 ad
343 2654 675 2722 diligentiam
705 2654 941 2715 incitant,
972 2655 1096 2707 dum
1132 2655 1443 2709 attentiores
1472 2671 1569 2709 nos
1596 2656 1845 2712 reddunt.

256 2742 384 2796 Cum
412 2746 576 2811 enim,
620 2745 807 2815 inquit,
840 2746 1079 2799 occideret
1108 2762 1211 2811 eos,
1242 2756 1357 2799 tunc
1384 2748 1672 2817 quaerebant
1700 2764 1846 2801 eum:

253 2844 297 2886 et
326 2836 716 2901 revertebantur,
748 2850 794 2888 et
829 2836 1053 2891 diluculo
1082 2838 1339 2892 veniebant
1380 2840 1448 2890 ad
1490 2837 1647 2891 Deum
1672 2838 1843 2904 (Psal.

253 2925 339 2978 77.
376 2926 485 2994 54).
514 2925 768 2979 Malitiam
794 2925 953 2995 igitur
981 2928 1117 2981 hanc
1138 2927 1287 2992 dicit,
1314 2944 1432 2997 quae
1457 2929 1693 2998 corrigit,
1728 2944 1844 2997 quae

254 3015 424 3069 reddit
453 3016 707 3080 illustres,
747 3032 863 3085 qua:
908 3017 1273 3087 diligentiores
1302 3016 1481 3082 efﬁcit,
1512 3034 1630 3088 qua:
1674 3018 1842 3085 philo-

250 3108 492 3176 sophiam
538 3108 742 3172 inserit,
774 3124 876 3162 non
909 3109 1052 3163 illam
1097 3109 1420 3164 accusationi
1466 3120 1518 3164 et
1556 3111 1843 3180 reprehen-

250 3199 387 3251 sioni
432 3197 741 3253 obnoxiam.
776 3198 909 3253 Nam
952 3200 1040 3253 illa
1070 3199 1162 3255 Dei
1195 3216 1331 3270 opus
1359 3216 1462 3254 non
1492 3213 1594 3265 est,
1623 3201 1717 3256 sed
1742 3217 1840 3255 n0-

251 3300 379 3343 straz
406 3290 693 3343 voluntatis
722 3291 1013 3353 inventum,
1039 3291 1153 3346 haec
1180 3303 1358 3346 autem
1388 3293 1453 3345 ad
1483 3294 1622 3345 illam
1652 3293 1841 3346 tollen—

249 3382 369 3434 dam
398 3382 634 3437 instituta
665 3393 766 3437 est.
796 3384 1046 3437 Malitiam
1092 3386 1250 3454 igitur
1278 3388 1414 3439 hanc
1434 3386 1664 3454 appellat
1702 3385 1840 3439 allii-

248 3473 503 3536 ctionem,
533 3491 650 3543 qua:
680 3476 832 3530 nobis
850 3492 913 3530 ex
941 3477 1217 3545 suppliciis
1241 3478 1410 3530 oritur
1431 3520 1444 3541 ,
1496 3492 1600 3530 non
1632 3492 1697 3530 ex
1745 3492 1838 3531 sua

249 3574 459 3629 natura,
483 3565 576 3619 sed
608 3581 672 3620 ex
701 3567 974 3620 hominum
1002 3568 1254 3636 opinione
1285 3569 1388 3621 tale
1424 3568 1497 3620 illi
1525 3584 1717 3623 nomen
1750 3570 1841 3622 im-

249 3672 472 3725 ponens.
496 3656 627 3711 Nam
655 3659 905 3727 quoniam
936 3660 1190 3713 malitiam
1238 3660 1472 3713 solemus
1499 3674 1690 3715 vocare
1732 3676 1837 3713 non

248 3746 384 3801 furta
457 3749 629 3802 solum
706 3759 761 3803 et
811 3750 1105 3817 adulteria,
1156 3751 1249 3804 sed
1273 3752 1433 3805 etiam
1482 3752 1833 3817 calamitates,

247 3855 309 3892 ex
343 3839 618 3894 hominum
650 3843 912 3896 sententia
954 3843 1023 3896 ita
1064 3859 1174 3897 rem
1210 3844 1509 3913 appellavit.
1540 3845 1649 3899 Hoc
1680 3846 1837 3915 igitur

246 3938 352 3990 est.
384 3932 527 3999 quod
555 3933 623 3985 ait
654 3934 932 4001 propheta,
964 3934 1086 4003 quia
1121 3933 1245 3987 Non
1285 3944 1359 3988 est
1386 3934 1581 3987 nialitia
1619 3935 1670 3987 in
1711 3937 1835 3988 civi-

248 4032 369 4089 tate,
399 4040 548 4093 quant
571 4041 671 4078 non
696 4028 867 4095 fecerit
890 4023 1333 4095 Donrinustos
1364 4027 1413 4081 5.
1448 4026 1523 4094 6).
1544 4026 1656 4082 Hoc
1676 4028 1833 4081 etiam

248 4128 344 4182 per
373 4114 561 4168 Isaiam
593 4126 747 4169 antea
784 4116 1103 4185 signiﬁcavit
1141 4118 1279 4171 Deus
1302 4160 1314 4181 ,
1362 4133 1483 4170 cum
1511 4118 1688 4172 dixit:
1726 4118 1835 4188 Ego

248 4206 386 4261 Deus
415 4210 605 4279 faciens
628 4226 823 4278 pacem,
850 4220 897 4263 et
916 4226 1094 4265 creans
1121 4212 1255 4263 mala
1288 4210 1437 4282 (lsai.
1478 4213 1565 4266 45.
1600 4214 1674 4281 7);
1695 4212 1833 4265 mala

251 4314 433 4354 rursus
449 4300 784 4356 calamitates
806 4303 1100 4372 appellans.
1129 4302 1279 4356 Hanc
1298 4304 1456 4357 etiam
1475 4303 1718 4357 Christus
1733 4319 1833 4356 ma-

249 4391 411 4445 litiam
443 4394 492 4445 in
520 4393 824 4463 Evangeliis
842 4395 1162 4458 subindicat,
1183 4412 1303 4451 cum
1325 4397 1599 4465 discipulis
1620 4401 1692 4450 ita
1709 4397 1836 4451 dicit

248 4480 443 4550 Sufficit
472 4484 571 4536 diei
597 4485 791 4537 malitia
810 4501 903 4538 sua
919 4484 1131 4552 (Matth.
1156 4486 1208 4539 6.
1232 4485 1344 4557 34),
1371 4486 1472 4539 hoc
1493 4496 1575 4542 est
1593 4485 1829 4550 afﬂictio,

246 4574 483 4629 miseria.
512 4574 704 4644 Liquet
746 4571 911 4646 igitur
931 4578 1163 4647 undique
1187 4578 1441 4632 malitiam
1470 4578 1557 4633 hic
1572 4595 1692 4634 eum
1721 4596 1834 4649 pm-

246 4682 342 4721 nas
374 4669 663 4737 appellare,
696 4684 827 4738 quas
841 4681 894 4723 et
921 4671 1035 4739 ipse
1051 4672 1205 4726 nobis
1223 4672 1348 4725 dum
1369 4672 1530 4727 infert
1544 4675 1833 4727 maximum

243 4772 357 4813 sua:
386 4774 529 4812 curae
554 4774 617 4813 ac
644 4760 991 4829 providentia:
1020 4777 1188 4831 genus
1203 4764 1438 4818 exhibet.
1459 4764 1589 4818 Nam
1631 4775 1685 4820 et
1716 4781 1829 4820 me-

244 4850 415 4913 dicus,
448 4866 553 4904 non
571 4867 689 4905 cum
709 4867 905 4921 agrum
938 4854 991 4907 in
1012 4854 1196 4909 hortos
1216 4871 1277 4909 ac
1293 4866 1440 4926 prata
1456 4857 1690 4923 deducit,
1715 4859 1833 4913 lau-

244 4942 455 4997 dandus
473 4954 554 4998 est
581 4954 804 5010 tantum,
823 4962 921 5001 nec
946 4962 1066 5002 cum
1083 4949 1133 5002 in
1153 4950 1341 5004 balnea
1354 4952 1647 5019 etpiscinas
1672 4968 1833 5023 aqua-

244 5049 491 5101 rum,nec
505 5052 625 5088 cum
640 5037 911 5107 Opiparam
932 5054 1167 5094 mensam
1185 5043 1422 5110 apponit,
1439 5043 1531 5097 sed
1549 5054 1602 5096 et
1618 5060 1737 5097 cum
1752 5045 1834 5113 je-

239 5126 594 5195 junumjnbet
609 5144 846 5192 manere,
864 5145 982 5183 cum
1000 5130 1134 5184 fame
1150 5142 1357 5201 torquet
1370 5134 1517 5187 etsiti
1540 5134 1827 5197 excruciat,

242 5233 364 5269 cum
398 5218 537 5272 lecto
579 5220 765 5288 afﬁgit,
808 5233 861 5275 et
888 5222 1106 5276 domum
1154 5227 1415 5279 convertit
1444 5226 1495 5279 in
1534 5242 1828 5293 carcerem,

243 5322 363 5361 cum
393 5310 509 5377 ipso
530 5309 733 5364 lumine
762 5313 906 5366 illum
939 5315 1109 5382 privat
1149 5330 1211 5369 ac
1238 5317 1453 5370 domum
1486 5319 1718 5388 undique
1749 5330 1829 5372 ta-

244 5401 456 5469 petibus
506 5404 809 5467 obumbrat,
853 5421 974 5460 cum
1020 5416 1165 5461 secat
1200 5416 1254 5462 et
1297 5411 1434 5473 urit,
1477 5426 1595 5463 cum
1639 5410 1830 5465 acerba

246 5494 467 5562 porrigit
513 5494 917 5561 medicamenta,
962 5512 1028 5551 ex
1056 5513 1208 5567 aequo
1234 5500 1471 5553 medicus
1493 5509 1593 5554 est.
1639 5503 1830 5555 Annon

245 5585 406 5653 igitur
432 5588 719 5642 absurdum
755 5598 858 5654 est,
887 5590 1032 5643 illum
1079 5600 1156 5644 tot
1195 5592 1349 5645 malis
1376 5592 1537 5647 illatis
1566 5594 1828 5647 medicum

246 5690 459 5741 vocare,
487 5676 651 5731 Deum
681 5694 826 5743 vero,
859 5680 901 5734 si
933 5680 1060 5750 quid
1089 5681 1195 5735 tale
1220 5683 1547 5750 praestiterit,
1594 5684 1827 5752 exempli

243 5786 424 5840 causa,
457 5772 504 5827 si
524 5772 718 5828 famem
743 5784 833 5827 aut
866 5786 1089 5829 mortem
1131 5776 1408 5845 invexerit,
1432 5776 1825 5848 blasphemare,

568 5867 830 5927 PATBOL.
878 5868 993 5929 Gn.
1040 5869 1265 5929 XLIX.

1046 350 1387 407 ΠᾸΞΜΟΝΕΞ
1425 350 1560 405 NON
1602 348 2022 407 GUBERNARE
2063 353 2373 410 MUNDUM.
2419 354 2646 411 llOMlL.
2692 355 2731 409 l.

3449 350 3557 405 252

1965 463 2125 527 atque
2144 457 2213 510 illi
2237 472 2419 511 curam
2450 458 2684 512 universi
2728 457 3048 514 detrahere?
3077 463 3223 532 alqui
3254 479 3413 519 verus
3439 482 3557 520 me—

1963 549 2113 603 dicus
2128 559 2209 604 est
2229 551 2339 617 ipse
2358 550 2503 604 solus
2520 560 2571 604 et
2587 551 2882 604 animarum
2904 561 2956 605 et
2974 567 3277 622 corporum.
3295 555 3553 622 Quocirca

1962 654 2329 708 smpenumero
2369 650 2612 695 naturam
2638 652 2875 696 nostram
2903 659 2966 697 ex
2998 644 3159 699 nimia
3194 649 3546 715 prosperitate

1963 731 2307 785 insultantem
2355 732 2783 803 deprehendens,
2827 746 2881 789 et
2923 738 3009 790 cui
3052 738 3163 806 jam
3213 750 3552 808 peetzatorum

1965 820 2127 875 febris
2173 824 2463 893 ingrueret,
2509 835 2766 894 egestate,
2814 826 2973 894 fame,
3016 839 3187 884 morte
3233 848 3295 885 ac
3347 836 3556 887 cmteris

1962 916 2214 967 :erumnis
2248 916 2473 986 aliisque
2509 919 2912 973 medicamentis
2940 921 3041 975 sibi
3079 924 3218 977 notis
3239 925 3305 978 ab
3332 926 3552 995 (egritu‘

1962 1005 2086 1059 dine
2118 1007 2261 1059 illam
2295 1008 2504 1062 liberat.
2539 1010 2696 1078 Atqui
2741 1025 3002 1081 pauperes
3045 1014 3146 1067 soli
3192 1014 3386 1069 famem
3433 1031 3557 1070 sen-

1964 1097 2117 1159 tiunt,
2145 1099 2331 1168 inquit.
2377 1100 2481 1154 Sed
2508 1115 2616 1154 non
2641 1102 2750 1155 sola
2775 1101 2915 1157 fame
2940 1105 3182 1174 castigat,
3212 1122 3395 1161 verum
3435 1109 3557 1164 aliis

1961 1201 2173 1257 quoque
2212 1189 2504 1244 innumeris
2546 1209 2558 1244 :
2591 1207 2653 1245 ac
2681 1202 2990 1261 paupertate
3025 1196 3237 1263 quidem
3288 1214 3550 1267 pressum,

1962 1292 2105 1346 smpe
2154 1278 2292 1336 fame
2340 1292 2586 1336 vexatum
2632 1285 2973 1346 emendavit;
3017 1285 3235 1341 divitem
3288 1298 3466 1343 autem
3504 1300 3555 1343 et

1962 1370 2152 1437 opibus
2197 1370 2553 1426 abundantem
2603 1374 2868 1441 periculis,
2918 1376 3140 1441 morbis,
3170 1378 3377 1431 acerbis
3400 1378 3555 1433 fune»

1962 1462 2143 1525 ribus;
2190 1464 2361 1518 solers
2390 1467 2533 1519 enim
2560 1477 2659 1528 est,
2700 1468 2853 1536 eique
2885 1468 3028 1521 varia
3058 1483 3343 1539 suppetunt
3370 1472 3554 1527 salutis

1962 1563 2159 1607 nostra:
2188 1555 2593 1611 medicamenta.

2032 1644 2172 1698 Deus
2201 1648 2410 1715 puniens
2432 1659 2754 1716 comparatur
2778 1667 2889 1702 cum
2902 1651 3183 1721 judicibus.
3216 1683 3287 1693 -——
3312 1650 3388 1705 Ita
3410 1668 3548 1718 quo-

1959 1753 2062 1805 que
2090 1736 2285 1791 faciunt
2312 1739 2647 1806 judiceszuon
2676 1740 2968 1796 honoribus
3002 1752 3200 1796 tantum
3233 1743 3470 1797 afficiunt
3497 1755 3549 1799 et

1958 1838 2217 1879 coronant
2248 1828 2454 1881 urbium
2487 1828 2707 1893 incolas,
2736 1846 2906 1899 neque
2925 1832 3061 1884 dona
3088 1842 3288 1886 tantum
3313 1834 3550 1904 largiun-

1962 1929 2046 1972 tur
2072 1960 2085 1984 ,
2119 1920 2211 1973 sed
2256 1929 2311 1973 ct
2350 1935 2717 1988 saepenumero
2746 1924 2985 1991 puniunt.
3023 1925 3306 1993 Pmpterea
3348 1927 3553 1996 gladius

1960 2012 2169 2065 illorum
2200 2013 2474 2067 exacuitur
2496 2055 2509 2077 ,
2539 2024 2593 2067 et
2620 2014 2866 2068 barathra
2909 2026 3162 2084 parantur
3185 2059 3199 2082 ,
3230 2027 3284 2071 et
3318 2029 3431 2072 rota
3453 2060 3467 2083 ,
3499 2030 3554 2073 et

1958 2104 2189 2172 equulei,
2216 2114 2269 2157 et
2296 2104 2593 2167 carniﬁces,
2618 2114 2672 2157 et
2694 2106 2794 2158 alia
2821 2105 3098 2160 innumera
3123 2123 3318 2177 genera
3349 2110 3521 2178 suppli
3539 2140 3553 2149 -

1957 2195 2181 2248 ciorum.
2212 2196 2360 2262 Quod
2391 2195 2550 2264 igitur
2586 2204 2669 2249 est
2706 2196 2845 2264 apud
2886 2197 3096 2263 judices
3142 2197 3378 2252 carnifex
3405 2241 3420 2265 ,
3448 2199 3549 2252 hoc

1957 2284 2095 2352 apud
2127 2286 2287 2338 Deum
2316 2297 2396 2338 est
2425 2285 2609 2351 fames,
2640 2301 2760 2355 qua:
2788 2295 3053 2356 tamquam
3083 2288 3316 2341 carnifex
3344 2304 3442 2343 nos
3463 2305 3553 2342 ca-

1958 2378 2114 2447 stigat
2148 2388 2201 2432 et
2232 2393 2261 2428 a
2289 2379 2414 2431 vitio
2441 2391 2673 2432 revocat.
2707 2379 2849 2432 Idem
2882 2388 2935 2432 et
2965 2380 3015 2431 in
3047 2380 3294 2449 agricolis
3325 2395 3547 2436 eernere

1956 2470 2083 2525 licet
2112 2488 2123 2523 :
2155 2486 2261 2525 non
2285 2472 2426 2525 enim
2455 2479 2657 2524 tantum
2687 2470 2919 2524 radicem
2978 2472 3241 2542 obtegunt
3300 2473 3427 2527 vitis
3490 2482 3543 2525 et

1956 2564 2358 2619 circumvallant
2381 2563 2617 2633 sepibus,
2648 2564 2741 2616 sed
2773 2564 2933 2616 etiam
2964 2573 3240 2631 amputant
3265 2574 3319 2617 et
3349 2565 3549 2618 multos

1956 2653 2201 2721 palmites
2240 2664 2481 2707 resecem
2514 2670 2526 2704 :
2558 2653 2756 2706 idcirco
2799 2668 2902 2706 non
2943 2653 3172 2723 ligonem
3206 2665 3408 2707 tantum
3448 2655 3547 2708 ha-

1955 2744 2081 2797 bent
2107 2745 2201 2809 illi,
2235 2744 2327 2797 sed
2354 2755 2403 2797 et
2439 2744 2625 2797 falcem
2654 2753 2831 2812 aptam
2859 2746 2924 2797 ad
2952 2745 3262 2797 secandum.
3294 2746 3545 2799 Attamen

1954 2836 2071 2889 illos
2116 2851 2219 2889 non
2272 2835 2746 2902 reprehendimus,
2774 2834 2867 2889 sed
2910 2843 2964 2888 et
3017 2836 3133 2888 illos
3171 2845 3281 2889 tum
3312 2836 3545 2889 maxime

1954 2927 2248 2992 laudamus,
2279 2942 2399 2981 eum
2433 2925 2635 2979 inutilia
2660 2926 2825 2979 multa
2856 2926 3144 2979 viderimus
3167 2926 3235 2979 ab
3262 2925 3366 2979 illis
3395 2941 3545 2981 rese-

1951 3030 2054 3084 cta,
2085 3029 2141 3072 ut
2162 3020 2441 3088 superfluis
2468 3019 2696 3087 rejectis,
2730 3033 2847 3088 qua:
2870 3029 3150 3072 remanent
3178 3018 3390 3072 saniora
3420 3019 3544 3073 red-

1951 3104 2163 3163 dantur.
2202 3114 2392 3164 Annon
2422 3112 2581 3180 igitur
2609 3110 2894 3164 absurdum
2924 3120 3024 3172 est,
3053 3122 3256 3179 patrem
3285 3110 3497 3179 quidem
3526 3153 3542 3175 ,

1949 3215 2003 3257 et
2033 3206 2319 3268 medicum,
2349 3215 2403 3259 et
2425 3204 2659 3272 judicem
2688 3246 2701 3269 ,
2725 3213 2778 3257 et
2804 3204 3088 3273 agricolam
3119 3204 3415 3273 approbare
3438 3244 3451 3267 ,
3481 3219 3543 3259 ac

1950 3311 2120 3364 neque
2152 3295 2295 3347 illiilli
2327 3294 2451 3347 dum
2481 3294 2643 3349 ﬁlium
2678 3294 2822 3362 pellit
2850 3310 2913 3347 ex
2943 3296 3141 3347 aedibus
3162 3336 3174 3353 ,
3213 3309 3384 3362 neque
3426 3310 3541 3347 me-

1948 3385 2122 3437 dicum
2155 3385 2279 3437 dmn
2311 3394 2521 3453 torquet
2545 3392 2822 3453 aegrotum,
2856 3398 3026 3451 neque
3048 3383 3279 3449 judicem
3303 3383 3428 3436 dum
3451 3399 3541 3437 ca-

1947 3477 2105 3543 stigat
2129 3517 2142 3538 ,
2169 3491 2337 3542 neque
2372 3475 2655 3544 agricolam
2686 3474 2811 3527 dum
2840 3482 3072 3541 amputat
3097 3516 3110 3537 ,
3147 3474 3542 3541 reprehendere

1946 3571 2030 3621 vel
2079 3582 2368 3630 accusare;
2398 3567 2559 3620 Deum
2609 3581 2770 3627 vero,
2800 3566 2844 3618 si
2884 3565 3095 3634 quando
3136 3580 3232 3619 nos
3273 3576 3539 3634 tamquam

1946 3663 2132 3730 capitis
2179 3660 2467 3731 gravedine
2509 3659 2810 3713 laborantes
2854 3674 2917 3711 ex
2958 3659 3117 3711 nitnia
3148 3658 3381 3713 excitare
3408 3659 3535 3713 velit

1945 3753 2202 3806 ebrietate
2222 3793 2237 3817 ,
2265 3767 2424 3821 quam
2455 3752 2655 3805 malitia
2684 3750 2995 3821 ingenerat,
3026 3766 3246 3820 carpere
3286 3761 3341 3805 et
3380 3751 3542 3805 innu-

1947 3844 2109 3897 meris
2164 3846 2418 3913 impetere
2470 3842 2971 3897 criminationibus?
3023 3843 3213 3895 Annon
3278 3853 3538 3897 extremm

1943 3934 2225 3989 dementia:
2246 3934 2422 4000 fuerit,
2443 3949 2546 3987 non
2569 3934 2810 3989 eamdem
2831 3934 3140 4004 permittere
3162 3934 3388 3987 Domino
3407 3949 3540 3989 can—

1943 4042 2055 4080 sam
2083 4041 2231 4080 suam
2261 4024 2581 4080 defendendi
2612 4024 2934 4089 facultatem,
2965 4041 3121 4096 quam
3144 4026 3418 4080 conservis
3443 4041 3539 4080 no-

1942 4119 2065 4171 stris
2097 4118 2492 4186 permittimus?

2012 4210 2065 4264 6.
2097 4211 2219 4265 Htec
2244 4227 2273 4264 a
2294 4226 2380 4265 me
2405 4210 2605 4264 idcirco
2629 4210 2896 4273 dicuntur,
2920 4210 3057 4279 quod
3081 4224 3265 4263 eorum
3294 4210 3535 4279 ipsorum

1940 4316 2102 4355 causa
2136 4300 2437 4365 formidem,
2467 4301 2557 4370 qui
2583 4301 2792 4355 crimini
2822 4310 3053 4365 vertunt,
3082 4316 3147 4355 ne
3175 4301 3313 4355 forte
3338 4300 3535 4355 adver-

1941 4409 2033 4447 sus
2062 4394 2308 4448 stimulos
2346 4394 2719 4458 calcitrantes,
2746 4394 2907 4463 pedes
2948 4400 3260 4457 cruentent,
3294 4407 3362 4447 ne
3404 4393 3532 4447 dum

1942 4486 1993 4538 in
2020 4485 2206 4539 cadum
2231 4485 2429 4555 lapides
2454 4485 2677 4554 iaciunt,
2708 4485 2969 4554 capitibus
2996 4484 3108 4538 suis
3133 4484 3353 4539 vulnera
3377 4487 3532 4540 exci-

1943 4578 2105 4646 piant.
2146 4578 2270 4631 Mihi
2300 4592 2428 4632 vero
2456 4578 2597 4632 aliud
2642 4578 2799 4648 longe
2825 4577 3041 4646 gravius
3081 4576 3370 4631 dicendum
3398 4593 3530 4648 sup—

1942 4672 2091 4739 petit.
2124 4669 2385 4724 Omittens
2404 4670 2545 4724 enim
2572 4684 2814 4739 quaerere
2838 4670 2920 4737 (ut
2940 4668 3040 4723 hoc
3063 4670 3167 4723 illis
3188 4669 3527 4741 concedam),

1942 4778 2066 4815 num
2086 4761 2282 4815 utiliter
2310 4760 2360 4814 id
2389 4760 2544 4815 nobis
2569 4760 2847 4814 abstulerit
2875 4760 3035 4824 Deus,
3060 4758 3111 4813 id
3132 4759 3254 4813 dico
3279 4768 3482 4815 tantum
3514 4780 3528 4815 :

1939 4856 1983 4908 si
2015 4870 2132 4923 quae
2162 4853 2283 4907 data
2314 4853 2524 4907 fuerant
2547 4853 2872 4915 abstulisset,
2906 4868 2975 4906 ne
3001 4854 3078 4907 sic
3106 4853 3321 4922 quidem
3346 4864 3533 4923 posset

1940 4948 2078 5000 ullus
2126 4947 2291 5001 Deum
2337 4962 2588 5001 accusare
2620 4964 2632 4998 :
2667 4946 2929 5016 siquidem
2960 4962 3138 5000 rerum
3182 4961 3398 5002 suarum
3427 4947 3529 5001 do-
3582 4974 3585 4981 -

1940 5038 2115 5089 minus
2156 5047 2287 5091 erat.
2319 5036 2468 5104 Quod
2497 5038 2539 5089 si
2571 5036 2908 5098 hominibus,
2938 5052 3059 5089 cum
3093 5037 3341 5105 pecunias
3370 5038 3528 5094 nobis

1938 5130 2263 5184 crediderint
2288 5138 2342 5183 et
2367 5140 2641 5199 argentum
2673 5140 2854 5183 mutuo
2881 5130 3123 5184 dederint
3147 5173 3161 5196 ,
3190 5131 3387 5199 gratias
3417 5132 3528 5200 agi-

1938 5240 2057 5277 mus
2086 5224 2156 5277 ob
2186 5222 2310 5277 illud
2345 5232 2573 5292 tempus,
2605 5238 2710 5293 quo
2739 5224 2959 5276 mutuati
2990 5233 3134 5289 sunt;
3159 5238 3256 5277 nec
3282 5222 3526 5291 indigna-

1939 5331 2057 5369 mur
2083 5316 2152 5370 ob
2183 5315 2311 5370 illud
2336 5326 2564 5385 tempus,
2592 5330 2698 5385 quo
2719 5330 2748 5368 a
2773 5315 2923 5369 nobis
2946 5316 3227 5380 auferunt,
3254 5330 3373 5385 qua:
3400 5326 3525 5370 sunt

1938 5411 2149 5479 propria
2180 5427 2191 5461 :
2220 5425 2345 5462 num
2392 5409 2590 5472 Deum,
2618 5422 2800 5477 quaeso
2830 5448 2845 5471 ,
2883 5407 3337 5476 reprehendemus
3357 5449 3370 5471 ,
3401 5421 3521 5460 cum

1937 5511 2181 5573 repetere
2207 5516 2235 5555 a
2263 5501 2418 5555 nobis
2440 5516 2523 5554 res
2550 5515 2672 5555 snas
2695 5499 2955 5554 voluerit?
2980 5498 3098 5567 quis
3118 5513 3244 5552 vero
3269 5512 3374 5551 non
3393 5498 3521 5551 illud

1936 5603 2194 5647 extrema:
2237 5607 2356 5647 esse
2397 5593 2685 5646 dementiae
2708 5590 3057 5659 iudicaverit?
3088 5590 3154 5641 At
3174 5604 3279 5642 non
3310 5588 3379 5642 ita
3410 5603 3521 5641 ma-

1935 5700 2070 5754 gnus
2100 5700 2163 5739 ac
2190 5699 2482 5754 generosus
2512 5685 2599 5739 ille
2627 5683 2727 5738 Job
2757 5682 2879 5737 fecit
2909 5700 2920 5735 :
2955 5696 3125 5750 neque
3157 5682 3297 5734 enim
3344 5681 3517 5733 solum

1936 5790 2058 5831 cum
2098 5776 2333 5847 accepit,
2367 5776 2460 5831 sed
2490 5777 2649 5832 etiam
2680 5790 2801 5830 cum
2832 5774 3087 5844 Spoliatus
3115 5781 3229 5837 est,
3262 5772 3517 5825 maximis
