  <div class='ocr_page' id='page_1' title='image "/cluster/home/n/w/nwhite01/storage/ocr_20150623/49/nnc1.0046978208/245.png"; bbox 0 0 4046 6396; ppageno 0'>
   <div class='ocr_carea' id='block_1_1' title="bbox 556 320 657 374">
    <p class='ocr_par' dir='ltr' id='par_1_1' title="bbox 556 320 657 374">
     <span class='ocr_line' id='line_1_1' title="bbox 556 320 657 374; baseline -0.02 0"><span class='ocrx_word' id='word_1_1' title='bbox 556 320 657 374; x_wconf 70' lang='grc' dir='ltr'><strong>Ξ55</strong></span> 
     </span>
    </p>
   </div>
   <div class='ocr_carea' id='block_1_2' title="bbox 556 417 2138 502">
    <p class='ocr_par' dir='ltr' id='par_1_2' title="bbox 556 417 2138 502">
     <span class='ocr_line' id='line_1_2' title="bbox 556 417 2138 502; baseline -0.01 -17"><span class='ocrx_word' id='word_1_2' title='bbox 556 433 742 502; x_wconf 84' lang='lat' dir='ltr'><strong>agebat</strong></span> <span class='ocrx_word' id='word_1_3' title='bbox 772 429 1000 498; x_wconf 84' lang='lat' dir='ltr'><strong>gratias,</strong></span> <span class='ocrx_word' id='word_1_4' title='bbox 1029 443 1150 480; x_wconf 89' lang='lat' dir='ltr'><strong>cum</strong></span> <span class='ocrx_word' id='word_1_5' title='bbox 1185 427 1252 478; x_wconf 90' lang='lat' dir='ltr'><strong>ita</strong></span> <span class='ocrx_word' id='word_1_6' title='bbox 1283 427 1484 480; x_wconf 76' lang='lat' dir='ltr'><strong>diceret</strong></span> <span class='ocrx_word' id='word_1_7' title='bbox 1515 442 1528 477; x_wconf 90' lang='lat'><strong>:</strong></span> <span class='ocrx_word' id='word_1_8' title='bbox 1562 422 1813 477; x_wconf 75' lang='lat' dir='ltr'><strong>Dominus</strong></span> <span class='ocrx_word' id='word_1_9' title='bbox 1838 420 1974 475; x_wconf 80' lang='lat' dir='ltr'><strong>dedit</strong></span> <span class='ocrx_word' id='word_1_10' title='bbox 1997 461 2010 485; x_wconf 91' lang='lat'><strong>,</strong></span> <span class='ocrx_word' id='word_1_11' title='bbox 2043 417 2138 470; x_wconf 88' lang='lat' dir='ltr'><strong>Do-</strong></span> 
     </span>
    </p>
   </div>
   <div class='ocr_carea' id='block_1_3' title="bbox 556 513 2140 576">
    <p class='ocr_par' dir='ltr' id='par_1_3' title="bbox 556 513 2140 576">
     <span class='ocr_line' id='line_1_3' title="bbox 556 513 2140 576; baseline -0.008 -1"><span class='ocrx_word' id='word_1_12' title='bbox 556 526 718 576; x_wconf 78' lang='lat' dir='ltr'><strong>minus</strong></span> <span class='ocrx_word' id='word_1_13' title='bbox 742 523 943 574; x_wconf 76' lang='lat' dir='ltr'><strong>abstulit</strong></span> <span class='ocrx_word' id='word_1_14' title='bbox 969 537 987 572; x_wconf 77' lang='lat'><strong>.&#39;</strong></span> <span class='ocrx_word' id='word_1_15' title='bbox 1006 520 1067 571; x_wconf 82' lang='lat' dir='ltr'><strong>sit</strong></span> <span class='ocrx_word' id='word_1_16' title='bbox 1097 535 1275 571; x_wconf 83' lang='lat' dir='ltr'><strong><em>nomen</em></strong></span> <span class='ocrx_word' id='word_1_17' title='bbox 1304 517 1512 570; x_wconf 78' lang='lat' dir='ltr'><strong>Domini</strong></span> <span class='ocrx_word' id='word_1_18' title='bbox 1539 516 1849 568; x_wconf 73' lang='lat' dir='ltr'><strong>benedictum</strong></span> <span class='ocrx_word' id='word_1_19' title='bbox 1875 515 1926 566; x_wconf 85' lang='lat' dir='ltr'><strong>in</strong></span> <span class='ocrx_word' id='word_1_20' title='bbox 1955 513 2140 566; x_wconf 75' lang='lat' dir='ltr'><strong>stecula</strong></span> 
     </span>
    </p>
   </div>
   <div class='ocr_carea' id='block_1_4' title="bbox 556 604 2138 685">
    <p class='ocr_par' dir='ltr' id='par_1_4' title="bbox 556 604 2138 685">
     <span class='ocr_line' id='line_1_4' title="bbox 556 604 2138 685; baseline -0.008 -17"><span class='ocrx_word' id='word_1_21' title='bbox 556 616 672 685; x_wconf 65' lang='lat' dir='ltr'><strong>{Job</strong></span> <span class='ocrx_word' id='word_1_22' title='bbox 719 617 770 670; x_wconf 83' lang='grc'><strong>1.</strong></span> <span class='ocrx_word' id='word_1_23' title='bbox 806 614 918 683; x_wconf 66' lang='grc' dir='ltr'><strong>Ἣ).</strong></span> <span class='ocrx_word' id='word_1_24' title='bbox 951 611 1102 680; x_wconf 92' lang='lat' dir='ltr'><strong>Quod</strong></span> <span class='ocrx_word' id='word_1_25' title='bbox 1145 611 1190 664; x_wconf 92' lang='lat' dir='ltr'><strong>si</strong></span> <span class='ocrx_word' id='word_1_26' title='bbox 1231 625 1327 680; x_wconf 90' lang='lat' dir='ltr'><strong>pro</strong></span> <span class='ocrx_word' id='word_1_27' title='bbox 1373 619 1595 678; x_wconf 86' lang='lat' dir='ltr'><strong>utroque</strong></span> <span class='ocrx_word' id='word_1_28' title='bbox 1621 608 1840 662; x_wconf 91' lang='lat' dir='ltr'><strong>istorum</strong></span> <span class='ocrx_word' id='word_1_29' title='bbox 1871 604 2138 674; x_wconf 90' lang='lat' dir='ltr'><strong>sigillatim</strong></span> 
     </span>
    </p>
   </div>
   <div class='ocr_carea' id='block_1_5' title="bbox 553 695 2136 776">
    <p class='ocr_par' dir='ltr' id='par_1_5' title="bbox 553 695 2136 776">
     <span class='ocr_line' id='line_1_5' title="bbox 553 695 2136 776; baseline -0.009 -15"><span class='ocrx_word' id='word_1_30' title='bbox 553 711 736 776; x_wconf 77' lang='lat' dir='ltr'><strong>gratia:</strong></span> <span class='ocrx_word' id='word_1_31' title='bbox 762 716 885 760; x_wconf 87' lang='lat' dir='ltr'><strong>sunt</strong></span> <span class='ocrx_word' id='word_1_32' title='bbox 912 703 1131 774; x_wconf 68' lang='lat' dir='ltr'><strong>agendae</strong></span> <span class='ocrx_word' id='word_1_33' title='bbox 1151 744 1166 770; x_wconf 90' lang='lat'><strong>,</strong></span> <span class='ocrx_word' id='word_1_34' title='bbox 1197 717 1370 770; x_wconf 89' lang='lat' dir='ltr'><strong>neque</strong></span> <span class='ocrx_word' id='word_1_35' title='bbox 1397 701 1570 754; x_wconf 89' lang='lat' dir='ltr'><strong>minus</strong></span> <span class='ocrx_word' id='word_1_36' title='bbox 1595 699 1739 754; x_wconf 90' lang='lat' dir='ltr'><strong>utilis</strong></span> <span class='ocrx_word' id='word_1_37' title='bbox 1766 705 1848 750; x_wconf 88' lang='lat' dir='ltr'><strong>est</strong></span> <span class='ocrx_word' id='word_1_38' title='bbox 1875 695 2102 766; x_wconf 77' lang='lat' dir='ltr'><strong>privatio</strong></span> <span class='ocrx_word' id='word_1_39' title='bbox 2121 733 2136 758; x_wconf 91' lang='lat'><strong>,</strong></span> 
     </span>
    </p>
   </div>
   <div class='ocr_carea' id='block_1_6' title="bbox 550 787 2136 866">
    <p class='ocr_par' dir='ltr' id='par_1_6' title="bbox 550 787 2136 866">
     <span class='ocr_line' id='line_1_6' title="bbox 550 787 2136 866; baseline -0.004 -21"><span class='ocrx_word' id='word_1_40' title='bbox 550 813 709 866; x_wconf 74' lang='lat' dir='ltr'><strong>quam</strong></span> <span class='ocrx_word' id='word_1_41' title='bbox 751 797 862 866; x_wconf 91' lang='lat' dir='ltr'><strong>ipsa</strong></span> <span class='ocrx_word' id='word_1_42' title='bbox 907 794 1112 864; x_wconf 82' lang='lat' dir='ltr'><strong>largitio</strong></span> <span class='ocrx_word' id='word_1_43' title='bbox 1138 833 1152 858; x_wconf 93' lang='lat'><strong>,</strong></span> <span class='ocrx_word' id='word_1_44' title='bbox 1179 808 1282 862; x_wconf 88' lang='lat' dir='ltr'><strong>qua</strong></span> <span class='ocrx_word' id='word_1_45' title='bbox 1314 791 1524 845; x_wconf 85' lang='lat' dir='ltr'><strong>tandem</strong></span> <span class='ocrx_word' id='word_1_46' title='bbox 1553 789 1704 844; x_wconf 88' lang='lat' dir='ltr'><strong>venia</strong></span> <span class='ocrx_word' id='word_1_47' title='bbox 1728 788 1870 856; x_wconf 92' lang='lat' dir='ltr'><strong>digni</strong></span> <span class='ocrx_word' id='word_1_48' title='bbox 1896 787 2097 840; x_wconf 88' lang='lat' dir='ltr'><strong>erimus</strong></span> <span class='ocrx_word' id='word_1_49' title='bbox 2121 825 2136 839; x_wconf 93' lang='lat'><strong>.</strong></span> 
     </span>
    </p>
   </div>
   <div class='ocr_carea' id='block_1_7' title="bbox 550 876 2141 957">
    <p class='ocr_par' dir='ltr' id='par_1_7' title="bbox 550 876 2141 957">
     <span class='ocr_line' id='line_1_7' title="bbox 550 876 2141 957; baseline -0.009 -15"><span class='ocrx_word' id='word_1_50' title='bbox 550 891 639 957; x_wconf 90' lang='lat' dir='ltr'><strong>qui</strong></span> <span class='ocrx_word' id='word_1_51' title='bbox 662 898 768 942; x_wconf 87' lang='lat' dir='ltr'><strong>tam</strong></span> <span class='ocrx_word' id='word_1_52' title='bbox 789 889 972 940; x_wconf 85' lang='lat' dir='ltr'><strong>mitem</strong></span> <span class='ocrx_word' id='word_1_53' title='bbox 1001 884 1306 950; x_wconf 89' lang='lat' dir='ltr'><strong>Dominum,</strong></span> <span class='ocrx_word' id='word_1_54' title='bbox 1340 892 1444 936; x_wconf 89' lang='lat' dir='ltr'><strong>tam</strong></span> <span class='ocrx_word' id='word_1_55' title='bbox 1476 882 1782 950; x_wconf 89' lang='lat' dir='ltr'><strong>benignum,</strong></span> <span class='ocrx_word' id='word_1_56' title='bbox 1813 890 1918 930; x_wconf 89' lang='lat' dir='ltr'><strong>tam</strong></span> <span class='ocrx_word' id='word_1_57' title='bbox 1945 876 2141 931; x_wconf 84' lang='lat' dir='ltr'><strong>sollici-</strong></span> 
     </span>
    </p>
   </div>
   <div class='ocr_carea' id='block_1_8' title="bbox 551 968 2138 1046">
    <p class='ocr_par' dir='ltr' id='par_1_8' title="bbox 551 968 2138 1046">
     <span class='ocr_line' id='line_1_8' title="bbox 551 968 2138 1046; baseline -0.009 -13"><span class='ocrx_word' id='word_1_58' title='bbox 551 989 660 1033; x_wconf 87' lang='lat' dir='ltr'><strong>tum</strong></span> <span class='ocrx_word' id='word_1_59' title='bbox 683 1020 697 1043; x_wconf 95' lang='lat'><strong>,</strong></span> <span class='ocrx_word' id='word_1_60' title='bbox 725 988 780 1032; x_wconf 90' lang='lat' dir='ltr'><strong>et</strong></span> <span class='ocrx_word' id='word_1_61' title='bbox 807 977 995 1046; x_wconf 92' lang='lat' dir='ltr'><strong>quovis</strong></span> <span class='ocrx_word' id='word_1_62' title='bbox 1024 974 1232 1028; x_wconf 91' lang='lat' dir='ltr'><strong>medico</strong></span> <span class='ocrx_word' id='word_1_63' title='bbox 1261 971 1661 1043; x_wconf 85' lang='lat' dir='ltr'><strong>sapientiorem,</strong></span> <span class='ocrx_word' id='word_1_64' title='bbox 1687 979 1739 1024; x_wconf 91' lang='lat' dir='ltr'><strong>et</strong></span> <span class='ocrx_word' id='word_1_65' title='bbox 1769 968 1959 1038; x_wconf 85' lang='lat' dir='ltr'><strong>quovis</strong></span> <span class='ocrx_word' id='word_1_66' title='bbox 1988 975 2138 1036; x_wconf 87' lang='lat' dir='ltr'><strong>patre</strong></span> 
     </span>
    </p>
   </div>
   <div class='ocr_carea' id='block_1_9' title="bbox 551 1057 2140 1139">
    <p class='ocr_par' dir='ltr' id='par_1_9' title="bbox 551 1057 2140 1139">
     <span class='ocr_line' id='line_1_9' title="bbox 551 1057 2140 1139; baseline -0.009 -15"><span class='ocrx_word' id='word_1_67' title='bbox 551 1069 1019 1139; x_wconf 81' lang='lat' dir='ltr'><strong>indulgentiorem,</strong></span> <span class='ocrx_word' id='word_1_68' title='bbox 1053 1075 1107 1120; x_wconf 92' lang='lat' dir='ltr'><strong>et</strong></span> <span class='ocrx_word' id='word_1_69' title='bbox 1129 1065 1308 1135; x_wconf 88' lang='lat' dir='ltr'><strong>judice</strong></span> <span class='ocrx_word' id='word_1_70' title='bbox 1338 1065 1526 1132; x_wconf 91' lang='lat' dir='ltr'><strong>quovis</strong></span> <span class='ocrx_word' id='word_1_71' title='bbox 1546 1063 1846 1131; x_wconf 89' lang='lat' dir='ltr'><strong>justiorem,</strong></span> <span class='ocrx_word' id='word_1_72' title='bbox 1865 1069 1918 1113; x_wconf 89' lang='lat' dir='ltr'><strong>et</strong></span> <span class='ocrx_word' id='word_1_73' title='bbox 1943 1061 2031 1129; x_wconf 87' lang='lat' dir='ltr'><strong>qui</strong></span> <span class='ocrx_word' id='word_1_74' title='bbox 2059 1057 2140 1112; x_wconf 85' lang='lat' dir='ltr'><strong>di-</strong></span> 
     </span>
    </p>
   </div>
   <div class='ocr_carea' id='block_1_10' title="bbox 550 1151 2134 1231">
    <p class='ocr_par' dir='ltr' id='par_1_10' title="bbox 550 1151 2134 1231">
     <span class='ocr_line' id='line_1_10' title="bbox 550 1151 2134 1231; baseline -0.008 -17"><span class='ocrx_word' id='word_1_75' title='bbox 550 1162 800 1231; x_wconf 87' lang='lat' dir='ltr'><strong>ligentius</strong></span> <span class='ocrx_word' id='word_1_76' title='bbox 825 1175 983 1229; x_wconf 90' lang='lat' dir='ltr'><strong>quam</strong></span> <span class='ocrx_word' id='word_1_77' title='bbox 1010 1158 1151 1211; x_wconf 92' lang='lat' dir='ltr'><strong>ullus</strong></span> <span class='ocrx_word' id='word_1_78' title='bbox 1179 1156 1414 1226; x_wconf 83' lang='lat' dir='ltr'><strong>agriCola</strong></span> <span class='ocrx_word' id='word_1_79' title='bbox 1445 1164 1656 1209; x_wconf 89' lang='lat' dir='ltr'><strong>nostras</strong></span> <span class='ocrx_word' id='word_1_80' title='bbox 1685 1153 1890 1206; x_wconf 88' lang='lat' dir='ltr'><strong>animas</strong></span> <span class='ocrx_word' id='word_1_81' title='bbox 1918 1151 2134 1216; x_wconf 91' lang='lat' dir='ltr'><strong>excolit,</strong></span> 
     </span>
    </p>
   </div>
   <div class='ocr_carea' id='block_1_11' title="bbox 547 1243 2138 1314">
    <p class='ocr_par' dir='ltr' id='par_1_11' title="bbox 547 1243 2138 1314">
     <span class='ocr_line' id='line_1_11' title="bbox 547 1243 2138 1314; baseline -0.006 -9"><span class='ocrx_word' id='word_1_82' title='bbox 547 1251 700 1305; x_wconf 89' lang='lat' dir='ltr'><strong>factis</strong></span> <span class='ocrx_word' id='word_1_83' title='bbox 725 1250 1006 1304; x_wconf 87' lang='lat' dir='ltr'><strong>contrariis</strong></span> <span class='ocrx_word' id='word_1_84' title='bbox 1033 1262 1459 1311; x_wconf 89' lang='lat' dir='ltr'><strong>remuneramur,</strong></span> <span class='ocrx_word' id='word_1_85' title='bbox 1487 1256 1542 1300; x_wconf 90' lang='lat' dir='ltr'><strong>et</strong></span> <span class='ocrx_word' id='word_1_86' title='bbox 1560 1260 1717 1314; x_wconf 86' lang='lat' dir='ltr'><strong>quem</strong></span> <span class='ocrx_word' id='word_1_87' title='bbox 1743 1243 1967 1298; x_wconf 88' lang='lat' dir='ltr'><strong>adorare</strong></span> <span class='ocrx_word' id='word_1_88' title='bbox 1987 1258 2138 1311; x_wconf 91' lang='lat' dir='ltr'><strong>opor-</strong></span> 
     </span>
    </p>
   </div>
   <div class='ocr_carea' id='block_1_12' title="bbox 547 1336 2138 1408">
    <p class='ocr_par' dir='ltr' id='par_1_12' title="bbox 547 1336 2138 1408">
     <span class='ocr_line' id='line_1_12' title="bbox 547 1336 2138 1408; baseline -0.005 -12"><span class='ocrx_word' id='word_1_89' title='bbox 547 1344 666 1408; x_wconf 91' lang='lat' dir='ltr'><strong>tuit,</strong></span> <span class='ocrx_word' id='word_1_90' title='bbox 698 1341 953 1396; x_wconf 88' lang='lat' dir='ltr'><strong>adversus</strong></span> <span class='ocrx_word' id='word_1_91' title='bbox 982 1356 1104 1395; x_wconf 91' lang='lat' dir='ltr'><strong>cum</strong></span> <span class='ocrx_word' id='word_1_92' title='bbox 1136 1338 1574 1394; x_wconf 90' lang='lat' dir='ltr'><strong>stomachamur?</strong></span> <span class='ocrx_word' id='word_1_93' title='bbox 1600 1336 1970 1404; x_wconf 88' lang='lat' dir='ltr'><strong>Quidquamne</strong></span> <span class='ocrx_word' id='word_1_94' title='bbox 2015 1349 2138 1388; x_wconf 89' lang='lat' dir='ltr'><strong>esse</strong></span> 
     </span>
    </p>
   </div>
   <div class='ocr_carea' id='block_1_13' title="bbox 548 1432 2137 1507">
    <p class='ocr_par' dir='ltr' id='par_1_13' title="bbox 548 1432 2137 1507">
     <span class='ocr_line' id='line_1_13' title="bbox 548 1432 2137 1507; baseline -0.007 -17"><span class='ocrx_word' id='word_1_95' title='bbox 548 1447 723 1507; x_wconf 84' lang='lat' dir='ltr'><strong>potest</strong></span> <span class='ocrx_word' id='word_1_96' title='bbox 747 1437 1011 1490; x_wconf 82' lang='lat' dir='ltr'><strong>amentius</strong></span> <span class='ocrx_word' id='word_1_97' title='bbox 1037 1442 1130 1488; x_wconf 92' lang='lat' dir='ltr'><strong>aut</strong></span> <span class='ocrx_word' id='word_1_98' title='bbox 1155 1434 1420 1500; x_wconf 89' lang='lat' dir='ltr'><strong>stupidius</strong></span> <span class='ocrx_word' id='word_1_99' title='bbox 1452 1432 1516 1486; x_wconf 89' lang='lat' dir='ltr'><strong>iis</strong></span> <span class='ocrx_word' id='word_1_100' title='bbox 1535 1472 1550 1497; x_wconf 93' lang='lat'><strong>,</strong></span> <span class='ocrx_word' id='word_1_101' title='bbox 1579 1432 1689 1500; x_wconf 91' lang='lat' dir='ltr'><strong>qui,</strong></span> <span class='ocrx_word' id='word_1_102' title='bbox 1723 1445 1845 1484; x_wconf 90' lang='lat' dir='ltr'><strong>cum</strong></span> <span class='ocrx_word' id='word_1_103' title='bbox 1876 1439 2020 1482; x_wconf 91' lang='lat' dir='ltr'><strong>tanto</strong></span> <span class='ocrx_word' id='word_1_104' title='bbox 2046 1443 2137 1480; x_wconf 83' lang='lat' dir='ltr'><strong>or-</strong></span> 
     </span>
    </p>
   </div>
   <div class='ocr_carea' id='block_1_14' title="bbox 545 1521 2137 1596">
    <p class='ocr_par' dir='ltr' id='par_1_14' title="bbox 545 1521 2137 1596">
     <span class='ocr_line' id='line_1_14' title="bbox 545 1521 2137 1596; baseline -0.006 -14"><span class='ocrx_word' id='word_1_105' title='bbox 545 1529 671 1584; x_wconf 85' lang='lat' dir='ltr'><strong>dine</strong></span> <span class='ocrx_word' id='word_1_106' title='bbox 698 1544 783 1582; x_wconf 89' lang='lat' dir='ltr'><strong>res</strong></span> <span class='ocrx_word' id='word_1_107' title='bbox 810 1528 917 1582; x_wconf 89' lang='lat' dir='ltr'><strong>sint</strong></span> <span class='ocrx_word' id='word_1_108' title='bbox 943 1526 1214 1596; x_wconf 73' lang='lat' dir='ltr'><strong>disposita:</strong></span> <span class='ocrx_word' id='word_1_109' title='bbox 1236 1566 1251 1592; x_wconf 97' lang='lat'><strong>,</strong></span> <span class='ocrx_word' id='word_1_110' title='bbox 1280 1525 1465 1578; x_wconf 92' lang='lat' dir='ltr'><strong>dicunt</strong></span> <span class='ocrx_word' id='word_1_111' title='bbox 1501 1537 1587 1576; x_wconf 88' lang='lat' dir='ltr'><strong>res</strong></span> <span class='ocrx_word' id='word_1_112' title='bbox 1617 1531 1828 1577; x_wconf 89' lang='lat' dir='ltr'><strong>nostras</strong></span> <span class='ocrx_word' id='word_1_113' title='bbox 1873 1521 1968 1576; x_wconf 89' lang='lat' dir='ltr'><strong>Dei</strong></span> <span class='ocrx_word' id='word_1_114' title='bbox 2018 1534 2137 1575; x_wconf 86' lang='lat' dir='ltr'><strong>esse</strong></span> 
     </span>
    </p>
   </div>
   <div class='ocr_carea' id='block_1_15' title="bbox 547 1615 2135 1690">
    <p class='ocr_par' dir='ltr' id='par_1_15' title="bbox 547 1615 2135 1690">
     <span class='ocr_line' id='line_1_15' title="bbox 547 1615 2135 1690; baseline -0.004 -16"><span class='ocrx_word' id='word_1_115' title='bbox 547 1620 881 1690; x_wconf 84' lang='lat' dir='ltr'><strong>providentia</strong></span> <span class='ocrx_word' id='word_1_116' title='bbox 919 1634 1156 1688; x_wconf 91' lang='lat' dir='ltr'><strong>curaque</strong></span> <span class='ocrx_word' id='word_1_117' title='bbox 1181 1617 1496 1672; x_wconf 84' lang='lat' dir='ltr'><strong>destitutas?</strong></span> <span class='ocrx_word' id='word_1_118' title='bbox 1522 1616 1592 1670; x_wconf 87' lang='lat' dir='ltr'><strong>Ut</strong></span> <span class='ocrx_word' id='word_1_119' title='bbox 1627 1615 1768 1670; x_wconf 92' lang='lat' dir='ltr'><strong>enim</strong></span> <span class='ocrx_word' id='word_1_120' title='bbox 1812 1616 1858 1670; x_wconf 89' lang='lat' dir='ltr'><strong>si</strong></span> <span class='ocrx_word' id='word_1_121' title='bbox 1885 1615 2003 1685; x_wconf 85' lang='lat' dir='ltr'><strong>quis</strong></span> <span class='ocrx_word' id='word_1_122' title='bbox 2037 1616 2135 1668; x_wconf 88' lang='lat' dir='ltr'><strong>ob-</strong></span> 
     </span>
    </p>
   </div>
   <div class='ocr_carea' id='block_1_16' title="bbox 545 1705 2134 1779">
    <p class='ocr_par' dir='ltr' id='par_1_16' title="bbox 545 1705 2134 1779">
     <span class='ocr_line' id='line_1_16' title="bbox 545 1705 2134 1779; baseline -0.004 -14"><span class='ocrx_word' id='word_1_123' title='bbox 545 1726 759 1765; x_wconf 90' lang='lat' dir='ltr'><strong>scurum</strong></span> <span class='ocrx_word' id='word_1_124' title='bbox 799 1725 861 1764; x_wconf 91' lang='lat' dir='ltr'><strong>ac</strong></span> <span class='ocrx_word' id='word_1_125' title='bbox 908 1709 1154 1779; x_wconf 89' lang='lat' dir='ltr'><strong>frigidum</strong></span> <span class='ocrx_word' id='word_1_126' title='bbox 1183 1709 1351 1763; x_wconf 90' lang='lat' dir='ltr'><strong>solem</strong></span> <span class='ocrx_word' id='word_1_127' title='bbox 1379 1723 1499 1762; x_wconf 89' lang='lat' dir='ltr'><strong>esse</strong></span> <span class='ocrx_word' id='word_1_128' title='bbox 1527 1707 1705 1772; x_wconf 90' lang='lat' dir='ltr'><strong>dicat,</strong></span> <span class='ocrx_word' id='word_1_129' title='bbox 1734 1705 1834 1761; x_wconf 91' lang='lat' dir='ltr'><strong>hac</strong></span> <span class='ocrx_word' id='word_1_130' title='bbox 1863 1713 1960 1760; x_wconf 86' lang='lat' dir='ltr'><strong>sua</strong></span> <span class='ocrx_word' id='word_1_131' title='bbox 2008 1721 2134 1760; x_wconf 90' lang='lat' dir='ltr'><strong>sen-</strong></span> 
     </span>
    </p>
   </div>
   <div class='ocr_carea' id='block_1_17' title="bbox 547 1799 2135 1871">
    <p class='ocr_par' dir='ltr' id='par_1_17' title="bbox 547 1799 2135 1871">
     <span class='ocr_line' id='line_1_17' title="bbox 547 1799 2135 1871; baseline -0.001 -15"><span class='ocrx_word' id='word_1_132' title='bbox 547 1804 712 1858; x_wconf 87' lang='lat' dir='ltr'><strong>tentia</strong></span> <span class='ocrx_word' id='word_1_133' title='bbox 727 1813 980 1858; x_wconf 72' lang='lat' dir='ltr'><strong>extremte</strong></span> <span class='ocrx_word' id='word_1_134' title='bbox 999 1803 1235 1856; x_wconf 80' lang='lat' dir='ltr'><strong>stultitia:</strong></span> <span class='ocrx_word' id='word_1_135' title='bbox 1259 1799 1463 1871; x_wconf 81' lang='lat' dir='ltr'><strong>profert</strong></span> <span class='ocrx_word' id='word_1_136' title='bbox 1481 1799 1732 1854; x_wconf 91' lang='lat' dir='ltr'><strong>indicium</strong></span> <span class='ocrx_word' id='word_1_137' title='bbox 1754 1818 1766 1853; x_wconf 90' lang='lat'><strong>:</strong></span> <span class='ocrx_word' id='word_1_138' title='bbox 1792 1800 1863 1854; x_wconf 90' lang='lat' dir='ltr'><strong>ita</strong></span> <span class='ocrx_word' id='word_1_139' title='bbox 1879 1801 1923 1854; x_wconf 90' lang='lat' dir='ltr'><strong>si</strong></span> <span class='ocrx_word' id='word_1_140' title='bbox 1938 1800 2057 1870; x_wconf 89' lang='lat' dir='ltr'><strong>quis</strong></span> <span class='ocrx_word' id='word_1_141' title='bbox 2067 1801 2135 1855; x_wconf 90' lang='lat' dir='ltr'><strong>de</strong></span> 
     </span>
    </p>
   </div>
   <div class='ocr_carea' id='block_1_18' title="bbox 548 1891 2134 1964">
    <p class='ocr_par' dir='ltr' id='par_1_18' title="bbox 548 1891 2134 1964">
     <span class='ocr_line' id='line_1_18' title="bbox 548 1891 2134 1964; baseline 0.001 -19"><span class='ocrx_word' id='word_1_142' title='bbox 548 1895 638 1948; x_wconf 87' lang='lat' dir='ltr'><strong>Dei</strong></span> <span class='ocrx_word' id='word_1_143' title='bbox 667 1893 996 1964; x_wconf 84' lang='lat' dir='ltr'><strong>providentia</strong></span> <span class='ocrx_word' id='word_1_144' title='bbox 1023 1908 1254 1963; x_wconf 89' lang='lat' dir='ltr'><strong>curaque</strong></span> <span class='ocrx_word' id='word_1_145' title='bbox 1283 1891 1521 1958; x_wconf 89' lang='lat' dir='ltr'><strong>dubitet,</strong></span> <span class='ocrx_word' id='word_1_146' title='bbox 1550 1891 1719 1944; x_wconf 90' lang='lat' dir='ltr'><strong>multo</strong></span> <span class='ocrx_word' id='word_1_147' title='bbox 1751 1891 1918 1961; x_wconf 89' lang='lat' dir='ltr'><strong>magis</strong></span> <span class='ocrx_word' id='word_1_148' title='bbox 1953 1906 2134 1946; x_wconf 91' lang='lat' dir='ltr'><strong>amen-</strong></span> 
     </span>
    </p>
   </div>
   <div class='ocr_carea' id='block_1_19' title="bbox 545 1987 1300 2041">
    <p class='ocr_par' dir='ltr' id='par_1_19' title="bbox 545 1987 1300 2041">
     <span class='ocr_line' id='line_1_19' title="bbox 545 1987 1300 2041; baseline -0.001 -1"><span class='ocrx_word' id='word_1_149' title='bbox 545 1988 631 2040; x_wconf 83' lang='lat' dir='ltr'><strong>ti:e</strong></span> <span class='ocrx_word' id='word_1_150' title='bbox 660 1988 870 2041; x_wconf 89' lang='lat' dir='ltr'><strong>crimini</strong></span> <span class='ocrx_word' id='word_1_151' title='bbox 897 1997 981 2041; x_wconf 88' lang='lat' dir='ltr'><strong>est</strong></span> <span class='ocrx_word' id='word_1_152' title='bbox 1010 1987 1300 2041; x_wconf 78' lang='lat' dir='ltr'><strong>obnoxius.</strong></span> 
     </span>
    </p>
   </div>
   <div class='ocr_carea' id='block_1_20' title="bbox 615 2073 2135 2146">
    <p class='ocr_par' dir='ltr' id='par_1_20' title="bbox 615 2073 2135 2146">
     <span class='ocr_line' id='line_1_20' title="bbox 615 2073 2135 2146; baseline -0.003 -14"><span class='ocrx_word' id='word_1_153' title='bbox 615 2078 835 2132; x_wconf 74' lang='lat' dir='ltr'><strong>Swvitiei</strong></span> <span class='ocrx_word' id='word_1_154' title='bbox 864 2077 1152 2132; x_wconf 68' lang='lat' dir='ltr'><strong>damonum</strong></span> <span class='ocrx_word' id='word_1_155' title='bbox 1184 2076 1433 2146; x_wconf 76' lang='lat' dir='ltr'><strong>exempla.</strong></span> <span class='ocrx_word' id='word_1_156' title='bbox 1465 2106 1533 2114; x_wconf 95' lang='lat'><strong>—</strong></span> <span class='ocrx_word' id='word_1_157' title='bbox 1560 2073 1674 2128; x_wconf 88' lang='lat' dir='ltr'><strong>Non</strong></span> <span class='ocrx_word' id='word_1_158' title='bbox 1707 2075 1777 2128; x_wconf 89' lang='lat' dir='ltr'><strong>ita</strong></span> <span class='ocrx_word' id='word_1_159' title='bbox 1810 2075 2014 2128; x_wconf 89' lang='lat' dir='ltr'><strong>lucidus</strong></span> <span class='ocrx_word' id='word_1_160' title='bbox 2056 2075 2135 2128; x_wconf 94' lang='lat' dir='ltr'><strong>sol</strong></span> 
     </span>
    </p>
   </div>
   <div class='ocr_carea' id='block_1_21' title="bbox 531 2166 2136 2238">
    <p class='ocr_par' dir='ltr' id='par_1_21' title="bbox 531 2166 2136 2238">
     <span class='ocr_line' id='line_1_21' title="bbox 531 2166 2136 2238; baseline -0.005 -12"><span class='ocrx_word' id='word_1_161' title='bbox 531 2182 642 2237; x_wconf 83' lang='lat' dir='ltr'><strong>est,</strong></span> <span class='ocrx_word' id='word_1_162' title='bbox 670 2185 733 2226; x_wconf 94' lang='lat' dir='ltr'><strong>ac</strong></span> <span class='ocrx_word' id='word_1_163' title='bbox 761 2171 855 2224; x_wconf 89' lang='lat' dir='ltr'><strong>Dei</strong></span> <span class='ocrx_word' id='word_1_164' title='bbox 880 2167 1212 2238; x_wconf 88' lang='lat' dir='ltr'><strong>providentia</strong></span> <span class='ocrx_word' id='word_1_165' title='bbox 1242 2167 1521 2221; x_wconf 87' lang='lat' dir='ltr'><strong>manifesta</strong></span> <span class='ocrx_word' id='word_1_166' title='bbox 1545 2183 1557 2217; x_wconf 91' lang='lat'><strong>:</strong></span> <span class='ocrx_word' id='word_1_167' title='bbox 1584 2173 1758 2220; x_wconf 91' lang='lat' dir='ltr'><strong>tamen</strong></span> <span class='ocrx_word' id='word_1_168' title='bbox 1782 2166 1977 2221; x_wconf 88' lang='lat' dir='ltr'><strong>audent</strong></span> <span class='ocrx_word' id='word_1_169' title='bbox 2006 2181 2136 2220; x_wconf 83' lang='lat' dir='ltr'><strong>nou-</strong></span> 
     </span>
    </p>
   </div>
   <div class='ocr_carea' id='block_1_22' title="bbox 543 2260 2134 2332">
    <p class='ocr_par' dir='ltr' id='par_1_22' title="bbox 543 2260 2134 2332">
     <span class='ocr_line' id='line_1_22' title="bbox 543 2260 2134 2332; baseline -0.004 -13"><span class='ocrx_word' id='word_1_170' title='bbox 543 2266 673 2319; x_wconf 84' lang='lat' dir='ltr'><strong>nulli</strong></span> <span class='ocrx_word' id='word_1_171' title='bbox 699 2265 878 2320; x_wconf 89' lang='lat' dir='ltr'><strong>dicere</strong></span> <span class='ocrx_word' id='word_1_172' title='bbox 904 2264 1176 2318; x_wconf 83' lang='lat' dir='ltr'><strong>daemones</strong></span> <span class='ocrx_word' id='word_1_173' title='bbox 1202 2277 1290 2317; x_wconf 89' lang='lat' dir='ltr'><strong>res</strong></span> <span class='ocrx_word' id='word_1_174' title='bbox 1317 2271 1528 2316; x_wconf 88' lang='lat' dir='ltr'><strong>nostras</strong></span> <span class='ocrx_word' id='word_1_175' title='bbox 1550 2262 1864 2332; x_wconf 83' lang='lat' dir='ltr'><strong>gubernare.</strong></span> <span class='ocrx_word' id='word_1_176' title='bbox 1889 2260 2024 2327; x_wconf 87' lang='lat' dir='ltr'><strong>Quid</strong></span> <span class='ocrx_word' id='word_1_177' title='bbox 2054 2261 2134 2312; x_wconf 86' lang='lat' dir='ltr'><strong>fa-</strong></span> 
     </span>
    </p>
   </div>
   <div class='ocr_carea' id='block_1_23' title="bbox 542 2351 2133 2425">
    <p class='ocr_par' dir='ltr' id='par_1_23' title="bbox 542 2351 2133 2425">
     <span class='ocr_line' id='line_1_23' title="bbox 542 2351 2133 2425; baseline -0.004 -15"><span class='ocrx_word' id='word_1_178' title='bbox 542 2357 712 2418; x_wconf 82' lang='lat' dir='ltr'><strong>ciam?</strong></span> <span class='ocrx_word' id='word_1_179' title='bbox 739 2355 1031 2425; x_wconf 87' lang='lat' dir='ltr'><strong>Benignum</strong></span> <span class='ocrx_word' id='word_1_180' title='bbox 1068 2354 1348 2407; x_wconf 91' lang='lat' dir='ltr'><strong>Dominum</strong></span> <span class='ocrx_word' id='word_1_181' title='bbox 1393 2352 1590 2417; x_wconf 87' lang='lat' dir='ltr'><strong>habes;</strong></span> <span class='ocrx_word' id='word_1_182' title='bbox 1615 2353 1813 2406; x_wconf 88' lang='lat' dir='ltr'><strong>mavult</strong></span> <span class='ocrx_word' id='word_1_183' title='bbox 1847 2368 1875 2404; x_wconf 91' lang='lat' dir='ltr'><strong>a</strong></span> <span class='ocrx_word' id='word_1_184' title='bbox 1917 2361 1970 2405; x_wconf 92' lang='lat' dir='ltr'><strong>te</strong></span> <span class='ocrx_word' id='word_1_185' title='bbox 2017 2351 2133 2405; x_wconf 92' lang='lat' dir='ltr'><strong>hla-</strong></span> 
     </span>
    </p>
   </div>
   <div class='ocr_carea' id='block_1_24' title="bbox 543 2445 2130 2519">
    <p class='ocr_par' dir='ltr' id='par_1_24' title="bbox 543 2445 2130 2519">
     <span class='ocr_line' id='line_1_24' title="bbox 543 2445 2130 2519; baseline -0.004 -18"><span class='ocrx_word' id='word_1_186' title='bbox 543 2448 800 2519; x_wconf 83' lang='lat' dir='ltr'><strong>spbemiis</strong></span> <span class='ocrx_word' id='word_1_187' title='bbox 827 2447 1036 2512; x_wconf 88' lang='lat' dir='ltr'><strong>lacessi,</strong></span> <span class='ocrx_word' id='word_1_188' title='bbox 1067 2445 1194 2500; x_wconf 90' lang='lat' dir='ltr'><strong>dum</strong></span> <span class='ocrx_word' id='word_1_189' title='bbox 1225 2445 1486 2514; x_wconf 86' lang='lat' dir='ltr'><strong>ejusmodi</strong></span> <span class='ocrx_word' id='word_1_190' title='bbox 1518 2445 1678 2497; x_wconf 89' lang='lat' dir='ltr'><strong>verba</strong></span> <span class='ocrx_word' id='word_1_191' title='bbox 1713 2445 1940 2513; x_wconf 83' lang='lat' dir='ltr'><strong>profers,</strong></span> <span class='ocrx_word' id='word_1_192' title='bbox 1971 2459 2130 2513; x_wconf 89' lang='lat' dir='ltr'><strong>quam</strong></span> 
     </span>
    </p>
   </div>
   <div class='ocr_carea' id='block_1_25' title="bbox 545 2534 2136 2608">
    <p class='ocr_par' dir='ltr' id='par_1_25' title="bbox 545 2534 2136 2608">
     <span class='ocr_line' id='line_1_25' title="bbox 545 2534 2136 2608; baseline -0.004 -14"><span class='ocrx_word' id='word_1_193' title='bbox 545 2539 802 2608; x_wconf 88' lang='lat' dir='ltr'><strong>permissa</strong></span> <span class='ocrx_word' id='word_1_194' title='bbox 823 2538 1155 2593; x_wconf 73' lang='lat' dir='ltr'><strong>dazmouibus</strong></span> <span class='ocrx_word' id='word_1_195' title='bbox 1184 2551 1364 2591; x_wconf 84' lang='lat' dir='ltr'><strong>rerum</strong></span> <span class='ocrx_word' id='word_1_196' title='bbox 1390 2546 1600 2589; x_wconf 90' lang='lat' dir='ltr'><strong>tuarum</strong></span> <span class='ocrx_word' id='word_1_197' title='bbox 1626 2549 1750 2589; x_wconf 88' lang='lat' dir='ltr'><strong>cura</strong></span> <span class='ocrx_word' id='word_1_198' title='bbox 1781 2544 1832 2590; x_wconf 90' lang='lat' dir='ltr'><strong>te</strong></span> <span class='ocrx_word' id='word_1_199' title='bbox 1857 2534 2136 2604; x_wconf 66' lang='lat' dir='ltr'><strong>experien-</strong></span> 
     </span>
    </p>
   </div>
   <div class='ocr_carea' id='block_1_26' title="bbox 543 2625 2132 2699">
    <p class='ocr_par' dir='ltr' id='par_1_26' title="bbox 543 2625 2132 2699">
     <span class='ocr_line' id='line_1_26' title="bbox 543 2625 2132 2699; baseline -0.003 -15"><span class='ocrx_word' id='word_1_200' title='bbox 543 2632 614 2684; x_wconf 86' lang='lat' dir='ltr'><strong>tia</strong></span> <span class='ocrx_word' id='word_1_201' title='bbox 644 2630 862 2695; x_wconf 91' lang='lat' dir='ltr'><strong>docere,</strong></span> <span class='ocrx_word' id='word_1_202' title='bbox 881 2642 988 2699; x_wconf 87' lang='lat' dir='ltr'><strong>quo</strong></span> <span class='ocrx_word' id='word_1_203' title='bbox 1017 2638 1171 2698; x_wconf 86' lang='lat' dir='ltr'><strong>pacto</strong></span> <span class='ocrx_word' id='word_1_204' title='bbox 1195 2628 1468 2682; x_wconf 64' lang='lat' dir='ltr'><strong>daemones</strong></span> <span class='ocrx_word' id='word_1_205' title='bbox 1492 2625 1960 2696; x_wconf 85' lang='lat' dir='ltr'><strong>gubernent.Tum</strong></span> <span class='ocrx_word' id='word_1_206' title='bbox 1988 2627 2132 2680; x_wconf 90' lang='lat' dir='ltr'><strong>enim</strong></span> 
     </span>
    </p>
   </div>
   <div class='ocr_carea' id='block_1_27' title="bbox 545 2718 2133 2790">
    <p class='ocr_par' dir='ltr' id='par_1_27' title="bbox 545 2718 2133 2790">
     <span class='ocr_line' id='line_1_27' title="bbox 545 2718 2133 2790; baseline -0.003 -15"><span class='ocrx_word' id='word_1_207' title='bbox 545 2721 708 2790; x_wconf 86' lang='lat' dir='ltr'><strong>probe</strong></span> <span class='ocrx_word' id='word_1_208' title='bbox 736 2721 1066 2789; x_wconf 86' lang='lat' dir='ltr'><strong>intelligeres</strong></span> <span class='ocrx_word' id='word_1_209' title='bbox 1089 2720 1414 2787; x_wconf 86' lang='lat' dir='ltr'><strong>experientia</strong></span> <span class='ocrx_word' id='word_1_210' title='bbox 1445 2718 1720 2788; x_wconf 89' lang='lat' dir='ltr'><strong>magistra,</strong></span> <span class='ocrx_word' id='word_1_211' title='bbox 1752 2727 1947 2788; x_wconf 89' lang='lat' dir='ltr'><strong>quanta</strong></span> <span class='ocrx_word' id='word_1_212' title='bbox 1977 2719 2045 2772; x_wconf 92' lang='lat' dir='ltr'><strong>sit</strong></span> <span class='ocrx_word' id='word_1_213' title='bbox 2071 2718 2133 2771; x_wconf 60' lang='lat' dir='ltr'><strong>il-</strong></span> 
     </span>
    </p>
   </div>
   <div class='ocr_carea' id='block_1_28' title="bbox 545 2809 2132 2882">
    <p class='ocr_par' dir='ltr' id='par_1_28' title="bbox 545 2809 2132 2882">
     <span class='ocr_line' id='line_1_28' title="bbox 545 2809 2132 2882; baseline -0.003 -16"><span class='ocrx_word' id='word_1_214' title='bbox 545 2815 715 2867; x_wconf 85' lang='lat' dir='ltr'><strong>lorum</strong></span> <span class='ocrx_word' id='word_1_215' title='bbox 767 2812 1003 2882; x_wconf 88' lang='lat' dir='ltr'><strong>nequitia</strong></span> <span class='ocrx_word' id='word_1_216' title='bbox 1032 2829 1044 2865; x_wconf 92' lang='lat'><strong>:</strong></span> <span class='ocrx_word' id='word_1_217' title='bbox 1078 2812 1186 2865; x_wconf 88' lang='lat' dir='ltr'><strong>imo</strong></span> <span class='ocrx_word' id='word_1_218' title='bbox 1235 2826 1362 2864; x_wconf 87' lang='lat' dir='ltr'><strong>vero</strong></span> <span class='ocrx_word' id='word_1_219' title='bbox 1399 2827 1540 2864; x_wconf 90' lang='lat' dir='ltr'><strong>nunc</strong></span> <span class='ocrx_word' id='word_1_220' title='bbox 1562 2811 1722 2864; x_wconf 88' lang='lat' dir='ltr'><strong>etiam</strong></span> <span class='ocrx_word' id='word_1_221' title='bbox 1769 2824 2053 2878; x_wconf 74' lang='lat' dir='ltr'><strong>possumus</strong></span> <span class='ocrx_word' id='word_1_222' title='bbox 2081 2809 2132 2862; x_wconf 93' lang='lat' dir='ltr'><strong>id</strong></span> 
     </span>
    </p>
   </div>
   <div class='ocr_carea' id='block_1_29' title="bbox 545 2899 2132 2972">
    <p class='ocr_par' dir='ltr' id='par_1_29' title="bbox 545 2899 2132 2972">
     <span class='ocr_line' id='line_1_29' title="bbox 545 2899 2132 2972; baseline -0.004 -15"><span class='ocrx_word' id='word_1_223' title='bbox 545 2916 796 2972; x_wconf 90' lang='lat' dir='ltr'><strong>tanquam</strong></span> <span class='ocrx_word' id='word_1_224' title='bbox 845 2903 1034 2972; x_wconf 90' lang='lat' dir='ltr'><strong>exiguo</strong></span> <span class='ocrx_word' id='word_1_225' title='bbox 1067 2901 1296 2970; x_wconf 88' lang='lat' dir='ltr'><strong>quodam</strong></span> <span class='ocrx_word' id='word_1_226' title='bbox 1338 2901 1584 2969; x_wconf 83' lang='lat' dir='ltr'><strong>exemplo</strong></span> <span class='ocrx_word' id='word_1_227' title='bbox 1614 2901 2005 2954; x_wconf 86' lang='lat' dir='ltr'><strong>demonstrare.</strong></span> <span class='ocrx_word' id='word_1_228' title='bbox 2031 2899 2132 2954; x_wconf 89' lang='lat' dir='ltr'><strong>0c-</strong></span> 
     </span>
    </p>
   </div>
   <div class='ocr_carea' id='block_1_30' title="bbox 543 2991 2129 3062">
    <p class='ocr_par' dir='ltr' id='par_1_30' title="bbox 543 2991 2129 3062">
     <span class='ocr_line' id='line_1_30' title="bbox 543 2991 2129 3062; baseline -0.003 -13"><span class='ocrx_word' id='word_1_229' title='bbox 543 3003 827 3049; x_wconf 90' lang='lat' dir='ltr'><strong>curreruut</strong></span> <span class='ocrx_word' id='word_1_230' title='bbox 875 2995 1102 3048; x_wconf 88' lang='lat' dir='ltr'><strong>Domino</strong></span> <span class='ocrx_word' id='word_1_231' title='bbox 1154 2993 1367 3062; x_wconf 89' lang='lat' dir='ltr'><strong>quidam</strong></span> <span class='ocrx_word' id='word_1_232' title='bbox 1409 3009 1439 3045; x_wconf 90' lang='lat' dir='ltr'><strong>a</strong></span> <span class='ocrx_word' id='word_1_233' title='bbox 1479 2993 1724 3046; x_wconf 64' lang='lat' dir='ltr'><strong>daemone</strong></span> <span class='ocrx_word' id='word_1_234' title='bbox 1771 2991 2038 3060; x_wconf 88' lang='lat' dir='ltr'><strong>correpti,</strong></span> <span class='ocrx_word' id='word_1_235' title='bbox 2067 3008 2129 3046; x_wconf 83' lang='lat' dir='ltr'><strong>ex</strong></span> 
     </span>
    </p>
   </div>
   <div class='ocr_carea' id='block_1_31' title="bbox 543 3084 2133 3157">
    <p class='ocr_par' dir='ltr' id='par_1_31' title="bbox 543 3084 2133 3157">
     <span class='ocr_line' id='line_1_31' title="bbox 543 3084 2133 3157; baseline -0.003 -15"><span class='ocrx_word' id='word_1_236' title='bbox 543 3089 802 3156; x_wconf 81' lang='lat' dir='ltr'><strong>sepulcris</strong></span> <span class='ocrx_word' id='word_1_237' title='bbox 850 3087 1098 3157; x_wconf 88' lang='lat' dir='ltr'><strong>egressi,</strong></span> <span class='ocrx_word' id='word_1_238' title='bbox 1144 3096 1198 3141; x_wconf 90' lang='lat' dir='ltr'><strong>et</strong></span> <span class='ocrx_word' id='word_1_239' title='bbox 1242 3085 1499 3155; x_wconf 78' lang='lat' dir='ltr'><strong>rogabant</strong></span> <span class='ocrx_word' id='word_1_240' title='bbox 1538 3100 1660 3139; x_wconf 91' lang='lat' dir='ltr'><strong>eum</strong></span> <span class='ocrx_word' id='word_1_241' title='bbox 1711 3084 1986 3140; x_wconf 77' lang='lat' dir='ltr'><strong>dzeniones</strong></span> <span class='ocrx_word' id='word_1_242' title='bbox 2012 3126 2026 3151; x_wconf 93' lang='lat'><strong>,</strong></span> <span class='ocrx_word' id='word_1_243' title='bbox 2078 3089 2133 3138; x_wconf 79' lang='lat' dir='ltr'><strong>ut</strong></span> 
     </span>
    </p>
   </div>
   <div class='ocr_carea' id='block_1_32' title="bbox 543 3179 2135 3249">
    <p class='ocr_par' dir='ltr' id='par_1_32' title="bbox 543 3179 2135 3249">
     <span class='ocr_line' id='line_1_32' title="bbox 543 3179 2135 3249; baseline -0.002 -15"><span class='ocrx_word' id='word_1_244' title='bbox 543 3181 643 3234; x_wconf 88' lang='lat' dir='ltr'><strong>sibi</strong></span> <span class='ocrx_word' id='word_1_245' title='bbox 673 3181 1000 3249; x_wconf 90' lang='lat' dir='ltr'><strong>permitteret</strong></span> <span class='ocrx_word' id='word_1_246' title='bbox 1027 3181 1077 3232; x_wconf 92' lang='lat' dir='ltr'><strong>in</strong></span> <span class='ocrx_word' id='word_1_247' title='bbox 1104 3195 1316 3249; x_wconf 87' lang='lat' dir='ltr'><strong>gregem</strong></span> <span class='ocrx_word' id='word_1_248' title='bbox 1348 3193 1628 3248; x_wconf 90' lang='lat' dir='ltr'><strong>porcorum</strong></span> <span class='ocrx_word' id='word_1_249' title='bbox 1660 3179 1856 3236; x_wconf 84' lang='lat' dir='ltr'><strong>intrare</strong></span> <span class='ocrx_word' id='word_1_250' title='bbox 1886 3196 1898 3230; x_wconf 93' lang='lat'>:</span> <span class='ocrx_word' id='word_1_251' title='bbox 1928 3188 1980 3233; x_wconf 90' lang='lat' dir='ltr'><strong>et</strong></span> <span class='ocrx_word' id='word_1_252' title='bbox 2010 3193 2135 3248; x_wconf 81' lang='lat' dir='ltr'><strong>per-</strong></span> 
     </span>
    </p>
   </div>
   <div class='ocr_carea' id='block_1_33' title="bbox 545 3270 2131 3341">
    <p class='ocr_par' dir='ltr' id='par_1_33' title="bbox 545 3270 2131 3341">
     <span class='ocr_line' id='line_1_33' title="bbox 545 3270 2131 3341; baseline -0.003 -13"><span class='ocrx_word' id='word_1_253' title='bbox 545 3275 708 3338; x_wconf 87' lang='lat' dir='ltr'><strong>misit,</strong></span> <span class='ocrx_word' id='word_1_254' title='bbox 739 3280 896 3341; x_wconf 91' lang='lat' dir='ltr'><strong>atque</strong></span> <span class='ocrx_word' id='word_1_255' title='bbox 922 3272 996 3326; x_wconf 91' lang='lat' dir='ltr'><strong>illi</strong></span> <span class='ocrx_word' id='word_1_256' title='bbox 1031 3271 1304 3336; x_wconf 88' lang='lat' dir='ltr'><strong>abeuntes,</strong></span> <span class='ocrx_word' id='word_1_257' title='bbox 1334 3286 1519 3324; x_wconf 89' lang='lat' dir='ltr'><strong>omnes</strong></span> <span class='ocrx_word' id='word_1_258' title='bbox 1544 3271 1721 3324; x_wconf 85' lang='lat' dir='ltr'><strong>statim</strong></span> <span class='ocrx_word' id='word_1_259' title='bbox 1748 3270 1800 3322; x_wconf 90' lang='lat' dir='ltr'><strong>in</strong></span> <span class='ocrx_word' id='word_1_260' title='bbox 1831 3285 1976 3323; x_wconf 89' lang='lat' dir='ltr'><strong>mare</strong></span> <span class='ocrx_word' id='word_1_261' title='bbox 2004 3285 2131 3338; x_wconf 78' lang='lat' dir='ltr'><strong>pra:-</strong></span> 
     </span>
    </p>
   </div>
   <div class='ocr_carea' id='block_1_34' title="bbox 543 3362 2128 3437">
    <p class='ocr_par' dir='ltr' id='par_1_34' title="bbox 543 3362 2128 3437">
     <span class='ocr_line' id='line_1_34' title="bbox 543 3362 2128 3437; baseline -0.004 -14"><span class='ocrx_word' id='word_1_262' title='bbox 543 3369 728 3437; x_wconf 90' lang='lat' dir='ltr'><strong>cipites</strong></span> <span class='ocrx_word' id='word_1_263' title='bbox 753 3364 1208 3437; x_wconf 83' lang='lat' dir='ltr'><strong>egerunt(Matth.</strong></span> <span class='ocrx_word' id='word_1_264' title='bbox 1227 3365 1280 3420; x_wconf 91' lang='lat'><strong>8.</strong></span> <span class='ocrx_word' id='word_1_265' title='bbox 1303 3364 1392 3417; x_wconf 70' lang='lat'><strong>28.</strong></span> <span class='ocrx_word' id='word_1_266' title='bbox 1415 3365 1571 3434; x_wconf 57' lang='grc' dir='ltr'><strong>δρψ).</strong></span> <span class='ocrx_word' id='word_1_267' title='bbox 1593 3363 1666 3417; x_wconf 89' lang='lat' dir='ltr'><strong>Ita</strong></span> <span class='ocrx_word' id='word_1_268' title='bbox 1697 3363 1994 3432; x_wconf 89' lang='lat' dir='ltr'><strong>gubernant</strong></span> <span class='ocrx_word' id='word_1_269' title='bbox 2017 3362 2128 3416; x_wconf 69' lang='lat' dir='ltr'><strong>da:-</strong></span> 
     </span>
    </p>
   </div>
   <div class='ocr_carea' id='block_1_35' title="bbox 544 3455 2128 3527">
    <p class='ocr_par' dir='ltr' id='par_1_35' title="bbox 544 3455 2128 3527">
     <span class='ocr_line' id='line_1_35' title="bbox 544 3455 2128 3527; baseline -0.005 -14"><span class='ocrx_word' id='word_1_270' title='bbox 544 3473 748 3514; x_wconf 91' lang='lat' dir='ltr'><strong>mones.</strong></span> <span class='ocrx_word' id='word_1_271' title='bbox 791 3457 952 3527; x_wconf 89' lang='lat' dir='ltr'><strong>Atqui</strong></span> <span class='ocrx_word' id='word_1_272' title='bbox 991 3457 1123 3510; x_wconf 86' lang='lat' dir='ltr'><strong>nihil</strong></span> <span class='ocrx_word' id='word_1_273' title='bbox 1154 3456 1254 3508; x_wconf 84' lang='lat' dir='ltr'><strong>illis</strong></span> <span class='ocrx_word' id='word_1_274' title='bbox 1293 3465 1409 3508; x_wconf 89' lang='lat' dir='ltr'><strong>erat</strong></span> <span class='ocrx_word' id='word_1_275' title='bbox 1446 3455 1523 3509; x_wconf 85' lang='lat' dir='ltr'><strong>rei</strong></span> <span class='ocrx_word' id='word_1_276' title='bbox 1559 3470 1680 3508; x_wconf 91' lang='lat' dir='ltr'><strong>cum</strong></span> <span class='ocrx_word' id='word_1_277' title='bbox 1717 3455 1922 3524; x_wconf 92' lang='lat' dir='ltr'><strong>porcis;</strong></span> <span class='ocrx_word' id='word_1_278' title='bbox 1956 3464 2128 3508; x_wconf 85' lang='lat' dir='ltr'><strong>tecum</strong></span> 
     </span>
    </p>
   </div>
   <div class='ocr_carea' id='block_1_36' title="bbox 543 3545 2128 3617">
    <p class='ocr_par' dir='ltr' id='par_1_36' title="bbox 543 3545 2128 3617">
     <span class='ocr_line' id='line_1_36' title="bbox 543 3545 2128 3617; baseline -0.003 -15"><span class='ocrx_word' id='word_1_279' title='bbox 543 3559 720 3602; x_wconf 89' lang='lat' dir='ltr'><strong>autem</strong></span> <span class='ocrx_word' id='word_1_280' title='bbox 747 3563 960 3617; x_wconf 86' lang='lat' dir='ltr'><strong>semper</strong></span> <span class='ocrx_word' id='word_1_281' title='bbox 989 3547 1425 3601; x_wconf 90' lang='lat' dir='ltr'><strong>irreeonciliabile</strong></span> <span class='ocrx_word' id='word_1_282' title='bbox 1453 3545 1650 3600; x_wconf 89' lang='lat' dir='ltr'><strong>bellum</strong></span> <span class='ocrx_word' id='word_1_283' title='bbox 1699 3545 1896 3600; x_wconf 88' lang='lat' dir='ltr'><strong>habent</strong></span> <span class='ocrx_word' id='word_1_284' title='bbox 1941 3561 2128 3599; x_wconf 87' lang='lat' dir='ltr'><strong>susce-</strong></span> 
     </span>
    </p>
   </div>
   <div class='ocr_carea' id='block_1_37' title="bbox 544 3637 2127 3709">
    <p class='ocr_par' dir='ltr' id='par_1_37' title="bbox 544 3637 2127 3709">
     <span class='ocr_line' id='line_1_37' title="bbox 544 3637 2127 3709; baseline -0.004 -15"><span class='ocrx_word' id='word_1_285' title='bbox 544 3650 692 3709; x_wconf 88' lang='lat' dir='ltr'><strong>ptum</strong></span> <span class='ocrx_word' id='word_1_286' title='bbox 719 3680 734 3704; x_wconf 95' lang='lat'><strong>,</strong></span> <span class='ocrx_word' id='word_1_287' title='bbox 773 3651 828 3693; x_wconf 90' lang='lat' dir='ltr'><strong>et</strong></span> <span class='ocrx_word' id='word_1_288' title='bbox 856 3653 1083 3709; x_wconf 88' lang='lat' dir='ltr'><strong>pugnam</strong></span> <span class='ocrx_word' id='word_1_289' title='bbox 1123 3639 1437 3693; x_wconf 88' lang='lat' dir='ltr'><strong>acerrimam</strong></span> <span class='ocrx_word' id='word_1_290' title='bbox 1459 3678 1473 3703; x_wconf 97' lang='lat'><strong>,</strong></span> <span class='ocrx_word' id='word_1_291' title='bbox 1504 3646 1560 3692; x_wconf 91' lang='lat' dir='ltr'><strong>et</strong></span> <span class='ocrx_word' id='word_1_292' title='bbox 1595 3637 1776 3691; x_wconf 89' lang='lat' dir='ltr'><strong>odium</strong></span> <span class='ocrx_word' id='word_1_293' title='bbox 1806 3637 2127 3690; x_wconf 87' lang='lat' dir='ltr'><strong>immortale.</strong></span> 
     </span>
    </p>
   </div>
   <div class='ocr_carea' id='block_1_38' title="bbox 543 3727 2131 3798">
    <p class='ocr_par' dir='ltr' id='par_1_38' title="bbox 543 3727 2131 3798">
     <span class='ocr_line' id='line_1_38' title="bbox 543 3727 2131 3798; baseline -0.002 -13"><span class='ocrx_word' id='word_1_294' title='bbox 543 3730 696 3796; x_wconf 85' lang='lat' dir='ltr'><strong>Quod</strong></span> <span class='ocrx_word' id='word_1_295' title='bbox 721 3730 766 3784; x_wconf 93' lang='lat' dir='ltr'><strong>si</strong></span> <span class='ocrx_word' id='word_1_296' title='bbox 795 3729 928 3791; x_wconf 87' lang='lat' dir='ltr'><strong>illos,</strong></span> <span class='ocrx_word' id='word_1_297' title='bbox 957 3728 1268 3798; x_wconf 86' lang='lat' dir='ltr'><strong>quibuscum</strong></span> <span class='ocrx_word' id='word_1_298' title='bbox 1299 3727 1426 3780; x_wconf 90' lang='lat' dir='ltr'><strong>nihil</strong></span> <span class='ocrx_word' id='word_1_299' title='bbox 1450 3729 1554 3781; x_wconf 91' lang='lat' dir='ltr'><strong>illis</strong></span> <span class='ocrx_word' id='word_1_300' title='bbox 1576 3737 1694 3782; x_wconf 89' lang='lat' dir='ltr'><strong>erat</strong></span> <span class='ocrx_word' id='word_1_301' title='bbox 1717 3743 2032 3794; x_wconf 91' lang='lat' dir='ltr'><strong>commune,</strong></span> <span class='ocrx_word' id='word_1_302' title='bbox 2065 3743 2131 3782; x_wconf 89' lang='lat' dir='ltr'><strong>ne</strong></span> 
     </span>
    </p>
   </div>
   <div class='ocr_carea' id='block_1_39' title="bbox 543 3820 2128 3890">
    <p class='ocr_par' dir='ltr' id='par_1_39' title="bbox 543 3820 2128 3890">
     <span class='ocr_line' id='line_1_39' title="bbox 543 3820 2128 3890; baseline 0 -16"><span class='ocrx_word' id='word_1_303' title='bbox 543 3822 612 3874; x_wconf 91' lang='lat' dir='ltr'><strong>ad</strong></span> <span class='ocrx_word' id='word_1_304' title='bbox 641 3821 888 3890; x_wconf 84' lang='lat' dir='ltr'><strong>exiguum</strong></span> <span class='ocrx_word' id='word_1_305' title='bbox 919 3820 1172 3888; x_wconf 87' lang='lat' dir='ltr'><strong>temporis</strong></span> <span class='ocrx_word' id='word_1_306' title='bbox 1201 3830 1530 3874; x_wconf 90' lang='lat' dir='ltr'><strong>momentum</strong></span> <span class='ocrx_word' id='word_1_307' title='bbox 1561 3820 1792 3874; x_wconf 90' lang='lat' dir='ltr'><strong>tolerare</strong></span> <span class='ocrx_word' id='word_1_308' title='bbox 1819 3821 2089 3890; x_wconf 91' lang='lat' dir='ltr'><strong>potuerint</strong></span> <span class='ocrx_word' id='word_1_309' title='bbox 2113 3863 2128 3886; x_wconf 91' lang='lat'><strong>,</strong></span> 
     </span>
    </p>
   </div>
   <div class='ocr_carea' id='block_1_40' title="bbox 546 3913 2133 3983">
    <p class='ocr_par' dir='ltr' id='par_1_40' title="bbox 546 3913 2133 3983">
     <span class='ocr_line' id='line_1_40' title="bbox 546 3913 2133 3983; baseline -0.001 -13"><span class='ocrx_word' id='word_1_310' title='bbox 546 3917 590 3970; x_wconf 94' lang='lat' dir='ltr'><strong>si</strong></span> <span class='ocrx_word' id='word_1_311' title='bbox 624 3917 806 3970; x_wconf 90' lang='lat' dir='ltr'><strong>hostes</strong></span> <span class='ocrx_word' id='word_1_312' title='bbox 831 3929 956 3968; x_wconf 87' lang='lat' dir='ltr'><strong>suos</strong></span> <span class='ocrx_word' id='word_1_313' title='bbox 983 3925 1035 3968; x_wconf 91' lang='lat' dir='ltr'><strong>et</strong></span> <span class='ocrx_word' id='word_1_314' title='bbox 1052 3929 1082 3967; x_wconf 90' lang='lat' dir='ltr'><strong>a</strong></span> <span class='ocrx_word' id='word_1_315' title='bbox 1111 3913 1302 3983; x_wconf 89' lang='lat' dir='ltr'><strong>quibus</strong></span> <span class='ocrx_word' id='word_1_316' title='bbox 1330 3922 1588 3982; x_wconf 90' lang='lat' dir='ltr'><strong>perpetuo</strong></span> <span class='ocrx_word' id='word_1_317' title='bbox 1615 3913 1947 3982; x_wconf 88' lang='lat' dir='ltr'><strong>mordentur,</strong></span> <span class='ocrx_word' id='word_1_318' title='bbox 1973 3915 2133 3969; x_wconf 88' lang='lat' dir='ltr'><strong>obno-</strong></span> 
     </span>
    </p>
   </div>
   <div class='ocr_carea' id='block_1_41' title="bbox 547 4003 2131 4074">
    <p class='ocr_par' dir='ltr' id='par_1_41' title="bbox 547 4003 2131 4074">
     <span class='ocr_line' id='line_1_41' title="bbox 547 4003 2131 4074; baseline -0.001 -13"><span class='ocrx_word' id='word_1_319' title='bbox 547 4008 664 4062; x_wconf 85' lang='lat' dir='ltr'><strong>xios</strong></span> <span class='ocrx_word' id='word_1_320' title='bbox 704 4007 802 4061; x_wconf 92' lang='lat' dir='ltr'><strong>sibi</strong></span> <span class='ocrx_word' id='word_1_321' title='bbox 844 4020 942 4058; x_wconf 90' lang='lat' dir='ltr'><strong>nos</strong></span> <span class='ocrx_word' id='word_1_322' title='bbox 973 4005 1286 4070; x_wconf 73' lang='lat' dir='ltr'><strong>habuerint,</strong></span> <span class='ocrx_word' id='word_1_323' title='bbox 1317 4004 1446 4073; x_wconf 91' lang='lat' dir='ltr'><strong>quid</strong></span> <span class='ocrx_word' id='word_1_324' title='bbox 1486 4019 1594 4057; x_wconf 90' lang='lat' dir='ltr'><strong>non</strong></span> <span class='ocrx_word' id='word_1_325' title='bbox 1633 4003 1870 4059; x_wconf 88' lang='lat' dir='ltr'><strong>facient?</strong></span> <span class='ocrx_word' id='word_1_326' title='bbox 1901 4020 2006 4074; x_wconf 91' lang='lat' dir='ltr'><strong>quo</strong></span> <span class='ocrx_word' id='word_1_327' title='bbox 2032 4021 2131 4059; x_wconf 91' lang='lat' dir='ltr'><strong>nos</strong></span> 
     </span>
    </p>
   </div>
   <div class='ocr_carea' id='block_1_42' title="bbox 548 4095 2131 4168">
    <p class='ocr_par' dir='ltr' id='par_1_42' title="bbox 548 4095 2131 4168">
     <span class='ocr_line' id='line_1_42' title="bbox 548 4095 2131 4168; baseline -0.002 -14"><span class='ocrx_word' id='word_1_328' title='bbox 548 4097 878 4168; x_wconf 88' lang='lat' dir='ltr'><strong>irreparabili</strong></span> <span class='ocrx_word' id='word_1_329' title='bbox 907 4095 1245 4150; x_wconf 89' lang='lat' dir='ltr'><strong>incommodo</strong></span> <span class='ocrx_word' id='word_1_330' title='bbox 1261 4095 1648 4150; x_wconf 86' lang='lat' dir='ltr'><strong>uonafficient?</strong></span> <span class='ocrx_word' id='word_1_331' title='bbox 1667 4097 1954 4165; x_wconf 87' lang='lat' dir='ltr'><strong>Propterea</strong></span> <span class='ocrx_word' id='word_1_332' title='bbox 1981 4113 2131 4151; x_wconf 86' lang='lat' dir='ltr'><strong>nam-</strong></span> 
     </span>
    </p>
   </div>
   <div class='ocr_carea' id='block_1_43' title="bbox 541 4187 2130 4263">
    <p class='ocr_par' dir='ltr' id='par_1_43' title="bbox 541 4187 2130 4263">
     <span class='ocr_line' id='line_1_43' title="bbox 541 4187 2130 4263; baseline -0.003 -17"><span class='ocrx_word' id='word_1_333' title='bbox 541 4207 649 4263; x_wconf 90' lang='lat' dir='ltr'><strong>que</strong></span> <span class='ocrx_word' id='word_1_334' title='bbox 679 4194 816 4246; x_wconf 88' lang='lat' dir='ltr'><strong>Deus</strong></span> <span class='ocrx_word' id='word_1_335' title='bbox 843 4191 894 4244; x_wconf 91' lang='lat' dir='ltr'><strong>iu</strong></span> <span class='ocrx_word' id='word_1_336' title='bbox 915 4205 1130 4261; x_wconf 86' lang='lat' dir='ltr'><strong>gregem</strong></span> <span class='ocrx_word' id='word_1_337' title='bbox 1160 4203 1441 4258; x_wconf 90' lang='lat' dir='ltr'><strong>porcorum</strong></span> <span class='ocrx_word' id='word_1_338' title='bbox 1470 4187 1674 4242; x_wconf 90' lang='lat' dir='ltr'><strong>irruere</strong></span> <span class='ocrx_word' id='word_1_339' title='bbox 1703 4188 1824 4242; x_wconf 87' lang='lat' dir='ltr'><strong>illos</strong></span> <span class='ocrx_word' id='word_1_340' title='bbox 1851 4189 2130 4257; x_wconf 89' lang='lat' dir='ltr'><strong>permisit,</strong></span> 
     </span>
    </p>
   </div>
   <div class='ocr_carea' id='block_1_44' title="bbox 547 4280 2130 4352">
    <p class='ocr_par' dir='ltr' id='par_1_44' title="bbox 547 4280 2130 4352">
     <span class='ocr_line' id='line_1_44' title="bbox 547 4280 2130 4352; baseline -0.003 -13"><span class='ocrx_word' id='word_1_341' title='bbox 547 4285 674 4339; x_wconf 91' lang='lat' dir='ltr'><strong>utin</strong></span> <span class='ocrx_word' id='word_1_342' title='bbox 703 4284 1013 4352; x_wconf 88' lang='lat' dir='ltr'><strong>corporibus</strong></span> <span class='ocrx_word' id='word_1_343' title='bbox 1042 4281 1266 4336; x_wconf 86' lang='lat' dir='ltr'><strong>rationis</strong></span> <span class='ocrx_word' id='word_1_344' title='bbox 1285 4283 1584 4350; x_wconf 89' lang='lat' dir='ltr'><strong>expertium</strong></span> <span class='ocrx_word' id='word_1_345' title='bbox 1611 4280 1916 4334; x_wconf 88' lang='lat' dir='ltr'><strong>animalium</strong></span> <span class='ocrx_word' id='word_1_346' title='bbox 1939 4321 1951 4345; x_wconf 91' lang='lat'><strong>,</strong></span> <span class='ocrx_word' id='word_1_347' title='bbox 1985 4282 2130 4350; x_wconf 90' lang='lat' dir='ltr'><strong>ipso-</strong></span> 
     </span>
    </p>
   </div>
   <div class='ocr_carea' id='block_1_45' title="bbox 545 4372 2134 4444">
    <p class='ocr_par' dir='ltr' id='par_1_45' title="bbox 545 4372 2134 4444">
     <span class='ocr_line' id='line_1_45' title="bbox 545 4372 2134 4444; baseline -0.003 -14"><span class='ocrx_word' id='word_1_348' title='bbox 545 4390 664 4430; x_wconf 89' lang='lat' dir='ltr'><strong>rum</strong></span> <span class='ocrx_word' id='word_1_349' title='bbox 685 4375 974 4444; x_wconf 80' lang='lat' dir='ltr'><strong>nequitiam</strong></span> <span class='ocrx_word' id='word_1_350' title='bbox 1001 4374 1194 4427; x_wconf 90' lang='lat' dir='ltr'><strong>discas.</strong></span> <span class='ocrx_word' id='word_1_351' title='bbox 1247 4373 1420 4442; x_wconf 84' lang='lat' dir='ltr'><strong>Atque</strong></span> <span class='ocrx_word' id='word_1_352' title='bbox 1461 4372 1579 4426; x_wconf 92' lang='lat' dir='ltr'><strong>illos</strong></span> <span class='ocrx_word' id='word_1_353' title='bbox 1602 4372 1814 4440; x_wconf 90' lang='lat' dir='ltr'><strong>quidem</strong></span> <span class='ocrx_word' id='word_1_354' title='bbox 1845 4373 2030 4426; x_wconf 89' lang='lat' dir='ltr'><strong>eadem</strong></span> <span class='ocrx_word' id='word_1_355' title='bbox 2059 4374 2134 4427; x_wconf 90' lang='lat' dir='ltr'><strong>fa-</strong></span> 
     </span>
    </p>
   </div>
   <div class='ocr_carea' id='block_1_46' title="bbox 545 4463 2130 4534">
    <p class='ocr_par' dir='ltr' id='par_1_46' title="bbox 545 4463 2130 4534">
     <span class='ocr_line' id='line_1_46' title="bbox 545 4463 2130 4534; baseline -0.004 -12"><span class='ocrx_word' id='word_1_356' title='bbox 545 4477 726 4522; x_wconf 86' lang='lat' dir='ltr'><strong>cturos</strong></span> <span class='ocrx_word' id='word_1_357' title='bbox 753 4467 914 4521; x_wconf 89' lang='lat' dir='ltr'><strong>fuisse</strong></span> <span class='ocrx_word' id='word_1_358' title='bbox 953 4463 1314 4528; x_wconf 67' lang='lat' dir='ltr'><strong>daemoniacis,</strong></span> <span class='ocrx_word' id='word_1_359' title='bbox 1352 4478 1469 4532; x_wconf 68' lang='lat' dir='ltr'><strong>quae</strong></span> <span class='ocrx_word' id='word_1_360' title='bbox 1497 4463 1694 4531; x_wconf 89' lang='lat' dir='ltr'><strong>porcis,</strong></span> <span class='ocrx_word' id='word_1_361' title='bbox 1727 4463 1826 4517; x_wconf 90' lang='lat' dir='ltr'><strong>nisi</strong></span> <span class='ocrx_word' id='word_1_362' title='bbox 1858 4464 1988 4517; x_wconf 88' lang='lat' dir='ltr'><strong>etin</strong></span> <span class='ocrx_word' id='word_1_363' title='bbox 2017 4464 2130 4534; x_wconf 88' lang='lat' dir='ltr'><strong>ipsa</strong></span> 
     </span>
    </p>
   </div>
   <div class='ocr_carea' id='block_1_47' title="bbox 547 4553 2130 4623">
    <p class='ocr_par' dir='ltr' id='par_1_47' title="bbox 547 4553 2130 4623">
     <span class='ocr_line' id='line_1_47' title="bbox 547 4553 2130 4623; baseline -0.002 -13"><span class='ocrx_word' id='word_1_364' title='bbox 547 4557 753 4612; x_wconf 87' lang='lat' dir='ltr'><strong>insania</strong></span> <span class='ocrx_word' id='word_1_365' title='bbox 773 4557 980 4610; x_wconf 90' lang='lat' dir='ltr'><strong>illorum</strong></span> <span class='ocrx_word' id='word_1_366' title='bbox 1003 4596 1016 4620; x_wconf 92' lang='lat'><strong>,</strong></span> <span class='ocrx_word' id='word_1_367' title='bbox 1045 4569 1227 4608; x_wconf 91' lang='lat' dir='ltr'><strong>curam</strong></span> <span class='ocrx_word' id='word_1_368' title='bbox 1247 4562 1456 4623; x_wconf 89' lang='lat' dir='ltr'><strong>gereret</strong></span> <span class='ocrx_word' id='word_1_369' title='bbox 1479 4553 1926 4608; x_wconf 73' lang='lat' dir='ltr'><strong>daemoniacorum</strong></span> <span class='ocrx_word' id='word_1_370' title='bbox 1954 4554 2090 4608; x_wconf 88' lang='lat' dir='ltr'><strong>Deus</strong></span> <span class='ocrx_word' id='word_1_371' title='bbox 2117 4596 2130 4616; x_wconf 95' lang='lat'><strong>,</strong></span> 
     </span>
    </p>
   </div>
   <div class='ocr_carea' id='block_1_48' title="bbox 543 4647 2132 4718">
    <p class='ocr_par' dir='ltr' id='par_1_48' title="bbox 543 4647 2132 4718">
     <span class='ocr_line' id='line_1_48' title="bbox 543 4647 2132 4718; baseline -0.003 -12"><span class='ocrx_word' id='word_1_372' title='bbox 543 4653 793 4706; x_wconf 89' lang='lat' dir='ltr'><strong>omnibus</strong></span> <span class='ocrx_word' id='word_1_373' title='bbox 818 4647 1156 4703; x_wconf 88' lang='lat' dir='ltr'><strong>manifestum</strong></span> <span class='ocrx_word' id='word_1_374' title='bbox 1195 4659 1296 4703; x_wconf 91' lang='lat' dir='ltr'><strong>est.</strong></span> <span class='ocrx_word' id='word_1_375' title='bbox 1343 4648 1411 4701; x_wconf 84' lang='lat' dir='ltr'><strong>Et</strong></span> <span class='ocrx_word' id='word_1_376' title='bbox 1451 4662 1594 4702; x_wconf 92' lang='lat' dir='ltr'><strong>nunc</strong></span> <span class='ocrx_word' id='word_1_377' title='bbox 1619 4648 1778 4717; x_wconf 83' lang='lat' dir='ltr'><strong>igitur</strong></span> <span class='ocrx_word' id='word_1_378' title='bbox 1801 4687 1818 4714; x_wconf 93' lang='lat'><strong>,</strong></span> <span class='ocrx_word' id='word_1_379' title='bbox 1847 4649 1893 4702; x_wconf 90' lang='lat' dir='ltr'><strong>si</strong></span> <span class='ocrx_word' id='word_1_380' title='bbox 1918 4649 2132 4718; x_wconf 89' lang='lat' dir='ltr'><strong>quando</strong></span> 
     </span>
    </p>
   </div>
   <div class='ocr_carea' id='block_1_49' title="bbox 547 4737 2131 4810">
    <p class='ocr_par' dir='ltr' id='par_1_49' title="bbox 547 4737 2131 4810">
     <span class='ocr_line' id='line_1_49' title="bbox 547 4737 2131 4810; baseline -0.002 -15"><span class='ocrx_word' id='word_1_381' title='bbox 547 4741 744 4798; x_wconf 87' lang='lat' dir='ltr'><strong>videris</strong></span> <span class='ocrx_word' id='word_1_382' title='bbox 768 4739 1037 4794; x_wconf 87' lang='lat' dir='ltr'><strong>hominem</strong></span> <span class='ocrx_word' id='word_1_383' title='bbox 1063 4741 1318 4810; x_wconf 90' lang='lat' dir='ltr'><strong>agitatum</strong></span> <span class='ocrx_word' id='word_1_384' title='bbox 1364 4753 1394 4791; x_wconf 89' lang='lat' dir='ltr'><strong>a</strong></span> <span class='ocrx_word' id='word_1_385' title='bbox 1421 4737 1684 4803; x_wconf 70' lang='lat' dir='ltr'><strong>daemone,</strong></span> <span class='ocrx_word' id='word_1_386' title='bbox 1726 4739 2008 4792; x_wconf 92' lang='lat' dir='ltr'><strong>Dominum</strong></span> <span class='ocrx_word' id='word_1_387' title='bbox 2034 4739 2131 4792; x_wconf 89' lang='lat' dir='ltr'><strong>ad-</strong></span> 
     </span>
    </p>
   </div>
   <div class='ocr_carea' id='block_1_50' title="bbox 536 4829 2135 4904">
    <p class='ocr_par' dir='ltr' id='par_1_50' title="bbox 536 4829 2135 4904">
     <span class='ocr_line' id='line_1_50' title="bbox 536 4829 2135 4904; baseline -0.001 -17"><span class='ocrx_word' id='word_1_388' title='bbox 536 4848 664 4896; x_wconf 66' lang='lat' dir='ltr'><strong>ora,</strong></span> <span class='ocrx_word' id='word_1_389' title='bbox 689 4833 975 4904; x_wconf 90' lang='lat' dir='ltr'><strong>nequitiam</strong></span> <span class='ocrx_word' id='word_1_390' title='bbox 1016 4831 1319 4885; x_wconf 70' lang='lat' dir='ltr'><strong>darmonum</strong></span> <span class='ocrx_word' id='word_1_391' title='bbox 1349 4830 1515 4895; x_wconf 90' lang='lat' dir='ltr'><strong>disce,</strong></span> <span class='ocrx_word' id='word_1_392' title='bbox 1561 4829 1822 4898; x_wconf 90' lang='lat' dir='ltr'><strong>siquidem</strong></span> <span class='ocrx_word' id='word_1_393' title='bbox 1849 4841 2135 4900; x_wconf 90' lang='lat' dir='ltr'><strong>utrumque</strong></span> 
     </span>
    </p>
   </div>
   <div class='ocr_carea' id='block_1_51' title="bbox 550 4920 2128 4991">
    <p class='ocr_par' dir='ltr' id='par_1_51' title="bbox 550 4920 2128 4991">
     <span class='ocr_line' id='line_1_51' title="bbox 550 4920 2128 4991; baseline -0.003 -12"><span class='ocrx_word' id='word_1_394' title='bbox 550 4944 599 4979; x_wconf 91' lang='lat' dir='ltr'><strong>m</strong></span> <span class='ocrx_word' id='word_1_395' title='bbox 634 4925 716 4979; x_wconf 76' lang='lat' dir='ltr'><strong>his</strong></span> <span class='ocrx_word' id='word_1_396' title='bbox 731 4923 1073 4979; x_wconf 66' lang='lat' dir='ltr'><strong>dmmoniacis</strong></span> <span class='ocrx_word' id='word_1_397' title='bbox 1091 4937 1312 4978; x_wconf 88' lang='lat' dir='ltr'><strong>cernere</strong></span> <span class='ocrx_word' id='word_1_398' title='bbox 1338 4922 1483 4985; x_wconf 86' lang='lat' dir='ltr'><strong>licet,</strong></span> <span class='ocrx_word' id='word_1_399' title='bbox 1512 4929 1567 4974; x_wconf 90' lang='lat' dir='ltr'><strong>et</strong></span> <span class='ocrx_word' id='word_1_400' title='bbox 1589 4921 1681 4974; x_wconf 88' lang='lat' dir='ltr'><strong>Dei</strong></span> <span class='ocrx_word' id='word_1_401' title='bbox 1703 4920 2082 4991; x_wconf 88' lang='lat' dir='ltr'><strong>benignitatem</strong></span> <span class='ocrx_word' id='word_1_402' title='bbox 2113 4944 2128 4987; x_wconf 81' lang='lat'><strong>,-</strong></span> 
     </span>
    </p>
   </div>
   <div class='ocr_carea' id='block_1_52' title="bbox 546 5012 2131 5084">
    <p class='ocr_par' dir='ltr' id='par_1_52' title="bbox 546 5012 2131 5084">
     <span class='ocr_line' id='line_1_52' title="bbox 546 5012 2131 5084; baseline -0.004 -12"><span class='ocrx_word' id='word_1_403' title='bbox 546 5028 603 5072; x_wconf 88' lang='lat' dir='ltr'><strong>et</strong></span> <span class='ocrx_word' id='word_1_404' title='bbox 643 5016 945 5072; x_wconf 70' lang='lat' dir='ltr'><strong>daemonum</strong></span> <span class='ocrx_word' id='word_1_405' title='bbox 989 5015 1418 5084; x_wconf 87' lang='lat' dir='ltr'><strong>improbitatem:</strong></span> <span class='ocrx_word' id='word_1_406' title='bbox 1447 5028 1511 5067; x_wconf 92' lang='lat' dir='ltr'><strong>ac</strong></span> <span class='ocrx_word' id='word_1_407' title='bbox 1564 5013 1867 5067; x_wconf 71' lang='lat' dir='ltr'><strong>daemonum</strong></span> <span class='ocrx_word' id='word_1_408' title='bbox 1919 5012 2131 5082; x_wconf 90' lang='lat' dir='ltr'><strong>quidem</strong></span> 
     </span>
    </p>
   </div>
   <div class='ocr_carea' id='block_1_53' title="bbox 550 5104 2135 5177">
    <p class='ocr_par' dir='ltr' id='par_1_53' title="bbox 550 5104 2135 5177">
     <span class='ocr_line' id='line_1_53' title="bbox 550 5104 2135 5177; baseline -0.003 -15"><span class='ocrx_word' id='word_1_409' title='bbox 550 5106 946 5177; x_wconf 87' lang='lat' dir='ltr'><strong>improbitatem</strong></span> <span class='ocrx_word' id='word_1_410' title='bbox 970 5147 985 5169; x_wconf 95' lang='lat'><strong>,</strong></span> <span class='ocrx_word' id='word_1_411' title='bbox 1006 5121 1127 5160; x_wconf 90' lang='lat' dir='ltr'><strong>cum</strong></span> <span class='ocrx_word' id='word_1_412' title='bbox 1156 5104 1371 5158; x_wconf 90' lang='lat' dir='ltr'><strong>turbent</strong></span> <span class='ocrx_word' id='word_1_413' title='bbox 1398 5113 1454 5158; x_wconf 91' lang='lat' dir='ltr'><strong>et</strong></span> <span class='ocrx_word' id='word_1_414' title='bbox 1479 5104 1747 5173; x_wconf 79' lang='lat' dir='ltr'><strong>exagitent</strong></span> <span class='ocrx_word' id='word_1_415' title='bbox 1766 5104 2000 5158; x_wconf 92' lang='lat' dir='ltr'><strong>animam</strong></span> <span class='ocrx_word' id='word_1_416' title='bbox 2026 5104 2135 5158; x_wconf 77' lang='lat' dir='ltr'><strong>da:-</strong></span> 
     </span>
    </p>
   </div>
   <div class='ocr_carea' id='block_1_54' title="bbox 551 5195 2134 5265">
    <p class='ocr_par' dir='ltr' id='par_1_54' title="bbox 551 5195 2134 5265">
     <span class='ocr_line' id='line_1_54' title="bbox 551 5195 2134 5265; baseline -0.004 -11"><span class='ocrx_word' id='word_1_417' title='bbox 551 5199 816 5264; x_wconf 88' lang='lat' dir='ltr'><strong>moniaci;</strong></span> <span class='ocrx_word' id='word_1_418' title='bbox 852 5198 942 5252; x_wconf 91' lang='lat' dir='ltr'><strong>Dei</strong></span> <span class='ocrx_word' id='word_1_419' title='bbox 965 5213 1094 5251; x_wconf 91' lang='lat' dir='ltr'><strong>vero</strong></span> <span class='ocrx_word' id='word_1_420' title='bbox 1116 5196 1492 5265; x_wconf 87' lang='lat' dir='ltr'><strong>benignitatem</strong></span> <span class='ocrx_word' id='word_1_421' title='bbox 1520 5234 1538 5261; x_wconf 91' lang='lat'><strong>,</strong></span> <span class='ocrx_word' id='word_1_422' title='bbox 1567 5209 1689 5247; x_wconf 91' lang='lat' dir='ltr'><strong>eum</strong></span> <span class='ocrx_word' id='word_1_423' title='bbox 1720 5195 1789 5248; x_wconf 91' lang='lat' dir='ltr'><strong>ita</strong></span> <span class='ocrx_word' id='word_1_424' title='bbox 1819 5210 2020 5248; x_wconf 69' lang='lat' dir='ltr'><strong>saevum</strong></span> <span class='ocrx_word' id='word_1_425' title='bbox 2048 5195 2134 5248; x_wconf 92' lang='lat' dir='ltr'><strong>in-</strong></span> 
     </span>
    </p>
   </div>
   <div class='ocr_carea' id='block_1_55' title="bbox 550 5287 2138 5362">
    <p class='ocr_par' dir='ltr' id='par_1_55' title="bbox 550 5287 2138 5362">
     <span class='ocr_line' id='line_1_55' title="bbox 550 5287 2138 5362; baseline -0.006 -13"><span class='ocrx_word' id='word_1_426' title='bbox 550 5294 813 5362; x_wconf 79' lang='lat' dir='ltr'><strong>quilinum</strong></span> <span class='ocrx_word' id='word_1_427' title='bbox 834 5301 888 5346; x_wconf 90' lang='lat' dir='ltr'><strong>et</strong></span> <span class='ocrx_word' id='word_1_428' title='bbox 912 5290 1182 5346; x_wconf 87' lang='lat' dir='ltr'><strong>hominem</strong></span> <span class='ocrx_word' id='word_1_429' title='bbox 1223 5288 1556 5358; x_wconf 69' lang='lat' dir='ltr'><strong>prtecipitare</strong></span> <span class='ocrx_word' id='word_1_430' title='bbox 1585 5287 1882 5356; x_wconf 83' lang='lat' dir='ltr'><strong>cupientem</strong></span> <span class='ocrx_word' id='word_1_431' title='bbox 1912 5287 2138 5341; x_wconf 86' lang='lat' dir='ltr'><strong>retineat</strong></span> 
     </span>
    </p>
   </div>
   <div class='ocr_carea' id='block_1_56' title="bbox 545 5378 2131 5451">
    <p class='ocr_par' dir='ltr' id='par_1_56' title="bbox 545 5378 2131 5451">
     <span class='ocr_line' id='line_1_56' title="bbox 545 5378 2131 5451; baseline -0.007 -10"><span class='ocrx_word' id='word_1_432' title='bbox 545 5396 607 5441; x_wconf 83' lang='lat' dir='ltr'><strong>et</strong></span> <span class='ocrx_word' id='word_1_433' title='bbox 633 5393 916 5450; x_wconf 88' lang='lat' dir='ltr'><strong>coerceat,</strong></span> <span class='ocrx_word' id='word_1_434' title='bbox 948 5397 1119 5451; x_wconf 91' lang='lat' dir='ltr'><strong>neque</strong></span> <span class='ocrx_word' id='word_1_435' title='bbox 1139 5381 1285 5436; x_wconf 90' lang='lat' dir='ltr'><strong>omni</strong></span> <span class='ocrx_word' id='word_1_436' title='bbox 1309 5394 1400 5434; x_wconf 90' lang='lat' dir='ltr'><strong>sua</strong></span> <span class='ocrx_word' id='word_1_437' title='bbox 1424 5386 1688 5448; x_wconf 87' lang='lat' dir='ltr'><strong>potestate</strong></span> <span class='ocrx_word' id='word_1_438' title='bbox 1717 5379 1790 5431; x_wconf 91' lang='lat' dir='ltr'><strong>uti</strong></span> <span class='ocrx_word' id='word_1_439' title='bbox 1818 5378 2090 5447; x_wconf 85' lang='lat' dir='ltr'><strong>permittat</strong></span> <span class='ocrx_word' id='word_1_440' title='bbox 2117 5418 2131 5443; x_wconf 91' lang='lat'><strong>,</strong></span> 
     </span>
    </p>
   </div>
   <div class='ocr_carea' id='block_1_57' title="bbox 553 5468 2135 5537">
    <p class='ocr_par' dir='ltr' id='par_1_57' title="bbox 553 5468 2135 5537">
     <span class='ocr_line' id='line_1_57' title="bbox 553 5468 2135 5537; baseline -0.009 -1"><span class='ocrx_word' id='word_1_441' title='bbox 553 5479 649 5536; x_wconf 86' lang='lat' dir='ltr'><strong>sed</strong></span> <span class='ocrx_word' id='word_1_442' title='bbox 677 5488 876 5534; x_wconf 87' lang='lat' dir='ltr'><strong>tantam</strong></span> <span class='ocrx_word' id='word_1_443' title='bbox 902 5477 1006 5529; x_wconf 87' lang='lat' dir='ltr'><strong>vim</strong></span> <span class='ocrx_word' id='word_1_444' title='bbox 1037 5475 1172 5528; x_wconf 88' lang='lat' dir='ltr'><strong>sinat</strong></span> <span class='ocrx_word' id='word_1_445' title='bbox 1199 5471 1518 5537; x_wconf 88' lang='lat' dir='ltr'><strong>ostendere,</strong></span> <span class='ocrx_word' id='word_1_446' title='bbox 1551 5478 1609 5524; x_wconf 86' lang='lat' dir='ltr'><strong>ut</strong></span> <span class='ocrx_word' id='word_1_447' title='bbox 1633 5477 1688 5524; x_wconf 90' lang='lat' dir='ltr'><strong>et</strong></span> <span class='ocrx_word' id='word_1_448' title='bbox 1730 5468 2000 5524; x_wconf 89' lang='lat' dir='ltr'><strong>hominem</strong></span> <span class='ocrx_word' id='word_1_449' title='bbox 2043 5485 2135 5524; x_wconf 80' lang='lat' dir='ltr'><strong>ca-</strong></span> 
     </span>
    </p>
   </div>
   <div class='ocr_carea' id='block_1_58' title="bbox 553 5563 2137 5642">
    <p class='ocr_par' dir='ltr' id='par_1_58' title="bbox 553 5563 2137 5642">
     <span class='ocr_line' id='line_1_58' title="bbox 553 5563 2137 5642; baseline -0.006 -15"><span class='ocrx_word' id='word_1_450' title='bbox 553 5575 744 5642; x_wconf 85' lang='lat' dir='ltr'><strong>stiget,</strong></span> <span class='ocrx_word' id='word_1_451' title='bbox 791 5581 844 5625; x_wconf 90' lang='lat' dir='ltr'><strong>et</strong></span> <span class='ocrx_word' id='word_1_452' title='bbox 871 5571 1080 5624; x_wconf 91' lang='lat' dir='ltr'><strong>illorum</strong></span> <span class='ocrx_word' id='word_1_453' title='bbox 1106 5567 1394 5638; x_wconf 88' lang='lat' dir='ltr'><strong>nequitiam</strong></span> <span class='ocrx_word' id='word_1_454' title='bbox 1422 5566 1741 5620; x_wconf 89' lang='lat' dir='ltr'><strong>manifestet.</strong></span> <span class='ocrx_word' id='word_1_455' title='bbox 1771 5563 1862 5618; x_wconf 86' lang='lat' dir='ltr'><strong>Vis</strong></span> <span class='ocrx_word' id='word_1_456' title='bbox 1889 5565 2046 5618; x_wconf 89' lang='lat' dir='ltr'><strong>etiam</strong></span> <span class='ocrx_word' id='word_1_457' title='bbox 2081 5573 2137 5618; x_wconf 89' lang='lat' dir='ltr'><strong>et</strong></span> 
     </span>
    </p>
   </div>
   <div class='ocr_carea' id='block_1_59' title="bbox 557 5653 2136 5728">
    <p class='ocr_par' dir='ltr' id='par_1_59' title="bbox 557 5653 2136 5728">
     <span class='ocr_line' id='line_1_59' title="bbox 557 5653 2136 5728; baseline -0.005 -12"><span class='ocrx_word' id='word_1_458' title='bbox 557 5665 724 5720; x_wconf 88' lang='lat' dir='ltr'><strong>altero</strong></span> <span class='ocrx_word' id='word_1_459' title='bbox 753 5675 936 5716; x_wconf 88' lang='lat' dir='ltr'><strong>rursus</strong></span> <span class='ocrx_word' id='word_1_460' title='bbox 963 5659 1208 5728; x_wconf 75' lang='lat' dir='ltr'><strong>exemplo</strong></span> <span class='ocrx_word' id='word_1_461' title='bbox 1224 5658 1553 5727; x_wconf 90' lang='lat' dir='ltr'><strong>conspicere,</strong></span> <span class='ocrx_word' id='word_1_462' title='bbox 1575 5670 1677 5726; x_wconf 90' lang='lat' dir='ltr'><strong>qua</strong></span> <span class='ocrx_word' id='word_1_463' title='bbox 1703 5655 1906 5709; x_wconf 90' lang='lat' dir='ltr'><strong>ratione</strong></span> <span class='ocrx_word' id='word_1_464' title='bbox 1925 5653 2136 5708; x_wconf 72' lang='lat' dir='ltr'><strong>dzemon</strong></span> 
     </span>
    </p>
   </div>
   <div class='ocr_carea' id='block_1_60' title="bbox 553 5749 2135 5823">
    <p class='ocr_par' dir='ltr' id='par_1_60' title="bbox 553 5749 2135 5823">
     <span class='ocr_line' id='line_1_60' title="bbox 553 5749 2135 5823; baseline -0.004 -18"><span class='ocrx_word' id='word_1_465' title='bbox 553 5756 816 5823; x_wconf 73' lang='lat' dir='ltr'><strong>gubernet</strong></span> <span class='ocrx_word' id='word_1_466' title='bbox 849 5796 865 5817; x_wconf 90' lang='lat'><strong><em>.</em></strong></span> <span class='ocrx_word' id='word_1_467' title='bbox 893 5769 1014 5808; x_wconf 91' lang='lat' dir='ltr'><strong>eum</strong></span> <span class='ocrx_word' id='word_1_468' title='bbox 1048 5768 1076 5806; x_wconf 86' lang='lat' dir='ltr'><strong>a</strong></span> <span class='ocrx_word' id='word_1_469' title='bbox 1111 5752 1217 5806; x_wconf 86' lang='lat' dir='ltr'><strong>Deo</strong></span> <span class='ocrx_word' id='word_1_470' title='bbox 1245 5751 1316 5805; x_wconf 93' lang='lat' dir='ltr'><strong>illi</strong></span> <span class='ocrx_word' id='word_1_471' title='bbox 1342 5749 1662 5821; x_wconf 89' lang='lat' dir='ltr'><strong>permittitur</strong></span> <span class='ocrx_word' id='word_1_472' title='bbox 1690 5790 1704 5816; x_wconf 91' lang='lat'><strong>,</strong></span> <span class='ocrx_word' id='word_1_473' title='bbox 1733 5757 1788 5803; x_wconf 90' lang='lat' dir='ltr'><strong>ut</strong></span> <span class='ocrx_word' id='word_1_474' title='bbox 1822 5756 2135 5818; x_wconf 87' lang='lat' dir='ltr'><strong>potestatem</strong></span> 
     </span>
    </p>
   </div>
   <div class='ocr_carea' id='block_1_61' title="bbox 1293 309 3105 369">
    <p class='ocr_par' dir='ltr' id='par_1_61' title="bbox 1293 309 3105 369">
     <span class='ocr_line' id='line_1_61' title="bbox 1293 309 3105 369; baseline 0.002 -6"><span class='ocrx_word' id='word_1_475' title='bbox 1293 311 1347 363; x_wconf 74' lang='lat'><strong>5.</strong></span> <span class='ocrx_word' id='word_1_476' title='bbox 1387 309 1664 365; x_wconf 82' lang='lat' dir='ltr'><strong>JOANNIS</strong></span> <span class='ocrx_word' id='word_1_477' title='bbox 1701 310 2173 367; x_wconf 61' lang='lat' dir='ltr'><strong>CHRYSOSTOBII</strong></span> <span class='ocrx_word' id='word_1_478' title='bbox 2217 311 2533 366; x_wconf 67' lang='lat' dir='ltr'><strong>AltClllEP.</strong></span> <span class='ocrx_word' id='word_1_479' title='bbox 2575 311 3105 369; x_wconf 75' lang='lat' dir='ltr'><strong>CONSTANTINOP.</strong></span> 
     </span>
    </p>
   </div>
   <div class='ocr_carea' id='block_1_62' title="bbox 3722 306 3817 362">
    <p class='ocr_par' dir='ltr' id='par_1_62' title="bbox 3722 306 3817 362">
     <span class='ocr_line' id='line_1_62' title="bbox 3722 306 3817 362; baseline 0 -1"><span class='ocrx_word' id='word_1_480' title='bbox 3722 306 3817 362; x_wconf 65' lang='grc' dir='ltr'><strong>αεςι</strong></span> 
     </span>
    </p>
   </div>
   <div class='ocr_carea' id='block_1_63' title="bbox 2251 421 3826 477">
    <p class='ocr_par' dir='ltr' id='par_1_63' title="bbox 2251 421 3826 477">
     <span class='ocr_line' id='line_1_63' title="bbox 2251 421 3826 477; baseline 0.003 -6"><span class='ocrx_word' id='word_1_481' title='bbox 2251 434 2402 473; x_wconf 89' lang='lat' dir='ltr'><strong>suam</strong></span> <span class='ocrx_word' id='word_1_482' title='bbox 2434 423 2725 476; x_wconf 79' lang='lat' dir='ltr'><strong>exerceat?</strong></span> <span class='ocrx_word' id='word_1_483' title='bbox 2772 421 2998 477; x_wconf 85' lang='lat' dir='ltr'><strong>Veniant</strong></span> <span class='ocrx_word' id='word_1_484' title='bbox 3030 424 3121 476; x_wconf 92' lang='lat' dir='ltr'><strong>tibi</strong></span> <span class='ocrx_word' id='word_1_485' title='bbox 3167 423 3218 476; x_wconf 92' lang='lat' dir='ltr'><strong>in</strong></span> <span class='ocrx_word' id='word_1_486' title='bbox 3255 431 3484 477; x_wconf 84' lang='lat' dir='ltr'><strong>mentem</strong></span> <span class='ocrx_word' id='word_1_487' title='bbox 3513 438 3748 477; x_wconf 84' lang='lat' dir='ltr'><strong>armenta</strong></span> <span class='ocrx_word' id='word_1_488' title='bbox 3776 437 3826 476; x_wconf 72' lang='grc' dir='ltr'><strong>ιιι</strong></span> 
     </span>
    </p>
   </div>
   <div class='ocr_carea' id='block_1_64' title="bbox 2245 510 3822 583">
    <p class='ocr_par' dir='ltr' id='par_1_64' title="bbox 2245 510 3822 583">
     <span class='ocr_line' id='line_1_64' title="bbox 2245 510 3822 583; baseline 0.003 -20"><span class='ocrx_word' id='word_1_489' title='bbox 2245 525 2434 578; x_wconf 82' lang='lat' dir='ltr'><strong>greges</strong></span> <span class='ocrx_word' id='word_1_490' title='bbox 2458 510 2577 574; x_wconf 83' lang='lat' dir='ltr'><strong>Joh,</strong></span> <span class='ocrx_word' id='word_1_491' title='bbox 2605 528 2710 581; x_wconf 87' lang='lat' dir='ltr'><strong>quo</strong></span> <span class='ocrx_word' id='word_1_492' title='bbox 2731 523 2885 582; x_wconf 86' lang='lat' dir='ltr'><strong>pacto</strong></span> <span class='ocrx_word' id='word_1_493' title='bbox 2926 530 3029 567; x_wconf 90' lang='lat' dir='ltr'><strong>uno</strong></span> <span class='ocrx_word' id='word_1_494' title='bbox 3061 514 3313 583; x_wconf 89' lang='lat' dir='ltr'><strong>temporis</strong></span> <span class='ocrx_word' id='word_1_495' title='bbox 3341 524 3613 568; x_wconf 90' lang='lat' dir='ltr'><strong>momento</strong></span> <span class='ocrx_word' id='word_1_496' title='bbox 3638 529 3822 568; x_wconf 83' lang='lat' dir='ltr'><strong>cuneta</strong></span> 
     </span>
    </p>
   </div>
   <div class='ocr_carea' id='block_1_65' title="bbox 2247 605 3825 676">
    <p class='ocr_par' dir='ltr' id='par_1_65' title="bbox 2247 605 3825 676">
     <span class='ocr_line' id='line_1_65' title="bbox 2247 605 3825 676; baseline 0.004 -24"><span class='ocrx_word' id='word_1_497' title='bbox 2247 606 2612 672; x_wconf 85' lang='lat' dir='ltr'><strong>assumpserit,</strong></span> <span class='ocrx_word' id='word_1_498' title='bbox 2646 605 2958 659; x_wconf 85' lang='lat' dir='ltr'><strong>miserabilis</strong></span> <span class='ocrx_word' id='word_1_499' title='bbox 2989 605 3272 660; x_wconf 87' lang='lat' dir='ltr'><strong>liberorum</strong></span> <span class='ocrx_word' id='word_1_500' title='bbox 3291 607 3405 676; x_wconf 89' lang='lat' dir='ltr'><strong>ejus</strong></span> <span class='ocrx_word' id='word_1_501' title='bbox 3435 621 3598 671; x_wconf 90' lang='lat' dir='ltr'><strong>mors,</strong></span> <span class='ocrx_word' id='word_1_502' title='bbox 3628 605 3825 660; x_wconf 84' lang='lat' dir='ltr'><strong>inflicta</strong></span> 
     </span>
    </p>
   </div>
   <div class='ocr_carea' id='block_1_66' title="bbox 2245 694 3826 764">
    <p class='ocr_par' dir='ltr' id='par_1_66' title="bbox 2245 694 3826 764">
     <span class='ocr_line' id='line_1_66' title="bbox 2245 694 3826 764; baseline 0.001 -18"><span class='ocrx_word' id='word_1_503' title='bbox 2245 694 2457 762; x_wconf 89' lang='lat' dir='ltr'><strong>corpori</strong></span> <span class='ocrx_word' id='word_1_504' title='bbox 2489 695 2604 764; x_wconf 87' lang='lat' dir='ltr'><strong>ejus</strong></span> <span class='ocrx_word' id='word_1_505' title='bbox 2631 696 2778 764; x_wconf 81' lang='lat' dir='ltr'><strong>plaga</strong></span> <span class='ocrx_word' id='word_1_506' title='bbox 2813 715 2825 746; x_wconf 91' lang='lat'>:</span> <span class='ocrx_word' id='word_1_507' title='bbox 2859 706 2912 751; x_wconf 90' lang='lat' dir='ltr'><strong>et</strong></span> <span class='ocrx_word' id='word_1_508' title='bbox 2946 697 3313 751; x_wconf 89' lang='lat' dir='ltr'><strong>crudelitatem</strong></span> <span class='ocrx_word' id='word_1_509' title='bbox 3347 741 3360 759; x_wconf 89' lang='lat'><strong>,</strong></span> <span class='ocrx_word' id='word_1_510' title='bbox 3389 698 3826 752; x_wconf 88' lang='lat' dir='ltr'><strong>iuhumanitalem</strong></span> 
     </span>
    </p>
   </div>
   <div class='ocr_carea' id='block_1_67' title="bbox 2245 785 3828 858">
    <p class='ocr_par' dir='ltr' id='par_1_67' title="bbox 2245 785 3828 858">
     <span class='ocr_line' id='line_1_67' title="bbox 2245 785 3828 858; baseline 0.004 -23"><span class='ocrx_word' id='word_1_511' title='bbox 2245 798 2307 837; x_wconf 93' lang='lat' dir='ltr'><strong>ac</strong></span> <span class='ocrx_word' id='word_1_512' title='bbox 2331 785 2588 839; x_wconf 75' lang='lat' dir='ltr'><strong>szevitiam</strong></span> <span class='ocrx_word' id='word_1_513' title='bbox 2619 787 2868 856; x_wconf 72' lang='lat' dir='ltr'><strong>nequitia:</strong></span> <span class='ocrx_word' id='word_1_514' title='bbox 2907 788 3208 842; x_wconf 73' lang='lat' dir='ltr'><strong>daemonum</strong></span> <span class='ocrx_word' id='word_1_515' title='bbox 3239 789 3530 854; x_wconf 88' lang='lat' dir='ltr'><strong>intuebere,</strong></span> <span class='ocrx_word' id='word_1_516' title='bbox 3557 799 3714 858; x_wconf 89' lang='lat' dir='ltr'><strong>atque</strong></span> <span class='ocrx_word' id='word_1_517' title='bbox 3743 789 3828 842; x_wconf 87' lang='lat' dir='ltr'><strong>in-</strong></span> 
     </span>
    </p>
   </div>
   <div class='ocr_carea' id='block_1_68' title="bbox 2244 874 3828 947">
    <p class='ocr_par' dir='ltr' id='par_1_68' title="bbox 2244 874 3828 947">
     <span class='ocr_line' id='line_1_68' title="bbox 2244 874 3828 947; baseline 0.003 -19"><span class='ocrx_word' id='word_1_518' title='bbox 2244 874 2311 928; x_wconf 91' lang='lat' dir='ltr'><strong>de</strong></span> <span class='ocrx_word' id='word_1_519' title='bbox 2335 874 2614 932; x_wconf 82' lang='lat' dir='ltr'><strong>manifeste</strong></span> <span class='ocrx_word' id='word_1_520' title='bbox 2637 891 2948 947; x_wconf 87' lang='lat' dir='ltr'><strong>cognosces,</strong></span> <span class='ocrx_word' id='word_1_521' title='bbox 2977 879 3020 932; x_wconf 90' lang='lat' dir='ltr'><strong>si</strong></span> <span class='ocrx_word' id='word_1_522' title='bbox 3041 878 3142 932; x_wconf 93' lang='lat' dir='ltr'><strong>hoc</strong></span> <span class='ocrx_word' id='word_1_523' title='bbox 3167 880 3324 933; x_wconf 87' lang='lat' dir='ltr'><strong>etiam</strong></span> <span class='ocrx_word' id='word_1_524' title='bbox 3358 881 3664 934; x_wconf 88' lang='lat' dir='ltr'><strong>universum</strong></span> <span class='ocrx_word' id='word_1_525' title='bbox 3688 880 3828 934; x_wconf 88' lang='lat' dir='ltr'><strong>Deus</strong></span> 
     </span>
    </p>
   </div>
   <div class='ocr_carea' id='block_1_69' title="bbox 2245 966 3828 1037">
    <p class='ocr_par' dir='ltr' id='par_1_69' title="bbox 2245 966 3828 1037">
     <span class='ocr_line' id='line_1_69' title="bbox 2245 966 3828 1037; baseline 0.003 -19"><span class='ocrx_word' id='word_1_526' title='bbox 2245 966 2454 1019; x_wconf 90' lang='lat' dir='ltr'><strong>illorum</strong></span> <span class='ocrx_word' id='word_1_527' title='bbox 2485 967 2816 1034; x_wconf 84' lang='lat' dir='ltr'><strong>permitteret</strong></span> <span class='ocrx_word' id='word_1_528' title='bbox 2839 971 3102 1037; x_wconf 86' lang='lat' dir='ltr'><strong>potestati,</strong></span> <span class='ocrx_word' id='word_1_529' title='bbox 3131 969 3382 1034; x_wconf 88' lang='lat' dir='ltr'><strong>futurmn,</strong></span> <span class='ocrx_word' id='word_1_530' title='bbox 3407 978 3668 1025; x_wconf 83' lang='lat' dir='ltr'><strong>utcuncta</strong></span> <span class='ocrx_word' id='word_1_531' title='bbox 3698 986 3828 1025; x_wconf 83' lang='lat' dir='ltr'><strong>con-</strong></span> 
     </span>
    </p>
   </div>
   <div class='ocr_carea' id='block_1_70' title="bbox 2246 1056 3826 1131">
    <p class='ocr_par' dir='ltr' id='par_1_70' title="bbox 2246 1056 3826 1131">
     <span class='ocr_line' id='line_1_70' title="bbox 2246 1056 3826 1131; baseline 0.003 -22"><span class='ocrx_word' id='word_1_532' title='bbox 2246 1056 2530 1111; x_wconf 87' lang='lat' dir='ltr'><strong>funderent</strong></span> <span class='ocrx_word' id='word_1_533' title='bbox 2549 1067 2603 1111; x_wconf 90' lang='lat' dir='ltr'><strong>et</strong></span> <span class='ocrx_word' id='word_1_534' title='bbox 2630 1058 2924 1121; x_wconf 86' lang='lat' dir='ltr'><strong>turbarent,</strong></span> <span class='ocrx_word' id='word_1_535' title='bbox 2951 1071 3004 1113; x_wconf 91' lang='lat' dir='ltr'><strong>et</strong></span> <span class='ocrx_word' id='word_1_536' title='bbox 3027 1061 3096 1113; x_wconf 90' lang='lat' dir='ltr'><strong>ita</strong></span> <span class='ocrx_word' id='word_1_537' title='bbox 3125 1075 3221 1113; x_wconf 90' lang='lat' dir='ltr'><strong>nos</strong></span> <span class='ocrx_word' id='word_1_538' title='bbox 3250 1070 3535 1116; x_wconf 86' lang='lat' dir='ltr'><strong>tractarent</strong></span> <span class='ocrx_word' id='word_1_539' title='bbox 3565 1102 3580 1124; x_wconf 96' lang='lat'><strong>,</strong></span> <span class='ocrx_word' id='word_1_540' title='bbox 3618 1072 3675 1116; x_wconf 91' lang='lat' dir='ltr'><strong>ut</strong></span> <span class='ocrx_word' id='word_1_541' title='bbox 3699 1078 3826 1131; x_wconf 82' lang='lat' dir='ltr'><strong>por-</strong></span> 
     </span>
    </p>
   </div>
   <div class='ocr_carea' id='block_1_71' title="bbox 2243 1149 3828 1222">
    <p class='ocr_par' dir='ltr' id='par_1_71' title="bbox 2243 1149 3828 1222">
     <span class='ocr_line' id='line_1_71' title="bbox 2243 1149 3828 1222; baseline 0.004 -25"><span class='ocrx_word' id='word_1_542' title='bbox 2243 1164 2337 1201; x_wconf 82' lang='lat' dir='ltr'><strong>eos</strong></span> <span class='ocrx_word' id='word_1_543' title='bbox 2360 1159 2413 1202; x_wconf 91' lang='lat' dir='ltr'><strong>et</strong></span> <span class='ocrx_word' id='word_1_544' title='bbox 2439 1149 2781 1203; x_wconf 78' lang='lat' dir='ltr'><strong>armentailla</strong></span> <span class='ocrx_word' id='word_1_545' title='bbox 2810 1191 2823 1214; x_wconf 92' lang='lat'><strong>,</strong></span> <span class='ocrx_word' id='word_1_546' title='bbox 2854 1151 2931 1203; x_wconf 86' lang='lat' dir='ltr'><strong>sic</strong></span> <span class='ocrx_word' id='word_1_547' title='bbox 2957 1161 3012 1203; x_wconf 92' lang='lat' dir='ltr'><strong>ut</strong></span> <span class='ocrx_word' id='word_1_548' title='bbox 3044 1167 3110 1204; x_wconf 89' lang='lat' dir='ltr'><strong>ne</strong></span> <span class='ocrx_word' id='word_1_549' title='bbox 3131 1152 3316 1220; x_wconf 81' lang='lat' dir='ltr'><strong>exiguo</strong></span> <span class='ocrx_word' id='word_1_550' title='bbox 3332 1152 3546 1221; x_wconf 91' lang='lat' dir='ltr'><strong>quidem</strong></span> <span class='ocrx_word' id='word_1_551' title='bbox 3573 1155 3828 1222; x_wconf 83' lang='lat' dir='ltr'><strong>temporis</strong></span> 
     </span>
    </p>
   </div>
   <div class='ocr_carea' id='block_1_72' title="bbox 2245 1239 3828 1310">
    <p class='ocr_par' dir='ltr' id='par_1_72' title="bbox 2245 1239 3828 1310">
     <span class='ocr_line' id='line_1_72' title="bbox 2245 1239 3828 1310; baseline 0.004 -20"><span class='ocrx_word' id='word_1_552' title='bbox 2245 1248 2513 1292; x_wconf 87' lang='lat' dir='ltr'><strong>momento</strong></span> <span class='ocrx_word' id='word_1_553' title='bbox 2545 1239 2701 1294; x_wconf 84' lang='lat' dir='ltr'><strong>saluti</strong></span> <span class='ocrx_word' id='word_1_554' title='bbox 2729 1252 2924 1295; x_wconf 74' lang='lat' dir='ltr'><strong>nostne</strong></span> <span class='ocrx_word' id='word_1_555' title='bbox 2957 1251 3173 1310; x_wconf 86' lang='lat' dir='ltr'><strong>possent</strong></span> <span class='ocrx_word' id='word_1_556' title='bbox 3199 1257 3435 1310; x_wconf 90' lang='lat' dir='ltr'><strong>parcere.</strong></span> <span class='ocrx_word' id='word_1_557' title='bbox 3473 1243 3528 1297; x_wconf 89' lang='lat' dir='ltr'><strong>Si</strong></span> <span class='ocrx_word' id='word_1_558' title='bbox 3555 1243 3828 1297; x_wconf 84' lang='lat' dir='ltr'><strong>d-.emoncs</strong></span> 
     </span>
    </p>
   </div>
   <div class='ocr_carea' id='block_1_73' title="bbox 2241 1329 3825 1406">
    <p class='ocr_par' dir='ltr' id='par_1_73' title="bbox 2241 1329 3825 1406">
     <span class='ocr_line' id='line_1_73' title="bbox 2241 1329 3825 1406; baseline 0.005 -26"><span class='ocrx_word' id='word_1_559' title='bbox 2241 1329 2630 1397; x_wconf 82' lang='lat' dir='ltr'><strong>gubernarent,</strong></span> <span class='ocrx_word' id='word_1_560' title='bbox 2675 1333 2840 1386; x_wconf 91' lang='lat' dir='ltr'><strong>nihilo</strong></span> <span class='ocrx_word' id='word_1_561' title='bbox 2875 1334 3080 1388; x_wconf 88' lang='lat' dir='ltr'><strong>meliori</strong></span> <span class='ocrx_word' id='word_1_562' title='bbox 3121 1349 3360 1388; x_wconf 88' lang='lat' dir='ltr'><strong>essemus</strong></span> <span class='ocrx_word' id='word_1_563' title='bbox 3397 1336 3448 1388; x_wconf 92' lang='lat' dir='ltr'><strong>in</strong></span> <span class='ocrx_word' id='word_1_564' title='bbox 3487 1344 3628 1389; x_wconf 89' lang='lat' dir='ltr'><strong>statu</strong></span> <span class='ocrx_word' id='word_1_565' title='bbox 3665 1352 3825 1406; x_wconf 85' lang='lat' dir='ltr'><strong>quam</strong></span> 
     </span>
    </p>
   </div>
   <div class='ocr_carea' id='block_1_74' title="bbox 2242 1414 3823 1499">
    <p class='ocr_par' dir='ltr' id='par_1_74' title="bbox 2242 1414 3823 1499">
     <span class='ocr_line' id='line_1_74' title="bbox 2242 1414 3823 1499; baseline 0.003 -21"><span class='ocrx_word' id='word_1_566' title='bbox 2242 1414 2586 1480; x_wconf 58' lang='lat' dir='ltr'><strong>daemoniaci:</strong></span> <span class='ocrx_word' id='word_1_567' title='bbox 2641 1427 2746 1481; x_wconf 91' lang='lat' dir='ltr'><strong>imo</strong></span> <span class='ocrx_word' id='word_1_568' title='bbox 2792 1443 2921 1482; x_wconf 89' lang='lat' dir='ltr'><strong>vero</strong></span> <span class='ocrx_word' id='word_1_569' title='bbox 2961 1429 3210 1483; x_wconf 88' lang='lat' dir='ltr'><strong>deteriori</strong></span> <span class='ocrx_word' id='word_1_570' title='bbox 3253 1429 3302 1482; x_wconf 93' lang='lat' dir='ltr'><strong>in</strong></span> <span class='ocrx_word' id='word_1_571' title='bbox 3345 1439 3481 1483; x_wconf 91' lang='lat' dir='ltr'><strong>statu</strong></span> <span class='ocrx_word' id='word_1_572' title='bbox 3525 1447 3682 1499; x_wconf 88' lang='lat' dir='ltr'><strong>quam</strong></span> <span class='ocrx_word' id='word_1_573' title='bbox 3729 1432 3823 1484; x_wconf 85' lang='lat' dir='ltr'><strong>illi.</strong></span> 
     </span>
    </p>
   </div>
   <div class='ocr_carea' id='block_1_75' title="bbox 2242 1517 3826 1592">
    <p class='ocr_par' dir='ltr' id='par_1_75' title="bbox 2242 1517 3826 1592">
     <span class='ocr_line' id='line_1_75' title="bbox 2242 1517 3826 1592; baseline 0.003 -20"><span class='ocrx_word' id='word_1_574' title='bbox 2242 1517 2426 1587; x_wconf 88' lang='lat' dir='ltr'><strong>Neque</strong></span> <span class='ocrx_word' id='word_1_575' title='bbox 2483 1519 2626 1572; x_wconf 87' lang='lat' dir='ltr'><strong>enim</strong></span> <span class='ocrx_word' id='word_1_576' title='bbox 2668 1520 2783 1573; x_wconf 93' lang='lat' dir='ltr'><strong>illos</strong></span> <span class='ocrx_word' id='word_1_577' title='bbox 2831 1521 2883 1574; x_wconf 92' lang='lat' dir='ltr'><strong>in</strong></span> <span class='ocrx_word' id='word_1_578' title='bbox 2943 1521 3246 1574; x_wconf 90' lang='lat' dir='ltr'><strong>universum</strong></span> <span class='ocrx_word' id='word_1_579' title='bbox 3303 1522 3507 1575; x_wconf 89' lang='lat' dir='ltr'><strong>illorum</strong></span> <span class='ocrx_word' id='word_1_580' title='bbox 3556 1523 3826 1592; x_wconf 78' lang='lat' dir='ltr'><strong>tyrannidi</strong></span> 
     </span>
    </p>
   </div>
   <div class='ocr_carea' id='block_1_76' title="bbox 2240 1611 3828 1686">
    <p class='ocr_par' dir='ltr' id='par_1_76' title="bbox 2240 1611 3828 1686">
     <span class='ocr_line' id='line_1_76' title="bbox 2240 1611 3828 1686; baseline 0.003 -20"><span class='ocrx_word' id='word_1_581' title='bbox 2240 1612 2488 1681; x_wconf 84' lang='lat' dir='ltr'><strong>exposuit</strong></span> <span class='ocrx_word' id='word_1_582' title='bbox 2518 1613 2688 1678; x_wconf 90' lang='lat' dir='ltr'><strong>Deus;</strong></span> <span class='ocrx_word' id='word_1_583' title='bbox 2712 1611 2906 1683; x_wconf 88' lang='lat' dir='ltr'><strong>alioqui</strong></span> <span class='ocrx_word' id='word_1_584' title='bbox 2936 1615 3103 1668; x_wconf 91' lang='lat' dir='ltr'><strong>multo</strong></span> <span class='ocrx_word' id='word_1_585' title='bbox 3142 1615 3256 1670; x_wconf 90' lang='lat' dir='ltr'><strong>istis</strong></span> <span class='ocrx_word' id='word_1_586' title='bbox 3299 1616 3536 1685; x_wconf 88' lang='lat' dir='ltr'><strong>graviora</strong></span> <span class='ocrx_word' id='word_1_587' title='bbox 3567 1618 3705 1686; x_wconf 89' lang='lat' dir='ltr'><strong>passi</strong></span> <span class='ocrx_word' id='word_1_588' title='bbox 3735 1633 3828 1672; x_wconf 85' lang='lat' dir='ltr'><strong>es-</strong></span> 
     </span>
    </p>
   </div>
   <div class='ocr_carea' id='block_1_77' title="bbox 2241 1707 3828 1777">
    <p class='ocr_par' dir='ltr' id='par_1_77' title="bbox 2241 1707 3828 1777">
     <span class='ocr_line' id='line_1_77' title="bbox 2241 1707 3828 1777; baseline 0.003 -20"><span class='ocrx_word' id='word_1_589' title='bbox 2241 1713 2380 1768; x_wconf 89' lang='lat' dir='ltr'><strong>sent,</strong></span> <span class='ocrx_word' id='word_1_590' title='bbox 2413 1719 2570 1774; x_wconf 89' lang='lat' dir='ltr'><strong>quam</strong></span> <span class='ocrx_word' id='word_1_591' title='bbox 2615 1720 2754 1761; x_wconf 88' lang='lat' dir='ltr'><strong>nunc</strong></span> <span class='ocrx_word' id='word_1_592' title='bbox 2795 1709 3085 1776; x_wconf 74' lang='lat' dir='ltr'><strong>patiuntur.</strong></span> <span class='ocrx_word' id='word_1_593' title='bbox 3139 1707 3253 1777; x_wconf 85' lang='lat' dir='ltr'><strong>Ego</strong></span> <span class='ocrx_word' id='word_1_594' title='bbox 3284 1722 3411 1762; x_wconf 87' lang='lat' dir='ltr'><strong>vero</strong></span> <span class='ocrx_word' id='word_1_595' title='bbox 3451 1708 3639 1763; x_wconf 91' lang='lat' dir='ltr'><strong>lubens</strong></span> <span class='ocrx_word' id='word_1_596' title='bbox 3667 1725 3732 1762; x_wconf 86' lang='lat' dir='ltr'><strong>ex</strong></span> <span class='ocrx_word' id='word_1_597' title='bbox 3763 1711 3828 1763; x_wconf 85' lang='lat' dir='ltr'><strong>iis</strong></span> 
     </span>
    </p>
   </div>
   <div class='ocr_carea' id='block_1_78' title="bbox 2239 1796 3832 1870">
    <p class='ocr_par' dir='ltr' id='par_1_78' title="bbox 2239 1796 3832 1870">
     <span class='ocr_line' id='line_1_78' title="bbox 2239 1796 3832 1870; baseline 0.006 -23"><span class='ocrx_word' id='word_1_598' title='bbox 2239 1796 2329 1864; x_wconf 88' lang='lat' dir='ltr'><strong>qui</strong></span> <span class='ocrx_word' id='word_1_599' title='bbox 2369 1797 2468 1850; x_wconf 90' lang='lat' dir='ltr'><strong>ista</strong></span> <span class='ocrx_word' id='word_1_600' title='bbox 2499 1797 2685 1851; x_wconf 87' lang='lat' dir='ltr'><strong>dicunt</strong></span> <span class='ocrx_word' id='word_1_601' title='bbox 2732 1799 3034 1854; x_wconf 82' lang='lat' dir='ltr'><strong>sciscitarer</strong></span> <span class='ocrx_word' id='word_1_602' title='bbox 3067 1841 3082 1866; x_wconf 93' lang='lat'><strong>,</strong></span> <span class='ocrx_word' id='word_1_603' title='bbox 3115 1815 3274 1870; x_wconf 90' lang='lat' dir='ltr'><strong>quam</strong></span> <span class='ocrx_word' id='word_1_604' title='bbox 3319 1800 3530 1855; x_wconf 88' lang='lat' dir='ltr'><strong>tandem</strong></span> <span class='ocrx_word' id='word_1_605' title='bbox 3571 1802 3624 1855; x_wconf 90' lang='lat' dir='ltr'><strong>in</strong></span> <span class='ocrx_word' id='word_1_606' title='bbox 3664 1801 3832 1857; x_wconf 88' lang='lat' dir='ltr'><strong>rebus</strong></span> 
     </span>
    </p>
   </div>
   <div class='ocr_carea' id='block_1_79' title="bbox 2239 1889 3826 1964">
    <p class='ocr_par' dir='ltr' id='par_1_79' title="bbox 2239 1889 3826 1964">
     <span class='ocr_line' id='line_1_79' title="bbox 2239 1889 3826 1964; baseline 0.004 -24"><span class='ocrx_word' id='word_1_607' title='bbox 2239 1889 2596 1958; x_wconf 72' lang='lat' dir='ltr'><strong>prtesentibus</strong></span> <span class='ocrx_word' id='word_1_608' title='bbox 2645 1890 3008 1946; x_wconf 91' lang='lat' dir='ltr'><strong>confusionem</strong></span> <span class='ocrx_word' id='word_1_609' title='bbox 3051 1901 3323 1958; x_wconf 89' lang='lat' dir='ltr'><strong>cernant,</strong></span> <span class='ocrx_word' id='word_1_610' title='bbox 3375 1903 3434 1948; x_wconf 91' lang='lat' dir='ltr'><strong>ut</strong></span> <span class='ocrx_word' id='word_1_611' title='bbox 3491 1896 3826 1964; x_wconf 81' lang='lat' dir='ltr'><strong>negotiorum</strong></span> 
     </span>
    </p>
   </div>
   <div class='ocr_carea' id='block_1_80' title="bbox 2241 1982 3830 2050">
    <p class='ocr_par' dir='ltr' id='par_1_80' title="bbox 2241 1982 3830 2050">
     <span class='ocr_line' id='line_1_80' title="bbox 2241 1982 3830 2050; baseline 0.004 -17"><span class='ocrx_word' id='word_1_612' title='bbox 2241 1989 2544 2035; x_wconf 90' lang='lat' dir='ltr'><strong>nostrorum</strong></span> <span class='ocrx_word' id='word_1_613' title='bbox 2588 1982 2822 2050; x_wconf 91' lang='lat' dir='ltr'><strong>regimen</strong></span> <span class='ocrx_word' id='word_1_614' title='bbox 2867 1997 3028 2038; x_wconf 89' lang='lat' dir='ltr'><strong>omne</strong></span> <span class='ocrx_word' id='word_1_615' title='bbox 3065 1983 3398 2039; x_wconf 69' lang='lat' dir='ltr'><strong>dazmonibus</strong></span> <span class='ocrx_word' id='word_1_616' title='bbox 3437 1985 3707 2040; x_wconf 87' lang='lat' dir='ltr'><strong>tribuant?</strong></span> <span class='ocrx_word' id='word_1_617' title='bbox 3761 1989 3830 2040; x_wconf 80' lang='lat' dir='ltr'><strong>At</strong></span> 
     </span>
    </p>
   </div>
   <div class='ocr_carea' id='block_1_81' title="bbox 2239 2073 3828 2142">
    <p class='ocr_par' dir='ltr' id='par_1_81' title="bbox 2239 2073 3828 2142">
     <span class='ocr_line' id='line_1_81' title="bbox 2239 2073 3828 2142; baseline 0.003 -16"><span class='ocrx_word' id='word_1_618' title='bbox 2239 2073 2381 2126; x_wconf 90' lang='lat' dir='ltr'><strong>enim</strong></span> <span class='ocrx_word' id='word_1_619' title='bbox 2404 2073 2572 2128; x_wconf 91' lang='lat' dir='ltr'><strong>solem</strong></span> <span class='ocrx_word' id='word_1_620' title='bbox 2602 2073 2842 2128; x_wconf 84' lang='lat' dir='ltr'><strong>videmus</strong></span> <span class='ocrx_word' id='word_1_621' title='bbox 2871 2090 2966 2142; x_wconf 89' lang='lat' dir='ltr'><strong>per</strong></span> <span class='ocrx_word' id='word_1_622' title='bbox 2997 2084 3074 2128; x_wconf 91' lang='lat' dir='ltr'><strong>tot</strong></span> <span class='ocrx_word' id='word_1_623' title='bbox 3098 2091 3358 2129; x_wconf 87' lang='lat' dir='ltr'><strong>annormn</strong></span> <span class='ocrx_word' id='word_1_624' title='bbox 3393 2077 3654 2131; x_wconf 91' lang='lat' dir='ltr'><strong>curricula</strong></span> <span class='ocrx_word' id='word_1_625' title='bbox 3681 2078 3828 2132; x_wconf 89' lang='lat' dir='ltr'><strong>ordi-</strong></span> 
     </span>
    </p>
   </div>
   <div class='ocr_carea' id='block_1_82' title="bbox 2239 2169 3824 2239">
    <p class='ocr_par' dir='ltr' id='par_1_82' title="bbox 2239 2169 3824 2239">
     <span class='ocr_line' id='line_1_82' title="bbox 2239 2169 3824 2239; baseline 0.003 -18"><span class='ocrx_word' id='word_1_626' title='bbox 2239 2178 2363 2222; x_wconf 91' lang='lat' dir='ltr'><strong>nate</strong></span> <span class='ocrx_word' id='word_1_627' title='bbox 2391 2169 2627 2238; x_wconf 89' lang='lat' dir='ltr'><strong>quotidie</strong></span> <span class='ocrx_word' id='word_1_628' title='bbox 2653 2169 2983 2239; x_wconf 88' lang='lat' dir='ltr'><strong>gradientem</strong></span> <span class='ocrx_word' id='word_1_629' title='bbox 3018 2189 3029 2222; x_wconf 88' lang='lat'><strong>:</strong></span> <span class='ocrx_word' id='word_1_630' title='bbox 3059 2173 3257 2224; x_wconf 76' lang='lat' dir='ltr'><strong>varium</strong></span> <span class='ocrx_word' id='word_1_631' title='bbox 3294 2171 3528 2227; x_wconf 90' lang='lat' dir='ltr'><strong>siderum</strong></span> <span class='ocrx_word' id='word_1_632' title='bbox 3559 2174 3782 2226; x_wconf 88' lang='lat' dir='ltr'><strong>chorum</strong></span> <span class='ocrx_word' id='word_1_633' title='bbox 3809 2216 3824 2234; x_wconf 91' lang='lat'><strong>,</strong></span> 
     </span>
    </p>
   </div>
   <div class='ocr_carea' id='block_1_83' title="bbox 2239 2259 3830 2334">
    <p class='ocr_par' dir='ltr' id='par_1_83' title="bbox 2239 2259 3830 2334">
     <span class='ocr_line' id='line_1_83' title="bbox 2239 2259 3830 2334; baseline 0.003 -21"><span class='ocrx_word' id='word_1_634' title='bbox 2239 2259 2329 2329; x_wconf 92' lang='lat' dir='ltr'><strong>qui</strong></span> <span class='ocrx_word' id='word_1_635' title='bbox 2355 2275 2510 2314; x_wconf 92' lang='lat' dir='ltr'><strong>suum</strong></span> <span class='ocrx_word' id='word_1_636' title='bbox 2539 2259 2782 2315; x_wconf 88' lang='lat' dir='ltr'><strong>ordinem</strong></span> <span class='ocrx_word' id='word_1_637' title='bbox 2813 2272 2990 2315; x_wconf 81' lang='lat' dir='ltr'><strong>servat</strong></span> <span class='ocrx_word' id='word_1_638' title='bbox 3012 2301 3025 2320; x_wconf 91' lang='lat'><strong>,</strong></span> <span class='ocrx_word' id='word_1_639' title='bbox 3051 2262 3188 2316; x_wconf 79' lang='lat' dir='ltr'><strong>lunze</strong></span> <span class='ocrx_word' id='word_1_640' title='bbox 3215 2278 3402 2317; x_wconf 91' lang='lat' dir='ltr'><strong>cursus</strong></span> <span class='ocrx_word' id='word_1_641' title='bbox 3429 2279 3716 2334; x_wconf 87' lang='lat' dir='ltr'><strong>numquam</strong></span> <span class='ocrx_word' id='word_1_642' title='bbox 3749 2265 3830 2318; x_wconf 89' lang='lat' dir='ltr'><strong>in-</strong></span> 
     </span>
    </p>
   </div>
   <div class='ocr_carea' id='block_1_84' title="bbox 2241 2351 3824 2420">
    <p class='ocr_par' dir='ltr' id='par_1_84' title="bbox 2241 2351 3824 2420">
     <span class='ocr_line' id='line_1_84' title="bbox 2241 2351 3824 2420; baseline 0.004 -17"><span class='ocrx_word' id='word_1_643' title='bbox 2241 2359 2542 2420; x_wconf 90' lang='lat' dir='ltr'><strong>terruptos,</strong></span> <span class='ocrx_word' id='word_1_644' title='bbox 2567 2351 2741 2404; x_wconf 78' lang='lat' dir='ltr'><strong>uectis</strong></span> <span class='ocrx_word' id='word_1_645' title='bbox 2779 2365 2842 2404; x_wconf 92' lang='lat' dir='ltr'><strong>ac</strong></span> <span class='ocrx_word' id='word_1_646' title='bbox 2887 2351 2992 2406; x_wconf 88' lang='lat' dir='ltr'><strong>dici</strong></span> <span class='ocrx_word' id='word_1_647' title='bbox 3037 2353 3433 2408; x_wconf 91' lang='lat' dir='ltr'><strong>successionem</strong></span> <span class='ocrx_word' id='word_1_648' title='bbox 3474 2365 3778 2409; x_wconf 87' lang='lat' dir='ltr'><strong>accuratam</strong></span> <span class='ocrx_word' id='word_1_649' title='bbox 3811 2375 3824 2418; x_wconf 83' lang='lat'>;</span> 
     </span>
    </p>
   </div>
   <div class='ocr_carea' id='block_1_85' title="bbox 2239 2442 3823 2513">
    <p class='ocr_par' dir='ltr' id='par_1_85' title="bbox 2239 2442 3823 2513">
     <span class='ocr_line' id='line_1_85' title="bbox 2239 2442 3823 2513; baseline 0.004 -19"><span class='ocrx_word' id='word_1_650' title='bbox 2239 2442 2416 2494; x_wconf 90' lang='lat' dir='ltr'><strong>omnia</strong></span> <span class='ocrx_word' id='word_1_651' title='bbox 2443 2455 2567 2494; x_wconf 91' lang='lat' dir='ltr'><strong>cum</strong></span> <span class='ocrx_word' id='word_1_652' title='bbox 2596 2456 2787 2510; x_wconf 90' lang='lat' dir='ltr'><strong>supera</strong></span> <span class='ocrx_word' id='word_1_653' title='bbox 2819 2451 2928 2495; x_wconf 92' lang='lat' dir='ltr'><strong>tum</strong></span> <span class='ocrx_word' id='word_1_654' title='bbox 2967 2442 3135 2497; x_wconf 88' lang='lat' dir='ltr'><strong>infera</strong></span> <span class='ocrx_word' id='word_1_655' title='bbox 3167 2454 3434 2513; x_wconf 90' lang='lat' dir='ltr'><strong>tamquam</strong></span> <span class='ocrx_word' id='word_1_656' title='bbox 3469 2445 3520 2499; x_wconf 93' lang='lat' dir='ltr'><strong>in</strong></span> <span class='ocrx_word' id='word_1_657' title='bbox 3563 2447 3823 2501; x_wconf 85' lang='lat' dir='ltr'><strong>concinna</strong></span> 
     </span>
    </p>
   </div>
   <div class='ocr_carea' id='block_1_86' title="bbox 2237 2533 3825 2604">
    <p class='ocr_par' dir='ltr' id='par_1_86' title="bbox 2237 2533 3825 2604">
     <span class='ocr_line' id='line_1_86' title="bbox 2237 2533 3825 2604; baseline 0.006 -19"><span class='ocrx_word' id='word_1_658' title='bbox 2237 2534 2462 2602; x_wconf 90' lang='lat' dir='ltr'><strong>quadam</strong></span> <span class='ocrx_word' id='word_1_659' title='bbox 2492 2533 2708 2601; x_wconf 89' lang='lat' dir='ltr'><strong>chorea,</strong></span> <span class='ocrx_word' id='word_1_660' title='bbox 2745 2535 2824 2588; x_wconf 88' lang='lat' dir='ltr'><strong>vel</strong></span> <span class='ocrx_word' id='word_1_661' title='bbox 2854 2537 3028 2604; x_wconf 88' lang='lat' dir='ltr'><strong>potius</strong></span> <span class='ocrx_word' id='word_1_662' title='bbox 3056 2539 3224 2592; x_wconf 90' lang='lat' dir='ltr'><strong>multo</strong></span> <span class='ocrx_word' id='word_1_663' title='bbox 3267 2539 3456 2592; x_wconf 90' lang='lat' dir='ltr'><strong>melius</strong></span> <span class='ocrx_word' id='word_1_664' title='bbox 3491 2548 3546 2594; x_wconf 90' lang='lat' dir='ltr'><strong>et</strong></span> <span class='ocrx_word' id='word_1_665' title='bbox 3586 2543 3825 2596; x_wconf 87' lang='lat' dir='ltr'><strong>exactius</strong></span> 
     </span>
    </p>
   </div>
   <div class='ocr_carea' id='block_1_87' title="bbox 2239 2625 3816 2698">
    <p class='ocr_par' dir='ltr' id='par_1_87' title="bbox 2239 2625 3816 2698">
     <span class='ocr_line' id='line_1_87' title="bbox 2239 2625 3816 2698; baseline 0.006 -22"><span class='ocrx_word' id='word_1_666' title='bbox 2239 2625 2442 2694; x_wconf 86' lang='lat' dir='ltr'><strong>singula</strong></span> <span class='ocrx_word' id='word_1_667' title='bbox 2477 2639 2633 2680; x_wconf 92' lang='lat' dir='ltr'><strong>suum</strong></span> <span class='ocrx_word' id='word_1_668' title='bbox 2672 2626 2845 2680; x_wconf 91' lang='lat' dir='ltr'><strong>locum</strong></span> <span class='ocrx_word' id='word_1_669' title='bbox 2893 2641 3110 2682; x_wconf 87' lang='lat' dir='ltr'><strong>servare</strong></span> <span class='ocrx_word' id='word_1_670' title='bbox 3135 2671 3148 2693; x_wconf 92' lang='lat'><strong>,</strong></span> <span class='ocrx_word' id='word_1_671' title='bbox 3191 2644 3363 2698; x_wconf 89' lang='lat' dir='ltr'><strong>neque</strong></span> <span class='ocrx_word' id='word_1_672' title='bbox 3387 2644 3542 2684; x_wconf 89' lang='lat' dir='ltr'><strong>suum</strong></span> <span class='ocrx_word' id='word_1_673' title='bbox 3571 2633 3816 2688; x_wconf 90' lang='lat' dir='ltr'><strong>ordinem</strong></span> 
     </span>
    </p>
   </div>
   <div class='ocr_carea' id='block_1_88' title="bbox 2239 2716 3679 2791">
    <p class='ocr_par' dir='ltr' id='par_1_88' title="bbox 2239 2716 3679 2791">
     <span class='ocr_line' id='line_1_88' title="bbox 2239 2716 3679 2791; baseline 0.006 -23"><span class='ocrx_word' id='word_1_674' title='bbox 2239 2716 2559 2786; x_wconf 86' lang='lat' dir='ltr'><strong>transgredi,</strong></span> <span class='ocrx_word' id='word_1_675' title='bbox 2587 2733 2745 2787; x_wconf 90' lang='lat' dir='ltr'><strong>quem</strong></span> <span class='ocrx_word' id='word_1_676' title='bbox 2771 2719 2871 2772; x_wconf 91' lang='lat' dir='ltr'><strong>illis</strong></span> <span class='ocrx_word' id='word_1_677' title='bbox 2890 2719 3030 2773; x_wconf 91' lang='lat' dir='ltr'><strong>Deus</strong></span> <span class='ocrx_word' id='word_1_678' title='bbox 3059 2720 3125 2774; x_wconf 91' lang='lat' dir='ltr'><strong>ab</strong></span> <span class='ocrx_word' id='word_1_679' title='bbox 3155 2721 3304 2774; x_wconf 90' lang='lat' dir='ltr'><strong>initio</strong></span> <span class='ocrx_word' id='word_1_680' title='bbox 3335 2723 3679 2791; x_wconf 73' lang='lat' dir='ltr'><strong>praescripsit.</strong></span> 
     </span>
    </p>
   </div>
   <div class='ocr_carea' id='block_1_89' title="bbox 2311 2808 3822 2884">
    <p class='ocr_par' dir='ltr' id='par_1_89' title="bbox 2311 2808 3822 2884">
     <span class='ocr_line' id='line_1_89' title="bbox 2311 2808 3822 2884; baseline 0.005 -24"><span class='ocrx_word' id='word_1_681' title='bbox 2311 2808 2363 2860; x_wconf 93' lang='lat'><strong>7.</strong></span> <span class='ocrx_word' id='word_1_682' title='bbox 2393 2809 2471 2860; x_wconf 79' lang='lat' dir='ltr'><strong><em>An</em></strong></span> <span class='ocrx_word' id='word_1_683' title='bbox 2501 2809 2565 2861; x_wconf 79' lang='lat' dir='ltr'><strong>sit</strong></span> <span class='ocrx_word' id='word_1_684' title='bbox 2594 2809 2645 2860; x_wconf 81' lang='lat' dir='ltr'><strong>in</strong></span> <span class='ocrx_word' id='word_1_685' title='bbox 2672 2825 2716 2860; x_wconf 68' lang='lat' dir='ltr'><strong>rt</strong></span> <span class='ocrx_word' id='word_1_686' title='bbox 2729 2809 2817 2862; x_wconf 81' lang='lat' dir='ltr'><strong>bus</strong></span> <span class='ocrx_word' id='word_1_687' title='bbox 2847 2809 3086 2864; x_wconf 74' lang='lat' dir='ltr'><strong>humanis</strong></span> <span class='ocrx_word' id='word_1_688' title='bbox 3113 2811 3549 2879; x_wconf 64' lang='lat' dir='ltr'><strong>confusio—Sed</strong></span> <span class='ocrx_word' id='word_1_689' title='bbox 3577 2814 3702 2884; x_wconf 92' lang='lat' dir='ltr'><strong>quid</strong></span> <span class='ocrx_word' id='word_1_690' title='bbox 3726 2815 3822 2868; x_wconf 88' lang='lat' dir='ltr'><strong>ista</strong></span> 
     </span>
    </p>
   </div>
   <div class='ocr_carea' id='block_1_90' title="bbox 2239 2900 3824 2975">
    <p class='ocr_par' dir='ltr' id='par_1_90' title="bbox 2239 2900 3824 2975">
     <span class='ocr_line' id='line_1_90' title="bbox 2239 2900 3824 2975; baseline 0.007 -24"><span class='ocrx_word' id='word_1_691' title='bbox 2239 2910 2457 2966; x_wconf 90' lang='lat' dir='ltr'><strong>prosunt</strong></span> <span class='ocrx_word' id='word_1_692' title='bbox 2481 2940 2495 2964; x_wconf 88' lang='lat'><strong>,</strong></span> <span class='ocrx_word' id='word_1_693' title='bbox 2517 2900 2659 2955; x_wconf 90' lang='lat' dir='ltr'><strong>dicet</strong></span> <span class='ocrx_word' id='word_1_694' title='bbox 2686 2901 2876 2970; x_wconf 91' lang='lat' dir='ltr'><strong>aliquis</strong></span> <span class='ocrx_word' id='word_1_695' title='bbox 2900 2944 2915 2966; x_wconf 96' lang='lat'><strong>,</strong></span> <span class='ocrx_word' id='word_1_696' title='bbox 2955 2903 3097 2972; x_wconf 91' lang='lat' dir='ltr'><strong>quod</strong></span> <span class='ocrx_word' id='word_1_697' title='bbox 3127 2905 3314 2959; x_wconf 73' lang='lat' dir='ltr'><strong>czclum</strong></span> <span class='ocrx_word' id='word_1_698' title='bbox 3339 2905 3558 2975; x_wconf 89' lang='lat' dir='ltr'><strong>quidem</strong></span> <span class='ocrx_word' id='word_1_699' title='bbox 3589 2917 3644 2961; x_wconf 91' lang='lat' dir='ltr'><strong>et</strong></span> <span class='ocrx_word' id='word_1_700' title='bbox 3668 2909 3747 2961; x_wconf 88' lang='lat' dir='ltr'><strong>sol</strong></span> <span class='ocrx_word' id='word_1_701' title='bbox 3771 2919 3824 2962; x_wconf 87' lang='lat' dir='ltr'><strong>et</strong></span> 
     </span>
    </p>
   </div>
   <div class='ocr_carea' id='block_1_91' title="bbox 2238 2992 3822 3062">
    <p class='ocr_par' dir='ltr' id='par_1_91' title="bbox 2238 2992 3822 3062">
     <span class='ocr_line' id='line_1_91' title="bbox 2238 2992 3822 3062; baseline 0.006 -17"><span class='ocrx_word' id='word_1_702' title='bbox 2238 2992 2382 3054; x_wconf 89' lang='lat' dir='ltr'><strong>luna,</strong></span> <span class='ocrx_word' id='word_1_703' title='bbox 2408 3002 2462 3048; x_wconf 92' lang='lat' dir='ltr'><strong>et</strong></span> <span class='ocrx_word' id='word_1_704' title='bbox 2486 3003 2655 3047; x_wconf 68' lang='lat' dir='ltr'><strong>cretus</strong></span> <span class='ocrx_word' id='word_1_705' title='bbox 2679 3004 2946 3049; x_wconf 91' lang='lat' dir='ltr'><strong>astrorum</strong></span> <span class='ocrx_word' id='word_1_706' title='bbox 2968 3037 2981 3062; x_wconf 91' lang='lat'><strong>,</strong></span> <span class='ocrx_word' id='word_1_707' title='bbox 3005 3004 3060 3050; x_wconf 93' lang='lat' dir='ltr'><strong>et</strong></span> <span class='ocrx_word' id='word_1_708' title='bbox 3082 2997 3182 3050; x_wconf 91' lang='lat' dir='ltr'><strong>alia</strong></span> <span class='ocrx_word' id='word_1_709' title='bbox 3211 3007 3402 3052; x_wconf 90' lang='lat' dir='ltr'><strong>cuneta</strong></span> <span class='ocrx_word' id='word_1_710' title='bbox 3426 3000 3654 3053; x_wconf 91' lang='lat' dir='ltr'><strong>multum</strong></span> <span class='ocrx_word' id='word_1_711' title='bbox 3681 3002 3822 3054; x_wconf 90' lang='lat' dir='ltr'><strong>ordi-</strong></span> 
     </span>
    </p>
   </div>
   <div class='ocr_carea' id='block_1_92' title="bbox 2237 3086 3821 3154">
    <p class='ocr_par' dir='ltr' id='par_1_92' title="bbox 2237 3086 3821 3154">
     <span class='ocr_line' id='line_1_92' title="bbox 2237 3086 3821 3154; baseline 0.005 -15"><span class='ocrx_word' id='word_1_712' title='bbox 2237 3101 2358 3140; x_wconf 89' lang='lat' dir='ltr'><strong>nem</strong></span> <span class='ocrx_word' id='word_1_713' title='bbox 2386 3101 2494 3154; x_wconf 76' lang='lat' dir='ltr'><strong>pra:</strong></span> <span class='ocrx_word' id='word_1_714' title='bbox 2528 3101 2587 3141; x_wconf 88' lang='lat' dir='ltr'><strong>se</strong></span> <span class='ocrx_word' id='word_1_715' title='bbox 2619 3086 2812 3152; x_wconf 89' lang='lat' dir='ltr'><strong>ferant,</strong></span> <span class='ocrx_word' id='word_1_716' title='bbox 2850 3103 2934 3142; x_wconf 90' lang='lat' dir='ltr'><strong>res</strong></span> <span class='ocrx_word' id='word_1_717' title='bbox 2961 3097 3139 3144; x_wconf 88' lang='lat' dir='ltr'><strong>autem</strong></span> <span class='ocrx_word' id='word_1_718' title='bbox 3167 3101 3363 3144; x_wconf 69' lang='lat' dir='ltr'><strong>nostra:</strong></span> <span class='ocrx_word' id='word_1_719' title='bbox 3401 3091 3731 3147; x_wconf 89' lang='lat' dir='ltr'><strong>confusionis</strong></span> <span class='ocrx_word' id='word_1_720' title='bbox 3761 3108 3821 3147; x_wconf 91' lang='lat' dir='ltr'><strong>ac</strong></span> 
     </span>
    </p>
   </div>
   <div class='ocr_carea' id='block_1_93' title="bbox 2237 3177 3814 3250">
    <p class='ocr_par' dir='ltr' id='par_1_93' title="bbox 2237 3177 3814 3250">
     <span class='ocr_line' id='line_1_93' title="bbox 2237 3177 3814 3250; baseline 0.004 -20"><span class='ocrx_word' id='word_1_721' title='bbox 2237 3177 2648 3245; x_wconf 83' lang='lat' dir='ltr'><strong>perturbationis</strong></span> <span class='ocrx_word' id='word_1_722' title='bbox 2675 3181 2782 3232; x_wconf 91' lang='lat' dir='ltr'><strong>sint</strong></span> <span class='ocrx_word' id='word_1_723' title='bbox 2811 3180 3006 3248; x_wconf 75' lang='lat' dir='ltr'><strong>plenze?</strong></span> <span class='ocrx_word' id='word_1_724' title='bbox 3023 3178 3184 3250; x_wconf 92' lang='lat' dir='ltr'><strong>Cujus</strong></span> <span class='ocrx_word' id='word_1_725' title='bbox 3219 3181 3429 3235; x_wconf 90' lang='lat' dir='ltr'><strong>tandem</strong></span> <span class='ocrx_word' id='word_1_726' title='bbox 3465 3181 3814 3245; x_wconf 84' lang='lat' dir='ltr'><strong>confusionis,</strong></span> 
     </span>
    </p>
   </div>
   <div class='ocr_carea' id='block_1_94' title="bbox 2237 3267 3816 3343">
    <p class='ocr_par' dir='ltr' id='par_1_94' title="bbox 2237 3267 3816 3343">
     <span class='ocr_line' id='line_1_94' title="bbox 2237 3267 3816 3343; baseline 0.003 -22"><span class='ocrx_word' id='word_1_727' title='bbox 2237 3269 2318 3327; x_wconf 44' lang='lat' dir='ltr'><strong>mi.</strong></span> <span class='ocrx_word' id='word_1_728' title='bbox 2341 3267 2532 3334; x_wconf 89' lang='lat' dir='ltr'><strong>homo,</strong></span> <span class='ocrx_word' id='word_1_729' title='bbox 2565 3277 2658 3322; x_wconf 87' lang='lat' dir='ltr'><strong>aut</strong></span> <span class='ocrx_word' id='word_1_730' title='bbox 2682 3269 3141 3340; x_wconf 89' lang='lat' dir='ltr'><strong>perturbationis?</strong></span> <span class='ocrx_word' id='word_1_731' title='bbox 3169 3271 3258 3325; x_wconf 90' lang='lat' dir='ltr'><strong>lllc</strong></span> <span class='ocrx_word' id='word_1_732' title='bbox 3284 3271 3432 3326; x_wconf 91' lang='lat' dir='ltr'><strong>dives</strong></span> <span class='ocrx_word' id='word_1_733' title='bbox 3461 3281 3542 3326; x_wconf 90' lang='lat' dir='ltr'><strong>est</strong></span> <span class='ocrx_word' id='word_1_734' title='bbox 3562 3313 3577 3338; x_wconf 92' lang='lat'><strong>,</strong></span> <span class='ocrx_word' id='word_1_735' title='bbox 3607 3274 3775 3343; x_wconf 90' lang='lat' dir='ltr'><strong>inquit</strong></span> <span class='ocrx_word' id='word_1_736' title='bbox 3801 3316 3816 3337; x_wconf 91' lang='lat'><strong>,</strong></span> 
     </span>
    </p>
   </div>
   <div class='ocr_carea' id='block_1_95' title="bbox 2236 3358 3817 3432">
    <p class='ocr_par' dir='ltr' id='par_1_95' title="bbox 2236 3358 3817 3432">
     <span class='ocr_line' id='line_1_95' title="bbox 2236 3358 3817 3432; baseline 0.003 -20"><span class='ocrx_word' id='word_1_737' title='bbox 2236 3369 2290 3412; x_wconf 93' lang='lat' dir='ltr'><strong>et</strong></span> <span class='ocrx_word' id='word_1_738' title='bbox 2315 3359 2418 3412; x_wconf 88' lang='lat' dir='ltr'><strong>vim</strong></span> <span class='ocrx_word' id='word_1_739' title='bbox 2445 3358 2589 3424; x_wconf 89' lang='lat' dir='ltr'><strong>facit,</strong></span> <span class='ocrx_word' id='word_1_740' title='bbox 2610 3361 2747 3429; x_wconf 90' lang='lat' dir='ltr'><strong>rapit</strong></span> <span class='ocrx_word' id='word_1_741' title='bbox 2775 3370 2828 3414; x_wconf 90' lang='lat' dir='ltr'><strong>et</strong></span> <span class='ocrx_word' id='word_1_742' title='bbox 2855 3361 3083 3427; x_wconf 88' lang='lat' dir='ltr'><strong>fraudat,</strong></span> <span class='ocrx_word' id='word_1_743' title='bbox 3108 3377 3395 3432; x_wconf 90' lang='lat' dir='ltr'><strong>pauperum</strong></span> <span class='ocrx_word' id='word_1_744' title='bbox 3425 3363 3705 3418; x_wconf 83' lang='lat' dir='ltr'><strong>facultates</strong></span> <span class='ocrx_word' id='word_1_745' title='bbox 3729 3367 3817 3417; x_wconf 83' lang='lat' dir='ltr'><strong>ah-</strong></span> 
     </span>
    </p>
   </div>
   <div class='ocr_carea' id='block_1_96' title="bbox 2236 3453 3817 3524">
    <p class='ocr_par' dir='ltr' id='par_1_96' title="bbox 2236 3453 3817 3524">
     <span class='ocr_line' id='line_1_96' title="bbox 2236 3453 3817 3524; baseline 0.003 -20"><span class='ocrx_word' id='word_1_746' title='bbox 2236 3453 2397 3505; x_wconf 90' lang='lat' dir='ltr'><strong>sumit</strong></span> <span class='ocrx_word' id='word_1_747' title='bbox 2425 3453 2688 3521; x_wconf 91' lang='lat' dir='ltr'><strong>quotidie,</strong></span> <span class='ocrx_word' id='word_1_748' title='bbox 2718 3469 2890 3522; x_wconf 90' lang='lat' dir='ltr'><strong>nequc</strong></span> <span class='ocrx_word' id='word_1_749' title='bbox 2916 3453 3205 3524; x_wconf 90' lang='lat' dir='ltr'><strong>quidquam</strong></span> <span class='ocrx_word' id='word_1_750' title='bbox 3233 3455 3306 3507; x_wconf 92' lang='lat' dir='ltr'><strong>illi</strong></span> <span class='ocrx_word' id='word_1_751' title='bbox 3335 3455 3458 3509; x_wconf 89' lang='lat' dir='ltr'><strong>mali</strong></span> <span class='ocrx_word' id='word_1_752' title='bbox 3482 3455 3705 3520; x_wconf 77' lang='lat' dir='ltr'><strong>accidit;</strong></span> <span class='ocrx_word' id='word_1_753' title='bbox 3739 3457 3817 3509; x_wconf 85' lang='lat' dir='ltr'><strong>al-</strong></span> 
     </span>
    </p>
   </div>
   <div class='ocr_carea' id='block_1_97' title="bbox 2237 3543 3818 3613">
    <p class='ocr_par' dir='ltr' id='par_1_97' title="bbox 2237 3543 3818 3613">
     <span class='ocr_line' id='line_1_97' title="bbox 2237 3543 3818 3613; baseline 0.002 -17"><span class='ocrx_word' id='word_1_754' title='bbox 2237 3552 2318 3596; x_wconf 90' lang='lat' dir='ltr'><strong>ter</strong></span> <span class='ocrx_word' id='word_1_755' title='bbox 2343 3543 2585 3598; x_wconf 85' lang='lat' dir='ltr'><strong>modeste</strong></span> <span class='ocrx_word' id='word_1_756' title='bbox 2613 3545 2759 3610; x_wconf 82' lang='lat' dir='ltr'><strong>vivit,</strong></span> <span class='ocrx_word' id='word_1_757' title='bbox 2794 3547 3196 3613; x_wconf 87' lang='lat' dir='ltr'><strong>temperantiam</strong></span> <span class='ocrx_word' id='word_1_758' title='bbox 3226 3555 3280 3599; x_wconf 93' lang='lat' dir='ltr'><strong>ct</strong></span> <span class='ocrx_word' id='word_1_759' title='bbox 3300 3546 3558 3613; x_wconf 91' lang='lat' dir='ltr'><strong>justitiam</strong></span> <span class='ocrx_word' id='word_1_760' title='bbox 3585 3556 3818 3610; x_wconf 86' lang='lat' dir='ltr'><strong>exercet,</strong></span> 
     </span>
    </p>
   </div>
   <div class='ocr_carea' id='block_1_98' title="bbox 2235 3636 3818 3709">
    <p class='ocr_par' dir='ltr' id='par_1_98' title="bbox 2235 3636 3818 3709">
     <span class='ocr_line' id='line_1_98' title="bbox 2235 3636 3818 3709; baseline 0.004 -22"><span class='ocrx_word' id='word_1_761' title='bbox 2235 3649 2298 3688; x_wconf 92' lang='lat' dir='ltr'><strong>ac</strong></span> <span class='ocrx_word' id='word_1_762' title='bbox 2323 3637 2532 3691; x_wconf 87' lang='lat' dir='ltr'><strong>caeteris</strong></span> <span class='ocrx_word' id='word_1_763' title='bbox 2553 3636 2706 3691; x_wconf 91' lang='lat' dir='ltr'><strong>bonis</strong></span> <span class='ocrx_word' id='word_1_764' title='bbox 2732 3647 2955 3692; x_wconf 91' lang='lat' dir='ltr'><strong>ornatus</strong></span> <span class='ocrx_word' id='word_1_765' title='bbox 2981 3647 3080 3700; x_wconf 87' lang='lat' dir='ltr'><strong>est,</strong></span> <span class='ocrx_word' id='word_1_766' title='bbox 3111 3650 3162 3693; x_wconf 88' lang='lat' dir='ltr'><strong>et</strong></span> <span class='ocrx_word' id='word_1_767' title='bbox 3183 3649 3515 3709; x_wconf 84' lang='lat' dir='ltr'><strong>paupertate,</strong></span> <span class='ocrx_word' id='word_1_768' title='bbox 3546 3640 3744 3694; x_wconf 89' lang='lat' dir='ltr'><strong>morbis</strong></span> <span class='ocrx_word' id='word_1_769' title='bbox 3767 3651 3818 3694; x_wconf 86' lang='lat' dir='ltr'><strong>et</strong></span> 
     </span>
    </p>
   </div>
   <div class='ocr_carea' id='block_1_99' title="bbox 2235 3728 3815 3802">
    <p class='ocr_par' dir='ltr' id='par_1_99' title="bbox 2235 3728 3815 3802">
     <span class='ocr_line' id='line_1_99' title="bbox 2235 3728 3815 3802; baseline 0.003 -21"><span class='ocrx_word' id='word_1_770' title='bbox 2235 3728 2489 3782; x_wconf 85' lang='lat' dir='ltr'><strong>extremis</strong></span> <span class='ocrx_word' id='word_1_771' title='bbox 2515 3730 2671 3783; x_wconf 88' lang='lat' dir='ltr'><strong>malis</strong></span> <span class='ocrx_word' id='word_1_772' title='bbox 2700 3728 2973 3799; x_wconf 82' lang='lat' dir='ltr'><strong>afﬂigitur.</strong></span> <span class='ocrx_word' id='word_1_773' title='bbox 3008 3730 3251 3785; x_wconf 69' lang='lat' dir='ltr'><strong>llmccine</strong></span> <span class='ocrx_word' id='word_1_774' title='bbox 3278 3740 3402 3784; x_wconf 90' lang='lat' dir='ltr'><strong>sunt</strong></span> <span class='ocrx_word' id='word_1_775' title='bbox 3427 3746 3554 3800; x_wconf 88' lang='lat' dir='ltr'><strong>ergo</strong></span> <span class='ocrx_word' id='word_1_776' title='bbox 3575 3773 3587 3795; x_wconf 91' lang='lat'><strong>,</strong></span> <span class='ocrx_word' id='word_1_777' title='bbox 3619 3747 3736 3802; x_wconf 79' lang='lat' dir='ltr'><strong>qua:</strong></span> <span class='ocrx_word' id='word_1_778' title='bbox 3763 3742 3815 3785; x_wconf 86' lang='lat' dir='ltr'><strong>te</strong></span> 
     </span>
    </p>
   </div>
   <div class='ocr_carea' id='block_1_100' title="bbox 2237 3819 3817 3891">
    <p class='ocr_par' dir='ltr' id='par_1_100' title="bbox 2237 3819 3817 3891">
     <span class='ocr_line' id='line_1_100' title="bbox 2237 3819 3817 3891; baseline 0.001 -19"><span class='ocrx_word' id='word_1_779' title='bbox 2237 3819 2642 3874; x_wconf 84' lang='lat' dir='ltr'><strong>seandalizant?</strong></span> <span class='ocrx_word' id='word_1_780' title='bbox 2711 3821 2840 3875; x_wconf 60' lang='lat' dir='ltr'><strong>Haec</strong></span> <span class='ocrx_word' id='word_1_781' title='bbox 2905 3831 3068 3885; x_wconf 87' lang='lat' dir='ltr'><strong>sunt,</strong></span> <span class='ocrx_word' id='word_1_782' title='bbox 3108 3821 3294 3891; x_wconf 89' lang='lat' dir='ltr'><strong>inquit.</strong></span> <span class='ocrx_word' id='word_1_783' title='bbox 3370 3821 3425 3876; x_wconf 91' lang='lat' dir='ltr'><strong>Si</strong></span> <span class='ocrx_word' id='word_1_784' title='bbox 3487 3837 3614 3890; x_wconf 86' lang='lat' dir='ltr'><strong>ergo</strong></span> <span class='ocrx_word' id='word_1_785' title='bbox 3671 3823 3817 3875; x_wconf 86' lang='lat' dir='ltr'><strong>mul-</strong></span> 
     </span>
    </p>
   </div>
   <div class='ocr_carea' id='block_1_101' title="bbox 2239 3913 3814 3984">
    <p class='ocr_par' dir='ltr' id='par_1_101' title="bbox 2239 3913 3814 3984">
     <span class='ocr_line' id='line_1_101' title="bbox 2239 3913 3814 3984; baseline 0.002 -19"><span class='ocrx_word' id='word_1_786' title='bbox 2239 3921 2320 3965; x_wconf 79' lang='lat' dir='ltr'><strong>tos</strong></span> <span class='ocrx_word' id='word_1_787' title='bbox 2356 3928 2419 3967; x_wconf 85' lang='lat' dir='ltr'><strong>ex</strong></span> <span class='ocrx_word' id='word_1_788' title='bbox 2453 3913 2534 3977; x_wconf 88' lang='lat' dir='ltr'><strong>iis,</strong></span> <span class='ocrx_word' id='word_1_789' title='bbox 2585 3914 2676 3984; x_wconf 88' lang='lat' dir='ltr'><strong>qui</strong></span> <span class='ocrx_word' id='word_1_790' title='bbox 2720 3915 2934 3983; x_wconf 89' lang='lat' dir='ltr'><strong>rapiunt</strong></span> <span class='ocrx_word' id='word_1_791' title='bbox 2964 3957 2978 3978; x_wconf 92' lang='lat'><strong>,</strong></span> <span class='ocrx_word' id='word_1_792' title='bbox 3032 3914 3191 3984; x_wconf 79' lang='lat' dir='ltr'><strong>aliligi</strong></span> <span class='ocrx_word' id='word_1_793' title='bbox 3240 3916 3417 3969; x_wconf 81' lang='lat' dir='ltr'><strong>videas</strong></span> <span class='ocrx_word' id='word_1_794' title='bbox 3449 3956 3465 3979; x_wconf 92' lang='lat'><strong>,</strong></span> <span class='ocrx_word' id='word_1_795' title='bbox 3513 3925 3570 3968; x_wconf 90' lang='lat' dir='ltr'><strong>et</strong></span> <span class='ocrx_word' id='word_1_796' title='bbox 3610 3931 3676 3970; x_wconf 80' lang='lat' dir='ltr'><strong>ex</strong></span> <span class='ocrx_word' id='word_1_797' title='bbox 3707 3915 3769 3968; x_wconf 93' lang='lat' dir='ltr'><strong>iis</strong></span> <span class='ocrx_word' id='word_1_798' title='bbox 3799 3956 3814 3978; x_wconf 86' lang='lat'><strong>,</strong></span> 
     </span>
    </p>
   </div>
   <div class='ocr_carea' id='block_1_102' title="bbox 2237 4005 3816 4072">
    <p class='ocr_par' dir='ltr' id='par_1_102' title="bbox 2237 4005 3816 4072">
     <span class='ocr_line' id='line_1_102' title="bbox 2237 4005 3816 4072; baseline 0 -14"><span class='ocrx_word' id='word_1_799' title='bbox 2237 4006 2326 4072; x_wconf 79' lang='lat' dir='ltr'><strong>qui</strong></span> <span class='ocrx_word' id='word_1_800' title='bbox 2398 4006 2590 4059; x_wconf 86' lang='lat' dir='ltr'><strong>virtute</strong></span> <span class='ocrx_word' id='word_1_801' title='bbox 2646 4005 2850 4072; x_wconf 67' lang='lat' dir='ltr'><strong>prmditi</strong></span> <span class='ocrx_word' id='word_1_802' title='bbox 2901 4007 3123 4070; x_wconf 85' lang='lat' dir='ltr'><strong>vivunt,</strong></span> <span class='ocrx_word' id='word_1_803' title='bbox 3172 4007 3600 4071; x_wconf 86' lang='lat' dir='ltr'><strong>nonnullos,vel</strong></span> <span class='ocrx_word' id='word_1_804' title='bbox 3657 4007 3816 4060; x_wconf 87' lang='lat' dir='ltr'><strong>etiam</strong></span> 
     </span>
    </p>
   </div>
   <div class='ocr_carea' id='block_1_103' title="bbox 2238 4095 3822 4162">
    <p class='ocr_par' dir='ltr' id='par_1_103' title="bbox 2238 4095 3822 4162">
     <span class='ocr_line' id='line_1_103' title="bbox 2238 4095 3822 4162; baseline 0.001 -13"><span class='ocrx_word' id='word_1_805' title='bbox 2238 4095 2550 4152; x_wconf 90' lang='lat' dir='ltr'><strong>innumeros</strong></span> <span class='ocrx_word' id='word_1_806' title='bbox 2577 4097 2727 4150; x_wconf 92' lang='lat' dir='ltr'><strong>bonis</strong></span> <span class='ocrx_word' id='word_1_807' title='bbox 2755 4097 3057 4162; x_wconf 91' lang='lat' dir='ltr'><strong>abundare,</strong></span> <span class='ocrx_word' id='word_1_808' title='bbox 3083 4114 3180 4152; x_wconf 91' lang='lat' dir='ltr'><strong>cur</strong></span> <span class='ocrx_word' id='word_1_809' title='bbox 3207 4114 3310 4151; x_wconf 90' lang='lat' dir='ltr'><strong>non</strong></span> <span class='ocrx_word' id='word_1_810' title='bbox 3340 4099 3656 4152; x_wconf 86' lang='lat' dir='ltr'><strong>sententiam</strong></span> <span class='ocrx_word' id='word_1_811' title='bbox 3687 4097 3822 4151; x_wconf 88' lang='lat' dir='ltr'><strong>hanc</strong></span> 
     </span>
    </p>
   </div>
   <div class='ocr_carea' id='block_1_104' title="bbox 2237 4187 3823 4256">
    <p class='ocr_par' dir='ltr' id='par_1_104' title="bbox 2237 4187 3823 4256">
     <span class='ocr_line' id='line_1_104' title="bbox 2237 4187 3823 4256; baseline 0 -15"><span class='ocrx_word' id='word_1_812' title='bbox 2237 4187 2479 4256; x_wconf 87' lang='lat' dir='ltr'><strong>deponis,</strong></span> <span class='ocrx_word' id='word_1_813' title='bbox 2517 4203 2687 4256; x_wconf 90' lang='lat' dir='ltr'><strong>neque</strong></span> <span class='ocrx_word' id='word_1_814' title='bbox 2718 4189 3002 4242; x_wconf 88' lang='lat' dir='ltr'><strong>Dominum</strong></span> <span class='ocrx_word' id='word_1_815' title='bbox 3030 4188 3255 4244; x_wconf 86' lang='lat' dir='ltr'><strong>laudas?</strong></span> <span class='ocrx_word' id='word_1_816' title='bbox 3285 4189 3416 4256; x_wconf 86' lang='lat' dir='ltr'><strong>Quia</strong></span> <span class='ocrx_word' id='word_1_817' title='bbox 3444 4189 3689 4242; x_wconf 91' lang='lat' dir='ltr'><strong>nimirum</strong></span> <span class='ocrx_word' id='word_1_818' title='bbox 3721 4189 3823 4241; x_wconf 89' lang='lat' dir='ltr'><strong>hoc</strong></span> 
     </span>
    </p>
   </div>
   <div class='ocr_carea' id='block_1_105' title="bbox 2238 4280 3817 4350">
    <p class='ocr_par' dir='ltr' id='par_1_105' title="bbox 2238 4280 3817 4350">
     <span class='ocr_line' id='line_1_105' title="bbox 2238 4280 3817 4350; baseline -0.003 -15"><span class='ocrx_word' id='word_1_819' title='bbox 2238 4280 2410 4349; x_wconf 91' lang='lat' dir='ltr'><strong>ipsum</strong></span> <span class='ocrx_word' id='word_1_820' title='bbox 2438 4291 2518 4334; x_wconf 90' lang='lat' dir='ltr'><strong>est</strong></span> <span class='ocrx_word' id='word_1_821' title='bbox 2541 4321 2556 4346; x_wconf 90' lang='lat'><strong>,</strong></span> <span class='ocrx_word' id='word_1_822' title='bbox 2580 4281 2718 4350; x_wconf 90' lang='lat' dir='ltr'><strong>quod</strong></span> <span class='ocrx_word' id='word_1_823' title='bbox 2752 4297 2836 4336; x_wconf 90' lang='lat' dir='ltr'><strong>me</strong></span> <span class='ocrx_word' id='word_1_824' title='bbox 2863 4281 3090 4350; x_wconf 90' lang='lat' dir='ltr'><strong>amplius</strong></span> <span class='ocrx_word' id='word_1_825' title='bbox 3117 4281 3460 4336; x_wconf 89' lang='lat' dir='ltr'><strong>scandalizat.</strong></span> <span class='ocrx_word' id='word_1_826' title='bbox 3495 4282 3600 4337; x_wconf 85' lang='lat' dir='ltr'><strong>Cur</strong></span> <span class='ocrx_word' id='word_1_827' title='bbox 3628 4282 3770 4335; x_wconf 89' lang='lat' dir='ltr'><strong>enim</strong></span> <span class='ocrx_word' id='word_1_828' title='bbox 3803 4322 3817 4342; x_wconf 87' lang='lat'><strong>,</strong></span> 
     </span>
    </p>
   </div>
   <div class='ocr_carea' id='block_1_106' title="bbox 2238 4372 3824 4442">
    <p class='ocr_par' dir='ltr' id='par_1_106' title="bbox 2238 4372 3824 4442">
     <span class='ocr_line' id='line_1_106' title="bbox 2238 4372 3824 4442; baseline -0.001 -16"><span class='ocrx_word' id='word_1_829' title='bbox 2238 4388 2357 4426; x_wconf 91' lang='lat' dir='ltr'><strong>eum</strong></span> <span class='ocrx_word' id='word_1_830' title='bbox 2389 4372 2495 4426; x_wconf 91' lang='lat' dir='ltr'><strong>duo</strong></span> <span class='ocrx_word' id='word_1_831' title='bbox 2520 4375 2625 4427; x_wconf 91' lang='lat' dir='ltr'><strong>sint</strong></span> <span class='ocrx_word' id='word_1_832' title='bbox 2667 4373 2914 4441; x_wconf 86' lang='lat' dir='ltr'><strong>improbi,</strong></span> <span class='ocrx_word' id='word_1_833' title='bbox 2943 4389 3079 4427; x_wconf 91' lang='lat' dir='ltr'><strong>unus</strong></span> <span class='ocrx_word' id='word_1_834' title='bbox 3108 4373 3357 4442; x_wconf 87' lang='lat' dir='ltr'><strong>punitur,</strong></span> <span class='ocrx_word' id='word_1_835' title='bbox 3388 4381 3442 4428; x_wconf 91' lang='lat' dir='ltr'><strong>et</strong></span> <span class='ocrx_word' id='word_1_836' title='bbox 3471 4373 3606 4427; x_wconf 89' lang='lat' dir='ltr'><strong>alter</strong></span> <span class='ocrx_word' id='word_1_837' title='bbox 3627 4374 3824 4426; x_wconf 89' lang='lat' dir='ltr'><strong>evitan</strong></span> 
     </span>
    </p>
   </div>
   <div class='ocr_carea' id='block_1_107' title="bbox 2237 4461 3826 4538">
    <p class='ocr_par' dir='ltr' id='par_1_107' title="bbox 2237 4461 3826 4538">
     <span class='ocr_line' id='line_1_107' title="bbox 2237 4461 3826 4538; baseline -0.005 -16"><span class='ocrx_word' id='word_1_838' title='bbox 2237 4467 2499 4538; x_wconf 86' lang='lat' dir='ltr'><strong>supplicio</strong></span> <span class='ocrx_word' id='word_1_839' title='bbox 2521 4465 2766 4530; x_wconf 64' lang='lat' dir='ltr'><strong>discedit,</strong></span> <span class='ocrx_word' id='word_1_840' title='bbox 2797 4475 2851 4519; x_wconf 90' lang='lat' dir='ltr'><strong>et</strong></span> <span class='ocrx_word' id='word_1_841' title='bbox 2881 4480 3003 4520; x_wconf 92' lang='lat' dir='ltr'><strong>cum</strong></span> <span class='ocrx_word' id='word_1_842' title='bbox 3033 4463 3136 4518; x_wconf 94' lang='lat' dir='ltr'><strong>duo</strong></span> <span class='ocrx_word' id='word_1_843' title='bbox 3161 4465 3268 4518; x_wconf 92' lang='lat' dir='ltr'><strong>sint</strong></span> <span class='ocrx_word' id='word_1_844' title='bbox 3295 4464 3417 4518; x_wconf 90' lang='lat' dir='ltr'><strong>boni</strong></span> <span class='ocrx_word' id='word_1_845' title='bbox 3441 4505 3457 4530; x_wconf 94' lang='lat'><strong>,</strong></span> <span class='ocrx_word' id='word_1_846' title='bbox 3490 4479 3624 4518; x_wconf 88' lang='lat' dir='ltr'><strong>unus</strong></span> <span class='ocrx_word' id='word_1_847' title='bbox 3654 4461 3826 4516; x_wconf 83' lang='lat' dir='ltr'><strong>hono-</strong></span> 
     </span>
    </p>
   </div>
   <div class='ocr_carea' id='block_1_108' title="bbox 2240 4554 3826 4625">
    <p class='ocr_par' dir='ltr' id='par_1_108' title="bbox 2240 4554 3826 4625">
     <span class='ocr_line' id='line_1_108' title="bbox 2240 4554 3826 4625; baseline -0.003 -12"><span class='ocrx_word' id='word_1_848' title='bbox 2240 4561 2384 4613; x_wconf 90' lang='lat' dir='ltr'><strong>ribus</strong></span> <span class='ocrx_word' id='word_1_849' title='bbox 2411 4557 2728 4616; x_wconf 80' lang='lat' dir='ltr'><strong>cumulatur.</strong></span> <span class='ocrx_word' id='word_1_850' title='bbox 2760 4556 2893 4610; x_wconf 87' lang='lat' dir='ltr'><strong>alter</strong></span> <span class='ocrx_word' id='word_1_851' title='bbox 2919 4556 3183 4610; x_wconf 89' lang='lat' dir='ltr'><strong>continuis</strong></span> <span class='ocrx_word' id='word_1_852' title='bbox 3210 4556 3380 4624; x_wconf 71' lang='lat' dir='ltr'><strong>ptenis</strong></span> <span class='ocrx_word' id='word_1_853' title='bbox 3401 4555 3684 4625; x_wconf 83' lang='lat' dir='ltr'><strong>affligitur?</strong></span> <span class='ocrx_word' id='word_1_854' title='bbox 3715 4554 3826 4608; x_wconf 80' lang='lat' dir='ltr'><strong>Hoc</strong></span> 
     </span>
    </p>
   </div>
   <div class='ocr_carea' id='block_1_109' title="bbox 2242 4645 3821 4720">
    <p class='ocr_par' dir='ltr' id='par_1_109' title="bbox 2242 4645 3821 4720">
     <span class='ocr_line' id='line_1_109' title="bbox 2242 4645 3821 4720; baseline -0.006 -17"><span class='ocrx_word' id='word_1_855' title='bbox 2242 4651 2411 4720; x_wconf 88' lang='lat' dir='ltr'><strong>ipsum</strong></span> <span class='ocrx_word' id='word_1_856' title='bbox 2441 4648 2598 4702; x_wconf 89' lang='lat' dir='ltr'><strong>etiam</strong></span> <span class='ocrx_word' id='word_1_857' title='bbox 2630 4646 2975 4716; x_wconf 71' lang='lat' dir='ltr'><strong>providentia:</strong></span> <span class='ocrx_word' id='word_1_858' title='bbox 2997 4647 3191 4700; x_wconf 69' lang='lat' dir='ltr'><strong>divinae</strong></span> <span class='ocrx_word' id='word_1_859' title='bbox 3229 4661 3364 4715; x_wconf 89' lang='lat' dir='ltr'><strong>opus</strong></span> <span class='ocrx_word' id='word_1_860' title='bbox 3389 4654 3471 4699; x_wconf 89' lang='lat' dir='ltr'><strong>est</strong></span> <span class='ocrx_word' id='word_1_861' title='bbox 3512 4645 3821 4698; x_wconf 78' lang='lat' dir='ltr'><strong>maximum.</strong></span> 
     </span>
    </p>
   </div>
   <div class='ocr_carea' id='block_1_110' title="bbox 2243 4734 3824 4808">
    <p class='ocr_par' dir='ltr' id='par_1_110' title="bbox 2243 4734 3824 4808">
     <span class='ocr_line' id='line_1_110' title="bbox 2243 4734 3824 4808; baseline -0.006 -13"><span class='ocrx_word' id='word_1_862' title='bbox 2243 4742 2293 4795; x_wconf 83' lang='lat' dir='ltr'><strong>Si</strong></span> <span class='ocrx_word' id='word_1_863' title='bbox 2318 4741 2457 4795; x_wconf 90' lang='lat' dir='ltr'><strong>enim</strong></span> <span class='ocrx_word' id='word_1_864' title='bbox 2489 4741 2758 4808; x_wconf 85' lang='lat' dir='ltr'><strong>improbos</strong></span> <span class='ocrx_word' id='word_1_865' title='bbox 2783 4753 2972 4792; x_wconf 91' lang='lat' dir='ltr'><strong>omnes</strong></span> <span class='ocrx_word' id='word_1_866' title='bbox 2999 4737 3085 4792; x_wconf 93' lang='lat' dir='ltr'><strong>hic</strong></span> <span class='ocrx_word' id='word_1_867' title='bbox 3101 4737 3329 4807; x_wconf 89' lang='lat' dir='ltr'><strong>puniret,</strong></span> <span class='ocrx_word' id='word_1_868' title='bbox 3363 4746 3416 4792; x_wconf 90' lang='lat' dir='ltr'><strong>et</strong></span> <span class='ocrx_word' id='word_1_869' title='bbox 3435 4751 3620 4790; x_wconf 89' lang='lat' dir='ltr'><strong>omnes</strong></span> <span class='ocrx_word' id='word_1_870' title='bbox 3654 4734 3824 4789; x_wconf 81' lang='lat' dir='ltr'><strong>bonus</strong></span> 
     </span>
    </p>
   </div>
   <div class='ocr_carea' id='block_1_111' title="bbox 2244 4827 3825 4898">
    <p class='ocr_par' dir='ltr' id='par_1_111' title="bbox 2244 4827 3825 4898">
     <span class='ocr_line' id='line_1_111' title="bbox 2244 4827 3825 4898; baseline -0.004 -14"><span class='ocrx_word' id='word_1_871' title='bbox 2244 4832 2533 4886; x_wconf 85' lang='lat' dir='ltr'><strong>honoribus</strong></span> <span class='ocrx_word' id='word_1_872' title='bbox 2577 4831 2662 4884; x_wconf 91' lang='lat' dir='ltr'><strong>hic</strong></span> <span class='ocrx_word' id='word_1_873' title='bbox 2703 4831 2940 4884; x_wconf 84' lang='lat' dir='ltr'><strong>afficeret</strong></span> <span class='ocrx_word' id='word_1_874' title='bbox 2973 4871 2988 4896; x_wconf 96' lang='lat'><strong>,</strong></span> <span class='ocrx_word' id='word_1_875' title='bbox 3031 4844 3455 4898; x_wconf 90' lang='lat' dir='ltr'><strong>supervacaneus</strong></span> <span class='ocrx_word' id='word_1_876' title='bbox 3478 4828 3659 4898; x_wconf 90' lang='lat' dir='ltr'><strong>judicii</strong></span> <span class='ocrx_word' id='word_1_877' title='bbox 3710 4827 3825 4880; x_wconf 73' lang='lat' dir='ltr'><strong>dies</strong></span> 
     </span>
    </p>
   </div>
   <div class='ocr_carea' id='block_1_112' title="bbox 2243 4918 3826 4990">
    <p class='ocr_par' dir='ltr' id='par_1_112' title="bbox 2243 4918 3826 4990">
     <span class='ocr_line' id='line_1_112' title="bbox 2243 4918 3826 4990; baseline -0.006 -10"><span class='ocrx_word' id='word_1_878' title='bbox 2243 4935 2405 4980; x_wconf 90' lang='lat' dir='ltr'><strong>esset.</strong></span> <span class='ocrx_word' id='word_1_879' title='bbox 2437 4925 2640 4978; x_wconf 76' lang='lat' dir='ltr'><strong>Rursus</strong></span> <span class='ocrx_word' id='word_1_880' title='bbox 2657 4923 2700 4976; x_wconf 91' lang='lat' dir='ltr'><strong>si</strong></span> <span class='ocrx_word' id='word_1_881' title='bbox 2725 4922 2926 4976; x_wconf 91' lang='lat' dir='ltr'><strong>nullum</strong></span> <span class='ocrx_word' id='word_1_882' title='bbox 2954 4921 3252 4990; x_wconf 89' lang='lat' dir='ltr'><strong>improbum</strong></span> <span class='ocrx_word' id='word_1_883' title='bbox 3279 4921 3508 4988; x_wconf 89' lang='lat' dir='ltr'><strong>puniret,</strong></span> <span class='ocrx_word' id='word_1_884' title='bbox 3534 4934 3630 4973; x_wconf 87' lang='lat' dir='ltr'><strong>nec</strong></span> <span class='ocrx_word' id='word_1_885' title='bbox 3656 4918 3826 4971; x_wconf 89' lang='lat' dir='ltr'><strong>ullum</strong></span> 
     </span>
    </p>
   </div>
   <div class='ocr_carea' id='block_1_113' title="bbox 2245 5010 3830 5082">
    <p class='ocr_par' dir='ltr' id='par_1_113' title="bbox 2245 5010 3830 5082">
     <span class='ocr_line' id='line_1_113' title="bbox 2245 5010 3830 5082; baseline -0.005 -12"><span class='ocrx_word' id='word_1_886' title='bbox 2245 5019 2442 5070; x_wconf 88' lang='lat' dir='ltr'><strong>bonum</strong></span> <span class='ocrx_word' id='word_1_887' title='bbox 2482 5016 2682 5069; x_wconf 89' lang='lat' dir='ltr'><strong>honore</strong></span> <span class='ocrx_word' id='word_1_888' title='bbox 2721 5013 3007 5077; x_wconf 83' lang='lat' dir='ltr'><strong>afficeret,</strong></span> <span class='ocrx_word' id='word_1_889' title='bbox 3047 5021 3101 5067; x_wconf 87' lang='lat' dir='ltr'><strong>et</strong></span> <span class='ocrx_word' id='word_1_890' title='bbox 3143 5013 3288 5082; x_wconf 87' lang='lat' dir='ltr'><strong>pravi</strong></span> <span class='ocrx_word' id='word_1_891' title='bbox 3317 5012 3527 5080; x_wconf 77' lang='lat' dir='ltr'><strong>pejores</strong></span> <span class='ocrx_word' id='word_1_892' title='bbox 3554 5010 3741 5064; x_wconf 83' lang='lat' dir='ltr'><strong>ﬁerent</strong></span> <span class='ocrx_word' id='word_1_893' title='bbox 3767 5024 3830 5062; x_wconf 86' lang='lat' dir='ltr'><strong>ac</strong></span> 
     </span>
    </p>
   </div>
   <div class='ocr_carea' id='block_1_114' title="bbox 2245 5104 3830 5178">
    <p class='ocr_par' dir='ltr' id='par_1_114' title="bbox 2245 5104 3830 5178">
     <span class='ocr_line' id='line_1_114' title="bbox 2245 5104 3830 5178; baseline -0.007 -12"><span class='ocrx_word' id='word_1_894' title='bbox 2245 5113 2537 5166; x_wconf 84' lang='lat' dir='ltr'><strong>deteriores</strong></span> <span class='ocrx_word' id='word_1_895' title='bbox 2567 5152 2582 5175; x_wconf 95' lang='lat'><strong>,</strong></span> <span class='ocrx_word' id='word_1_896' title='bbox 2612 5119 2669 5164; x_wconf 89' lang='lat' dir='ltr'><strong>ut</strong></span> <span class='ocrx_word' id='word_1_897' title='bbox 2693 5110 2780 5178; x_wconf 93' lang='lat' dir='ltr'><strong>qui</strong></span> <span class='ocrx_word' id='word_1_898' title='bbox 2825 5108 2992 5162; x_wconf 90' lang='lat' dir='ltr'><strong>multo</strong></span> <span class='ocrx_word' id='word_1_899' title='bbox 3025 5108 3131 5162; x_wconf 91' lang='lat' dir='ltr'><strong>sint</strong></span> <span class='ocrx_word' id='word_1_900' title='bbox 3173 5107 3352 5176; x_wconf 90' lang='lat' dir='ltr'><strong>probis</strong></span> <span class='ocrx_word' id='word_1_901' title='bbox 3390 5104 3830 5176; x_wconf 85' lang='lat' dir='ltr'><strong>negligentiores:</strong></span> 
     </span>
    </p>
   </div>
   <div class='ocr_carea' id='block_1_115' title="bbox 2245 5199 3828 5273">
    <p class='ocr_par' dir='ltr' id='par_1_115' title="bbox 2245 5199 3828 5273">
     <span class='ocr_line' id='line_1_115' title="bbox 2245 5199 3828 5273; baseline -0.008 -15"><span class='ocrx_word' id='word_1_902' title='bbox 2245 5215 2297 5258; x_wconf 90' lang='lat' dir='ltr'><strong>et</strong></span> <span class='ocrx_word' id='word_1_903' title='bbox 2323 5206 2409 5273; x_wconf 92' lang='lat' dir='ltr'><strong>qui</strong></span> <span class='ocrx_word' id='word_1_904' title='bbox 2442 5203 2812 5271; x_wconf 83' lang='lat' dir='ltr'><strong>blaSphemare</strong></span> <span class='ocrx_word' id='word_1_905' title='bbox 2839 5202 3053 5264; x_wconf 89' lang='lat' dir='ltr'><strong>vellent,</strong></span> <span class='ocrx_word' id='word_1_906' title='bbox 3090 5201 3251 5254; x_wconf 91' lang='lat' dir='ltr'><strong>Deum</strong></span> <span class='ocrx_word' id='word_1_907' title='bbox 3289 5199 3457 5268; x_wconf 87' lang='lat' dir='ltr'><strong>magis</strong></span> <span class='ocrx_word' id='word_1_908' title='bbox 3480 5205 3788 5251; x_wconf 67' lang='lat' dir='ltr'><strong>aet-usarent</strong></span> <span class='ocrx_word' id='word_1_909' title='bbox 3811 5232 3828 5257; x_wconf 87' lang='lat'><strong>,</strong></span> 
     </span>
    </p>
   </div>
   <div class='ocr_carea' id='block_1_116' title="bbox 2247 5287 3832 5365">
    <p class='ocr_par' dir='ltr' id='par_1_116' title="bbox 2247 5287 3832 5365">
     <span class='ocr_line' id='line_1_116' title="bbox 2247 5287 3832 5365; baseline -0.007 -17"><span class='ocrx_word' id='word_1_910' title='bbox 2247 5298 2509 5365; x_wconf 77' lang='lat' dir='ltr'><strong>planeque</strong></span> <span class='ocrx_word' id='word_1_911' title='bbox 2533 5309 2615 5348; x_wconf 87' lang='lat' dir='ltr'><strong>res</strong></span> <span class='ocrx_word' id='word_1_912' title='bbox 2639 5304 2849 5347; x_wconf 90' lang='lat' dir='ltr'><strong>nostras</strong></span> <span class='ocrx_word' id='word_1_913' title='bbox 2876 5301 3130 5362; x_wconf 84' lang='lat' dir='ltr'><strong>negarent</strong></span> <span class='ocrx_word' id='word_1_914' title='bbox 3156 5291 3248 5344; x_wconf 91' lang='lat' dir='ltr'><strong>Dei</strong></span> <span class='ocrx_word' id='word_1_915' title='bbox 3278 5289 3606 5359; x_wconf 88' lang='lat' dir='ltr'><strong>providentia</strong></span> <span class='ocrx_word' id='word_1_916' title='bbox 3633 5287 3832 5355; x_wconf 80' lang='lat' dir='ltr'><strong>guber-</strong></span> 
     </span>
    </p>
   </div>
   <div class='ocr_carea' id='block_1_117' title="bbox 2248 5377 3830 5448">
    <p class='ocr_par' dir='ltr' id='par_1_117' title="bbox 2248 5377 3830 5448">
     <span class='ocr_line' id='line_1_117' title="bbox 2248 5377 3830 5448; baseline -0.007 -9"><span class='ocrx_word' id='word_1_917' title='bbox 2248 5387 2382 5440; x_wconf 91' lang='lat' dir='ltr'><strong>nari.</strong></span> <span class='ocrx_word' id='word_1_918' title='bbox 2407 5385 2538 5438; x_wconf 85' lang='lat' dir='ltr'><strong>Nam</strong></span> <span class='ocrx_word' id='word_1_919' title='bbox 2579 5383 2621 5436; x_wconf 85' lang='lat' dir='ltr'><strong>si</strong></span> <span class='ocrx_word' id='word_1_920' title='bbox 2668 5398 2810 5437; x_wconf 89' lang='lat' dir='ltr'><strong>nunc</strong></span> <span class='ocrx_word' id='word_1_921' title='bbox 2849 5383 3006 5437; x_wconf 90' lang='lat' dir='ltr'><strong>etiam</strong></span> <span class='ocrx_word' id='word_1_922' title='bbox 3045 5397 3164 5436; x_wconf 91' lang='lat' dir='ltr'><strong>cum</strong></span> <span class='ocrx_word' id='word_1_923' title='bbox 3207 5380 3434 5448; x_wconf 90' lang='lat' dir='ltr'><strong>improbi</strong></span> <span class='ocrx_word' id='word_1_924' title='bbox 3475 5377 3712 5434; x_wconf 90' lang='lat' dir='ltr'><strong>nonnulli</strong></span> <span class='ocrx_word' id='word_1_925' title='bbox 3736 5393 3830 5446; x_wconf 68' lang='lat' dir='ltr'><strong>pu-</strong></span> 
     </span>
    </p>
   </div>
   <div class='ocr_carea' id='block_1_118' title="bbox 2247 5471 3831 5546">
    <p class='ocr_par' dir='ltr' id='par_1_118' title="bbox 2247 5471 3831 5546">
     <span class='ocr_line' id='line_1_118' title="bbox 2247 5471 3831 5546; baseline -0.007 -11"><span class='ocrx_word' id='word_1_926' title='bbox 2247 5482 2484 5546; x_wconf 88' lang='lat' dir='ltr'><strong>niuntur,</strong></span> <span class='ocrx_word' id='word_1_927' title='bbox 2517 5488 2569 5534; x_wconf 91' lang='lat' dir='ltr'><strong>ct</strong></span> <span class='ocrx_word' id='word_1_928' title='bbox 2601 5480 2928 5532; x_wconf 87' lang='lat' dir='ltr'><strong>honorantur</strong></span> <span class='ocrx_word' id='word_1_929' title='bbox 2970 5477 3124 5540; x_wconf 92' lang='lat' dir='ltr'><strong>boni,</strong></span> <span class='ocrx_word' id='word_1_930' title='bbox 3154 5490 3306 5544; x_wconf 71' lang='lat' dir='ltr'><strong>teque</strong></span> <span class='ocrx_word' id='word_1_931' title='bbox 3329 5475 3513 5528; x_wconf 91' lang='lat' dir='ltr'><strong>dicunt</strong></span> <span class='ocrx_word' id='word_1_932' title='bbox 3533 5487 3616 5526; x_wconf 92' lang='lat' dir='ltr'><strong>res</strong></span> <span class='ocrx_word' id='word_1_933' title='bbox 3632 5471 3831 5526; x_wconf 79' lang='lat' dir='ltr'><strong>huma-</strong></span> 
     </span>
    </p>
   </div>
   <div class='ocr_carea' id='block_1_119' title="bbox 2248 5564 3833 5639">
    <p class='ocr_par' dir='ltr' id='par_1_119' title="bbox 2248 5564 3833 5639">
     <span class='ocr_line' id='line_1_119' title="bbox 2248 5564 3833 5639; baseline -0.004 -15"><span class='ocrx_word' id='word_1_934' title='bbox 2248 5588 2344 5624; x_wconf 90' lang='lat' dir='ltr'><strong>nas</strong></span> <span class='ocrx_word' id='word_1_935' title='bbox 2393 5571 2482 5624; x_wconf 90' lang='lat' dir='ltr'><strong>Dei</strong></span> <span class='ocrx_word' id='word_1_936' title='bbox 2528 5569 2860 5639; x_wconf 88' lang='lat' dir='ltr'><strong>providentia</strong></span> <span class='ocrx_word' id='word_1_937' title='bbox 2895 5568 3112 5621; x_wconf 89' lang='lat' dir='ltr'><strong>minime</strong></span> <span class='ocrx_word' id='word_1_938' title='bbox 3137 5566 3284 5636; x_wconf 91' lang='lat' dir='ltr'><strong>regi:</strong></span> <span class='ocrx_word' id='word_1_939' title='bbox 3316 5566 3360 5619; x_wconf 89' lang='lat' dir='ltr'><strong>si</strong></span> <span class='ocrx_word' id='word_1_940' title='bbox 3393 5581 3460 5620; x_wconf 89' lang='lat' dir='ltr'><strong>ne</strong></span> <span class='ocrx_word' id='word_1_941' title='bbox 3488 5565 3584 5618; x_wconf 92' lang='lat' dir='ltr'><strong>hoc</strong></span> <span class='ocrx_word' id='word_1_942' title='bbox 3609 5564 3833 5632; x_wconf 78' lang='lat' dir='ltr'><strong>quidem</strong></span> 
     </span>
    </p>
   </div>
   <div class='ocr_carea' id='block_1_120' title="bbox 2248 5654 3833 5729">
    <p class='ocr_par' dir='ltr' id='par_1_120' title="bbox 2248 5654 3833 5729">
     <span class='ocr_line' id='line_1_120' title="bbox 2248 5654 3833 5729; baseline -0.004 -14"><span class='ocrx_word' id='word_1_943' title='bbox 2248 5663 2400 5716; x_wconf 87' lang='lat' dir='ltr'><strong>fieret</strong></span> <span class='ocrx_word' id='word_1_944' title='bbox 2420 5702 2433 5725; x_wconf 90' lang='lat'><strong>,</strong></span> <span class='ocrx_word' id='word_1_945' title='bbox 2461 5659 2585 5729; x_wconf 91' lang='lat' dir='ltr'><strong>quid</strong></span> <span class='ocrx_word' id='word_1_946' title='bbox 2615 5675 2720 5714; x_wconf 89' lang='lat' dir='ltr'><strong>non</strong></span> <span class='ocrx_word' id='word_1_947' title='bbox 2745 5661 2981 5714; x_wconf 87' lang='lat' dir='ltr'><strong>dicerent</strong></span> <span class='ocrx_word' id='word_1_948' title='bbox 3012 5699 3029 5723; x_wconf 92' lang='lat'><strong>,</strong></span> <span class='ocrx_word' id='word_1_949' title='bbox 3059 5673 3177 5727; x_wconf 67' lang='lat' dir='ltr'><strong>qum</strong></span> <span class='ocrx_word' id='word_1_950' title='bbox 3203 5657 3362 5711; x_wconf 86' lang='lat' dir='ltr'><strong>verba</strong></span> <span class='ocrx_word' id='word_1_951' title='bbox 3391 5673 3494 5711; x_wconf 92' lang='lat' dir='ltr'><strong>non</strong></span> <span class='ocrx_word' id='word_1_952' title='bbox 3521 5654 3833 5710; x_wconf 79' lang='lat' dir='ltr'><strong>eﬂ&#39;utirent?</strong></span> 
     </span>
    </p>
   </div>
   <div class='ocr_carea' id='block_1_121' title="bbox 2253 5747 3824 5826">
    <p class='ocr_par' dir='ltr' id='par_1_121' title="bbox 2253 5747 3824 5826">
     <span class='ocr_line' id='line_1_121' title="bbox 2253 5747 3824 5826; baseline -0.006 -15"><span class='ocrx_word' id='word_1_953' title='bbox 2253 5758 2536 5826; x_wconf 80' lang='lat' dir='ltr'><strong>Propterea</strong></span> <span class='ocrx_word' id='word_1_954' title='bbox 2564 5753 2819 5824; x_wconf 90' lang='lat' dir='ltr'><strong>quosdam</strong></span> <span class='ocrx_word' id='word_1_955' title='bbox 2849 5752 2994 5821; x_wconf 90' lang='lat' dir='ltr'><strong>punit</strong></span> <span class='ocrx_word' id='word_1_956' title='bbox 3020 5792 3034 5818; x_wconf 94' lang='lat'><strong>,</strong></span> <span class='ocrx_word' id='word_1_957' title='bbox 3062 5749 3319 5821; x_wconf 85' lang='lat' dir='ltr'><strong>quosdam</strong></span> <span class='ocrx_word' id='word_1_958' title='bbox 3341 5765 3445 5804; x_wconf 92' lang='lat' dir='ltr'><strong>non</strong></span> <span class='ocrx_word' id='word_1_959' title='bbox 3464 5747 3600 5820; x_wconf 90' lang='lat' dir='ltr'><strong>punit</strong></span> <span class='ocrx_word' id='word_1_960' title='bbox 3626 5761 3699 5802; x_wconf 72' lang='lat' dir='ltr'><strong>est</strong></span> <span class='ocrx_word' id='word_1_961' title='bbox 3733 5750 3824 5802; x_wconf 81' lang='lat' dir='ltr'><strong>im-</strong></span> 
     </span>
    </p>
   </div>
  </div>
