4046 6396
248 312 350 378 353

248 438 394 505 λόγει
427 436 710 509 μεγίστην,
744 437 944 492 οὑτωσὶ
969 439 1142 511 λέγων
1163 462 1177 478 ο
1222 445 1277 497 '0
1317 445 1532 512 Κύριος
1586 444 1829 509 ἔδωκεν,

248 530 280 580 ὀ
308 527 522 594 Κύριος
547 527 828 594 ἀφείλετο
850 545 863 558 ⁸
895 530 988 596 εἴη
1024 531 1088 584 τὸ
1118 533 1308 602 ὄνομα
1337 535 1560 600 Κυρίου
1585 537 1834 602 εὐλογη-

243 614 430 683 μένον
449 618 536 681 εις
570 615 712 680 τοὺς
738 614 975 682 αἰῶνας.
1011 619 1072 670 Εἰ
1107 619 1162 672 δέ
1189 620 1326 692 ὑπὲρ
1362 621 1685 690 ἀμφοτέρων
1709 619 1836 672 τού-

250 721 354 756 των
384 705 729 774 εὐχαριστεῖν
771 705 853 757 δεῖ
892 707 986 758 καὶ
1021 707 1142 759 καθ’
1173 708 1354 769 ἐαυτὺ,
1388 709 1482 761 καὶ
1514 708 1615 778 τῆς
1637 708 1836 770 δόσεως

249 793 280 863 ἡ
314 792 604 864 ἀφαίρεσις
637 794 737 845 οὐκ
782 793 1000 846 ἔλαττον
1130 795 1543 867 χρησιμωτέρα,
1575 796 1736 849 ποίαν
1773 795 1838 848 ἂν

253 880 401 950 σχοίη
412 899 512 951 μεν
545 880 896 952 συγγνώμην,
923 882 1045 934 εἰπέ
1075 900 1186 952 μοι,
1209 881 1299 934 τὸν
1319 883 1492 946 οὕτως
1518 883 1723 953 ἥμερον
1744 883 1838 935 καὶ

253 969 631 1038 φιλάνθρωπον
661 971 755 1022 καὶ
787 970 1082 1040 κηδεμόνα,
1114 971 1208 1024 καὶ
1223 971 1420 1030 παντὸς
1447 971 1631 1042 ἰατροῦ
1660 971 1837 1038 σοφώ-

251 1075 307 1109 τε
316 1074 427 1125 ρον,
460 1057 554 1109 καὶ
580 1057 782 1120 παντὸς
810 1058 1017 1127 πατρὸς
1041 1058 1423 1130 φιλοστοργότε
1434 1077 1544 1128 ρον,
1584 1062 1679 1112 καὶ
1703 1076 1839 1111 παν-

252 1143 340 1207 τὸς
376 1145 631 1198 δικαστοῦ
660 1146 1015 1216 δικαιότερον,
1049 1149 1143 1200 καὶ
1173 1147 1422 1216 γεωργοῦ
1472 1147 1674 1210 παντὸς
1727 1148 1843 1199 ἐπι·-

257 1227 576 1299 μελέστερον
615 1229 713 1291 τάς
752 1231 1028 1301 ἡμετέρας
1064 1230 1442 1301 θεραπεύοντα
1500 1231 1678 1302 ψυχὰς
1729 1234 1839 1295 τοῖς

253 1317 514 1380 ἐναντίοις
556 1318 932 1388 ἀμειϐόμενοι.
961 1319 1056 1372 καὶ
1100 1319 1158 1372 ὃν
1193 1320 1518 1391 προσκυνεῖν
1544 1321 1682 1382 δέον,
1707 1322 1842 1374 ἀπο-

255 1405 672 1470 δυσπετοῦντεςς
702 1403 848 1476 τΑρα
889 1406 1082 1474 γένοιτ’
1114 1406 1179 1459 ἄν
1235 1426 1286 1460 τι
1342 1409 1712 1479 μανικώτερον
1748 1405 1843 1461 καὶ

257 1493 710 1564 ἀναισθητότερον
747 1493 856 1546 τῶν
909 1497 966 1546 ἐν
1023 1493 1250 1564 εὐταξίᾳ
1295 1493 1530 1565 τοσαύτῃ
1577 1494 1841 1562 λεγόντων

256 1581 672 1650 ἀποστερεῖσθαι
708 1583 807 1652 τῆς
839 1583 931 1635 τοῦ
963 1578 1098 1634 Θεοῦ
1123 1582 1381 1652 προνοίας
1415 1583 1596 1652 ἡμᾶςς
1633 1584 1843 1652 Ὥσπερ

257 1672 363 1740 γὰρ
413 1673 465 1724 εί
513 1688 596 1733 τις
627 1671 954 1742 φιλονεικοίη
1008 1669 1099 1723 τὸν
1134 1671 1286 1742 ἥλιον
1314 1666 1456 1724 εἶναι
1491 1670 1721 1741 ζοφερὸν
1750 1672 1844 1724 καὶ

257 1756 482 1824 ψυχρὸν,
518 1757 754 1825 ἐσχάτης
790 1752 1222 1826 παραφροσύνης
1264 1757 1488 1825 ἐκφέρει
1531 1755 1729 1823 δεῖγμα
1775 1757 1842 1824 τῇ

257 1843 422 1912 ψήφῳ
445 1859 457 1871 ·
490 1843 661 1907 οὕτως
700 1845 753 1897 εί
789 1862 870 1908 τις
921 1843 1252 1914 ἀμφιϐάλλοι
1288 1845 1417 1914 περὶ
1459 1845 1556 1912 τῆς
1589 1843 1682 1896 τοῦ
1711 1842 1845 1896 Θεοῦ

259 1930 537 1999 προνοίας,
564 1930 772 2001 σπολλῷ
819 1931 1017 2001 μᾶλλον
1065 1932 1260 2002 μανίας
1313 1931 1656 2002 ἐγκλήμασίν
1700 1934 1849 1984 ἐστιν

259 2018 577 2082 ὑπεύθυνος.
1784 2025 1788 2028 ’

329 2108 443 2176 Οὐχ
466 2106 638 2171 οὕτως
665 2107 815 2178 ἥλιος
840 2108 1025 2177 φανὸς,
1057 2109 1130 2172 ὡς
1153 2105 1186 2179 ἦ
1216 2107 1310 2162 τοῦ
1338 2107 1473 2161 Θεοῦ
1502 2106 1727 2180 πρόνοια
1755 2124 1852 2161 σα-

262 2196 400 2265 φήςο
431 2195 548 2248 ἀλλ’
583 2197 732 2266 ὅμως
774 2195 1017 2266 τολμῶσί
1047 2214 1193 2259 τινες
1232 2196 1432 2264 λέγειν,
1464 2196 1547 2247 ὅτι
1597 2195 1849 2264 δαίμονες

260 2283 327 2336 τὰ
352 2283 475 2337 καθ’
496 2285 644 2354 ἡμᾶς
665 2283 948 2337 διοικοῦσι.
973 2285 1038 2336 Τί
1081 2283 1236 2338 πάθω
1258 2301 1272 2348 ;
1295 2283 1680 2353 Φιλάνθρωπον
1707 2283 1848 2352 ἔχεις

259 2357 569 2442 Δεσπότην·
612 2374 845 2443 αἱρεῖται
899 2371 1097 2442 μᾶλλον
1145 2371 1582 2442 βλασφημεῖσθαι
1618 2370 1721 2423 ὑπὸ
1755 2369 1849 2422 σοῦ

258 2457 346 2512 διά
383 2461 491 2512 τῶν
522 2461 781 2530 ῥημάτων
805 2459 1032 2521 τούτων,
1060 2459 1092 2531 ἢ
1123 2462 1234 2522 τοῖς
1261 2459 1506 2530 δαίμοσιν
1548 2458 1852 2527 ἐπιτρέψας

259 2543 327 2594 τά
362 2543 431 2596 σά
465 2543 646 2596 πεῖσαί
683 2561 740 2595 σε
770 2544 857 2596 διὰ
888 2543 996 2596 τῶν
1045 2544 1387 2616 πραγμάτων
1439 2543 1558 2606 πῶς
1599 2542 1851 2612 δαίμονες

259 2625 541 2683 διοικοῦσι.
595 2631 728 2684 Τότε
767 2632 873 2703 γάρ
919 2631 985 2684 ἂν
1025 2631 1197 2700 ἔγνως
1246 2630 1427 2694 καλῶς
1480 2630 1579 2700 τὴν
1630 2630 1852 2682 ἐκείνων

262 2717 530 2787 πονηρίαν
569 2717 657 2772 διὰ
687 2721 783 2790 τῆς
835 2720 1029 2790 πείρας
1078 2719 1248 2787 αὐτῆς
1269 2737 1281 2750 ’
1307 2719 1506 2789 μᾶλλον
1535 2718 1592 2771 δὲ
1631 2719 1724 2770 καὶ
1755 2716 1853 2769 νῦν

259 2805 488 2858 δυνατὸν
539 2805 666 2875 ὑμῖν
717 2807 1091 2877 παραστῆσαι,
1127 2806 1202 2870 ὡς
1228 2808 1285 2858 ἐν
1319 2805 1499 2876 μικρῷ
1527 2823 1630 2858 τινι
1671 2821 1853 2874 παρα·

258 2891 535 2962 δείγματι’
595 2893 939 2965 Ἀπήντησαν
1000 2893 1078 2963 τῷ
1148 2892 1368 2964 Χριστῷ
1420 2888 1853 2962 δαιμονιζόμενοί

259 2996 409 3041 τινες
448 2980 512 3032 ἐκ
541 2979 650 3032 τῶν
716 2981 994 3051 μνημείων
1040 2980 1410 3052 ἐξερχόμενοι,
1470 2983 1563 3034 καὶ
1613 2979 1855 3052 παρεκά-

260 3067 388 3120 λουν
433 3067 597 3120 αὐτὸν
650 3067 700 3120 οἱ
754 3067 1006 3138 δαίμονες
1061 3069 1352 3140 ἐπιτρέψαι
1414 3070 1596 3131 αὐτοῖς
1644 3070 1723 3132 εἰς
1757 3068 1855 3135 τὴν

260 3150 465 3220 ἀγέλην
498 3150 608 3204 τῶν
662 3151 859 3220 χοίρων
913 3152 1212 3205 εἰσελθεῖν”
1261 3153 1355 3205 καὶ
1404 3151 1698 3220 ἐπέτρεψε,
1766 3152 1856 3203 καὶ

262 3233 508 3304 ἀπῆλθον
557 3235 651 3287 καὶ¹
704 3236 1148 3305 κατεκρήμνισαν
1189 3235 1388 3298 αὐτοὺς
1440 3236 1641 3297 εὐθέως
1685 3235 1858 3287 ἀπαν-

263 3337 393 3384 τας’
451 3321 596 3374 οὕτω
653 3321 907 3391 δαίμονες
957 3321 1241 3376 διοικοῦσι.
1294 3322 1488 3375 Καίτοι
1550 3322 1685 3391 πρὸς
1731 3321 1858 3382 τοὺς

263 3405 482 3475 χοίρους
507 3405 682 3469 οὐδεὶς
703 3401 772 3477 ἦν
796 3407 982 3469 αὐτοῖς
1015 3405 1174 3475 λόγος
1193 3447 1207 3470 ,
1243 3405 1377 3476 πρὸς
1409 3405 1463 3458 δέ
1503 3405 1561 3457 σέ
1586 3406 1675 3457 ἀεὶ
1704 3401 1856 3474 [9.56]

266 3492 503 3564 πόλεμος
536 3492 801 3558 ἄσπονδος
858 3493 953 3545 καὶ
1009 3492 1324 3564 ἀκήρυκτός
1383 3493 1498 3544 ἐστι
1568 3492 1732 3561 μάχη.
1767 3491 1860 3543 καὶ

266 3579 438 3651 ἔχθρα
470 3581 758 3642 ἀθάνατος.
809 3581 870 3633 Et
910 3579 966 3632 δέ
1001 3579 1246 3642 ἐκείνων,
1295 3571 1432 3649 πρδς
1481 3577 1575 3641 οὓς
1607 3578 1758 3630 οὐδὲν
1791 3573 1862 3648 ἦν

269 3669 452 3731 αὐτοῖς
477 3669 678 3730 κοινὸν,
715 3667 836 3720 οὐδὲ
865 3666 1069 3738 μικρὰν
1098 3666 1296 3736 καιροῦ
1326 3665 1497 3736 ῥοπὴν
1518 3663 1858 3735 ἀνασχέσθαι

270 3751 596 3820 ὑπέμειναν·
625 3753 674 3803 εί
707 3751 836 3813 τοὺς
889 3751 1186 3820 πολεμίους
1231 3751 1417 3812 αὐτοῖς
1460 3749 1556 3802 καὶ
1595 3749 1860 3819 διηνεκῶς

271 3840 470 3902 αὐτοὺς
496 3840 794 3903 δάκνοντας
815 3838 1164 3910 ὑποχειρίους
1187 3837 1379 3892 ἔλαϐον
1407 3839 1573 3908 ἡμᾶς,
1594 3837 1646 3890 τί
1671 3838 1769 3889 οὐκ
1793 3836 1859 3890 ἂν

272 3925 637 3998 εἰργάσαντος
673 3927 726 3979 τί
760 3927 818 3980 δέ
845 3927 944 3979 οὐκ
978 3926 1044 3980 ἂν
1070 3925 1177 3978 τῶν
1214 3926 1533 3996 ἀνηκέστων
1559 3924 1855 3994 διέθηκαν;

273 4011 370 4063 Διά
395 4011 504 4081 γὰρ
533 4009 688 4062 τοῦτο
717 4011 812 4063 καὶ
838 4010 866 4062 6
885 4009 1018 4073 Θεὸς
1043 4009 1256 4080 ἀφῆκεν
1280 4009 1477 4071 αὐτοὺς
1506 4009 1768 4078 ἐμπεσεῖν
1792 4009 1858 4078 τῇ

271 4099 379 4152 τῶν
411 4100 610 4170 χοίρων
639 4099 842 4168 ἀγέλῃ,
878 4099 944 4152 ἵν’
973 4101 1032 4152 ἐν
1080 4102 1194 4163 τοῖς
1230 4100 1340 4152 τῶν
1385 4099 1597 4166 ἀλόγων
1647 4097 1862 4166 σώμασι

278 4187 457 4258 μάθῃς
485 4187 664 4240 αὐτῶν
704 4187 798 4239 καὶ
825 4186 925 4258 τὴν
955 4187 1244 4258 πονηρίαν.
1270 4186 1381 4240 Καὶ
1403 4187 1485 4239 ὅτι
1516 4187 1642 4249 τοὺς
1670 4185 1861 4255 δαιμο-

276 4274 596 4345 νιζομένους
631 4275 872 4338 ἐκείνους
902 4275 1077 4328 ταῦτα
1112 4274 1178 4327 ἂν
1231 4273 1515 4344 ἐποίησαν,
1550 4273 1586 4327 ἀ
1621 4273 1713 4326 καὶ
1739 4275 1863 4336 τοὺς

277 4363 516 4432 χοίρους,
535 4363 586 4414 εί
619 4362 693 4432 μὴ
718 4363 814 4416 καὶ
835 4365 892 4415 ἐν
922 4363 1058 4433 αὐτῇ
1079 4364 1144 4433 τῇ
1173 4363 1342 4432 μανίᾳ
1366 4360 1566 4431 πολλῆς
1587 4361 1864 4430 ἀπήλαυον

275 4447 325 4497 οἱ
355 4441 721 4507 δαιμονῶντες
746 4446 846 4514 τῆς
878 4445 970 4498 τοῦ
1002 4445 1136 4497 Θεοῦ
1164 4445 1447 4515 προνοίας,
1475 4445 1634 4515 δῆλον
1668 4445 1860 4498 ἅπασι.

276 4534 388 4588 Καὶ
409 4532 503 4586 νῦν
528 4529 644 4597 οὖν,
665 4534 793 4587 ὅταν
829 4533 940 4605 ἴδῃς
965 4532 1254 4603 ἄνθρωπον
1277 4533 1382 4584 ὑπὸ
1402 4531 1662 4601 δαίμονος
1683 4532 1865 4585 κινού-

282 4637 463 4690 μενον,
493 4619 871 4690 προσκύνησον
904 4619 993 4672 τὸν
1021 4618 1320 4689 Δεσπότην,
1361 4619 1497 4689 μάθε
1531 4619 1638 4671 τῶν
1674 4619 1864 4690 δαιμό-

281 4730 387 4764 νων
417 4711 512 4780 τὴν
534 4711 817 4782 πονηρίαν·
843 4711 1129 4780 ἀμφότερα
1157 4707 1266 4780 γάρ
1289 4708 1435 4760 ἐστιν
1471 4708 1598 4760 ἰδεῖν
1631 4709 1724 4760 ἐπὶ
1753 4707 1866 4760 τῶν

278 4797 662 4867 δαιμονὼντων
685 4797 912 4860 τούτων,
929 4798 1024 4850 καὶ
1043 4798 1142 4866 τὴν
1162 4796 1256 4849 τοῦ
1272 4795 1408 4849 Θεοῦ
1435 4795 1626 4864 φιλανθ
1636 4797 1865 4866 ρωπίαν,

279 4890 376 4940 καὶ
403 4885 502 4957 τὴν
532 4886 640 4938 τῶν
667 4885 936 4955 δαιμόνων
963 4884 1182 4937 κακίανο
1203 4884 1299 4955 τὴν
1335 4885 1432 4955 μὲν
1461 4883 1573 4936 τῶν
1598 4883 1868 4953 δαιμόνων

278 4974 500 5037 κακίαν,
525 4976 652 5028 ὅταν
678 4975 990 5045 ταράττωσι
1025 4974 1118 5026 καὶ
1147 4973 1418 5043 θορυϐῶσι
1444 4974 1541 5044 τὴν
1565 4973 1743 5043 ψυχὴν
1772 4973 1866 5025 τοῦ

281 5065 710 5135 παραπαίοντοςο
752 5064 849 5134 τὴν
879 5063 935 5115 δὲ
968 5063 1060 5116 τοῦ
1094 5063 1228 5116 Θεοῦ
1277 5062 1707 5134 φιλανθρωπίαν,
1741 5063 1869 5115 ὅταν

279 5151 456 5214 οῦτως
486 5153 676 5223 ἄγριον
698 5151 950 5220 δαίμονα,
982 5150 1188 5204 ἐνοικον
1214 5149 1343 5203 ὅντα
1372 5152 1465 5204 καὶ
1497 5149 1870 5220 ἐπιθυμοῦντα

280 5239 726 5310 κατακρημνίσαι
759 5239 847 5291 τὸν
873 5238 1181 5308 ἄνθρωπον,
1201 5237 1407 5308 κατέχῃ
1439 5238 1534 5290 καὶ
1560 5237 1765 5310 κωλύῃ,
1795 5240 1870 5309 μὴ

286 5329 593 5399 συγχωρῶν
628 5329 707 5390 εἰς
748 5329 894 5381 ἀπαν
936 5331 1000 5398 τῇ
1039 5327 1218 5398 οἰκείᾳ
1262 5327 1568 5398 χρήσασθαι
1605 5327 1866 5398 δυνάμει,

283 5417 424 5472 ἀλλά
442 5415 695 5469 τοσοῦτον
723 5417 1034 5488 ἐπιτρέπων
1062 5415 1396 5480 ἐνδείξασθαι
1425 5415 1524 5488 τὴν
1555 5418 1728 5486 ἰσχὺν,
1751 5418 1873 5469 ὅσον

287 5509 380 5561 καὶ
401 5507 495 5558 τὸν
519 5507 806 5578 ἄνθρωπον
824 5507 1181 5578 σωφρονίσαι,
1203 5506 1297 5559 καὶ
1312 5508 1410 5577 τὴν
1429 5506 1638 5559 οἰκείαν
1662 5508 1872 5577 ἐκφανῆ

289 5595 515 5664 ποιῆσαι
556 5594 840 5664 πονηρίαν.
893 5594 1078 5646 Βούλει
1116 5594 1211 5646 καὶ
1248 5593 1332 5662 ἐφ’
1366 5594 1555 5665 ἐτέρου
1617 5593 1877 5663 παραδεί-

287 5697 500 5751 γματος
535 5681 696 5734 πάλιν
731 5682 858 5735 ἰδεῖν
895 5682 1011 5744 πῶς
1037 5682 1227 5735 διοικεῖ
1256 5680 1486 5750 δαίμων,
1520 5681 1650 5734 ὅταν
1684 5681 1712 5732 6
1745 5681 1877 5742 Θεὸς

293 5769 444 5840 αὐτῴ
480 5773 750 5843 συγχωρεῖ
778 5774 842 5842 τῇ
890 5771 1066 5840 οἰκείᾳ
1105 5767 1405 5839 κεχρῆσθαι
1447 5769 1708 5840 δυνάμει;
1761 5767 1877 5822 Ἐν-

1038 319 1392 384 ΒᾹΣΜΟΝΕΞ
1427 327 1564 385 NON
1597 327 2026 388 GUBERNARE
2063 327 2388 388 MUNDUM.
2430 329 2666 387 HOMIL.
2708 329 2748 388 1.

3419 329 3530 386 αιςι

1943 442 2138 513 νόησον
2169 443 2237 498 τά
2265 444 2537 514 βουκόλια,
2562 445 2630 500 τά
2657 445 2886 516 ποίμνια
2907 445 2999 500 τοῦ
3028 445 3178 511 Ἰὼϐ,
3197 446 3315 510 πῶς
3342 447 3400 501 ἐν
3431 448 3533 518 μιᾷ

1943 531 2136 602 καιροῦ
2174 536 2312 604 ῥοπῇ
2365 535 2544 587 πάντα
2581 535 2969 600 κατανάλωσε,
3003 535 3094 588 τὸν
3139 535 3372 589 ἐλεεινὸν
3421 533 3531 588 τῶν

1945 619 2152 672 παίδων
2179 619 2348 674 αὐτοῦ
2379 621 2634 686 θάνατον,
2664 623 2763 694 τὴν
2791 624 2933 678 κατὰ
2958 623 3052 677 τοῦ
3086 623 3340 695 σώματος
3361 622 3529 678 αὐτοῦ

1944 708 2163 780 πληγὴν
2202 710 2533 780 ἐνεχθεῖσαν·
2573 713 2667 764 καὶ
2695 712 2817 782 ὄψει
2847 713 2911 766 τὸ
2939 712 3090 783 ὠμὸν
3117 713 3212 766 καὶ
3236 712 3532 784 ἀπάνθρωο

1945 814 2046 849 πον
2081 796 2177 850 καὶ
2197 797 2416 866 ἀφειδὲς
2439 799 2541 869 τῆς
2572 798 2680 852 τῶν
2707 799 2976 870 δαιμόνων
3000 801 3286 872 πονηρίας,
3311 800 3406 854 καὶ
3420 800 3530 853 ἀπὸ

1943 884 2150 939 τούτων
2185 887 2308 957 εἴσῃ
2339 886 2550 954 σαφῶς,
2580 888 2662 940 ὃτι
2696 889 2745 940 εί
2791 888 2888 942 καὶ
2912 889 3032 942 τόδε
3062 889 3124 942 τὸ
3155 891 3264 942 πᾶν
3304 889 3531 958 ἐπέτρε-

1943 972 2043 1042 ψεν
2072 972 2252 1026 αὐτῶν
2285 977 2352 1043 τῇ
2396 974 2617 1045 ἐξουσίᾳ
2669 974 2698 1026 6
2743 974 2900 1040 Θεὸς,
2956 975 3135 1030 πάντα
3174 975 3240 1029 ἂν
3273 977 3531 1046 συνέχεαν

1946 1061 2038 1113 καὶ
2070 1061 2462 1133 συνετάραξαν,
2499 1065 2595 1117 καὶ
2626 1063 2696 1118 τὰ
2719 1064 2827 1116 τῶν
2867 1064 3063 1135 χοίρων
3083 1065 3232 1135 ἡμᾶς
3273 1063 3532 1124 διέθηκαν

1949 1154 2041 1205 καὶ
2067 1153 2135 1206 τά
2169 1154 2279 1208 τῶν
2311 1155 2604 1224 βουκολίων
2635 1158 2882 1222 ἐκείνων,
2918 1157 2994 1220 ὡς
3019 1156 3138 1210 οὐδέ
3171 1157 3373 1228 μικράν
3413 1173 3507 1210 και

1952 1243 2045 1313 ροῦ
2071 1243 2244 1316 ῥοπὴν
2273 1246 2563 1315 φείσασθαι
2591 1247 2692 1318 τῆς
2713 1247 2990 1318 ἡμετέρας
3022 1247 3088 1300 ἂν
3111 1246 3401 1316 ἠνέσχοντο
3430 1260 3536 1296 σωσ-

1948 1336 2166 1406 τηρίας.
2189 1338 2252 1390 Εἰ
2287 1337 2544 1408 δαίμονες
2567 1339 2818 1409 διῴκουν,
2847 1339 2998 1392 οὐδὲν
3022 1338 3132 1391 τῶν
3152 1334 3536 1408 δαιμονώντων

1948 1427 2253 1498 ἀνθρώπων
2281 1430 2505 1498 ἄμεινον
2551 1429 2887 1502 διεκείμεθα,
2937 1429 3136 1500 μᾶλλον
3175 1429 3232 1482 δέ
3266 1427 3539 1487 κάκείνων

1949 1521 2166 1590 χείρους
2224 1521 2290 1575 ἂν
2338 1518 2502 1593 ἦμεν.
2546 1521 2684 1576 Οῦτε
2738 1523 2847 1594 γὰρ
2903 1522 3145 1585 ἐκείνους
3201 1520 3431 1576 καθόλου
3466 1522 3536 1591 τῇ

1950 1614 2227 1685 τυραννίδι
2250 1615 2358 1667 τῶν
2387 1615 2660 1685 δαιμόνων
2685 1615 2946 1682 ἐξέδωκεν
2974 1616 3002 1667 ὁ
3031 1613 3326 1678 Θεὸς,ἐπεὶ
3357 1611 3538 1683 πολλῷ

1952 1703 2158 1757 τούτων
2196 1703 2554 1775 χαλεπώτερα
2595 1703 2661 1758 ἂν
2717 1705 2953 1772 ἔπαθον,
2997 1697 3072 1759 ὧν
3106 1704 3375 1776 πάσχουσι
3417 1697 3535 1758 νῦν.

1965 1794 2108 1864 Ἐγὼ
2131 1794 2188 1847 δὲ
2219 1796 2440 1849 κάκεῖνο
2465 1796 2532 1850 ἃν
2571 1796 2857 1868 ἐπυθόμην
2886 1796 2995 1850 τῶν
3033 1796 3209 1851 ταῦτα
3234 1793 3502 1866 λεγόντων
3521 1837 3537 1860 ,

1955 1887 2114 1940 ποίαν
2145 1887 2209 1958 δὴ
2229 1887 2455 1954 ἀταξίαν
2481 1889 2538 1942 ἐν
2567 1892 2679 1952 τοῖς
2709 1888 2976 1960 παροῦσιν
2997 1889 3542 1961 όρῶντες,δαιμόνων

1956 1981 2224 2052 διοικήσει
2253 1981 2320 2035 τά
2341 1982 2462 2035 καθ’
2488 1983 2636 2052 ἡμᾶς
2669 1981 2982 2035 ἀνατιθέασι
3013 1983 3224 2048 πάντα;
3248 1983 3441 2036 Καίτοι
3476 1999 3543 2050 γε

1953 2072 2106 2144 ἥλιον
2132 2073 2350 2145 ὁρῶμεν
2372 2074 2466 2127 ἐπὶ
2493 2073 2770 2137 τοσούτοις
2795 2073 2972 2127 ἐτεσιν
2998 2072 3236 2128 εὐτακτα
3263 2073 3385 2127 καθ’
3415 2075 3545 2128 ἐκά-

1956 2184 2089 2237 στην
2125 2158 2414 2237 βαδίζοντα
2453 2167 2548 2240 τὴν
2581 2167 2814 2239 ἡμέραν,
2845 2167 3089 2220 ποικίλον
3118 2167 3364 2238 ἀστέρων
3383 2166 3544 2238 χορὸν

1955 2261 2051 2331 τὴν
2113 2261 2321 2314 οἰκείαν
2369 2260 2739 2331 διατηροῦντα
2797 2259 2987 2324 τάξιν,
3043 2257 3274 2329 σελήνης
3310 2257 3545 2330 δρόμους

1955 2348 2472 2422 ἀπαρεμποδίστους
2492 2364 2541 2415 ει,
2567 2351 2760 2413 νυκτὸς
2778 2350 2874 2403 καὶ
2888 2353 2920 2421 ἡ
2931 2350 3102 2421 μέρας
3117 2347 3365 2419 διαδοχὴν
3389 2350 3546 2417 ἀκρι-

1956 2443 2049 2513 ϐῆ,
2081 2443 2279 2508 πάντα,
2316 2444 2410 2495 καὶ
2439 2442 2508 2496 τὰ
2529 2443 2642 2497 ἀνω
2669 2443 2764 2494 καὶ
2796 2441 2864 2495 τὰ
2898 2441 3047 2495 κάτω
3073 2439 3262 2510 ὥσπερ
3287 2440 3346 2492 ἐν
3372 2440 3546 2510 ἁρμο-

1958 2535 2056 2606 νίῳ
2089 2535 2197 2588 τινὶ
2230 2534 2459 2606 χορείᾳ,
2517 2533 2721 2605 μᾶλλον
2774 2533 2830 2586 δέ
2876 2532 2971 2586 καὶ
3021 2531 3204 2602 πολλῷ
3255 2531 3416 2584 πλέον
3452 2529 3548 2584 καὶ⁵

1957 2629 2377 2699 ἀκριϐέστερον,
2411 2628 2512 2698 τὴν
2538 2627 2748 2680 οἰκείαν
2786 2628 3018 2680 ἕκαστον
3044 2623 3228 2696 χώραν
3255 2624 3550 2694 διαφυλάται

1957 2731 2070 2774 τον,
2107 2715 2200 2768 καὶ
2240 2715 2341 2767 οὐκ
2397 2714 2746 2786 ἐξιστάμενον
2792 2716 2890 2785 τῆς
2938 2713 3143 2778 τάξεως
3169 2709 3237 2785 ἧς
3266 2714 3419 2784 παρὰ
3448 2713 3550 2786 τὴν

1958 2806 2131 2878 ἀρχὴν
2157 2806 2296 2859 αὐτὰ
2323 2806 2494 2859 ποιῶν
2523 2805 2710 2872 ἔταξεν
2747 2806 2776 2857 6
2805 2805 2959 2869 Θεός.

2031 2899 2096 2962 ζ’.
2130 2898 2238 2951 Καὶ
2259 2898 2312 2951 τί
2343 2898 2548 2951 τούτων
2572 2898 2784 2968 δφελος,
2812 2897 2997 2967 φησιν,
3027 2897 3156 2950 ὅταν
3175 2896 3404 2969 οὐρανὸς
3427 2895 3548 2967 μὲν,

1960 2992 2052 3045 καὶ
2080 2992 2252 3062 ἥλιος,
2289 2991 2382 3045 καὶ
2412 2991 2634 3062 σελήνη,
2683 2992 2781 3044 καὶ
2811 2991 3057 3062 ἀστέρων
3103 2990 3298 3061 χορὸς,
3341 2990 3436 3043 καὶ
3480 2991 3552 3045 τὰ

1960 3085 2095 3138 ἀλλα
2132 3083 2284 3155 [257]
2321 3084 2500 3138 πάντα
2535 3083 2740 3154 πολλὴν
2789 3083 2885 3156 ἐχῃ
2937 3084 3038 3154 τὴν
3085 3084 3361 3150 εὐταξίαν,
3396 3083 3466 3136 τά
3493 3083 3552 3137 δὲ

1962 3177 2209 3248 ἡμέτερα
2266 3172 2649 3246 συγχύσεωςῇ
2695 3175 3104 3248 πεπληρωμένα
3156 3178 3250 3230 καὶ
3290 3175 3549 3243 ἀταξίας;

1963 3270 2132 3332 Ποίας
2163 3267 2502 3340 συγχύσεως,
2554 3267 2832 3334 ἄνθρωπε,
2887 3269 2982 3322 καὶ
3021 3269 3281 3334 ἀταξίας;
3320 3270 3378 3323 '0
3405 3270 3554 3322 δεῖνα

1965 3364 2211 3428 πλουτεῖ,
2237 3364 2394 3432 φησὶ,
2419 3361 2515 3414 καὶ
2540 3360 2806 3429 βιάζεται,
2836 3361 3073 3432 ἁρπάζει
3095 3363 3190 3415 καὶ
3217 3363 3552 3428 πλεονεκτεῖ,

1963 3455 2060 3516 τὰς
2092 3452 2204 3504 τῶν
2262 3453 2512 3522 πενήτων
2557 3452 2750 3514 οὐσίας
2812 3452 3107 3505 καταπίνει
3164 3452 3285 3506 καθ’
3316 3451 3556 3522 ἐκάστην

1965 3545 2200 3617 ἡμέραν,
2225 3546 2318 3599 καὶ
2343 3544 2496 3598 οὐδὲν
2530 3544 2728 3614 πάσχει
2755 3544 2949 3598 δεινόν’
2977 3543 3164 3617 ἕτερος
3196 3547 3254 3598 ἐν
3283 3545 3558 3615 ἐπιεικείᾳ

1966 3638 2056 3707 ζῇ,
2081 3633 2404 3708 σωφροσύνῃ
2431 3636 2526 3689 καὶ
2543 3635 2867 3706 δικαιοσύνῃ
2896 3635 2990 3688 καὶ
3014 3637 3124 3696 τοῖς
3153 3634 3332 3698 ἄλλοις
3352 3635 3558 3690 ἅπασιν

1967 3728 2194 3798 ἀγαθοῖς
2229 3727 2671 3798 κεκοσμημένος,
2690 3726 2786 3780 καὶ
2814 3725 2978 3798 πενίᾳ
3008 3727 3103 3780 καὶ
3132 3726 3310 3790 νόσοις
3333 3727 3561 3790 καὶτοῖς

1971 3823 2224 3892 ἐσχάτοις
2258 3820 2549 3884 κολάζεται
2579 3821 2793 3884 δεινοῖς.
2825 3818 2992 3872 Ταῦτ’
3021 3815 3115 3873 οὖν
3148 3821 3358 3874 ἐστιτὰ
3396 3837 3563 3874 σκαν-

1969 3913 2257 3978 δαλίζοντά
2289 3929 2376 3978 σε;
2412 3911 2597 3964 Ταῦτα
2618 3952 2631 3975 ,
2661 3907 2847 3980 φησίν,
2896 3910 3024 3965 Ἐἀν
3059 3908 3152 3965 οῦν
3184 3912 3302 3983 ίδῃς
3331 3914 3423 3966 καὶ
3451 3912 3562 3966 τῶν

1971 4008 2332 4079 ἁρπαζόντων
2365 4005 2596 4068 πολλοὺς
2627 4003 3044 4077 κολαζομένους,
3059 4007 3154 4060 καὶ⁹
3179 4005 3288 4058 τῶν
3305 4009 3362 4059 ἐν
3393 4007 3560 4078 ἀρετῇ

1972 4099 2193 4164 ζώντων
2229 4097 2424 4160 ἐνίους,
2459 4097 2491 4167 ἢ
2519 4095 2613 4151 καὶ
2650 4097 2879 4167 μυρίους
2903 4096 3275 4160 ἀπολαύοντας
3308 4097 3561 4165 ἀγαθῶν,

1970 4191 2060 4245 διὰ
2102 4191 2155 4244 τί
2191 4192 2266 4262 μὴ
2313 4190 2462 4252 λύεις
2491 4188 2694 4259 ταύτην
2737 4189 2838 4258 τὴν
2889 4189 3096 4260 ψῆφον,
3147 4189 3283 4260 μηδὲ
3324 4189 3563 4260 ἀποδέχῃ

1973 4285 2064 4337 τὸν
2099 4283 2411 4353 Δεσπότην;
2449 4282 2574 4334 Ὅτι
2604 4281 2737 4336 αὐτὸ
2756 4281 2916 4334 τοῦτό
2954 4283 3069 4335 ἐστι
3107 4283 3169 4334 τὸ
3209 4281 3564 4345 σκανδαλίζον

1977 4393 2045 4444 με
2081 4374 2262 4427 πλέον.
2304 4372 2402 4425 Διά
2431 4373 2485 4424 τί
2513 4373 2623 4443 γὰρ
2656 4371 2754 4425 δύο
2782 4371 2951 4426 ὄντων
2976 4372 3082 4425 τῶν
3112 4371 3434 4443 πονηρῶν,ό
3464 4373 3565 4443 μὲν

1975 4470 2289 4534 κολάζεται,
2320 4470 2348 4520 6
2376 4467 2432 4519 δέ
2466 4465 2750 4535 διαφυγὼν
2790 4465 3116 4536 ἀπέρχεται,
3145 4466 3240 4518 καὶ⁸
3266 4465 3362 4518 δύο
3394 4465 3565 4518 ὄντων

1974 4563 2220 4632 ἀγαθῶν,
2254 4563 2282 4613 ό
2321 4560 2421 4631 μὲν
2453 4560 2701 4629 τιμᾶται,
2725 4560 2754 4610 6
2776 4557 2834 4610 δέ
2859 4556 3269 4627 τιμωρούμενος
3296 4557 3562 4622 διατελεῖ;

1975 4657 2085 4710 Καὶ
2131 4653 2291 4706 τοῦτο
2336 4650 2468 4705 αὐτὸ
2517 4650 2614 4721 τῆς
2652 4647 2747 4700 τοῦ
2796 4648 2931 4700 Θεοῦ
2991 4649 3248 4718 προνοίας
3309 4647 3564 4718 μέγιστον

1975 4750 2136 4821 ἔργον
2169 4747 2336 4800 ἐστίν.
2357 4746 2420 4797 Εἰ
2445 4743 2554 4814 γὰρ
2577 4742 2786 4805 πάντας
2809 4739 3043 4794 ἐνταῦθα
3075 4738 3298 4803 ἐκόλαζε
3320 4739 3446 4801 τοὺς
3468 4755 3566 4791 πο-

1977 4841 2209 4911 νηροὺς,
2257 4837 2352 4890 καὶ¹
2397 4837 2606 4897 πάντας
2638 4831 2872 4886 ἐνταῦθα
2900 4831 3062 4901 ἐτίμα
3118 4830 3246 4893 τοὺς
3299 4828 3562 4897 ἀγαθοὺς,

1979 4932 2208 5002 περιττὴ
2237 4933 2270 5001 ἡ
2307 4930 2406 4999 τῆς
2435 4927 2674 5000 κρίσεως
2711 4921 2781 4997 ἦν
2819 4925 3022 4995 ἡμέρα.
3071 4922 3242 4977 Πάλιν
3273 4925 3323 4975 εἱ
3363 4922 3567 4993 μηδένα

1977 5021 2203 5087 ἐκόλαζε
2231 5022 2490 5092 πονηρὸν,
2531 5017 2667 5089 μηδέ
2699 5015 2861 5086 ἐτίμα
2893 5015 3016 5068 τινὰ
3050 5012 3158 5064 τῶν
3188 5011 3409 5081 ἀγαθῶν
3429 5054 3442 5077 ,
3471 5012 3566 5066 καὶ

1976 5117 2026 5168 οἱ
2055 5114 2252 5183 φαῦλοι
2287 5111 2609 5181 φαυλότεροι
2643 5109 2738 5162 καὶ
2789 5107 3017 5168 κακίους
3051 5105 3116 5158 ἂν
3161 5103 3435 5172 ἐγένοντο,
3489 5103 3566 5166 ὡς

1979 5205 2160 5276 πολλῴ
2189 5203 2296 5257 τῶν
2339 5201 2592 5274 χρηστῶν
2641 5199 3022 5271 ῥᾳθυμότερον
3068 5200 3161 5250 καὶ
3225 5195 3487 5268 μειζόνως
3514 5196 3564 5248 οἱ

1982 5300 2298 5372 βουλόμενοι
2349 5296 2561 5366 βλασφη
2571 5297 2711 5365 μεῖν,
2747 5293 3137 5364 κατηγόρησαν
3174 5291 3239 5344 ἃν
3268 5290 3362 5344 τοῦ
3391 5289 3526 5342 Θεοῦ
3547 5330 3562 5351 ,

1981 5393 2076 5446 καὶ
2106 5388 2412 5460 ὁλοσχερῶς
2441 5387 2507 5441 ἂν
2536 5383 2691 5439 εἷπον
2730 5382 3156 5455 ἀποστερεῖσθαι
3210 5382 3468 5452 προνοίας
3496 5383 3564 5436 τά

1982 5484 2103 5537 καθ’
2134 5483 2303 5552 ἡμᾶς.
2328 5480 2391 5531 Εἰ
2414 5478 2523 5546 γάρ
2553 5477 2646 5529 καὶ
2680 5474 2774 5529 νῦν
2806 5473 3186 5544 κολαζομένων
3210 5471 3372 5524 τινῶν
3402 5488 3567 5543 πονη..

1986 5578 2116 5651 ρῶν,
2147 5576 2239 5628 καὶ
2284 5572 2613 5642 τιμωμένων
2658 5567 2914 5638 ἀγαθῶν,
2953 5567 3154 5637 ὁμοίως
3195 5565 3358 5633 φασὶν
3391 5564 3566 5637 ἀπρο-

2052 5777 2075 5804 ⁸
2100 5774 2233 5827 Coll).
2261 5773 2701 5837 ἀπαρεμποδίστως.
2733 5770 2862 5821 Edit.
2906 5769 3328 5834 ἀπαραποδὲστους.
