4046 6396
511 308 622 365 255

508 513 668 568 τοῦτο
687 515 916 585 ἐγίνετο,
943 522 994 574 τί
1018 523 1117 576 οὐκ
1137 524 1203 577 ἂν
1233 522 1420 592 εἴπον;
1446 533 1573 583 ποῖα
1595 531 1649 584 δέ
1675 532 1774 584 οὐκ
1809 533 1874 586 ἂν
1909 513 2094 601 ἐξέϐα-

507 602 600 656 λον
635 605 886 676 ῥήματα;
918 610 1014 661 Διά
1050 611 1353 678 τοῦτοτοὺς
1393 617 1492 687 μὲν
1522 619 1764 684 κολάζει,
1793 623 1919 685 τοὺς
1946 623 2001 675 δὲ
2034 623 2095 674 οὐ

507 692 727 757 κολάζει
754 695 863 748 τῶν
889 699 1162 769 πονηρῶν,
1189 703 1283 756 καὶ
1316 705 1442 769 τοὺς
1473 707 1572 776 μὲν
1600 711 1755 779 τιμᾷ,
1793 711 1919 773 τοὺς
1947 710 2002 763 δὲ
2032 710 2094 762 οὐ

506 785 642 854 τιμᾷ
687 783 796 838 τῶν
829 787 1070 854 ἀγαθῶν.
1103 789 1179 844 Οὐ
1216 793 1434 856 κολάζει
1489 797 1586 865 μὲν
1615 798 1882 861 ἅπαντας,
1914 799 2001 851 ἵνα
2035 815 2094 852 σε

508 871 694 942 πείσῃ,
713 873 795 954 ϐτι
818 873 964 928 ἐστιν
986 878 1306 944 ἀνάστασιςο
1332 883 1552 949 κολάζει
1573 885 1630 938 δέ
1655 903 1828 951 τινας,
1851 888 1940 941 ἵνα
1966 889 2093 952 τοὺς

509 956 912 1047 ῥᾳθυμοτέρους
932 963 1011 1032 τῷ
1041 965 1192 1036 φόϐῳ
1215 968 1304 1020 διὰ
1331 973 1431 1040 τῆς
1456 971 1566 1024 τῶν
1589 973 1792 1044 ἐτέρων
1823 976 2094 1047 τιμωρίας

507 1045 710 1131 ποιήσῃ
746 1049 1224 1123 σπουδαιοτέρους.
1283 1057 1454 1110 Πάλιν
1489 1061 1627 1130 τιμᾷ
1665 1061 1765 1131 μέν
1804 1079 1958 1125 τινας
1974 1045 2092 1115 τῶν

505 1129 749 1196 ἀγαθῶν,
789 1133 876 1186 ἵνα
907 1137 1128 1204 ἐτέρους
1163 1129 1560 1214 ἐπισπάσηται
1583 1129 1702 1211 ταῖς
1729 1152 1920 1219 τιμαῖς
1953 1150 2090 1220 πρὸς

503 1217 594 1314 τὸν
612 1219 716 1314 τῆς
739 1222 942 1314 ἀρετῆς
969 1226 1146 1297 ζῆλον·
1176 1231 1238 1283 οὐ
1269 1235 1405 1304 τιμᾷ
1427 1235 1482 1288 δέ
1517 1236 1747 1302 πάντας,
1768 1238 1853 1291 ἵνα
1887 1238 2087 1309 μάθῃς,

503 1301 582 1392 ἔτι
609 1301 956 1392 ἐστινέτερος
976 1313 1171 1381 καιρὸς
1199 1315 1480 1376 ἀποδιδοὺς
1511 1319 1679 1372 ἅπασι
1707 1320 1802 1385 τὰς
1835 1301 2086 1392 ἀμοιδᾶζέ

503 1385 700 1474 Είμέν
730 1389 838 1460 γὰρ
887 1391 1126 1460 ἅπαντες
1164 1399 1399 1452 ἐνταῦθα
1439 1403 1832 1474 ἀπελάμϐανον
1867 1385 1934 1458 τὰ
1968 1410 2090 1460 κατ’

501 1473 678 1563 ἀξίαν,
705 1478 1014 1549 ἠπίστησαν
1045 1483 1111 1536 ἂν
1141 1489 1219 1556 τῷ
1249 1489 1348 1556 τῆς
1373 1473 1723 1556 ἀναστάσεως
1747 1492 1911 1563 λόγῳ·
1946 1495 1993 1546 εί
2033 1494 2089 1548 δέ

503 1561 694 1630 μηδεὶς
724 1565 1078 1638 ἀπελάμϐανε
1106 1572 1174 1626 τά
1207 1576 1327 1628 κατ’
1349 1577 1522 1640 ἀξίαν,
1559 1581 1608 1631 οἱ
1634 1561 1942 1644 πλείους-ἂν
1964 1582 2085 1650 ἐγέ-

500 1663 650 1739 νοντο
677 1654 1061 1729 ῥαθυμότεροι.
1091 1661 1191 1714 Διά
1225 1665 1381 1718 τοῦτο
1411 1669 1536 1731 τοὺς
1574 1669 1674 1739 μὲν
1703 1668 1944 1734 κολάζει,
1964 1672 2089 1733 τοὺς

500 1737 641 1831 δέ-οὐ
683 1744 924 1810 κολάζει,
978 1752 1228 1818 καὶτοὺς
1275 1756 1674 1827 κολαζομένους
1723 1761 1815 1812 καὶ
1849 1763 1975 1825 τοὺς
2013 1760 2087 1831 μὴ

502 1827 893 1920 κολαζομένους
915 1836 1160 1906 ὠφελῶνο
1196 1843 1419 1896 ἐκείνων
1451 1847 1548 1914 μὲν
1578 1847 1684 1918 γὰρ
1708 1827 2085 1920 ἐκκόπτει

429 1971 447 1988 ι
501 1915 719 2007 κακίαν,
759 1921 887 1984 τοὺς
913 1922 968 1975 δέ
994 1926 1216 1996 ἐτέρους
1249 1933 1316 2002 τῇ
1360 1932 1563 1986 τούτων
1597 1915 1841 2007 τιμωρίᾳ
1869 1915 2084 2007 σωφρο-

499 2003 783 2076 νεστέρους
829 2014 993 2064 ποιεῖ.
1047 2015 1155 2068 Καὶ
1210 2017 1371 2071 τοῦτο
1419 2019 1479 2084 ἐξ
1526 2014 1600 2075 ὧν
1646 2003 1828 2086 ἀοτδξ
1867 2003 2021 2078 εἷπεν
2059 2027 2086 2078 ὁ

499 2090 732 2182 Χριστὸς
761 2095 938 2166 δῆλον.
995 2102 1212 2175 Ἐπειδὴ
1261 2107 1369 2178 γὰρ
1404 2109 1745 2180 ἀπήγγειλαν
1802 2110 1970 2182 αὐτῷ,
2002 2114 2084 2166 ὅτι

498 2179 706 2273 πύργος
733 2191 1080 2260 κατενεχθεὶς
1109 2195 1429 2266 ἀνθρώπους
1455 2179 1606 2264 τινάς
1629 2179 1933 2273 κατέχωσε,
1951 2206 2086 2273 φησὶ

497 2268 633 2372 πρὸς
667 2275 884 2372 αὐτούς·
929 2281 989 2332 Τί
1002 2283 1310 2372 Ανομίζετε,
1366 2286 1453 2339 ὅτι
1480 2288 1699 2342 ἐκεῖνοι
1744 2268 2081 2360 ἁμαρτωλοὶ

495 2364 659 2424 ἠσαν
680 2364 913 2429 μόνον;
947 2367 1050 2429 Οὒ,
1074 2371 1230 2439 λέγω
1254 2373 1415 2438 ῠμῖτυ
1451 2376 1590 2429 ἀλλ’
1624 2377 1734 2429 ἐὰν
1773 2377 1862 2447 μὴ
1905 2396 2084 2449 μετα·-

495 2449 780 2519 νοήοήτε,
807 2458 906 2509 καὶ
939 2459 1108 2527 ὑμεῖς
1137 2463 1208 2516 τὰ
1241 2465 1393 2518 αὐτὰ
1421 2466 1727 2521 πείσεσθε.

565 2599 721 2670 Εἶδες
751 2607 870 2672 πῶς
893 2611 1134 2667 κάκεῖνοι
1154 2615 1220 2668 δι’
1261 2617 1536 2687 ἁμαρτίας
1564 2619 1846 2674 ἀπώλοντο
1866 2663 1880 2685 ,
1909 2625 2002 2676 καὶ
2033 2626 2082 2676 οἱ

496 2690 674 2746 λοιποὶ
700 2696 759 2748 οὐ
795 2696 883 2750 διὰ
929 2700 1281 2773 δικαιοσύνην
1327 2705 1622 2776 διέφυγον,
1678 2709 1794 2763 ἀλλ’
1830 2711 1918 2764 ἵνα
1964 2715 2079 2776 ταῖς

496 2781 722 2836 ἐκείνων
743 2789 1039 2856 τιμωρίαις
1060 2790 1304 2859 βελτίους
1321 2794 1615 2861 γένωνται;
1635 2798 1848 2853 Οὐκοῦν
1869 2801 2084 2871 ἠδίκην-

495 2884 608 2958 ται,
647 2872 832 2942 φησὶν,
861 2877 912 2927 οἱ
958 2876 1348 2950 κολαζόμενοιο
1393 2883 1647 2938 ἐδύναντο
1673 2887 1784 2957 γὰρ
1823 2888 1897 2958 μὴ
1924 2889 2083 2941 κολα-

497 2956 717 3021 σθέντες
741 2965 861 3023 ταῖς
901 2965 1104 3036 ἐτέρων
1140 2969 1432 3040 τιμωρίαις
1476 2974 1628 3026 αὐτοὶ
1676 2956 1932 3044 γενέσθαι
1964 2976 2083 3043 βελ-

492 3045 662 3110 τίους.
725 3051 864 3103 Ἀλλ’
917 3055 966 3106 εί
1021 3056 1137 3125 ᾔδει
1189 3056 1430 3126 βελτίους
1474 3060 1626 3136 [258]
1673 3063 1966 3134 ἐσομένους
2019 3067 2083 3118 ὲκ

497 3137 806 3202 μετανοίας,
839 3143 939 3194 οὐκ
981 3142 1046 3196 ἂν
1073 3145 1329 3198 ἐκόλασεν
1361 3151 1388 3200 6
1417 3149 1569 3212 Θεός.
1606 3151 1662 3204 El
1698 3146 1810 3218 γὰρ
1853 3153 2083 3217 πολλοὺς

496 3225 761 3294 προειδὼς
791 3228 946 3281 οὐδὲν
979 3230 1087 3284 ἀπὸ
1131 3233 1231 3302 τῆς
1263 3235 1644 3307 μακροθυμία..
1689 3238 1854 3292 αὐτοῦ
1883 3242 2083 3310 κερδοῖ-

493 3310 744 3376 νοῦντας,
773 3315 922 3384 ὅμως
947 3318 1101 3388 φέρει
1135 3321 1273 3389 μετὰ
1326 3322 1529 3393 πολλῆς
1555 3325 1659 3394 τῆς
1696 3325 2080 3390 ἀνεξικακίας,

491 3397 555 3451 τὸ
587 3401 752 3453 αὑτοῦ
788 3402 1013 3473 πληρῶν
1049 3407 1140 3458 καὶ
1164 3409 1418 3479 παρέχων
1445 3411 1630 3475 αὐτοῖς
1659 3413 1930 3483 ἀνανῆψαι
1953 3433 2082 3468 ποτε

495 3489 560 3540 ἐκ
589 3491 687 3560 τῆς
716 3493 922 3555 οἰκείας
960 3496 1166 3560 ἀνοίας
1199 3501 1318 3562 πῶς
1360 3501 1427 3553 ἂν
1455 3503 1583 3566 τοὺς
1633 3503 1928 3572 μέλλοντας
1959 3504 2081 3574 βελ-

493 3577 645 3641 τίους
679 3579 791 3664 άπδ
828 3581 928 3651 τῆς
953 3583 1157 3654 ἐτέρων
1201 3587 1454 3653 γενέσθαι
1505 3591 1802 3662 τιμωρίας,
1849 3590 2084 3644 ἀπεστέ-

501 3684 666 3737 ρησεν
701 3668 767 3722 ἂν
815 3670 909 3724 τοῦ
945 3673 1044 3741 τῆς
1098 3677 1390 3744 μετανοίας
1433 3678 1696 3750 κέρδουςς
1736 3680 1898 3733 ’Ὠστε
1930 3681 2082 3734 οὐδὲν

494 3751 642 3811 οὗτοι
663 3760 966 3830 ἠδίκηνται,
994 3766 1085 3817 καὶ
1110 3767 1207 3835 τῆς
1227 3768 1424 3832 κακίας
1451 3769 1636 3833 αὐτοῖς
1664 3772 1994 3842 ἐκκοπείσης
2016 3775 2079 3844 τῇ

495 3847 758 3917 τιμωρίᾳ,
780 3850 991 3920 καὶτῆς
1014 3852 1130 3903 ἐκεῖ
1145 3854 1419 3917 κολάσεως
1442 3857 1776 3927 κουφοτέρας
1792 3859 2080 3929 ἐσομένης,

494 3931 584 3986 διὰ
604 3933 665 3986 τδ
694 3935 1067 4004 προλαϐόντας
1102 3941 1339 3994 ἐνταῦθα
1373 3943 1566 3996 παθεῖν
1600 3945 1805 4008 κακῶς.
1841 3947 2010 3999 Πάλιν
2033 3949 2082 4001 οἱ

500 4021 576 4091 μὴ
606 4021 962 4088 κολασθέντες
987 4025 1139 4079 οὐδὲν
1182 4029 1489 4098 ἠδίκηνται.
1534 4031 1694 4100 Ἐξὴν
1731 4034 1839 4104 γὰρ
1865 4034 2078 4098 αὐτοῖς,

496 4109 655 4180 εῐπερ
684 4109 989 4174 ἐϐούλοντο,
1031 4116 1096 4183 τῇ
1133 4116 1486 4188 μακροθυμίᾳ
1513 4118 1607 4170 τοῦ
1643 4119 1777 4172 Θεοῦ
1813 4120 1949 4192 πρὸς
1987 4139 2083 4192 με·

493 4196 733 4264 ταϐολὴν
780 4199 1010 4270 ἀρίστην
1046 4203 1383 4272 χρήσασθαι,
1445 4208 1540 4258 καὶ
1591 4205 1980 4278 θαυμάσαντας
2021 4209 2083 4262 τὸ

497 4285 822 4350 ἀνεξίκακον
856 4289 1170 4360 αἰδεσθῆναι
1217 4294 1318 4363 τῆς
1359 4295 1559 4365 ἀνοχῆς
1592 4296 1691 4366 τὴν
1737 4298 2076 4369 ὑπερϐολὴν,

499 4373 592 4425 καὶ
617 4376 955 4444 μεταστῆναι
985 4395 1116 4430 ποτε
1152 4380 1290 4450 πρὸς
1320 4381 1542 4452 ἀρετὴν,
1576 4385 1672 4436 καὶ
1709 4387 1830 4447 ταῖς
1879 4385 2081 4456 ἐτέρων

495 4462 788 4533 τιμωρίαις
818 4465 918 4534 τὴν
944 4465 1152 4520 οἰκείαν
1185 4469 1444 4539 κερδᾶναι
1473 4471 1770 4542 σωτηρίαν.
1792 4473 1854 4525 Εἰ
1881 4473 1938 4526 δὲ
1963 4475 2082 4526 ἐπι-

501 4548 724 4617 μένουσι
757 4553 822 4620 τῇ
856 4553 1114 4626 πονηρίᾳ,
1139 4555 1236 4624 οὐχ
1267 4559 1296 4608 6
1339 4556 1474 4620 Θεὸς
1500 4557 1692 4622 αἴτιος,
1729 4560 1756 4611 6
1784 4558 1871 4612 διά
1924 4561 2081 4614 τοῦτο

500 4636 890 4707 μακροθυμῶν,
927 4640 1014 4693 ἵνα
1047 4643 1242 4706 αὐτοὺς
1298 4644 1694 4715 ἀνακτήσηται,
1740 4648 1852 4700 ἀλλ’
1883 4650 2080 4701 ἐκεῖνοι

499 4725 831 4797 συγγνώμης
856 4727 1088 4794 ἀνάξιοι,
1109 4731 1158 4782 οἱ
1186 4731 1260 4801 μὴ
1283 4734 1622 4802 χρησάμενοι
1651 4737 1731 4798 εἰς
1751 4735 1869 4789 δέον
1892 4741 1955 4807 τῇ
1985 4737 2078 4790 τοῦ

495 4809 632 4862 Θεοῦ
689 4812 1065 4885 μακροθυμίᾳ.
1126 4818 1200 4870 Οὐ
1249 4820 1436 4872 τοῦτον
1490 4820 1546 4873 δέ
1588 4822 1680 4874 τὸν
1730 4821 1887 4889 λόγον
1921 4824 2080 4894 μόνον

495 4897 642 4951 ἔστιν
677 4900 872 4962 εἰπεῖν,
900 4901 967 4954 δι’
993 4904 1052 4958 ὃν
1081 4905 1142 4957 οὐ
1181 4906 1501 4971 κολάζονται
1533 4909 1734 4973 πάντες
1773 4912 2006 4965 ἐνταῦθα
2029 4914 2078 4965 οί

496 4986 745 5056 πονηροὶ,
770 4987 908 5040 ἀλλά
933 4992 1026 5044 καὶ
1047 4991 1231 5062 ἕτερον
1261 4995 1360 5047 οὐκ
1393 4996 1656 5050 ἐλάττονα
1685 4998 1894 5052 τούτου.
1922 4999 2080 5054 Ποῖον

493 5072 560 5144 δὴ
592 5073 812 5140 τοῦτον;
843 5077 963 5131 ’Ότι
987 5080 1036 5131 εί
1069 5081 1202 5133 πᾶσι
1243 5081 1374 5152 παρ’
1413 5083 1553 5138 αὐτά
1585 5085 1654 5136 τὰ
1699 5086 2080 5156 ἁμαρτήματα

492 5177 594 5222 τας
631 5161 880 5227 κολάσεις
912 5167 1195 5236 ἐπήγαγεν
1213 5169 1241 5220 6
1268 5169 1421 5233 Θεὸς,
1460 5173 1894 5244 προανηρπάσθη
1923 5174 1988 5227 ἂν
2017 5177 2079 5228 τὸ

495 5247 651 5316 γένος
680 5251 709 5317 ἡ
721 5250 857 5320 μῶν,
897 5255 992 5306 καὶ
1014 5256 1112 5307 οὐκ
1143 5256 1207 5308 ἂν
1229 5256 1461 5324 ἔφθασεν
1491 5261 1570 5322 είς
1593 5259 1846 5331 διαδοχὴν
1881 5261 2074 5315 ἐλθεῖν.

499 5335 607 5387 Καὶ
646 5339 728 5390 ἵνα
767 5339 942 5410 μάθῃς
977 5342 1059 5395 ὅτι
1088 5343 1245 5395 τοῦτό
1290 5347 1437 5397 ἐστιν
1466 5345 1683 5416 ἀληθὲς,
1716 5348 1947 5401 ἄκουσον
1981 5350 2074 5402 τοῦ

496 5423 780 5493 προφήτου
827 5425 1094 5493 λέγοντος·
1151 5431 1285 5483 Ἐὰν
1333 5434 1584 5501 ἀνομίας
1634 5436 2031 5505 παρατηρήσῃ
2059 5480 2072 5501 ,

494 5511 694 5578 Κύριε,
715 5512 805 5577 τίς
826 5515 1269 5581 ὑποστήσεται;
1295 5522 1356 5572 Εἰ
1386 5522 1442 5572 δέ
1471 5522 1620 5573 δοκεῖ
1660 5524 1753 5575 καὶ
1789 5522 2076 5592 βασανίσαι

493 5595 594 5665 τὴν
616 5597 796 5667 ῥῆσιν,
834 5601 923 5652 τὸν
960 5605 1190 5659 ἑκάστου
1219 5608 1330 5676 βίον
1359 5610 1587 5676 ἀφέντες
1625 5610 1762 5679 μετά
1787 5612 2076 5681 ἀκριϐείας

496 5684 770 5748 ἐξετάζειν
793 5689 934 5757 (οὐδὲ
968 5691 1077 5761 γὰρ
1109 5694 1332 5748 δυνατὸν
1375 5700 1507 5766 ἡμῖν
1537 5698 1736 5751 εἰδέναι
1765 5699 1831 5750 τά
1861 5701 2075 5773 ἐκάστῳ

501 5773 860 5845 βεϐιωμένα),
890 5777 1032 5850 άπερ
1062 5781 1470 5858 ἀναντιῤῥήτως
1495 5786 1731 5850 ἀπαντες
1766 5787 2076 5858 ἁμαρτάνο-

1215 318 1270 372 S.
1312 315 1596 376 JOANNIS
1633 324 2117 382 CHRYSOSTOMI
2156 328 2482 387 ARCHIEP.
2525 333 3072 392 CONSTANTINOP.

509 426 676 516 νόητα
712 422 848 516 εἶναι
882 428 951 483 τά
1009 433 1117 486 τῶν
1165 437 1469 508 ἀνθρώπων
1515 443 1846 512 πράγματα,
1883 447 1929 497 εί
1963 446 2098 516 μηδέ

3685 339 3788 396 150

2211 469 2336 520 μεν,
2362 453 2536 508 ταῦτα
2559 458 2638 518 είς
2670 457 2832 526 μέσον
2860 457 3179 525 ἀγάγωμεν,
3205 456 3296 508 καὶ
3330 456 3394 508 ἐκ
3418 455 3606 509 τούτου
3633 456 3790 525 δῆλον

2213 543 2344 613 ἡμῖν
2379 541 2532 595 ἐσται
2562 544 2657 597 καὶ
2686 545 2940 615 φανερὸν,
2960 545 3045 597 ὃτι
3072 546 3120 598 εί
3152 545 3517 597 καθ’ἐκαστον
3547 545 3789 609 ἐκολαζό·

2213 634 2352 704 μεθα
2381 633 2491 687 τῶν
2516 635 2952 706 ἁμαρτημάτων,
2992 635 3159 688 πάλαι
3193 634 3258 688 ἂν
3293 634 3699 706 ἀπωλώλειμεν.
3729 635 3789 689 '0

2207 725 2446 789 καλέσας
2470 728 2562 780 τὸν
2579 726 2806 796 ἀδελφὺν
2827 727 3028 797 μωρὸν,
3043 725 3224 796 ἔνοχός
3241 727 3386 779 ἐστιν
3410 728 3489 788 εἰς
3517 727 3614 796 τὴν
3640 724 3789 793 γέεν-

2208 837 2308 871 ναν
2342 818 2437 871 τοῦ
2474 820 2664 890 πυρὸς,
2700 820 2885 889 φησίν.
2927 819 3115 872 Ἔστιν
3148 812 3241 870 οὖν
3287 835 3370 880 τις
3419 817 3575 888 ἡμῶν
3602 816 3660 880 ὃς
3686 817 3788 887 οὐχ

2205 912 2420 982 ἥμαρτε
2457 910 2557 982 τὴν
2595 911 2868 983 ἁμαρτίαν
2899 913 3136 982 ταύτην;
3171 911 3223 962 τί
3250 904 3364 976 οὖν,
3389 909 3589 972 εὐθέως
3617 910 3784 978 ἀναρο

2207 1004 2490 1074 πασθῆναι
2524 1003 2630 1056 ἔδει
2649 1020 2663 1068 ;
2685 1002 2880 1056 οὐκοῦν
2911 1004 3115 1067 πάντες
3148 1001 3577 1074 ἁνηρπάσθημέν
3603 1018 3662 1052 τε
3691 1000 3789 1054 καὶ

2206 1095 2478 1166 ἠφανίσθη
2487 1113 2587 1165 μεν
2605 1095 2670 1149 ἂν
2693 1096 2863 1148 πάλαι
2887 1095 2980 1149 καὶ
2998 1093 3292 1163 πρόπαλαι.
3310 1093 3478 1146 Πάλιν
3494 1095 3520 1144 6
3546 1090 3784 1162 ὀμνύων,

2203 1186 2358 1254 φησὶ,
2386 1187 2488 1241 κᾶν
2509 1187 2736 1258 εὐορκῇ,
2751 1188 2822 1240 τὰ
2842 1189 2906 1240 ἐκ
2929 1186 3022 1239 τοῦ
3041 1184 3284 1256 Πονηροῦ
3302 1188 3448 1237 ποιεῖ
3463 1185 3783 1253 πράγματα.

2204 1279 2299 1341 Τίς
2330 1274 2422 1332 οῦν
2464 1281 2634 1341 ἐστιν,
2667 1279 2726 1342 ὃς
2767 1280 2869 1332 οὐκ
2905 1278 3121 1349 ὥμοσε;
3161 1278 3360 1348 μᾶλλον
3405 1278 3462 1330 δέ
3499 1277 3582 1340 τίς
3612 1281 3784 1342 ἐστιν,

2202 1371 2261 1433 ὃς
2301 1372 2400 1424 οὐκ
2429 1370 2744 1442 ἐπιώρκησε
2786 1371 3040 1436 πώποτε;
3102 1371 3158 1424 '0
3191 1371 3324 1441 πρὸς
3353 1373 3585 1438 γυναῖκα
3629 1370 3783 1434 ἰδὼν,

2201 1465 2398 1534 φησὶν,
2453 1465 2775 1528 ἀκολάστοις
2832 1463 3166 1536 ὀφθαλμοῖς,
3225 1463 3631 1534 ἁπηρτισμένος
3667 1465 3788 1516 ἐστὶ

2203 1559 2410 1628 μοιχός.
2450 1559 2559 1612 Καὶ
2585 1558 2792 1629 ταύτης
2832 1557 2888 1610 δέ
2916 1557 3018 1627 τῆς
3070 1557 3343 1628 ἁμαρτίας
3374 1557 3597 1618 πολλοὺς
3629 1555 3785 1626 εὖροι

2196 1668 2278 1714 τις
2297 1651 2363 1703 ἂν
2387 1650 2745 1713 ὑπευθύνους.
2765 1651 2934 1703 Ὅταν
2945 1645 3037 1703 οὖν
3054 1649 3122 1702 τά
3147 1648 3542 1718 ὡμολογημένα
3555 1648 3786 1701 τοιαῦτα

2196 1737 2253 1816 ᾖ,
2287 1742 2460 1806 οὕτως
2499 1743 2754 1815 ἀφόρητα
2775 1783 2789 1805 ,
2829 1743 2925 1796 καὶ
2955 1741 3164 1795 τούτων
3194 1741 3423 1794 ’ἑκαστον
3458 1740 3580 1792 καθ’
3621 1740 3788 1793 ἑαυτὸ

2198 1835 2420 1888 κόλασιν
2443 1836 2823 1907 ἀπαραίτητον
2864 1837 2998 1906 ἡμῖν
3037 1835 3219 1905 ἐπάγῃ
3240 1874 3254 1895 ,
3304 1835 3351 1886 εἰ
3382 1834 3476 1887 καὶ
3505 1834 3573 1885 τά
3604 1832 3788 1903 λάθρα

2197 1930 2327 1998 ἡμῖν
2356 1929 2720 2000 ἡμαρτημένα
2745 1926 3233 1998 ἀναλογισαίμεθα,
3260 1927 3378 1979 τότε
3409 1927 3651 1997 ὀψόμεθα
3683 1928 3786 1996 μά-

2195 2021 2350 2073 λιστα
2379 2021 2479 2091 τὴν
2509 2019 2604 2073 τοῦ
2652 2019 2788 2073 Θεοῦ
2831 2020 3088 2092 πρόνοιαν
3134 2021 3233 2072 οὑκ
3285 2018 3599 2086 ἐπάγουσαν
3653 2017 3781 2071 καθ’

2194 2112 2422 2165 ἕκαστον
2455 2112 2760 2182 ἁμάρτημα
2803 2111 2902 2182 τὴν
2947 2111 3218 2182 τιμωρίαν
3263 2111 3412 2181 ἡμῖν.
3449 2111 3610 2163 Ὥστε
3651 2110 3785 2162 ὅταν

2197 2203 2313 2274 ἴδῃς
2347 2203 2468 2256 τινά
2499 2203 2851 2273 ἁρπάζοντα,
2896 2202 3345 2266 πλεονεκτοῦντα,
3383 2201 3478 2255 καὶ
3509 2205 3584 2272 μὴ
3621 2201 3784 2254 κολα-

2195 2295 2443 2366 ζόμενον,
2481 2293 2786 2357 ἀνάπτυξον
2806 2291 2900 2346 καὶ
2930 2293 2994 2345 σὺ
3034 2292 3093 2345 τὸ
3133 2288 3326 2344 σαυτοῦ
3359 2290 3616 2352 συνειδὸς,
3643 2291 3779 2346 ἀνα-

2193 2385 2406 2453 λόγισαί
2433 2403 2527 2438 σου
2556 2386 2655 2455 τὴν
2689 2382 2840 2456 [259]
2873 2381 3252 2453 ζωὴν,ἔπελθε
3283 2380 3350 2434 τὰ
3384 2380 3779 2451 ἡμαρτημένα,

2194 2478 2290 2529 καὶ
2319 2475 2540 2547 μαθήσῃ
2575 2474 2756 2537 καλῶς
2783 2474 2866 2526 ὅτι
2908 2473 2991 2525 σοὶ
3031 2470 3233 2543 πρώτῳ
3267 2471 3328 2523 οὐ
3353 2470 3625 2541 συμφέρει
3655 2469 3781 2521 καθ’

2192 2572 2424 2624 ἕκαστον
2447 2569 2554 2621 τῶν
2581 2568 2994 2639 ἁμαρτημάτων
3023 2564 3361 2628 κολάζεσθαι.
3379 2565 3476 2616 Διά
3492 2563 3601 2634 γάρ
3622 2563 3785 2616 τοῑτο

2194 2663 2428 2732 ἀφειδῶς
2460 2665 2508 2715 οἱ
2540 2662 2726 2714 πολλοὶ
2749 2662 3103 2730 φθέγγονται,
3133 2658 3320 2729 ἐπειδὴ
3351 2660 3411 2710 ού
3435 2657 3500 2710 τά
3535 2657 3642 2710 ἴδια
3670 2658 3784 2728 πρὸ

2192 2757 2299 2810 τῶν
2331 2756 2626 2826 ἀλλοτρίων
2657 2752 2974 2817 σκοποῦσιν,
3003 2753 3140 2806 ἀλλά
3163 2752 3230 2805 τά
3257 2750 3500 2822 ἡμέτερα
3525 2748 3783 2817 ἀφέντες,

2192 2849 2259 2902 τὰ
2304 2847 2411 2901 τῶν
2455 2846 2629 2899 ἄλλων
2687 2845 3014 2916 ἐξετάζομεν
3056 2845 3314 2906 ἅπαντες.
3363 2842 3524 2894 Ἀλλά
3582 2841 3784 2912 μηκέτι

2191 2940 2349 2993 τοῦτο
2391 2939 2653 3008 ποιῶμεν,
2712 2937 2850 2991 ἀλλά
2902 2936 3244 2990 τούναντίον·
3283 2934 3385 2988 κάν
3441 2933 3539 3004 μὲν
3571 2932 3785 2985 δίκαιόν

2189 3048 2313 3083 τινα
2344 3029 2706 3100 κολαζόμενον
2735 3029 2873 3101 ῐδῃς,
2910 3026 3289 3098 ἀναμν’ξσθητι
3317 3026 3412 3078 τοῦ
3444 3023 3589 3077 Ἰώϐ-
3627 3024 3692 3077 ἄν
3715 3040 3783 3075 τε

2192 3121 2300 3192 γὰρ
2325 3121 2535 3184 δίκαιος
2647 3138 2750 3185 τις,
2783 3119 2908 3172 οὔτε
2943 3119 3281 3189 δικαιότερος
3324 3117 3476 3169 ἐσται
3531 3115 3783 3180 ἐκείνου,

2191 3212 2314 3265 οὔτε
2345 3212 2486 3265 κατά
2510 3212 2706 3283 μικρὸν
2747 3211 2935 3280 ἐγγύς·
2971 3213 3036 3266 ἄν
3067 3228 3127 3263 τε
3179 3210 3349 3281 μυρία
3381 3210 3566 3280 πάσχῃ
3594 3209 3742 3262 κακά
3761 3249 3780 3275 ,

2191 3306 2344 3359 οὐδὲν
2371 3306 2583 3358 οὐδέπω
2604 3306 2859 3358 τοσοῦτον
2889 3303 3111 3369 ἔπαθεν,
3146 3304 3268 3356 ὅσον
3297 3305 3524 3364 ἐκεῖνος.

2263 3397 2334 3470 η’.
2370 3397 2540 3452 Τοῦτο
2564 3398 2742 3452 τοίνυν
2760 3400 2842 3461 είς
2860 3397 2985 3450 νοῦν
3001 3397 3202 3457 λαϐων,
3223 3395 3429 3448 παῦσαι
3453 3393 3785 3464 κατηγορῶν

2189 3491 2284 3543 τοῦ
2313 3491 2585 3543 Δεσπότου
2608 3531 2622 3554 ,
2645 3488 2862 3566 ,μαθὼν
2905 3491 2986 3542 ὅτι
3017 3491 3116 3542 οὐκ
3154 3487 3660 3556 ἐγκαταλιμπάνων
3688 3486 3782 3538 τὸν

2191 3580 2432 3635 τοιοῦτον
2465 3583 2493 3633 ὁ
2525 3581 2660 3644 Θεὸς
2685 3581 2881 3652 ἀφίησι
2913 3581 3144 3650 πάσχειν
3177 3579 3384 3642 κακῶς,
3419 3577 3556 3632 ἀλλά
3581 3595 3784 3646 στεφα-

2191 3673 2362 3726 νῶσαι
2389 3675 2482 3727 καὶ
2509 3674 2895 3744 λαμπρότερον
2941 3673 3166 3743 ποιῆσαι
3209 3671 3552 3742 βουλόμενος.
3597 3671 3697 3722 ’Ἂν
3722 3669 3780 3721 δὲ

2192 3765 2517 3838 ἁμαρτωλὸν
2548 3766 2664 3838 ἴδῃς
2691 3763 3125 3835 τιμωρούμενον,
3147 3761 3528 3832 ἀναμνήσθητι
3556 3758 3650 3813 τοῦ
3677 3777 3780 3812 πα-

2195 3857 2486 3930 ραλυτικοῦ
2521 3856 2616 3909 τοῦ
2663 3856 2956 3928 τριάκοντα
2988 3853 3133 3908 ὀκτὼ
3167 3854 3261 3925 ἐτη
3299 3853 3514 3923 ἔχοντος
3550 3853 3644 3905 ἐπὶ
3681 3853 3780 3921 τῆς

2192 3950 2400 4021 κλίνης.
2430 3950 2552 4001 Ὅτι
2577 3947 2686 4020 γὰρ
2703 3951 2956 4011 κάκεῖνος
2976 3947 3041 4000 δι’
3066 3946 3341 4018 ἁμαρτίας
3364 3948 3428 4015 τῇ
3459 3945 3600 4014 νόσῳ
3633 3961 3782 4014 παρ-

2191 4043 2348 4113 εδόθη
2393 4043 2514 4094 τότε
2560 4041 2767 4111 ἐκείνῃ,
2815 4041 3047 4093 ἄκουσον
3081 4039 3175 4092 τοῦ
3215 4035 3455 4109 Χριστοῦ
3487 4036 3738 4104 λέγοντος
3762 4052 3777 4064 ·

2193 4135 2307 4188 Ἴδε
2351 4133 2529 4203 ὑγιὴς
2585 4132 2869 4203 γέγονας,
2921 4130 3134 4202 μηκέτι
3183 4128 3517 4199 ἁμάρτανε,
3560 4129 3662 4181 ἵνα
3689 4124 3781 4196 μὴ

2189 4225 2396 4296 χεζοόν
2420 4227 2478 4279 τί
2500 4243 2600 4281 σοι
2623 4226 2886 4295 γένηται.
2905 4227 2975 4276 Ἢ
2994 4224 3104 4294 γὰρ
3128 4221 3538 4294 ἁμαρτημάτων
3559 4221 3783 4291 τίνομεν

2188 4319 2343 4382 δίκας
2371 4319 2744 4388 κολαζόμενοι,
2767 4318 2799 4389 ἢ
2828 4316 3107 4385 στεφάνων
3126 4313 3475 4384 λαμϐάνομεν
3493 4311 3782 4375 ὑπόθεσιν,

2191 4411 2256 4465 ἂν
2285 4413 2341 4462 ἐν
2371 4410 2766 4481 κατορθώμασι
2804 4410 3003 4474 ζῶντες
3036 4408 3334 4478 πάσχωμεν
3373 4404 3584 4468 κακῶς.
3612 4405 3781 4457 Ὥστε

2191 4504 2296 4558 κᾶν
2327 4505 2383 4555 ἐν
2413 4504 2750 4574 δικαιοσύνῃ,
2788 4501 2888 4556 κᾶν
2925 4503 2983 4554 ἐν
3027 4499 3323 4572 ἁμαρτίαις
3355 4499 3559 4568 ζῶμεν,
3584 4498 3784 4568 χρήσι-

2193 4615 2292 4666 μον
2333 4599 2462 4667 ἡμῖν
2491 4599 2523 4666 ἡ
2559 4596 2799 4660 κόλασις,
2832 4595 2920 4648 ὁτὲ
2954 4593 3055 4664 μὲν
3083 4591 3499 4663 λαμπροτέρους
3524 4588 3780 4650 ποιοῦσα,

2188 4689 2276 4742 6τέ
2305 4688 2360 4742 δὲ
2398 4687 2870 4759 σωφρονεστέρους
2900 4685 3262 4756 ἐργαζομένη,
3299 4683 3391 4735 καὶ
3416 4681 3516 4752 τὴν
3553 4681 3784 4752 μέλλου-

2191 4795 2290 4830 σαν
2343 4779 2477 4848 ἡμῖν
2525 4775 2957 4845 ἐπικουφίζουσα
2988 4773 3276 4843 τιμωρίαν.
3332 4773 3456 4823 Ὅτι
3491 4771 3598 4839 γάρ
3625 4769 3783 4823 ἐστιν

2189 4868 2425 4922 ἐνταῦθα
2483 4868 2820 4922 κολασθέντα
2881 4867 2976 4919 καὶ
3039 4865 3332 4933 ἐνεγκόντα
3394 4863 3780 4934 εὐχαρίστως,

2189 4964 2504 5035 πραοτέρας
2553 4961 2862 5016 ἀπολαῦσαι
2912 4963 3031 5015 ἐκεῖ
3064 4961 3163 5030 τῆς
3209 4957 3508 5029 τιμωρίας,
3541 4956 3785 5010 ἄκουσον

2186 5055 2286 5109 τοῦ
2323 5055 2533 5108 Παύλου
2581 5054 2852 5123 λέγοντος
2882 5053 2985 5106 Διά
3039 5052 3214 5105 τοῦτο
3269 5051 3338 5102 ἐν
3381 5047 3526 5117 ὑμῖν
3553 5049 3785 5103 πολλοὶ

2187 5149 2469 5215 ἀσθενεῖς
2501 5148 2601 5201 καὶ
2630 5146 2944 5216 ἄρῤωο-τοι,
2973 5146 3071 5199 καὶ
3105 5143 3420 5214 κοιμῶνται
3461 5141 3677 5197 ἱκανοί.
3710 5145 3787 5196 El

2185 5243 2296 5312 γὰρ
2327 5235 2582 5306 ἑαυτοὺς
2610 5241 2947 5310 ἐκρίνομεν,
2987 5241 3097 5292 οὐκ
3131 5238 3204 5292 ἂν
3235 5237 3600 5304 ἐκρινόμεθα·
3651 5251 3786 5301 κρι-

2185 5335 2428 5401 νόμενοι
2455 5331 2523 5384 δὲ
2551 5332 2670 5385 ὑπὸ
2705 5333 2926 5400 Κυρίου
2955 5329 3375 5398 παιδευόμεθα,
3408 5328 3508 5379 ἵνα
3528 5324 3610 5394 μὴ
3651 5327 3787 5378 σὺν

2186 5423 2266 5488 τῷ
2295 5425 2500 5490 κόσμῳ
2525 5421 2984 5490 κατακριθῶμεν.

2261 5514 2449 5566 Ταῦτα
2471 5510 2564 5567 οὖν
2599 5513 2812 5566 ἅπαντα
2838 5514 3056 5577 εἰδότες,
3083 5514 3176 5568 καὶ
3213 5514 3281 5567 τά
3309 5513 3529 5568 τοιαῦτα
3557 5510 3785 5578 φιλοσο-

2188 5608 2376 5678 φῶμεν
2414 5607 2544 5678 περὶ
2572 5609 2671 5676 τῆς
2704 5605 2797 5658 τοῦ
2827 5606 2958 5658 Θεοῦ
2988 5607 3260 5676 προνοίας,
3291 5605 3529 5666 καὶτοὺς
3555 5601 3785 5656 ἀντιλέ-

2185 5716 2383 5767 γοντας
2409 5696 2870 5766 ἐπιστομίζωμεν.
2902 5696 3021 5751 Κᾶν
3103 5715 3155 5750 τι
3186 5697 3292 5750 τῶν
3318 5695 3653 5766 γιγνομένων
3675 5704 3784 5763 τὴν

2188 5791 2426 5847 διάνοιαν
2455 5789 2781 5860 ὑπερϐαῖνον
2809 5787 2907 5860 τὴν
2937 5789 3230 5862 ἡμετέραν,
3259 5790 3334 5864 μὴ
3359 5788 3464 5844 ἀπὸ
3491 5785 3689 5841 τούτου
3709 5788 3788 5842 τὰ
