4046 6396
271 474 374 531 253

272 587 452 657 probis
482 607 493 641 :
525 596 578 643 et
607 588 863 659 quosdam
894 589 1100 644 honore
1132 587 1292 645 allicit
1320 634 1335 657 ,
1364 592 1621 664 quosdam
1652 592 1857 650 honore

269 695 369 734 non
399 679 564 735 allicit
591 697 657 735 ex
699 682 871 736 bonis.
903 682 1021 738 Non
1049 686 1198 752 punit
1217 699 1403 741 omnes
1427 728 1441 753 ,
1470 696 1528 741 ιιι
1556 688 1649 743 tibi
1675 702 1858 743 resur-

269 775 557 828 rectionem
586 789 705 829 esse
748 776 1102 845 persuadeat;
1130 777 1389 847 quosdam
1417 794 1547 834 vero
1574 780 1726 849 punit
1756 822 1772 847 ,
1802 790 1857 836 ut

268 865 679 936 negligentiores
720 883 815 937 per
839 868 1064 922 aliorum
1086 869 1402 941 supplicium
1429 872 1619 926 timore
1644 872 1856 942 percul-

264 972 354 1010 sos
392 957 758 1027 diligentiores
794 960 1006 1014 efficiat.
1040 960 1245 1015 Rursus
1284 962 1568 1016 noxmullos
1597 979 1663 1017 ex
1690 964 1848 1019 bonis

267 1050 465 1104 honore
496 1050 658 1105 afticit
678 1093 692 1117 ,
746 1061 801 1106 ut
830 1064 1053 1107 caeteros
1082 1056 1147 1108 ad
1176 1071 1412 1109 amorem
1448 1058 1658 1112 virtutis
1684 1059 1853 1113 hono-

263 1143 409 1197 ribus
439 1144 543 1198 illis
568 1145 788 1211 alliciat;
811 1161 914 1199 non
933 1162 1120 1201 omnes
1145 1157 1321 1202 autem
1344 1149 1631 1204 honoribus
1660 1151 1846 1218 afﬁcit,

262 1245 317 1288 ut
359 1236 586 1290 alterum
632 1245 842 1307 tempus
894 1252 1012 1292 esse
1052 1254 1344 1309 cognoscas
1376 1283 1390 1305 ,
1427 1243 1568 1311 quod
1608 1245 1855 1299 omnibus

259 1328 561 1383 mercedem
591 1330 879 1398 persolvet.
906 1331 963 1385 Si
986 1332 1127 1385 enim
1150 1347 1340 1387 omnes
1371 1334 1421 1387 in
1452 1335 1551 1388 hac
1582 1336 1706 1400 vita,
1734 1354 1853 1405 quae

260 1431 588 1485 meruerunt,
611 1422 934 1491 acciperent,
961 1424 1193 1477 sermoni
1210 1424 1276 1479 de
1293 1428 1682 1482 resurrectione
1696 1428 1851 1482 ﬁdem

259 1512 455 1567 habere
478 1522 815 1580 recusarent;
840 1514 980 1585 quod
998 1516 1043 1568 si
1071 1530 1231 1570 nemo
1251 1532 1371 1586 quae
1392 1527 1679 1582 meruerat,
1700 1536 1852 1575 rece-

258 1603 634 1671 pisset,plures
645 1614 793 1660 certe
811 1606 1218 1676 negligentiores
1230 1608 1540 1663 evasissent.
1562 1610 1848 1680 Propterea

253 1695 514 1765 quosdam
550 1697 717 1765 punit,
732 1698 991 1768 quosdam
1010 1699 1227 1753 minime
1244 1700 1415 1768 punit,
1436 1707 1630 1755 etcum
1661 1703 1740 1757 eis
1762 1704 1852 1773 qui

256 1789 564 1856 puniuntur,
598 1799 708 1844 tum
739 1792 818 1845 eis
869 1791 957 1861 qui
989 1807 1097 1846 non
1127 1794 1418 1862 puniuntur
1446 1793 1700 1861 prodest;
1727 1811 1849 1849 nam

252 1880 474 1933 istorum
497 1879 710 1949 quidem
736 1882 977 1952 reprimit
1020 1884 1408 1952 improbitatem
1439 1926 1452 1948 ,
1478 1885 1686 1940 illorum
1722 1902 1852 1942 vero

251 1976 509 2044 supplicio
530 1976 882 2029 modestiores
902 1986 1128 2031 caeteros
1147 1978 1335 2032 reddit.
1351 1980 1524 2048 Atque
1556 1981 1659 2035 hoc
1684 1997 1749 2035 ex
1783 1982 1849 2035 il—

251 2067 338 2133 lis,
360 2083 479 2137 quae
503 2069 635 2122 dixit
654 2069 900 2123 Christus
920 2070 1052 2138 ipse,
1074 2071 1411 2125 manifestum
1430 2081 1531 2127 est.
1554 2071 1690 2128 Cum
1707 2073 1848 2128 enim

251 2160 611 2214 renuntiatum
631 2160 702 2214 illi
722 2171 863 2216 esset
891 2162 1177 2232 collapsam
1206 2165 1392 2218 turrim
1417 2165 1661 2222 homines
1687 2183 1851 2238 quos-

250 2252 371 2305 dam
394 2253 657 2317 obruisse,
684 2253 756 2307 ait
784 2253 851 2307 ad
879 2253 1017 2307 illos:
1050 2253 1186 2321 Quid
1224 2257 1517 2312 existimatis
1538 2262 1657 2328 quia
1674 2270 1719 2313 et
1740 2261 1839 2329 ipsi

249 2353 532 2411 peccatores
561 2345 747 2413 fuerint
777 2346 942 2399 solum
959 2346 984 2400 ?
1003 2345 1145 2413 Non,
1172 2347 1286 2401 dico
1305 2348 1440 2402 vobis
1472 2365 1490 2403 :
1518 2350 1606 2403 sed
1626 2351 1669 2403 si
1689 2352 1848 2421 paeni-

250 2437 456 2489 tentiam
474 2452 572 2489 non
589 2438 806 2506 egeritis,
829 2448 874 2491 et
890 2453 975 2492 vos
1000 2439 1175 2492 eadem
1192 2440 1453 2509 patiemini
1477 2440 1628 2511 (Luc.
1651 2443 1737 2495 l5.
1767 2444 1845 2513 4).

318 2524 423 2581 Cur
453 2544 554 2580 non
580 2543 753 2581 omnes
780 2528 860 2580 hic
893 2528 1431 2597 puniantur.—Vides
1460 2541 1515 2585 ut
1538 2532 1611 2586 illi
1629 2548 1844 2602 quoque

249 2627 469 2688 propter
502 2627 718 2688 peccata
742 2620 992 2687 perierint
1017 2662 1032 2688 ,
1062 2629 1116 2675 et
1140 2623 1321 2677 caeteri
1344 2631 1560 2691 propter
1584 2624 1843 2693 justitiam

248 2725 352 2763 non
373 2710 675 2774 evaserint,
705 2710 800 2765 sed
829 2720 885 2765 ut
911 2712 1119 2766 illorum
1146 2714 1408 2783 supplicio
1437 2715 1625 2770 ﬁerent
1649 2716 1839 2770 melio-

246 2802 374 2856 res?
403 2800 512 2871 ltaq
528 2816 592 2855 ue
624 2802 816 2871 injuria
847 2812 971 2858 sunt
994 2803 1190 2872 affecti,
1222 2805 1424 2875 inquit,
1457 2806 1532 2861 illi
1558 2849 1570 2871 ,
1603 2808 1692 2876 qui
1724 2823 1841 2878 poe-

246 2912 342 2950 nas
367 2896 663 2951 dederunt:
697 2906 944 2967 poterant
971 2898 1114 2952 enim
1141 2908 1195 2952 et
1225 2899 1324 2968 ipsi
1354 2914 1459 2954 non
1490 2902 1675 2968 puniti,
1707 2902 1842 2955 alio-

246 3004 361 3041 rum
389 2989 652 3058 supplicio
692 2988 806 3044 ﬁeri
851 2991 1119 3044 meliores.
1152 2992 1312 3060 Atqui
1362 2993 1405 3046 si
1440 2994 1692 3047 meliores
1720 2996 1839 3049 illos

245 3095 339 3148 per
366 3080 734 3148 paenitentiam
757 3095 1014 3135 evasuros
1035 3082 1281 3136 scivisset
1300 3123 1313 3145 ,
1360 3099 1694 3153 nequaquam
1720 3086 1839 3140 illos

244 3173 555 3241 punivissct.
585 3173 639 3228 Si
676 3175 818 3227 enim
848 3190 967 3227 cum
994 3175 1284 3243 pnevideat
1310 3178 1489 3230 multis
1528 3192 1679 3231 suam
1720 3180 1839 3233 lon-

243 3266 609 3335 ganimitatem
633 3266 767 3321 nihil
801 3266 1164 3335 profuturam,
1203 3278 1378 3322 tamen
1405 3284 1501 3323 eos
1528 3271 1691 3324 multa
1717 3286 1836 3325 cum

241 3359 493 3427 patientia
508 3359 717 3426 tolerat,
747 3374 869 3413 suas
911 3369 1089 3427 partes
1123 3375 1303 3429 agens,
1327 3361 1835 3429 etillisconcedens,

243 3461 297 3503 ut
328 3465 357 3502 a
400 3450 619 3503 stultitia
648 3465 741 3503 sua
772 3451 1087 3519 resipiscam
1132 3469 1145 3503 :
1176 3450 1443 3519 quomodo
1473 3467 1586 3516 eos,
1611 3454 1699 3521 qui
1726 3469 1835 3507 cm-

242 3552 480 3595 terorum
515 3541 779 3610 supplicio
818 3542 1065 3595 meliores
1106 3543 1317 3595 evasuri
1348 3552 1521 3606 erant,
1568 3558 1633 3597 eo
1663 3544 1832 3597 fructu

240 3632 510 3701 privaret,
558 3634 646 3702 qui
680 3647 745 3685 ex
780 3632 1090 3701 pmnitentia
1118 3634 1453 3702 percipitur?
1484 3633 1663 3704 Itaque
1689 3637 1833 3692 nulla

239 3725 322 3777 isti
341 3724 454 3778 la‘si
480 3732 603 3778 sunt
630 3723 820 3793 injuria
848 3765 861 3789 ,
894 3724 1036 3794 quod
1062 3734 1118 3780 et
1142 3725 1355 3779 illorum
1382 3726 1582 3780 malitia
1609 3728 1680 3782 sit
1709 3743 1834 3797 sup-

238 3814 396 3884 plicio
420 3830 665 3885 repressa
696 3856 711 3879 ,
766 3824 821 3870 et
863 3815 1270 3884 quod‘leviores
1320 3826 1603 3887 propterea
1644 3818 1833 3875 futura:

237 3907 345 3959 sint
366 3922 557 3976 ptente,
577 3922 709 3975 quas
732 3906 788 3961 in
818 3907 988 3962 altero
1020 3908 1218 3962 saeculo
1249 3907 1429 3963 luituri
1451 3918 1595 3976 sunt,
1614 3911 1755 3979 quod
1775 3911 1826 3964 in

236 3997 339 4051 isto
354 3997 489 4051 mala
516 3997 889 4053 sustinuerint.
920 3997 1125 4053 Rursus
1147 3999 1219 4052 illi
1250 4000 1337 4068 qui
1370 4001 1537 4069 puniti
1556 4016 1659 4054 non
1684 4011 1824 4067 sunt,

237 4090 379 4143 nulla
407 4100 533 4144 sunt
584 4090 779 4159 injuria
812 4090 946 4143 laesi.
975 4090 1147 4144 Licuit
1172 4091 1313 4145 enim
1342 4092 1470 4161 ipsis
1495 4134 1509 4158 ,
1544 4093 1587 4147 si
1615 4093 1827 4162 quidem

236 4180 553 4241 voluissent,
577 4179 977 4249 longanimitate
1002 4181 1092 4235 Dei
1122 4182 1187 4235 ad
1212 4184 1466 4251 optimam
1483 4184 1556 4238 uti
1578 4188 1828 4239 mutatio-

235 4286 355 4325 nem
378 4312 393 4336 ,
427 4271 734 4340 patientiam
771 4271 888 4341 ejus
930 4271 1194 4326 laudando
1236 4287 1500 4328 summam
1548 4275 1663 4345 ejus
1695 4278 1827 4332 tole-

234 4362 460 4416 rantiam
490 4362 826 4425 revereri,et
851 4361 916 4416 ad
945 4363 1196 4418 virtutem
1224 4364 1511 4434 aliquando
1537 4370 1776 4424 converti
1809 4413 1822 4435 ,

231 4466 389 4524 atque
417 4470 481 4508 ex
513 4455 737 4508 aliorum
758 4455 1021 4524 supplicio
1048 4456 1275 4511 salutem
1306 4472 1456 4512 suam
1491 4460 1821 4517 lucrifacere.

230 4545 384 4612 Quod
427 4546 471 4600 si
510 4549 563 4598 in
624 4545 855 4614 nequitia
896 4555 1286 4615 perseverant,
1339 4563 1446 4602 non
1496 4551 1634 4605 Deus
1658 4562 1740 4606 est
1770 4554 1822 4607 in

230 4637 520 4704 causa,qni
543 4646 821 4705 propterea
849 4637 1112 4705 patienter
1139 4636 1260 4703 fert,
1294 4648 1349 4692 ut
1376 4656 1470 4694 eos
1502 4642 1599 4695 sibi
1634 4659 1824 4698 recon-

230 4728 404 4793 ciliet;
433 4742 621 4781 verum
655 4728 728 4780 illi
755 4728 906 4782 venia
932 4737 1057 4782 sunt
1088 4728 1321 4799 indigni;
1353 4732 1441 4799 qui
1470 4733 1559 4786 Dei
1586 4734 1823 4804 longani-

229 4822 434 4885 mitate,
450 4830 507 4874 ut
529 4821 781 4889 oportuit,
807 4837 912 4874 non
940 4821 1046 4875 sint
1088 4823 1189 4875 usi.
1215 4821 1397 4892 Neque
1418 4840 1543 4877 vero
1561 4826 1819 4881 rationem

228 4918 439 4967 tantum
468 4912 621 4965 iSLam
648 4910 840 4965 afferre
865 4926 1151 4981 possumus
1173 4954 1186 4976 ,
1217 4913 1287 4966 ob
1313 4929 1470 4983 quam
1512 4914 1564 4969 in
1592 4916 1690 4971 hac
1714 4918 1820 4972 vita

226 5003 355 5058 mali
393 5018 582 5057 omnes
623 5004 841 5057 minime
870 5004 1174 5071 plectuntur
1195 5045 1210 5069 ,
1261 5004 1353 5059 sed
1385 5015 1439 5059 et
1473 5005 1629 5060 aliam
1654 5008 1819 5063 nihilo

227 5098 327 5149 ista
360 5095 644 5149 minorem.
673 5094 840 5160 Quam
867 5094 1113 5149 tandem?
1134 5094 1286 5160 Quod
1315 5097 1588 5161 nimirum,
1618 5099 1661 5153 si
1692 5115 1819 5154 con-

222 5189 406 5243 festim
436 5197 557 5257 post
590 5199 805 5257 peccata
836 5202 1021 5257 poenas
1052 5196 1287 5243 sumeret
1334 5191 1473 5245 Deus
1503 5233 1517 5253 ,
1548 5192 1815 5248 sublatum

221 5290 375 5334 esset
401 5295 433 5334 e
463 5279 641 5333 medio
669 5294 839 5348 genus
863 5279 1150 5332 humanum
1179 5323 1192 5344 ,
1223 5296 1394 5350 neque
1424 5283 1674 5338 continua
1698 5298 1817 5340 suc-

220 5374 471 5427 cessione
515 5372 581 5427 ad
614 5373 727 5426 haec
757 5380 996 5440 tempora
1043 5375 1387 5441 pervenisset.
1431 5376 1607 5445 Atque
1633 5386 1689 5429 ut
1716 5377 1818 5431 hoc

221 5480 410 5520 verum
428 5480 550 5520 esse
575 5479 898 5534 cognoscas,
929 5464 1050 5518 audi
1073 5466 1386 5535 prophetam
1408 5466 1677 5523 dicentem
1708 5487 1721 5522 :
1756 5469 1818 5525 Si

219 5560 511 5627 iniquitates
540 5559 875 5612 observaveris
899 5600 914 5621 ,
947 5558 1194 5626 Domine,
1228 5561 1337 5628 quis
1352 5562 1612 5615 sustinebit
1642 5561 1812 5633 (Psal.

224 5651 352 5705 129.
383 5651 479 5720 3)?
503 5649 657 5719 Quod
682 5651 726 5703 si
755 5649 934 5704 lubeat
958 5648 1058 5704 hoc
1077 5649 1276 5703 dietum
1300 5652 1624 5719 examinare,
1648 5653 1814 5707 omis-

222 5763 281 5801 sa
337 5748 392 5801 in
436 5746 764 5817 singulorum
809 5746 969 5798 vitam
1011 5739 1194 5800 exacta
1225 5746 1563 5816 inquisitione
1615 5749 1815 5817 (neque

221 5841 368 5895 enim
398 5838 510 5893 ﬁeri
542 5845 736 5907 potest,
767 5845 824 5891 ut
841 5851 960 5907 quae
983 5838 1208 5905 quisque
1224 5838 1447 5906 gesserit
1468 5837 1519 5891 in
1542 5838 1647 5891 vita
1672 5839 1810 5893 scia-

221 5931 388 6002 mus),
418 5942 537 6000 qute
566 5928 681 5983 sine
709 5926 1131 5982 contradictione
1149 5926 1325 5982 cuncti
1342 5942 1641 5997 peccamus,
1665 5943 1727 5985 ea
1750 5929 1803 5985 in

1337 468 1422 524 DE
1462 470 1753 528 DIABOLO
1792 474 2222 534 TENTATORE.
2254 481 2478 541 HOMIL.
2511 486 2574 543 ll.

3460 491 3565 551 256

1963 596 2197 657 medium
2224 600 2579 670 proferamus,
2608 611 2662 659 et
2686 618 2752 658 ex
2772 604 2873 660 hoc
2885 607 3038 665 nobis
3069 610 3309 682 liquebit,
3332 616 3477 687 quod
3517 620 3561 675 si

1965 692 2036 747 ob
2063 691 2267 762 singula
2296 702 2509 762 peccata
2537 694 2866 763 puniremur,
2890 698 3001 768 jam
3027 703 3157 757 olim
3185 708 3464 775 periissem
3478 729 3559 765 us.

1964 783 2064 851 Qui
2087 784 2302 839 fratrem
2330 800 2486 840 suum
2516 785 2717 842 fatuum
2738 790 3038 859 appellarit,
3053 809 3177 849 reus
3196 806 3279 851 est
3298 799 3561 868 geheuna'

1963 878 2098 947 ignis
2128 877 2343 949 (Matth.
2374 880 2427 935 5.
2457 880 2572 950 22),
2613 880 2799 951 inquit.
2827 886 2909 938 An
2937 885 3097 955 igitur
3122 899 3205 942 est
3232 891 3422 961 aliquis
3471 911 3562 947 no-

1962 979 2154 1034 strum,
2182 971 2271 1039 qui
2294 970 2396 1025 hoc
2421 982 2696 1041 peccatum
2718 990 2827 1029 non
2853 981 3223 1035 commiserit?
3243 999 3442 1055 ergone
3478 1001 3559 1039 su

1962 1058 2072 1113 bito
2119 1076 2149 1113 e
2192 1061 2370 1115 medio
2408 1063 2518 1117 tolli
2563 1067 2853 1134 oportuit?
2899 1069 3079 1141 Itaque
3123 1072 3318 1130 sublati
3367 1091 3566 1131 omnes

1960 1168 2202 1209 essemus
2224 1170 2252 1210 e
2270 1156 2468 1223 medio,
2488 1166 2649 1228 atque
2670 1159 2829 1216 deleti
2856 1166 3121 1233 quondam
3143 1176 3197 1223 et
3214 1169 3555 1238 jamdudum.

1960 1243 2166 1300 Rursus
2198 1247 2241 1301 is
2272 1249 2361 1317 qui
2385 1249 2550 1317 jurat,
2581 1251 2769 1321 inquit,
2796 1255 2897 1309 etsi
2916 1266 3061 1311 recte
3085 1258 3248 1327 juret,
3284 1277 3396 1317 rem
3422 1265 3551 1330 agit,

1959 1351 2077 1404 quae
2122 1353 2152 1391 a
2204 1340 2346 1393 malo
2401 1352 2482 1395 est
2528 1340 2649 1413 (Ib.
2700 1360 2746 1398 υ.
2782 1346 2849 1400 57
2878 1346 2921 1417 ).
2969 1348 3098 1415 Quis
3143 1350 3298 1421 igitur
3335 1363 3418 1407 est
3464 1357 3552 1423 qui

1960 1444 2065 1480 non
2091 1429 2320 1498 jurarit?
2351 1432 2457 1485 imo
2492 1449 2618 1489 vero
2649 1476 2665 1502 ,
2697 1438 2818 1505 quis
2861 1446 2945 1493 est
2992 1441 3080 1509 qui
3124 1457 3229 1496 non
3268 1445 3554 1514 aliquando

1967 1518 2380 1590 pejerarit?Qui
2408 1525 2706 1591 mulierem,
2736 1530 2933 1598 inquit,
2965 1533 3153 1600 aspicit
3182 1534 3395 1591 lascivis
3417 1553 3549 1592 ocu-

1958 1609 2043 1677 lis,
2096 1612 2303 1668 adultcr
2358 1616 2623 1685 perfectus
2661 1629 2746 1674 est
2785 1621 2905 1693 (Ib.
2934 1641 2979 1678 υ.
3031 1626 3146 1694 28).
3178 1629 3351 1698 Atque
3393 1630 3553 1699 hujus

1958 1713 2085 1755 sane
2136 1705 2340 1772 peccati
2381 1708 2579 1762 multos
2627 1709 2898 1768 offendere
2926 1730 3209 1784 possumus
3251 1735 3392 1776 reos.
3415 1723 3549 1778 Cum

1958 1790 2117 1862 igitur
2144 1794 2260 1849 hmc
2282 1811 2401 1865 quae
2428 1798 2483 1852 in
2507 1801 2756 1857 confesso
2784 1814 2928 1871 sunt,
2962 1808 3083 1860 talia
3115 1818 3328 1880 tamque
3354 1812 3549 1868 intole-

1956 1882 2123 1937 randa
2149 1884 2274 1949 sint,
2299 1896 2355 1941 et
2382 1887 2573 1944 horum
2602 1894 2809 1962 singula
2837 1898 3063 1951 seorsim
3091 1902 3412 1970 supplicium
3452 1920 3550 1959 no-

1957 1974 2038 2029 bis
2066 1989 2344 2034 accersant
2372 1981 2682 2039 inevitabile
2701 2028 2715 2051 ,
2748 1988 2792 2041 si
2826 2003 2888 2042 ea
2918 2006 3129 2061 quoque
3157 1994 3431 2050 nobiscum
3460 2014 3547 2053 re-

1956 2076 2203 2136 putemus
2233 2113 2247 2136 ,
2282 2088 2401 2142 quae
2432 2077 2642 2132 occulte
2684 2082 3019 2147 peccavimus
3051 2125 3066 2151 ,
3101 2095 3211 2140 tum
3253 2092 3547 2157 prtesertim

1953 2161 2187 2216 divinam
2213 2166 2599 2234 providentiam
2627 2185 2978 2241 agnoseemus
3008 2217 3022 2241 ,
3057 2194 3179 2247 quae
3216 2195 3321 2235 non
3349 2182 3402 2235 in
3431 2184 3547 2237 sin-

1951 2257 2072 2326 gula
2096 2259 2249 2314 nobis
2276 2272 2488 2329 peccata
2519 2265 2838 2333 supplicium
2868 2267 3080 2325 inferat.
3109 2271 3291 2343 Itaque
3317 2274 3361 2329 si
3388 2291 3546 2344 quem

1952 2348 2150 2403 videris
2180 2352 2473 2420 rapientem
2512 2396 2528 2421 ,
2562 2355 2894 2413 fraudantem
2920 2401 2935 2423 ,
2964 2370 3018 2416 et
3043 2377 3166 2417 eum
3194 2365 3411 2421 minime
3432 2383 3534 2436 pu-

1952 2440 2073 2506 niri,
2106 2453 2298 2499 excute
2319 2453 2373 2498 tu
2395 2462 2605 2516 quoque
2635 2452 3015 2507 conscientiam
3038 2464 3181 2509 tuam
3209 2497 3222 2520 ,
3248 2469 3432 2527 reputa
3460 2470 3542 2514 te-

1950 2546 2070 2585 cum
2102 2534 2259 2588 vitam
2292 2545 2466 2602 tuam,
2495 2549 2549 2592 et
2580 2549 2667 2593 tua
2685 2540 2876 2596 delicta
2910 2560 3162 2612 percurre
3191 2565 3203 2599 ε
3236 2559 3346 2602 tum
3379 2551 3547 2620 probe

1950 2622 2215 2693 intelliges
2243 2626 2334 2679 tibi
2366 2629 2539 2695 primo
2558 2646 2663 2683 non
2694 2634 2980 2701 expedire,
3007 2647 3063 2690 ut
3092 2638 3143 2691 in
3166 2640 3399 2706 peccatis
3427 2643 3540 2695 sin-

1948 2714 2088 2783 gulis
2118 2717 2373 2783 puniaris.
2408 2719 2610 2775 Idcirco
2632 2723 2778 2777 enim
2808 2741 2996 2782 severe
3026 2729 3177 2783 multi
3210 2732 3500 2801 loquuntur
3519 2778 3535 2801 ,

1947 2805 2088 2874 quod
2143 2822 2248 2861 non
2296 2824 2389 2863 sua
2444 2812 2590 2880 prius
2634 2830 2790 2883 quam
2833 2818 3004 2872 aliena
3043 2822 3414 2878 considerent:
3447 2827 3542 2881 sed

1948 2897 2143 2950 nostris
2169 2899 2385 2954 omissis
2406 2917 2593 2958 omnes
2616 2906 2667 2958 in
2696 2922 2783 2961 res
2804 2911 3024 2964 aliorum
3051 2913 3399 2981 inquiramus.
3433 2917 3542 2973 Ve-

1947 2995 2245 3041 rumtamen
2276 3004 2341 3043 ne
2370 2992 2599 3060 amplius
2630 2994 2680 3048 id
2712 3011 2932 3065 agamus
2963 3040 2978 3065 ,
3012 3002 3103 3056 sed
3134 3004 3287 3071 plane
3322 3018 3541 3063 contra—

1947 3075 2106 3130 rittm.
2141 3080 2217 3132 Ac
2253 3081 2297 3134 si
2329 3082 2543 3150 quidem
2593 3085 2793 3154 justum
2842 3090 3071 3160 aliquem
3101 3097 3275 3162 puniri
3304 3098 3486 3154 videas
3516 3144 3531 3168 ,

1943 3165 2046 3221 Job
2076 3171 2359 3225 recordare
2386 3190 2398 3225 :
2432 3176 2532 3228 etsi
2563 3178 2705 3231 enim
2730 3179 2904 3249 justus
2945 3184 3014 3237 sit
3052 3186 3243 3255 aliquis
3266 3229 3279 3253 ,
3320 3206 3419 3244 nec
3450 3165 3535 3245 ta-

1943 3274 2065 3313 men
2083 3259 2277 3329 justior
2306 3262 2397 3316 illo
2418 3266 2539 3333 erit,
2562 3283 2732 3337 neque
2759 3272 2841 3324 vel
2866 3274 3129 3329 modicum
3152 3278 3225 3332 illi
3258 3283 3531 3347 proximus

1942 3350 2074 3402 erit:
2100 3366 2163 3405 ac
2193 3351 2317 3406 licet
2343 3354 2618 3411 innumera
2637 3360 2707 3412 sit
2731 3364 2865 3415 mala
2890 3368 3334 3432 passus,necdum
3359 3382 3532 3429 tamen

1941 3441 2229 3510 quidquam
2262 3444 2365 3499 tale
2396 3462 2584 3515 passus
2612 3461 2712 3517 est,
2744 3453 2902 3521 quale
2928 3457 3009 3509 vir
3040 3458 3147 3512 ille.

2013 3535 2067 3589 8.
2101 3536 2211 3590 lloc
2239 3538 2396 3607 igitur
2417 3552 2597 3597 mente
2626 3559 2850 3600 versans
2868 3589 2883 3613 ,
2914 3547 3099 3604 desine
3122 3551 3403 3607 Dominum
3431 3572 3521 3610 ac-

1939 3638 2145 3692 cusare,
2176 3643 2296 3681 cum
2319 3629 2584 3703 intelligas
2613 3634 2797 3701 Deum,
2828 3652 2935 3692 non
2956 3640 3097 3709 quod
3120 3641 3268 3697 illum
3290 3644 3524 3712 deserat,

1945 3715 2105 3769 talem
2133 3716 2311 3773 sinere
2339 3722 2492 3777 malis
2512 3723 2672 3795 afﬂigi
2694 3767 2708 3791 ,
2742 3727 2838 3782 sed
2874 3730 3015 3798 quod
3043 3732 3190 3787 illum
3219 3750 3414 3791 corona
3437 3740 3532 3792 do-

1945 3822 2073 3860 nare
2104 3817 2263 3878 atque
2286 3809 2632 3869 illustriorem
2664 3818 2791 3871 velit
2818 3820 3063 3876 reddere.
3095 3824 3152 3878 Si
3184 3842 3311 3881 vero
3336 3843 3526 3897 pecca-

1940 3907 2107 3951 torem
2128 3900 2309 3954 videas
2322 3903 2883 3973 castigari,rccordare
2898 3913 3190 3983 paralytici,
3210 3918 3298 3985 qui
3315 3920 3527 3989 triginta

1936 4002 1990 4045 et
2006 3993 2246 4063 octojam
2265 4010 2432 4049 annos
2451 3998 2502 4050 in
2519 3999 2657 4054 lecto
2677 4001 3001 4059 decubuerat
3022 4005 3259 4077 (Joan.5.
3293 4011 3367 4082 5).
3388 4013 3519 4068 Nam

1936 4082 2083 4137 illum
2114 4095 2328 4156 propter
2358 4100 2574 4157 peccata
2600 4102 2706 4146 tum
2726 4095 2974 4150 traditum
3018 4098 3091 4152 illi
3123 4103 3310 4156 morbo
3341 4103 3525 4173 fuisse,

1934 4177 2054 4230 audi
2073 4194 2178 4246 quo
2202 4189 2359 4248 pacto
2383 4180 2582 4237 Christi
2612 4186 2774 4240 verba
2803 4196 3086 4244 testentur:
3110 4190 3242 4246 Ecce
3266 4211 3419 4248 sanus
3446 4198 3528 4267 fa-

1934 4277 2043 4321 ctus
2063 4285 2115 4322 es
2131 4286 2149 4321 :
2158 4271 2273 4339 jam
2300 4273 2406 4325 noli
2422 4290 2649 4342 peccare,
2674 4293 2736 4330 ne
2755 4278 2971 4335 deterius
2994 4282 3083 4334 tibi
3119 4284 3313 4355 aliquid
3327 4289 3529 4342 contin-

1932 4368 2018 4428 gat
2048 4358 2206 4429 (Ibid.
2237 4377 2283 4415 v.
2321 4364 2428 4432 14).
2469 4364 2560 4419 Vel
2584 4367 2725 4421 enim
2758 4385 2940 4425 eorum
2968 4389 3086 4442 quae
3116 4379 3482 4435 commisimus
3513 4425 3527 4447 ,

1936 4449 2132 4504 luimus
2160 4467 2363 4519 pmnas,
2388 4453 2515 4509 dum
2539 4460 2889 4528 castigantur:
2914 4464 2993 4517 vel
3022 4466 3355 4523 occasionem
3383 4475 3528 4526 acci-

1935 4542 2108 4609 pimus
2145 4558 2491 4613 coronarum,
2516 4548 2708 4604 sidunt
2737 4563 2881 4608 recte
2919 4556 3144 4613 vivimus
3164 4601 3178 4623 ,
3208 4562 3363 4617 malis
3387 4566 3527 4619 afﬂi-

1930 4632 2120 4698 gimur.
2167 4634 2346 4704 Itaque
2380 4638 2492 4692 sive
2527 4640 2577 4692 in
2619 4640 2823 4708 jttstitia
2862 4647 2979 4701 sive
3004 4649 3055 4701 in
3089 4654 3321 4719 peccatis
3362 4656 3527 4712 vitam

1929 4723 2183 4793 degamus
2205 4766 2220 4791 ,
2248 4726 2372 4781 utile
2400 4729 2552 4785 nobis
2582 4741 2664 4786 est
2684 4735 2876 4801 puniri,
2910 4740 3051 4806 quod
3078 4740 3129 4795 id
3159 4743 3445 4813 aliquando
3471 4752 3532 4803 il-

1930 4818 2206 4873 lustriores
2235 4835 2333 4874 nos
2363 4823 2572 4889 reddat,
2603 4825 2887 4896 aliquando
2915 4833 3266 4893 modestiores
3291 4840 3489 4896 efﬁciat
3514 4887 3527 4907 ,

1927 4925 1990 4964 ac
2018 4909 2249 4966 futurum
2295 4916 2613 4983 supplicium
2643 4920 2798 4975 nobis
2840 4922 3063 4995 mitiget.
3097 4928 3261 4985 Posse
3298 4948 3533 5005 namque

1926 5002 2155 5073 aliquem
2190 5047 2203 5069 ,
2236 5006 2323 5075 qui
2356 5006 2515 5062 fuerit
2561 5009 2613 5063 in
2654 5010 2754 5066 hac
2782 5014 2886 5068 vita
2919 5020 3152 5084 punitus,
3177 5032 3373 5080 etcum
3407 5002 3530 5097 gra-

1927 5094 2118 5148 tiarum
2144 5097 2352 5151 actione
2378 5109 2567 5153 cuncta
2605 5104 2899 5171 pertulerit,
2938 5111 3249 5177 gravitatem
3280 5094 3528 5187 supplicii

1926 5184 1979 5240 in
1998 5188 2161 5242 altera
2202 5189 2305 5243 vita
2333 5191 2591 5247 subeundi
2621 5197 2867 5267 mitigare
2898 5241 2913 5264 ,
2954 5202 3099 5258 disce
3143 5221 3209 5259 ex
3252 5184 3527 5266 his'i’aul:

1927 5280 2102 5334 verbis
2124 5299 2136 5334 :
2160 5279 2187 5333 I
2195 5281 2286 5335 deo
2299 5283 2427 5335 inter
2442 5301 2528 5337 vos
2549 5287 2694 5339 multi
2718 5289 2909 5357 inﬁrmi
2935 5302 2981 5345 et
3010 5294 3304 5364 imbecilles,
3330 5309 3376 5352 et
3404 5302 3527 5354 dor—

1928 5372 2085 5425 miunt
2106 5373 2271 5426 multi.
2305 5373 2453 5438 Quod
2482 5375 2526 5428 si
2556 5380 2883 5449 nosmetipsos
2894 5382 3279 5453 judicaremus,
3304 5407 3406 5444 non
3425 5392 3527 5445 uti-

1925 5480 2019 5533 que
2029 5464 2404 5533 judicaremur;
2438 5468 2556 5521 dum
2579 5471 2875 5540 judicamur
2886 5486 3070 5543 autem,
3092 5496 3122 5530 α
3139 5478 3529 5537 Dominocorri-

1927 5560 2177 5629 pimur,ut
2197 5578 2297 5614 non
2314 5578 2427 5615 cum
2449 5566 2638 5617 mundo
2657 5566 2953 5621 damnemur
2976 5570 3023 5641 (1
3046 5571 3163 5625 Cor.
3183 5575 3202 5625 1
3219 5575 3239 5627 l
3256 5613 3269 5625 .
3297 5576 3398 5629 50-
3410 5578 3524 5645 52).

1996 5649 2336 5706 Providentia:
2359 5652 2458 5707 Dei
2484 5655 2861 5712 demonstratio.
2893 5690 2965 5701 —
3010 5662 3135 5717 Haec
3166 5664 3321 5733 igitur
3346 5670 3527 5724 omnia

1930 5759 2053 5798 cum
2079 5745 2353 5813 explorata
2380 5748 2487 5801 sint
2513 5747 2668 5803 nobis
2694 5789 2708 5814 ,
2739 5750 2811 5805 ita
2831 5751 2898 5805 de
2927 5755 3256 5822 providentia
3284 5758 3376 5813 Dei
3403 5760 3526 5829 pili-

1922 5835 2302 5907 l030pbemur,
2333 5838 2515 5909 eisque
2556 5840 2645 5910 qui
2679 5842 3053 5900 contradicunt
3090 5862 3151 5902 os
3186 5848 3520 5907 obturemus.

1923 5929 2075 5998 Quod
2102 5930 2143 5986 si
2168 5929 2294 6001 quid
2320 5931 2545 6002 accidat,
2569 5933 2710 6003 quod
2743 5943 2977 5993 mentem
3009 5949 3249 5995 nostram
3274 5943 3521 6011 excedat,
