4046 6396
547 493 654 550 ξω

548 625 618 665 ne
647 608 844 664 idcirco
883 619 968 662 res
1005 611 1214 660 nostras
1244 603 1418 659 divina
1453 604 1558 671 regi
1603 602 1927 672 providentia
1960 617 2122 672 nege-

547 717 667 756 mus
695 719 709 765 ;
741 700 834 756 sed
870 715 990 754 cum
1029 714 1146 752 eam
1173 713 1239 752 ex
1269 703 1416 766 parte
1441 695 2000 765 comprehcnderimus
2023 736 2038 759 ,
2071 696 2123 748 in

548 795 612 850 iis
656 809 774 863 quae
809 791 1190 861 comprehendi
1231 790 1446 844 minime
1487 799 1728 859 queunt,
1775 787 2125 858 investigabili

545 886 661 955 ejus
693 884 978 953 sapientia:
1006 881 1277 937 cedamus.
1320 881 1375 935 Si
1405 880 1545 934 enim
1586 879 1817 933 hominis
1847 879 2125 932 artilicium

547 978 708 1031 homo
739 976 1014 1045 imperitus
1043 973 1252 1044 assequi
1280 974 1496 1028 minime
1526 983 1696 1042 potest
1722 1015 1736 1040 ,
1769 973 1934 1026 multo
1965 972 2130 1040 magis

546 1071 873 1140 impossibile
894 1082 1070 1139 est,ut
1092 1073 1400 1126 immensam
1435 1072 1525 1124 Dei
1556 1071 1939 1140 providentiam
1970 1070 2126 1122 intel-

547 1162 675 1232 ligat
704 1177 856 1216 mens
883 1162 1132 1217 humana.
1163 1161 1522 1216 Inscrulabilia
1561 1163 1745 1232 quippe
1782 1172 1894 1214 sunt
1933 1161 2134 1230 judicia

547 1254 680 1320 ejus,
709 1261 757 1305 et
783 1252 1149 1323 investigabiles
1175 1253 1269 1306 via:
1297 1254 1406 1323 ejus
1427 1252 1445 1322 (
1462 1251 1612 1305 Rom.
1645 1254 1733 1307 11.
1760 1254 1886 1320 55).
1912 1252 2136 1306 Verum-

550 1353 728 1397 tamen
756 1358 874 1398 eum
913 1359 976 1398 ex
1019 1345 1198 1412 paucis
1224 1345 1289 1397 de
1319 1353 1429 1398 toto
1463 1345 1727 1412 possimus
1770 1345 2130 1414 probationem

546 1447 612 1486 ac
639 1432 795 1487 fidem
819 1443 1020 1487 certam
1047 1434 1288 1502 accipere
1312 1474 1326 1500 ,
1369 1449 1462 1503 pro
1501 1436 1706 1489 cunctis
1739 1451 1856 1504 qua:
1892 1435 2137 1488 accidunt

551 1522 663 1578 Deo
699 1527 895 1592 gratias
940 1539 1174 1594 agamus.
1216 1524 1343 1579 Nam
1390 1535 1445 1580 et
1486 1526 1586 1578 alia
1622 1526 1826 1580 ratione
1857 1539 2137 1594 possumus

550 1617 752 1685 absque
784 1617 884 1669 ulla
917 1617 1338 1672 contradictione
1367 1618 1433 1672 de
1466 1619 1794 1688 providentia
1820 1619 1995 1672 divina
2028 1618 2139 1688 phi-

551 1705 840 1774 1050phari,
865 1708 906 1760 si
931 1707 1173 1761 velimus.
1199 1709 1587 1777 lnterrogemus
1609 1710 1750 1763 enim
1782 1708 2136 1773 adversarios,

552 1813 622 1851 an
643 1797 709 1851 sit
735 1799 910 1852 Deus?
938 1801 1076 1868 quod
1105 1800 1147 1852 si
1178 1799 1409 1854 dixerint
1439 1816 1542 1854 non
1572 1816 1690 1855 esse
1719 1801 1905 1865 Deum,
1931 1817 1998 1854 ne
2021 1801 2137 1854 illos

553 1903 812 1956 responso
842 1888 1138 1957 dignemur.
1174 1889 1238 1944 Ut
1269 1891 1409 1943 enim
1438 1890 1651 1944 furiosis
1679 1907 1890 1960 arquum
1917 1906 2023 1944 non
2056 1898 2139 1944 est

553 1989 612 2034 ut
637 1979 924 2050 quidquam
970 1981 1423 2048 respondeamus,
1463 1984 1534 2035 ita
1579 1997 1678 2035 nec
1713 1982 1816 2036 illis
1841 1981 1929 2051 qui
1970 1982 2136 2035 Deum

553 2086 660 2125 non
678 2086 796 2126 esse
815 2072 1014 2126 dicunt.
1044 2072 1174 2126 Nam
1201 2074 1244 2126 si
1276 2074 1558 2143 navigium,
1583 2075 1634 2127 in
1655 2090 1760 2143 quo
1791 2073 1941 2144 pauci
1965 2083 2138 2128 nautae

554 2161 750 2216 fuerint
775 2170 831 2216 et
853 2172 1117 2227 vectores,
1153 2163 1265 2216 fieri
1288 2167 1469 2234 nequit
1498 2174 1555 2219 ut
1581 2166 1846 2220 incolume
1873 2174 2134 2228 servetur,

556 2268 624 2307 ne
650 2253 715 2307 ad
745 2256 899 2307 unius
921 2255 1132 2324 quidem
1162 2256 1315 2309 stadii
1347 2257 1595 2324 spatium.
1631 2257 1830 2326 absque
1853 2274 2010 2312 manu
2039 2274 2139 2328 gu-

555 2345 854 2400 bernatoris
883 2363 897 2396 :
930 2348 1095 2401 multo
1122 2349 1287 2417 magis
1319 2356 1493 2403 tantus
1521 2349 1608 2404 hic
1651 2351 1910 2418 mundus,
1941 2356 2026 2422 qui
2064 2363 2142 2409 tot

558 2435 611 2489 in
648 2450 706 2490 se
745 2451 965 2506 corpora
1002 2439 1238 2492 continet
1265 2454 1326 2493 ex
1368 2440 1646 2494 elementis
1682 2441 1907 2496 conflata
1939 2484 1953 2507 ,
1996 2455 2142 2500 tanto

559 2535 801 2595 tempore
830 2544 931 2581 non
962 2529 1240 2593 durasset,
1271 2531 1370 2584 nisi
1400 2542 1545 2585 esset
1571 2533 1742 2602 aliqua
1768 2535 2096 2602 providentia
2125 2578 2138 2601 ,

558 2633 677 2686 qua:
707 2619 780 2670 illi
812 2630 1066 2688 prmesset
1088 2663 1102 2684 ,
1132 2633 1184 2675 et
1215 2621 1316 2675 ltoc
1339 2624 1644 2678 universum
1675 2636 1909 2682 tueretur
1933 2643 2144 2698 semper

1253 495 1309 552 S.
1353 493 1631 551 JOANNIS
1670 490 2142 549 CIIRYSOSTOMI
2185 491 2498 549 ARCHIEP.
2539 492 3074 548 CONSTANTINOP.

3710 494 3809 547 2338

2228 615 2290 654 ac
2316 609 2542 670 regeret.
2587 601 2735 668 Quod
2780 601 2823 654 si
2856 616 3191 656 communem
3223 602 3459 657 omnium
3491 610 3811 659 sententiam

2229 705 2283 750 et
2312 697 2479 765 ipsam
2507 711 2684 752 rerum
2711 697 3090 766 experientiam
3115 698 3131 728 ί
3161 699 3372 752 reveriti
3400 700 3566 754 Deum
3597 714 3717 752 esse
3742 701 3810 748 [ςι-

2231 798 2444 843 tcautur
2466 829 2480 852 ,
2513 787 2615 842 hoc
2643 787 2750 842 illis
2781 788 3019 844 dicamus
3054 807 3066 843 :
3095 787 3150 844 Si
3188 789 3259 842 sit
3291 790 3425 844 Deus
3447 830 3461 854 ,
3490 801 3551 846 ut
3580 788 3818 858 proferto

2232 888 2333 942 est,
2358 880 2595 948 sequitur
2615 893 2736 933 eum
2758 881 2918 935 etiam
2937 880 3136 949 justum
3160 896 3280 935 esse
3313 898 3326 932 :
3359 881 3458 934 nisi
3479 881 3620 934 enim
3651 880 3822 948 justus

2234 971 2320 1031 sit,
2345 985 2410 1023 ne
2433 970 2572 1023 Deus
2593 969 2803 1037 quidem
2830 979 2914 1023 est
2939 987 2952 1022 :
2982 970 3120 1038 quod
3149 971 3192 1023 si
3217 971 3394 1039 justus
3419 972 3504 1032 sit,
3534 969 3823 1036 unicuique

2237 1077 2333 1128 pro
2363 1063 2563 1115 meritis
2590 1061 2782 1115 reddit.
2811 1063 2969 1132 Atqui
2998 1062 3235 1116 videmus
3267 1079 3368 1116 non
3401 1078 3585 1116 omnes
3610 1062 3699 1117 hic
3727 1077 3825 1130 pro

2239 1154 2440 1206 meritis
2478 1155 2714 1220 recipere
2744 1170 2755 1204 :
2786 1153 3008 1222 proinde
3049 1169 3267 1207 necesse
3295 1164 3372 1206 est
3405 1153 3624 1208 alteram
3669 1154 3825 1207 nobis

2237 1247 2525 1314 repositam
2565 1247 2967 1301 retributionem
3007 1261 3316 1316 speremus,
3350 1259 3400 1300 ut
3428 1262 3547 1301 eunt
3577 1263 3672 1315 pro
3708 1263 3822 1299 me-

2240 1339 2357 1394 ritis
2386 1340 2746 1409 unusquisque
2777 1341 3076 1409 receperit,
3108 1351 3360 1409 appareat
3389 1339 3592 1408 justitia
3620 1341 3822 1394 divina.

2241 1431 2367 1485 Haec
2385 1432 2524 1486 enim
2548 1433 2718 1486 oratio
2739 1449 2842 1485 non
2870 1433 2937 1486 de
2967 1432 3292 1500 providentia
3319 1433 3515 1498 solum,
3543 1433 3636 1486 sed
3662 1433 3823 1487 etiam

2241 1523 2308 1578 de
2337 1525 2728 1578 resurrectione
2759 1523 3148 1593 philosophiam
3181 1524 3331 1578 nobis
3366 1525 3668 1577 introducit.
3702 1525 3826 1578 lla-0.

2243 1616 2402 1684 igitur
2431 1616 2660 1669 scientes
2686 1655 2701 1680 ,
2743 1630 2862 1670 cum
2905 1615 3004 1684 ipsi
3043 1615 3109 1670 de
3143 1615 3470 1684 providentia
3497 1625 3551 1669 et
3580 1631 3827 1669 resurre—

2242 1708 2419 1762 ctione
2447 1707 2794 1770 meditemur.
2828 1717 2936 1760 tum
2969 1716 3192 1762 caeteros
3217 1707 3502 1761 doceamus
3523 1749 3537 1770 ,
3577 1717 3630 1760 et
3668 1723 3830 1760 omne

2243 1798 2474 1851 studium
2504 1799 2554 1850 in
2585 1798 2635 1850 id
2663 1798 3016 1861 conferamus,
3047 1809 3102 1852 ut
3133 1799 3215 1864 iis,
3244 1799 3330 1866 qui
3361 1798 3615 1852 adversus
3644 1799 3830 1851 Domi-

2247 1903 2372 1940 num
2402 1888 2691 1954 insaniunt,
2723 1903 2782 1941 os
2808 1888 3166 1952 occludamus,
3197 1903 3422 1956 eumque
3451 1902 3546 1940 nos
3573 1887 3627 1940 in
3661 1888 3836 1940 omni-

2245 1979 2341 2034 bus
2365 1981 2740 2049 glorificemus.
2785 1982 2875 2036 Sic
2913 1981 3053 2034 enim
3100 1981 3356 2050 majorem
3395 1981 3509 2049 ejus
3539 1996 3724 2035 curam
3773 1997 3836 2033 ac

2245 2075 2596 2142 patrocinium
2625 2075 3069 2142 promerebimur,
3091 2084 3143 2128 et
3167 2075 3388 2128 multum
3413 2073 3668 2126 auxilium
3695 2073 3835 2125 obti-

2244 2165 2504 2230 nebimus,
2530 2174 2686 2234 atque
2707 2166 2776 2218 ita
2801 2181 2922 2218 vera
2949 2167 3146 2218 malitia
3178 2165 3539 2225 liberabimur.
3569 2174 3621 2218 et
3649 2163 3828 2218 futura

2247 2255 2382 2308 bona
2411 2271 2820 2325 consequemur,
2853 2257 3017 2326 gratia
3050 2266 3104 2310 et
3144 2256 3468 2325 benignitate
3501 2256 3705 2309 Domini
3742 2271 3836 2306 nu-

2245 2349 2341 2401 stri
2370 2348 2495 2402 Jesu
2519 2347 2713 2402 Christi
2737 2391 2750 2412 ,
2781 2364 2874 2418 per
2901 2364 3060 2418 quem
3087 2358 3140 2404 et
3167 2365 3285 2402 cum
3315 2363 3420 2418 quo
3453 2347 3592 2401 Patri
3620 2347 3790 2416 gloria
3820 2390 3834 2408 .

2247 2455 2348 2492 una
2378 2455 2495 2493 eum
2524 2440 2720 2508 Spiritu
2741 2438 3120 2507 Sancto,uunc
3143 2449 3195 2492 et
3224 2454 3452 2508 semper,
3485 2449 3539 2492 et
3565 2439 3613 2490 in
3641 2439 3835 2490 sa-cula

2246 2531 2586 2584 seculorum.
2621 2533 2812 2584 Amen.

2315 2642 2330 2670 ί
2367 2640 2522 2698 Colb.,
2547 2640 2766 2703 ipsarum
2783 2653 2946 2689 rerum
2963 2639 3330 2689 consensionem.

3761 2761 3822 2770 .-

565 2839 646 2881 AD
691 2839 800 2881 EOS
843 2839 950 2894 QUI
1019 2840 1384 2897 OBJICIUNT,
1433 2844 1556 2885 CUR
1601 2845 1637 2886 E
1681 2845 1883 2888 MEDIO
1927 2847 2239 2891 SUBLATUS
2283 2849 2405 2892 NON
2441 2851 2538 2895 SIT
2581 2851 2886 2894 DIABOLUS
2918 2878 2933 2905 ,
2980 2853 3059 2893 ET
3101 2850 3271 2903 QUOD
3312 2851 3509 2894 ιιωυε
3573 2853 3836 2902 ΜΑιιτιΑ

1173 2943 1350 2986 mnu.
1393 2943 1506 2987 nos
1551 2944 1795 2999 LIEDAT,
1842 2945 1894 2988 ει
1940 2947 2386 3004 ATTENDAMUS,
2433 2950 2514 2992 ET
2557 2951 2638 2991 DE
2670 2950 3078 2993 POENITENTIA
3131 2931 3239 3018 (α).

1819 3091 2167 3105 -ῇ-ρ

1258 3401 1468 3439 ιιοιιιιιλ
1503 3398 1560 3436 ΙΙ.

635 3541 684 3592 1.
714 3538 846 3593 Laus
873 3539 1109 3594 Flaviani
1138 3545 1375 3614 epismpi.
1403 3574 1470 3584 -—
1492 3544 1636 3599 Isaac
1665 3548 1876 3616 quidem
1903 3564 2023 3603 cum
2053 3567 2142 3604 ex-

562 3638 799 3698 optasset
838 3631 1124 3701 aliquando
1166 3635 1444 3702 prandium
1493 3637 1582 3690 lilii
1627 3639 1872 3693 manibus
1904 3652 2143 3708 paratum

562 3718 878 3784 comedere,
907 3720 1071 3774 filium
1111 3738 1175 3777 ex
1203 3724 1404 3778 aedibus
1443 3725 1509 3779 ad
1547 3729 1884 3784 venationem
1920 3731 2096 3784 emisit
2127 3751 2140 3786 :

566 3811 652 3864 hic
678 3827 804 3866 vero
835 3823 1014 3868 noster
1057 3814 1200 3869 Isaac
1237 3831 1356 3870 cum
1396 3827 1700 3887 exoptasset
1733 3821 2009 3889 prandium
2056 3839 2145 3876 su-

565 3915 712 3955 mere
737 3901 980 3957 manibus
1006 3905 1202 3959 nostris
1233 3915 1504 3974 paratum,
1546 3923 1650 3962 non
1694 3925 1760 3964 ex
1805 3911 2007 3967 aedibus
2051 3928 2147 3967 nos

564 3992 773 4056 emisit,
806 3993 898 4048 sed
928 3995 1042 4064 ipse
1086 4006 1321 4051 nostram
1361 3999 1427 4052 ad
1465 4016 1702 4055 mensam
1740 4005 1988 4058 accurrit.
2017 4005 2146 4071 Quis

565 4084 819 4153 majorem
851 4095 1126 4154 paternum
1169 4103 1403 4144 amorem
1443 4107 1690 4162 umquam
1717 4094 2000 4149 exhibuit?
2029 4099 2146 4164 quis

565 4175 918 4230 humilitatem
952 4179 1208 4247 majorem
1233 4195 1320 4244 eo,
1352 4183 1440 4251 qui
1468 4193 1573 4238 tam
1603 4185 1876 4242 ardentem
1903 4188 2148 4258 dignatus

565 4277 648 4321 est
674 4269 956 4325 ostendere
985 4272 1258 4326 caritatem
1282 4314 1297 4338 ,
1331 4283 1640 4344 tantumque
1672 4278 1836 4332 voluit
1864 4294 1920 4333 se
1951 4279 2146 4334 demit—

569 4360 726 4413 tere?
749 4360 1104 4426 Quamobrem
1149 4377 1247 4417 nos
1272 4364 1432 4418 etiam
1458 4405 1473 4429 ,
1505 4367 1594 4434 qui
1625 4375 1679 4420 et
1713 4369 1857 4422 vocis
1897 4369 2148 4424 intentio-

567 4466 686 4505 nem
713 4461 769 4506 et
793 4454 983 4521 pedum
1022 4454 1325 4509 firmitatem
1403 4459 1662 4512 matutina
1703 4464 2145 4518 sermocinatione

566 4541 923 4613 depressimus
948 4586 963 4607 ,
997 4547 1199 4613 paterni
1230 4547 1405 4602 vultus
1445 4560 1662 4617 aspectu
1692 4554 1951 4619 recreati,
1979 4556 2149 4608 conti-

567 4652 674 4689 nuo
700 4637 1022 4693 infirmitatis
1047 4639 1196 4693 obliti
1225 4656 1408 4695 sumus
1433 4683 1447 4706 ,
1477 4651 1744 4711 torporem
1771 4647 2102 4700 excussimus
2131 4689 2146 4712 ,

570 4728 838 4797 voluptate
865 4733 1118 4784 commoti
1149 4748 1333 4786 sumus
1359 4743 1412 4788 et
1439 4735 1620 4799 erecti,
1647 4734 1980 4804 splendidam
2009 4737 2146 4792 vidi-

571 4837 690 4874 mus
735 4823 1026 4887 canitiem,
1079 4834 1134 4878 et
1175 4827 1352 4879 anima
1402 4835 1582 4880 nostra
1635 4827 1752 4881 luce
1800 4829 2002 4897 repleta
2043 4839 2146 4883 est.

571 4913 856 4982 Propterea
892 4931 1102 4985 quoque
1141 4928 1384 4986 prompto
1413 4929 1465 4972 et
1492 4919 1650 4973 alacri
1695 4921 1872 4975 animo
1912 4936 2148 4974 mensam

571 5006 884 5074 appouimus
904 5049 916 5070 ,
947 5021 1004 5061 ut
1035 5025 1162 5074 nos,
1194 5025 1315 5064 cum
1351 5011 1676 5074 comederit,
1708 5011 2004 5067 benedicat.
2035 5013 2150 5067 Non

570 5097 658 5151 hic
685 5095 875 5152 furtum
906 5109 982 5153 est
1012 5108 1063 5154 et
1104 5100 1287 5165 dolus,
1327 5112 1383 5153 ut
1419 5101 1525 5155 illic
1560 5111 1669 5154 tum
1707 5102 1803 5156 fuit
1832 5121 1843 5154 :
1873 5104 2007 5157 alius
2029 5108 2150 5173 qui-

569 5189 691 5243 dem
720 5189 911 5245 afl‘erre
936 5192 1116 5259 jussus
1138 5201 1235 5255 est,
1268 5193 1402 5246 alius
1427 5209 1556 5247 vero
1586 5195 1762 5247 attulit
1789 5213 1803 5259 ;
1834 5197 1925 5249 sed
1953 5213 2051 5265 ego
2077 5195 2152 5248 af-

572 5283 710 5334 ferre
736 5281 917 5350 jussus
954 5298 1068 5337 sum
1095 5325 1110 5349 ,
1152 5299 1254 5354 ego
1283 5299 1494 5354 quoque
1524 5288 1692 5340 attuli.
1727 5287 1804 5340 Tu
1831 5305 1955 5343 vero
1983 5289 2150 5345 bene-

571 5375 803 5428 dictione
833 5376 1093 5444 spirituali
1135 5377 1358 5433 benedic
1397 5380 1550 5434 nobis
1569 5421 1583 5445 ,
1613 5390 1780 5448 pater,
1811 5390 1865 5436 et
1906 5398 1966 5436 ea
1993 5399 2150 5451 quam

573 5465 815 5534 accipere
841 5475 1086 5535 optamus
1109 5483 1316 5532 omnes,
1347 5485 1568 5537 qumque
1599 5487 1702 5523 non
1732 5471 1888 5525 modo
1917 5473 2030 5539 tibi,
2058 5473 2150 5527 sed

574 5567 628 5610 et
652 5558 780 5612 mihi
807 5566 860 5612 et
883 5560 1130 5613 omnibus
1157 5559 1240 5613 bis
1269 5562 1338 5614 sit
1360 5562 1532 5616 utilis:
1560 5577 1894 5617 communem
1917 5567 2150 5619 omnium

577 5659 818 5704 nostrum
850 5650 1130 5706 Dominum
1153 5667 1371 5721 precare
1400 5693 1415 5719 ,
1447 5663 1505 5708 ut
1544 5655 1703 5708 vitam
1747 5666 1888 5710 tuam
1928 5657 1992 5711 ad
2026 5673 2150 5718 pro-

572 5733 736 5790 lixam
766 5736 912 5792 lsaac
939 5749 1265 5796 senectutem
1298 5743 1556 5812 producat
1588 5761 1600 5796 :
1637 5745 1736 5799 hoc
1764 5747 1905 5800 enim
1935 5759 1987 5801 et
2021 5752 2150 5807 mihi

642 5835 714 5896 (a)
744 5839 920 5890 Collata
943 5856 1051 5892 cum
1072 5831 1244 5896 Codice
1274 5848 1421 5906 Regio
1445 5846 1582 5903 169i.
1609 5855 1660 5897 et
1679 5847 1808 5896 Coll).
1833 5848 1948 5897 1050

2174 3078 2279 3118 QG

2284 3095 2595 3112 M

2249 3283 2302 3328 et
2346 3272 2464 3328 istis
2498 3287 2618 3328 rore
2669 3275 2784 3330 cadi
2828 3291 2889 3330 ac
2943 3274 3260 3347 pinguedine
3292 3285 3447 3330 terra:
3503 3276 3669 3328 multo
3713 3290 3830 3342 pre-

2251 3361 2436 3414 tiosius
2461 3371 2543 3416 est
2565 3373 2618 3418 et
2644 3364 2984 3421 fructuosius.

2326 3447 2605 3503 Homiliam
2654 3455 3010 3521 pra’cedeulem
3053 3463 3424 3506 commemorat.
3488 3483 3559 3494 —-
3611 3455 3829 3509 Verum-

2249 3542 2521 3596 enimvero
2546 3543 2656 3612 jam
2689 3554 2897 3612 tempus
2935 3555 3054 3608 est,
3085 3556 3141 3598 ut
3180 3560 3414 3600 mensam
3458 3561 3826 3614 apponamus:

2248 3647 2365 3700 qua:
2410 3648 2568 3701 porro
2613 3633 2697 3687 illa
2727 3635 2850 3688 est?
2882 3635 3136 3704 Reliquire
3179 3635 3424 3688 nimirum
3458 3651 3642 3689 eorum
3669 3677 3683 3699 ,
3715 3652 3831 3706 qua:

2249 3739 2420 3792 nuper
2440 3725 2646 3778 caritati
2679 3736 2869 3778 vestrm
2895 3725 3033 3778 dicta
3061 3734 3184 3778 sunt
3209 3744 3220 3778 :
3251 3725 3419 3779 adhuc
3447 3728 3610 3792 enim,
3635 3727 3828 3792 adhuc,

2249 3813 2499 3883 inquam,
2533 3814 2601 3868 de
2627 3815 2840 3869 diabolo
2867 3830 3166 3869 sermonem
3197 3816 3451 3870 habemus
3472 3858 3486 3881 ,
3521 3833 3677 3886 quem
3707 3828 3829 3872 ante

2248 3905 2382 3959 duos
2411 3905 2508 3960 hos
2537 3907 2652 3960 dies
2684 3906 3039 3971 instituimus,
3070 3923 3228 3977 quem
3254 3918 3309 3962 et
3335 3923 3491 3963 inane
3518 3909 3584 3961 ad
3612 3924 3705 3962 eos
3733 3909 3829 3962 ha-

2249 3995 2458 4050 buimus
2480 4038 2494 4060 ,
2522 3996 2613 4067 qui
2635 3999 2900 4067 mysteriis
2923 3999 3213 4063 initiantur,
3246 4014 3365 4052 etttn
3391 3998 3460 4052 de
3488 3999 3831 4052 abrenuntia-

2249 4087 2392 4142 tione
2439 4087 2610 4157 deque
2653 4089 3025 4159 aggregatione
3069 4090 3206 4158 apud
3255 4089 3386 4142 istos
3426 4089 3829 4143 dissereremus.

2251 4180 2360 4233 Hoc
2387 4190 2564 4234 autem
2595 4182 2820 4249 agimus,
2849 4197 2952 4235 non
2983 4182 3122 4250 quod
3149 4181 3378 4235 delectet
3403 4196 3502 4235 nos
3531 4180 3599 4234 de
3621 4181 3833 4234 diabolo

2250 4269 2409 4322 verba
2436 4269 2608 4324 facere
2632 4311 2646 4334 ,
2679 4271 2770 4324 sed
2799 4271 2940 4340 quod
2972 4281 3078 4325 tuta
3121 4273 3190 4324 sit
3225 4271 3378 4325 vobis
3404 4287 3522 4340 qum
3547 4272 3612 4326 de
3639 4287 3704 4326 eo
3734 4271 3833 4325 do.

2249 4361 2418 4415 ctrina
2449 4360 2739 4430 profertur.
2772 4363 2864 4416 Est
2888 4363 3030 4416 enim
3061 4363 3305 4416 inimicus
3334 4372 3388 4415 et
3417 4362 3582 4416 hostis
3609 4375 3828 4416 noster:

2248 4452 2375 4507 illud
2409 4467 2568 4522 porro
2609 4453 2946 4506 securitatem
2983 4467 3225 4522 magnam
3260 4453 3395 4522 parit
3421 4493 3435 4514 ,
3467 4453 3512 4504 si
3553 4452 3704 4504 nobis
3751 4466 3835 4503 res

2250 4546 2582 4600 inimicorum
2615 4545 2766 4614 plane
2792 4546 2899 4599 sint
2929 4555 3086 4599 notzc.
3121 4545 3360 4598 Diximus
3390 4560 3560 4614 nuper
3587 4559 3711 4598 eum
3740 4559 3831 4612 per

2250 4638 2554 4691 violentiam
2581 4653 2685 4690 non
2709 4638 2940 4702 vincere,
2965 4651 3136 4705 neque
3161 4651 3254 4705 per
3281 4635 3630 4706 tyrannidem,
3658 4650 3833 4703 neque

2251 4729 2620 4782 necessitatem
2644 4720 2912 4781 afférendo
2930 4769 2944 4791 ,
2969 4742 3066 4781 nec
3095 4727 3330 4796 cogendo
3359 4744 3371 4779 ε
3407 4728 3653 4795 quoniam
3685 4727 3733 4780 si
3766 4728 3833 4780 ita

2250 4830 2425 4886 esset,
2455 4835 2642 4873 omnes
2669 4820 2848 4888 utique
2877 4819 3123 4887 perderet
3156 4837 3167 4871 :
3201 4818 3461 4888 hujusque
3499 4819 3573 4871 rei
3610 4819 3836 4886 protuli-

2251 4928 2370 4967 mus
2395 4921 2762 4981 argumentum
2796 4925 2985 4980 porcos
3006 4951 3018 4973 ,
3053 4911 3103 4964 in
3130 4926 3262 4980 quos
3291 4909 3418 4963 nihil
3449 4925 3605 4978 agere
3629 4908 3834 4962 dmmo-

2253 5023 2348 5061 nes
2375 5015 2679 5076 potuerunt,
2710 5015 2991 5073 antequam
3023 5019 3050 5056 a
3084 5003 3305 5056 Domino
3345 5003 3658 5070 permissum
3694 5011 3839 5054 esset

2253 5096 2463 5166 (Matth.
2487 5096 2538 5151 8.
2557 5095 2649 5149 3L
2702 5094 2897 5164 seqq);
2927 5104 3163 5148 armenta
3188 5093 3305 5156 Job,
3330 5103 3383 5146 et
3405 5107 3631 5162 greges;
3661 5105 3838 5160 neque

2251 5190 2392 5243 enim
2417 5189 2530 5242 haec
2556 5187 2797 5241 diabolus
2822 5201 2981 5240 ausus
3002 5193 3082 5240 est
3107 5184 3350 5255 perdere,
3374 5199 3645 5252 quousque
3673 5183 3839 5238 desu-

2252 5299 2347 5353 per
2379 5291 2692 5352 potestatem
2721 5280 2943 5348 accepit.
2977 5278 3152 5333 Unum
3182 5279 3342 5346 igitur
3371 5277 3471 5330 hoc
3503 5275 3734 5342 primum
3764 5276 3841 5327 di-

2252 5377 2496 5440 dicimus,
2529 5391 2650 5429 eum
2678 5389 2774 5443 per
2801 5372 2906 5424 vim
2936 5381 3026 5424 aut
3052 5369 3421 5424 necessitatem
3451 5382 3554 5420 non
3582 5365 3801 5419 vincere
3827 5384 3837 5418 :

2252 5467 2542 5523 secundum
2569 5477 2686 5535 post
2709 5465 2831 5517 illud
2856 5461 3174 5525 addidimus,
3201 5460 3340 5529 quod
3370 5457 3607 5526 quamvis
3635 5456 3841 5510 frandi~

2253 5563 2350 5616 bus
2381 5561 2585 5623 vincat,
2627 5574 2732 5612 non
2761 5567 2936 5610 tamen
2967 5556 3044 5610 sic
3071 5554 3276 5608 cunctis
3303 5550 3542 5620 superior
3595 5551 3789 5605 evadit
3822 5571 3836 5612 :

2252 5665 2305 5708 et
2331 5667 2513 5707 rursus
2537 5652 2790 5705 athletam
2819 5653 2990 5716 ipsum
3021 5647 3072 5700 in
3101 5645 3331 5700 medium
3359 5643 3673 5712 protulimus
3698 5642 3804 5695 Job
3828 5682 3842 5706 ,

2252 5747 2335 5801 cui
2366 5747 2488 5799 licet
2514 5743 2659 5796 mille
2686 5742 2954 5796 machinas
2982 5737 3318 5802 admoverit,
3354 5751 3458 5790 non
3495 5748 3608 5787 eum
3656 5741 3844 5786 tamen

2255 5839 2352 5892 hac
2380 5837 2584 5893 ratione
2627 5833 2933 5903 superavit,
2977 5830 3069 5887 sed
3111 5839 3163 5886 et
3205 5830 3377 5884 victus
3414 5822 3688 5880 abscessit.
3717 5821 3840 5878 l‘na
