  <div class='ocr_page' id='page_1' title='image "/cluster/home/n/w/nwhite01/storage/ocr_20150623/49/nnc1.0046978208/250.png"; bbox 0 0 4046 6396; ppageno 0'>
   <div class='ocr_carea' id='block_1_1' title="bbox 263 429 372 484">
    <p class='ocr_par' dir='ltr' id='par_1_1' title="bbox 263 429 372 484">
     <span class='ocr_line' id='line_1_1' title="bbox 263 429 372 484; baseline 0 0"><span class='ocrx_word' id='word_1_1' title='bbox 263 429 372 484; x_wconf 75' lang='grc'>257</span> 
     </span>
    </p>
   </div>
   <div class='ocr_carea' id='block_1_2' title="bbox 259 538 1846 618">
    <p class='ocr_par' dir='ltr' id='par_1_2' title="bbox 259 538 1846 618">
     <span class='ocr_line' id='line_1_2' title="bbox 259 538 1846 618; baseline -0.001 -19"><span class='ocrx_word' id='word_1_2' title='bbox 259 545 376 600; x_wconf 81' lang='grc' dir='ltr'>καθ’</span> <span class='ocrx_word' id='word_1_3' title='bbox 403 545 549 616; x_wconf 76' lang='grc' dir='ltr'>ἡμᾶς</span> <span class='ocrx_word' id='word_1_4' title='bbox 592 543 901 615; x_wconf 77' lang='grc' dir='ltr'>ἀπρονόητα</span> <span class='ocrx_word' id='word_1_5' title='bbox 954 538 1086 598; x_wconf 81' lang='grc' dir='ltr'>εἶναι</span> <span class='ocrx_word' id='word_1_6' title='bbox 1126 543 1457 617; x_wconf 78' lang='grc' dir='ltr'>νομίζωμεν,</span> <span class='ocrx_word' id='word_1_7' title='bbox 1493 547 1606 600; x_wconf 84' lang='grc' dir='ltr'>ἀλλ’</span> <span class='ocrx_word' id='word_1_8' title='bbox 1639 549 1702 600; x_wconf 86' lang='grc' dir='ltr'>ἐκ</span> <span class='ocrx_word' id='word_1_9' title='bbox 1755 546 1846 618; x_wconf 83' lang='grc' dir='ltr'>μέ-</span> 
     </span>
    </p>
   </div>
   <div class='ocr_carea' id='block_1_3' title="bbox 265 628 1846 702">
    <p class='ocr_par' dir='ltr' id='par_1_3' title="bbox 265 628 1846 702">
     <span class='ocr_line' id='line_1_3' title="bbox 265 628 1846 702; baseline 0.001 -19"><span class='ocrx_word' id='word_1_10' title='bbox 265 647 386 702; x_wconf 88' lang='grc' dir='ltr'>ρους</span> <span class='ocrx_word' id='word_1_11' title='bbox 415 628 815 693; x_wconf 79' lang='grc' dir='ltr'>καταλαϐόντες</span> <span class='ocrx_word' id='word_1_12' title='bbox 847 630 1014 683; x_wconf 80' lang='grc' dir='ltr'>αὐτοῦ</span> <span class='ocrx_word' id='word_1_13' title='bbox 1040 629 1140 701; x_wconf 86' lang='grc' dir='ltr'>τὴν</span> <span class='ocrx_word' id='word_1_14' title='bbox 1173 631 1452 701; x_wconf 90' lang='grc' dir='ltr'>πρόνοιαν,</span> <span class='ocrx_word' id='word_1_15' title='bbox 1477 633 1536 685; x_wconf 88' lang='grc' dir='ltr'>ἐν</span> <span class='ocrx_word' id='word_1_16' title='bbox 1561 635 1674 695; x_wconf 85' lang='grc' dir='ltr'>τοῖς</span> <span class='ocrx_word' id='word_1_17' title='bbox 1708 634 1846 685; x_wconf 87' lang='grc' dir='ltr'>ἀκα-</span> 
     </span>
    </p>
   </div>
   <div class='ocr_carea' id='block_1_4' title="bbox 260 711 1848 786">
    <p class='ocr_par' dir='ltr' id='par_1_4' title="bbox 260 711 1848 786">
     <span class='ocr_line' id='line_1_4' title="bbox 260 711 1848 786; baseline 0 -18"><span class='ocrx_word' id='word_1_18' title='bbox 260 714 554 784; x_wconf 78' lang='grc' dir='ltr'>ταλήπτοις</span> <span class='ocrx_word' id='word_1_19' title='bbox 573 711 996 783; x_wconf 87' lang='grc' dir='ltr'>παραχωρῶμεν</span> <span class='ocrx_word' id='word_1_20' title='bbox 1025 713 1192 766; x_wconf 85' lang='grc' dir='ltr'>αὐτοῦ</span> <span class='ocrx_word' id='word_1_21' title='bbox 1224 713 1302 784; x_wconf 87' lang='grc' dir='ltr'>τῷ</span> <span class='ocrx_word' id='word_1_22' title='bbox 1331 716 1723 786; x_wconf 84' lang='grc' dir='ltr'>ἀνεξιχνιάστῳ</span> <span class='ocrx_word' id='word_1_23' title='bbox 1750 715 1848 786; x_wconf 91' lang='grc' dir='ltr'>τῆς</span> 
     </span>
    </p>
   </div>
   <div class='ocr_carea' id='block_1_5' title="bbox 265 795 1851 868">
    <p class='ocr_par' dir='ltr' id='par_1_5' title="bbox 265 795 1851 868">
     <span class='ocr_line' id='line_1_5' title="bbox 265 795 1851 868; baseline 0.001 -16"><span class='ocrx_word' id='word_1_24' title='bbox 265 798 472 868; x_wconf 73' lang='grc' dir='ltr'>σοφίας.</span> <span class='ocrx_word' id='word_1_25' title='bbox 499 797 562 849; x_wconf 74' lang='lat' dir='ltr'>EE</span> <span class='ocrx_word' id='word_1_26' title='bbox 585 797 695 866; x_wconf 86' lang='grc' dir='ltr'>γάρ</span> <span class='ocrx_word' id='word_1_27' title='bbox 721 795 1012 867; x_wconf 90' lang='grc' dir='ltr'>ἀνθρώπου</span> <span class='ocrx_word' id='word_1_28' title='bbox 1047 796 1245 868; x_wconf 89' lang='grc' dir='ltr'>τέχνην</span> <span class='ocrx_word' id='word_1_29' title='bbox 1270 799 1329 851; x_wconf 89' lang='grc' dir='ltr'>ού</span> <span class='ocrx_word' id='word_1_30' title='bbox 1359 799 1586 854; x_wconf 84' lang='grc' dir='ltr'>δυνατὸν</span> <span class='ocrx_word' id='word_1_31' title='bbox 1611 798 1851 853; x_wconf 89' lang='grc' dir='ltr'>καταλα-</span> 
     </span>
    </p>
   </div>
   <div class='ocr_carea' id='block_1_6' title="bbox 264 878 1850 954">
    <p class='ocr_par' dir='ltr' id='par_1_6' title="bbox 264 878 1850 954">
     <span class='ocr_line' id='line_1_6' title="bbox 264 878 1850 954; baseline 0 -19"><span class='ocrx_word' id='word_1_32' title='bbox 264 885 377 935; x_wconf 83' lang='grc' dir='ltr'>ϐεῖν</span> <span class='ocrx_word' id='word_1_33' title='bbox 409 879 489 953; x_wconf 79' lang='grc' dir='ltr'>τῷ</span> <span class='ocrx_word' id='word_1_34' title='bbox 520 878 724 950; x_wconf 80' lang='grc' dir='ltr'>ἰδιώτῃ,</span> <span class='ocrx_word' id='word_1_35' title='bbox 752 878 932 950; x_wconf 88' lang='grc' dir='ltr'>πολλῷ</span> <span class='ocrx_word' id='word_1_36' title='bbox 965 880 1165 950; x_wconf 80' lang='grc' dir='ltr'>μᾶλλον</span> <span class='ocrx_word' id='word_1_37' title='bbox 1193 883 1293 951; x_wconf 89' lang='grc' dir='ltr'>τῆς</span> <span class='ocrx_word' id='word_1_38' title='bbox 1321 882 1414 937; x_wconf 89' lang='grc' dir='ltr'>τοῦ</span> <span class='ocrx_word' id='word_1_39' title='bbox 1437 881 1574 936; x_wconf 97' lang='grc' dir='ltr'>Θεοῦ</span> <span class='ocrx_word' id='word_1_40' title='bbox 1598 882 1850 954; x_wconf 77' lang='grc' dir='ltr'>προνοίας</span> 
     </span>
    </p>
   </div>
   <div class='ocr_carea' id='block_1_7' title="bbox 265 961 1846 1040">
    <p class='ocr_par' dir='ltr' id='par_1_7' title="bbox 265 961 1846 1040">
     <span class='ocr_line' id='line_1_7' title="bbox 265 961 1846 1040; baseline 0.001 -21"><span class='ocrx_word' id='word_1_41' title='bbox 265 966 321 1019; x_wconf 73' lang='grc' dir='ltr'>το</span> <span class='ocrx_word' id='word_1_42' title='bbox 367 965 596 1035; x_wconf 77' lang='grc' dir='ltr'>ἄπειρον</span> <span class='ocrx_word' id='word_1_43' title='bbox 647 961 910 1017; x_wconf 88' lang='grc' dir='ltr'>ἀδύνατον</span> <span class='ocrx_word' id='word_1_44' title='bbox 959 965 1189 1018; x_wconf 83' lang='grc' dir='ltr'>συνιδεῖν</span> <span class='ocrx_word' id='word_1_45' title='bbox 1234 965 1557 1040; x_wconf 77' lang='grc' dir='ltr'>ἀνθρωπίνῃ</span> <span class='ocrx_word' id='word_1_46' title='bbox 1600 967 1808 1038; x_wconf 81' lang='grc' dir='ltr'>διανοίᾳ</span> <span class='ocrx_word' id='word_1_47' title='bbox 1834 984 1846 996; x_wconf 91' lang='grc'>·</span> 
     </span>
    </p>
   </div>
   <div class='ocr_carea' id='block_1_8' title="bbox 277 1046 1851 1118">
    <p class='ocr_par' dir='ltr' id='par_1_8' title="bbox 277 1046 1851 1118">
     <span class='ocr_line' id='line_1_8' title="bbox 277 1046 1851 1118; baseline 0.002 -16"><span class='ocrx_word' id='word_1_48' title='bbox 277 1047 733 1114; x_wconf 71' lang='grc' dir='ltr'>Ἀνεξερεύνητα</span> <span class='ocrx_word' id='word_1_49' title='bbox 765 1046 875 1117; x_wconf 77' lang='grc' dir='ltr'>γὰρ</span> <span class='ocrx_word' id='word_1_50' title='bbox 901 1050 972 1101; x_wconf 84' lang='grc' dir='ltr'>τὰ</span> <span class='ocrx_word' id='word_1_51' title='bbox 1002 1051 1256 1118; x_wconf 78' lang='grc' dir='ltr'>κρίματα</span> <span class='ocrx_word' id='word_1_52' title='bbox 1287 1051 1496 1114; x_wconf 83' lang='grc' dir='ltr'>αὑτοῦ,</span> <span class='ocrx_word' id='word_1_53' title='bbox 1529 1052 1626 1105; x_wconf 80' lang='grc' dir='ltr'>καὶ</span> <span class='ocrx_word' id='word_1_54' title='bbox 1673 1051 1851 1115; x_wconf 78' lang='grc' dir='ltr'>ἀνεξ-</span> 
     </span>
    </p>
   </div>
   <div class='ocr_carea' id='block_1_9' title="bbox 265 1130 1854 1205">
    <p class='ocr_par' dir='ltr' id='par_1_9' title="bbox 265 1130 1854 1205">
     <span class='ocr_line' id='line_1_9' title="bbox 265 1130 1854 1205; baseline -0.001 -16"><span class='ocrx_word' id='word_1_55' title='bbox 265 1133 562 1202; x_wconf 78' lang='grc' dir='ltr'>ιχνίαστοι</span> <span class='ocrx_word' id='word_1_56' title='bbox 584 1134 644 1184; x_wconf 82' lang='grc' dir='ltr'>αὶ</span> <span class='ocrx_word' id='word_1_57' title='bbox 678 1130 805 1185; x_wconf 76' lang='grc' dir='ltr'>ὁδοὶ</span> <span class='ocrx_word' id='word_1_58' title='bbox 827 1132 1036 1186; x_wconf 84' lang='grc' dir='ltr'>αὑτοῦ.</span> <span class='ocrx_word' id='word_1_59' title='bbox 1059 1134 1196 1186; x_wconf 87' lang='grc' dir='ltr'>Ἀλλ’</span> <span class='ocrx_word' id='word_1_60' title='bbox 1218 1136 1369 1205; x_wconf 83' lang='grc' dir='ltr'>ὅμως</span> <span class='ocrx_word' id='word_1_61' title='bbox 1397 1136 1505 1189; x_wconf 75' lang='grc' dir='ltr'>ἀπὸ</span> <span class='ocrx_word' id='word_1_62' title='bbox 1523 1136 1631 1190; x_wconf 89' lang='grc' dir='ltr'>τῶν</span> <span class='ocrx_word' id='word_1_63' title='bbox 1657 1136 1854 1204; x_wconf 85' lang='grc' dir='ltr'>ὀλίγων</span> 
     </span>
    </p>
   </div>
   <div class='ocr_carea' id='block_1_10' title="bbox 266 1213 1852 1288">
    <p class='ocr_par' dir='ltr' id='par_1_10' title="bbox 266 1213 1852 1288">
     <span class='ocr_line' id='line_1_10' title="bbox 266 1213 1852 1288; baseline 0.001 -18"><span class='ocrx_word' id='word_1_64' title='bbox 266 1219 356 1270; x_wconf 55' lang='grc' dir='ltr'>καί⁸</span> <span class='ocrx_word' id='word_1_65' title='bbox 391 1215 521 1288; x_wconf 75' lang='grc' dir='ltr'>περὶ</span> <span class='ocrx_word' id='word_1_66' title='bbox 547 1213 641 1267; x_wconf 85' lang='grc' dir='ltr'>τοῦ</span> <span class='ocrx_word' id='word_1_67' title='bbox 665 1214 867 1278; x_wconf 78' lang='grc' dir='ltr'>παντὸς</span> <span class='ocrx_word' id='word_1_68' title='bbox 890 1217 1038 1287; x_wconf 82' lang='grc' dir='ltr'>σαφῆ</span> <span class='ocrx_word' id='word_1_69' title='bbox 1061 1220 1152 1270; x_wconf 75' lang='grc' dir='ltr'>καὶ</span> <span class='ocrx_word' id='word_1_70' title='bbox 1172 1218 1339 1288; x_wconf 82' lang='grc' dir='ltr'>δήλην</span> <span class='ocrx_word' id='word_1_71' title='bbox 1361 1218 1621 1282; x_wconf 85' lang='grc' dir='ltr'>λαϐόντες</span> <span class='ocrx_word' id='word_1_72' title='bbox 1650 1219 1852 1281; x_wconf 88' lang='grc' dir='ltr'>πίστιν,</span> 
     </span>
    </p>
   </div>
   <div class='ocr_carea' id='block_1_11' title="bbox 266 1299 1853 1377">
    <p class='ocr_par' dir='ltr' id='par_1_11' title="bbox 266 1299 1853 1377">
     <span class='ocr_line' id='line_1_11' title="bbox 266 1299 1853 1377; baseline 0.002 -22"><span class='ocrx_word' id='word_1_73' title='bbox 266 1301 400 1372; x_wconf 84' lang='grc' dir='ltr'>ὑπὲρ</span> <span class='ocrx_word' id='word_1_74' title='bbox 433 1299 687 1354; x_wconf 89' lang='grc' dir='ltr'>ἀπάντων</span> <span class='ocrx_word' id='word_1_75' title='bbox 721 1299 831 1354; x_wconf 86' lang='grc' dir='ltr'>τῶν</span> <span class='ocrx_word' id='word_1_76' title='bbox 853 1302 1197 1372; x_wconf 84' lang='grc' dir='ltr'>γιγνομένων</span> <span class='ocrx_word' id='word_1_77' title='bbox 1228 1304 1647 1377; x_wconf 82' lang='grc' dir='ltr'>εὐχαριστῶμεν</span> <span class='ocrx_word' id='word_1_78' title='bbox 1682 1305 1853 1376; x_wconf 83' lang='grc' dir='ltr'>αύτῷ.</span> 
     </span>
    </p>
   </div>
   <div class='ocr_carea' id='block_1_12' title="bbox 265 1383 1857 1460">
    <p class='ocr_par' dir='ltr' id='par_1_12' title="bbox 265 1383 1857 1460">
     <span class='ocr_line' id='line_1_12' title="bbox 265 1383 1857 1460; baseline -0.001 -20"><span class='ocrx_word' id='word_1_79' title='bbox 265 1386 372 1440; x_wconf 78' lang='lat' dir='ltr'>Kal</span> <span class='ocrx_word' id='word_1_80' title='bbox 419 1386 529 1456; x_wconf 79' lang='grc' dir='ltr'>γὰρ</span> <span class='ocrx_word' id='word_1_81' title='bbox 579 1385 673 1437; x_wconf 77' lang='grc' dir='ltr'>καὶ</span> <span class='ocrx_word' id='word_1_82' title='bbox 706 1383 894 1455; x_wconf 78' lang='grc' dir='ltr'>ἕτερός</span> <span class='ocrx_word' id='word_1_83' title='bbox 945 1387 1061 1438; x_wconf 91' lang='grc' dir='ltr'>ἐστι</span> <span class='ocrx_word' id='word_1_84' title='bbox 1115 1385 1269 1454; x_wconf 90' lang='grc' dir='ltr'>λόγος</span> <span class='ocrx_word' id='word_1_85' title='bbox 1323 1389 1716 1460; x_wconf 78' lang='grc' dir='ltr'>ἀναντίρρητος</span> <span class='ocrx_word' id='word_1_86' title='bbox 1743 1390 1857 1451; x_wconf 89' lang='grc' dir='ltr'>τοῖς</span> 
     </span>
    </p>
   </div>
   <div class='ocr_carea' id='block_1_13' title="bbox 268 1467 1852 1540">
    <p class='ocr_par' dir='ltr' id='par_1_13' title="bbox 268 1467 1852 1540">
     <span class='ocr_line' id='line_1_13' title="bbox 268 1467 1852 1540; baseline 0.001 -18"><span class='ocrx_word' id='word_1_87' title='bbox 268 1468 613 1539; x_wconf 80' lang='grc' dir='ltr'>βουλομένοις</span> <span class='ocrx_word' id='word_1_88' title='bbox 641 1467 770 1536; x_wconf 79' lang='grc' dir='ltr'>περὶ</span> <span class='ocrx_word' id='word_1_89' title='bbox 801 1469 900 1538; x_wconf 90' lang='grc' dir='ltr'>τῆς</span> <span class='ocrx_word' id='word_1_90' title='bbox 936 1468 1028 1521; x_wconf 90' lang='grc' dir='ltr'>τοῦ</span> <span class='ocrx_word' id='word_1_91' title='bbox 1056 1467 1192 1522; x_wconf 87' lang='grc' dir='ltr'>Θεοῦ</span> <span class='ocrx_word' id='word_1_92' title='bbox 1226 1473 1484 1540; x_wconf 80' lang='grc' dir='ltr'>προνοίας</span> <span class='ocrx_word' id='word_1_93' title='bbox 1518 1470 1852 1540; x_wconf 74' lang='grc' dir='ltr'>φιλοσοφεῖν.</span> 
     </span>
    </p>
   </div>
   <div class='ocr_carea' id='block_1_14' title="bbox 278 1550 1855 1626">
    <p class='ocr_par' dir='ltr' id='par_1_14' title="bbox 278 1550 1855 1626">
     <span class='ocr_line' id='line_1_14' title="bbox 278 1550 1855 1626; baseline 0.003 -22"><span class='ocrx_word' id='word_1_94' title='bbox 278 1551 567 1623; x_wconf 79' lang='grc' dir='ltr'>Ἐρώμεθα</span> <span class='ocrx_word' id='word_1_95' title='bbox 603 1550 713 1621; x_wconf 81' lang='grc' dir='ltr'>γὰρ</span> <span class='ocrx_word' id='word_1_96' title='bbox 761 1552 888 1614; x_wconf 81' lang='grc' dir='ltr'>τοῦς</span> <span class='ocrx_word' id='word_1_97' title='bbox 939 1553 1503 1626; x_wconf 75' lang='grc' dir='ltr'>ἀντιλέγοντας,τΑρα</span> <span class='ocrx_word' id='word_1_98' title='bbox 1527 1555 1642 1608; x_wconf 73' lang='grc' dir='ltr'>ἐστι</span> <span class='ocrx_word' id='word_1_99' title='bbox 1684 1555 1855 1620; x_wconf 85' lang='grc' dir='ltr'>Θεὸς;</span> 
     </span>
    </p>
   </div>
   <div class='ocr_carea' id='block_1_15' title="bbox 267 1635 1855 1711">
    <p class='ocr_par' dir='ltr' id='par_1_15' title="bbox 267 1635 1855 1711">
     <span class='ocr_line' id='line_1_15' title="bbox 267 1635 1855 1711; baseline 0.002 -22"><span class='ocrx_word' id='word_1_100' title='bbox 267 1636 368 1690; x_wconf 82' lang='grc' dir='ltr'>κάν</span> <span class='ocrx_word' id='word_1_101' title='bbox 402 1635 504 1706; x_wconf 85' lang='grc' dir='ltr'>μὲν</span> <span class='ocrx_word' id='word_1_102' title='bbox 536 1635 786 1696; x_wconf 81' lang='grc' dir='ltr'>εἴπωσιν,</span> <span class='ocrx_word' id='word_1_103' title='bbox 817 1635 899 1687; x_wconf 82' lang='grc' dir='ltr'>ὅτι</span> <span class='ocrx_word' id='word_1_104' title='bbox 934 1637 1034 1688; x_wconf 85' lang='grc' dir='ltr'>οὐκ</span> <span class='ocrx_word' id='word_1_105' title='bbox 1068 1635 1206 1702; x_wconf 80' lang='grc' dir='ltr'>ἐστι,</span> <span class='ocrx_word' id='word_1_106' title='bbox 1243 1638 1377 1708; x_wconf 84' lang='grc' dir='ltr'>μηδέ</span> <span class='ocrx_word' id='word_1_107' title='bbox 1410 1638 1855 1711; x_wconf 87' lang='grc' dir='ltr'>ἀποκρινώμεθα.</span> 
     </span>
    </p>
   </div>
   <div class='ocr_carea' id='block_1_16' title="bbox 269 1719 1857 1792">
    <p class='ocr_par' dir='ltr' id='par_1_16' title="bbox 269 1719 1857 1792">
     <span class='ocr_line' id='line_1_16' title="bbox 269 1719 1857 1792; baseline 0.001 -19"><span class='ocrx_word' id='word_1_108' title='bbox 269 1720 480 1791; x_wconf 86' lang='grc' dir='ltr'>Ὥσπερ</span> <span class='ocrx_word' id='word_1_109' title='bbox 503 1719 614 1790; x_wconf 86' lang='grc' dir='ltr'>γάρ</span> <span class='ocrx_word' id='word_1_110' title='bbox 632 1722 744 1782; x_wconf 88' lang='grc' dir='ltr'>τοῖς</span> <span class='ocrx_word' id='word_1_111' title='bbox 771 1720 1123 1790; x_wconf 81' lang='grc' dir='ltr'>μαινομένοις</span> <span class='ocrx_word' id='word_1_112' title='bbox 1145 1722 1246 1773; x_wconf 80' lang='grc' dir='ltr'>οὐκ</span> <span class='ocrx_word' id='word_1_113' title='bbox 1271 1721 1420 1786; x_wconf 84' lang='grc' dir='ltr'>ἄξιον</span> <span class='ocrx_word' id='word_1_114' title='bbox 1445 1721 1857 1792; x_wconf 88' lang='grc' dir='ltr'>ἀποκρίνεσθαι,</span> 
     </span>
    </p>
   </div>
   <div class='ocr_carea' id='block_1_17' title="bbox 267 1799 1857 1877">
    <p class='ocr_par' dir='ltr' id='par_1_17' title="bbox 267 1799 1857 1877">
     <span class='ocr_line' id='line_1_17' title="bbox 267 1799 1857 1877; baseline -0.001 -20"><span class='ocrx_word' id='word_1_115' title='bbox 267 1803 439 1868; x_wconf 80' lang='grc' dir='ltr'>οὕτως</span> <span class='ocrx_word' id='word_1_116' title='bbox 469 1802 590 1856; x_wconf 84' lang='grc' dir='ltr'>οὐδὲ</span> <span class='ocrx_word' id='word_1_117' title='bbox 616 1804 732 1866; x_wconf 88' lang='grc' dir='ltr'>τοῖς</span> <span class='ocrx_word' id='word_1_118' title='bbox 760 1801 984 1871; x_wconf 87' lang='grc' dir='ltr'>λέγουσι</span> <span class='ocrx_word' id='word_1_119' title='bbox 1009 1803 1084 1874; x_wconf 85' lang='grc' dir='ltr'>μὴ</span> <span class='ocrx_word' id='word_1_120' title='bbox 1115 1799 1256 1857; x_wconf 85' lang='grc' dir='ltr'>εἶναι</span> <span class='ocrx_word' id='word_1_121' title='bbox 1283 1805 1438 1859; x_wconf 80' lang='grc' dir='ltr'>Θεόν.</span> <span class='ocrx_word' id='word_1_122' title='bbox 1457 1807 1518 1858; x_wconf 87' lang='grc' dir='ltr'><strong>Εἰ</strong></span> <span class='ocrx_word' id='word_1_123' title='bbox 1539 1806 1648 1877; x_wconf 80' lang='grc' dir='ltr'>γὰρ</span> <span class='ocrx_word' id='word_1_124' title='bbox 1675 1805 1857 1858; x_wconf 83' lang='grc' dir='ltr'>πλοῖον</span> 
     </span>
    </p>
   </div>
   <div class='ocr_carea' id='block_1_18' title="bbox 267 1885 1860 1956">
    <p class='ocr_par' dir='ltr' id='par_1_18' title="bbox 267 1885 1860 1956">
     <span class='ocr_line' id='line_1_18' title="bbox 267 1885 1860 1956; baseline 0 -16"><span class='ocrx_word' id='word_1_125' title='bbox 267 1887 479 1954; x_wconf 80' lang='grc' dir='ltr'>ὀλίγους</span> <span class='ocrx_word' id='word_1_126' title='bbox 525 1885 724 1950; x_wconf 82' lang='grc' dir='ltr'>ναύτας</span> <span class='ocrx_word' id='word_1_127' title='bbox 771 1885 894 1956; x_wconf 75' lang='grc' dir='ltr'>ἔχον</span> <span class='ocrx_word' id='word_1_128' title='bbox 941 1886 1037 1939; x_wconf 78' lang='grc' dir='ltr'>καὶ</span> <span class='ocrx_word' id='word_1_129' title='bbox 1081 1887 1368 1954; x_wconf 87' lang='grc' dir='ltr'>ἐπιϐάτας,</span> <span class='ocrx_word' id='word_1_130' title='bbox 1399 1889 1501 1942; x_wconf 82' lang='grc' dir='ltr'>ούκ</span> <span class='ocrx_word' id='word_1_131' title='bbox 1547 1890 1613 1942; x_wconf 88' lang='grc' dir='ltr'>ἃν</span> <span class='ocrx_word' id='word_1_132' title='bbox 1651 1888 1770 1942; x_wconf 86' lang='grc' dir='ltr'>ούδέ</span> <span class='ocrx_word' id='word_1_133' title='bbox 1803 1888 1860 1940; x_wconf 83' lang='grc' dir='ltr'>ἐν</span> 
     </span>
    </p>
   </div>
   <div class='ocr_carea' id='block_1_19' title="bbox 269 1969 1860 2044">
    <p class='ocr_par' dir='ltr' id='par_1_19' title="bbox 269 1969 1860 2044">
     <span class='ocr_line' id='line_1_19' title="bbox 269 1969 1860 2044; baseline -0.001 -19"><span class='ocrx_word' id='word_1_134' title='bbox 269 1972 481 2025; x_wconf 89' lang='grc' dir='ltr'>στάδιον</span> <span class='ocrx_word' id='word_1_135' title='bbox 527 1969 818 2041; x_wconf 87' lang='grc' dir='ltr'>διασωθείη</span> <span class='ocrx_word' id='word_1_136' title='bbox 853 1971 1023 2042; x_wconf 72' lang='grc' dir='ltr'>χωρὶς</span> <span class='ocrx_word' id='word_1_137' title='bbox 1054 1970 1156 2040; x_wconf 80' lang='grc' dir='ltr'>τῆς</span> <span class='ocrx_word' id='word_1_138' title='bbox 1186 1971 1536 2044; x_wconf 87' lang='grc' dir='ltr'>κυϐερνώσης</span> <span class='ocrx_word' id='word_1_139' title='bbox 1570 1971 1701 2025; x_wconf 86' lang='grc' dir='ltr'>αὐτὸ</span> <span class='ocrx_word' id='word_1_140' title='bbox 1747 1989 1860 2042; x_wconf 81' lang='grc' dir='ltr'>χει-</span> 
     </span>
    </p>
   </div>
   <div class='ocr_carea' id='block_1_20' title="bbox 271 2053 1864 2128">
    <p class='ocr_par' dir='ltr' id='par_1_20' title="bbox 271 2053 1864 2128">
     <span class='ocr_line' id='line_1_20' title="bbox 271 2053 1864 2128; baseline 0.002 -21"><span class='ocrx_word' id='word_1_141' title='bbox 271 2056 382 2128; x_wconf 82' lang='grc' dir='ltr'>ρὺς,</span> <span class='ocrx_word' id='word_1_142' title='bbox 411 2053 596 2125; x_wconf 83' lang='grc' dir='ltr'>πολλῷ</span> <span class='ocrx_word' id='word_1_143' title='bbox 641 2053 842 2125; x_wconf 84' lang='grc' dir='ltr'>μᾶλλον</span> <span class='ocrx_word' id='word_1_144' title='bbox 890 2054 1094 2124; x_wconf 90' lang='grc' dir='ltr'>κόσμος</span> <span class='ocrx_word' id='word_1_145' title='bbox 1129 2053 1282 2126; x_wconf 76' lang='grc'>[260]</span> <span class='ocrx_word' id='word_1_146' title='bbox 1318 2055 1592 2118; x_wconf 85' lang='grc' dir='ltr'>τοσοῦτος,</span> <span class='ocrx_word' id='word_1_147' title='bbox 1624 2056 1864 2110; x_wconf 89' lang='grc' dir='ltr'>τοσαῦτα</span> 
     </span>
    </p>
   </div>
   <div class='ocr_carea' id='block_1_21' title="bbox 273 2137 1864 2210">
    <p class='ocr_par' dir='ltr' id='par_1_21' title="bbox 273 2137 1864 2210">
     <span class='ocr_line' id='line_1_21' title="bbox 273 2137 1864 2210; baseline 0 -18"><span class='ocrx_word' id='word_1_148' title='bbox 273 2137 500 2208; x_wconf 86' lang='grc' dir='ltr'>σώματα</span> <span class='ocrx_word' id='word_1_149' title='bbox 523 2137 660 2208; x_wconf 78' lang='grc' dir='ltr'>ἔχων</span> <span class='ocrx_word' id='word_1_150' title='bbox 687 2139 744 2190; x_wconf 84' lang='grc' dir='ltr'>ἐν</span> <span class='ocrx_word' id='word_1_151' title='bbox 772 2137 950 2208; x_wconf 86' lang='grc' dir='ltr'>ἐαυτῷ</span> <span class='ocrx_word' id='word_1_152' title='bbox 975 2139 1039 2190; x_wconf 88' lang='grc' dir='ltr'>ἐκ</span> <span class='ocrx_word' id='word_1_153' title='bbox 1062 2137 1336 2210; x_wconf 81' lang='grc' dir='ltr'>διαφόρων</span> <span class='ocrx_word' id='word_1_154' title='bbox 1361 2140 1694 2209; x_wconf 79' lang='grc' dir='ltr'>συγκείμενα</span> <span class='ocrx_word' id='word_1_155' title='bbox 1724 2156 1864 2192; x_wconf 86' lang='grc' dir='ltr'>στοι-</span> 
     </span>
    </p>
   </div>
   <div class='ocr_carea' id='block_1_22' title="bbox 271 2220 1865 2294">
    <p class='ocr_par' dir='ltr' id='par_1_22' title="bbox 271 2220 1865 2294">
     <span class='ocr_line' id='line_1_22' title="bbox 271 2220 1865 2294; baseline 0 -20"><span class='ocrx_word' id='word_1_156' title='bbox 271 2221 454 2293; x_wconf 84' lang='grc' dir='ltr'>χείων,</span> <span class='ocrx_word' id='word_1_157' title='bbox 490 2223 584 2275; x_wconf 72' lang='grc' dir='ltr'>ἐπὶ</span> <span class='ocrx_word' id='word_1_158' title='bbox 613 2220 868 2276; x_wconf 89' lang='grc' dir='ltr'>τοσοῦτον</span> <span class='ocrx_word' id='word_1_159' title='bbox 900 2221 1093 2294; x_wconf 87' lang='grc' dir='ltr'>χρόνον</span> <span class='ocrx_word' id='word_1_160' title='bbox 1122 2223 1222 2275; x_wconf 83' lang='grc' dir='ltr'>οὐκ</span> <span class='ocrx_word' id='word_1_161' title='bbox 1250 2221 1316 2276; x_wconf 82' lang='grc' dir='ltr'>ἂν</span> <span class='ocrx_word' id='word_1_162' title='bbox 1348 2223 1656 2293; x_wconf 83' lang='grc' dir='ltr'>διήρκεσεν,</span> <span class='ocrx_word' id='word_1_163' title='bbox 1689 2225 1736 2275; x_wconf 86' lang='grc' dir='ltr'>εἰ</span> <span class='ocrx_word' id='word_1_164' title='bbox 1790 2222 1865 2294; x_wconf 80' lang='grc' dir='ltr'>μὴ</span> 
     </span>
    </p>
   </div>
   <div class='ocr_carea' id='block_1_23' title="bbox 273 2301 1865 2378">
    <p class='ocr_par' dir='ltr' id='par_1_23' title="bbox 273 2301 1865 2378">
     <span class='ocr_line' id='line_1_23' title="bbox 273 2301 1865 2378; baseline 0.001 -20"><span class='ocrx_word' id='word_1_165' title='bbox 273 2306 495 2372; x_wconf 79' lang='grc' dir='ltr'>πρόνοια</span> <span class='ocrx_word' id='word_1_166' title='bbox 535 2301 604 2376; x_wconf 82' lang='grc' dir='ltr'>ἦν</span> <span class='ocrx_word' id='word_1_167' title='bbox 652 2323 736 2369; x_wconf 89' lang='grc' dir='ltr'>τις</span> <span class='ocrx_word' id='word_1_168' title='bbox 783 2305 1095 2374; x_wconf 80' lang='grc' dir='ltr'>ἐφεστῶσά,</span> <span class='ocrx_word' id='word_1_169' title='bbox 1134 2307 1227 2359; x_wconf 72' lang='grc' dir='ltr'>καὶ</span> <span class='ocrx_word' id='word_1_170' title='bbox 1256 2307 1374 2360; x_wconf 87' lang='grc' dir='ltr'>τόδε</span> <span class='ocrx_word' id='word_1_171' title='bbox 1405 2308 1464 2360; x_wconf 75' lang='grc' dir='ltr'>τὸ</span> <span class='ocrx_word' id='word_1_172' title='bbox 1492 2309 1599 2360; x_wconf 78' lang='grc' dir='ltr'>πᾶν</span> <span class='ocrx_word' id='word_1_173' title='bbox 1628 2324 1865 2378; x_wconf 85' lang='grc' dir='ltr'>συγκρα-</span> 
     </span>
    </p>
   </div>
   <div class='ocr_carea' id='block_1_24' title="bbox 271 2390 1866 2461">
    <p class='ocr_par' dir='ltr' id='par_1_24' title="bbox 271 2390 1866 2461">
     <span class='ocr_line' id='line_1_24' title="bbox 271 2390 1866 2461; baseline 0.001 -21"><span class='ocrx_word' id='word_1_174' title='bbox 271 2390 437 2442; x_wconf 87' lang='grc' dir='ltr'>τοῦσα</span> <span class='ocrx_word' id='word_1_175' title='bbox 468 2390 565 2443; x_wconf 74' lang='grc' dir='ltr'>καὶ</span> <span class='ocrx_word' id='word_1_176' title='bbox 600 2390 900 2460; x_wconf 83' lang='grc' dir='ltr'>συνέχουσα</span> <span class='ocrx_word' id='word_1_177' title='bbox 929 2390 1218 2460; x_wconf 83' lang='grc' dir='ltr'>διηνεκῶς.</span> <span class='ocrx_word' id='word_1_178' title='bbox 1239 2392 1337 2443; x_wconf 81' lang='grc' dir='ltr'>Ἂν</span> <span class='ocrx_word' id='word_1_179' title='bbox 1381 2391 1438 2443; x_wconf 84' lang='grc' dir='ltr'>δὲ</span> <span class='ocrx_word' id='word_1_180' title='bbox 1486 2390 1866 2461; x_wconf 78' lang='grc' dir='ltr'>αἰσχυνθέντες</span> 
     </span>
    </p>
   </div>
   <div class='ocr_carea' id='block_1_25' title="bbox 271 2473 1865 2544">
    <p class='ocr_par' dir='ltr' id='par_1_25' title="bbox 271 2473 1865 2544">
     <span class='ocr_line' id='line_1_25' title="bbox 271 2473 1865 2544; baseline 0.002 -20"><span class='ocrx_word' id='word_1_181' title='bbox 271 2473 368 2543; x_wconf 78' lang='grc' dir='ltr'>τὴν</span> <span class='ocrx_word' id='word_1_182' title='bbox 393 2473 580 2543; x_wconf 82' lang='grc' dir='ltr'>κοινὴν</span> <span class='ocrx_word' id='word_1_183' title='bbox 603 2473 861 2526; x_wconf 84' lang='grc' dir='ltr'>ἁπάντων</span> <span class='ocrx_word' id='word_1_184' title='bbox 886 2473 1067 2544; x_wconf 73' lang='grc' dir='ltr'>ψῆφον</span> <span class='ocrx_word' id='word_1_185' title='bbox 1094 2476 1189 2527; x_wconf 74' lang='grc' dir='ltr'>καὶ</span> <span class='ocrx_word' id='word_1_186' title='bbox 1210 2475 1310 2544; x_wconf 74' lang='grc' dir='ltr'>τὴν</span> <span class='ocrx_word' id='word_1_187' title='bbox 1340 2475 1448 2527; x_wconf 77' lang='grc' dir='ltr'>ἀπὸ</span> <span class='ocrx_word' id='word_1_188' title='bbox 1472 2474 1582 2526; x_wconf 87' lang='grc' dir='ltr'>τῶν</span> <span class='ocrx_word' id='word_1_189' title='bbox 1609 2475 1865 2544; x_wconf 85' lang='grc' dir='ltr'>πραγμά-</span> 
     </span>
    </p>
   </div>
   <div class='ocr_carea' id='block_1_26' title="bbox 1367 2692 1700 2701">
    <p class='ocr_par' dir='ltr' id='par_1_26' title="bbox 1367 2692 1700 2701">
     <span class='ocr_line' id='line_1_26' title="bbox 1367 2692 1700 2701; baseline 0.006 -2"><span class='ocrx_word' id='word_1_190' title='bbox 1367 2692 1700 2701; x_wconf 66' lang='lat'>-__—_.._..—_-</span> 
     </span>
    </p>
   </div>
   <div class='ocr_carea' id='block_1_27' title="bbox 1267 425 2562 492">
    <p class='ocr_par' dir='ltr' id='par_1_27' title="bbox 1267 425 2562 492">
     <span class='ocr_line' id='line_1_27' title="bbox 1267 425 2562 492; baseline 0.008 -10"><span class='ocrx_word' id='word_1_191' title='bbox 1267 425 1354 484; x_wconf 83' lang='lat' dir='ltr'><strong>DE</strong></span> <span class='ocrx_word' id='word_1_192' title='bbox 1395 430 1689 487; x_wconf 86' lang='lat' dir='ltr'>DIABOLO</span> <span class='ocrx_word' id='word_1_193' title='bbox 1727 429 2167 488; x_wconf 75' lang='grc' dir='ltr'>ἸΕΝΤΑΤΟΒΕ.</span> <span class='ocrx_word' id='word_1_194' title='bbox 2214 433 2452 492; x_wconf 61' lang='lat' dir='ltr'>II‘OMIL.</span> <span class='ocrx_word' id='word_1_195' title='bbox 2494 435 2562 492; x_wconf 82' lang='grc' dir='ltr'>Ῑῐ.</span> 
     </span>
    </p>
   </div>
   <div class='ocr_carea' id='block_1_28' title="bbox 3443 439 3550 496">
    <p class='ocr_par' dir='ltr' id='par_1_28' title="bbox 3443 439 3550 496">
     <span class='ocr_line' id='line_1_28' title="bbox 3443 439 3550 496; baseline 0 0"><span class='ocrx_word' id='word_1_196' title='bbox 3443 439 3550 496; x_wconf 70' lang='lat'>258</span> 
     </span>
    </p>
   </div>
   <div class='ocr_carea' id='block_1_29' title="bbox 1949 545 3553 624">
    <p class='ocr_par' dir='ltr' id='par_1_29' title="bbox 1949 545 3553 624">
     <span class='ocr_line' id='line_1_29' title="bbox 1949 545 3553 624; baseline 0.002 -25"><span class='ocrx_word' id='word_1_197' title='bbox 1949 565 2056 602; x_wconf 91' lang='grc' dir='ltr'>των</span> <span class='ocrx_word' id='word_1_198' title='bbox 2088 554 2305 624; x_wconf 89' lang='grc' dir='ltr'>πεῖραν,</span> <span class='ocrx_word' id='word_1_199' title='bbox 2340 551 2751 624; x_wconf 80' lang='grc' dir='ltr'>ὁμολογήσωσιν</span> <span class='ocrx_word' id='word_1_200' title='bbox 2782 547 2921 606; x_wconf 75' lang='grc' dir='ltr'>εἶναι</span> <span class='ocrx_word' id='word_1_201' title='bbox 2941 563 2966 591; x_wconf 75' lang='grc' dir='ltr'>α</span> <span class='ocrx_word' id='word_1_202' title='bbox 3001 549 3157 612; x_wconf 77' lang='grc' dir='ltr'>Θεὸν,</span> <span class='ocrx_word' id='word_1_203' title='bbox 3185 549 3360 601; x_wconf 78' lang='grc' dir='ltr'>ἐκεῖνο</span> <span class='ocrx_word' id='word_1_204' title='bbox 3377 545 3553 617; x_wconf 73' lang='grc' dir='ltr'>λέγω·</span> 
     </span>
    </p>
   </div>
   <div class='ocr_carea' id='block_1_30' title="bbox 1953 629 3552 707">
    <p class='ocr_par' dir='ltr' id='par_1_30' title="bbox 1953 629 3552 707">
     <span class='ocr_line' id='line_1_30' title="bbox 1953 629 3552 707; baseline -0.002 -21"><span class='ocrx_word' id='word_1_205' title='bbox 1953 651 2052 703; x_wconf 91' lang='grc' dir='ltr'>μεν</span> <span class='ocrx_word' id='word_1_206' title='bbox 2086 636 2224 707; x_wconf 84' lang='grc' dir='ltr'>πρὸς</span> <span class='ocrx_word' id='word_1_207' title='bbox 2257 635 2474 700; x_wconf 80' lang='grc' dir='ltr'>αὐτοὺς,</span> <span class='ocrx_word' id='word_1_208' title='bbox 2505 637 2587 689; x_wconf 81' lang='grc' dir='ltr'>ὅτι</span> <span class='ocrx_word' id='word_1_209' title='bbox 2619 637 2670 688; x_wconf 86' lang='grc' dir='ltr'>εἰ</span> <span class='ocrx_word' id='word_1_210' title='bbox 2705 635 2852 688; x_wconf 76' lang='grc' dir='ltr'>ἐστιν</span> <span class='ocrx_word' id='word_1_211' title='bbox 2883 636 2912 686; x_wconf 88' lang='grc' dir='ltr'>ὀ</span> <span class='ocrx_word' id='word_1_212' title='bbox 2937 633 3092 696; x_wconf 80' lang='grc' dir='ltr'>Θεὸς,</span> <span class='ocrx_word' id='word_1_213' title='bbox 3121 633 3312 703; x_wconf 83' lang='grc' dir='ltr'>ὥσπερ</span> <span class='ocrx_word' id='word_1_214' title='bbox 3338 629 3429 684; x_wconf 80' lang='grc' dir='ltr'>οὖν</span> <span class='ocrx_word' id='word_1_215' title='bbox 3459 633 3552 684; x_wconf 74' lang='grc' dir='ltr'>καὶ</span> 
     </span>
    </p>
   </div>
   <div class='ocr_carea' id='block_1_31' title="bbox 1949 715 3552 786">
    <p class='ocr_par' dir='ltr' id='par_1_31' title="bbox 1949 715 3552 786">
     <span class='ocr_line' id='line_1_31' title="bbox 1949 715 3552 786; baseline -0.002 -16"><span class='ocrx_word' id='word_1_216' title='bbox 1949 717 2120 783; x_wconf 82' lang='grc' dir='ltr'>ἐστιν,</span> <span class='ocrx_word' id='word_1_217' title='bbox 2151 719 2448 773; x_wconf 78' lang='grc' dir='ltr'>ἀκόλουθον</span> <span class='ocrx_word' id='word_1_218' title='bbox 2475 716 2614 772; x_wconf 79' lang='grc' dir='ltr'>εἰναι</span> <span class='ocrx_word' id='word_1_219' title='bbox 2651 721 2746 772; x_wconf 74' lang='grc' dir='ltr'>καὶ</span> <span class='ocrx_word' id='word_1_220' title='bbox 2774 718 2983 771; x_wconf 86' lang='grc' dir='ltr'>δίκαιον</span> <span class='ocrx_word' id='word_1_221' title='bbox 3005 735 3016 746; x_wconf 90' lang='grc'>·</span> <span class='ocrx_word' id='word_1_222' title='bbox 3052 717 3102 768; x_wconf 87' lang='grc' dir='ltr'>εἰ</span> <span class='ocrx_word' id='word_1_223' title='bbox 3147 715 3261 786; x_wconf 83' lang='grc' dir='ltr'>γὰρ</span> <span class='ocrx_word' id='word_1_224' title='bbox 3310 715 3390 785; x_wconf 84' lang='grc' dir='ltr'>μή</span> <span class='ocrx_word' id='word_1_225' title='bbox 3435 717 3552 768; x_wconf 88' lang='grc' dir='ltr'>ἐστι</span> 
     </span>
    </p>
   </div>
   <div class='ocr_carea' id='block_1_32' title="bbox 1950 797 3554 868">
    <p class='ocr_par' dir='ltr' id='par_1_32' title="bbox 1950 797 3554 868">
     <span class='ocr_line' id='line_1_32' title="bbox 1950 797 3554 868; baseline -0.002 -15"><span class='ocrx_word' id='word_1_226' title='bbox 1950 800 2178 868; x_wconf 83' lang='grc' dir='ltr'>δίκαιος,</span> <span class='ocrx_word' id='word_1_227' title='bbox 2209 801 2332 855; x_wconf 69' lang='grc' dir='ltr'>οὒτε</span> <span class='ocrx_word' id='word_1_228' title='bbox 2367 803 2498 866; x_wconf 84' lang='grc' dir='ltr'>Θεός</span> <span class='ocrx_word' id='word_1_229' title='bbox 2527 805 2676 854; x_wconf 88' lang='grc' dir='ltr'>ἐστιν</span> <span class='ocrx_word' id='word_1_230' title='bbox 2697 817 2710 831; x_wconf 89' lang='grc'>·</span> <span class='ocrx_word' id='word_1_231' title='bbox 2740 803 2788 854; x_wconf 88' lang='grc' dir='ltr'>εί</span> <span class='ocrx_word' id='word_1_232' title='bbox 2811 801 2866 855; x_wconf 86' lang='grc' dir='ltr'>δὲ</span> <span class='ocrx_word' id='word_1_233' title='bbox 2898 799 3108 862; x_wconf 86' lang='grc' dir='ltr'>δίκαιός</span> <span class='ocrx_word' id='word_1_234' title='bbox 3131 799 3301 860; x_wconf 88' lang='grc' dir='ltr'>ἐστιν,</span> <span class='ocrx_word' id='word_1_235' title='bbox 3336 797 3554 868; x_wconf 78' lang='grc' dir='ltr'>ἑκάστῳ</span> 
     </span>
    </p>
   </div>
   <div class='ocr_carea' id='block_1_33' title="bbox 1952 881 3552 954">
    <p class='ocr_par' dir='ltr' id='par_1_33' title="bbox 1952 881 3552 954">
     <span class='ocr_line' id='line_1_33' title="bbox 1952 881 3552 954; baseline -0.003 -16"><span class='ocrx_word' id='word_1_236' title='bbox 1952 886 2021 938; x_wconf 84' lang='grc' dir='ltr'>τὰ</span> <span class='ocrx_word' id='word_1_237' title='bbox 2070 887 2192 939; x_wconf 87' lang='grc' dir='ltr'>κατ’</span> <span class='ocrx_word' id='word_1_238' title='bbox 2219 885 2380 950; x_wconf 80' lang='grc' dir='ltr'>ἀξίαν</span> <span class='ocrx_word' id='word_1_239' title='bbox 2427 885 2772 939; x_wconf 87' lang='grc' dir='ltr'>ἀποδίδωσιν.</span> <span class='ocrx_word' id='word_1_240' title='bbox 2792 885 2931 938; x_wconf 80' lang='grc' dir='ltr'>Ἀλλ’</span> <span class='ocrx_word' id='word_1_241' title='bbox 2963 883 3183 954; x_wconf 84' lang='grc' dir='ltr'>ὁρῶμεν</span> <span class='ocrx_word' id='word_1_242' title='bbox 3227 883 3289 935; x_wconf 89' lang='grc' dir='ltr'>ού</span> <span class='ocrx_word' id='word_1_243' title='bbox 3344 881 3552 944; x_wconf 89' lang='grc' dir='ltr'>πάντας</span> 
     </span>
    </p>
   </div>
   <div class='ocr_carea' id='block_1_34' title="bbox 1956 964 3552 1039">
    <p class='ocr_par' dir='ltr' id='par_1_34' title="bbox 1956 964 3552 1039">
     <span class='ocr_line' id='line_1_34' title="bbox 1956 964 3552 1039; baseline -0.003 -17"><span class='ocrx_word' id='word_1_244' title='bbox 1956 968 2192 1023; x_wconf 87' lang='grc' dir='ltr'>ἐνταῦθα</span> <span class='ocrx_word' id='word_1_245' title='bbox 2222 971 2341 1022; x_wconf 87' lang='grc' dir='ltr'>κατ’</span> <span class='ocrx_word' id='word_1_246' title='bbox 2366 969 2525 1036; x_wconf 81' lang='grc' dir='ltr'>ἀξίαν</span> <span class='ocrx_word' id='word_1_247' title='bbox 2554 967 3044 1039; x_wconf 83' lang='grc' dir='ltr'>ἀπολαμϐάνοντας</span> <span class='ocrx_word' id='word_1_248' title='bbox 3066 985 3077 996; x_wconf 94' lang='grc'>·</span> <span class='ocrx_word' id='word_1_249' title='bbox 3109 964 3310 1018; x_wconf 82' lang='grc' dir='ltr'>οὐκοῦν</span> <span class='ocrx_word' id='word_1_250' title='bbox 3337 965 3552 1035; x_wconf 83' lang='grc' dir='ltr'>ἀνάγκη</span> 
     </span>
    </p>
   </div>
   <div class='ocr_carea' id='block_1_35' title="bbox 1954 1048 3555 1123">
    <p class='ocr_par' dir='ltr' id='par_1_35' title="bbox 1954 1048 3555 1123">
     <span class='ocr_line' id='line_1_35' title="bbox 1954 1048 3555 1123; baseline -0.002 -19"><span class='ocrx_word' id='word_1_251' title='bbox 1954 1054 2077 1106; x_wconf 86' lang='grc' dir='ltr'>τινά</span> <span class='ocrx_word' id='word_1_252' title='bbox 2108 1052 2326 1106; x_wconf 76' lang='grc' dir='ltr'>ἐλπίσαι</span> <span class='ocrx_word' id='word_1_253' title='bbox 2377 1053 2572 1123; x_wconf 83' lang='grc' dir='ltr'>ἑτέραν</span> <span class='ocrx_word' id='word_1_254' title='bbox 2606 1053 2979 1122; x_wconf 82' lang='grc' dir='ltr'>ἀποκειμένην</span> <span class='ocrx_word' id='word_1_255' title='bbox 3011 1049 3268 1120; x_wconf 83' lang='grc' dir='ltr'>ἀμοιϐὴν,</span> <span class='ocrx_word' id='word_1_256' title='bbox 3303 1049 3391 1101; x_wconf 85' lang='grc' dir='ltr'>ἵνα</span> <span class='ocrx_word' id='word_1_257' title='bbox 3425 1048 3555 1101; x_wconf 83' lang='grc' dir='ltr'>ἐκά-</span> 
     </span>
    </p>
   </div>
   <div class='ocr_carea' id='block_1_36' title="bbox 1960 1131 3554 1204">
    <p class='ocr_par' dir='ltr' id='par_1_36' title="bbox 1960 1131 3554 1204">
     <span class='ocr_line' id='line_1_36' title="bbox 1960 1131 3554 1204; baseline -0.003 -15"><span class='ocrx_word' id='word_1_258' title='bbox 1960 1154 2088 1190; x_wconf 90' lang='grc' dir='ltr'>στου</span> <span class='ocrx_word' id='word_1_259' title='bbox 2138 1137 2206 1189; x_wconf 88' lang='grc' dir='ltr'>τά</span> <span class='ocrx_word' id='word_1_260' title='bbox 2255 1139 2376 1189; x_wconf 86' lang='grc' dir='ltr'>κατ’</span> <span class='ocrx_word' id='word_1_261' title='bbox 2413 1137 2571 1202; x_wconf 81' lang='grc' dir='ltr'>ἀξίαν</span> <span class='ocrx_word' id='word_1_262' title='bbox 2603 1135 2990 1198; x_wconf 86' lang='grc' dir='ltr'>ἀπολαϐόντος,</span> <span class='ocrx_word' id='word_1_263' title='bbox 3022 1135 3164 1204; x_wconf 77' lang='grc' dir='ltr'>φανῇ</span> <span class='ocrx_word' id='word_1_264' title='bbox 3189 1131 3284 1185; x_wconf 87' lang='grc' dir='ltr'>τοῦ</span> <span class='ocrx_word' id='word_1_265' title='bbox 3315 1131 3452 1184; x_wconf 88' lang='grc' dir='ltr'>Θεοῦ</span> <span class='ocrx_word' id='word_1_266' title='bbox 3494 1133 3554 1184; x_wconf 81' lang='grc' dir='ltr'>τὸ</span> 
     </span>
    </p>
   </div>
   <div class='ocr_carea' id='block_1_37' title="bbox 1957 1215 3556 1290">
    <p class='ocr_par' dir='ltr' id='par_1_37' title="bbox 1957 1215 3556 1290">
     <span class='ocr_line' id='line_1_37' title="bbox 1957 1215 3556 1290; baseline -0.005 -16"><span class='ocrx_word' id='word_1_267' title='bbox 1957 1221 2185 1274; x_wconf 88' lang='grc' dir='ltr'>δίκαιον.</span> <span class='ocrx_word' id='word_1_268' title='bbox 2216 1215 2386 1283; x_wconf 69' lang='grc' dir='ltr'>Οὗτος</span> <span class='ocrx_word' id='word_1_269' title='bbox 2439 1221 2542 1290; x_wconf 81' lang='grc' dir='ltr'>γὰρ</span> <span class='ocrx_word' id='word_1_270' title='bbox 2574 1221 2602 1272; x_wconf 87' lang='grc' dir='ltr'>ὁ</span> <span class='ocrx_word' id='word_1_271' title='bbox 2637 1219 2815 1287; x_wconf 89' lang='grc' dir='ltr'>λόγος,</span> <span class='ocrx_word' id='word_1_272' title='bbox 2861 1221 2922 1272; x_wconf 85' lang='grc' dir='ltr'>ού</span> <span class='ocrx_word' id='word_1_273' title='bbox 2968 1218 3066 1288; x_wconf 80' lang='grc' dir='ltr'>τὴν</span> <span class='ocrx_word' id='word_1_274' title='bbox 3122 1217 3253 1286; x_wconf 70' lang='grc' dir='ltr'>περὶ</span> <span class='ocrx_word' id='word_1_275' title='bbox 3297 1215 3556 1285; x_wconf 87' lang='grc' dir='ltr'>προνοίας</span> 
     </span>
    </p>
   </div>
   <div class='ocr_carea' id='block_1_38' title="bbox 1963 1299 3554 1376">
    <p class='ocr_par' dir='ltr' id='par_1_38' title="bbox 1963 1299 3554 1376">
     <span class='ocr_line' id='line_1_38' title="bbox 1963 1299 3554 1376; baseline -0.004 -19"><span class='ocrx_word' id='word_1_276' title='bbox 1963 1305 2143 1375; x_wconf 89' lang='grc' dir='ltr'>μόνον,</span> <span class='ocrx_word' id='word_1_277' title='bbox 2169 1304 2308 1358; x_wconf 87' lang='grc' dir='ltr'>ἀλλά</span> <span class='ocrx_word' id='word_1_278' title='bbox 2339 1304 2433 1356; x_wconf 75' lang='grc' dir='ltr'>καὶ</span> <span class='ocrx_word' id='word_1_279' title='bbox 2458 1304 2556 1374; x_wconf 79' lang='grc' dir='ltr'>τὴν</span> <span class='ocrx_word' id='word_1_280' title='bbox 2588 1305 2716 1376; x_wconf 72' lang='grc' dir='ltr'>περὶ</span> <span class='ocrx_word' id='word_1_281' title='bbox 2742 1303 3093 1364; x_wconf 80' lang='grc' dir='ltr'>ἀναστάσεως</span> <span class='ocrx_word' id='word_1_282' title='bbox 3118 1299 3427 1366; x_wconf 83' lang='grc' dir='ltr'>συνεισάγει</span> <span class='ocrx_word' id='word_1_283' title='bbox 3465 1315 3554 1366; x_wconf 86' lang='grc' dir='ltr'>φι-</span> 
     </span>
    </p>
   </div>
   <div class='ocr_carea' id='block_1_39' title="bbox 1959 1381 3557 1458">
    <p class='ocr_par' dir='ltr' id='par_1_39' title="bbox 1959 1381 3557 1458">
     <span class='ocr_line' id='line_1_39' title="bbox 1959 1381 3557 1458; baseline -0.004 -19"><span class='ocrx_word' id='word_1_284' title='bbox 1959 1387 2216 1457; x_wconf 81' lang='grc' dir='ltr'>λοσοφίαν</span> <span class='ocrx_word' id='word_1_285' title='bbox 2247 1389 2394 1458; x_wconf 71' lang='grc' dir='ltr'>ἡμῖν⁸</span> <span class='ocrx_word' id='word_1_286' title='bbox 2427 1385 2612 1441; x_wconf 86' lang='grc' dir='ltr'>Ταῦτα</span> <span class='ocrx_word' id='word_1_287' title='bbox 2639 1387 2818 1439; x_wconf 84' lang='grc' dir='ltr'>τοίνυν</span> <span class='ocrx_word' id='word_1_288' title='bbox 2847 1385 3068 1447; x_wconf 84' lang='grc' dir='ltr'>εἰδότες,</span> <span class='ocrx_word' id='word_1_289' title='bbox 3097 1385 3190 1436; x_wconf 73' lang='grc' dir='ltr'>καὶ</span> <span class='ocrx_word' id='word_1_290' title='bbox 3223 1384 3376 1435; x_wconf 83' lang='grc' dir='ltr'>αύτοί</span> <span class='ocrx_word' id='word_1_291' title='bbox 3401 1381 3557 1452; x_wconf 87' lang='grc' dir='ltr'>μελε-</span> 
     </span>
    </p>
   </div>
   <div class='ocr_carea' id='block_1_40' title="bbox 1959 1465 3556 1543">
    <p class='ocr_par' dir='ltr' id='par_1_40' title="bbox 1959 1465 3556 1543">
     <span class='ocr_line' id='line_1_40' title="bbox 1959 1465 3556 1543; baseline -0.006 -18"><span class='ocrx_word' id='word_1_292' title='bbox 1959 1472 2143 1543; x_wconf 89' lang='grc' dir='ltr'>τῶμεν</span> <span class='ocrx_word' id='word_1_293' title='bbox 2171 1471 2240 1524; x_wconf 85' lang='grc' dir='ltr'>τὰ</span> <span class='ocrx_word' id='word_1_294' title='bbox 2268 1489 2336 1525; x_wconf 91' lang='grc' dir='ltr'>πε</span> <span class='ocrx_word' id='word_1_295' title='bbox 2347 1473 2399 1542; x_wconf 84' lang='lat' dir='ltr'><strong>pl</strong></span> <span class='ocrx_word' id='word_1_296' title='bbox 2423 1471 2680 1543; x_wconf 90' lang='grc' dir='ltr'>προνοίας</span> <span class='ocrx_word' id='word_1_297' title='bbox 2706 1471 2801 1524; x_wconf 72' lang='grc' dir='ltr'>καὶ</span> <span class='ocrx_word' id='word_1_298' title='bbox 2825 1469 3198 1530; x_wconf 88' lang='grc' dir='ltr'>ἀναστάσεως,</span> <span class='ocrx_word' id='word_1_299' title='bbox 3219 1467 3313 1520; x_wconf 78' lang='grc' dir='ltr'>καὶ</span> <span class='ocrx_word' id='word_1_300' title='bbox 3335 1465 3556 1536; x_wconf 80' lang='grc' dir='ltr'>ἐτέρους</span> 
     </span>
    </p>
   </div>
   <div class='ocr_carea' id='block_1_41' title="bbox 1961 1549 3557 1626">
    <p class='ocr_par' dir='ltr' id='par_1_41' title="bbox 1961 1549 3557 1626">
     <span class='ocr_line' id='line_1_41' title="bbox 1961 1549 3557 1626; baseline -0.006 -18"><span class='ocrx_word' id='word_1_301' title='bbox 1961 1555 2322 1626; x_wconf 84' lang='grc' dir='ltr'>διδάσκωμεν,</span> <span class='ocrx_word' id='word_1_302' title='bbox 2359 1555 2456 1608; x_wconf 81' lang='grc' dir='ltr'>καὶ</span> <span class='ocrx_word' id='word_1_303' title='bbox 2491 1553 2730 1624; x_wconf 82' lang='grc' dir='ltr'>σπουδὴν</span> <span class='ocrx_word' id='word_1_304' title='bbox 2766 1551 3127 1624; x_wconf 82' lang='grc' dir='ltr'>ποιησώμεθα</span> <span class='ocrx_word' id='word_1_305' title='bbox 3166 1550 3383 1604; x_wconf 76' lang='grc' dir='ltr'>ἅπασαν</span> <span class='ocrx_word' id='word_1_306' title='bbox 3429 1549 3557 1610; x_wconf 75' lang='grc' dir='ltr'>τοὺς</span> 
     </span>
    </p>
   </div>
   <div class='ocr_carea' id='block_1_42' title="bbox 1963 1633 3557 1704">
    <p class='ocr_par' dir='ltr' id='par_1_42' title="bbox 1963 1633 3557 1704">
     <span class='ocr_line' id='line_1_42' title="bbox 1963 1633 3557 1704; baseline -0.004 -13"><span class='ocrx_word' id='word_1_307' title='bbox 1963 1637 2104 1691; x_wconf 86' lang='grc' dir='ltr'>κατά</span> <span class='ocrx_word' id='word_1_308' title='bbox 2125 1637 2217 1691; x_wconf 91' lang='grc' dir='ltr'>τοῦ</span> <span class='ocrx_word' id='word_1_309' title='bbox 2244 1639 2520 1692; x_wconf 86' lang='grc' dir='ltr'>Δεσπότου</span> <span class='ocrx_word' id='word_1_310' title='bbox 2545 1637 2856 1700; x_wconf 84' lang='grc' dir='ltr'>λυττῶντας</span> <span class='ocrx_word' id='word_1_311' title='bbox 2876 1633 3272 1704; x_wconf 83' lang='grc' dir='ltr'>ἐπιστομίζειν,</span> <span class='ocrx_word' id='word_1_312' title='bbox 3287 1635 3383 1687; x_wconf 76' lang='grc' dir='ltr'>καὶ</span> <span class='ocrx_word' id='word_1_313' title='bbox 3403 1633 3557 1687; x_wconf 69' lang='grc' dir='ltr'>αὐτοὶ</span> 
     </span>
    </p>
   </div>
   <div class='ocr_carea' id='block_1_43' title="bbox 1963 1715 3562 1792">
    <p class='ocr_par' dir='ltr' id='par_1_43' title="bbox 1963 1715 3562 1792">
     <span class='ocr_line' id='line_1_43' title="bbox 1963 1715 3562 1792; baseline -0.004 -17"><span class='ocrx_word' id='word_1_314' title='bbox 1963 1722 2277 1792; x_wconf 83' lang='grc' dir='ltr'>δοξάσωμεν</span> <span class='ocrx_word' id='word_1_315' title='bbox 2305 1721 2469 1774; x_wconf 81' lang='grc' dir='ltr'>αὐτὸν</span> <span class='ocrx_word' id='word_1_316' title='bbox 2505 1723 2560 1774; x_wconf 91' lang='grc' dir='ltr'>ἐν</span> <span class='ocrx_word' id='word_1_317' title='bbox 2591 1723 2777 1774; x_wconf 83' lang='grc' dir='ltr'>πᾶσιν.</span> <span class='ocrx_word' id='word_1_318' title='bbox 2804 1720 2962 1773; x_wconf 81' lang='grc' dir='ltr'>υῦτω</span> <span class='ocrx_word' id='word_1_319' title='bbox 2992 1719 3102 1788; x_wconf 83' lang='grc' dir='ltr'>γὰρ</span> <span class='ocrx_word' id='word_1_320' title='bbox 3132 1717 3303 1771; x_wconf 86' lang='grc' dir='ltr'>πλείω</span> <span class='ocrx_word' id='word_1_321' title='bbox 3328 1715 3428 1788; x_wconf 84' lang='grc' dir='ltr'>τὴν</span> <span class='ocrx_word' id='word_1_322' title='bbox 3453 1734 3562 1785; x_wconf 87' lang='grc' dir='ltr'>κη-</span> 
     </span>
    </p>
   </div>
   <div class='ocr_carea' id='block_1_44' title="bbox 1965 1799 3559 1876">
    <p class='ocr_par' dir='ltr' id='par_1_44' title="bbox 1965 1799 3559 1876">
     <span class='ocr_line' id='line_1_44' title="bbox 1965 1799 3559 1876; baseline -0.004 -18"><span class='ocrx_word' id='word_1_323' title='bbox 1965 1805 2220 1876; x_wconf 84' lang='grc' dir='ltr'>δεμονίαν</span> <span class='ocrx_word' id='word_1_324' title='bbox 2265 1804 2430 1858; x_wconf 84' lang='grc' dir='ltr'>αὐτοῦ</span> <span class='ocrx_word' id='word_1_325' title='bbox 2476 1803 2920 1874; x_wconf 89' lang='grc' dir='ltr'>ἐπισπασόμεθα,</span> <span class='ocrx_word' id='word_1_326' title='bbox 2953 1803 3048 1856; x_wconf 78' lang='grc' dir='ltr'>καὶ</span> <span class='ocrx_word' id='word_1_327' title='bbox 3081 1801 3284 1872; x_wconf 87' lang='grc' dir='ltr'>πολλῆς</span> <span class='ocrx_word' id='word_1_328' title='bbox 3317 1799 3559 1853; x_wconf 84' lang='grc' dir='ltr'>ἀπολαύ-</span> 
     </span>
    </p>
   </div>
   <div class='ocr_carea' id='block_1_45' title="bbox 1968 1883 3560 1959">
    <p class='ocr_par' dir='ltr' id='par_1_45' title="bbox 1968 1883 3560 1959">
     <span class='ocr_line' id='line_1_45' title="bbox 1968 1883 3560 1959; baseline -0.005 -17"><span class='ocrx_word' id='word_1_329' title='bbox 1968 1906 2136 1959; x_wconf 89' lang='grc' dir='ltr'>σομεν</span> <span class='ocrx_word' id='word_1_330' title='bbox 2171 1889 2367 1959; x_wconf 81' lang='grc' dir='ltr'>ῥοπῆς,</span> <span class='ocrx_word' id='word_1_331' title='bbox 2401 1890 2494 1940; x_wconf 76' lang='grc' dir='ltr'>καὶ</span> <span class='ocrx_word' id='word_1_332' title='bbox 2519 1887 2662 1942; x_wconf 71' lang='grc' dir='ltr'>οὕτω</span> <span class='ocrx_word' id='word_1_333' title='bbox 2686 1887 3034 1958; x_wconf 87' lang='grc' dir='ltr'>δυνησόμεθα</span> <span class='ocrx_word' id='word_1_334' title='bbox 3061 1887 3161 1957; x_wconf 89' lang='grc' dir='ltr'>τῆς</span> <span class='ocrx_word' id='word_1_335' title='bbox 3182 1886 3350 1948; x_wconf 72' lang='grc' dir='ltr'>ὅντως</span> <span class='ocrx_word' id='word_1_336' title='bbox 3384 1883 3560 1936; x_wconf 88' lang='grc' dir='ltr'>ἁπαλ-</span> 
     </span>
    </p>
   </div>
   <div class='ocr_carea' id='block_1_46' title="bbox 1967 1970 3560 2044">
    <p class='ocr_par' dir='ltr' id='par_1_46' title="bbox 1967 1970 3560 2044">
     <span class='ocr_line' id='line_1_46' title="bbox 1967 1970 3560 2044; baseline -0.003 -20"><span class='ocrx_word' id='word_1_337' title='bbox 1967 1973 2200 2044; x_wconf 86' lang='grc' dir='ltr'>λαγῆναι</span> <span class='ocrx_word' id='word_1_338' title='bbox 2235 1972 2457 2035; x_wconf 84' lang='grc' dir='ltr'>κακίας,</span> <span class='ocrx_word' id='word_1_339' title='bbox 2494 1973 2589 2024; x_wconf 73' lang='grc' dir='ltr'>καὶ</span> <span class='ocrx_word' id='word_1_340' title='bbox 2630 1972 2738 2024; x_wconf 88' lang='grc' dir='ltr'>τῶν</span> <span class='ocrx_word' id='word_1_341' title='bbox 2769 1971 3073 2041; x_wconf 85' lang='grc' dir='ltr'>μελλόντων</span> <span class='ocrx_word' id='word_1_342' title='bbox 3103 1970 3382 2039; x_wconf 71' lang='grc' dir='ltr'>ἐπιτυχεῖν</span> <span class='ocrx_word' id='word_1_343' title='bbox 3418 1970 3560 2034; x_wconf 77' lang='grc' dir='ltr'>ἀγα-</span> 
     </span>
    </p>
   </div>
   <div class='ocr_carea' id='block_1_47' title="bbox 1969 2049 3562 2126">
    <p class='ocr_par' dir='ltr' id='par_1_47' title="bbox 1969 2049 3562 2126">
     <span class='ocr_line' id='line_1_47' title="bbox 1969 2049 3562 2126; baseline -0.004 -17"><span class='ocrx_word' id='word_1_344' title='bbox 1969 2056 2098 2120; x_wconf 87' lang='grc' dir='ltr'>θῶν,</span> <span class='ocrx_word' id='word_1_345' title='bbox 2118 2056 2301 2126; x_wconf 88' lang='grc' dir='ltr'>χάριτι</span> <span class='ocrx_word' id='word_1_346' title='bbox 2326 2058 2420 2110; x_wconf 70' lang='grc' dir='ltr'>καὶ</span> <span class='ocrx_word' id='word_1_347' title='bbox 2443 2056 2826 2126; x_wconf 69' lang='grc' dir='ltr'>φιλανθρωπίᾳ</span> <span class='ocrx_word' id='word_1_348' title='bbox 2850 2054 2946 2107; x_wconf 87' lang='grc' dir='ltr'>τοῦ</span> <span class='ocrx_word' id='word_1_349' title='bbox 2966 2054 3172 2125; x_wconf 80' lang='grc' dir='ltr'>Κυρίου</span> <span class='ocrx_word' id='word_1_350' title='bbox 3192 2052 3350 2123; x_wconf 87' lang='grc' dir='ltr'>ήμῶν</span> <span class='ocrx_word' id='word_1_351' title='bbox 3385 2049 3562 2120; x_wconf 87' lang='grc' dir='ltr'>Ἰησοῦ</span> 
     </span>
    </p>
   </div>
   <div class='ocr_carea' id='block_1_48' title="bbox 1969 2131 3563 2212">
    <p class='ocr_par' dir='ltr' id='par_1_48' title="bbox 1969 2131 3563 2212">
     <span class='ocr_line' id='line_1_48' title="bbox 1969 2131 3563 2212; baseline -0.005 -18"><span class='ocrx_word' id='word_1_352' title='bbox 1969 2140 2230 2212; x_wconf 76' lang='grc' dir='ltr'>Χριστοῦ,</span> <span class='ocrx_word' id='word_1_353' title='bbox 2261 2140 2328 2192; x_wconf 87' lang='grc' dir='ltr'>δι’</span> <span class='ocrx_word' id='word_1_354' title='bbox 2359 2131 2420 2192; x_wconf 78' lang='grc' dir='ltr'>οῦ</span> <span class='ocrx_word' id='word_1_355' title='bbox 2461 2141 2555 2192; x_wconf 71' lang='grc' dir='ltr'>καὶ</span> <span class='ocrx_word' id='word_1_356' title='bbox 2609 2141 2726 2210; x_wconf 82' lang='grc' dir='ltr'>μεθ’</span> <span class='ocrx_word' id='word_1_357' title='bbox 2762 2136 2822 2194; x_wconf 79' lang='grc' dir='ltr'>οῦ</span> <span class='ocrx_word' id='word_1_358' title='bbox 2874 2139 2950 2209; x_wconf 81' lang='grc' dir='ltr'>τῷ</span> <span class='ocrx_word' id='word_1_359' title='bbox 2995 2139 3170 2208; x_wconf 70' lang='grc' dir='ltr'>Πατρὶ</span> <span class='ocrx_word' id='word_1_360' title='bbox 3197 2140 3230 2208; x_wconf 87' lang='grc' dir='ltr'>ή</span> <span class='ocrx_word' id='word_1_361' title='bbox 3262 2135 3407 2201; x_wconf 81' lang='grc' dir='ltr'>δόξα,</span> <span class='ocrx_word' id='word_1_362' title='bbox 3447 2136 3563 2205; x_wconf 77' lang='grc' dir='ltr'>ἅμα</span> 
     </span>
    </p>
   </div>
   <div class='ocr_carea' id='block_1_49' title="bbox 1969 2217 3564 2294">
    <p class='ocr_par' dir='ltr' id='par_1_49' title="bbox 1969 2217 3564 2294">
     <span class='ocr_line' id='line_1_49' title="bbox 1969 2217 3564 2294; baseline -0.007 -13"><span class='ocrx_word' id='word_1_363' title='bbox 1969 2224 2048 2294; x_wconf 77' lang='grc' dir='ltr'>τῷ</span> <span class='ocrx_word' id='word_1_364' title='bbox 2077 2225 2219 2293; x_wconf 81' lang='grc' dir='ltr'>ἁγίῳ</span> <span class='ocrx_word' id='word_1_365' title='bbox 2257 2224 2559 2294; x_wconf 84' lang='grc' dir='ltr'>Πνεύματι,</span> <span class='ocrx_word' id='word_1_366' title='bbox 2590 2223 2682 2276; x_wconf 87' lang='grc' dir='ltr'>νῦν</span> <span class='ocrx_word' id='word_1_367' title='bbox 2713 2226 2805 2276; x_wconf 72' lang='grc' dir='ltr'>καὶ</span> <span class='ocrx_word' id='word_1_368' title='bbox 2839 2223 2947 2287; x_wconf 70' lang='grc' dir='ltr'>ἀεὶ,</span> <span class='ocrx_word' id='word_1_369' title='bbox 2980 2223 3073 2274; x_wconf 69' lang='grc' dir='ltr'>καὶ</span> <span class='ocrx_word' id='word_1_370' title='bbox 3103 2223 3182 2284; x_wconf 80' lang='grc' dir='ltr'>εἰς</span> <span class='ocrx_word' id='word_1_371' title='bbox 3207 2222 3334 2283; x_wconf 81' lang='grc' dir='ltr'>τοὺς</span> <span class='ocrx_word' id='word_1_372' title='bbox 3362 2217 3564 2281; x_wconf 80' lang='grc' dir='ltr'>αἰῶνας</span> 
     </span>
    </p>
   </div>
   <div class='ocr_carea' id='block_1_50' title="bbox 1970 2309 2554 2377">
    <p class='ocr_par' dir='ltr' id='par_1_50' title="bbox 1970 2309 2554 2377">
     <span class='ocr_line' id='line_1_50' title="bbox 1970 2309 2554 2377; baseline 0 -17"><span class='ocrx_word' id='word_1_373' title='bbox 1970 2309 2078 2361; x_wconf 85' lang='grc' dir='ltr'>τῶν</span> <span class='ocrx_word' id='word_1_374' title='bbox 2107 2309 2339 2362; x_wconf 81' lang='grc' dir='ltr'>αἰώνων.</span> <span class='ocrx_word' id='word_1_375' title='bbox 2359 2309 2415 2359; x_wconf 75' lang='grc' dir='ltr'><strong>Ἀ</strong></span> <span class='ocrx_word' id='word_1_376' title='bbox 2425 2309 2530 2377; x_wconf 90' lang='grc' dir='ltr'>μήν</span> <span class='ocrx_word' id='word_1_377' title='bbox 2544 2349 2554 2361; x_wconf 95' lang='grc'><strong>.</strong></span> 
     </span>
    </p>
   </div>
   <div class='ocr_carea' id='block_1_51' title="bbox 2039 2479 3208 2543">
    <p class='ocr_par' dir='ltr' id='par_1_51' title="bbox 2039 2479 3208 2543">
     <span class='ocr_line' id='line_1_51' title="bbox 2039 2479 3208 2543; baseline -0.002 -15"><span class='ocrx_word' id='word_1_378' title='bbox 2039 2480 2064 2508; x_wconf 75' lang='grc'><strong><em>⁸</em></strong></span> <span class='ocrx_word' id='word_1_379' title='bbox 2089 2479 2225 2528; x_wconf 83' lang='lat' dir='ltr'>Colb.</span> <span class='ocrx_word' id='word_1_380' title='bbox 2250 2480 2538 2543; x_wconf 80' lang='grc' dir='ltr'>πραγμάτων</span> <span class='ocrx_word' id='word_1_381' title='bbox 2565 2481 2837 2540; x_wconf 76' lang='grc' dir='ltr'>ὁμολογίαν,</span> <span class='ocrx_word' id='word_1_382' title='bbox 2853 2482 3050 2527; x_wconf 74' lang='grc' dir='ltr'>εἴπωσιν</span> <span class='ocrx_word' id='word_1_383' title='bbox 3077 2481 3208 2527; x_wconf 74' lang='grc' dir='ltr'>εἶναι.</span> 
     </span>
    </p>
   </div>
   <div class='ocr_carea' id='block_1_52' title="bbox 3167 2687 3522 2697">
    <p class='ocr_par' dir='ltr' id='par_1_52' title="bbox 3167 2687 3522 2697">
     <span class='ocr_line' id='line_1_52' title="bbox 3167 2687 3522 2697; baseline -0.003 -1"><span class='ocrx_word' id='word_1_384' title='bbox 3167 2687 3522 2697; x_wconf 60' lang='grc' dir='ltr'>-α--σ--ιο--ο</span> 
     </span>
    </p>
   </div>
   <div class='ocr_carea' id='block_1_53' title="bbox 278 2880 3566 2956">
    <p class='ocr_par' dir='ltr' id='par_1_53' title="bbox 278 2880 3566 2956">
     <span class='ocr_line' id='line_1_53' title="bbox 278 2880 3566 2956; baseline -0.001 -16"><span class='ocrx_word' id='word_1_385' title='bbox 278 2886 432 2955; x_wconf 82' lang='grc' dir='ltr'>Πρὸς</span> <span class='ocrx_word' id='word_1_386' title='bbox 466 2888 608 2955; x_wconf 86' lang='grc' dir='ltr'>τοὺς</span> <span class='ocrx_word' id='word_1_387' title='bbox 642 2888 1076 2956; x_wconf 73' lang='grc' dir='ltr'>ἐγκαλοῦντας,</span> <span class='ocrx_word' id='word_1_388' title='bbox 1122 2890 1287 2954; x_wconf 74' lang='grc' dir='ltr'>τίνος</span> <span class='ocrx_word' id='word_1_389' title='bbox 1312 2905 1329 2926; x_wconf 83' lang='grc' dir='ltr'>ι</span> <span class='ocrx_word' id='word_1_390' title='bbox 1381 2889 1590 2942; x_wconf 77' lang='grc' dir='ltr'>ἕνεκεν</span> <span class='ocrx_word' id='word_1_391' title='bbox 1642 2890 1753 2940; x_wconf 74' lang='grc' dir='ltr'>οὐκ</span> <span class='ocrx_word' id='word_1_392' title='bbox 1821 2888 1888 2940; x_wconf 79' lang='grc' dir='ltr'>ἐκ</span> <span class='ocrx_word' id='word_1_393' title='bbox 1962 2886 2162 2954; x_wconf 81' lang='grc' dir='ltr'>μέσου</span> <span class='ocrx_word' id='word_1_394' title='bbox 2185 2884 2437 2954; x_wconf 75' lang='grc' dir='ltr'>γέγονεν</span> <span class='ocrx_word' id='word_1_395' title='bbox 2465 2888 2496 2937; x_wconf 77' lang='grc' dir='ltr'><em>ὁ</em></span> <span class='ocrx_word' id='word_1_396' title='bbox 2527 2883 2840 2949; x_wconf 71' lang='grc' dir='ltr'>διάϐολος·</span> <span class='ocrx_word' id='word_1_397' title='bbox 2883 2885 2981 2937; x_wconf 81' lang='grc' dir='ltr'>καὶ</span> <span class='ocrx_word' id='word_1_398' title='bbox 3047 2884 3136 2938; x_wconf 87' lang='grc' dir='ltr'>ὅτι</span> <span class='ocrx_word' id='word_1_399' title='bbox 3169 2884 3348 2938; x_wconf 76' lang='grc' dir='ltr'>οὐδὲν</span> <span class='ocrx_word' id='word_1_400' title='bbox 3409 2880 3566 2954; x_wconf 73' lang='grc' dir='ltr'>ἡμᾶς</span> 
     </span>
    </p>
   </div>
   <div class='ocr_carea' id='block_1_54' title="bbox 840 2978 3042 3052">
    <p class='ocr_par' dir='ltr' id='par_1_54' title="bbox 840 2978 3042 3052">
     <span class='ocr_line' id='line_1_54' title="bbox 840 2978 3042 3052; baseline -0.001 -18"><span class='ocrx_word' id='word_1_401' title='bbox 840 2981 1104 3049; x_wconf 77' lang='grc' dir='ltr'>βλάπτει</span> <span class='ocrx_word' id='word_1_402' title='bbox 1155 2983 1194 3049; x_wconf 73' lang='grc' dir='ltr'>ἡ</span> <span class='ocrx_word' id='word_1_403' title='bbox 1245 2984 1459 3036; x_wconf 84' lang='grc' dir='ltr'>τούτου</span> <span class='ocrx_word' id='word_1_404' title='bbox 1495 2983 1754 3052; x_wconf 81' lang='grc' dir='ltr'>πονηρία</span> <span class='ocrx_word' id='word_1_405' title='bbox 1798 2982 1906 3034; x_wconf 76' lang='grc' dir='ltr'>ἐὰν</span> <span class='ocrx_word' id='word_1_406' title='bbox 1949 2983 2366 3050; x_wconf 74' lang='grc' dir='ltr'>προσέχωμεν·</span> <span class='ocrx_word' id='word_1_407' title='bbox 2403 2979 2499 3032; x_wconf 76' lang='grc' dir='ltr'>καὶ</span> <span class='ocrx_word' id='word_1_408' title='bbox 2542 2978 2674 3047; x_wconf 80' lang='grc' dir='ltr'>περὶ</span> <span class='ocrx_word' id='word_1_409' title='bbox 2699 2979 3042 3048; x_wconf 76' lang='grc' dir='ltr'>μετανοίας.</span> 
     </span>
    </p>
   </div>
   <div class='ocr_carea' id='block_1_55' title="bbox 953 3289 1299 3359">
    <p class='ocr_par' dir='ltr' id='par_1_55' title="bbox 953 3289 1299 3359">
     <span class='ocr_line' id='line_1_55' title="bbox 953 3289 1299 3359; baseline 0.009 -18"><span class='ocrx_word' id='word_1_410' title='bbox 953 3289 1187 3359; x_wconf 75' lang='grc' dir='ltr'>Ὀμιλία</span> <span class='ocrx_word' id='word_1_411' title='bbox 1216 3289 1277 3353; x_wconf 80' lang='grc' dir='ltr'>,β’</span> <span class='ocrx_word' id='word_1_412' title='bbox 1283 3319 1299 3336; x_wconf 82' lang='grc' dir='ltr'><strong>ο</strong></span> 
     </span>
    </p>
   </div>
   <div class='ocr_carea' id='block_1_56' title="bbox 351 3381 1870 3453">
    <p class='ocr_par' dir='ltr' id='par_1_56' title="bbox 351 3381 1870 3453">
     <span class='ocr_line' id='line_1_56' title="bbox 351 3381 1870 3453; baseline 0 -17"><span class='ocrx_word' id='word_1_413' title='bbox 351 3390 419 3436; x_wconf 87' lang='grc' dir='ltr'>α’.</span> <span class='ocrx_word' id='word_1_414' title='bbox 451 3382 511 3434; x_wconf 85' lang='lat' dir='ltr'>&#39;U</span> <span class='ocrx_word' id='word_1_415' title='bbox 536 3382 634 3450; x_wconf 74' lang='grc' dir='ltr'>μὲν</span> <span class='ocrx_word' id='word_1_416' title='bbox 678 3381 862 3434; x_wconf 85' lang='grc' dir='ltr'>Ἰσαὰκ</span> <span class='ocrx_word' id='word_1_417' title='bbox 887 3381 1236 3452; x_wconf 88' lang='grc' dir='ltr'>ἐπιθυμήσας</span> <span class='ocrx_word' id='word_1_418' title='bbox 1268 3382 1399 3435; x_wconf 83' lang='grc' dir='ltr'>ποτὲ</span> <span class='ocrx_word' id='word_1_419' title='bbox 1424 3381 1645 3453; x_wconf 81' lang='grc' dir='ltr'>ἄριστον</span> <span class='ocrx_word' id='word_1_420' title='bbox 1675 3386 1739 3436; x_wconf 87' lang='grc' dir='ltr'>ἐκ</span> <span class='ocrx_word' id='word_1_421' title='bbox 1761 3385 1870 3436; x_wconf 88' lang='grc' dir='ltr'>τῶν</span> 
     </span>
    </p>
   </div>
   <div class='ocr_carea' id='block_1_57' title="bbox 285 3464 1872 3538">
    <p class='ocr_par' dir='ltr' id='par_1_57' title="bbox 285 3464 1872 3538">
     <span class='ocr_line' id='line_1_57' title="bbox 285 3464 1872 3538; baseline 0.001 -20"><span class='ocrx_word' id='word_1_422' title='bbox 285 3464 480 3536; x_wconf 87' lang='grc' dir='ltr'>χειρῶν</span> <span class='ocrx_word' id='word_1_423' title='bbox 521 3465 616 3517; x_wconf 88' lang='grc' dir='ltr'>τοῦ</span> <span class='ocrx_word' id='word_1_424' title='bbox 654 3465 842 3527; x_wconf 73' lang='grc' dir='ltr'>παιδὸς</span> <span class='ocrx_word' id='word_1_425' title='bbox 883 3468 1102 3534; x_wconf 84' lang='grc' dir='ltr'>φαγεῖν,</span> <span class='ocrx_word' id='word_1_426' title='bbox 1134 3464 1227 3518; x_wconf 86' lang='grc' dir='ltr'>τὸν</span> <span class='ocrx_word' id='word_1_427' title='bbox 1268 3465 1436 3519; x_wconf 88' lang='grc' dir='ltr'>παῖδα</span> <span class='ocrx_word' id='word_1_428' title='bbox 1466 3467 1548 3527; x_wconf 87' lang='grc' dir='ltr'>εἰς</span> <span class='ocrx_word' id='word_1_429' title='bbox 1571 3465 1670 3536; x_wconf 81' lang='grc' dir='ltr'>τὴν</span> <span class='ocrx_word' id='word_1_430' title='bbox 1699 3465 1872 3538; x_wconf 82' lang='grc' dir='ltr'>θήραν</span> 
     </span>
    </p>
   </div>
   <div class='ocr_carea' id='block_1_58' title="bbox 286 3540 1870 3620">
    <p class='ocr_par' dir='ltr' id='par_1_58' title="bbox 286 3540 1870 3620">
     <span class='ocr_line' id='line_1_58' title="bbox 286 3540 1870 3620; baseline 0.001 -18"><span class='ocrx_word' id='word_1_431' title='bbox 286 3549 594 3620; x_wconf 78' lang='grc' dir='ltr'>ἐξέπεμψεν</span> <span class='ocrx_word' id='word_1_432' title='bbox 622 3551 687 3601; x_wconf 89' lang='grc' dir='ltr'>ἐκ</span> <span class='ocrx_word' id='word_1_433' title='bbox 715 3549 815 3619; x_wconf 92' lang='grc' dir='ltr'>τῆς</span> <span class='ocrx_word' id='word_1_434' title='bbox 843 3550 1020 3612; x_wconf 79' lang='grc' dir='ltr'>οἰκίας</span> <span class='ocrx_word' id='word_1_435' title='bbox 1039 3565 1053 3577; x_wconf 83' lang='lat'>&#39;</span> <span class='ocrx_word' id='word_1_436' title='bbox 1092 3540 1248 3612; x_wconf 78' lang='grc' dir='ltr'>οὗτος</span> <span class='ocrx_word' id='word_1_437' title='bbox 1278 3549 1335 3602; x_wconf 87' lang='grc' dir='ltr'>δέ</span> <span class='ocrx_word' id='word_1_438' title='bbox 1375 3551 1404 3602; x_wconf 87' lang='grc' dir='ltr'>ὁ</span> <span class='ocrx_word' id='word_1_439' title='bbox 1443 3549 1632 3602; x_wconf 79' lang='grc' dir='ltr'>Ἰσαὰκ</span> <span class='ocrx_word' id='word_1_440' title='bbox 1676 3551 1870 3603; x_wconf 78' lang='grc' dir='ltr'>ἐπιθυ·</span> 
     </span>
    </p>
   </div>
   <div class='ocr_carea' id='block_1_59' title="bbox 291 3631 1876 3705">
    <p class='ocr_par' dir='ltr' id='par_1_59' title="bbox 291 3631 1876 3705">
     <span class='ocr_line' id='line_1_59' title="bbox 291 3631 1876 3705; baseline 0 -20"><span class='ocrx_word' id='word_1_441' title='bbox 291 3635 470 3705; x_wconf 86' lang='grc' dir='ltr'>μήσας</span> <span class='ocrx_word' id='word_1_442' title='bbox 494 3634 715 3704; x_wconf 81' lang='grc' dir='ltr'>ἄριστον</span> <span class='ocrx_word' id='word_1_443' title='bbox 742 3634 809 3686; x_wconf 88' lang='grc' dir='ltr'>ἐκ</span> <span class='ocrx_word' id='word_1_444' title='bbox 835 3633 943 3685; x_wconf 88' lang='grc' dir='ltr'>τῶν</span> <span class='ocrx_word' id='word_1_445' title='bbox 974 3633 1261 3703; x_wconf 88' lang='grc' dir='ltr'>ήμετέρων</span> <span class='ocrx_word' id='word_1_446' title='bbox 1297 3631 1497 3703; x_wconf 89' lang='grc' dir='ltr'>χειρῶν</span> <span class='ocrx_word' id='word_1_447' title='bbox 1535 3632 1744 3699; x_wconf 88' lang='grc' dir='ltr'>λαϐεῖν,</span> <span class='ocrx_word' id='word_1_448' title='bbox 1775 3633 1876 3703; x_wconf 81' lang='grc' dir='ltr'>οὐχ</span> 
     </span>
    </p>
   </div>
   <div class='ocr_carea' id='block_1_60' title="bbox 287 3716 1876 3788">
    <p class='ocr_par' dir='ltr' id='par_1_60' title="bbox 287 3716 1876 3788">
     <span class='ocr_line' id='line_1_60' title="bbox 287 3716 1876 3788; baseline -0.001 -18"><span class='ocrx_word' id='word_1_449' title='bbox 287 3721 432 3788; x_wconf 79' lang='grc' dir='ltr'>ἡμᾶς</span> <span class='ocrx_word' id='word_1_450' title='bbox 459 3717 764 3786; x_wconf 79' lang='grc' dir='ltr'>ἐξέπεμψεν</span> <span class='ocrx_word' id='word_1_451' title='bbox 793 3717 858 3768; x_wconf 85' lang='grc' dir='ltr'>ἐκ</span> <span class='ocrx_word' id='word_1_452' title='bbox 884 3716 984 3786; x_wconf 90' lang='grc' dir='ltr'>τῆς</span> <span class='ocrx_word' id='word_1_453' title='bbox 1017 3717 1218 3780; x_wconf 85' lang='grc' dir='ltr'>οἰκίας,</span> <span class='ocrx_word' id='word_1_454' title='bbox 1270 3716 1388 3769; x_wconf 82' lang='grc' dir='ltr'>ἀλλ’</span> <span class='ocrx_word' id='word_1_455' title='bbox 1415 3717 1579 3778; x_wconf 81' lang='grc' dir='ltr'>αὐτὸς</span> <span class='ocrx_word' id='word_1_456' title='bbox 1613 3716 1750 3787; x_wconf 82' lang='grc' dir='ltr'>πρὸς</span> <span class='ocrx_word' id='word_1_457' title='bbox 1777 3716 1876 3786; x_wconf 84' lang='grc' dir='ltr'>τὴν</span> 
     </span>
    </p>
   </div>
   <div class='ocr_carea' id='block_1_61' title="bbox 288 3799 1878 3872">
    <p class='ocr_par' dir='ltr' id='par_1_61' title="bbox 288 3799 1878 3872">
     <span class='ocr_line' id='line_1_61' title="bbox 288 3799 1878 3872; baseline -0.001 -18"><span class='ocrx_word' id='word_1_458' title='bbox 288 3801 560 3872; x_wconf 81' lang='grc' dir='ltr'>ἡμετέραν</span> <span class='ocrx_word' id='word_1_459' title='bbox 593 3800 795 3871; x_wconf 77' lang='grc' dir='ltr'>έδραμε</span> <span class='ocrx_word' id='word_1_460' title='bbox 826 3799 1126 3870; x_wconf 78' lang='grc' dir='ltr'>τράπεζαν.</span> <span class='ocrx_word' id='word_1_461' title='bbox 1156 3800 1220 3852; x_wconf 87' lang='grc' dir='ltr'>Τί</span> <span class='ocrx_word' id='word_1_462' title='bbox 1253 3800 1444 3853; x_wconf 89' lang='grc' dir='ltr'>τούτου</span> <span class='ocrx_word' id='word_1_463' title='bbox 1474 3799 1878 3871; x_wconf 77' lang='grc' dir='ltr'>φιλοστοργότε-</span> 
     </span>
    </p>
   </div>
   <div class='ocr_carea' id='block_1_62' title="bbox 291 3882 1878 3956">
    <p class='ocr_par' dir='ltr' id='par_1_62' title="bbox 291 3882 1878 3956">
     <span class='ocr_line' id='line_1_62' title="bbox 291 3882 1878 3956; baseline -0.002 -18"><span class='ocrx_word' id='word_1_464' title='bbox 291 3902 382 3956; x_wconf 86' lang='grc' dir='ltr'>ρον</span> <span class='ocrx_word' id='word_1_465' title='bbox 409 3884 604 3952; x_wconf 82' lang='grc' dir='ltr'>γένοιτ’</span> <span class='ocrx_word' id='word_1_466' title='bbox 630 3883 723 3949; x_wconf 83' lang='grc' dir='ltr'>ἀν;</span> <span class='ocrx_word' id='word_1_467' title='bbox 761 3883 812 3936; x_wconf 90' lang='grc' dir='ltr'>τί</span> <span class='ocrx_word' id='word_1_468' title='bbox 843 3883 901 3936; x_wconf 89' lang='grc' dir='ltr'>δέ</span> <span class='ocrx_word' id='word_1_469' title='bbox 925 3883 1344 3955; x_wconf 83' lang='grc' dir='ltr'>ταπεινότερον;</span> <span class='ocrx_word' id='word_1_470' title='bbox 1376 3883 1435 3946; x_wconf 83' lang='grc' dir='ltr'>ὃς</span> <span class='ocrx_word' id='word_1_471' title='bbox 1469 3882 1613 3935; x_wconf 74' lang='grc' dir='ltr'>οὕτω</span> <span class='ocrx_word' id='word_1_472' title='bbox 1667 3883 1878 3953; x_wconf 84' lang='grc' dir='ltr'>θερμὴν</span> 
     </span>
    </p>
   </div>
   <div class='ocr_carea' id='block_1_63' title="bbox 291 3964 1879 4038">
    <p class='ocr_par' dir='ltr' id='par_1_63' title="bbox 291 3964 1879 4038">
     <span class='ocr_line' id='line_1_63' title="bbox 291 3964 1879 4038; baseline 0.001 -19"><span class='ocrx_word' id='word_1_473' title='bbox 291 3966 662 4032; x_wconf 82' lang='grc' dir='ltr'>ἐπιδείξασθαι</span> <span class='ocrx_word' id='word_1_474' title='bbox 712 3966 812 4038; x_wconf 82' lang='grc' dir='ltr'>τὴν</span> <span class='ocrx_word' id='word_1_475' title='bbox 867 3967 1088 4037; x_wconf 83' lang='grc' dir='ltr'>ἀγάπην</span> <span class='ocrx_word' id='word_1_476' title='bbox 1120 3964 1451 4037; x_wconf 83' lang='grc' dir='ltr'>κατηξίωσε,</span> <span class='ocrx_word' id='word_1_477' title='bbox 1481 3967 1574 4019; x_wconf 71' lang='grc' dir='ltr'>καὶ</span> <span class='ocrx_word' id='word_1_478' title='bbox 1625 3965 1879 4020; x_wconf 90' lang='grc' dir='ltr'>τοσοῦτον</span> 
     </span>
    </p>
   </div>
   <div class='ocr_carea' id='block_1_64' title="bbox 290 4049 1902 4120">
    <p class='ocr_par' dir='ltr' id='par_1_64' title="bbox 290 4049 1902 4120">
     <span class='ocr_line' id='line_1_64' title="bbox 290 4049 1902 4120; baseline 0.001 -17"><span class='ocrx_word' id='word_1_479' title='bbox 290 4051 593 4120; x_wconf 88' lang='grc' dir='ltr'>καταϐῆναι</span> <span class='ocrx_word' id='word_1_480' title='bbox 627 4050 908 4120; x_wconf 84' lang='grc' dir='ltr'>ήνέσχετο.</span> <span class='ocrx_word' id='word_1_481' title='bbox 939 4050 1037 4102; x_wconf 87' lang='grc' dir='ltr'>Διά</span> <span class='ocrx_word' id='word_1_482' title='bbox 1063 4066 1142 4102; x_wconf 93' lang='grc' dir='ltr'>τοι</span> <span class='ocrx_word' id='word_1_483' title='bbox 1172 4050 1331 4102; x_wconf 90' lang='grc' dir='ltr'>τοῦτο</span> <span class='ocrx_word' id='word_1_484' title='bbox 1359 4049 1455 4102; x_wconf 70' lang='grc' dir='ltr'>καὶ</span> <span class='ocrx_word' id='word_1_485' title='bbox 1478 4051 1642 4119; x_wconf 85' lang='grc' dir='ltr'>ἡμεῖς</span> <span class='ocrx_word' id='word_1_486' title='bbox 1673 4050 1765 4102; x_wconf 72' lang='grc' dir='ltr'>καὶ</span> <span class='ocrx_word' id='word_1_487' title='bbox 1788 4050 1902 4104; x_wconf 74' lang='grc' dir='ltr'>τὸν,</span> 
     </span>
    </p>
   </div>
   <div class='ocr_carea' id='block_1_65' title="bbox 289 4131 1880 4204">
    <p class='ocr_par' dir='ltr' id='par_1_65' title="bbox 289 4131 1880 4204">
     <span class='ocr_line' id='line_1_65' title="bbox 289 4131 1880 4204; baseline 0 -17"><span class='ocrx_word' id='word_1_488' title='bbox 289 4136 440 4187; x_wconf 83' lang='grc' dir='ltr'>τόνον</span> <span class='ocrx_word' id='word_1_489' title='bbox 466 4135 565 4204; x_wconf 88' lang='grc' dir='ltr'>τῆς</span> <span class='ocrx_word' id='word_1_490' title='bbox 597 4133 782 4203; x_wconf 83' lang='grc' dir='ltr'>φωνῆς</span> <span class='ocrx_word' id='word_1_491' title='bbox 809 4135 901 4186; x_wconf 77' lang='grc' dir='ltr'>καὶ</span> <span class='ocrx_word' id='word_1_492' title='bbox 933 4133 1030 4202; x_wconf 82' lang='grc' dir='ltr'>τὴν</span> <span class='ocrx_word' id='word_1_493' title='bbox 1063 4132 1292 4202; x_wconf 88' lang='grc' dir='ltr'>δύναμιν</span> <span class='ocrx_word' id='word_1_494' title='bbox 1321 4131 1430 4185; x_wconf 88' lang='grc' dir='ltr'>τῶν</span> <span class='ocrx_word' id='word_1_495' title='bbox 1462 4133 1638 4185; x_wconf 83' lang='grc' dir='ltr'>ποδῶν</span> <span class='ocrx_word' id='word_1_496' title='bbox 1657 4134 1684 4172; x_wconf 75' lang='lat' dir='ltr'><strong>b</strong></span> <span class='ocrx_word' id='word_1_497' title='bbox 1708 4151 1880 4187; x_wconf 88' lang='grc' dir='ltr'>κατα-</span> 
     </span>
    </p>
   </div>
   <div class='ocr_carea' id='block_1_66' title="bbox 293 4215 1881 4287">
    <p class='ocr_par' dir='ltr' id='par_1_66' title="bbox 293 4215 1881 4287">
     <span class='ocr_line' id='line_1_66' title="bbox 293 4215 1881 4287; baseline 0 -17"><span class='ocrx_word' id='word_1_498' title='bbox 293 4219 546 4282; x_wconf 81' lang='grc' dir='ltr'>ϐαλόντες</span> <span class='ocrx_word' id='word_1_499' title='bbox 575 4217 684 4269; x_wconf 86' lang='grc' dir='ltr'>ἀπὸ</span> <span class='ocrx_word' id='word_1_500' title='bbox 715 4216 814 4286; x_wconf 92' lang='grc' dir='ltr'>τῆς</span> <span class='ocrx_word' id='word_1_501' title='bbox 841 4215 1070 4284; x_wconf 83' lang='grc' dir='ltr'>ἑωθινῆς</span> <span class='ocrx_word' id='word_1_502' title='bbox 1095 4215 1404 4281; x_wconf 81' lang='grc' dir='ltr'>διαλέξεως,</span> <span class='ocrx_word' id='word_1_503' title='bbox 1437 4215 1635 4280; x_wconf 86' lang='grc' dir='ltr'>ἰδόντες</span> <span class='ocrx_word' id='word_1_504' title='bbox 1653 4216 1751 4287; x_wconf 82' lang='grc' dir='ltr'>τὴν</span> <span class='ocrx_word' id='word_1_505' title='bbox 1775 4233 1881 4270; x_wconf 90' lang='grc' dir='ltr'>πα-</span> 
     </span>
    </p>
   </div>
   <div class='ocr_carea' id='block_1_67' title="bbox 290 4297 1880 4372">
    <p class='ocr_par' dir='ltr' id='par_1_67' title="bbox 290 4297 1880 4372">
     <span class='ocr_line' id='line_1_67' title="bbox 290 4297 1880 4372; baseline -0.003 -17"><span class='ocrx_word' id='word_1_506' title='bbox 290 4301 484 4372; x_wconf 84' lang='grc' dir='ltr'>τρικὴν</span> <span class='ocrx_word' id='word_1_507' title='bbox 529 4300 675 4371; x_wconf 74' lang='grc' dir='ltr'>ὄψιν,</span> <span class='ocrx_word' id='word_1_508' title='bbox 719 4299 922 4362; x_wconf 84' lang='grc' dir='ltr'>εύθέως</span> <span class='ocrx_word' id='word_1_509' title='bbox 973 4297 1353 4368; x_wconf 85' lang='grc' dir='ltr'>ἐπελαθόμεθα</span> <span class='ocrx_word' id='word_1_510' title='bbox 1403 4298 1504 4368; x_wconf 90' lang='grc' dir='ltr'>τῆς</span> <span class='ocrx_word' id='word_1_511' title='bbox 1552 4298 1837 4362; x_wconf 83' lang='grc' dir='ltr'>ἀσθενείας</span> <span class='ocrx_word' id='word_1_512' title='bbox 1865 4337 1880 4362; x_wconf 91' lang='grc'>,</span> 
     </span>
    </p>
   </div>
   <div class='ocr_carea' id='block_1_68' title="bbox 292 4381 1880 4454">
    <p class='ocr_par' dir='ltr' id='par_1_68' title="bbox 292 4381 1880 4454">
     <span class='ocr_line' id='line_1_68' title="bbox 292 4381 1880 4454; baseline -0.002 -15"><span class='ocrx_word' id='word_1_513' title='bbox 292 4383 613 4454; x_wconf 85' lang='grc' dir='ltr'>ἀπεθέμεθα</span> <span class='ocrx_word' id='word_1_514' title='bbox 631 4383 722 4436; x_wconf 83' lang='grc' dir='ltr'>τὸν</span> <span class='ocrx_word' id='word_1_515' title='bbox 746 4382 924 4446; x_wconf 77' lang='grc' dir='ltr'>ὄκνον,</span> <span class='ocrx_word' id='word_1_516' title='bbox 939 4381 1140 4435; x_wconf 86' lang='grc' dir='ltr'>ἀνεπτε</span> <span class='ocrx_word' id='word_1_517' title='bbox 1151 4381 1297 4452; x_wconf 86' lang='grc' dir='ltr'>ρώθη</span> <span class='ocrx_word' id='word_1_518' title='bbox 1308 4399 1404 4451; x_wconf 89' lang='grc' dir='ltr'>μεν</span> <span class='ocrx_word' id='word_1_519' title='bbox 1423 4381 1529 4434; x_wconf 83' lang='grc' dir='ltr'>ὑπὸ</span> <span class='ocrx_word' id='word_1_520' title='bbox 1548 4383 1646 4451; x_wconf 89' lang='grc' dir='ltr'>τῆς</span> <span class='ocrx_word' id='word_1_521' title='bbox 1665 4383 1880 4453; x_wconf 77' lang='grc' dir='ltr'>ἡδονῆς,</span> 
     </span>
    </p>
   </div>
   <div class='ocr_carea' id='block_1_69' title="bbox 294 4464 1883 4538">
    <p class='ocr_par' dir='ltr' id='par_1_69' title="bbox 294 4464 1883 4538">
     <span class='ocr_line' id='line_1_69' title="bbox 294 4464 1883 4538; baseline -0.001 -19"><span class='ocrx_word' id='word_1_522' title='bbox 294 4467 509 4538; x_wconf 80' lang='grc' dir='ltr'>εἴδομεν</span> <span class='ocrx_word' id='word_1_523' title='bbox 554 4466 651 4537; x_wconf 83' lang='grc' dir='ltr'>τὴν</span> <span class='ocrx_word' id='word_1_524' title='bbox 701 4465 959 4537; x_wconf 73' lang='grc' dir='ltr'>λαμπρὰν</span> <span class='ocrx_word' id='word_1_525' title='bbox 988 4464 1202 4528; x_wconf 83' lang='grc' dir='ltr'>πολιὰν,</span> <span class='ocrx_word' id='word_1_526' title='bbox 1239 4464 1335 4518; x_wconf 82' lang='grc' dir='ltr'>καὶ</span> <span class='ocrx_word' id='word_1_527' title='bbox 1364 4464 1542 4534; x_wconf 77' lang='grc' dir='ltr'>φωτὸς</span> <span class='ocrx_word' id='word_1_528' title='bbox 1575 4465 1883 4536; x_wconf 86' lang='grc' dir='ltr'>ἐνεπλήσθη</span> 
     </span>
    </p>
   </div>
   <div class='ocr_carea' id='block_1_70' title="bbox 293 4548 1884 4622">
    <p class='ocr_par' dir='ltr' id='par_1_70' title="bbox 293 4548 1884 4622">
     <span class='ocr_line' id='line_1_70' title="bbox 293 4548 1884 4622; baseline -0.001 -19"><span class='ocrx_word' id='word_1_529' title='bbox 293 4551 454 4621; x_wconf 86' lang='grc' dir='ltr'>ήμῶν</span> <span class='ocrx_word' id='word_1_530' title='bbox 488 4551 520 4622; x_wconf 87' lang='grc' dir='ltr'>ή</span> <span class='ocrx_word' id='word_1_531' title='bbox 549 4550 717 4620; x_wconf 78' lang='grc' dir='ltr'>ψυχή.</span> <span class='ocrx_word' id='word_1_532' title='bbox 764 4549 864 4602; x_wconf 87' lang='grc' dir='ltr'>Διά</span> <span class='ocrx_word' id='word_1_533' title='bbox 913 4548 1072 4601; x_wconf 86' lang='grc' dir='ltr'>τοῦτο</span> <span class='ocrx_word' id='word_1_534' title='bbox 1112 4549 1209 4602; x_wconf 72' lang='grc' dir='ltr'>καὶ</span> <span class='ocrx_word' id='word_1_535' title='bbox 1261 4548 1398 4619; x_wconf 87' lang='grc' dir='ltr'>μετὰ</span> <span class='ocrx_word' id='word_1_536' title='bbox 1442 4548 1753 4621; x_wconf 85' lang='grc' dir='ltr'>προθυμίας</span> <span class='ocrx_word' id='word_1_537' title='bbox 1785 4549 1884 4618; x_wconf 83' lang='grc' dir='ltr'>τήν</span> 
     </span>
    </p>
   </div>
   <div class='ocr_carea' id='block_1_71' title="bbox 293 4630 1884 4705">
    <p class='ocr_par' dir='ltr' id='par_1_71' title="bbox 293 4630 1884 4705">
     <span class='ocr_line' id='line_1_71' title="bbox 293 4630 1884 4705; baseline -0.003 -18"><span class='ocrx_word' id='word_1_538' title='bbox 293 4633 576 4705; x_wconf 76' lang='grc' dir='ltr'>τράπεζαν</span> <span class='ocrx_word' id='word_1_539' title='bbox 603 4631 1043 4703; x_wconf 81' lang='grc' dir='ltr'>παρατιθέμεθα,</span> <span class='ocrx_word' id='word_1_540' title='bbox 1080 4631 1169 4685; x_wconf 83' lang='grc' dir='ltr'>ἵνα</span> <span class='ocrx_word' id='word_1_541' title='bbox 1204 4631 1395 4700; x_wconf 84' lang='grc' dir='ltr'>φαγὼν</span> <span class='ocrx_word' id='word_1_542' title='bbox 1426 4633 1697 4702; x_wconf 80' lang='grc' dir='ltr'>εὑλογήσῃ</span> <span class='ocrx_word' id='word_1_543' title='bbox 1733 4630 1884 4703; x_wconf 65' lang='grc'>[261]</span> 
     </span>
    </p>
   </div>
   <div class='ocr_carea' id='block_1_72' title="bbox 297 4715 1890 4790">
    <p class='ocr_par' dir='ltr' id='par_1_72' title="bbox 297 4715 1890 4790">
     <span class='ocr_line' id='line_1_72' title="bbox 297 4715 1890 4790; baseline -0.004 -18"><span class='ocrx_word' id='word_1_544' title='bbox 297 4721 468 4790; x_wconf 77' lang='grc' dir='ltr'>ἡμᾶς.</span> <span class='ocrx_word' id='word_1_545' title='bbox 500 4718 615 4770; x_wconf 90' lang='grc' dir='ltr'>Ούκ</span> <span class='ocrx_word' id='word_1_546' title='bbox 642 4717 788 4769; x_wconf 76' lang='grc' dir='ltr'>ἐστιν</span> <span class='ocrx_word' id='word_1_547' title='bbox 817 4715 1052 4769; x_wconf 79' lang='grc' dir='ltr'>ἐνταῦθα</span> <span class='ocrx_word' id='word_1_548' title='bbox 1084 4716 1260 4784; x_wconf 83' lang='grc' dir='ltr'>κλοπὴ</span> <span class='ocrx_word' id='word_1_549' title='bbox 1303 4715 1398 4767; x_wconf 75' lang='grc' dir='ltr'>καὶ</span> <span class='ocrx_word' id='word_1_550' title='bbox 1438 4715 1607 4778; x_wconf 88' lang='grc' dir='ltr'>δόλος,</span> <span class='ocrx_word' id='word_1_551' title='bbox 1638 4715 1890 4786; x_wconf 89' lang='grc' dir='ltr'>καθάπερ</span> 
     </span>
    </p>
   </div>
   <div class='ocr_carea' id='block_1_73' title="bbox 298 4798 1892 4870">
    <p class='ocr_par' dir='ltr' id='par_1_73' title="bbox 298 4798 1892 4870">
     <span class='ocr_line' id='line_1_73' title="bbox 298 4798 1892 4870; baseline -0.002 -16"><span class='ocrx_word' id='word_1_552' title='bbox 298 4804 416 4856; x_wconf 86' lang='grc' dir='ltr'>ἐκεῖ</span> <span class='ocrx_word' id='word_1_553' title='bbox 449 4801 568 4853; x_wconf 89' lang='grc' dir='ltr'>τότε</span> <span class='ocrx_word' id='word_1_554' title='bbox 588 4815 602 4828; x_wconf 88' lang='grc'>·</span> <span class='ocrx_word' id='word_1_555' title='bbox 635 4799 820 4870; x_wconf 76' lang='grc' dir='ltr'>ἕτερος</span> <span class='ocrx_word' id='word_1_556' title='bbox 851 4799 948 4869; x_wconf 80' lang='grc' dir='ltr'>μὲν</span> <span class='ocrx_word' id='word_1_557' title='bbox 974 4798 1218 4867; x_wconf 84' lang='grc' dir='ltr'>ἐπετάγη</span> <span class='ocrx_word' id='word_1_558' title='bbox 1249 4799 1602 4867; x_wconf 85' lang='grc' dir='ltr'>εἰσενεγκεῖν,</span> <span class='ocrx_word' id='word_1_559' title='bbox 1628 4799 1812 4870; x_wconf 86' lang='grc' dir='ltr'>’έτερος</span> <span class='ocrx_word' id='word_1_560' title='bbox 1836 4799 1892 4851; x_wconf 82' lang='grc' dir='ltr'>δέ</span> 
     </span>
    </p>
   </div>
   <div class='ocr_carea' id='block_1_74' title="bbox 300 4881 1892 4957">
    <p class='ocr_par' dir='ltr' id='par_1_74' title="bbox 300 4881 1892 4957">
     <span class='ocr_line' id='line_1_74' title="bbox 300 4881 1892 4957; baseline -0.004 -19"><span class='ocrx_word' id='word_1_561' title='bbox 300 4886 622 4957; x_wconf 83' lang='grc' dir='ltr'>εἰσήνεγκεν</span> <span class='ocrx_word' id='word_1_562' title='bbox 649 4899 661 4912; x_wconf 91' lang='grc'>·</span> <span class='ocrx_word' id='word_1_563' title='bbox 709 4881 824 4935; x_wconf 87' lang='grc' dir='ltr'>ἀλλ’</span> <span class='ocrx_word' id='word_1_564' title='bbox 856 4881 969 4951; x_wconf 82' lang='grc' dir='ltr'>ἐγὼ</span> <span class='ocrx_word' id='word_1_565' title='bbox 997 4883 1090 4934; x_wconf 71' lang='grc' dir='ltr'>καὶ</span> <span class='ocrx_word' id='word_1_566' title='bbox 1121 4881 1396 4950; x_wconf 87' lang='grc' dir='ltr'>ἐπετάγην</span> <span class='ocrx_word' id='word_1_567' title='bbox 1431 4881 1892 4950; x_wconf 67' lang='grc' dir='ltr'>εἰσενεγκεῖνκαὶ</span> 
     </span>
    </p>
   </div>
   <div class='ocr_carea' id='block_1_75' title="bbox 300 4959 1892 5040">
    <p class='ocr_par' dir='ltr' id='par_1_75' title="bbox 300 4959 1892 5040">
     <span class='ocr_line' id='line_1_75' title="bbox 300 4959 1892 5040; baseline -0.004 -17"><span class='ocrx_word' id='word_1_568' title='bbox 300 4971 620 5040; x_wconf 86' lang='grc' dir='ltr'>εἰσήνεγκα.</span> <span class='ocrx_word' id='word_1_569' title='bbox 654 4966 965 5036; x_wconf 86' lang='grc' dir='ltr'>Εύλόγησον</span> <span class='ocrx_word' id='word_1_570' title='bbox 1011 4965 1076 5035; x_wconf 86' lang='grc' dir='ltr'>δὴ</span> <span class='ocrx_word' id='word_1_571' title='bbox 1127 4965 1297 5035; x_wconf 78' lang='grc' dir='ltr'>ἡμᾶς,</span> <span class='ocrx_word' id='word_1_572' title='bbox 1331 4959 1376 5019; x_wconf 79' lang='grc' dir='ltr'><strong>ὦ</strong></span> <span class='ocrx_word' id='word_1_573' title='bbox 1411 4967 1606 5036; x_wconf 88' lang='grc' dir='ltr'>πάτερ,</span> <span class='ocrx_word' id='word_1_574' title='bbox 1644 4965 1892 5032; x_wconf 72' lang='grc' dir='ltr'>εὐλογίαν</span> 
     </span>
    </p>
   </div>
   <div class='ocr_carea' id='block_1_76' title="bbox 303 5049 1891 5122">
    <p class='ocr_par' dir='ltr' id='par_1_76' title="bbox 303 5049 1891 5122">
     <span class='ocr_line' id='line_1_76' title="bbox 303 5049 1891 5122; baseline -0.005 -16"><span class='ocrx_word' id='word_1_575' title='bbox 303 5051 705 5122; x_wconf 76' lang='grc' dir='ltr'>πνευματικὴν,</span> <span class='ocrx_word' id='word_1_576' title='bbox 731 5051 826 5103; x_wconf 76' lang='grc' dir='ltr'>καὶ</span> <span class='ocrx_word' id='word_1_577' title='bbox 871 5049 938 5121; x_wconf 81' lang='grc' dir='ltr'>ἣν</span> <span class='ocrx_word' id='word_1_578' title='bbox 991 5049 1191 5112; x_wconf 87' lang='grc' dir='ltr'>πάντες</span> <span class='ocrx_word' id='word_1_579' title='bbox 1236 5051 1510 5121; x_wconf 80' lang='grc' dir='ltr'>εὐχόμεθα</span> <span class='ocrx_word' id='word_1_580' title='bbox 1559 5050 1743 5103; x_wconf 88' lang='grc' dir='ltr'>λαϐεῖν</span> <span class='ocrx_word' id='word_1_581' title='bbox 1785 5049 1891 5110; x_wconf 71' lang='grc' dir='ltr'>ἀεὶ,</span> 
     </span>
    </p>
   </div>
   <div class='ocr_carea' id='block_1_77' title="bbox 303 5132 1894 5204">
    <p class='ocr_par' dir='ltr' id='par_1_77' title="bbox 303 5132 1894 5204">
     <span class='ocr_line' id='line_1_77' title="bbox 303 5132 1894 5204; baseline -0.004 -15"><span class='ocrx_word' id='word_1_582' title='bbox 303 5137 400 5189; x_wconf 73' lang='grc' dir='ltr'>καὶ</span> <span class='ocrx_word' id='word_1_583' title='bbox 423 5137 520 5204; x_wconf 77' lang='grc' dir='ltr'>τὴν</span> <span class='ocrx_word' id='word_1_584' title='bbox 549 5136 610 5188; x_wconf 84' lang='grc' dir='ltr'>ού</span> <span class='ocrx_word' id='word_1_585' title='bbox 641 5135 724 5186; x_wconf 72' lang='grc' dir='ltr'>σοὶ</span> <span class='ocrx_word' id='word_1_586' title='bbox 753 5133 934 5204; x_wconf 91' lang='grc' dir='ltr'>μόνον,</span> <span class='ocrx_word' id='word_1_587' title='bbox 967 5132 1102 5185; x_wconf 89' lang='grc' dir='ltr'>ἀλλά</span> <span class='ocrx_word' id='word_1_588' title='bbox 1132 5135 1226 5186; x_wconf 73' lang='grc' dir='ltr'>καὶ</span> <span class='ocrx_word' id='word_1_589' title='bbox 1258 5134 1384 5204; x_wconf 73' lang='grc' dir='ltr'>ἐμοὶ</span> <span class='ocrx_word' id='word_1_590' title='bbox 1410 5135 1503 5186; x_wconf 72' lang='grc' dir='ltr'>καὶ</span> <span class='ocrx_word' id='word_1_591' title='bbox 1529 5133 1738 5196; x_wconf 80' lang='grc' dir='ltr'>τούτοις</span> <span class='ocrx_word' id='word_1_592' title='bbox 1762 5133 1894 5186; x_wconf 80' lang='grc' dir='ltr'>πᾶσι</span> 
     </span>
    </p>
   </div>
   <div class='ocr_carea' id='block_1_78' title="bbox 304 5216 1896 5291">
    <p class='ocr_par' dir='ltr' id='par_1_78' title="bbox 304 5216 1896 5291">
     <span class='ocr_line' id='line_1_78' title="bbox 304 5216 1896 5291; baseline -0.004 -20"><span class='ocrx_word' id='word_1_593' title='bbox 304 5219 617 5291; x_wconf 82' lang='grc' dir='ltr'>χρησίμην·</span> <span class='ocrx_word' id='word_1_594' title='bbox 651 5217 1036 5288; x_wconf 85' lang='grc' dir='ltr'>παρακάλεσον</span> <span class='ocrx_word' id='word_1_595' title='bbox 1075 5216 1174 5269; x_wconf 78' lang='grc' dir='ltr'>τὸν</span> <span class='ocrx_word' id='word_1_596' title='bbox 1221 5218 1400 5269; x_wconf 76' lang='grc' dir='ltr'>κοινὸν</span> <span class='ocrx_word' id='word_1_597' title='bbox 1445 5217 1603 5287; x_wconf 84' lang='grc' dir='ltr'>ἡμῶν</span> <span class='ocrx_word' id='word_1_598' title='bbox 1639 5217 1896 5269; x_wconf 83' lang='grc' dir='ltr'>ἁπάντων</span> 
     </span>
    </p>
   </div>
   <div class='ocr_carea' id='block_1_79' title="bbox 306 5298 1896 5373">
    <p class='ocr_par' dir='ltr' id='par_1_79' title="bbox 306 5298 1896 5373">
     <span class='ocr_line' id='line_1_79' title="bbox 306 5298 1896 5373; baseline -0.005 -18"><span class='ocrx_word' id='word_1_599' title='bbox 306 5303 607 5373; x_wconf 88' lang='grc' dir='ltr'>Δεσπότην,</span> <span class='ocrx_word' id='word_1_600' title='bbox 645 5303 724 5364; x_wconf 86' lang='grc' dir='ltr'>εἰς</span> <span class='ocrx_word' id='word_1_601' title='bbox 748 5301 808 5353; x_wconf 81' lang='grc' dir='ltr'>τὸ</span> <span class='ocrx_word' id='word_1_602' title='bbox 841 5300 1050 5372; x_wconf 70' lang='grc' dir='ltr'>μακρὸν</span> <span class='ocrx_word' id='word_1_603' title='bbox 1078 5299 1258 5370; x_wconf 89' lang='grc' dir='ltr'>γῆρας</span> <span class='ocrx_word' id='word_1_604' title='bbox 1283 5299 1379 5353; x_wconf 90' lang='grc' dir='ltr'>τοῦ</span> <span class='ocrx_word' id='word_1_605' title='bbox 1419 5299 1604 5353; x_wconf 83' lang='grc' dir='ltr'>Ἰσαὰκ</span> <span class='ocrx_word' id='word_1_606' title='bbox 1630 5301 1729 5372; x_wconf 77' lang='grc' dir='ltr'>τὴν</span> <span class='ocrx_word' id='word_1_607' title='bbox 1751 5298 1896 5368; x_wconf 78' lang='grc' dir='ltr'>ζωὴν</span> 
     </span>
    </p>
   </div>
   <div class='ocr_carea' id='block_1_80' title="bbox 371 5468 1709 5528">
    <p class='ocr_par' dir='ltr' id='par_1_80' title="bbox 371 5468 1709 5528">
     <span class='ocr_line' id='line_1_80' title="bbox 371 5468 1709 5528; baseline -0.001 -10"><span class='ocrx_word' id='word_1_608' title='bbox 371 5471 399 5499; x_wconf 76' lang='grc'><strong><em>⁸</em></strong></span> <span class='ocrx_word' id='word_1_609' title='bbox 423 5469 620 5518; x_wconf 73' lang='lat' dir='ltr'>Titulus</span> <span class='ocrx_word' id='word_1_610' title='bbox 637 5470 688 5516; x_wconf 83' lang='lat' dir='ltr'><strong>in</strong></span> <span class='ocrx_word' id='word_1_611' title='bbox 714 5469 823 5517; x_wconf 83' lang='lat' dir='ltr'>Sav.</span> <span class='ocrx_word' id='word_1_612' title='bbox 842 5469 959 5528; x_wconf 82' lang='grc' dir='ltr'>πρὸς</span> <span class='ocrx_word' id='word_1_613' title='bbox 980 5469 1088 5525; x_wconf 80' lang='grc' dir='ltr'>τοῦς</span> <span class='ocrx_word' id='word_1_614' title='bbox 1111 5468 1364 5526; x_wconf 76' lang='grc' dir='ltr'>ζητοῦντας</span> <span class='ocrx_word' id='word_1_615' title='bbox 1380 5470 1522 5528; x_wconf 84' lang='grc' dir='ltr'>τίνος,</span> <span class='ocrx_word' id='word_1_616' title='bbox 1549 5487 1654 5518; x_wconf 87' lang='grc' dir='ltr'>κ.τ.</span> <span class='ocrx_word' id='word_1_617' title='bbox 1671 5471 1709 5516; x_wconf 84' lang='grc' dir='ltr'>ἐ.</span> 
     </span>
    </p>
   </div>
   <div class='ocr_carea' id='block_1_81' title="bbox 371 5529 1899 5594">
    <p class='ocr_par' dir='ltr' id='par_1_81' title="bbox 371 5529 1899 5594">
     <span class='ocr_line' id='line_1_81' title="bbox 371 5529 1899 5594; baseline -0.002 -15"><span class='ocrx_word' id='word_1_618' title='bbox 371 5532 400 5571; x_wconf 76' lang='grc' dir='ltr'><strong>ι</strong></span> <span class='ocrx_word' id='word_1_619' title='bbox 425 5534 534 5594; x_wconf 75' lang='grc' dir='ltr'>Τῶν</span> <span class='ocrx_word' id='word_1_620' title='bbox 557 5531 734 5578; x_wconf 84' lang='grc' dir='ltr'>ποδῶν.</span> <span class='ocrx_word' id='word_1_621' title='bbox 762 5529 834 5579; x_wconf 76' lang='lat' dir='ltr'><strong>lla</strong></span> <span class='ocrx_word' id='word_1_622' title='bbox 852 5529 1068 5594; x_wconf 76' lang='lat' dir='ltr'>Reg.,et</span> <span class='ocrx_word' id='word_1_623' title='bbox 1092 5532 1220 5580; x_wconf 86' lang='lat' dir='ltr'>hanc</span> <span class='ocrx_word' id='word_1_624' title='bbox 1248 5531 1514 5581; x_wconf 77' lang='lat' dir='ltr'>lectionem</span> <span class='ocrx_word' id='word_1_625' title='bbox 1536 5532 1682 5579; x_wconf 75' lang='lat' dir='ltr'><strong>atl‘erl</strong></span> <span class='ocrx_word' id='word_1_626' title='bbox 1699 5533 1748 5579; x_wconf 86' lang='lat' dir='ltr'><strong>in</strong></span> <span class='ocrx_word' id='word_1_627' title='bbox 1768 5531 1899 5579; x_wconf 85' lang='lat' dir='ltr'><strong>nolis</strong></span> 
     </span>
    </p>
   </div>
   <div class='ocr_carea' id='block_1_82' title="bbox 310 5591 1898 5653">
    <p class='ocr_par' dir='ltr' id='par_1_82' title="bbox 310 5591 1898 5653">
     <span class='ocr_line' id='line_1_82' title="bbox 310 5591 1898 5653; baseline -0.004 -9"><span class='ocrx_word' id='word_1_628' title='bbox 310 5595 500 5644; x_wconf 71' lang='lat' dir='ltr'><strong>Fronto</strong></span> <span class='ocrx_word' id='word_1_629' title='bbox 515 5591 724 5640; x_wconf 60' lang='lat' dir='ltr'><strong>Ducena</strong></span> <span class='ocrx_word' id='word_1_630' title='bbox 737 5611 748 5638; x_wconf 73' lang='grc' dir='ltr'>ι</span> <span class='ocrx_word' id='word_1_631' title='bbox 762 5605 873 5653; x_wconf 66' lang='grc' dir='ltr'>ηοω</span> <span class='ocrx_word' id='word_1_632' title='bbox 885 5591 1058 5652; x_wconf 67' lang='lat' dir='ltr'>utique</span> <span class='ocrx_word' id='word_1_633' title='bbox 1072 5606 1186 5641; x_wconf 86' lang='lat' dir='ltr'><strong>vera</strong></span> <span class='ocrx_word' id='word_1_634' title='bbox 1201 5598 1254 5640; x_wconf 80' lang='lat' dir='ltr'><strong>et</strong></span> <span class='ocrx_word' id='word_1_635' title='bbox 1273 5606 1504 5653; x_wconf 80' lang='lat' dir='ltr'>germana</span> <span class='ocrx_word' id='word_1_636' title='bbox 1519 5597 1615 5649; x_wconf 77' lang='lat' dir='ltr'>est,</span> <span class='ocrx_word' id='word_1_637' title='bbox 1628 5599 1795 5641; x_wconf 79' lang='lat' dir='ltr'>contra</span> <span class='ocrx_word' id='word_1_638' title='bbox 1813 5607 1898 5640; x_wconf 78' lang='lat' dir='ltr'><strong>ve-</strong></span> 
     </span>
    </p>
   </div>
   <div class='ocr_carea' id='block_1_83' title="bbox 311 5653 1896 5714">
    <p class='ocr_par' dir='ltr' id='par_1_83' title="bbox 311 5653 1896 5714">
     <span class='ocr_line' id='line_1_83' title="bbox 311 5653 1896 5714; baseline 0 -10"><span class='ocrx_word' id='word_1_639' title='bbox 311 5655 642 5713; x_wconf 79' lang='lat' dir='ltr'>roilla,quam</span> <span class='ocrx_word' id='word_1_640' title='bbox 664 5653 866 5714; x_wconf 71' lang='lat' dir='ltr'>praefert</span> <span class='ocrx_word' id='word_1_641' title='bbox 889 5654 1014 5714; x_wconf 78' lang='lat' dir='ltr'><strong>edit.</strong></span> <span class='ocrx_word' id='word_1_642' title='bbox 1043 5655 1214 5703; x_wconf 82' lang='lat' dir='ltr'>Morel.</span> <span class='ocrx_word' id='word_1_643' title='bbox 1239 5658 1334 5702; x_wconf 85' lang='grc' dir='ltr'>τῶν</span> <span class='ocrx_word' id='word_1_644' title='bbox 1347 5657 1538 5703; x_wconf 81' lang='grc' dir='ltr'>πολλῶν</span> <span class='ocrx_word' id='word_1_645' title='bbox 1551 5653 1737 5712; x_wconf 73' lang='lat' dir='ltr'>vitiata,</span> <span class='ocrx_word' id='word_1_646' title='bbox 1760 5662 1813 5702; x_wconf 82' lang='lat' dir='ltr'>ul</span> <span class='ocrx_word' id='word_1_647' title='bbox 1838 5667 1896 5705; x_wconf 78' lang='lat' dir='ltr'><strong>ex</strong></span> 
     </span>
    </p>
   </div>
   <div class='ocr_carea' id='block_1_84' title="bbox 312 5713 1900 5778">
    <p class='ocr_par' dir='ltr' id='par_1_84' title="bbox 312 5713 1900 5778">
     <span class='ocr_line' id='line_1_84' title="bbox 312 5713 1900 5778; baseline 0.001 -13"><span class='ocrx_word' id='word_1_648' title='bbox 312 5718 448 5765; x_wconf 62' lang='lat' dir='ltr'><strong>serie</strong></span> <span class='ocrx_word' id='word_1_649' title='bbox 471 5715 648 5776; x_wconf 74' lang='lat' dir='ltr'><strong>liquet.</strong></span> <span class='ocrx_word' id='word_1_650' title='bbox 670 5713 794 5778; x_wconf 71' lang='lat' dir='ltr'><strong>Pari</strong></span> <span class='ocrx_word' id='word_1_651' title='bbox 813 5713 933 5778; x_wconf 81' lang='lat' dir='ltr'><strong>vilio</strong></span> <span class='ocrx_word' id='word_1_652' title='bbox 963 5715 1216 5778; x_wconf 62' lang='lat' dir='ltr'>laborabat</span> <span class='ocrx_word' id='word_1_653' title='bbox 1249 5718 1650 5778; x_wconf 80' lang='lat' dir='ltr'><strong>lccliosequens</strong></span> <span class='ocrx_word' id='word_1_654' title='bbox 1681 5717 1900 5778; x_wconf 80' lang='grc' dir='ltr'>λαμπρὰν</span> 
     </span>
    </p>
   </div>
   <div class='ocr_carea' id='block_1_85' title="bbox 312 5775 1900 5846">
    <p class='ocr_par' dir='ltr' id='par_1_85' title="bbox 312 5775 1900 5846">
     <span class='ocr_line' id='line_1_85' title="bbox 312 5775 1900 5846; baseline 0.001 -19"><span class='ocrx_word' id='word_1_655' title='bbox 312 5775 548 5846; x_wconf 63' lang='grc' dir='ltr'>πόλινρηό</span> <span class='ocrx_word' id='word_1_656' title='bbox 558 5777 774 5846; x_wconf 71' lang='grc' dir='ltr'>λαμπρὰν</span> <span class='ocrx_word' id='word_1_657' title='bbox 785 5776 971 5846; x_wconf 60' lang='grc' dir='ltr'>πολιὰν,</span> <span class='ocrx_word' id='word_1_658' title='bbox 982 5775 1290 5846; x_wconf 53' lang='lat' dir='ltr'>splendidam</span> <span class='ocrx_word' id='word_1_659' title='bbox 1309 5775 1551 5846; x_wconf 61' lang='grc' dir='ltr'>οιιριὶιὶειῐι,</span> <span class='ocrx_word' id='word_1_660' title='bbox 1565 5791 1628 5846; x_wconf 82' lang='lat' dir='ltr'>q_u</span> <span class='ocrx_word' id='word_1_661' title='bbox 1635 5792 1709 5825; x_wconf 86' lang='lat' dir='ltr'><strong>am</strong></span> <span class='ocrx_word' id='word_1_662' title='bbox 1724 5775 1900 5846; x_wconf 65' lang='lat' dir='ltr'>lectio-</span> 
     </span>
    </p>
   </div>
   <div class='ocr_carea' id='block_1_86' title="bbox 319 5837 1897 5908">
    <p class='ocr_par' dir='ltr' id='par_1_86' title="bbox 319 5837 1897 5908">
     <span class='ocr_line' id='line_1_86' title="bbox 319 5837 1897 5908; baseline 0.003 -21"><span class='ocrx_word' id='word_1_663' title='bbox 319 5853 435 5908; x_wconf 62' lang='lat' dir='ltr'>nem</span> <span class='ocrx_word' id='word_1_664' title='bbox 450 5837 743 5908; x_wconf 59' lang='lat' dir='ltr'><strong>habelidejn</strong></span> <span class='ocrx_word' id='word_1_665' title='bbox 755 5838 910 5908; x_wconf 76' lang='lat' dir='ltr'><strong>eodex</strong></span> <span class='ocrx_word' id='word_1_666' title='bbox 935 5837 1059 5908; x_wconf 74' lang='lat' dir='ltr'>Reg.</span> <span class='ocrx_word' id='word_1_667' title='bbox 1075 5846 1128 5888; x_wconf 77' lang='lat' dir='ltr'>el</span> <span class='ocrx_word' id='word_1_668' title='bbox 1152 5841 1333 5889; x_wconf 78' lang='lat' dir='ltr'><strong>Fronto</strong></span> <span class='ocrx_word' id='word_1_669' title='bbox 1356 5837 1897 5908; x_wconf 62' lang='lat' dir='ltr'>_l)pcaalns]nnoli$,lei</span> 
     </span>
    </p>
   </div>
   <div class='ocr_carea' id='block_1_87' title="bbox 317 5899 1898 5963">
    <p class='ocr_par' dir='ltr' id='par_1_87' title="bbox 317 5899 1898 5963">
     <span class='ocr_line' id='line_1_87' title="bbox 317 5899 1898 5963; baseline 0.001 -12"><span class='ocrx_word' id='word_1_670' title='bbox 317 5906 482 5952; x_wconf 75' lang='lat' dir='ltr'><strong>tamen</strong></span> <span class='ocrx_word' id='word_1_671' title='bbox 517 5900 652 5949; x_wconf 77' lang='grc' dir='ltr'>πόλιν</span> <span class='ocrx_word' id='word_1_672' title='bbox 685 5899 732 5948; x_wconf 89' lang='lat' dir='ltr'>in</span> <span class='ocrx_word' id='word_1_673' title='bbox 766 5904 905 5950; x_wconf 75' lang='lat' dir='ltr'>textu</span> <span class='ocrx_word' id='word_1_674' title='bbox 935 5899 1225 5963; x_wconf 78' lang='lat' dir='ltr'><strong>reliquerat,</strong></span> <span class='ocrx_word' id='word_1_675' title='bbox 1251 5899 1561 5953; x_wconf 70' lang='lat' dir='ltr'>clcivitalcm</span> <span class='ocrx_word' id='word_1_676' title='bbox 1583 5899 1631 5952; x_wconf 83' lang='lat' dir='ltr'>in</span> <span class='ocrx_word' id='word_1_677' title='bbox 1655 5899 1898 5958; x_wconf 73' lang='lat' dir='ltr'>versioxic.</span> 
     </span>
    </p>
   </div>
   <div class='ocr_carea' id='block_1_88' title="bbox 1977 3307 3567 3378">
    <p class='ocr_par' dir='ltr' id='par_1_88' title="bbox 1977 3307 3567 3378">
     <span class='ocr_line' id='line_1_88' title="bbox 1977 3307 3567 3378; baseline -0.004 -12"><span class='ocrx_word' id='word_1_678' title='bbox 1977 3309 2076 3378; x_wconf 78' lang='grc' dir='ltr'>τὴν</span> <span class='ocrx_word' id='word_1_679' title='bbox 2118 3309 2215 3378; x_wconf 83' lang='grc' dir='ltr'>σὴν</span> <span class='ocrx_word' id='word_1_680' title='bbox 2247 3309 2554 3378; x_wconf 82' lang='grc' dir='ltr'>ἐξαγαγεῖν.</span> <span class='ocrx_word' id='word_1_681' title='bbox 2594 3308 2764 3361; x_wconf 86' lang='grc' dir='ltr'>Τοῦτο</span> <span class='ocrx_word' id='word_1_682' title='bbox 2795 3307 2903 3378; x_wconf 77' lang='grc' dir='ltr'>γὰρ</span> <span class='ocrx_word' id='word_1_683' title='bbox 2948 3308 3042 3361; x_wconf 76' lang='grc' dir='ltr'>καὶ</span> <span class='ocrx_word' id='word_1_684' title='bbox 3082 3308 3208 3378; x_wconf 74' lang='grc' dir='ltr'>ἐμοὶ</span> <span class='ocrx_word' id='word_1_685' title='bbox 3241 3308 3331 3362; x_wconf 78' lang='grc' dir='ltr'>καὶ</span> <span class='ocrx_word' id='word_1_686' title='bbox 3360 3308 3567 3372; x_wconf 79' lang='grc' dir='ltr'>τούτοις</span> 
     </span>
    </p>
   </div>
   <div class='ocr_carea' id='block_1_89' title="bbox 1977 3391 3569 3464">
    <p class='ocr_par' dir='ltr' id='par_1_89' title="bbox 1977 3391 3569 3464">
     <span class='ocr_line' id='line_1_89' title="bbox 1977 3391 3569 3464; baseline 0.002 -22"><span class='ocrx_word' id='word_1_687' title='bbox 1977 3392 2075 3460; x_wconf 86' lang='grc' dir='ltr'>τῆς</span> <span class='ocrx_word' id='word_1_688' title='bbox 2105 3391 2296 3461; x_wconf 81' lang='grc' dir='ltr'>δρόσου</span> <span class='ocrx_word' id='word_1_689' title='bbox 2322 3392 2417 3445; x_wconf 91' lang='grc' dir='ltr'>τοῦ</span> <span class='ocrx_word' id='word_1_690' title='bbox 2443 3394 2676 3464; x_wconf 87' lang='grc' dir='ltr'>ούρανοῦ</span> <span class='ocrx_word' id='word_1_691' title='bbox 2709 3392 2803 3444; x_wconf 72' lang='grc' dir='ltr'>καὶ</span> <span class='ocrx_word' id='word_1_692' title='bbox 2833 3393 2931 3462; x_wconf 80' lang='grc' dir='ltr'>τῆς</span> <span class='ocrx_word' id='word_1_693' title='bbox 2959 3393 3210 3462; x_wconf 84' lang='grc' dir='ltr'>πιότητος</span> <span class='ocrx_word' id='word_1_694' title='bbox 3230 3393 3328 3462; x_wconf 87' lang='grc' dir='ltr'>τῆς</span> <span class='ocrx_word' id='word_1_695' title='bbox 3352 3393 3457 3461; x_wconf 84' lang='grc' dir='ltr'>γῆς</span> <span class='ocrx_word' id='word_1_696' title='bbox 3486 3409 3569 3445; x_wconf 85' lang='grc' dir='ltr'>τι-</span> 
     </span>
    </p>
   </div>
   <div class='ocr_carea' id='block_1_90' title="bbox 1981 3475 2865 3546">
    <p class='ocr_par' dir='ltr' id='par_1_90' title="bbox 1981 3475 2865 3546">
     <span class='ocr_line' id='line_1_90' title="bbox 1981 3475 2865 3546; baseline 0.003 -20"><span class='ocrx_word' id='word_1_697' title='bbox 1981 3475 2250 3545; x_wconf 88' lang='grc' dir='ltr'>μιώτερον</span> <span class='ocrx_word' id='word_1_698' title='bbox 2284 3477 2379 3529; x_wconf 74' lang='grc' dir='ltr'>καὶ</span> <span class='ocrx_word' id='word_1_699' title='bbox 2411 3475 2865 3546; x_wconf 88' lang='grc' dir='ltr'>ἀναγκαιότερον.</span> 
     </span>
    </p>
   </div>
   <div class='ocr_carea' id='block_1_91' title="bbox 2063 3556 3568 3630">
    <p class='ocr_par' dir='ltr' id='par_1_91' title="bbox 2063 3556 3568 3630">
     <span class='ocr_line' id='line_1_91' title="bbox 2063 3556 3568 3630; baseline 0 -21"><span class='ocrx_word' id='word_1_700' title='bbox 2063 3557 2224 3611; x_wconf 87' lang='grc' dir='ltr'>Ἀλλά</span> <span class='ocrx_word' id='word_1_701' title='bbox 2248 3558 2358 3630; x_wconf 81' lang='grc' dir='ltr'>γὰρ</span> <span class='ocrx_word' id='word_1_702' title='bbox 2392 3559 2512 3630; x_wconf 86' lang='grc' dir='ltr'>ῶρα</span> <span class='ocrx_word' id='word_1_703' title='bbox 2543 3557 2732 3611; x_wconf 77' lang='grc' dir='ltr'>λοιπὸν</span> <span class='ocrx_word' id='word_1_704' title='bbox 2764 3559 3088 3629; x_wconf 87' lang='grc' dir='ltr'>παραθεῖναι</span> <span class='ocrx_word' id='word_1_705' title='bbox 3121 3558 3221 3629; x_wconf 77' lang='grc' dir='ltr'>τὴν</span> <span class='ocrx_word' id='word_1_706' title='bbox 3253 3556 3534 3622; x_wconf 73' lang='grc' dir='ltr'>τράπεζαν</span> <span class='ocrx_word' id='word_1_707' title='bbox 3555 3573 3568 3586; x_wconf 73' lang='grc'><strong>⁸</strong></span> 
     </span>
    </p>
   </div>
   <div class='ocr_carea' id='block_1_92' title="bbox 1978 3639 3573 3715">
    <p class='ocr_par' dir='ltr' id='par_1_92' title="bbox 1978 3639 3573 3715">
     <span class='ocr_line' id='line_1_92' title="bbox 1978 3639 3573 3715; baseline -0.001 -22"><span class='ocrx_word' id='word_1_708' title='bbox 1978 3642 2061 3704; x_wconf 88' lang='grc' dir='ltr'>τίς</span> <span class='ocrx_word' id='word_1_709' title='bbox 2089 3639 2182 3696; x_wconf 80' lang='grc' dir='ltr'>οὖν</span> <span class='ocrx_word' id='word_1_710' title='bbox 2213 3645 2361 3697; x_wconf 87' lang='grc' dir='ltr'>ἐστιν</span> <span class='ocrx_word' id='word_1_711' title='bbox 2401 3643 2581 3715; x_wconf 76' lang='grc' dir='ltr'>αὕτης</span> <span class='ocrx_word' id='word_1_712' title='bbox 2613 3643 2695 3698; x_wconf 82' lang='grc' dir='ltr'>Τά</span> <span class='ocrx_word' id='word_1_713' title='bbox 2720 3644 2950 3715; x_wconf 81' lang='grc' dir='ltr'>λείψανα</span> <span class='ocrx_word' id='word_1_714' title='bbox 2981 3643 3092 3696; x_wconf 90' lang='grc' dir='ltr'>τῶν</span> <span class='ocrx_word' id='word_1_715' title='bbox 3126 3641 3316 3713; x_wconf 86' lang='grc' dir='ltr'>πρώην</span> <span class='ocrx_word' id='word_1_716' title='bbox 3346 3641 3573 3713; x_wconf 86' lang='grc' dir='ltr'>εἰρημέ-</span> 
     </span>
    </p>
   </div>
   <div class='ocr_carea' id='block_1_93' title="bbox 1980 3726 3573 3800">
    <p class='ocr_par' dir='ltr' id='par_1_93' title="bbox 1980 3726 3573 3800">
     <span class='ocr_line' id='line_1_93' title="bbox 1980 3726 3573 3800; baseline 0 -23"><span class='ocrx_word' id='word_1_717' title='bbox 1980 3743 2086 3778; x_wconf 90' lang='grc' dir='ltr'>νων</span> <span class='ocrx_word' id='word_1_718' title='bbox 2122 3728 2256 3798; x_wconf 75' lang='grc' dir='ltr'>πρὸς</span> <span class='ocrx_word' id='word_1_719' title='bbox 2301 3727 2401 3798; x_wconf 80' lang='grc' dir='ltr'>τήν</span> <span class='ocrx_word' id='word_1_720' title='bbox 2446 3727 2726 3800; x_wconf 87' lang='grc' dir='ltr'>ὑμετέραν</span> <span class='ocrx_word' id='word_1_721' title='bbox 2778 3729 3032 3796; x_wconf 86' lang='grc' dir='ltr'>ἀγάπην·</span> <span class='ocrx_word' id='word_1_722' title='bbox 3079 3726 3158 3780; x_wconf 80' lang='grc' dir='ltr'>ἔτι</span> <span class='ocrx_word' id='word_1_723' title='bbox 3195 3727 3322 3797; x_wconf 82' lang='grc' dir='ltr'>γὰρ.</span> <span class='ocrx_word' id='word_1_724' title='bbox 3371 3726 3452 3777; x_wconf 82' lang='grc' dir='ltr'>ἐτι</span> <span class='ocrx_word' id='word_1_725' title='bbox 3482 3726 3573 3778; x_wconf 76' lang='grc' dir='ltr'>τὸν</span> 
     </span>
    </p>
   </div>
   <div class='ocr_carea' id='block_1_94' title="bbox 1982 3809 3574 3881">
    <p class='ocr_par' dir='ltr' id='par_1_94' title="bbox 1982 3809 3574 3881">
     <span class='ocr_line' id='line_1_94' title="bbox 1982 3809 3574 3881; baseline -0.001 -20"><span class='ocrx_word' id='word_1_726' title='bbox 1982 3812 2111 3881; x_wconf 79' lang='grc' dir='ltr'>περὶ</span> <span class='ocrx_word' id='word_1_727' title='bbox 2137 3809 2232 3862; x_wconf 91' lang='grc' dir='ltr'>τοῦ</span> <span class='ocrx_word' id='word_1_728' title='bbox 2267 3809 2512 3864; x_wconf 85' lang='grc' dir='ltr'>διαϐόλου</span> <span class='ocrx_word' id='word_1_729' title='bbox 2545 3810 2704 3880; x_wconf 87' lang='grc' dir='ltr'>λόγον</span> <span class='ocrx_word' id='word_1_730' title='bbox 2732 3811 3121 3880; x_wconf 89' lang='grc' dir='ltr'>ἀνακινοῦμεν,</span> <span class='ocrx_word' id='word_1_731' title='bbox 3154 3810 3212 3862; x_wconf 81' lang='grc' dir='ltr'>ὃν</span> <span class='ocrx_word' id='word_1_732' title='bbox 3239 3810 3344 3880; x_wconf 75' lang='grc' dir='ltr'>πρὸ</span> <span class='ocrx_word' id='word_1_733' title='bbox 3369 3809 3574 3861; x_wconf 85' lang='grc' dir='ltr'>τούτων</span> 
     </span>
    </p>
   </div>
   <div class='ocr_carea' id='block_1_95' title="bbox 1981 3892 3576 3966">
    <p class='ocr_par' dir='ltr' id='par_1_95' title="bbox 1981 3892 3576 3966">
     <span class='ocr_line' id='line_1_95' title="bbox 1981 3892 3576 3966; baseline 0 -22"><span class='ocrx_word' id='word_1_734' title='bbox 1981 3893 2089 3946; x_wconf 89' lang='grc' dir='ltr'>τῶν</span> <span class='ocrx_word' id='word_1_735' title='bbox 2118 3892 2209 3946; x_wconf 90' lang='grc' dir='ltr'>δύο</span> <span class='ocrx_word' id='word_1_736' title='bbox 2228 3894 2452 3966; x_wconf 89' lang='grc' dir='ltr'>ήμερῶν</span> <span class='ocrx_word' id='word_1_737' title='bbox 2481 3896 2818 3965; x_wconf 84' lang='grc' dir='ltr'>ἐκινήσαμεν</span> <span class='ocrx_word' id='word_1_738' title='bbox 2837 3911 2848 3924; x_wconf 95' lang='grc'>·</span> <span class='ocrx_word' id='word_1_739' title='bbox 2886 3895 2944 3946; x_wconf 82' lang='grc' dir='ltr'>ὃν</span> <span class='ocrx_word' id='word_1_740' title='bbox 2972 3895 3066 3946; x_wconf 67' lang='grc' dir='ltr'>καὶ</span> <span class='ocrx_word' id='word_1_741' title='bbox 3092 3893 3258 3946; x_wconf 78' lang='grc' dir='ltr'>ἕωθεν</span> <span class='ocrx_word' id='word_1_742' title='bbox 3286 3893 3424 3964; x_wconf 83' lang='grc' dir='ltr'>πρὸς</span> <span class='ocrx_word' id='word_1_743' title='bbox 3448 3894 3576 3956; x_wconf 77' lang='grc' dir='ltr'>τους</span> 
     </span>
    </p>
   </div>
   <div class='ocr_carea' id='block_1_96' title="bbox 1989 3978 3576 4049">
    <p class='ocr_par' dir='ltr' id='par_1_96' title="bbox 1989 3978 3576 4049">
     <span class='ocr_line' id='line_1_96' title="bbox 1989 3978 3576 4049; baseline -0.001 -20"><span class='ocrx_word' id='word_1_744' title='bbox 1989 3979 2558 4048; x_wconf 89' lang='grc' dir='ltr'>μυσταγωγουμένους</span> <span class='ocrx_word' id='word_1_745' title='bbox 2589 3981 2845 4049; x_wconf 77' lang='grc' dir='ltr'>εἴπαμεν,</span> <span class='ocrx_word' id='word_1_746' title='bbox 2875 3980 2962 4032; x_wconf 79' lang='grc' dir='ltr'>ὅτε</span> <span class='ocrx_word' id='word_1_747' title='bbox 2994 3979 3124 4049; x_wconf 70' lang='grc' dir='ltr'>περὶ</span> <span class='ocrx_word' id='word_1_748' title='bbox 3166 3978 3450 4047; x_wconf 86' lang='grc' dir='ltr'>ἁποταγῆς</span> <span class='ocrx_word' id='word_1_749' title='bbox 3482 3979 3576 4030; x_wconf 71' lang='grc' dir='ltr'>καὶ</span> 
     </span>
    </p>
   </div>
   <div class='ocr_carea' id='block_1_97' title="bbox 1987 4061 3577 4134">
    <p class='ocr_par' dir='ltr' id='par_1_97' title="bbox 1987 4061 3577 4134">
     <span class='ocr_line' id='line_1_97' title="bbox 1987 4061 3577 4134; baseline 0 -20"><span class='ocrx_word' id='word_1_750' title='bbox 1987 4063 2257 4132; x_wconf 87' lang='grc' dir='ltr'>συνταγῆς</span> <span class='ocrx_word' id='word_1_751' title='bbox 2301 4062 2655 4132; x_wconf 88' lang='grc' dir='ltr'>διελεγόμεθα</span> <span class='ocrx_word' id='word_1_752' title='bbox 2703 4063 2934 4126; x_wconf 87' lang='grc' dir='ltr'>τούτοις.</span> <span class='ocrx_word' id='word_1_753' title='bbox 2992 4063 3262 4134; x_wconf 85' lang='grc' dir='ltr'>Ποιοῦμεν</span> <span class='ocrx_word' id='word_1_754' title='bbox 3314 4062 3370 4114; x_wconf 85' lang='grc' dir='ltr'>δέ</span> <span class='ocrx_word' id='word_1_755' title='bbox 3419 4061 3577 4114; x_wconf 84' lang='grc' dir='ltr'>τοῦτο</span> 
     </span>
    </p>
   </div>
   <div class='ocr_carea' id='block_1_98' title="bbox 1985 4144 3574 4217">
    <p class='ocr_par' dir='ltr' id='par_1_98' title="bbox 1985 4144 3574 4217">
     <span class='ocr_line' id='line_1_98' title="bbox 1985 4144 3574 4217; baseline -0.001 -20"><span class='ocrx_word' id='word_1_756' title='bbox 1985 4145 2083 4198; x_wconf 79' lang='grc' dir='ltr'>οὐκ</span> <span class='ocrx_word' id='word_1_757' title='bbox 2129 4145 2314 4217; x_wconf 80' lang='grc' dir='ltr'>ἐπειδὴ</span> <span class='ocrx_word' id='word_1_758' title='bbox 2352 4147 2481 4216; x_wconf 78' lang='grc' dir='ltr'>ἡδὺς</span> <span class='ocrx_word' id='word_1_759' title='bbox 2529 4149 2662 4216; x_wconf 88' lang='grc' dir='ltr'>ήμῖν</span> <span class='ocrx_word' id='word_1_760' title='bbox 2704 4149 2732 4199; x_wconf 87' lang='grc' dir='ltr'>ὁ</span> <span class='ocrx_word' id='word_1_761' title='bbox 2773 4147 2903 4217; x_wconf 77' lang='grc' dir='ltr'>περὶ</span> <span class='ocrx_word' id='word_1_762' title='bbox 2953 4145 3048 4199; x_wconf 82' lang='grc' dir='ltr'>τοῦ</span> <span class='ocrx_word' id='word_1_763' title='bbox 3097 4146 3346 4198; x_wconf 84' lang='grc' dir='ltr'>διαϐόλου</span> <span class='ocrx_word' id='word_1_764' title='bbox 3395 4144 3574 4212; x_wconf 87' lang='grc' dir='ltr'>λόγος,</span> 
     </span>
    </p>
   </div>
   <div class='ocr_carea' id='block_1_99' title="bbox 1986 4227 3578 4299">
    <p class='ocr_par' dir='ltr' id='par_1_99' title="bbox 1986 4227 3578 4299">
     <span class='ocr_line' id='line_1_99' title="bbox 1986 4227 3578 4299; baseline -0.001 -19"><span class='ocrx_word' id='word_1_765' title='bbox 1986 4227 2102 4280; x_wconf 85' lang='grc' dir='ltr'>ἀλλ’</span> <span class='ocrx_word' id='word_1_766' title='bbox 2137 4227 2322 4298; x_wconf 84' lang='grc' dir='ltr'>ἐπειδὴ</span> <span class='ocrx_word' id='word_1_767' title='bbox 2351 4228 2592 4298; x_wconf 75' lang='grc' dir='ltr'>ἀσφαλὴς</span> <span class='ocrx_word' id='word_1_768' title='bbox 2623 4230 2751 4299; x_wconf 89' lang='grc' dir='ltr'>ύμῖν</span> <span class='ocrx_word' id='word_1_769' title='bbox 2776 4241 2796 4266; x_wconf 76' lang='grc' dir='ltr'>ο</span> <span class='ocrx_word' id='word_1_770' title='bbox 2852 4232 2885 4298; x_wconf 88' lang='grc' dir='ltr'>ή</span> <span class='ocrx_word' id='word_1_771' title='bbox 2919 4229 3048 4298; x_wconf 69' lang='grc' dir='ltr'>περὶ</span> <span class='ocrx_word' id='word_1_772' title='bbox 3095 4228 3282 4280; x_wconf 88' lang='grc' dir='ltr'>τούτου</span> <span class='ocrx_word' id='word_1_773' title='bbox 3323 4227 3578 4279; x_wconf 86' lang='grc' dir='ltr'>διδασκα-</span> 
     </span>
    </p>
   </div>
   <div class='ocr_carea' id='block_1_100' title="bbox 1985 4311 3576 4384">
    <p class='ocr_par' dir='ltr' id='par_1_100' title="bbox 1985 4311 3576 4384">
     <span class='ocr_line' id='line_1_100' title="bbox 1985 4311 3576 4384; baseline 0 -21"><span class='ocrx_word' id='word_1_774' title='bbox 1985 4312 2076 4364; x_wconf 89' lang='grc' dir='ltr'>λία</span> <span class='ocrx_word' id='word_1_775' title='bbox 2101 4330 2112 4340; x_wconf 92' lang='grc'>·</span> <span class='ocrx_word' id='word_1_776' title='bbox 2147 4311 2340 4382; x_wconf 82' lang='grc' dir='ltr'>ἐχθρὸς</span> <span class='ocrx_word' id='word_1_777' title='bbox 2362 4313 2472 4383; x_wconf 85' lang='grc' dir='ltr'>γάρ</span> <span class='ocrx_word' id='word_1_778' title='bbox 2499 4315 2615 4365; x_wconf 89' lang='grc' dir='ltr'>ἐστι</span> <span class='ocrx_word' id='word_1_779' title='bbox 2647 4315 2741 4365; x_wconf 73' lang='grc' dir='ltr'>καὶ</span> <span class='ocrx_word' id='word_1_780' title='bbox 2765 4313 3026 4384; x_wconf 85' lang='grc' dir='ltr'>πολέμιος</span> <span class='ocrx_word' id='word_1_781' title='bbox 3043 4327 3056 4341; x_wconf 83' lang='grc'>·</span> <span class='ocrx_word' id='word_1_782' title='bbox 3091 4311 3306 4382; x_wconf 88' lang='grc' dir='ltr'>μεγάλη</span> <span class='ocrx_word' id='word_1_783' title='bbox 3326 4311 3383 4364; x_wconf 85' lang='grc' dir='ltr'>δέ</span> <span class='ocrx_word' id='word_1_784' title='bbox 3407 4311 3576 4379; x_wconf 83' lang='grc' dir='ltr'>ἀσφά-</span> 
     </span>
    </p>
   </div>
   <div class='ocr_carea' id='block_1_101' title="bbox 1987 4392 3576 4466">
    <p class='ocr_par' dir='ltr' id='par_1_101' title="bbox 1987 4392 3576 4466">
     <span class='ocr_line' id='line_1_101' title="bbox 1987 4392 3576 4466; baseline -0.003 -18"><span class='ocrx_word' id='word_1_785' title='bbox 1987 4395 2106 4448; x_wconf 89' lang='grc' dir='ltr'>λεια</span> <span class='ocrx_word' id='word_1_786' title='bbox 2128 4395 2198 4447; x_wconf 85' lang='grc' dir='ltr'>τὰ</span> <span class='ocrx_word' id='word_1_787' title='bbox 2213 4395 2321 4446; x_wconf 89' lang='grc' dir='ltr'>τῶν</span> <span class='ocrx_word' id='word_1_788' title='bbox 2345 4395 2557 4466; x_wconf 83' lang='grc' dir='ltr'>ἐχθρῶν</span> <span class='ocrx_word' id='word_1_789' title='bbox 2573 4395 2768 4448; x_wconf 87' lang='grc' dir='ltr'>εἰδέναι</span> <span class='ocrx_word' id='word_1_790' title='bbox 2796 4395 3005 4464; x_wconf 84' lang='grc' dir='ltr'>σαφῶς.</span> <span class='ocrx_word' id='word_1_791' title='bbox 3020 4395 3338 4466; x_wconf 81' lang='grc' dir='ltr'>Είρήκαμεν</span> <span class='ocrx_word' id='word_1_792' title='bbox 3362 4392 3576 4464; x_wconf 81' lang='grc' dir='ltr'>πρώην,</span> 
     </span>
    </p>
   </div>
   <div class='ocr_carea' id='block_1_102' title="bbox 1987 4477 3575 4551">
    <p class='ocr_par' dir='ltr' id='par_1_102' title="bbox 1987 4477 3575 4551">
     <span class='ocr_line' id='line_1_102' title="bbox 1987 4477 3575 4551; baseline -0.002 -21"><span class='ocrx_word' id='word_1_793' title='bbox 1987 4479 2070 4531; x_wconf 84' lang='grc' dir='ltr'>ὅτι</span> <span class='ocrx_word' id='word_1_794' title='bbox 2100 4477 2190 4548; x_wconf 79' lang='grc' dir='ltr'>βίᾳ</span> <span class='ocrx_word' id='word_1_795' title='bbox 2216 4479 2275 4530; x_wconf 86' lang='grc' dir='ltr'>ού</span> <span class='ocrx_word' id='word_1_796' title='bbox 2305 4480 2517 4549; x_wconf 89' lang='grc' dir='ltr'>κρατεῖ,</span> <span class='ocrx_word' id='word_1_797' title='bbox 2548 4478 2670 4532; x_wconf 86' lang='grc' dir='ltr'>ούδέ</span> <span class='ocrx_word' id='word_1_798' title='bbox 2709 4479 3008 4551; x_wconf 83' lang='grc' dir='ltr'>τυραννίδι,</span> <span class='ocrx_word' id='word_1_799' title='bbox 3055 4478 3179 4530; x_wconf 81' lang='grc' dir='ltr'>οὐδὲ</span> <span class='ocrx_word' id='word_1_800' title='bbox 3227 4477 3575 4545; x_wconf 76' lang='grc' dir='ltr'>ἀναγκάζων,</span> 
     </span>
    </p>
   </div>
   <div class='ocr_carea' id='block_1_103' title="bbox 1989 4558 3578 4633">
    <p class='ocr_par' dir='ltr' id='par_1_103' title="bbox 1989 4558 3578 4633">
     <span class='ocr_line' id='line_1_103' title="bbox 1989 4558 3578 4633; baseline -0.001 -20"><span class='ocrx_word' id='word_1_801' title='bbox 1989 4561 2109 4614; x_wconf 86' lang='grc' dir='ltr'>ούδέ</span> <span class='ocrx_word' id='word_1_802' title='bbox 2142 4561 2462 4632; x_wconf 79' lang='grc' dir='ltr'>βιαζόμενος</span> <span class='ocrx_word' id='word_1_803' title='bbox 2485 4577 2499 4589; x_wconf 76' lang='grc'><strong><em>⁸</em></strong></span> <span class='ocrx_word' id='word_1_804' title='bbox 2553 4564 2676 4615; x_wconf 75' lang='grc' dir='ltr'>ἐπεὶ</span> <span class='ocrx_word' id='word_1_805' title='bbox 2709 4564 2758 4614; x_wconf 92' lang='grc' dir='ltr'>εἰ</span> <span class='ocrx_word' id='word_1_806' title='bbox 2788 4561 2946 4615; x_wconf 89' lang='grc' dir='ltr'>τοῦτο</span> <span class='ocrx_word' id='word_1_807' title='bbox 2976 4558 3066 4633; x_wconf 77' lang='grc' dir='ltr'>ἦν,</span> <span class='ocrx_word' id='word_1_808' title='bbox 3103 4560 3310 4624; x_wconf 85' lang='grc' dir='ltr'>πάντας</span> <span class='ocrx_word' id='word_1_809' title='bbox 3357 4560 3423 4614; x_wconf 87' lang='grc' dir='ltr'>ἂν</span> <span class='ocrx_word' id='word_1_810' title='bbox 3470 4561 3578 4612; x_wconf 86' lang='grc' dir='ltr'>ἀπ-</span> 
     </span>
    </p>
   </div>
   <div class='ocr_carea' id='block_1_104' title="bbox 1987 4645 3582 4718">
    <p class='ocr_par' dir='ltr' id='par_1_104' title="bbox 1987 4645 3582 4718">
     <span class='ocr_line' id='line_1_104' title="bbox 1987 4645 3582 4718; baseline -0.001 -20"><span class='ocrx_word' id='word_1_811' title='bbox 1987 4645 2178 4700; x_wconf 90' lang='grc' dir='ltr'>ώλεσε.</span> <span class='ocrx_word' id='word_1_812' title='bbox 2204 4648 2314 4700; x_wconf 75' lang='grc' dir='ltr'>Καὶ</span> <span class='ocrx_word' id='word_1_813' title='bbox 2343 4646 2534 4699; x_wconf 89' lang='grc' dir='ltr'>τούτου</span> <span class='ocrx_word' id='word_1_814' title='bbox 2564 4649 2868 4717; x_wconf 83' lang='grc' dir='ltr'>τεκμήριον</span> <span class='ocrx_word' id='word_1_815' title='bbox 2896 4647 3296 4718; x_wconf 86' lang='grc' dir='ltr'>παρηγάγομεν</span> <span class='ocrx_word' id='word_1_816' title='bbox 3322 4647 3447 4708; x_wconf 81' lang='grc' dir='ltr'>τοὺς</span> <span class='ocrx_word' id='word_1_817' title='bbox 3469 4646 3582 4715; x_wconf 83' lang='grc' dir='ltr'>χοί-</span> 
     </span>
    </p>
   </div>
   <div class='ocr_carea' id='block_1_105' title="bbox 1993 4723 3578 4802">
    <p class='ocr_par' dir='ltr' id='par_1_105' title="bbox 1993 4723 3578 4802">
     <span class='ocr_line' id='line_1_105' title="bbox 1993 4723 3578 4802; baseline -0.001 -20"><span class='ocrx_word' id='word_1_818' title='bbox 1993 4747 2140 4799; x_wconf 88' lang='grc' dir='ltr'>ρους,</span> <span class='ocrx_word' id='word_1_819' title='bbox 2183 4723 2260 4783; x_wconf 81' lang='grc' dir='ltr'>ὦν</span> <span class='ocrx_word' id='word_1_820' title='bbox 2303 4731 2401 4782; x_wconf 81' lang='grc' dir='ltr'>οὐκ</span> <span class='ocrx_word' id='word_1_821' title='bbox 2433 4729 2781 4802; x_wconf 74' lang='grc' dir='ltr'>ἠδυνήθησαν</span> <span class='ocrx_word' id='word_1_822' title='bbox 2814 4731 3223 4802; x_wconf 87' lang='grc' dir='ltr'>κατατολμῆσαι</span> <span class='ocrx_word' id='word_1_823' title='bbox 3252 4731 3302 4782; x_wconf 87' lang='grc' dir='ltr'>οἱ</span> <span class='ocrx_word' id='word_1_824' title='bbox 3329 4729 3578 4800; x_wconf 85' lang='grc' dir='ltr'>δαίμονες</span> 
     </span>
    </p>
   </div>
   <div class='ocr_carea' id='block_1_106' title="bbox 1991 4812 3576 4886">
    <p class='ocr_par' dir='ltr' id='par_1_106' title="bbox 1991 4812 3576 4886">
     <span class='ocr_line' id='line_1_106' title="bbox 1991 4812 3576 4886; baseline -0.001 -18"><span class='ocrx_word' id='word_1_825' title='bbox 1991 4816 2098 4885; x_wconf 87' lang='grc' dir='ltr'>πρὸ</span> <span class='ocrx_word' id='word_1_826' title='bbox 2145 4815 2241 4886; x_wconf 91' lang='grc' dir='ltr'>τῆς</span> <span class='ocrx_word' id='word_1_827' title='bbox 2278 4815 2580 4886; x_wconf 86' lang='grc' dir='ltr'>ἐπιτροπῆς</span> <span class='ocrx_word' id='word_1_828' title='bbox 2613 4814 2707 4867; x_wconf 90' lang='grc' dir='ltr'>τοῦ</span> <span class='ocrx_word' id='word_1_829' title='bbox 2755 4817 3057 4869; x_wconf 85' lang='grc' dir='ltr'>Δεσπότου·</span> <span class='ocrx_word' id='word_1_830' title='bbox 3089 4816 3158 4869; x_wconf 75' lang='grc' dir='ltr'>τὰ</span> <span class='ocrx_word' id='word_1_831' title='bbox 3189 4815 3442 4886; x_wconf 84' lang='grc' dir='ltr'>βουκόλια</span> <span class='ocrx_word' id='word_1_832' title='bbox 3484 4812 3576 4867; x_wconf 86' lang='grc' dir='ltr'>τοῦ</span> 
     </span>
    </p>
   </div>
   <div class='ocr_carea' id='block_1_107' title="bbox 2005 4898 3581 4972">
    <p class='ocr_par' dir='ltr' id='par_1_107' title="bbox 2005 4898 3581 4972">
     <span class='ocr_line' id='line_1_107' title="bbox 2005 4898 3581 4972; baseline -0.001 -20"><span class='ocrx_word' id='word_1_833' title='bbox 2005 4898 2123 4952; x_wconf 82' lang='grc' dir='ltr'>Ἰὼϐ</span> <span class='ocrx_word' id='word_1_834' title='bbox 2171 4901 2267 4952; x_wconf 73' lang='grc' dir='ltr'>καὶ</span> <span class='ocrx_word' id='word_1_835' title='bbox 2316 4899 2383 4952; x_wconf 82' lang='grc' dir='ltr'>τὰ</span> <span class='ocrx_word' id='word_1_836' title='bbox 2433 4899 2690 4970; x_wconf 87' lang='grc' dir='ltr'>ποίμνια·</span> <span class='ocrx_word' id='word_1_837' title='bbox 2744 4901 2862 4953; x_wconf 86' lang='grc' dir='ltr'>ούδέ</span> <span class='ocrx_word' id='word_1_838' title='bbox 2908 4900 3017 4972; x_wconf 89' lang='grc' dir='ltr'>γάρ</span> <span class='ocrx_word' id='word_1_839' title='bbox 3050 4898 3224 4953; x_wconf 85' lang='grc' dir='ltr'>ταῦτα</span> <span class='ocrx_word' id='word_1_840' title='bbox 3271 4900 3581 4968; x_wconf 74' lang='grc' dir='ltr'>διαφθεῖραι</span> 
     </span>
    </p>
   </div>
   <div class='ocr_carea' id='block_1_108' title="bbox 1994 4981 3582 5054">
    <p class='ocr_par' dir='ltr' id='par_1_108' title="bbox 1994 4981 3582 5054">
     <span class='ocr_line' id='line_1_108' title="bbox 1994 4981 3582 5054; baseline 0.001 -21"><span class='ocrx_word' id='word_1_841' title='bbox 1994 4982 2292 5052; x_wconf 83' lang='grc' dir='ltr'>ἐτόλμησεν</span> <span class='ocrx_word' id='word_1_842' title='bbox 2321 4984 2349 5034; x_wconf 83' lang='grc' dir='ltr'>ὁ</span> <span class='ocrx_word' id='word_1_843' title='bbox 2385 4981 2654 5046; x_wconf 85' lang='grc' dir='ltr'>διάϐολος,</span> <span class='ocrx_word' id='word_1_844' title='bbox 2685 4982 2790 5046; x_wconf 76' lang='grc' dir='ltr'>ἕως</span> <span class='ocrx_word' id='word_1_845' title='bbox 2824 4983 3028 5036; x_wconf 79' lang='grc' dir='ltr'>ἀνωθεν</span> <span class='ocrx_word' id='word_1_846' title='bbox 3051 4985 3150 5054; x_wconf 76' lang='grc' dir='ltr'>τὴν</span> <span class='ocrx_word' id='word_1_847' title='bbox 3183 4983 3432 5046; x_wconf 82' lang='grc' dir='ltr'>ἐξουσίαν</span> <span class='ocrx_word' id='word_1_848' title='bbox 3460 4981 3582 5035; x_wconf 79' lang='grc' dir='ltr'>έλα-</span> 
     </span>
    </p>
   </div>
   <div class='ocr_carea' id='block_1_109' title="bbox 1997 5065 3582 5139">
    <p class='ocr_par' dir='ltr' id='par_1_109' title="bbox 1997 5065 3582 5139">
     <span class='ocr_line' id='line_1_109' title="bbox 1997 5065 3582 5139; baseline -0.001 -21"><span class='ocrx_word' id='word_1_849' title='bbox 1997 5068 2216 5121; x_wconf 82' lang='grc' dir='ltr'>ϐεν.⁶¹Εν</span> <span class='ocrx_word' id='word_1_850' title='bbox 2243 5067 2422 5119; x_wconf 87' lang='grc' dir='ltr'>τοίνυν</span> <span class='ocrx_word' id='word_1_851' title='bbox 2447 5067 2603 5120; x_wconf 88' lang='grc' dir='ltr'>τοῦτο</span> <span class='ocrx_word' id='word_1_852' title='bbox 2633 5068 2849 5138; x_wconf 87' lang='grc' dir='ltr'>πρῶτον</span> <span class='ocrx_word' id='word_1_853' title='bbox 2877 5069 3175 5139; x_wconf 88' lang='grc' dir='ltr'>ἐμάθομεν,</span> <span class='ocrx_word' id='word_1_854' title='bbox 3201 5069 3282 5121; x_wconf 80' lang='grc' dir='ltr'>ὅτι</span> <span class='ocrx_word' id='word_1_855' title='bbox 3311 5069 3402 5138; x_wconf 75' lang='grc' dir='ltr'>βία</span> <span class='ocrx_word' id='word_1_856' title='bbox 3424 5065 3582 5137; x_wconf 86' lang='grc' dir='ltr'>ήμῶν</span> 
     </span>
    </p>
   </div>
   <div class='ocr_carea' id='block_1_110' title="bbox 1993 5150 3581 5222">
    <p class='ocr_par' dir='ltr' id='par_1_110' title="bbox 1993 5150 3581 5222">
     <span class='ocr_line' id='line_1_110' title="bbox 1993 5150 3581 5222; baseline 0 -20"><span class='ocrx_word' id='word_1_857' title='bbox 1993 5152 2053 5203; x_wconf 80' lang='grc' dir='ltr'>ού</span> <span class='ocrx_word' id='word_1_858' title='bbox 2087 5153 2300 5220; x_wconf 86' lang='grc' dir='ltr'>κρατεῖ,</span> <span class='ocrx_word' id='word_1_859' title='bbox 2333 5150 2454 5202; x_wconf 76' lang='grc' dir='ltr'>οὐδὲ</span> <span class='ocrx_word' id='word_1_860' title='bbox 2487 5150 2704 5222; x_wconf 80' lang='grc' dir='ltr'>ἀνάγκῃ</span> <span class='ocrx_word' id='word_1_861' title='bbox 2727 5169 2738 5180; x_wconf 94' lang='grc'>·</span> <span class='ocrx_word' id='word_1_862' title='bbox 2770 5151 3021 5222; x_wconf 84' lang='grc' dir='ltr'>δεύτερον</span> <span class='ocrx_word' id='word_1_863' title='bbox 3054 5154 3170 5222; x_wconf 79' lang='grc' dir='ltr'>μετ’</span> <span class='ocrx_word' id='word_1_864' title='bbox 3198 5153 3377 5204; x_wconf 88' lang='grc' dir='ltr'>ἐκεῖνο</span> <span class='ocrx_word' id='word_1_865' title='bbox 3409 5167 3581 5221; x_wconf 78' lang='grc' dir='ltr'>προσ-</span> 
     </span>
    </p>
   </div>
   <div class='ocr_carea' id='block_1_111' title="bbox 1995 5235 3584 5306">
    <p class='ocr_par' dir='ltr' id='par_1_111' title="bbox 1995 5235 3584 5306">
     <span class='ocr_line' id='line_1_111' title="bbox 1995 5235 3584 5306; baseline -0.001 -18"><span class='ocrx_word' id='word_1_866' title='bbox 1995 5235 2296 5306; x_wconf 75' lang='grc' dir='ltr'>ἐθήκαμεν,</span> <span class='ocrx_word' id='word_1_867' title='bbox 2331 5236 2411 5288; x_wconf 85' lang='grc' dir='ltr'>ὅτι</span> <span class='ocrx_word' id='word_1_868' title='bbox 2444 5235 2538 5288; x_wconf 74' lang='grc' dir='ltr'>καὶ</span> <span class='ocrx_word' id='word_1_869' title='bbox 2561 5235 2747 5306; x_wconf 81' lang='grc' dir='ltr'>ἀπάτῃ</span> <span class='ocrx_word' id='word_1_870' title='bbox 2782 5237 3021 5306; x_wconf 89' lang='grc' dir='ltr'>κρατῶν,</span> <span class='ocrx_word' id='word_1_871' title='bbox 3042 5237 3164 5289; x_wconf 87' lang='grc' dir='ltr'>ούδέ</span> <span class='ocrx_word' id='word_1_872' title='bbox 3194 5237 3336 5289; x_wconf 75' lang='grc' dir='ltr'>οὕτω</span> <span class='ocrx_word' id='word_1_873' title='bbox 3365 5236 3584 5289; x_wconf 89' lang='grc' dir='ltr'>πάντων</span> 
     </span>
    </p>
   </div>
   <div class='ocr_carea' id='block_1_112' title="bbox 1995 5319 3584 5392">
    <p class='ocr_par' dir='ltr' id='par_1_112' title="bbox 1995 5319 3584 5392">
     <span class='ocr_line' id='line_1_112' title="bbox 1995 5319 3584 5392; baseline 0 -20"><span class='ocrx_word' id='word_1_874' title='bbox 1995 5321 2367 5392; x_wconf 87' lang='grc' dir='ltr'>περιγίνεται·</span> <span class='ocrx_word' id='word_1_875' title='bbox 2401 5321 2494 5373; x_wconf 76' lang='grc' dir='ltr'>καὶ</span> <span class='ocrx_word' id='word_1_876' title='bbox 2524 5320 2686 5374; x_wconf 83' lang='grc' dir='ltr'>πάλιν</span> <span class='ocrx_word' id='word_1_877' title='bbox 2724 5319 2888 5372; x_wconf 74' lang='grc' dir='ltr'>αὑτὸν</span> <span class='ocrx_word' id='word_1_878' title='bbox 2916 5320 3005 5372; x_wconf 88' lang='grc' dir='ltr'>τὸν</span> <span class='ocrx_word' id='word_1_879' title='bbox 3036 5320 3274 5392; x_wconf 85' lang='grc' dir='ltr'>ἀθλητὴν</span> <span class='ocrx_word' id='word_1_880' title='bbox 3305 5323 3383 5383; x_wconf 86' lang='grc' dir='ltr'>εἰς</span> <span class='ocrx_word' id='word_1_881' title='bbox 3417 5319 3584 5390; x_wconf 90' lang='grc' dir='ltr'>μέσον</span> 
     </span>
    </p>
   </div>
   <div class='ocr_carea' id='block_1_113' title="bbox 1995 5398 3584 5478">
    <p class='ocr_par' dir='ltr' id='par_1_113' title="bbox 1995 5398 3584 5478">
     <span class='ocr_line' id='line_1_113' title="bbox 1995 5398 3584 5478; baseline -0.002 -20"><span class='ocrx_word' id='word_1_882' title='bbox 1995 5407 2394 5478; x_wconf 86' lang='grc' dir='ltr'>παρηγάγομεν</span> <span class='ocrx_word' id='word_1_883' title='bbox 2428 5407 2516 5458; x_wconf 77' lang='grc' dir='ltr'>τὸν</span> <span class='ocrx_word' id='word_1_884' title='bbox 2555 5405 2697 5468; x_wconf 85' lang='grc' dir='ltr'>Ἰὼϐ,</span> <span class='ocrx_word' id='word_1_885' title='bbox 2728 5404 2852 5458; x_wconf 82' lang='grc' dir='ltr'>καθ’</span> <span class='ocrx_word' id='word_1_886' title='bbox 2880 5398 2942 5457; x_wconf 76' lang='grc' dir='ltr'>οῦ</span> <span class='ocrx_word' id='word_1_887' title='bbox 2994 5405 3162 5475; x_wconf 90' lang='grc' dir='ltr'>μυρία</span> <span class='ocrx_word' id='word_1_888' title='bbox 3215 5407 3444 5474; x_wconf 89' lang='grc' dir='ltr'>κινήσας</span> <span class='ocrx_word' id='word_1_889' title='bbox 3478 5421 3584 5474; x_wconf 88' lang='grc' dir='ltr'>μη-</span> 
     </span>
    </p>
   </div>
   <div class='ocr_carea' id='block_1_114' title="bbox 1996 5487 3584 5560">
    <p class='ocr_par' dir='ltr' id='par_1_114' title="bbox 1996 5487 3584 5560">
     <span class='ocr_line' id='line_1_114' title="bbox 1996 5487 3584 5560; baseline -0.003 -18"><span class='ocrx_word' id='word_1_890' title='bbox 1996 5491 2132 5560; x_wconf 89' lang='grc' dir='ltr'>χανή</span> <span class='ocrx_word' id='word_1_891' title='bbox 2142 5507 2307 5560; x_wconf 90' lang='grc' dir='ltr'>ματα,</span> <span class='ocrx_word' id='word_1_892' title='bbox 2332 5489 2454 5542; x_wconf 84' lang='grc' dir='ltr'>οὺδέ</span> <span class='ocrx_word' id='word_1_893' title='bbox 2487 5489 2629 5543; x_wconf 80' lang='grc' dir='ltr'>οὕτω</span> <span class='ocrx_word' id='word_1_894' title='bbox 2650 5489 3019 5560; x_wconf 87' lang='grc' dir='ltr'>περιεγένετο,</span> <span class='ocrx_word' id='word_1_895' title='bbox 3046 5487 3182 5540; x_wconf 86' lang='grc' dir='ltr'>ἀλλά</span> <span class='ocrx_word' id='word_1_896' title='bbox 3213 5489 3306 5542; x_wconf 71' lang='grc' dir='ltr'>καὶ</span> <span class='ocrx_word' id='word_1_897' title='bbox 3331 5487 3584 5557; x_wconf 73' lang='grc' dir='ltr'>ἡττηθεὶς</span> 
     </span>
    </p>
   </div>
   <div class='ocr_carea' id='block_1_115' title="bbox 1996 5571 3586 5644">
    <p class='ocr_par' dir='ltr' id='par_1_115' title="bbox 1996 5571 3586 5644">
     <span class='ocr_line' id='line_1_115' title="bbox 1996 5571 3586 5644; baseline -0.002 -18"><span class='ocrx_word' id='word_1_898' title='bbox 1996 5573 2473 5644; x_wconf 80' lang='grc' dir='ltr'>ἀνεχώρησεν.Ἒν</span> <span class='ocrx_word' id='word_1_899' title='bbox 2508 5573 2858 5626; x_wconf 84' lang='grc' dir='ltr'>ὑπολείπεται</span> <span class='ocrx_word' id='word_1_900' title='bbox 2900 5573 3120 5641; x_wconf 76' lang='grc' dir='ltr'>ζήτημα</span> <span class='ocrx_word' id='word_1_901' title='bbox 3170 5571 3375 5624; x_wconf 89' lang='grc' dir='ltr'>λοιπόν.</span> <span class='ocrx_word' id='word_1_902' title='bbox 3427 5571 3586 5626; x_wconf 82' lang='grc' dir='ltr'>Ποῖον</span> 
     </span>
    </p>
   </div>
   <div class='ocr_carea' id='block_1_116' title="bbox 2013 5827 3588 5940">
    <p class='ocr_par' dir='ltr' id='par_1_116' title="bbox 2013 5827 3588 5940">
     <span class='ocr_line' id='line_1_116' title="bbox 2013 5827 3588 5940; baseline 0.007 -68"><span class='ocrx_word' id='word_1_903' title='bbox 2013 5894 2022 5904; x_wconf 42' lang='lat'><em>&#39;</em></span> <span class='ocrx_word' id='word_1_904' title='bbox 2068 5827 2252 5940; x_wconf 56' lang='grc' dir='ltr'>ξίῖμῖν</span> <span class='ocrx_word' id='word_1_905' title='bbox 2314 5827 2394 5878; x_wconf 80' lang='lat' dir='ltr'>Sic</span> <span class='ocrx_word' id='word_1_906' title='bbox 2433 5829 2578 5890; x_wconf 80' lang='lat' dir='ltr'>llcg.,</span> <span class='ocrx_word' id='word_1_907' title='bbox 2625 5829 2808 5878; x_wconf 75' lang='lat' dir='ltr'>rectius</span> <span class='ocrx_word' id='word_1_908' title='bbox 2842 5841 2986 5888; x_wconf 80' lang='lat' dir='ltr'><strong>quam</strong></span> <span class='ocrx_word' id='word_1_909' title='bbox 3030 5827 3198 5877; x_wconf 75' lang='lat' dir='ltr'>Monlf.</span> <span class='ocrx_word' id='word_1_910' title='bbox 3237 5830 3321 5890; x_wconf 83' lang='lat' dir='ltr'>qui</span> <span class='ocrx_word' id='word_1_911' title='bbox 3366 5827 3588 5882; x_wconf 65' lang='lat' dir='ltr'><strong>ediderat</strong></span> 
     </span>
     <span class='ocr_line' id='line_1_117' title="bbox 2013 5903 2280 5940; baseline -0.011 0"><span class='ocrx_word' id='word_1_912' title='bbox 2013 5907 2127 5940; x_wconf 70' lang='grc' dir='ltr'>ημιν.</span> <span class='ocrx_word' id='word_1_913' title='bbox 2165 5903 2280 5939; x_wconf 61' lang='grc' dir='ltr'>ιοιῐ.</span> 
     </span>
    </p>
   </div>
   <div class='ocr_carea' id='block_1_117' title="bbox 2002 5903 2280 5942">
    <p class='ocr_par' dir='ltr' id='par_1_117' title="bbox 2002 5903 2280 5942">
     <span class='ocr_line' id='line_1_118' title="bbox 2002 5903 2280 5942; baseline -0.011 -2"><span class='ocrx_word' id='word_1_914' title='bbox 2002 5907 2127 5942; x_wconf 71' lang='grc' dir='ltr'>ημιν.</span> <span class='ocrx_word' id='word_1_915' title='bbox 2146 5903 2280 5940; x_wconf 61' lang='grc' dir='ltr'>ιιοιῐ.</span> 
     </span>
    </p>
   </div>
  </div>
