4046 6396
417 411 518 467 itit

419 528 516 587 xit,
555 539 653 580 nos
679 523 745 577 ab
775 539 859 587 ea,
891 521 1043 592 quasi
1067 520 1385 584 manu,duci
1409 519 1476 572 ad
1509 518 1599 571 Dei
1625 519 2005 586 cognitionem,

419 614 776 670 subindieavit
795 654 808 678 ,
834 613 974 682 quod
1012 611 1097 664 illa
1119 610 1335 676 efﬁciat,
1358 618 1416 664 ut
1443 609 1728 662 Dominum
1755 619 2012 676 agnosca-

421 721 561 760 mus.
601 705 742 774 Quid
790 702 986 775 igitur?
1038 701 1097 758 Si
1125 702 1320 756 bonam
1369 699 1509 754 hanc
1553 707 1609 753 et
1640 695 2010 752 admirabilem

421 809 721 852 creaturam
763 796 944 851 multis
968 795 1254 864 impietatis
1280 807 1496 848 causam
1539 789 1808 847 exstitisse
1834 789 2014 844 videa-

424 905 566 954 mus,
595 904 719 942 num
764 888 906 942 illam
958 886 1368 942 accusabimus?
1396 883 1736 954 Nequaquam
1755 923 1769 948 ,
1801 881 1895 936 sed
1919 896 2014 936 eos

423 981 512 1048 qui
563 980 846 1043 medicina,
877 990 934 1034 ut
963 979 1229 1048 oportuit,
1259 994 1365 1033 non
1411 986 1537 1032 sunt
1586 978 1688 1031 usi.
1732 974 2015 1042 Quomodo

426 1087 554 1138 ergo
583 1087 738 1125 causa
759 1073 1044 1141 impietatis
1069 1072 1170 1129 erit
1187 1071 1294 1135 illa,
1320 1086 1438 1141 qua:
1453 1070 1520 1124 ad
1541 1071 1633 1125 Dei
1658 1070 2012 1139 cognitionem

426 1176 526 1214 nos
554 1161 834 1229 provehit?
876 1161 1199 1215 Obtenebrati
1247 1171 1394 1224 sunt,
1425 1162 1627 1230 inquit,
1659 1162 1712 1214 in
1753 1162 2015 1231 cogitatio-

426 1252 572 1304 nibus
597 1253 700 1304 suis
729 1251 1022 1320 philosOphi
1039 1293 1054 1317 ,
1086 1261 1133 1304 et
1161 1252 1452 1317 coluerunt,
1481 1261 1528 1305 et
1569 1252 1842 1305 servierunt
1876 1267 2016 1304 creo-

427 1350 554 1394 tura:
584 1344 747 1407 potius
775 1360 925 1412 quam
953 1343 1169 1396 creatori
1202 1341 1376 1413 (Rom.
1408 1344 1460 1396 1.
1487 1342 1576 1396 2i.
1747 1341 2015 1413 Nusquam

426 1433 668 1488 diabolus
711 1435 814 1496 hic,
851 1450 1108 1505 nusquam
1147 1434 1232 1489 hic
1253 1435 1484 1499 daemon,
1514 1434 1608 1490 sed
1633 1446 1876 1490 creatura
1905 1437 2018 1490 sola

428 1524 625 1579 divinae
650 1526 968 1596 cognitionis
995 1528 1244 1596 magistra
1273 1529 1324 1580 in
1368 1526 1544 1580 medio
1595 1527 1867 1597 preposita
1913 1536 2016 1580 est.

431 1617 674 1686 Quonam
705 1633 832 1688 ergo
854 1627 1010 1688 pacto
1048 1633 1206 1673 causa
1238 1619 1523 1687 impietatis
1551 1626 1634 1672 est
1678 1617 1856 1672 facta?
1901 1616 2017 1670 Non

428 1723 500 1760 ex
531 1717 720 1761 natura
751 1721 846 1762 sua
862 1750 877 1774 ,
905 1707 998 1762 sed
1020 1723 1084 1762 ex
1106 1723 1294 1763 eorum
1318 1708 1518 1762 incuria
1538 1750 1552 1772 ,
1585 1709 1672 1777 qui
1699 1707 1765 1761 ad
1787 1721 1872 1762 res
1896 1722 2021 1761 suas

428 1800 617 1854 attenti
656 1815 762 1855 non
799 1809 972 1856 erant.
1013 1800 1149 1867 Quid
1196 1801 1396 1871 igitur?
1432 1801 1769 1867 tollemusnc,
1813 1815 2015 1870 qnmso,

429 1900 732 1946 creaturam
776 1907 987 1962 quoque
1003 1893 1026 1946 ?

508 1983 722 2038 Rectum
742 1987 1079 2039 membrorum
1105 2001 1253 2039 usum
1278 1985 1556 2055 corrumpit
1583 1985 1804 2054 ignavia.
1826 2013 1900 2024 —
1916 1983 2022 2039 Sed

431 2077 558 2146 quid
587 2092 687 2148 ego
717 2078 786 2132 de
815 2088 1060 2132 creatura
1084 2078 1305 2148 loquor?
1333 2077 1414 2132 Ad
1442 2077 1678 2131 membra
1723 2087 1902 2131 nostra
1933 2093 2024 2132 ve-

432 2169 642 2224 niamus
674 2188 687 2223 :
718 2185 840 2224 nam
869 2179 923 2224 et
949 2169 1062 2238 ipsa
1109 2184 1323 2224 causam
1349 2184 1469 2224 esse
1511 2167 1822 2238 perditionis
1869 2182 2026 2237 repe-

432 2262 655 2328 riemus,
705 2263 805 2316 nisi
850 2263 1086 2316 animum
1131 2263 1487 2329 attendamus,
1539 2278 1646 2316 non
1693 2278 1758 2317 ex
1811 2263 2024 2332 propria

433 2363 643 2418 natura,
670 2354 764 2408 sed
793 2369 859 2408 ex
883 2354 1090 2423 ignavia
1116 2362 1317 2408 nostra.
1361 2355 1438 2408 Ac
1465 2352 1600 2417 vide,
1623 2368 1838 2422 quaeso;
1870 2353 2026 2406 datus

433 2455 518 2501 cst
544 2445 750 2510 oculus,
777 2453 837 2498 ut
857 2456 1154 2500 creaturam
1183 2447 1414 2512 intuens,
1433 2446 1711 2500 Dominum
1728 2445 2023 2516 gloriﬁces;

433 2546 489 2591 at
515 2538 558 2592 si
581 2537 736 2592 oculo
767 2545 911 2592 recte
938 2552 1043 2592 non
1074 2539 1269 2604 utaris,
1316 2537 1560 2593 adulterii
1593 2539 1684 2593 tibi
1715 2538 2027 2594 conciliator

434 2628 631 2682 evadit.
672 2627 875 2698 Lingua
918 2645 1046 2683 vero
1073 2629 1192 2684 data
1216 2640 1335 2695 est,
1367 2639 1426 2685 ut
1453 2631 1658 2696 laudes,
1694 2642 1750 2685 ut
1788 2632 2028 2688 celebres

434 2731 767 2786 creatorem;
798 2729 854 2776 at
883 2722 928 2776 si
956 2732 1104 2776 recte
1134 2739 1238 2776 nou
1267 2723 1531 2790 attendas,
1563 2725 1908 2794 blasphemize
1934 2726 2027 2780 tibi

436 2813 496 2865 fit
538 2813 870 2866 administra.
911 2813 1098 2868 Manus
1144 2814 1281 2869 datm
1315 2825 1458 2882 sunt,
1501 2827 1558 2870 ut
1599 2816 1666 2871 ad
1701 2832 1886 2886 preces
1911 2818 2030 2872 illas

436 2904 729 2970 extendas;
762 2905 856 2960 sed
891 2906 936 2960 si
967 2907 1178 2962 sobrius
1227 2923 1332 2962 non
1387 2909 1481 2974 sis,
1531 2909 1596 2964 ad
1645 2911 1884 2980 rapinam
1937 2926 2030 2966 eas

437 2995 704 3050 extendis.
747 2995 920 3052 Pedes
944 2997 1050 3052 dati
1074 3007 1228 3062 sunt,
1258 3007 1316 3054 ut
1352 2999 1417 3053 ad
1440 3000 1578 3055 bona
1609 3016 1769 3072 opera
1798 3017 1984 3058 curras
2011 3020 2027 3069 ;

437 3086 533 3140 sed
579 3087 624 3141 si
671 3088 940 3159 negligens
971 3090 1163 3155 fueris,
1195 3106 1380 3146 eorum
1430 3108 1534 3162 ope
1577 3095 1746 3148 malas
1793 3095 2031 3150 actiones

439 3179 774 3248 exsequeris.
821 3179 978 3235 Vides
1031 3181 1303 3236 inﬁrmum
1353 3193 1546 3239 cuneta
1601 3183 1844 3241 laedere?
1883 3186 2032 3242 vides

439 3266 709 3324 infirmum
761 3272 996 3327 remedia
1034 3273 1286 3328 salutaria
1324 3276 1649 3345 praecipitem
1690 3276 1743 3330 in
1804 3287 2030 3332 mortem

438 3377 619 3431 agere,
644 3378 748 3419 non
779 3379 848 3418 ex
870 3375 1056 3420 natura
1085 3381 1202 3434 sua,
1225 3367 1319 3422 sed
1353 3383 1418 3422 ex
1458 3368 1598 3423 illius
1629 3369 2031 3424 imbecillitate?

439 3455 643 3510 Ctelum
674 3457 912 3512 condidit
953 3458 1114 3525 Deus,
1145 3467 1204 3512 ut
1250 3474 1384 3528 opus
1423 3459 1712 3525 admirans,
1746 3461 2029 3516 Dominum

441 3544 694 3602 adorares
716 3564 730 3612 ;
759 3557 814 3602 at
836 3548 924 3602 alii
942 3549 1216 3606 conditore
1235 3550 1489 3606 derelicto
1504 3552 1693 3606 caelum
1715 3552 1886 3622 ipsum
1904 3552 2035 3608 ado-

443 3648 668 3694 rarunt:
703 3640 754 3694 id
779 3656 908 3695 vero
938 3652 1154 3712 prepter
1182 3658 1368 3698 eorum
1405 3645 1668 3714 ignaviam
1699 3654 1754 3700 et
1779 3645 2034 3715 insipien-

446 3732 571 3784 tiam
597 3730 810 3786 accidit.
852 3731 954 3786 Sed
985 3733 1110 3802 quid
1137 3749 1236 3804 ego
1262 3743 1561 3789 creaturam
1582 3735 1740 3790 dico?
1783 3735 2036 3790 Enimve-

445 3836 509 3876 ro
528 3821 656 3891 quid
685 3823 971 3877 salutarius
993 3839 1153 3879 cruce
1201 3826 1314 3880 fieri
1366 3829 1566 3896 possit?
1593 3829 1738 3898 atqui
1774 3843 1903 3882 crux
1934 3829 2035 3882 ista

445 3913 754 3968 scandalum
794 3915 1019 3969 inﬁrmis
1062 3925 1143 3971 est
1188 3915 1328 3972 facta
1364 3937 1378 3973 :
1419 3918 1638 3973 Verbum
1693 3920 1824 3974 enim
1871 3922 2037 3974 crucis

446 4007 768 4078 pereuntibus
805 4008 1005 4078 quidem
1051 4011 1262 4064 stultitia
1309 4023 1419 4076 est;
1463 4012 1526 4066 iis
1563 4021 1730 4066 autem
1773 4013 1858 4083 qui
1909 4012 2038 4066 salvi

447 4099 613 4168 fiunt,
651 4098 746 4154 Dei
769 4099 926 4154 virtus
954 4111 1028 4154 est
1051 4103 1125 4172 (1.
1150 4101 1270 4157 Cor.
1302 4103 1355 4159 1.
1387 4104 1476 4173 18)
1503 4119 1518 4168 ;
1550 4112 1605 4157 et
1649 4119 1862 4169 rursus,
1894 4103 2040 4157 Prte-

448 4191 677 4244 dicamus
699 4189 954 4246 Christum
974 4193 1304 4260 crucifixum,
1346 4193 1546 4248 Judwis
1581 4195 1784 4265 quidem
1824 4195 2040 4250 scanda-

449 4281 578 4346 lum,
607 4282 835 4350 gentibus
853 4291 1022 4336 autem
1044 4284 1309 4337 stultitiam
1337 4285 1412 4354 (1.
1449 4283 1569 4339 Cor.
1601 4287 1650 4340 1.
1671 4285 1786 4356 2'5).
1810 4288 1947 4354 Quid
1971 4289 2036 4342 ad

450 4372 749 4428 docendum
788 4373 961 4442 aptius
989 4373 1154 4428 Paulo
1197 4373 1319 4445 ﬁngi
1349 4377 1519 4444 possit
1555 4385 1610 4431 et
1649 4379 1944 4446 apostolis?
1986 4388 2042 4434 at

452 4465 540 4520 isti
584 4465 810 4534 apostoli
849 4467 1029 4520 multis
1056 4466 1190 4522 odor
1219 4467 1406 4522 mortis
1427 4478 1551 4523 sunt
1579 4469 1734 4524 facti:
1759 4472 1833 4525 ait
1861 4472 2039 4544 igitur,

451 4558 582 4611 Aliis
607 4558 806 4628 quidem
829 4557 958 4611 odor
985 4558 1163 4612 mortis
1194 4558 1247 4611 in
1288 4568 1502 4612 mortem
1523 4575 1543 4624 ,°
1568 4561 1683 4614 aliis
1708 4571 1878 4614 autem
1917 4565 2042 4617 odor

451 4650 566 4702 vita:
587 4649 638 4701 in
659 4649 812 4702 vitam
829 4647 906 4718 (2.
933 4647 1051 4702 Cor.
1101 4649 1157 4702 2.
1197 4649 1313 4719 16).
1349 4650 1512 4706 Vides
1538 4651 1804 4707 inﬁrmum
1826 4669 1855 4708 a
1881 4655 2043 4709 Paulo

453 4741 613 4793 etiam
632 4740 776 4805 laedi,
800 4739 1032 4794 validum
1058 4750 1235 4796 autem
1263 4757 1331 4797 ne
1357 4758 1385 4796 a
1417 4743 1632 4798 diabolo
1648 4746 1864 4814 quidem
1903 4748 2041 4802 afﬁci

453 4831 692 4886 damno?
869 4843 872 4846 ‘

527 4923 580 4976 4.
624 4922 717 4976 Vis
758 4923 916 4976 etiam
943 4923 1010 4978 de
1044 4923 1256 4979 Christo
1312 4941 1615 4981 sermonem
1672 4928 2047 4985 instituamus?

456 5013 592 5081 Quid
617 5029 738 5068 cum
767 5015 852 5068 illa
876 5015 1046 5070 salute
1075 5016 1304 5071 conferri
1325 5018 1669 5088 potest?quid
1699 5020 1788 5074 illo
1817 5021 2046 5075 adventu

459 5107 780 5160 fructuosius
796 5105 827 5158 ?
842 5107 986 5176 atqui
1008 5106 1094 5161 hic
1116 5107 1229 5176 ipse
1250 5107 1314 5162 ad
1326 5119 1513 5162 ventus
1537 5109 1782 5164 salutaris
1810 5121 1862 5164 et
1883 5113 2046 5179 utilis,

460 5197 640 5251 multis
665 5198 899 5252 accessio
922 5211 1196 5272 pugnarum
1218 5206 1301 5252 est
1323 5197 1510 5252 factus.
1531 5198 1598 5252 In
1617 5199 1874 5270 judicium
1895 5204 2046 5269 enim,

461 5293 649 5361 inquit,
673 5292 724 5344 in
746 5291 880 5344 hunc
909 5291 1154 5344 mundum
1175 5291 1306 5357 veni,
1336 5300 1389 5343 ut
1432 5293 1518 5357 qui
1558 5309 1657 5345 non
1684 5293 1850 5346 vident
1871 5335 1885 5357 ,
1915 5295 2049 5348 vide-

460 5394 572 5448 ant,
603 5393 649 5436 et
675 5381 762 5453 qui
784 5383 968 5448 vident,
1003 5382 1123 5435 eieci
1149 5383 1276 5449 [iant
1304 5381 1486 5452 (Joan.
1514 5382 1567 5438 9.
1592 5383 1703 5454 59).
1752 5385 1888 5449 Quid
1935 5385 2052 5440 ais?

465 5492 554 5530 nix
581 5473 839 5530 czccitatis
868 5487 1027 5527 causa
1052 5471 1186 5525 facta
1219 5473 1338 5527 est?
1367 5473 1483 5527 Non
1507 5474 1594 5526 lux
1624 5474 1761 5528 facta
1789 5485 2054 5530 estcausa

464 5567 741 5630 CillCllallS,
771 5563 866 5619 sed
894 5565 1166 5619 oculorum
1208 5565 1401 5619 anima:
1438 5565 1771 5620 imbecillitas
1818 5568 2058 5637 recipere

469 5659 647 5712 ltuucn
681 5673 785 5711 non
819 5657 1004 5711 valuit.
1050 5656 1208 5712 Vides
1247 5656 1513 5712 inﬁrmum
1536 5658 1771 5727 undique
1799 5658 1939 5725 hedi,
1968 5675 2058 5714 va-

470 5752 636 5807 lidum
661 5761 836 5805 autem
864 5750 1096 5821 undique
1126 5750 1404 5805 utilitatem
1433 5749 1756 5820 decerpere?
1782 5749 1914 5805 Nam
1945 5751 2061 5806 ubi-

471 5858 578 5917 que
607 5844 850 5900 voluntas
870 5853 950 5899 est
977 5843 1028 5898 in
1056 5858 1212 5899 causa
1231 5884 1246 5911 ,
1281 5843 1473 5914 ubique
1517 5851 1755 5898 nostrum
1782 5842 2060 5900 arbitrium

1132 407 1188 462 S.
1228 403 1508 463 JOANNIS
1545 398 2016 458 CllRYSOSTOMI
2060 399 2379 456 ARClilEP.
2419 395 2954 456 CONSTANTINOP.

3593 390 3701 446 Ξ.ϋέ

2121 520 2204 564 est
2235 520 2421 563 auctor
2453 527 2465 561 :
2494 505 2918 578 quandoquidem
2951 503 3214 568 diabolus,
3247 505 3291 561 si
3343 520 3500 561 nosse
3546 507 3698 568 velis,

2118 603 2279 656 etiam
2312 600 2455 654 utilis
2480 599 2634 655 nobis
2678 609 2780 661 est,
2811 599 2855 652 si
2894 613 2980 662 eo,
3012 608 3170 668 prout
3215 609 3446 669 oportet,
3470 611 3700 663 utamur,

2118 708 2469 765 magnamque
2497 692 2653 747 nobis
2682 693 2963 747 utilitatem
2991 693 3166 760 parit,
3216 706 3388 762 neque
3437 692 3705 746 mediocre

2121 789 2276 843 nobis
2301 787 2423 842 inde
2449 787 2654 841 lucrum
2701 785 2937 840 obvenit.
2979 784 3091 840 Hoc
3116 784 3384 839 multoties
3417 795 3473 838 et
3498 801 3563 840 ex
3588 785 3706 853 ipso

2119 881 2222 935 Job
2249 881 2579 936 ostendimus
2609 896 2622 931 :
2655 888 2828 948 potest
2853 887 3030 933 autem
3057 893 3121 932 ex
3154 878 3270 947 ipso
3299 894 3510 948 quoque
3538 877 3705 932 Paulo

2124 972 2343 1042 intelligi
2374 989 2386 1024 :
2418 972 2496 1026 sic
2521 971 2662 1025 enim
2692 971 2766 1024 ait
2810 970 2877 1025 de
2915 969 3236 1024 fornicatore
3265 970 3542 1024 scribens:
3575 969 3707 1023 Tra-

2121 1065 2224 1118 dite
2251 1066 2546 1136 Iiujusmodi
2573 1075 2766 1118 satante
2789 1065 2841 1118 in
2873 1065 3130 1117 interitum
3160 1064 3348 1130 carnis,
3398 1073 3452 1116 ut
3496 1064 3706 1134 spiritus

2121 1158 2288 1209 salvus
2315 1158 2375 1208 sit
2403 1155 2477 1228 (1.
2505 1155 2623 1210 Cor.
2669 1157 2724 1210 5.
2771 1157 2848 1226 5).
2886 1155 3025 1211 Ecce
3075 1156 3235 1210 etiam
3295 1154 3481 1209 salutis
3522 1164 3710 1209 auctor

2123 1251 2292 1303 factus
2318 1258 2401 1302 est
2426 1249 2693 1314 diabolus,
2728 1249 2932 1302 tametsi
2957 1264 3063 1303 non
3089 1264 3154 1302 ex
3187 1249 3349 1317 ipsius
3380 1256 3580 1313 mente,
3611 1247 3709 1302 sed

2123 1359 2188 1397 ex
2217 1343 2447 1397 artiﬁcio
2475 1343 2722 1412 apostoli.
2763 1343 2895 1397 Nam
2930 1343 3377 1412 quemadmodum
3409 1344 3598 1398 medici
3625 1343 3710 1397 vi-

2127 1450 2280 1503 peras
2309 1444 2545 1501 smnunt,
2575 1445 2626 1488 et
2657 1435 2968 1503 perniciosis
2998 1435 3250 1488 membris
3273 1435 3490 1490 resectis
3517 1435 3716 1489 theria-

2123 1541 2185 1579 ca
2217 1525 2601 1582 medicamenta
2626 1526 2916 1582 conﬁciunt
2942 1545 2955 1580 :
2986 1527 3058 1580 ita
3093 1542 3304 1598 quoque
3337 1527 3535 1582 Paulus
3557 1527 3711 1592 fecit;

2124 1617 2378 1687 quidquid
2407 1617 2578 1672 inerat
2606 1619 2732 1673 utile
2751 1635 2817 1673 ex
2846 1619 2995 1673 illato
3033 1634 3064 1672 a
3094 1619 3307 1673 diabolo
3330 1619 3590 1689 supplicio
3617 1635 3715 1672 su-

2127 1723 2278 1762 mens
2307 1709 2567 1780 reliquum
2590 1711 2793 1764 omisit.
2837 1709 2907 1765 Ut
2952 1711 3094 1763 enim
3149 1710 3411 1778 intelligas
3445 1726 3549 1763 non
3594 1723 3716 1764 esse

2126 1802 2312 1857 salutis
2333 1811 2604 1858 auctorem
2633 1802 2923 1865 diabolum,
2953 1801 3045 1855 sed
3070 1801 3217 1854 illum
3239 1801 3288 1853 in
3313 1799 3363 1854 id
3386 1799 3713 1863 incubuisse,

2129 1908 2184 1952 ut
2216 1898 2487 1952 hominem
2519 1895 2768 1964 perderet
2796 1908 2860 1948 ac
2887 1892 3188 1955 devoraret,
3218 1891 3516 1959 apostolum
3537 1901 3714 1944 autem

2129 1991 2389 2060 sapientia
2416 2006 2507 2044 sua
2539 1989 2721 2058 gulam
2748 1987 2797 2042 ei
2824 1986 3074 2056 fregisse,
3107 1985 3227 2038 audi
3251 1985 3377 2054 quid
3405 1986 3455 2038 in
3482 1984 3714 2038 secunda

2129 2083 2195 2136 ad
2217 2081 2526 2137 Corinthios
2559 2079 2793 2151 Epistola
2823 2078 2891 2132 de
2919 2079 3107 2133 eodem
3163 2077 3482 2131 fornicatore
3536 2077 3713 2131 dicat:

2133 2175 2443 2241 Con/innate
2470 2175 2522 2225 in
2549 2173 2695 2225 illum
2743 2171 3038 2233 caritatem,
3087 2187 3150 2223 ne
3191 2170 3321 2238 forte
3364 2169 3720 2222 abundantiori

2133 2265 2336 2318 tristitia
2361 2262 2688 2316 absorbeatur
2711 2261 2798 2331 qui
2813 2260 3066 2330 ejusmodi
3085 2270 3176 2322 est,
3196 2270 3242 2312 et
3269 2260 3722 2313 circumveniantur

2133 2373 2164 2408 a
2211 2364 2390 2408 satana
2414 2353 2470 2425 (2
2500 2353 2620 2408 Cor.
2650 2351 2706 2406 2.
2735 2351 2784 2406 8.
2814 2352 2864 2405 7.
2897 2352 2984 2421 11)
3013 2368 3024 2403 :
3053 2351 3419 2420 prwripiamus
3439 2366 3504 2404 ex
3531 2351 3721 2404 bellua:

2135 2445 2374 2500 faucibus
2398 2445 2689 2508 hominem,
2713 2444 2806 2497 ait.
2848 2443 3140 2512 Tamquam
3167 2443 3307 2496 enim
3331 2442 3580 2496 carnifice
3597 2457 3720 2510 per-

2134 2554 2277 2606 saepe
2297 2536 2510 2592 diabolo
2560 2550 2686 2590 usus
2733 2544 2816 2590 est
2862 2533 3167 2604 apostolus;
3222 2534 3497 2588 carniﬁces
3539 2543 3721 2588 autem

2134 2629 2409 2682 maleficos
2435 2627 2650 2697 quidem
2679 2627 2938 2696 puniunt,
2972 2635 3026 2679 at
3055 2642 3159 2680 non
3201 2636 3456 2695 quantum
3515 2627 3721 2691 volunt,

2135 2720 2226 2774 sed
2257 2727 2512 2788 quantum
2545 2718 2753 2788 judiees
2778 2718 2957 2772 sinunt
2988 2735 3000 2769 :
3031 2732 3093 2771 ea
3140 2719 3334 2787 quippe
3364 2718 3444 2772 lex
3490 2727 3570 2772 est
3597 2735 3722 2774 car-

2138 2812 2327 2876 niﬁcis,
2363 2819 2418 2864 ut
2443 2811 2507 2864 ad
2527 2810 2721 2878 judicis
2743 2818 2927 2863 nutum
2949 2809 3226 2864 attendens
3258 2825 3466 2878 poenam
3507 2809 3720 2865 inferat.

2139 2905 2297 2959 Vides
2335 2905 2398 2958 ad
2439 2913 2690 2974 quantam
2739 2902 3042 2957 ascenderit
3080 2902 3350 2970 apostolus
3373 2903 3724 2971 dignitatem?

2135 2995 2236 3064 Qui
2285 2995 2646 3051 circumdatus
2690 3002 2808 3050 erat
2855 3008 3084 3064 corpore
3109 2993 3426 3064 incorporeo
3455 3001 3723 3064 tamquam

2136 3087 2388 3142 carniﬁce
2418 3087 2694 3152 utebatur;
2721 3093 2777 3140 et
2826 3085 2969 3156 quod
3023 3085 3235 3140 diabolo
3278 3086 3574 3141 communis
3615 3087 3724 3140 Do-

2138 3181 2313 3234 minus
2344 3179 2412 3234 de
2435 3179 2537 3234 Job
2584 3180 2653 3233 ita
2686 3179 2998 3248 prtccipiens
3038 3179 3130 3245 ait,
3161 3177 3336 3248 Tange
3356 3195 3561 3232 carnem
3589 3179 3724 3247 ejus,

2137 3280 2477 3326 verumtamen
2534 3271 2756 3323 animam
2781 3270 2890 3340 ejus
2915 3287 2976 3323 ne
3007 3271 3226 3341 tetigeris
3279 3269 3400 3340 (Job
3439 3271 3494 3324 2.
3524 3271 3576 3342 6)
3610 3288 3625 3323 :
3659 3271 3726 3324 li-

2139 3363 2296 3418 mites
2324 3376 2706 3429 mensurasque
2744 3375 3019 3430 paznarum
3059 3363 3427 3431 prmscribens,
3487 3378 3553 3417 ne
3605 3379 3728 3417 cum

2141 3470 2338 3525 procax
2363 3465 2417 3510 et
2449 3453 2723 3509 eﬁracnata
2750 3455 2818 3508 sit
2845 3454 3020 3508 bellua
3042 3496 3056 3519 ,
3109 3457 3422 3511 insolentius
3473 3457 3728 3526 impetum

2142 3545 2299 3600 faciat
2332 3562 2346 3598 :
2379 3545 2481 3600 hoc
2501 3545 2662 3599 etiam
2687 3546 2792 3614 agit
2818 3547 3090 3616 apostolus
3118 3562 3130 3598 :
3163 3562 3281 3600 cum
3312 3547 3453 3600 enim
3481 3547 3733 3601 tradidis-

2141 3649 2222 3693 set
2248 3639 2296 3691 ei
2320 3637 2697 3692 fornicatorctn
2723 3678 2737 3702 ,
2768 3637 2860 3700 ait,
2891 3635 2957 3689 In
3012 3637 3270 3690 interitum
3317 3639 3483 3690 carnis
3503 3640 3577 3708 (1.
3602 3638 3726 3692 Cor.

2141 3731 2196 3785 5.
2237 3732 2328 3802 5),
2357 3730 2462 3784 hoc
2488 3739 2588 3794 est,
2621 3731 2869 3784 Animam
2899 3730 3016 3798 ejus
3045 3746 3112 3785 ne
3144 3731 3397 3800 tetigeris.
3446 3731 3600 3786 Vides
3630 3748 3731 3785 an-

2141 3826 2442 3879 ctoritatem
2472 3822 2646 3878 servi?
2702 3821 2818 3876 Noli
2855 3837 2983 3892 ergo
3012 3821 3279 3877 diabolum
3338 3824 3558 3887 timere,
3607 3825 3736 3879 licet

2135 3916 2489 3986 incorporeus
2511 3914 2579 3968 sit
2612 3933 2624 3966 :
2653 3915 2871 3985 impegit
2897 3913 3038 3968 enim
3065 3914 3298 3980 ;atnihil
3317 3915 3634 3970 imbecillius
3651 3928 3736 3971 est

2143 4023 2228 4072 eo,
2256 4007 2347 4076 qui
2374 4006 2650 4075 impegerit
2675 4047 2689 4070 ,
2723 4006 2848 4060 licet
2878 4005 3098 4059 minime
3136 4020 3360 4076 corpore
3389 4006 3459 4060 sit
3503 4007 3738 4061 circum-

2144 4099 2326 4164 datus;
2349 4098 2801 4168 quemadmodum
2846 4113 3018 4167 neque
3048 4099 3317 4153 robustius
3341 4109 3423 4154 est
3446 4099 3736 4169 quidquam

2148 4206 2234 4256 eo,
2267 4191 2353 4260 qui
2383 4190 2549 4244 libere
2569 4199 2768 4244 etcqu
2799 4189 2992 4244 ﬁducia
3023 4191 3192 4260 possit
3221 4206 3397 4261 agere,
3427 4193 3550 4247 licet
3587 4208 3740 4248 mor-

2147 4286 2251 4338 tale
2276 4298 2470 4352 corpus
2491 4282 2848 4337 circumferat.

2221 4377 2273 4431 5.
2318 4375 2442 4429 llaec
2469 4390 2498 4428 a
2527 4389 2613 4429 me
2661 4388 2801 4429 nunc
2829 4373 2969 4429 dicta
3010 4384 3136 4428 sunt
3164 4376 3361 4440 omnia,
3390 4391 3496 4430 non
3530 4386 3585 4430 ut
3615 4376 3738 4433 dia-

2149 4468 2326 4522 bolum
2348 4468 2568 4521 crimine
2586 4467 2887 4531 liberarem,
2915 4465 3006 4521 sed
3027 4478 3082 4521 ut
3101 4483 3196 4522 vos
3223 4469 3288 4523 ab
3315 4469 3519 4535 ignavia
3543 4471 3744 4526 liberos

2149 4559 2426 4614 redderem
2450 4577 2462 4612 :
2484 4558 2742 4629 siquidem
2770 4573 3090 4628 magnOpere
3116 4559 3388 4614 contendit
3418 4561 3523 4628 ille,
3552 4577 3745 4631 pecca-

2156 4662 2328 4704 torum
2358 4661 2413 4703 ut
2453 4659 2758 4704 nostrorum
2787 4650 2839 4704 in
2870 4650 3042 4720 ipsum
3069 4652 3278 4720 culpam
3305 4652 3648 4721 rejiciamus:
3685 4667 3744 4709 ut

2162 4743 2260 4796 hac
2312 4757 2404 4812 spe
2430 4740 2628 4806 laetati,
2659 4756 2779 4794 cum
2806 4755 2965 4795 omne
2989 4757 3156 4811 genus
3182 4744 3446 4798 scelerum
3489 4760 3742 4814 pervase—

2153 4836 2336 4898 rimus,
2386 4833 2553 4886 multa
2592 4832 2853 4901 supplicia
2903 4833 3055 4887 nobis
3102 4849 3410 4902 augeamus,
3431 4851 3546 4906 .nec
3575 4837 3739 4892 ullam

2157 4928 2275 4981 ideo
2298 4928 2504 4981 veniam
2535 4927 2902 4994 impetremus,
2935 4925 3077 4996 quod
3103 4927 3310 4996 culpam
3341 4929 3391 4981 in
3411 4947 3533 4984 cum
3560 4941 3741 4985 trans-

2157 5018 2452 5081 tulerimus,
2483 5018 2618 5071 sicut
2643 5033 2739 5072 nec
2761 5018 2870 5072 Eva
2901 5018 3221 5088 impetravit.
3244 5019 3352 5074 Nos
3377 5037 3504 5075 vero
3532 5040 3738 5092 nequa-

2157 5129 2312 5182 quam
2342 5111 2392 5165 id
2417 5127 2654 5180 agamus,
2683 5111 2775 5166 sed
2806 5127 2902 5166 nos
2933 5111 3076 5182 ipsos
3113 5128 3484 5182 agnoscamus,
3519 5117 3741 5170 vulnera

2157 5217 2508 5273 agnoscamus
2549 5221 2563 5256 :
2593 5203 2668 5257 sic
2694 5203 2834 5258 enim
2861 5212 2915 5258 et
2936 5204 3318 5259 medicamenta
3347 5209 3638 5276 poterimus
3658 5209 3764 5264 ad-

2161 5297 2345 5352 bibere
2374 5313 2529 5352 :nam
2559 5297 2650 5366 qui
2677 5297 2919 5352 morbum
2945 5314 3048 5353 non
3082 5300 3249 5363 novit,
3270 5299 3402 5355 nihil
3428 5302 3495 5356 de
3521 5303 3744 5371 aegritu-

2161 5388 2286 5443 dine
2311 5389 2570 5443 sollicitus
2597 5389 2717 5444 erit.
2744 5389 2903 5444 Multa
2924 5393 3258 5459 peccavimus
3282 5409 3296 5456 ;
3317 5408 3430 5447 SCIO
3452 5394 3698 5463 equidem
3728 5411 3744 5461 ;

2162 5496 2348 5535 omnes
2397 5482 2538 5536 enim
2581 5482 2754 5550 poenis
2789 5483 3002 5537 obnoxii
3046 5498 3269 5548 sumus;
3315 5494 3369 5537 at
3394 5487 3545 5540 venia
3590 5489 3756 5547 nobis

2167 5582 2352 5641 negata
2394 5589 2500 5627 non
2531 5584 2633 5638 est,
2663 5589 2763 5628 nec
2791 5589 2821 5628 a
2862 5575 3171 5644 pmnitentia
3201 5577 3497 5632 excidimus
3527 5595 3541 5630 :
3568 5578 3753 5638 adhuc

2167 5664 2307 5717 enim
2336 5673 2538 5717 stamus
2569 5663 2620 5717 in
2648 5676 2958 5729 scammate,
2989 5675 3044 5720 ct
3069 5665 3119 5719 in
3149 5667 3478 5735 ptBnitcutitc
3497 5675 3758 5726 certami-

2169 5753 2323 5807 nibus
2350 5770 2646 5809 versamur.
2678 5755 2850 5810 Senex
2893 5771 2972 5820 es,
3005 5766 3056 5809 et
3085 5755 3149 5809 ad
3179 5757 3350 5827 ipsum
3385 5760 3588 5814 exitum
3623 5763 3756 5818 vita:

2171 5847 2500 5914 pervenisti?
2528 5846 2604 5903 Ne
2636 5857 2743 5902 tum
2768 5846 2978 5919 quidem
3003 5863 3033 5902 a
3063 5849 3370 5917 [\tnnitcutia
3401 5861 3451 5908 te
3477 5854 3752 5910 arbitreris
