4046 6396
244 360 348 414 265

246 474 552 535 excidisse;
586 481 760 538 neque
782 465 852 521 de
878 475 965 520 tua
996 463 1168 518 salute
1189 460 1445 528 desperes
1480 493 1494 517 ,
1536 453 1632 507 sed
1689 449 1829 503 latro

253 567 350 622 tibi
375 566 558 621 veniat
587 565 639 617 itt
671 569 922 623 mentem,
956 557 1046 626 qui
1075 557 1126 609 in
1154 567 1313 609 cruce
1342 552 1585 631 libertate
1610 546 1836 600 donatus

247 669 352 718 est.
379 657 518 726 Quid
540 655 682 710 enim
707 651 919 707 brevius
936 649 1024 703 illa
1041 648 1192 706 hora.
1222 645 1274 699 in
1291 657 1394 712 qua
1418 647 1701 696 coronatus
1717 635 1837 690 est?

250 761 484 806 attamen
505 747 618 802 haec
637 748 796 800 etiam
827 741 900 796 illi
921 740 986 794 ad
1007 740 1232 793 salutem
1255 732 1481 790 suﬂ'ecit.
1510 729 1728 787 Juvenis
1743 727 1837 781 es?

251 844 356 897 noli
379 839 648 895 confidere
669 832 960 906 juventuti,
989 845 1087 886 nec
1102 828 1374 884 existimes
1395 825 1611 892 longum
1635 829 1688 874 te
1715 819 1837 872 vitae

254 937 480 1005 spatium
527 932 832 986 habiturum
866 946 880 983 :
932 924 1054 980 Dies
1095 923 1230 978 enim
1271 918 1480 973 Domini
1507 917 1635 970 sicut
1673 914 1759 983 {ur
1784 913 1837 965 in

253 1040 411 1092 nocte,
441 1028 512 1079 ita
534 1023 695 1079 veniet
728 1021 805 1092 (1.
831 1017 1009 1073 Thess.
1050 1017 1104 1071 5.
1147 1013 1226 1084 2).
1255 1013 1543 1081 Propterea
1574 1008 1836 1061 incertum

252 1122 401 1176 nobis
431 1119 633 1174 obitum
662 1113 910 1175 reddidit,
948 1120 1006 1164 ut
1049 1117 1253 1164 certum
1280 1105 1514 1159 studium
1543 1117 1607 1156 ac
1636 1099 1836 1154 sollici-

253 1211 491 1267 tudinem
523 1207 891 1262 adhibeamus.
921 1201 1040 1256 Non
1082 1199 1227 1252 vides
1255 1212 1369 1259 eos,
1398 1195 1487 1264 qui
1517 1200 1838 1262 prmttta'turo

253 1303 304 1358 in
334 1303 449 1355 dies
494 1300 638 1354 obitu
673 1292 1056 1365 abripiuntur?
1097 1291 1294 1345 idcirco
1319 1287 1570 1341 admonet
1597 1281 1832 1352 quidam,

255 1395 375 1450 Non
418 1394 585 1449 tardes
612 1389 830 1446 converti
860 1389 927 1441 ad
949 1385 1243 1447 Dominum,
1267 1391 1313 1434 et
1348 1397 1409 1433 ne
1437 1376 1644 1446 differas
1672 1376 1734 1428 de
1758 1373 1839 1426 die

259 1489 312 1542 in
340 1488 473 1541 diem
502 1484 687 1558 (Eccli.
717 1483 769 1537 5.
795 1481 898 1550 8.),
930 1495 998 1534 ne
1026 1477 1182 1541 forte,
1205 1474 1331 1529 dum
1371 1470 1660 1532 cunctaris,
1707 1482 1835 1520 con-

255 1578 462 1633 teraris.
485 1574 798 1630 Adltortatio
829 1572 919 1626 illa
954 1569 1069 1625 seni
1096 1567 1456 1626 adhibeatur;
1496 1562 1597 1616 hac
1625 1558 1838 1629 juvenis

253 1668 616 1724 admonitione
661 1665 936 1720 doceatur.
981 1662 1052 1716 At
1097 1660 1151 1714 in
1181 1668 1294 1712 tuto
1333 1655 1583 1716 versaris,
1625 1662 1679 1706 et
1707 1651 1844 1727 divi:

256 1761 340 1816 tiis
365 1759 542 1814 afﬂuis
574 1775 588 1823 ;
621 1755 856 1826 pecuniis
887 1752 1173 1813 redundas,
1205 1764 1378 1820 neque
1409 1748 1530 1802 mali
1561 1746 1652 1800 tibi
1680 1743 1836 1814 quid-

252 1867 408 1923 quam
435 1848 670 1904 accidit?
709 1862 895 1901 verum
940 1843 1084 1907 audi,
1111 1841 1236 1912 quid
1263 1841 1408 1895 dicat
1439 1837 1638 1892 Paulus
1670 1853 1682 1888 :
1711 1833 1838 1890 Cum

252 1945 470 1998 dixerint
501 1958 674 2011 pacem
724 1952 771 1994 et
793 1935 1207 2009 tranquillitatem
1234 1975 1248 2000 ,
1280 1942 1396 1985 tunc
1444 1928 1737 2000 repentinus
1767 1928 1838 1980 eis

252 2037 562 2108 superveniet
603 2033 838 2088 interitus
877 2032 954 2100 (1.
983 2027 1162 2082 Thess.
1196 2027 1249 2082 5.
1280 2023 1357 2096 5).
1391 2023 1552 2077 Multa
1595 2020 1840 2075 laborant

253 2129 616 2186 vicissitudine
653 2141 716 2181 ac
760 2123 1053 2178 mutatione
1080 2135 1166 2174 res
1217 2119 1464 2172 humanm
1498 2134 1510 2167 :
1543 2130 1646 2168 non
1676 2121 1757 2166 est
1784 2113 1837 2166 in

255 2231 516 2293 potestate
584 2229 766 2274 nostra
833 2216 1044 2278 obitus,
1094 2213 1164 2267 sit
1223 2211 1278 2264 in
1344 2217 1607 2279 potestate
1657 2217 1838 2261 nostra

253 2316 420 2369 virtus
454 2331 468 2367 :
509 2313 768 2381 benignus
792 2318 876 2364 est
907 2308 1160 2362 Dominus
1187 2313 1368 2359 noster
1398 2302 1660 2358 Christus.

321 2408 374 2462 6.
412 2406 643 2478 Quinque
669 2404 975 2474 pmnitenliw
1004 2401 1116 2454 vite.
1141 2428 1214 2440 ——-
1251 2397 1425 2450 Vultis
1464 2395 1626 2450 etiam
1659 2391 1834 2462 ι)ωηί-

253 2499 432 2555 tentite
458 2498 570 2550 vias
596 2492 1051 2550 commemorem?
1076 2489 1251 2544 Multae
1277 2502 1406 2542 sane
1435 2496 1560 2541 sunt
1589 2485 1709 2549 illte,
1744 2499 1836 2538 va-

252 2593 343 2645 ria:
402 2604 466 2644 ac
529 2587 874 2649 dill'erentes,
929 2594 984 2639 et
1035 2597 1224 2637 omnes
1271 2580 1336 2635 ad
1387 2580 1576 2635 caelum
1616 2577 1835 2631 ducunt.

252 2684 427 2738 Prima
454 2692 538 2737 est
553 2679 880 2756 paenitentia:
901 2680 982 2732 via
1005 2677 1277 2731 damnatio
1313 2683 1650 2745 peccatorum
1684 2689 1698 2725 :
1743 2670 1840 2723 Dic

250 2777 381 2831 enim
413 2786 467 2829 tu
496 2781 689 2846 primus
718 2780 926 2842 peccata
973 2780 1062 2822 tua
1088 2811 1104 2836 ,
1137 2777 1191 2822 ut
1209 2767 1506 2839 justi/iceris
1537 2764 1553 2835 (
1587 2762 1712 2816 lsai.
1745 2763 1834 2816 45.

253 2871 362 2941 26).
392 2869 683 2937 Propterea
710 2880 926 2936 quoque
957 2863 1042 2917 dic
1055 2862 1182 2916 ehat
1213 2860 1473 2930 propheta
1503 2876 1515 2910 :
1550 2857 1692 2923 Dixi,
1716 2871 1838 2925 pro-

252 2959 492 3015 nuntiabo
546 2959 807 3010 adversum
828 2972 908 3008 me
929 2953 1231 3024 injustitiam
1252 2966 1415 3004 meam
1440 2947 1678 3012 Domino,
1709 2956 1756 3000 et
1783 2956 1839 2999 tu

253 3054 491 3111 remisisti
509 3053 815 3122 impietatem
843 3049 1010 3102 cordis
1033 3047 1131 3100 ntei
1157 3047 1175 3115 (
1207 3044 1350 3099 Psal.
1383 3045 1471 3100 51.
1500 3043 1534 3098 5
1564 3048 1602 3114 ).
1637 3042 1838 3096 Damna

251 3149 409 3219 igitur
440 3155 495 3200 et
517 3155 570 3199 ttt
601 3160 686 3208 ea,
719 3144 771 3197 itt
804 3143 998 3212 quibus
1023 3139 1253 3210 peccasti
1287 3155 1300 3191 :
1344 3137 1447 3191 hoc
1478 3137 1701 3190 Domino
1722 3133 1838 3190 suf-

251 3239 362 3294 ﬁcit
389 3237 458 3292 ad
480 3234 887 3291 excusationem
924 3251 936 3285 :
963 3232 1051 3301 qui
1082 3232 1225 3284 enim
1250 3245 1314 3284 ea
1341 3229 1563 3282 damnat
1587 3270 1601 3294 ,
1631 3227 1684 3280 itt
1715 3226 1838 3296 qui-

250 3329 353 3383 bus
381 3327 620 3396 peccavit
645 3367 659 3390 ,
691 3325 896 3379 tardius
935 3323 988 3377 in
1026 3322 1215 3377 cadent
1262 3335 1446 3375 rursus
1488 3318 1674 3373 incidit
1703 3334 1716 3370 :
1746 3317 1844 3371 do-

248 3420 532 3474 mesticum
581 3425 945 3472 accusatorem
969 3415 1143 3468 excita
1171 3412 1550 3467 conscientiam
1581 3420 1746 3464 tuam.
1775 3424 1843 3463 ne

250 3520 622 3566 accusatorem
650 3509 757 3562 illic
780 3507 976 3562 habeas
996 3522 1176 3560 coram
1196 3505 1402 3560 Domini
1425 3502 1692 3558 tribunali.
1717 3502 1842 3556 Haec

248 3605 414 3675 igitur
438 3618 542 3656 una
570 3610 652 3656 est
701 3602 899 3669 Optima
946 3598 1272 3668 pmnitentia:
1300 3597 1384 3651 via
1410 3613 1424 3660 ;
1453 3596 1628 3650 adhuc
1662 3603 1840 3648 autem

249 3707 304 3752 et
331 3696 503 3750 altera
531 3703 612 3748 est
660 3693 826 3747 nihilo
879 3691 1098 3746 inferior
1127 3690 1225 3744 ista
1249 3731 1263 3750 ,
1301 3698 1356 3742 ιιι
1406 3698 1745 3757 acceptarum
1774 3687 1842 3741 ab

244 3774 487 3846 ini'micis
541 3785 850 3855 injuriarum
910 3797 1178 3838 memores
1221 3797 1326 3836 non
1375 3780 1584 3846 simus,
1640 3789 1697 3832 ut
1749 3779 1843 3832 ira:

252 3881 606 3950 imperemus,
634 3886 695 3932 ut
715 3891 1100 3932 conservorum
1133 3883 1347 3944 peccata
1375 3873 1705 3927 dimittamus
1729 3891 1741 3926 :
1765 3874 1844 3926 sic

233 3971 404 4032 .enim
437 3980 491 4025 et
523 3986 642 4040 quae
674 3969 727 4023 in
759 3969 1042 4022 Dominum
1085 3966 1370 4021 commissa
1401 3965 1628 4028 fuerint,
1660 3964 1842 4017 dimit-

251 4069 482 4117 tentur:
525 4076 590 4114 en
636 4059 862 4113 alteram
885 4058 1046 4112 etiam
1088 4064 1426 4124 peccatorum
1459 4055 1839 4122 expiationem.

251 4153 314 4208 Si
341 4152 477 4204 enim
505 4150 817 4215 dimiseritis,
843 4149 1034 4219 inquit,
1069 4146 1374 4202 debitoribus
1402 4147 1598 4210 vestris,
1630 4146 1846 4199 dimittet

247 4260 297 4303 et
326 4241 467 4296 vobis
502 4239 664 4294 Pater
707 4250 868 4294 vester
911 4239 1163 4309 cwlestis(
1196 4237 1383 4292 Matth.
1406 4237 1460 4292 6.
1507 4238 1576 4292 14
1603 4241 1641 4305 ).
1677 4237 1763 4290 Vis
1791 4246 1847 4292 et

253 4337 470 4390 tertiam
509 4334 836 4404 paenitentia:
874 4334 1012 4386 viam
1059 4331 1305 4387 discere?
1344 4331 1526 4386 Oratio
1555 4331 1765 4385 fervens
1792 4341 1847 4386 et

252 4437 543 4492 accurata,
595 4436 755 4496 atque
801 4441 868 4480 ex
916 4425 1105 4478 intimo
1149 4423 1319 4479 corde
1351 4439 1695 4493 promanans.
1724 4423 1840 4478 Non

256 4534 310 4576 tu
349 4521 562 4575 viduam
599 4521 739 4574 illam
781 4518 990 4584 vidisti,
1021 4534 1127 4588 quo
1152 4529 1310 4588 pacto
1335 4517 1698 4587 impudentem
1744 4519 1844 4572 sibi

256 4614 490 4685 indicem
523 4612 669 4666 illum
698 4611 996 4666 conciliarit
1027 4610 1045 4682 (
1085 4610 1214 4663 Luc.
1250 4610 1335 4664 18.
1370 4611 1404 4663 5
1427 4609 1483 4681 )?
1512 4612 1582 4662 At
1613 4619 1664 4663 tu
1698 4627 1848 4663 ntan-

261 4910 432 4963 QUOD
476 4909 562 4950 EX
604 4904 856 4949 DESIDIA
900 4904 1307 4958 IMPROBITAS,
1356 4905 1440 4946 EI
1482 4906 1853 4950 DILIGENTIA
1922 4903 2151 4948 VIBTUS
2207 4896 2489 4941 OBIATUR
2537 4897 2552 4934 ἓ

1237 347 1321 399 DE
1363 344 1656 399 DIABOLO
1693 338 2124 394 'l‘ENTATOltE.
2170 337 2398 393 llOMlL.
2442 336 2504 389 lll

3425 329 3530 384 261

1943 457 2154 502 suetum
2202 457 2388 502 nactus
2429 463 2488 501 es
2519 447 2818 508 Dominum,
2845 447 3040 500 bonum
3085 453 3138 500 et
3177 445 3530 505 clementem:

1944 542 2029 594 illa
2060 541 2316 594 adversus
2365 541 2617 594 inimicos
2648 540 2992 609 postulabat;
3042 549 3097 593 tu
3131 555 3261 594 vero
3307 556 3410 594 non
3439 541 3534 594 ad-

1944 646 2132 686 versus
2178 632 2456 698 inimicos,
2508 631 2604 685 sed
2656 646 2753 700 pro
2777 640 2861 684 tua
2889 631 3062 685 salute
3089 632 3345 701 postulas.
3380 631 3532 698 Quod

1942 724 1987 777 si
2017 733 2260 792 quartam
2290 724 2449 777 etiam
2490 737 2650 778 nosse
2700 723 2852 787 velis,
2883 723 3276 795 eleemosynam
3309 723 3480 777 dicam
3521 741 3533 777 :
3566 731 3571 736 '

1943 814 2164 868 multam
2196 814 2338 869 enim
2371 830 2434 868 ea
2465 823 2517 868 et
2544 815 2820 883 cepiosam
2871 816 2978 867 vim
3033 813 3193 868 habet
3225 832 3238 866 :
3269 812 3532 882 siquidem

1942 905 2472 972 Nabuchodonosori,
2513 907 2602 976 qui
2659 905 2726 959 ad
2785 920 2944 960 omne
2987 903 3342 974 improbitatis
3365 920 3536 975 genus

1945 1006 2228 1066 provectus
2264 1006 2401 1063 erat,
2432 1007 2486 1051 et
2509 1012 2724 1050 omnem
2759 997 3086 1065 impietatem
3125 997 3341 1050 molttus
3371 1007 3485 1050 erat
3515 1038 3530 1061 ,

1943 1091 2018 1144 ait
2045 1090 2230 1145 Daniel
2264 1108 2277 1144 :
2307 1091 2439 1155 Rex,
2458 1091 2722 1143 consilium
2749 1107 2913 1143 nteant
2944 1091 3142 1158 placeat
3161 1091 3247 1144 tibi
3276 1108 3294 1145 :
3329 1101 3533 1160 peccata

1945 1191 2032 1234 tua
2055 1183 2109 1235 in
2129 1183 2457 1252 eleemosynis
2491 1183 2700 1243 redime,
2725 1192 2769 1235 et
2791 1183 3083 1253 iniquitates
3110 1191 3224 1234 tuas
3245 1199 3299 1235 ιη
3323 1183 3533 1235 misera-

1944 1273 2161 1327 tionibus
2183 1290 2468 1342 pauperttm
2511 1271 2675 1344 (Dan.
2717 1275 2767 1327 4.
2801 1273 2921 1342 24).
2954 1272 3092 1340 Quid
3147 1288 3264 1327 cum
3312 1273 3412 1328 hac
3441 1273 3532 1327 be-

1945 1365 2206 1435 nignitate
2251 1365 2485 1418 conferri
2515 1366 2720 1434 queat?
2769 1365 2900 1420 Post
2948 1367 3225 1420 innumera
3275 1377 3485 1435 peccata
3512 1408 3529 1431 ,

1947 1467 2066 1526 post
2097 1466 2174 1510 tot
2201 1465 2255 1510 et
2281 1465 2456 1510 tantas
2477 1457 2807 1512 calamitates
2839 1457 3106 1527 placatum
3139 1457 3200 1511 iri
3227 1473 3285 1511 se
3310 1458 3529 1526 pollice-

1946 1565 2030 1604 tur
2054 1551 2124 1615 ei,
2155 1551 2244 1620 qui
2271 1550 2596 1614 oifenderat,
2627 1551 2669 1604 si
2695 1565 2818 1620 erga
2843 1565 3133 1606 conservos
3154 1566 3278 1605 suos
3306 1551 3531 1620 benigne

1944 1658 2003 1696 se
2031 1643 2278 1712 gesserit.
2312 1642 2378 1696 Et
2407 1658 2556 1709 vero,
2587 1642 2632 1696 si
2677 1642 2919 1698 modeste
2945 1654 3065 1713 agat
3085 1645 3228 1714 quis,
3257 1653 3311 1698 et
3351 1643 3529 1698 humi-

1946 1738 2010 1792 lis
2037 1739 2126 1803 sit,
2160 1736 2264 1791 hoc
2310 1752 2416 1790 non
2446 1737 2622 1792 minus
2648 1753 2807 1806 quam
2834 1753 2954 1806 qum
2993 1737 3133 1791 dicta
3169 1748 3293 1791 sunt
3320 1738 3529 1800 omnia,

1946 1838 2286 1898 peccatorum
2325 1838 2572 1882 naturam
2604 1829 2838 1882 absumit
2872 1845 2885 1880 :
2932 1829 3087 1898 cujus
3121 1828 3198 1883 rei
3249 1830 3400 1883 testis
3450 1840 3532 1883 est

1943 1920 2276 1990 publicanus,
2303 1921 2392 1989 qui
2445 1929 2594 1974 recte
2649 1919 2792 1974 facta
2847 1920 3063 1990 quidem
3110 1934 3534 1974 commemorare

1945 2027 2052 2066 non
2083 2020 2323 2080 poterat,
2351 2010 2444 2064 sed
2476 2011 2714 2065 omnium
2746 2012 2866 2066 loco
2926 2011 3279 2066 humilitatem
3319 2012 3530 2077 Obtulit,

1943 2112 1998 2157 et
2036 2118 2199 2173 grave
2233 2113 2577 2172 peccatorum
2611 2119 2748 2158 onus
2796 2103 3044 2172 deposuit
3071 2104 3090 2176 (
3116 2103 3242 2158 Luc.
3277 2104 3362 2160 18.
3395 2105 3529 2175 15).

1947 2194 2087 2248 Ecce
2116 2194 2352 2264 quinque
2374 2195 2708 2264 ptenitentia:
2735 2195 2848 2248 vias
2877 2195 3232 2248 indicavimus
3258 2213 3271 2247 :
3303 2196 3532 2265 primam

1944 2295 2288 2354 peccatorum
2313 2285 2712 2340 damnationem
2737 2327 2751 2352 ,
2785 2287 3074 2341 secundam
3120 2303 3242 2341 cum
3275 2288 3533 2357 proximis

1944 2389 2160 2449 peccata
2180 2379 2519 2442 dimittimus,
2537 2380 2751 2433 tertiam
2775 2395 2894 2448 qua:
2925 2381 2976 2433 itt
3001 2381 3243 2434 oratiooe
3268 2380 3530 2441 consistit,

1943 2481 2193 2541 quartam
2225 2487 2345 2541 qua:
2374 2471 2426 2524 in
2459 2470 2824 2541 eleetnosyna,
2858 2473 3098 2541 quintam
3129 2489 3249 2542 quze
3280 2472 3331 2526 in
3363 2472 3536 2526 humi-

1944 2563 2109 2618 litate.
2132 2561 2247 2617 Noli
2274 2563 2431 2632 igitur
2447 2563 2624 2627 otiari,
2648 2563 2739 2617 sed
2763 2564 2995 2633 quotidie
3021 2580 3112 2633 per
3134 2563 3229 2618 has
3248 2580 3436 2619 omnes
3457 2565 3536 2616 in-

1943 2653 2072 2708 cede
2094 2672 2107 2704 :
2127 2662 2250 2707 sont
2287 2654 2426 2708 enim
2455 2653 2635 2708 laciles
2657 2656 2777 2715 vite,
2798 2669 2970 2723 neque
2999 2664 3360 2724 paupertatem
3383 2668 3536 2724 p0tes

1945 2745 2235 2799 obtendere
2264 2761 2276 2797 :
2311 2745 2406 2799 sed
2438 2745 2561 2799 licet
2586 2747 2637 2799 in
2668 2754 2905 2815 egestate
2943 2747 3174 2815 graviori
3214 2747 3376 2800 vitam
3421 2755 3533 2800 tra-

1945 2835 2128 2901 ducas,
2159 2846 2211 2890 et
2237 2837 2367 2889 iram
2396 2835 2668 2906 deponere
2695 2847 2748 2890 et
2777 2837 3132 2891 humilitatem
3165 2853 3275 2906 pra:
3315 2848 3365 2892 te
3394 2837 3535 2892 ferre

1945 2928 2170 2998 poteris,
2204 2937 2258 2982 et
2282 2927 2494 2982 assidue
2526 2928 2751 2996 precari,
2781 2937 2834 2981 et
2877 2939 3088 2996 peccata
3119 2928 3375 2982 damnare
3398 2971 3412 2995 ,
3444 2947 3534 2982 nc-

1944 3035 2049 3089 que
2104 3028 2388 3088 paupertas
2436 3019 2638 3087 uspiam
2690 3019 3128 3088 impedimentum
3173 3021 3327 3075 all'ert
3363 3040 3374 3074 :
3409 3023 3533 3092 quid

1946 3111 2065 3166 dico
2091 3110 2198 3175 hic,
2232 3110 2661 3180 quandoquidem
2708 3126 2807 3166 nec
2834 3111 2888 3165 in
2933 3111 3017 3165 illa
3049 3113 3374 3181 pmuitemia:
3419 3115 3532 3177 via,

1947 3205 1998 3258 in
2027 3220 2127 3274 qua
2162 3204 2413 3272 pecunias
2444 3204 2566 3257 licet
2585 3217 2803 3272 erogare
2827 3203 2846 3272 (
2863 3205 3257 3275 eleemosynam
3276 3204 3441 3273 dico),
3468 3223 3535 3258 ne

1948 3297 2054 3350 illic
2087 3295 2299 3364 quidem
2332 3294 2484 3348 nobis
2527 3293 2594 3348 ad
2622 3294 2926 3348 mandatum
2971 3295 3368 3364 exsequendum
3397 3296 3536 3364 obji-

1946 3387 2019 3440 cit
2046 3387 2482 3457 impedimentum
2514 3386 2836 3455 paupertas?
2867 3386 2924 3440 Id
2950 3401 3076 3440 vero
3113 3387 3269 3440 vidua
3308 3387 3533 3441 demon-

1950 3481 2158 3544 stravit,
2187 3495 2306 3549 qute
2336 3480 2443 3533 duo
2465 3480 2665 3533 minuta
2695 3479 2836 3532 misit
2866 3479 2883 3548 (
2910 3478 3075 3531 Marc.
3103 3477 3188 3532 12.
3217 3478 3287 3532 42
3310 3479 3350 3551 ).
3401 3478 3534 3533 Cum

1950 3573 2108 3643 igitur
2142 3571 2279 3624 hanc
2298 3571 2516 3624 vulnera
2557 3581 2736 3623 nostra
2763 3569 2984 3624 curandi
3027 3570 3290 3624 rationem
3331 3569 3536 3625 didice-

1950 3667 2138 3729 rimus,
2166 3662 2282 3718 ltarc
2323 3663 2713 3717 medicamenta
2744 3661 3093 3715 adhibeamus
3118 3703 3132 3724 ,
3159 3669 3218 3715 ut
3238 3676 3362 3715 vera
3394 3663 3539 3716 sani-

1950 3765 2059 3811 tate
2105 3764 2452 3825 recuperala,
2501 3768 2652 3807 sacra
2678 3768 2859 3806 mensa
2886 3767 3005 3806 cum
3055 3752 3245 3806 ﬁducia
3295 3752 3538 3822 perfrua-

1952 3867 2091 3916 mur,
2121 3858 2176 3903 et
2213 3849 2374 3902 multa
2405 3864 2525 3901 cum
2557 3847 2722 3916 gloria
2755 3844 2968 3900 Christo
2998 3845 3106 3916 regi
3146 3846 3332 3924 gloriae
3355 3861 3540 3901 occur-

1952 3957 2131 3995 ramus
2156 3981 2170 4004 ,
2203 3949 2511 4007 aeternaque
2547 3937 2760 3992 assidue
2803 3937 2938 3990 bona
2969 3951 3390 4006 consequamur,
3422 3953 3542 4007 gra-

1955 4035 2044 4098 tia,
2088 4029 2475 4096 misericordia,
2504 4039 2558 4084 et
2607 4030 2929 4098 benignitate
2947 4028 3154 4083 Domini
3204 4030 3368 4084 nostri
3415 4030 3540 4084 Jesu

1952 4124 2183 4188 Christi;
2215 4139 2308 4192 per
2357 4138 2514 4193 quem
2545 4129 2599 4174 et
2642 4136 2764 4175 cum
2803 4136 2908 4190 quo
2948 4119 3092 4173 Patri
3137 4121 3341 4190 gloria,
3373 4121 3540 4188 impc-

1953 4219 2126 4282 rium,
2174 4216 2386 4278 honor,
2450 4229 2550 4267 una
2592 4228 2713 4266 cum
2767 4222 2972 4276 sancto,
3004 4212 3143 4266 bono
3202 4228 3265 4266 ac
3333 4213 3540 4265 vivitico

1953 4309 2152 4378 Spiritu
2179 4350 2193 4372 ,
2228 4323 2369 4361 nunc
2392 4316 2445 4360 et
2475 4319 2706 4373 semper,
2753 4312 2807 4358 et
2853 4303 2906 4358 in
2956 4304 3150 4358 εωουιίι
3195 4303 3537 4358 saeculorum.

1952 4403 2144 4456 Amen.

2600 4891 2898 4945 QUODQUE
2941 4891 3055 4934 NEC
3103 4892 3367 4935 IMPROBI
3431 4895 3547 4936 ΗΟ-

345 5010 564 5063 MINES,
613 5008 731 5050 NEC
777 5007 913 5048 IPSE
957 5005 1265 5048 DIABOLUS
1313 5006 1545 5049 HOMINI
1593 5007 1916 5051 VIGILANTI
1965 5003 2212 5049 NOCERE
2256 4998 2529 5042 POSSINT.
2606 4969 3096 5038 DEMONSTﬂAi‘IO
3163 4997 3383 5039 AUTEM
3442 4997 3550 5039 PE-

341 5111 537 5153 TITUB
583 5107 718 5150 Τωι
761 5103 924 5149 Αιιιε
968 5105 1196 5147 MULTIS
1265 5106 1352 5147 EX
1392 5106 1591 5163 LOCIS,
1639 5108 1774 5150 TUI
1817 5109 1840 5149 Ξ

1949 5106 2026 5148 IIS
2069 5102 2212 5156 quas
2255 5097 2476 5143 ΑοΑΜο
2519 5099 2601 5139 ET
2627 5096 2782 5140 sono
2823 5095 3270 5140 CONTIGERUNT
3315 5077 3426 5159 (a).

1574 5263 1869 5274 ———-—————-—

835 5312 1054 5353 IIOIILIA
1078 5311 1160 5352 lll.

347 5386 400 5438 1.
434 5387 573 5439 Aule
599 5384 907 5437 hesternum
940 5382 1151 5452 quidem
1180 5379 1323 5435 diem
1362 5380 1427 5433 de
1455 5380 1666 5434 diabolo
1705 5380 1860 5435 nobis

271 5477 411 5546 apud
437 5478 716 5532 caritatem
746 5486 977 5529 vestram
1002 5481 1084 5526 est
1110 5473 1345 5526 instituta
1369 5473 1540 5526 oratio
1565 5489 1580 5536 ;
1612 5473 1699 5527 alii
1726 5488 1855 5526 vero

270 5568 456 5624 eodem
474 5568 715 5632 die,cum
737 5581 835 5621 nos
858 5564 946 5619 hic
966 5579 1028 5618 ea
1042 5563 1108 5618 de
1134 5578 1193 5618 re
1213 5562 1620 5629 dissereremus,
1640 5562 1690 5616 in
1712 5562 1862 5617 thea-

329 5762 402 5825 (α)
437 5759 617 5812 uallata
638 5773 748 5812 cum
775 5758 944 5811 Codice
972 5766 1090 5822 Reg.
1117 5755 1240 5807 1964
1257 5761 1310 5807 et
1329 5754 1538 5806 Oolbert.
1567 5753 1704 5804 1030.

1878 5237 2260 5290 m———-—

1975 5377 2071 5429 tris
2100 5373 2378 5436 sedentes,
2403 5369 2600 5424 diaboli
2629 5382 2878 5438 pompam
2907 5367 3219 5436 Spectabant
3248 5385 3260 5420 :
3289 5368 3362 5420 illi
3390 5383 3554 5422 mero.

1973 5468 2246 5521 triciarum
2273 5463 2684 5522 cantilenarum,
2713 5475 2808 5512 vos
2831 5460 3086 5512 doctrina:
3115 5458 3405 5526 Spiritualis
3439 5477 3553 5527 par.

1969 5559 2156 5627 ticipes
2187 5555 2353 5611 eratis
2383 5571 2394 5606 :
2428 5553 2500 5607 illi
2546 5550 2921 5621 impurissimis
2970 5550 3162 5603 diaboli
3210 5551 3346 5604 escis
3374 5566 3558 5606 νοείτω-

1979 5654 2190 5706 bantur.
2239 5663 2337 5702 vos
2371 5653 2640 5716 unguento
2701 5641 2962 5713 spirituali
3019 5640 3395 5710 pascebamini.
3426 5643 3558 5709 Quis

1972 5757 2101 5811 ergo
2130 5741 2251 5796 illos
2280 5739 2530 5794 aberrare
2563 5735 2685 5791 fecit
2709 5736 2732 5789 Ἰ
2759 5735 2877 5805 quis
2903 5750 2932 5786 a
2977 5748 3130 5788 sacro
3158 5732 3282 5787 ovili
3312 5748 3559 5803 st-grt-gac
