  <div class='ocr_page' id='page_1' title='image "/cluster/home/n/w/nwhite01/storage/ocr_20150623/49/nnc1.0046978208/255.png"; bbox 0 0 4046 6396; ppageno 0'>
   <div class='ocr_carea' id='block_1_1' title="bbox 499 273 604 329">
    <p class='ocr_par' dir='ltr' id='par_1_1' title="bbox 499 273 604 329">
     <span class='ocr_line' id='line_1_1' title="bbox 499 273 604 329; baseline 0.038 -4"><span class='ocrx_word' id='word_1_1' title='bbox 499 273 604 329; x_wconf 71' lang='lat'><strong>265</strong></span> 
     </span>
    </p>
   </div>
   <div class='ocr_carea' id='block_1_2' title="bbox 503 387 2078 459">
    <p class='ocr_par' dir='ltr' id='par_1_2' title="bbox 503 387 2078 459">
     <span class='ocr_line' id='line_1_2' title="bbox 503 387 2078 459; baseline 0.003 -19"><span class='ocrx_word' id='word_1_2' title='bbox 503 388 615 440; x_wconf 79' lang='lat' dir='ltr'><strong>vit?</strong></span> <span class='ocrx_word' id='word_1_3' title='bbox 643 387 778 441; x_wconf 84' lang='lat' dir='ltr'><strong>Num</strong></span> <span class='ocrx_word' id='word_1_4' title='bbox 812 387 932 441; x_wconf 91' lang='lat' dir='ltr'><strong>illos</strong></span> <span class='ocrx_word' id='word_1_5' title='bbox 977 403 1187 457; x_wconf 87' lang='lat' dir='ltr'><strong>quoque</strong></span> <span class='ocrx_word' id='word_1_6' title='bbox 1235 389 1474 442; x_wconf 78' lang='lat' dir='ltr'><strong>diabolus</strong></span> <span class='ocrx_word' id='word_1_7' title='bbox 1515 390 1765 456; x_wconf 88' lang='lat' dir='ltr'><strong>decepit?</strong></span> <span class='ocrx_word' id='word_1_8' title='bbox 1811 389 2078 459; x_wconf 89' lang='lat' dir='ltr'><strong>quomodo</strong></span> 
     </span>
    </p>
   </div>
   <div class='ocr_carea' id='block_1_3' title="bbox 497 482 2069 550">
    <p class='ocr_par' dir='ltr' id='par_1_3' title="bbox 497 482 2069 550">
     <span class='ocr_line' id='line_1_3' title="bbox 497 482 2069 550; baseline 0.002 -17"><span class='ocrx_word' id='word_1_9' title='bbox 497 483 651 550; x_wconf 86' lang='lat' dir='ltr'><strong>igitur</strong></span> <span class='ocrx_word' id='word_1_10' title='bbox 679 496 772 535; x_wconf 87' lang='lat' dir='ltr'><strong>vos</strong></span> <span class='ocrx_word' id='word_1_11' title='bbox 801 499 906 534; x_wconf 89' lang='lat' dir='ltr'><strong>non</strong></span> <span class='ocrx_word' id='word_1_12' title='bbox 939 482 1147 550; x_wconf 87' lang='lat' dir='ltr'><strong>decepit</strong></span> <span class='ocrx_word' id='word_1_13' title='bbox 1173 483 1196 535; x_wconf 88' lang='lat'><strong>?</strong></span> <span class='ocrx_word' id='word_1_14' title='bbox 1233 483 1296 535; x_wconf 80' lang='lat' dir='ltr'><strong>Et</strong></span> <span class='ocrx_word' id='word_1_15' title='bbox 1315 499 1408 535; x_wconf 89' lang='lat' dir='ltr'><strong>vos</strong></span> <span class='ocrx_word' id='word_1_16' title='bbox 1448 492 1502 536; x_wconf 91' lang='lat' dir='ltr'><strong>et</strong></span> <span class='ocrx_word' id='word_1_17' title='bbox 1546 483 1618 536; x_wconf 86' lang='lat' dir='ltr'><strong>illi</strong></span> <span class='ocrx_word' id='word_1_18' title='bbox 1653 483 1895 536; x_wconf 91' lang='lat' dir='ltr'><strong>homines</strong></span> <span class='ocrx_word' id='word_1_19' title='bbox 1920 483 2069 545; x_wconf 88' lang='lat' dir='ltr'><strong>estis,</strong></span> 
     </span>
    </p>
   </div>
   <div class='ocr_carea' id='block_1_4' title="bbox 495 575 2078 644">
    <p class='ocr_par' dir='ltr' id='par_1_4' title="bbox 495 575 2078 644">
     <span class='ocr_line' id='line_1_4' title="bbox 495 575 2078 644; baseline 0.002 -18"><span class='ocrx_word' id='word_1_20' title='bbox 495 575 787 628; x_wconf 86' lang='lat' dir='ltr'><strong>secundum</strong></span> <span class='ocrx_word' id='word_1_21' title='bbox 835 585 1076 628; x_wconf 89' lang='lat' dir='ltr'><strong>naturam</strong></span> <span class='ocrx_word' id='word_1_22' title='bbox 1130 575 1319 644; x_wconf 90' lang='lat' dir='ltr'><strong>loquor</strong></span> <span class='ocrx_word' id='word_1_23' title='bbox 1361 594 1373 627; x_wconf 92' lang='lat'><strong>:</strong></span> <span class='ocrx_word' id='word_1_24' title='bbox 1412 575 1596 629; x_wconf 78' lang='lat' dir='ltr'><strong>eadem</strong></span> <span class='ocrx_word' id='word_1_25' title='bbox 1633 577 1842 643; x_wconf 88' lang='lat' dir='ltr'><strong>utrique</strong></span> <span class='ocrx_word' id='word_1_26' title='bbox 1892 585 2078 629; x_wconf 88' lang='lat' dir='ltr'><strong>natura</strong></span> 
     </span>
    </p>
   </div>
   <div class='ocr_carea' id='block_1_5' title="bbox 496 665 2080 735">
    <p class='ocr_par' dir='ltr' id='par_1_5' title="bbox 496 665 2080 735">
     <span class='ocr_line' id='line_1_5' title="bbox 496 665 2080 735; baseline 0.001 -19"><span class='ocrx_word' id='word_1_27' title='bbox 496 665 699 733; x_wconf 76' lang='lat' dir='ltr'><strong>pru&#39;diti</strong></span> <span class='ocrx_word' id='word_1_28' title='bbox 725 667 854 719; x_wconf 81' lang='lat' dir='ltr'><strong>estis</strong></span> <span class='ocrx_word' id='word_1_29' title='bbox 878 708 892 728; x_wconf 87' lang='lat'><strong>,</strong></span> <span class='ocrx_word' id='word_1_30' title='bbox 923 665 1109 719; x_wconf 74' lang='lat' dir='ltr'><strong>iisdem</strong></span> <span class='ocrx_word' id='word_1_31' title='bbox 1140 666 1471 720; x_wconf 91' lang='lat' dir='ltr'><strong>naturalibus</strong></span> <span class='ocrx_word' id='word_1_32' title='bbox 1499 665 1874 734; x_wconf 88' lang='lat' dir='ltr'><strong>cupiditatibus</strong></span> <span class='ocrx_word' id='word_1_33' title='bbox 1906 685 1917 719; x_wconf 95' lang='lat'>:</span> <span class='ocrx_word' id='word_1_34' title='bbox 1949 681 2080 735; x_wconf 90' lang='lat' dir='ltr'><strong>quo-</strong></span> 
     </span>
    </p>
   </div>
   <div class='ocr_carea' id='block_1_6' title="bbox 495 755 2077 845">
    <p class='ocr_par' dir='ltr' id='par_1_6' title="bbox 495 755 2077 845">
     <span class='ocr_line' id='line_1_6' title="bbox 495 755 2077 845; baseline 0.001 -38"><span class='ocrx_word' id='word_1_35' title='bbox 495 756 651 808; x_wconf 87' lang='lat' dir='ltr'><strong>modo</strong></span> <span class='ocrx_word' id='word_1_36' title='bbox 678 756 835 825; x_wconf 82' lang='lat' dir='ltr'><strong>igitur</strong></span> <span class='ocrx_word' id='word_1_37' title='bbox 867 772 969 809; x_wconf 92' lang='lat' dir='ltr'><strong>non</strong></span> <span class='ocrx_word' id='word_1_38' title='bbox 1002 757 1139 810; x_wconf 86' lang='lat' dir='ltr'><strong>idem</strong></span> <span class='ocrx_word' id='word_1_39' title='bbox 1190 765 1424 845; x_wconf 60' lang='lat' dir='ltr'><strong>vestrttm</strong></span> <span class='ocrx_word' id='word_1_40' title='bbox 1467 772 1758 824; x_wconf 89' lang='lat' dir='ltr'><strong>eorumque</strong></span> <span class='ocrx_word' id='word_1_41' title='bbox 1800 755 2077 810; x_wconf 87' lang='lat' dir='ltr'><strong>studium?</strong></span> 
     </span>
    </p>
   </div>
   <div class='ocr_carea' id='block_1_7' title="bbox 492 847 2074 917">
    <p class='ocr_par' dir='ltr' id='par_1_7' title="bbox 492 847 2074 917">
     <span class='ocr_line' id='line_1_7' title="bbox 492 847 2074 917; baseline 0.001 -19"><span class='ocrx_word' id='word_1_42' title='bbox 492 849 621 912; x_wconf 79' lang='lat' dir='ltr'><strong>Quia</strong></span> <span class='ocrx_word' id='word_1_43' title='bbox 652 866 754 902; x_wconf 91' lang='lat' dir='ltr'><strong>non</strong></span> <span class='ocrx_word' id='word_1_44' title='bbox 803 849 987 902; x_wconf 89' lang='lat' dir='ltr'><strong>eadem</strong></span> <span class='ocrx_word' id='word_1_45' title='bbox 1021 849 1258 917; x_wconf 89' lang='lat' dir='ltr'><strong>utrisque</strong></span> <span class='ocrx_word' id='word_1_46' title='bbox 1285 849 1526 900; x_wconf 83' lang='lat' dir='ltr'><strong>voluntas</strong></span> <span class='ocrx_word' id='word_1_47' title='bbox 1558 865 1571 901; x_wconf 91' lang='lat'>:</span> <span class='ocrx_word' id='word_1_48' title='bbox 1620 849 1737 901; x_wconf 88' lang='lat' dir='ltr'><strong>ideo</strong></span> <span class='ocrx_word' id='word_1_49' title='bbox 1769 848 1836 901; x_wconf 87' lang='lat' dir='ltr'><strong>illi</strong></span> <span class='ocrx_word' id='word_1_50' title='bbox 1868 847 2074 916; x_wconf 80' lang='lat' dir='ltr'><strong>decepti</strong></span> 
     </span>
    </p>
   </div>
   <div class='ocr_carea' id='block_1_8' title="bbox 489 938 2075 1008">
    <p class='ocr_par' dir='ltr' id='par_1_8' title="bbox 489 938 2075 1008">
     <span class='ocr_line' id='line_1_8' title="bbox 489 938 2075 1008; baseline 0.001 -18"><span class='ocrx_word' id='word_1_51' title='bbox 489 949 630 1000; x_wconf 82' lang='lat' dir='ltr'><strong>sunt,</strong></span> <span class='ocrx_word' id='word_1_52' title='bbox 663 954 754 992; x_wconf 91' lang='lat' dir='ltr'><strong>vos</strong></span> <span class='ocrx_word' id='word_1_53' title='bbox 779 955 880 991; x_wconf 91' lang='lat' dir='ltr'><strong>non</strong></span> <span class='ocrx_word' id='word_1_54' title='bbox 913 940 1059 992; x_wconf 89' lang='lat' dir='ltr'><strong>item.</strong></span> <span class='ocrx_word' id='word_1_55' title='bbox 1091 939 1270 1007; x_wconf 85' lang='lat' dir='ltr'><strong>Neque</strong></span> <span class='ocrx_word' id='word_1_56' title='bbox 1313 940 1382 992; x_wconf 90' lang='lat' dir='ltr'><strong>ita</strong></span> <span class='ocrx_word' id='word_1_57' title='bbox 1414 940 1620 1008; x_wconf 90' lang='lat' dir='ltr'><strong>loquor,</strong></span> <span class='ocrx_word' id='word_1_58' title='bbox 1661 947 1717 991; x_wconf 90' lang='lat' dir='ltr'><strong>ut</strong></span> <span class='ocrx_word' id='word_1_59' title='bbox 1746 938 2013 991; x_wconf 90' lang='lat' dir='ltr'><strong>diabolum</strong></span> <span class='ocrx_word' id='word_1_60' title='bbox 2044 953 2075 991; x_wconf 91' lang='lat' dir='ltr'><strong>e</strong></span> 
     </span>
    </p>
   </div>
   <div class='ocr_carea' id='block_1_9' title="bbox 487 1027 2072 1097">
    <p class='ocr_par' dir='ltr' id='par_1_9' title="bbox 487 1027 2072 1097">
     <span class='ocr_line' id='line_1_9' title="bbox 487 1027 2072 1097; baseline 0.002 -18"><span class='ocrx_word' id='word_1_61' title='bbox 487 1029 710 1081; x_wconf 88' lang='lat' dir='ltr'><strong>crimine</strong></span> <span class='ocrx_word' id='word_1_62' title='bbox 737 1045 939 1093; x_wconf 87' lang='lat' dir='ltr'><strong>eruam,</strong></span> <span class='ocrx_word' id='word_1_63' title='bbox 962 1029 1053 1082; x_wconf 88' lang='lat' dir='ltr'><strong>sed</strong></span> <span class='ocrx_word' id='word_1_64' title='bbox 1083 1039 1139 1081; x_wconf 86' lang='grc' dir='ltr'><strong>ιιι</strong></span> <span class='ocrx_word' id='word_1_65' title='bbox 1167 1045 1260 1082; x_wconf 92' lang='lat' dir='ltr'><strong>vos</strong></span> <span class='ocrx_word' id='word_1_66' title='bbox 1286 1046 1314 1080; x_wconf 90' lang='lat' dir='ltr'><strong>a</strong></span> <span class='ocrx_word' id='word_1_67' title='bbox 1349 1029 1580 1097; x_wconf 80' lang='lat' dir='ltr'><strong>peccatis</strong></span> <span class='ocrx_word' id='word_1_68' title='bbox 1606 1029 1802 1082; x_wconf 91' lang='lat' dir='ltr'><strong>liberos</strong></span> <span class='ocrx_word' id='word_1_69' title='bbox 1829 1027 2072 1082; x_wconf 91' lang='lat' dir='ltr'><strong>reddam.</strong></span> 
     </span>
    </p>
   </div>
   <div class='ocr_carea' id='block_1_10' title="bbox 485 1117 2074 1188">
    <p class='ocr_par' dir='ltr' id='par_1_10' title="bbox 485 1117 2074 1188">
     <span class='ocr_line' id='line_1_10' title="bbox 485 1117 2074 1188; baseline 0 -18"><span class='ocrx_word' id='word_1_70' title='bbox 485 1117 743 1188; x_wconf 84' lang='lat' dir='ltr'><strong>Maligntts</strong></span> <span class='ocrx_word' id='word_1_71' title='bbox 770 1131 851 1172; x_wconf 91' lang='lat' dir='ltr'><strong>est</strong></span> <span class='ocrx_word' id='word_1_72' title='bbox 874 1120 1134 1184; x_wconf 84' lang='lat' dir='ltr'><strong>diabolus,</strong></span> <span class='ocrx_word' id='word_1_73' title='bbox 1167 1120 1215 1171; x_wconf 92' lang='lat' dir='ltr'><strong>id</strong></span> <span class='ocrx_word' id='word_1_74' title='bbox 1249 1135 1346 1188; x_wconf 91' lang='lat' dir='ltr'><strong>ego</strong></span> <span class='ocrx_word' id='word_1_75' title='bbox 1366 1120 1556 1184; x_wconf 82' lang='lat' dir='ltr'><strong>fateor;</strong></span> <span class='ocrx_word' id='word_1_76' title='bbox 1589 1119 1680 1172; x_wconf 88' lang='lat' dir='ltr'><strong>sed</strong></span> <span class='ocrx_word' id='word_1_77' title='bbox 1710 1119 1809 1172; x_wconf 90' lang='lat' dir='ltr'><strong>sibi</strong></span> <span class='ocrx_word' id='word_1_78' title='bbox 1839 1119 1935 1186; x_wconf 90' lang='lat' dir='ltr'><strong>ipsi</strong></span> <span class='ocrx_word' id='word_1_79' title='bbox 1963 1134 2074 1171; x_wconf 87' lang='lat' dir='ltr'><strong>ma-</strong></span> 
     </span>
    </p>
   </div>
   <div class='ocr_carea' id='block_1_11' title="bbox 485 1208 2071 1278">
    <p class='ocr_par' dir='ltr' id='par_1_11' title="bbox 485 1208 2071 1278">
     <span class='ocr_line' id='line_1_11' title="bbox 485 1208 2071 1278; baseline 0.001 -17"><span class='ocrx_word' id='word_1_80' title='bbox 485 1208 679 1276; x_wconf 82' lang='lat' dir='ltr'><strong>lignus,</strong></span> <span class='ocrx_word' id='word_1_81' title='bbox 709 1226 812 1261; x_wconf 94' lang='lat' dir='ltr'><strong>non</strong></span> <span class='ocrx_word' id='word_1_82' title='bbox 842 1211 991 1262; x_wconf 90' lang='lat' dir='ltr'><strong>nobis</strong></span> <span class='ocrx_word' id='word_1_83' title='bbox 1016 1251 1032 1275; x_wconf 95' lang='lat'><strong>,</strong></span> <span class='ocrx_word' id='word_1_84' title='bbox 1061 1211 1103 1262; x_wconf 90' lang='lat' dir='ltr'><strong>si</strong></span> <span class='ocrx_word' id='word_1_85' title='bbox 1135 1209 1430 1276; x_wconf 72' lang='lat' dir='ltr'><strong>vigilemus.</strong></span> <span class='ocrx_word' id='word_1_86' title='bbox 1459 1209 1600 1263; x_wconf 88' lang='lat' dir='ltr'><strong>Talis</strong></span> <span class='ocrx_word' id='word_1_87' title='bbox 1629 1209 1819 1278; x_wconf 83' lang='lat' dir='ltr'><strong>quippe</strong></span> <span class='ocrx_word' id='word_1_88' title='bbox 1846 1219 1927 1262; x_wconf 87' lang='lat' dir='ltr'><strong>est</strong></span> <span class='ocrx_word' id='word_1_89' title='bbox 1958 1224 2071 1262; x_wconf 81' lang='lat' dir='ltr'><strong>ma-</strong></span> 
     </span>
    </p>
   </div>
   <div class='ocr_carea' id='block_1_12' title="bbox 484 1300 2065 1370">
    <p class='ocr_par' dir='ltr' id='par_1_12' title="bbox 484 1300 2065 1370">
     <span class='ocr_line' id='line_1_12' title="bbox 484 1300 2065 1370; baseline 0.001 -18"><span class='ocrx_word' id='word_1_90' title='bbox 484 1300 735 1368; x_wconf 84' lang='lat' dir='ltr'><strong>liguitatis</strong></span> <span class='ocrx_word' id='word_1_91' title='bbox 770 1312 954 1354; x_wconf 91' lang='lat' dir='ltr'><strong>natura</strong></span> <span class='ocrx_word' id='word_1_92' title='bbox 989 1317 1001 1353; x_wconf 93' lang='lat'><strong>:</strong></span> <span class='ocrx_word' id='word_1_93' title='bbox 1041 1317 1101 1354; x_wconf 90' lang='lat' dir='ltr'><strong>ea</strong></span> <span class='ocrx_word' id='word_1_94' title='bbox 1153 1300 1389 1370; x_wconf 66' lang='lat' dir='ltr'><strong>prmditis</strong></span> <span class='ocrx_word' id='word_1_95' title='bbox 1427 1301 1598 1353; x_wconf 91' lang='lat' dir='ltr'><strong>solum</strong></span> <span class='ocrx_word' id='word_1_96' title='bbox 1628 1313 1708 1353; x_wconf 89' lang='lat' dir='ltr'><strong>est</strong></span> <span class='ocrx_word' id='word_1_97' title='bbox 1737 1301 2065 1368; x_wconf 89' lang='lat' dir='ltr'><strong>perniciosa;</strong></span> 
     </span>
    </p>
   </div>
   <div class='ocr_carea' id='block_1_13' title="bbox 483 1393 2067 1462">
    <p class='ocr_par' dir='ltr' id='par_1_13' title="bbox 483 1393 2067 1462">
     <span class='ocr_line' id='line_1_13' title="bbox 483 1393 2067 1462; baseline 0.002 -18"><span class='ocrx_word' id='word_1_98' title='bbox 483 1394 648 1446; x_wconf 87' lang='lat' dir='ltr'><strong>virtus</strong></span> <span class='ocrx_word' id='word_1_99' title='bbox 679 1405 855 1446; x_wconf 90' lang='lat' dir='ltr'><strong>autem</strong></span> <span class='ocrx_word' id='word_1_100' title='bbox 892 1404 1074 1446; x_wconf 87' lang='lat' dir='ltr'><strong>contra</strong></span> <span class='ocrx_word' id='word_1_101' title='bbox 1117 1411 1220 1446; x_wconf 92' lang='lat' dir='ltr'><strong>non</strong></span> <span class='ocrx_word' id='word_1_102' title='bbox 1268 1395 1380 1462; x_wconf 51' lang='lat' dir='ltr'><strong>ipsa</strong></span> <span class='ocrx_word' id='word_1_103' title='bbox 1429 1394 1662 1461; x_wconf 61' lang='lat' dir='ltr'><strong>pra&#39;tlitis</strong></span> <span class='ocrx_word' id='word_1_104' title='bbox 1708 1403 1944 1457; x_wconf 75' lang='lat' dir='ltr'><strong>tantum,</strong></span> <span class='ocrx_word' id='word_1_105' title='bbox 1973 1393 2067 1447; x_wconf 91' lang='lat' dir='ltr'><strong>sed</strong></span> 
     </span>
    </p>
   </div>
   <div class='ocr_carea' id='block_1_14' title="bbox 481 1485 2068 1554">
    <p class='ocr_par' dir='ltr' id='par_1_14' title="bbox 481 1485 2068 1554">
     <span class='ocr_line' id='line_1_14' title="bbox 481 1485 2068 1554; baseline 0.001 -16"><span class='ocrx_word' id='word_1_106' title='bbox 481 1487 641 1539; x_wconf 86' lang='lat' dir='ltr'><strong>etiam</strong></span> <span class='ocrx_word' id='word_1_107' title='bbox 676 1487 928 1554; x_wconf 76' lang='lat' dir='ltr'><strong>proximis</strong></span> <span class='ocrx_word' id='word_1_108' title='bbox 955 1487 1098 1539; x_wconf 90' lang='lat' dir='ltr'><strong>utilis</strong></span> <span class='ocrx_word' id='word_1_109' title='bbox 1125 1502 1242 1539; x_wconf 85' lang='lat' dir='ltr'><strong>esse</strong></span> <span class='ocrx_word' id='word_1_110' title='bbox 1270 1496 1458 1554; x_wconf 87' lang='lat' dir='ltr'><strong>potest.</strong></span> <span class='ocrx_word' id='word_1_111' title='bbox 1505 1485 1571 1540; x_wconf 90' lang='lat' dir='ltr'><strong>Ut</strong></span> <span class='ocrx_word' id='word_1_112' title='bbox 1594 1501 1722 1540; x_wconf 86' lang='lat' dir='ltr'><strong>vero</strong></span> <span class='ocrx_word' id='word_1_113' title='bbox 1769 1487 1940 1540; x_wconf 84' lang='lat' dir='ltr'><strong>discas</strong></span> <span class='ocrx_word' id='word_1_114' title='bbox 1971 1487 2068 1539; x_wconf 91' lang='lat' dir='ltr'><strong>im-</strong></span> 
     </span>
    </p>
   </div>
   <div class='ocr_carea' id='block_1_15' title="bbox 483 1577 2067 1648">
    <p class='ocr_par' dir='ltr' id='par_1_15' title="bbox 483 1577 2067 1648">
     <span class='ocr_line' id='line_1_15' title="bbox 483 1577 2067 1648; baseline 0.003 -19"><span class='ocrx_word' id='word_1_115' title='bbox 483 1577 704 1645; x_wconf 88' lang='lat' dir='ltr'><strong>probum</strong></span> <span class='ocrx_word' id='word_1_116' title='bbox 735 1578 833 1630; x_wconf 87' lang='lat' dir='ltr'><strong>sibi</strong></span> <span class='ocrx_word' id='word_1_117' title='bbox 861 1578 1180 1648; x_wconf 91' lang='lat' dir='ltr'><strong>improbum,</strong></span> <span class='ocrx_word' id='word_1_118' title='bbox 1212 1578 1406 1631; x_wconf 92' lang='lat' dir='ltr'><strong>bonum</strong></span> <span class='ocrx_word' id='word_1_119' title='bbox 1435 1588 1610 1631; x_wconf 91' lang='lat' dir='ltr'><strong>autem</strong></span> <span class='ocrx_word' id='word_1_120' title='bbox 1629 1579 1744 1631; x_wconf 49' lang='lat' dir='ltr'><strong>aliis~</strong></span> <span class='ocrx_word' id='word_1_121' title='bbox 1761 1581 1920 1632; x_wconf 89' lang='lat' dir='ltr'><strong>etiam</strong></span> <span class='ocrx_word' id='word_1_122' title='bbox 1946 1593 2067 1634; x_wconf 89' lang='lat' dir='ltr'><strong>esse</strong></span> 
     </span>
    </p>
   </div>
   <div class='ocr_carea' id='block_1_16' title="bbox 481 1667 2060 1736">
    <p class='ocr_par' dir='ltr' id='par_1_16' title="bbox 481 1667 2060 1736">
     <span class='ocr_line' id='line_1_16' title="bbox 481 1667 2060 1736; baseline 0.001 -17"><span class='ocrx_word' id='word_1_123' title='bbox 481 1667 699 1732; x_wconf 90' lang='lat' dir='ltr'><strong>bonum,</strong></span> <span class='ocrx_word' id='word_1_124' title='bbox 727 1668 1057 1735; x_wconf 78' lang='lat' dir='ltr'><strong>proverbiale</strong></span> <span class='ocrx_word' id='word_1_125' title='bbox 1083 1668 1172 1720; x_wconf 89' lang='lat' dir='ltr'><strong>tibi</strong></span> <span class='ocrx_word' id='word_1_126' title='bbox 1203 1669 1560 1721; x_wconf 90' lang='lat' dir='ltr'><strong>testimonium</strong></span> <span class='ocrx_word' id='word_1_127' title='bbox 1591 1669 1852 1736; x_wconf 85' lang='lat' dir='ltr'><strong>proferam</strong></span> <span class='ocrx_word' id='word_1_128' title='bbox 1890 1687 1900 1721; x_wconf 91' lang='lat'>:</span> <span class='ocrx_word' id='word_1_129' title='bbox 1938 1668 2060 1734; x_wconf 82' lang='lat' dir='ltr'><strong>Fili,</strong></span> 
     </span>
    </p>
   </div>
   <div class='ocr_carea' id='block_1_17' title="bbox 477 1759 2054 1830">
    <p class='ocr_par' dir='ltr' id='par_1_17' title="bbox 477 1759 2054 1830">
     <span class='ocr_line' id='line_1_17' title="bbox 477 1759 2054 1830; baseline 0.002 -19"><span class='ocrx_word' id='word_1_130' title='bbox 477 1759 648 1827; x_wconf 85' lang='lat' dir='ltr'><strong>inquit</strong></span> <span class='ocrx_word' id='word_1_131' title='bbox 675 1801 690 1824; x_wconf 91' lang='lat'><strong>,</strong></span> <span class='ocrx_word' id='word_1_132' title='bbox 727 1762 768 1812; x_wconf 96' lang='lat' dir='ltr'><strong>si</strong></span> <span class='ocrx_word' id='word_1_133' title='bbox 795 1761 955 1812; x_wconf 86' lang='lat' dir='ltr'><strong>malus</strong></span> <span class='ocrx_word' id='word_1_134' title='bbox 989 1761 1056 1813; x_wconf 90' lang='lat' dir='ltr'><strong>sis</strong></span> <span class='ocrx_word' id='word_1_135' title='bbox 1081 1801 1094 1824; x_wconf 93' lang='lat'><strong>,</strong></span> <span class='ocrx_word' id='word_1_136' title='bbox 1118 1760 1256 1814; x_wconf 87' lang='lat' dir='ltr'><strong>solus</strong></span> <span class='ocrx_word' id='word_1_137' title='bbox 1304 1762 1504 1814; x_wconf 86' lang='lat' dir='ltr'><strong>Itauries</strong></span> <span class='ocrx_word' id='word_1_138' title='bbox 1533 1761 1705 1824; x_wconf 88' lang='lat' dir='ltr'><strong>mala;</strong></span> <span class='ocrx_word' id='word_1_139' title='bbox 1731 1762 1808 1813; x_wconf 85' lang='lat' dir='ltr'><strong>sin</strong></span> <span class='ocrx_word' id='word_1_140' title='bbox 1829 1762 2054 1830; x_wconf 84' lang='lat' dir='ltr'><strong>sapiens,</strong></span> 
     </span>
    </p>
   </div>
   <div class='ocr_carea' id='block_1_18' title="bbox 474 1852 1916 1924">
    <p class='ocr_par' dir='ltr' id='par_1_18' title="bbox 474 1852 1916 1924">
     <span class='ocr_line' id='line_1_18' title="bbox 474 1852 1916 1924; baseline 0.001 -19"><span class='ocrx_word' id='word_1_141' title='bbox 474 1862 521 1905; x_wconf 82' lang='lat' dir='ltr'><strong>et</strong></span> <span class='ocrx_word' id='word_1_142' title='bbox 547 1855 634 1905; x_wconf 89' lang='lat' dir='ltr'><strong>tibi</strong></span> <span class='ocrx_word' id='word_1_143' title='bbox 654 1855 751 1923; x_wconf 87' lang='lat' dir='ltr'><strong>ipsi</strong></span> <span class='ocrx_word' id='word_1_144' title='bbox 782 1865 826 1906; x_wconf 92' lang='lat' dir='ltr'><strong>et</strong></span> <span class='ocrx_word' id='word_1_145' title='bbox 850 1855 1079 1921; x_wconf 72' lang='lat' dir='ltr'><strong>proximo</strong></span> <span class='ocrx_word' id='word_1_146' title='bbox 1107 1855 1202 1906; x_wconf 90' lang='lat' dir='ltr'><strong>eris</strong></span> <span class='ocrx_word' id='word_1_147' title='bbox 1231 1855 1432 1921; x_wconf 83' lang='lat' dir='ltr'><strong>sapiens</strong></span> <span class='ocrx_word' id='word_1_148' title='bbox 1461 1858 1478 1924; x_wconf 95' lang='lat'><strong>(</strong></span> <span class='ocrx_word' id='word_1_149' title='bbox 1508 1853 1661 1906; x_wconf 80' lang='lat' dir='ltr'><strong>Prov.</strong></span> <span class='ocrx_word' id='word_1_150' title='bbox 1691 1852 1743 1907; x_wconf 88' lang='lat'><strong>9.</strong></span> <span class='ocrx_word' id='word_1_151' title='bbox 1778 1853 1844 1907; x_wconf 71' lang='grc'><strong>12</strong></span> <span class='ocrx_word' id='word_1_152' title='bbox 1877 1855 1916 1921; x_wconf 89' lang='grc'><strong>).</strong></span> 
     </span>
    </p>
   </div>
   <div class='ocr_carea' id='block_1_19' title="bbox 542 1941 2056 2012">
    <p class='ocr_par' dir='ltr' id='par_1_19' title="bbox 542 1941 2056 2012">
     <span class='ocr_line' id='line_1_19' title="bbox 542 1941 2056 2012; baseline 0 -15"><span class='ocrx_word' id='word_1_153' title='bbox 542 1941 728 1997; x_wconf 89' lang='lat' dir='ltr'><strong>Contra</strong></span> <span class='ocrx_word' id='word_1_154' title='bbox 756 1944 1076 1997; x_wconf 79' lang='lat' dir='ltr'><strong>theatralium</strong></span> <span class='ocrx_word' id='word_1_155' title='bbox 1103 1945 1499 2012; x_wconf 81' lang='lat' dir='ltr'><strong>spectaculorum</strong></span> <span class='ocrx_word' id='word_1_156' title='bbox 1527 1956 1813 1998; x_wconf 83' lang='lat' dir='ltr'><strong>sectatores.</strong></span> <span class='ocrx_word' id='word_1_157' title='bbox 1856 1943 2056 1998; x_wconf 85' lang='lat' dir='ltr'><strong>Volun-</strong></span> 
     </span>
    </p>
   </div>
   <div class='ocr_carea' id='block_1_20' title="bbox 471 2034 2060 2104">
    <p class='ocr_par' dir='ltr' id='par_1_20' title="bbox 471 2034 2060 2104">
     <span class='ocr_line' id='line_1_20' title="bbox 471 2034 2060 2104; baseline 0.001 -18"><span class='ocrx_word' id='word_1_158' title='bbox 471 2045 547 2088; x_wconf 87' lang='lat' dir='ltr'><strong>tas</strong></span> <span class='ocrx_word' id='word_1_159' title='bbox 577 2034 755 2103; x_wconf 85' lang='lat' dir='ltr'><strong>ubique</strong></span> <span class='ocrx_word' id='word_1_160' title='bbox 779 2036 1002 2088; x_wconf 87' lang='lat' dir='ltr'><strong>domina.</strong></span> <span class='ocrx_word' id='word_1_161' title='bbox 1029 2065 1102 2075; x_wconf 93' lang='lat'><strong><em>—</em></strong></span> <span class='ocrx_word' id='word_1_162' title='bbox 1129 2035 1208 2088; x_wconf 90' lang='lat' dir='ltr'><strong>llli</strong></span> <span class='ocrx_word' id='word_1_163' title='bbox 1236 2035 1441 2104; x_wconf 87' lang='lat' dir='ltr'><strong>decepti</strong></span> <span class='ocrx_word' id='word_1_164' title='bbox 1480 2044 1603 2087; x_wconf 91' lang='lat' dir='ltr'><strong>sunt</strong></span> <span class='ocrx_word' id='word_1_165' title='bbox 1639 2035 1691 2088; x_wconf 92' lang='lat' dir='ltr'><strong>in</strong></span> <span class='ocrx_word' id='word_1_166' title='bbox 1725 2035 1976 2100; x_wconf 83' lang='lat' dir='ltr'><strong>theatris;</strong></span> <span class='ocrx_word' id='word_1_167' title='bbox 2007 2043 2060 2087; x_wconf 89' lang='lat' dir='ltr'><strong>at</strong></span> 
     </span>
    </p>
   </div>
   <div class='ocr_carea' id='block_1_21' title="bbox 470 2127 2059 2196">
    <p class='ocr_par' dir='ltr' id='par_1_21' title="bbox 470 2127 2059 2196">
     <span class='ocr_line' id='line_1_21' title="bbox 470 2127 2059 2196; baseline -0.001 -16"><span class='ocrx_word' id='word_1_168' title='bbox 470 2143 565 2182; x_wconf 91' lang='lat' dir='ltr'><strong>vos</strong></span> <span class='ocrx_word' id='word_1_169' title='bbox 607 2143 711 2180; x_wconf 90' lang='lat' dir='ltr'><strong>non</strong></span> <span class='ocrx_word' id='word_1_170' title='bbox 748 2128 956 2196; x_wconf 89' lang='lat' dir='ltr'><strong>decepti</strong></span> <span class='ocrx_word' id='word_1_171' title='bbox 996 2128 1144 2182; x_wconf 85' lang='lat' dir='ltr'><strong>estis.</strong></span> <span class='ocrx_word' id='word_1_172' title='bbox 1193 2127 1433 2196; x_wconf 84' lang='lat' dir='ltr'><strong>Magnum</strong></span> <span class='ocrx_word' id='word_1_173' title='bbox 1477 2127 1605 2180; x_wconf 89' lang='lat' dir='ltr'><strong>illud</strong></span> <span class='ocrx_word' id='word_1_174' title='bbox 1635 2143 1700 2180; x_wconf 82' lang='lat' dir='ltr'><strong>ex</strong></span> <span class='ocrx_word' id='word_1_175' title='bbox 1741 2128 1898 2181; x_wconf 89' lang='lat' dir='ltr'><strong>rebus</strong></span> <span class='ocrx_word' id='word_1_176' title='bbox 1933 2128 2059 2196; x_wconf 88' lang='lat' dir='ltr'><strong>ipsis</strong></span> 
     </span>
    </p>
   </div>
   <div class='ocr_carea' id='block_1_22' title="bbox 469 2218 2056 2288">
    <p class='ocr_par' dir='ltr' id='par_1_22' title="bbox 469 2218 2056 2288">
     <span class='ocr_line' id='line_1_22' title="bbox 469 2218 2056 2288; baseline 0.001 -18"><span class='ocrx_word' id='word_1_177' title='bbox 469 2231 869 2288; x_wconf 77' lang='lat' dir='ltr'><strong>argumentum,</strong></span> <span class='ocrx_word' id='word_1_178' title='bbox 899 2219 1040 2273; x_wconf 90' lang='lat' dir='ltr'><strong>clara</strong></span> <span class='ocrx_word' id='word_1_179' title='bbox 1076 2218 1460 2273; x_wconf 88' lang='lat' dir='ltr'><strong>demonstratio</strong></span> <span class='ocrx_word' id='word_1_180' title='bbox 1499 2227 1552 2272; x_wconf 88' lang='lat' dir='ltr'><strong>et</strong></span> <span class='ocrx_word' id='word_1_181' title='bbox 1588 2218 1922 2273; x_wconf 90' lang='lat' dir='ltr'><strong>ratiocinatio</strong></span> <span class='ocrx_word' id='word_1_182' title='bbox 1952 2236 2056 2272; x_wconf 93' lang='lat' dir='ltr'><strong>non</strong></span> 
     </span>
    </p>
   </div>
   <div class='ocr_carea' id='block_1_23' title="bbox 468 2310 2056 2380">
    <p class='ocr_par' dir='ltr' id='par_1_23' title="bbox 468 2310 2056 2380">
     <span class='ocr_line' id='line_1_23' title="bbox 468 2310 2056 2380; baseline 0.003 -17"><span class='ocrx_word' id='word_1_183' title='bbox 468 2310 646 2373; x_wconf 89' lang='lat' dir='ltr'><strong>dubia,</strong></span> <span class='ocrx_word' id='word_1_184' title='bbox 677 2313 1001 2364; x_wconf 85' lang='lat' dir='ltr'><strong>voluntatem</strong></span> <span class='ocrx_word' id='word_1_185' title='bbox 1031 2312 1225 2380; x_wconf 90' lang='lat' dir='ltr'><strong>ubique</strong></span> <span class='ocrx_word' id='word_1_186' title='bbox 1249 2311 1514 2364; x_wconf 90' lang='lat' dir='ltr'><strong>dominam</strong></span> <span class='ocrx_word' id='word_1_187' title='bbox 1545 2326 1683 2364; x_wconf 85' lang='lat' dir='ltr'><strong>esse.</strong></span> <span class='ocrx_word' id='word_1_188' title='bbox 1713 2311 1819 2365; x_wconf 83' lang='lat' dir='ltr'><strong>[lac</strong></span> <span class='ocrx_word' id='word_1_189' title='bbox 1847 2322 1898 2365; x_wconf 93' lang='lat' dir='ltr'><strong>tu</strong></span> <span class='ocrx_word' id='word_1_190' title='bbox 1931 2313 2056 2367; x_wconf 86' lang='lat' dir='ltr'><strong>item</strong></span> 
     </span>
    </p>
   </div>
   <div class='ocr_carea' id='block_1_24' title="bbox 467 2404 2054 2474">
    <p class='ocr_par' dir='ltr' id='par_1_24' title="bbox 467 2404 2054 2474">
     <span class='ocr_line' id='line_1_24' title="bbox 467 2404 2054 2474; baseline 0.001 -18"><span class='ocrx_word' id='word_1_191' title='bbox 467 2406 762 2474; x_wconf 79' lang='lat' dir='ltr'><strong>argumenti</strong></span> <span class='ocrx_word' id='word_1_192' title='bbox 807 2405 1012 2458; x_wconf 85' lang='lat' dir='ltr'><strong>ratione</strong></span> <span class='ocrx_word' id='word_1_193' title='bbox 1052 2413 1201 2458; x_wconf 87' lang='lat' dir='ltr'><strong>utere</strong></span> <span class='ocrx_word' id='word_1_194' title='bbox 1240 2422 1252 2454; x_wconf 93' lang='lat'><strong>:</strong></span> <span class='ocrx_word' id='word_1_195' title='bbox 1293 2413 1346 2457; x_wconf 91' lang='lat' dir='ltr'><strong>et</strong></span> <span class='ocrx_word' id='word_1_196' title='bbox 1385 2405 1428 2458; x_wconf 89' lang='lat' dir='ltr'><strong>si</strong></span> <span class='ocrx_word' id='word_1_197' title='bbox 1471 2404 1651 2457; x_wconf 87' lang='lat' dir='ltr'><strong>videas</strong></span> <span class='ocrx_word' id='word_1_198' title='bbox 1695 2404 1961 2458; x_wconf 80' lang='lat' dir='ltr'><strong>hominem</strong></span> <span class='ocrx_word' id='word_1_199' title='bbox 2003 2405 2054 2458; x_wconf 92' lang='lat' dir='ltr'><strong>in</strong></span> 
     </span>
    </p>
   </div>
   <div class='ocr_carea' id='block_1_25' title="bbox 467 2497 2051 2566">
    <p class='ocr_par' dir='ltr' id='par_1_25' title="bbox 467 2497 2051 2566">
     <span class='ocr_line' id='line_1_25' title="bbox 467 2497 2051 2566; baseline 0 -16"><span class='ocrx_word' id='word_1_200' title='bbox 467 2497 699 2566; x_wconf 83' lang='lat' dir='ltr'><strong>nequitia</strong></span> <span class='ocrx_word' id='word_1_201' title='bbox 727 2499 906 2551; x_wconf 83' lang='lat' dir='ltr'><strong>vivere</strong></span> <span class='ocrx_word' id='word_1_202' title='bbox 925 2539 940 2562; x_wconf 92' lang='lat'><strong>,</strong></span> <span class='ocrx_word' id='word_1_203' title='bbox 972 2507 1129 2566; x_wconf 91' lang='lat' dir='ltr'><strong>atque</strong></span> <span class='ocrx_word' id='word_1_204' title='bbox 1161 2497 1550 2566; x_wconf 89' lang='lat' dir='ltr'><strong>improbitatem</strong></span> <span class='ocrx_word' id='word_1_205' title='bbox 1575 2512 1786 2551; x_wconf 90' lang='lat' dir='ltr'><strong>omnem</strong></span> <span class='ocrx_word' id='word_1_206' title='bbox 1825 2499 2051 2562; x_wconf 86' lang='lat' dir='ltr'><strong>sectari,</strong></span> 
     </span>
    </p>
   </div>
   <div class='ocr_carea' id='block_1_26' title="bbox 465 2587 2051 2658">
    <p class='ocr_par' dir='ltr' id='par_1_26' title="bbox 465 2587 2051 2658">
     <span class='ocr_line' id='line_1_26' title="bbox 465 2587 2051 2658; baseline 0.001 -18"><span class='ocrx_word' id='word_1_207' title='bbox 465 2604 527 2642; x_wconf 90' lang='lat' dir='ltr'><strong>ac</strong></span> <span class='ocrx_word' id='word_1_208' title='bbox 553 2587 742 2641; x_wconf 90' lang='lat' dir='ltr'><strong>deinde</strong></span> <span class='ocrx_word' id='word_1_209' title='bbox 770 2588 1153 2658; x_wconf 84' lang='lat' dir='ltr'><strong>providentiam</strong></span> <span class='ocrx_word' id='word_1_210' title='bbox 1181 2587 1275 2640; x_wconf 89' lang='lat' dir='ltr'><strong>Dei</strong></span> <span class='ocrx_word' id='word_1_211' title='bbox 1303 2588 1571 2641; x_wconf 91' lang='lat' dir='ltr'><strong>criminari</strong></span> <span class='ocrx_word' id='word_1_212' title='bbox 1597 2587 1901 2656; x_wconf 71' lang='lat' dir='ltr'><strong>dicereque,</strong></span> <span class='ocrx_word' id='word_1_213' title='bbox 1932 2605 2051 2642; x_wconf 83' lang='lat' dir='ltr'><strong>curn</strong></span> 
     </span>
    </p>
   </div>
   <div class='ocr_carea' id='block_1_27' title="bbox 465 2679 2051 2751">
    <p class='ocr_par' dir='ltr' id='par_1_27' title="bbox 465 2679 2051 2751">
     <span class='ocr_line' id='line_1_27' title="bbox 465 2679 2051 2751; baseline -0.001 -15"><span class='ocrx_word' id='word_1_214' title='bbox 465 2682 690 2736; x_wconf 77' lang='lat' dir='ltr'><strong>fortunte</strong></span> <span class='ocrx_word' id='word_1_215' title='bbox 738 2690 792 2735; x_wconf 91' lang='lat' dir='ltr'><strong>et</strong></span> <span class='ocrx_word' id='word_1_216' title='bbox 841 2681 930 2734; x_wconf 90' lang='lat' dir='ltr'><strong>fati</strong></span> <span class='ocrx_word' id='word_1_217' title='bbox 986 2680 1286 2734; x_wconf 87' lang='lat' dir='ltr'><strong>necessitati</strong></span> <span class='ocrx_word' id='word_1_218' title='bbox 1337 2679 1744 2749; x_wconf 63' lang='lat' dir='ltr'><strong>daemonumque</strong></span> <span class='ocrx_word' id='word_1_219' title='bbox 1787 2681 2051 2751; x_wconf 82' lang='lat' dir='ltr'><strong>tyrannidi</strong></span> 
     </span>
    </p>
   </div>
   <div class='ocr_carea' id='block_1_28' title="bbox 465 2776 2052 2848">
    <p class='ocr_par' dir='ltr' id='par_1_28' title="bbox 465 2776 2052 2848">
     <span class='ocr_line' id='line_1_28' title="bbox 465 2776 2052 2848; baseline 0 -18"><span class='ocrx_word' id='word_1_220' title='bbox 465 2788 699 2832; x_wconf 88' lang='lat' dir='ltr'><strong>nostram</strong></span> <span class='ocrx_word' id='word_1_221' title='bbox 729 2778 1021 2848; x_wconf 87' lang='lat' dir='ltr'><strong>subjecisse</strong></span> <span class='ocrx_word' id='word_1_222' title='bbox 1052 2787 1295 2830; x_wconf 86' lang='lat' dir='ltr'><strong>naturam</strong></span> <span class='ocrx_word' id='word_1_223' title='bbox 1317 2818 1331 2842; x_wconf 92' lang='lat'><strong>,</strong></span> <span class='ocrx_word' id='word_1_224' title='bbox 1361 2786 1416 2831; x_wconf 92' lang='lat' dir='ltr'><strong>et</strong></span> <span class='ocrx_word' id='word_1_225' title='bbox 1440 2777 1670 2846; x_wconf 90' lang='lat' dir='ltr'><strong>undique</strong></span> <span class='ocrx_word' id='word_1_226' title='bbox 1696 2776 1904 2844; x_wconf 87' lang='lat' dir='ltr'><strong>culpam</strong></span> <span class='ocrx_word' id='word_1_227' title='bbox 1936 2792 1964 2828; x_wconf 91' lang='lat' dir='ltr'><strong>a</strong></span> <span class='ocrx_word' id='word_1_228' title='bbox 1994 2791 2052 2830; x_wconf 89' lang='lat' dir='ltr'><strong>se</strong></span> 
     </span>
    </p>
   </div>
   <div class='ocr_carea' id='block_1_29' title="bbox 463 2869 2053 2938">
    <p class='ocr_par' dir='ltr' id='par_1_29' title="bbox 463 2869 2053 2938">
     <span class='ocr_line' id='line_1_29' title="bbox 463 2869 2053 2938; baseline -0.001 -16"><span class='ocrx_word' id='word_1_229' title='bbox 463 2870 687 2935; x_wconf 89' lang='lat' dir='ltr'><strong>amoliri,</strong></span> <span class='ocrx_word' id='word_1_230' title='bbox 718 2881 874 2938; x_wconf 89' lang='lat' dir='ltr'><strong>atque</strong></span> <span class='ocrx_word' id='word_1_231' title='bbox 905 2870 955 2922; x_wconf 89' lang='lat' dir='ltr'><strong>iu</strong></span> <span class='ocrx_word' id='word_1_232' title='bbox 990 2880 1309 2933; x_wconf 85' lang='lat' dir='ltr'><strong>creatorem,</strong></span> <span class='ocrx_word' id='word_1_233' title='bbox 1333 2869 1419 2938; x_wconf 87' lang='lat' dir='ltr'><strong>qui</strong></span> <span class='ocrx_word' id='word_1_234' title='bbox 1449 2869 1695 2922; x_wconf 89' lang='lat' dir='ltr'><strong>universo</strong></span> <span class='ocrx_word' id='word_1_235' title='bbox 1725 2870 1846 2921; x_wconf 78' lang='lat' dir='ltr'><strong>huic</strong></span> <span class='ocrx_word' id='word_1_236' title='bbox 1877 2869 2053 2937; x_wconf 91' lang='lat' dir='ltr'><strong>provi-</strong></span> 
     </span>
    </p>
   </div>
   <div class='ocr_carea' id='block_1_30' title="bbox 461 2959 2048 3031">
    <p class='ocr_par' dir='ltr' id='par_1_30' title="bbox 461 2959 2048 3031">
     <span class='ocr_line' id='line_1_30' title="bbox 461 2959 2048 3031; baseline -0.001 -15"><span class='ocrx_word' id='word_1_237' title='bbox 461 2963 571 3031; x_wconf 91' lang='lat' dir='ltr'><strong>det,</strong></span> <span class='ocrx_word' id='word_1_238' title='bbox 603 2979 718 3018; x_wconf 90' lang='lat' dir='ltr'><strong>cam</strong></span> <span class='ocrx_word' id='word_1_239' title='bbox 756 2963 1042 3018; x_wconf 79' lang='lat' dir='ltr'><strong>transferre</strong></span> <span class='ocrx_word' id='word_1_240' title='bbox 1073 2981 1086 3016; x_wconf 92' lang='lat'><strong>:</strong></span> <span class='ocrx_word' id='word_1_241' title='bbox 1120 2963 1233 3031; x_wconf 85' lang='lat' dir='ltr'><strong>ejus</strong></span> <span class='ocrx_word' id='word_1_242' title='bbox 1265 2978 1326 3016; x_wconf 93' lang='lat' dir='ltr'><strong>os</strong></span> <span class='ocrx_word' id='word_1_243' title='bbox 1355 2962 1562 3019; x_wconf 87' lang='lat' dir='ltr'><strong>obtura.</strong></span> <span class='ocrx_word' id='word_1_244' title='bbox 1598 2978 1699 3014; x_wconf 91' lang='lat' dir='ltr'><strong>non</strong></span> <span class='ocrx_word' id='word_1_245' title='bbox 1740 2960 1923 3024; x_wconf 88' lang='lat' dir='ltr'><strong>verbo,</strong></span> <span class='ocrx_word' id='word_1_246' title='bbox 1956 2959 2048 3014; x_wconf 91' lang='lat' dir='ltr'><strong>sed</strong></span> 
     </span>
    </p>
   </div>
   <div class='ocr_carea' id='block_1_31' title="bbox 461 3053 2048 3123">
    <p class='ocr_par' dir='ltr' id='par_1_31' title="bbox 461 3053 2048 3123">
     <span class='ocr_line' id='line_1_31' title="bbox 461 3053 2048 3123; baseline 0 -16"><span class='ocrx_word' id='word_1_247' title='bbox 461 3055 616 3120; x_wconf 90' lang='lat' dir='ltr'><strong>facto,</strong></span> <span class='ocrx_word' id='word_1_248' title='bbox 650 3055 976 3123; x_wconf 89' lang='lat' dir='ltr'><strong>ostendeque</strong></span> <span class='ocrx_word' id='word_1_249' title='bbox 1003 3055 1074 3108; x_wconf 90' lang='lat' dir='ltr'><strong>illi</strong></span> <span class='ocrx_word' id='word_1_250' title='bbox 1101 3055 1262 3107; x_wconf 90' lang='lat' dir='ltr'><strong>alium</strong></span> <span class='ocrx_word' id='word_1_251' title='bbox 1290 3069 1604 3107; x_wconf 70' lang='lat' dir='ltr'><strong>conservrum</strong></span> <span class='ocrx_word' id='word_1_252' title='bbox 1636 3053 1798 3122; x_wconf 90' lang='lat' dir='ltr'><strong>probe</strong></span> <span class='ocrx_word' id='word_1_253' title='bbox 1823 3069 1883 3105; x_wconf 89' lang='lat' dir='ltr'><strong>ac</strong></span> <span class='ocrx_word' id='word_1_254' title='bbox 1913 3063 2048 3107; x_wconf 88' lang='lat' dir='ltr'><strong>tem-</strong></span> 
     </span>
    </p>
   </div>
   <div class='ocr_carea' id='block_1_32' title="bbox 461 3143 2046 3213">
    <p class='ocr_par' dir='ltr' id='par_1_32' title="bbox 461 3143 2046 3213">
     <span class='ocr_line' id='line_1_32' title="bbox 461 3143 2046 3213; baseline -0.001 -15"><span class='ocrx_word' id='word_1_255' title='bbox 461 3155 643 3213; x_wconf 89' lang='lat' dir='ltr'><strong>perate</strong></span> <span class='ocrx_word' id='word_1_256' title='bbox 683 3145 969 3199; x_wconf 85' lang='lat' dir='ltr'><strong>viventem.</strong></span> <span class='ocrx_word' id='word_1_257' title='bbox 1011 3144 1125 3198; x_wconf 86' lang='lat' dir='ltr'><strong>Non</strong></span> <span class='ocrx_word' id='word_1_258' title='bbox 1167 3159 1298 3212; x_wconf 89' lang='lat' dir='ltr'><strong>opus</strong></span> <span class='ocrx_word' id='word_1_259' title='bbox 1336 3152 1417 3197; x_wconf 92' lang='lat' dir='ltr'><strong>cst</strong></span> <span class='ocrx_word' id='word_1_260' title='bbox 1453 3145 1602 3212; x_wconf 71' lang='lat' dir='ltr'><strong>longa</strong></span> <span class='ocrx_word' id='word_1_261' title='bbox 1635 3143 1906 3207; x_wconf 89' lang='lat' dir='ltr'><strong>oratione,</strong></span> <span class='ocrx_word' id='word_1_262' title='bbox 1942 3159 2046 3197; x_wconf 91' lang='lat' dir='ltr'><strong>non</strong></span> 
     </span>
    </p>
   </div>
   <div class='ocr_carea' id='block_1_33' title="bbox 460 3232 2047 3303">
    <p class='ocr_par' dir='ltr' id='par_1_33' title="bbox 460 3232 2047 3303">
     <span class='ocr_line' id='line_1_33' title="bbox 460 3232 2047 3303; baseline -0.001 -16"><span class='ocrx_word' id='word_1_263' title='bbox 460 3251 593 3302; x_wconf 92' lang='lat' dir='ltr'><strong>opus</strong></span> <span class='ocrx_word' id='word_1_264' title='bbox 619 3235 882 3288; x_wconf 82' lang='lat' dir='ltr'><strong>concinne</strong></span> <span class='ocrx_word' id='word_1_265' title='bbox 908 3243 1185 3302; x_wconf 87' lang='lat' dir='ltr'><strong>apparatu,</strong></span> <span class='ocrx_word' id='word_1_266' title='bbox 1219 3249 1324 3286; x_wconf 92' lang='lat' dir='ltr'><strong>non</strong></span> <span class='ocrx_word' id='word_1_267' title='bbox 1356 3232 1708 3303; x_wconf 79' lang='lat' dir='ltr'><strong>syllogismis;</strong></span> <span class='ocrx_word' id='word_1_268' title='bbox 1743 3232 1836 3286; x_wconf 89' lang='lat' dir='ltr'><strong>sed</strong></span> <span class='ocrx_word' id='word_1_269' title='bbox 1867 3235 2047 3300; x_wconf 86' lang='lat' dir='ltr'><strong>operi-</strong></span> 
     </span>
    </p>
   </div>
   <div class='ocr_carea' id='block_1_34' title="bbox 460 3323 2040 3386">
    <p class='ocr_par' dir='ltr' id='par_1_34' title="bbox 460 3323 2040 3386">
     <span class='ocr_line' id='line_1_34' title="bbox 460 3323 2040 3386; baseline -0.002 -8"><span class='ocrx_word' id='word_1_270' title='bbox 460 3324 557 3378; x_wconf 90' lang='lat' dir='ltr'><strong>bus</strong></span> <span class='ocrx_word' id='word_1_271' title='bbox 585 3325 638 3378; x_wconf 84' lang='lat' dir='ltr'><strong>fit</strong></span> <span class='ocrx_word' id='word_1_272' title='bbox 667 3325 1074 3378; x_wconf 88' lang='lat' dir='ltr'><strong>demonstratio.</strong></span> <span class='ocrx_word' id='word_1_273' title='bbox 1104 3325 1195 3377; x_wconf 91' lang='lat' dir='ltr'><strong>Dic</strong></span> <span class='ocrx_word' id='word_1_274' title='bbox 1223 3325 1295 3377; x_wconf 88' lang='lat' dir='ltr'><strong>illi</strong></span> <span class='ocrx_word' id='word_1_275' title='bbox 1327 3341 1340 3378; x_wconf 88' lang='lat'><strong>:</strong></span> <span class='ocrx_word' id='word_1_276' title='bbox 1377 3324 1440 3376; x_wconf 87' lang='lat' dir='ltr'><strong>Et</strong></span> <span class='ocrx_word' id='word_1_277' title='bbox 1466 3331 1521 3376; x_wconf 91' lang='lat' dir='ltr'><strong>tu</strong></span> <span class='ocrx_word' id='word_1_278' title='bbox 1552 3339 1738 3377; x_wconf 90' lang='lat' dir='ltr'><strong>servus</strong></span> <span class='ocrx_word' id='word_1_279' title='bbox 1763 3339 1821 3377; x_wconf 89' lang='lat' dir='ltr'><strong>es</strong></span> <span class='ocrx_word' id='word_1_280' title='bbox 1848 3331 1904 3375; x_wconf 92' lang='lat' dir='ltr'><strong>ut</strong></span> <span class='ocrx_word' id='word_1_281' title='bbox 1935 3323 2040 3386; x_wconf 85' lang='lat' dir='ltr'><strong>ille,</strong></span> 
     </span>
    </p>
   </div>
   <div class='ocr_carea' id='block_1_35' title="bbox 460 3415 2043 3478">
    <p class='ocr_par' dir='ltr' id='par_1_35' title="bbox 460 3415 2043 3478">
     <span class='ocr_line' id='line_1_35' title="bbox 460 3415 2043 3478; baseline -0.002 -8"><span class='ocrx_word' id='word_1_282' title='bbox 460 3427 512 3470; x_wconf 83' lang='grc' dir='ltr'>ιιι</span> <span class='ocrx_word' id='word_1_283' title='bbox 541 3416 700 3470; x_wconf 89' lang='lat' dir='ltr'><strong>homo</strong></span> <span class='ocrx_word' id='word_1_284' title='bbox 737 3428 792 3470; x_wconf 93' lang='lat' dir='ltr'><strong>ut</strong></span> <span class='ocrx_word' id='word_1_285' title='bbox 828 3417 912 3470; x_wconf 88' lang='lat' dir='ltr'><strong>ille</strong></span> <span class='ocrx_word' id='word_1_286' title='bbox 947 3436 958 3469; x_wconf 88' lang='lat'>:</span> <span class='ocrx_word' id='word_1_287' title='bbox 995 3417 1044 3469; x_wconf 92' lang='lat' dir='ltr'><strong>in</strong></span> <span class='ocrx_word' id='word_1_288' title='bbox 1077 3416 1264 3470; x_wconf 90' lang='lat' dir='ltr'><strong>eodem</strong></span> <span class='ocrx_word' id='word_1_289' title='bbox 1308 3415 1506 3469; x_wconf 91' lang='lat' dir='ltr'><strong>mundo</strong></span> <span class='ocrx_word' id='word_1_290' title='bbox 1535 3416 1785 3478; x_wconf 88' lang='lat' dir='ltr'><strong>versaris,</strong></span> <span class='ocrx_word' id='word_1_291' title='bbox 1825 3415 1922 3468; x_wconf 88' lang='lat' dir='ltr'><strong>sub</strong></span> <span class='ocrx_word' id='word_1_292' title='bbox 1949 3431 2043 3470; x_wconf 86' lang='lat' dir='ltr'><strong>eo-</strong></span> 
     </span>
    </p>
   </div>
   <div class='ocr_carea' id='block_1_36' title="bbox 455 3495 2046 3578">
    <p class='ocr_par' dir='ltr' id='par_1_36' title="bbox 455 3495 2046 3578">
     <span class='ocr_line' id='line_1_36' title="bbox 455 3495 2046 3578; baseline 0 -16"><span class='ocrx_word' id='word_1_293' title='bbox 455 3510 576 3564; x_wconf 85' lang='lat' dir='ltr'><strong>dem</strong></span> <span class='ocrx_word' id='word_1_294' title='bbox 618 3511 747 3563; x_wconf 73' lang='lat' dir='ltr'><strong>ca:lo</strong></span> <span class='ocrx_word' id='word_1_295' title='bbox 789 3511 975 3562; x_wconf 86' lang='lat' dir='ltr'><strong>iisdem</strong></span> <span class='ocrx_word' id='word_1_296' title='bbox 1023 3510 1253 3563; x_wconf 72' lang='lat' dir='ltr'><strong>vesreris</strong></span> <span class='ocrx_word' id='word_1_297' title='bbox 1297 3511 1426 3563; x_wconf 91' lang='lat' dir='ltr'><strong>cibis</strong></span> <span class='ocrx_word' id='word_1_298' title='bbox 1458 3527 1470 3563; x_wconf 91' lang='lat'>:</span> <span class='ocrx_word' id='word_1_299' title='bbox 1500 3526 1597 3563; x_wconf 92' lang='lat' dir='ltr'><strong>cur</strong></span> <span class='ocrx_word' id='word_1_300' title='bbox 1633 3521 1685 3563; x_wconf 90' lang='lat' dir='ltr'><strong>tu</strong></span> <span class='ocrx_word' id='word_1_301' title='bbox 1723 3511 1772 3562; x_wconf 90' lang='lat' dir='ltr'><strong>in</strong></span> <span class='ocrx_word' id='word_1_302' title='bbox 1812 3495 2046 3578; x_wconf 84' lang='lat' dir='ltr'><strong>nequitia</strong></span> 
     </span>
    </p>
   </div>
   <div class='ocr_carea' id='block_1_37' title="bbox 457 3598 2043 3667">
    <p class='ocr_par' dir='ltr' id='par_1_37' title="bbox 457 3598 2043 3667">
     <span class='ocr_line' id='line_1_37' title="bbox 457 3598 2043 3667; baseline 0.001 -15"><span class='ocrx_word' id='word_1_303' title='bbox 457 3600 626 3667; x_wconf 87' lang='lat' dir='ltr'><strong>degis,</strong></span> <span class='ocrx_word' id='word_1_304' title='bbox 656 3600 743 3653; x_wconf 92' lang='lat' dir='ltr'><strong>ille</strong></span> <span class='ocrx_word' id='word_1_305' title='bbox 773 3601 822 3652; x_wconf 90' lang='lat' dir='ltr'><strong>in</strong></span> <span class='ocrx_word' id='word_1_306' title='bbox 853 3599 1082 3652; x_wconf 86' lang='lat' dir='ltr'><strong>virtute?</strong></span> <span class='ocrx_word' id='word_1_307' title='bbox 1115 3598 1235 3652; x_wconf 86' lang='lat' dir='ltr'><strong>Ideo</strong></span> <span class='ocrx_word' id='word_1_308' title='bbox 1265 3600 1504 3667; x_wconf 87' lang='lat' dir='ltr'><strong>permisit</strong></span> <span class='ocrx_word' id='word_1_309' title='bbox 1529 3599 1666 3652; x_wconf 89' lang='lat' dir='ltr'><strong>Deus</strong></span> <span class='ocrx_word' id='word_1_310' title='bbox 1695 3599 1862 3653; x_wconf 89' lang='lat' dir='ltr'><strong>malos</strong></span> <span class='ocrx_word' id='word_1_311' title='bbox 1891 3599 2043 3653; x_wconf 89' lang='lat' dir='ltr'><strong>bonis</strong></span> 
     </span>
    </p>
   </div>
   <div class='ocr_carea' id='block_1_38' title="bbox 458 3690 2042 3760">
    <p class='ocr_par' dir='ltr' id='par_1_38' title="bbox 458 3690 2042 3760">
     <span class='ocr_line' id='line_1_38' title="bbox 458 3690 2042 3760; baseline 0.001 -17"><span class='ocrx_word' id='word_1_312' title='bbox 458 3691 751 3760; x_wconf 87' lang='lat' dir='ltr'><strong>permixtos</strong></span> <span class='ocrx_word' id='word_1_313' title='bbox 777 3705 916 3751; x_wconf 84' lang='lat' dir='ltr'><strong>esse,</strong></span> <span class='ocrx_word' id='word_1_314' title='bbox 948 3706 1045 3743; x_wconf 92' lang='lat' dir='ltr'><strong>nec</strong></span> <span class='ocrx_word' id='word_1_315' title='bbox 1073 3690 1228 3741; x_wconf 86' lang='lat' dir='ltr'><strong>aliam</strong></span> <span class='ocrx_word' id='word_1_316' title='bbox 1275 3690 1426 3742; x_wconf 90' lang='lat' dir='ltr'><strong>bonis</strong></span> <span class='ocrx_word' id='word_1_317' title='bbox 1455 3700 1670 3753; x_wconf 90' lang='lat' dir='ltr'><strong>terram,</strong></span> <span class='ocrx_word' id='word_1_318' title='bbox 1699 3691 1860 3743; x_wconf 90' lang='lat' dir='ltr'><strong>alium</strong></span> <span class='ocrx_word' id='word_1_319' title='bbox 1889 3690 2042 3745; x_wconf 90' lang='lat' dir='ltr'><strong>malis</strong></span> 
     </span>
    </p>
   </div>
   <div class='ocr_carea' id='block_1_39' title="bbox 454 3781 2038 3848">
    <p class='ocr_par' dir='ltr' id='par_1_39' title="bbox 454 3781 2038 3848">
     <span class='ocr_line' id='line_1_39' title="bbox 454 3781 2038 3848; baseline 0 -14"><span class='ocrx_word' id='word_1_320' title='bbox 454 3783 639 3835; x_wconf 87' lang='lat' dir='ltr'><strong>orbem</strong></span> <span class='ocrx_word' id='word_1_321' title='bbox 670 3781 850 3844; x_wconf 88' lang='lat' dir='ltr'><strong>dedit;</strong></span> <span class='ocrx_word' id='word_1_322' title='bbox 890 3781 982 3835; x_wconf 86' lang='lat' dir='ltr'><strong>sed</strong></span> <span class='ocrx_word' id='word_1_323' title='bbox 1025 3781 1120 3833; x_wconf 86' lang='lat' dir='ltr'><strong>hos</strong></span> <span class='ocrx_word' id='word_1_324' title='bbox 1151 3781 1251 3834; x_wconf 89' lang='lat' dir='ltr'><strong>illis</strong></span> <span class='ocrx_word' id='word_1_325' title='bbox 1280 3781 1652 3848; x_wconf 89' lang='lat' dir='ltr'><strong>commiscuit,</strong></span> <span class='ocrx_word' id='word_1_326' title='bbox 1684 3797 1794 3836; x_wconf 90' lang='lat' dir='ltr'><strong>rem</strong></span> <span class='ocrx_word' id='word_1_327' title='bbox 1823 3783 2038 3837; x_wconf 84' lang='lat' dir='ltr'><strong>utilissi-</strong></span> 
     </span>
    </p>
   </div>
   <div class='ocr_carea' id='block_1_40' title="bbox 455 3870 2042 3942">
    <p class='ocr_par' dir='ltr' id='par_1_40' title="bbox 455 3870 2042 3942">
     <span class='ocr_line' id='line_1_40' title="bbox 455 3870 2042 3942; baseline 0.001 -16"><span class='ocrx_word' id='word_1_328' title='bbox 455 3887 595 3926; x_wconf 89' lang='lat' dir='ltr'><strong>mam</strong></span> <span class='ocrx_word' id='word_1_329' title='bbox 627 3881 893 3939; x_wconf 88' lang='lat' dir='ltr'><strong>operatus.</strong></span> <span class='ocrx_word' id='word_1_330' title='bbox 927 3870 1057 3925; x_wconf 79' lang='lat' dir='ltr'><strong>Nam</strong></span> <span class='ocrx_word' id='word_1_331' title='bbox 1087 3872 1206 3926; x_wconf 91' lang='lat' dir='ltr'><strong>boni</strong></span> <span class='ocrx_word' id='word_1_332' title='bbox 1239 3872 1571 3940; x_wconf 87' lang='lat' dir='ltr'><strong>probatiores</strong></span> <span class='ocrx_word' id='word_1_333' title='bbox 1596 3883 1886 3942; x_wconf 84' lang='lat' dir='ltr'><strong>apparent,</strong></span> <span class='ocrx_word' id='word_1_334' title='bbox 1915 3875 2042 3928; x_wconf 91' lang='lat' dir='ltr'><strong>dum</strong></span> 
     </span>
    </p>
   </div>
   <div class='ocr_carea' id='block_1_41' title="bbox 457 3963 2043 4032">
    <p class='ocr_par' dir='ltr' id='par_1_41' title="bbox 457 3963 2043 4032">
     <span class='ocr_line' id='line_1_41' title="bbox 457 3963 2043 4032; baseline 0.001 -14"><span class='ocrx_word' id='word_1_335' title='bbox 457 3963 510 4018; x_wconf 90' lang='lat' dir='ltr'><strong>in</strong></span> <span class='ocrx_word' id='word_1_336' title='bbox 558 3964 732 4017; x_wconf 86' lang='lat' dir='ltr'><strong>medio</strong></span> <span class='ocrx_word' id='word_1_337' title='bbox 773 3963 1044 4016; x_wconf 92' lang='lat' dir='ltr'><strong>hominum</strong></span> <span class='ocrx_word' id='word_1_338' title='bbox 1070 4005 1084 4028; x_wconf 91' lang='lat'><strong>,</strong></span> <span class='ocrx_word' id='word_1_339' title='bbox 1115 3965 1203 4032; x_wconf 86' lang='lat' dir='ltr'><strong>qui</strong></span> <span class='ocrx_word' id='word_1_340' title='bbox 1231 3979 1322 4017; x_wconf 82' lang='lat' dir='ltr'><strong>eos</strong></span> <span class='ocrx_word' id='word_1_341' title='bbox 1352 3981 1380 4018; x_wconf 92' lang='lat' dir='ltr'><strong>a</strong></span> <span class='ocrx_word' id='word_1_342' title='bbox 1415 3972 1558 4016; x_wconf 88' lang='lat' dir='ltr'><strong>recta</strong></span> <span class='ocrx_word' id='word_1_343' title='bbox 1589 3964 1799 4017; x_wconf 88' lang='lat' dir='ltr'><strong>vivendi</strong></span> <span class='ocrx_word' id='word_1_344' title='bbox 1841 3967 2043 4019; x_wconf 87' lang='lat' dir='ltr'><strong>ratione</strong></span> 
     </span>
    </p>
   </div>
   <div class='ocr_carea' id='block_1_42' title="bbox 455 4053 2040 4118">
    <p class='ocr_par' dir='ltr' id='par_1_42' title="bbox 455 4053 2040 4118">
     <span class='ocr_line' id='line_1_42' title="bbox 455 4053 2040 4118; baseline -0.001 -10"><span class='ocrx_word' id='word_1_345' title='bbox 455 4065 677 4109; x_wconf 89' lang='lat' dir='ltr'><strong>avocant</strong></span> <span class='ocrx_word' id='word_1_346' title='bbox 720 4065 774 4109; x_wconf 91' lang='lat' dir='ltr'><strong>et</strong></span> <span class='ocrx_word' id='word_1_347' title='bbox 811 4054 874 4106; x_wconf 88' lang='lat' dir='ltr'><strong>ad</strong></span> <span class='ocrx_word' id='word_1_348' title='bbox 915 4054 1110 4108; x_wconf 84' lang='lat' dir='ltr'><strong>malum</strong></span> <span class='ocrx_word' id='word_1_349' title='bbox 1155 4053 1404 4114; x_wconf 86' lang='lat' dir='ltr'><strong>trahunt.</strong></span> <span class='ocrx_word' id='word_1_350' title='bbox 1436 4064 1716 4106; x_wconf 85' lang='lat' dir='ltr'><strong>versantur</strong></span> <span class='ocrx_word' id='word_1_351' title='bbox 1737 4095 1751 4118; x_wconf 96' lang='lat'><strong>,</strong></span> <span class='ocrx_word' id='word_1_352' title='bbox 1782 4063 1836 4107; x_wconf 91' lang='lat' dir='ltr'><strong>et</strong></span> <span class='ocrx_word' id='word_1_353' title='bbox 1865 4063 2040 4107; x_wconf 90' lang='lat' dir='ltr'><strong>tamen</strong></span> 
     </span>
    </p>
   </div>
   <div class='ocr_carea' id='block_1_43' title="bbox 457 4144 2044 4214">
    <p class='ocr_par' dir='ltr' id='par_1_43' title="bbox 457 4144 2044 4214">
     <span class='ocr_line' id='line_1_43' title="bbox 457 4144 2044 4214; baseline 0.001 -16"><span class='ocrx_word' id='word_1_354' title='bbox 457 4149 702 4200; x_wconf 90' lang='lat' dir='ltr'><strong>virtutem</strong></span> <span class='ocrx_word' id='word_1_355' title='bbox 733 4155 1023 4200; x_wconf 89' lang='lat' dir='ltr'><strong>sectantur.</strong></span> <span class='ocrx_word' id='word_1_356' title='bbox 1053 4144 1261 4214; x_wconf 86' lang='lat' dir='ltr'><strong>Oportet</strong></span> <span class='ocrx_word' id='word_1_357' title='bbox 1286 4146 1450 4208; x_wconf 90' lang='lat' dir='ltr'><strong>enim,</strong></span> <span class='ocrx_word' id='word_1_358' title='bbox 1482 4145 1671 4214; x_wconf 90' lang='lat' dir='ltr'><strong>inquit,</strong></span> <span class='ocrx_word' id='word_1_359' title='bbox 1703 4146 1911 4199; x_wconf 71' lang='lat' dir='ltr'><strong>hazrrses</strong></span> <span class='ocrx_word' id='word_1_360' title='bbox 1937 4164 2044 4200; x_wconf 83' lang='lat' dir='ltr'><strong>esse</strong></span> 
     </span>
    </p>
   </div>
   <div class='ocr_carea' id='block_1_44' title="bbox 455 4237 2042 4307">
    <p class='ocr_par' dir='ltr' id='par_1_44' title="bbox 455 4237 2042 4307">
     <span class='ocr_line' id='line_1_44' title="bbox 455 4237 2042 4307; baseline -0.001 -15"><span class='ocrx_word' id='word_1_361' title='bbox 455 4240 508 4292; x_wconf 88' lang='lat' dir='ltr'><strong>in</strong></span> <span class='ocrx_word' id='word_1_362' title='bbox 546 4239 710 4302; x_wconf 84' lang='lat' dir='ltr'><strong>vobis,</strong></span> <span class='ocrx_word' id='word_1_363' title='bbox 744 4248 797 4290; x_wconf 86' lang='lat' dir='ltr'><strong>ut</strong></span> <span class='ocrx_word' id='word_1_364' title='bbox 835 4239 921 4306; x_wconf 85' lang='lat' dir='ltr'><strong>qui</strong></span> <span class='ocrx_word' id='word_1_365' title='bbox 961 4237 1154 4307; x_wconf 87' lang='lat' dir='ltr'><strong>probati</strong></span> <span class='ocrx_word' id='word_1_366' title='bbox 1196 4247 1351 4302; x_wconf 90' lang='lat' dir='ltr'><strong>sunt,</strong></span> <span class='ocrx_word' id='word_1_367' title='bbox 1392 4237 1646 4307; x_wconf 79' lang='lat' dir='ltr'><strong>manifesti</strong></span> <span class='ocrx_word' id='word_1_368' title='bbox 1678 4237 1804 4306; x_wconf 81' lang='lat' dir='ltr'><strong>[iant</strong></span> <span class='ocrx_word' id='word_1_369' title='bbox 1830 4239 1881 4290; x_wconf 89' lang='lat' dir='ltr'><strong>in</strong></span> <span class='ocrx_word' id='word_1_370' title='bbox 1907 4240 2042 4291; x_wconf 78' lang='lat' dir='ltr'><strong>vobis</strong></span> 
     </span>
    </p>
   </div>
   <div class='ocr_carea' id='block_1_45' title="bbox 456 4328 950 4400">
    <p class='ocr_par' dir='ltr' id='par_1_45' title="bbox 456 4328 950 4400">
     <span class='ocr_line' id='line_1_45' title="bbox 456 4328 950 4400; baseline -0.006 -17"><span class='ocrx_word' id='word_1_371' title='bbox 456 4331 533 4400; x_wconf 90' lang='grc'><strong>(1.</strong></span> <span class='ocrx_word' id='word_1_372' title='bbox 559 4328 674 4383; x_wconf 87' lang='lat' dir='ltr'><strong>Cor.</strong></span> <span class='ocrx_word' id='word_1_373' title='bbox 712 4330 796 4382; x_wconf 87' lang='grc'><strong>11.</strong></span> <span class='ocrx_word' id='word_1_374' title='bbox 840 4329 950 4397; x_wconf 84' lang='grc'><strong>19).</strong></span> 
     </span>
    </p>
   </div>
   <div class='ocr_carea' id='block_1_46' title="bbox 527 4417 2041 4487">
    <p class='ocr_par' dir='ltr' id='par_1_46' title="bbox 527 4417 2041 4487">
     <span class='ocr_line' id='line_1_46' title="bbox 527 4417 2041 4487; baseline 0 -14"><span class='ocrx_word' id='word_1_375' title='bbox 527 4420 627 4473; x_wconf 84' lang='lat' dir='ltr'><strong>Cur</strong></span> <span class='ocrx_word' id='word_1_376' title='bbox 664 4420 779 4473; x_wconf 85' lang='lat' dir='ltr'><strong>boui</strong></span> <span class='ocrx_word' id='word_1_377' title='bbox 811 4436 925 4472; x_wconf 87' lang='lat' dir='ltr'><strong>cum</strong></span> <span class='ocrx_word' id='word_1_378' title='bbox 959 4419 1106 4472; x_wconf 87' lang='lat' dir='ltr'><strong>malis</strong></span> <span class='ocrx_word' id='word_1_379' title='bbox 1149 4418 1402 4487; x_wconf 72' lang='lat' dir='ltr'><strong>permixti.</strong></span> <span class='ocrx_word' id='word_1_380' title='bbox 1433 4448 1504 4458; x_wconf 92' lang='lat'><strong><em>—</em></strong></span> <span class='ocrx_word' id='word_1_381' title='bbox 1533 4418 1656 4472; x_wconf 83' lang='lat' dir='ltr'><strong>ideo</strong></span> <span class='ocrx_word' id='word_1_382' title='bbox 1686 4417 1843 4487; x_wconf 82' lang='lat' dir='ltr'><strong>igitur</strong></span> <span class='ocrx_word' id='word_1_383' title='bbox 1875 4419 2041 4474; x_wconf 92' lang='lat' dir='ltr'><strong>malos</strong></span> 
     </span>
    </p>
   </div>
   <div class='ocr_carea' id='block_1_47' title="bbox 457 4510 2042 4580">
    <p class='ocr_par' dir='ltr' id='par_1_47' title="bbox 457 4510 2042 4580">
     <span class='ocr_line' id='line_1_47' title="bbox 457 4510 2042 4580; baseline -0.001 -13"><span class='ocrx_word' id='word_1_384' title='bbox 457 4515 507 4568; x_wconf 93' lang='lat' dir='ltr'><strong>in</strong></span> <span class='ocrx_word' id='word_1_385' title='bbox 541 4514 716 4566; x_wconf 90' lang='lat' dir='ltr'><strong>medio</strong></span> <span class='ocrx_word' id='word_1_386' title='bbox 747 4513 961 4580; x_wconf 86' lang='lat' dir='ltr'><strong>reliquit</strong></span> <span class='ocrx_word' id='word_1_387' title='bbox 981 4554 994 4572; x_wconf 86' lang='lat'><strong>,</strong></span> <span class='ocrx_word' id='word_1_388' title='bbox 1023 4520 1079 4564; x_wconf 85' lang='lat' dir='ltr'><strong>ut</strong></span> <span class='ocrx_word' id='word_1_389' title='bbox 1107 4511 1230 4563; x_wconf 90' lang='lat' dir='ltr'><strong>boni</strong></span> <span class='ocrx_word' id='word_1_390' title='bbox 1271 4513 1437 4580; x_wconf 89' lang='lat' dir='ltr'><strong>magis</strong></span> <span class='ocrx_word' id='word_1_391' title='bbox 1464 4511 1823 4579; x_wconf 84' lang='lat' dir='ltr'><strong>Splendcrcnt.</strong></span> <span class='ocrx_word' id='word_1_392' title='bbox 1859 4510 2042 4566; x_wconf 84' lang='lat' dir='ltr'><strong>Viden’</strong></span> 
     </span>
    </p>
   </div>
   <div class='ocr_carea' id='block_1_48' title="bbox 455 4602 2040 4674">
    <p class='ocr_par' dir='ltr' id='par_1_48' title="bbox 455 4602 2040 4674">
     <span class='ocr_line' id='line_1_48' title="bbox 455 4602 2040 4674; baseline -0.002 -15"><span class='ocrx_word' id='word_1_393' title='bbox 455 4616 711 4674; x_wconf 82' lang='lat' dir='ltr'><strong>quantum</strong></span> <span class='ocrx_word' id='word_1_394' title='bbox 741 4605 941 4658; x_wconf 85' lang='lat' dir='ltr'><strong>lucrum</strong></span> <span class='ocrx_word' id='word_1_395' title='bbox 965 4606 987 4642; x_wconf 64' lang='grc' dir='ltr'><strong>’θ</strong></span> <span class='ocrx_word' id='word_1_396' title='bbox 1013 4603 1114 4658; x_wconf 79' lang='lat' dir='ltr'><strong>Sed</strong></span> <span class='ocrx_word' id='word_1_397' title='bbox 1147 4619 1251 4656; x_wconf 90' lang='lat' dir='ltr'><strong>non</strong></span> <span class='ocrx_word' id='word_1_398' title='bbox 1279 4603 1346 4656; x_wconf 87' lang='lat' dir='ltr'><strong>ab</strong></span> <span class='ocrx_word' id='word_1_399' title='bbox 1385 4603 1639 4671; x_wconf 88' lang='lat' dir='ltr'><strong>improbis</strong></span> <span class='ocrx_word' id='word_1_400' title='bbox 1677 4602 1914 4665; x_wconf 91' lang='lat' dir='ltr'><strong>lucrum,</strong></span> <span class='ocrx_word' id='word_1_401' title='bbox 1947 4603 2040 4658; x_wconf 89' lang='lat' dir='ltr'><strong>sed</strong></span> 
     </span>
    </p>
   </div>
   <div class='ocr_carea' id='block_1_49' title="bbox 453 4694 2038 4759">
    <p class='ocr_par' dir='ltr' id='par_1_49' title="bbox 453 4694 2038 4759">
     <span class='ocr_line' id='line_1_49' title="bbox 453 4694 2038 4759; baseline -0.003 -5"><span class='ocrx_word' id='word_1_402' title='bbox 453 4716 486 4754; x_wconf 85' lang='lat' dir='ltr'><strong>a</strong></span> <span class='ocrx_word' id='word_1_403' title='bbox 523 4697 816 4753; x_wconf 86' lang='lat' dir='ltr'><strong>constantia</strong></span> <span class='ocrx_word' id='word_1_404' title='bbox 847 4699 1129 4751; x_wconf 90' lang='lat' dir='ltr'><strong>bonorum.</strong></span> <span class='ocrx_word' id='word_1_405' title='bbox 1172 4695 1371 4749; x_wconf 89' lang='lat' dir='ltr'><strong>Idcirco</strong></span> <span class='ocrx_word' id='word_1_406' title='bbox 1406 4694 1518 4749; x_wconf 88' lang='lat' dir='ltr'><strong>Noe</strong></span> <span class='ocrx_word' id='word_1_407' title='bbox 1558 4695 1902 4759; x_wconf 86' lang='lat' dir='ltr'><strong>admiramur,</strong></span> <span class='ocrx_word' id='word_1_408' title='bbox 1935 4712 2038 4749; x_wconf 91' lang='lat' dir='ltr'><strong>non</strong></span> 
     </span>
    </p>
   </div>
   <div class='ocr_carea' id='block_1_50' title="bbox 456 4785 2039 4861">
    <p class='ocr_par' dir='ltr' id='par_1_50' title="bbox 456 4785 2039 4861">
     <span class='ocr_line' id='line_1_50' title="bbox 456 4785 2039 4861; baseline -0.003 -16"><span class='ocrx_word' id='word_1_409' title='bbox 456 4791 594 4861; x_wconf 78' lang='lat' dir='ltr'><strong>quod</strong></span> <span class='ocrx_word' id='word_1_410' title='bbox 628 4791 802 4859; x_wconf 88' lang='lat' dir='ltr'><strong>justus</strong></span> <span class='ocrx_word' id='word_1_411' title='bbox 845 4804 908 4842; x_wconf 92' lang='lat' dir='ltr'><strong>ac</strong></span> <span class='ocrx_word' id='word_1_412' title='bbox 952 4787 1221 4857; x_wconf 81' lang='lat' dir='ltr'><strong>perfectus</strong></span> <span class='ocrx_word' id='word_1_413' title='bbox 1259 4795 1403 4840; x_wconf 88' lang='lat' dir='ltr'><strong>esset</strong></span> <span class='ocrx_word' id='word_1_414' title='bbox 1430 4795 1630 4840; x_wconf 89' lang='lat' dir='ltr'><strong>tantum</strong></span> <span class='ocrx_word' id='word_1_415' title='bbox 1652 4827 1667 4852; x_wconf 93' lang='lat'><strong>,</strong></span> <span class='ocrx_word' id='word_1_416' title='bbox 1697 4785 1789 4840; x_wconf 91' lang='lat' dir='ltr'><strong>sed</strong></span> <span class='ocrx_word' id='word_1_417' title='bbox 1819 4786 1960 4855; x_wconf 88' lang='lat' dir='ltr'><strong>quod</strong></span> <span class='ocrx_word' id='word_1_418' title='bbox 1989 4787 2039 4840; x_wconf 95' lang='lat' dir='ltr'><strong>in</strong></span> 
     </span>
    </p>
   </div>
   <div class='ocr_carea' id='block_1_51' title="bbox 456 4876 2042 4951">
    <p class='ocr_par' dir='ltr' id='par_1_51' title="bbox 456 4876 2042 4951">
     <span class='ocr_line' id='line_1_51' title="bbox 456 4876 2042 4951; baseline -0.003 -17"><span class='ocrx_word' id='word_1_419' title='bbox 456 4881 799 4951; x_wconf 85' lang='lat' dir='ltr'><strong>generatione</strong></span> <span class='ocrx_word' id='word_1_420' title='bbox 821 4879 904 4933; x_wconf 91' lang='lat' dir='ltr'><strong>illa</strong></span> <span class='ocrx_word' id='word_1_421' title='bbox 929 4893 1087 4947; x_wconf 88' lang='lat' dir='ltr'><strong>prava</strong></span> <span class='ocrx_word' id='word_1_422' title='bbox 1110 4887 1269 4946; x_wconf 89' lang='lat' dir='ltr'><strong>atque</strong></span> <span class='ocrx_word' id='word_1_423' title='bbox 1293 4876 1543 4946; x_wconf 80' lang='lat' dir='ltr'><strong>perversa</strong></span> <span class='ocrx_word' id='word_1_424' title='bbox 1566 4876 1812 4930; x_wconf 90' lang='lat' dir='ltr'><strong>virtutem</strong></span> <span class='ocrx_word' id='word_1_425' title='bbox 1835 4890 2042 4930; x_wconf 88' lang='lat' dir='ltr'><strong>servas-</strong></span> 
     </span>
    </p>
   </div>
   <div class='ocr_carea' id='block_1_52' title="bbox 455 4966 2038 5037">
    <p class='ocr_par' dir='ltr' id='par_1_52' title="bbox 455 4966 2038 5037">
     <span class='ocr_line' id='line_1_52' title="bbox 455 4966 2038 5037; baseline -0.004 -11"><span class='ocrx_word' id='word_1_426' title='bbox 455 4983 575 5037; x_wconf 88' lang='lat' dir='ltr'><strong>set,</strong></span> <span class='ocrx_word' id='word_1_427' title='bbox 618 4985 739 5024; x_wconf 92' lang='lat' dir='ltr'><strong>cum</strong></span> <span class='ocrx_word' id='word_1_428' title='bbox 783 4969 983 5023; x_wconf 88' lang='lat' dir='ltr'><strong>nullmu</strong></span> <span class='ocrx_word' id='word_1_429' title='bbox 1032 4968 1239 5021; x_wconf 90' lang='lat' dir='ltr'><strong>virtutis</strong></span> <span class='ocrx_word' id='word_1_430' title='bbox 1275 4966 1578 5036; x_wconf 78' lang='lat' dir='ltr'><strong>exemplum</strong></span> <span class='ocrx_word' id='word_1_431' title='bbox 1625 4966 1882 5032; x_wconf 89' lang='lat' dir='ltr'><strong>haberet,</strong></span> <span class='ocrx_word' id='word_1_432' title='bbox 1917 4981 2038 5020; x_wconf 92' lang='lat' dir='ltr'><strong>cum</strong></span> 
     </span>
    </p>
   </div>
   <div class='ocr_carea' id='block_1_53' title="bbox 455 5059 2037 5125">
    <p class='ocr_par' dir='ltr' id='par_1_53' title="bbox 455 5059 2037 5125">
     <span class='ocr_line' id='line_1_53' title="bbox 455 5059 2037 5125; baseline -0.003 -9"><span class='ocrx_word' id='word_1_433' title='bbox 455 5078 644 5118; x_wconf 91' lang='lat' dir='ltr'><strong>omnes</strong></span> <span class='ocrx_word' id='word_1_434' title='bbox 673 5078 794 5116; x_wconf 92' lang='lat' dir='ltr'><strong>eum</strong></span> <span class='ocrx_word' id='word_1_435' title='bbox 829 5061 894 5114; x_wconf 89' lang='lat' dir='ltr'><strong>ad</strong></span> <span class='ocrx_word' id='word_1_436' title='bbox 935 5061 1186 5115; x_wconf 86' lang='lat' dir='ltr'><strong>malitiam</strong></span> <span class='ocrx_word' id='word_1_437' title='bbox 1221 5066 1507 5114; x_wconf 80' lang='lat' dir='ltr'><strong>evocarent</strong></span> <span class='ocrx_word' id='word_1_438' title='bbox 1537 5075 1550 5112; x_wconf 92' lang='lat'>:</span> <span class='ocrx_word' id='word_1_439' title='bbox 1581 5067 1633 5112; x_wconf 87' lang='lat' dir='ltr'><strong>at</strong></span> <span class='ocrx_word' id='word_1_440' title='bbox 1670 5059 1796 5125; x_wconf 87' lang='lat' dir='ltr'><strong>ipsis</strong></span> <span class='ocrx_word' id='word_1_441' title='bbox 1825 5069 2037 5113; x_wconf 87' lang='lat' dir='ltr'><strong>contra-</strong></span> 
     </span>
    </p>
   </div>
   <div class='ocr_carea' id='block_1_54' title="bbox 457 5151 2038 5222">
    <p class='ocr_par' dir='ltr' id='par_1_54' title="bbox 457 5151 2038 5222">
     <span class='ocr_line' id='line_1_54' title="bbox 457 5151 2038 5222; baseline -0.004 -11"><span class='ocrx_word' id='word_1_442' title='bbox 457 5158 588 5212; x_wconf 89' lang='lat' dir='ltr'><strong>riam</strong></span> <span class='ocrx_word' id='word_1_443' title='bbox 619 5156 758 5209; x_wconf 87' lang='lat' dir='ltr'><strong>viam</strong></span> <span class='ocrx_word' id='word_1_444' title='bbox 791 5153 1034 5216; x_wconf 87' lang='lat' dir='ltr'><strong>tenebat,</strong></span> <span class='ocrx_word' id='word_1_445' title='bbox 1065 5152 1207 5205; x_wconf 84' lang='lat' dir='ltr'><strong>velut</strong></span> <span class='ocrx_word' id='word_1_446' title='bbox 1238 5153 1281 5204; x_wconf 90' lang='lat' dir='ltr'><strong>si</strong></span> <span class='ocrx_word' id='word_1_447' title='bbox 1311 5152 1483 5205; x_wconf 87' lang='lat' dir='ltr'><strong>viator</strong></span> <span class='ocrx_word' id='word_1_448' title='bbox 1516 5151 1775 5220; x_wconf 88' lang='lat' dir='ltr'><strong>quispiam</strong></span> <span class='ocrx_word' id='word_1_449' title='bbox 1795 5194 1808 5214; x_wconf 90' lang='lat'><strong>,</strong></span> <span class='ocrx_word' id='word_1_450' title='bbox 1851 5167 2038 5222; x_wconf 87' lang='lat' dir='ltr'><strong>magna</strong></span> 
     </span>
    </p>
   </div>
   <div class='ocr_carea' id='block_1_55' title="bbox 457 5243 2042 5312">
    <p class='ocr_par' dir='ltr' id='par_1_55' title="bbox 457 5243 2042 5312">
     <span class='ocr_line' id='line_1_55' title="bbox 457 5243 2042 5312; baseline -0.006 -8"><span class='ocrx_word' id='word_1_451' title='bbox 457 5248 792 5304; x_wconf 90' lang='lat' dir='ltr'><strong>multitudine</strong></span> <span class='ocrx_word' id='word_1_452' title='bbox 816 5246 1002 5299; x_wconf 88' lang='lat' dir='ltr'><strong>eodem</strong></span> <span class='ocrx_word' id='word_1_453' title='bbox 1031 5245 1219 5298; x_wconf 90' lang='lat' dir='ltr'><strong>itinere</strong></span> <span class='ocrx_word' id='word_1_454' title='bbox 1242 5257 1362 5296; x_wconf 91' lang='lat' dir='ltr'><strong>cum</strong></span> <span class='ocrx_word' id='word_1_455' title='bbox 1387 5243 1585 5311; x_wconf 88' lang='lat' dir='ltr'><strong>impetu</strong></span> <span class='ocrx_word' id='word_1_456' title='bbox 1611 5251 1884 5312; x_wconf 72' lang='lat' dir='ltr'><strong>pergente,</strong></span> <span class='ocrx_word' id='word_1_457' title='bbox 1913 5257 2042 5294; x_wconf 88' lang='lat' dir='ltr'><strong>con-</strong></span> 
     </span>
    </p>
   </div>
   <div class='ocr_carea' id='block_1_56' title="bbox 459 5335 2035 5408">
    <p class='ocr_par' dir='ltr' id='par_1_56' title="bbox 459 5335 2035 5408">
     <span class='ocr_line' id='line_1_56' title="bbox 459 5335 2035 5408; baseline -0.006 -12"><span class='ocrx_word' id='word_1_458' title='bbox 459 5345 677 5397; x_wconf 89' lang='lat' dir='ltr'><strong>trarimn</strong></span> <span class='ocrx_word' id='word_1_459' title='bbox 701 5348 884 5408; x_wconf 89' lang='lat' dir='ltr'><strong>carpat</strong></span> <span class='ocrx_word' id='word_1_460' title='bbox 912 5340 1030 5392; x_wconf 91' lang='lat' dir='ltr'><strong>iter.</strong></span> <span class='ocrx_word' id='word_1_461' title='bbox 1057 5338 1390 5406; x_wconf 85' lang='lat' dir='ltr'><strong>Quapropter</strong></span> <span class='ocrx_word' id='word_1_462' title='bbox 1414 5352 1518 5388; x_wconf 93' lang='lat' dir='ltr'><strong>non</strong></span> <span class='ocrx_word' id='word_1_463' title='bbox 1549 5335 1861 5405; x_wconf 86' lang='lat' dir='ltr'><strong>simpliciter</strong></span> <span class='ocrx_word' id='word_1_464' title='bbox 1887 5335 2035 5396; x_wconf 81' lang='lat' dir='ltr'><strong>dixit,</strong></span> 
     </span>
    </p>
   </div>
   <div class='ocr_carea' id='block_1_57' title="bbox 460 5426 2041 5503">
    <p class='ocr_par' dir='ltr' id='par_1_57' title="bbox 460 5426 2041 5503">
     <span class='ocr_line' id='line_1_57' title="bbox 460 5426 2041 5503; baseline -0.007 -15"><span class='ocrx_word' id='word_1_465' title='bbox 460 5434 573 5490; x_wconf 83' lang='lat' dir='ltr'><strong>Noe</strong></span> <span class='ocrx_word' id='word_1_466' title='bbox 589 5437 758 5503; x_wconf 85' lang='lat' dir='ltr'><strong>justus</strong></span> <span class='ocrx_word' id='word_1_467' title='bbox 781 5441 825 5484; x_wconf 89' lang='lat' dir='ltr'><strong>et</strong></span> <span class='ocrx_word' id='word_1_468' title='bbox 852 5433 1126 5500; x_wconf 80' lang='lat' dir='ltr'><strong>perfectus,</strong></span> <span class='ocrx_word' id='word_1_469' title='bbox 1158 5426 1249 5481; x_wconf 87' lang='lat' dir='ltr'><strong>sed</strong></span> <span class='ocrx_word' id='word_1_470' title='bbox 1279 5426 1504 5494; x_wconf 86' lang='lat' dir='ltr'><strong>adjecit,</strong></span> <span class='ocrx_word' id='word_1_471' title='bbox 1526 5426 1578 5478; x_wconf 92' lang='lat' dir='ltr'><strong>in</strong></span> <span class='ocrx_word' id='word_1_472' title='bbox 1606 5426 1924 5496; x_wconf 86' lang='lat' dir='ltr'><strong>generatione</strong></span> <span class='ocrx_word' id='word_1_473' title='bbox 1946 5441 2041 5478; x_wconf 88' lang='lat' dir='ltr'><strong>sua</strong></span> 
     </span>
    </p>
   </div>
   <div class='ocr_carea' id='block_1_58' title="bbox 457 5516 2037 5594">
    <p class='ocr_par' dir='ltr' id='par_1_58' title="bbox 457 5516 2037 5594">
     <span class='ocr_line' id='line_1_58' title="bbox 457 5516 2037 5594; baseline -0.006 -15"><span class='ocrx_word' id='word_1_474' title='bbox 457 5525 607 5594; x_wconf 79' lang='lat' dir='ltr'><strong>(Gen.</strong></span> <span class='ocrx_word' id='word_1_475' title='bbox 632 5525 685 5579; x_wconf 88' lang='lat'><strong>6.</strong></span> <span class='ocrx_word' id='word_1_476' title='bbox 711 5523 790 5592; x_wconf 93' lang='lat'><strong>9),</strong></span> <span class='ocrx_word' id='word_1_477' title='bbox 814 5534 1064 5592; x_wconf 86' lang='lat' dir='ltr'><strong>perversa</strong></span> <span class='ocrx_word' id='word_1_478' title='bbox 1095 5519 1296 5573; x_wconf 90' lang='lat' dir='ltr'><strong>scilicet</strong></span> <span class='ocrx_word' id='word_1_479' title='bbox 1323 5527 1374 5572; x_wconf 93' lang='lat' dir='ltr'><strong>et</strong></span> <span class='ocrx_word' id='word_1_480' title='bbox 1397 5517 1694 5586; x_wconf 83' lang='lat' dir='ltr'><strong>tleSperata,</strong></span> <span class='ocrx_word' id='word_1_481' title='bbox 1724 5517 1810 5571; x_wconf 91' lang='lat' dir='ltr'><strong>ubi</strong></span> <span class='ocrx_word' id='word_1_482' title='bbox 1839 5516 2037 5570; x_wconf 89' lang='lat' dir='ltr'><strong>nttllum</strong></span> 
     </span>
    </p>
   </div>
   <div class='ocr_carea' id='block_1_59' title="bbox 459 5607 2041 5678">
    <p class='ocr_par' dir='ltr' id='par_1_59' title="bbox 459 5607 2041 5678">
     <span class='ocr_line' id='line_1_59' title="bbox 459 5607 2041 5678; baseline -0.005 -10"><span class='ocrx_word' id='word_1_483' title='bbox 459 5617 666 5668; x_wconf 85' lang='lat' dir='ltr'><strong>virtutis</strong></span> <span class='ocrx_word' id='word_1_484' title='bbox 685 5613 1062 5668; x_wconf 88' lang='lat' dir='ltr'><strong>commercium</strong></span> <span class='ocrx_word' id='word_1_485' title='bbox 1085 5619 1215 5664; x_wconf 85' lang='lat' dir='ltr'><strong>erat.</strong></span> <span class='ocrx_word' id='word_1_486' title='bbox 1237 5610 1418 5678; x_wconf 74' lang='lat' dir='ltr'><strong>itaque</strong></span> <span class='ocrx_word' id='word_1_487' title='bbox 1443 5609 1508 5664; x_wconf 91' lang='lat' dir='ltr'><strong>ab</strong></span> <span class='ocrx_word' id='word_1_488' title='bbox 1534 5607 1785 5677; x_wconf 85' lang='lat' dir='ltr'><strong>improbis</strong></span> <span class='ocrx_word' id='word_1_489' title='bbox 1813 5607 1864 5662; x_wconf 90' lang='lat' dir='ltr'><strong>id</strong></span> <span class='ocrx_word' id='word_1_490' title='bbox 1887 5607 2041 5660; x_wconf 88' lang='lat' dir='ltr'><strong>bonis</strong></span> 
     </span>
    </p>
   </div>
   <div class='ocr_carea' id='block_1_60' title="bbox 457 5697 2038 5760">
    <p class='ocr_par' dir='ltr' id='par_1_60' title="bbox 457 5697 2038 5760">
     <span class='ocr_line' id='line_1_60' title="bbox 457 5697 2038 5760; baseline -0.005 -1"><span class='ocrx_word' id='word_1_491' title='bbox 457 5704 586 5760; x_wconf 83' lang='lat' dir='ltr'><strong>lucri</strong></span> <span class='ocrx_word' id='word_1_492' title='bbox 635 5704 963 5760; x_wconf 76' lang='lat' dir='ltr'><strong>accedebat:</strong></span> <span class='ocrx_word' id='word_1_493' title='bbox 1006 5701 1082 5756; x_wconf 92' lang='lat' dir='ltr'><strong>sic</strong></span> <span class='ocrx_word' id='word_1_494' title='bbox 1116 5711 1170 5756; x_wconf 90' lang='lat' dir='ltr'><strong>et</strong></span> <span class='ocrx_word' id='word_1_495' title='bbox 1215 5701 1432 5756; x_wconf 89' lang='lat' dir='ltr'><strong>arbores</strong></span> <span class='ocrx_word' id='word_1_496' title='bbox 1473 5714 1502 5754; x_wconf 91' lang='lat' dir='ltr'><strong>a</strong></span> <span class='ocrx_word' id='word_1_497' title='bbox 1550 5699 1829 5754; x_wconf 87' lang='lat' dir='ltr'><strong>contrariis</strong></span> <span class='ocrx_word' id='word_1_498' title='bbox 1866 5697 2038 5752; x_wconf 86' lang='lat' dir='ltr'><strong>ventis</strong></span> 
     </span>
    </p>
   </div>
   <div class='ocr_carea' id='block_1_61' title="bbox 1219 275 3034 351">
    <p class='ocr_par' dir='ltr' id='par_1_61' title="bbox 1219 275 3034 351">
     <span class='ocr_line' id='line_1_61' title="bbox 1219 275 3034 351; baseline 0.012 -23"><span class='ocrx_word' id='word_1_499' title='bbox 1219 275 1277 328; x_wconf 83' lang='lat' dir='ltr'><strong>S.</strong></span> <span class='ocrx_word' id='word_1_500' title='bbox 1318 275 1596 335; x_wconf 77' lang='lat' dir='ltr'><strong>JO.\NNIS</strong></span> <span class='ocrx_word' id='word_1_501' title='bbox 1619 275 2098 334; x_wconf 73' lang='lat' dir='ltr'><strong>CHRYSOSTOMI</strong></span> <span class='ocrx_word' id='word_1_502' title='bbox 2138 282 2457 343; x_wconf 80' lang='lat' dir='ltr'><strong>ARCHIEP.</strong></span> <span class='ocrx_word' id='word_1_503' title='bbox 2499 285 3034 351; x_wconf 72' lang='lat' dir='ltr'><strong>CONSTANTINOP.</strong></span> 
     </span>
    </p>
   </div>
   <div class='ocr_carea' id='block_1_62' title="bbox 3669 300 3780 356">
    <p class='ocr_par' dir='ltr' id='par_1_62' title="bbox 3669 300 3780 356">
     <span class='ocr_line' id='line_1_62' title="bbox 3669 300 3780 356; baseline 0.018 -1"><span class='ocrx_word' id='word_1_504' title='bbox 3669 300 3780 356; x_wconf 62' lang='lat'><strong>266</strong></span> 
     </span>
    </p>
   </div>
   <div class='ocr_carea' id='block_1_63' title="bbox 2197 392 3779 478">
    <p class='ocr_par' dir='ltr' id='par_1_63' title="bbox 2197 392 3779 478">
     <span class='ocr_line' id='line_1_63' title="bbox 2197 392 3779 478; baseline 0.015 -34"><span class='ocrx_word' id='word_1_505' title='bbox 2197 392 2405 461; x_wconf 76' lang='lat' dir='ltr'><strong>agitata:</strong></span> <span class='ocrx_word' id='word_1_506' title='bbox 2435 395 2760 454; x_wconf 87' lang='lat' dir='ltr'><strong>robustiores</strong></span> <span class='ocrx_word' id='word_1_507' title='bbox 2785 400 2932 455; x_wconf 83' lang='lat' dir='ltr'><strong>fiunt.</strong></span> <span class='ocrx_word' id='word_1_508' title='bbox 2959 402 3056 457; x_wconf 88' lang='lat' dir='ltr'><strong>Est</strong></span> <span class='ocrx_word' id='word_1_509' title='bbox 3081 405 3236 460; x_wconf 87' lang='lat' dir='ltr'><strong>etiam</strong></span> <span class='ocrx_word' id='word_1_510' title='bbox 3271 408 3521 478; x_wconf 82' lang='lat' dir='ltr'><strong>improbis</strong></span> <span class='ocrx_word' id='word_1_511' title='bbox 3545 427 3574 466; x_wconf 89' lang='lat' dir='ltr'><strong>a</strong></span> <span class='ocrx_word' id='word_1_512' title='bbox 3607 414 3779 468; x_wconf 88' lang='lat' dir='ltr'><strong>bono—</strong></span> 
     </span>
    </p>
   </div>
   <div class='ocr_carea' id='block_1_64' title="bbox 2192 487 3778 575">
    <p class='ocr_par' dir='ltr' id='par_1_64' title="bbox 2192 487 3778 575">
     <span class='ocr_line' id='line_1_64' title="bbox 2192 487 3778 575; baseline 0.018 -40"><span class='ocrx_word' id='word_1_513' title='bbox 2192 499 2306 536; x_wconf 91' lang='lat' dir='ltr'><strong>rum</strong></span> <span class='ocrx_word' id='word_1_514' title='bbox 2331 487 2598 541; x_wconf 90' lang='lat' dir='ltr'><strong>consortio</strong></span> <span class='ocrx_word' id='word_1_515' title='bbox 2625 488 2822 543; x_wconf 89' lang='lat' dir='ltr'><strong>lucrum</strong></span> <span class='ocrx_word' id='word_1_516' title='bbox 2849 511 2862 545; x_wconf 89' lang='lat'><strong>:</strong></span> <span class='ocrx_word' id='word_1_517' title='bbox 2893 497 3315 554; x_wconf 87' lang='lat' dir='ltr'><strong>verecundantur</strong></span> <span class='ocrx_word' id='word_1_518' title='bbox 3336 519 3541 572; x_wconf 87' lang='lat' dir='ltr'><strong>nempe,</strong></span> <span class='ocrx_word' id='word_1_519' title='bbox 3571 507 3778 575; x_wconf 81' lang='lat' dir='ltr'><strong>pudore</strong></span> 
     </span>
    </p>
   </div>
   <div class='ocr_carea' id='block_1_65' title="bbox 2189 575 3777 655">
    <p class='ocr_par' dir='ltr' id='par_1_65' title="bbox 2189 575 3777 655">
     <span class='ocr_line' id='line_1_65' title="bbox 2189 575 3777 655; baseline 0.018 -28"><span class='ocrx_word' id='word_1_520' title='bbox 2189 575 2495 632; x_wconf 90' lang='lat' dir='ltr'><strong>afliciuntur</strong></span> <span class='ocrx_word' id='word_1_521' title='bbox 2523 589 2576 633; x_wconf 90' lang='lat' dir='ltr'><strong>et</strong></span> <span class='ocrx_word' id='word_1_522' title='bbox 2614 585 2936 638; x_wconf 89' lang='lat' dir='ltr'><strong>erubescunt</strong></span> <span class='ocrx_word' id='word_1_523' title='bbox 2977 587 3045 641; x_wconf 88' lang='lat' dir='ltr'><strong>ab</strong></span> <span class='ocrx_word' id='word_1_524' title='bbox 3084 591 3192 654; x_wconf 87' lang='lat' dir='ltr'><strong>eis;</strong></span> <span class='ocrx_word' id='word_1_525' title='bbox 3223 595 3426 649; x_wconf 92' lang='lat' dir='ltr'><strong>etiamsi</strong></span> <span class='ocrx_word' id='word_1_526' title='bbox 3456 613 3583 652; x_wconf 86' lang='lat' dir='ltr'><strong>vero</strong></span> <span class='ocrx_word' id='word_1_527' title='bbox 3611 615 3642 654; x_wconf 89' lang='lat' dir='ltr'><strong>a</strong></span> <span class='ocrx_word' id='word_1_528' title='bbox 3673 617 3777 655; x_wconf 89' lang='lat' dir='ltr'><strong>ne-</strong></span> 
     </span>
    </p>
   </div>
   <div class='ocr_carea' id='block_1_66' title="bbox 2189 665 3777 747">
    <p class='ocr_par' dir='ltr' id='par_1_66' title="bbox 2189 665 3777 747">
     <span class='ocr_line' id='line_1_66' title="bbox 2189 665 3777 747; baseline 0.019 -31"><span class='ocrx_word' id='word_1_529' title='bbox 2189 665 2350 731; x_wconf 89' lang='lat' dir='ltr'><strong>quitia</strong></span> <span class='ocrx_word' id='word_1_530' title='bbox 2381 683 2486 722; x_wconf 91' lang='lat' dir='ltr'><strong>non</strong></span> <span class='ocrx_word' id='word_1_531' title='bbox 2516 669 2773 725; x_wconf 89' lang='lat' dir='ltr'><strong>absistant</strong></span> <span class='ocrx_word' id='word_1_532' title='bbox 2793 715 2806 738; x_wconf 94' lang='lat'><strong>,</strong></span> <span class='ocrx_word' id='word_1_533' title='bbox 2835 684 3063 732; x_wconf 86' lang='lat' dir='ltr'><strong>attamen</strong></span> <span class='ocrx_word' id='word_1_534' title='bbox 3099 680 3324 738; x_wconf 88' lang='lat' dir='ltr'><strong>latenter</strong></span> <span class='ocrx_word' id='word_1_535' title='bbox 3358 686 3528 740; x_wconf 86' lang='lat' dir='ltr'><strong>solum</strong></span> <span class='ocrx_word' id='word_1_536' title='bbox 3573 692 3777 747; x_wconf 81' lang='lat' dir='ltr'><strong>audent</strong></span> 
     </span>
    </p>
   </div>
   <div class='ocr_carea' id='block_1_67' title="bbox 2188 753 3774 845">
    <p class='ocr_par' dir='ltr' id='par_1_67' title="bbox 2188 753 3774 845">
     <span class='ocr_line' id='line_1_67' title="bbox 2188 753 3774 845; baseline 0.018 -39"><span class='ocrx_word' id='word_1_537' title='bbox 2188 753 2421 812; x_wconf 85' lang='lat' dir='ltr'><strong>facinora</strong></span> <span class='ocrx_word' id='word_1_538' title='bbox 2453 769 2778 828; x_wconf 90' lang='lat' dir='ltr'><strong>perpetrare.</strong></span> <span class='ocrx_word' id='word_1_539' title='bbox 2807 763 2914 820; x_wconf 85' lang='lat' dir='ltr'><strong>Nec</strong></span> <span class='ocrx_word' id='word_1_540' title='bbox 2957 784 3138 836; x_wconf 89' lang='lat' dir='ltr'><strong>parum</strong></span> <span class='ocrx_word' id='word_1_541' title='bbox 3170 783 3250 826; x_wconf 91' lang='lat' dir='ltr'><strong>est</strong></span> <span class='ocrx_word' id='word_1_542' title='bbox 3280 774 3570 845; x_wconf 88' lang='lat' dir='ltr'><strong>iniquitatis</strong></span> <span class='ocrx_word' id='word_1_543' title='bbox 3598 781 3774 834; x_wconf 85' lang='lat' dir='ltr'><strong>auda-</strong></span> 
     </span>
    </p>
   </div>
   <div class='ocr_carea' id='block_1_68' title="bbox 2186 845 3772 939">
    <p class='ocr_par' dir='ltr' id='par_1_68' title="bbox 2186 845 3772 939">
     <span class='ocr_line' id='line_1_68' title="bbox 2186 845 3772 939; baseline 0.018 -41"><span class='ocrx_word' id='word_1_544' title='bbox 2186 845 2322 899; x_wconf 88' lang='lat' dir='ltr'><strong>ciam</strong></span> <span class='ocrx_word' id='word_1_545' title='bbox 2369 849 2478 902; x_wconf 92' lang='lat' dir='ltr'><strong>tolli</strong></span> <span class='ocrx_word' id='word_1_546' title='bbox 2519 867 2532 903; x_wconf 92' lang='lat'>:</span> <span class='ocrx_word' id='word_1_547' title='bbox 2573 852 2794 906; x_wconf 89' lang='lat' dir='ltr'><strong>aliormn</strong></span> <span class='ocrx_word' id='word_1_548' title='bbox 2841 857 3035 926; x_wconf 83' lang='lat' dir='ltr'><strong>quippe</strong></span> <span class='ocrx_word' id='word_1_549' title='bbox 3078 861 3431 921; x_wconf 58' lang='lat' dir='ltr'><strong>vita-illorum</strong></span> <span class='ocrx_word' id='word_1_550' title='bbox 3475 873 3772 939; x_wconf 88' lang='lat' dir='ltr'><strong>nequitiam</strong></span> 
     </span>
    </p>
   </div>
   <div class='ocr_carea' id='block_1_69' title="bbox 2185 936 3773 1025">
    <p class='ocr_par' dir='ltr' id='par_1_69' title="bbox 2185 936 3773 1025">
     <span class='ocr_line' id='line_1_69' title="bbox 2185 936 3773 1025; baseline 0.017 -37"><span class='ocrx_word' id='word_1_551' title='bbox 2185 936 2515 992; x_wconf 87' lang='lat' dir='ltr'><strong>criminatur.</strong></span> <span class='ocrx_word' id='word_1_552' title='bbox 2553 941 2686 994; x_wconf 85' lang='lat' dir='ltr'><strong>Audi</strong></span> <span class='ocrx_word' id='word_1_553' title='bbox 2728 945 2884 1012; x_wconf 85' lang='lat' dir='ltr'><strong>igitur</strong></span> <span class='ocrx_word' id='word_1_554' title='bbox 2908 949 3031 1016; x_wconf 91' lang='lat' dir='ltr'><strong>quid</strong></span> <span class='ocrx_word' id='word_1_555' title='bbox 3063 949 3265 1005; x_wconf 89' lang='lat' dir='ltr'><strong>dicatur</strong></span> <span class='ocrx_word' id='word_1_556' title='bbox 3292 943 3525 1025; x_wconf 50' lang='lat' dir='ltr'><strong>de&#39;justo</strong></span> <span class='ocrx_word' id='word_1_557' title='bbox 3557 936 3773 1015; x_wconf 59' lang='lat' dir='ltr'><strong>illate-</strong></span> 
     </span>
    </p>
   </div>
   <div class='ocr_carea' id='block_1_70' title="bbox 2183 1029 3772 1124">
    <p class='ocr_par' dir='ltr' id='par_1_70' title="bbox 2183 1029 3772 1124">
     <span class='ocr_line' id='line_1_70' title="bbox 2183 1029 3772 1124; baseline 0.02 -45"><span class='ocrx_word' id='word_1_558' title='bbox 2183 1038 2290 1124; x_wconf 75' lang='lat' dir='ltr'><strong>stus</strong></span> <span class='ocrx_word' id='word_1_559' title='bbox 2319 1040 2391 1124; x_wconf 78' lang='lat' dir='ltr'><strong>est</strong></span> <span class='ocrx_word' id='word_1_560' title='bbox 2421 1029 2561 1085; x_wconf 88' lang='lat' dir='ltr'><strong>nobis</strong></span> <span class='ocrx_word' id='word_1_561' title='bbox 2588 1034 2662 1088; x_wconf 84' lang='lat' dir='ltr'><strong>vel</strong></span> <span class='ocrx_word' id='word_1_562' title='bbox 2687 1037 2808 1089; x_wconf 89' lang='lat' dir='ltr'><strong>dum</strong></span> <span class='ocrx_word' id='word_1_563' title='bbox 2835 1043 3136 1109; x_wconf 86' lang='lat' dir='ltr'><strong>conspicitur</strong></span> <span class='ocrx_word' id='word_1_564' title='bbox 3165 1046 3320 1114; x_wconf 84' lang='lat' dir='ltr'><strong>(Sap.</strong></span> <span class='ocrx_word' id='word_1_565' title='bbox 3349 1049 3400 1103; x_wconf 75' lang='grc'><strong>2.</strong></span> <span class='ocrx_word' id='word_1_566' title='bbox 3437 1050 3548 1122; x_wconf 84' lang='grc'><strong>15).</strong></span> <span class='ocrx_word' id='word_1_567' title='bbox 3581 1054 3772 1124; x_wconf 82' lang='lat' dir='ltr'><strong>Neque</strong></span> 
     </span>
    </p>
   </div>
   <div class='ocr_carea' id='block_1_71' title="bbox 2185 1119 3768 1213">
    <p class='ocr_par' dir='ltr' id='par_1_71' title="bbox 2185 1119 3768 1213">
     <span class='ocr_line' id='line_1_71' title="bbox 2185 1119 3768 1213; baseline 0.02 -43"><span class='ocrx_word' id='word_1_568' title='bbox 2185 1119 2234 1172; x_wconf 93' lang='lat' dir='ltr'><strong>id</strong></span> <span class='ocrx_word' id='word_1_569' title='bbox 2266 1121 2538 1175; x_wconf 88' lang='lat' dir='ltr'><strong>minimuttt</strong></span> <span class='ocrx_word' id='word_1_570' title='bbox 2567 1135 2648 1178; x_wconf 89' lang='lat' dir='ltr'><strong>est</strong></span> <span class='ocrx_word' id='word_1_571' title='bbox 2675 1129 3060 1186; x_wconf 87' lang='lat' dir='ltr'><strong>emendationis</strong></span> <span class='ocrx_word' id='word_1_572' title='bbox 3085 1133 3310 1200; x_wconf 91' lang='lat' dir='ltr'><strong>initium,</strong></span> <span class='ocrx_word' id='word_1_573' title='bbox 3339 1155 3457 1195; x_wconf 91' lang='lat' dir='ltr'><strong>cum</strong></span> <span class='ocrx_word' id='word_1_574' title='bbox 3487 1119 3599 1212; x_wconf 81' lang='lat' dir='ltr'><strong>ejus</strong></span> <span class='ocrx_word' id='word_1_575' title='bbox 3627 1119 3768 1213; x_wconf 57' lang='lat' dir='ltr'><strong>prte-</strong></span> 
     </span>
    </p>
   </div>
   <div class='ocr_carea' id='block_1_72' title="bbox 2181 1216 3767 1293">
    <p class='ocr_par' dir='ltr' id='par_1_72' title="bbox 2181 1216 3767 1293">
     <span class='ocr_line' id='line_1_72' title="bbox 2181 1216 3767 1293; baseline 0.018 -29"><span class='ocrx_word' id='word_1_576' title='bbox 2181 1216 2351 1266; x_wconf 90' lang='lat' dir='ltr'><strong>scntia</strong></span> <span class='ocrx_word' id='word_1_577' title='bbox 2383 1223 2695 1284; x_wconf 89' lang='lat' dir='ltr'><strong>torquentur</strong></span> <span class='ocrx_word' id='word_1_578' title='bbox 2727 1238 2737 1272; x_wconf 92' lang='lat'><strong>:</strong></span> <span class='ocrx_word' id='word_1_579' title='bbox 2773 1222 2870 1275; x_wconf 90' lang='lat' dir='ltr'><strong>nisi</strong></span> <span class='ocrx_word' id='word_1_580' title='bbox 2899 1226 3038 1277; x_wconf 91' lang='lat' dir='ltr'><strong>cnim</strong></span> <span class='ocrx_word' id='word_1_581' title='bbox 3068 1227 3144 1280; x_wconf 89' lang='lat' dir='ltr'><strong>eis</strong></span> <span class='ocrx_word' id='word_1_582' title='bbox 3173 1226 3424 1286; x_wconf 85' lang='lat' dir='ltr'><strong>molestus</strong></span> <span class='ocrx_word' id='word_1_583' title='bbox 3453 1249 3591 1290; x_wconf 87' lang='lat' dir='ltr'><strong>esset</strong></span> <span class='ocrx_word' id='word_1_584' title='bbox 3617 1238 3767 1293; x_wconf 88' lang='lat' dir='ltr'><strong>illius</strong></span> 
     </span>
    </p>
   </div>
   <div class='ocr_carea' id='block_1_73' title="bbox 2179 1312 3764 1385">
    <p class='ocr_par' dir='ltr' id='par_1_73' title="bbox 2179 1312 3764 1385">
     <span class='ocr_line' id='line_1_73' title="bbox 2179 1312 3764 1385; baseline 0.018 -28"><span class='ocrx_word' id='word_1_585' title='bbox 2179 1317 2528 1373; x_wconf 86' lang='lat' dir='ltr'><strong>conspectus,</strong></span> <span class='ocrx_word' id='word_1_586' title='bbox 2561 1327 2663 1363; x_wconf 92' lang='lat' dir='ltr'><strong>non</strong></span> <span class='ocrx_word' id='word_1_587' title='bbox 2707 1314 2773 1365; x_wconf 90' lang='lat' dir='ltr'><strong>ita</strong></span> <span class='ocrx_word' id='word_1_588' title='bbox 2815 1312 3172 1384; x_wconf 89' lang='lat' dir='ltr'><strong>loquerentur.</strong></span> <span class='ocrx_word' id='word_1_589' title='bbox 3201 1321 3307 1376; x_wconf 85' lang='lat' dir='ltr'><strong>Nec</strong></span> <span class='ocrx_word' id='word_1_590' title='bbox 3337 1327 3598 1383; x_wconf 90' lang='lat' dir='ltr'><strong>modicum</strong></span> <span class='ocrx_word' id='word_1_591' title='bbox 3629 1329 3764 1385; x_wconf 85' lang='lat' dir='ltr'><strong>illud</strong></span> 
     </span>
    </p>
   </div>
   <div class='ocr_carea' id='block_1_74' title="bbox 2179 1395 3764 1476">
    <p class='ocr_par' dir='ltr' id='par_1_74' title="bbox 2179 1395 3764 1476">
     <span class='ocr_line' id='line_1_74' title="bbox 2179 1395 3764 1476; baseline 0.017 -28"><span class='ocrx_word' id='word_1_592' title='bbox 2179 1395 2613 1464; x_wconf 87' lang='lat' dir='ltr'><strong>impedimentum</strong></span> <span class='ocrx_word' id='word_1_593' title='bbox 2660 1409 2778 1467; x_wconf 85' lang='lat' dir='ltr'><strong>est,</strong></span> <span class='ocrx_word' id='word_1_594' title='bbox 2827 1422 2932 1474; x_wconf 91' lang='lat' dir='ltr'><strong>quo</strong></span> <span class='ocrx_word' id='word_1_595' title='bbox 2983 1410 3158 1464; x_wconf 91' lang='lat' dir='ltr'><strong>minus</strong></span> <span class='ocrx_word' id='word_1_596' title='bbox 3205 1415 3398 1467; x_wconf 83' lang='lat' dir='ltr'><strong>malitia</strong></span> <span class='ocrx_word' id='word_1_597' title='bbox 3445 1434 3538 1471; x_wconf 84' lang='lat' dir='ltr'><strong>sua</strong></span> <span class='ocrx_word' id='word_1_598' title='bbox 3587 1419 3764 1476; x_wconf 85' lang='lat' dir='ltr'><strong>libere</strong></span> 
     </span>
    </p>
   </div>
   <div class='ocr_carea' id='block_1_75' title="bbox 2179 1492 3758 1578">
    <p class='ocr_par' dir='ltr' id='par_1_75' title="bbox 2179 1492 3758 1578">
     <span class='ocr_line' id='line_1_75' title="bbox 2179 1492 3758 1578; baseline 0.017 -39"><span class='ocrx_word' id='word_1_599' title='bbox 2179 1497 2410 1578; x_wconf 86' lang='lat' dir='ltr'><strong>utantur.</strong></span> <span class='ocrx_word' id='word_1_600' title='bbox 2441 1492 2622 1546; x_wconf 85' lang='lat' dir='ltr'><strong>Vidisti</strong></span> <span class='ocrx_word' id='word_1_601' title='bbox 2652 1507 2903 1564; x_wconf 91' lang='lat' dir='ltr'><strong>quantum</strong></span> <span class='ocrx_word' id='word_1_602' title='bbox 2931 1499 3134 1554; x_wconf 91' lang='lat' dir='ltr'><strong>lucrum</strong></span> <span class='ocrx_word' id='word_1_603' title='bbox 3165 1505 3315 1559; x_wconf 86' lang='lat' dir='ltr'><strong>bonis</strong></span> <span class='ocrx_word' id='word_1_604' title='bbox 3344 1522 3437 1576; x_wconf 76' lang='lat' dir='ltr'><strong>per</strong></span> <span class='ocrx_word' id='word_1_605' title='bbox 3465 1510 3758 1578; x_wconf 85' lang='lat' dir='ltr'><strong>improbos.</strong></span> 
     </span>
    </p>
   </div>
   <div class='ocr_carea' id='block_1_76' title="bbox 2178 1577 3760 1668">
    <p class='ocr_par' dir='ltr' id='par_1_76' title="bbox 2178 1577 3760 1668">
     <span class='ocr_line' id='line_1_76' title="bbox 2178 1577 3760 1668; baseline 0.018 -39"><span class='ocrx_word' id='word_1_606' title='bbox 2178 1577 2430 1648; x_wconf 91' lang='lat' dir='ltr'><strong>improbis</strong></span> <span class='ocrx_word' id='word_1_607' title='bbox 2468 1599 2560 1650; x_wconf 89' lang='lat' dir='ltr'><strong>per</strong></span> <span class='ocrx_word' id='word_1_608' title='bbox 2599 1585 2764 1640; x_wconf 91' lang='lat' dir='ltr'><strong>bonos</strong></span> <span class='ocrx_word' id='word_1_609' title='bbox 2794 1589 3044 1642; x_wconf 82' lang='lat' dir='ltr'><strong>accedat?</strong></span> <span class='ocrx_word' id='word_1_610' title='bbox 3077 1592 3195 1646; x_wconf 90' lang='lat' dir='ltr'><strong>ideo</strong></span> <span class='ocrx_word' id='word_1_611' title='bbox 3230 1611 3333 1648; x_wconf 91' lang='lat' dir='ltr'><strong>non</strong></span> <span class='ocrx_word' id='word_1_612' title='bbox 3373 1577 3635 1668; x_wconf 82' lang='lat' dir='ltr'><strong>separavit</strong></span> <span class='ocrx_word' id='word_1_613' title='bbox 3661 1618 3760 1657; x_wconf 88' lang='lat' dir='ltr'><strong>eos</strong></span> 
     </span>
    </p>
   </div>
   <div class='ocr_carea' id='block_1_77' title="bbox 2176 1668 3054 1748">
    <p class='ocr_par' dir='ltr' id='par_1_77' title="bbox 2176 1668 3054 1748">
     <span class='ocr_line' id='line_1_77' title="bbox 2176 1668 3054 1748; baseline 0.014 -28"><span class='ocrx_word' id='word_1_614' title='bbox 2176 1668 2332 1733; x_wconf 90' lang='lat' dir='ltr'><strong>Deus,</strong></span> <span class='ocrx_word' id='word_1_615' title='bbox 2361 1671 2451 1724; x_wconf 85' lang='lat' dir='ltr'><strong>sed</strong></span> <span class='ocrx_word' id='word_1_616' title='bbox 2484 1676 2799 1729; x_wconf 84' lang='lat' dir='ltr'><strong>commixtos</strong></span> <span class='ocrx_word' id='word_1_617' title='bbox 2829 1676 3054 1748; x_wconf 86' lang='lat' dir='ltr'><strong>reliquit.</strong></span> 
     </span>
    </p>
   </div>
   <div class='ocr_carea' id='block_1_78' title="bbox 2242 1762 3757 1850">
    <p class='ocr_par' dir='ltr' id='par_1_78' title="bbox 2242 1762 3757 1850">
     <span class='ocr_line' id='line_1_78' title="bbox 2242 1762 3757 1850; baseline 0.015 -35"><span class='ocrx_word' id='word_1_618' title='bbox 2242 1763 2295 1815; x_wconf 75' lang='grc'><strong>2.</strong></span> <span class='ocrx_word' id='word_1_619' title='bbox 2339 1762 2439 1816; x_wconf 85' lang='lat' dir='ltr'><strong>Cur</strong></span> <span class='ocrx_word' id='word_1_620' title='bbox 2473 1766 2701 1821; x_wconf 83' lang='lat' dir='ltr'><strong>diabolus</strong></span> <span class='ocrx_word' id='word_1_621' title='bbox 2741 1768 3068 1840; x_wconf 82' lang='lat' dir='ltr'><strong>relinquatur.</strong></span> <span class='ocrx_word' id='word_1_622' title='bbox 3097 1804 3168 1812; x_wconf 97' lang='lat'><strong>—</strong></span> <span class='ocrx_word' id='word_1_623' title='bbox 3209 1775 3346 1830; x_wconf 80' lang='lat' dir='ltr'><strong>Idem</strong></span> <span class='ocrx_word' id='word_1_624' title='bbox 3394 1778 3568 1850; x_wconf 84' lang='lat' dir='ltr'><strong>itaque</strong></span> <span class='ocrx_word' id='word_1_625' title='bbox 3599 1783 3757 1838; x_wconf 90' lang='lat' dir='ltr'><strong>nobis</strong></span> 
     </span>
    </p>
   </div>
   <div class='ocr_carea' id='block_1_79' title="bbox 2173 1855 3755 1931">
    <p class='ocr_par' dir='ltr' id='par_1_79' title="bbox 2173 1855 3755 1931">
     <span class='ocr_line' id='line_1_79' title="bbox 2173 1855 3755 1931; baseline 0.016 -25"><span class='ocrx_word' id='word_1_626' title='bbox 2173 1855 2329 1907; x_wconf 90' lang='lat' dir='ltr'><strong>etiam</strong></span> <span class='ocrx_word' id='word_1_627' title='bbox 2361 1856 2426 1910; x_wconf 90' lang='lat' dir='ltr'><strong>de</strong></span> <span class='ocrx_word' id='word_1_628' title='bbox 2452 1857 2660 1911; x_wconf 86' lang='lat' dir='ltr'><strong>diabolo</strong></span> <span class='ocrx_word' id='word_1_629' title='bbox 2690 1861 2755 1914; x_wconf 87' lang='lat' dir='ltr'><strong>sit</strong></span> <span class='ocrx_word' id='word_1_630' title='bbox 2789 1879 2982 1916; x_wconf 87' lang='lat' dir='ltr'><strong>sermo.</strong></span> <span class='ocrx_word' id='word_1_631' title='bbox 3020 1865 3140 1918; x_wconf 84' lang='lat' dir='ltr'><strong>Ideo</strong></span> <span class='ocrx_word' id='word_1_632' title='bbox 3171 1869 3309 1921; x_wconf 90' lang='lat' dir='ltr'><strong>enim</strong></span> <span class='ocrx_word' id='word_1_633' title='bbox 3348 1871 3493 1926; x_wconf 90' lang='lat' dir='ltr'><strong>illum</strong></span> <span class='ocrx_word' id='word_1_634' title='bbox 3525 1874 3606 1928; x_wconf 86' lang='lat' dir='ltr'><strong>hic</strong></span> <span class='ocrx_word' id='word_1_635' title='bbox 3631 1890 3755 1931; x_wconf 81' lang='lat' dir='ltr'><strong>esse</strong></span> 
     </span>
    </p>
   </div>
   <div class='ocr_carea' id='block_1_80' title="bbox 2170 1948 3749 2028">
    <p class='ocr_par' dir='ltr' id='par_1_80' title="bbox 2170 1948 3749 2028">
     <span class='ocr_line' id='line_1_80' title="bbox 2170 1948 3749 2028; baseline 0.016 -31"><span class='ocrx_word' id='word_1_636' title='bbox 2170 1948 2310 2009; x_wconf 89' lang='lat' dir='ltr'><strong>sivit,</strong></span> <span class='ocrx_word' id='word_1_637' title='bbox 2335 1958 2389 2001; x_wconf 91' lang='lat' dir='ltr'><strong>ut</strong></span> <span class='ocrx_word' id='word_1_638' title='bbox 2412 1957 2460 2003; x_wconf 91' lang='lat' dir='ltr'><strong>te</strong></span> <span class='ocrx_word' id='word_1_639' title='bbox 2485 1950 2753 2006; x_wconf 89' lang='lat' dir='ltr'><strong>fortiorem</strong></span> <span class='ocrx_word' id='word_1_640' title='bbox 2777 1956 3042 2023; x_wconf 85' lang='lat' dir='ltr'><strong>redderet,</strong></span> <span class='ocrx_word' id='word_1_641' title='bbox 3073 1967 3129 2012; x_wconf 88' lang='lat' dir='ltr'><strong>ttt</strong></span> <span class='ocrx_word' id='word_1_642' title='bbox 3149 1962 3552 2028; x_wconf 85' lang='lat' dir='ltr'><strong>splendidiorem</strong></span> <span class='ocrx_word' id='word_1_643' title='bbox 3576 1965 3749 2023; x_wconf 87' lang='lat' dir='ltr'><strong>athle-</strong></span> 
     </span>
    </p>
   </div>
   <div class='ocr_carea' id='block_1_81' title="bbox 2173 2037 3756 2128">
    <p class='ocr_par' dir='ltr' id='par_1_81' title="bbox 2173 2037 3756 2128">
     <span class='ocr_line' id='line_1_81' title="bbox 2173 2037 3756 2128; baseline 0.017 -41"><span class='ocrx_word' id='word_1_644' title='bbox 2173 2045 2276 2128; x_wconf 82' lang='lat' dir='ltr'><strong>tam</strong></span> <span class='ocrx_word' id='word_1_645' title='bbox 2308 2037 2523 2104; x_wconf 89' lang='lat' dir='ltr'><strong>faceret,</strong></span> <span class='ocrx_word' id='word_1_646' title='bbox 2549 2052 2603 2095; x_wconf 93' lang='lat' dir='ltr'><strong>ut</strong></span> <span class='ocrx_word' id='word_1_647' title='bbox 2625 2046 2821 2113; x_wconf 86' lang='lat' dir='ltr'><strong>majora</strong></span> <span class='ocrx_word' id='word_1_648' title='bbox 2847 2045 3019 2101; x_wconf 90' lang='lat' dir='ltr'><strong>forent</strong></span> <span class='ocrx_word' id='word_1_649' title='bbox 3039 2053 3346 2110; x_wconf 79' lang='lat' dir='ltr'><strong>certamina.</strong></span> <span class='ocrx_word' id='word_1_650' title='bbox 3375 2055 3427 2108; x_wconf 93' lang='lat' dir='ltr'><strong>Si</strong></span> <span class='ocrx_word' id='word_1_651' title='bbox 3455 2057 3570 2126; x_wconf 92' lang='lat' dir='ltr'><strong>quis</strong></span> <span class='ocrx_word' id='word_1_652' title='bbox 3595 2058 3756 2128; x_wconf 82' lang='lat' dir='ltr'><strong>igitur</strong></span> 
     </span>
    </p>
   </div>
   <div class='ocr_carea' id='block_1_82' title="bbox 2169 2127 3747 2216">
    <p class='ocr_par' dir='ltr' id='par_1_82' title="bbox 2169 2127 3747 2216">
     <span class='ocr_line' id='line_1_82' title="bbox 2169 2127 3747 2216; baseline 0.016 -37"><span class='ocrx_word' id='word_1_653' title='bbox 2169 2127 2329 2193; x_wconf 88' lang='lat' dir='ltr'><strong>dicat,</strong></span> <span class='ocrx_word' id='word_1_654' title='bbox 2354 2130 2459 2183; x_wconf 85' lang='lat' dir='ltr'><strong>Cur</strong></span> <span class='ocrx_word' id='word_1_655' title='bbox 2482 2132 2748 2187; x_wconf 89' lang='lat' dir='ltr'><strong>diabolmu</strong></span> <span class='ocrx_word' id='word_1_656' title='bbox 2778 2137 2988 2207; x_wconf 87' lang='lat' dir='ltr'><strong>reliquit</strong></span> <span class='ocrx_word' id='word_1_657' title='bbox 3016 2140 3192 2194; x_wconf 89' lang='lat' dir='ltr'><strong>Deus?</strong></span> <span class='ocrx_word' id='word_1_658' title='bbox 3223 2142 3340 2198; x_wconf 70' lang='lat' dir='ltr'><strong>hazc</strong></span> <span class='ocrx_word' id='word_1_659' title='bbox 3368 2146 3440 2198; x_wconf 93' lang='lat' dir='ltr'><strong>illi</strong></span> <span class='ocrx_word' id='word_1_660' title='bbox 3467 2127 3747 2216; x_wconf 85' lang='lat' dir='ltr'><strong>responde.</strong></span> 
     </span>
    </p>
   </div>
   <div class='ocr_carea' id='block_1_83' title="bbox 2169 2219 3747 2299">
    <p class='ocr_par' dir='ltr' id='par_1_83' title="bbox 2169 2219 3747 2299">
     <span class='ocr_line' id='line_1_83' title="bbox 2169 2219 3747 2299; baseline 0.016 -30"><span class='ocrx_word' id='word_1_661' title='bbox 2169 2219 2298 2284; x_wconf 83' lang='lat' dir='ltr'><strong>Quia</strong></span> <span class='ocrx_word' id='word_1_662' title='bbox 2332 2220 2394 2274; x_wconf 92' lang='lat' dir='ltr'><strong>iis</strong></span> <span class='ocrx_word' id='word_1_663' title='bbox 2421 2223 2508 2290; x_wconf 90' lang='lat' dir='ltr'><strong>qui</strong></span> <span class='ocrx_word' id='word_1_664' title='bbox 2538 2223 2750 2292; x_wconf 88' lang='lat' dir='ltr'><strong>vigilant</strong></span> <span class='ocrx_word' id='word_1_665' title='bbox 2777 2235 2830 2279; x_wconf 90' lang='lat' dir='ltr'><strong>ct</strong></span> <span class='ocrx_word' id='word_1_666' title='bbox 2859 2228 2956 2281; x_wconf 89' lang='lat' dir='ltr'><strong>sibi</strong></span> <span class='ocrx_word' id='word_1_667' title='bbox 2985 2231 3283 2299; x_wconf 90' lang='lat' dir='ltr'><strong>attendunt,</strong></span> <span class='ocrx_word' id='word_1_668' title='bbox 3309 2250 3410 2289; x_wconf 92' lang='lat' dir='ltr'><strong>non</strong></span> <span class='ocrx_word' id='word_1_669' title='bbox 3439 2239 3595 2291; x_wconf 90' lang='lat' dir='ltr'><strong>modo</strong></span> <span class='ocrx_word' id='word_1_670' title='bbox 3616 2240 3747 2294; x_wconf 90' lang='lat' dir='ltr'><strong>nihil</strong></span> 
     </span>
    </p>
   </div>
   <div class='ocr_carea' id='block_1_84' title="bbox 2170 2313 3746 2398">
    <p class='ocr_par' dir='ltr' id='par_1_84' title="bbox 2170 2313 3746 2398">
     <span class='ocr_line' id='line_1_84' title="bbox 2170 2313 3746 2398; baseline 0.015 -38"><span class='ocrx_word' id='word_1_671' title='bbox 2170 2319 2323 2362; x_wconf 89' lang='lat' dir='ltr'><strong>nocet</strong></span> <span class='ocrx_word' id='word_1_672' title='bbox 2345 2352 2358 2373; x_wconf 91' lang='lat'><strong>,</strong></span> <span class='ocrx_word' id='word_1_673' title='bbox 2396 2316 2488 2364; x_wconf 89' lang='lat' dir='ltr'><strong>sed</strong></span> <span class='ocrx_word' id='word_1_674' title='bbox 2531 2313 2688 2366; x_wconf 90' lang='lat' dir='ltr'><strong>etiam</strong></span> <span class='ocrx_word' id='word_1_675' title='bbox 2735 2316 2876 2370; x_wconf 90' lang='lat' dir='ltr'><strong>utilis</strong></span> <span class='ocrx_word' id='word_1_676' title='bbox 2915 2327 3032 2382; x_wconf 89' lang='lat' dir='ltr'><strong>est,</strong></span> <span class='ocrx_word' id='word_1_677' title='bbox 3067 2336 3171 2374; x_wconf 92' lang='lat' dir='ltr'><strong>non</strong></span> <span class='ocrx_word' id='word_1_678' title='bbox 3200 2323 3417 2378; x_wconf 89' lang='lat' dir='ltr'><strong>arbitrio</strong></span> <span class='ocrx_word' id='word_1_679' title='bbox 3442 2341 3540 2380; x_wconf 89' lang='lat' dir='ltr'><strong>suo</strong></span> <span class='ocrx_word' id='word_1_680' title='bbox 3563 2369 3576 2390; x_wconf 95' lang='lat'><strong>,</strong></span> <span class='ocrx_word' id='word_1_681' title='bbox 3604 2329 3746 2398; x_wconf 84' lang='lat' dir='ltr'><strong>quod</strong></span> 
     </span>
    </p>
   </div>
   <div class='ocr_carea' id='block_1_85' title="bbox 2167 2401 3747 2486">
    <p class='ocr_par' dir='ltr' id='par_1_85' title="bbox 2167 2401 3747 2486">
     <span class='ocr_line' id='line_1_85' title="bbox 2167 2401 3747 2486; baseline 0.016 -35"><span class='ocrx_word' id='word_1_682' title='bbox 2167 2401 2361 2454; x_wconf 91' lang='lat' dir='ltr'><strong>malum</strong></span> <span class='ocrx_word' id='word_1_683' title='bbox 2390 2415 2503 2464; x_wconf 89' lang='lat' dir='ltr'><strong>est,</strong></span> <span class='ocrx_word' id='word_1_684' title='bbox 2533 2405 2624 2458; x_wconf 90' lang='lat' dir='ltr'><strong>sed</strong></span> <span class='ocrx_word' id='word_1_685' title='bbox 2666 2407 2875 2462; x_wconf 91' lang='lat' dir='ltr'><strong>illorum</strong></span> <span class='ocrx_word' id='word_1_686' title='bbox 2919 2411 3249 2478; x_wconf 88' lang='lat' dir='ltr'><strong>fortitudine,</strong></span> <span class='ocrx_word' id='word_1_687' title='bbox 3281 2419 3369 2484; x_wconf 90' lang='lat' dir='ltr'><strong>qui</strong></span> <span class='ocrx_word' id='word_1_688' title='bbox 3401 2418 3513 2486; x_wconf 92' lang='lat' dir='ltr'><strong>ejus</strong></span> <span class='ocrx_word' id='word_1_689' title='bbox 3551 2422 3747 2477; x_wconf 79' lang='lat' dir='ltr'><strong>malitia</strong></span> 
     </span>
    </p>
   </div>
   <div class='ocr_carea' id='block_1_86' title="bbox 2167 2501 3743 2577">
    <p class='ocr_par' dir='ltr' id='par_1_86' title="bbox 2167 2501 3743 2577">
     <span class='ocr_line' id='line_1_86' title="bbox 2167 2501 3743 2577; baseline 0.014 -33"><span class='ocrx_word' id='word_1_690' title='bbox 2167 2501 2221 2545; x_wconf 92' lang='lat' dir='ltr'><strong>ut</strong></span> <span class='ocrx_word' id='word_1_691' title='bbox 2252 2510 2344 2560; x_wconf 89' lang='lat' dir='ltr'><strong>par</strong></span> <span class='ocrx_word' id='word_1_692' title='bbox 2369 2505 2452 2549; x_wconf 90' lang='lat' dir='ltr'><strong>est</strong></span> <span class='ocrx_word' id='word_1_693' title='bbox 2479 2506 2712 2552; x_wconf 92' lang='lat' dir='ltr'><strong>utuntur.</strong></span> <span class='ocrx_word' id='word_1_694' title='bbox 2750 2501 3019 2570; x_wconf 81' lang='lat' dir='ltr'><strong>Siquidem</strong></span> <span class='ocrx_word' id='word_1_695' title='bbox 3057 2515 3111 2558; x_wconf 89' lang='lat' dir='ltr'><strong>et</strong></span> <span class='ocrx_word' id='word_1_696' title='bbox 3150 2521 3268 2559; x_wconf 92' lang='lat' dir='ltr'><strong>cum</strong></span> <span class='ocrx_word' id='word_1_697' title='bbox 3307 2507 3440 2561; x_wconf 85' lang='lat' dir='ltr'><strong>Jobo</strong></span> <span class='ocrx_word' id='word_1_698' title='bbox 3474 2511 3743 2577; x_wconf 79' lang='lat' dir='ltr'><strong>conﬂixit,</strong></span> 
     </span>
    </p>
   </div>
   <div class='ocr_carea' id='block_1_87' title="bbox 2166 2588 3740 2670">
    <p class='ocr_par' dir='ltr' id='par_1_87' title="bbox 2166 2588 3740 2670">
     <span class='ocr_line' id='line_1_87' title="bbox 2166 2588 3740 2670; baseline 0.012 -33"><span class='ocrx_word' id='word_1_699' title='bbox 2166 2601 2270 2638; x_wconf 92' lang='lat' dir='ltr'><strong>non</strong></span> <span class='ocrx_word' id='word_1_700' title='bbox 2301 2596 2357 2639; x_wconf 92' lang='lat' dir='ltr'><strong>ut</strong></span> <span class='ocrx_word' id='word_1_701' title='bbox 2383 2588 2525 2642; x_wconf 89' lang='lat' dir='ltr'><strong>illum</strong></span> <span class='ocrx_word' id='word_1_702' title='bbox 2552 2591 2830 2646; x_wconf 89' lang='lat' dir='ltr'><strong>clariorem</strong></span> <span class='ocrx_word' id='word_1_703' title='bbox 2859 2595 3126 2661; x_wconf 89' lang='lat' dir='ltr'><strong>redderet,</strong></span> <span class='ocrx_word' id='word_1_704' title='bbox 3151 2599 3243 2652; x_wconf 91' lang='lat' dir='ltr'><strong>sed</strong></span> <span class='ocrx_word' id='word_1_705' title='bbox 3269 2609 3322 2652; x_wconf 90' lang='lat' dir='ltr'><strong>ut</strong></span> <span class='ocrx_word' id='word_1_706' title='bbox 3344 2602 3740 2670; x_wconf 84' lang='lat' dir='ltr'><strong>supplantaret:</strong></span> 
     </span>
    </p>
   </div>
   <div class='ocr_carea' id='block_1_88' title="bbox 2163 2674 3742 2760">
    <p class='ocr_par' dir='ltr' id='par_1_88' title="bbox 2163 2674 3742 2760">
     <span class='ocr_line' id='line_1_88' title="bbox 2163 2674 3742 2760; baseline 0.012 -32"><span class='ocrx_word' id='word_1_707' title='bbox 2163 2674 2390 2745; x_wconf 89' lang='lat' dir='ltr'><strong>ideoque</strong></span> <span class='ocrx_word' id='word_1_708' title='bbox 2419 2680 2586 2734; x_wconf 92' lang='lat' dir='ltr'><strong>malus</strong></span> <span class='ocrx_word' id='word_1_709' title='bbox 2615 2693 2726 2747; x_wconf 88' lang='lat' dir='ltr'><strong>est,</strong></span> <span class='ocrx_word' id='word_1_710' title='bbox 2759 2683 2899 2751; x_wconf 91' lang='lat' dir='ltr'><strong>quod</strong></span> <span class='ocrx_word' id='word_1_711' title='bbox 2928 2687 3016 2739; x_wconf 92' lang='lat' dir='ltr'><strong>tali</strong></span> <span class='ocrx_word' id='word_1_712' title='bbox 3056 2686 3124 2740; x_wconf 91' lang='lat' dir='ltr'><strong>sit</strong></span> <span class='ocrx_word' id='word_1_713' title='bbox 3167 2692 3438 2760; x_wconf 79' lang='lat' dir='ltr'><strong>proposito</strong></span> <span class='ocrx_word' id='word_1_714' title='bbox 3463 2707 3524 2745; x_wconf 90' lang='lat' dir='ltr'><strong>ac</strong></span> <span class='ocrx_word' id='word_1_715' title='bbox 3553 2693 3742 2747; x_wconf 86' lang='lat' dir='ltr'><strong>volun-</strong></span> 
     </span>
    </p>
   </div>
   <div class='ocr_carea' id='block_1_89' title="bbox 2165 2774 3742 2852">
    <p class='ocr_par' dir='ltr' id='par_1_89' title="bbox 2165 2774 3742 2852">
     <span class='ocr_line' id='line_1_89' title="bbox 2165 2774 3742 2852; baseline 0.014 -34"><span class='ocrx_word' id='word_1_716' title='bbox 2165 2777 2306 2832; x_wconf 89' lang='lat' dir='ltr'><strong>tate;</strong></span> <span class='ocrx_word' id='word_1_717' title='bbox 2344 2777 2574 2824; x_wconf 89' lang='lat' dir='ltr'><strong>attamen</strong></span> <span class='ocrx_word' id='word_1_718' title='bbox 2624 2774 2751 2827; x_wconf 88' lang='lat' dir='ltr'><strong>nihil</strong></span> <span class='ocrx_word' id='word_1_719' title='bbox 2789 2775 2988 2840; x_wconf 93' lang='lat' dir='ltr'><strong>justum</strong></span> <span class='ocrx_word' id='word_1_720' title='bbox 3020 2778 3150 2832; x_wconf 73' lang='lat' dir='ltr'><strong>lznsit</strong></span> <span class='ocrx_word' id='word_1_721' title='bbox 3171 2821 3186 2844; x_wconf 93' lang='lat'><strong>,</strong></span> <span class='ocrx_word' id='word_1_722' title='bbox 3219 2782 3312 2834; x_wconf 88' lang='lat' dir='ltr'><strong>sed</strong></span> <span class='ocrx_word' id='word_1_723' title='bbox 3345 2783 3428 2836; x_wconf 93' lang='lat' dir='ltr'><strong>hic</strong></span> <span class='ocrx_word' id='word_1_724' title='bbox 3460 2786 3631 2852; x_wconf 91' lang='lat' dir='ltr'><strong>potius</strong></span> <span class='ocrx_word' id='word_1_725' title='bbox 3659 2786 3742 2839; x_wconf 83' lang='lat' dir='ltr'><strong>lu-</strong></span> 
     </span>
    </p>
   </div>
   <div class='ocr_carea' id='block_1_90' title="bbox 2161 2862 3737 2940">
    <p class='ocr_par' dir='ltr' id='par_1_90' title="bbox 2161 2862 3737 2940">
     <span class='ocr_line' id='line_1_90' title="bbox 2161 2862 3737 2940; baseline 0.013 -30"><span class='ocrx_word' id='word_1_726' title='bbox 2161 2873 2308 2912; x_wconf 92' lang='lat' dir='ltr'><strong>crum</strong></span> <span class='ocrx_word' id='word_1_727' title='bbox 2349 2876 2414 2914; x_wconf 82' lang='lat' dir='ltr'><strong>ex</strong></span> <span class='ocrx_word' id='word_1_728' title='bbox 2446 2862 2536 2916; x_wconf 89' lang='lat' dir='ltr'><strong>tali</strong></span> <span class='ocrx_word' id='word_1_729' title='bbox 2579 2878 2749 2932; x_wconf 84' lang='lat' dir='ltr'><strong>pugna</strong></span> <span class='ocrx_word' id='word_1_730' title='bbox 2791 2870 3108 2935; x_wconf 87' lang='lat' dir='ltr'><strong>reportavit,</strong></span> <span class='ocrx_word' id='word_1_731' title='bbox 3141 2880 3199 2923; x_wconf 94' lang='lat' dir='ltr'><strong>ut</strong></span> <span class='ocrx_word' id='word_1_732' title='bbox 3224 2871 3333 2940; x_wconf 85' lang='lat' dir='ltr'><strong>jam</strong></span> <span class='ocrx_word' id='word_1_733' title='bbox 3364 2875 3694 2930; x_wconf 87' lang='lat' dir='ltr'><strong>ostendimus</strong></span> <span class='ocrx_word' id='word_1_734' title='bbox 3723 2894 3737 2930; x_wconf 92' lang='lat'>:</span> 
     </span>
    </p>
   </div>
   <div class='ocr_carea' id='block_1_91' title="bbox 2160 2952 3739 3028">
    <p class='ocr_par' dir='ltr' id='par_1_91' title="bbox 2160 2952 3739 3028">
     <span class='ocr_line' id='line_1_91' title="bbox 2160 2952 3739 3028; baseline 0.011 -25"><span class='ocrx_word' id='word_1_735' title='bbox 2160 2959 2320 3020; x_wconf 88' lang='lat' dir='ltr'><strong>atque</strong></span> <span class='ocrx_word' id='word_1_736' title='bbox 2364 2952 2572 3008; x_wconf 71' lang='lat' dir='ltr'><strong>daemon</strong></span> <span class='ocrx_word' id='word_1_737' title='bbox 2624 2957 2951 3026; x_wconf 88' lang='lat' dir='ltr'><strong>nequitiam,</strong></span> <span class='ocrx_word' id='word_1_738' title='bbox 2993 2959 3166 3028; x_wconf 91' lang='lat' dir='ltr'><strong>justus</strong></span> <span class='ocrx_word' id='word_1_739' title='bbox 3213 2978 3339 3016; x_wconf 89' lang='lat' dir='ltr'><strong>vero</strong></span> <span class='ocrx_word' id='word_1_740' title='bbox 3383 2963 3739 3022; x_wconf 87' lang='lat' dir='ltr'><strong>fortitudinem</strong></span> 
     </span>
    </p>
   </div>
   <div class='ocr_carea' id='block_1_92' title="bbox 2161 3043 3738 3123">
    <p class='ocr_par' dir='ltr' id='par_1_92' title="bbox 2161 3043 3738 3123">
     <span class='ocr_line' id='line_1_92' title="bbox 2161 3043 3738 3123; baseline 0.011 -27"><span class='ocrx_word' id='word_1_741' title='bbox 2161 3043 2418 3098; x_wconf 78' lang='lat' dir='ltr'><strong>exhibuit.</strong></span> <span class='ocrx_word' id='word_1_742' title='bbox 2457 3048 2521 3099; x_wconf 86' lang='lat' dir='ltr'><strong>At</strong></span> <span class='ocrx_word' id='word_1_743' title='bbox 2560 3051 2753 3102; x_wconf 88' lang='lat' dir='ltr'><strong>multos</strong></span> <span class='ocrx_word' id='word_1_744' title='bbox 2783 3052 3118 3118; x_wconf 84' lang='lat' dir='ltr'><strong>supplantat,</strong></span> <span class='ocrx_word' id='word_1_745' title='bbox 3150 3053 3354 3123; x_wconf 92' lang='lat' dir='ltr'><strong>inquies</strong></span> <span class='ocrx_word' id='word_1_746' title='bbox 3383 3073 3397 3110; x_wconf 92' lang='lat'>:</span> <span class='ocrx_word' id='word_1_747' title='bbox 3426 3057 3497 3109; x_wconf 92' lang='lat' dir='ltr'><strong>ob</strong></span> <span class='ocrx_word' id='word_1_748' title='bbox 3535 3058 3738 3113; x_wconf 88' lang='lat' dir='ltr'><strong>illorum</strong></span> 
     </span>
    </p>
   </div>
   <div class='ocr_carea' id='block_1_93' title="bbox 2159 3134 3740 3218">
    <p class='ocr_par' dir='ltr' id='par_1_93' title="bbox 2159 3134 3740 3218">
     <span class='ocr_line' id='line_1_93' title="bbox 2159 3134 3740 3218; baseline 0.013 -34"><span class='ocrx_word' id='word_1_749' title='bbox 2159 3134 2362 3188; x_wconf 72' lang='lat' dir='ltr'><strong>scilicet</strong></span> <span class='ocrx_word' id='word_1_750' title='bbox 2405 3135 2799 3202; x_wconf 84' lang='lat' dir='ltr'><strong>infirmitatem,</strong></span> <span class='ocrx_word' id='word_1_751' title='bbox 2847 3156 2950 3194; x_wconf 91' lang='lat' dir='ltr'><strong>non</strong></span> <span class='ocrx_word' id='word_1_752' title='bbox 2996 3151 3168 3197; x_wconf 91' lang='lat' dir='ltr'><strong>autem</strong></span> <span class='ocrx_word' id='word_1_753' title='bbox 3208 3143 3403 3198; x_wconf 91' lang='lat' dir='ltr'><strong>virtute</strong></span> <span class='ocrx_word' id='word_1_754' title='bbox 3437 3161 3566 3212; x_wconf 87' lang='lat' dir='ltr'><strong>sua,</strong></span> <span class='ocrx_word' id='word_1_755' title='bbox 3602 3150 3740 3218; x_wconf 87' lang='lat' dir='ltr'><strong>quod</strong></span> 
     </span>
    </p>
   </div>
   <div class='ocr_carea' id='block_1_94' title="bbox 2154 3223 3742 3304">
    <p class='ocr_par' dir='ltr' id='par_1_94' title="bbox 2154 3223 3742 3304">
     <span class='ocr_line' id='line_1_94' title="bbox 2154 3223 3742 3304; baseline 0.011 -29"><span class='ocrx_word' id='word_1_756' title='bbox 2154 3223 2264 3292; x_wconf 88' lang='lat' dir='ltr'><strong>jam</strong></span> <span class='ocrx_word' id='word_1_757' title='bbox 2297 3225 2531 3293; x_wconf 91' lang='lat' dir='ltr'><strong>pluribus</strong></span> <span class='ocrx_word' id='word_1_758' title='bbox 2557 3227 2976 3284; x_wconf 89' lang='lat' dir='ltr'><strong>demonstratum</strong></span> <span class='ocrx_word' id='word_1_759' title='bbox 3007 3245 3108 3286; x_wconf 91' lang='lat' dir='ltr'><strong>est.</strong></span> <span class='ocrx_word' id='word_1_760' title='bbox 3140 3233 3308 3287; x_wconf 90' lang='lat' dir='ltr'><strong>Tuum</strong></span> <span class='ocrx_word' id='word_1_761' title='bbox 3339 3251 3466 3304; x_wconf 86' lang='lat' dir='ltr'><strong>ergo</strong></span> <span class='ocrx_word' id='word_1_762' title='bbox 3495 3248 3639 3292; x_wconf 87' lang='lat' dir='ltr'><strong>recte</strong></span> <span class='ocrx_word' id='word_1_763' title='bbox 3663 3241 3742 3294; x_wconf 79' lang='lat' dir='ltr'><strong>di—</strong></span> 
     </span>
    </p>
   </div>
   <div class='ocr_carea' id='block_1_95' title="bbox 2159 3318 3739 3395">
    <p class='ocr_par' dir='ltr' id='par_1_95' title="bbox 2159 3318 3739 3395">
     <span class='ocr_line' id='line_1_95' title="bbox 2159 3318 3739 3395; baseline 0.01 -27"><span class='ocrx_word' id='word_1_764' title='bbox 2159 3318 2269 3383; x_wconf 86' lang='lat' dir='ltr'><strong>rige</strong></span> <span class='ocrx_word' id='word_1_765' title='bbox 2311 3319 2580 3383; x_wconf 91' lang='lat' dir='ltr'><strong>animum,</strong></span> <span class='ocrx_word' id='word_1_766' title='bbox 2622 3329 2676 3374; x_wconf 91' lang='lat' dir='ltr'><strong>et</strong></span> <span class='ocrx_word' id='word_1_767' title='bbox 2714 3339 2995 3391; x_wconf 90' lang='lat' dir='ltr'><strong>numquam</strong></span> <span class='ocrx_word' id='word_1_768' title='bbox 3039 3325 3106 3379; x_wconf 89' lang='lat' dir='ltr'><strong>ab</strong></span> <span class='ocrx_word' id='word_1_769' title='bbox 3143 3325 3319 3395; x_wconf 88' lang='lat' dir='ltr'><strong>aliquo</strong></span> <span class='ocrx_word' id='word_1_770' title='bbox 3363 3328 3739 3384; x_wconf 83' lang='lat' dir='ltr'><strong>detrimentum</strong></span> 
     </span>
    </p>
   </div>
   <div class='ocr_carea' id='block_1_96' title="bbox 2156 3409 3738 3489">
    <p class='ocr_par' dir='ltr' id='par_1_96' title="bbox 2156 3409 3738 3489">
     <span class='ocr_line' id='line_1_96' title="bbox 2156 3409 3738 3489; baseline 0.011 -30"><span class='ocrx_word' id='word_1_771' title='bbox 2156 3409 2403 3478; x_wconf 85' lang='lat' dir='ltr'><strong>accipies.</strong></span> <span class='ocrx_word' id='word_1_772' title='bbox 2434 3411 2539 3464; x_wconf 93' lang='lat' dir='ltr'><strong>imo</strong></span> <span class='ocrx_word' id='word_1_773' title='bbox 2566 3415 2795 3467; x_wconf 84' lang='lat' dir='ltr'><strong>maxima</strong></span> <span class='ocrx_word' id='word_1_774' title='bbox 2824 3416 3133 3480; x_wconf 88' lang='lat' dir='ltr'><strong>lucraberis,</strong></span> <span class='ocrx_word' id='word_1_775' title='bbox 3161 3433 3264 3471; x_wconf 92' lang='lat' dir='ltr'><strong>non</strong></span> <span class='ocrx_word' id='word_1_776' title='bbox 3295 3433 3322 3470; x_wconf 91' lang='lat' dir='ltr'><strong>a</strong></span> <span class='ocrx_word' id='word_1_777' title='bbox 3351 3422 3532 3489; x_wconf 90' lang='lat' dir='ltr'><strong>probis</strong></span> <span class='ocrx_word' id='word_1_778' title='bbox 3558 3423 3738 3486; x_wconf 90' lang='lat' dir='ltr'><strong>modo,</strong></span> 
     </span>
    </p>
   </div>
   <div class='ocr_carea' id='block_1_97' title="bbox 2155 3502 3745 3575">
    <p class='ocr_par' dir='ltr' id='par_1_97' title="bbox 2155 3502 3745 3575">
     <span class='ocr_line' id='line_1_97' title="bbox 2155 3502 3745 3575; baseline 0.01 -24"><span class='ocrx_word' id='word_1_779' title='bbox 2155 3502 2246 3552; x_wconf 89' lang='lat' dir='ltr'><strong>sed</strong></span> <span class='ocrx_word' id='word_1_780' title='bbox 2271 3502 2428 3554; x_wconf 91' lang='lat' dir='ltr'><strong>etiam</strong></span> <span class='ocrx_word' id='word_1_781' title='bbox 2452 3503 2518 3556; x_wconf 90' lang='lat' dir='ltr'><strong>ab</strong></span> <span class='ocrx_word' id='word_1_782' title='bbox 2541 3504 2812 3572; x_wconf 75' lang='lat' dir='ltr'><strong>improlr‘s.</strong></span> <span class='ocrx_word' id='word_1_783' title='bbox 2843 3504 2965 3559; x_wconf 91' lang='lat' dir='ltr'><strong>Ideo</strong></span> <span class='ocrx_word' id='word_1_784' title='bbox 2989 3507 3150 3571; x_wconf 89' lang='lat' dir='ltr'><strong>enim,</strong></span> <span class='ocrx_word' id='word_1_785' title='bbox 3182 3519 3237 3561; x_wconf 94' lang='lat' dir='ltr'><strong>ut</strong></span> <span class='ocrx_word' id='word_1_786' title='bbox 3261 3519 3416 3564; x_wconf 88' lang='lat' dir='ltr'><strong>antea</strong></span> <span class='ocrx_word' id='word_1_787' title='bbox 3439 3511 3572 3575; x_wconf 89' lang='lat' dir='ltr'><strong>dixi,</strong></span> <span class='ocrx_word' id='word_1_788' title='bbox 3596 3529 3745 3566; x_wconf 89' lang='lat' dir='ltr'><strong>com-</strong></span> 
     </span>
    </p>
   </div>
   <div class='ocr_carea' id='block_1_98' title="bbox 2157 3593 3741 3664">
    <p class='ocr_par' dir='ltr' id='par_1_98' title="bbox 2157 3593 3741 3664">
     <span class='ocr_line' id='line_1_98' title="bbox 2157 3593 3741 3664; baseline 0.009 -21"><span class='ocrx_word' id='word_1_789' title='bbox 2157 3593 2350 3646; x_wconf 89' lang='lat' dir='ltr'><strong>mixtos</strong></span> <span class='ocrx_word' id='word_1_790' title='bbox 2393 3595 2599 3664; x_wconf 90' lang='lat' dir='ltr'><strong>reliquit</strong></span> <span class='ocrx_word' id='word_1_791' title='bbox 2646 3595 2786 3649; x_wconf 82' lang='lat' dir='ltr'><strong>Deus</strong></span> <span class='ocrx_word' id='word_1_792' title='bbox 2835 3596 3380 3663; x_wconf 87' lang='lat' dir='ltr'><strong>homines,&#39;maxime</strong></span> <span class='ocrx_word' id='word_1_793' title='bbox 3420 3603 3592 3656; x_wconf 89' lang='lat' dir='ltr'><strong>bonos</strong></span> <span class='ocrx_word' id='word_1_794' title='bbox 3620 3621 3741 3657; x_wconf 91' lang='lat' dir='ltr'><strong>cum</strong></span> 
     </span>
    </p>
   </div>
   <div class='ocr_carea' id='block_1_99' title="bbox 2155 3683 3740 3757">
    <p class='ocr_par' dir='ltr' id='par_1_99' title="bbox 2155 3683 3740 3757">
     <span class='ocr_line' id='line_1_99' title="bbox 2155 3683 3740 3757; baseline 0.01 -22"><span class='ocrx_word' id='word_1_795' title='bbox 2155 3683 2339 3745; x_wconf 88' lang='lat' dir='ltr'><strong>malis,</strong></span> <span class='ocrx_word' id='word_1_796' title='bbox 2370 3693 2426 3738; x_wconf 90' lang='lat' dir='ltr'><strong>ut</strong></span> <span class='ocrx_word' id='word_1_797' title='bbox 2457 3685 2555 3738; x_wconf 91' lang='lat' dir='ltr'><strong>hos</strong></span> <span class='ocrx_word' id='word_1_798' title='bbox 2593 3686 2658 3739; x_wconf 91' lang='lat' dir='ltr'><strong>ad</strong></span> <span class='ocrx_word' id='word_1_799' title='bbox 2696 3702 2844 3740; x_wconf 89' lang='lat' dir='ltr'><strong>suam</strong></span> <span class='ocrx_word' id='word_1_800' title='bbox 2890 3691 3154 3757; x_wconf 90' lang='lat' dir='ltr'><strong>propriam</strong></span> <span class='ocrx_word' id='word_1_801' title='bbox 3185 3691 3440 3747; x_wconf 86' lang='lat' dir='ltr'><strong>reducant</strong></span> <span class='ocrx_word' id='word_1_802' title='bbox 3471 3697 3740 3751; x_wconf 88' lang='lat' dir='ltr'><strong>virtutem.</strong></span> 
     </span>
    </p>
   </div>
   <div class='ocr_carea' id='block_1_100' title="bbox 2153 3775 3746 3856">
    <p class='ocr_par' dir='ltr' id='par_1_100' title="bbox 2153 3775 3746 3856">
     <span class='ocr_line' id='line_1_100' title="bbox 2153 3775 3746 3856; baseline 0.01 -29"><span class='ocrx_word' id='word_1_803' title='bbox 2153 3775 2290 3829; x_wconf 87' lang='lat' dir='ltr'><strong>Audi</strong></span> <span class='ocrx_word' id='word_1_804' title='bbox 2320 3776 2443 3844; x_wconf 88' lang='lat' dir='ltr'><strong>quid</strong></span> <span class='ocrx_word' id='word_1_805' title='bbox 2474 3777 2746 3846; x_wconf 84' lang='lat' dir='ltr'><strong>discipulis</strong></span> <span class='ocrx_word' id='word_1_806' title='bbox 2773 3779 2913 3834; x_wconf 91' lang='lat' dir='ltr'><strong>dicat</strong></span> <span class='ocrx_word' id='word_1_807' title='bbox 2938 3781 3181 3836; x_wconf 89' lang='lat' dir='ltr'><strong>Christus</strong></span> <span class='ocrx_word' id='word_1_808' title='bbox 3211 3801 3224 3837; x_wconf 90' lang='lat'><strong>:</strong></span> <span class='ocrx_word' id='word_1_809' title='bbox 3253 3783 3432 3839; x_wconf 83' lang='lat' dir='ltr'><strong>Simile</strong></span> <span class='ocrx_word' id='word_1_810' title='bbox 3457 3789 3647 3856; x_wconf 78' lang='lat' dir='ltr'><strong>factum</strong></span> <span class='ocrx_word' id='word_1_811' title='bbox 3671 3799 3746 3843; x_wconf 78' lang='lat' dir='ltr'><strong>est</strong></span> 
     </span>
    </p>
   </div>
   <div class='ocr_carea' id='block_1_101' title="bbox 2151 3869 3744 3945">
    <p class='ocr_par' dir='ltr' id='par_1_101' title="bbox 2151 3869 3744 3945">
     <span class='ocr_line' id='line_1_101' title="bbox 2151 3869 3744 3945; baseline 0.009 -26"><span class='ocrx_word' id='word_1_812' title='bbox 2151 3883 2360 3937; x_wconf 81' lang='lat' dir='ltr'><strong>regnum</strong></span> <span class='ocrx_word' id='word_1_813' title='bbox 2381 3869 2618 3922; x_wconf 59' lang='lat' dir='ltr'><strong>castorum</strong></span> <span class='ocrx_word' id='word_1_814' title='bbox 2641 3871 2858 3937; x_wconf 83' lang='lat' dir='ltr'><strong>mulieri,</strong></span> <span class='ocrx_word' id='word_1_815' title='bbox 2885 3888 2998 3939; x_wconf 66' lang='lat' dir='ltr'><strong>quae</strong></span> <span class='ocrx_word' id='word_1_816' title='bbox 3018 3885 3273 3942; x_wconf 84' lang='lat' dir='ltr'><strong>acceptum</strong></span> <span class='ocrx_word' id='word_1_817' title='bbox 3302 3879 3601 3945; x_wconf 75' lang='lat' dir='ltr'><strong>[ei-utentum</strong></span> <span class='ocrx_word' id='word_1_818' title='bbox 3624 3879 3744 3934; x_wconf 85' lang='lat' dir='ltr'><strong>abs-</strong></span> 
     </span>
    </p>
   </div>
   <div class='ocr_carea' id='block_1_102' title="bbox 2152 3960 3745 4041">
    <p class='ocr_par' dir='ltr' id='par_1_102' title="bbox 2152 3960 3745 4041">
     <span class='ocr_line' id='line_1_102' title="bbox 2152 3960 3745 4041; baseline 0.008 -30"><span class='ocrx_word' id='word_1_819' title='bbox 2152 3960 2324 4012; x_wconf 74' lang='lat' dir='ltr'><strong>condit</strong></span> <span class='ocrx_word' id='word_1_820' title='bbox 2361 3960 2412 4013; x_wconf 93' lang='lat' dir='ltr'><strong>in</strong></span> <span class='ocrx_word' id='word_1_821' title='bbox 2457 3961 2637 4028; x_wconf 70' lang='lat' dir='ltr'><strong>farina&#39;</strong></span> <span class='ocrx_word' id='word_1_822' title='bbox 2677 3963 2801 4015; x_wconf 88' lang='lat' dir='ltr'><strong>satis</strong></span> <span class='ocrx_word' id='word_1_823' title='bbox 2839 3964 2996 4017; x_wconf 87' lang='lat' dir='ltr'><strong>tribus</strong></span> <span class='ocrx_word' id='word_1_824' title='bbox 3025 3962 3252 4036; x_wconf 79' lang='lat' dir='ltr'><strong>(Matth.</strong></span> <span class='ocrx_word' id='word_1_825' title='bbox 3286 3967 3370 4020; x_wconf 84' lang='grc'><strong>15.</strong></span> <span class='ocrx_word' id='word_1_826' title='bbox 3401 3968 3528 4036; x_wconf 79' lang='lat'><strong>53).</strong></span> <span class='ocrx_word' id='word_1_827' title='bbox 3562 3969 3745 4041; x_wconf 76' lang='lat' dir='ltr'><strong>Itaque</strong></span> 
     </span>
    </p>
   </div>
   <div class='ocr_carea' id='block_1_103' title="bbox 2149 4048 3744 4117">
    <p class='ocr_par' dir='ltr' id='par_1_103' title="bbox 2149 4048 3744 4117">
     <span class='ocr_line' id='line_1_103' title="bbox 2149 4048 3744 4117; baseline 0.009 -16"><span class='ocrx_word' id='word_1_828' title='bbox 2149 4048 2275 4115; x_wconf 91' lang='lat' dir='ltr'><strong>justi</strong></span> <span class='ocrx_word' id='word_1_829' title='bbox 2313 4050 2416 4102; x_wconf 84' lang='lat' dir='ltr'><strong>vim</strong></span> <span class='ocrx_word' id='word_1_830' title='bbox 2462 4049 2704 4105; x_wconf 89' lang='lat' dir='ltr'><strong>fermenti</strong></span> <span class='ocrx_word' id='word_1_831' title='bbox 2747 4053 2942 4107; x_wconf 85' lang='lat' dir='ltr'><strong>habent</strong></span> <span class='ocrx_word' id='word_1_832' title='bbox 2965 4095 2980 4117; x_wconf 93' lang='lat'><strong>,</strong></span> <span class='ocrx_word' id='word_1_833' title='bbox 3015 4066 3071 4108; x_wconf 90' lang='lat' dir='ltr'><strong>ut</strong></span> <span class='ocrx_word' id='word_1_834' title='bbox 3098 4055 3163 4109; x_wconf 91' lang='lat' dir='ltr'><strong>ad</strong></span> <span class='ocrx_word' id='word_1_835' title='bbox 3192 4072 3338 4110; x_wconf 89' lang='lat' dir='ltr'><strong>suam</strong></span> <span class='ocrx_word' id='word_1_836' title='bbox 3380 4060 3744 4115; x_wconf 69' lang='lat' dir='ltr'><strong>conditionum</strong></span> 
     </span>
    </p>
   </div>
   <div class='ocr_carea' id='block_1_104' title="bbox 2155 4140 3747 4221">
    <p class='ocr_par' dir='ltr' id='par_1_104' title="bbox 2155 4140 3747 4221">
     <span class='ocr_line' id='line_1_104' title="bbox 2155 4140 3747 4221; baseline 0.01 -29"><span class='ocrx_word' id='word_1_837' title='bbox 2155 4140 2425 4208; x_wconf 90' lang='lat' dir='ltr'><strong>improbos</strong></span> <span class='ocrx_word' id='word_1_838' title='bbox 2466 4141 2803 4196; x_wconf 81' lang='lat' dir='ltr'><strong>transferant.</strong></span> <span class='ocrx_word' id='word_1_839' title='bbox 2847 4143 2952 4198; x_wconf 92' lang='lat' dir='ltr'><strong>Sed</strong></span> <span class='ocrx_word' id='word_1_840' title='bbox 2997 4147 3144 4214; x_wconf 89' lang='lat' dir='ltr'><strong>pauci</strong></span> <span class='ocrx_word' id='word_1_841' title='bbox 3185 4157 3306 4201; x_wconf 89' lang='lat' dir='ltr'><strong>sunt</strong></span> <span class='ocrx_word' id='word_1_842' title='bbox 3339 4149 3502 4218; x_wconf 89' lang='lat' dir='ltr'><strong>justi,</strong></span> <span class='ocrx_word' id='word_1_843' title='bbox 3535 4153 3660 4221; x_wconf 88' lang='lat' dir='ltr'><strong>quia</strong></span> <span class='ocrx_word' id='word_1_844' title='bbox 3691 4165 3747 4209; x_wconf 89' lang='lat' dir='ltr'><strong>et</strong></span> 
     </span>
    </p>
   </div>
   <div class='ocr_carea' id='block_1_105' title="bbox 2155 4229 3743 4306">
    <p class='ocr_par' dir='ltr' id='par_1_105' title="bbox 2155 4229 3743 4306">
     <span class='ocr_line' id='line_1_105' title="bbox 2155 4229 3743 4306; baseline 0.01 -24"><span class='ocrx_word' id='word_1_845' title='bbox 2155 4229 2470 4284; x_wconf 87' lang='lat' dir='ltr'><strong>fermentum</strong></span> <span class='ocrx_word' id='word_1_846' title='bbox 2503 4247 2720 4300; x_wconf 87' lang='lat' dir='ltr'><strong>parvum</strong></span> <span class='ocrx_word' id='word_1_847' title='bbox 2753 4245 2871 4298; x_wconf 88' lang='lat' dir='ltr'><strong>est;</strong></span> <span class='ocrx_word' id='word_1_848' title='bbox 2905 4251 3086 4289; x_wconf 89' lang='lat' dir='ltr'><strong>verum</strong></span> <span class='ocrx_word' id='word_1_849' title='bbox 3127 4236 3213 4290; x_wconf 88' lang='lat' dir='ltr'><strong>illa</strong></span> <span class='ocrx_word' id='word_1_850' title='bbox 3245 4240 3480 4306; x_wconf 89' lang='lat' dir='ltr'><strong>paucitas</strong></span> <span class='ocrx_word' id='word_1_851' title='bbox 3507 4257 3743 4298; x_wconf 87' lang='lat' dir='ltr'><strong>massam</strong></span> 
     </span>
    </p>
   </div>
   <div class='ocr_carea' id='block_1_106' title="bbox 2154 4323 3744 4400">
    <p class='ocr_par' dir='ltr' id='par_1_106' title="bbox 2154 4323 3744 4400">
     <span class='ocr_line' id='line_1_106' title="bbox 2154 4323 3744 4400; baseline 0.011 -26"><span class='ocrx_word' id='word_1_852' title='bbox 2154 4338 2257 4376; x_wconf 90' lang='lat' dir='ltr'><strong>non</strong></span> <span class='ocrx_word' id='word_1_853' title='bbox 2298 4323 2477 4389; x_wconf 68' lang='lat' dir='ltr'><strong>lazdit,</strong></span> <span class='ocrx_word' id='word_1_854' title='bbox 2515 4325 2607 4378; x_wconf 90' lang='lat' dir='ltr'><strong>sed</strong></span> <span class='ocrx_word' id='word_1_855' title='bbox 2651 4334 2812 4380; x_wconf 90' lang='lat' dir='ltr'><strong>totam</strong></span> <span class='ocrx_word' id='word_1_856' title='bbox 2859 4326 3078 4382; x_wconf 89' lang='lat' dir='ltr'><strong>farinam</strong></span> <span class='ocrx_word' id='word_1_857' title='bbox 3119 4345 3217 4400; x_wconf 91' lang='lat' dir='ltr'><strong>pro</strong></span> <span class='ocrx_word' id='word_1_858' title='bbox 3260 4332 3416 4386; x_wconf 90' lang='lat' dir='ltr'><strong>insita</strong></span> <span class='ocrx_word' id='word_1_859' title='bbox 3455 4335 3654 4392; x_wconf 88' lang='lat' dir='ltr'><strong>virtute</strong></span> <span class='ocrx_word' id='word_1_860' title='bbox 3690 4339 3744 4392; x_wconf 93' lang='lat' dir='ltr'><strong>in</strong></span> 
     </span>
    </p>
   </div>
   <div class='ocr_carea' id='block_1_107' title="bbox 2151 4415 3745 4496">
    <p class='ocr_par' dir='ltr' id='par_1_107' title="bbox 2151 4415 3745 4496">
     <span class='ocr_line' id='line_1_107' title="bbox 2151 4415 3745 4496; baseline 0.009 -28"><span class='ocrx_word' id='word_1_861' title='bbox 2151 4429 2301 4468; x_wconf 90' lang='lat' dir='ltr'><strong>suam</strong></span> <span class='ocrx_word' id='word_1_862' title='bbox 2350 4415 2603 4470; x_wconf 89' lang='lat' dir='ltr'><strong>transfert</strong></span> <span class='ocrx_word' id='word_1_863' title='bbox 2643 4417 3024 4472; x_wconf 89' lang='lat' dir='ltr'><strong>conditionem.</strong></span> <span class='ocrx_word' id='word_1_864' title='bbox 3079 4418 3170 4475; x_wconf 92' lang='lat' dir='ltr'><strong>Sic</strong></span> <span class='ocrx_word' id='word_1_865' title='bbox 3210 4421 3477 4490; x_wconf 89' lang='lat' dir='ltr'><strong>justorum</strong></span> <span class='ocrx_word' id='word_1_866' title='bbox 3524 4442 3745 4496; x_wconf 89' lang='lat' dir='ltr'><strong>quoque</strong></span> 
     </span>
    </p>
   </div>
   <div class='ocr_carea' id='block_1_108' title="bbox 2153 4506 3746 4585">
    <p class='ocr_par' dir='ltr' id='par_1_108' title="bbox 2153 4506 3746 4585">
     <span class='ocr_line' id='line_1_108' title="bbox 2153 4506 3746 4585; baseline 0.011 -30"><span class='ocrx_word' id='word_1_867' title='bbox 2153 4506 2319 4559; x_wconf 89' lang='lat' dir='ltr'><strong>virtus</strong></span> <span class='ocrx_word' id='word_1_868' title='bbox 2359 4522 2464 4560; x_wconf 92' lang='lat' dir='ltr'><strong>non</strong></span> <span class='ocrx_word' id='word_1_869' title='bbox 2504 4507 2555 4560; x_wconf 92' lang='lat' dir='ltr'><strong>in</strong></span> <span class='ocrx_word' id='word_1_870' title='bbox 2584 4523 2806 4562; x_wconf 89' lang='lat' dir='ltr'><strong>numero</strong></span> <span class='ocrx_word' id='word_1_871' title='bbox 2831 4509 2928 4562; x_wconf 89' lang='lat' dir='ltr'><strong>sita</strong></span> <span class='ocrx_word' id='word_1_872' title='bbox 2959 4518 3041 4564; x_wconf 91' lang='lat' dir='ltr'><strong>est</strong></span> <span class='ocrx_word' id='word_1_873' title='bbox 3062 4551 3076 4573; x_wconf 91' lang='lat'><strong>,</strong></span> <span class='ocrx_word' id='word_1_874' title='bbox 3107 4511 3200 4565; x_wconf 92' lang='lat' dir='ltr'><strong>sed</strong></span> <span class='ocrx_word' id='word_1_875' title='bbox 3229 4511 3281 4564; x_wconf 92' lang='lat' dir='ltr'><strong>in</strong></span> <span class='ocrx_word' id='word_1_876' title='bbox 3307 4515 3473 4582; x_wconf 86' lang='lat' dir='ltr'><strong>gratia</strong></span> <span class='ocrx_word' id='word_1_877' title='bbox 3508 4515 3746 4585; x_wconf 89' lang='lat' dir='ltr'><strong>Spiritus</strong></span> 
     </span>
    </p>
   </div>
   <div class='ocr_carea' id='block_1_109' title="bbox 2152 4595 3747 4671">
    <p class='ocr_par' dir='ltr' id='par_1_109' title="bbox 2152 4595 3747 4671">
     <span class='ocr_line' id='line_1_109' title="bbox 2152 4595 3747 4671; baseline 0.009 -23"><span class='ocrx_word' id='word_1_878' title='bbox 2152 4595 2315 4649; x_wconf 89' lang='lat' dir='ltr'><strong>robur</strong></span> <span class='ocrx_word' id='word_1_879' title='bbox 2341 4605 2505 4650; x_wconf 91' lang='lat' dir='ltr'><strong>totum</strong></span> <span class='ocrx_word' id='word_1_880' title='bbox 2538 4597 2714 4652; x_wconf 88' lang='lat' dir='ltr'><strong>habet.</strong></span> <span class='ocrx_word' id='word_1_881' title='bbox 2747 4599 3028 4653; x_wconf 88' lang='lat' dir='ltr'><strong>Duodecim</strong></span> <span class='ocrx_word' id='word_1_882' title='bbox 3060 4609 3213 4655; x_wconf 89' lang='lat' dir='ltr'><strong>erant</strong></span> <span class='ocrx_word' id='word_1_883' title='bbox 3263 4605 3486 4671; x_wconf 90' lang='lat' dir='ltr'><strong>apostoli</strong></span> <span class='ocrx_word' id='word_1_884' title='bbox 3517 4624 3530 4658; x_wconf 94' lang='lat'>:</span> <span class='ocrx_word' id='word_1_885' title='bbox 3567 4609 3747 4663; x_wconf 90' lang='lat' dir='ltr'><strong>viden‘</strong></span> 
     </span>
    </p>
   </div>
   <div class='ocr_carea' id='block_1_110' title="bbox 2151 4679 3745 4756">
    <p class='ocr_par' dir='ltr' id='par_1_110' title="bbox 2151 4679 3745 4756">
     <span class='ocr_line' id='line_1_110' title="bbox 2151 4679 3745 4756; baseline 0.009 -14"><span class='ocrx_word' id='word_1_886' title='bbox 2151 4705 2308 4756; x_wconf 90' lang='lat' dir='ltr'><strong>quam</strong></span> <span class='ocrx_word' id='word_1_887' title='bbox 2341 4679 2606 4743; x_wconf 86' lang='lat' dir='ltr'><strong>modicum</strong></span> <span class='ocrx_word' id='word_1_888' title='bbox 2638 4691 2706 4744; x_wconf 92' lang='lat' dir='ltr'><strong>sit</strong></span> <span class='ocrx_word' id='word_1_889' title='bbox 2737 4691 3096 4745; x_wconf 85' lang='lat' dir='ltr'><strong>fermentum?</strong></span> <span class='ocrx_word' id='word_1_890' title='bbox 3127 4702 3268 4747; x_wconf 90' lang='lat' dir='ltr'><strong>totus</strong></span> <span class='ocrx_word' id='word_1_891' title='bbox 3294 4695 3438 4749; x_wconf 91' lang='lat' dir='ltr'><strong>orbis</strong></span> <span class='ocrx_word' id='word_1_892' title='bbox 3470 4698 3519 4750; x_wconf 91' lang='lat' dir='ltr'><strong>in</strong></span> <span class='ocrx_word' id='word_1_893' title='bbox 3551 4699 3745 4756; x_wconf 82' lang='lat' dir='ltr'><strong>inlide-</strong></span> 
     </span>
    </p>
   </div>
   <div class='ocr_carea' id='block_1_111' title="bbox 2151 4780 3747 4852">
    <p class='ocr_par' dir='ltr' id='par_1_111' title="bbox 2151 4780 3747 4852">
     <span class='ocr_line' id='line_1_111' title="bbox 2151 4780 3747 4852; baseline 0.008 -20"><span class='ocrx_word' id='word_1_894' title='bbox 2151 4780 2298 4834; x_wconf 90' lang='lat' dir='ltr'><strong>litate</strong></span> <span class='ocrx_word' id='word_1_895' title='bbox 2325 4781 2635 4834; x_wconf 89' lang='lat' dir='ltr'><strong>versabatur</strong></span> <span class='ocrx_word' id='word_1_896' title='bbox 2665 4799 2678 4834; x_wconf 90' lang='lat'><strong>:</strong></span> <span class='ocrx_word' id='word_1_897' title='bbox 2709 4781 2882 4836; x_wconf 86' lang='lat' dir='ltr'><strong>viden’</strong></span> <span class='ocrx_word' id='word_1_898' title='bbox 2909 4793 3103 4852; x_wconf 89' lang='lat' dir='ltr'><strong>quanta</strong></span> <span class='ocrx_word' id='word_1_899' title='bbox 3137 4785 3347 4838; x_wconf 88' lang='lat' dir='ltr'><strong>massa?</strong></span> <span class='ocrx_word' id='word_1_900' title='bbox 3375 4788 3468 4840; x_wconf 88' lang='lat' dir='ltr'><strong>sed</strong></span> <span class='ocrx_word' id='word_1_901' title='bbox 3503 4789 3578 4843; x_wconf 91' lang='lat' dir='ltr'><strong>illi</strong></span> <span class='ocrx_word' id='word_1_902' title='bbox 3607 4791 3747 4845; x_wconf 85' lang='lat' dir='ltr'><strong>duo—</strong></span> 
     </span>
    </p>
   </div>
   <div class='ocr_carea' id='block_1_112' title="bbox 2151 4869 3742 4934">
    <p class='ocr_par' dir='ltr' id='par_1_112' title="bbox 2151 4869 3742 4934">
     <span class='ocr_line' id='line_1_112' title="bbox 2151 4869 3742 4934; baseline 0.008 -12"><span class='ocrx_word' id='word_1_903' title='bbox 2151 4869 2322 4923; x_wconf 90' lang='lat' dir='ltr'><strong>decim</strong></span> <span class='ocrx_word' id='word_1_904' title='bbox 2350 4878 2516 4924; x_wconf 88' lang='lat' dir='ltr'><strong>totum</strong></span> <span class='ocrx_word' id='word_1_905' title='bbox 2548 4871 2732 4925; x_wconf 92' lang='lat' dir='ltr'><strong>orbem</strong></span> <span class='ocrx_word' id='word_1_906' title='bbox 2764 4870 2829 4925; x_wconf 90' lang='lat' dir='ltr'><strong>ad</strong></span> <span class='ocrx_word' id='word_1_907' title='bbox 2865 4889 2924 4927; x_wconf 90' lang='lat' dir='ltr'><strong>se</strong></span> <span class='ocrx_word' id='word_1_908' title='bbox 2951 4886 3346 4928; x_wconf 88' lang='lat' dir='ltr'><strong>converterunt.</strong></span> <span class='ocrx_word' id='word_1_909' title='bbox 3387 4875 3742 4934; x_wconf 88' lang='lat' dir='ltr'><strong>Fermentutn</strong></span> 
     </span>
    </p>
   </div>
   <div class='ocr_carea' id='block_1_113' title="bbox 2149 4961 3749 5038">
    <p class='ocr_par' dir='ltr' id='par_1_113' title="bbox 2149 4961 3749 5038">
     <span class='ocr_line' id='line_1_113' title="bbox 2149 4961 3749 5038; baseline 0.006 -24"><span class='ocrx_word' id='word_1_910' title='bbox 2149 4970 2203 5014; x_wconf 89' lang='lat' dir='ltr'><strong>et</strong></span> <span class='ocrx_word' id='word_1_911' title='bbox 2227 4976 2398 5015; x_wconf 90' lang='lat' dir='ltr'><strong>massa</strong></span> <span class='ocrx_word' id='word_1_912' title='bbox 2427 4961 2665 5030; x_wconf 85' lang='lat' dir='ltr'><strong>ejusdem</strong></span> <span class='ocrx_word' id='word_1_913' title='bbox 2692 4971 2815 5015; x_wconf 91' lang='lat' dir='ltr'><strong>sunt</strong></span> <span class='ocrx_word' id='word_1_914' title='bbox 2841 4971 3063 5028; x_wconf 62' lang='lat' dir='ltr'><strong>naturae,</strong></span> <span class='ocrx_word' id='word_1_915' title='bbox 3092 4965 3184 5018; x_wconf 90' lang='lat' dir='ltr'><strong>sed</strong></span> <span class='ocrx_word' id='word_1_916' title='bbox 3215 4980 3318 5019; x_wconf 92' lang='lat' dir='ltr'><strong>non</strong></span> <span class='ocrx_word' id='word_1_917' title='bbox 3345 4966 3585 5034; x_wconf 87' lang='lat' dir='ltr'><strong>ejusdem</strong></span> <span class='ocrx_word' id='word_1_918' title='bbox 3610 4986 3749 5038; x_wconf 83' lang='lat' dir='ltr'><strong>qua-</strong></span> 
     </span>
    </p>
   </div>
   <div class='ocr_carea' id='block_1_114' title="bbox 2152 5053 3738 5128">
    <p class='ocr_par' dir='ltr' id='par_1_114' title="bbox 2152 5053 3738 5128">
     <span class='ocr_line' id='line_1_114' title="bbox 2152 5053 3738 5128; baseline 0.006 -21"><span class='ocrx_word' id='word_1_919' title='bbox 2152 5053 2312 5107; x_wconf 88' lang='lat' dir='ltr'><strong>litatis</strong></span> <span class='ocrx_word' id='word_1_920' title='bbox 2343 5069 2356 5106; x_wconf 92' lang='lat'>:</span> <span class='ocrx_word' id='word_1_921' title='bbox 2386 5054 2731 5123; x_wconf 88' lang='lat' dir='ltr'><strong>quamobrem</strong></span> <span class='ocrx_word' id='word_1_922' title='bbox 2760 5055 2899 5110; x_wconf 90' lang='lat' dir='ltr'><strong>inter</strong></span> <span class='ocrx_word' id='word_1_923' title='bbox 2923 5055 3096 5124; x_wconf 92' lang='lat' dir='ltr'><strong>justos</strong></span> <span class='ocrx_word' id='word_1_924' title='bbox 3127 5057 3332 5126; x_wconf 89' lang='lat' dir='ltr'><strong>reliquit</strong></span> <span class='ocrx_word' id='word_1_925' title='bbox 3364 5059 3658 5128; x_wconf 90' lang='lat' dir='ltr'><strong>improbos,</strong></span> <span class='ocrx_word' id='word_1_926' title='bbox 3687 5072 3738 5116; x_wconf 91' lang='lat' dir='ltr'><strong>ut</strong></span> 
     </span>
    </p>
   </div>
   <div class='ocr_carea' id='block_1_115' title="bbox 2150 5143 3742 5220">
    <p class='ocr_par' dir='ltr' id='par_1_115' title="bbox 2150 5143 3742 5220">
     <span class='ocr_line' id='line_1_115' title="bbox 2150 5143 3742 5220; baseline 0.007 -24"><span class='ocrx_word' id='word_1_927' title='bbox 2150 5143 2597 5213; x_wconf 88' lang='lat' dir='ltr'><strong>quemadmodum</strong></span> <span class='ocrx_word' id='word_1_928' title='bbox 2629 5144 2679 5198; x_wconf 90' lang='lat' dir='ltr'><strong>hi</strong></span> <span class='ocrx_word' id='word_1_929' title='bbox 2720 5145 2956 5214; x_wconf 89' lang='lat' dir='ltr'><strong>ejusdem</strong></span> <span class='ocrx_word' id='word_1_930' title='bbox 3000 5155 3198 5200; x_wconf 64' lang='lat' dir='ltr'><strong>natura:</strong></span> <span class='ocrx_word' id='word_1_931' title='bbox 3232 5159 3356 5202; x_wconf 92' lang='lat' dir='ltr'><strong>sunt</strong></span> <span class='ocrx_word' id='word_1_932' title='bbox 3383 5159 3542 5219; x_wconf 87' lang='lat' dir='ltr'><strong>atque</strong></span> <span class='ocrx_word' id='word_1_933' title='bbox 3566 5151 3742 5220; x_wconf 90' lang='lat' dir='ltr'><strong>justi,</strong></span> 
     </span>
    </p>
   </div>
   <div class='ocr_carea' id='block_1_116' title="bbox 2149 5237 3016 5306">
    <p class='ocr_par' dir='ltr' id='par_1_116' title="bbox 2149 5237 3016 5306">
     <span class='ocr_line' id='line_1_116' title="bbox 2149 5237 3016 5306; baseline 0.002 -16"><span class='ocrx_word' id='word_1_934' title='bbox 2149 5237 2226 5290; x_wconf 89' lang='lat' dir='ltr'><strong>sic</strong></span> <span class='ocrx_word' id='word_1_935' title='bbox 2255 5237 2490 5306; x_wconf 91' lang='lat' dir='ltr'><strong>ejusdem</strong></span> <span class='ocrx_word' id='word_1_936' title='bbox 2523 5238 2778 5306; x_wconf 91' lang='lat' dir='ltr'><strong>propositi</strong></span> <span class='ocrx_word' id='word_1_937' title='bbox 2810 5239 3016 5293; x_wconf 85' lang='lat' dir='ltr'><strong>ﬁerent.</strong></span> 
     </span>
    </p>
   </div>
   <div class='ocr_carea' id='block_1_117' title="bbox 2224 5328 3750 5397">
    <p class='ocr_par' dir='ltr' id='par_1_117' title="bbox 2224 5328 3750 5397">
     <span class='ocr_line' id='line_1_117' title="bbox 2224 5328 3750 5397; baseline 0.005 -15"><span class='ocrx_word' id='word_1_938' title='bbox 2224 5328 2391 5383; x_wconf 81' lang='lat' dir='ltr'><strong>Homo</strong></span> <span class='ocrx_word' id='word_1_939' title='bbox 2419 5330 2557 5383; x_wconf 86' lang='lat' dir='ltr'><strong>solus</strong></span> <span class='ocrx_word' id='word_1_940' title='bbox 2581 5339 2754 5383; x_wconf 87' lang='lat' dir='ltr'><strong>auctor</strong></span> <span class='ocrx_word' id='word_1_941' title='bbox 2777 5331 2987 5397; x_wconf 85' lang='lat' dir='ltr'><strong>peccati.</strong></span> <span class='ocrx_word' id='word_1_942' title='bbox 3013 5361 3084 5372; x_wconf 94' lang='lat'><strong>—</strong></span> <span class='ocrx_word' id='word_1_943' title='bbox 3114 5331 3236 5385; x_wconf 64' lang='lat' dir='ltr'><strong>[lare</strong></span> <span class='ocrx_word' id='word_1_944' title='bbox 3271 5332 3526 5386; x_wconf 89' lang='lat' dir='ltr'><strong>memoria</strong></span> <span class='ocrx_word' id='word_1_945' title='bbox 3556 5343 3750 5389; x_wconf 84' lang='lat' dir='ltr'><strong>tenea-</strong></span> 
     </span>
    </p>
   </div>
   <div class='ocr_carea' id='block_1_118' title="bbox 2151 5419 3747 5494">
    <p class='ocr_par' dir='ltr' id='par_1_118' title="bbox 2151 5419 3747 5494">
     <span class='ocr_line' id='line_1_118' title="bbox 2151 5419 3747 5494; baseline 0.003 -20"><span class='ocrx_word' id='word_1_946' title='bbox 2151 5421 2236 5484; x_wconf 89' lang='lat' dir='ltr'><strong>tis,</strong></span> <span class='ocrx_word' id='word_1_947' title='bbox 2270 5419 2355 5474; x_wconf 88' lang='lat' dir='ltr'><strong>his</strong></span> <span class='ocrx_word' id='word_1_948' title='bbox 2382 5437 2442 5475; x_wconf 92' lang='lat' dir='ltr'><strong>os</strong></span> <span class='ocrx_word' id='word_1_949' title='bbox 2471 5423 2712 5476; x_wconf 89' lang='lat' dir='ltr'><strong>obturate</strong></span> <span class='ocrx_word' id='word_1_950' title='bbox 2743 5423 2942 5492; x_wconf 87' lang='lat' dir='ltr'><strong>ignavis</strong></span> <span class='ocrx_word' id='word_1_951' title='bbox 2984 5423 3109 5488; x_wconf 90' lang='lat' dir='ltr'><strong>illis,</strong></span> <span class='ocrx_word' id='word_1_952' title='bbox 3141 5424 3436 5490; x_wconf 90' lang='lat' dir='ltr'><strong>dissolutis,</strong></span> <span class='ocrx_word' id='word_1_953' title='bbox 3472 5427 3747 5494; x_wconf 82' lang='lat' dir='ltr'><strong>segniori-</strong></span> 
     </span>
    </p>
   </div>
   <div class='ocr_carea' id='block_1_119' title="bbox 2151 5511 3745 5586">
    <p class='ocr_par' dir='ltr' id='par_1_119' title="bbox 2151 5511 3745 5586">
     <span class='ocr_line' id='line_1_119' title="bbox 2151 5511 3745 5586; baseline 0.003 -20"><span class='ocrx_word' id='word_1_954' title='bbox 2151 5511 2250 5566; x_wconf 89' lang='lat' dir='ltr'><strong>bus</strong></span> <span class='ocrx_word' id='word_1_955' title='bbox 2272 5555 2285 5577; x_wconf 95' lang='lat'><strong>,</strong></span> <span class='ocrx_word' id='word_1_956' title='bbox 2319 5514 2405 5583; x_wconf 92' lang='lat' dir='ltr'><strong>qui</strong></span> <span class='ocrx_word' id='word_1_957' title='bbox 2450 5515 2658 5569; x_wconf 89' lang='lat' dir='ltr'><strong>virtutis</strong></span> <span class='ocrx_word' id='word_1_958' title='bbox 2703 5516 2909 5570; x_wconf 89' lang='lat' dir='ltr'><strong>labores</strong></span> <span class='ocrx_word' id='word_1_959' title='bbox 2949 5516 3247 5585; x_wconf 84' lang='lat' dir='ltr'><strong>refugiunt,</strong></span> <span class='ocrx_word' id='word_1_960' title='bbox 3278 5515 3368 5586; x_wconf 91' lang='lat' dir='ltr'><strong>qui</strong></span> <span class='ocrx_word' id='word_1_961' title='bbox 3397 5531 3745 5571; x_wconf 87' lang='lat' dir='ltr'><strong>communem</strong></span> 
     </span>
    </p>
   </div>
   <div class='ocr_carea' id='block_1_120' title="bbox 2151 5603 3750 5677">
    <p class='ocr_par' dir='ltr' id='par_1_120' title="bbox 2151 5603 3750 5677">
     <span class='ocr_line' id='line_1_120' title="bbox 2151 5603 3750 5677; baseline 0.002 -19"><span class='ocrx_word' id='word_1_962' title='bbox 2151 5615 2390 5660; x_wconf 90' lang='lat' dir='ltr'><strong>nostrum</strong></span> <span class='ocrx_word' id='word_1_963' title='bbox 2422 5607 2703 5659; x_wconf 92' lang='lat' dir='ltr'><strong>Dominum</strong></span> <span class='ocrx_word' id='word_1_964' title='bbox 2736 5607 2997 5660; x_wconf 89' lang='lat' dir='ltr'><strong>incusant.</strong></span> <span class='ocrx_word' id='word_1_965' title='bbox 3038 5603 3290 5672; x_wconf 87' lang='lat' dir='ltr'><strong>Peccasti,</strong></span> <span class='ocrx_word' id='word_1_966' title='bbox 3324 5607 3511 5677; x_wconf 91' lang='lat' dir='ltr'><strong>inquit,</strong></span> <span class='ocrx_word' id='word_1_967' title='bbox 3543 5607 3750 5673; x_wconf 69' lang='lat' dir='ltr'><strong>quiesce</strong></span> 
     </span>
    </p>
   </div>
   <div class='ocr_carea' id='block_1_121' title="bbox 2153 5694 3744 5771">
    <p class='ocr_par' dir='ltr' id='par_1_121' title="bbox 2153 5694 3744 5771">
     <span class='ocr_line' id='line_1_121' title="bbox 2153 5694 3744 5771; baseline 0.003 -22"><span class='ocrx_word' id='word_1_968' title='bbox 2153 5694 2314 5771; x_wconf 81' lang='lat' dir='ltr'><strong>(Gen.</strong></span> <span class='ocrx_word' id='word_1_969' title='bbox 2335 5699 2388 5756; x_wconf 77' lang='grc'><strong>4.</strong></span> <span class='ocrx_word' id='word_1_970' title='bbox 2419 5697 2472 5768; x_wconf 90' lang='lat'><strong>7)</strong></span> <span class='ocrx_word' id='word_1_971' title='bbox 2507 5714 2520 5752; x_wconf 88' lang='lat'><strong>:</strong></span> <span class='ocrx_word' id='word_1_972' title='bbox 2553 5713 2621 5754; x_wconf 90' lang='lat' dir='ltr'><strong>ne</strong></span> <span class='ocrx_word' id='word_1_973' title='bbox 2645 5695 2861 5768; x_wconf 84' lang='lat' dir='ltr'><strong>adjicias</strong></span> <span class='ocrx_word' id='word_1_974' title='bbox 2886 5697 3026 5751; x_wconf 89' lang='lat' dir='ltr'><strong>aliud</strong></span> <span class='ocrx_word' id='word_1_975' title='bbox 3056 5697 3268 5768; x_wconf 81' lang='lat' dir='ltr'><strong>gravius</strong></span> <span class='ocrx_word' id='word_1_976' title='bbox 3295 5708 3568 5769; x_wconf 83' lang='lat' dir='ltr'><strong>peccatum</strong></span> <span class='ocrx_word' id='word_1_977' title='bbox 3599 5696 3744 5771; x_wconf 79' lang='lat' dir='ltr'><strong>(Er-</strong></span> 
     </span>
    </p>
   </div>
  </div>
