4046 6396
277 310 380 366 265

279 422 564 486 κάκείνους
611 424 639 475 6
672 422 915 484 διάϐολος
950 422 1236 492 ἠπάτησε;
1275 422 1392 486 πῶς
1425 418 1516 476 οῦν
1566 424 1710 493 ὑμᾶς
1760 422 1861 474 οὑκ

286 509 605 580 ὴπάτησενς
638 509 700 560 OE
730 508 884 561 αὐτοὶ
919 505 1196 576 ἄνθρωποι
1229 508 1387 577 ὑμεῖς
1419 509 1682 572 κάκεῖνοι,
1725 505 1867 559 κατά

278 593 376 662 τήν
418 589 581 659 φύσιν
621 589 798 656 λέγω’
828 590 928 660 τὴν
963 590 1134 660 αὑτὴν
1166 589 1318 660 ἔχετε
1349 589 1528 659 ψυχήν
1571 591 1730 659 ὑμεῖς
1768 589 1868 641 κά·

280 676 479 737 κεῖνοι,
523 673 625 736 τὰς
658 672 828 734 αὐτάς
876 671 1028 742 ἔχετε
1084 672 1378 742 ἐπιθυμίας
1425 673 1522 735 τάς
1575 672 1726 742 παρά
1768 672 1867 741 τῆς

282 757 524 824 φύσεως·
556 757 672 820 πῶς
700 752 794 810 οὖν
830 757 929 810 ούκ
956 759 1013 811 ἐν
1043 759 1156 819 τοῖς
1184 758 1369 819 αὑτοῖς
1395 758 1556 826 ὑμεῖς
1587 757 1828 810 κάκεῖνοι
1851 771 1865 819 ;

294 840 511 910 Ἐπειδὴ
541 842 597 894 αἱ
630 841 978 910 προαιρέσεις
1027 841 1125 909 οὑχ
1176 842 1228 892 αί
1278 841 1439 892 αὑταὶ
1465 841 1490 867 ⁸
1524 841 1652 909 ὑμῖν
1683 839 1870 891 κάκεί-

281 943 418 988 νοιςο
451 924 540 978 διά
579 925 737 978 τοῦτο
781 927 978 977 ἐκεῖνοι
1013 924 1112 994 μὲν
1148 926 1204 977 ἐν
1240 925 1447 995 ἀπάτῃ,
1482 923 1639 993 ὑμεῖς
1678 922 1735 974 δὲ
1774 923 1869 974 ἐκ-

282 1011 368 1071 τὸς
401 1009 499 1078 τῆς
526 1007 760 1077 ἀπάτης.
792 1008 865 1060 Οὑ
897 1007 1060 1061 πάλιν
1099 1007 1190 1059 τὸν
1225 1005 1468 1060 διάϐολον
1513 1005 1868 1060 ἀπαλλάττων

283 1091 642 1161 ἐγκλημάτων
684 1090 858 1145 ταῦτα
906 1091 1071 1160 λέγω,
1125 1092 1242 1146 ἀλλ’
1271 1092 1414 1162 ὑμᾶς
1458 1091 1870 1162 ἁμαρτημάτων

284 1175 647 1245 ἐλευθερῶσαι
699 1175 1035 1239 σπουδάζων.
1089 1175 1332 1245 Πονηρὸς
1376 1177 1404 1227 ὁ
1431 1173 1696 1238 διάϐολος,
1739 1175 1870 1243 ὁμο-

283 1259 426 1326 λογῶ
455 1259 628 1327 κάγὼ,
679 1259 794 1312 ἀλλ’
837 1259 1016 1330 ἐαυτῷ
1053 1260 1306 1331 πονηρὸς,
1349 1261 1447 1328 οὑχ
1479 1261 1631 1330 ἡμῖν,
1667 1259 1732 1312 ἂν
1777 1259 1873 1329 νή-

285 1359 502 1410 φωμεν⁸
536 1341 756 1412 τοιαύτη
790 1342 900 1414 γὰρ
946 1343 1046 1411 τῆς
1085 1343 1283 1405 κακίας
1317 1344 1349 1412 ἡ
1393 1342 1584 1411 φύσις·
1633 1345 1740 1405 τοῖς
1776 1361 1870 1396 κε-

286 1425 574 1496 κτημένοις
601 1427 748 1478 ἐστὶν
789 1425 1009 1497 ὀλεθρία
1057 1426 1258 1496 μόνοις,
1288 1426 1320 1494 ἡ
1355 1424 1413 1477 δέ
1442 1426 1611 1496 ἀρετὴ
1653 1427 1874 1479 τούναν-

286 1508 425 1560 τίον·
454 1509 574 1578 ούχὶ
605 1510 732 1569 τοὺς
779 1507 1153 1579 κεκτημένους
1211 1509 1393 1577 μόνον,
1439 1507 1573 1560 ἀλλά
1607 1509 1701 1561 καὶ
1747 1509 1872 1570 τοὺς

288 1593 511 1663 πλησίον
549 1593 778 1662 ὠφελεῖν
817 1592 1060 1646 δύναται.
1104 1593 1215 1644 Καὶ
1249 1592 1336 1644 ἵνα
1367 1591 1566 1664 μάθῃς.
1598 1592 1678 1644 ὅτι
1707 1594 1734 1644 ὁ
1776 1593 1873 1663 μὲν

290 1676 455 1738 κακὸς
478 1676 656 1746 ἐαυτῷ
682 1675 872 1738 κακὸς,
905 1677 932 1728 6
955 1675 1011 1728 δέ
1038 1674 1262 1742 ἀγαθὸς,
1290 1675 1386 1726 καὶ
1410 1676 1616 1744 ἐτέροις
1647 1675 1871 1743 ἀγαθὸς,

293 1759 600 1830 μαρτυρίαν
631 1776 712 1811 σοι
745 1759 971 1829 παρέχω
997 1757 1368 1828 παροιμιώδη.
1402 1758 1644 1821 Τέκνον,
1684 1758 1868 1828 φησιν,

288 1844 396 1896 ἐὰν
427 1843 612 1907 κακὸς
643 1842 818 1912 γένῃ,
855 1844 1046 1911 μόνος
1077 1843 1406 1907 ἀντλήσεις
1435 1841 1506 1894 τὰ
1549 1840 1734 1895 κακά’
1767 1841 1876 1894 ἐὰν

289 1926 356 1981 δὲ
384 1929 596 1996 σοφὸς,
626 1927 819 1992 ἐαυτῷ
846 1929 943 1980 καὶ
974 1927 1055 1992 τῷ
1089 1927 1378 1991 πλησίον.

375 2010 763 2081 Ἢπατήθησαν
811 2013 868 2062 ἐν
926 2014 1038 2072 τοῖς
1097 2010 1380 2081 θεάτροις,
1430 2009 1541 2063 ἀλλ’
1571 2011 1726 2080 ὑμεῖς
1775 2010 1877 2061 οὑκ

289 2095 630 2166 ήπατήθητε.
683 2096 932 2166 Μεγίστη
983 2093 1123 2164 αῦτη
1172 2094 1517 2165 πραγμάτων
1567 2093 1873 2159 ἀπόδειξις,

291 2181 510 2248 ἐλεγχος
551 2180 729 2249 σαφὴς
769 2180 864 2232 καὶ
903 2179 1162 2247 λογισμὸς
1194 2177 1344 2256 [268]
1395 2179 1878 2249 ἀναμφισϐήτητος

289 2263 383 2316 τοῦ
415 2262 692 2333 πανταχοῦ
722 2264 820 2333 τὴν
870 2263 1191 2335 προαίρεσιν
1245 2259 1384 2316 εῖναι
1427 2265 1642 2335 κυρίαν.
1689 2263 1876 2331 Τούτῳ

290 2347 355 2417 δὴ
394 2348 485 2400 καί
534 2347 696 2410 αὐτὸς
748 2347 990 2418 κέχρησο
1022 2347 1100 2418 τῷ
1144 2349 1332 2419 τρόπῳ
1364 2349 1462 2420 τῆς
1510 2347 1874 2411 ἀποδείξεωςο

292 2431 395 2514 xay
449 2431 563 2502 ἴδῃς
607 2431 894 2502 ἄνθρωπον
941 2434 998 2484 ἐν
1045 2433 1280 2514 πονηρίᾳ
1324 2433 1502 2497 ζῶντα
1548 2433 1642 2486 καὶ
1697 2433 1877 2484 πᾶσαν

291 2512 492 2568 κακίαν
537 2514 1006 2586 ἐπιδεικνύμενον,
1056 2512 1175 2569 εἶτα
1232 2515 1558 2586 αἰτιώμενον
1604 2514 1696 2567 τοῦ
1743 2514 1877 2566 Θεοῦ

291 2599 392 2668 τὴν
439 2597 695 2668 πρόνοιαν
743 2599 837 2650 καὶ
891 2597 1141 2665 λέγοντα,
1193 2599 1275 2651 ὅτι
1327 2599 1497 2669 τύχης
1544 2599 1637 2651 καὶ
1687 2599 1881 2668 εἱμαρ-

297 2688 466 2752 μένης
496 2682 708 2753 ἀνάγκῃ
743 2683 839 2735 καὶ
877 2683 1149 2751 δαιμόνων
1175 2683 1450 2754 τυραννίδι
1476 2682 1574 2754 τὴν
1606 2683 1882 2752 ἡμετέραν

298 2763 528 2830 ἐξέδωκε
563 2764 746 2832 φύσιν,
775 2765 870 2818 καὶ
910 2766 1174 2819 πάντοθεν
1216 2768 1314 2837 τὴν
1348 2767 1525 2820 αἰτίαν
1557 2766 1648 2834 ἀφ’
1687 2765 1879 2819 ἑαυτοῦ

299 2849 398 2918 μὲν
432 2847 740 2916 ἀπάγοντα,
769 2848 861 2900 ἐπὶ
891 2847 946 2901 δὲ
974 2849 1065 2901 τὸν
1099 2849 1431 2921 δημιουργὸν
1461 2851 1556 2903 καὶ
1599 2849 1752 2902 τοῦδε
1785 2848 1879 2901 τοῦ

295 2931 496 2993 παντὸς
529 2930 862 3001 προνοοῦντα
911 2933 1321 3003 μεταφέροντα,
1364 2933 1678 3003 ἀπόφραξον
1717 2931 1880 2984 αὑτοῦ

293 3017 354 3066 τὸ
391 3017 584 3082 στόμα,
631 3013 703 3084 μὴ
754 3013 917 3084 λόγῳ,
945 3014 1060 3066 ἀλλ’
1088 3015 1255 3085 ἔργῳ,
1290 3015 1564 3079 ἐπιδείξας
1601 3015 1883 3067 σύνδουλον

295 3099 483 3166 ἓτερον
515 3101 570 3149 ἐν
610 3099 778 3167 ἀρετῇ
819 3099 914 3151 καὶ
955 3099 1229 3167 ἐπιεικείᾳ
1270 3097 1467 3162 ζῶντα.
1499 3099 1574 3151 Ού
1607 3099 1764 3168 χρεία
1793 3099 1882 3151 λό-

297 3197 408 3247 γων
463 3181 708 3251 μακρῶν,
753 3181 812 3232 οὑ
854 3181 1012 3251 χρεία
1059 3181 1409 3250 κατασκευῆς
1457 3181 1884 3252 συμπεπλεγμέ-

301 3281 420 3332 νης,
466 3263 587 3315 οὑδὲ
619 3263 997 3334 συλλογισμῶν
1020 3281 1032 3292 ·
1064 3264 1152 3316 διὰ
1194 3264 1300 3316 τῶν
1329 3263 1506 3334 ἔργων
1541 3265 1574 3333 ή
1612 3263 1884 3328 ἀπόδειξις

297 3347 540 3412 γίνεται·
574 3349 695 3400 εἰπὲ
730 3348 867 3418 πρὸς
901 3347 1062 3400 αὐτόν
1085 3364 1097 3376 ·
1136 3348 1247 3400 Καὶ
1282 3349 1346 3400 σὺ
1385 3346 1592 3410 δοῦλος,
1633 3347 1885 3410 κάκεῖνος

297 3429 519 3494 δοῦλοςο
560 3433 655 3484 καὶ⁸
687 3432 752 3485 σὺ
794 3431 1102 3503 ἄνθρωπος,
1153 3433 1404 3494 κάκεῖνος
1437 3430 1753 3501 ἄνθρωπος·
1795 3431 1886 3483 τὸν

298 3514 462 3567 αὑτὸν
494 3514 698 3584 κόσμον
748 3516 956 3581 οἰκεῖς,
1008 3515 1114 3567 ὑπὸ
1165 3514 1256 3567 τὸν
1310 3513 1472 3568 αὑτὸν
1523 3514 1752 3583 οὐρανὸν
1785 3513 1885 3576 τὰς

301 3597 470 3660 αὐτὲις
513 3599 685 3669 τρέφῃ
716 3599 948 3667 τροφάς·
985 3597 1103 3660 πῶς
1132 3598 1196 3650 σὺ
1242 3597 1340 3667 μὲν
1369 3598 1426 3649 ἐν
1459 3597 1715 3666 πονηρίᾳ,
1747 3597 1887 3648 ἐκεῖ-

301 3698 391 3744 νος
421 3682 476 3734 δὲ
505 3683 562 3734 ἐν
594 3684 801 3754 ἀρετῇ;
838 3682 940 3736 Διά
976 3682 1135 3735 τοῦτο
1163 3683 1257 3735 καὶ
1291 3684 1318 3734 6
1353 3680 1484 3742 Θεὸς
1531 3680 1714 3750 ἀφῆκε
1759 3681 1886 3742 τοὺς

303 3767 574 3836 πονηροὺς
606 3769 715 3829 τοῖς
745 3766 971 3834 ἀγαθοῖς
1019 3765 1418 3836 ἀναμεμίχθαι,
1451 3764 1546 3816 καὶ⁵
1575 3764 1677 3816 οὑκ
1718 3763 1886 3833 ἄλλην

307 3849 405 3918 μὲν
450 3852 562 3911 τοῖς
610 3852 864 3919 πονηροῖς
907 3849 1074 3902 ἔδωκε
1121 3852 1245 3920 γῆν,
1297 3849 1376 3911 εἰς
1429 3849 1622 3919 ἑτέραν
1655 3846 1711 3898 δὲ
1761 3850 1886 3909 τοὺς

304 3933 541 3999 ἀγαθοὺς
567 3933 895 4003 οἰκουμένην
920 3932 1222 4004 ἀπῴκισεν,
1250 3932 1384 3986 ἀλλά
1408 3930 1633 4002 ἀνέμιξε
1663 3929 1886 3994 τούτους

305 4018 569 4080 ἐκείνοις,
619 4017 753 4070 πολὺ
791 4017 852 4069 τὸ
903 4019 1173 4087 χρήσιμον
1219 4015 1609 4087 ἐργαζόμενος.
1666 4016 1730 4066 UE
1776 4014 1887 4084 γὰρ

303 4101 502 4169 ἀγαθοὶ
530 4101 886 4172 δοκιμώτεροι
916 4100 1216 4168 φαίνονται,
1245 4100 1303 4151 ἐν
1335 4099 1486 4169 μέσῳ
1513 4098 1621 4152 τῶν
1648 4095 1889 4151 κωλυόν-

305 4202 412 4238 των
469 4186 667 4247 αὑτοὺς
712 4184 888 4253 ὀρθῶς
929 4183 1028 4255 ζῇν
1078 4185 1172 4236 καὶ
1214 4182 1348 4256 πρὸς
1385 4182 1585 4235 κακίαν
1622 4181 1888 4234 ἑλκόντων

304 4268 458 4331 ὄντες
496 4269 592 4321 καὶ
638 4269 732 4338 τῆς
779 4267 983 4338 ἀρετῆς
1031 4265 1579 4336 ἀντιλαμϐανόμενοι.
1613 4265 1713 4317 Δεῖ
1757 4263 1886 4334 γὰρ,

306 4353 460 4422 φησὶ,
496 4351 595 4405 καὶ
639 4351 899 4420 αἱρέσεις
936 4346 1089 4404 εἶναι
1125 4352 1195 4403 ὲν
1234 4349 1398 4418 ὑμῖν,
1433 4350 1535 4401 ἵνα
1564 4352 1615 4401 οἱ
1655 4347 1890 4415 δόκιμοι

305 4436 552 4504 φανεροὶ
583 4436 872 4504 γένωνται
911 4434 980 4486 ἐν
1015 4433 1180 4502 ὑμῖν.

354 4509 356 4514 ’
381 4519 591 4572 Οὐκοῦν
619 4519 712 4571 καὶ
747 4517 835 4570 διά
860 4517 1018 4570 τοῦτο
1043 4518 1171 4579 τοὺς
1201 4514 1474 4586 πονηροὺς
1508 4514 1721 4582 ἀφῆκεν
1750 4510 1889 4566 εἶναι

307 4605 366 4655 ἐν
391 4602 468 4673 τῷ
500 4603 670 4673 μέσῳ,
695 4604 780 4655 ἵνα
805 4603 854 4654 οἱ
880 4601 1075 4668 ἀγαθοὶ
1102 4599 1451 4669 διαλάμπωσι
1477 4598 1697 4668 μᾶλλον.
1730 4599 1892 4668 Ὁρᾷς

307 4687 370 4740 τὸ
400 4687 588 4756 κέρδος
616 4687 770 4751 ὅσον;
811 4685 948 4738 Ἀλλ’
979 4685 1039 4738 οὐ
1074 4685 1224 4756 παρά
1249 4683 1355 4735 τῶν
1391 4682 1644 4752 πονηρῶν
1677 4681 1737 4734 τὸ
1770 4683 1892 4754 κέρ-

307 4770 418 4833 δος,
451 4771 585 4823 ἀλλά
616 4771 768 4841 παρά
799 4770 898 4839 τῆς
924 4768 1174 4838 ἀνδρείας
1204 4767 1312 4820 τῶν
1341 4763 1583 4834 ἀγαθῶν.
1611 4764 1710 4818 Διά
1736 4764 1893 4817 τοῦτο

310 4854 405 4907 καὶ
439 4855 529 4905 τὸν
563 4854 686 4906 Νῶε
722 4853 1093 4923 θαυμάζομεν,
1138 4849 1235 4920 οὑχ
1265 4851 1346 4903 ὅτι
1394 4847 1598 4909 δίκαιος
1635 4843 1722 4918 ἦν,
1773 4847 1894 4901 οὑδὲ

308 4938 393 4991 ὅτι
427 4939 632 5001 τέλειος
662 4935 730 5009 ἧν
763 4939 941 5008 μόνον,
968 4936 1081 4989 ἀλλ’
1111 4937 1191 4988 ὅτι
1223 4937 1279 4987 ἐν
1312 4935 1378 5004 τῇ
1408 4933 1570 5002 γενεᾷ
1603 4931 1788 5004 ἐκείνῃ
1825 4933 1891 5001 τῇ

306 5023 714 5095 διεστραμμένη
761 5024 853 5076 καὶ
899 5022 1111 5092 πονηρᾷ
1143 5020 1364 5072 διέσωσε
1411 5017 1509 5089 τὴν
1547 5015 1769 5088 ἀρετὴν,
1803 5017 1893 5068 ὅτε

307 5106 412 5161 οὐκ
441 5102 552 5177 εἷχὶ
577 5107 926 5176 παράδειγμα
953 5106 1172 5176 ἀρετῆς,
1200 5104 1288 5155 ὅτε
1323 5101 1522 5163 πάντες
1559 5100 1696 5170 πρὸς
1727 5115 1896 5170 πονη-

312 5191 438 5261 ρίαν
485 5192 648 5242 αύτὸν
708 5189 1078 5261 παρεκάλουνο
1120 5187 1215 5238 καὶ
1274 5186 1454 5237 πᾶσαν
1515 5183 1609 5236 ἀπ’
1645 5183 1896 5245 ἐναντίας

308 5270 474 5344 ἦλθεν
529 5275 790 5338 ἐκείνοις,
835 5274 1087 5341 καθάπερ
1125 5287 1206 5334 τις
1240 5269 1421 5338 ὁδίτης
1469 5265 1650 5336 πολλῷ
1701 5265 1894 5335 πλήθει

311 5357 464 5429 ῥύμῃ
495 5358 778 5428 φερομένῳ
808 5358 909 5428 τὴν
942 5353 1190 5409 ἐναντίαν
1218 5352 1416 5407 ὁδεύων
1447 5350 1585 5404 ὁδόν.
1610 5349 1707 5402 Διά
1737 5347 1897 5401 τοῦτο

308 5444 412 5512 οὑχ
445 5441 630 5505 ἁπλῶς
660 5437 799 5507 εἷπε,
837 5439 963 5494 Νῶε
999 5439 1247 5500 δίκαιος,
1282 5435 1530 5500 τέλειος,
1561 5433 1697 5487 ἀλλὰ
1728 5450 1898 5504 προσ-

313 5525 537 5595 έθηκεν,
575 5525 644 5578 ἐν
680 5524 756 5592 τῇ
793 5521 969 5592 γενεᾷ
1021 5521 1229 5584 αὐτοῦ,
1257 5522 1316 5572 ἐν
1347 5522 1412 5589 τῇ
1453 5517 1894 5588 διεστραμμένῃ,

259 5597 268 5602 ’
308 5609 370 5661 ἐν
397 5611 466 5678 τῇ
509 5607 929 5678 ἀπεγνωσμένῃ,
976 5607 1064 5658 ὅτε
1112 5603 1264 5656 οὑδέν
1302 5603 1630 5673 ἐμπόρευμα
1657 5595 1725 5671 ἦν
1768 5600 1899 5669 ἀρε-

309 5691 434 5760 τῆς.
474 5692 598 5754 Τοῖς
635 5693 732 5761 μὲν
769 5687 862 5743 οῦν
895 5690 1120 5758 ἀγαθοῖς
1154 5688 1261 5741 ἀπὸ
1293 5687 1401 5739 τῶν
1442 5683 1695 5754 πονηρῶν
1738 5683 1901 5735 τοῦτο

308 5773 375 5828 τὸ
412 5774 602 5844 κέρδος
647 5771 746 5845 ἦν·
793 5773 934 5826 οὑτω
982 5773 1110 5840 γοῦν
1163 5771 1256 5824 καὶ
1297 5769 1486 5841 δένδρα
1535 5767 1638 5820 ὑπὸ
1674 5765 1888 5836 ἀνέμων

310 5860 570 5912 ἐναντίων
625 5856 948 5928 ριπιζόμενα
1000 5855 1325 5927 ἰσχυρότερα
1370 5853 1598 5920 γίνεται.
1632 5851 1787 5903 Ἐστι
1837 5846 1891 5900 δὲ

380 5965 408 5994 ⁸
433 5963 556 6025 Reg.
575 5966 605 6020 ἡ
631 5963 901 6026 προαίρεσις
924 5961 1010 6024 οὐχ
1031 5963 1061 6017 ἡ
1097 5960 1233 6017 αὐτή.

1200 307 1288 362 DE
1328 307 1622 364 DIABOLO
1666 305 2106 363 TENTATORE.
2154 306 2384 363 HOMIL.
2428 306 2515 360 Ill.

3442 312 3555 372 9.66

1970 422 2064 476 καὶ
2103 423 2214 485 τοῖς
2263 423 2520 489 πονηροῖς
2572 419 2761 490 κέρδος
2815 421 2924 474 ἀπὸ
2967 421 3068 492 τῆς
3118 422 3398 493 ἐπιμιξίας
3444 427 3554 481 τῶν

1969 505 2223 573 ἀγαθῶνο
2279 505 2574 568 αἰδοῦνται,
2626 505 2992 575 αἰσχύνονται,
3039 506 3366 580 ἐρυθριῶσιν
3407 509 3555 563 ’ἐκεί-

1970 607 2113 653 νους,
2147 591 2249 642 κᾶν
2285 590 2358 660 μὴ
2392 589 2670 642 ἀποστῶσι
2705 590 2804 659 τῆς
2834 590 3054 654 κακίας,
3079 590 3194 643 ἀλλ’
3224 593 3373 661 ὅμως
3414 596 3554 664 μετά

1968 673 2061 726 τοῦ
2093 672 2376 726 λανθάνειν
2411 672 2680 743 τολμῶσιν
2723 673 2866 745 ἆπερ
2897 673 3186 744 τολμῶσιν.
3232 676 3306 728 Οὐ
3358 678 3555 748 μικρὸν

1969 755 2026 808 δὲ
2061 757 2241 822 τοῦτο,
2282 757 2356 828 μή
2390 757 2534 828 ἔχειν
2579 758 3143 829 πεπαρρησιασμένην
3183 759 3282 830 τὴν
3319 778 3556 832 παρανο-

1975 839 2103 910 μίαν
2125 856 2137 869 ’
2170 843 2198 892 ὀ
2233 840 2342 912 γὰρ
2370 841 2476 893 τῶν
2525 841 2698 895 ἄλλων
2728 842 2840 912 βίος
2869 843 3173 914 κατήγορος
3209 846 3308 914 τῆς
3349 845 3554 899 τούτων

1972 924 2170 987 κακίας
2198 925 2424 992 γίνεται.
2456 926 2722 978 Ἀκουσον
2769 925 2899 995 γοῦν
2934 926 2984 979 τί
3011 944 3142 993 φασι
3177 929 3303 996 περὶ
3338 927 3432 981 τοῦ
3479 929 3556 981 δι·

1973 1009 2156 1060 καίου·
2207 1010 2405 1077 Βαρύς
2457 1010 2628 1062 ἐστιν
2672 1010 2818 1078 ἡμῖν
2866 1010 2966 1062 καὶ
3028 1011 3432 1080 βλεπόμενος.
3478 1015 3552 1065 Ού

1977 1092 2147 1163 μικρά
2181 1093 2237 1145 δὲ
2283 1094 2424 1164 ἀρχὴ
2456 1092 2793 1163 διορθώσεως
2829 1093 2889 1145 τὸ
2933 1094 3220 1148 δάκνεσθαι
3273 1097 3438 1149 αὑτοῦ
3485 1101 3552 1167 τῇ

1974 1176 2278 1247 παρουσίςρ
2312 1179 2405 1229 καὶ
2434 1176 2542 1247 γὰρ
2577 1178 2622 1228 εί
2653 1177 2727 1246 μὴ
2762 1176 2983 1229 ἔδακνεν
3011 1179 3209 1240 αὑτοὺς
3238 1181 3270 1250 ή
3301 1179 3424 1248 ὄψις
3457 1181 3554 1232 τοῦ

1973 1260 2204 1321 δικαίου,
2248 1259 2347 1312 οὐκ
2385 1260 2450 1313 ἂν
2491 1261 2648 1312 τοῦτο
2699 1257 3030 1329 ἐφθέγξαντο
3064 1260 3123 1313 τὸ
3173 1261 3342 1332 ῥῆμαο
3395 1263 3454 1315 τὸ
3500 1262 3557 1315 δὲ

1973 1343 2263 1396 δάκνεσθαι
2291 1344 2381 1396 καὶ
2414 1343 2711 1412 στύφεσθαι
2738 1343 2799 1394 τὸ
2834 1344 3072 1406 συνειδὸς
3097 1345 3204 1396 ἀπὸ
3229 1347 3330 1414 τῆς
3358 1363 3558 1418 παρου-

1977 1428 2098 1490 σίας
2126 1428 2357 1489 ἐκείνου,
2385 1428 2444 1480 οὐ
2483 1429 2677 1499 μικρὸν
2707 1427 2773 1480 ἂν
2805 1430 2888 1498 εἴη
2921 1428 3148 1498 κώλυμα
3172 1429 3266 1481 τοῦ
3303 1431 3376 1500 μὴ
3420 1432 3559 1499 μετὰ

1975 1511 2159 1574 ἀδείας
2187 1515 2254 1582 τῇ
2301 1513 2536 1582 πονηρίᾳ
2563 1512 2884 1583 κεχρῆσθαι.
2915 1509 3070 1575 Εἶδες
3100 1515 3264 1566 πόσον
3295 1515 3411 1567 ἐστὶ
3439 1516 3562 1586 κέρ-

1975 1594 2062 1657 δος
2108 1597 2202 1647 καὶ
2246 1599 2359 1660 τοῖς
2407 1597 2633 1663 ἀγαθοῖς
2675 1597 2784 1649 ἀπὸ
2830 1596 2938 1649 τῶν
2991 1597 3261 1668 πονηρῶν,
3305 1599 3399 1652 καὶ
3446 1603 3561 1664 τοῖς

1977 1681 2232 1748 πονηροῖς
2277 1680 2385 1732 ἀπὸ
2435 1679 2543 1732 τῶν
2590 1679 2850 1747 ἀγαθῶν;
2896 1680 2983 1733 διά
3036 1680 3195 1734 τοῦτο
3252 1684 3313 1735 οὑ
3361 1683 3558 1736 διεῖλεν

1976 1763 2169 1825 αὐτοὺς
2196 1765 2224 1816 ὁ
2248 1762 2399 1826 Θεὸς,
2432 1763 2546 1816 ἀλλ’
2571 1763 2783 1832 ἀφῆκεν
2808 1763 3204 1834 ἀναμεμίχθαι.

2051 1846 2202 1918 [269]
2239 1848 2306 1916 β’.
2361 1849 2418 1900 '0
2445 1847 2609 1909 αὐτὸς
2630 1848 2809 1900 τοίνυν
2833 1850 2964 1917 ἡμῖν
2994 1848 3152 1916 λόγος
3186 1849 3280 1902 καὶ
3311 1850 3438 1920 περὶ
3464 1849 3560 1903 τοῦ

1976 1929 2244 1983 διαϐόλου.
2289 1929 2388 1982 Διά
2439 1929 2548 2000 γάρ
2607 1929 2760 1983 τοῦτο
2814 1933 2910 1983 καὶ
2963 1931 3150 1984 τοῦτον
3203 1933 3414 2002 ἀφῆκεν
3473 1935 3564 1986 ἐν·-

1975 2013 2150 2067 ταῦθα
2183 2008 2343 2077 εἶναι,
2377 2013 2462 2066 ἵνα
2490 2015 2548 2066 σε
2588 2014 2936 2085 ἰσχυρότερον
2965 2016 3285 2086 ἐργάσηται,
3315 2017 3401 2069 ἵνα
3431 2015 3564 2086 λαμ-

1979 2097 2242 2168 πρότερον
2293 2097 2496 2167 ποιήσῃ
2548 2096 2638 2149 τὸν
2704 2097 2966 2168 ἀθλητὴν,
3020 2100 3105 2151 ἵνα
3155 2094 3447 2171 μείζοναῇ
3494 2100 3563 2152 τὰ

1977 2179 2355 2250 ἀγωνίσματα.
2382 2178 2556 2233 Ὅταν
2588 2175 2679 2233 οὑν
2715 2181 2850 2252 λέγῃ
2878 2198 2980 2245 τις,
3005 2181 3102 2234 Διά
3128 2182 3179 2234 τί
3204 2182 3294 2234 τὸν
3318 2181 3563 2235 διάϐολον

1980 2267 2191 2336 ἀφῆκεν
2218 2267 2246 2320 ό
2271 2265 2435 2330 Θεός;
2467 2264 2638 2317 ταῦτα
2661 2264 2785 2334 λέγε
2815 2266 2952 2333 πρὸς
2983 2267 3190 2319 ἐκεῖνον
3219 2266 3287 2319 τά
3311 2267 3560 2337 ῥήματα⁹

1981 2349 2105 2401 Ὅτι
2137 2349 2263 2412 τοὺς
2298 2350 2568 2418 νήφοντας
2606 2349 2701 2400 καὶ
2731 2348 3098 2418 προσέχοντας
3123 2349 3182 2401 ού
3221 2350 3379 2419 μόνον
3411 2349 3564 2402 οὐδὲν

1979 2433 2350 2505 παρέϐλαψεν,
2383 2432 2518 2485 ἀλλὰ
2554 2434 2648 2486 καὶ
2674 2433 2977 2504 ὠφέλησεν,
3020 2433 3082 2485 οὐ
3117 2433 3270 2503 παρά
3307 2433 3406 2502 τὴν
3439 2433 3567 2484 ἐαυοι

1979 2517 2072 2570 τοῦ
2101 2519 2420 2588 προαίρεσιν
2454 2516 2691 2586 (πονηρά
2727 2516 2834 2588 γάρ
2880 2516 3072 2587 ἐστιν).
3103 2516 3239 2571 ἀλλὰ
3282 2517 3431 2587 παρά
3465 2518 3567 2589 τὴν

1979 2602 2203 2655 ἐκείνων
2231 2601 2481 2671 ἀνδρείαν
2520 2600 2630 2654 τῶν
2656 2603 2720 2670 τῇ
2769 2601 3002 2671 πονηρίᾳ
3031 2602 3112 2664 είς
3135 2601 3253 2654 δέον
3288 2600 3569 2672 χρησαμὲ-

1980 2703 2106 2740 νων.
2152 2685 2305 2739 Ἐπεὶ
2360 2686 2454 2738 καὶ
2511 2684 2588 2755 τῷ
2629 2684 2748 2737 Ἰὼϐ
2786 2685 3142 2755 προσεπλάκη
3204 2687 3324 2756 μὲν,
3371 2687 3430 2739 οὐ
3478 2687 3568 2740 διά

1980 2768 2138 2821 τοῦτο
2187 2769 2265 2832 δὲ,
2300 2769 2388 2822 ἵνα
2438 2767 2598 2820 αὑτὸν
2649 2768 3030 2839 λαμπρότερον
3071 2770 3296 2839 ποιήσῃ,
3338 2769 3452 2821 ἀλλ’
3483 2771 3570 2822 ἵνα

1982 2853 2346 2925 ὑποσκελίσῃ·
2397 2852 2485 2905 διά
2533 2852 2692 2904 τοῦτο
2740 2851 2997 2922 πονηρὸς.
3048 2852 3136 2905 διὰ
3173 2853 3269 2922 τήν
3313 2853 3570 2922 τοιαύτην

1983 2937 2207 3007 γνώμην
2241 2938 2336 2989 καὶ
2374 2937 2474 3007 τὴν
2509 2935 2831 3006 προαίρεσιν
2853 2952 2866 2963 ’
2902 2935 3017 2987 ἀλλ’
3051 2937 3200 3004 ὅμως
3237 2937 3390 2989 οὐδὲν
3429 2955 3571 3006 παρ-

1982 3019 2182 3086 έϐλαψε
2221 3021 2310 3072 τὸν
2341 3020 2568 3084 δίκαιον,
2603 3018 2740 3071 ἀλλά
2775 3020 2866 3072 καὶ
2895 3019 3149 3072 ἀπώνατο
3194 3020 3391 3089 μᾶλλον
3423 3020 3569 3072 ἐκεῖ--

1983 3120 2070 3165 νος
2097 3103 2207 3156 άπὸ
2231 3103 2329 3172 τῆς
2356 3103 2556 3172 μάχης,
2581 3103 2717 3173 ὅπερ
2756 3097 2849 3155 οῦν
2881 3104 2974 3155 καὶ
3001 3102 3385 3172 ἀπεδείξαμεν
3421 3103 3514 3154 καὶ
3543 3104 3572 3155 6

1983 3187 2193 3256 δαίμων
2243 3188 2342 3256 τὴν
2393 3187 2697 3257 πονηρίαν,
2747 3187 2842 3239 καὶ
2881 3187 3138 3248 δδίκαιος
3170 3187 3270 3256 τὴν
3318 3185 3570 3257 ἀνδρείαν

1984 3271 2316 3334 ἐπεδείξατο.
2370 3270 2529 3322 Ἀλλὰ
2559 3271 2654 3323 καὶ
2704 3270 3046 3334 ὑποσκελίζει
3098 3268 3365 3333 πολλοὺς,
3404 3271 3567 3339 φησί·
3658 3307 3660 3309 -

1988 3354 2139 3424 παρά
2192 3355 2290 3422 τὴν
2322 3352 2501 3406 αὑτῶν
2536 3353 2861 3416 ἀσθένειαν,
2913 3353 2973 3405 ού
3006 3351 3158 3422 παρά
3210 3351 3310 3422 τὴν
3363 3353 3572 3405 οἰκείαν

1988 3438 2140 3508 ἰσχύν
2163 3455 2174 3466 ’
2199 3438 2294 3490 καὶ
2325 3437 2433 3507 γὰρ
2453 3436 2610 3488 τοῦτο
2643 3436 2936 3506 ἀπεδείχθη
2960 3434 3048 3488 διά
3071 3434 3281 3487 πολλῶν
3315 3435 3438 3505 ήδη.
3460 3436 3572 3502 Τὴν

1986 3521 2185 3574 σαυτοῦ
2213 3521 2392 3573 τοίνυν
2423 3521 2772 3589 κατόρθωσον
2804 3519 3052 3588 γνώμην,
3082 3519 3176 3572 καὶ
3199 3521 3331 3586 παρ’
3358 3519 3572 3582 οὐδενὸς

1984 3607 2238 3659 οὐδέποτε
2263 3604 2390 3678 δέξῃ
2417 3604 2632 3675 βλάϐος,
2665 3605 2803 3656 ἀλλά
2849 3605 2943 3656 καὶ
2982 3603 3050 3656 τὰ
3095 3601 3330 3673 μέγιστα
3376 3603 3572 3674 κερδα-

1985 3693 2115 3752 νεῖς,
2144 3689 2266 3758 οὐχὶ
2292 3688 2444 3758 παρὰ
2481 3689 2587 3740 τῶν
2616 3686 2840 3755 ἀγαθῶν
2887 3687 3046 3756 μόνον
3072 3727 3086 3748 ,
3115 3685 3252 3739 ἀλλά
3293 3687 3385 3740 καὶ
3421 3687 3573 3755 παρὰ

1984 3771 2094 3824 τῶν
2123 3771 2399 3843 πονηρῶν.
2443 3772 2542 3824 Διά
2585 3770 2693 3842 γὰρ
2733 3770 2924 3831 τοῦτο,
2961 3769 3219 3839 καθάπερ
3261 3769 3572 3840 ἔμπροσθεν

1986 3850 2159 3916 εἶπον,
2205 3854 2323 3924 μετ’
2349 3853 2594 3924 ἀλλήλων
2617 3853 2831 3923 ἀφῆκεν
2856 3849 2994 3906 εἶναι
3027 3853 3153 3914 τοὺς
3198 3851 3518 3924 ἀνθρώπους
3544 3854 3573 3905 6

1985 3937 2138 4000 Θεὸς,
2175 3938 2270 3990 καὶ
2299 3936 2535 4007 μάλιστα
2554 3936 2682 3999 τοὺς
2702 3936 2940 4004 ἀγαθοὺς
2973 3935 3111 4006 μετά
3145 3935 3255 3988 τῶν
3295 3935 3570 4007 πονηρῶν,

1986 4022 2074 4073 ἵνα
2101 4019 2386 4082 κάκείνους
2417 4019 2554 4090 πρὸς
2582 4018 2679 4089 τὴν
2707 4017 2915 4072 οἰκείαν
2945 4017 3330 4088 μεταγάγωσιν
3347 4019 3566 4088 ἀρετήν.

1992 4105 2259 4156 Ἀκουσον
2316 4101 2448 4170 γοῦν
2482 4101 2536 4154 τί
2585 4118 2720 4172 φησι
2749 4103 2864 4164 τοῖς
2902 4100 3173 4170 μαθηταῖς
3225 4102 3254 4153 6
3300 4100 3570 4170 Χριστός·

1998 4186 2280 4256 Ὡμοιώθη
2313 4188 2351 4252 ἡ
2372 4187 2665 4251 ,βασιλεία
2687 4185 2806 4238 τῶν
2831 4184 3108 4252 οὐρανῶν
3142 4184 3402 4252 γυναικὶ,
3442 4185 3572 4251 ἥτις

1986 4270 2263 4324 λαϐοῦσα
2299 4267 2487 4337 ζύμην
2512 4270 2781 4336 ἔκρυψεν
2809 4271 2894 4333 εἰς
2928 4268 3188 4335 ἀλεύρου
3231 4266 3388 4320 σάτα
3417 4268 3568 4336 τρία.

1991 4355 2153 4404 Ὥστε
2177 4352 2357 4422 ζύμης
2381 4351 2610 4421 δύναμιν
2634 4350 2848 4420 ἔχουσιν
2872 4352 2920 4402 οί
2954 4350 3173 4411 δίκαιοι,
3211 4349 3298 4402 ἵνα
3324 4349 3458 4419 πρὸς
3473 4350 3572 4418 τὴν

1989 4433 2198 4488 ἐαυτῶν
2230 4433 2492 4504 ποιότητα
2524 4434 2650 4496 τοὺς
2671 4433 2944 4504 πονηροὺς
2964 4433 3396 4502 μεταστήσωσιν.
3434 4431 3573 4484 Ἀλλ’

1989 4518 2161 4586 ὀλίγοι
2200 4519 2249 4570 οί
2282 4516 2501 4580 δίκαιοι,
2541 4517 2636 4568 καὶ
2678 4517 2788 4585 γὰρ
2821 4516 2914 4568 καὶ
2959 4517 2991 4586 ἡ
3030 4513 3176 4586 ζύμη
3218 4515 3424 4585 μικρά·
3457 4515 3572 4568 ἀλλ’

1990 4602 2199 4671 οὑδὲνή
2260 4601 2526 4670 μικρότης
2564 4597 2949 4669 παραϐλάπτει
2988 4597 3050 4650 τὸ
3093 4599 3346 4668 φύραμα,
3377 4597 3490 4650 ἀλλ’
3540 4599 3574 4667 ἡ

1993 4686 2294 4756 σμικρότης
2325 4683 2507 4753 ἐκείνη
2536 4681 2681 4734 ἅπαν
2712 4681 2774 4734 τὸ
2809 4681 3035 4751 ἄλευρον
3058 4682 3194 4750 πρὸς
3213 4680 3410 4750 ἑαυτὴν
3444 4680 3576 4750 μεθ-

1995 4770 2173 4839 ίστησι
2211 4767 2296 4819 διὰ
2324 4768 2422 4836 τῆς
2453 4765 2679 4833 ἐνούσης
2708 4765 2845 4832 αὑτῇ
2879 4763 3179 4833 δυνάμεως.
3212 4763 3368 4816 Οὕτω
3390 4764 3454 4832 δή
3483 4764 3578 4816 καὶ

1991 4854 2024 4922 ή
2053 4850 2283 4920 δύναμις
2313 4847 2422 4899 τῶν
2455 4847 2681 4902 δικαίων
2715 4847 2816 4900 οὑκ
2853 4849 2912 4898 ἐν
2944 4849 3010 4916 τῇ
3045 4845 3306 4915 ποσότητι
3332 4845 3427 4898 τοῦ
3455 4846 3577 4915 ἀρι-

1994 4935 2156 5007 θμοῦ,
2188 4934 2302 4987 ἀλλ’
2334 4935 2391 4986 ἐν
2435 4936 2502 5004 τῇ
2555 4932 2645 4985 τοῦ
2681 4930 2998 5000 Πνεύματος
3046 4930 3231 5001 χάριτι
3278 4929 3377 5000 τὴν
3423 4930 3576 4999 ἰσχὺν

1994 5020 2126 5091 ἔχει.
2155 5018 2377 5072 Δώδεκα
2406 5013 2546 5089 ἦσαν
2572 5019 2619 5070 οί
2643 5015 2934 5069 ἀπόστολοι
2955 5032 2966 5043 ·
3020 5012 3160 5078 εἶδες
3191 5013 3308 5077 πῶς
3337 5015 3509 5084 μικρὰ
3541 5016 3575 5085 ή

1995 5106 2176 5174 ζύμη;
2209 5104 2304 5173 ὅλη
2337 5105 2370 5174 ή
2403 5102 2697 5172 οἰκουμένη
2735 5102 2793 5152 ἐν
2823 5100 3056 5171 ἀπιστία
3096 5095 3164 5170 ἦν
3185 5116 3198 5130 ο
3235 5094 3374 5161 εἶδες
3410 5097 3576 5150 πόσον

1993 5173 2310 5260 τὸίφύραμα
2336 5173 2496 5252 ;ίάλλ’
2529 5186 2725 5240 ἐκεῖνοι
2748 5186 2798 5238 οἱ
2823 5183 3031 5237 δώδεκα
3067 5185 3247 5236 πᾶσαν
3268 5181 3366 5252 τὴν
3399 5182 3578 5233 οίκου-

1998 5273 2165 5343 μένην
2187 5271 2322 5339 πρὸς
2345 5270 2574 5327 ἑαυτοὺς
2596 5268 2961 5338 ἐπέστρεψαν.
3007 5267 3069 5318 Ἥ
3101 5265 3246 5335 ζύμη
3274 5266 3368 5317 καὶ
3390 5263 3450 5315 τὸ
3478 5264 3576 5331 φύς

1999 5376 2146 5430 ραμα
2174 5357 2274 5426 τῆς
2314 5356 2484 5424 αὐτῆς
2525 5353 2761 5422 φύσεως,
2788 5352 2901 5405 ἀλλ’
2933 5351 2994 5404 οὑ
3029 5352 3125 5420 τῆς
3160 5351 3330 5417 αὑτῆς
3355 5348 3576 5418 ποιότη-

1995 5459 2086 5504 τος
2110 5456 2123 5470 ·
2147 5440 2236 5493 διά
2260 5439 2415 5492 τοῦτο
2442 5437 2624 5507 ἀφῆκε
2659 5434 2865 5506 μεταξὺ
2897 5435 3003 5488 τῶν
3045 5432 3272 5486 δικαίων
3308 5431 3432 5487 τοὺς
3476 5447 3577 5482 πο-

1997 5525 2214 5594 νηροὺς,
2255 5523 2321 5574 ἵν’
2371 5521 2558 5591 ὥσπερ
2601 5519 2700 5588 τῆς
2739 5518 2908 5587 αὑτῆς
2958 5514 3173 5586 φύσεώς
3218 5517 3322 5567 είσι
3357 5517 3468 5576 τοῖς
3497 5513 3579 5565 δι-

1996 5608 2194 5670 καίοις,
2228 5606 2371 5658 οὑτω
2399 5603 2493 5657 καὶ
2513 5604 2609 5672 τῆς
2650 5602 2822 5670 αὐτῆς
2855 5598 3229 5671 προαιρέσεως
3257 5597 3543 5664 γένωνται.

2069 5689 2289 5742 Τούτων
2331 5687 2634 5758 μέμνησθε,
2666 5685 2876 5747 τούτοις
2901 5682 3284 5751 ἐπιστομιζετε
3323 5680 3447 5742 τοὺς
3480 5681 3580 5750 ρᾳ-

2001 5774 2226 5844 θύμους,
2249 5772 2375 5834 τοὺς
2391 5769 2840 5838 διακεχυμένους,
2863 5770 2988 5830 τοὺς
3012 5763 3431 5836 ὀκνηροτέρους,
3455 5765 3581 5826 τοὺς

2003 5858 2399 5929 ἀναδυομένους
2430 5855 2566 5926 πρὸς
2596 5854 2722 5916 τοὺς
2741 5854 2840 5922 τῆς
2856 5851 3061 5922 ἀρετῆς
3085 5850 3304 5913 πόνους,
3340 5850 3465 5907 τοὺς
3483 5848 3581 5903 τοῦ

2005 5941 2184 5996 κοινοῦ
2219 5940 2488 5994 Δεσπότου
2519 5936 2978 6009 κατηγοροῦντας.
3030 5935 3340 6004 Ἢμαρτες,
3391 5932 3578 6004 φησὶν,
