4046 6396
482 305 588 361 267

483 418 826 485 ἡσύχασον,
868 411 942 483 μὴ
967 409 1209 482 προσθῇς
1239 411 1496 483 δευτέραν
1518 413 1791 484 ἁμαρτίαν
1818 415 2062 485 χαλεπω-

480 505 644 570 τέραν
668 518 680 528 ·
719 500 817 566 οὐχ
850 496 993 548 οὓτω
1022 495 1255 564 χαλεπὸν
1292 495 1354 548 τὸ
1377 497 1664 566 ἁμαρτεῖν,
1687 498 1763 562 ῶς
1800 499 1936 569 μετά
1965 498 2064 568 τὴν

480 583 754 655 ἁμαρτίαν
794 579 888 632 τοῦ
937 579 1206 631 Δεσπότου
1247 583 1596 650 κατηγορεῖν.
1649 581 1941 649 Ἐπίγνωθι
1973 583 2064 634 τὸν

480 669 650 720 αίτιον
681 666 781 735 τῆς
813 663 1108 733 ἁμαρτίας,
1145 662 1240 713 καὶ
1285 662 1478 715 οὐδένα
1523 663 1682 716 ἄλλον
1717 665 1991 734 εὑρήσεις,
2027 663 2062 734 ἢ

479 752 570 804 τὸν
617 748 974 820 ἡμαρτηκότα
1025 746 1106 798 σέ.
1155 745 1437 815 Πανταχοῦ
1487 747 1862 817 προαιρέσεως
1905 748 2066 818 χρεία

482 834 689 902 ἀγαθῆς
714 851 724 862 ·
754 831 933 895 ἔδειξα
965 831 1096 900 ὑμῖν
1121 829 1281 882 τοῦτο
1307 830 1406 880 οὐκ
1434 829 1542 882 ἀπὸ
1570 830 1843 900 λογισμῶν
1870 831 2063 898 ψιλῶν,

484 917 596 970 ἀλλ’
624 915 730 968 ἀπὸ
761 913 1063 966 συνδούλων
1088 912 1198 964 τῶν
1231 915 1288 964 ἐν
1317 912 1464 982 αὐτῷ
1493 913 1573 983 τῷ
1603 914 1796 984 κόσμῳ
1825 913 2062 977 ζώντων.

485 999 666 1068 Ταύτῃ
694 997 785 1050 καὶ
806 996 968 1058 αὐτὸς
997 996 1239 1065 κέχρησο
1279 998 1344 1065 τῇ
1387 996 1662 1060 ἀποδείξει
1688 1013 1699 1025 ·
1747 996 1890 1049 οὕτω
1918 999 2010 1050 καὶ
2038 999 2067 1050 6

483 1084 660 1144 κοινὸς
713 1083 860 1151 ἡμᾶς
907 1083 1084 1152 κρινεί
1125 1081 1434 1150 Δεσπότης·
1474 1082 1674 1151 μάθετε
1727 1082 1912 1135 τοῦτον
1967 1085 2067 1153 τῆς

483 1164 808 1227 ἀπώείξεως
853 1164 943 1214 τὸν
981 1163 1204 1233 τρόπον,
1239 1165 1333 1215 καὶ
1381 1165 1555 1227 οὐδεὶς
1596 1166 1739 1235 ὑμᾶς
1778 1165 2066 1236 δυνήσεται

485 1248 899 1317 συλλογίσασθαι
935 1260 984 1299 ε.
1025 1247 1282 1316 Πορνεύει
1330 1266 1442 1311 τις;
1481 1249 1653 1314 δεῖξον
1687 1250 1834 1320 αὐτῷ
1859 1268 2068 1321 σωφρο-

480 1334 676 1386 νοῦντα
724 1333 942 1400 ἕτερον·
1004 1331 1318 1382 πλεονεκτεῖ
1353 1331 1504 1402 [270]
1541 1351 1626 1396 τις
1674 1336 1768 1387 καὶ
1793 1336 2064 1404 ἀρπάζει;

483 1417 652 1479 δεῖξον
697 1413 846 1482 αὐτῷ
894 1413 987 1465 τὸν
1021 1414 1396 1485 ἐλεημοσύνην
1432 1415 1671 1468 διδόντα·
1700 1419 1758 1468 ἐν
1800 1419 2070 1490 βασκανίᾳ

485 1499 550 1569 ζῇ
579 1501 672 1552 καὶ
701 1498 910 1566 φθόνῳ;
936 1497 1106 1560 δεῖξον
1141 1498 1289 1566 αὐτῷ
1321 1499 1415 1550 τὸν
1442 1501 1683 1572 καθαρὸν
1707 1503 1800 1554 τοῦ
1838 1503 2065 1566 πάθους·

485 1586 574 1637 ὐπ’
599 1584 771 1655 ὀργῆς
797 1586 1110 1654 κρατεῖται;
1137 1582 1228 1634 τὸν
1259 1585 1316 1635 ἐν
1343 1584 1632 1655 φιλοσοφίᾳ
1657 1583 1838 1648 ζῶντα
1869 1590 1948 1651 εἰς
1975 1589 2069 1658 μέ-

486 1685 577 1721 σον
605 1669 798 1735 ἀγαγε.
842 1668 917 1718 Οὐ
945 1666 1054 1735 γάρ
1079 1665 1159 1717 δεῖ
1185 1667 1346 1735 μόνον
1377 1669 1457 1728 είς
1487 1667 1556 1720 τὰ
1592 1668 1799 1722 παλαιά
1843 1671 2071 1739 ἀνατρέ-

479 1766 600 1817 χειν
634 1753 969 1822 διηγήματα,
1002 1749 1141 1802 ἀλλά
1176 1751 1270 1803 καὶ
1307 1750 1414 1802 ἀπὸ
1447 1750 1557 1802 τῶν
1606 1753 1893 1822 παρόντων
1928 1753 2070 1823 λαμ-

486 1838 670 1891 ϐάνειν
709 1834 779 1887 τὰ
812 1833 1272 1904 παραδείγματα·
1311 1836 1404 1887 καὶ
1444 1835 1553 1905 γὰρ
1592 1837 1688 1889 καὶ
1715 1838 1954 1906 τήμερον
1982 1837 2070 1890 διὰ

483 1923 583 1992 τὴν
606 1920 699 1974 τού
730 1918 866 1972 Θεοῦ
899 1919 1055 1988 χάριν
1087 1919 1186 1970 οὐκ
1217 1918 1474 1972 ἐλάττονα
1500 1919 1607 1973 τῶν
1639 1921 1921 1991 προτέρων
1955 1923 2072 1974 ἐστὶ

485 2006 554 2058 τά
588 2000 1012 2074 κατορθώματα.
1048 2002 1308 2064 Ἀπιστός
1339 2003 1454 2055 ἐστι
1485 2004 1579 2056 καὶ
1606 2004 1822 2071 ψευδεῖς
1853 2008 2072 2074 ἡγεῖται

483 2089 583 2150 τὰς
610 2085 835 2157 Γραφάς
875 2081 1048 2144 εἰναις
1086 2085 1147 2136 οὐ
1185 2085 1455 2149 πιστεύει,
1479 2085 1564 2137 ὃτι
1601 2087 1628 2137 6
1685 2086 1805 2138 Ἰὼϐ
1835 2087 2072 2150 τοιοῦτος

485 2169 586 2243 ἧν;
617 2170 787 2234 δεῖξον
824 2169 973 2238 αὐτῷ
1013 2169 1200 2240 ἕτερον
1249 2169 1537 2240 ἄνθρωπον
1595 2169 1687 2223 τὸν
1724 2171 1934 2223 ἐκείνου
1977 2173 2071 2224 τοῦ

485 2255 694 2308 δικαίου
719 2252 988 2322 ζηλοῦντα
1004 2252 1094 2303 τὸν
1113 2251 1246 2321 βίον.
1269 2251 1427 2304 Ούτω
1455 2253 1550 2305 καὶ
1573 2255 1600 2305 6
1621 2253 1898 2324 Δεσπότης
1924 2259 2074 2326 ἡμᾶς

486 2340 696 2410 κρινεῖ·
734 2335 1052 2394 συνδούλους
1091 2335 1274 2404 ἵστησι
1308 2335 1445 2402 μετά
1479 2334 1800 2400 συνδούλων,
1847 2339 1941 2390 καὶ
1975 2339 2073 2391 οὐκ

487 2422 595 2475 ἀπὸ
617 2421 717 2491 τῆς
753 2419 918 2472 αὐτοῦ
951 2419 1187 2488 κρίσεως
1217 2418 1372 2489 φέρει
1397 2419 1496 2490 τὴν
1527 2418 1728 2488 ψῆφον,
1760 2420 1846 2473 ἴνα
1876 2420 1948 2490 μὴ
1972 2421 2073 2492 ἄρ-

489 2509 648 2575 ξηται
675 2505 854 2571 λέγειν
886 2520 969 2564 τις
1001 2502 1184 2563 πάλιν,
1219 2503 1472 2572 καθάπερ
1505 2504 1713 2566 ἐκεῖνος
1741 2505 1770 2556 6
1798 2507 2017 2574 οἰκέτης
2047 2506 2074 2556 6

487 2590 548 2640 τὸ
574 2587 836 2641 τάλαντον
869 2585 1202 2647 πιστευθεὶς,
1232 2588 1326 2638 καὶ
1364 2586 1485 2638 ἀντί⁵
1530 2586 1796 2640 ταλάντου
1837 2605 2074 2658 κατηγο-

491 2672 612 2742 ρίαν
637 2668 1040 2740 προσενεγκὼν,
1083 2669 1211 2742 ’Ὀτι
1239 2671 1512 2736 σκληρὸς
1549 2668 1623 2723 εί.
1645 2671 1775 2724 Δέον
1813 2673 1924 2743 γὰρ
1954 2673 2074 2725 στέ-

491 2774 623 2813 νειν.
653 2756 733 2807 ὅτι
775 2754 870 2806 οὐκ
898 2753 1248 2805 ἐδιπλασίασε
1271 2754 1332 2806 τὸ
1356 2755 1637 2818 τάλαντον,
1673 2754 1811 2808 ἀλλά
1851 2759 1944 2809 καὶ
1973 2775 2073 2826 χα-

490 2839 804 2910 λεπωτέραν
836 2838 934 2907 τὴν
965 2838 1240 2907 ἁμαρτίαν
1264 2839 1582 2908 εἰργάσατο,
1612 2839 1710 2907 τὴν
1738 2841 2075 2912 κατηγορίαν

490 2923 589 2993 τὴν
619 2921 760 2974 κατὰ
787 2918 880 2973 τοῦ
907 2919 1169 2972 δεσπότου
1200 2921 1461 2991 προσθεὶς
1490 2924 1554 2991 τῇ
1581 2921 1758 2991 οἰκεία
1790 2923 1981 2992 ἀργία.
2010 2923 2074 2976 Τί

490 3006 601 3076 γάρ
638 3021 802 3075 φησιν
826 3019 840 3068 ;
867 3005 912 3054 Ε
921 2999 1052 3055 ἴδόν
1084 3019 1157 3056 σε
1187 3003 1276 3056 ὅτι
1317 3006 1588 3071 σκληρὸς
1615 3001 1686 3058 εἷ.
1716 3001 1787 3058 τυ
1810 3005 1960 3060 ἄθλιε
1983 3008 2077 3059 καὶ

491 3087 832 3157 ταλαίπωρε,
873 3084 966 3136 καὶ
979 3084 1326 3156 ἀγνωμονῶν,
1350 3087 1446 3141 καὶ
1464 3085 1686 3160 ὀκνηρέ·
1710 3087 1950 3145 ὀφείλων
1977 3091 2077 3161 τῆς

494 3168 693 3224 σαυτοῦ
727 3170 1054 3238 κατηγορεῖν
1081 3166 1279 3236 ἀργίας
1311 3168 1716 3237 καὶὑφελέσθαι
1738 3189 1791 3223 τι
1816 3175 1915 3242 τῆς
1947 3191 2077 3244 προ-

490 3254 653 3325 τέρας
677 3251 972 3322 ἀμαρτίας,
1009 3251 1073 3302 σὺ
1103 3251 1160 3303 δὲ
1183 3253 1274 3303 ἐπὶ
1298 3251 1388 3303 τὸν
1411 3253 1677 3323 δεσπότην
1706 3256 1804 3326 τήν
1835 3275 2044 3325 κατηγο
2063 3291 2076 3300 -

493 3339 614 3409 ρίαν
649 3333 1014 3407 μετενεγκὼν,
1041 3335 1163 3387 ἀντὶ
1215 3335 1309 3387 τοῦ
1361 3336 1627 3390 ταλάντου
1671 3338 1767 3408 τὴν
1800 3341 2076 3411 ἁμαρτίαν

491 3418 898 3480 ἐδιπλασίασας.

561 3534 628 3594 γ’.
654 3525 752 3578 Διά
767 3524 926 3576 τοῦτο
943 3525 971 3576 6
991 3522 1123 3584 Θεὸς
1144 3523 1364 3586 δούλους
1381 3525 1476 3577 καὶ
1491 3524 1712 3590 δούλους
1729 3529 1849 3598 ἵστη
1859 3546 1960 3588 σιν,
1991 3529 2078 3582 ἵνα

489 3607 636 3664 οὗτοι
657 3607 899 3670 ἐκείνους
932 3606 1182 3676 κρίνωσι,
1219 3607 1464 3659 κάκεῖνοι
1513 3608 1604 3660 διὰ
1649 3610 1856 3663 τούτων
1893 3615 2076 3681 κρινό-

496 3710 648 3762 μενοι
700 3691 775 3760 μὴ
810 3689 976 3759 ἔχωσι
1027 3688 1212 3740 λοιπὸν
1265 3694 1594 3759 κατηγορεῖν
1638 3692 1734 3744 τοῦ
1779 3696 2072 3750 Δεσπότου,

491 3775 592 3828 Διά
620 3773 780 3825 τοῦτό
811 3787 1000 3840 φησιν·
1042 3771 1377 3838 Ἔρχεταιό
1426 3773 1559 3838 Υἱὸς
1606 3775 1712 3826 τοῦ
1761 3777 2074 3843 ἀνθρώπων

489 3858 586 3910 ἐπὶ
610 3855 718 3922 τῆς
735 3855 924 3922 δόξης
946 3853 1053 3906 τοῦ
1089 3856 1320 3921 Πατρός
1355 3856 1561 3909 αὑτοῦ.
1603 3858 1744 3926 Ὅρα
1775 3860 1873 3928 τῆς
1919 3861 2078 3930 δόξης

489 3942 551 3993 τὸ
583 3938 1005 4010 ἀπαράλλακτον
1027 3953 1038 3966 ·
1075 3938 1176 3989 οὐκ
1225 3934 1400 4000 εἶπεν,
1442 3938 1564 3990 Ἐπὶ
1593 3938 1750 4008 δόξης
1795 3942 1985 4011 ὁμοίας
2010 3947 2075 4015 τῇ

488 4023 617 4096 δόξῃ
645 4022 738 4075 τοῦ
767 4019 1000 4092 [Ιατρὸς,
1031 4019 1145 4072 ἀλλ’
1188 4020 1312 4072 Ἐπὶ
1342 4020 1451 4087 τῆς
1477 4020 1664 4087 δόξης
1685 4023 1791 4076 τοῦ
1823 4026 2074 4093 ηατρδς,

489 4108 590 4160 καί
613 4104 869 4168 συνάξει
894 4105 966 4156 τὰ
986 4102 1131 4168 ἔθνη
1159 4101 1355 4155 πάντα
1373 4120 1386 4132 ·
1420 4103 1649 4174 φοϐερὸν
1680 4106 1740 4157 τὸ
1772 4110 2073 4178 κριτήριον,

490 4190 719 4261 φοϐερὸν
757 4190 870 4250 τοῖς
898 4187 1276 4258 ἁμαρτάνουσι
1313 4187 1407 4239 καὶ
1432 4187 1754 4252 ὑπευθύνοις
1775 4207 1787 4218 ·
1815 4193 1936 4243 ἐπε)⁵
1962 4197 2077 4256 τοῖς

490 4275 787 4329 συνειδόσιν
812 4275 1024 4335 ἑαυτοῖς
1050 4272 1456 4342 κατορθώματα
1499 4271 1748 4325 ποθεινὸν
1785 4275 1876 4326 καὶ
1907 4292 2067 4345 προσ-

487 4359 647 4430 ηνές·
682 4356 792 4410 Καὶ
819 4355 1037 4421 στήσει
1063 4359 1135 4407 τὰ
1162 4355 1430 4422 πρόϐατα
1480 4354 1548 4407 ἐκ
1575 4355 1810 4419 δεξιῶν,
1867 4359 1964 4410 καὶ
2006 4361 2076 4412 τὰ

486 4444 685 4511 ἐρίφια
705 4440 774 4504 ἐξ
796 4438 1146 4508 εὐωνύμων·
1179 4439 1275 4491 καὶ
1311 4433 1460 4491 οὗτοι
1499 4442 1741 4496 κάκεῖνοι
1771 4440 2070 4513 ἄνθρωποι.

490 4526 590 4580 Διά
634 4525 684 4577 τί
717 4522 810 4578 οὖν
839 4525 1034 4576 ἐκεῖνοι
1092 4523 1190 4593 μὲν
1224 4523 1496 4594 πρόϐατα,
1558 4517 1704 4578 οὗτοι
1752 4525 1809 4578 δὲ
1845 4527 2072 4597 ἐρίφιας

490 4610 600 4678 Οὐχ
651 4608 736 4660 ἵνα
787 4608 886 4677 τήν
919 4607 1222 4674 ἐναλλαγὴν
1277 4606 1377 4676 τῆς
1428 4606 1666 4675 φύσεως,
1716 4609 1832 4662 ἀλλ’
1859 4611 1943 4663 ἵνα
1976 4612 2075 4681 τὴν

489 4690 790 4759 ἐναλλαγὴν
814 4691 912 4760 τῆς
943 4691 1319 4760 προαιρέσεως
1356 4689 1560 4762 μάθῃς.
1589 4691 1690 4744 Διά
1718 4691 1769 4744 τί
1793 4693 1852 4745 δέ
1896 4695 1946 4746 οί
1999 4695 2073 4764 μὴ

489 4775 722 4836 διδόντες
756 4771 1125 4843 ἐλεημοσύνην
1147 4772 1372 4841 ἐρίφια;
1410 4772 1533 4826 Ὅτι
1571 4774 1820 4844 ἄκαρπόν
1870 4779 1986 4829 ἐστι
2016 4778 2076 4829 τὸ

490 4857 650 4922 ζῶον,
674 4857 768 4909 καὶ
796 4856 917 4907 οὐτε
967 4855 1064 4925 τήν
1109 4856 1216 4907 ἀπὸ
1259 4855 1355 4908 τοῦ
1403 4856 1676 4924 γάλακτος
1707 4858 2072 4928 λειτουργίαν,

488 4939 611 4993 οὐτε
641 4940 738 5010 τὴν
783 4938 892 4993 ἀπὸ
936 4937 1040 4990 τῶν
1085 4941 1479 5008 γεννημάτων,
1526 4938 1650 4992 οὔτε
1689 4941 1790 5012 τὴν
1830 4944 1937 4996 ἀπὸ
1967 4943 2074 4996 τῶν

489 5023 690 5093 τριχῶν
724 5021 994 5092 εἰσφέρειν
1021 5023 1244 5075 δύναται
1287 5026 1397 5086 τοῖς
1444 5025 1828 5093 κεκτημένοις,
1863 5044 2074 5078 παντα-

489 5105 645 5174 χόθεν
682 5107 886 5174 ἔρημον
919 5105 977 5157 ὃν
1005 5106 1101 5176 τῆς
1130 5106 1386 5177 τοιαύτης
1409 5108 1672 5176 εἰσφορᾶς
1704 5107 1730 5146 ι’
1762 5108 1852 5160 δια
1879 5111 1939 5160 τὸ
1975 5112 2075 5179 τῆς

488 5188 704 5258 ἡλικίας
725 5188 921 5258 ἄωρον.
951 5189 1052 5241 Διά
1083 5190 1238 5242 τούτο
1265 5191 1392 5252 τούς
1433 5191 1628 5244 οὐδένα
1689 5194 1898 5262 καρπὸν
1926 5193 2075 5262 ἐλεη-

492 5271 729 5342 μοσύνης
759 5275 1022 5342 φέροντας
1072 5274 1330 5326 ἐκάλεσεν
1378 5275 1590 5343 ἐρίφια,
1632 5276 1760 5337 τοὺς
1795 5277 1857 5328 ἐκ
1883 5276 2074 5342 δεξιῶν

490 5356 734 5426 πρόϐατα
753 5371 767 5384 ·
797 5357 904 5408 ἀπὸ
934 5355 1040 5426 γὰρ
1075 5356 1280 5409 τούτων
1312 5358 1534 5428 πολλὴή
1571 5358 1733 5430 φορὰ,
1764 5360 1826 5412 ἐκ
1857 5361 1955 5429 τῆς
1977 5359 2072 5413 τοῦ

489 5438 636 5509 ἐρίου
670 5439 903 5508 φύσεως,
939 5443 1003 5494 ἐκ
1036 5441 1144 5494 τῶν
1163 5442 1540 5511 γεννημάτων,
1566 5444 1630 5494 ἐκ
1658 5443 1751 5496 τού
1776 5444 2070 5510 γάλακτος.

491 5523 557 5575 Τί
586 5518 678 5576 οὖν
717 5540 848 5595 φησι
883 5526 1015 5596 πρὸς
1040 5526 1272 5592 αὐτούς;
1308 5527 1584 5580 Πεινῶντά
1633 5544 1701 5597 με
1733 5527 1901 5582 εἴδετε
1927 5571 1939 5592 ,
1979 5531 2073 5584 καὶ

490 5605 755 5674 ἐθρέψατε
781 5623 795 5638 ·
829 5609 1056 5678 γυμνὸν,
1091 5611 1186 5662 καὶ
1209 5611 1561 5679 περιεϐάλετέ
1582 5627 1594 5640 ·
1625 5611 1794 5676 ξένον,
1821 5614 1916 5665 καὶ
1951 5631 2076 5666 συν-

491 5688 746 5760 ηγάγετέ.
787 5692 954 5745 Πάλιν
996 5693 1130 5762 πρὸς
1160 5693 1398 5756 ἐκείνους
1419 5694 1486 5747 τὰ
1516 5695 1738 5748 ἐναντία
1758 5710 1770 5722 ·
1809 5697 1987 5749 καίτοι
2009 5715 2072 5766 γε

491 5778 540 5826 οι
567 5773 719 5826 αὐτοὶ
742 5776 1017 5847 ἄνθρωποι
1039 5777 1131 5829 καὶ
1155 5770 1298 5829 οὗτοι
1328 5778 1591 5846 κάκεῖνοι,
1623 5779 1720 5843 τὰς
1753 5780 1923 5845 αὐτὰς
1950 5781 2071 5836 ἕλα-

551 5862 574 5928 έ
609 5868 728 5927 Reg.
741 5871 1055 5928 συλήσασθαι.

554 5927 587 5968 ³³
609 5933 716 5982 Duo
738 5927 858 5982 mss;
875 5935 1092 5993 τοιαύτης
1112 5941 1274 6000 φορᾶς-

1211 299 1269 352 S.
1304 297 1592 353 JOANNIS
1627 299 2113 357 C-HRYSOS-TOMI
2152 299 2472 357 ABCHIEP.
2523 297 3074 357 CONSTANTINOP.

3644 298 3754 355 208

2177 417 2268 469 ϐον
2294 417 2625 485 ἐπαγγελίας
2650 415 2745 467 καὶ
2783 408 2928 469 οὗτοι
2955 415 3218 480 κάκεῖνοι,
3266 413 3334 466 τὰ
3368 414 3506 466 αὐτά
3546 413 3757 468 ἔπαθλα

2173 500 2505 570 ἀμφοτέροις
2562 498 2850 571 προέκειτο
2899 497 3335 570 κατορθώσασιν,
3370 508 3398 560 δ
3445 495 3608 560 αὐτὸς
3664 500 3759 550 καὶ

2174 584 2308 654 πρὸς
2329 583 2550 646 τούτους
2583 584 2677 636 καὶ
2712 584 2848 652 πρὸς
2878 582 3124 645 ἐκείνους
3153 576 3305 653 ἦλθε,
3357 581 3498 653 μετά
3526 581 3622 650 τῆς
3657 582 3758 633 αὐ-

2172 668 2270 734 τῆς
2299 667 2638 737 γυμνότητός
2674 669 2768 720 καὶ
2799 667 2937 737 πρὸς
2960 666 3182 729 τούτους
3210 667 3304 719 καὶ¹
3336 664 3471 736 πρὸς
3493 666 3758 724 ἐκείνους.

2177 749 2314 820 μετά
2340 751 2440 820 τῆς
2473 751 2643 819 αὐτῆς
2669 749 2877 820 πείνης,
2898 750 2992 803 καὶ
3021 749 3170 813 ξένος
3193 747 3394 818 ὁμοίως
3415 765 3428 779 ·
3464 747 3641 800 πάντα
3673 749 3763 800 ῖσα

2173 834 2449 898 κάκείνοις
2477 836 2571 888 καὶ
2605 834 2839 898 τούτοις.

2245 919 2369 981 Πῶς
2395 915 2489 972 οὖν
2516 920 2578 971 τὸ
2603 919 2755 982 τέλος
2777 920 2877 972 οὐκ
2905 919 3049 983 ῖσον;
3083 919 3204 971 Ὀτι
3243 918 3275 987 ή
3309 915 3632 987 προαίρεσις
3661 916 3765 968 οὐκ

2174 1003 2416 1072 ἀφῆκεν·
2442 1005 2579 1073 αὐτη
2629 1003 2739 1073 γὰρ
2775 1003 2912 1073 μόνη
2947 1002 3048 1072 τὴν
3089 1001 3352 1074 διαίρεσιν
3393 999 3543 1071 [271]
3572 1002 3762 1068 ἐποιή-

2176 1103 2327 1139 σατο.
2362 1088 2463 1139 Διά
2485 1087 2643 1140 τοῦτο
2671 1089 2866 1140 ἐκεῖνοι
2905 1086 3004 1155 μὲν
3029 1087 3108 1147 είς
3143 1086 3386 1153 γέενναν,
3419 1081 3562 1138 οὗτοι
3591 1085 3650 1136 δὲ
3683 1089 3763 1146 εἰς

2178 1168 2486 1238 βασιλείαν·
2524 1171 2571 1222 εἰ
2603 1169 2662 1222 δέ
2697 1173 2724 1222 6
2753 1168 3000 1230 διάϐολος
3043 1163 3113 1238 ἦν
3160 1168 3346 1229 αὐτοῖς
3373 1167 3483 1220 τῶν
3511 1169 3764 1237 ἁμαρτη-

2180 1253 2364 1321 μάτων
2389 1254 2417 1304 6
2442 1253 2634 1316 αίτιος,
2667 1254 2768 1305 οὐκ
2797 1251 2885 1315 ἂν,
2919 1252 3080 1304 ἄλλου
3111 1251 3452 1322 ἁμαρτόντος
3477 1251 3570 1303 καὶ
3613 1249 3762 1318 ὠθή-

2179 1351 2390 1397 σαντος,
2417 1329 2562 1388 οὗτοι
2589 1335 2815 1404 ἔμελλον
2855 1333 3202 1397 κολάζεσθαι.
3231 1329 3384 1394 Εἶδες
3408 1332 3647 1385 ἐνταῦθα
3669 1333 3764 1384 καὶ

2176 1418 2301 1481 τοὺς
2349 1418 2718 1487 ἁμαρτόντας,
2775 1418 3028 1480 καὶτοὺς
3085 1415 3577 1486 κατορθώσανταςς
3621 1411 3762 1478 εἶδες

2179 1500 2295 1562 πῶς
2335 1500 2537 1564 ἰδόντες
2563 1502 2690 1562 τοὺς
2725 1501 3044 1564 συνδούλους
3079 1499 3589 1570 ἐπεστομίσθησαν;
3625 1500 3765 1567 Φέρε

2179 1599 2263 1635 σοι
2293 1585 2388 1636 καὶ
2413 1586 2498 1652 ἐφ’
2531 1585 2716 1654 ἕτερον
2745 1585 3098 1655 παράδειγμα
3126 1583 3219 1635 τὸν
3252 1581 3411 1649 λόγον
3440 1581 3764 1651 ἀγάγωμεν.

2179 1666 2466 1737 Παρθένοι,
2497 1669 2680 1737 φησὶν,
2713 1665 2854 1738 ἦσαν
2884 1667 3039 1720 δέκα.
3068 1667 3240 1720 Πάλιν
3281 1664 3513 1718 ἐνταῦθα
3547 1666 3600 1718 αἱ
3627 1682 3767 1734 προ-

2179 1749 2422 1818 αιρέσεις
2451 1751 2508 1803 αἰ
2557 1750 2999 1822 κατορθώσασαι,
3053 1749 3216 1802 πάλιν
3255 1751 3311 1802 αἰ
3340 1748 3769 1818 διαμαρτοῦσαι,

2179 1833 2267 1885 ἵνα
2302 1835 2365 1884 ἐκ
2395 1834 2748 1905 παραλλήλου
2781 1837 2876 1888 καὶ
2903 1837 3108 1888 τούτων
3132 1834 3203 1886 τὰ
3223 1834 3597 1903 ἁμαρτήματα
3625 1831 3769 1902 ἴδῃς,

2181 1917 2450 1970 κάκείνων
2473 1919 2543 1971 τὰ
2572 1918 3014 1990 κατορθώματα·
3045 1921 3079 1990 ἠ
3123 1919 3233 1988 γάρ
3278 1917 3561 1985 σύγκρισις
3597 1915 3772 1983 σαφέ-

2181 2016 2349 2072 στερα
2379 2000 2556 2054 ταῦτα
2594 2006 2758 2056 ποιεῖ.
2808 2003 2920 2056 Καὶ
2968 1995 3128 2056 αὗται
3160 2001 3421 2072 παρθένοι
3471 2001 3768 2061 κάκεῖναι,

2181 2084 2276 2136 καὶ
2304 2076 2463 2136 αὐται
2486 2084 2647 2136 πέντε
2673 2085 2957 2138 κάκεῖναι·
2990 2085 3280 2155 λαμπάδας
3299 2081 3445 2154 εἶχον
3473 2084 3567 2136 καὶ
3602 2075 3772 2135 αὗται

2181 2169 2455 2220 κάκεῖναι·
2496 2167 2585 2220 τὸν
2623 2168 2855 2238 νυμφίον
2888 2168 3149 2237 ἀνέμενον
3182 2169 3377 2221 πᾶσαι.
3416 2167 3539 2230 Πῶς
3585 2161 3686 2218 οὖν
3719 2165 3772 2215 αἱ

2186 2253 2284 2320 μὲν
2314 2251 2583 2320 εἰσῆλθον,
2615 2254 2671 2304 αἱ
2701 2251 2757 2304 δέ
2783 2253 2883 2305 οὐκ
2914 2252 3162 2323 εἰσῆλθον
3189 2270 3204 2317 ;
3227 2252 3351 2306 Ὅτι
3391 2253 3448 2304 αἰ
3476 2252 3573 2321 μὲν
3594 2248 3773 2302 ἀπάν-

2183 2335 2392 2404 θρωποι
2413 2331 2573 2406 ἦσαν,
2609 2337 2666 2387 αί
2701 2335 2758 2388 δὲ
2785 2337 2985 2408 ἥμεροι
3029 2337 3123 2389 καὶ
3166 2335 3560 2406 φιλάνθρωποι.
3602 2333 3773 2403 Ὁρᾷς

2183 2419 2346 2472 πάλιν
2380 2418 2479 2488 τήν
2532 2417 2852 2488 προαίρεσιν
2883 2417 2977 2470 τοῦ
3019 2418 3206 2480 τέλους
3237 2418 3417 2472 αἰτίαν
3450 2416 3769 2486 γινομένην.

2181 2504 2304 2572 οὐχὶ
2335 2503 2426 2556 τὸν
2457 2502 2732 2565 διάϐολον;
2757 2499 2898 2565 εἶδες
2919 2505 2981 2555 ἐκ
3011 2502 3363 2574 παραλλήλου
3391 2503 3489 2564 τὰς
3532 2501 3770 2570 κρίσεις.

2186 2589 2278 2640 καὶ
2309 2589 2372 2640 ἐκ
2397 2586 2504 2640 τῶν
2534 2588 2739 2657 ὁμοίων
2766 2587 3072 2658 φερομένην
3103 2587 3203 2656 τὴν
3240 2586 3450 2656 ψῆφον;
3486 2584 3772 2637 Σύνδουλοι

2185 2669 2504 2732 συνδούλους
2550 2669 2819 2739 κρινοῦσι.
2868 2669 3057 2722 Βούλει
3104 2687 3188 2722 σοι
3230 2669 3388 2734 δείξω
3428 2668 3524 2721 καὶ
3566 2667 3624 2732 ἐξ
3678 2669 3774 2720 ἀν-

2183 2753 2387 2824 ομοίων
2411 2753 2705 2823 γινομένην
2734 2751 3058 2824 σύγκρισιν;
3085 2753 3294 2822 γίνεται
3320 2753 3425 2825 γὰρ
3464 2752 3558 2806 καὶ
3582 2753 3641 2816 ἐξ
3676 2755 3774 2805 ἀν-

2183 2839 2407 2908 ομοίων,
2439 2837 2582 2890 ὥστε
2616 2836 2715 2907 τὴν
2745 2837 3073 2908 κατάκρισιν
3114 2837 3367 2906 γενέσθαι
3407 2837 3768 2907 σαφεστέραν.

2190 2921 2431 2989 Ἄνδρες
2456 2921 2784 2988 [Vw-evitat,
2809 2926 2995 2992 φησὶν,
3041 2921 3498 2987 ἀναστήσονται
3532 2921 3631 2974 καί
3665 2937 3773 2974 κα-

2186 3006 2537 3074 τακρινοῦσι
2578 3006 2694 3074 τὴν
2737 3007 2952 3076 γενεὰν
2989 3008 3236 3074 ταύτην.
3283 3006 3482 3059 Οὐκέτι
3520 3006 3700 3075 ὅμοιοι
3723 3006 3772 3055 οἱ

2185 3091 2532 3162 κρινόμενοι·
2564 3093 2610 3144 οἰ
2648 3091 2746 3162 μὲν
2779 3091 2888 3162 γὰρ
2911 3090 3200 3161 βάρϐαροι,
3231 3091 3282 3143 οἱ
3319 3090 3376 3143 δὲ
3417 3089 3664 3142 Ἰουδαῖοι
3684 3106 3698 3118 ·
3723 3088 3770 3140 οἰ

2190 3175 2288 3246 μὲν
2319 3175 2662 3245 προφητικῆς
2687 3173 3010 3243 ἀπήλαυσαν
3048 3173 3416 3236 διδασκαλίας,
3451 3175 3502 3224 οί
3541 3172 3599 3224 δέ
3627 3171 3771 3224 οὐδέ-

2187 3275 2317 3310 ποτε
2353 3257 2612 3327 μετέσχον
2643 3257 2794 3319 θείας
2832 3257 3168 3326 ἀκροάσεως.
3221 3257 3295 3308 Οὐ
3332 3255 3492 3308 τοῦτο
3520 3254 3578 3307 δέ
3616 3255 3770 3324 μόνον

2185 3342 2302 3393 ἐστὶ
2327 3341 2388 3392 τὸ
2417 3341 2696 3412 διάφορον,
2723 3339 2839 3392 ἀλλ’
2871 3341 2952 3392 ὅτι
2998 3341 3116 3392 ἐκεῖ
3147 3340 3245 3409 μέν
3279 3337 3466 3399 δοῦλος
3508 3337 3767 3407 ἀπῆλθεν,

2185 3424 2422 3478 ἐνταῦθα
2447 3425 2502 3477 δέ
2554 3427 2582 3478 6
2620 3426 2929 3494 Δεσπότης·
2977 3425 3226 3485 κάκεῖνος
3264 3423 3362 3493 μὲν
3391 3421 3770 3492 καταστροφὴν

2186 3509 2454 3580 ἐκήρυττε
2485 3499 2950 3579 παραγενόμενος,
2970 3504 3124 3569 οὗτος
3143 3507 3199 3558 δέ
3223 3505 3502 3576 βασιλείαν
3525 3505 3771 3573 οὐρανῶν

2186 3590 2587 3660 εὐηγγελίζετο.
2613 3591 2776 3653 Τίνας
2803 3585 2896 3643 οὖν
2927 3590 3074 3652 εἰκὸς
3115 3585 3184 3660 ἦν
3219 3588 3509 3642 πιστεύσαι
3548 3587 3766 3658 μᾶλλον,

2184 3674 2310 3736 τούς
2337 3673 2646 3744 βαρϐάρους
2665 3673 2760 3725 καὶ
2787 3674 3046 3744 ἀνοήτους
3065 3672 3157 3725 καὶ
3179 3673 3449 3742 μηδέποτε
3479 3671 3772 3740 μετασχόν-

2183 3773 2282 3818 τας
2307 3755 2456 3818 θείας
2477 3756 2843 3818 διδασκαλίας,
2870 3755 2903 3823 ἢ
2927 3756 3054 3818 τοὺς
3073 3757 3136 3808 ἐκ
3162 3755 3385 3827 πρώτης
3407 3753 3622 3825 ἡλικίας
3637 3770 3768 3825 προ-

2187 3840 2445 3906 φητικαῖς
2474 3839 2841 3907 ἐντραφέντας
2868 3837 3106 3908 βίϐλοις;
3132 3838 3301 3890 Παντὶ
3331 3836 3508 3907 δῆλον,
3533 3835 3615 3888 ὅτι
3644 3837 3767 3898 τούς

2199 3921 2486 3983 Ἰουδαίους
2521 3921 2722 3990 μᾶλλον
2740 3939 2752 3952 ·
2772 3921 2910 3974 ἀλλά
2941 3921 3132 3988 γέγονε
3158 3919 3488 3973 τούναντίον.
3530 3919 3641 3972 Καὶ
3673 3912 3766 3970 οὗ·

2183 4021 2267 4056 τοι
2301 4004 2399 4074 μὲν
2447 4004 2760 4075 ἠπίστησαν
2807 4003 2887 4073 τῷ
2928 4005 3172 4075 Δεσπότῃ
3213 4003 3488 4072 βασιλείαν
3526 4000 3768 4072 οὐρανῶν

2187 4103 2256 4154 κη
2265 4087 2532 4157 ρύττοντι,
2552 4089 2749 4140 ἐκεῖνοι
2775 4087 2834 4140 δὲ
2855 4088 3188 4140 ἐπίστευσαν
3209 4087 3288 4157 τῷ
3311 4086 3580 4155 συνδούλῳ
3607 4101 3769 4137 κατα-

2186 4172 2426 4241 στροφήν
2460 4171 2790 4233 ἀπειλοῦντι,
2821 4173 2908 4225 ἵνα
2941 4171 3203 4242 μειζόνως
3229 4172 3502 4224 κάκείνων
3529 4172 3561 4240 ή
3589 4169 3766 4221 ἐπιεί-

2185 4272 2307 4306 κεια
2346 4257 2438 4308 καὶ
2479 4256 2685 4308 τούτων
2732 4257 2764 4327 ή
2807 4256 3168 4328 ἀγνωμοσύνη
3215 4257 3546 4325 φανήσηται.
3584 4255 3678 4324 Μή
3717 4271 3768 4307 τι

2185 4337 2424 4408 δαίμων;
2456 4341 2526 4410 μή
2562 4357 2614 4392 τι
2654 4339 2938 4403 διάϐολος;
2972 4342 3044 4410 μή
3081 4355 3134 4391 τι
3157 4338 3328 4409 τύχης
3371 4340 3444 4409 μή
3484 4354 3538 4390 τι
3571 4339 3768 4407 εἱμαρ-

2189 4423 2353 4491 μένη;
2388 4425 2506 4492 οὐχὶ
2527 4423 2756 4484 ἕκαστος
2790 4423 2971 4494 ἐαυτῷ
2997 4425 3172 4486 αῐτιος
3199 4424 3294 4474 καὶ
3319 4423 3417 4492 τῆς
3443 4421 3647 4485 κακίας
3675 4423 3770 4474 καὶ

2183 4505 2283 4573 τῆς
2309 4506 2510 4575 ἀρετῆς
2538 4507 2775 4574 ἐγίνετο;
2806 4506 2868 4558 Εἰ
2901 4505 3010 4576 γάρ
3047 4506 3121 4576 μὴ
3161 4507 3316 4558 αὐτοὶ
3346 4505 3571 4575 ἔμελλον
3601 4505 3771 4558 ὑπεύ-

2184 4587 2331 4641 θυνοι
2372 4589 2610 4651 ἔσεσθαι,
2641 4589 2740 4642 οὐκ
2769 4589 2835 4642 ἂν
2869 4585 3043 4655 εἶπεν,
3078 4591 3161 4642 ὅτι
3196 4589 3635 4658 Κατακρινοῦσι
3655 4588 3771 4654 τὴν

2184 4672 2398 4740 γενεὰν
2427 4673 2650 4739 ταύτην
2670 4687 2684 4702 ·
2718 4672 2819 4725 οὐκ
2847 4672 2912 4725 ἂν
2941 4673 3035 4726 καὶ
3073 4673 3171 4743 τὴν
3210 4672 3526 4742 βασίλισσαν
3559 4671 3656 4724 τοῦ
3689 4671 3770 4724 νό-

2183 4771 2277 4806 του
2310 4755 2658 4825 κατακρίνειν
2686 4757 2816 4818 τούς
2854 4755 3143 4818 Ἰουδαίους
3173 4756 3298 4825 ἔφη.
3333 4755 3408 4808 Οὐ
3448 4755 3559 4826 γάρ
3584 4753 3652 4826 δὴ
3684 4753 3770 4823 δῆ-

2187 4855 2276 4906 μοι
2309 4839 2514 4908 δήμους
2549 4839 2706 4908 μόνον
2759 4837 3150 4908 κατακρινοῦσι
3201 4838 3344 4903 τότε,
3379 4837 3518 4891 ἀλλά
3563 4838 3659 4890 καὶ
3689 4831 3768 4898 εἷς

2183 4922 2470 4992 ἄνθρωπος
2499 4923 2668 4992 δῆμον
2706 4922 3002 4994 ὁλόκληρον
3055 4923 3336 4988 πολλάκις,
3367 4924 3496 4976 ὅταν
3529 4922 3622 4984 οὓς
3668 4923 3768 4992 μὲν

2184 5007 2458 5075 ἐνεδέχετο
2495 5006 2693 5076 μᾶλλον
2725 5007 3103 5077 ἀπατηθῆναι,
3149 5008 3429 5076 φαίνονται
3481 5007 3767 5077 μείναντες

2183 5087 2603 5157 ἀνεξαπάτητοι,
2636 5091 2684 5141 οἱ
2715 5091 2771 5142 δὲ
2810 5093 2873 5143 ἐκ
2909 5091 3109 5154 παντὸς
3146 5090 3348 5160 τρόπον
3378 5092 3767 5162 περιγενέσθαι

2182 5172 2507 5238 ὀφείλοντες,
2539 5173 2868 5244 ἡττηθέντες
2895 5173 3120 5243 τύχωσι.
3177 5174 3276 5226 Διά
3317 5172 3474 5226 τοῦτο
3526 5175 3626 5228 καὶ
3673 5173 3766 5226 τού

2197 5257 2368 5325 Ἀδὰμ
2391 5257 2484 5308 καὶ⁹
2506 5255 2600 5308 τοῦ
2648 5255 2769 5308 Ἰὼϐ
2795 5257 3147 5328 ἐμνήσθημεν
3167 5275 3178 5286 ·
3207 5258 3416 5327 ἀνάγκη
3446 5258 3557 5329 γάρ
3604 5257 3768 5310 πάλιν

2183 5337 2498 5390 ἐπανελθεῖν
2543 5338 2636 5390 ἐπὶ
2680 5339 2779 5410 τήν
2811 5340 3067 5392 ὑπόθεσιν
3106 5339 3356 5410 ἐκείνην,
3392 5340 3532 5393 ὣστε
3554 5342 3625 5393 τά
3648 5341 3768 5394 λεί-

2181 5421 2328 5489 ψανα
2355 5421 2745 5492 ἀποδοῦναιτῴ
2770 5423 2931 5494 λόγῳ.
2963 5423 3052 5493 Τῷ
3090 5426 3188 5493 μὲν
3214 5421 3308 5477 οὖν
3344 5425 3517 5495 Ἀδὰμ
3541 5426 3633 5480 διὰ
3666 5429 3768 5496 ῥη-

2185 5505 2370 5574 μάτων
2397 5505 2701 5576 προσέϐαλε
2723 5505 2916 5574 ψιλῶν,
2946 5507 3024 5577 τῷ
3047 5507 3106 5560 δὲ
3136 5506 3256 5560 Ἰὼϐ
3279 5511 3370 5561 καὶ
3389 5509 3477 5562 διὰ
3508 5511 3769 5579 πραγμά-
3804 5565 3813 5574 ,

2181 5607 2319 5643 των·
2352 5591 2444 5643 τὸν
2478 5592 2578 5660 μὲν
2599 5591 2708 5662 γὰρ
2738 5592 2834 5645 τοῦ
2866 5591 3098 5646 πλούτου
3129 5594 3331 5656 παντὸς
3353 5593 3635 5663 ἐγύμνωσε
3668 5595 3767 5650 καὶ

2181 5673 2290 5725 τῶν
2327 5674 2534 5728 παίδων
2575 5667 2955 5744 ἀπεστέρησε·
3009 5675 3200 5728 τούτου
3244 5677 3299 5728 δὲ
3337 5678 3396 5728 οὐ
3452 5677 3768 5746 μικρὸν,ξού

2188 5758 2329 5830 μέγα
2360 5776 2412 5810 τι
2440 5757 2546 5809 τῶν
2585 5759 2753 5809 ὄντων
2790 5739 3056 5827 ἀφείλετο.
3084 5759 3301 5812 Μᾶλλον
3329 5760 3384 5810 δὲ
3411 5739 3503 5812 καὶ
3529 5739 3669 5813 αὐτά
3690 5739 3768 5830 ξτά

2184 5845 2404 5914 ῥήματα
2434 5841 2796 5910 ἐξετάσωμεν,
2832 5841 2982 5912 {272]
3017 5843 3111 5894 καὶ
3147 5843 3246 5913 τῆς
3291 5843 3545 5914 ἐπιϐολῆς
3585 5849 3610 5882 ⁸
3662 5813 3762 5904 tl?”

2245 5942 2268 5971 ⁸
2283 5938 2495 5990 Savilius
2515 5945 2597 5998 τῆς
2616 5937 2884 5998 ἐπιϐουλῆς,
2901 5945 2952 5987 cl
2975 5937 3046 5988 sic
3071 5940 3287 5990 interm.
