4046 6396
273 329 376 383 267

271 443 355 496 cli.
397 437 489 492 ﬁl.
522 437 575 508 i)
614 453 628 490 :
662 448 769 489 non
815 432 887 486 ita
927 444 1085 501 grave
1122 436 1205 482 est
1243 440 1504 497 peccare,
1545 435 1702 493 quam
1744 426 1868 489 post

273 533 564 586 admissum
622 534 894 597 peccatum
954 521 1236 576 Dominum
1293 529 1567 572 accusare.
1626 515 1869 582 Agnosce

275 622 478 696 peccati
504 628 800 683 auctorem,
828 617 1139 683 nullumque
1164 613 1324 666 alium
1353 609 1613 678 reperies,
1637 619 1794 675 quam
1819 612 1871 658 te

275 719 361 788 qui
393 714 648 787 peccasti.
681 713 888 781 Ubique
914 710 1054 764 bono
1083 722 1218 777 opus
1252 714 1335 761 est
1375 701 1648 775 proposito
1681 700 1870 754 volun-

277 811 431 874 tatis;
465 808 517 862 id
543 815 721 860 autem
750 803 902 858 vobis
935 797 1298 869 comprobavi,
1327 811 1433 851 non
1464 795 1634 850 solum
1661 790 1872 847 ratioci-

280 901 378 954 niis
398 940 413 963 ,
446 895 543 952 sed
572 893 824 963 exemplo
849 903 1229 946 conservorum
1253 929 1269 954 ,
1301 886 1390 956 qui
1435 886 1486 939 in
1529 883 1634 938 hoc
1672 880 1872 936 mundo

283 991 543 1045 vivebant.
577 988 686 1041 llac
709 995 764 1040 et
785 992 839 1038 tu
866 995 1018 1038 utere
1039 977 1491 1036 demonstratione
1519 993 1531 1027 :
1556 975 1632 1028 sic
1653 981 1707 1027 et
1728 987 1875 1026 com-

281 1081 456 1136 munis
499 1078 752 1133 Dominus
779 1089 878 1129 nos
901 1072 1158 1142 judicabit
1185 1088 1199 1124 :
1232 1070 1372 1124 hunc
1401 1063 1874 1122 demonstrationis

281 1173 496 1229 modum
533 1172 752 1236 discite,
782 1179 836 1223 et
875 1181 1033 1222 nemo
1070 1163 1220 1219 vobis
1262 1163 1458 1232 poterit
1486 1160 1649 1215 verba
1678 1157 1806 1212 dare
1832 1158 1871 1208 ι.

281 1266 596 1320 Fornicatur
623 1259 924 1332 quiSpiam?
953 1256 1177 1312 ostende
1220 1256 1292 1308 illi
1337 1254 1498 1307 alium
1538 1251 1877 1307 continenter

281 1368 548 1428 agentem.
593 1356 797 1409 Avarus
839 1359 922 1404 est
964 1349 1098 1402 alius
1140 1355 1194 1401 et
1235 1345 1440 1415 rapax?
1477 1343 1874 1412 eleemosynam

283 1455 587 1518 erogantem
628 1443 704 1498 illi
748 1441 961 1496 exhibe.
995 1440 1052 1494 lu
1090 1439 1259 1492 livore
1289 1447 1343 1492 et
1376 1435 1571 1489 invidia
1596 1432 1878 1488 versatur?

282 1542 349 1594 ab
376 1539 478 1592 hoc
507 1536 695 1591 morbo
722 1534 948 1588 liberum
982 1531 1034 1586 ei
1070 1529 1315 1585 ostende.
1356 1526 1644 1582 Iracundus
1672 1524 1794 1580 est?
1825 1524 1878 1578 in

285 1630 517 1686 medium
548 1627 722 1682 adduc
750 1641 906 1690 eum,
933 1623 1022 1694 qui
1055 1638 1179 1678 cum
1215 1618 1550 1690 philosophia
1583 1616 1733 1670 vivit.
1763 1616 1880 1670 Non

283 1724 424 1777 enim
459 1730 668 1775 veteres
696 1717 868 1773 solum
911 1714 1162 1769 historias
1197 1720 1441 1782 repetere
1469 1719 1554 1765 est
1580 1723 1753 1779 opus;
1785 1706 1881 1762 sed

284 1830 314 1867 a
345 1809 696 1882 prmsentibus
722 1807 963 1875 exempla
995 1803 1254 1859 sumenda
1284 1811 1427 1857 sunt.
1456 1801 1588 1855 Nam
1614 1798 1882 1868 hodieque

286 1922 381 1976 per
410 1904 502 1958 Dei
529 1901 752 1972 gratiam
779 1915 885 1953 non
917 1898 1124 1952 minora
1157 1895 1426 1966 prioribus
1464 1899 1590 1947 sunt
1626 1891 1881 1960 praeclara

283 2011 466 2066 opera.
499 1992 806 2048 lncredulus
832 2000 946 2054 est,
978 1999 1033 2044 et
1064 1987 1349 2042 mendaces
1389 1993 1538 2055 putat
1577 1997 1699 2037 esse
1738 1981 1884 2036 Scri-

285 2089 505 2158 pturas?
549 2101 656 2141 non
694 2084 868 2139 credit
908 2082 1098 2138 Jobum
1132 2080 1292 2134 talem
1321 2077 1528 2132 fuisse?
1557 2075 1780 2129 ostende
1809 2073 1884 2127 illi

288 2183 450 2235 alium
483 2181 775 2244 hominem,
809 2177 898 2246 qui
926 2176 1066 2230 illius
1091 2173 1220 2243 justi
1251 2172 1488 2226 imitetur
1512 2169 1694 2223 vitam.
1719 2166 1809 2222 Sic
1833 2175 1886 2221 et

287 2289 385 2329 nos
406 2273 667 2328 Dominus
687 2269 949 2339 judicabit
971 2284 984 2320 :
1009 2278 1298 2320 conservos
1318 2277 1438 2316 cum
1461 2259 1736 2315 conservis
1757 2272 1886 2311 con-

287 2365 480 2430 stituit,
511 2378 614 2418 nec
639 2375 737 2416 suo
762 2359 962 2431 judicio
999 2357 1100 2412 fert
1135 2354 1476 2418 sententiam,
1506 2365 1573 2404 ne
1598 2349 1718 2419 quis
1744 2347 1887 2402 dicat

288 2458 522 2522 iterum,
562 2451 1010 2524 quemadmodum
1057 2448 1148 2502 ille
1192 2445 1451 2510 lautulus,
1496 2441 1580 2496 cui
1627 2441 1886 2494 talentum

291 2551 554 2606 creditum
583 2547 775 2610 fuerat,
803 2554 856 2600 et
886 2559 984 2615 pro
1014 2541 1215 2596 talento
1245 2537 1636 2593 accusationem
1665 2532 1846 2587 retulit
1870 2547 1888 2586 :

295 2644 428 2710 Quia
465 2650 692 2696 austeras
719 2655 772 2692 es
806 2636 1028 2708 (Matth.
1055 2633 1146 2687 25.
1173 2631 1290 2699 24).
1324 2630 1459 2684 Cum
1491 2626 1633 2682 enim
1666 2623 1890 2695 ingemi-

293 2751 444 2792 scere
490 2732 846 2804 oportuisset,
887 2727 1030 2798 quod
1079 2726 1333 2780 talentum
1373 2736 1479 2775 non
1526 2718 1888 2787 duplicasset,

293 2828 508 2900 gravius
536 2823 750 2878 admisit
792 2829 1066 2891 peccatum
1093 2858 1109 2883 ,
1137 2815 1368 2886 proprize
1402 2809 1644 2882 segnitiei
1673 2821 1893 2862 accusa-

295 2897 493 2973 tionem
540 2925 727 2970 contra
775 2912 1049 2967 dominum
1098 2907 1374 2976 adjiciens.
1415 2903 1553 2972 Quid
1594 2901 1737 2955 enim
1778 2897 1895 2952 ait?

298 3011 534 3066 Sciebam
563 3007 682 3079 quia
705 3016 936 3059 austeras
967 3018 1038 3055 es.
1062 3000 1107 3055 Ο
1131 2999 1315 3062 miser,
1344 3011 1377 3050 ο
1405 2993 1585 3049 infelix
1612 3001 1666 3046 et
1689 2991 1896 3060 ingrate

300 3112 355 3158 et
384 3101 606 3172 ignave!
636 3112 756 3153 cum
799 3094 1062 3165 ignaviam
1090 3100 1232 3145 tuam
1265 3101 1519 3143 accusare
1546 3083 1774 3139 deberes
1797 3122 1812 3148 ,
1842 3087 1899 3136 et

304 3198 382 3251 sic
411 3195 557 3263 prius
594 3197 867 3262 peccatum
897 3187 1138 3241 minuere
1157 3225 1172 3248 ,
1204 3191 1261 3236 tu
1288 3190 1473 3235 contra
1501 3177 1777 3232 dominum
1805 3187 1898 3228 ac-

303 3289 633 3343 cusationem
661 3292 898 3346 vertens,
930 3279 1049 3333 loco
1078 3275 1259 3331 talenti
1292 3282 1567 3344 peccatum
1594 3266 1896 3338 duplicasti.

375 3383 428 3437 5.
459 3379 660 3434 idcirco
691 3377 830 3430 Deus
859 3387 1045 3429 servos
1074 3380 1128 3425 et
1165 3382 1351 3423 servos
1380 3364 1585 3430 statuit,
1613 3370 1671 3417 ut
1697 3361 1752 3415 hi
1779 3359 1899 3414 illos

305 3473 560 3547 judicent,
585 3477 638 3523 et
663 3468 734 3521 illi
757 3466 927 3520 abhis
946 3461 1188 3532 judicati,
1219 3474 1325 3513 non
1351 3456 1584 3511 habeant
1601 3453 1736 3507 ultra
1759 3450 1901 3506 unde

307 3541 593 3617 Dominum
623 3565 893 3612 accusent.
925 3555 1211 3621 Pr0pterea
1236 3548 1366 3602 dicit
1394 3564 1406 3600 :
1451 3545 1593 3599 Venit
1620 3541 1790 3596 Filius
1812 3541 1904 3594 ho-

308 3657 458 3710 minis
483 3655 533 3707 in
558 3653 722 3724 gloria
749 3650 923 3704 Patris
951 3650 1030 3702 sui
1058 3644 1268 3717 (Matth.
1300 3640 1390 3696 16.
1417 3638 1534 3707 27).
1562 3636 1694 3692 Vide
1721 3633 1905 3724 gloria:

285 3723 667 3818 aequalitatem
688 3762 700 3797 :
718 3759 827 3799 non
851 3742 1003 3807 dixit,
1027 3739 1086 3794 In
1109 3735 1276 3806 gloria
1304 3732 1464 3786 simili
1492 3729 1675 3799 gloriae
1700 3723 1900 3789 Patris,

308 3837 437 3902 sed,
481 3834 547 3887 In
590 3833 753 3903 gloria
789 3829 994 3893 Patris,
1039 3835 1086 3879 et
1125 3821 1445 3894 congregabit
1487 3828 1655 3890 gentes
1693 3828 1906 3870 omnes:

312 3928 549 3984 terribile
577 3923 827 3990 tribunal,
859 3918 1097 3975 terribile
1124 3913 1497 3987 peccatoribus
1523 3919 1577 3965 et
1604 3908 1709 3964 reis
1739 3925 1752 3961 :
1783 3921 1905 3960 nam

313 4020 413 4075 sibi
458 4016 687 4073 consciis
728 4014 795 4068 de
843 4012 984 4066 bono
1022 4022 1187 4078 opere
1211 4048 1226 4072 ,
1258 4002 1612 4059 desiderabile
1649 3999 1909 4065 dulceque

313 4123 396 4169 est
425 4133 437 4167 :
471 4112 533 4165 Et
572 4110 836 4164 constituet
869 4120 981 4159 oves
1017 4118 1048 4155 a
1085 4101 1306 4163 dextris,
1347 4108 1394 4151 et
1435 4095 1606 4149 haedos
1633 4109 1665 4146 ιι
1692 4090 1910 4145 sinistris

320 4205 529 4278 (Matth.
571 4203 661 4256 25.
703 4197 795 4270 '53)
832 4215 844 4250 :
877 4205 930 4251 et
954 4194 1010 4249 hi
1039 4200 1093 4248 et
1119 4192 1193 4245 illi
1224 4189 1469 4244 homines
1498 4194 1640 4239 sunt.
1673 4181 1779 4237 Cur
1807 4181 1910 4233 ita-

320 4277 422 4368 que
450 4297 522 4350 illi
557 4307 686 4350 oves
708 4333 722 4357 ,
751 4290 806 4343 hi
847 4286 1024 4342 haedi?
1062 4284 1175 4338 Non
1207 4291 1264 4335 ut
1293 4277 1645 4335 differentiam
1676 4281 1909 4336 naturae,

322 4361 413 4445 sed
441 4398 500 4442 ut
524 4383 813 4440 voluntatis
837 4378 1122 4434 discrimen
1148 4372 1375 4428 ediscas.
1400 4369 1507 4425 Cur
1534 4377 1712 4422 autem
1742 4365 1799 4429 ii,
1821 4361 1913 4433 qui

321 4484 715 4549 eleemosynam
745 4489 850 4529 non
877 4476 1184 4541 erogarunt,
1220 4465 1363 4521 litedi
1393 4462 1554 4518 sunt?
1582 4461 1715 4528 Quia
1744 4457 1914 4512 infru-

321 4582 566 4627 ctuosum
593 4578 676 4623 est
702 4563 901 4619 animal
925 4604 940 4629 ,
970 4558 1110 4630 quod
1139 4571 1314 4624 neque
1341 4556 1493 4610 lactis
1525 4550 1877 4607 ministerium
1899 4588 1914 4614 ,

326 4681 499 4737 neque
523 4662 749 4733 prolem,
779 4673 950 4726 neque
978 4655 1202 4725 pilorum
1225 4651 1508 4705 utilitatem
1535 4645 1706 4716 possit
1724 4641 1918 4697 afferre

328 4736 579 4816 dominis,
601 4751 723 4821 quia
750 4749 819 4803 ob
845 4753 1218 4817 praematuram
1247 4747 1457 4794 aetatem
1486 4736 1606 4790 talis
1629 4740 1920 4804 proventus

327 4862 524 4920 expers
548 4854 650 4901 est.
681 4842 806 4898 Ideo
834 4854 928 4895 eos
953 4836 1044 4908 qui
1073 4835 1275 4891 nullum
1307 4833 1662 4899 eleemosynte
1690 4825 1919 4880 fructum

328 4919 525 5006 feriunt,
558 4938 745 4993 haedos
769 4933 1010 4995 vocavit;
1034 4944 1126 4985 eos
1150 4935 1326 4981 autem
1353 4923 1441 4994 qui
1469 4936 1497 4975 a
1524 4919 1745 4984 dextris,
1768 4932 1917 4972 oves.

326 5037 408 5092 Ab
439 5036 544 5090 illis
569 5032 710 5088 enim
743 5030 928 5098 ingens
960 5029 1249 5094 proventus
1278 5035 1340 5073 ex
1371 5017 1490 5071 lana
1512 5057 1525 5080 ,
1554 5029 1620 5070 ex
1647 5012 1824 5082 prole,
1855 5025 1920 5065 ex

326 5133 488 5187 lacte.
520 5125 658 5194 Quid
706 5122 863 5193 igitur
904 5119 977 5172 ait
1013 5117 1120 5170 illis
1149 5132 1161 5168 :
1193 5112 1529 5167 Esurientem
1559 5121 1647 5162 me
1676 5104 1880 5160 vidistis
1905 5144 1920 5168 ,

328 5233 385 5279 et
412 5218 712 5276 nutrivistis
740 5229 867 5279 me;
906 5210 1126 5272 nudum,
1155 5214 1209 5262 et
1236 5203 1513 5266 induistis;
1549 5199 1837 5269 hospitem,
1869 5202 1924 5250 et

325 5311 620 5382 collegistis
651 5306 866 5377 (Matth.
896 5303 989 5358 25.
1020 5301 1132 5370 55).
1166 5299 1395 5352 Rursum
1438 5294 1504 5349 ad
1544 5293 1663 5348 illos
1703 5300 1920 5345 contra-

330 5407 408 5461 ria
439 5423 454 5458 :
482 5413 536 5456 et
563 5399 778 5471 quidem
811 5405 917 5451 tam
953 5395 1028 5448 illi
1055 5406 1213 5463 quam
1245 5389 1298 5443 hi
1327 5387 1570 5442 homines
1599 5391 1771 5449 erant,
1801 5395 1922 5436 eas-

332 5498 455 5552 dem
478 5494 689 5562 utrique
712 5495 1026 5559 acoeperant
1046 5481 1448 5554 promissiones,
1474 5477 1660 5532 eadem
1689 5475 1927 5542 utrisque

333 5590 469 5645 bene
489 5584 831 5658 cperantibus
855 5579 1075 5652 praemia
1093 5574 1363 5647 proposita
1388 5589 1401 5625 :
1425 5571 1562 5626 idem
1589 5569 1703 5639 ipse
1726 5581 1822 5636 pro
1845 5565 1927 5618 his

337 5689 391 5737 et
417 5695 514 5751 pro
543 5679 646 5734 illis
682 5675 859 5739 venit,
889 5671 1077 5728 eadem
1115 5683 1234 5723 cum
1280 5664 1516 5719 nuditate
1543 5660 1610 5717 ad
1638 5668 1926 5729 utrosque,

403 5794 418 5824 ί
455 5799 592 5854 neg.,
614 5803 693 5840 vos
715 5799 906 5851 capere,
942 5799 1043 5850 pro,
1071 5782 1199 5833 vobis
1223 5781 1366 5831 verba
1391 5779 1528 5828 dare.

663 5878 908 5933 ΡΑἰτιυι
979 5874 1093 5930 (in.
1142 5873 1194 5931 Χ
1210 5870 1367 5929 LIX.

1270 314 1356 369 DE
1396 309 1688 368 DIABOLO
1726 307 2164 365 TENTATORE.
2197 305 2429 363 HOMIL.
2471 305 2562 362 Ill.

3450 314 3555 371 9.68

1975 420 2163 475 eadem
2190 418 2350 486 fame,
2379 419 2574 490 hospes
2601 416 2783 472 itidem
2807 431 2820 468 :
2843 411 3020 469 omnia
3044 420 3167 468 sunt
3191 420 3245 467 et
3273 410 3356 466 his
3378 421 3433 468 et
3455 415 3560 469 illis

1976 513 2220 583 aequalia.

2045 606 2130 660 Ea:
2157 605 2426 660 voluntatis
2456 604 2712 674 proposito
2741 603 2858 656 boni
2901 601 2978 657 vel
3024 600 3146 654 ntali
3171 597 3570 655 sumus.—-Cur

1975 713 2106 768 ergo
2151 698 2270 752 finis
2291 713 2395 751 non
2424 696 2655 751 similis?
2680 695 2811 763 Quia
2834 694 2886 749 id
2908 694 3194 748 voluntatis
3236 691 3570 762 propositum

1976 806 2084 847 non
2105 791 2346 862 permisit
2365 807 2376 843 :
2395 788 2524 844 illud
2553 789 2694 843 enim
2711 787 2881 841 solum
2902 785 3296 841 distinctionem
3322 784 3466 837 illam
3490 782 3574 836 fe-

1978 885 2070 939 cit.
2127 883 2295 953 Hujus
2343 896 2502 936 causa
2557 880 2633 934 illi
2664 882 2714 934 in
2740 879 3058 949 gehennam,
3111 877 3165 930 hi
3215 877 3269 931 in
3322 890 3567 944 regnum.

1979 984 2243 1046 pergunt:
2273 974 2414 1045 quod
2454 974 2500 1027 si
2545 972 2786 1027 diabolus
2817 971 2946 1040 ipsis
2995 976 3182 1022 auctor
3227 977 3567 1037 peccatorum

1979 1078 2143 1135 esset,
2173 1083 2280 1123 non
2311 1069 2510 1137 utique,
2562 1066 2668 1120 alio
2695 1073 2946 1134 peccante
2968 1071 3020 1118 et
3049 1062 3114 1117 ad
3161 1071 3434 1131 peccatum
3467 1061 3567 1113 im-

1981 1163 2243 1232 pellente,
2288 1160 2340 1213 hi
2369 1159 2627 1228 supplicio
2655 1157 2917 1212 afficiendi
2949 1164 3120 1211 erant.
3151 1154 3343 1209 Videu’
3374 1155 3458 1208 hic
3516 1162 3573 1207 et

1982 1255 2070 1324 qui
2100 1263 2452 1323 peccaverunt
2483 1261 2536 1307 et
2555 1252 2646 1322 qui
2676 1252 2813 1306 bene
2829 1248 3088 1320 egerunt?
3108 1247 3280 1302 viden'
3305 1244 3574 1315 quomodo

1983 1364 2276 1404 conservos
2300 1348 2563 1411 videntes,
2585 1343 2988 1401 obmutuerunt?
3013 1343 3124 1412 Age
3141 1341 3205 1394 ad
3233 1340 3372 1394 aliud
3398 1353 3576 1393 exem-

1982 1442 2129 1512 plum
2151 1454 2452 1494 sermonem
2472 1435 2876 1492 transferamus.
2894 1433 3159 1504 Virgines,
3179 1432 3369 1501 inquit,
3388 1430 3574 1484 decem

1985 1541 2140 1588 erant
2161 1531 2369 1601 (Matth.
2402 1530 2520 1601 25).
2545 1530 2642 1583 llic
2669 1543 2854 1582 rursus
2878 1527 3180 1580 voluntates
3205 1534 3463 1593 suntquae
3484 1521 3577 1576 be-

1985 1639 2052 1678 ne
2073 1631 2379 1693 operantur,
2396 1629 2449 1676 et
2469 1636 2587 1691 quae
2607 1620 2942 1690 delinquunt,
2967 1626 3024 1672 ut
3043 1632 3110 1672 ex
3139 1616 3384 1686 opposito
3410 1623 3463 1669 et
3484 1614 3578 1668 ha-

1985 1733 2105 1773 rum
2136 1727 2354 1787 peccata
2374 1715 2573 1779 videas,
2595 1724 2649 1769 et
2671 1714 2879 1768 illarum
2905 1713 3042 1767 bona
3060 1725 3222 1780 Opera
3256 1727 3268 1763 :
3297 1723 3577 1779 compara-

1989 1814 2063 1866 tio
2077 1813 2218 1866 enim
2281 1810 2396 1865 haec
2425 1811 2568 1865 clare
2599 1808 2835 1863 exhibet.
2860 1807 2927 1861 Et
2966 1806 3050 1860 hae
3093 1813 3147 1860 et
3194 1804 3298 1858 ilhe
3322 1802 3575 1873 virgines,

1993 1912 2049 1957 ct
2089 1904 2171 1956 lue
2194 1911 2248 1956 et
2277 1901 2381 1955 illa:
2411 1899 2676 1969 quinque;
2707 1896 2980 1967 lampadas
3007 1904 3248 1965 utrmque
3284 1894 3577 1958 habebant,

1988 2006 2175 2047 omnes
2201 2005 2455 2060 sponsum
2484 1986 2996 2058 exspectabanLCur
3019 1988 3135 2041 alia:
3157 1987 3429 2056 ingressae,
3461 1982 3582 2038 alite

1988 2102 2094 2140 non
2122 2085 2374 2154 ingressae
2391 2081 2551 2138 sunt?
2573 2082 2705 2147 Quia
2729 2081 2831 2135 illa:
2850 2079 3063 2150 quidem
3085 2079 3389 2133 inhumana:
3405 2086 3579 2143 erant,

1989 2175 2071 2229 hae
2099 2189 2224 2228 vero
2255 2183 2545 2227 mansuetze
2569 2181 2622 2226 et
2651 2171 2919 2227 humanae.
2951 2170 3138 2225 Viden’
3155 2185 3367 2225 rursum
3393 2170 3581 2224 volun;

1991 2269 2114 2321 tatis
2164 2265 2494 2335 propositum
2519 2278 2735 2317 causam
2768 2261 2933 2316 fuisse
2962 2260 3101 2324 finis,
3134 2276 3241 2315 non
3267 2269 3443 2314 autem
3464 2259 3586 2313 diae

1990 2356 2213 2411 bolum?
2243 2355 2394 2410 vides
2428 2369 2499 2409 ex
2523 2355 2767 2424 opposito
2792 2352 3009 2423 judicia,
3029 2359 3084 2406 et
3105 2366 3168 2406 ex
3191 2351 3452 2405 similibus
3477 2349 3584 2404 cal-

1992 2449 2142 2503 culos
2170 2446 2332 2501 ferri?
2358 2444 2615 2500 Conservi
2641 2457 2931 2498 conservos
2954 2442 3282 2511 iudicabunt.
3304 2440 3466 2495 Visne
3488 2439 3586 2494 tibi

1991 2539 2272 2596 ostendam
2298 2539 2458 2593 etiam
2481 2553 2546 2591 ex
2570 2534 2918 2590 dissimilibus
2947 2533 3064 2588 fieri
3093 2530 3586 2601 comparationem?

1994 2633 2056 2688 ﬁt
2075 2633 2217 2689 enim
2246 2642 2302 2687 et
2323 2647 2388 2685 ex
2411 2630 2783 2692 dissimilibus,
2805 2637 2863 2682 ut
2883 2626 3261 2682 condemnatio
3281 2627 3351 2679 sit
3369 2624 3585 2680 clarior.

2004 2723 2115 2778 Viri
2153 2721 2417 2787 Ninivitte,
2454 2722 2638 2790 inquit,
2655 2728 2859 2790 surgent
2885 2728 2931 2771 et
2955 2716 3357 2771 condemnabam
3376 2730 3588 2786 genera-

1997 2815 2182 2870 tionem
2202 2815 2333 2867 hanc
2352 2811 2561 2884 (Matth.
2585 2810 2672 2865 12.
2696 2811 2809 2880 41).
2826 2809 2941 2864 Νοη
2960 2809 3098 2862 ultra
3118 2808 3319 2862 similes
3339 2813 3462 2860 sunt
3478 2805 3511 2859 ii.
3523 2805 3590 2860 de

1997 2907 2189 2977 quibus
2212 2904 2469 2974 judicium
2492 2904 2660 2958 fertur
2684 2919 2696 2954 :
2723 2915 2846 2955 nam
2866 2900 2957 2954 alii
2978 2899 3190 2954 barbari
3216 2907 3360 2964 sunt,
3378 2897 3467 2951 alii
3493 2895 3590 2951 Ju-

1999 2999 2122 3054 daei:
2156 2999 2209 3051 hi
2241 2996 2604 3067 prepheticam
2633 2994 2933 3049 doctrinam
2962 2991 3233 3062 assequuti
3285 2998 3456 3056 erant,
3500 2988 3589 3043 alii

2000 3105 2288 3159 numquam
2321 3087 2387 3142 de
2413 3087 2609 3142 divinis
2631 3085 2928 3140 audierant.
2953 3083 3137 3152 Neque
3157 3082 3257 3136 hoc
3282 3089 3485 3135 tantum
3514 3081 3594 3134 in-

2003 3191 2167 3240 terest
2208 3180 2554 3246 discriminis,
2586 3178 2678 3233 sed
2706 3177 2845 3248 quod
2873 3176 2939 3230 ad
2980 3176 3100 3230 illos
3128 3187 3313 3228 servus
3333 3214 3348 3238 ,
3373 3172 3438 3227 ad
3492 3171 3594 3225 hos

2004 3276 2262 3332 Dominus
2289 3272 2497 3328 venerit
2529 3289 2542 3325 :
2574 3281 2628 3325 et
2655 3270 2743 3323 ille
2772 3268 2985 3338 quidem
3016 3266 3247 3321 futuram
3291 3263 3597 3319 subversio-

2003 3383 2126 3424 nem
2145 3364 2562 3437 praenuntiabat,
2592 3362 2678 3416 hic
2713 3375 2840 3415 vero
2861 3373 3084 3429 regnum
3113 3358 3372 3412 caalorum
3397 3354 3595 3424 przedi-

2004 3461 2179 3516 cabat.
2202 3459 2348 3526 Quos
2375 3470 2503 3527 ergo
2547 3454 2845 3509 credituros
2890 3465 3011 3505 esse
3055 3448 3399 3504 verisimilius
3449 3455 3594 3511 erat,

2005 3552 2331 3608 barbarosne
2361 3548 2514 3612 illos,
2567 3546 2900 3615 insipientes,
2933 3542 3023 3613 qui
3069 3555 3358 3611 numquam
3406 3538 3599 3594 divinte

2006 3642 2264 3697 doctrina:
2278 3640 2562 3710 participes
2579 3637 2804 3702 fuerant,
2827 3651 2895 3689 an
2918 3649 3012 3688 eos
3032 3632 3166 3703 quia
3186 3631 3382 3686 teneris
3404 3631 3455 3685 in
3473 3645 3599 3699 pro-

2011 3732 2236 3803 pheticis
2275 3731 2428 3785 libris
2473 3729 2683 3784 educati
2714 3726 2957 3780 fuerant?
3004 3723 3213 3778 Nemini
3243 3739 3349 3778 non
3388 3722 3602 3777 videtur

2009 3825 2222 3880 Judacos
2248 3823 2424 3893 potius
2442 3821 2776 3883 credituros;
2804 3819 2898 3873 sed
2920 3818 3245 3872 contrarium
3279 3816 3490 3870 accidit.
3537 3815 3601 3869 lli

2010 3916 2225 3988 quidem
2272 3930 2378 3969 non
2414 3912 2758 3969 crediderunt
2805 3910 3032 3965 Domino
3077 3923 3298 3979 regnum
3348 3908 3604 3961 caelorum

2013 4008 2349 4081 praedicanti,
2381 4007 2457 4063 illi
2486 4021 2613 4060 vero
2642 4002 2988 4060 crediderunt
3013 4014 3273 4056 conservo
3300 3997 3606 4054 subversio-

2014 4117 2136 4156 nem
2164 4099 2529 4160 comminanti.
2552 4105 2610 4152 ut
2633 4097 2827 4151 clarius
2853 4104 2907 4150 et
2931 4109 3118 4148 eorum
3148 4092 3392 4162 aequitas,
3418 4099 3470 4144 et
3501 4089 3602 4143 ho-

2015 4209 2133 4248 rum
2160 4191 2474 4260 improbitas
2503 4194 2809 4258 appareret.
2842 4183 3110 4254 Numquid
3159 4181 3406 4237 daemon?
3446 4196 3605 4236 num-

2017 4284 2143 4356 quid
2188 4281 2466 4338 diabolus?
2498 4278 2754 4349 numquid
2797 4276 3045 4331 fortuna?
3097 4272 3352 4343 numquid
3405 4271 3610 4326 fatum?

2018 4374 2274 4444 numquid
2324 4373 2423 4427 sibi
2445 4372 2670 4441 quisque
2698 4383 2857 4424 causa
2903 4367 3001 4421 fuit
3030 4376 3142 4421 tum
3179 4363 3465 4434 nequitiae,
3496 4370 3607 4415 tum

2017 4466 2265 4522 virtutis?
2294 4463 2407 4519 Nisi
2437 4462 2580 4518 enim
2612 4461 2687 4515 illi
2727 4460 2805 4514 rei
2857 4457 3015 4511 futuri
3043 4465 3241 4519 essent,
3275 4467 3608 4524 nequaquam

2019 4561 2241 4616 dixisset
2257 4575 2268 4609 :
2283 4554 2699 4612 Condemnabunt
2718 4550 3088 4623 generationem
3108 4547 3610 4615 hanc:nequaquam

2020 4652 2245 4706 dixisset
2271 4649 2510 4718 reginam
2533 4645 2713 4700 Austri
2734 4640 3208 4697 condemnaturam
3232 4637 3446 4692 Judmos
3465 4648 3607 4690 esse.

2022 4742 2139 4798 Non
2165 4741 2336 4796 solum
2358 4738 2499 4795 enim
2527 4734 2708 4805 populi
2728 4733 2972 4803 populos,
3001 4729 3097 4786 sed
3123 4742 3259 4783 unus
3285 4729 3445 4782 homo
3469 4740 3613 4796 szepe

2024 4835 2288 4904 integrum
2335 4828 2587 4901 p0pulum
2621 4824 2946 4881 condemnat
2975 4840 2987 4876 :
3019 4819 3234 4892 quando
3261 4819 3317 4885 ii,
3341 4817 3433 4888 qui
3458 4816 3611 4872 facile

2023 4924 2197 4994 decipi
2229 4939 2385 4995 posse
2414 4919 2746 4982 videbantur,
2773 4931 2876 4970 non
2898 4914 3103 4982 decepti
3133 4910 3296 4967 fuisse
3315 4907 3615 4981 deprehen.

2026 5019 2238 5084 duntur,
2283 5023 2337 5071 et
2365 5015 2455 5085 qui
2479 5011 2625 5068 omni
2655 5010 2814 5065 modo
2856 5009 3073 5063 vincere
3101 5005 3394 5068 debebant,
3434 5011 3614 5057 tamen

2028 5119 2361 5182 superantur.
2381 5106 2507 5163 Ideo
2537 5105 2725 5160 Adami
2755 5111 2810 5158 et
2838 5101 2957 5158 Jobi
2995 5099 3321 5156 mentionem
3351 5096 3612 5152 fecimus:

2025 5206 2134 5278 jam
2154 5204 2294 5272 enim
2325 5200 2390 5254 ad
2413 5198 2544 5254 illud
2571 5205 2940 5266 argumentum
2965 5193 3142 5250 redire
3171 5203 3394 5246 necesse
3421 5196 3521 5252 est,
3557 5195 3615 5240 ut

2030 5275 2172 5370 quod
2188 5297 2447 5364 reliquum
2476 5301 2558 5346 est
2578 5287 2943 5358 expediamus.
2971 5283 3232 5340 Adamum
3260 5279 3418 5350 igitur
3458 5275 3614 5331 nudis

2033 5399 2235 5445 tantum
2253 5386 2450 5447 verbis,
2476 5383 2667 5439 Jobum
2689 5380 2841 5435 factis
2857 5390 3139 5448 aggressus
3158 5381 3240 5429 est
3262 5389 3275 5426 :
3308 5371 3451 5426 hunc
3470 5370 3614 5423 enim

2032 5480 2280 5537 omnibus
2318 5475 2516 5532 divitiis
2559 5471 2808 5544 spoliavit
2851 5469 3083 5538 ﬁliisque
3124 5463 3357 5526 orbavit,
3412 5458 3488 5514 illi
3518 5473 3619 5513 nec

2032 5572 2312 5628 minimum
2345 5582 2446 5623 nec
2481 5578 2730 5636 magnum
2767 5560 3037 5632 quidpiam
3072 5555 3307 5611 abstulit.
3349 5552 3488 5617 Quin
3521 5565 3618 5620 po-

2034 5665 2139 5720 tius
2177 5663 2290 5733 ipsa
2316 5659 2479 5714 verba
2507 5653 2917 5728 perpendamus,
2957 5658 3011 5705 et
3040 5646 3347 5703 insidiarum
3379 5642 3618 5697 modum.

2033 5731 2470 5824 Accessit,inquit,
2493 5765 2717 5822 serpens,
2742 5757 2786 5802 et
2802 5746 2928 5800 dixit
2953 5741 3148 5797 mulieri
3170 5757 3187 5795 :
3213 5735 3316 5794 Cur
3335 5737 3463 5792 diait
3484 5731 3625 5792 vobis

3184 5827 3260 5889 17
