4046 6396
495 351 623 408 269.

487 457 647 520 Deus,
679 453 800 510 Non
827 454 1095 509 comedetis
1118 469 1182 507 ea:
1207 455 1343 507 omni
1371 453 1506 524 tigno
1526 493 1541 519 ,
1568 454 1701 523 quod
1730 462 1801 506 est
1835 453 1888 505 in
1928 467 2077 521 para-

488 551 598 604 diso
620 548 768 620 (Gen.
797 550 852 604 5.
887 550 939 618 1)
963 548 985 600 ?
1017 547 1112 601 Hic
1136 561 1380 616 serpens,
1409 547 1517 600 illic
1546 561 1685 600 uxor
1708 544 1843 599 Jobo
1866 543 2081 598 insidia-

489 649 574 694 tur
603 657 617 692 :
643 639 729 693 hic
756 639 976 693 multum
991 637 1212 692 interest
1232 637 1370 692 inter
1387 637 1722 692 consiliarios
1737 635 2078 691 discriminis.

487 729 622 784 Nam
672 729 761 784 ille
811 729 1023 798 quidem
1066 742 1251 783 servus
1273 769 1289 796 ,
1339 729 1454 792 haec
1480 729 1600 783 vita:
1627 728 1894 798 particeps
1923 745 1934 780 :
1967 725 2084 780 haec

488 820 808 884 auxiliatrix,
843 821 933 874 ille
970 835 1098 874 vero
1124 819 1370 875 subditus
1397 829 1532 874 erat.
1565 817 1750 874 Viden’
1777 832 1936 887 quam
1961 816 2083 871 nul-

491 913 573 966 lus
618 914 688 966 sit
714 912 882 966 veniae
924 911 1116 966 locus?
1147 912 1291 965 illam
1319 912 1461 965 enim
1511 911 1755 966 subditus
1797 925 1860 964 ac
1898 924 2084 964 servus

489 999 686 1055 devicit
714 1019 726 1054 :
756 1000 902 1054 illum
923 1016 991 1054 ne
1003 1000 1216 1069 quidem
1231 1015 1451 1055 consors
1471 1009 1523 1054 et
1551 1000 1850 1055 auxiliutrix
1873 1001 2086 1053 vincere

493 1091 681 1157 potuit.
706 1093 774 1144 At
823 1090 1096 1146 videamus
1123 1091 1248 1160 quid
1277 1091 1419 1145 dicat
1447 1109 1460 1146 :
1492 1091 1595 1145 Cur
1615 1091 1743 1144 dixit
1767 1090 1903 1144 vobis
1926 1090 2081 1157 Deus,

493 1180 617 1234 Non
644 1182 908 1235 comedetis
933 1198 995 1235 ea:
1015 1182 1150 1235 omni
1175 1183 1352 1252 ligno?
1371 1183 1528 1252 Atqui
1557 1198 1660 1236 non
1691 1182 1744 1236 id
1769 1183 1909 1237 Deus
1931 1181 2084 1236 dixe-

497 1280 600 1336 rat,
632 1271 727 1325 sed
755 1286 972 1340 prorsus
997 1273 1346 1327 contrarium.
1373 1272 1666 1328 Considera
1708 1273 1886 1343 itaque
1925 1273 2085 1328 vafri-

496 1365 620 1418 tiem
638 1363 833 1418 diaboli
857 1381 870 1418 :
893 1363 1030 1418 dixit
1072 1365 1212 1435 quod
1241 1379 1348 1420 non
1368 1364 1566 1419 dictum
1593 1363 1852 1431 fuerat,ut
1873 1364 2084 1420 edisce-

494 1465 574 1509 ret
599 1455 740 1526 quod
760 1453 957 1511 dictum
985 1457 1173 1511 fuerat.
1202 1456 1338 1524 Quid
1365 1457 1524 1528 igitur
1539 1457 1764 1512 mulier?
1789 1472 1908 1510 cum
1925 1471 2085 1525 opor-

495 1550 687 1602 tuisset
731 1549 806 1603 illi
843 1564 903 1604 os
930 1551 1210 1615 obturare,
1261 1549 1346 1604 vel
1375 1565 1478 1604 non
1528 1549 1888 1619 respondere,
1923 1549 2086 1604 stulte

493 1639 811 1694 dominicam
839 1639 1155 1696 sententiam
1185 1641 1392 1709 aperuit
1421 1656 1434 1692 :
1468 1639 1696 1710 hincque
1724 1640 1799 1694 illi
1838 1654 2083 1708 magnam

497 1730 724 1798 praebuit
746 1745 952 1784 ansam.

557 1819 610 1872 4.
645 1819 778 1874 Vide
805 1830 1058 1890 quantum
1090 1823 1286 1877 malum
1315 1823 1383 1877 sit
1410 1837 1529 1877 sese
1553 1833 1752 1878 temere
1779 1823 2008 1877 inimicis
2029 1831 2086 1877 et

501 1909 899 1966 insidiatoribus
931 1913 1142 1966 tradere
1173 1932 1186 1968 :
1217 1914 1336 1968 ideo
1368 1914 1608 1969 Christus
1635 1913 1883 1969 dicebat:
1912 1913 2087 1967 Nolite

484 1990 619 2054 dare
639 2013 815 2055 sancta
836 2004 1060 2068 canibus,
1090 2021 1245 2073 neque
1272 2006 1550 2074 projiciatis
1578 2005 1876 2074 margaritas
1897 2015 2086 2057 vestras

494 2100 614 2144 ante
646 2109 844 2162 porcos,
874 2110 936 2147 ne
977 2098 1106 2162 forte
1145 2095 1369 2148 conversi
1413 2096 1732 2164 disrumpunt
1759 2110 1844 2148 vos
1870 2094 2081 2164 (Matth.

492 2181 549 2233 7.
575 2181 650 2248 6).
683 2182 793 2235 Hoc
819 2192 995 2236 autem
1025 2183 1152 2237 Eva:
1182 2185 1402 2254 contigit
1435 2203 1447 2239 :
1478 2185 1628 2239 dedit
1655 2193 1835 2239 sancta
1863 2185 2002 2251 cani,
2031 2194 2087 2239 et

497 2286 690 2338 porco;
722 2272 808 2326 ille
838 2274 997 2326 verba
1043 2275 1396 2339 conculcavtt,
1428 2283 1482 2328 et
1505 2291 1796 2331 conversus
1835 2275 2083 2331 feminam

497 2363 743 2432 disrupit.
792 2364 1173 2419 Animadverte
1222 2376 1398 2420 autem
1441 2382 1597 2436 quam
1631 2367 1776 2421 vafre
1800 2368 2080 2436 loquatur:

495 2454 621 2508 Non
649 2466 808 2508 morte
836 2457 1118 2510 moriemini
1137 2456 1286 2529 (Gen.
1317 2459 1367 2513 ’5.
1385 2458 1460 2528 4),
1493 2459 1680 2529 inquit.
1702 2459 1799 2513 Hic
1818 2474 1946 2514 vero
1965 2458 2083 2512 ani-

493 2562 640 2601 mum
673 2547 935 2604 advertite
966 2568 977 2602 :
1010 2551 1184 2620 potuit
1230 2552 1422 2606 mulier
1452 2551 1693 2608 fraudem
1739 2553 2035 2623 intelligere
2066 2573 2081 2608 :

494 2641 672 2692 statim
695 2640 837 2693 enim
867 2641 1195 2696 inimicitiam
1225 2653 1279 2697 et
1303 2643 1499 2698 bellum
1522 2644 1778 2699 adversus
1805 2645 1972 2699 Deum
2001 2645 2084 2697 de-

494 2733 774 2799 nuntiavit,
805 2734 985 2789 statim
1014 2735 1063 2790 ei
1119 2737 1458 2791 contradixit.
1483 2737 1632 2803 Esto,
1659 2743 1806 2809 prius
1834 2740 1927 2794 Dei
1957 2754 2082 2794 sen-

495 2822 712 2876 tentiam
753 2822 994 2879 ediscere
1024 2825 1222 2880 volenti
1252 2826 1503 2891 dicebas;
1533 2837 1588 2881 at
1612 2829 1782 2898 ipsum
1813 2831 2081 2884 contraria

496 2922 674 2980 postea
699 2914 961 2970 dicentem
1005 2931 1100 2971 cur
1125 2919 1698 2988 sequebaris?Dixerat
1725 2922 1889 2988 Deus,
1917 2922 2084 2976 Morte

497 3005 779 3058 moriemini
803 3021 821 3058 :
839 3005 920 3060 bis
947 3009 1265 3063 contradixit
1305 3011 1392 3065 ille
1420 3011 1502 3066 his
1529 3013 1724 3076 verbis,
1748 3011 2083 3083 Nequaquam

493 3105 652 3150 morte
683 3098 984 3152 moriemini.
1001 3099 1136 3165 Quid
1169 3099 1271 3155 hoc
1296 3101 1437 3156 bello
1463 3101 1682 3156 clarius?
1703 3103 1966 3158 undenam
1988 3118 2082 3173 po-

492 3195 627 3239 terat
667 3187 855 3241 melius
883 3191 1131 3258 cognosci
1192 3191 1440 3246 inimicus
1467 3201 1519 3246 et
1545 3192 1733 3259 hostis,
1761 3209 1917 3263 quam
1940 3195 2082 3264 quod

489 3279 752 3332 contraria
783 3279 891 3334 Deo
915 3280 1252 3351 loqueretur?
1278 3282 1573 3338 Confestim
1615 3300 1743 3356 ergo
1782 3285 2080 3355 decipulam

490 3367 626 3422 hanc
642 3368 925 3440 confugere
941 3387 1034 3441 par
1055 3371 1175 3438 fuit,
1199 3389 1226 3426 a
1247 3373 1438 3444 laqueo
1461 3375 1671 3430 resilire
1687 3379 1937 3445 oportuit.
1966 3376 2076 3431 Ne-

487 3475 732 3529 quaquam
749 3467 906 3516 morte
925 3463 1221 3528 moriemini,
1241 3465 1412 3535 inquit
1434 3483 1447 3519 :
1467 3467 1557 3519 scit
1569 3468 1752 3538 quippe
1770 3466 1926 3534 Deus,
1943 3469 2078 3539 quod

486 3565 587 3616 qua
624 3549 706 3602 die
756 3552 1089 3619 comederitis,
1142 3555 1434 3622 aperientur
1483 3555 1617 3609 oculi
1657 3559 1824 3623 vestri,
1856 3568 1903 3611 et
1940 3559 2080 3613 eritis

485 3639 612 3690 sicut
632 3641 723 3694 dii.
748 3639 853 3709 Spe
882 3641 1100 3711 majoris
1123 3645 1366 3712 promissi
1393 3646 1554 3701 etiam
1572 3647 1730 3716 bona,
1754 3665 1872 3718 quae
1889 3650 1941 3704 in
1963 3665 2079 3705 ma-

487 3727 644 3783 nibus
674 3742 846 3795 erant,
871 3733 1102 3800 perdidit
1131 3750 1142 3788 :
1168 3737 1488 3804 promiserat
1512 3739 1604 3794 ille
1653 3754 1711 3795 se
1749 3739 1880 3795 deos
1929 3742 2066 3797 effe-

483 3830 779 3885 cturum,et
809 3823 861 3875 in
886 3824 1074 3878 mortis
1107 3827 1441 3895 tyrannidem
1471 3829 1718 3898 conjecit.
1743 3829 1895 3886 Unde
1923 3848 2074 3903 ergo,

485 3910 696 3975 mulier,
712 3911 922 3968 diabolo
942 3915 1098 3969 tidem
1113 3915 1380 3972 habuisti?
1403 3919 1528 3989 quid
1550 3920 1674 3974 boni
1693 3923 2076 3991 perSpiciebas?

486 4014 663 4054 annon
704 4010 786 4055 sat
819 4003 915 4057 tibi
955 4016 1072 4060 erat
1100 4009 1390 4062 auctoritas
1426 4008 1742 4078 legislatoris
1767 4053 1782 4078 ,
1827 4013 2076 4085 quodque

489 4090 626 4146 Deus
652 4103 861 4148 creator
886 4105 939 4149 et
967 4097 1144 4164 Opifex
1170 4107 1332 4163 esset,
1355 4099 1442 4153 ille
1471 4115 1600 4154 vero
1624 4099 1868 4156 diabolus
1893 4113 1947 4157 et
1968 4104 2072 4158 ini-

488 4184 696 4237 micus?
723 4184 956 4239 Necdum
997 4187 1265 4242 diabolum
1293 4189 1520 4244 dixerim
1539 4233 1554 4258 ,
1583 4201 1884 4261 serpentem
1927 4195 2072 4250 enim

489 4285 688 4330 tantum
711 4293 830 4332 esse
859 4279 1112 4348 putabas:
1147 4291 1522 4351 scrpeutemne
1545 4285 1672 4338 tanti
1705 4285 1878 4340 facere
1907 4301 2070 4356 opor-

485 4370 602 4432 tuit,
628 4379 686 4424 ut
703 4371 1031 4426 Dominicam
1054 4374 1482 4442 ipsisentcntiam
1501 4376 1841 4433 dcnuntiares
1867 4381 1888 4433 ?
1915 4380 2072 4437 Vides

485 4461 718 4527 potuisse
746 4462 986 4519 fraudem
1014 4465 1229 4533 videre;
1261 4475 1315 4521 at
1343 4467 1514 4522 noluit
1555 4469 1687 4540 ipsa.
1721 4473 1880 4541 Atqui
1930 4473 2071 4529 Deus

482 4552 588 4624 jam
617 4553 778 4607 multa
809 4555 1175 4611 beneficentia:
1195 4573 1305 4612 sua:
1327 4571 1634 4629 argumenta
1657 4560 1911 4630 dederat,
1937 4578 2070 4633 ope-

484 4644 733 4713 ribusque
761 4647 1148 4715 providentiam
1171 4663 1458 4721 curamque
1487 4666 1637 4706 suam
1663 4652 2069 4711 demonstrave-

483 4744 584 4788 rat.
609 4735 846 4806 Namque
868 4737 1159 4807 hominem,
1179 4743 1266 4811 qui
1283 4753 1436 4798 antea
1451 4759 1558 4799 non
1584 4754 1719 4813 erat,
1743 4746 2065 4818 efformavit,

481 4825 710 4882 animam
734 4830 831 4898 ipsi
854 4832 1148 4901 inspiravit,
1167 4834 1233 4888 ad
1251 4835 1532 4906 imaginem
1562 4851 1713 4892 suam
1739 4839 1888 4896 illum
1920 4841 2064 4908 fecit,

483 4921 773 4989 principem
814 4924 1052 4978 omnium
1073 4965 1086 4989 ,
1121 4941 1240 4995 quae
1272 4928 1324 4982 in
1349 4936 1489 4983 terra
1519 4939 1700 4984 essent
1722 4971 1738 4996 ,
1769 4932 2063 4998 constituit,

479 5012 795 5082 adjutricem
816 5015 981 5083 dedit,
1008 5019 1309 5087 paradisum
1328 5021 1606 5090 plantavit,
1639 5033 1693 5076 et
1717 5039 1816 5079 usu
1846 5035 2068 5080 canem-

480 5121 597 5159 rum
621 5105 882 5176 lignorum
909 5123 1186 5176 concesso,
1213 5127 1379 5167 unum
1413 5121 1617 5166 tantum
1649 5129 1716 5169 ne
1745 5116 2068 5185 attingerent

479 5196 648 5249 vetuit
674 5215 686 5250 :
719 5199 860 5268 quod
891 5199 1064 5270 ipsum
1091 5201 1158 5255 ad
1187 5201 1422 5271 ipsorum
1451 5205 1736 5258 utilitatem
1769 5207 2060 5275 prohibuit.

481 5289 733 5343 Diabolus
770 5305 898 5344 vero
925 5307 1096 5362 neque
1124 5293 1422 5354 minimum.
1446 5311 1618 5366 neque
1647 5281 2066 5367 magnum'quid-

479 5381 617 5448 piam
666 5381 790 5436 boni
817 5397 977 5452 opere
1016 5385 1296 5454 praestitit;
1330 5386 1422 5440 sed
1472 5388 1626 5441 nudis
1653 5397 1857 5441 tantum
1888 5391 2065 5443 verbis

477 5471 717 5526 mulieris
741 5473 976 5528 animum
1004 5476 1284 5542 extollens,
1338 5492 1577 5548 vanaque
1601 5493 1696 5548 spe
1739 5480 1949 5547 inflatis,
1991 5481 2063 5536 ita

475 5567 859 5636 decepit.Qute
915 5579 1096 5626 tamen
1140 5571 1413 5626 diabolum
1464 5573 1573 5629 Deo
1614 5573 1718 5630 fide
1763 5575 2063 5644 digniorem

475 5659 815 5725 existimavit,
837 5660 938 5714 etsi
966 5661 1106 5716 Deus
1133 5662 1386 5732 operibus
1439 5663 1866 5720 benevolentiam
1911 5683 2062 5722 suam

475 5749 894 5808 demonstrasset
925 5769 938 5807 :
967 5753 1037 5819 ei,
1088 5756 1179 5827 qui
1228 5755 1370 5812 nuda
1415 5757 1577 5814 verba
1632 5757 1869 5828 nihilque
1917 5775 2059 5827 prae-

1228 341 1284 398 S.
1322 338 1602 397 JOANNIS
1640 333 2113 393 CIIRYSOSTOMI
2154 333 2469 389 ARCIIIEP.
2511 333 3048 391 CONSTANTINOP.

3661 337 3766 392 270

2189 460 2334 504 terea
2359 449 2572 516 obtulit,
2625 447 2785 504 fidem
2827 447 3011 503 habuit
3035 446 3243 502 mulier.
3281 444 3558 503 Viden‘ex
3602 447 3770 501 stulti.
3806 452 3813 456 '

2188 542 2258 594 tia
2290 548 2493 594 tantum
2515 548 2568 594 et
2593 539 2820 610 ignavia,
2858 553 2967 594 non
3012 547 3194 593 autem
3219 537 3271 592 vi
3299 536 3537 592 fraudem
3592 533 3765 604 profe-

2187 640 2329 686 ctam
2353 631 2511 686 esse?
2538 629 2713 700 thue
2733 630 2929 684 clarius
2946 630 3177 693 ediscas,
3199 627 3321 683 audi
3341 625 3605 698 quomodo
3628 626 3775 682 Scri-

2189 732 2342 792 ptura
2364 722 2638 778 mulierem
2658 731 2894 778 accuset.
2915 724 3032 778 Non
3047 724 3190 778 enim
3207 721 3358 788 dixit,
3385 720 3632 791 Decepta,
3654 721 3774 788 sed,

2187 814 2502 884 Conspicata
2539 815 2762 886 lignum,
2815 815 2958 886 quod
2987 815 3263 884 pulchrum
3291 821 3466 880 esset,
3519 811 3775 866 comedit.

2191 908 2373 978 Itaque
2402 908 2606 963 crimen
2636 907 2766 962 illud
2791 905 3193 976 intemperantis
3221 913 3469 976 aspectus
3507 913 3642 971 erat,
3669 918 3776 958 non

2193 1000 2411 1055 fallaciae
2443 999 2722 1055 diabolicae
2751 1007 2992 1054 tantum:
3015 1013 3047 1052 a
3075 997 3290 1067 propria
3317 1010 3542 1066 namque
3573 1009 3778 1049 concu-

2191 1094 2474 1164 piscentia,
2504 1108 2611 1148 non
2640 1108 2670 1147 a
2692 1092 2953 1147 dremonis
2979 1089 3184 1146 malitia
3225 1097 3472 1158 superata
3511 1096 3612 1142 est.
3652 1085 3780 1140 Ideo

2190 1188 2398 1242 veniam
2428 1202 2533 1241 non
2555 1194 2638 1242 est
2663 1195 3011 1256 consequuta,
3039 1183 3135 1240 sed
3157 1198 3278 1238 cum
3299 1182 3539 1250 dixisset,
3556 1181 3780 1251 Serpens

2191 1278 2385 1349 decepit
2411 1295 2508 1344 me,
2551 1287 2819 1334 extremas
2847 1285 3028 1331 tamen
3062 1289 3250 1344 poenas
3271 1274 3370 1328 luit
3398 1291 3411 1327 :
3435 1287 3599 1343 penes
3633 1273 3778 1327 illam

2190 1371 2333 1425 enim
2358 1378 2472 1425 erat
2491 1384 2598 1424 non
2624 1369 2836 1424 cadere.
2863 1367 3015 1435 Quod
3045 1376 3102 1421 ut
3129 1367 3329 1421 clarius
3348 1365 3562 1427 evadat,
3589 1380 3688 1435 age
3712 1369 3778 1419 ad

2191 1460 2382 1516 Jobum
2412 1475 2713 1516 sermonem
2732 1469 3129 1525 convertamus,
3155 1472 3188 1512 a
3215 1457 3372 1513 victis
3395 1456 3461 1511 ad
3491 1456 3776 1521 victorem,

2191 1569 2220 1606 a
2247 1554 2508 1623 superatis
2532 1552 2599 1606 ad
2625 1561 2966 1622 superantem
2991 1567 3004 1604 :
3035 1549 3126 1606 ille
3154 1564 3384 1619 namque
3411 1548 3646 1618 majores
3683 1562 3782 1602 no-

2192 1644 2276 1698 bis
2301 1645 2510 1700 animos
2542 1645 2716 1708 faciet,
2749 1653 2807 1698 ut
2827 1657 3014 1698 manus
3033 1656 3156 1697 cum
3177 1640 3390 1696 diabolo
3412 1654 3779 1695 conseramus.

2191 1737 2304 1792 Illic
2329 1753 2554 1806 serpens
2569 1746 2704 1800 erat,
2731 1738 2819 1806 qui
2843 1735 3160 1806 decipiebat,
3185 1742 3242 1789 et
3266 1733 3393 1788 vicit
3416 1733 3540 1799 ;hic
3565 1733 3780 1801 mulier,

2190 1843 2312 1898 quze
2342 1843 2448 1882 non
2476 1827 2774 1897 przevaluit,
2799 1829 3010 1882 tametsi
3035 1826 3101 1880 ad
3128 1823 3554 1896 persuadendum
3581 1824 3783 1894 aptior,

2189 1935 2349 1989 quam
2371 1919 2480 1974 ille.
2525 1920 2603 1974 Ac
2630 1919 2768 1974 Jobo
2809 1917 3026 1988 quidem
3068 1925 3191 1985 post
3218 1916 3564 1986 pecuniarum
3609 1914 3782 1985 μεω-

2189 2026 2326 2075 ram,
2359 2010 2586 2065 filiorum
2609 2011 2972 2073 amissionem,
2999 2023 3210 2064 necnon
3234 2007 3496 2062 bonorum
3518 2008 3781 2068 omnium,

2189 2103 2434 2158 machina
2465 2102 2880 2166 admovebatur;
2907 2101 3013 2155 illic
3028 2115 3157 2154 vero
3178 2097 3307 2153 nihil
3334 2105 3450 2154 erat
3473 2096 3737 2168 ejusmodi
3765 2113 3781 2150 :

2192 2195 2329 2249 filios
2359 2209 2467 2249 non
2487 2196 2742 2249 amiserat
2767 2209 2866 2248 nec
2888 2193 3140 2263 pecunias
3166 2191 3357 2255 Adam,
3380 2206 3554 2260 neque
3573 2190 3625 2244 in
3653 2190 3782 2244 timo

2189 2284 2432 2352 sedebat,
2466 2285 2558 2340 sed
2592 2285 2647 2338 in
2671 2285 2916 2354 paradiso
2943 2283 3230 2352 voluptatis
3253 2281 3543 2346 habitabat,
3569 2290 3624 2335 et
3663 2295 3781 2334 om-

2191 2377 2274 2432 nis
2301 2377 2512 2447 generis
2537 2376 2800 2444 lignorum
2825 2375 2978 2445 c0pia
3001 2372 3295 2437 fruebatur,
3329 2371 3474 2426 fonte
3495 2372 3643 2437 item,
3677 2369 3782 2424 ﬁn-

2188 2469 2309 2535 viis,
2349 2468 2573 2537 aliisque
2615 2467 2864 2522 omnibus
2918 2463 3258 2521 commodis:
3288 2478 3550 2533 nusquam
3602 2463 3782 2527 labor,

2187 2573 2295 2613 non
2325 2559 2559 2625 tristitia,
2593 2572 2699 2612 non
2726 2571 2948 2622 mceror,
3001 2571 3106 2610 non
3135 2554 3472 2610 contumeliae
3498 2562 3554 2609 et
3591 2555 3779 2608 convi-

2186 2651 2290 2716 cia,
2309 2664 2481 2720 neque
2498 2649 2774 2703 innumera
2796 2649 2886 2703 illa
2907 2648 3066 2713 mala,
3088 2661 3208 2716 quae
3220 2645 3353 2701 Jobo
3375 2646 3614 2701 immissa
3625 2656 3776 2709 sunt;

2185 2748 2420 2795 attamen
2449 2755 2572 2794 cum
2598 2738 2727 2794 nihil
2754 2738 2970 2794 adesset
2993 2736 3317 2808 huiusmodi,
3348 2736 3530 2805 lapsus
3554 2743 3610 2790 et
3649 2750 3778 2804 sup-

2188 2833 2456 2902 plantatus
2480 2840 2583 2888 est.
2612 2833 2806 2886 Annbn
2854 2831 3024 2901 liquet
3061 2830 3114 2885 id
3139 2845 3205 2885 ex
3234 2829 3440 2900 ignavia
3481 2828 3777 2883 accidisse!

2186 2920 2390 2976 Eodem
2421 2923 2581 2978 modo
2607 2939 2729 2978 cum
2760 2923 2849 2978 ille
2873 2921 2939 2978 iis
2961 2921 3209 2976 omnibus
3239 2921 3559 2976 instantibus
3579 2929 3635 2975 et
3663 2935 3777 2990 pre.

2183 3013 2466 3079 mentibus,
2495 3013 2704 3072 fortiter
2723 3014 2889 3080 stetit,
2911 3027 3088 3067 annon
3114 3013 3329 3082 planum
3344 3020 3428 3067 est
3447 3010 3500 3066 id
3523 3025 3592 3067 ex
3610 3009 3774 3066 animi

2181 3103 2450 3172 vigilantia
2476 3113 2651 3160 ortum
2678 3104 2836 3160 esse?

2254 3267 2308 3322 5.
2347 3266 2464 3321 Jobi
2492 3268 2749 3337 patientia
2803 3269 3040 3322 omnibus
3069 3267 3377 3322 consolatio.
3399 3295 3471 3305 —
3489 3263 3764 3334 Utrinque

2180 3358 2364 3430 igitur,
2402 3361 2701 3423 carissime,
2745 3376 3002 3432 magnum
3051 3359 3262 3414 lucrum
3301 3360 3597 3427 decerpere
3632 3373 3762 3427 pos-

2176 3447 2256 3504 sis
2281 3466 2295 3502 :
2326 3449 2586 3503 Adamum
2611 3449 2835 3503 imiteris
2855 3463 3206 3518 cave,gnarus
3236 3455 3428 3516 quanta
3447 3463 3514 3502 ex
3538 3449 3763 3517 segnitie

2175 3543 2313 3600 mala
2352 3543 2592 3598 oriantur
2625 3541 2778 3598 :Jobi
2811 3543 3064 3613 pietatem
3087 3541 3326 3608 imitare,
3367 3556 3489 3596 cum
3511 3540 3761 3596 didiceris

2175 3641 2371 3702 quanta
2401 3649 2467 3690 ex
2504 3633 2779 3704 diligentia
2823 3633 2958 3688 bona
3011 3641 3339 3689 nascantur:
3369 3633 3512 3688 hunc
3551 3648 3762 3702 semper

2174 3731 2350 3779 tecum
2368 3733 2554 3795 reputa
2577 3726 2834 3779 victorem
2855 3733 3190 3789 coronatum,
3214 3724 3441 3795 atquein
3458 3726 3651 3795 quovis
3666 3725 3760 3778 do-

2173 3816 2288 3872 lore
2333 3826 2387 3872 et
2413 3819 2714 3872 calamitate
2769 3833 3016 3888 magnam
3061 3817 3284 3874 habebis
3311 3819 3756 3873 consolationem.

2171 3909 2628 3976 Quemadmodum
2654 3910 2796 3965 enim
2825 3911 2876 3964 in
2913 3911 3184 3964 communi
3207 3910 3353 3964 orbis
3382 3909 3592 3965 theatro
3626 3925 3759 3964 con-

2170 4001 2386 4055 stitutus
2409 4000 2596 4056 beatus
2626 4016 2688 4055 ac
2716 4016 3010 4071 generosus
3031 4001 3140 4066 ille,
3165 4016 3355 4055 omnes
3380 4016 3476 4072 per
3493 4016 3760 4055 aerumnas

2169 4109 2295 4148 suas
2321 4093 2580 4159 hortatur,
2609 4103 2667 4148 ut
2694 4111 2812 4164 quae
2836 4095 3085 4149 accidunt
3111 4094 3289 4148 omnia
3326 4093 3539 4149 fortiter
3563 4096 3756 4158 ferant,

2167 4199 2346 4255 neque
2365 4185 2754 4240 calamitatibus
2776 4185 3144 4256 ingruentibus
3172 4185 3384 4240 cedant.
3411 4184 3529 4239 Non
3560 4196 3642 4240 est
3657 4185 3758 4260 .ul-

2167 4273 2300 4340 lum,
2329 4289 2436 4329 non
2459 4284 2561 4343 est,
2584 4275 2819 4346 inquam,
2849 4277 3012 4330 ullum
3037 4276 3162 4330 mali
3187 4291 3372 4346 genus,
3418 4276 3473 4330 in
3496 4292 3603 4345 quo
3647 4291 3756 4331 non

2167 4366 2434 4436 possimus
2464 4367 2586 4422 inde
2614 4368 3033 4422 consolationem
3060 4369 3309 4422 mutuari.
3329 4366 3532 4424 Omnes
3561 4368 3759 4439 quippe

2166 4458 2220 4512 in
2249 4467 2361 4513 toto
2389 4474 2591 4530 sparsze
2627 4459 2758 4514 orbe
2795 4475 3048 4514 aerumnae
3099 4462 3152 4514 in
3201 4459 3304 4514 hoc
3352 4475 3516 4514 unum
3559 4475 3757 4531 corpus

2164 4562 2431 4621 congesta:
2456 4560 2599 4607 sunt.
2628 4551 2757 4621 Quae
2783 4553 2942 4623 igitur
2965 4553 3113 4607 venia
3133 4553 3202 4617 ei,
3228 4553 3318 4622 qui
3341 4569 3444 4607 non
3474 4562 3649 4623 potest
3666 4554 3755 4608 vel

2163 4657 2370 4716 partem
2399 4647 2681 4717 quamdam
2703 4663 2911 4714 eorum,
2942 4662 3062 4718 qua:
3098 4647 3195 4716 ipsi
3220 4646 3414 4701 inﬂicta
3445 4657 3598 4710 sunt,
3625 4662 3750 4702 cum

2162 4739 2450 4808 gratiarum
2476 4741 2684 4794 actione
2709 4739 2871 4803 ferre,
2895 4755 3015 4794 cum
3045 4739 3135 4794 ille
3162 4754 3269 4794 non
3308 4748 3515 4809 partem
3543 4739 3713 4794 solum
3736 4779 3754 4804 ,

2163 4829 2256 4884 sed
2281 4831 2529 4885 universa
2555 4831 2829 4902 hominum
2860 4831 2997 4886 mala
3025 4830 3311 4902 pertulisse
3355 4828 3629 4884 videatur?
3672 4831 3758 4883 Ac

2164 4937 2232 4976 ne
2259 4937 2343 4977 me
2372 4931 2430 4977 ut
2454 4923 2613 4977 nimia
2635 4923 2900 4977 dicentem
2919 4921 3164 4990 damnes,
3187 4936 3284 4990 age
3305 4921 3541 4990 singulas
3566 4935 3761 4975 atrum-

2164 5032 2261 5072 nas
2283 5026 2690 5088 pertractantes,
2720 5016 2878 5071 dictis
2907 5015 3066 5070 fidem
3087 5015 3364 5070 faciamus.
3388 5014 3458 5068 Et
3482 5015 3525 5068 si
3548 5014 3757 5084 placet,

2160 5106 2301 5180 quod
2329 5107 2566 5161 omnium
2587 5107 2819 5161 maxime
2835 5105 3166 5161 intolerabile
3183 5105 3412 5169 videtur,
3447 5106 3500 5159 in
3519 5102 3755 5159 medium

2160 5197 2522 5265 adducamus,
2553 5207 2940 5268 paupertatem,
2974 5199 3210 5268 inquam,
3250 5205 3306 5252 et
3339 5196 3578 5251 dolorem
3620 5194 3757 5249 inde

2161 5296 2399 5344 natum:
2452 5291 2504 5347 id
2532 5292 2677 5347 enim
2731 5291 2978 5346 homines
3028 5292 3226 5361 ubique
3272 5289 3573 5358 deplorant.
3603 5287 3753 5356 Quid

2161 5396 2289 5450 ergo
2308 5381 2444 5435 Jobo
2465 5384 2748 5453 pauperius
2775 5382 2870 5438 fuit
2913 5424 2929 5448 ,
2954 5382 3041 5452 qui
3065 5383 3224 5437 etiam
3247 5381 3332 5448 iis,
3355 5381 3444 5452 qui
3463 5380 3514 5435 in
3540 5378 3754 5434 balneis

2160 5474 2352 5544 abjecti
2380 5485 2524 5541 sunt,
2556 5477 2637 5529 vel
2668 5476 2718 5530 in
2751 5475 2930 5531 cinere
2959 5473 3154 5530 camini
3180 5473 3397 5541 cubant,
3420 5482 3476 5528 et
3497 5471 3754 5526 omnibus

2162 5581 2381 5636 prorsus
2409 5566 2713 5622 hominibus
2740 5567 3024 5638 pauperior
3060 5567 3212 5622 erat?
3243 5566 3310 5621 Hi
3353 5566 3494 5620 enim
3534 5573 3747 5618 vestem

2160 5658 2348 5712 saltem
2377 5659 2598 5714 scissam
2638 5659 2868 5724 habent,
2907 5659 2998 5714 ille
3042 5674 3171 5714 vero
3197 5658 3369 5714 nudus
3410 5655 3662 5720 sedebat,
3693 5667 3751 5711 et

2160 5753 2301 5824 quod
2331 5754 2502 5809 solum
2546 5769 2575 5808 a
2603 5764 2787 5810 natura
2831 5754 3208 5810 vestimentum
3251 5751 3504 5818 habebat,
3555 5749 3752 5806 carnis
