4046 6396
275 502 494 573 τρόπον.
530 502 871 572 Προσῆλθε,
898 502 1084 572 φησὶν,
1108 504 1141 556 ό
1168 502 1322 572 ὄφις,
1353 502 1453 559 καί
1492 501 1622 555 εἷπε
1649 499 1725 569 τῇ
1751 519 1858 571 γυ-

275 586 471 641 ναικί·
512 586 574 640 Τί
624 585 716 639 ὅτι
745 582 914 639 εἶπεν
942 588 975 639 ό
1015 588 1178 652 Θεὸς,
1222 589 1305 640 Οὐ
1342 586 1429 656 μὴ
1465 585 1695 655 φάγητε
1740 583 1862 638 ἀπὸ

275 670 506 735 παντὸς
553 670 744 734 ξύλου
791 670 899 724 τοῦ
930 670 1001 723 ἐν
1054 668 1135 735 τῷ
1179 671 1556 738 παραδείσῳ;
1596 667 1861 722 Ἐνταῦθα

273 753 419 821 ὄφις,
451 755 570 806 ἐκεῖ
601 753 740 824 γυνὴ
773 753 867 806 ἐπὶ
902 753 997 806 τοῦ
1041 752 1189 807 Ἰώϐ·
1215 754 1357 817 τέως
1384 754 1519 807 πολὺ
1561 752 1671 806 τῶν
1720 767 1861 821 συμ-

276 836 487 889 ϐούλων
514 835 575 889 τὸ
604 836 790 907 μέσον.
836 836 897 888 ’0
944 837 1043 907 μὲν
1072 836 1183 907 γὰρ
1211 835 1418 901 δοῦλος,
1452 838 1486 908 ἡ
1509 835 1567 889 66
1600 833 1859 908 κοινωνὸς

276 923 370 975 τοῦ
406 922 521 993 βίου
546 937 559 951 ο
584 923 617 990 ἡ
668 920 767 992 μέν
799 918 1025 991 βοηθὸς,
1057 922 1086 973 6
1130 921 1188 973 66
1220 920 1576 979 ὑπετέτακτο.
1615 916 1770 983 Εἶδες
1798 918 1859 972 16

276 1007 664 1077 ἀσύγγνωστον
715 1006 875 1072 ὄσον;
920 1005 1020 1076 τὴν
1054 1005 1149 1075 μὲν
1194 1005 1305 1076 γὰρ
1341 1006 1370 1057 6
1419 1005 1858 1075 ὑποτεταγμένος

276 1094 370 1146 καὶ
400 1090 667 1143 δουλεύων
692 1088 996 1159 ἠπάτησεν,
1031 1090 1239 1142 ἐκεῖνον
1266 1089 1323 1142 δέ
1360 1088 1481 1141 ούδέ
1524 1090 1557 1160 ἡ
1601 1088 1857 1149 κοινωνὸς

275 1177 371 1229 καὶ
409 1174 602 1245 βοηθὸς
623 1172 982 1226 ὑποσκελίσαι
1006 1172 1245 1241 ἴσχυσεν.
1284 1173 1425 1225 Ἀλλ’
1454 1172 1653 1243 ἴδωμεν
1679 1174 1773 1225 καὶ
1807 1172 1858 1225 τί

274 1277 441 1331 φησι·
486 1260 547 1314 Τί
598 1258 688 1311 ὅτι
736 1253 908 1311 εἶπεν
939 1260 972 1311 ὀ
1022 1256 1186 1323 Θεὸς,
1233 1258 1315 1311 Οὐ
1345 1256 1430 1327 μὴ
1459 1257 1687 1327 φάγητε
1737 1257 1857 1311 ἀπὸ

274 1344 502 1409 παντὸς
545 1343 772 1407 ξύλου;
828 1341 941 1393 Καὶ
992 1342 1099 1412 μὴν
1146 1341 1248 1394 οὑκ
1278 1336 1430 1394 εἶπεν
1463 1341 1646 1404 ὁ.Θεὸς
1677 1340 1854 1403 τοῦτο,

273 1427 410 1481 ἀλλά
440 1425 505 1478 16
523 1424 780 1481 ἐναντίον.
806 1424 947 1492 Ὅρα
975 1419 1069 1479 οὖν
1093 1422 1430 1495 κακουργίαν
1456 1424 1551 1477 τοῦ
1575 1423 1821 1477 διαϐόλου
1839 1439 1856 1454 ·

274 1500 397 1565 εἶπε
423 1510 484 1564 16
515 1509 591 1581 μὴ
617 1508 929 1581 εἰρημένον,
962 1509 1050 1562 ἵνα
1076 1508 1221 1579 μάθῃ
1247 1508 1308 1561 τὸ
1332 1508 1642 1579 εἰρημένον.
1668 1508 1734 1561 Τί
1763 1505 1857 1562 οῦν

274 1599 308 1667 ἡ
344 1596 479 1665 γυνή
504 1611 518 1658 ;
542 1594 668 1646 Δέον
689 1591 1063 1662 ἐπιστομίσαι,
1082 1591 1200 1644 δέον
1220 1591 1295 1662 μὴ
1318 1590 1642 1662 μεταδοῦναι
1670 1593 1853 1661 λόγου,

275 1682 381 1734 ὑπὸ
413 1678 598 1741 ἀνοίας
629 1676 918 1747 ἐξελάλησε
947 1674 1045 1746 τὴν
1078 1674 1305 1746 γνώμην
1337 1677 1438 1747 τὴν
1480 1678 1816 1749 Δεσποτικήν
1839 1695 1853 1708 ·

271 1766 364 1821 διά
388 1763 546 1818 τοῦτο
571 1762 847 1832 παρέσχεν
877 1760 1028 1830 αὐτῷ
1061 1759 1233 1831 λαϐὴν
1261 1762 1507 1831 ἰσχυράν.

344 1850 407 1903 δ’.
431 1849 576 1916 Ὅρα
597 1847 719 1899 ὅσον
740 1845 909 1897 κακόν
936 1846 1053 1897 ἐστι
1081 1843 1142 1895 16
1174 1843 1358 1908 ἁπλῶς
1380 1848 1493 1909 τοῖς
1522 1844 1739 1916 ἐχθροῖς
1762 1844 1858 1899 καὶ

272 1937 386 1997 τοῖς
420 1929 724 1992 ἐπιϐούλοις
748 1928 976 1990 ἐαυτοὺς
1000 1927 1350 1998 ἐγχειρίζειν.
1375 1928 1474 1981 Διά
1499 1928 1656 1982 τοῦτο
1681 1930 1709 1981 6
1732 1930 1858 2000 Χρι-

275 2018 399 2080 στὸς
430 2015 581 2083 ἔλεγε
598 2030 611 2042 ·
632 2016 690 2065 Μ
698 2012 730 2079 ὴ
756 2011 894 2063 δότε
916 2011 987 2064 τὰ
1015 2011 1154 2079 ἅγια
1175 2010 1298 2075 τοῖς
1314 2012 1481 2076 κυσὶ,
1505 2011 1662 2080 μηδὲ
1673 2012 1856 2079 ῥίψῃ-

274 2119 339 2156 τε
359 2099 499 2164 τοὺς
519 2097 885 2166 μαργαρίτας
914 2093 1082 2162 ὑμῶν
1105 2094 1447 2163 ἔμπροσθεν
1477 2094 1596 2147 τῶν
1616 2096 1853 2163 χοίρων,

269 2184 502 2255 μήποτε
544 2182 913 2255 στραφέντες
935 2177 1210 2246 ῥήξωσιν
1240 2176 1416 2246 ὑμᾶς.
1452 2177 1621 2231 Τοῦτο
1654 2178 1710 2230 δὲ
1732 2180 1856 2247 ἐγέ-

274 2251 395 2323 νετο
423 2267 515 2320 ἐπί
546 2265 647 2334 τῆς
670 2251 816 2325 Εὔας
838 2278 853 2293 ⁸
898 2261 1066 2314 ἔδωκε
1097 2260 1163 2314 τά
1196 2260 1328 2330 ἀγια
1350 2260 1428 2331 τῷ
1461 2263 1603 2325 κυνὶ,
1630 2262 1706 2333 τῷ
1744 2262 1857 2332 χοί-

277 2368 388 2426 ρῳ*
434 2350 817 2416 κατεπάτησεν
848 2348 1054 2407 ἐκεῖνος
1085 2344 1156 2398 τά
1197 2347 1439 2416 ῥήματα,
1474 2347 1734 2417 στραφεὶς
1762 2348 1857 2419 έρ-

274 2437 406 2506 ρηξε
434 2435 530 2504 τὴν
554 2434 807 2500 γυναῖκα.
850 2430 959 2481 Καὶ¹
982 2430 1084 2500 ὅρα
1114 2428 1230 2491 πῶς
1260 2433 1590 2501 κακουργεῖ·
1643 2434 1725 2485 οὺ
1757 2437 1858 2487 θα.

271 2518 433 2583 νάτῳ
457 2514 876 2575 ἀποθανεῖσθε,
905 2512 1038 2582 φησί
1057 2541 1089 2565 ν.
1121 2511 1387 2567 Ἐνταῦθά
1414 2529 1506 2581 μοι
1534 2515 1856 2584 προσέχετε,

271 2602 356 2654 ὃτι
382 2597 580 2668 δυνατὴ
605 2592 673 2667 ἦν
696 2599 729 2667 ἡ
755 2595 895 2667 γυνὴ
928 2608 952 2635 α
978 2596 1208 2648 συνιδεῖν
1235 2596 1336 2667 τὴν
1368 2598 1605 2667 ἀπάτην.
1638 2599 1858 2662 Εὐθέως

272 2686 383 2757 γὰρ
408 2683 508 2754 τὴν
534 2681 734 2752 ἔχθραν
768 2681 865 2733 καὶ
913 2679 1006 2732 τὸν
1050 2678 1285 2749 πόλεμον
1340 2682 1718 2753 προεκήρυττε
1765 2681 1857 2735 τὸν

272 2768 413 2839 πρὸς
432 2766 524 2818 τὸν
543 2765 698 2830 Θεὸν,
723 2763 925 2825 εὐθέως
948 2763 1280 2826 ἀπεναντίας
1309 2763 1629 2833 ἐφθέγξατο.
1654 2763 1870 2817 Ἔστω”

273 2853 382 2924 πρὸ
410 2849 601 2905 τούτου
635 2847 949 2920 βουλομένῳ
997 2846 1185 2916 μαθεῖν
1226 2847 1326 2919 τὴν
1363 2848 1590 2918 γνώμην
1631 2848 1855 2916 ἐλεγεςο

274 2935 417 3006 μετὰ
443 2932 616 2988 ταῦτα
650 2931 870 2985 ἐναντία
901 2930 1111 2983 εἰπόντι
1132 2930 1186 2982 τί
1232 2931 1588 3000 ἡκολούθεις;
1626 2928 1795 2986 Εῐπεν
1829 2934 1859 2986 6

272 3020 429 3083 Θεός’
463 3016 706 3083 Θανάτῳ
725 3013 1128 3070 ἀποθανεῖσθε
1149 3032 1163 3046 ο
1212 3015 1615 3084 ἀντεφθέγξατο
1648 3018 1858 3082 τούτοις

273 3107 500 3165 ἐκεῖνος,
531 3101 628 3155 καὶ
657 3096 809 3152 εἶπεν
828 3114 843 3129 ⁶
864 3100 945 3151 Οὐ
981 3096 1213 3163 θανάτῳ
1236 3098 1654 3152 ἀποθανεῖσθε.
1679 3101 1743 3152 Τί
1765 3100 1856 3154 τοῦ

273 3187 512 3256 πολέμου
537 3182 731 3237 τούτου
764 3181 1141 3252 σαφέστερον;
1170 3181 1334 3233 πόθεν
1355 3180 1581 3235 ἄλλοθεν
1615 3183 1722 3236 ἔδει
1752 3201 1857 3255 μαο

272 3270 385 3323 θεῖν
406 3270 501 3321 τὸν
539 3266 730 3338 ἐχθρὸν
761 3266 853 3319 καὶ
887 3265 1167 3335 πολέμιον,
1193 3264 1305 3317 ἀλλ’
1330 3265 1362 3335 ἢ
1397 3265 1646 3319 ἐντεῦθεν
1676 3268 1741 3320 ἐκ
1763 3268 1858 3321 τοῦ

272 3349 729 3421 ἀντιφθέγξασθαι
758 3349 838 3419 τῷ
867 3348 1025 3419 Θεῷς
1056 3349 1205 3401 Ἔδει
1226 3348 1406 3400 τοίνυν
1442 3353 1634 3418 φυγεῖν
1657 3350 1859 3415 εὐθέως

270 3438 331 3491 16
346 3437 561 3506 δέλεαρ,
585 3434 691 3486 ἔδει
724 3433 825 3502 τῆς
852 3432 1076 3500 παγίδος
1102 3432 1476 3503 ἀποπηδῆσαι.
1503 3436 1585 3486 Οὐ
1624 3434 1861 3503 θανάτῳ

270 3518 689 3581 ἀποθανεῖσθε,
712 3515 894 3586 φησίνο
917 3516 1044 3584 ᾐδει
1061 3516 1169 3584 γὰρ
1187 3519 1219 3569 ὀ
1242 3516 1406 3582 Θεὸς,
1422 3512 1564 3589 ὅτιῇ
1579 3517 1655 3571 ἂν
1669 3518 1860 3588 ἡμέρᾳ

272 3604 519 3673 φάγητε,
546 3597 1074 3668 διανοιχθήσονται
1116 3597 1283 3665 ὑμῶν
1306 3602 1360 3652 οὶ
1395 3601 1712 3669 ὀφθαλμοὶ,
1758 3601 1859 3655 καί

270 3688 492 3741 ἔσεσθε
537 3686 618 3751 ὡς
667 3684 811 3739 θεοί.
856 3682 1061 3735 Ἐλπίδι
1104 3681 1349 3752 μείζονος
1387 3684 1735 3754 ὑποσχέσεως
1763 3687 1859 3738 καὶ

272 3772 340 3824 τὰ
377 3772 434 3822 ἐν
462 3769 647 3840 χερσὶν
682 3766 934 3833 ἐξέϐαλεν
967 3765 1182 3834 ἀγαθά’
1217 3766 1583 3835 ἐπηγγείλατο
1610 3770 1859 3838 ποιήσειν

274 3856 453 3916 θεοὺς,
481 3855 575 3905 καὶ
599 3850 898 3904 κατέϐαλεν
929 3851 1008 3912 εἰς
1042 3850 1142 3918 τὴν
1167 3849 1261 3901 τοῦ
1285 3850 1517 3902 θανάτου
1546 3852 1854 3923 τυραννίδα.

275 3936 448 3991 Πόθεν
482 3930 573 3988 οῦν
608 3934 953 3997 ἐπίστευσας,
979 3927 1223 4000 ῶγύναι,
1249 3932 1328 4003 τῷ
1354 3933 1586 4004 διαϐόλῳ
1611 3952 1625 4001 ;
1659 3935 1711 3987 τί
1736 3953 1860 3988 συν-

272 4024 411 4083 εῖδες
441 4018 678 4087 ἀγαθόν;
710 4018 809 4070 οὐκ
835 4017 995 4087 ἢρκει
1018 4018 1052 4087 ἡ
1084 4015 1394 4080 ἀξιοπιστία
1416 4017 1509 4070 τοῦ
1542 4018 1856 4089 νομοθέτου,

272 4106 354 4157 ὅτι
384 4106 413 4156 6
442 4104 538 4174 μέν
568 4102 700 4166 Θεὸς
726 4102 820 4155 καὶ
846 4100 1180 4170 δημιουργὸς
1206 4101 1302 4153 καὶ
1331 4100 1579 4171 ποιητὴς,
1603 4104 1631 4155 6
1660 4103 1718 4155 66
1744 4102 1859 4156 διά-

272 4188 430 4250 ϐολος
469 4186 563 4240 καί.
611 4184 840 4256 ἐχθρός;
882 4185 992 4237 Καὶ
1025 4181 1180 4235 οὔπω
1216 4182 1360 4251 λέγω
1404 4184 1685 4237 διάϐολον·
1733 4185 1858 4256 ὅφιν

272 4272 439 4323 αὐτὸν
460 4269 703 4340 ἐνόμιζες
733 4264 872 4320 εἶναι
896 4267 1082 4337 ψιλόν·
1118 4266 1240 4334 ὅφιν
1271 4264 1383 4331 οῦν,
1417 4268 1537 4320 εἰπέ
1574 4286 1698 4339 μοι,
1730 4287 1859 4323 τοσ-

272 4354 447 4425 αύτης
481 4353 763 4424 ἰσηγορίας
791 4351 1025 4417 ἀξιῶσαι
1057 4351 1246 4421 ἐχρῆν,
1279 4350 1355 4413 ώς
1398 4352 1493 4404 καὶ
1518 4354 1856 4423 Δεσποτικὴν

271 4438 499 4508 γνώμην
526 4435 840 4505 ἐξαγγεῖλαι
869 4433 1054 4504 αύτῴ;
1099 4435 1259 4506 Ὁρᾷς
1285 4435 1364 4487 ὅτι
1390 4434 1613 4488 δυνατὸν
1638 4430 1707 4506 ἦν
1731 4453 1856 4489 συν-

275 4523 406 4576 ιδεῖν
445 4521 541 4592 τὴν
569 4520 807 4590 ἀπάτην,
845 4518 959 4571 ἀλλ’
988 4518 1089 4570 οὐκ
1122 4518 1388 4586 ἠθέλησεν
1421 4517 1581 4589 αὕτη.
1610 4520 1805 4572 Καίτοι
1830 4522 1858 4572 6

275 4607 375 4677 μὲν
413 4604 545 4667 Θεὸς
573 4604 765 4665 ἱκανάς
805 4602 972 4655 ἔδωκε
1002 4603 1103 4672 τῆς
1141 4600 1461 4672 εὐεργεσίας
1512 4604 1611 4673 τῆς
1657 4604 1855 4656 ἐαυτοῦ

271 4689 373 4753 τὰς
400 4686 725 4753 ἀποδείξεις,
760 4687 855 4739 καὶ
895 4685 984 4739 διὰ
1021 4685 1131 4738 τῶν
1161 4684 1338 4756 έργων
1383 4685 1481 4756 τὴν
1533 4687 1857 4757 κηδεμονίαν

270 4772 611 4838 ἐπεδείξατο⁶
644 4771 742 4824 καὶ
770 4770 879 4841 γὰρ
911 4769 1011 4821 οὐκ
1040 4768 1169 4821 ὂντα
1190 4768 1283 4820 τὸν
1309 4768 1595 4839 ἄνθρωπον
1627 4771 1854 4837 ἔπλασε,

271 4858 369 4910 καὶ
396 4854 573 4925 ψυχὴν
592 4855 904 4918 ἐνέπνευσε,
928 4852 1023 4906 καὶ
1039 4854 1159 4905 κατ’
1176 4853 1360 4906 εἰκόνα
1385 4854 1546 4908 αὑτὸν
1578 4856 1851 4928 ἐποίησεν,

272 4942 512 5011 ἄρχοντα
539 4938 645 4994 τῶν
672 4938 766 4990 ἐπὶ
792 4937 894 5007 γῆς
926 4938 1159 5007 ποιήσας
1199 4937 1483 5003 ἁπάντων,
1521 4941 1616 4992 καὶ
1662 4941 1857 5012 βοηθὸν

271 5023 589 5094 ἐχαρίσατο,
626 5023 721 5076 καὶ
751 5021 1075 5092 παράδεισον
1103 5021 1389 5089 ἐφύτευσε,
1422 5025 1513 5075 καὶ
1534 5024 1632 5095 τὴν
1661 5027 1855 5098 χρῆσιν

269 5108 381 5162 τῶν
409 5107 612 5160 λοιπῶν
646 5106 943 5178 ἐπιτρέψας
968 5106 1220 5177 δένδρων,
1244 5107 1361 5172 ἐνὸς
1395 5109 1742 5181 ἀπηγόρευσε
1779 5114 1854 5183 μὴ

272 5192 515 5263 ᾰψασθαι
540 5191 690 5264 [275]
726 5191 923 5262 μόνου’
970 5190 1062 5243 καὶ
1102 5191 1261 5243 τοῦτο
1290 5190 1348 5244 66
1393 5194 1527 5246 αὐτὸ
1567 5195 1856 5266 χρησίμως

270 5274 568 5328 ἐκώλυσεν.
606 5276 664 5328 '0
693 5275 748 5327 66
773 5274 1020 5337 διάϐολος
1045 5273 1190 5345 ἔργῳ
1211 5275 1310 5345 μὲν
1332 5274 1454 5328 οὔτε
1486 5279 1703 5349 μικρὸν,
1730 5278 1854 5333 οὔτε

273 5358 421 5430 μέγα
472 5358 782 5424 ἐπεδείξατο
812 5360 1037 5428 ἀγαθὸν,
1072 5360 1282 5431 ῥήμασι
1311 5360 1367 5413 δὲ
1416 5360 1591 5431 ψιλοῖς
1643 5364 1856 5435 ἐπάρας

270 5444 372 5513 τὴν
402 5447 650 5511 γυναῖκα,
693 5444 787 5497 καὶ
837 5445 1089 5514 φυσήσας
1143 5446 1263 5507 ταῖς
1309 5447 1567 5515 ματαίαις
1622 5448 1853 5515 ἐλπίσιν,

271 5527 447 5590 οὕτως
476 5528 781 5599 ἠπάτησεν.
824 5528 965 5580 Ἀλλ’
994 5530 1142 5599 ὅμως
1171 5529 1265 5582 τοῦ
1300 5531 1433 5584 Θεοῦ
1476 5532 1569 5585 τὸν
1609 5533 1856 5588 διάϐολον

271 5609 715 5683 ἀξιοπιστότερον
738 5606 878 5666 εἶναι
905 5611 1145 5683 ἐνόμισε,
1171 5614 1365 5682 ⁸καίτοι
1402 5615 1490 5671 διά
1524 5617 1631 5673 τῶν
1676 5618 1856 5689 ἔργων

334 5862 354 5888 ⁸
379 5864 505 5930 Reg.
526 5867 599 5916 ὅτι
624 5868 819 5917 δυνατὸν
836 5870 894 5930 ἦν
914 5876 970 5933 τῇ
993 5872 1192 5933 γυναικί.

1261 382 1349 438 DE
1385 380 1688 439 DIABOLO
1726 377 2449 441 TENTATORE.’HOMIL.
2490 385 2581 442 lll.

3432 393 3546 452 270

1964 501 2378 574 ἐπιδειξαμένου
2411 505 2511 577 τὴν
2540 505 2773 561 εὔνοιανο
2832 507 2902 561 τά
2941 508 3165 580 ῥήματα
3207 509 3339 581 ψιλά
3370 527 3544 581 προσ-

1962 588 2241 670 ενεγκόντι
2267 591 2404 659 μόνα
2424 632 2439 654 ,
2480 592 2616 646 ἄλλο
2644 591 2701 645 66
2729 592 2902 656 οὐδὲν,
2940 594 3261 650 ἐπίστευσεν
3297 599 3331 668 ἡ
3356 603 3361 611 ’
3382 600 3543 670 γυνή.

1972 668 2138 741 Ὁρᾷς
2156 671 2305 735 ὅπως
2329 672 2387 739 ἐξ
2414 674 2601 739 ἀνοίας
2634 675 2803 745 μόνης
2840 676 2934 729 καὶ
2958 677 3232 749 ῥᾳθυμίας
3250 720 3265 745 ,
3305 680 3406 733 οὐκ
3438 668 3548 736 ἀπὸ

1963 750 2136 824 βίαςὴ
2172 755 2354 827 ἀπάτη
2380 756 2572 825 γέγονε
2597 776 2612 824 ;
2644 760 2756 812 Καὶ
2790 760 2876 812 ἵνα
2902 759 3082 833 μάθῃς
3111 762 3243 816 αὐτὸ
3278 764 3546 833 σαφέστε-

1964 852 2078 907 ρον,
2112 837 2363 903 ἄκουσον,
2396 841 2514 920 πῶς
2544 842 2641 895 καὶ
2687 844 2720 913 ἠ
2755 845 2946 916 Γραφὴ
2981 850 3282 920 κατηγορεῖ
3326 849 3425 919 τῆς
3456 867 3548 919 γυ⁹

1960 920 2166 984 ναικός.
2198 924 2273 976 Οὐ
2302 924 2411 993 γὰρ
2439 919 2615 990 εἶπεν,
2647 926 3041 1000 .Ἀπατηθεῖσα,
3068 919 3206 995 ἀλλ’,
3255 930 3459 987 ’ἰδοῦσα
3486 935 3548 987 16

1963 1002 2137 1069 ξύλον,
2172 1006 2254 1059 ὅτι
2292 1006 2496 1077 ὡραῖόν
2545 1010 2715 1075 ἐστιν,
2762 1010 2985 1080 ἔφαγεν.
3025 1012 3190 1068 Ὥστε
3238 1016 3337 1086 τῆς
3369 1016 3545 1086 ὅψεως

1959 1093 2060 1161 τῆς
2087 1091 2360 1159 ἀκρατοῦς
2392 1092 2453 1145 τὸ
2481 1092 2755 1163 ἔγκλημα,
2791 1096 2852 1148 οὐ
2879 1097 2981 1167 τῆς
3009 1098 3227 1170 ἀπάτης
3259 1101 3358 1170 τῆς
3394 1104 3545 1171 παρά

1958 1173 2053 1227 τοῦ
2083 1173 2329 1228 διαϐόλου
2361 1176 2530 1245 μόνης
2554 1193 2569 1206 '
2603 1178 2707 1230 ὑπὸ
2736 1179 2844 1250 γὰρ
2872 1180 2972 1250 τῆς
3011 1182 3307 1253 ἐπιθυμίας
3336 1184 3542 1255 ἡττήθη

1958 1257 2060 1326 τῆς
2092 1259 2321 1322 οἰκείας,
2354 1260 2453 1330 οὐχ
2481 1260 2586 1313 ὑπὸ
2613 1263 2711 1331 τῆς
2735 1263 3000 1333 πονηρίας
3031 1263 3125 1317 τοῦ
3147 1264 3418 1336 δαίμονος.
3446 1268 3543 1320 Διά

1959 1339 2118 1393 τοῦτο
2144 1341 2265 1394 οὐδὲ
2300 1343 2631 1413 συγγνώμης
2657 1344 2995 1415 ἀπήλαυσεν,
3031 1346 3146 1399 ἀλλ’
3179 1348 3429 1414 είποῦσα,
3461 1350 3543 1402 ὅτι

1971 1424 2027 1477 '0
2068 1424 2203 1493 ὄφις
2241 1425 2523 1493 ήπάτησέ
2575 1444 2672 1496 με,
2709 1428 2803 1481 καὶ
2860 1427 3001 1483 οὕτω
3056 1429 3212 1501 δίκην
3236 1431 3401 1485 ἔδωκε
3444 1432 3543 1504 τὴν

1961 1510 2195 1581 ἐσχάτην
2216 1526 2229 1539 ·
2258 1512 2315 1563 ἐν
2343 1511 2479 1581 αὐτῇ
2516 1512 2623 1582 γάρ
2648 1506 2717 1583 ἦν
2742 1513 2802 1565 τὸ
2840 1514 2915 1584 μὴ
2940 1518 3148 1568 πεσεῖν.
3184 1516 3295 1570 Καὶ
3328 1517 3413 1571 ἵνα
3436 1518 3541 1587 μά-

1960 1592 2060 1665 θῃς
2088 1593 2248 1646 τοῦτο
2271 1594 2629 1665 σαφέστερον,
2670 1596 2803 1666 φέρε
2827 1597 2921 1649 ἐπὶ
2962 1599 3053 1651 τὸν
3099 1598 3218 1651 Ἰὼϐ
3256 1600 3347 1653 τὸν
3385 1600 3541 1669 λόγον

1957 1676 2278 1748 ἀγάγωμεν,
2304 1677 2412 1730 ἀπὸ
2434 1678 2542 1731 τῶν
2564 1680 2907 1749 ἡττηθέντων
2934 1682 3029 1735 ἐπὶ
3056 1684 3145 1737 τὸν
3168 1686 3537 1755 κρατήσαντα,

1960 1761 2067 1815 ἀπὸ
2095 1760 2204 1813 τῶν
2230 1763 2600 1832 νενικημένων
2638 1764 2733 1817 ἐπὶ
2771 1764 2861 1817 τὸν
2895 1766 3218 1837 νενικηκότα
3239 1785 3254 1798 ·
3300 1769 3396 1820 καὶ
3431 1768 3540 1838 γάρ

1958 1844 2183 1899 πλείονα
2226 1846 2358 1916 ἡμῖν
2391 1838 2546 1908 οὗτος
2572 1845 2733 1899 δώσει
2767 1848 3095 1919 προθυμίαν,
3139 1850 3278 1903 ὥστε
3312 1851 3541 1922 ἀντᾶραι

1959 1932 2150 1999 χεῖρας
2181 1928 2321 1983 κατά
2358 1928 2452 1981 τοῦ
2485 1929 2752 1982 διαϐόλου.
2796 1932 2942 1984 Ἐκεῖ
2971 1932 3091 2000 ὄφις
3130 1929 3196 2002 ἦν
3219 1934 3248 1985 6
3288 1934 3537 1996 ἀπατῶν,

1960 2013 2054 2065 καὶ
2073 2012 2373 2083 ἐκράτησεν
2390 2029 2404 2041 ’
2429 2012 2664 2066 ἐνταῦθα
2685 2014 2843 2085 γυνὴ,
2870 2016 2960 2068 καὶ
2981 2016 3080 2069 οὐκ
3107 2016 3291 2086 ἴσχυσε
3314 2032 3328 2046 ·
3362 2018 3540 2070 καίτοι

1960 2112 2023 2163 γε
2047 2095 2185 2165 αῦτη
2216 2096 2397 2166 πολλῷ
2418 2096 2762 2167 πιθανωτέρα
2782 2098 3017 2153 ἐκείνου.
3048 2100 3159 2152 Καὶ
3178 2100 3257 2169 τῷ
3295 2101 3393 2171 μὲν
3420 2100 3539 2153 Ἰὼϐ

1963 2178 2102 2249 μετὰ
2129 2179 2227 2251 τὴν
2256 2180 2533 2232 ἀπώλειαν
2569 2179 2679 2232 τῶν
2702 2181 3022 2251 χρημάτων,
3058 2183 3195 2251 μετὰ
3221 2182 3318 2254 τὴν
3350 2185 3541 2237 ἀποϐο-

1959 2264 2056 2334 λὴν
2076 2264 2185 2316 τῶν
2224 2263 2430 2316 παίδων
2462 2264 2556 2316 καὶ
2586 2263 2683 2333 τὴν
2707 2263 2988 2333 γύμνωσιν
3025 2266 3133 2319 τῶν
3172 2267 3341 2320 όντων
3368 2268 3541 2323 ἁπάν-

1957 2365 2067 2402 των
2093 2350 2125 2419 ή
2171 2348 2385 2419 μηχανὴ
2413 2348 2719 2419 προσήγετο
2741 2366 2755 2381 ’
2778 2349 2969 2403 ἐκεῖδέ
3001 2351 3153 2405 οὐδὲν
3179 2353 3417 2407 τοιοῦτον
3446 2349 3534 2425 ἦν’

1958 2432 2057 2484 οὐκ
2086 2431 2324 2483 ἀπέϐαλε
2346 2430 2563 2495 παῖδας,
2595 2431 2694 2484 οὐκ
2717 2431 2966 2485 ἀπώλεσε
3000 2435 3261 2505 χρήματα
3288 2437 3316 2488 6
3347 2437 3538 2508 Ἀδὰμ,

1957 2516 2057 2568 οὐκ
2087 2515 2179 2567 ἐπὶ
2205 2515 2436 2585 κοπρίας
2463 2514 2716 2584 ἐκάθητο,
2739 2514 2875 2569 ἀλλά
2903 2518 3230 2587 παράδεισον
3259 2518 3391 2590 ᾤκει
3413 2537 3541 2591 τρυ-

1959 2599 2087 2667 φῆς,
2140 2598 2233 2651 καὶ
2264 2598 2493 2669 δένδρων
2542 2600 2787 2668 ἀπήλαυε
2838 2600 3194 2653 παντοδαπῶν
3232 2604 3327 2655 καὶ
3360 2604 3543 2674 πηγῆς

1960 2682 2054 2735 καὶ
2076 2682 2334 2751 ποταμῶν
2368 2683 2461 2735 καὶ
2490 2684 2588 2751 τῆς
2610 2683 2776 2752 ἄλλης
2806 2683 2988 2747 ἀδείας
3010 2686 3249 2756 ἀπάσης.
3287 2686 3541 2758 Οὐδαμοῦ

1960 2765 2123 2827 πόνος
2146 2765 2265 2817 ούδέ
2296 2765 2475 2835 ὀδύνη.
2512 2766 2633 2817 οὐδὲ
2681 2766 2888 2833 ἀθυμία
2929 2767 3023 2821 καὶ
3058 2768 3369 2840 φροντίδες,
3420 2770 3544 2823 οὐδέ

1960 2849 2132 2919 ὀνείδη
2165 2849 2257 2901 καὶ
2279 2848 2554 2920 λοιδορίαι,
2586 2848 2707 2901 οὐδὲ
2739 2849 2807 2902 τά
2844 2851 3013 2921 μυρία
3036 2852 3203 2916 κακὰ,
3232 2851 3378 2922 άπερ
3408 2870 3543 2907 κατι-

1960 2932 2198 3001 έσκηψεν
2227 2933 2307 2994 εἰς
2329 2932 2419 2983 τὸν
2462 2932 2580 2983 Ἰώϐ
2606 2949 2617 2960 ·
2645 2931 2758 2984 ἀλλ’
2792 2934 2943 3001 ὅμως
2983 2934 3196 2997 οὐδενὸς
3233 2934 3386 2999 ὄντος
3432 2953 3542 2989 τοι-

1958 3016 2137 3079 ούτου,
2161 3016 2430 3069 κατέπεσε
2457 3017 2554 3069 καὶ
2582 3016 2971 3085 ὑπεσκελίσθη.
3017 3015 3135 3072 Οὐκ
3176 3017 3416 3090 εὔδηλον,
3456 3022 3540 3074 ὅτι

1959 3098 2049 3152 διά
2099 3098 2413 3169 ῥᾳθυμίαν;
2464 3099 2673 3169 ’Ὠσπερ
2706 3095 2800 3152 οὖν
2850 3101 3056 3165 ἐκεῖνος
3085 3102 3304 3156 πάντων
3336 3104 3541 3158 τούτων

1960 3183 2322 3249 ἐπικειμένων
2351 3181 2445 3235 καὶ
2499 3182 2807 3252 βαρούντων
2862 3183 2991 3254 ἐστη
3024 3186 3308 3253 γενναίως,
3338 3189 3432 3241 καὶ
3475 3189 3537 3242 οὺ

1939 3260 2283 3333 κατέπεσεν,
2301 3267 2399 3319 οὐκ
2420 3265 2640 3335 εὔδηλον
2654 3267 2733 3319 ὅτι
2756 3268 2848 3319 καὶ
2870 3260 3023 3330 οὗτος
3039 3267 3128 3321 διὰ
3146 3269 3307 3339 νῆψιν
3326 3270 3537 3342 ψυχῆςς

2063 3359 2125 3406 ε’.
2157 3347 2525 3418 Ἐκατέρωθεν
2538 3345 2650 3415 οὖν,
2670 3348 3249 3423 ἀγαπητὲ,κάρπωσαι
3281 3354 3540 3424 μέγιστον

1962 3434 2171 3507 κέρδος,
2210 3433 2305 3486 καὶ
2332 3432 2471 3501 φύγε
2520 3433 2612 3485 τὸν
2655 3432 2747 3485 τοῦ
2795 3432 2965 3504 Ἀδὰμ
3018 3433 3200 3504 ζῆλον,
3253 3436 3408 3502 εἰδὼς
3437 3438 3539 3493 ὅσα

1960 3517 2069 3573 ἀπὸ
2091 3518 2187 3586 τῆς
2218 3516 2487 3588 ῥᾳθυμίας
2516 3516 2755 3569 τίκτεται
2774 3517 2921 3569 κακά
2937 3533 2951 3547 ·
2973 3515 3215 3589 ζήλωσον
3233 3519 3289 3573 66
3317 3520 3416 3591 τὴν
3441 3520 3538 3574 τοῦ

1973 3601 2091 3654 ’ῐὼϐ
2114 3600 2420 3663 εὐλάϐειαν,
2448 3594 2635 3671 μαθὼν
2665 3602 2765 3653 ὅσα
2788 3601 2896 3653 ἀπὸ
2924 3602 3026 3673 τῆς
3051 3603 3286 3674 σπουδῆς
3304 3602 3538 3674 βλαστά-

1960 3702 2039 3738 νει
2065 3683 2231 3737 καλά’
2266 3683 2454 3737 τοῦτον
2482 3684 2772 3747 διαπαντὸς
2805 3684 3021 3752 λογίζου
3055 3685 3148 3737 τὸν
3191 3688 3536 3759 στεφανίτην,

1961 3770 2055 3822 καὶ
2077 3769 2254 3838 πάσης
2274 3767 2466 3837 ὀδύνης
2488 3768 2581 3819 καὶ
2601 3768 2976 3837 περιστάσεως
2994 3769 3182 3840 ίκανὴν
3202 3770 3342 3835 ἕξεις
3366 3788 3540 3838 παρα·

1962 3852 2179 3923 μυθίαν.
2199 3851 2463 3922 Καθάπερ
2477 3851 2583 3922 γὰρ
2600 3853 2656 3903 ἐν
2674 3852 2837 3921 κοινῷ
2861 3852 3071 3925 θεάτρῳ
3091 3854 3193 3923 τῆς
3216 3855 3540 3926 οἰκουμένης

1962 3936 2132 4001 ἐστὼς
2157 3939 2184 3989 ό
2204 3936 2471 4008 μακάριος
2498 3938 2591 3988 καὶ
2612 3940 2858 4004 γενναῖος
2879 3939 3105 4001 ἐκεῖνος,
3125 3938 3296 3992 ἀπασι
3324 3940 3413 3993 διὰ
3433 3942 3543 3995 τῶν

1964 4021 2385 4091 συμϐεϐηκότων
2418 4019 2567 4089 αύτῴ
2594 4019 2782 4073 παθῶν
2811 4020 3116 4089 διαλέγεται
3150 4023 3324 4077 πάντα
3354 4025 3542 4093 φέρειν

1960 4104 2029 4157 τὰ
2061 4104 2441 4174 συμπίπτοντα
2466 4104 2745 4171 γενναίως,
2781 4105 2876 4156 καὶ
2911 4105 3047 4176 πρὸς
3080 4106 3245 4175 μηδὲν
3280 4107 3540 4162 ἐνδιδόναι

1958 4188 2064 4241 τῶν
2087 4188 2348 4241 ἐπιόντων
2377 4188 2584 4241 δεινῶν.
2615 4188 2689 4240 Οὐ
2717 4188 2824 4257 γὰρ
2854 4188 3020 4253 ἐστιν,
3071 4190 3172 4244 οὐκ
3206 4190 3351 4243 ἐστιν
3387 4191 3540 4246 οὐδὲν

1959 4273 2297 4345 ἀνθρώπινον
2319 4272 2508 4335 πάθος,
2532 4272 2560 4323 6
2587 4271 2661 4343 μὴ
2689 4272 2910 4326 δύναται
2944 4274 3298 4345 παραμυθίαν
3326 4275 3538 4330 ἐκεῖθεν

1958 4358 2242 4423 δέξασθαι*
2274 4356 2309 4409 δι
2340 4355 2448 4426 γὰρ
2481 4356 2537 4408 ἐν
2571 4356 2719 4427 πάσῃ
2774 4359 2840 4426 τῇ
2886 4358 3175 4429 οἰκουμένῃ
3217 4358 3540 4433 διέσπαρται

1961 4442 2131 4512 πάθη,
2155 4440 2324 4493 ταῦτα
2351 4439 2487 4509 ὁμοῦ
2515 4439 2836 4492 συνελθόντα
2856 4442 2935 4504 εἰς
2960 4440 3017 4493 ἒν
3039 4441 3196 4511 σῶμα
3225 4442 3537 4514 κατέσκηψε

1957 4529 2018 4581 τὸ
2044 4528 2273 4579 ἐκείνου.
2304 4525 2401 4587 Τίς
2422 4520 2513 4577 οὖν
2536 4523 2687 4576 ἔσται
2717 4524 3012 4595 συγγνώμη
3042 4525 3117 4595 τῷ
3146 4526 3221 4597 μὴ
3258 4528 3538 4599 δυναμένῳ

1959 4632 2010 4667 τι
2043 4612 2205 4684 μέρος
2225 4610 2333 4662 τῶν
2362 4608 2708 4678 ἐπαχθέντων
2736 4609 2928 4679 ἐκείνῳ
2952 4609 3140 4663 δεινῶν
3169 4613 3286 4681 μετ’
3314 4613 3537 4685 εὐχαρι-

1961 4698 2114 4761 στίας
2142 4693 2291 4769 [274]
2314 4696 2577 4762 ἐνεγκεῖν,
2602 4693 2659 4756 ὃς
2686 4694 2761 4765 μὴ
2796 4694 2960 4765 μέρος
2990 4695 3169 4765 μόνον,
3188 4695 3303 4749 ἀλλ’
3319 4696 3542 4769 ὁλόκλη-

1962 4800 2031 4855 ρα
2056 4783 2304 4852 φαίνεται
2332 4780 2397 4833 τὰ
2431 4778 2648 4831 πάντων
2675 4777 2978 4849 ἀνθρώπων
3008 4781 3189 4853 φέρων
3218 4782 3398 4844 κακὰς
3432 4784 3542 4838 Καὶ

1961 4869 2045 4921 ἵνα
2072 4866 2146 4937 μὴ
2168 4863 2452 4933 καταγνῷς
2472 4861 2776 4933 ὑπερϐολὴν
2793 4862 2887 4915 τοῦ
2909 4863 3091 4931 λόγου,
3110 4865 3242 4937 φέρε
3268 4866 3391 4920 καθ’
3420 4868 3543 4922 ἐκα.

1962 4967 2086 5003 στον
2143 4948 2620 5021 προχειρισάμενοι
2677 4946 2787 5000 τῶν
2835 4946 3170 5002 ἐπελθόντων
3215 4949 3382 5021 αὐτῷ,
3441 4952 3541 5022 τὴν

1960 5034 2252 5105 ὑπόσχεσιν
2283 5032 2489 5103 ταύτην
2514 5032 2827 5101 ἐπάγωμεν.
2854 5033 2983 5097 Καὶ,
3019 5036 3067 5087 εἰ
3089 5033 3287 5104 βούλει,
3320 5036 3380 5089 τὸ
3404 5037 3540 5090 πάν-

1957 5134 2066 5171 των
2098 5116 2503 5188 ἀφορητότερον
2536 5110 2677 5169 εἶναι
2717 5114 2930 5180 δοκοῦν,
2973 5117 3189 5187 πρῶτον
3241 5122 3320 5183 εἰς
3374 5122 3541 5191 μέσον

1959 5201 2277 5271 ἀγάγωμεν,
2313 5200 2412 5271 τὴν
2440 5198 2631 5252 πενίαν
2659 5198 2819 5267 λέγω,
2858 5199 2953 5253 καί
2976 5201 3076 5270 τὴν
3107 5202 3171 5254 ἐκ
3194 5201 3394 5273 ταύτης
3424 5204 3544 5257 ὀδύ-

1960 5302 2057 5355 νην
2078 5302 2090 5314 -
2121 5283 2281 5337 τοῦτο
2305 5284 2413 5353 γὰρ
2437 5281 2716 5351 πανταχοῦ
2747 5282 2947 5345 πάντες
2962 5282 3237 5354 ἄνθρωποι
3259 5284 3537 5357 θρηνοῦσι.

1959 5368 2024 5421 Τί
2053 5364 2145 5421 οὖν
2173 5366 2269 5420 τοῦ
2312 5365 2432 5419 Ἰὼϐ
2464 5368 2786 5437 πενέστερον
2818 5367 2846 5406 b
2875 5367 3118 5435 γέγονεν,
3144 5368 3203 5432 ὃς
3227 5370 3320 5423 καὶ
3348 5370 3455 5425 τῶν
3484 5372 3542 5424 ἐν

1962 5450 2264 5523 βαλανείοις
2297 5450 2669 5522 ἐρριμμένων,
2700 5449 2795 5503 καὶ
2822 5449 2931 5503 τῶν
2954 5452 3013 5503 ἐν
3034 5453 3101 5522 τῇ
3133 5454 3419 5525 καμινιαίᾳ
3455 5456 3541 5507 τέ-

1960 5554 2074 5609 φρᾳ
2101 5535 2497 5599 καθευδόντων,
2533 5537 2626 5587 καὶ
2660 5535 2878 5588 πάντων
2908 5535 3091 5599 ἁπλῶς
3117 5536 3416 5609 ἀνθρώπων
3446 5557 3544 5592 πε-

1959 5623 2212 5692 νέστερος
2240 5615 2341 5690 ἧν;
2366 5614 2527 5673 Οὗτοι
2568 5618 2669 5688 μὲν
2695 5618 2805 5690 γὰρ
2825 5618 2926 5672 κᾶν
2958 5620 3167 5691 ἱμάτιον
3197 5620 3375 5690 έχουσι
3400 5620 3543 5693 διερ-

2026 5872 2055 5911 ὶδ
2082 5874 2187 5924 Duo
2212 5888 2326 5925 mss.
2349 5876 2417 5932 τίς
2440 5873 2520 5923 οὖν
2554 5874 2663 5924 Ἰὼϐ
2684 5875 2980 5938 πενέστερος.
