4046 6396
535 356 634 409 271

537 475 732 542 ρωγὸς,
757 476 958 536 ἐκεῖνος
983 473 1036 526 δὲ
1052 475 1255 545 γυμνὸς
1277 475 1532 540 ἐκάθητο,
1556 474 1650 527 καὶ
1671 473 1698 524 ὃ
1725 473 1884 544 μόνον
1905 470 2118 538 ἱμάτιον

535 555 650 628 εἶχε
685 558 836 628 παρὰ
887 560 985 627 τῆς
1016 558 1250 627 φύσεως,
1309 560 1408 630 τῆς
1440 559 1641 629 σαρκὸς
1670 559 1768 628 τὴν
1803 555 2118 628 περιϐολὴν,

535 641 744 712 χαλεπῇ
779 641 1027 710 σηπεδόνι
1057 642 1151 694 καὶ
1188 643 1346 696 τοῦτο
1384 643 1718 712 πανταχόθεν
1755 640 2060 711 διέφθειρεν
2093 641 2121 692 ό

533 724 797 788 διάϐολος.
823 725 991 778 Πάλιν
1016 721 1161 780 οὑτοι
1195 730 1244 781 οἱ
1272 728 1501 798 πένητες
1529 727 1630 780 κᾶν
1658 725 1763 779 ὑπὸ
1793 725 1990 794 στέγην
2012 723 2120 776 εἰσὶ

533 807 887 878 προπυλαίων
914 808 1020 862 τῶν
1060 811 1117 864 ἐν
1149 813 1262 874 τοῖς
1291 810 1613 880 βαλανείοις,
1647 807 1750 862 κᾶν
1779 806 1992 878 καλύϐῃ
2021 823 2120 858 κα-

534 889 858 944 λύπτονται·
908 893 1114 956 ἐκεῖνος
1169 893 1227 946 δέ
1279 894 1490 965 αἴθριος
1543 889 1976 962 διανυκτερεύων
2032 888 2120 942 ἀεὶ

533 973 793 1038 διετέλει,
833 975 957 1028 οὐδὲ
1010 976 1112 1049 τὴν
1158 976 1266 1030 ἀπὸ
1296 978 1458 1047 ψιλῆς
1514 977 1713 1048 στέγης
1766 972 2118 1047 παραμυθίαν

533 1057 672 1127 ἔχων
695 1074 706 1085 ·
733 1059 826 1111 καὶ
863 1059 924 1111 τὸ
955 1059 1019 1130 δὴ
1051 1059 1255 1130 μεῖζον,
1282 1063 1364 1116 ὅτι
1390 1054 1538 1117 οὑτοι
1575 1063 1671 1132 μέν
1701 1060 1870 1113 πολλὰ
1905 1059 2118 1119 ἑαυτοῖς

535 1140 782 1193 συνίσασι
813 1140 882 1193 τά
909 1141 1078 1205 δεινὰ,
1117 1144 1322 1206 ἐκεῖνος
1355 1142 1411 1194 δέ
1445 1143 1596 1196 οὑδέν
1626 1142 1804 1213 ἐαυτῷ
1832 1143 2042 1214 συνῄδει
2067 1154 2112 1194 ει.

533 1224 703 1277 Τοῦτο
738 1226 846 1296 γὰρ
891 1226 1014 1279 καθ’
1061 1226 1294 1281 ἕκαστον
1339 1226 1446 1279 τῶν
1498 1225 1926 1297 συμϐεϐηκότων
1969 1224 2119 1295 αύτῷ

533 1325 754 1378 παρατη
766 1307 1050 1378 ρούμενον,
1079 1309 1107 1361 ὃ
1135 1309 1359 1379 μείζονα
1388 1309 1553 1363 αὑτοῦ
1580 1310 1677 1379 τὴν
1703 1309 1896 1378 ὀδύνην
1921 1307 2114 1373 ἐποίει,

533 1392 626 1444 καὶ
673 1390 894 1445 πλείονα
946 1392 1046 1462 τὴν
1097 1392 1331 1464 ἀπορίαν
1379 1391 1697 1464 εἰργάζετο,
1739 1393 1800 1446 τὸ
1836 1391 1970 1464 μηδέ
2019 1391 2118 1462 τὴν

533 1476 711 1529 αἰτίαν
756 1476 864 1528 τῶν
890 1477 1194 1546 γινομένων
1235 1476 1455 1530 εἰδέναι.
1488 1472 1647 1531 Οὗτοι
1683 1478 1782 1547 μὲν
1817 1472 1942 1538 οὖν,
1979 1475 2116 1546 ὅπερ

531 1558 689 1627 ἐφην,
717 1557 888 1611 πολλά
927 1559 994 1612 ἂν
1034 1559 1210 1629 ἔχοιεν
1234 1560 1462 1624 ἐαυτοὺς
1491 1560 1796 1614 αἱτιᾶσθαι’
1830 1559 1892 1612 οὑ
1919 1557 2118 1629 μικρὸν

531 1641 589 1693 δὲ
631 1639 792 1693 τοῦτο
838 1642 918 1705 εἰς
954 1642 1310 1713 παραμυθίαν
1350 1645 1674 1714 συμφορᾶς,
1717 1643 1779 1695 τὸ
1821 1640 2118 1694 συνειδέναι

532 1725 712 1795 ἑαυτῷ
747 1725 973 1789 δικαίως
1001 1727 1402 1799 τιμωρουμένῳ
1421 1743 1434 1756 ·
1471 1729 1677 1790 ἐκεῖνος
1707 1725 1765 1779 δέ
1792 1725 1888 1778 καὶ
1912 1723 2117 1794 ταύτης

532 1808 879 1879 ἀπεστέρητο
923 1809 1024 1880 τῆς
1056 1809 1434 1881 παραμυθίας,
1468 1811 1562 1864 καὶ
1602 1809 1879 1862 πολιτείαν
1909 1807 2114 1861 ἐπιδει-

533 1893 765 1964 ξάμενος
807 1895 1007 1966 ἀρετῆς
1047 1895 1348 1965 γέμουσαν,
1373 1895 1443 1948 τὰ
1477 1895 1585 1948 τῶν
1620 1894 1823 1966 ἔσχατα
1854 1892 2118 1962 τετολμη-

531 1978 704 2031 κότων
731 1978 1013 2048 ὑπέμεινε.
1042 1981 1154 2032 Καὶ
1179 1971 1325 2032 οὗτοι
1356 1979 1455 2049 μὲν
1476 1978 1527 2030 οἱ
1559 1977 1688 2048 παρ’
1722 1979 1856 2048 ἡμῖν
1886 1975 2117 2044 πένητες

532 2061 740 2115 ἄνωθεν
781 2062 876 2113 καὶ
925 2062 986 2126 ἐξ
1038 2061 1213 2132 ἀρχῆς
1268 2061 1667 2132 ἐνεμελέτησαν
1702 2063 1767 2131 τῇ
1825 2059 2113 2130 συμφορᾷο

531 2147 740 2206 ἐκεῖνος
763 2144 821 2197 δέ
847 2144 1180 2214 ἀμελέτητον
1208 2146 1470 2215 ὑπέμεινε
1500 2144 1716 2206 πενίαν,
1737 2143 1930 2211 ἀθρόον
1962 2141 2115 2204 δεξά-

535 2245 696 2298 μενος
729 2227 826 2298 τὴν
855 2229 918 2279 ἐκ
944 2227 1040 2280 τοῦ
1080 2227 1312 2280 πλούτου
1346 2227 1670 2300 μεταϐολήν.
1701 2227 1912 2296 Ὥσπερ
1933 2221 2025 2277 οὑν
2054 2224 2116 2276 τὸ

531 2315 628 2383 τὴν
653 2312 831 2365 αἰτίαν
853 2311 1051 2365 εἰδέναι
1073 2311 1182 2364 τῶν
1204 2313 1528 2382 γινομένων,
1551 2313 1808 2382 μέγιστον
1835 2311 1912 2372 είς
1939 2324 2118 2378 παρα-

535 2396 754 2467 μυθίαν,
791 2395 963 2458 οὕτως
989 2397 1089 2448 οὑκ
1118 2395 1338 2449 ἔλαττον
1380 2396 1615 2459 ἐκείνου,
1653 2394 1712 2446 τὸ
1741 2393 2114 2464 μελετήσαντα

531 2481 725 2533 πενίαν
757 2478 817 2544 ἐξ
842 2479 1041 2549 ἀρχῆς,
1074 2479 1249 2543 οὑτως
1285 2483 1342 2533 ἐν
1376 2480 1538 2550 πενίην⁵
1559 2478 1768 2546 διάγειν
1789 2494 1802 2507 ο
1831 2472 1906 2530 ὧν
1936 2479 2112 2546 ἀμφο-

529 2567 704 2635 τέρων
749 2566 776 2617 ό
808 2562 1014 2626 δίκαιος
1060 2565 1269 2626 ἐκεῖνος
1317 2565 1597 2635 ἐστέρητο,
1650 2563 1746 2616 καὶ
1800 2561 1923 2615 ούδέ
1973 2560 2116 2613 οὑτω

533 2648 890 2700 κατέπιπτεν.
936 2643 1090 2709 Εἶδες
1119 2649 1280 2700 αὑτὸν
1322 2649 1418 2701 καὶ
1451 2647 1588 2717 πρὸς
1623 2647 1857 2716 ἐσχάτην
1894 2645 2116 2698 ἐλθόντα

531 2732 746 2796 πενίαν,
776 2730 870 2784 καὶ
903 2730 1023 2800 μεθ’
1052 2731 1120 2800 ἢν
1151 2731 1343 2802 ἐτέραν
1368 2731 1467 2783 οὐκ
1492 2729 1638 2782 ἔστιν
1681 2731 1896 2801 εὑρεῖν;
1923 2729 1975 2783 τί
2007 2728 2117 2798 γὰρ

533 2816 600 2869 ἂν
624 2814 718 2869 τοῦ
745 2813 977 2885 γυμνοῦ,
1003 2813 1098 2867 καὶ
1141 2814 1277 2884 μηδέ
1309 2813 1508 2884 στέγην
1548 2812 1763 2883 ἔχοντος
1793 2813 2116 2882 πενέστερον

532 2899 728 2967 γένοιτ’
751 2899 816 2952 ἄν
838 2914 852 2963 ;
871 2897 1089 2952 Μᾶλλον
1111 2897 1165 2950 δὲ
1189 2898 1308 2950 οὑδέ
1331 2899 1558 2966 ἐδάφους
1583 2898 1801 2960 πάντως
1823 2896 2118 2950 ἀπολαύειν

531 2983 722 3056 κύριος
743 2978 812 3053 ἦν
837 2999 849 3012 ·
886 2983 949 3034 οὑ
975 2981 1084 3052 γὰρ
1113 2982 1206 3034 ἐπὶ
1227 2982 1324 3051 τῆς
1353 2981 1481 3051 γῆς,
1507 2981 1621 3034 ἀλλ’
1645 2981 1738 3034 ἐπὶ
1762 2981 1860 3051 τῆς
1883 2981 2116 3052 κοπρίας

531 3065 792 3136 ἐκάθητο.
821 3065 1030 3118 Οὐκοῦν
1067 3067 1194 3120 ὅταν
1235 3065 1350 3136 ἴδῃς
1383 3066 1577 3118 σαυτὸν
1610 3067 1667 3118 ἐν
1702 3065 1862 3136 πενίᾳ
1889 3064 2116 3134 γενόμε-

531 3168 643 3213 νον,
671 3149 926 3220 ἐννόησον
953 3149 1048 3202 τοῦ
1074 3149 1286 3202 δικαίου
1313 3150 1373 3202 τὸ
1397 3149 1590 3214 πάθος,
1628 3150 1724 3204 καὶ
1757 3149 1960 3213 εὑθέως
1987 3150 2117 3203 ἀνα-

535 3237 729 3306 στήσῃ,
760 3235 854 3288 καὶ
875 3233 1055 3288 πάντα
1080 3233 1400 3307 ἀποκρούσῃ
1426 3233 1686 3305 λογισμὸν
1717 3234 1974 3304 ἀθυμίας.
2001 3235 2118 3287 Μία

537 3320 636 3390 μὲν
659 3315 754 3372 οὖν
779 3316 918 3388 αὕτη
944 3317 1200 3387 συμφορά
1231 3317 1448 3370 πάντων
1471 3317 1610 3388 όμοῦ
1639 3316 1748 3370 τῶν
1774 3317 1962 3370 δεινῶν
1985 3317 2116 3370 ὑπό-

533 3405 682 3466 θεσις
715 3398 856 3455 εἶναι
902 3402 1054 3454 δοκεῖ
1091 3404 1204 3464 τοῖς
1251 3400 1562 3472 ἀνθρώποις
1584 3418 1596 3432 ·
1634 3401 1864 3472 δευτέρα
1901 3401 1958 3454 δέ
1996 3402 2115 3471 μετ’

531 3488 772 3556 ἐκείνην,
799 3485 998 3558 μᾶλλον
1027 3485 1085 3538 δὲ
1115 3486 1220 3556 πρὸ
1244 3487 1483 3557 ἐκείνης,
1514 3488 1548 3557 ή
1575 3485 1667 3538 τοῦ
1695 3483 1944 3556 σώματος
1979 3485 2114 3555 πλη-

531 3573 626 3643 γή.
676 3571 773 3634 Τίς
811 3565 904 3623 οὖν
952 3568 1127 3632 οὑτως
1156 3568 1483 3640 ήρῤώστησέ
1531 3587 1695 3636 ποτε;
1738 3571 1823 3632 τίς
1855 3569 2111 3641 τοιαύτην

531 3656 686 3709 νόσον
733 3654 1032 3722 ὑπέμεινε;
1079 3652 1165 3716 τίς
1206 3651 1478 3723 τοσαύτην
1523 3652 1740 3723 πληγὴν
1781 3653 2034 3720 ἐδέξατο,
2072 3651 2108 3724 ἢ

531 3739 718 3809 ἕτερον
756 3736 1049 3806 δεξάμενον
1078 3732 1219 3788 εἶδεν
1245 3753 1260 3798 ;
1284 3737 1397 3788 Οὑκ
1431 3735 1578 3789 ἐστιν
1603 3736 1798 3800 οὑδείς.
1825 3735 1986 3790 Κατὰ
2025 3754 2115 3808 μι-

533 3821 663 3890 κρὸν
697 3818 846 3889 αὑτῷ
865 3819 927 3871 τὸ
961 3819 1122 3888 σῶμα
1155 3818 1481 3881 ἐδαπανᾶτο,
1508 3819 1604 3872 καὶ
1629 3819 1779 3891 πηγὴ
1813 3819 2113 3890 σκωλήκων

531 3903 680 3974 αύτῷ
709 3903 972 3958 πάντοθεν
996 3902 1190 3973 ἔϐρυεν
1231 3902 1338 3954 ἀπὸ
1362 3901 1472 3954 τῶν
1503 3901 1702 3972 μελῶν,
1734 3903 1828 3957 καὶ
1859 3903 2114 3976 διηνεκὴς

530 3989 598 4062 ἦν
621 3990 758 4058 αὕτη
788 3990 821 4060 ἡ
851 3986 1103 4058 ἐπιρροὴ,
1127 3987 1222 4039 καὶ
1247 3986 1416 4057 πολλὴ
1441 3986 1776 4057 πανταχόθεν
1797 3990 1829 4058 ή
1855 3987 2110 4055 δυσωδία,

532 4075 627 4128 καὶ
660 4073 719 4126 τὸ
743 4071 902 4142 σῶμα
928 4071 1072 4124 κατὰ
1108 4069 1300 4141 μικρὸν
1331 4069 1724 4140 ἀναιρούμενον
1766 4072 1857 4124 καὶ
1887 4072 2112 4143 τοιαύτῃ

534 4155 786 4228 σηπεδὸνι
824 4153 1126 4224 τηκόμενον
1161 4153 1299 4223 ἀηδῆ
1327 4152 1396 4206 τὰ
1429 4153 1573 4206 σιτία
1603 4154 1796 4217 ἐποίει,
1829 4157 1922 4206 καὶ
1955 4155 2113 4225 λιμὸς

529 4238 598 4312 ἦν
628 4237 777 4309 αὑτῷ
819 4237 971 4303 ξένος
1021 4238 1118 4289 καὶ
1151 4235 1457 4305 παράδοξος
1479 4252 1492 4266 ο
1519 4236 1641 4289 οὑδέ
1678 4238 1788 4305 γάρ
1821 4237 2113 4309 δεδομένης

530 4322 763 4394 ἠδύνατο
793 4320 893 4390 τῆς
918 4319 1126 4391 τροφῆς
1146 4318 1440 4372 ἀπολαύειν
1463 4336 1475 4348 ·
1507 4321 1742 4388 Βρόμον
1760 4320 1890 4391 γὰρ,
1923 4321 2108 4391 φησὶν,

531 4407 647 4474 ὁρῶ
676 4405 749 4459 τὰ
783 4405 951 4459 σιτία
973 4421 1115 4472 μου.
1139 4404 1307 4457 Ὅταν
1333 4399 1424 4458 οὖν
1465 4404 1746 4476 ἀρρωστίᾳ
1784 4405 2108 4478 περιπέσῃς,

530 4492 806 4562 ἄνθρωπε,
834 4488 1216 4560 ἀναμνήσθητι
1245 4489 1337 4542 τοῦ
1368 4487 1618 4559 σώματος
1645 4489 1872 4551 ἐκείνου,
1893 4491 1987 4542 καὶ
2011 4491 2110 4559 τῆς

532 4575 684 4646 [275]
710 4574 913 4644 σαρκὸς
936 4573 1034 4642 τῆς
1065 4573 1245 4638 ἁγίας·
1265 4571 1394 4640 ἁγία
1419 4573 1527 4643 γάρ
1550 4568 1616 4642 ἦν
1638 4573 1734 4625 καὶ
1755 4573 1992 4644 καθαρά,
2014 4573 2110 4624 καὶ

529 4658 752 4711 τοιαῦτα
790 4658 991 4727 ἔχουσα
1035 4655 1348 4726 τραύματα.
1383 4655 1500 4708 Κᾶν
1534 4658 1590 4707 ἐν
1625 4656 1888 4727 στρατείᾳ
1927 4656 1984 4708 δέ
2025 4673 2109 4720 τις

529 4741 680 4811 τελῇ,
700 4735 821 4792 εἶτα
841 4739 1041 4802 ἀδίκως
1063 4739 1156 4791 καὶ
1182 4740 1350 4809 χωρὶς
1370 4739 1592 4806 εὐλόγου
1612 4740 1758 4802 τινὸς
1780 4739 2107 4809 προφάσεως

531 4823 856 4895 ἀναρτηθεὶς
907 4825 964 4875 ἐν
999 4822 1077 4893 τῷ
1119 4821 1262 4893 ξύλῳ
1303 4822 1645 4894 διαξαίνηται
1697 4822 1796 4886 τὰς
1833 4823 2107 4894 πλευρὰς,

533 4911 671 4978 μήτε
697 4905 896 4968 ὄνειδος
931 4901 1069 4959 εἶναι
1109 4905 1379 4976 νομιζέτω
1411 4906 1472 4958 τὸ
1506 4907 1763 4977 πρᾶγμα,
1799 4907 1937 4976 μήτε
1970 4907 2110 4976 πρὸς

529 4993 628 5062 τὴν
657 4989 850 5062 ὀδύνην
881 4990 1149 5055 ἐνδιδότω,
1181 4989 1272 5042 τὸν
1306 4989 1460 5058 ἅγιον
1495 4989 1683 5042 τοῦτον
1711 4989 1928 5045 ἐννοῶν.
1966 4990 2106 5044 Ἀλλ’

534 5076 722 5144 ἱκανὴν
743 5069 890 5144 εἶχεν
906 5071 1058 5138 οὗτος
1076 5074 1421 5146 παράκλησιν
1440 5075 1534 5127 καὶ
1556 5072 1936 5144 παραμυθίαν,
1951 5075 2105 5146 φησὶ,

527 5159 590 5210 τὸ
621 5158 818 5211 εἰδέναι
845 5157 936 5210 τὸν
961 5158 1092 5211 Θεὸν
1120 5157 1266 5228 αὑτῷ
1289 5156 1464 5211 ταῦτα
1491 5158 1785 5225 ἐπάγοντα.
1809 5157 1980 5210 Τοῦτο
2010 5158 2109 5228 μὲν

528 5240 621 5297 οὖν
651 5243 814 5296 αὑτὸν
849 5243 1082 5312 μάλιστα
1111 5243 1374 5313 ἐτάραττε
1407 5243 1500 5295 καὶ
1557 5241 1842 5312 ἐθορύϐει,
1887 5244 1970 5297 ὅτι
2015 5243 2108 5298 τὸν

527 5329 736 5381 δίκαιον
762 5326 914 5391 Θεὸν,
947 5328 1042 5380 καὶ
1071 5328 1234 5379 παντὶ⁴
1261 5325 1450 5397 τρόπῳ
1479 5327 1609 5396 παρ’
1642 5325 1806 5378 αὑτοῦ
1839 5327 2111 5397 θεραπευ-

529 5411 712 5472 θέντα,
731 5410 920 5464 τοῦτον
948 5409 1196 5480 ἐνόμιζεν
1227 5407 1376 5479 αύτῴ
1402 5409 1679 5480 πολεμεῖν.
1700 5411 1812 5463 Καὶ
1835 5409 2108 5482 πρόφασίν

528 5513 648 5548 τινα
680 5493 900 5563 εὔλογον
935 5495 1116 5564 εὑρεῖν
1148 5491 1258 5545 τῶν
1289 5492 1590 5562 γινομένων
1621 5493 1722 5546 οὑκ
1751 5489 1926 5564 εἶχεν·
1961 5497 2106 5559 ἐπεὶ,

527 5579 617 5632 ὅτε
649 5596 714 5648 γε
741 5577 943 5648 ἔμαθεν
973 5576 1199 5648 ὕστερον
1233 5577 1331 5648 τὴν
1360 5577 1562 5644 αἰτίαν,
1596 5579 1700 5651 δρα
1744 5579 1918 5651 πόσην
1947 5581 2108 5635 εὑλά-

586 5761 612 5833 ⁸-
627 5765 761 5833 Πίος,
786 5767 959 5821 ἐκέινος
979 5769 1030 5833 δὲ
1051 5767 1184 5815 οὐδὲν
1203 5767 1357 5833 ἑαυτῷ
1381 5767 1820 5833 συνῄδεικόθιζταηῐ
1857 5767 1905 5816 in
1932 5770 2100 5833 editis,

528 5829 617 5876 sui
638 5841 699 5874 ex
723 5829 844 5889 Reg.
867 5831 1176 5890 supplentur,
1199 5837 1248 5878 el
1274 5829 1333 5880 ad
1354 5841 1552 5878 sensum
1577 5830 1943 5881 desiderantur.

1264 353 1320 408 S.
1361 352 1648 409 JOANNIS
1685 349 2178 408 CIIBYSOSTOMI
2211 347 2537 406 ARCHIEP.
2576 331 3140 406 CONSTANTINOP;

3697 349 3806 406 279

2226 471 2377 525 ϐειαν
2399 471 2742 536 ἐπεδείξατο·
2771 471 2860 524 ὅτε
2879 471 2987 541 γὰρ
3009 466 3324 539 εἶπεναὺτῷ
3351 470 3378 520 ό
3393 468 3522 534 Θεός
3543 486 3556 497 °
3584 471 3804 539 Ἄλλως

2215 573 2294 625 με
2319 555 2429 611 olet
2451 572 2551 610 σοι
2575 555 3091 624 κεχρηματικέναι,
3114 554 3152 621 ἢ
3198 554 3298 606 ἵνα
3326 554 3560 617 δίκαιος
3585 554 3788 621 ἀναφα

2221 637 2372 707 νῇς;
2407 639 2803 705 καταπλαγεὶς,
2833 637 2967 708 φησί
2991 656 3001 666 ι
3040 637 3216 705 Χεῖρα
3241 635 3406 703 θήσω
3429 637 3524 689 ἐπὶ
3555 639 3810 705 στόματί

2215 740 2335 791 μου
2356 739 2370 752 ·
2406 721 2568 786 ἅπαξ
2601 720 2902 787 ἐλάλησα,
2927 720 3027 773 ἐπὶ
3045 720 3114 773 δὲ
3142 719 3221 783 τῷ
3243 717 3502 786 δευτέρῳ
3521 721 3593 772 οὐ
3624 736 3810 788 apoc-

2221 805 2409 871 θήσω.
2431 806 2541 859 Καὶ
2565 805 2748 869 πάλιν,
2776 805 2932 870 ’Έως
2949 803 3065 872 μὲν
3091 803 3237 868 ὠτὸς
3258 791 3450 869 ἀόιοῆς
3477 800 3704 870 ἤκουόν
3733 817 3809 856 σε

2221 891 2287 946 τὸ
2315 892 2630 960 πρότερον
2657 889 2798 944 νυνὶ
2822 889 2889 942 δὲ
2913 893 2945 944 ό
2968 887 3276 956 ὀφθαλμός
3305 904 3424 955 μου
3442 886 3663 954 ἑώρακέ
3693 902 3767 940 σε
3792 902 3807 915 ·

2220 974 2312 1028 διὸ
2359 975 2663 1044 ἐφαύλισα
2705 973 2988 1042 ἐμαυτὸν,
3034 972 3133 1024 καὶ
3179 967 3434 1037 ἑτάκην·
3480 969 3700 1038 ἢγημαι
3741 968 3813 1022 δὲ

2218 1061 2479 1130 ἐμαυτόν
2512 1057 2628 1129 γῆν
2669 1059 2769 1112 καὶ
2805 1057 3062 1110 σποδόν.

2293 1142 2367 1208 ς’.
2390 1145 2453 1196 EE
2483 1144 2541 1197 δὲ
2570 1144 2765 1212 ἀρκεῖν
2787 1141 2947 1194 τοῦτο
2966 1142 3045 1203 εἰς
3068 1137 3414 1208 παράκλησιν
3432 1134 3695 1208 νομίζεις,
3719 1135 3812 1187 δυ-

2218 1227 2355 1297 νήσῃ
2401 1227 2458 1280 δέ
2498 1226 2592 1280 καὶ
2639 1225 2803 1287 αὑτὸς
2847 1222 3052 1292 ταύτην
3101 1222 3200 1293 τὴν
3237 1219 3594 1291 παραμυθίαν
3638 1219 3808 1289 ἔχειν.

2219 1309 2342 1362 Κᾶν
2376 1311 2486 1381 γὰρ
2520 1309 2595 1381 μὴ
2630 1308 2719 1362 διά
2747 1308 2839 1362 τὸν
2867 1307 3000 1361 Θεὸν
3031 1304 3213 1378 πάθῃς
3237 1322 3290 1358 τι
3319 1305 3431 1358 τῶν
3454 1303 3664 1366 δεινῶν,
3691 1302 3810 1355 ἀλλ’

2219 1393 2280 1458 ἐξ
2315 1393 2620 1465 ἀνθρώπων
2660 1390 2948 1462 ἐπηρείας,
3006 1389 3412 1461 εὐχαριστήσεις
3452 1387 3542 1450 δὲ,
3589 1387 3685 1440 καὶ
3733 1385 3813 1457 μὴ

2220 1477 2625 1548 βλασφημήσῃς
2671 1475 2762 1528 τὸν
2806 1475 3104 1543 δυνάμενον
3141 1472 3385 1527 κωλῦσαι
3427 1475 3547 1541 μὲν,
3602 1470 3813 1542 ἀφέντα

2218 1563 2274 1615 δὲ
2299 1561 2399 1631 τῆς
2432 1561 2531 1631 σῆς
2575 1562 2760 1612 ἐνεκεν
2803 1558 3056 1629 δοκιμῆς,
3091 1557 3286 1628 ὥσπερ
3325 1557 3375 1610 οἱ
3418 1555 3511 1610 διὰ
3537 1555 3627 1609 τὸν
3675 1554 3814 1607 Θεὸν

2218 1644 2486 1708 παθόντες
2521 1641 2938 1711 στεφανοῦνται,
2957 1641 3101 1695 οὑτω
3131 1641 3226 1695 καὶ
3255 1639 3320 1693 σὺ
3349 1638 3458 1693 τῶν
3485 1638 3665 1694 αὑτῶν
3688 1640 3815 1690 ἐπι-

2217 1727 2383 1799 τεύξῃ
2425 1726 2659 1798 μισθῶν,
2694 1727 2779 1780 ὂτι
2817 1725 2915 1788 τάς
2949 1725 3101 1795 παρὰ
3139 1721 3440 1795 ἀνθρώπων
3477 1722 3815 1794 ἐπαχθείσας

2219 1827 2301 1864 σοι
2336 1808 2624 1882 συμφορὰς
2660 1809 2927 1880 γενναίως
2960 1808 3223 1879 ἤνεγκας,
3271 1805 3368 1860 καὶ
3414 1804 3492 1877 τῷ
3523 1805 3814 1875 δυναμένῳ

2217 1893 2388 1957 αὑτὰς
2413 1893 2657 1946 κωλύσαι
2699 1893 2831 1963 μέν,
2872 1892 2947 1962 μὴ
2993 1891 3312 1962 βουληθέντι
3349 1889 3437 1954 δέ,
3469 1889 3814 1961 ηὐχαρίστη-

2219 1995 2339 2042 σας.
2371 1977 2500 2031 Ἰδοὺ
2526 1978 2709 2030 τοίνυν
2734 1978 2829 2030 καὶ
2853 1976 3044 2030 πενίαν
3073 1977 3168 2029 καὶ
3191 1977 3366 2038 νόσον,
3397 1975 3491 2029 καὶ
3521 1975 3816 2045 ἀμφότερα

2221 2063 2358 2133 μετά
2391 2063 2490 2132 τῆς
2529 2061 2773 2131 ἐσχάτης
2806 2059 3115 2131 ὑπερϐολῆς
3157 2054 3296 2123 εἶδες
3340 2057 3703 2128 ἐπενεχθέντα
3730 2059 3815 2128 τῳ

2217 2145 2430 2216 δικαίῳ.
2465 2143 2654 2196 Βούλει
2694 2160 2779 2196 σοι
2826 2143 2924 2196 καὶ
2962 2145 3052 2196 τὸν
3089 2142 3244 2213 παρὰ
3275 2141 3375 2212 τῆς
3399 2141 3614 2211 φύσεως
3647 2142 3813 2193 πόλε-

2221 2247 2319 2299 μον
2351 2229 2602 2295 ἐπιδείξω
2637 2228 2779 2298 μετά
2813 2228 3086 2296 τοσαύτης
3116 2225 3425 2297 ὑπερϐολῆς
3461 2225 3540 2295 τῷ
3573 2226 3813 2294 γενναίῳ

2217 2314 2338 2366 τότε
2370 2312 2698 2382 ἐπιθέμενον
2738 2312 2971 2380 ἐκείνῳ;
3010 2311 3155 2364 Δέκα
3196 2310 3362 2362 τέκνα
3410 2308 3695 2374 ἀπώλεσε,
3740 2311 3813 2361 τὰ

2216 2396 2348 2449 δέκα
2375 2395 2593 2466 ἀθρόον,
2625 2395 2695 2448 τὰ
2724 2395 2858 2448 δέκα
2888 2398 2945 2448 ἐν
2980 2394 3130 2464 αύτῷ
3158 2393 3234 2464 τῷ
3263 2393 3416 2448 ἄνθει
3439 2393 3538 2464 τῆς
3568 2392 3809 2464 ἡλικίας,

2217 2479 2286 2532 τὰ
2312 2479 2442 2532 δέκα
2483 2479 2684 2550 πολλὴν
2722 2479 2925 2550 ἀρετὴν
2963 2477 3404 2547 ἐπιδεδειγμένα,
3444 2477 3540 2530 καὶ
3579 2477 3703 2529 οὑδέ
3731 2477 3810 2546 τῷ

2218 2562 2383 2632 κοινῷ
2429 2564 2531 2632 τῆς
2577 2561 2793 2631 φύσεως
2839 2562 3028 2632 νόμῳ,
3059 2559 3196 2614 ἀλλά
3246 2560 3405 2630 βιαίῳ
3455 2559 3672 2628 θανάτῳ
3715 2563 3809 2612 καὶ

2223 2647 2453 2717 ἐλεεινῷ.
2492 2647 2589 2711 Τίς
2618 2647 2683 2700 ἂν
2707 2647 2818 2717 ἔχοι
2843 2647 3106 2717 τοιαύτην
3136 2646 3421 2716 συμφορὰν
3449 2647 3658 2706 είπεῖν;
3693 2645 3808 2696 Ούκ

2219 2733 2366 2786 ἔστιν
2391 2732 2593 2796 οὑδείς.
2622 2733 2794 2786 Ὅταν
2817 2727 2910 2787 οὖν
2936 2730 3220 2802 ἀποϐάλῃς
3260 2730 3376 2782 υίὸν
3407 2730 3500 2782 καὶ
3530 2728 3808 2798 θυγατέρα

2217 2815 2376 2886 ὁμοῦ,
2413 2815 2697 2886 ἀνάδραμε
2727 2816 2864 2887 πρὸς
2893 2815 2986 2869 τὸν
3024 2816 3234 2870 δίκαιον
3265 2815 3494 2878 ἐκεῖνον,
3534 2813 3630 2866 καὶ
3672 2812 3802 2864 πάν-

2217 2917 2323 2962 τως
2354 2899 2607 2970 εὑρήσεις
2652 2898 2853 2969 πολλὴν
2887 2898 3069 2968 σαυτῷ
3115 2897 3214 2968 τὴν
3256 2895 3625 2969 παραμυθίαν.
3657 2891 3804 2967 ’Ἄρα

2216 2979 2310 3036 οὖν
2336 2985 2506 3036 ταῦτα
2544 2983 2681 3053 μόνα
2715 2981 2864 3053 αὑτῷ
2914 2982 3114 3052 συνέϐη
3147 2984 3218 3035 τὰ
3268 2979 3454 3046 δεινά;
3490 2981 3555 3033 Ἦ
3593 2980 3651 3032 δέ
3694 2979 3804 3031 τῶν

2217 3068 2388 3136 φίλων
2430 3065 2825 3134 ἐγκατάλειψις
2862 3066 2960 3119 καὶ
2989 3064 3274 3137 προδοσία,
3302 3064 3372 3118 τά
3399 3063 3459 3116 δέ
3490 3062 3803 3134 σκώμματα

2216 3153 2311 3205 καὶ
2333 3153 2390 3205 αἱ
2423 3150 2723 3223 λοιδορίαι,
2759 3151 2792 3220 ἡ
2820 3149 2876 3202 δὲ
2915 3149 3185 3220 χλευασία
3228 3147 3324 3202 καὶ
3354 3151 3382 3202 ό
3413 3147 3589 3216 γέλως
3609 3164 3624 3178 ο
3657 3149 3718 3200 τὸ
3745 3147 3800 3199 δὲ

2217 3235 2321 3290 ὑπὸ
2360 3235 2577 3288 πάντων
2624 3233 2979 3305 διασύρεσθαί
3018 3251 3070 3286 τι
3117 3232 3391 3304 ἀφόρητον
3423 3227 3513 3302 ἦν.
3568 3231 3644 3285 Οὑ
3693 3231 3802 3303 γάρ

2215 3319 2388 3384 οὕτως
2415 3322 2448 3390 ἡ
2473 3318 2584 3373 τῶν
2615 3317 2916 3388 συμφορῶν
2945 3316 3131 3387 φύσις,
3165 3317 3241 3381 ὡς
3275 3319 3323 3369 οί
3355 3315 3506 3388 παρά
3531 3315 3632 3380 τὰς
3666 3333 3802 3386 συμ-

2216 3403 2389 3474 φοράς
2428 3404 2563 3473 ἡμῖν
2611 3401 2964 3465 ὀνειδίζοντες
2995 3399 3214 3452 δάκνειν
3255 3397 3413 3471 ήμῶν
3445 3397 3670 3454 εἰώθασι
3703 3401 3800 3469 τὴν

2214 3487 2413 3558 ψυχήν.
2456 3487 2532 3539 Οὑ
2572 3486 2733 3556 μόνον
2781 3488 2809 3539 ὸ
2855 3484 3195 3556 παρακαλῶν
3242 3485 3344 3537 οὑκ
3379 3481 3484 3555 ἦν,
3535 3484 3675 3539 ἀλλά
3706 3487 3799 3537 καὶ

2215 3570 2402 3624 πολλοὶ
2433 3569 2771 3640 πολλαχόθεν
2806 3569 3090 3622 ἐπέκειντο
3118 3566 3491 3632 ὀνειδίζοντες.
3530 3569 3643 3621 Καὶ
3670 3569 3796 3639 ὁρᾷς

2214 3653 2377 3706 αὑτὸν
2413 3652 2572 3707 τοῦτο
2620 3652 3059 3724 ἀποδυρόμενον,
3088 3653 3184 3706 καὶ
3223 3652 3487 3720 λέγοντα’
3530 3651 3693 3719 Ἀτάρ
3730 3650 3799 3702 δὲ

2213 3737 2314 3792 καὶ
2347 3737 2518 3807 ὑμεῖς
2562 3735 2815 3804 ἐπέϐητέ
2847 3752 2985 3805 μοι’
3043 3739 3139 3790 καὶ
3183 3736 3553 3808 ἀνελεήμονας
3602 3736 3796 3798 αὑτοὺς

2215 3820 2390 3886 καλεῖ,
2425 3819 2520 3874 καί
2573 3835 2770 3889 φησιν·
2811 3819 2944 3872 Ὅτι
2985 3820 3323 3874 ἀπείπαντο
3350 3822 3500 3890 μεοί
3530 3821 3799 3887 πλησίον

2209 3921 2351 3974 μου,
2383 3903 2482 3957 καὶ
2519 3905 2573 3956 οί
2619 3902 2840 3956 οἰκέται
2865 3920 2986 3972 μου
3013 3902 3141 3956 κατ’
3175 3903 3323 3973 ἐμοῦ
3362 3905 3648 3967 ἐλάλουν,
3695 3903 3798 3955 καὶ

2213 3987 2384 4052 υἱοὺς
2426 3985 2822 4039 παλλακίδων
2862 4003 2982 4055 μου
3031 3985 3326 4050 ἐκάλουν,
3373 3988 3541 4040 αὐτοὶ
3579 3985 3647 4038 δὲ
3675 3986 3797 4039 ἀπ-

2212 4069 2475 4136 επήδων.
2527 4069 2761 4136 ’Έτεροι
2802 4068 2891 4132 δὲ,
2940 4069 3136 4139 φησὶν,
3184 4069 3482 4124 ἑνέπτυόν
3516 4087 3645 4140 μοι,
3692 4070 3796 4122 καί

2213 4156 2530 4223 θρύλλημα
2581 4153 2823 4206 πάντων
2847 4153 3162 4222 ἐγενόμην,
3198 4153 3298 4206 καὶ
3329 4153 3504 4220 αὑτὴ,
3541 4152 3724 4223 φησιν.
3757 4154 3798 4222 ὴ

2211 4237 2405 4304 στολή
2432 4254 2551 4307 μου
2586 4237 2959 4301 ἑϐδελύξατό
2985 4255 3076 4307 με.
3112 4237 3302 4291 Ταῦτά
3328 4255 3390 4307 γε
3421 4238 3539 4291 οὑδέ
3564 4236 3798 4290 ἀκοῦσαι

2213 4321 2447 4392 φορητὰ,
2486 4323 2620 4391 μήτι
2652 4337 2716 4388 γε
2765 4321 2855 4374 διὰ
2900 4321 3010 4374 τῶν
3058 4323 3399 4392 πραγμάτων
3433 4321 3607 4376 αὐτῶν
3650 4320 3798 4373 ὑπο.

2215 4409 2412 4475 μεῖναι.
2445 4402 2602 4474 [276]
2637 4403 2805 4456 Πενία
2834 4405 3060 4474 ἐσχάτη,
3089 4406 3185 4458 καὶ
3218 4405 3372 4468 νόσος
3399 4406 3666 4475 ἀφόρητος
3702 4405 3798 4456 καὶ

2211 4488 2374 4557 καινὴ
2403 4488 2494 4541 καὶ
2529 4487 2832 4558 παράδοξος
2851 4504 2864 4517 ·
2903 4489 3108 4542 παίδων
3137 4488 3380 4557 ἀποϐολὴ
3410 4486 3672 4540 τοσούτων
3698 4487 3797 4540 καὶ

2211 4570 2468 4624 τοιούτων
2505 4572 2599 4624 καὶ
2638 4570 2870 4642 τοιούτῳ
2901 4573 3115 4643 τρόπῳ·
3152 4571 3332 4642 ὀνείδη
3364 4572 3459 4624 καὶ
3488 4569 3796 4640 σκώμματα

2212 4657 2306 4708 καὶ
2339 4654 2609 4725 λοιδορίαι
2639 4655 2792 4726 παρὰ
2817 4654 3122 4727 ἀνθρώπων
3141 4671 3156 4687 ·
3185 4658 3234 4708 οἱ
3272 4656 3370 4726 μὲν
3405 4654 3714 4726 ἐχλεύαζον,
3744 4657 3793 4706 οἱ

2211 4739 2267 4791 δὲ
2295 4738 2591 4803 ὠνείδιζον,
2636 4742 2686 4790 oi
2718 4739 2774 4791 δέ
2808 4740 3197 4810 κατεφρόνουν,
3238 4741 3338 4793 οὑκ
3380 4740 3562 4810 ἐχθροὶ
3603 4738 3791 4809 μόνον,

2211 4823 2348 4876 ἀλλά
2379 4823 2474 4876 καὶ
2506 4823 2684 4889 φίλοιο
2721 4824 2782 4876 ob
2832 4823 2975 4890 φίλοι
3020 4824 3199 4893 μόνον,
3228 4823 3364 4878 ἀλλὰ
3414 4825 3508 4878 καὶ
3547 4823 3788 4876 οἰκέται·

2210 4907 2310 4959 οὑκ
2346 4906 2640 4976 ἐχλεύαζον
2692 4907 2750 4960 δέ
2801 4907 2923 4960 οὑδὲ
2955 4907 3230 4972 ὠνείδιζον
3262 4908 3464 4979 μόνον,
3515 4907 3646 4962 ἀλλά
3695 4909 3793 4961 καὶ

2210 4989 2630 5054 ἐϐδελύσσοντο,
2665 4991 2759 5043 καὶ
2793 4989 2968 5044 ταῦτα
3000 4991 3102 5044 οὑκ
3132 4992 3223 5044 ἐπὶ
3257 4991 3352 5045 δύο
3389 4994 3482 5046 καὶ
3510 4991 3651 5062 τρισὶ
3694 4995 3792 5044 καὶ

2209 5071 2342 5126 δέκα
2383 5072 2640 5144 ἡμέραις,
2676 5072 2790 5126 ἀλλ’
2822 5075 2915 5127 ἐπὶ
2940 5074 3152 5138 πολλοῖς
3178 5077 3290 5139 τοῖς
3329 5076 3492 5146 μησί’
3528 5077 3616 5128 καὶ
3647 5075 3792 5145 ὅπερ

2210 5157 2299 5208 ἐπ’
2331 5157 2545 5209 ἐκείνου
2581 5157 2778 5228 συνέϐη
2818 5158 3002 5228 μόνου,
3037 5158 3160 5212 οὑδὲ
3187 5159 3284 5229 τὴν
3324 5159 3434 5212 ἀπὸ
3472 5161 3566 5225 τῆς
3591 5159 3791 5219 νυκτὸς

2209 5234 2323 5310 εἶχε
2347 5240 2722 5311 παραμυθίαν,
2739 5239 2875 5293 ἀλλὰ
2895 5240 3004 5295 τῶν
3030 5241 3147 5312 μεθ’
3174 5242 3387 5312 ἡμέραν
3413 5239 3594 5295 δεινῶν
3615 5257 3794 5310 προσ-

2212 5322 2354 5394 θήκη
2395 5323 2596 5394 μείζων
2628 5320 2694 5394 ἦν
2725 5326 2757 5395 ἡ
2789 5323 2898 5378 τῶν
2928 5326 3258 5396 νυκτερινῶν
3287 5325 3470 5394 φόϐων
3495 5324 3787 5393 φαντασία.

2212 5407 2338 5460 Ὅτι
2391 5407 2502 5479 γὰρ
2556 5407 2917 5482 χαλεπώτερα
2970 5411 3028 5464 ἐν
3081 5413 3192 5474 τοῖς
3239 5410 3430 5475 ὕπνοις
3476 5408 3747 5478 ὑπέμενεν
3771 5449 3788 5474 ,

2209 5489 2444 5544 ἄκουσον
2478 5490 2529 5543 τί
2554 5509 2686 5563 φησι
2709 5510 2722 5522 ο
2756 5497 2860 5547 Διὰ
2892 5494 2949 5546 τί
2968 5511 3047 5563 με
3091 5492 3291 5564 φοϐεῖς
3319 5494 3392 5548 ἐν
3421 5493 3653 5555 ὕπνοις,
3684 5493 3789 5545 καί

2206 5575 2276 5627 ἐν
2335 5572 2596 5645 όράζιιασί
2637 5593 2715 5644 με
2767 5577 3271 5644 καταπλήσσεις;
3325 5579 3482 5641 Ποῖος
3531 5573 3790 5645 σιδηροῦς

2207 5657 2304 5711 ἄνθ
2315 5675 2514 5729 ρωπος,
2546 5661 2698 5723 ποῖος
2723 5660 2937 5731 ἀδάμας
2957 5661 3196 5715 τοσαῦτα
3222 5661 3287 5715 ἂν
3311 5661 3562 5732 ὑπέμεινε
3587 5657 3753 5712 δεινά
3774 5677 3789 5723 ;

2208 5742 2270 5794 Εί
2328 5742 2437 5811 γὰρ
2469 5743 2560 5796 καὶ
2602 5743 2727 5796 καθ’
2762 5744 2928 5797 ἐαυτὸ
2974 5744 3179 5798 τούτων
3211 5745 3442 5799 ἕκαστον
3473 5742 3788 5812 ἀφόρητον,

2213 5825 2465 5898 ἐννόησον
2515 5825 2651 5897 ὁμοῦ
2694 5826 3017 5884 συνελθόντα
3067 5828 3233 5884 πόσον
3287 5829 3473 5900 ἤγειρε
3527 5824 3785 5897 θόρυϐον.
