4046 6396
243 470 342 527 271

250 587 525 647 amictum,
551 582 697 654 gravi
726 581 1004 651 putredine
1036 580 1269 652 undique
1297 591 1611 654 corruperat
1650 580 1836 636 diabo-

252 678 353 730 lus.
387 676 620 730 Rursum
648 676 700 728 hi
733 690 991 745 pauperes
1019 676 1208 729 saltem
1229 675 1329 730 sub
1347 676 1499 729 tectis
1528 674 1835 729 suntvesti-

253 767 499 822 hulorum
526 769 580 820 in
604 768 828 832 balneis,
856 767 1041 820 saltem
1066 767 1283 821 latibulo
1304 775 1570 836 teguntur;
1600 767 1690 821 ille
1710 781 1838 819 vero

254 860 349 913 sub
371 859 460 913 dio
480 869 636 914 nocte
662 860 854 928 dieque
880 874 1092 927 semper
1111 859 1355 928 degebat,
1386 874 1560 929 neque
1581 857 1839 928 simplicis

253 952 376 1005 tecti
420 953 667 1006 solatium
724 964 909 1005 nactus
936 966 949 1002 :
978 950 1224 1021 quodque
1251 950 1464 1021 gravius
1488 957 1598 1014 est,
1630 950 1684 1003 bi
1723 949 1839 1019 qui-

252 1044 370 1096 dem
399 1044 683 1097 multorum
712 1042 812 1096 sibi
834 1041 1093 1095 malorum
1132 1042 1330 1095 conscii
1372 1050 1530 1107 sunt;
1572 1041 1661 1095 ille
1711 1056 1840 1094 vero

252 1137 448 1190 nullius
468 1136 566 1189 sibi
589 1136 834 1191 conscius
855 1145 969 1189 erat
993 1136 1031 1190 ¹.
1059 1134 1168 1189 Hoc
1185 1146 1360 1188 autem
1392 1136 1442 1189 in
1464 1135 1683 1205 singulis
1704 1150 1840 1204 quo-

252 1242 354 1295 que
372 1227 583 1281 casibus
601 1227 989 1281 observandum
1013 1236 1094 1281 est
1118 1245 1130 1279 :
1156 1226 1296 1296 quod
1319 1243 1447 1281 sane
1469 1228 1723 1296 majorem
1744 1228 1840 1295 ipsi

253 1320 495 1375 dolorem
537 1323 900 1390 maioremque
941 1320 1261 1375 anxietatem
1293 1321 1561 1388 pariebat,
1594 1319 1734 1388 quod
1775 1334 1843 1374 ne

254 1428 467 1466 causam
496 1413 707 1482 quidem
738 1412 1156 1481 contingentium
1202 1412 1464 1465 malorum
1505 1420 1702 1466 nosset.
1737 1410 1838 1472 Illi,

258 1502 491 1571 inquam,
520 1503 587 1556 de
614 1503 793 1557 multis
817 1518 876 1557 se
896 1517 1147 1557 accusare
1175 1511 1459 1573 potuerunt
1488 1520 1501 1557 :
1530 1517 1629 1557 nec
1658 1517 1842 1572 parum

262 1596 388 1648 illud
416 1596 478 1649 ad
508 1596 925 1650 consolationem
956 1597 1135 1665 juvat,
1185 1611 1305 1649 cum
1336 1595 1457 1665 jure
1512 1595 1612 1651 sibi
1658 1609 1843 1665 pinnas

259 1685 421 1755 inlligi
469 1687 800 1756 agnoscitur;
834 1686 924 1742 ille
963 1698 1139 1741 autem
1171 1686 1271 1741 hac
1298 1702 1495 1741 vacuus
1519 1696 1634 1742 erat
1653 1701 1846 1741 conso-

256 1782 470 1847 latione,
500 1790 552 1835 et
602 1795 721 1835 cum
744 1780 905 1834 vitam
941 1783 1135 1836 virtute
1164 1780 1374 1851 plenam
1420 1779 1694 1845 duxisset,
1745 1795 1843 1834 ex-

254 1885 421 1931 trema
449 1873 977 1930 sceleratissimorum
999 1873 1257 1944 supplicia
1288 1873 1484 1929 luebat.
1515 1873 1600 1937 lli,
1632 1873 1721 1942 qui
1753 1887 1845 1942 pe-

248 1984 347 2023 nes
377 1982 475 2022 nos
502 1977 648 2033 sunt,
681 1982 940 2037 pauperes
962 1966 1073 2036 jam
1100 1967 1227 2021 olim
1255 1981 1284 2020 a
1310 1966 1569 2037 principio
1602 1965 1725 2020 huic
1749 1980 1842 2017 ea-

253 2058 476 2112 lamitati
505 2067 630 2112 sunt
659 2058 893 2123 assueti;
923 2058 1012 2113 ille
1033 2073 1162 2113 vero
1191 2058 1517 2127 inopinatam
1561 2058 1680 2112 tulit
1709 2072 1841 2125 pau-

252 2149 818 2218 pertatem,coufestim
835 2148 1138 2203 divitiarum
1150 2149 1412 2218 jacturam
1431 2147 1833 2219 passus.Quem-

246 2244 535 2297 admodum
582 2243 739 2313 igitur
774 2257 990 2298 causam
1045 2242 1571 2297 calamitatumnosse
1592 2254 1839 2310 magnum

248 2334 410 2389 affert
437 2335 502 2389 ad
520 2335 938 2389 consolationem
969 2343 1320 2400 momentum,
1350 2333 1420 2387 ita
1447 2347 1551 2388 non
1580 2331 1838 2385 minorem

253 2424 391 2492 parit
421 2425 472 2478 in
505 2434 810 2496 paupertate
836 2425 1046 2494 degenti
1084 2426 1305 2495 pristina
1336 2423 1574 2494 ejusdem
1616 2437 1840 2492 pauper-

249 2517 372 2571 tatis
388 2519 697 2571 exercitatio
730 2536 743 2571 :
772 2526 1118 2585 utrorumque
1146 2525 1321 2571 autem
1344 2516 1519 2584 justus
1540 2514 1629 2568 ille
1649 2528 1839 2582 expers

250 2619 387 2671 erat,
419 2624 591 2677 neque
624 2618 796 2662 tamen
819 2610 896 2662 sic
924 2609 1102 2662 animo
1131 2608 1382 2662 concidit.
1416 2606 1602 2661 Vidisti
1640 2620 1760 2659 eum
1784 2605 1836 2657 in

245 2709 541 2753 extremam
568 2700 840 2756 redactum
868 2710 1255 2771 paupertatem,
1274 2700 1355 2754 cui
1387 2698 1574 2755 similis
1590 2698 1736 2755 nulla
1751 2712 1836 2753 es-

246 2807 306 2845 se
329 2792 540 2861 potest?
562 2792 686 2861 quid
717 2794 857 2846 enim
889 2792 1031 2846 nudo
1049 2802 1293 2862 tectoque
1312 2800 1526 2846 carente
1553 2789 1838 2859 pauperius

246 2883 405 2937 fuerit
429 2884 453 2936 ’ἔ
480 2884 590 2937 lmo
614 2884 702 2937 ille
730 2901 795 2937 ne
824 2884 1036 2954 quidem
1063 2884 1233 2937 solum
1262 2898 1365 2953 quo
1395 2881 1649 2951 gauderet
1675 2880 1837 2933 habe—

250 2973 375 3036 bat;
408 2990 581 3044 neque
608 2974 748 3030 enim
769 2976 821 3029 in
851 2986 990 3030 terra
1011 3017 1025 3041 ,
1056 2975 1150 3029 sed
1170 2976 1220 3028 in
1250 2975 1375 3027 limo
1392 2973 1629 3028 sedebat.
1655 2972 1835 3039 Itaque

243 3080 363 3119 cum
387 3073 440 3118 te
469 3066 667 3119 videris
697 3077 1005 3141 paupertate
1049 3065 1324 3125 afﬂictum.
1347 3065 1517 3134 cogita
1541 3064 1664 3133 justi
1694 3063 1834 3116 illius

242 3156 597 3210 calamitatem
621 3157 903 3225 statimque
923 3157 1157 3210 animum
1177 3156 1367 3226 eriges,
1390 3165 1442 3209 et
1462 3170 1671 3209 omnem
1696 3170 1834 3209 mo:-

245 3246 383 3299 roris
409 3247 696 3314 cogitatum
727 3247 978 3315 repelles.
1009 3247 1181 3316 Atque
1211 3248 1324 3301 hinc
1371 3247 1582 3316 quidem
1610 3247 1829 3301 calami-

245 3345 326 3389 tas
346 3338 586 3390 omnium
618 3338 880 3392 malorum
907 3338 1059 3409 quasi
1090 3337 1491 3391 fundamentum
1531 3337 1832 3390 hominibus

242 3443 362 3481 esse
402 3428 639 3493 videtur;
684 3430 849 3485 altera
880 3446 1006 3485 vero
1031 3431 1314 3501 posterior,
1345 3430 1451 3483 imo
1495 3430 1668 3498 prior,
1718 3436 1833 3483 erat

244 3522 485 3590 corporis
508 3523 679 3591 plaga.
697 3523 828 3589 Quis
851 3538 1100 3591 umquam
1133 3522 1233 3576 hoc
1258 3521 1428 3575 morbi
1455 3537 1653 3591 genere
1678 3521 1829 3575 labo-

241 3612 413 3666 ravit?
436 3614 555 3683 quis
585 3614 743 3667 talem
760 3612 1126 3683 aegritudinem
1173 3613 1331 3667 tulit?
1356 3614 1475 3682 quis
1495 3612 1649 3665 talem
1672 3626 1829 3665 exce-

244 3704 317 3770 pit
347 3704 575 3773 plagam,
604 3712 696 3759 aut
714 3705 877 3757 alium
905 3704 1254 3773 excipientem
1280 3703 1451 3757 vidit?
1486 3702 1655 3757 Nemo
1679 3718 1826 3757 sane.

242 3796 499 3849 Paulatim
528 3796 625 3864 ipsi
668 3811 862 3864 corpus
886 3796 1279 3871 absumebatur,
1318 3795 1560 3849 membra
1596 3794 1831 3862 undique

242 3885 514 3941 vermibus
554 3888 852 3952 scatebant,
874 3896 1163 3957 perpetuus
1183 3896 1297 3940 erat
1314 3886 1401 3941 ille
1427 3884 1620 3951 fluxus,
1651 3894 1705 3939 et
1729 3885 1830 3940 fa:-

241 3984 329 4031 tor
353 3976 587 4048 undique
606 3978 972 4048 gravissimus,
1002 3994 1303 4049 corpusque
1327 3978 1453 4033 dum
1484 3977 1562 4033 sic
1582 3978 1827 4047 paulatim

241 4068 484 4123 interiret
511 4078 565 4123 et
586 4080 726 4123 tanta
752 4070 1033 4142 putredine
1063 4070 1377 4135 tabesceret,
1411 4071 1645 4139 ingratos
1668 4070 1827 4122 etiam

239 4160 390 4215 cibos
416 4161 690 4227 reddebat,
714 4163 988 4233 famesque
1010 4164 1082 4217 illi
1107 4173 1221 4217 erat
1240 4164 1447 4217 insolita
1475 4161 1829 4216 incredibilis-

239 4268 344 4319 que
372 4266 391 4307 :
418 4269 592 4323 neque
619 4256 760 4308 enim
784 4256 964 4309 oblato
1011 4256 1133 4309 cibo
1163 4255 1265 4309 frui
1314 4265 1540 4325 poterat.
1576 4254 1828 4309 Fautorem

239 4344 404 4410 enim,
426 4344 615 4413 inquit,
641 4346 782 4400 video
801 4362 906 4400 esse
925 4346 1058 4399 cibos
1084 4363 1216 4400 meos
1235 4345 1353 4418 (Job
1382 4345 1435 4401 6.
1485 4348 1560 4415 7).
1578 4346 1710 4401 Cum
1737 4363 1828 4401 er—

238 4449 306 4503 go
328 4435 382 4489 in
423 4438 668 4490 morbum
718 4436 1246 4503 incideris,ohomo,
1293 4437 1828 4507 recordarecorporis

236 4524 381 4580 illius
408 4538 710 4597 sancueque
739 4528 913 4581 carnis
941 4544 955 4580 :
984 4537 1165 4582 sancta
1193 4529 1385 4598 quippe
1406 4539 1519 4583 erat
1546 4539 1705 4598 atque
1732 4545 1830 4599 pu-

239 4633 329 4683 ra,
358 4617 483 4673 licet
537 4618 617 4671 bis
641 4619 951 4673 vulneribus
1001 4619 1212 4675 affecta.
1263 4620 1316 4675 Si
1345 4621 1464 4691 quis
1509 4622 1561 4675 in
1588 4623 1826 4677 exercitu

240 4711 447 4778 positus
494 4711 688 4781 injuste
730 4700 978 4784 nullaque
1006 4716 1194 4769 saltem
1241 4713 1503 4784 probabili
1550 4713 1618 4768 de
1668 4728 1825 4768 causa

239 4804 384 4874 ligno
429 4818 738 4873 suSpensus,
766 4805 929 4859 latera
955 4806 1054 4859 sibi
1095 4806 1331 4861 lacerari
1373 4804 1581 4869 videat,
1628 4820 1828 4873 nequa-

237 4913 398 4967 quam
420 4896 471 4951 id
499 4896 801 4969 ignominize
827 4898 943 4953 loco
970 4899 1181 4959 habeat,
1209 4914 1379 4969 neque
1399 4914 1457 4953 se
1485 4898 1671 4952 dolore
1700 4912 1827 4952 con-

242 4989 328 5043 fici
359 4989 520 5053 sinat,
550 4999 790 5045 sanctum
821 4990 967 5043 illum
994 4989 1253 5045 memoria
1281 4999 1550 5060 repetens.
1602 4990 1671 5043 At
1711 4988 1822 5055 ille,

240 5081 473 5151 inquies,
492 5095 754 5135 summam
784 5081 971 5135 habuit
996 5082 1441 5144 consolationem,
1472 5080 1613 5150 quod
1665 5080 1827 5135 sciret

241 5174 409 5227 Deum
440 5172 558 5227 hzec
590 5173 691 5227 sibi
719 5173 981 5243 inﬂigere.
1014 5175 1174 5244 Atqui
1203 5176 1304 5229 hoc
1346 5175 1518 5244 ipsum
1557 5174 1723 5245 magis
1764 5173 1827 5228 il-

238 5264 346 5316 lum
408 5264 654 5318 turbabat
692 5263 1100 5335 aﬂligebatque,
1141 5266 1280 5335 quod
1330 5266 1588 5335 cogitaret
1626 5266 1823 5335 justum

240 5358 431 5421 Deum,
482 5372 639 5427 quem
671 5358 784 5427 ipse
813 5359 958 5412 omni
991 5359 1149 5413 modo
1171 5359 1455 5425 coluisset,
1510 5376 1693 5414 secum
1729 5376 1823 5429 pu-

238 5465 426 5519 gnare.
451 5449 560 5505 Nec
588 5450 752 5505 ullam
775 5452 856 5505 vel
890 5450 1216 5521 probabilem
1239 5468 1445 5517 eorum,
1473 5468 1591 5521 qua:
1614 5453 1822 5507 accide-

224 5546 386 5611 Ohant.
419 5557 634 5597 causam
676 5545 909 5612 reperire
935 5552 1157 5613 poterat.
1181 5544 1309 5598 Nam
1336 5544 1424 5598 ubi
1451 5544 1663 5598 demum
1695 5560 1824 5597 cau-

237 5647 350 5687 sam
377 5633 600 5697 didicit,
646 5634 765 5689 vide
793 5628 1043 5704 quantam
1066 5636 1315 5706 pietatem
1345 5636 1662 5692 exhibuerit.
1691 5638 1824 5693 Cum

238 5725 381 5777 enim
406 5722 477 5777 illi
501 5725 638 5779 Deus
658 5726 790 5780 dixit
821 5742 835 5778 ε
867 5725 1046 5781 Αιὶοηε
1066 5737 1212 5797 putas
1240 5728 1387 5783 modo
1409 5747 1483 5785 me
1508 5731 1596 5784 tibi
1619 5731 1825 5784 oracula

300 5926 316 5956 ¹
350 5922 475 5975 Vide
503 5928 669 5974 notam
695 5925 911 5977 ercam

1236 472 1327 533 DE
1367 476 1665 536 DIABOLO
1702 478 2141 539 TENTATORE.
2186 480 2417 539 HOMIL.
2458 480 2543 536 111.

3417 482 3524 539 9792

1944 582 2153 648 fudisse,
2182 600 2332 652 quam
2352 596 2405 639 ut
2426 587 2598 656 justus
2625 602 2893 655 appareres
2918 588 3038 660 (Job
3069 591 3156 649 40.
3183 591 3276 662 8)?
3314 599 3523 664 percul-

1944 689 2035 728 sus
2063 677 2149 729 ille
2180 678 2453 746 respondit
2482 698 2494 732 :
2521 678 2727 731 Manum
2755 698 2938 748 ponam
2963 699 3111 751 super
3133 700 3187 736 os
3217 700 3415 739 meum:
3441 704 3521 739 se-

1943 769 2041 820 mel
2063 767 2294 831 loquutus
2315 787 2445 836 sum,
2464 772 2679 823 secundo
2706 789 2804 823 non
2827 775 3011 824 addant
3051 772 3156 841 (Ib.
3186 791 3233 827 v.
3257 777 3309 829 4.
3344 777 3397 846 5)
3424 793 3437 830 :
3466 794 3526 831 ac

1946 875 2177 927 rursum,
2204 860 2370 931 Usque
2389 863 2454 914 ad
2490 864 2631 915 auris
2654 864 2880 915 auditum
2905 865 3074 917 audivi
3092 876 3138 919 te
3161 876 3307 919 antea
3327 882 3345 930 ,'
3394 885 3527 920 nunc

1944 960 2111 1004 autent
2132 953 2304 1006 oculus
2325 971 2459 1006 meus
2480 954 2599 1006 vidit
2621 965 2685 1012 te.
2709 954 2875 1020 Quare
2892 958 3134 1023 meipsum
3161 958 3307 1009 vilem
3326 969 3525 1026 reputa-

1946 1044 2012 1107 vi,
2060 1052 2105 1096 et
2131 1043 2331 1097 extabui
2360 1062 2377 1099 :
2404 1046 2628 1115 reputavi
2653 1058 2821 1099 autem
2846 1048 3089 1116 mtipsum
3107 1060 3290 1101 terram
3320 1060 3364 1101 et
3394 1051 3525 1103 cinc-

1946 1151 2050 1188 rem
2080 1131 2236 1207 (Job.
2262 1134 2353 1189 42.
2372 1135 2425 1190 5.
2461 1137 2537 1209 6).

2019 1226 2071 1281 6.
2112 1227 2265 1293 Quod
2295 1228 2339 1282 si
2367 1228 2481 1282 bzcc
2505 1228 2632 1284 satis
2660 1229 2726 1284 ad
2752 1231 3169 1285 consolationem
3195 1247 3313 1286 esse
3342 1242 3521 1301 putas,

1948 1319 2149 1387 poteris
2171 1328 2225 1374 et
2252 1320 2362 1388 ipse
2393 1321 2493 1375 hac
2520 1322 2885 1375 consolatione
2909 1323 3028 1375 frui.
3072 1322 3203 1377 Nam
3250 1323 3373 1377 licet
3420 1338 3524 1376 non

1948 1424 2045 1478 pro
2072 1410 2180 1463 Deo
2209 1411 2406 1480 aliquid
2434 1411 2557 1465 mali
2586 1412 2873 1475 sustineas,
2898 1413 2990 1467 sed
3018 1426 3085 1466 ex
3116 1413 3386 1467 hominum
3426 1431 3523 1467 no-

1946 1512 2213 1567 cumento,
2233 1504 2277 1557 si
2296 1505 2493 1574 gratias
2510 1506 2682 1575 egeris
2708 1519 2806 1558 nec
2830 1504 3284 1572 blasphemaveris
3310 1505 3361 1558 iu
3381 1522 3523 1567 cum,

1948 1597 2037 1667 qui
2066 1598 2324 1668 impedire
2351 1598 2562 1669 quidem
2594 1605 2823 1667 poterat,
2866 1597 2960 1651 sed
2985 1596 3049 1649 ad
3079 1607 3220 1650 tuam
3254 1599 3524 1667 probatio-

1950 1707 2070 1745 nem
2109 1693 2368 1761 permisit,
2418 1693 2557 1747 sicut
2586 1691 2727 1761 iiqui
2778 1699 2992 1760 propter
3040 1690 3206 1743 Deum
3258 1691 3528 1759 patiuntur

1948 1783 2376 1849 coronantur,sic
2401 1791 2454 1837 et
2481 1794 2536 1837 tu
2565 1780 2806 1836 eamdem
2826 1780 3172 1849 consequeris
3200 1780 3519 1844 mercedem,

1948 1876 2070 1946 quia
2096 1876 2268 1931 illatas
2300 1876 2390 1930 tibi
2411 1876 2477 1931 ab
2508 1874 2811 1929 hominibus
2836 1873 3165 1927 calamitates
3194 1872 3402 1927 lortiter
3447 1885 3528 1926 tu-

1949 1969 2079 2037 listi,
2105 1970 2225 2024 etei
2254 1972 2482 2039 quicum
2512 1968 2627 2022 illas
2654 1967 2936 2036 prohibere
2976 1973 3191 2034 posset,
3245 1965 3418 2018 noluit
3444 1974 3527 2017 ta-

1947 2075 2093 2128 men,
2109 2056 2490 2131 gratiasegisti.
2506 2058 2645 2113 Ecce
2670 2059 2828 2128 igitur
2846 2067 2901 2111 et
2924 2066 3284 2126 paupertatem
3307 2064 3361 2110 et
3385 2070 3526 2109 mor-

1946 2151 2071 2207 bum
2094 2166 2252 2222 supra
2274 2150 2491 2206 modum
2518 2166 2731 2205 omnem
2748 2151 2892 2220 justo
2915 2150 3116 2205 illatum
3131 2149 3327 2205 vidisti.
3358 2149 3526 2203 Visne

1946 2243 2103 2298 etiam
2135 2252 2192 2297 ut
2219 2243 2438 2310 bellum,
2467 2242 2608 2312 quod
2639 2242 2737 2312 ipsi
2768 2251 2951 2296 natura
2975 2242 3171 2308 intulit,
3193 2240 3381 2295 eodem
3402 2255 3521 2295 cum

1946 2336 2147 2404 impetu
2176 2334 2363 2389 fortem
2397 2335 2569 2389 virum
2601 2334 2861 2388 invasisse
2898 2333 3215 2387 ostendam?
3244 2333 3433 2385 Decem
3465 2330 3525 2382 fi-

1947 2427 2045 2481 lios
2072 2426 2322 2496 perdidit,
2351 2426 2536 2480 decem
2568 2424 2745 2487 simul,
2776 2424 2959 2479 decem
2996 2423 3182 2479 eodem
3230 2420 3525 2491 juventutis

1944 2519 2096 2584 ﬂore,
2125 2518 2309 2573 decem
2342 2519 2536 2572 virtute
2559 2519 2828 2586 praeditos,
2875 2531 2974 2570 nec
3003 2514 3272 2569 communi
3321 2519 3523 2567 natura:

1945 2611 2083 2681 lege,
2112 2610 2205 2665 sed
2236 2610 2469 2664 violenta
2495 2606 2896 2677 miserabilique
2940 2615 3131 2659 morte.
3184 2604 3314 2670 Quis
3362 2602 3519 2657 talem

1943 2704 2297 2758 calamitatem
2352 2701 2654 2772 exprimere
2709 2700 2918 2754 valeat?
2974 2698 3142 2753 Nemo
3181 2714 3329 2753 sane.
3388 2696 3521 2751 Cum

1943 2810 2070 2863 ergo
2090 2806 2142 2849 et
2167 2794 2334 2848 ﬁlium
2355 2801 2410 2849 et
2448 2792 2611 2847 filiam
2661 2792 2818 2846 simul
2861 2791 3144 2855 amiseris,
3194 2804 3409 2843 recurre
3454 2787 3522 2842 ad

1936 2888 2136 2957 justum
2169 2887 2339 2953 illum,
2368 2886 2696 2955 multamque
2717 2884 3037 2938 nancisceris
3078 2881 3517 2935 consolationem.

1940 2981 2076 3035 Num
2104 2979 2221 3035 htrc
2249 2988 2452 3034 tantum
2474 2980 2575 3049 ipsi
2603 2978 2846 3032 accidere
2872 2976 3052 3030 mala?
3083 2976 3388 3029 Amicorum
3436 2974 3521 3027 in-

1941 3086 2102 3140 super
2130 3069 2360 3125 defectio
2386 3079 2440 3124 et
2461 3069 2712 3138 proditio,
2738 3077 3051 3130 scommata,
3082 3065 3317 3120 convicia
3339 3107 3354 3131 ,
3382 3063 3522 3117 deri-

1940 3164 2140 3227 siones,
2164 3163 2315 3218 sanni
2342 3182 2354 3216 :
2384 3163 2450 3216 ab
2477 3162 2722 3216 omnibus
2750 3170 2929 3214 autem
2963 3158 3197 3213 divexari
3237 3172 3392 3225 quam
3439 3156 3519 3209 in-

1942 3254 2270 3307 tolerandum
2302 3252 2488 3306 fuerit!
2523 3252 2639 3306 Non
2666 3251 2807 3305 enim
2833 3252 2904 3303 ita
2924 3262 3280 3303 aerumnarum
3308 3254 3517 3311 natura,

1940 3354 1999 3399 ut
2018 3346 2074 3411 ii,
2104 3346 2192 3415 qui
2220 3344 2372 3399 nobis
2394 3358 2661 3398 zerumnas
2681 3342 3026 3412 exprobrant,
3057 3338 3306 3393 mordere
3358 3337 3513 3390 solet.

1896 3488 1899 3491 .
1940 3437 2053 3491 Non
2085 3437 2243 3491 modo
2266 3453 2370 3490 non
2402 3435 2606 3501 aderat,
2663 3435 2754 3504 qui
2794 3433 3187 3495 consolaretur;
3236 3428 3328 3483 sed
3365 3427 3515 3482 multi

1941 3528 2172 3598 undique
2195 3529 2461 3582 instabant
2486 3526 2871 3581 conviciantes.
2897 3523 3163 3590 Videsque
3215 3521 3362 3574 illum
3418 3518 3517 3572 hac

1937 3620 2004 3674 de
2026 3635 2083 3674 re
2109 3621 2383 3689 conqueri,
2416 3633 2477 3672 ac
2504 3618 2681 3672 dicere
2708 3632 2723 3669 :
2760 3617 2823 3669 At
2851 3631 2936 3669 vos
2968 3612 3206 3667 invaditis
3246 3628 3324 3665 me
3385 3609 3515 3681 (Job

1938 3709 2025 3763 l9.
2051 3708 2127 3782 5),
2151 3724 2347 3778 eosque
2377 3705 2823 3761 immisericordes
2853 3712 3008 3757 vocat
3036 3703 3116 3756 his
3143 3700 3319 3755 verbis
3344 3718 3356 3752 :
3386 3699 3516 3766 Quia

1938 3800 2306 3871 abnegaverunt
2332 3816 2409 3852 me
2430 3798 2644 3868 proximi
2670 3797 2799 3861 mei;
2830 3804 2874 3849 et
2900 3794 3157 3847 domestici
3198 3793 3296 3845 mei
3341 3800 3516 3843 contra

1936 3909 2017 3945 me
2040 3890 2387 3961 loquebantur,
2433 3899 2477 3942 et
2508 3889 2641 3957 ﬁlios
2683 3887 2918 3956 pellicum
2967 3899 3194 3938 mearum
3235 3882 3517 3936 vocabam:

1942 3984 2020 4037 illi
2040 3999 2156 4038 vero
2180 3982 2463 4036 resiliebant
2486 3979 2505 4052 (
2526 3979 2605 4033 Ib.
2637 3994 2681 4031 v.
2715 3980 2801 4033 14.
2830 3978 2941 4047 17).
2971 3977 3092 4041 Alii,
3145 3975 3338 4045 inquit,
3392 3990 3513 4026 con-

1935 4075 2178 4145 spuebant
2205 4076 2257 4128 in
2280 4090 2375 4139 me,
2404 4090 2463 4127 ac
2492 4072 2761 4126 ludibrium
2789 4073 2953 4142 factus
2981 4086 3095 4123 sum
3121 4068 3348 4123 omnibus
3380 4066 3509 4138 (Job

1935 4167 2026 4226 39.
2054 4166 2107 4222 9.
2142 4166 2233 4233 10)
2261 4184 2274 4221 :
2303 4174 2349 4219 et
2378 4166 2509 4233 ipsa,
2546 4163 2753 4233 inquit,
2783 4162 2929 4217 vestis
2982 4176 3060 4213 me
3109 4160 3397 4213 abominata
3442 4168 3513 4211 est

1938 4259 2055 4331 (Job
2084 4259 2137 4314 9.
2164 4260 2276 4328 51).
2310 4258 2434 4312 [hec
2482 4271 2547 4310 ne
2591 4255 2771 4309 auditu
2810 4252 3022 4323 quidem
3052 4250 3286 4311 ferenda,
3318 4249 3511 4303 nedum

1935 4352 2050 4421 ipso
2073 4366 2250 4405 rerum
2300 4349 2439 4402 facto
2488 4344 2818 4401 sustinenda.
2882 4343 3169 4411 Paupertas
3225 4348 3460 4393 extrema
3497 4380 3511 4399 .

1936 4445 2153 4498 morbus
2182 4438 2562 4502 intolerandus,
2595 4450 2762 4490 novus
2777 4442 2830 4488 et
2851 4432 3137 4493 inauditus,
3167 4440 3311 4484 totet
3333 4430 3512 4482 talium

1935 4534 2161 4589 filiorum
2191 4530 2408 4584 amissio
2435 4528 2521 4582 tali
2553 4525 2709 4580 modo
2729 4524 2886 4587 facta,
2919 4521 3177 4585 convicia,
3197 4527 3511 4582 scommata,

1933 4623 2194 4694 vituperia
2217 4623 2284 4676 ab
2306 4619 2626 4673 hominibus.
2660 4617 2760 4671 Alii
2790 4614 3004 4684 quidem
3036 4612 3326 4667 irridebant
3359 4652 3371 4674 ,
3425 4610 3513 4663 alii

1934 4713 2388 4775 conviciabantur,
2414 4710 2503 4764 alii
2549 4710 2894 4778 spernebant,
2928 4722 3033 4759 non
3061 4704 3258 4759 inimici
3287 4711 3512 4766 tantum,

1934 4810 2030 4864 sed
2061 4818 2113 4863 et
2136 4807 2325 4871 amici;
2357 4820 2460 4858 non
2484 4803 2865 4857 amici-tantum
2896 4840 2911 4864 ,
2963 4796 3059 4853 sed
3110 4806 3165 4851 et
3212 4794 3512 4850 domestici.

1933 4901 2113 4969 Neque
2144 4898 2313 4953 solum
2342 4894 2636 4950 irridebant
2686 4899 2741 4946 et
2782 4889 3021 4944 convicia
3072 4886 3369 4957 jactabant,
3419 4884 3514 4940 sed

1934 4993 2092 5046 etiam
2122 4983 2740 5048 abominabantur;h:ec
2779 4995 2937 5051 porro
2988 4994 3092 5033 non
3135 4977 3380 5041 duobus,
3431 4976 3512 5029 vel

1935 5080 2222 5147 tribus,vel
2251 5079 2434 5133 decem
2462 5075 2668 5140 diebus,
2717 5073 2811 5128 sed
2860 5072 3040 5126 multis
3083 5070 3353 5124 mensibus
3399 5086 3412 5122 :
3461 5076 3514 5120 ct

1933 5174 2073 5244 quod
2098 5173 2168 5226 illi
2197 5170 2287 5225 uni
2313 5168 2551 5238 contigit,
2578 5182 2643 5221 ne
2670 5165 2841 5219 noctis
2865 5162 3079 5232 quidem
3097 5162 3510 5216 consolationem

1934 5264 2180 5331 habebat,
2204 5262 2297 5318 sed
2327 5260 2530 5315 diurnis
2556 5257 2810 5311 aerumnis
2844 5255 3202 5310 accessionem
3248 5252 3504 5319 majorem

1936 5359 2569 5416 faciebatnocturnarum
2601 5348 2949 5405 formidinum
3005 5345 3298 5416 phantasia.
3353 5342 3503 5407 Quod

1933 5458 2072 5512 enim
2109 5453 2192 5507 vel
2243 5451 2292 5506 in
2334 5449 2535 5503 somnis
2577 5444 2815 5515 graviora
2861 5456 3046 5512 passus
3074 5440 3158 5503 sit,
3190 5436 3310 5491 audi
3368 5436 3511 5488 illum

1933 5550 2196 5604 dicentem
2224 5563 2236 5598 :
2274 5544 2443 5610 Quare
2472 5556 2549 5592 me
2578 5548 2733 5590 terres
2757 5537 2807 5587 in
2839 5533 3046 5598 somnis,
3092 5541 3136 5583 et
3164 5532 3216 5582 in
3243 5530 3512 5583 visionibus

1934 5658 2013 5693 me
2034 5648 2318 5691 consternas
2346 5631 2470 5702 (Job
2498 5633 2549 5683 '7.
2584 5631 2673 5698 H)
2696 5628 2719 5680 ?
2771 5627 2900 5691 Quis
2928 5633 3031 5677 tam
3083 5620 3285 5673 ferreus
3334 5622 3512 5680 homo,

1934 5731 2051 5799 quis
2072 5729 2286 5782 adamas
2305 5726 2418 5779 hazc
2442 5724 2579 5777 mala
2607 5720 2870 5775 sustinere
2897 5713 3097 5786 possit?
3119 5711 3249 5766 Nam
3277 5712 3319 5764 si
3346 5710 3515 5778 quod-

1935 5822 2064 5876 lihet
2093 5835 2277 5891 eorum
2300 5818 2524 5873 scorsim
2551 5813 2945 5870 consideratum
2972 5803 3361 5861 intolerandum
3384 5809 3464 5857 cst
3494 5842 3510 5865 ,

1934 5922 2187 5986 quantum
2218 5911 2495 5965 tumultum
2518 5908 2693 5965 omnia
2714 5901 3083 5961 concurrentia
3111 5897 3382 5953 attulerint
3436 5904 3511 5948 te
