4046 6396
295 446 400 502 2⁸13
434 445 538 499 274

311 566 450 618 Ἀλλ’
471 567 619 636 ὅμως
650 569 853 632 ἐκεῖνος
892 570 1106 624 ἅπαντα
1141 571 1314 624 ταῦτα
1351 574 1651 642 ὑπήνεγκε,
1686 570 1782 625 καὶ⁶
1814 570 1874 621 ὲν

298 653 470 702 an:ch
502 652 612 713 τοῖς
636 652 1037 723 συμϐεϐηκόσιν
1058 653 1207 724 αὐτῷ
1232 656 1331 725 οὐχ
1366 657 1637 726 ἥμαρτεν,
1666 654 1786 706 οὐδὲ
1817 655 1875 708 ὲν

296 737 408 796 τοῖς
430 734 670 804 χείλεσιν
699 737 861 790 αὑτοῦ
899 738 1116 806 ἐγένετο
1148 739 1317 803 δόλος.

367 815 432 879 ζ’.
476 818 721 874 Γενέσθω
745 820 924 875 τοίνυν
960 822 1171 875 ἐκείνου
1194 821 1265 876 τὰ
1292 821 1439 892 πάθη
1468 820 1738 893 φάρμακα
1766 819 1874 873 τῶν

295 898 583 972 ἡμετέρων
623 904 829 968 κακῶν,
862 905 957 957 καὶ
996 905 1055 957 τὸ
1089 906 1324 976 χαλεπὸν
1352 906 1544 958 τούτου
1580 904 1873 957 κλυδώνιον

294 981 405 1034 τῶν
443 985 729 1057 ἡμετέρων
790 987 979 1041 παθῶν
1035 988 1223 1060 λιμὴν,
1257 992 1351 1043 καὶ
1394 990 1477 1056 ἐφ’
1512 988 1725 1057 ἑκάστῳ
1766 987 1874 1040 τῶν

298 1066 709 1136 συμϐαινόντων
740 1073 874 1142 ἡμῖν
913 1072 1367 1143 ἀναλογιζώμεθα
1417 1073 1509 1125 τὸν
1553 1072 1706 1139 ἆγιον
1730 1088 1741 1100 ·
1779 1073 1873 1123 καὶ

294 1150 533 1219 ὁρῶντες
563 1152 621 1205 ἓν
653 1152 814 1222 σῶμα
837 1154 905 1208 τὰ
931 1155 1029 1224 τῆς
1052 1156 1377 1226 οἰκουμένης
1406 1155 1674 1226 ἀντλῆσαν
1700 1154 1868 1218 δεινὰ,

303 1233 560 1299 γενναίως
586 1237 747 1306 ἡμεῖς
792 1238 885 1289 ἐπὶ
924 1240 1038 1300 τοῖς
1068 1239 1210 1292 κατὰ
1251 1240 1417 1310 μέρος
1444 1237 1835 1309 διακεισὸμεθα
1854 1256 1867 1267 ·

294 1318 387 1369 καὶ
424 1319 676 1390 καθάπερ
707 1321 844 1391 πρὸς
874 1322 1086 1393 μητέρα
1121 1324 1245 1377 τινὰ
1279 1323 1630 1394 φιλόστοργον
1664 1340 1871 1375 παντα-

292 1401 449 1469 χόθεν
478 1402 579 1466 τὰς
614 1407 803 1476 χεῖρας
839 1406 1216 1471 ἐκτείνουσαν,
1251 1408 1345 1461 καὶ
1381 1406 1449 1460 τὰ
1488 1407 1676 1461 παιδία
1707 1423 1872 1475 πεφο-

293 1485 508 1554 ϐημένα
530 1486 827 1557 δεχομένην
866 1490 959 1542 καὶ
992 1490 1410 1561 ἁνακτωμένην,
1439 1489 1582 1543 οὓτω
1611 1490 1744 1561 πρὸς
1772 1490 1871 1561 τὴν

295 1568 473 1636 βίϐλον
516 1570 723 1640 ταύτην
757 1572 844 1624 ἀεὶ
894 1573 1355 1643 καταφεύγωμεν·
1408 1573 1510 1627 κᾶν
1543 1574 1611 1625 τὰ
1654 1574 1871 1626 πάντων

291 1652 540 1707 οἴκτιστα
565 1657 697 1725 ἡμῖν
744 1656 873 1727 ἐπίῃ
904 1656 1086 1721 δεινὰ,
1124 1658 1317 1729 ἱκανὴν
1353 1657 1572 1711 πάντων
1617 1657 1870 1721 λαϐόντες

290 1735 389 1805 τὴν
416 1738 789 1808 παραμυθίαν,
817 1740 989 1803 οὕτως
1028 1741 1462 1811 ἀπελευσόμεθα.

362 1821 422 1873 El
451 1822 509 1875 δὲ
549 1822 729 1891 λέγοις
757 1825 858 1889 ὃτι,
899 1823 1138 1887 Ἐκεῖνος
1184 1824 1303 1877 Ἰὼϐ
1339 1822 1406 1895 ἦν
1447 1827 1541 1879 καὶ
1586 1825 1673 1878 διὰ
1706 1823 1867 1877 τοῦτο

290 1901 541 1971 ἤνεγκεν,
572 1905 685 1974 ἐγὼ
715 1906 770 1959 δὲ
810 1908 909 1959 οὐκ
937 1910 1054 1977 εἰμὶ
1096 1910 1215 1960 κατ’
1246 1910 1474 1971 ἐκεῖνον,
1517 1908 1739 1980 μείζονά
1774 1925 1865 1975 μοι

292 1986 488 2040 σαυτοῦ
519 1988 697 2057 λέγεις
737 1990 1072 2061 κατηγορίαν
1098 2031 1113 2054 ,
1162 1990 1256 2043 καὶ
1300 1991 1393 2043 τοῦ
1446 1991 1656 2045 δικαίου
1700 1990 1863 2042 πάλιν

288 2069 506 2124 ἔπαινον
524 2090 536 2101 ·
570 2072 770 2144 μᾶλλον
791 2076 900 2146 γὰρ
926 2075 985 2127 σὲ
1008 2074 1151 2137 εἰκὸς
1182 2075 1449 2143 ἐνεγκεῖν,
1475 2076 1508 2148 ἢ
1543 2077 1768 2128 ἐκεῖνον.
1796 2074 1860 2125 Τί

1226 447 1313 503 DE
1352 444 1825 503 ΡΟΕΝιΤΕΝΤιΑ.
1866 446 2098 503 HOMIL.
2142 448 2182 505 Ι.
2222 479 2292 488 -
2335 444 2675 503 MONITUM.

3311 460 3551 516 275—271)

1975 570 2211 640 δήποτε;
2247 569 2368 629 Ὅτι
2400 572 2611 637 ἐκεῖνος
2653 567 2753 639 μὲν
2789 570 2891 639 πρὸ
2918 566 3015 636 τῆς
3062 566 3284 638 χάριτος
3319 571 3415 623 καὶ¹
3446 575 3551 643 πρὸ

1975 652 2069 705 τοῦ
2100 654 2286 722 νόμου,
2310 656 2399 707 ὅτε
2430 655 2489 707 οὐ
2526 654 2695 723 πολλὴ
2720 653 2818 723 τῆς
2864 652 3138 716 πολιτείας
3169 648 3239 725 ἦν
3270 655 3550 727 ἀκρίϐεια.

1975 739 2064 791 ὅτε
2094 739 2153 791 ού
2185 737 2419 803 τοσαύτη
2444 736 2538 789 τοῦ
2579 736 2719 789 Πνεύ
2730 753 2897 806 ματος
2930 739 2963 807 ἡ
3004 738 3190 809 χάρις,
3213 746 3301 799 ὅτε
3324 748 3552 801 δυσκατ-

1977 812 2273 883 αγώνιστος
2311 816 2343 885 ή
2383 816 2622 895 ἁμαρτία
2651 835 2683 879 ,λ
2728 821 2819 873 ὅτε
2856 821 2888 889 ἡ
2928 821 3146 891 κατάρα
3180 823 3426 890 ἐκράτει,
3463 824 3553 876 ὅτε

1973 906 2002 957 ὁ
2036 904 2266 968 Θάνατος
2295 903 2527 973 φοϐερὸς
2569 898 2670 974 ἦν’
2703 903 2820 955 νυνὶ
2865 902 2921 955 δὲ
2956 902 3300 974 εὐκολώτερα
3333 906 3401 959 τὰ
3449 924 3555 959 πα-

1974 987 2252 1057 λαίσματα
2275 989 2488 1057 γέγονε,
2523 986 2663 1056 μετὰ
2701 985 2798 1055 τὴν
2836 986 2929 1037 τοῦ
2959 986 3199 1059 Χριστοῦ
3249 991 3552 1059 παρουσίαν

1976 1072 2194 1125 πάντων
2248 1070 2453 1124 τούτων
2506 1071 2889 1142 ἀνῃρημένων.
2935 1071 3099 1123 Ὥστε
3144 1071 3369 1140 οὐδεμία
3421 1074 3553 1143 ἡμῖν

1974 1155 2261 1223 ἀπολογία,
2299 1154 2439 1224 μετὰ
2467 1154 2722 1207 τοσοῦτον
2772 1154 2962 1224 χρόνον
2993 1155 3087 1205 καὶ
3127 1154 3397 1224 τοσαύτην
3434 1158 3554 1210 ἐπί-

1973 1237 2118 1290 δοσιν
2153 1238 2249 1291 καὶ
2276 1237 2546 1300 τοσαύτας
2572 1236 2781 1307 δωρεὰς
2818 1236 2971 1305 παρὰ
3007 1235 3103 1289 τοῦ
3136 1237 3273 1291 Θεοῦ
3307 1238 3555 1303 δοθείσας

1973 1324 2107 1392 ἡμῖν
2141 1322 2213 1390 μὴ
2242 1321 2563 1391 δυναμένοις
2594 1323 2671 1382 εἰς
2701 1319 2764 1371 τὸ
2806 1319 2937 1371 αὐτὸ
2972 1320 3163 1390 ἐκείνῳ
3209 1322 3414 1389 φθάσαι
3453 1322 3553 1393 μέο

1973 1422 2121 1476 τρον.
2147 1404 2312 1457 Ταῦτ’
2341 1401 2432 1458 οὖν
2458 1405 2673 1458 ἅπαντα
2696 1402 3025 1468 ἐννοοῦντες,
3050 1405 3132 1457 ὅτι
3166 1405 3389 1475 μείζονα
3411 1407 3555 1459 ὲκεί-

1973 1507 2065 1541 νου
2099 1486 2166 1559 ἦν
2204 1488 2273 1540 τὰ
2306 1489 2476 1555 δεινὰ,
2518 1491 2613 1542 καὶ
2661 1489 2748 1541 ὅτε
2785 1487 3168 1559 χαλεπώτερος
3204 1484 3271 1559 ἦν
3312 1492 3340 1542 ὁ
3378 1489 3548 1559 ἀγὼν,

1973 1575 2093 1627 τότε
2134 1574 2441 1627 ἀπεδύσατο
2479 1576 2572 1628 καὶ
2615 1573 2899 1638 ἐπάλαισε,
2934 1572 3189 1643 φέρωμεν
3232 1574 3448 1627 ἅπαντα
3482 1574 3551 1627 τὰ

1973 1660 2194 1712 ἐπιόντα
2218 1657 2482 1726 γενναίως
2515 1661 2671 1729 ἡμῖν,
2712 1660 2807 1710 καὶ
2838 1657 2975 1727 μετὰ
3015 1656 3214 1727 πολλῆς
3245 1658 3344 1728 τῆς
3385 1659 3550 1728 εὐχα-

1976 1742 2208 1812 ριστίας,
2234 1743 2321 1795 ἵνα
2347 1742 2667 1812 δυνηθῶμεν
2701 1741 2808 1794 τῶν
2836 1740 3017 1793 αὐτῶν
3053 1741 3247 1809 ἐκείνῳ
3273 1740 3553 1809 στεφάνων

1974 1828 2180 1894 τυχεῖν,
2227 1825 2411 1896 χάριτι
2454 1826 2549 1877 καὶ
2596 1824 2979 1895 φιλανθρωπίᾳ
3013 1823 3106 1875 τοῦ
3153 1824 3360 1894 Κυρίου
3395 1825 3553 1895 ἡμῶν

1988 1907 2163 1978 Ἰησοῦ
2199 1908 2460 1978 Χριστοῦ,
2492 1909 2610 1977 μεθ’
2652 1904 2713 1962 οῦ
2762 1908 2839 1977 τῷ
2879 1909 3055 1977 Πατρλ.
3087 1909 3119 1978 ὴ
3153 1906 3281 1971 δόξα
3329 1909 3426 1961 σὺν
3476 1908 3554 1979 τῷ

1973 1992 2113 2062 ἁγίῳ
2156 1991 2432 2062 Πνεύματι
2457 2033 2471 2057 ,
2510 1992 2605 2044 νῦν
2644 1994 2738 2046 καὶ
2771 1993 2879 2056 ἀεὶ,
2908 1992 3004 2045 καὶ
3052 1994 3133 2052 εις
3176 1991 3304 2058 τοὺς
3350 1991 3553 2055 αἰῶνας

1971 2076 2080 2128 τῶν
2110 2074 2341 2130 αἰώνων.
2381 2076 2574 2146 Ἀμήν.

316 2395 3539 2430 W

1719 2571 2123 2635 MONITUM.

294 2768 442 2820 mus,
476 2752 634 2830 cuius
664 2751 903 2817 initium,
932 2747 1716 2830 dpu_épéuvqct)s,_quamque
1741 2755 2011 2811 decimam
2051 2761 2105 2830 et
2127 2761 2463 2823 postremam
2503 2754 2729 2830 Fronto
2751 2755 2982 2830 Ducteus
3019 2756 3238 2830 locavit,
3272 2756 3425 2830 [278]
3480 2772 3550 2811 an

296 2840 421 2877 cum
441 2825 669 2898 caeteris
699 2833 942 2898 tempore
977 2824 1268 2888 cohaereat,
1305 2840 1395 2898 an,
1410 2824 1534 2893 jure
1564 2827 1798 2893 priorem
1829 2834 2058 2898 occupet
2084 2824 2511 2898 locum,‘necue,
2541 2826 2766 2894 perinde
2798 2828 3140 2897 ignoramus.
3174 2824 3328 2883 Hanc
3385 2824 3559 2898 porro

297 2894 625 2966 concionem
651 2894 848 2966 habuit
870 2904 1319 2966 postquamrure
1353 2894 1993 2966 aliquantumitemporis
2023 2894 2352 2966 valetudinis
2404 2911 2569 2949 causa
2628 2894 2896 2960 versatus,
2932 2898 2999 2950 ad
3054 2897 3274 2951 solitum
3333 2894 3555 2952 concio-

294 2964 460 3017 nandi
490 2964 725 3017 ollicium
758 2963 937 3017 rediit.
979 2964 1355 3019 Antiochiaene
1390 2963 1519 3020 vero
1561 2983 1631 3021 an
1670 2963 2144 3033 Constantinopoli
2199 2966 2338 3019 haue
2377 2966 2687 3020 recitaverit
2718 2966 2993 3019 homiliam
3026 2977 3173 3021 certo
3204 2968 3384 3022 dicere
3439 2983 3548 3021 non

294 3034 575 3099 valemus;
611 3033 871 3107 libentius
901 3049 1030 3087 vero
1060 3034 1276 3107 credam
1308 3035 1632 3090 Antiochia.
1676 3036 1757 3107 An
1792 3035 2053 3107 secunda,
2090 3034 2262 3107 cujus
2304 3034 2764 3107 initium,iEi"o‘s—ce
2809 3039 2875 3107 τῇ
2925 3053 3115 3106 προτ.,
3151 3039 3555 3107 primam_vele

293 3115 481 3176 secuta
514 3107 607 3166 sit,
638 3120 705 3176 ne
734 3103 1049 3173 conjectura
1083 3103 1303 3171 quidem
1340 3121 1637 3175 possumus
1664 3105 1881 3160 dicere:
1917 3106 1963 3159 si
1994 3103 2179 3176 secuta
2222 3105 2314 3169 sit,
2348 3106 2700 3176 nonnisialia
2739 3103 3057 3176 interposita
3085 3103 3329 3160 secutam
3384 3105 3556 3160 fuisse

295 3173 489 3239 opinor
515 3190 529 3238 ;
560 3174 761 3245 eteuim
792 3189 876 3245 ea,
908 3188 1073 3245 quam
1110 3188 1168 3227 se
1201 3173 1532 3243 postremam
1568 3176 1826 3229 habuisse
1855 3183 2124 3229 memorat
2152 3175 2205 3228 in
2260 3176 2523 3239 secunda,
2555 3174 2622 3227 de
2674 3173 2900 3229 diaboli'
2934 3192 3113 3245 pugna
3148 3186 3342 3231 contra
3389 3177 3553 3229 Chri-

295 3254 440 3316 stum
477 3253 531 3297 et
563 3244 630 3298 de
658 3243 867 3316 Christi
903 3244 1128 3316 victoria
1152 3246 1362 3316 agebat,
1394 3246 1572 3314 inquit
1600 3245 2027 3316 Chrysostomus
2058 3265 2069 3299 :
2108 3245 2162 3316 id
2196 3260 2326 3316 vero
2360 3246 2825 3316 nonobservatur
2869 3243 3186 3316 iit—homilia
3222 3246 3421 3316 prima,
3456 3245 3554 3298 Se-

294 3314 531 3385 cundam
562 3321 751 3385 autem
786 3313 1089 3385 homiliam.
1121 3311 1269 3385 nulla
1300 3311 1621 3385 intermedia
1645 3357 1659 3382 ,
1696 3311 1882 3369 secuta
1920 3323 2003 3369 est
2036 3315 2340 3369 certissime
2370 3315 2525 3368 tertia
2551 3356 2565 3379 ,
2600 3331 2721 3383 qute
2776 3316 2856 3369 sic
2890 3316 3117 3385 incipit,
3160 3311 3307 3385 'Apa
3352 3314 3550 3385 οἴδατε,

296 3382 481 3455 πόθεν.
502 3384 639 3438 Cum
669 3383 898 3455 enimin
935 3383 1171 3436 secunda
1204 3384 1269 3437 de
1297 3384 1466 3439 variis
1498 3386 1828 3455 pcenitentiae
1856 3386 1969 3455 viis,
1990 3393 2133 3454 agat,
2166 3385 2220 3437 in
2254 3385 2405 3437 tertia
2437 3382 2678 3449 easdem,
2707 3386 2773 3439 de
2790 3384 2988 3454 quibus
3018 3382 3075 3439 Se
3110 3382 3304 3453 nuper,
3330 3384 3547 3455 πρῴην,

294 3453 533 3507 locutum
562 3466 695 3524 esse?
721 3454 1064 3524 testiﬁcatur,
1108 3456 1443 3521 poenitentiae
1484 3453 1598 3510 vias
1634 3464 1911 3508 retractat.
1941 3453 2062 3520 Quo
2102 3462 2349 3522 tempore
2373 3464 2554 3507 autem
2589 3456 2748 3508 editae
2776 3453 2905 3516 sint,
2939 3470 3006 3508 ne
3027 3456 3310 3524 conjicere
3331 3453 3549 3524 quidem

293 3538 619 3592 possumus,
685 3523 944 3577 libentius
1003 3530 1183 3575 tamen
1242 3526 1484 3585 credam,
1551 3535 1609 3579 ut
1660 3525 1727 3579 de
1778 3525 1945 3593 priori
1993 3525 2264 3585 dicebam,
2323 3539 2417 3579 cas
2478 3525 2785 3578 Antiochia:
2822 3525 3033 3578 habitas
3072 3523 3262 3579 fuisse.
3300 3523 3435 3578 Nam
3493 3526 3545 3578 in

296 3594 452 3647 tertia
484 3593 734 3664 declarat
755 3608 812 3647 se
840 3593 893 3664 in
924 3593 1059 3647 urbe
1086 3593 1375 3664 suburbiis
1405 3605 1600 3648 ornata
1630 3595 1948 3664 praedicare,
1996 3594 2086 3647 ubi
2123 3594 2359 3663 populus
2411 3596 2693 3648 audienda:
2740 3593 2945 3649 Christi
2998 3594 3260 3649 doctrinae
3321 3594 3551 3663 cupidus

299 3664 533 3743 singulis
584 3662 885 3786 Dlominicis
914 3664 966 3717 in
998 3662 1283 3732 ecclesiam
1312 3664 1601 3734 diligenter
1630 3662 2017 3731 concurrebat,
2051 3662 2207 3733 quod
2240 3664 2423 3733 potius
2448 3664 2826 3735 _Antiocliiam
2884 3664 3133 3734 designat
3185 3680 3353 3735 quam
3395 3662 3550 3717 Cun-

299 3742 612 3786 stautmouo
640 3749 715 3786 tn.

295 3735 715 3788 stautinouolin.

364 3750 847 3873 Wigﬁiflﬁhm,
878 3802 941 3855 Oi
966 3801 1224 3875 ποιμένες
1248 3803 1316 3857 τὰ
1348 3805 1618 3874 πρόϐατα,
1645 3806 1768 3873 jure
1799 3822 1869 3875 qu

1974 3819 2009 3858 ae
2031 3803 2252 3875 nomine
2287 3803 2601 3872 insignitur,
2642 3804 3085 3875 quandoquidem
3118 3804 3548 3875 Chrysostomus

290 3873 448 3945 initio
480 3875 611 3928 dicit
636 3889 695 3929 se
710 3874 829 3945 jam
865 3883 1064 3945 quarta
1092 3874 1180 3927 die
1203 3882 1258 3927 et
1290 3873 1409 3929 vice
1436 3877 1502 3929 de
1533 3873 1858 3930 Pmniteutia
1890 3890 2070 3945 agere.
2108 3874 2213 3928 Sed
2246 3889 2377 3945 eave
2409 3883 2565 3943 putes
2610 3876 2832 3942 perinde
2860 3873 3067 3929 certum
3104 3873 3247 3929 esse
3278 3890 3399 3930 eam
3441 3882 3551 3927 tres

291 3943 437 4007 illas,
470 3959 607 4014 quas
642 3944 851 4066 ﬁriores
879 3943 1185 4012 posuimus,
1219 3953 1313 3996 aut
1348 3945 1587 4014 aliquam
1618 3963 1684 3999 ex
1710 3947 1817 4000 illis
1857 3943 2098 3999 secutam
2139 3958 2280 3998 esse.
2317 3943 2547 3997 Planum
2585 3954 2669 3998 est
2698 3955 2806 3998 tres
2845 3958 2970 3999 ante
3016 3946 3154 3999 hanc
3196 3954 3447 4014 quartam
3482 3945 3549 3997 de

291 4015 613 4066 Dmniteutia
685 4012 900 4066 omilias
931 4012 1145 4066 habitas
1178 4012 1366 4066 fuisse.
1401 4015 1493 4066 sed
1531 4017 1699 4066 hasne
1728 4026 1837 4066 tres
1874 4030 2010 4066 quas
2064 4015 2449 4066 nrmmisimus.
2481 4015 2718 4066 aliasve.
2750 4015 2804 4066 id
2858 4016 3101 4066 ignotum
3134 4030 3381 4066 nrorsus.
3436 4015 3549 4065 An-

290 4012 613 4082 pteniteutia
644 4012 900 4085 homilias
931 4012 1145 4085 habitas
1178 4012 1366 4077 fuisse,
1401 4012 1493 4069 sed
1531 4017 1699 4070 hasne
1728 4026 1837 4069 tres
1874 4030 2031 4085 quas,
2064 4015 2449 4085 praemisimus,
2481 4015 2718 4077 aliasve,
2750 4015 2804 4067 id
2858 4016 3101 4085 ignmum
3134 4012 3381 4083 prorsus.
3436 4015 3549 4065 An-

292 4080 509 4139 tiochiae
544 4093 724 4151 autem
756 4084 993 4136 habitam
1022 4080 1193 4136 fuisse
1216 4085 1445 4138 suadent
1482 4087 1594 4140 haec
1619 4087 1779 4140 verba
1822 4080 1975 4138 uu'm.
2010 4080 2085 4138 εἰ
2127 4083 2565 4153 Quandoquidem
2616 4101 2707 4137 nos
2748 4080 3323 4153 cum'exagitabamur
3373 4084 3548 4137 vexati

291 4154 455 4222 Iame,
486 4164 648 4222 peste,
675 4154 950 4224 grandine,
981 4154 1242 4224 siccitate,
1275 4155 1556 4220 incendiis,
1584 4156 1814 4208 hostium
1850 4156 2087 4217 incursu,
2124 4170 2291 4207 nonne
2338 4155 2572 4224 quotidie
2605 4155 2827 4208 ecclesia
2871 4155 3208 4208 multitudine
3241 4156 3548 4208 convenien—

292 4221 425 4277 tium
459 4221 981 4294 angustabatur
1016 4221 1306 4292 Postquam
1337 4234 1513 4277 autem
1546 4224 1688 4279 Deus
1720 4228 1857 4278 iram
1884 4226 2144 4293 deposuit,
2208 4221 2364 4294 atque
2401 4234 2518 4293 post
2549 4234 2725 4278 tantos
2775 4225 2969 4293 ﬂuctus
3022 4225 3309 4293 procellam
3356 4224 3548 4292 abegit,

296 4294 365 4346 ad
392 4296 645 4363 pristinos
674 4294 865 4365 iterum
895 4308 1064 4345 mores
1107 4295 1296 4365 reversi
1325 4311 1526 4349 sumus.
1563 4296 1725 4365 Atqui
1752 4298 1807 4348 in
1832 4297 1941 4363 ipso
1968 4295 2319 4348 tentationum
2352 4305 2581 4363 tempore
2614 4298 2725 4348 ἠως
2752 4296 3037 4365 praedicere
3062 4303 3109 4347 et
3136 4295 3411 4362 testiﬁcari
3438 4310 3545 4365 non

291 4362 635 4419 desistebam.
672 4362 772 4418 Hie
800 4365 1017 4432 longam
1052 4363 1421 4434 calamitatum
1449 4362 1656 4419 seriem
1678 4362 1967 4432 memorat,
2000 4366 2202 4433 quibus
2236 4362 2475 4434 praesens
2506 4365 2619 4433 ipse
2656 4362 2795 4432 erat,
2834 4376 2887 4419 et
2915 4364 3272 4419 concionibus
3302 4364 3550 4425 vacabat,

290 4450 414 4557 qua:
445 4435 665 4490 nonnisi
691 4435 758 4488 ad
786 4443 1023 4503 tempus,
1054 4448 1162 4502 quo
1196 4433 1502 4488 Antiochia:
1524 4437 1807 4506 presbyter
1830 4446 1969 4501 erat,
2006 4433 2276 4504 quadrare
2304 4444 2557 4503 possunt.
2588 4434 2838 4489 Hostium
2870 4444 3051 4488 autem
3103 4435 3359 4488 incursus
3401 4442 3552 4502 putat

338 4506 675 4557 illemontius
709 4519 831 4557 esse
861 4503 1199 4557 invasionem
1230 4503 1379 4557 illam
1421 4503 1769 4557 Hunnorum.
1802 4523 1924 4557 uuae
1959 4521 2105 4557 anno
2128 4505 2236 4557 595
2261 4506 2509 4557 contiait.
2542 4506 2689 4557 quod
2716 4516 2800 4557 sat
2828 4506 3046 4557 quidem
3077 4505 3374 4557 verisimile
3404 4504 3552 4557 vide—

338 4506 675 4575 illemoutius
709 4519 831 4559 esse
861 4503 1199 4575 invasiouem
1230 4503 1379 4557 illam
1421 4503 1769 4573 Hunnorum,
1802 4523 1924 4575 quae
1959 4503 2105 4559 anno
2128 4505 2236 4559 595
2261 4506 2509 4575 contigit,
2542 4506 2689 4573 quod
2716 4516 2800 4559 sat
2828 4506 3046 4575 quidem
3077 4505 3374 4559 verisimile
3404 4504 3554 4557 vide—

291 4584 401 4645 tur.
428 4574 559 4630 Utut
584 4589 712 4629 vero
750 4575 839 4636 sit,
875 4573 1097 4642 haanin
1132 4573 1374 4639 ultimOs,
1405 4576 1604 4643 quibus
1631 4573 1937 4631 Antiochiae
1965 4577 2323 4630 concinnatus
2358 4573 2460 4639 esi,
2489 4590 2662 4629 annos
2687 4573 2991 4645 opportune
3015 4575 3315 4643 rejicimus.

356 4644 581 4712 Quinta,
608 4644 814 4716 Φαιδρὰ
848 4645 1092 4716 σήμερον-
1113 4645 1242 4713 ἡμῖν
1267 4645 1305 4716 ῄ
1332 4647 1655 4716 πανήγυρις,
1678 4656 1762 4701 est
1793 4662 1861 4716 pu

1974 4648 2161 4701 :rrima
2192 4645 2571 4716 Chrysostomi
2607 4644 2851 4709 homilia,
2886 4662 3049 4715 quam
3077 4646 3214 4712 Περὶ
3244 4644 3551 4709 νηστείας,

290 4714 346 4769 id
382 4710 513 4781 est,
546 4716 624 4770 De
658 4710 1211 4784 jejimio,”in$cripsit
1260 4710 1518 4771 Saviliu's'.
1554 4710 1649 4771 Ἐιί
1685 4727 1768 4772 est
1793 4710 2033 4786 'quidem
2081 4718 2147 4771 de
2177 4710 2407 4786 jejunio,
2471 4710 2563 4770 δεῖ]
2611 4717 2880 4784 przecipue
2904 4710 2997 4770 'de
3036 4710 3379 4786 paenitentia,
3427 4730 3555 4786 quae

286 4796 602 4858 quopacto
630 4802 755 4841 cum
785 4786 905 4840 aliis
937 4786 1232 4858 cohaereat,
1278 4785 1612 4858 deprehendi
1656 4789 1808 4843 nullo
1835 4785 2025 4844 imodo
2053 4785 2247 4857 potest.
2297 4787 2600 4841 Antiochia:
2644 4801 2773 4839 vero
2826 4785 3553 4858 habitatafuissediudicat

286 4854 738 4936 Chrysostomus,
766 4871 888 4936 eum
923 4855 1320 4936 monachorum
1352 4857 1410 4936 in
1436 4858 1718 4936 montibus
1752 4862 1998 4936 proxime
2027 4854 2337 4936 degentium
2384 4859 2709 4936 exemplum
2740 4856 3200 4936 considerandum
3256 4854 3434 4935 oli‘ert,
3490 4864 3549 4907 ut

288 4924 430 4982 solet
463 4929 520 5001 in
556 4924 1247 5001 concionibushAntiochite
1278 4927 1503 5001 habitis.
1534 4929 1722 5001 Sexta,
1752 4924 1853 5001 Ὦς

1980 4928 2085 4984 πνὰ
2100 4924 2209 4999 ’τῆς
2226 4924 2730 5001 πνευματικῆςμθ
2766 4926 2976 5001 jejunio
3014 4928 3254 4980 maxime
3275 4928 3554 5001 __agit_;__au

286 5012 419 5052 vero
446 4998 774 5062 Antiochiae,
811 5013 880 5050 an
906 4994 1385 5066 Constantinopoli
1423 4999 1605 5051 habita
1636 4999 1822 5065 fuerit,
1857 4994 2029 5065 nullo,
2053 5008 2114 5053 ut
2152 4994 2388 5061 videtur;
2423 4994 2585 5051 modo
2618 4994 2956 5066 deprehendi
3014 5006 3216 5066 potest.
3275 4994 3549 5066 Homilias

290 5068 423 5140 illas
444 5070 582 5122 duas
614 5069 671 5121 in
702 5067 966 5140 psalmum
994 5064 1507 5137 quinquagesimum,
1551 5085 1672 5137 quas
1701 5072 1753 5123 in
1793 5071 1986 5140 quinto
2016 5064 2167 5124 tomo
2197 5070 2377 5124 locum
2411 5064 2710 5130 habebunt,
2739 5078 2931 5140 putant
2951 5064 3173 5140 quidam
3202 5066 3446 5120 homiliis
3478 5064 3554 5117 De

284 5138 598 5209 paenitentia
626 5139 1143 5209 adjungendasesse
1171 5157 1183 5191 :
1224 5150 1301 5203 at,
1336 5148 1396 5193 ut
1420 5154 1524 5194 suo
1550 5140 1671 5194 loco
1700 5138 1967 5207 dicemus,
1998 5141 2311 5195 nullatenus
2339 5141 2588 5193 videntur
2620 5154 2743 5192 cum
2771 5138 2856 5193 his
2887 5138 3181 5193 cohaerere.

360 5208 497 5281 Tres
530 5205 827 5281 sequentes
860 5205 1118 5281 humilius,
1148 5224 1381 5277 quarum
1421 5211 1536 5281 haec
1569 5219 1698 5265 sunt
1724 5211 1869 5266 initia

1974 5214 2199 5281 teptimze
2232 5210 2468 5264 Πάντοτε
2514 5209 2612 5279 μὲν
2652 5208 2878 5281 ὀᾼθεῖος,
2932 5218 3158 5281 octavae,
3199 5207 3397 5281 Eixai
3429 5205 3557 5276 χθὲς

284 5275 654 5352 ἀπελείφθην,
692 5293 882 5344 noua},
917 5275 1128 5348 Ὥσπερ
1157 5275 1270 5352 τοῖς
1306 5280 1640 5352 σπείρουσιν,
1674 5296 1781 5335 uon
1818 5298 1869 5351 p:

1974 5302 1977 5333 ι
2003 5275 2358 5352 γνησιότητος
2385 5275 2542 5352 notas
2569 5277 2891 5349 praeferunt.
2935 5278 3121 5349 Stylus
3156 5275 3557 5352 a__ChrysOstof

286 5350 362 5403 mi
395 5348 664 5421 elegantia
693 5366 798 5403 non
840 5362 1030 5418 parum
1058 5348 1684 5421 recedit.rQuamobrem
1716 5348 1971 5408 non—siue
2014 5348 2199 5420 aliquo
2234 5348 2494 5420 scrupulo
2528 5348 2621 5405 eas
2677 5351 2818 5421 inter
2858 5364 3121 5419 germana
3174 5348 3554 5421 Chrysostomi

285 5418 847 5496 operajelinquimus
872 5435 886 5483 ;
916 5431 1017 5470 nec
1048 5420 1322 5496 tameuab
1361 5421 1485 5475 aliis
1516 5422 1883 5492 sejungendas
1910 5437 2031 5478 esse
2053 5418 2336 5496 duximus,
2365 5418 2653 5496 quoniam,
2690 5429 2751 5475 ut
2786 5418 2899 5496 jam
2951 5421 3078 5496 alibi
3112 5420 3458 5496 monuimus,
3500 5418 3552 5496 in

283 5491 503 5563 dicendi
530 5490 729 5562 genere
766 5506 876 5544 non
908 5501 1126 5555 semper
1151 5490 1258 5544 sibi
1281 5499 1497 5545 constat
1521 5490 1747 5549 sanctus
1778 5497 1991 5548 doctor.
2034 5493 2188 5547 Alias
2216 5490 2441 5561 insuper
2470 5491 2851 5563 Chrysostomi
2879 5492 3103 5545 nomine
3137 5490 3210 5542 De
3242 5490 3554 5557 paenitentia

285 5561 548 5633 homilias
568 5564 852 5625 habemus,
893 5572 1052 5628 quas,
1092 5570 1275 5629 utpote
1299 5570 1481 5630 aperte
1503 5564 1740 5632 spurias,
1776 5564 1828 5618 in
1851 5564 2205 5633 appendicem
2241 5565 2575 5633 ablegamus.

358 5630 723 5705 Homiliarum
757 5644 989 5705 quartae,
1038 5632 1375 5705 septimae_et
1415 5629 1627 5705 octava;
1664 5629 2170 5705 interpretationem
2195 5629 2389 5689 novam
2422 5634 2715 5697 edidimus,
2755 5632 2882 5703 quia
2908 5629 3552 5705 vetus_prorsu§Avitiosa

284 5713 444 5776 erat:
479 5699 1131 5776 secundteinterpretatio
1157 5700 1569 5776 est_Frontonis
1601 5703 1781 5762 Βυϐαξὶ
1812 5699 1827 5774 ξ
1855 5715 2178 5762 caeterarum
2221 5714 2404 5761 autem
2464 5699 2967 5776 interpretationem
3000 5720 3029 5757 a
3072 5699 3236 5758 Laelio
3280 5699 3556 5755 Tilernate

285 5774 489 5829 editam
522 5775 709 5830 multis
739 5774 793 5828 in
818 5772 957 5829 locis
979 5774 1420 5830 emcndavimus.
