4046 6396
1170 431 1230 488 S.
1269 431 1555 491 JOANNlS
1591 433 2085 493 CHRYSOSTOMI
2121 432 2446 492 ARCHIEP.
2485 433 3042 496 CONSTANTINOP.

1719 713 1938 768 ΛΟΓΟΣ
1969 717 2129 774 ΠΕΡΙ
2161 717 2564 777 ΜΕΤΑΝΟΙΑΣ

1582 853 1677 917 Ἐξ
1725 850 1910 922 ἀγροῦ
1963 853 2150 910 αὐτοῦ
2198 854 2638 923 ἐπανελθόντος
2661 869 2708 911 ει.

999 1181 1148 1253 [279]
1200 1185 1432 1252 Ὀμιλία
1464 1190 1535 1237 α’.

577 1265 644 1319 α’.
659 1262 805 1335 Ἀρα
831 1264 1143 1335 ἐμέμνησθε
1163 1265 1342 1336 ἡμῶν,
1371 1266 1536 1336 ἡνίκα
1554 1266 1645 1319 τὸν
1665 1266 1871 1338 μεταξὺ
1894 1267 2083 1322 τοῦτον

507 1351 886 1423 ἐχωρίσθημεν
932 1352 1124 1420 χρόνον
1175 1350 1361 1420 ὑμῶν;
1422 1349 1563 1417 Ἐγὼ
1613 1350 1714 1420 μὲν
1757 1351 1868 1422 γὰρ
1929 1353 2084 1423 ὑμῶν

507 1437 761 1491 οὐδέποτε
792 1433 1062 1504 ἠδυνήθην
1087 1433 1463 1498 ἐπιλαθέσθαι,
1503 1433 1642 1489 ἀλλά
1671 1436 1767 1488 καὶ
1788 1435 1888 1506 τὴν
1926 1435 2082 1489 πόλιν

507 1521 690 1590 ἀφεὶς,
723 1518 823 1588 τὴν
850 1517 1124 1588 ὑμετέραν
1148 1517 1249 1570 οὑκ
1269 1517 1459 1586 ἀφῆκα
1485 1519 1732 1588 μνήμην·
1757 1517 1872 1572 ἀλλ’
1893 1519 2082 1591 ὥσπερ

504 1605 556 1657 οῖ
607 1603 716 1656 τῶν
765 1599 1032 1670 λαμπρῶν
1079 1600 1314 1670 ἐρῶντες
1365 1600 1671 1670 σωμάτων,
1719 1601 1964 1673 ὅπουπερ
2016 1602 2082 1656 ἂν

505 1688 731 1748 ἀπίωσι,
769 1685 888 1754 μεθ’
924 1684 1132 1736 ἐαυτῶν
1167 1684 1268 1754 τὴν
1306 1683 1648 1755 ποθουμένην
1693 1687 2083 1758 περιφέρουσιν

504 1772 648 1842 ὄψιν,
684 1768 828 1822 οῦτω
860 1766 926 1836 δὴ
958 1767 1052 1820 καὶ
1082 1768 1243 1838 ἡμεῖς
1275 1765 1368 1818 τοῦ
1417 1767 1648 1830 κάλλους
1684 1767 1786 1837 τῆς
1813 1769 2084 1840 ὑμετέρας

503 1855 681 1924 ψυχῆς
718 1849 1064 1923 ἐρασθέντες,
1116 1849 1203 1902 ἀεὶ
1240 1848 1359 1920 μεθ’
1387 1849 1599 1902 ἑαυτῶν
1629 1851 1730 1921 τὴν
1777 1851 2083 1922 εὐμορφίαν

503 1939 602 2011 τῆς
634 1935 905 2008 ὑμετέρας
950 1931 1321 2002 περιφέρομεν
1372 1932 1628 1995 διανοίας.
1671 1935 1781 1986 Kal
1832 1933 2080 2004 καθάπερ

505 2022 556 2076 oi
595 2017 913 2090 ζωγράφοι,
965 2014 1188 2067 ποικίλα
1233 2013 1506 2084 χρώματα
1552 2015 1942 2086 κεραννύντες,
1982 2015 2083 2078 τὰς

507 2105 618 2160 τῶν
646 2102 914 2174 σωμάτων
959 2098 1177 2160 είκόνας
1219 2098 1577 2167 ἐργάζονται,
1611 2097 1754 2152 οὑτω
1787 2103 1884 2152 καὶ
1921 2101 2082 2170 ἡμεῖς

505 2189 605 2258 τὴν
638 2183 873 2253 σπουδὴν
916 2181 1070 2252 ὑμῶν
1099 2181 1198 2251 τὴν
1239 2183 1296 2233 ἐν
1326 2183 1446 2243 ταῖς
1495 2181 1770 2245 συνάξεσι,
1817 2182 1917 2252 τὴν
1949 2198 2083 2252 προ-

501 2270 704 2341 θυμίαν
731 2268 831 2339 τὴν
856 2267 987 2336 περὶ
1026 2263 1124 2334 τὴν
1146 2263 1434 2334 ἀκρόασιν,
1465 2264 1566 2334 τὴν
1592 2264 1804 2318 εὔνοιαν
1823 2265 1922 2335 τὴν
1953 2266 2081 2336 περὶ

498 2356 588 2410 τὸν
627 2353 882 2421 λέγοντα,
910 2349 978 2403 τὰ
1011 2347 1147 2404 ἀλλα
1177 2348 1355 2401 πάντα
1396 2347 1798 2420 κατορθώματα
1831 2348 2081 2419 καθάπερ

502 2436 724 2493 ποικίλα
750 2433 1018 2504 χρώματα
1045 2429 1247 2500 ἀρετῆς
1275 2431 1629 2501 κεράσαντες,
1665 2432 1762 2485 καὶ
1790 2432 1882 2484 τὸν
1901 2449 2075 2503 χαρα-

500 2523 680 2593 κτῆρα
706 2519 806 2588 τῆς
837 2515 1018 2586 ψυχῆς
1052 2514 1206 2583 ὑμῶν
1238 2515 1676 2585 ὑπογράψαντες,
1710 2517 1804 2570 καὶ
1832 2517 1939 2587 πρὸ
1969 2515 2078 2568 τῶν

497 2600 795 2674 ὀφθαλμῶν
820 2597 921 2668 τῆς
953 2597 1193 2660 διανοίας
1219 2597 1424 2664 θέντες,
1465 2599 1656 2668 ἱκανὴν
1682 2599 1774 2653 διὰ
1807 2599 1910 2670 τῆς
1945 2616 2079 2668 φαν-

497 2687 690 2748 τασίας
726 2681 933 2751 ταύτης
985 2678 1364 2750 ἐλαμϐάνομεν
1408 2681 1505 2751 τῆς
1553 2682 1862 2753 ἀποδημίας
1897 2699 2077 2752 παρα..

503 2769 723 2840 μυθίαν.
766 2763 878 2818 Kal
915 2761 1122 2827 ταῦτα,
1166 2763 1264 2817 καὶ
1309 2763 1451 2816 οἴκοι
1503 2765 1808 2835 καθήμενοι
1853 2765 1950 2818 καὶ
1994 2764 2078 2818 δι-

497 2845 980 2918 ανιστάμενοι,καὶ
1021 2844 1430 2916 ὁδοιποροῦντες
1503 2848 1597 2900 καὶ
1635 2847 2074 2917 ἀναπαυόμενοι,

496 2935 592 2988 καὶ
611 2931 867 2994 εἰσιόντες
897 2929 992 2982 καὶ
1018 2928 1274 2995 ἐξιόντες,
1308 2929 1648 3001 ἐστρέφομεν
1682 2931 1920 3001 συνεχῶς
1940 2970 1954 2994 ,
1979 2930 2078 3002 τὴν

496 3016 767 3088 ὑμετέραν
786 3011 1254 3085 ὀνειροπολοῦντες
1289 3013 1508 3084 ἀγάπην
1531 3030 1544 3043 ·
1571 3015 1666 3067 xal
1693 3015 1793 3068 οὑκ
1821 3016 1878 3066 ἐν
1894 3015 2079 3084 ἡμέρᾳ

498 3101 681 3173 μόνον,
708 3097 846 3152 ἀλλὰ
871 3097 966 3150 καὶ
993 3097 1052 3151 ἐν
1077 3097 1237 3150 νυκτὶ
1273 3099 1503 3161 ταύταις
1538 3099 1924 3169 ἐνετρυφῶμεν
1955 3101 2076 3160 ταῖς

495 3183 838 3254 φαντασίαις.
869 3181 982 3234 Καὶ
1007 3181 1143 3250 ὅπερ
1160 3183 1188 3234 ό
1210 3181 1462 3254 Σολομὼν
1485 3181 1611 3252 ἐφη,
1649 3181 1788 3253 Ἐγὼ
1811 3182 2077 3236 καθεύδω

492 3268 595 3324 καὶ
623 3270 663 3337 ἡ
697 3266 912 3334 καρδία
928 3283 1047 3334 μου
1091 3265 1415 3334 ἀγρυπνεῖο
1447 3267 1608 3320 τοῦτο
1637 3269 1731 3321 καὶ
1763 3269 1924 3339 ἡμεῖς
1952 3267 2075 3320 τότε

493 3353 827 3422 ἐπάσχομεν.
862 3351 927 3402 Ἠ
958 3349 1056 3420 μὲν
1083 3349 1192 3420 γάρ
1222 3350 1432 3421 ἀνάγκη
1458 3350 1552 3404 τοῦ
1584 3350 1752 3405 ὕπνου
1785 3350 2074 3406 κατέστελ-

491 3437 584 3490 λεν
609 3435 767 3508 ἡμῶν
789 3435 817 3474 δ
843 3432 912 3487 τὰ
938 3433 1184 3504 βλέφαρα
1203 3450 1216 3462 ·
1250 3435 1282 3503 ἡ
1303 3433 1359 3486 δὲ
1387 3437 1485 3504 τῆς
1508 3436 1728 3506 ἀγάπης
1752 3435 1852 3504 τῆς
1875 3437 1904 3488 ὑ
1913 3435 2074 3506 μετέ-

495 3536 593 3590 ρας
608 3517 863 3588 τυραννὶς
885 3516 1154 3585 ἀφύπνιςε
1174 3517 1301 3578 τοὺς
1317 3516 1416 3587 τῆς
1438 3516 1677 3581 διανοίας
1697 3518 1857 3588 ἡμῶν
1879 3519 2076 3586 ὀφθαλ-

496 3601 660 3672 μούς·
697 3601 792 3654 καὶ
823 3600 1086 3663 πολλάκις
1121 3601 1251 3670 ὑμῖν
1288 3599 1422 3671 ὄναρ
1451 3600 1794 3668 διαλέγεσθαι
1828 3602 2068 3656 ἐδόκουν.

491 3686 602 3741 Kal
627 3685 737 3756 γὰρ
758 3684 1000 3752 πέφυκεν
1023 3685 1057 3754 ἡ
1076 3683 1223 3755 ψυχὴ
1244 3682 1416 3739 ταῦτα
1442 3683 1808 3755 φαντάζεσθαι
1830 3684 2067 3757 νύκτωρ,

491 3770 635 3841 ἅπερ
651 3767 716 3822 ἂν
742 3768 860 3838 μεθ’
880 3767 1094 3838 ἡμέραν
1110 3766 1415 3839 λογίζηταιο
1435 3769 1572 3840 ὅπερ
1593 3765 1686 3823 οὖν
1702 3771 1797 3824 καὶ
1813 3771 1897 3840 ἐφ’
1915 3771 2072 3841 ἡμῶν

487 3851 610 3906 τότε
632 3850 933 3904 συνέϐαινεο
955 3850 1052 3904 καὶ
1072 3851 1170 3921 οὑχ
1189 3849 1329 3921 ὀρῶν
1353 3852 1498 3922 ὑμᾶς
1518 3856 1630 3917 τοῖς
1650 3853 1948 3925 ὀφθαλμοῖς
1969 3854 2071 3924 τῆς

491 3933 716 4005 σαρκὸς,
747 3934 938 4004 ἐώρων
958 3933 1104 4003 ὑμᾶς
1127 3934 1226 4004 τῆς
1249 3934 1473 4007 ἀγάπης
1495 3938 1606 4000 τοῖς
1628 3937 1948 4007 ὀφθαλμοῖς,
1977 3938 2072 3992 καὶ

492 4018 567 4086 μὴ
596 4015 788 4087 παρὼν
825 4017 954 4086 ὑμῖν
982 4014 1059 4085 τῷ
1088 4015 1323 4086 σώματι,
1353 4019 1502 4089 παρή
1513 4035 1619 4090 μην
1647 4021 1775 4090 ὑμῖν
1801 4023 1867 4091 τῇ
1893 4019 2072 4073 διαθέ-

493 4118 598 4163 σει,
632 4099 726 4154 καί
774 4117 865 4169 μοι
905 4099 976 4153 τά
1012 4092 1126 4152 ὦτα
1153 4099 1242 4152 ἀεὶ
1275 4101 1381 4154 ὑπὸ
1409 4113 1432 4142 ο
1461 4103 1560 4172 τῆς
1599 4103 1872 4172 ὑμετέρας
1909 4121 2071 4175 περι-

472 4185 668 4253 ηχεῖτο
699 4181 967 4252 κραυγῆς.
999 4181 1096 4235 Διά
1123 4181 1280 4236 τοῦτο
1309 4183 1404 4236 καὶ
1431 4183 1532 4254 τῆς
1563 4185 1658 4238 τοῦ
1688 4185 1940 4255 σώματος
1969 4187 2071 4259 ἀρ-

489 4266 724 4337 ρωστίας
753 4265 846 4318 ἐπὶ
868 4264 1028 4318 πλέον
1043 4266 1160 4318 ἐκεῖ
1179 4265 1478 4337 διατρίϐειν
1502 4267 1946 4341 ἀναγκαζούσης,
1976 4270 2072 4323 καὶ

485 4347 586 4417 τῆς
617 4346 710 4402 τοῦ
739 4348 900 4419 ἀέρος
922 4347 1193 4418 ὠφελείας
1220 4352 1301 4412 είς
1327 4351 1426 4421 τὴν
1438 4352 1536 4421 τῆς
1554 4353 1759 4424 σαρκὸς
1781 4352 2070 4407 ἀπολαύειν

488 4430 719 4498 ὑγίειαν,
749 4433 782 4503 ἡ
813 4431 912 4502 τῆς
927 4433 1146 4502 ἀγάπης
1173 4431 1267 4502 βία
1278 4433 1377 4504 τῆς
1401 4435 1677 4506 ὑμετέρας
1691 4437 1791 4490 οὑκ
1811 4435 2071 4508 ἠνέσχετο

485 4511 643 4566 τοῦτο
679 4511 727 4575 ἀ.
784 4513 924 4568 ἀλλά
947 4514 1267 4584 κατεϐόησε,
1305 4517 1401 4571 καὶ
1449 4517 1510 4570 οὐ
1553 4517 1818 4591 πρότερον
1854 4519 2070 4591 ἀπέστη

485 4594 849 4666 διενοχλοῦσα,
910 4596 1015 4660 ἕως
1075 4599 1226 4668 ἡμᾶς
1281 4599 1376 4651 καὶ
1414 4600 1520 4671 πρὸ
1550 4599 1654 4670 τῆς
1686 4601 2071 4674 προσηκούσης

485 4677 636 4749 ὥρας
685 4681 983 4751 ἀναστῆναι
1035 4680 1242 4744 ἔπεισε,
1277 4683 1370 4736 καὶ
1404 4683 1613 4752 ὑγίειαν
1636 4684 1731 4738 καὶ
1755 4685 1947 4757 τέρψιν
1975 4687 2070 4740 καὶ

486 4763 594 4814 πᾶν
645 4762 826 4816 ὁτιοῦν
876 4763 1080 4832 ἀγαθὸν
1127 4765 1227 4835 τὴν
1261 4765 1533 4837 ὑμετέραν
1577 4768 1886 4838 ἡγήσασθαι
1940 4787 2069 4824 συν-

483 4843 771 4898 εϐούλευσε
805 4847 1112 4902 συνουσίαν.
1149 4847 1336 4920 Ταύτῃ
1359 4848 1414 4902 δὲ
1436 4849 1750 4914 πεισθέντες
1778 4853 1962 4924 ἡμεῖς,
1998 4854 2071 4905 εί-

482 4925 688 4997 λόμεθα
719 4927 918 4996 μᾶλλον
948 4929 1161 5000 ἔχοντες
1187 4929 1267 4983 ἐτι
1295 4932 1364 4985 τά
1387 4931 1614 5001 λείψανα
1637 4933 1737 5005 τῆς
1756 4934 2068 5007 ἀρρωστίας

483 5009 820 5075 ἐπανελθεῖν,
842 5011 878 5081 ἦ
915 5011 1171 5083 καθαρῶς
1201 5013 1528 5084 ἀποθέμενοι
1554 5016 1654 5086 τὴν
1680 5017 1776 5070 τοῦ
1813 5016 2064 5088 σώματος

480 5090 786 5158 ἀσθένειαν,
812 5094 904 5146 ἐπὶ
933 5094 1095 5149 πλέον
1131 5095 1368 5167 λυπῆσαι
1387 5098 1487 5168 τὴν
1516 5098 1792 5171 ὑμετέραν
1818 5101 2062 5172 ἀγάπην.

481 5173 591 5226 Καὶ
613 5174 720 5246 γάρ
758 5177 874 5230 ἐκεῖ
894 5177 1181 5248 διατρίϐων
1216 5179 1410 5249 ἡκουον
1437 5181 1591 5251 ὑμῶν
1622 5181 1692 5235 τὰ
1720 5183 2061 5254 ἐγκλήματα,

480 5255 574 5308 καὶ
604 5263 848 5330 συνεχεῖς
899 5261 1181 5316 ἐπιστολαὶ
1219 5262 1394 5318 ταῦτα
1423 5265 1554 5336 ἡμῖν
1600 5265 1938 5336 διεκόμιζονο
1968 5268 2063 5322 xal

476 5339 585 5410 γάρ
607 5345 896 5413 προσεῖχον
925 5346 1036 5408 τοῖς
1059 5344 1383 5412 ἐγκαλοῦσιν
1415 5357 1439 5386 ο
1461 5347 1557 5418 οὑχ
1576 5341 1759 5418 ἧττον,
1785 5348 1817 5420 ἢ
1837 5353 1950 5413 τοῖς
1970 5350 2062 5419 ἐγ-

538 5435 564 5462 ⁸
586 5435 803 5510 ξριρετι.
835 5437 923 5510 τοῦ
945 5440 992 5487 ἐν
1010 5439 1214 5510 ἀγίοις...
1238 5443 1584 5510 Χρυσοπόμου
1607 5446 1654 5501 ἐξ
1672 5443 1820 5508 ἀγροῦ
1843 5446 1922 5495 διὰ
1943 5447 2055 5510 χρό-

473 5511 558 5564 νου
581 5497 808 5564 ἐλθόντος,
826 5502 915 5564 καὶ
932 5502 1039 5564 περὶ
1054 5497 1326 5563 μετανοίας.

535 5555 566 5635 ξ
599 5557 734 5635 βέἶξίξ
758 5561 890 5635 ἡμῖν’

537 5619 560 5647 ε
587 5618 684 5668 Alii
707 5618 821 5669 ἀπό.

535 5677 563 5749 ξι
597 5679 679 5728 Sic
697 5693 869 5749 qmyes
891 5689 1070 5749 prayer
1090 5683 1264 5735 Morel.
1289 5688 1374 5749 qui
1398 5689 1545 5738 habet
1566 5690 1754 5739 τούτου.
1787 5691 1916 5740 Infra
1940 5691 2046 5740 Mo-

469 5739 567 5787 rel.
591 5739 947 5802 συνεϐούλευσε,
989 5744 1088 5794 duo
1122 5760 1239 5795 mss.
1281 5739 1690 5811 συμϐουλεύουσα,
1734 5739 2045 5815 δένίίζεὺιὶ-

475 5799 807 5847 ϐουλεύουσαν.

591 5816 732 5848 ευουσ
734 5819 789 5849 αν
796 5839 807 5850 .

539 5859 564 5888 ⁸
587 5859 686 5908 Alii
705 5864 784 5908 καὶ
805 5864 938 5927 χάριν
961 5866 1088 5927 εἶχον
1105 5868 1202 5922 τοῖς
1227 5869 1324 5926 ἐγκ.

2185 1188 2523 1258 κωμιάζουσι
2543 1204 2557 1220 ο
2590 1187 2769 1259 ψυχῆς
2801 1189 2909 1261 γὰρ
2948 1190 3151 1253 εἰδυίας
3173 1192 3346 1259 φιλεῖν
3372 1185 3512 1263 ἦσαν
3537 1193 3593 1246 αἱ
3623 1192 3765 1265 μέμ-

2181 1271 2302 1339 ψεις
2333 1273 2558 1323 ἐκεῖναι.
2596 1271 2706 1324 Kal
2730 1271 2816 1324 διὰ
2844 1271 3016 1325 ταῦτα
3047 1275 3285 1336 ἀναστάς
3317 1274 3550 1345 ἔδραμον
3573 1293 3585 1305 '
3613 1276 3767 1350 [280]

2181 1353 2268 1406 διὰ
2288 1353 2460 1406 ταῦτα
2475 1354 2728 1406 οὐδέποτε
2757 1355 2902 1425 ὑμᾶς
2929 1356 3031 1424 τῆς
3055 1357 3294 1420 διανοίας
3317 1358 3583 1431 ἠδυνήθην
3597 1361 3765 1414 ἐκϐα-

2180 1435 2292 1488 λεῖν
2316 1437 2417 1505 τῆς
2445 1437 2604 1507 ἐμῆς.
2640 1438 2750 1490 Kal
2777 1437 2830 1490 τί
2861 1438 3174 1508 θαυμαστὸν
3210 1442 3260 1493 εί
3297 1443 3353 1493 ἐν
3378 1443 3532 1513 ἀγρῴ
3560 1443 3764 1515 διατρί-

2181 1519 2291 1573 ϐων
2316 1519 2448 1587 ἐγὼ,
2472 1522 2566 1572 καὶ
2581 1521 2765 1584 ἀδείας
2783 1522 3091 1587 ἀπολαύων,
3109 1524 3210 1594 τῆς
3227 1525 3498 1598 ὑμετέρας
3521 1529 3765 1599 ἐμεμνή-

2183 1619 2292 1672 μην
2329 1603 2571 1673 ἀγάπης,
2599 1604 2734 1656 ὅπου
2788 1621 2851 1673 γε
2885 1605 3097 1670 Παῦλος
3138 1607 3313 1679 δεσμά
3359 1613 3765 1682 περικείμενος,

2180 1688 2274 1740 καὶ
2327 1687 2700 1758 δεσμωτήριον
2726 1688 2909 1753 οἰκῶν,
2941 1690 3038 1742 καὶ
3082 1691 3310 1762 μυρίους
3351 1694 3494 1765 ὀρῶν
3521 1696 3764 1768 ἐπηρτη-

2183 1769 2382 1840 μένους
2404 1770 2554 1840 αύτῷ
2571 1771 2870 1836 κινδύνους,
2893 1773 3144 1844 καθάπερ
3160 1778 3216 1827 ἐν
3237 1774 3456 1846 λειμῶνι
3471 1777 3764 1849 τῷδεσμωη

2179 1853 2354 1924 τηρίῳ
2387 1853 2609 1921 διάγων,
2636 1853 2780 1908 οὕτω
2794 1855 2904 1908 τῶν
2924 1856 3168 1925 ἀδελφῶν
3195 1859 3493 1930 ἐμέμνητο,
3518 1861 3613 1914 καὶ
3635 1863 3766 1932 γρά-

2179 1953 2296 2005 φων
2317 1937 2468 2004 ἔλεγε
2488 1952 2500 1965 ·
2525 1937 2730 2002 Καθὼς
2756 1939 2886 1993 ἐστι
2909 1939 3146 1994 δίκαιον
3159 1942 3288 2012 ἐμοὶ
3313 1942 3486 1997 τοῦτο
3519 1946 3765 2014 φρονεῖν

2179 2020 2314 2088 περὶ
2341 2020 2529 2088 ὑμῶν,
2557 2021 2654 2074 διὰ
2682 2023 2748 2076 τὸ
2785 2023 2950 2094 ἔχειν
2971 2042 3048 2094 με
3071 2025 3141 2080 ἐν
3173 2027 3247 2095 τῇ
3274 2029 3484 2099 καρδίᾳ
3502 2031 3678 2102 ὑμᾶς,
3699 2036 3765 2086 ἐν

2178 2120 2243 2156 τε
2266 2103 2388 2170 τοῖς
2414 2103 2660 2172 δεσμοῖς
2682 2123 2825 2174 μου,
2874 2107 2973 2159 καὶ
3002 2109 3072 2160 ἐν
3102 2109 3176 2178 τῇ
3209 2112 3507 2184 ἀπολογίᾳ
3533 2117 3632 2170 καὶ
3656 2119 3765 2182 ,ϐε-

2180 2187 2416 2240 ϐαιώσει
2445 2188 2551 2241 τοῦ
2589 2189 2958 2273 Evam-3.1101)
2977 2209 2996 2256 ;
3031 2190 3268 2256 Ἕξωθεν
3327 2196 3516 2261 ἅλυσις
3551 2201 3584 2269 ἡ
3617 2199 3764 2273 παρά

2177 2270 2286 2324 τῶν
2321 2270 2554 2340 ἐχθρῶν,
2589 2273 2684 2324 καὶ
2738 2272 2941 2326 ἔσωθεν
2983 2275 3171 2340 ἆλυσις
3196 2280 3230 2349 ἡ
3271 2279 3364 2332 τοῦ
3409 2282 3633 2352 φίλτρου
3659 2270 3764 2337 τῶν

2182 2354 2474 2425 μαθητῶν’
2526 2355 2642 2409 ἀλλ’
2681 2359 2714 2428 ἡ
2764 2357 2861 2428 μὲν
2910 2358 3110 2437 ἔξωθεν
3138 2363 3244 2415 ἀπὸ
3288 2363 3509 2436 σιδὴρου
3540 2368 3763 2437 ἐκεχάλο

2180 2456 2359 2502 κευτο,
2458 2440 2516 2526 δὲ
2547 2440 2755 2494 ἔνδοθεν
2789 2441 2847 2506 ἐξ
2878 2435 3098 2514 ἀγάπης
3132 2435 3423 2519 ἐγεγένητο
3451 2468 3464 2480 ·
3505 2435 3763 2526 κάκείνην

2181 2525 2281 2595 μὲν
2311 2525 2577 2611 πολλάκιςΔ
2596 2526 2689 2578 καὶ
2718 2527 2972 2592 ἀπέθετο,
2995 2530 3199 2602 ταύτην
3229 2533 3284 2585 δὲ
3309 2533 3564 2589 οὐδέποτε
3596 2539 3761 2611 ἀπέρ-

2179 2608 2343 2678 ρηξεν
2367 2625 2380 2639 ·
2405 2608 2521 2661 ἀλλ’
2544 2608 2733 2680 ῶσπερ
2771 2612 2828 2664 αί
2879 2616 3138 2679 γυναῖκες
3170 2616 3292 2668 ὅσαι
3330 2619 3528 2687 πεῖραν
3560 2608 3761 2675 ὠδίνων

2177 2690 2368 2746 ἔλαϐον
2402 2693 2496 2746 καὶ
2531 2692 2766 2764 μητέρες
2791 2695 3062 2763 ἐγένοντο,
3086 2701 3199 2762 τοῖς
3234 2700 3470 2770 τεχθεῖσι
3504 2707 3758 2770 παιδίοις,

2175 2776 2422 2846 ὅπουπερ
2461 2778 2528 2831 ἂν
2555 2775 2710 2841 ῶσιν,
2743 2779 2851 2831 εἰσὶ
2881 2779 3150 2850 διηνεκῶς
3177 2785 3562 2858 συνδεδεμέναι
3585 2807 3598 2820 ·
3625 2789 3761 2844 οὕτω

2177 2860 2270 2911 καὶ
2293 2859 2520 2944 Παῦλος,
2557 2859 2756 2930 μᾶλλον
2776 2861 2833 2914 δὲ
2851 2863 2944 2916 καὶ
2969 2863 3150 2934 πολλῷ
3181 2867 3384 2922 τούτων
3408 2869 3761 2944 σφοδρότερον

2177 2942 2264 2994 ἀεὶ
2287 2944 2401 3026 τοῖς
2419 2943 2686 3013 μαθηταῖς
2717 2945 3037 3016 προσήλωτο
3057 2952 3169 3012 τοῖς
3193 2951 3378 3018 αὑτοῦ,
3398 2955 3493 3006 καὶ
3522 2942 3760 3026 τοσούτῳ

2180 3025 2403 3094 μᾶλλον,
2445 3027 2557 3096 ὅσῳ
2608 3025 2716 3079 τῶν
2755 3029 3001 3097 φυσικῶν
3043 3031 3220 3086 τόκων
3258 3036 3306 3088 οί
3332 3035 3428 3088 τοῦ
3451 3025 3759 3108 πνεύματός

2176 3113 2282 3162 είσι
2309 3111 2654 3182 θερμότεροι.
2687 3113 2797 3164 Kal
2820 3111 2930 3183 γὰρ
2960 3115 3055 3167 καὶ
3079 3109 3230 3181 οὗτος
3260 3118 3448 3174 ὤδινεν
3469 3122 3568 3192 οὑχ
3592 3123 3754 3189 ἅπαξ,

2175 3194 2310 3248 ἀλλὰ
2353 3195 2447 3247 καὶ
2485 3195 2565 3256 δἰς
2605 3195 2732 3257 τοὺς
2765 3197 2983 3259 αὐτοὺς,
3016 3199 3110 3251 καὶ
3139 3200 3267 3254 ἐϐόα
3300 3201 3475 3269 λέγων
3496 3221 3510 3233 ·
3557 3209 3758 3261 Τεκνία

2168 3296 2310 3347 μου,
2345 3277 2453 3344 οὓς
2479 3277 2668 3332 πάλιν
2709 3278 2918 3332 ὠδίνω.
2971 3281 3166 3336 Καίτοι
3209 3301 3272 3352 γε
3320 3285 3480 3341 τοῦτο
3507 3289 3756 3343 οὐδέποτε

2173 3363 2240 3416 ἂν
2269 3363 2432 3416 πάθοι
2461 3365 2493 3433 ἡ
2526 3363 2685 3433 γυνὴ,
2715 3363 2826 3416 οὐδ’
2867 3363 2933 3416 ἂν
2969 3365 3234 3439 ὑποσταίη
3272 3371 3371 3434 τὰς
3394 3373 3568 3436 αὑτάς
3599 3376 3754 3429 πάλιν

2172 3447 2388 3510 ὠδῖνας,
2430 3447 2568 3502 ἀλλά
2614 3448 2827 3511 Παῦλος
2868 3448 3130 3519 ὑπέμεινε
3158 3453 3339 3515 τοῦτο,
3367 3456 3509 3528 ὅπερ
3541 3461 3632 3512 ἐπὶ
3659 3460 3754 3529 τῆς

2173 3529 2390 3598 φύσεως
2415 3530 2545 3583 ἰδεῖν
2561 3530 2661 3584 οὑκ
2681 3530 2819 3591 ἔστι,
2853 3532 2948 3584 καὶ
2969 3534 3097 3597 τοὺς
3120 3535 3268 3602 ἅπαξ
3293 3538 3587 3608 τεχθέντας
3599 3544 3755 3596 πάλιν

2173 3613 2486 3678 ἀναλαϐεῖν,
2523 3616 2616 3668 καὶ
2663 3615 2763 3678 τὰς
2793 3615 3046 3686 δριμείας
3103 3620 3192 3670 ἐπ’
3245 3622 3430 3687 αὐτοῖς
3467 3626 3752 3696 ὑπομεῖναι

2172 3699 2386 3763 ὠδῖνας.
2423 3699 2523 3752 Διά
2549 3697 2708 3752 τοῦτο
2757 3699 2852 3752 καὶ
2903 3700 3159 3772 ἐντρέψαι
3188 3703 3514 3776 βουλόμενος
3544 3712 3749 3775 αὐτοὺς,

2171 3781 2378 3849 ἔλεγεν,
2405 3781 2522 3848 Οὓς
2547 3782 2732 3835 πάλιν
2756 3782 2948 3836 ὠδίνω
2965 3799 2978 3812 ·
3024 3790 3305 3858 μονονουχὶ
3321 3790 3494 3858 λέγων
3519 3810 3534 3824 ο
3569 3795 3752 3848 Φείσα-

2172 3865 2266 3918 σθέ
2300 3883 2431 3950 μου·
2453 3866 2632 3950 οὐδεὶς
2663 3865 2778 3929 υίὸς
2809 3867 3063 3938 δεύτερον
3088 3870 3188 3940 τὴν
3218 3875 3493 3946 μητρικὴν
3518 3879 3750 3950 γαστέρα

2169 3950 2290 4012 ταῖς
2347 3949 2500 4002 ὠδῖσι
2542 3949 2817 4008 διέτεινεν,
2867 3950 3004 4022 ὅπερ
3052 3952 3391 4022 ἀναγκάζετέ
3429 3976 3498 4029 με
3528 3949 3750 4033 πάσχειν

2171 4032 2331 4102 ὑμεῖς
2353 4049 2367 4062 '
2427 4033 2606 4086 καίτοι
2644 4034 2852 4086 ἐκεῖναι
2893 4035 2993 4105 μὲν
3027 4038 3083 4089 al
3114 4038 3303 4104 ὠδῖνες
3329 4043 3386 4094 ἐν
3426 4045 3527 4114 μιᾷ
3560 4032 3749 4116 καιροῦ

2172 4118 2313 4187 ῥοπῇ
2349 4117 2750 4180 κατατείνουσι,
2785 4119 2876 4172 καὶ
2909 4119 3002 4173 τοῦ
3040 4122 3254 4198 παιδίου
3296 4126 3399 4194 τῆς
3428 4127 3617 4198 νηδύος
3662 4131 3749 4194 ἐξ-

2169 4198 2576 4270 ολισθήσαντος,
2611 4200 3052 4272 συνεξέρχονται·
3108 4193 3272 4259 αὗται
3308 4193 3366 4260 δέ
3418 4193 3517 4280 οὑχ
3556 4211 3747 4277 οὕτως,

2169 4282 2305 4366 ἀλλά
2339 4283 2445 4366 καὶ,
2466 4283 2642 4366 μῆνας
2659 4284 2988 4356 ὁλοκλήρους
3017 4288 3238 4355 μένουσι
3267 4307 3280 4320 ο
3315 4292 3408 4344 καὶ
3438 4294 3544 4366 γὰρ
3573 4297 3744 4348 ἐνιαυο

2167 4365 2259 4418 τὸν
2286 4366 2406 4420 ὅλον
2427 4365 2585 4420 ῶδινε
2613 4366 2894 4434 πολλάκις,
2914 4370 3007 4422 καὶ
3026 4370 3125 4425 οὑκ
3142 4372 3294 4426 ἔτεκε
3309 4376 3438 4441 τοὺς
3459 4380 3750 4448 κυομένους

2169 4449 2198 4501 ὁ
2215 4449 2430 4513 Παῦλος
2457 4465 2470 4479 ·
2499 4450 2666 4502 κάκεῖ
2694 4451 2791 4519 μὲν
2817 4451 2918 4521 τῆς
2951 4454 3154 4519 σαρκὸς
3176 4457 3205 4510 ό
3238 4458 3419 4524 πόνος,
3451 4463 3678 4516 ἐνταῦθα
3696 4465 3750 4518 δὲ

2168 4533 2229 4585 οὑ
2260 4533 2502 4604 γαστέρι
2526 4532 2885 4588 διατείνουσιν
2907 4539 2962 4591 al
2987 4539 3300 4610 ἀλγηδόνες,
3317 4541 3435 4595 ἀλλ’
3458 4545 3625 4618 αὑτὴν
3653 4549 3748 4616 τῆς

2166 4617 2346 4689 ψυχῆς
2392 4619 2494 4690 τὴν
2545 4620 2699 4702 ἰσχὺν
2732 4622 3137 4688 καταξαίνουσι.
3188 4627 3299 4678 Kal
3327 4629 3413 4681 ἵνα
3444 4629 3642 4702 μάθῃς,
3669 4632 3746 4685 ὅτι

2169 4703 2497 4772 θερμότεραι
2527 4699 2689 4758 αὗται
2747 4707 2801 4758 αἱ
2841 4706 3049 4770 ὠδῖνες,
3073 4709 3159 4772 τίς
3189 4727 3320 4763 ποτε
3351 4713 3492 4784 ὑπὲρ
3516 4699 3626 4767 τῶν
3660 4734 3746 4768 τε·

2168 4785 2403 4856 χθέντων
2421 4786 2648 4840 παιδίων
2667 4787 2867 4859 ηὔξατο
2899 4791 3184 4861 ὑπομεῖναι
3217 4795 3471 4862 γέενναν;
3503 4795 3668 4864 Οὗτος
3690 4802 3743 4854 δὲ

2167 4869 2226 4921 οὑ
2247 4870 2405 4940 μόνον
2431 4871 2664 4940 αἱρεῖται
2705 4873 2995 4943 ὑπομεῖναι
3027 4876 3271 4946 γέενναν,
3302 4882 3440 4936 ἀλλά
3467 4884 3556 4937 καὶ
3588 4884 3742 4954 εῦχε-

2169 4969 2256 5005 ται
2288 4953 2534 5038 ἀνάθεμα
2563 4949 2702 5008 εἷναι
2734 4956 2841 5009 ἀπὸ
2875 4958 2968 5011 τοῦ
3001 4961 3259 5032 Χριστοῦ,
3287 4965 3429 5019 ὥστε
3456 4949 3742 5038 δυνηθῆναι

2169 5037 2299 5100 τοὺς
2331 5037 2616 5102 Ἰουδαίους
2642 5038 2954 5104 ἀποτεκεῖν,
2985 5043 3080 5109 οὓς
3109 5045 3294 5104 ῶδινεν
3324 5049 3412 5102 ἀεὶ
3445 5051 3536 5104 καὶ
3560 5051 3738 5121 διηνε-

2169 5119 2302 5183 κῶς,
2330 5123 2425 5176 καὶ
2463 5123 2650 5192 ἐπειδὴ
2675 5123 2750 5196 μὴ
2773 5127 3054 5182 συνέϐαινε
3084 5129 3265 5197 τοῦτο,
3288 5133 3527 5186 ὠδυνᾶτο
3547 5119 3734 5200 λέγων·

2168 5204 2343 5270 Λύπη
2371 5205 2477 5273 μοι
2525 5206 2657 5260 ἐστι
2709 5209 2966 5277 μεγάλη.
2999 5212 3099 5265 καὶ
3135 5214 3511 5283 ἀδιάλειπτος
3555 5215 3736 5284 ὀδύνη

2167 5284 2243 5352 τῇ
2268 5287 2482 5355 καρδίᾳ
2497 5306 2638 5358 μου.
2661 5291 2772 5343 Kal
2789 5292 3022 5345 ἐνταῦθα
3056 5295 3218 5348 πάλιν
3234 5313 3247 5326 ·
3277 5299 3617 5368 Τεκνίαμου,
3635 5299 3738 5363 οὓς

2166 5367 2573 5438 πάλινώδίνω,
2599 5371 2772 5442 ἄχρις
2805 5371 2878 5430 οὗ
2902 5378 3190 5447 μορφωθῇ
3225 5367 3561 5449 Χριστὸςίέν
3575 5380 3733 5449 ὑμῖν.

2165 5451 2232 5503 Τί
2266 5453 2365 5535 τῆς
2390 5453 2582 5524 νηδύος
2631 5456 2847 5528 ἐκείνης
2903 5462 3317 5534 μακαριώτερον
3349 5464 3553 5533 γένοιτο
3591 5464 3734 5535 ἆν,ῆ

2160 5534 2386 5590 τοιαῦτα
2408 5537 2596 5591 παιδία
2621 5539 2829 5595 τίκτειν
2851 5541 3097 5610 ἐδύνατο,
3127 5545 3202 5609 ὡς
3230 5547 3322 5601 τὸν
3348 5547 3574 5620 Χριστὸν
3590 5547 3732 5618 ἔχειν

2156 5618 2216 5703 ἐν
2267 5621 2517 5688 ἐαυτοῖς;
2570 5623 2722 5677 τίδὲ
2772 5625 3174 5698 εύφορώτερον,
3213 5618 3732 5703 ἢμτὴννοίκουμένην

2155 5701 2374 5756 ἅπασαν
2394 5704 2737 5777 ἀπεγέννησε
2758 5724 2772 5773 ;
2797 5709 2931 5762 τίδὲ
2970 5701 3360 5785 δυνατώτερον,
3386 5716 3507 5786 ἥτις
3525 5714 3731 5784 τεχθέν-

2156 5801 2255 5849 τας
2286 5787 2746 5859 καὶαὺξηθέντας
2788 5795 2868 5856 είς
2912 5793 3192 5865 ἄμϐλωσιν
3221 5800 3564 5862 ἐκπεσόντας,
3601 5797 3729 5849 ἀνα·

2156 5866 2338 5921 λαϐεῖν
2389 5869 2575 5940 ἴσχυσε
2624 5873 2788 5927 πάλιν
2827 5876 2921 5930 καὶ
2971 5877 3179 5936 ἄνωθεν
3217 5880 3537 5949 διαπλάσαι;
3567 5879 3728 5933 τοῦτο
