4046 6396
268 430 369 487 ῒΠ
1440 433 1529 489 DE
1570 432 1872 491 PCENITEI

1997 438 2035 490 ι.
2080 434 2311 492 HOMIL.
2350 434 2390 489 1.
3464 433 3569 492 ςετε

1456 712 1596 783 DE
1658 712 2371 802 PCENITENTIA,

1422 886 1555 929 cum
1598 886 1775 929 nunc
1825 886 1961 930 IPSE
2004 886 2337 929 nennsser
2367 869 2405 927 ί.

866 1157 1081 1198 ηοωιιλ
1110 1156 1125 1195 l
1152 1138 1251 1213 (a).

351 1239 399 1292 Ι.
428 1237 581 1291 Amor
615 1245 663 1291 et
710 1236 1000 1291 sollicitudo
1044 1230 1389 1303 Chrysostomi
1428 1245 1548 1299 erga
1590 1228 1856 1299 papulum.

271 1328 444 1384 Paula
490 1329 761 1384 (emittatur
802 1328 938 1398 ﬁlios
985 1327 1168 1380 iterum
1211 1323 1533 1395 parturienti.
1574 1351 1646 1360 ——
1684 1320 1856 1390 Num,

268 1439 473 1496 quaeso,
501 1436 766 1477 memores
795 1420 964 1476 nostri
994 1417 1185 1483 fuistis,
1206 1424 1405 1487 quanto
1434 1423 1674 1483 tempore
1701 1427 1731 1467 a
1761 1428 1860 1466 vo-

274 1517 359 1572 bis
387 1516 654 1571 ahfuimus
672 1514 696 1568 ?
717 1513 850 1569 Nam
879 1513 996 1583 ipse
1016 1510 1232 1582 quidem
1257 1507 1423 1564 vestri
1440 1521 1701 1577 nusquam
1716 1506 1859 1561 obli-

272 1612 402 1666 visci
449 1609 635 1680 potui,
676 1607 771 1663 sed
798 1607 985 1662 urbem
1017 1603 1313 1669 dimittens,
1345 1598 1662 1655 memoriam
1694 1596 1861 1652 vestri

270 1720 377 1759 non
406 1703 620 1758 dimisi:
644 1698 1095 1773 quemadmodum
1125 1696 1269 1751 enim
1299 1694 1390 1765 qui
1420 1706 1703 1761 corporum
1726 1706 1866 1761 prie-

271 1795 436 1850 stanti
466 1793 635 1848 forma
665 1791 972 1862 capiuntur,
1002 1801 1340 1860 quocumque
1385 1783 1730 1851 recesserint,
1771 1797 1861 1837 se-

272 1902 395 1941 cum
422 1884 781 1940 desideratam
814 1882 1009 1937 faciem
1054 1879 1439 1936 circumferunt
1467 1895 1481 1930 :
1512 1875 1652 1931 haud
1705 1889 1864 1929 secus

273 1980 372 2048 ipsi
396 1986 676 2032 venustate
695 1977 997 2030 animarum
1023 1980 1323 2028 vestrarum
1366 1971 1492 2025 tacti
1514 2010 1529 2034 ,
1561 1985 1682 2024 eam
1710 1983 1864 2022 men-

273 2071 340 2124 tis
369 2079 559 2125 vestrze
586 2068 821 2138 Speciem
853 2079 1069 2137 semper
1096 2061 1375 2118 nobiscum
1409 2060 1858 2117 circumierimns.

273 2161 342 2217 Et
386 2158 836 2232 quemadmodum
886 2158 1120 2227 pictores
1168 2152 1442 2208 coloribus
1474 2151 1642 2208 variis
1686 2151 1867 2207 mixtis

270 2252 517 2321 corporis
544 2251 806 2320 imagines
834 2247 1092 2317 efﬁngere
1118 2256 1522 2301 consueverunt
1552 2260 1566 2296 :
1595 2243 1665 2297 ita
1686 2251 1739 2297 et
1766 2243 1867 2312 ipsi

272 2342 504 2398 Studium
528 2350 764 2396 vestrum
788 2341 841 2394 in
862 2337 1124 2401 collectis,
1149 2336 1202 2389 in
1229 2334 1495 2389 audiendo
1512 2334 1863 2399 alacritatem,

274 2434 706 2489 benevolentiam
729 2447 855 2502 erga
876 2430 1333 2492 concionatorem,
1359 2436 1660 2496 caeteraque
1688 2426 1867 2481 omnia

275 2524 453 2579 ofﬁcia
494 2524 664 2579 veluti
692 2524 904 2579 colores
944 2522 1202 2576 virtutum
1233 2519 1412 2575 varios
1462 2519 1825 2573 immiscentes
1850 2556 1865 2581 ,

275 2624 437 2685 atque
466 2615 641 2684 ipsum
681 2614 980 2669 animarum
1027 2619 1325 2667 vestrarum
1373 2607 1737 2663 characterem
1765 2608 1868 2660 im-

277 2708 574 2776 primentes
598 2705 903 2775 mentisque
926 2710 1261 2774 apponentes
1282 2700 1474 2767 oculis,
1519 2714 1583 2754 ea
1627 2699 1871 2768 specula-

278 2799 424 2853 tione
466 2797 596 2853 satis
630 2806 829 2851 nostra:
854 2792 1303 2865 peregrinationis
1340 2790 1644 2860 accepimus
1669 2789 1862 2844 solatii.

280 2889 404 2944 Haec
433 2899 489 2945 et
513 2887 768 2945 sedentes
793 2896 852 2942 et
873 2894 1179 2957 surgentes,
1203 2893 1259 2940 et
1284 2882 1623 2940 ambulantes
1639 2890 1694 2936 et
1714 2882 1867 2951 quie-

278 2988 508 3045 scentes,
533 2987 588 3034 et
606 2979 943 3033 introeuntes
973 2985 1029 3032 et
1053 2985 1332 3041 exeuntes,
1349 2972 1604 3028 continuo
1619 2971 1873 3027 versaba-

280 3087 426 3135 mus,
452 3070 738 3125 caritatem
764 3079 1000 3124 vestram
1023 3068 1108 3122 vel
1130 3068 1182 3120 in
1213 3064 1437 3121 somniis
1463 3064 1750 3127 intuentes,
1777 3078 1873 3118 ne-

280 3180 384 3234 que
414 3164 652 3219 interdiu
699 3163 896 3229 solum,
941 3162 1039 3218 sed
1066 3162 1229 3217 etiam
1260 3169 1422 3215 noctu
1452 3157 1644 3213 iisdem
1673 3156 1874 3228 cogita-

284 3255 520 3311 tionibus
578 3254 735 3326 quasi
800 3254 1009 3310 deliciis
1063 3251 1501 3316 enutriebamur,
1568 3248 1702 3304 illud
1750 3263 1869 3303 cum

282 3348 571 3404 Salomone
616 3349 882 3404 scientes:
905 3346 1018 3418 Ego
1048 3346 1263 3411 dormio,
1294 3354 1339 3398 et
1368 3360 1455 3398 cor
1502 3359 1672 3398 meum
1698 3341 1875 3413 vigilat

286 3441 456 3512 (Cant.
481 3443 534 3497 5.
558 3441 637 3511 2).
680 3441 914 3511 ldipsum
941 3450 996 3495 et
1041 3440 1196 3495 nobis
1222 3437 1567 3508 contingebat
1592 3453 1606 3491 :
1634 3451 1758 3490 nam
1785 3449 1875 3490 so-

280 3538 393 3588 mni
420 3534 637 3604 quidem
664 3534 960 3588 necessitas
992 3531 1272 3602 palpebras
1319 3530 1460 3600 ipsas
1485 3526 1835 3583 contrahebat
1855 3566 1872 3593 ,

282 3625 526 3696 tyrannis
554 3640 683 3679 vero
703 3624 906 3679 amoris
930 3623 1096 3678 vestri
1117 3622 1304 3677 oculos
1332 3629 1531 3675 nostra:
1559 3619 1754 3674 mentis
1775 3633 1874 3673 ex—

281 3716 484 3772 citabat
515 3734 528 3771 :
568 3726 728 3787 atque
757 3729 1133 3786 sarpenumero
1162 3728 1256 3783 per
1305 3726 1551 3767 somnum
1593 3710 1873 3765 vobiscum

285 3808 432 3879 loqui
458 3807 589 3863 mihi
612 3806 851 3862 videbar.
890 3806 1104 3861 Etenim
1149 3803 1429 3859 consuevit
1450 3802 1625 3855 anima
1652 3815 1772 3870 qua:
1796 3800 1875 3853 in-

284 3898 460 3954 terdiu
487 3898 707 3968 cogitat,
731 3897 922 3953 eadem
952 3897 1005 3952 in
1032 3895 1239 3950 somnis
1266 3909 1361 3965 per
1391 3892 1727 3963 phantasiam
1757 3906 1878 3946 eer-

287 4005 436 4056 nere,
466 3989 609 4060 quod
632 3998 687 4045 et
713 3989 868 4045 nobis
899 3997 1025 4043 tunc
1050 3986 1243 4043 accidit
1272 4004 1284 4039 :
1309 3993 1363 4040 et
1395 3998 1491 4038 vos
1514 3983 1725 4038 carneis
1749 3997 1876 4037 ocu-

287 4081 354 4136 lis
380 4081 603 4136 miuime
635 4080 824 4136 videns
842 4120 858 4147 ,
887 4080 1054 4135 oculis
1082 4078 1320 4133 caritatis
1338 4075 1647 4141 cernebam,
1679 4089 1875 4143 corpo-

287 4187 455 4243 reque
500 4173 709 4228 absens
728 4214 742 4239 ,
770 4171 965 4227 affectu
1003 4184 1242 4242 praesens
1269 4184 1439 4230 eram.
1479 4176 1533 4222 et
1559 4183 1696 4223 mea:
1720 4181 1878 4221 aures

287 4278 501 4335 semper
526 4264 763 4319 clamore
791 4271 971 4317 vestro
990 4262 1368 4333 personabant.
1395 4261 1571 4328 Quare
1597 4266 1653 4314 et
1679 4273 1877 4328 corpo-

286 4357 363 4411 ris
391 4354 707 4426 augritudine
745 4355 818 4410 ibi
845 4355 1047 4410 diutius
1072 4361 1295 4425 cogente
1320 4352 1618 4418 immorari,
1650 4359 1707 4407 et
1734 4350 1878 4406 aeris

288 4448 605 4502 salubritate
646 4446 713 4501 ad
760 4448 942 4501 carnis
990 4446 1273 4501 sanitatem
1305 4444 1641 4514 proficiente,
1697 4441 1750 4496 id
1796 4441 1880 4495 vis

289 4538 491 4592 amoris
512 4538 679 4593 vestri
702 4553 809 4592 non
847 4538 1134 4605 tolerabat,
1163 4536 1260 4593 sed
1294 4535 1663 4597 exclamabat,
1698 4545 1873 4601 neque

293 4629 443 4698 prius
472 4629 811 4691 molestando
839 4629 1092 4694 cessavit,
1124 4643 1283 4699 quam
1314 4628 1469 4681 nobis
1494 4625 1727 4682 suaserit
1753 4633 1879 4680 ante

292 4720 569 4791 praaflxum
599 4730 809 4791 tempus
825 4735 1141 4792 exsurgere,
1170 4729 1224 4775 et
1244 4720 1527 4773 sanitatem
1553 4728 1606 4773 et
1630 4718 1877 4787 volupta-

294 4820 402 4865 tem
455 4818 511 4865 et
555 4824 717 4864 omne
756 4808 1131 4879 quodcumque
1155 4816 1239 4862 est
1263 4807 1461 4861 bonum
1495 4848 1511 4873 ,
1555 4815 1879 4861 conventum

294 4902 437 4957 hunc
463 4910 702 4956 vestrum
742 4901 1071 4957 existimare.
1110 4898 1245 4954 Huic
1269 4898 1429 4969 igitur
1456 4912 1661 4952 morem
1686 4913 1880 4969 geren-

293 5004 398 5061 tes,
425 4992 712 5047 maluimus
744 4992 944 5059 rcdire,
991 4994 1204 5046 tametsi
1234 4991 1404 5045 morbi
1435 4990 1678 5058 reliquiae
1707 4998 1877 5044 resta-

295 5097 437 5153 rent,
469 5101 631 5156 quam
659 5086 905 5156 corporis
935 5084 1298 5139 infirmitatem
1344 5098 1568 5153 prorsus
1611 5082 1882 5153 deponere

292 5187 621 5247 satagentes,
657 5177 725 5232 de
771 5185 968 5232 caetero
996 5176 1207 5231 caritati
1237 5184 1430 5230 vestrae
1478 5175 1751 5231 molestias
1795 5174 1881 5228 in-

293 5267 455 5322 ferre.
490 5267 620 5323 Nam
645 5279 701 5324 et
726 5268 835 5323 illic
859 5282 1084 5322 manens
1120 5267 1525 5322 criminationes
1554 5274 1762 5321 vestras
1781 5280 1881 5319 au-

294 5359 510 5415 diebam
535 5379 548 5415 :
572 5361 841 5416 continua:
868 5360 1012 5414 enim
1043 5359 1211 5414 litera:
1242 5359 1337 5412 has
1364 5359 1515 5414 nobis
1541 5357 1835 5412 atl‘erebant
1861 5395 1878 5422 ,

294 5452 642 5523 animumque
679 5453 897 5510 adhibui
926 5452 1338 5507 criminantibus
1366 5466 1472 5506 non
1497 5451 1694 5516 minus,
1721 5463 1879 5519 quam

297 5537 638 5593 laudantibus
661 5540 705 5592 ¹.
736 5537 867 5593 Nam
889 5538 1085 5591 animat
1125 5536 1346 5591 scientis
1366 5550 1547 5591 amare
1574 5535 1676 5589 illae
1702 5534 1884 5589 crimi-

359 5653 379 5687 ⁸
412 5652 624 5703 Colbert.
672 5653 742 5702 sic
778 5648 971 5701 titulum
1004 5651 1170 5709 habet,
1208 5650 1259 5701 in
1290 5656 1525 5703 sanctis...
1564 5644 1885 5711 Chrysostomt'

297 5727 518 5785 recensu
540 5727 653 5764 rure
676 5713 900 5785 regressi,
923 5720 969 5764 et
978 5715 1057 5785 με.
1081 5711 1371 5785 panitentt'a.

364 5779 386 5839 ξ
420 5775 591 5839 ΑΙὶὶιει
612 5774 795 5839 gratias
816 5777 893 5838 egi
917 5774 1301 5839 criminantibus,
1321 5783 1416 5839 etc.

364 5837 441 5899 (a)
473 5831 648 5902 collata
664 5852 774 5902 cum
804 5831 1053 5891 codicibus
1086 5839 1245 5902 Regiis
1287 5831 1421 5897 18°28,
1448 5834 1566 5885 1829
1595 5840 1645 5885 et
1666 5831 1808 5894 2524,
1830 5838 1882 5884 et

298 5913 409 5951 cum
430 5901 702 5951 Gothenin
725 5901 863 5953 5061.

1983 1143 2227 1195 nationes
2276 1140 2531 1207 fuerant,
2564 1140 2859 1198 absentiam
2929 1153 3166 1199 nostram
3227 1154 3565 1201 accusantes.

1992 1230 2286 1301 Propterea
2343 1247 2566 1303 surgens
2624 1235 2878 1299 cucurri;
2934 1246 3215 1307 propterea
3282 1252 3569 1308 numquam

1988 1336 2110 1377 mea
2127 1338 2222 1378 vos
2249 1336 2429 1380 mente
2456 1326 2602 1396 quivi
2623 1326 2942 1382 excludere:
2970 1329 3065 1383 sed
3092 1330 3216 1396 quid
3247 1331 3439 1384 mirum
3462 1332 3573 1385 ruri

1992 1415 2036 1469 si
2065 1425 2452 1483 commoratus,
2486 1418 2701 1472 licentia
2728 1417 2956 1488 quadam
2983 1428 3039 1474 et
3068 1420 3314 1475 libertate
3344 1420 3529 1475 fruens
3555 1463 3571 1485 ,

1988 1518 2184 1563 vestra:
2250 1508 2495 1564 caritatis
2539 1524 2646 1564 non
2694 1526 2813 1565 sum
2866 1510 3107 1565 oblitus:
3140 1513 3575 1584 quandoquidem

1994 1599 2191 1655 Paulus
2216 1600 2444 1656 vinculis
2464 1601 2731 1672 alligatus,
2761 1617 3032 1657 carcerem
3056 1602 3383 1671 inhabitans,
3412 1615 3577 1673 atque

1990 1690 2197 1747 infinita
2228 1707 2363 1762 pene
2392 1693 2633 1763 pericula
2663 1692 2997 1748 imminentia
3024 1692 3233 1760 videns,
3279 1694 3334 1748 in
3359 1708 3578 1749 carcere

1994 1802 2099 1842 non
2147 1802 2303 1843 secus
2348 1802 2506 1857 quam
2536 1787 2587 1842 in
2626 1796 2779 1858 prato
2808 1794 3072 1849 versatus,
3105 1786 3185 1840 sic
3210 1784 3431 1839 fratrum
3459 1801 3577 1841 me-

1989 1881 2213 1935 moriam
2256 1880 2527 1945 habebat,
2560 1889 2615 1934 et
2664 1879 2930 1935 scribebat
2971 1879 3156 1933 dicens
3188 1895 3201 1932 :
3234 1878 3379 1933 Sicut
3400 1888 3470 1932 est
3487 1880 3580 1948 ju-

1988 1980 2120 2024 stum
2143 1972 2266 2024 mihi
2289 1971 2383 2025 hoc
2410 1972 2593 2025 sentire
2607 1987 2699 2041 pro
2725 1970 2955 2023 omnibus
2978 1969 3191 2034 vobis,eo
3210 1967 3345 2038 quod
3369 1970 3580 2022 habeant

1990 2080 2078 2119 vos
2098 2065 2151 2119 in
2176 2064 2325 2119 corde
2343 2074 2388 2118 et
2413 2066 2466 2118 in
2503 2064 2716 2118 vinculis
2745 2065 2884 2129 meis,
2910 2065 2964 2117 in
2992 2064 3280 2134 defensione
3299 2071 3345 2115 et
3391 2063 3581 2131 conﬁr-

1990 2159 2210 2212 matione
2231 2159 2473 2230 evangelii
2491 2157 2911 2229 (PhilippJJ)?
2935 2159 3100 2215 Extra
3123 2158 3455 2213 inimicorum
3486 2172 3581 2212 ca-

1992 2257 2137 2315 tena,
2170 2249 2308 2303 intra
2339 2250 2537 2303 amoris
2561 2249 2942 2319 discipulorum
2969 2262 3156 2305 catena
3180 2266 3193 2302 :
3224 2249 3317 2305 sed
3346 2249 3581 2304 exterior

1990 2341 2203 2411 quidem
2235 2357 2300 2397 ex
2328 2340 2473 2397 ferro
2498 2351 2822 2409 constructa,
2846 2341 3067 2396 interior
3086 2357 3153 2396 ex
3168 2341 3389 2396 caritate
3406 2340 3578 2405 facta;

1991 2448 2042 2492 et
2065 2436 2205 2490 illam
2231 2432 2443 2507 quidem
2466 2448 2833 2503 saepenumero
2852 2432 3258 2504 deposuit,hanc
3277 2445 3405 2486 vero
3430 2445 3583 2483 num-

1991 2543 2149 2599 quam
2172 2527 2432 2582 dissolvit.
2461 2526 2564 2582 Sed
2594 2524 3040 2597 quemadmodum
3058 2524 3304 2577 mulieres
3325 2531 3583 2592 quotquot

1991 2621 2235 2677 dolorum
2262 2632 2440 2691 partus
2457 2620 2880 2689 experimentum
2907 2625 3262 2686 sumpsere,et
3287 2625 3483 2669 matres
3503 2613 3586 2668 fa-

1991 2723 2091 2769 ctae
2112 2723 2253 2780 sunt,
2283 2712 2494 2779 horum,
2517 2726 2651 2781 quos
2667 2719 3005 2780 pepererunt,
3025 2708 3345 2778 ubicumque
3365 2707 3582 2773 fuerint,

1992 2808 2216 2863 vinculis
2263 2821 2476 2876 semper
2518 2813 2642 2860 sunt
2689 2803 3060 2859 astrictaezsie
3098 2811 3152 2857 et
3176 2801 3393 2867 Paulus,
3424 2810 3583 2870 atque

1993 2902 2129 2958 adeo
2158 2901 2325 2956 multo
2350 2900 2572 2964 fortius,
2600 2898 2876 2968 discipulis
2904 2896 3016 2952 suis
3035 2894 3361 2960 adhaarebat,
3402 2901 3581 2947 tanto-

1995 3009 2099 3063 que
2121 2992 2308 3062 magis,
2332 2998 2532 3061 quanto
2558 2988 2890 3044 naturalibus
2918 2984 3220 3055 spirituales
3252 2994 3437 3054 partus
3458 2990 3584 3038 sunt

1996 3085 2365 3140 ferventiores.
2382 3082 2516 3137 Nam
2548 3096 2655 3135 non
2684 3078 2849 3134 semel
2880 3119 2896 3145 ,
2928 3077 3025 3132 sed
3049 3075 3265 3131 eosdem
3294 3074 3375 3128 bis
3402 3082 3584 3143 partu-

1996 3179 2139 3244 rivit,
2168 3184 2223 3231 et
2241 3173 2506 3229 clamabat
2524 3172 2728 3236 dicens,
2758 3168 2937 3223 Filioti
2967 3169 3085 3234 mei,
3112 3182 3236 3238 quos
3258 3167 3437 3219 iterum
3459 3180 3583 3234 par-

1998 3271 2129 3324 turio
2160 3266 2303 3340 (Gal.
2354 3267 2408 3321 4.
2439 3262 2552 3338 19).
2585 3263 2640 3319 ld
2670 3277 2799 3317 vero
2824 3262 3017 3317 mulier
3046 3275 3334 3329 numquam
3366 3268 3581 3327 patere-

1999 3371 2108 3425 tur,
2136 3374 2308 3430 neque
2334 3357 2582 3412 sull‘erret
2606 3355 2825 3411 eosdem
2849 3354 3041 3408 iterum
3084 3352 3299 3407 dolores
3329 3369 3341 3405 :
3370 3349 3463 3405 sed
3503 3360 3585 3404 to-

1998 3452 2204 3509 lerabat
2231 3452 2330 3505 hoc
2369 3449 2587 3515 Paulus,
2629 3446 2769 3517 quod
2803 3446 2854 3499 in
2894 3456 3083 3499 natura
3112 3459 3217 3498 non
3259 3451 3342 3498 est
3366 3442 3580 3496 videre:

1999 3557 2056 3602 ut
2083 3561 2217 3616 quos
2246 3543 2411 3599 semel
2436 3549 2737 3613 pepererat,
2770 3539 2961 3594 iterum
2998 3540 3279 3607 reciperet,
3324 3545 3378 3590 et
3401 3544 3586 3589 acutos

1997 3656 2159 3712 super
2188 3639 2292 3695 illis
2337 3638 2551 3692 dolores
2603 3636 2879 3705 perferret.
2936 3631 3225 3701 Propterea
3265 3640 3319 3685 et
3356 3627 3587 3683 confun-

2000 3732 2129 3788 dere
2180 3745 2275 3786 eos
2322 3729 2545 3793 volens,
2598 3726 2733 3781 dixit
2783 3742 2797 3779 :
2854 3722 2994 3788 Quos
3055 3723 3237 3776 iterum
3312 3720 3539 3791 partzm'o
3566 3735 3587 3773 :

2000 3823 2152 3896 quasi
2201 3822 2443 3888 diceret,
2496 3821 2706 3875 Parcite
2761 3817 2893 3872 mihi
2929 3835 2943 3871 :
2975 3816 3151 3870 nullus
3208 3813 3349 3868 ﬁlius
3391 3828 3587 3867 secun-

2000 3916 2071 3972 do
2137 3923 2439 3971 maternum
2504 3923 2713 3966 uterum
2787 3919 2973 3980 partus
3040 3906 3313 3962 doloribus
3363 3904 3586 3971 affecit,

1998 4008 2139 4080 quod
2193 4022 2280 4061 me
2325 4006 2433 4075 pati
2486 4003 2692 4073 cogitis.
2744 4000 2894 4055 Licet
2938 3998 3153 4054 dolores
3202 3996 3278 4050 illi
3321 4010 3427 4049 uno
3456 4005 3590 4049 tem-

2000 4102 2147 4172 poris
2171 4109 2441 4155 momento
2481 4102 2761 4167 torqueant
2785 4135 2801 4159 ,
2829 4103 2987 4162 atque
3016 4092 3217 4146 infante
3243 4104 3307 4143 ex
3348 4088 3468 4142 alvo
3496 4087 3592 4140 de-

2005 4192 2219 4248 labente
2258 4200 2311 4245 et
2342 4190 2442 4259 ipsi
2468 4202 2680 4259 quoque
2708 4185 3022 4239 delabantur
3053 4202 3065 4237 :
3098 4182 3151 4236 hi
3181 4196 3309 4236 vero
3355 4194 3459 4233 non
3485 4180 3586 4244 sic,

2002 4285 2099 4342 sed
2120 4297 2173 4340 et
2195 4284 2471 4341 mensibus
2491 4280 2709 4350 integris
2732 4286 2982 4333 maneant
3015 4295 3028 4330 :
3059 4291 3177 4329 nam
3205 4284 3260 4328 et
3281 4288 3477 4327 annum
3503 4281 3587 4324 to-

2002 4389 2114 4435 tum
2140 4390 2507 4448 smpenumero
2546 4371 2823 4443 parturivit
2858 4368 3053 4424 Paulus
3074 4409 3088 4433 ,
3117 4376 3275 4436 atque
3301 4372 3590 4433 conceptos

2004 4488 2109 4528 non
2131 4470 2338 4542 peperit
2363 4486 2375 4522 :
2403 4476 2455 4522 et
2484 4465 2593 4520 illic
2619 4462 2834 4535 quidem
2861 4460 3036 4516 carnis
3060 4470 3141 4514 est
3166 4459 3335 4521 labor,
3362 4456 3449 4511 hic
3461 4470 3591 4509 vero

2001 4566 2221 4621 dolores
2262 4577 2367 4617 non
2405 4566 2645 4614 ventrem
2689 4554 3015 4616 distendunt,
3050 4550 3146 4606 sed
3187 4548 3379 4603 anima:
3428 4545 3593 4600 robur

2004 4659 2257 4713 lacerant.
2286 4657 2460 4725 Atque
2482 4661 2538 4707 ut
2551 4652 2729 4706 discas
2749 4663 2841 4702 eos
2858 4648 3203 4701 ferventiores
3220 4657 3339 4697 esse
3352 4640 3588 4707 dolores,

2000 4764 2122 4820 qua:
2164 4760 2395 4817 unquam
2446 4752 2619 4797 mater
2654 4747 2803 4810 optat
2848 4746 3091 4791 natorum
3132 4736 3249 4789 loco
3294 4733 3591 4804 gehennam

2002 4838 2307 4897 sustinere?
2346 4835 2442 4889 Hic
2484 4849 2611 4888 vero
2640 4847 2746 4886 non
2777 4828 2937 4884 modo
2961 4826 3282 4898 gehennam,
3311 4825 3404 4880 sed
3443 4832 3594 4893 Optat

2001 4934 2162 4989 etiam
2202 4928 2486 4984 anathema
2510 4940 2632 4980 esse
2661 4939 2690 4976 a
2707 4922 2922 4977 Christo
2948 4920 3123 4989 (Rom.
3155 4918 3206 4972 9.
3232 4918 3286 4986 3)
3304 4958 3320 4983 ,
3348 4929 3453 4985 quo
3470 4930 3595 4984 pos-

2002 5034 2086 5081 set
2108 5022 2321 5080 Judazos
2355 5032 2544 5089 parere
2569 5031 2703 5086 quos
2728 5028 2940 5083 semper
2963 5011 3214 5066 continue
3244 5006 3589 5078 parturicbat,

2004 5125 2059 5170 et
2096 5114 2346 5185 quoniam
2366 5111 2416 5165 id
2442 5125 2547 5163 non
2578 5107 2881 5170 eveniebat,
2908 5103 3027 5158 ideo
3048 5099 3261 5155 dolebat
3279 5097 3589 5152 etdicebat:

2003 5208 2232 5263 Tristitia
2275 5203 2400 5257 mihi
2428 5210 2498 5257 est
2537 5216 2739 5271 magna,
2770 5205 2815 5250 et
2842 5196 3107 5250 continuus
3152 5192 3296 5245 dolor
3322 5188 3464 5242 cordi
3483 5202 3593 5239 meo

2005 5300 2182 5373 (Rom.
2234 5298 2288 5353 9.
2364 5296 2457 5359 2).
2505 5296 2678 5364 Atque
2713 5291 2798 5345 hic
2839 5303 3023 5345 rursus
3055 5302 3069 5341 :
3100 5281 3417 5346 Filiolimei,
3467 5294 3593 5349 quos

2005 5372 2186 5451 iterum
2216 5391 2464 5464 periurio,
2486 5388 2644 5443 donec
2669 5386 2898 5442 Christus
2923 5389 3167 5455 formetur
3192 5380 3243 5432 in
3270 5376 3405 5431 vobis
3446 5372 3585 5443 ((ἶαι.

2004 5486 2496 5560 4.19).Quidnam
2561 5484 2685 5538 alvo
2738 5480 2825 5534 illa
2882 5476 3087 5532 beatius
3129 5471 3243 5533 fuit,
3288 5465 3593 5560 quat‘tales

2008 5584 2148 5639 ﬁlios
2162 5554 2358 5651 parere
2376 5575 2566 5647 potuit,
2589 5572 2678 5643 qui
2707 5571 2758 5624 in
2776 5585 2833 5624 se
2853 5566 3117 5623 Christum
3142 5557 3442 5615 haberent?
3463 5554 3589 5625 quid

2007 5691 2135 5731 vero
2172 5646 2485 5727 ifoecundius
2531 5681 2618 5732 ea,
2658 5678 2775 5733 quae
2822 5659 3009 5714 orbem
3048 5654 3327 5725 progenuit
3378 5646 3590 5702 totum?

2006 5769 2133 5841 quid
2152 5782 2214 5824 ea
2242 5765 2451 5827 fortius,
2479 5776 2599 5832 quae
2614 5758 2786 5815 editos
2812 5764 2866 5809 et
2890 5752 3098 5807 adultos
3118 5745 3388 5803 abortivos
3410 5749 3590 5814 posset

2006 5837 2183 5918 denuo
2211 5856 2491 5927 concipere
2538 5868 2600 5909 ac
2644 5846 2974 5907 reformare?
3004 5844 3057 5900 id
3086 5843 3227 5900 cuitu
3267 5841 3321 5895 in
3359 5837 3588 5893 naturali
