4046 6396
501 403 612 464 979

501 526 654 586 partu
703 528 900 590 praeter
946 521 1207 581 humanas
1243 537 1325 582 est
1354 532 1516 586 vires.
1550 536 1724 600 Quare
1772 541 1931 610 igitur
1980 561 2084 601 non

499 610 633 664 dixit
661 628 676 666 :
710 612 886 668 Fitioli
927 616 1044 682 mei,
1073 634 1199 687 quos
1246 621 1426 674 iterum
1457 640 1771 696 progenero,
1809 633 1924 699 sed,
1971 653 2092 705 par-

497 705 632 756 turio
659 705 684 759 .9
727 705 939 760 Etenim
961 708 1083 762 alibi
1111 725 1369 779 generare
1385 729 1444 770 se
1465 716 1611 783 dicit,
1643 719 1710 774 In
1738 722 1938 780 Christo
1958 729 2090 783 enim

497 792 624 848 Jesu
677 813 768 867 ego
813 813 900 852 vos
941 800 1098 870 genui
1120 802 1194 875 (I.
1225 803 1340 859 Cor.
1373 808 1422 862 4.
1452 810 1563 880 15).
1602 811 1713 868 Illic
1738 830 1865 886 ergo
1893 833 2090 888 cogna-

503 887 698 943 tionem
729 895 1096 949 tantummodo
1115 899 1398 956 ostendere
1420 905 1605 972 voluit,
1640 909 1723 962 hic
1753 926 1878 966 vero
1905 887 2088 971 etido-

500 976 668 1034 larem
713 997 895 1037 coram
937 996 1172 1043 statuere
1235 1003 1458 1047 conatus
1489 1004 1590 1050 est.
1623 998 1900 1065 Quomodo
1941 1007 2086 1062 enim

504 1071 639 1126 filios
670 1084 841 1142 vocat,
873 1093 1006 1146 quos
1034 1081 1269 1136 nondum
1295 1085 1484 1140 enixus
1511 1089 1626 1143 est?
1655 1091 1698 1144 si
1723 1094 1864 1147 enim
1893 1107 2082 1164 partu-

496 1163 596 1225 rit,
631 1165 867 1220 nondum
902 1171 1107 1237 peperit
1142 1190 1156 1226 :
1188 1177 1457 1243 quomodo
1485 1194 1612 1249 ergo
1640 1183 1776 1238 tilias
1803 1163 1991 1244 vocat?
2020 1190 2086 1246 Ut

497 1251 694 1322 discas,
725 1255 874 1313 illum
905 1276 1008 1316 non
1038 1265 1304 1332 prioribus
1326 1279 1510 1333 partus
1531 1270 1803 1329 doloribus
1827 1286 1949 1332 tunc
1970 1295 2084 1335 cru-

496 1341 715 1411 eiatum,
748 1348 888 1416 quod
917 1355 1047 1405 satis
1073 1353 1179 1408 illis
1202 1366 1318 1410 erat
1345 1357 1410 1411 ad
1440 1362 1707 1418 ruborem.
1746 1366 1973 1434 Etenim,
2002 1372 2084 1425 in:

494 1435 630 1504 quit,
657 1442 823 1496 semel
845 1442 1011 1498 factus
1034 1463 1149 1500 sum
1176 1457 1342 1516 pater,
1390 1451 1731 1524 debitumque
1762 1458 1812 1511 in
1846 1476 1939 1515 vos
1963 1478 2082 1531 par-

496 1537 606 1580 tum
628 1529 866 1598 toleravi,
899 1550 992 1590 vos
1015 1553 1143 1591 vero
1166 1539 1254 1593 lilii
1284 1543 1450 1596 semel
1475 1542 1594 1599 facti
1623 1549 1753 1603 estis
1777 1568 1790 1602 :
1814 1529 2080 1620 quomodo

492 1610 578 1670 tne
603 1619 668 1672 ad
716 1625 981 1680 secundos
1018 1627 1212 1683 iterum
1254 1631 1467 1688 dolores
1510 1637 1756 1693 mittitis?
1785 1644 1914 1698 satis
1935 1647 2076 1700 enim

493 1707 585 1775 qui
635 1708 896 1780 principio
938 1715 1217 1783 habentur,
1268 1731 1389 1775 sunt
1422 1735 1603 1792 partus
1656 1729 1908 1797 dolores;
1951 1737 2076 1804 quid

494 1811 582 1852 me
633 1801 870 1856 secundo
922 1805 1196 1862 doloribus
1223 1812 1519 1868 cruciatis?
1545 1815 1675 1871 Nam
1715 1801 1980 1876 Iideliumi
2002 1826 2078 1878 la-

493 1902 642 1957 psus,
678 1907 781 1945 non
812 1895 1070 1950 minorem
1105 1899 1226 1968 ipsi,
1259 1911 1416 1971 quam
1461 1907 1550 1974 qui
1576 1910 1808 1964 nondum
1835 1914 2076 1971 credide-

492 1991 646 2046 rant,
670 1981 905 2042 laborem
932 1989 1248 2048 inferebant.
1271 1993 1606 2055 Intolerabile
1641 2004 1780 2058 enim
1813 2016 1930 2061 erat
1957 2019 2075 2078 post

490 2073 671 2130 talium
719 2083 1090 2150 mysteriorum
1141 2076 1569 2146 communionem
1613 2096 1793 2153 videre
1817 2102 2072 2169 quosdam

484 2162 552 2216 ad
582 2163 906 2235 impietatem
933 2184 1122 2243 sponte
1157 2176 1441 2235 declinare.
1470 2182 1642 2249 Quare
1667 2162 1858 2244 acriter
1883 2192 2072 2249 admo-

488 2253 614 2310 dum
659 2273 721 2313 ac
752 2261 896 2315 omni
942 2266 1165 2321 muliere
1193 2269 1543 2328 miserabilius
1592 2275 2073 2344 ingemiscebatdi-

489 2360 617 2401 cens
649 2365 662 2402 :
694 2347 869 2404 Filioli
899 2354 1013 2420 mei,
1053 2372 1175 2425 quos
1195 2359 1375 2413 iterum
1402 2367 1816 2431 parturia,donec
1843 2370 2072 2429 Christus

486 2437 732 2506 formetur
759 2441 810 2492 in
854 2443 988 2497 vobis
1027 2444 1184 2516 (Gal.
1209 2450 1262 2502 4.
1295 2450 1420 2520 19).
1449 2453 1500 2506 Id
1539 2465 1712 2510 autem
1739 2459 1942 2516 dicebat
1968 2505 1982 2528 ,
2018 2476 2074 2519 ut

486 2523 590 2578 illis
613 2528 854 2584 fiduciam
882 2532 1038 2588 simul
1073 2546 1128 2590 et
1173 2538 1411 2595 timorem
1445 2543 1734 2602 indui-cret.
1769 2533 1898 2604 Cum
1931 2555 2070 2608 enim

483 2618 717 2672 ostendit
757 2637 862 2674 non
896 2624 1178 2680 formatum
1225 2629 1276 2682 in
1329 2633 1457 2700 ipsis
1487 2634 1779 2703 Christum,
1827 2642 2070 2698 timorem

484 2709 707 2765 incussit
743 2722 799 2767 et
843 2719 1087 2785 agoniam
1135 2737 1149 2774 :
1191 2737 1308 2774 cum
1337 2724 1718 2783 demonstravit
1759 2748 1914 2799 posse
1963 2733 2072 2790 for-

482 2801 637 2863 .nari,
661 2802 851 2858 iterum
883 2805 1126 2863 fiduciam
1153 2810 1358 2866 indidit.
1387 2813 1515 2869 Cum
1542 2820 1683 2872 enim
1713 2821 1924 2890 dicitur,
1961 2824 2074 2880 Do-

487 2906 577 2944 nec
613 2897 878 2963 formetur,
931 2907 1212 2970 utrumque
1255 2906 1548 2962 ostenditur
1571 2951 1584 2973 ,
1613 2920 1666 2965 et
1696 2915 1930 2968 nondum
1960 2916 2069 2971 for-

484 2995 686 3039 malum
716 2983 855 3055 esse,
894 3000 948 3043 et
971 2989 1188 3047 formari
1236 2995 1425 3051 iterum
1455 3015 1628 3068 posse.
1679 3002 1732 3057 Si
1764 3007 1904 3060 enim
1955 3007 2071 3064 fieri

485 3091 590 3130 non
618 3089 818 3146 posset,
846 3081 895 3135 in
927 3099 1148 3138 vacuum
1176 3087 1242 3140 ad
1265 3105 1356 3143 eos
1378 3091 1623 3160 dixisset,
1652 3095 1822 3151 Donec
1845 3098 2071 3157 Christus

482 3169 731 3238 formetur
757 3174 809 3226 in
837 3175 973 3230 vobis
996 3193 1014 3230 :
1035 3188 1089 3232 et
1113 3178 1255 3248 ipsos
1280 3197 1374 3252 spe
1402 3199 1539 3239 vana
1568 3187 1837 3244 lactasset.

563 3265 618 3319 2.
662 3267 953 3339 Desperatio
983 3281 1028 3324 et
1053 3274 1281 3342 segnities
1303 3277 1611 3345 perniciosis.
1656 3310 1726 3320 ——
1764 3281 1888 3337 Haec
1915 3283 2072 3354 igitur

487 3355 719 3411 scientes
742 3399 756 3420 ,
794 3375 962 3428 neque
985 3361 1081 3430 ipsi
1109 3379 1138 3416 a
1168 3380 1263 3433 spe
1291 3365 1541 3422 cudamus
1565 3410 1579 3435 ,
1611 3370 1705 3424 sed
1751 3387 1921 3442 neque
1955 3391 2071 3429 oni-

485 3449 616 3504 nino
643 3450 986 3519 pigritemur;
1029 3465 1248 3524 utraque
1283 3458 1424 3512 enim
1461 3460 1572 3515 hzec
1615 3465 1931 3532 perniciosa.
1965 3466 2071 3521 De-

485 3543 718 3610 speratio
743 3544 955 3612 quidem
978 3545 1240 3614 jacentem
1264 3564 1547 3620 exsurgere
1576 3568 1678 3606 non
1705 3555 1832 3608 sinit
1855 3597 1869 3622 ,
1902 3556 2066 3626 pigri-

489 3634 560 3686 tia
589 3649 716 3687 vero
747 3647 799 3688 et
826 3645 1052 3690 stantem
1083 3638 1274 3693 cadere
1312 3639 1438 3695 facit
1469 3659 1482 3696 :
1527 3651 1685 3712 atque
1731 3645 1818 3699 illa
1858 3647 2071 3716 quidem

485 3723 597 3793 jam
625 3725 785 3792 partis
814 3727 1021 3794 privare
1047 3743 1144 3783 nos
1175 3729 1311 3783 solet
1341 3731 1492 3785 bonis
1516 3773 1530 3796 ,
1560 3733 1675 3788 hzec
1704 3736 1856 3789 malis
1884 3737 2073 3806 quibus

491 3830 746 3883 urgemur
775 3830 871 3868 nos
899 3816 1111 3871 liberari
1143 3834 1247 3872 non
1274 3820 1436 3885 sinit,
1477 3832 1531 3876 et
1556 3826 1826 3892 neglectus
1855 3825 2070 3896 quidem

493 3920 559 3959 ex
588 3905 714 3976 ipsis
742 3906 973 3961 detrudit
1001 3910 1146 3964 caelis
1171 3951 1186 3977 ,
1211 3911 1512 3981 desperatio
1533 3931 1659 3969 vero
1682 3919 1732 3970 in
1761 3919 1926 3987 ipsam
1959 3937 2074 3973 ma-

494 3997 624 4053 litiae
668 3998 880 4055 deducit
926 4001 1173 4072 abyssum
1200 4044 1215 4069 ,
1265 4005 1399 4060 sicut
1443 4007 1486 4059 si
1534 4023 1640 4062 non
1693 4009 2065 4081 desperemus,

497 4089 606 4144 cito
634 4089 776 4146 illinc
805 4092 1126 4148 redueimur.
1156 4094 1445 4150 Considera
1477 4115 1604 4153 vero
1627 4102 1897 4172 utriusque
1925 4104 2029 4157 vim
2059 4122 2073 4159 :

493 4180 737 4237 diabolus
763 4193 913 4239 antea
943 4185 1113 4241 bonus
1148 4195 1300 4252 erat;
1342 4191 1595 4260 pigritans
1632 4209 1756 4248 vero
1793 4204 1846 4250 et
1883 4195 2076 4266 despe-

490 4287 616 4328 rans
643 4275 836 4329 cecidit
857 4318 871 4340 ,
905 4287 1153 4348 tantaque
1179 4280 1400 4336 obrutus
1428 4284 1625 4337 malitia
1654 4293 1769 4350 est,
1803 4296 1860 4341 ut
1889 4288 1942 4341 in
1975 4304 2073 4358 po-

491 4373 693 4419 sterum
725 4381 829 4421 non
863 4379 1122 4437 resurgat.
1152 4370 1304 4437 Quod
1335 4373 1474 4426 enim
1522 4373 1693 4430 bonus
1731 4375 1924 4444 fuerit,
1953 4379 2075 4433 audi

493 4453 620 4522 quid
650 4454 855 4511 dicatur
884 4475 897 4511 :
939 4457 1055 4512 Vidi
1083 4471 1310 4514 satanam
1349 4462 1500 4517 veluti
1528 4466 1701 4536 fulgur
1729 4470 1984 4524 cadentem
2013 4471 2077 4524 de

490 4546 615 4599 cado
667 4545 837 4616 (Luc.
880 4551 967 4602 10.
1013 4551 1142 4622 18).
1189 4553 1430 4623 Fulguris
1469 4559 1609 4611 enim
1651 4560 1976 4627 similitudo,
2020 4573 2074 4618 et

489 4637 781 4692 claritatem
816 4640 1052 4710 pristinre
1078 4647 1497 4702 conversationis
1522 4650 1792 4719 ostendit,
1835 4661 1889 4707 et
1922 4668 2076 4710 casus

492 4725 853 4783 velocitatem.
887 4731 1078 4787 Paulus
1107 4733 1445 4804 blasphemus
1488 4748 1641 4804 erat,
1685 4749 1738 4794 et
1781 4757 2073 4812 persequu-

490 4826 612 4882 tor,
639 4825 696 4872 et
723 4823 1138 4877 contumeliosus
1177 4842 1190 4878 :
1233 4827 1355 4894 quia
1399 4843 1525 4882 vero
1563 4829 1840 4886 desudavit
1883 4841 1937 4887 et
1979 4849 2074 4902 spe

490 4919 596 4960 non
623 4905 857 4973 decidit,
887 4919 940 4965 et
967 4917 1270 4968 exsurrexit
1293 4958 1307 4977 ,
1340 4932 1432 4984 par
1458 4919 1658 4986 angelis
1683 4919 1901 4974 effectus
1933 4939 1945 4974 :
1974 4922 2072 4978 Ju-

487 4997 584 5052 das
611 5000 882 5070 apostolus
912 5012 1022 5058 erat
1053 5045 1067 5069 ,
1113 5005 1206 5059 sed
1234 5008 1486 5074 pigritans
1513 5008 1680 5064 factus
1705 5020 1787 5065 est
1813 5013 2069 5080 proditor.

486 5088 649 5144 Latro
682 5091 807 5146 item
836 5105 955 5162 post
985 5103 1186 5149 tantum
1217 5098 1430 5151 malitiae
1455 5140 1468 5165 ,
1501 5100 1622 5168 quia
1649 5100 1716 5154 de
1742 5117 1836 5171 spe
1864 5118 1966 5156 non
2000 5104 2076 5156 la-

487 5195 618 5250 psus
664 5190 747 5236 est
772 5225 788 5249 ,
833 5191 955 5238 ante
995 5185 1128 5239 alios
1169 5187 1471 5255 paradisum
1516 5189 1852 5258 ingreditur:
1884 5192 2072 5246 Phari-

488 5290 629 5328 smus
681 5275 957 5331 conﬁdens
993 5292 1060 5331 ex
1096 5278 1213 5346 ipso
1248 5279 1455 5334 virtutis
1498 5281 1729 5336 culmine
1770 5282 1967 5338 decidit
2019 5285 2070 5338 in

487 5367 850 5436 profundum:
901 5369 1212 5438 publicanus
1267 5372 1390 5439 quia
1438 5386 1543 5425 non
1595 5372 1932 5441 desperavit,
1991 5375 2072 5429 sic

483 5469 694 5514 erectus
717 5468 835 5524 est,
867 5468 924 5515 ut
963 5460 1109 5515 illum
1150 5463 1488 5530 praeveniret.
1525 5462 1616 5518 Vis
1661 5473 1717 5518 ut
1758 5465 1850 5519 tibi
1889 5473 2074 5519 osten—

483 5552 608 5608 dam
636 5561 689 5606 et
718 5551 903 5605 urbem
932 5559 1096 5606 totam
1141 5551 1243 5606 hoc
1283 5552 1514 5607 fecisse?
1557 5553 1904 5608 Ninivitarum
1947 5554 2074 5610 urbs

486 5642 566 5698 sic
590 5641 764 5695 omnis
788 5652 994 5696 servata
1023 5650 1106 5696 est
1135 5661 1150 5697 :
1183 5641 1302 5696 illos
1330 5652 1476 5698 certe
1515 5643 1621 5696 lata
1656 5642 1765 5713 jam
1810 5646 2070 5700 sententia

487 5745 516 5784 a
541 5748 634 5799 spe
654 5731 951 5800 depulerat.
983 5731 1094 5786 Non
1122 5733 1263 5787 enim
1286 5733 1450 5796 dixit,
1479 5733 1533 5786 Si
1563 5734 1922 5802 pmuitentiam
1951 5751 2073 5804 ege-

489 5831 594 5877 rint
620 5863 635 5887 ,
667 5824 1058 5880 servabuntur:
1086 5823 1178 5882 scd
1209 5825 1377 5880 solum
1404 5865 1418 5893 ,
1464 5823 1586 5880 Tres
1631 5826 1794 5880 adhuc
1839 5829 1980 5891 dies,
2021 5839 2067 5882 ct

1227 411 1283 472 8.
1322 415 1601 479 JOANNIS
1637 424 2113 491 CHRYSOSTOMI
2150 437 2469 500 ARCI‘IIEP.
2511 401 3045 516 CONSTANTINQP.

3669 479 3778 534 230

2204 553 2390 611 Ninive
2417 562 2722 618 subvertetur
2748 567 2770 636 (
2790 567 2914 624 Ion.
2943 573 2996 626 '5.
3029 574 3062 630 4
3086 573 3130 646 ).
3163 576 3268 634 Sed
3299 589 3472 638 tamen
3503 601 3779 649 minitante

2200 646 2312 702 Deo
2334 691 2348 713 ,
2369 660 2420 706 et
2447 655 2701 723 propheta
2723 658 2986 718 clamante
3011 705 3026 731 ,
3057 673 3317 726 sententia
3337 673 3639 734 dilationem
3669 699 3778 736 non

2199 737 2429 796 habente
2470 760 2642 816 neque
2669 749 3056 811 distinctionem
3087 759 3124 825 ⁸,
3169 777 3278 817 non
3318 765 3621 824 ceciderunt
3661 776 3782 828 ani-

2197 833 2301 887 mis
2324 875 2338 898 ,
2371 851 2542 907 neque
2571 841 2737 898 bonas
2765 861 2887 915 spes
2915 850 3276 918 perdiderunt.
3320 856 3603 928 Propterea
3629 867 3777 920 enim

2197 921 2594 982 distinctionem
2627 948 2729 986 non
2760 939 3001 1006 apposuit
3031 981 3047 1007 ,
3087 957 3257 1012 neque
3299 921 3467 1013 dixit,
3500 950 3777 1007 Paeniten-

2195 1013 2321 1068 tiam
2351 1018 2396 1071 si
2424 1022 2666 1090 egerint,
2699 1027 3052 1084 servabuntur
3082 1049 3095 1084 :
3126 1049 3231 1101 quo
3254 1045 3306 1090 et
3339 1037 3437 1106 ipsi
3477 1039 3632 1095 latam
3680 1044 3775 1100 Dei

2195 1113 2515 1166 sententiam
2545 1115 2660 1170 sine
2681 1117 3018 1177 distinctione
3038 1125 3312 1182 audientes
3335 1169 3349 1193 ,
3381 1145 3550 1200 neque
3574 1135 3648 1190 sic
3675 1151 3776 1205 spe

2191 1198 2442 1256 cadamus
2465 1244 2479 1266 ,
2514 1205 2606 1258 sed
2651 1208 2717 1261 ad
2758 1209 2882 1265 illud
2917 1215 3216 1284 exemplum
3252 1221 3588 1288 respicientes
3611 1267 3624 1288 ,
3661 1242 3772 1281 non

2190 1287 2554 1359 desperemus.
2590 1296 2771 1368 Neque
2805 1300 2854 1353 in
2881 1317 2946 1356 eo
2982 1305 3152 1359 solum
3195 1307 3373 1364 videre
3407 1322 3489 1366 est
3528 1314 3621 1369 Dei
3661 1318 3773 1371 cle-

2191 1385 2444 1438 mentiam
2469 1427 2484 1451 ,
2510 1389 2649 1456 quod
2675 1395 2951 1448 sententia:
2983 1397 3119 1450 nulla
3142 1398 3372 1454 adhibita
3393 1401 3731 1462 distinctione
3750 1450 3766 1471 ,

2189 1482 2364 1529 tamen
2411 1479 2788 1546 paenitentibus
2829 1488 3199 1544 reconciliatus
3238 1493 3344 1557 sit;
3375 1494 3465 1548 sed
3494 1497 3578 1550 vel
3606 1513 3672 1552 ex
3702 1515 3769 1554 eo

2187 1566 2345 1620 etiam
2369 1570 2511 1637 quod
2539 1573 2779 1630 absolute
2801 1575 2901 1630 lata
2923 1579 3008 1631 sit.
3037 1578 3167 1633 Nam
3189 1596 3383 1652 augere
3404 1585 3584 1641 volens
3605 1588 3767 1642 timo-

2186 1673 2299 1712 rem
2325 1700 2340 1725 ,
2375 1661 2743 1734 ingentemque
2773 1667 2979 1722 illorum
3008 1671 3283 1740 segnitiem
3313 1684 3527 1744 tangere
3551 1718 3566 1739 ,
3599 1678 3650 1732 id
3679 1679 3767 1733 ef-

2185 1749 2310 1804 fecit
2333 1792 2348 1817 ,
2382 1752 2657 1836 ipsumque
2690 1761 3010 1826 paenitentiae
3051 1774 3256 1833 tempus
3300 1765 3614 1823 ineffabilem
3644 1771 3766 1839 ejus

2185 1843 2416 1897 ostendit
2443 1828 2800 1902 clementiam.
2833 1850 3108 1917 Quomodo
3147 1828 3286 1908 enim
3327 1864 3434 1910 tres
3473 1858 3586 1914 dies
3629 1828 3762 1915 effe—

2184 1932 2422 2000 cissent,
2476 1943 2535 1990 ut
2578 1937 2846 1993 deleretur
2892 1942 3090 1996 malitia
3150 1945 3337 1998 tanta?
3386 1946 3569 2001 Cernis
3619 1951 3761 2018 quod

2183 2023 2341 2078 etiam
2369 2025 2492 2080 inde
2530 2028 2623 2082 Dei
2661 2031 2988 2098 providentia
3015 2036 3307 2104 appareat?
3335 2037 3452 2106 plus
3478 2039 3621 2093 enim
3647 2040 3763 2095 haec

2185 2113 2251 2168 ad
2282 2115 2400 2181 ejus
2429 2118 2573 2171 urbis
2611 2120 2834 2175 salutem
2864 2124 3104 2178 contulit.

2252 2203 2546 2273 Desperatio
2569 2210 2719 2263 telum
2741 2212 2948 2266 diaboli.
2970 2244 3042 2255 —
3062 2215 3185 2271 Haec
3211 2217 3365 2286 igitur
3379 2219 3607 2276 scientes
3630 2261 3646 2285 ,
3667 2237 3763 2291 spe

2184 2311 2471 2366 numquam
2498 2300 2768 2356 cadamus.
2803 2303 2983 2374 Neque
3014 2307 3154 2361 enim
3183 2309 3344 2363 ullum
3371 2311 3508 2365 adeo
3532 2313 3761 2366 validum

2178 2397 2261 2442 est
2281 2389 2443 2443 telum
2463 2391 2694 2460 diabolo,
2716 2409 2779 2449 ac
2795 2395 3095 2465 desperatio
3117 2417 3131 2465 ;
3153 2399 3350 2456 idcirco
3369 2418 3539 2472 neque
3555 2413 3660 2458 tam
3681 2406 3764 2458 Iae-

2181 2487 2290 2532 tnm
2309 2495 2430 2534 eum
2451 2493 2728 2551 peccantes
2757 2487 3211 2557 reddimus,quam
3240 2491 3600 2562 desperantes.
3623 2497 3759 2549 Audi

2178 2572 2231 2626 in
2252 2572 2710 2647 fornicante,quod
2746 2579 2859 2647 plus
2878 2595 3037 2650 quam
3053 2592 3323 2650 peccatum
3351 2585 3545 2640 Paulus
3568 2585 3760 2654 despe-

2178 2666 2436 2720 rationem
2463 2669 2717 2724 timuerit.
2737 2670 3025 2728 Corinthiis
3041 2673 3182 2727 enim
3207 2675 3443 2729 scribens
3459 2678 3536 2730 sic
3554 2677 3723 2746 inquit
3744 2695 3758 2730 :

2185 2755 2404 2812 Omnino
2431 2761 2635 2814 auditur
2657 2762 2711 2815 in
2739 2763 2874 2817 vobis
2919 2764 3219 2833 fornicatio,
3259 2775 3306 2820 et
3359 2770 3472 2823 tatis
3511 2785 3623 2838 qua:
3671 2785 3762 2823 nec

2179 2849 2308 2902 inter
2330 2860 2499 2920 gentes
2526 2853 2850 2921 nominatur(
2875 2854 2892 2908 l
2918 2855 3034 2910 Cor.
3055 2857 3109 2912 5.
3134 2859 3161 2914 1
3186 2857 3227 2928 ).
3253 2857 3366 2913 Νοη
3391 2859 3560 2924 dixit,
3589 2860 3757 2927 Quam

2179 2956 2279 2995 nec
2336 2942 2389 2996 in
2439 2944 2684 3013 gentibus
2731 2947 2964 3011 audent,
3019 2948 3153 3014 sed,
3195 2948 3374 3019 Neque
3417 2951 3753 3005 nominatur:

2177 3034 2318 3102 quod
2344 3036 2427 3089 vel
2455 3037 2668 3092 nomine
2705 3039 2880 3093 solum
2909 3040 3010 3094 illis
3037 3041 3364 3096 intolerabile
3399 3053 3520 3108 est,
3565 3043 3619 3097 id
3657 3045 3755 3112 ipsi

2177 3138 2340 3192 opere
2368 3128 2478 3179 ausi
2508 3129 2653 3182 estis.
2684 3129 2751 3183 Et
2779 3147 2863 3186 vos
2899 3131 3065 3201 inﬂati
3113 3134 3228 3188 estis
3268 3132 3444 3206 (Ibid.
3471 3151 3522 3188 υ.
3546 3135 3581 3188 2
3607 3135 3667 3203 )?
3694 3135 3758 3190 Et

2178 3230 2283 3268 non
2311 3217 2482 3283 dixit,
2515 3218 2607 3275 Ille
2635 3220 2845 3277 inﬂatus
2873 3233 2995 3278 est:
3041 3224 3132 3279 sed
3166 3241 3284 3280 eum
3310 3267 3326 3293 ,
3363 3227 3452 3296 qui
3498 3243 3755 3296 peccave-

2178 3316 2260 3360 rat
2283 3347 2298 3374 ,
2322 3307 2591 3364 dimittens
2612 3351 2625 3374 ,
2653 3327 2812 3367 sanos
2837 3315 3118 3385 alloquitur
3143 3335 3156 3370 :
3183 3318 3626 3387 quemadmodum
3645 3335 3754 3373 me-

2180 3398 2282 3453 dici
2339 3398 2576 3468 faciunt,
2614 3419 2786 3473 aegros
2833 3405 3158 3461 dimittentes
3185 3448 3200 3472 ,
3245 3407 3384 3476 apud
3434 3409 3754 3478 propinquos

2181 3490 2358 3558 plures
2388 3505 2664 3547 sermones
2693 3493 2909 3549 habent.
2939 3496 3185 3565 Alioquin
3225 3497 3277 3552 hi
3303 3499 3473 3553 omnis
3500 3514 3754 3567 arrogan-

2181 3583 2266 3638 tire
2310 3584 2389 3637 illi
2424 3594 2668 3640 auctores
2706 3596 2894 3653 erant,
2933 3588 3073 3656 quod
3111 3604 3229 3642 eum
3273 3605 3377 3644 non
3424 3591 3755 3659 corriperent

2181 3688 2281 3728 nec
2333 3683 2615 3730 terrerent.
2675 3675 2888 3732 Crimen
2929 3678 3087 3747 igitur
3129 3694 3408 3733 commune
3448 3679 3612 3745 fecit,
3649 3694 3753 3749 quo

2181 3763 2348 3820 facilis
2373 3768 2576 3820 curatio
2605 3766 2837 3822 vulneris
2862 3778 3025 3824 esset.
3050 3769 3220 3824 Grave
3239 3771 3448 3840 quidem
3481 3780 3751 3840 peccatum

2180 3865 2263 3910 est
2283 3897 2298 3923 ,
2331 3856 2424 3911 sed
2450 3858 2616 3912 multo
2645 3860 2854 3928 gravius
2879 3859 3044 3914 altum
3066 3875 3255 3930 sapere
3277 3863 3330 3915 in
3359 3871 3594 3930 peccato.
3623 3861 3751 3916 Nam

2181 3947 2227 4000 si
2257 3946 2322 4001 de
2352 3947 2554 4016 justitia
2604 3948 2776 4002 inﬂari
2801 3989 2815 4015 ,
2864 3949 3081 4018 justitiae
3119 3951 3188 4006 sit
3227 3953 3544 4006 evacuatio:
3588 3953 3787 4006 multo.

2183 4037 2350 4106 magis
2392 4037 2443 4091 id
2486 4037 2537 4090 in
2581 4038 2809 4105 peccatis
2845 4039 2887 4092 si
2931 4039 3237 4108 contingat,
3277 4041 3560 4094 maximam
3602 4041 3755 4096 nobis

2177 4125 2438 4195 jacturam
2467 4128 2694 4195 inferet,
2724 4138 2882 4198 atque
2910 4129 3038 4198 ipsis
3072 4131 3300 4199 peccatis
3341 4132 3510 4200 majus
3549 4133 3753 4188 crimen

2181 4221 2358 4277 fuerit.
2387 4221 2672 4292 Propterea
2703 4223 2870 4291 inquit
2899 4240 2913 4277 :
2946 4221 3070 4278 Cum
3099 4224 3264 4276 omnia
3304 4239 3417 4292 qut:
3448 4226 3756 4294 prmeipiun-

2184 4322 2266 4366 tur
2309 4312 2443 4367 vobis
2469 4354 2484 4379 ,
2529 4314 2742 4383 feceritis
2767 4354 2780 4379 ,
2825 4315 2973 4368 dicite
3013 4316 3130 4383 quia
3175 4317 3299 4368 servi
3342 4315 3539 4370 inutiles
3581 4333 3758 4370 sumus

2185 4402 2466 4474 (Luc.I7.
2497 4404 2633 4475 10).
2686 4405 2740 4460 Si
2796 4406 2936 4459 enim
2964 4421 3095 4472 eos,
3145 4407 3231 4475 qui
3280 4408 3458 4461 omnia
3516 4407 3756 4473 faciunt,

2182 4494 2412 4564 dejicere
2467 4511 2525 4550 se
2569 4506 2777 4565 oportet
2822 4515 2836 4551 :
2874 4498 3039 4552 multo
3087 4500 3251 4568 magis
3309 4507 3363 4553 et
3422 4509 3753 4568 peccatorem

2183 4585 2312 4641 flere
2384 4586 2566 4650 decet,
2620 4597 2675 4642 et
2717 4589 2954 4642 infimum
3018 4603 3136 4643 sese
3180 4591 3415 4644 omnium
3475 4591 3754 4646 existima—

2183 4695 2262 4734 re.
2329 4679 2386 4734 ld
2443 4680 2619 4749 itaque
2663 4680 2981 4747 ostendens,
3047 4690 3168 4734 tunc
3205 4681 3373 4746 dixit,
3427 4680 3492 4735 Et
3517 4698 3620 4736 non
3650 4700 3756 4735 ma-

2183 4771 2258 4841 gis
2303 4771 2507 4840 ﬂevistis
2567 4772 2586 4841 (
2629 4772 2680 4825 1.
2728 4769 2846 4825 Cor.
2894 4773 2947 4826 5.
2991 4770 3027 4825 2
3065 4770 3128 4842 )?
3183 4770 3318 4838 Quid
3381 4772 3556 4826 dicis?
3621 4776 3758 4828 alter

2187 4862 2438 4930 peccavit,
2498 4869 2552 4915 et
2596 4876 2695 4930 ego
2738 4861 2998 4930 plorabo?
3056 4862 3168 4926 Ita,
3228 4863 3398 4931 inquit
3443 4880 3457 4917 :
3515 4865 3756 4934 corporis

2183 4953 2323 5006 enim
2409 4961 2461 5007 et
2519 4953 2876 5008 membrorum
2929 4954 3173 5023 exemplo
3250 4964 3433 5010 mutuo
3494 4956 3756 5025 compacti

2182 5057 2408 5106 sumus;
2456 5043 2508 5096 in
2547 5058 2770 5113 corpore
2811 5053 2989 5097 autem
3031 5045 3236 5098 tametsi
3283 5060 3376 5114 pes
3403 5045 3592 5099 vulnus
3619 5050 3759 5100 acci-

2184 5137 2310 5205 piat,
2355 5136 2499 5189 humi
2528 5144 2686 5205 caput
2713 5137 2949 5191 inclinari
2977 5137 3237 5193 videmus.
3270 5138 3333 5192 Et
3357 5139 3480 5209 quid
3507 5155 3572 5194 eo
3596 5156 3762 5196 vene-

2183 5228 2442 5282 rabilius?
2481 5226 2586 5282 Sed
2614 5237 2787 5282 tamen
2814 5227 3120 5298 dignitatem
3152 5244 3296 5283 suam
3319 5246 3424 5284 non
3448 5231 3595 5285 novit
3617 5231 3755 5285 caia-

2184 5323 2378 5376 mitatis
2419 5329 2658 5391 tempore
2686 5339 2699 5372 :
2728 5322 2864 5375 idem
2887 5331 2941 5375 et
2978 5322 3089 5390 ipse
3121 5321 3220 5376 fac.
3267 5321 3440 5389 Quare
3468 5331 3522 5376 et
3558 5323 3750 5377 Paulus

2183 5414 2432 5470 admonet
2450 5454 2465 5482 ,
2508 5412 2739 5468 Gaudere
2763 5430 2874 5467 cum
2899 5414 3226 5483 gaudentibus
3249 5455 3263 5479 ,
3294 5416 3416 5484 ﬂere
3452 5433 3563 5469 cum
3587 5418 3753 5485 ﬂenti-

2249 5591 2265 5622 ¹
2301 5590 2345 5638 si
2363 5590 2575 5638 Sarravio
2598 5589 2820 5638 credatur
2843 5588 2899 5636 ad
2926 5587 3199 5636 Salmasium
3229 5589 3476 5647 scribenti,
3500 5587 3604 5636 loco
3628 5592 3752 5637 vocis

2178 5644 2359 5696 Griecae
2379 5659 2582 5711 διορισμὸν,
2609 5663 2718 5711 quia
2742 5648 3086 5698 distinctionem
3103 5649 3355 5756 signiﬁcat,
3383 5644 3646 5718 legendum
3679 5662 3752 5717 est

2183 5721 2401 5756 διωισιιλν.
2427 5711 2472 5756 id
2504 5720 2595 5756 est-
2639 5725 2840 5756 moram.
2866 5711 2973 5756 Sed-
3009 5712 3056 5756 ni
3093 5710 3150 5756 fal
3172 5724 3243 5756 or.
3278 5719 3458 5756 8mm.
3478 5723 3565 5756 seu
3587 5711 3752 5756 dtstm-

2183 5721 2401 5774 διωρισμὸν,
2427 5710 2596 5782 idest,
2630 5710 2840 5782 moram.
2866 5711 2974 5782 Sed,
3009 5712 3056 5758 ni
3093 5710 3258 5782 fallor,_
3278 5710 3570 5782 διᾳρισιιρξ-εθιξ
3587 5710 3753 5779 distiu~

2183 5771 2383 5822 ctionem
2399 5774 2576 5832 optime
2599 5773 2799 5833 quadrat
2823 5786 2834 5820 ε
2862 5780 3090 5820 cauerunt
3116 5772 3224 5820 huic
3247 5771 3436 5821 lectioni
3454 5772 3579 5821 favet
3593 5773 3751 5820 series

2187 5837 2312 5898 ipsa;
2339 5843 2388 5884 et
2411 5833 2617 5897 alioquin
2635 5842 2807 5897 quater
2822 5834 3059 5896 repetitur
3079 5848 3188 5898 vox,
3216 5841 3408 5896 διορισμόν.
