4046 6396
370 432 478 489 279

369 546 478 616 7&9
511 544 604 597 ἐπὶ
630 542 737 597 τῶν
760 544 1003 613 φυσικῶν
1028 543 1202 597 τόκων
1234 542 1514 599 ἀδύνατον.
1548 545 1647 599 Διά
1680 549 1731 598 τί
1758 546 1815 600 δέ
1843 547 1944 599 οὐκ

369 629 523 703 1281]
545 624 665 681 εἶπε
686 646 699 657 ·
743 632 954 681 Τεκνία
967 646 1110 695 μου,
1139 628 1246 694 οὒς
1269 628 1456 682 πάλιν
1498 629 1800 697 ἀναγεννῶ,
1831 630 1944 683 ἀλλ’

366 713 595 773 (Mira);
629 711 803 764 καίτοι
842 727 905 779 γε
955 710 1187 781 ἀλλαχοῦ
1236 714 1429 783 γεννᾷν
1464 730 1628 784 φησιν
1650 732 1665 746 ο
1710 715 1807 767 Ἑν
1838 714 1946 785 7&9

370 792 604 863 Χριστῷ
648 793 843 861 Ἰησοῦ
874 793 1030 863 ὑμᾶς
1060 794 1379 863 ἐγέννησα.
1420 796 1568 848 Ἐκεῖ
1601 797 1698 866 μὲν
1730 793 1823 850 οὖν
1850 796 1947 867 τήν

372 879 689 947 συγγένειαν
727 877 964 948 δηλῶσαι
1002 879 1163 948 μόνον
1190 878 1439 931 ἐϐούλετο
1463 895 1474 908 ·
1506 875 1739 933 ἐνταῦθα
1769 880 1825 932 δέ
1852 882 1948 933 καὶ

368 963 457 1016 τὸν
484 964 646 1015 πόνον
660 963 1007 1032 παραστῆσαι
1041 961 1360 1027 ἐσπούδαζε.
1381 962 1504 1026 Πῶς
1525 963 1582 1015 δέ
1610 964 1778 1017 τέκνα
1794 962 1950 1016 καλεῖ

368 1049 439 1099 τά
469 1046 695 1117 μηδέπω
720 1046 1017 1115 τεχθέντα;
1052 1048 1101 1099 εί
1129 1046 1236 1117 7&9
1269 1046 1467 1112 ώδίνει,
1510 1047 1719 1099 οὐδέπω
1756 1048 1910 1100 ἔτεκε
1930 1064 1943 1077 ·

288 1160 293 1164 -
372 1130 485 1193 πῶς
504 1125 598 1183 οὖν
619 1129 783 1182 τέκνα
812 1129 1008 1195 καλεῖ;
1065 1130 1185 1183 Ἵνα
1225 1130 1423 1201 μάθῃς,
1477 1132 1559 1184 ὅτι
1601 1131 1707 1199 (οὐ)
1747 1130 1949 1193 ταύτας

367 1214 547 1267 ὠδίνει
577 1212 679 1277 τάς
708 1212 934 1284 πρώτας
980 1214 1198 1277 ὠδῖνας,
1230 1214 1366 1284 ὅπερ
1397 1214 1579 1268 ἱκανὸν
1605 1209 1673 1284 ἦν
1706 1215 1948 1277 ἐκείνους

371 1296 649 1370 ἐντρέψαι.
688 1297 800 1349 Καὶ
851 1296 960 1367 7&9
995 1298 1281 1367 ἐγενόμην,
1344 1299 1529 1368 φησιν,
1560 1298 1705 1364 ἅπαξ
1740 1299 1945 1369 πατὴρ,

371 1382 464 1434 καὶ
494 1379 586 1433 τὸν
616 1379 965 1449 ὀφειλόμενον
990 1382 1073 1448 ἐφ’
1104 1381 1232 1450 ὑμῖν
1263 1381 1530 1451 ὑπέμεινα
1566 1382 1742 1445 τόκον,
1778 1382 1952 1449 ἐγένεο

371 1464 465 1517 σθε
493 1462 550 1516 δὲ
584 1462 750 1516 τέκνα
780 1463 873 1514 καὶ
915 1464 1073 1533 ὑμεῖς
1099 1462 1244 1529 ἅπαξ
1271 1480 1283 1493 ·
1310 1462 1429 1525 πῶς
1457 1460 1548 1517 οῦν
1581 1465 1741 1517 πάλιν
1774 1482 1839 1535 με
1870 1466 1948 1527 είς

368 1546 630 1615 δευτέρας
668 1544 862 1607 ὠδῖνας
897 1545 1232 1615 ἐμϐάλλετε;
1274 1546 1447 1599 ἱκανοὶ
1474 1549 1521 1599 οί
1556 1549 1706 1601 πόνοι
1728 1548 1834 1600 τῶν
1862 1548 1950 1599 τό-

370 1648 483 1683 κων
514 1629 623 1681 τῶν
650 1628 709 1693 ἐξ
734 1629 928 1699 ἀρχῆς,
982 1630 1035 1682 τί
1062 1646 1129 1700 με
1165 1630 1455 1683 διατείνετε
1494 1632 1655 1685 πάλιν
1683 1635 1802 1694 ταῖς
1829 1630 1950 1684 όδύ-

370 1729 519 1778 ναις;
560 1711 681 1765 Τῶν
709 1712 818 1782 γάρ
849 1712 1072 1781 μηδέπω
1095 1715 1536 1767 πεπιστευκότων
1564 1715 1665 1767 οὐκ
1691 1715 1948 1768 ἐλάττονα

369 1797 529 1849 πόνον
560 1797 818 1865 παρεῖχεν
862 1794 1011 1865 αὐτῷ
1030 1794 1139 1847 τῶν
1172 1795 1381 1851 πιστῶν
1410 1797 1479 1849 τά
1517 1796 1806 1867 πτώματα.
1838 1798 1948 1850 Καὶ

369 1879 478 1950 7&9
507 1874 576 1949 ἦν
607 1880 900 1949 ἀφόρητον,
926 1879 1062 1949 μετά
1090 1880 1187 1949 τὴν
1212 1880 1322 1933 τῶν
1352 1880 1607 1935 τοιούτων
1634 1881 1948 1951 μυστηρίων

372 1962 657 2015 κοινωνίαν
704 1963 840 2033 πρὸς
894 1963 992 2032 τὴν
1026 1962 1283 2016 ἀσέϐειαν
1322 1965 1751 2034 αὐτομολοῦντας
1782 1966 1944 2035 όρᾷν·

368 2045 450 2097 διὸ
478 2045 573 2097 καὶ
608 2044 814 2114 σφόδρα
849 2044 1013 2115 δριμὺ
1038 2047 1131 2098 καὶ
1170 2046 1350 2115 πάσης
1374 2048 1628 2115 γυναικὸς
1651 2047 1948 2116 περιπαθέ-

375 2144 563 2198 στερον
590 2127 914 2191 ἀνωνόλυζε,
948 2128 1120 2196 λέγων
1141 2145 1153 2157 ·
1192 2130 1400 2181 Τεκνία
1443 2147 1582 2197 μου,
1616 2130 1724 2194 οὓς
1763 2128 1949 2182 πάλιν

370 2210 580 2275 ὠδίνω,
608 2209 782 2279 ἄχρις
812 2207 882 2265 οὗ
903 2210 1189 2279 μορφωθῇ
1218 2211 1469 2280 Χριστὸς
1488 2213 1555 2264 ἐν
1578 2212 1738 2281 ὑμῖν.
1781 2212 1949 2264 Τοῦτο

367 2295 426 2348 δὲ
454 2295 661 2363 ἔλεγεν,
700 2293 835 2365 ὁμοῦ
866 2296 961 2348 καὶ
990 2295 1253 2366 θαρρῦναι
1291 2297 1385 2349 καὶ
1418 2296 1653 2366 φοϐῆσαι
1688 2297 1944 2367 βουλόμε-

369 2394 488 2440 νος·
522 2378 584 2430 τὸ
615 2377 714 2447 μὲν
762 2378 869 2447 7&9
908 2376 1076 2443 δεῖξαι
1104 2378 1179 2448 μὴ
1211 2380 1637 2449 μεμορφωμένον
1675 2381 1732 2432 ἐν
1767 2381 1948 2443 αὐτοῖς

368 2462 459 2512 τὸν
480 2458 736 2531 Χριστὸν,
770 2460 1010 2526 ἀγωνίαν
1038 2461 1131 2512 καὶ
1160 2461 1322 2530 φόϐον
1352 2462 1601 2515 ἐνέϐαλλε
1627 2480 1640 2492 ο
1681 2463 1741 2514 τὸ
1769 2463 1823 2515 δέ
1852 2465 1949 2532 ἐμ-

372 2545 538 2615 φῆναι
565 2545 646 2597 ὅτι
674 2542 897 2597 δυνατὸν
929 2544 1093 2596 αὑτὸν
1135 2545 1505 2616 μορφωθῆναι,
1534 2545 1697 2598 πάλιν
1728 2546 1947 2617 θαρρεῖν

372 2626 768 2699 παρεσκεύαζε.
797 2627 870 2679 Τὸ
908 2626 1015 2697 γὰρ
1042 2629 1237 2692 είπεῖν,
1271 2629 1477 2696 Ἀχρις
1525 2624 1595 2683 οὗ
1638 2628 1942 2697 μορφωθῇ,

369 2712 656 2781 ἀμφότερα
688 2709 860 2764 ταῦτά
886 2712 1033 2763 ἐστιν
1059 2710 1491 2781 ἐνδεικνυμένου,
1517 2713 1610 2765 καὶ
1630 2713 1712 2765 ὅτι
1739 2713 1947 2766 οὐδέπω

374 2795 749 2866 μεμόρφωται,
780 2794 874 2846 καὶ
902 2795 983 2847 ὅτι
1010 2794 1232 2848 δυνατὸν
1280 2796 1632 2866 μορφωθῆναι
1674 2796 1852 2851 πάλιν.
1883 2798 1946 2850 Et

370 2878 477 2949 7&9
496 2877 570 2948 μὴ
604 2877 826 2930 δυνατὸν
844 2872 932 2947 ἦν,
960 2876 1084 2946 εἰκῆ
1115 2878 1252 2948 πρὸς
1280 2878 1475 2940 αὑτοὺς
1506 2878 1709 2946 ἔλεγεν,
1749 2880 1946 2947 Ἀχρις

369 2957 441 3016 οὗ
465 2960 753 3031 μορφωθῇ
777 2960 1113 3029 Χριστὸςέν
1140 2961 1304 3030 ὑμῖν,
1338 2963 1431 3016 καὶ
1465 2962 1722 3033 ματαίαις
1749 2963 1944 3027 αὐτοὺς

367 3043 593 3116 ἔτρεφεν
620 3044 819 3097 ἐλπίσι.

443 3253 507 3325 β’.
537 3254 721 3307 Ταῦτα
749 3250 842 3309 οὖν
871 3252 1071 3317 εἰδότες
1103 3253 1236 3324 μηδὲ
1264 3254 1422 3323 ἡμεῖς
1448 3252 1943 3321 ἀπογινώσκωμεν,

369 3335 504 3389 ἀλλά
527 3336 661 3407 μηδέ
690 3337 1097 3408 ρᾳθυμήσωμεν
1132 3336 1347 3398 ἁπλῶς·
1377 3336 1611 3405 ἐκάτερα
1642 3336 1752 3405 γὰρ
1775 3334 1949 3386 ταῦτα

372 3418 613 3489 ὀλέθρια.
632 3421 696 3472 Ἡ
720 3420 816 3491 μὲν
833 3419 941 3490 7&9
956 3420 1263 3487 ἀπόγνωσις
1288 3420 1379 3473 τὸν
1404 3417 1654 3487 κείμενον
1666 3419 1765 3470 οὐκ
1781 3417 1946 3486 ἀφίη-

372 3518 457 3554 σιν
506 3502 825 3572 ἀναστῆναι,
889 3503 923 3574 ή
973 3502 1029 3554 δέ
1080 3502 1323 3573 ῥᾳθυμία
1365 3503 1458 3555 τὸν
1494 3501 1705 3553 ἐστῶτα
1744 3513 1771 3541 α
1808 3501 1950 3552 ποιεῖ

374 3588 737 3642 καταπίπτειν
760 3606 772 3618 ·
806 3588 991 3659 ἐκείνη
1021 3588 1130 3642 τῶν
1155 3585 1519 3657 πορισθέντων
1561 3584 1779 3653 ἀγαθῶν
1818 3584 1952 3635 ἀπο-

373 3674 583 3741 στερεῖν
608 3671 819 3739 είωθεν,
847 3672 987 3743 αὕτη
1019 3672 1129 3725 τῶν
1176 3669 1538 3740 ἐπικειμένων
1585 3669 1685 3720 οὑκ
1725 3668 1948 3736 ἀφίησιν

372 3754 748 3827 ἀπαλλαγῆναι
773 3756 987 3810 κακῶν’
1017 3758 1111 3810 καὶ
1143 3758 1175 3826 ή
1213 3756 1309 3826 μὲν
1344 3755 1746 3824 καταφρόνησις
1776 3752 1867 3803 καὶ
1890 3751 1947 3817 ἐξ

372 3839 552 3893 αὐτῶν
602 3842 899 3911 καταφέρει
950 3841 1058 3894 τῶν
1087 3839 1349 3911 οὐρανῶν,
1378 3840 1411 3909 ὴ
1448 3838 1503 3890 δέ
1536 3837 1843 3904 ἀπόγνωσις
1870 3836 1949 3897 είς

372 3922 541 3994 αὐτὴν
596 3924 824 3992 κατάγει
855 3924 952 3994 τῆς
980 3922 1179 3984 κακίας
1202 3923 1299 3991 τὴν
1351 3922 1607 3986 ἄϐυσσον,
1642 3920 1829 3989 ῶσπερ
1855 3915 1947 3971 οὑν

371 4005 432 4057 τὸ
468 4007 542 4077 μὴ
572 4005 881 4075 ἀπογνῶναι
916 4006 1170 4059 κάκεῖθεν
1204 4004 1751 4075 ταχέωςάναδραμεῖν
1783 4006 1943 4055 ποιεῖ.

371 4088 569 4142 Σκόπει
593 4089 649 4141 δέ
677 4089 1000 4159 ἀμφοτέρων
1054 4089 1153 4158 τὴν
1182 4087 1331 4157 ἰσχύν
1356 4103 1370 4118 ”
1403 4089 1431 4139 6
1464 4086 1709 4148 διάϐολος
1747 4086 1948 4153 ἀγαθὸς

370 4167 440 4241 ἦν
472 4172 576 4243 πρὸ
608 4172 798 4225 τούτου
821 4186 835 4201 ⁶
873 4171 1197 4242 ῥᾳθυμήσας
1240 4170 1297 4222 δέ
1328 4171 1422 4223 καὶ
1458 4169 1724 4237 ἀπογνοὺς
1754 4168 1948 4221 ἔπεσεν

371 4257 453 4319 εἰς
499 4255 763 4327 τοσαύτην
812 4257 1032 4320 κακίαν,
1086 4255 1161 4317 ὡς
1215 4253 1349 4324 μηδὲ
1382 4253 1676 4322 ἀναστῆναι
1714 4252 1901 4303 λοιπόν
1929 4266 1944 4282 ο

370 4339 454 4391 ὃτι
490 4339 599 4410 7&9
644 4339 846 4406 ἀγαθὸς
893 4335 981 4409 ἦν,
1034 4338 1266 4391 ἄκουσον
1312 4335 1365 4388 τί
1411 4352 1607 4404 φησιν’
1636 4330 1817 4387 Εἶδον
1842 4332 1948 4385 τὸν

371 4421 649 4477 Σατανᾶν
668 4423 749 4488 ὠς
775 4420 1095 4489 ἀστραπὴν
1130 4421 1199 4473 ἐκ
1239 4418 1344 4473 τοῦ
1375 4417 1633 4485 οὐρανοῦ
1656 4420 1943 4471 πεσόντα.

385 4506 448 4559 Ἢ
477 4506 535 4559 δὲ
560 4506 844 4576 ἀστραπῆς
873 4503 1157 4576 παραϐολὴ
1176 4503 1270 4556 καὶ
1292 4500 1352 4554 τὸ
1383 4501 1608 4572 φαιδρὸν
1625 4501 1724 4570 τῆς
1753 4499 1949 4570 προτέ-

376 4607 473 4661 ρας
500 4589 767 4643 δείκνυσιν
780 4588 1148 4659 ἀναστροφῆς,
1168 4586 1261 4638 καὶ
1288 4585 1386 4655 τὴν
1418 4584 1518 4653 τῆς
1545 4584 1804 4646 πτώσεως
1826 4581 1948 4649 ὀξύ-

371 4690 529 4744 τητα.
573 4673 629 4726 '0
662 4672 870 4736 Παῦλος
914 4672 1231 4742 βλάσφημος
1270 4665 1360 4740 ῆν,
1409 4669 1505 4722 καὶ
1557 4666 1811 4737 διώκτης,
1854 4667 1949 4720 καὶ

374 4758 662 4830 ὑϐριστής·
693 4758 878 4828 ἐπειδὴ
903 4758 959 4809 δέ
994 4754 1291 4808 ἐσπούδασε
1322 4753 1416 4806 καὶ
1452 4752 1551 4805 οὐκ
1574 4752 1816 4819 ἀπέγνω,
1854 4752 1946 4804 καὶ

372 4841 569 4911 ἀνέστη
598 4840 821 4894 καὶτῶν
867 4839 1115 4908 ἀγγέλων
1154 4837 1375 4906 γέγονεν
1417 4837 1556 4898 ἴσος·
1589 4836 1617 4887 6
1650 4836 1706 4887 δέ
1748 4835 1946 4899 Ἰούδας

372 4926 665 4987 ἀπόστολος
684 4921 771 4994 ἦν,
795 4923 931 4976 ἀλλά
964 4922 1285 4993 ρᾳθυμήσας
1339 4920 1529 4988 γέγονε
1560 4919 1844 4990 προδότης.
1889 4921 1946 4973 Ὀ

372 5006 572 5079 λῃστὴς
604 5006 762 5059 πάλιν
798 5005 932 5076 μετὰ
954 5005 1220 5074 τοσαύτην
1248 5003 1466 5068 κακίαν,
1490 5002 1675 5072 ἐπειδὴ
1738 5003 1811 5075 μὴ
1843 5004 1947 5056 άπ-

372 5090 534 5158 έγνω,
572 5089 677 5159 πρὸ
705 5088 813 5142 τῶν
837 5089 1009 5143 ἀλλων
1055 5088 1307 5141 ἀπάντων
1346 5087 1426 5149 εἰς
1475 5085 1566 5137 τὸν
1616 5087 1945 5155 παράδεισον

374 5172 650 5243 εἰσῆλθενο
687 5175 715 5226 6
738 5173 1028 5243 Φαρισαῖος
1074 5171 1354 5242 θαρρήσας
1402 5169 1462 5233 ἐξ
1500 5169 1664 5222 αὐτοῦ
1692 5171 1791 5240 τῆς
1815 5171 1944 5240 ἀρε-

370 5256 471 5327 τῆς
496 5255 805 5327 κατηνέχθη
835 5255 930 5307 τοῦ
985 5254 1151 5325 ὕψους
1175 5273 1186 5284 ·
1214 5256 1243 5306 6
1282 5252 1519 5322 τελώνης
1547 5252 1620 5322 μὴ
1653 5254 1941 5319 ἀπογνοὺς,

368 5334 543 5403 οὕτως
570 5339 800 5411 ὼρθώθη
830 5340 904 5402 ὼς
929 5340 1177 5391 κάκεῖνον
1211 5338 1614 5409 παραδραμεῖν.
1644 5335 1832 5388 Βούλει
1861 5354 1942 5389 σοι

367 5422 527 5487 δείξω
552 5424 646 5475 καὶ
678 5422 831 5474 πόλιν
864 5421 1153 5493 ὁλόκληρον
1178 5421 1337 5474 τοῦτο
1369 5422 1707 5491 ποιήσασαν;
1750 5420 1813 5471 Ἥ
1835 5419 1945 5471 τῶν

369 5505 665 5560 Νινευῖτῶν
692 5504 842 5568 πόλις
862 5502 1035 5567 οὑτως
1055 5502 1234 5575 ἐσώθη
1262 5505 1440 5557 mica.“
1468 5504 1642 5557 καίτοι
1660 5520 1723 5572 γε
1749 5505 1780 5573 ἡ
1807 5503 1943 5555 ἀπό-

1538 431 1627 487 DE
1667 431 2138 489 PCENITENTIA.
2185 432 2419 489 HOMIL.
2452 433 2491 487 Ι.

3520 426 3630 483 280

2053 548 2181 599 Ἔτι
2210 548 2367 614 τρεῖς
2387 548 2618 617 ἡμέραι,
2654 546 2753 599 καὶ
2794 543 3005 599 Νινευῒ
3031 539 3625 611 καταστραφήσεται·

2046 629 2160 681 ἀλλ’
2188 631 2336 699 ὅμως
2365 630 2714 692 ἀπειλοῦντος
2763 628 2858 681 τοῦ
2888 627 3044 695 Θεοῦ,
3082 631 3175 683 καὶ
3214 630 3311 683 τοῦ
3345 633 3628 703 προφήτου

2049 711 2298 780 βοῶντος,
2330 715 2547 784 καὶτῆς
2580 713 2909 783 ἀποφάσεως
2947 712 3046 765 οὑκ
3090 714 3323 785 ἐχούσης
3368 715 3629 785 μέλλησιν

2047 795 2167 847 οὐδὲ
2231 796 2529 866 διορισμὸν,
2574 798 2675 849 οὐκ
2728 796 3013 859 ἀνέπεσον,
3068 798 3188 850 οὐδέ
3236 801 3335 861 τάς
3386 800 3628 869 χρηστὰς

2048 879 2360 948 προέδωκαν
2386 880 2624 942 ἐλπίδας.
2661 880 2759 933 Διά
2791 880 2898 950 γὰρ
2931 880 3087 931 τοῦτο
3121 881 3181 933 οὐ
3216 882 3525 953 προσέθηκε
3552 881 3629 935 δι-

2047 960 2292 1030 ορισμὸν,
2313 962 2431 1013 οὑδέ
2454 957 2624 1024 εἶπεν,
2644 960 2767 1013 Ἐάν
2787 960 2842 1013 δέ
2863 964 3249 1032 μετανοήσωσι,
3277 965 3629 1033 σωθήσονται,

2050 1044 2136 1095 ἴνα
2167 1044 2258 1095 καὶ
2296 1046 2476 1113 ἡμεῖς,
2504 1046 2633 1097 ὅταν
2666 1046 2990 1115 ἀκούσωμεν
3018 1048 3345 1116 ἀποφάσεως
3368 1049 3461 1101 τοῦ
3495 1050 3630 1102 Θεοῦ

2049 1128 2355 1197 φερομένης
2385 1130 2551 1199 χωρὶς
2572 1130 2879 1200 διορισμοῦ,
2915 1131 3047 1201 μηδέ
3078 1132 3251 1196 οὕτως
3278 1135 3630 1204 ἀπογνῶμεν,

2052 1209 2186 1279 μηδὲ
2216 1211 2703 1282 ἀπαγορεύσωμεν,
2748 1214 2826 1274 εἰς
2871 1214 3045 1265 ἐκεῖνο
3080 1214 3143 1266 τὸ
3170 1215 3472 1285 ὑπόδειγμα
3508 1216 3631 1284 βλέ-

2049 1309 2258 1356 ποντες.
2299 1296 2370 1345 υύ
2404 1294 2492 1347 διὰ
2545 1295 2734 1347 τούτου
2769 1295 2824 1347 δέ
2861 1296 3019 1365 μόνον
3074 1296 3188 1348 ἐστι
3223 1298 3321 1367 τὴν
3360 1294 3454 1351 τοῦ
3494 1298 3631 1350 Θεοῦ

2050 1376 2459 1447 φιλανθρωπίαν
2497 1377 2644 1443 ἰδεῖν,
2679 1379 2759 1430 ὅτι
2802 1377 2876 1447 μὴ
2924 1378 3180 1448 προσθεὶς
3232 1379 3509 1450 διορισμὸν
3563 1384 3630 1451 τῇ

2048 1460 2339 1528 ἀποφάσει,
2373 1460 2522 1529 ὅμως
2559 1456 2925 1530 μετανοήσασι
2973 1461 3314 1532 κατηλλάγη,
3372 1462 3507 1515 ἀλλά
3537 1462 3632 1516 καὶ

2049 1542 2107 1606 ἐξ
2133 1542 2297 1595 αὐτοῦ
2331 1543 2424 1595 τοῦ
2445 1545 2544 1614 τὴν
2572 1544 2849 1612 ἀπόφασιν
2866 1545 3284 1616 ἀπηρτισμένην
3306 1546 3627 1616 ἐξενεγκεῖν.

2047 1628 2287 1696 Αὑξῆσαι
2320 1628 2428 1698 7&9
2467 1628 2558 1679 τὸν
2593 1627 2756 1695 φόϐον
2808 1626 3129 1698 βουλόμενος
3167 1630 3263 1682 καὶ
3299 1633 3398 1700 τῆς
3430 1631 3633 1700 πολλῆς

2048 1710 2226 1763 αὐτῶν
2282 1710 2553 1784 ῥᾳθυμίας
2612 1709 3000 1779 καθάψασθαι,
3047 1712 3207 1764 τοῦτο
3252 1714 3496 1783 ἐποίησε,
3540 1720 3633 1765 καί

2048 1793 2214 1855 αὐτὸς
2240 1792 2296 1844 δέ
2321 1797 2347 1845 6
2372 1793 2560 1863 χρόνος
2588 1792 2689 1861 τῆς
2727 1794 3013 1862 μετανοίας
3034 1794 3305 1847 δείκνυσιν
3338 1796 3501 1849 αὐτοῦ
3536 1798 3633 1866 τὴν

2048 1876 2252 1943 ἄφατον
2285 1876 2716 1945 φιλανθρωπίαν.
2749 1877 2813 1928 Τί
2841 1876 2949 1947 7&9
2973 1878 3176 1949 ἡμέραι
3201 1883 3347 1949 τρεῖς
3380 1879 3633 1932 τοσοῦτον

2048 1960 2390 2027 εἰργάσαντο,
2442 1960 2517 2023 ὼς
2570 1962 2831 2029 ἀφανίσαι
2878 1962 3080 2015 κακίαν
3109 1963 3421 2032 τοσαύτην;
3470 1964 3634 2033 Ὁρᾷς

2050 2042 2166 2104 πῶς
2195 2042 2289 2094 καὶ
2322 2042 2575 2095 ἐντεῦθεν
2602 2045 2635 2113 ή
2664 2043 2759 2095 τοῦ
2787 2043 2921 2096 Θεοῦ
2946 2044 3195 2111 φαίνεται
3224 2046 3520 2116 κηδεμονία
3541 2065 3554 2107 ;
3572 2047 3635 2099 τὸ

2048 2124 2155 2195 γὰρ
2189 2126 2349 2176 πλέον
2402 2124 2540 2197 αῦτη
2579 2130 2998 2198 συνεισήνεγκεν
3031 2130 3112 2192 είς
3147 2130 3247 2200 τὴν
3290 2131 3390 2201 τῆς
3424 2131 3633 2193 πόλεως

2052 2209 2343 2277 σωτηρίαν.

2118 2417 2302 2471 Ταῦτα
2357 2414 2454 2473 οὑν
2512 2421 2743 2486 ειδότες,
2802 2424 3069 2494 μηδέποτε
3120 2423 3635 2495 ἀπογινώσκωμενο

2046 2500 2197 2552 οὐδὲν
2232 2503 2339 2573 7&9
2368 2504 2539 2567 οὕτως
2573 2508 2791 2576 ἰσχυρὸν
2819 2507 2981 2560 ὅπλον
3004 2506 3082 2578 τῷ
3107 2508 3357 2578 διαϐόλῳ,
3389 2508 3463 2571 ώς
3496 2510 3631 2561 ἀπό-

2047 2599 2275 2650 γνωσιςο
2338 2586 2427 2639 διά
2473 2587 2631 2639 τοῦτο
2684 2590 2780 2658 οὐγ
2836 2589 3010 2652 οὑτως
3064 2591 3225 2643 αὐτὸν
3272 2592 3635 2662 εὑφραίνομεν

2047 2668 2473 2737 ἁμαρτάνοντες,
2532 2671 2607 2733 ὼς
2662 2673 3151 2741 ἀπογινώσκοντες.
3196 2676 3460 2728 ’Ἄκουσον
3502 2675 3634 2743 γοῦν

2046 2750 2140 2801 ἐπὶ
2170 2750 2261 2802 τοῦ
2296 2755 2747 2824 πεπορνευκότος,
2774 2757 2889 2819 πῶς
2918 2756 3017 2826 τῆς
3032 2756 3307 2827 ἁμαρτίας
3327 2756 3522 2827 μᾶλλον
3536 2758 3635 2828 τὴν

2046 2833 2356 2901 ἀπόγνωσιν
2402 2836 2637 2889 δέδοικεν
2686 2838 2714 2888 6
2751 2838 2997 2903 Παῦλος·
3033 2840 3261 2910 γράφων
3282 2840 3391 2911 7&9
3432 2842 3632 2912 Κοριν-

2047 2914 2182 2975 θίοις
2212 2916 2382 2979 οὕτως
2406 2918 2589 2986 ἐλεγεν
2612 2935 2626 2949 ο
2653 2920 2840 2986 Ὅλως
2903 2922 3179 2976 ἀκούεται
3206 2923 3277 2974 ἐν
3314 2922 3456 2992 ὑμῖν
3489 2938 3634 2992 πορ-

2046 3001 2196 3065 νεία,
2225 2999 2319 3051 καὶ
2348 3002 2587 3069 τοιαύτη
2617 3003 2882 3069 πορνεία,
2915 3003 3046 3068 ἣτις
3071 3002 3212 3056 οὐδὲ
3231 3004 3300 3057 ἐν
3321 3005 3443 3071 τοῖς
3473 3006 3636 3060 ἔθνε-

2047 3096 2151 3131 σιν
2188 3080 2559 3149 ὀνομιίζεται·
2600 3086 2693 3135 καὶ
2734 3086 2833 3137 οὐκ
2886 3080 3061 3149 εἶπεν,
3088 3086 3246 3149 ’Ήτις
3277 3087 3397 3139 οὐδὲ
3443 3089 3632 3151 ἐντοῖς

2048 3162 2223 3214 ἔθνεσι
2247 3164 2531 3233 τολμᾶται,
2571 3166 2709 3233 ἀλλ’,
2742 3168 2875 3220 Οὐδὲ
2904 3169 3260 3238 ὀνομάζεται·
3285 3171 3311 3223 ὃ
3333 3171 3439 3242 7&9
3469 3174 3633 3243 μέχρι

2048 3250 2417 3317 προσηγορίας
2468 3250 2697 3311 ἐκείνοις
2750 3252 3045 3321 ἀφόρητον,
3101 3254 3263 3307 τοῦτο
3314 3255 3441 3325 ὑμῖν
3483 3256 3631 3327 ἔργῳ

2048 3331 2395 3401 τετόλμηται.
2418 3331 2462 3383 Κ
2469 3332 2529 3385 αὶ
2550 3334 2718 3401 ὑμεῖς
2740 3335 3181 3402 πεφυσιωμένοι
3203 3337 3377 3401 εστέ;
3402 3341 3512 3391 Καὶ
3529 3342 3630 3393 οὐκ

2048 3408 2192 3475 εἶπε,
2233 3414 2344 3466 Καὶ
2376 3416 2583 3478 ἐκεῖνος
2617 3417 2980 3484 πεφυσίωται,
3002 3418 3117 3469 ἀλλ’
3152 3420 3309 3487 ἀφεὶς
3329 3422 3420 3474 τὸν
3449 3426 3629 3494 ἡμαρ-

2048 3499 2270 3565 τηκότα.
2295 3500 2406 3560 τοῖς
2423 3499 2722 3566 ὑγιαίνουσι
2747 3500 3083 3568 διαλέγεται·
3116 3504 3368 3574 καθάπερ
3383 3508 3431 3558 οί
3456 3509 3630 3576 ἰατροὶ

2051 3579 2312 3644 ποιοῦσιν,
2338 3581 2567 3649 ἀφέντες
2622 3583 2748 3644 τούς
2778 3583 3106 3652 κάμνοντας,
3141 3586 3279 3656 πρὸς
3320 3590 3445 3650 τοὺς
3470 3606 3631 3660 προσ-

2050 3663 2281 3731 ήκοντας
2327 3664 2509 3727 αὐτοῖς
2551 3664 2755 3718 πλείονι
2799 3667 3095 3737 κέχρηνται
3135 3669 3276 3740 λόγῳ
3301 3686 3313 3699 ·
3356 3671 3529 3736 ἄλλως
3573 3674 3631 3727 δὲ

2049 3746 2143 3799 καὶ
2168 3742 2309 3799 οὗτοι
2338 3748 2438 3817 τῆς
2470 3748 2727 3810 ἀπονοίας
2772 3750 2935 3802 αἴτιοι
2979 3753 3157 3822 πάσης
3181 3749 3320 3823 ἦσαν
3348 3757 3516 3827 αὐτῷ,
3555 3759 3629 3830 μὴ

2048 3830 2403 3899 ἐπιτιμῶντες
2436 3830 2569 3900 μηδὲ
2595 3831 3035 3903 ἐπιπλήττοντες.
3079 3836 3364 3890 Ἐκοίνωσε
3392 3837 3420 3877 δ
3450 3842 3628 3895 τοίνυν

2048 3914 2108 3965 τὸ
2146 3913 2415 3983 ἔγκλημα,
2453 3915 2540 3967 ἵνα
2569 3915 2726 3985 ῥᾳδία
2756 3916 2980 3986 γένηται
3010 3919 3102 3971 τοῦ
3131 3921 3445 3989 τραύματος
3474 3926 3506 3993 ἡ
3543 3925 3631 3976 θε-

2053 3997 2268 4067 ραπεία.
2326 3998 2505 4051 Δεινὸν
2562 4000 2658 4069 μὲν
2708 4000 2817 4071 γὰρ
2850 4001 2910 4052 τὸ
2960 4003 3313 4072 ἁμαρτάνειν,
3376 4006 3551 4077 πολλῷ
3571 4008 3629 4059 δὲ

2049 4080 2429 4151 χαλεπώτερον
2467 4081 2531 4134 τὸ
2561 4083 2654 4134 καὶ
2684 4083 2827 4153 μέγα
2866 4089 3084 4155 φρονεῖν
3115 4087 3209 4139 ἐπὶ
3238 4091 3349 4151 τοῖς
3372 4090 3627 4161 ἁμαρτή-

2054 4182 2231 4231 μασιν.
2261 4166 2321 4217 Εἰ
2352 4165 2459 4236 γὰρ
2514 4166 2607 4218 ἐπὶ
2661 4166 2976 4241 δικαιοσύνῃ
3005 4170 3064 4222 τὸ
3098 4172 3372 4239 φυσᾶσθαι
3398 4174 3630 4238 κένωσις

2050 4248 2390 4317 δικαιοσύνης
2415 4250 2549 4314 ἐστὶ,
2582 4250 2759 4321 πολλῴ
2789 4252 2990 4321 μᾶλλον
3016 4255 3108 4307 ἐπὶ
3128 4257 3239 4317 τοῖς
3264 4256 3626 4327 ἁμαρτήμασι

2048 4332 2204 4384 τοῦτο
2230 4334 2521 4401 συμϐαῖνον
2557 4336 2791 4404 ἐσχάτην
2820 4336 2954 4388 οἴσει
2987 4336 3190 4408 βλάϐην
3210 4341 3364 4407 ἡμῖν,
3403 4340 3627 4395 καὶτῶν

2050 4414 2462 4485 ἁμαρτημάτων
2497 4416 2675 4469 αὐτῶν
2720 4418 2904 4486 μεῖζον
2936 4419 2997 4471 τὸ
3026 4418 3279 4490 ἔγκλημα
3322 4422 3490 4478 ἔσται.
3527 4425 3626 4477 Διά

2046 4497 2205 4550 τοῦτό
2245 4515 2433 4569 φησιν·
2474 4498 2661 4551 Ὅταν
2691 4499 2887 4552 πάντα
2933 4502 3244 4570 ποιήσητε,
3282 4502 3487 4573 λέγετε
3533 4506 3624 4561 ὅτι

2061 4582 2318 4651 Ἀχρεῖοι
2350 4581 2561 4635 δοῦλοί
2590 4583 2799 4651 ἐσμεν.
2849 4585 2911 4636 Εί
2948 4584 3004 4636 δέ
3037 4588 3084 4638 οἱ
3132 4587 3307 4639 πάντα
3343 4589 3625 4655 ποιοῦντες

2048 4664 2259 4733 όφείλου
2268 4683 2318 4717 σι
2346 4665 2719 4730 συνεστάλθαι,
2750 4665 2929 4736 πολλῷ
2950 4668 3150 4738 μᾶλλον
3164 4670 3623 4743 τὸνήμαρτηκότα

2049 4750 2142 4800 καὶ
2171 4748 2385 4819 θρηνεῖν
2442 4750 2534 4803 καὶ
2583 4751 2639 4802 ἐν
2676 4752 2785 4813 τοῖς
2835 4752 3081 4821 ἐσχάτοις
3134 4755 3323 4808 ἐαυτὸν
3368 4758 3623 4829 ἀριθμεῖν

2047 4832 2214 4898 ἀξιον.
2243 4836 2417 4904 Ὂπερ
2454 4830 2548 4887 οὖν
2612 4836 2706 4887 καὶ
2744 4836 2865 4888 τότε
2899 4837 3073 4908 δηλῶν
3120 4839 3305 4907 ἔλεγε·
3332 4842 3439 4894 Καὶ
3485 4846 3620 4912 οὐχί

2041 4916 2282 4984 μᾶλλον
2302 4918 2708 4986 ἐπενθήσατε;
2738 4921 2801 4973 Τί
2824 4920 3029 4988 λέγεις;
3059 4923 3244 4993 ἕτερος
3272 4925 3505 4996 ἥμαρτε,
3530 4928 3621 4981 καὶ

2046 4999 2156 5067 ἐγὼ
2181 5003 2467 5071 πενθήσω;
2517 5003 2644 5065 Ναὶ,
2681 5003 2811 5074 φησί
2843 5021 2856 5033 ·
2896 5003 3145 5074 σώματος
3174 5006 3283 5079 γὰρ
3326 5012 3419 5062 καὶ
3447 5011 3623 5079 μελῶν

2044 5084 2199 5153 δίκην
2246 5086 2495 5156 ἀλλήλοις
2540 5088 2704 5155 ἐσμὲν
2747 5087 3144 5158 συνδεδεμένοι·
3188 5091 3281 5145 ἐπὶ
3308 5092 3365 5146 δὲ
3391 5093 3484 5146 τοῦ
3516 5093 3622 5146 σώ-

2049 5185 2217 5237 ματος
2242 5169 2344 5221 κᾶν
2370 5173 2396 5221 ὁ
2422 5170 2555 5233 ποῦς
2594 5171 2810 5240 δέξηται
2832 5172 3074 5243 τραῦμα,
3100 5175 3196 5245 τὴν
3231 5176 3469 5247 κεφαλὴν
3498 5179 3620 5232 ἐπι-

2044 5251 2356 5303 κύπτουσαν
2403 5253 2638 5323 ὁρῶμεν.
2690 5256 2881 5308 Καίτοι
2914 5256 2964 5307 τί
3004 5257 3206 5327 ταύτης
3258 5262 3618 5331 σεμνότερον;

2057 5335 2195 5387 Ἀλλ’
2235 5336 2331 5405 οὑχ
2358 5338 2457 5409 ὁρᾷ
2490 5337 2587 5408 τῆν
2614 5338 2768 5404 ἀξίαν
2783 5341 2838 5392 ἐν
2862 5340 2941 5411 τῷ
2973 5342 3148 5412 καιρῷ
3167 5343 3267 5413 τῆς
3303 5347 3616 5413 συμφορᾶς’

2045 5417 2195 5490 [285]
2229 5418 2371 5472 οὕτω
2404 5422 2499 5475 καὶ
2555 5422 2618 5474 σὺ
2682 5422 2924 5492 ποίησον.
2962 5425 3061 5478 Διά
3086 5426 3244 5480 τοῦτο
3276 5429 3367 5481 καὶ
3410 5428 3621 5490 Παῦλος

2046 5510 2301 5577 παραινεῖ
2383 5509 2618 5578 Χαίρειν
2658 5511 2808 5577 μετὰ
2842 5513 3198 5579 χαιρόντων,
3244 5516 3341 5568 καὶ
3388 5517 3622 5569 κλαίειν

370 5605 533 5656 φασις
560 5589 640 5651 είς
666 5588 970 5655 ἀπόγνωσιν
999 5587 1193 5651 αὐτοὺς
1222 5586 1475 5641 ἐνέϐαλεν
1502 5602 1516 5616 ·
1557 5588 1617 5639 οὐ
1658 5585 1765 5657 7&9
1791 5584 1942 5657 [282]
2037 5590 2187 5658 μετὰ
2208 5592 2557 5645 κλαιόντων.
2584 5594 2681 5645 Διά
2696 5592 2854 5645 τοῦτο
2872 5596 2965 5647 καὶ
2982 5596 3289 5667 Κορινθίοις
3317 5599 3483 5667 φησί·
3510 5599 3621 5653 Καὶ

372 5667 637 5737 εἷπενότι,
667 5672 793 5725 Ἐὰν
816 5673 1208 5742 μετανοήσωσι,
1230 5670 1587 5741 σωθήσονται,
1604 5670 1716 5725 ἀλλ’
1736 5670 1941 5735 ἁπλῶς,

435 5872 461 5902 ⁸
486 5871 637 5921 Savil.
659 5872 737 5919 καὶ
763 5874 841 5920 τὸν
864 5872 1225 5933 έστὼταῴειια
1257 5872 1391 5920 Enn.

2044 5672 2179 5740 οὐχὶ
2201 5671 2443 5741 μᾶλλον
2482 5676 2873 5742 ἐπενθήσατε,
2917 5678 3020 5732 ἵνα
3066 5677 3287 5748 ἐξαρθῇ
3316 5679 3384 5734 ἐκ
3422 5681 3621 5751 μέσου
3718 5681 3722 5687 ’

2108 5872 2135 5913 Β
2163 5871 2261 5922 Alii
2281 5874 2521 5934 ἐκοίνωσε,
2541 5874 2623 5925 alii
2645 5877 2941 5935 ἐκοινώνησε.
