  <div class='ocr_page' id='page_1' title='image "/cluster/home/n/w/nwhite01/storage/ocr_20150623/49/nnc1.0046978208/269.png"; bbox 0 0 4046 6396; ppageno 0'>
   <div class='ocr_carea' id='block_1_1' title="bbox 442 389 543 447">
    <p class='ocr_par' dir='ltr' id='par_1_1' title="bbox 442 389 543 447">
     <span class='ocr_line' id='line_1_1' title="bbox 442 389 543 447; baseline -0.01 -1"><span class='ocrx_word' id='word_1_1' title='bbox 442 389 543 447; x_wconf 73' lang='grc'>281</span> 
     </span>
    </p>
   </div>
   <div class='ocr_carea' id='block_1_2' title="bbox 1137 379 2987 441">
    <p class='ocr_par' dir='ltr' id='par_1_2' title="bbox 1137 379 2987 441">
     <span class='ocr_line' id='line_1_2' title="bbox 1137 379 2987 441; baseline 0 -1"><span class='ocrx_word' id='word_1_2' title='bbox 1137 384 1194 440; x_wconf 91' lang='lat' dir='ltr'>S.</span> <span class='ocrx_word' id='word_1_3' title='bbox 1227 381 1514 439; x_wconf 70' lang='lat' dir='ltr'>JOANNIS</span> <span class='ocrx_word' id='word_1_4' title='bbox 1549 379 2040 441; x_wconf 77' lang='lat' dir='ltr'>CHRYSOSTOMI</span> <span class='ocrx_word' id='word_1_5' title='bbox 2078 379 2399 437; x_wconf 78' lang='lat' dir='ltr'>ARCHIEP.</span> <span class='ocrx_word' id='word_1_6' title='bbox 2439 380 2987 441; x_wconf 79' lang='lat' dir='ltr'>CONSTANTINOP.</span> 
     </span>
    </p>
   </div>
   <div class='ocr_carea' id='block_1_3' title="bbox 3592 390 3702 448">
    <p class='ocr_par' dir='ltr' id='par_1_3' title="bbox 3592 390 3702 448">
     <span class='ocr_line' id='line_1_3' title="bbox 3592 390 3702 448; baseline 0.036 -4"><span class='ocrx_word' id='word_1_7' title='bbox 3592 390 3702 448; x_wconf 76' lang='lat'>282</span> 
     </span>
    </p>
   </div>
   <div class='ocr_carea' id='block_1_4' title="bbox 440 492 3696 572">
    <p class='ocr_par' dir='ltr' id='par_1_4' title="bbox 440 492 3696 572">
     <span class='ocr_line' id='line_1_4' title="bbox 440 492 3696 572; baseline -0.001 -17"><span class='ocrx_word' id='word_1_8' title='bbox 440 499 612 572; x_wconf 64' lang='grc' dir='ltr'>ὑμῶν</span> <span class='ocrx_word' id='word_1_9' title='bbox 648 503 682 554; x_wconf 84' lang='grc' dir='ltr'><em>ὁ</em></span> <span class='ocrx_word' id='word_1_10' title='bbox 707 498 771 553; x_wconf 86' lang='grc' dir='ltr'>τὸ</span> <span class='ocrx_word' id='word_1_11' title='bbox 797 497 978 568; x_wconf 77' lang='grc' dir='ltr'>ἔργον</span> <span class='ocrx_word' id='word_1_12' title='bbox 1020 497 1197 551; x_wconf 87' lang='grc' dir='ltr'>τοῦτο</span> <span class='ocrx_word' id='word_1_13' title='bbox 1255 498 1552 566; x_wconf 82' lang='grc' dir='ltr'>ποιήσας;</span> <span class='ocrx_word' id='word_1_14' title='bbox 1597 498 1710 551; x_wconf 83' lang='grc' dir='ltr'>Οὐκ</span> <span class='ocrx_word' id='word_1_15' title='bbox 1742 492 1881 554; x_wconf 77' lang='grc' dir='ltr'>εἷπε.</span> <span class='ocrx_word' id='word_1_16' title='bbox 1913 494 2025 548; x_wconf 76' lang='grc' dir='ltr'>Καὶ</span> <span class='ocrx_word' id='word_1_17' title='bbox 2121 495 2652 565; x_wconf 73' lang='grc' dir='ltr'>πλεονεκτηθῶμεν</span> <span class='ocrx_word' id='word_1_18' title='bbox 2699 497 2818 552; x_wconf 81' lang='grc' dir='ltr'>ὑπὸ</span> <span class='ocrx_word' id='word_1_19' title='bbox 2852 495 2959 551; x_wconf 84' lang='grc' dir='ltr'>τοῦ</span> <span class='ocrx_word' id='word_1_20' title='bbox 3017 493 3253 552; x_wconf 81' lang='grc' dir='ltr'><em>Σατανᾶ</em></span> <span class='ocrx_word' id='word_1_21' title='bbox 3279 513 3292 527; x_wconf 94' lang='grc'>·</span> <span class='ocrx_word' id='word_1_22' title='bbox 3321 495 3597 564; x_wconf 78' lang='grc' dir='ltr'>πλεονεξία</span> <span class='ocrx_word' id='word_1_23' title='bbox 3637 501 3696 554; x_wconf 71' lang='grc' dir='ltr'>δὲ</span> 
     </span>
    </p>
   </div>
   <div class='ocr_carea' id='block_1_5' title="bbox 438 576 2018 654">
    <p class='ocr_par' dir='ltr' id='par_1_5' title="bbox 438 576 2018 654">
     <span class='ocr_line' id='line_1_5' title="bbox 438 576 2018 654; baseline -0.003 -19"><span class='ocrx_word' id='word_1_24' title='bbox 438 584 562 654; x_wconf 65' lang='grc' dir='ltr'>οὐχὶ</span> <span class='ocrx_word' id='word_1_25' title='bbox 603 581 800 654; x_wconf 79' lang='grc' dir='ltr'>μᾶλλον</span> <span class='ocrx_word' id='word_1_26' title='bbox 837 579 1226 645; x_wconf 88' lang='grc' dir='ltr'>ἐσπουδάσατε,</span> <span class='ocrx_word' id='word_1_27' title='bbox 1268 580 1404 633; x_wconf 87' lang='grc' dir='ltr'>ἀλλὰ</span> <span class='ocrx_word' id='word_1_28' title='bbox 1442 581 1525 646; x_wconf 74' lang='grc' dir='ltr'>τίς</span> <span class='ocrx_word' id='word_1_29' title='bbox 1571 581 1718 649; x_wconf 86' lang='grc' dir='ltr'>Οὑχί</span> <span class='ocrx_word' id='word_1_30' title='bbox 1774 576 2018 648; x_wconf 74' lang='grc' dir='ltr'>μᾶλλον</span> 
     </span>
    </p>
   </div>
   <div class='ocr_carea' id='block_1_6' title="bbox 436 661 2018 733">
    <p class='ocr_par' dir='ltr' id='par_1_6' title="bbox 436 661 2018 733">
     <span class='ocr_line' id='line_1_6' title="bbox 436 661 2018 733; baseline -0.004 -13"><span class='ocrx_word' id='word_1_31' title='bbox 436 665 831 733; x_wconf 74' lang='grc' dir='ltr'>ἐπενθήσατε,</span> <span class='ocrx_word' id='word_1_32' title='bbox 860 663 938 726; x_wconf 87' lang='grc' dir='ltr'>ὡς</span> <span class='ocrx_word' id='word_1_33' title='bbox 968 662 1122 715; x_wconf 87' lang='grc' dir='ltr'>νόσου</span> <span class='ocrx_word' id='word_1_34' title='bbox 1152 662 1339 732; x_wconf 85' lang='grc' dir='ltr'>κοινῆς</span> <span class='ocrx_word' id='word_1_35' title='bbox 1373 662 1468 716; x_wconf 77' lang='grc' dir='ltr'>καὶ</span> <span class='ocrx_word' id='word_1_36' title='bbox 1510 662 1696 733; x_wconf 80' lang='grc' dir='ltr'>λοιμοῦ</span> <span class='ocrx_word' id='word_1_37' title='bbox 1731 662 1830 732; x_wconf 79' lang='grc' dir='ltr'>τὴν</span> <span class='ocrx_word' id='word_1_38' title='bbox 1862 661 2018 714; x_wconf 90' lang='grc' dir='ltr'>πόλιν</span> 
     </span>
    </p>
   </div>
   <div class='ocr_carea' id='block_1_7' title="bbox 437 743 2018 816">
    <p class='ocr_par' dir='ltr' id='par_1_7' title="bbox 437 743 2018 816">
     <span class='ocr_line' id='line_1_7' title="bbox 437 743 2018 816; baseline -0.004 -14"><span class='ocrx_word' id='word_1_39' title='bbox 437 748 863 809; x_wconf 78' lang='grc' dir='ltr'>καταλαϐόντος·</span> <span class='ocrx_word' id='word_1_40' title='bbox 896 745 1178 816; x_wconf 74' lang='grc' dir='ltr'>μονονουχὶ</span> <span class='ocrx_word' id='word_1_41' title='bbox 1207 745 1406 814; x_wconf 87' lang='grc' dir='ltr'>λέγων·</span> <span class='ocrx_word' id='word_1_42' title='bbox 1433 746 1614 816; x_wconf 83' lang='grc' dir='ltr'>Εύχῆς</span> <span class='ocrx_word' id='word_1_43' title='bbox 1643 745 1738 798; x_wconf 70' lang='grc' dir='ltr'>καί¹</span> <span class='ocrx_word' id='word_1_44' title='bbox 1768 743 2018 814; x_wconf 80' lang='grc' dir='ltr'>ἐξομολο-</span> 
     </span>
    </p>
   </div>
   <div class='ocr_carea' id='block_1_8' title="bbox 435 827 2013 900">
    <p class='ocr_par' dir='ltr' id='par_1_8' title="bbox 435 827 2013 900">
     <span class='ocr_line' id='line_1_8' title="bbox 435 827 2013 900; baseline -0.003 -17"><span class='ocrx_word' id='word_1_45' title='bbox 435 833 649 900; x_wconf 82' lang='grc' dir='ltr'>γήσεως</span> <span class='ocrx_word' id='word_1_46' title='bbox 706 829 787 881; x_wconf 86' lang='grc' dir='ltr'>δεῖ</span> <span class='ocrx_word' id='word_1_47' title='bbox 847 829 941 880; x_wconf 78' lang='grc' dir='ltr'>καὶ</span> <span class='ocrx_word' id='word_1_48' title='bbox 971 827 1270 898; x_wconf 70' lang='grc' dir='ltr'>ἱκετηρίας,</span> <span class='ocrx_word' id='word_1_49' title='bbox 1320 828 1407 881; x_wconf 88' lang='grc' dir='ltr'>ῐνα</span> <span class='ocrx_word' id='word_1_50' title='bbox 1436 829 1499 880; x_wconf 90' lang='lat'>:6</span> <span class='ocrx_word' id='word_1_51' title='bbox 1528 828 1740 898; x_wconf 87' lang='grc' dir='ltr'>νόσημα</span> <span class='ocrx_word' id='word_1_52' title='bbox 1768 827 2013 897; x_wconf 81' lang='grc' dir='ltr'>ἁπελαθῇ</span> 
     </span>
    </p>
   </div>
   <div class='ocr_carea' id='block_1_9' title="bbox 434 910 2015 985">
    <p class='ocr_par' dir='ltr' id='par_1_9' title="bbox 434 910 2015 985">
     <span class='ocr_line' id='line_1_9' title="bbox 434 910 2015 985; baseline -0.004 -18"><span class='ocrx_word' id='word_1_53' title='bbox 434 914 534 985; x_wconf 84' lang='grc' dir='ltr'>τῆς</span> <span class='ocrx_word' id='word_1_54' title='bbox 568 913 775 974; x_wconf 90' lang='grc' dir='ltr'>πόλεως</span> <span class='ocrx_word' id='word_1_55' title='bbox 803 911 1039 981; x_wconf 86' lang='grc' dir='ltr'>ἀπάσης.</span> <span class='ocrx_word' id='word_1_56' title='bbox 1082 913 1245 982; x_wconf 78' lang='grc' dir='ltr'>Ὁρᾷς</span> <span class='ocrx_word' id='word_1_57' title='bbox 1270 913 1434 964; x_wconf 90' lang='grc' dir='ltr'>πόσον</span> <span class='ocrx_word' id='word_1_58' title='bbox 1467 911 1655 975; x_wconf 86' lang='grc' dir='ltr'>αὐτοῖς</span> <span class='ocrx_word' id='word_1_59' title='bbox 1690 910 1858 980; x_wconf 86' lang='grc' dir='ltr'>φόϐον</span> <span class='ocrx_word' id='word_1_60' title='bbox 1919 910 2015 962; x_wconf 85' lang='grc' dir='ltr'>ἐπ-</span> 
     </span>
    </p>
   </div>
   <div class='ocr_carea' id='block_1_10' title="bbox 431 993 2016 1070">
    <p class='ocr_par' dir='ltr' id='par_1_10' title="bbox 431 993 2016 1070">
     <span class='ocr_line' id='line_1_10' title="bbox 431 993 2016 1070; baseline -0.003 -20"><span class='ocrx_word' id='word_1_61' title='bbox 431 999 770 1070; x_wconf 87' lang='grc' dir='ltr'>εκρέμασεν;</span> <span class='ocrx_word' id='word_1_62' title='bbox 819 995 1036 1065; x_wconf 86' lang='grc' dir='ltr'>Ἐπειδὴ</span> <span class='ocrx_word' id='word_1_63' title='bbox 1053 995 1160 1064; x_wconf 85' lang='grc' dir='ltr'>γὰρ</span> <span class='ocrx_word' id='word_1_64' title='bbox 1189 994 1438 1065; x_wconf 77' lang='grc' dir='ltr'>ἐνόμιζον</span> <span class='ocrx_word' id='word_1_65' title='bbox 1468 995 1659 1065; x_wconf 86' lang='grc' dir='ltr'>μέχρις</span> <span class='ocrx_word' id='word_1_66' title='bbox 1683 993 1890 1046; x_wconf 79' lang='grc' dir='ltr'>ἐκείνου</span> <span class='ocrx_word' id='word_1_67' title='bbox 1919 993 2016 1063; x_wconf 84' lang='grc' dir='ltr'>μό-</span> 
     </span>
    </p>
   </div>
   <div class='ocr_carea' id='block_1_11' title="bbox 431 1072 2012 1146">
    <p class='ocr_par' dir='ltr' id='par_1_11' title="bbox 431 1072 2012 1146">
     <span class='ocr_line' id='line_1_11' title="bbox 431 1072 2012 1146; baseline -0.003 -13"><span class='ocrx_word' id='word_1_68' title='bbox 431 1099 519 1133; x_wconf 88' lang='grc' dir='ltr'>νον</span> <span class='ocrx_word' id='word_1_69' title='bbox 545 1080 765 1132; x_wconf 76' lang='grc' dir='ltr'>ἑστάναι</span> <span class='ocrx_word' id='word_1_70' title='bbox 790 1078 851 1130; x_wconf 84' lang='grc' dir='ltr'>τδ</span> <span class='ocrx_word' id='word_1_71' title='bbox 892 1078 1084 1137; x_wconf 82' lang='grc' dir='ltr'>δεινὸν.</span> <span class='ocrx_word' id='word_1_72' title='bbox 1112 1076 1440 1144; x_wconf 78' lang='grc' dir='ltr'>ἐναγωνίους</span> <span class='ocrx_word' id='word_1_73' title='bbox 1486 1072 1702 1140; x_wconf 76' lang='grc' dir='ltr'>αὑτοὺς</span> <span class='ocrx_word' id='word_1_74' title='bbox 1723 1076 2012 1146; x_wconf 82' lang='grc' dir='ltr'>καθίστησι</span> 
     </span>
    </p>
   </div>
   <div class='ocr_carea' id='block_1_12' title="bbox 429 1157 2013 1231">
    <p class='ocr_par' dir='ltr' id='par_1_12' title="bbox 429 1157 2013 1231">
     <span class='ocr_line' id='line_1_12' title="bbox 429 1157 2013 1231; baseline -0.003 -16"><span class='ocrx_word' id='word_1_75' title='bbox 429 1163 602 1231; x_wconf 87' lang='grc' dir='ltr'>λέγων</span> <span class='ocrx_word' id='word_1_76' title='bbox 625 1180 638 1192; x_wconf 96' lang='grc'>·</span> <span class='ocrx_word' id='word_1_77' title='bbox 676 1164 799 1214; x_wconf 82' lang='grc' dir='ltr'>Οὐκ</span> <span class='ocrx_word' id='word_1_78' title='bbox 851 1161 1052 1214; x_wconf 77' lang='grc' dir='ltr'>οἴδατε</span> <span class='ocrx_word' id='word_1_79' title='bbox 1097 1160 1184 1212; x_wconf 82' lang='grc' dir='ltr'>ὅτι</span> <span class='ocrx_word' id='word_1_80' title='bbox 1213 1159 1396 1228; x_wconf 76' lang='grc' dir='ltr'>μικρὰ</span> <span class='ocrx_word' id='word_1_81' title='bbox 1430 1157 1575 1229; x_wconf 78' lang='grc' dir='ltr'>ζύμη</span> <span class='ocrx_word' id='word_1_82' title='bbox 1626 1160 1774 1213; x_wconf 78' lang='grc' dir='ltr'>ὅλον</span> <span class='ocrx_word' id='word_1_83' title='bbox 1803 1159 1870 1212; x_wconf 85' lang='grc' dir='ltr'>τὸ</span> <span class='ocrx_word' id='word_1_84' title='bbox 1902 1159 2013 1228; x_wconf 71' lang='grc' dir='ltr'>φύ-</span> 
     </span>
    </p>
   </div>
   <div class='ocr_carea' id='block_1_13' title="bbox 421 1241 2012 1315">
    <p class='ocr_par' dir='ltr' id='par_1_13' title="bbox 421 1241 2012 1315">
     <span class='ocr_line' id='line_1_13' title="bbox 421 1241 2012 1315; baseline -0.002 -18"><span class='ocrx_word' id='word_1_85' title='bbox 421 1261 579 1315; x_wconf 82' lang='grc' dir='ltr'>ραμα</span> <span class='ocrx_word' id='word_1_86' title='bbox 638 1243 846 1312; x_wconf 80' lang='grc' dir='ltr'>ζυμοῖ;</span> <span class='ocrx_word' id='word_1_87' title='bbox 887 1245 952 1296; x_wconf 87' lang='grc' dir='ltr'>Ὅ</span> <span class='ocrx_word' id='word_1_88' title='bbox 981 1244 1037 1296; x_wconf 85' lang='grc' dir='ltr'>δὲ</span> <span class='ocrx_word' id='word_1_89' title='bbox 1090 1243 1238 1311; x_wconf 81' lang='grc' dir='ltr'>λέγει</span> <span class='ocrx_word' id='word_1_90' title='bbox 1283 1243 1522 1296; x_wconf 89' lang='grc' dir='ltr'>τοιοῦτόν</span> <span class='ocrx_word' id='word_1_91' title='bbox 1558 1245 1740 1296; x_wconf 85' lang='grc' dir='ltr'>ἐστιν·</span> <span class='ocrx_word' id='word_1_92' title='bbox 1789 1242 1922 1313; x_wconf 86' lang='grc' dir='ltr'>Ὀδῷ</span> <span class='ocrx_word' id='word_1_93' title='bbox 1952 1241 2012 1294; x_wconf 89' lang='lat'>:6</span> 
     </span>
    </p>
   </div>
   <div class='ocr_carea' id='block_1_14' title="bbox 426 1326 2010 1398">
    <p class='ocr_par' dir='ltr' id='par_1_14' title="bbox 426 1326 2010 1398">
     <span class='ocr_line' id='line_1_14' title="bbox 426 1326 2010 1398; baseline -0.002 -17"><span class='ocrx_word' id='word_1_94' title='bbox 426 1328 597 1381; x_wconf 78' lang='grc' dir='ltr'>κακὸν</span> <span class='ocrx_word' id='word_1_95' title='bbox 633 1327 871 1398; x_wconf 75' lang='grc' dir='ltr'>βαδίζον,</span> <span class='ocrx_word' id='word_1_96' title='bbox 926 1328 1019 1380; x_wconf 77' lang='grc' dir='ltr'>καὶ</span> <span class='ocrx_word' id='word_1_97' title='bbox 1069 1328 1177 1380; x_wconf 89' lang='grc' dir='ltr'>τῶν</span> <span class='ocrx_word' id='word_1_98' title='bbox 1222 1327 1422 1380; x_wconf 85' lang='grc' dir='ltr'>λοιπῶν</span> <span class='ocrx_word' id='word_1_99' title='bbox 1458 1327 1652 1396; x_wconf 67' lang='grc' dir='ltr'>ἅψεται</span> <span class='ocrx_word' id='word_1_100' title='bbox 1691 1326 1898 1398; x_wconf 84' lang='grc' dir='ltr'>μελῶν·</span> <span class='ocrx_word' id='word_1_101' title='bbox 1935 1327 2010 1389; x_wconf 85' lang='grc' dir='ltr'>ῶς</span> 
     </span>
    </p>
   </div>
   <div class='ocr_carea' id='block_1_15' title="bbox 425 1408 2010 1481">
    <p class='ocr_par' dir='ltr' id='par_1_15' title="bbox 425 1408 2010 1481">
     <span class='ocr_line' id='line_1_15' title="bbox 425 1408 2010 1481; baseline -0.003 -16"><span class='ocrx_word' id='word_1_102' title='bbox 425 1411 566 1481; x_wconf 81' lang='grc' dir='ltr'>ὑπὲρ</span> <span class='ocrx_word' id='word_1_103' title='bbox 595 1410 790 1463; x_wconf 83' lang='grc' dir='ltr'>κοινῶν</span> <span class='ocrx_word' id='word_1_104' title='bbox 811 1410 990 1462; x_wconf 78' lang='grc' dir='ltr'>τοίνυν</span> <span class='ocrx_word' id='word_1_105' title='bbox 1009 1409 1196 1462; x_wconf 81' lang='grc' dir='ltr'>κακῶν</span> <span class='ocrx_word' id='word_1_106' title='bbox 1217 1409 1654 1481; x_wconf 83' lang='grc' dir='ltr'>βουλευομένους,</span> <span class='ocrx_word' id='word_1_107' title='bbox 1677 1408 1820 1462; x_wconf 76' lang='grc' dir='ltr'>οὕτω</span> <span class='ocrx_word' id='word_1_108' title='bbox 1849 1426 2010 1479; x_wconf 87' lang='grc' dir='ltr'>φρον-</span> 
     </span>
    </p>
   </div>
   <div class='ocr_carea' id='block_1_16' title="bbox 422 1493 2009 1565">
    <p class='ocr_par' dir='ltr' id='par_1_16' title="bbox 422 1493 2009 1565">
     <span class='ocr_line' id='line_1_16' title="bbox 422 1493 2009 1565; baseline -0.003 -16"><span class='ocrx_word' id='word_1_109' title='bbox 422 1493 593 1558; x_wconf 72' lang='grc' dir='ltr'>τίζειν</span> <span class='ocrx_word' id='word_1_110' title='bbox 656 1496 784 1565; x_wconf 90' lang='grc' dir='ltr'>χρή.</span> <span class='ocrx_word' id='word_1_111' title='bbox 837 1493 928 1563; x_wconf 84' lang='grc' dir='ltr'><strong>Μὴ</strong></span> <span class='ocrx_word' id='word_1_112' title='bbox 980 1494 1087 1563; x_wconf 90' lang='grc' dir='ltr'>γάρ</span> <span class='ocrx_word' id='word_1_113' title='bbox 1143 1511 1232 1563; x_wconf 93' lang='grc' dir='ltr'>μοι</span> <span class='ocrx_word' id='word_1_114' title='bbox 1280 1493 1440 1547; x_wconf 87' lang='grc' dir='ltr'>τοῦτο</span> <span class='ocrx_word' id='word_1_115' title='bbox 1466 1495 1650 1564; x_wconf 70' lang='grc' dir='ltr'>εἴπῃς,</span> <span class='ocrx_word' id='word_1_116' title='bbox 1683 1495 1765 1546; x_wconf 80' lang='grc' dir='ltr'>ὃτι</span> <span class='ocrx_word' id='word_1_117' title='bbox 1804 1496 2009 1556; x_wconf 82' lang='grc' dir='ltr'>ἐκεῖνος</span> 
     </span>
    </p>
   </div>
   <div class='ocr_carea' id='block_1_17' title="bbox 429 1577 2008 1650">
    <p class='ocr_par' dir='ltr' id='par_1_17' title="bbox 429 1577 2008 1650">
     <span class='ocr_line' id='line_1_17' title="bbox 429 1577 2008 1650; baseline -0.002 -19"><span class='ocrx_word' id='word_1_118' title='bbox 429 1579 640 1650; x_wconf 77' lang='grc' dir='ltr'>ήμαρτε</span> <span class='ocrx_word' id='word_1_119' title='bbox 703 1578 882 1648; x_wconf 89' lang='grc' dir='ltr'>μόνος,</span> <span class='ocrx_word' id='word_1_120' title='bbox 937 1577 1050 1631; x_wconf 84' lang='grc' dir='ltr'>ἀλλ’</span> <span class='ocrx_word' id='word_1_121' title='bbox 1078 1580 1251 1631; x_wconf 85' lang='grc' dir='ltr'>ἐκεῖνο</span> <span class='ocrx_word' id='word_1_122' title='bbox 1303 1579 1620 1641; x_wconf 82' lang='grc' dir='ltr'>σκόπει,ὅτι</span> <span class='ocrx_word' id='word_1_123' title='bbox 1659 1577 1904 1648; x_wconf 81' lang='grc' dir='ltr'>σηπεδὼν</span> <span class='ocrx_word' id='word_1_124' title='bbox 1924 1578 2008 1640; x_wconf 90' lang='grc' dir='ltr'>τίς</span> 
     </span>
    </p>
   </div>
   <div class='ocr_carea' id='block_1_18' title="bbox 422 1660 2005 1731">
    <p class='ocr_par' dir='ltr' id='par_1_18' title="bbox 422 1660 2005 1731">
     <span class='ocr_line' id='line_1_18' title="bbox 422 1660 2005 1731; baseline -0.001 -14"><span class='ocrx_word' id='word_1_125' title='bbox 422 1667 538 1718; x_wconf 87' lang='grc' dir='ltr'>ἐστι</span> <span class='ocrx_word' id='word_1_126' title='bbox 557 1661 618 1714; x_wconf 86' lang='lat'>:6</span> <span class='ocrx_word' id='word_1_127' title='bbox 636 1661 827 1726; x_wconf 85' lang='grc' dir='ltr'>δεινὸν,</span> <span class='ocrx_word' id='word_1_128' title='bbox 859 1661 953 1714; x_wconf 71' lang='grc' dir='ltr'>καὶ</span> <span class='ocrx_word' id='word_1_129' title='bbox 981 1661 1041 1714; x_wconf 85' lang='grc' dir='ltr'>τὸ</span> <span class='ocrx_word' id='word_1_130' title='bbox 1063 1660 1247 1713; x_wconf 84' lang='grc' dir='ltr'>λοιπὸν</span> <span class='ocrx_word' id='word_1_131' title='bbox 1275 1660 1421 1714; x_wconf 81' lang='grc' dir='ltr'>ἁπαν</span> <span class='ocrx_word' id='word_1_132' title='bbox 1469 1661 1784 1731; x_wconf 88' lang='grc' dir='ltr'>ἐπινέμεται</span> <span class='ocrx_word' id='word_1_133' title='bbox 1825 1661 2005 1731; x_wconf 89' lang='grc' dir='ltr'>σῶμα.</span> 
     </span>
    </p>
   </div>
   <div class='ocr_carea' id='block_1_19' title="bbox 424 1741 2008 1814">
    <p class='ocr_par' dir='ltr' id='par_1_19' title="bbox 424 1741 2008 1814">
     <span class='ocr_line' id='line_1_19' title="bbox 424 1741 2008 1814; baseline -0.001 -16"><span class='ocrx_word' id='word_1_134' title='bbox 424 1741 533 1798; x_wconf 72' lang='grc' dir='ltr'>Καὶ</span> <span class='ocrx_word' id='word_1_135' title='bbox 562 1741 816 1813; x_wconf 87' lang='grc' dir='ltr'>καθάπερ</span> <span class='ocrx_word' id='word_1_136' title='bbox 844 1743 1022 1806; x_wconf 85' lang='grc' dir='ltr'>οἰκίας</span> <span class='ocrx_word' id='word_1_137' title='bbox 1061 1742 1378 1814; x_wconf 88' lang='grc' dir='ltr'>καιομένης,</span> <span class='ocrx_word' id='word_1_138' title='bbox 1409 1744 1504 1797; x_wconf 73' lang='grc' dir='ltr'>καὶ</span> <span class='ocrx_word' id='word_1_139' title='bbox 1531 1745 1580 1795; x_wconf 89' lang='grc' dir='ltr'>οί</span> <span class='ocrx_word' id='word_1_140' title='bbox 1612 1743 1836 1813; x_wconf 83' lang='grc' dir='ltr'>μηδέπω</span> <span class='ocrx_word' id='word_1_141' title='bbox 1855 1742 2008 1806; x_wconf 81' lang='grc' dir='ltr'>δεξά-</span> 
     </span>
    </p>
   </div>
   <div class='ocr_carea' id='block_1_20' title="bbox 425 1825 2005 1898">
    <p class='ocr_par' dir='ltr' id='par_1_20' title="bbox 425 1825 2005 1898">
     <span class='ocr_line' id='line_1_20' title="bbox 425 1825 2005 1898; baseline -0.002 -17"><span class='ocrx_word' id='word_1_142' title='bbox 425 1844 576 1896; x_wconf 83' lang='grc' dir='ltr'>μενοι</span> <span class='ocrx_word' id='word_1_143' title='bbox 601 1827 663 1880; x_wconf 82' lang='grc' dir='ltr'>τὸ</span> <span class='ocrx_word' id='word_1_144' title='bbox 696 1825 884 1890; x_wconf 79' lang='grc' dir='ltr'>κακὸν,</span> <span class='ocrx_word' id='word_1_145' title='bbox 915 1826 1022 1879; x_wconf 89' lang='grc' dir='ltr'>τῶν</span> <span class='ocrx_word' id='word_1_146' title='bbox 1052 1825 1220 1879; x_wconf 78' lang='grc' dir='ltr'>όντων</span> <span class='ocrx_word' id='word_1_147' title='bbox 1257 1827 1314 1880; x_wconf 86' lang='grc' dir='ltr'>ἐν</span> <span class='ocrx_word' id='word_1_148' title='bbox 1345 1830 1410 1898; x_wconf 82' lang='grc' dir='ltr'>τῇ</span> <span class='ocrx_word' id='word_1_149' title='bbox 1443 1828 1698 1896; x_wconf 81' lang='grc' dir='ltr'>συμφορᾷ</span> <span class='ocrx_word' id='word_1_150' title='bbox 1720 1827 1820 1879; x_wconf 88' lang='grc' dir='ltr'>οὑκ</span> <span class='ocrx_word' id='word_1_151' title='bbox 1848 1825 2005 1878; x_wconf 79' lang='grc' dir='ltr'>ἔλατ-</span> 
     </span>
    </p>
   </div>
   <div class='ocr_carea' id='block_1_21' title="bbox 417 1908 2004 1979">
    <p class='ocr_par' dir='ltr' id='par_1_21' title="bbox 417 1908 2004 1979">
     <span class='ocr_line' id='line_1_21' title="bbox 417 1908 2004 1979; baseline -0.002 -15"><span class='ocrx_word' id='word_1_152' title='bbox 417 1923 507 1963; x_wconf 63' lang='grc' dir='ltr'>τον</span> <span class='ocrx_word' id='word_1_153' title='bbox 536 1909 848 1978; x_wconf 71' lang='grc' dir='ltr'>ἐπείγονται</span> <span class='ocrx_word' id='word_1_154' title='bbox 892 1910 986 1962; x_wconf 64' lang='grc' dir='ltr'>καὶ¹</span> <span class='ocrx_word' id='word_1_155' title='bbox 1019 1910 1195 1964; x_wconf 87' lang='grc' dir='ltr'>πάντα</span> <span class='ocrx_word' id='word_1_156' title='bbox 1245 1910 1718 1978; x_wconf 83' lang='grc' dir='ltr'>συνεισφέρουσιν,</span> <span class='ocrx_word' id='word_1_157' title='bbox 1755 1909 1895 1962; x_wconf 80' lang='grc' dir='ltr'>ὥστε</span> <span class='ocrx_word' id='word_1_158' title='bbox 1929 1908 2004 1979; x_wconf 84' lang='grc' dir='ltr'>μὴ</span> 
     </span>
    </p>
   </div>
   <div class='ocr_carea' id='block_1_22' title="bbox 416 1991 1998 2063">
    <p class='ocr_par' dir='ltr' id='par_1_22' title="bbox 416 1991 1998 2063">
     <span class='ocr_line' id='line_1_22' title="bbox 416 1991 1998 2063; baseline 0.003 -22"><span class='ocrx_word' id='word_1_159' title='bbox 416 1993 478 2041; x_wconf 69' lang='grc' dir='ltr'>τὸ</span> <span class='ocrx_word' id='word_1_160' title='bbox 509 1991 620 2061; x_wconf 91' lang='grc' dir='ltr'>πῦρ</span> <span class='ocrx_word' id='word_1_161' title='bbox 649 1993 1000 2062; x_wconf 77' lang='grc' dir='ltr'>ἐπειγόμενον</span> <span class='ocrx_word' id='word_1_162' title='bbox 1027 1992 1120 2045; x_wconf 68' lang='grc' dir='ltr'>καί⁵</span> <span class='ocrx_word' id='word_1_163' title='bbox 1142 1993 1235 2044; x_wconf 78' lang='grc' dir='ltr'>ἐπὶ</span> <span class='ocrx_word' id='word_1_164' title='bbox 1251 1992 1350 2055; x_wconf 85' lang='grc' dir='ltr'>τὰς</span> <span class='ocrx_word' id='word_1_165' title='bbox 1381 1992 1560 2045; x_wconf 78' lang='grc' dir='ltr'>αὐτῶν</span> <span class='ocrx_word' id='word_1_166' title='bbox 1593 1991 1762 2062; x_wconf 89' lang='grc' dir='ltr'>θύρας</span> <span class='ocrx_word' id='word_1_167' title='bbox 1794 1991 1922 2063; x_wconf 75' lang='grc' dir='ltr'>ἔλθῃ</span> <span class='ocrx_word' id='word_1_168' title='bbox 1941 2005 1965 2031; x_wconf 65' lang='lat' dir='ltr'><strong>ﬂ</strong></span> <span class='ocrx_word' id='word_1_169' title='bbox 1985 2009 1998 2022; x_wconf 92' lang='grc'>·</span> 
     </span>
    </p>
   </div>
   <div class='ocr_carea' id='block_1_23' title="bbox 418 2073 2004 2144">
    <p class='ocr_par' dir='ltr' id='par_1_23' title="bbox 418 2073 2004 2144">
     <span class='ocr_line' id='line_1_23' title="bbox 418 2073 2004 2144; baseline -0.003 -14"><span class='ocrx_word' id='word_1_170' title='bbox 418 2076 561 2132; x_wconf 76' lang='grc' dir='ltr'>οὕτω</span> <span class='ocrx_word' id='word_1_171' title='bbox 588 2076 680 2128; x_wconf 75' lang='grc' dir='ltr'>καὶ</span> <span class='ocrx_word' id='word_1_172' title='bbox 724 2074 946 2138; x_wconf 87' lang='grc' dir='ltr'>τούτους</span> <span class='ocrx_word' id='word_1_173' title='bbox 987 2077 1016 2128; x_wconf 90' lang='lat'>6</span> <span class='ocrx_word' id='word_1_174' title='bbox 1056 2073 1265 2137; x_wconf 81' lang='grc' dir='ltr'>Παῦλος</span> <span class='ocrx_word' id='word_1_175' title='bbox 1307 2074 1566 2144; x_wconf 87' lang='grc' dir='ltr'>διεγείρει</span> <span class='ocrx_word' id='word_1_176' title='bbox 1605 2074 1811 2141; x_wconf 89' lang='grc' dir='ltr'>λέγων·</span> <span class='ocrx_word' id='word_1_177' title='bbox 1848 2075 2004 2143; x_wconf 88' lang='grc' dir='ltr'>Πυρά</span> 
     </span>
    </p>
   </div>
   <div class='ocr_carea' id='block_1_24' title="bbox 417 2157 2003 2229">
    <p class='ocr_par' dir='ltr' id='par_1_24' title="bbox 417 2157 2003 2229">
     <span class='ocr_line' id='line_1_24' title="bbox 417 2157 2003 2229; baseline 0.002 -22"><span class='ocrx_word' id='word_1_178' title='bbox 417 2157 502 2219; x_wconf 91' lang='grc' dir='ltr'>τίς</span> <span class='ocrx_word' id='word_1_179' title='bbox 527 2160 663 2223; x_wconf 89' lang='grc' dir='ltr'>ἐστι,</span> <span class='ocrx_word' id='word_1_180' title='bbox 723 2157 1227 2229; x_wconf 90' lang='grc' dir='ltr'>προκαταλάϐωμεν</span> <span class='ocrx_word' id='word_1_181' title='bbox 1259 2157 1321 2210; x_wconf 89' lang='lat'>:6</span> <span class='ocrx_word' id='word_1_182' title='bbox 1349 2157 1520 2210; x_wconf 89' lang='grc' dir='ltr'>δεινόν</span> <span class='ocrx_word' id='word_1_183' title='bbox 1540 2174 1555 2188; x_wconf 91' lang='grc'>·</span> <span class='ocrx_word' id='word_1_184' title='bbox 1596 2158 1877 2227; x_wconf 85' lang='grc' dir='ltr'>σϐέσωμεν</span> <span class='ocrx_word' id='word_1_185' title='bbox 1911 2158 2003 2210; x_wconf 81' lang='grc' dir='ltr'>τὸν</span> 
     </span>
    </p>
   </div>
   <div class='ocr_carea' id='block_1_25' title="bbox 420 2238 2000 2312">
    <p class='ocr_par' dir='ltr' id='par_1_25' title="bbox 420 2238 2000 2312">
     <span class='ocr_line' id='line_1_25' title="bbox 420 2238 2000 2312; baseline 0.001 -21"><span class='ocrx_word' id='word_1_186' title='bbox 420 2239 767 2312; x_wconf 79' lang='grc' dir='ltr'>ἐμπρησμὸν,</span> <span class='ocrx_word' id='word_1_187' title='bbox 817 2240 1011 2311; x_wconf 76' lang='grc' dir='ltr'>πρίνῆ</span> <span class='ocrx_word' id='word_1_188' title='bbox 1048 2239 1372 2292; x_wconf 82' lang='grc' dir='ltr'>καταλαϐεῖν</span> <span class='ocrx_word' id='word_1_189' title='bbox 1415 2238 1512 2310; x_wconf 85' lang='grc' dir='ltr'>τὴν</span> <span class='ocrx_word' id='word_1_190' title='bbox 1559 2240 1917 2310; x_wconf 82' lang='grc' dir='ltr'>Ἐκκλησίαν·</span> <span class='ocrx_word' id='word_1_191' title='bbox 1953 2241 2000 2292; x_wconf 85' lang='grc' dir='ltr'>εί</span> 
     </span>
    </p>
   </div>
   <div class='ocr_carea' id='block_1_26' title="bbox 421 2322 1999 2394">
    <p class='ocr_par' dir='ltr' id='par_1_26' title="bbox 421 2322 1999 2394">
     <span class='ocr_line' id='line_1_26' title="bbox 421 2322 1999 2394; baseline -0.002 -18"><span class='ocrx_word' id='word_1_192' title='bbox 421 2330 478 2384; x_wconf 80' lang='grc' dir='ltr'>δὲ</span> <span class='ocrx_word' id='word_1_193' title='bbox 497 2327 854 2394; x_wconf 74' lang='grc' dir='ltr'>καταφρονεῖς</span> <span class='ocrx_word' id='word_1_194' title='bbox 881 2324 980 2393; x_wconf 83' lang='grc' dir='ltr'>τῆς</span> <span class='ocrx_word' id='word_1_195' title='bbox 1029 2322 1304 2393; x_wconf 87' lang='grc' dir='ltr'>ἁμαρτίας</span> <span class='ocrx_word' id='word_1_196' title='bbox 1333 2322 1408 2386; x_wconf 85' lang='grc' dir='ltr'>ὡς</span> <span class='ocrx_word' id='word_1_197' title='bbox 1460 2325 1518 2375; x_wconf 91' lang='grc' dir='ltr'>ἐν</span> <span class='ocrx_word' id='word_1_198' title='bbox 1549 2322 1811 2394; x_wconf 82' lang='grc' dir='ltr'>ἀλλοτρίῳ</span> <span class='ocrx_word' id='word_1_199' title='bbox 1842 2339 1999 2390; x_wconf 81' lang='grc' dir='ltr'>γενο-</span> 
     </span>
    </p>
   </div>
   <div class='ocr_carea' id='block_1_27' title="bbox 422 2404 2000 2480">
    <p class='ocr_par' dir='ltr' id='par_1_27' title="bbox 422 2404 2000 2480">
     <span class='ocr_line' id='line_1_27' title="bbox 422 2404 2000 2480; baseline 0 -22"><span class='ocrx_word' id='word_1_200' title='bbox 422 2407 586 2480; x_wconf 85' lang='grc' dir='ltr'>μένης</span> <span class='ocrx_word' id='word_1_201' title='bbox 616 2405 850 2475; x_wconf 90' lang='grc' dir='ltr'>σώματι,</span> <span class='ocrx_word' id='word_1_202' title='bbox 881 2405 1114 2475; x_wconf 88' lang='grc' dir='ltr'>μάλιστα</span> <span class='ocrx_word' id='word_1_203' title='bbox 1160 2406 1258 2474; x_wconf 84' lang='grc' dir='ltr'>μὲν</span> <span class='ocrx_word' id='word_1_204' title='bbox 1290 2404 1384 2458; x_wconf 78' lang='grc' dir='ltr'>καὶ</span> <span class='ocrx_word' id='word_1_205' title='bbox 1415 2404 1558 2458; x_wconf 82' lang='grc' dir='ltr'>οῦτω</span> <span class='ocrx_word' id='word_1_206' title='bbox 1585 2404 1768 2469; x_wconf 86' lang='grc' dir='ltr'>κακῶς</span> <span class='ocrx_word' id='word_1_207' title='bbox 1787 2420 1801 2434; x_wconf 92' lang='grc'>·</span> <span class='ocrx_word' id='word_1_208' title='bbox 1841 2405 2000 2474; x_wconf 83' lang='grc' dir='ltr'>μέλος</span> 
     </span>
    </p>
   </div>
   <div class='ocr_carea' id='block_1_28' title="bbox 417 2488 1536 2560">
    <p class='ocr_par' dir='ltr' id='par_1_28' title="bbox 417 2488 1536 2560">
     <span class='ocr_line' id='line_1_28' title="bbox 417 2488 1536 2560; baseline -0.001 -17"><span class='ocrx_word' id='word_1_209' title='bbox 417 2492 524 2560; x_wconf 81' lang='grc' dir='ltr'>γάρ</span> <span class='ocrx_word' id='word_1_210' title='bbox 546 2493 663 2542; x_wconf 88' lang='grc' dir='ltr'>ἐστι</span> <span class='ocrx_word' id='word_1_211' title='bbox 693 2489 786 2543; x_wconf 91' lang='grc' dir='ltr'>τοῦ</span> <span class='ocrx_word' id='word_1_212' title='bbox 811 2489 1012 2551; x_wconf 83' lang='grc' dir='ltr'>παντὸς</span> <span class='ocrx_word' id='word_1_213' title='bbox 1043 2488 1291 2558; x_wconf 90' lang='grc' dir='ltr'>σώματος</span> <span class='ocrx_word' id='word_1_214' title='bbox 1313 2490 1536 2552; x_wconf 89' lang='grc' dir='ltr'>ἐκεῖνος.</span> 
     </span>
    </p>
   </div>
   <div class='ocr_carea' id='block_1_29' title="bbox 485 2571 1999 2646">
    <p class='ocr_par' dir='ltr' id='par_1_29' title="bbox 485 2571 1999 2646">
     <span class='ocr_line' id='line_1_29' title="bbox 485 2571 1999 2646; baseline -0.003 -17"><span class='ocrx_word' id='word_1_215' title='bbox 485 2581 554 2644; x_wconf 86' lang='grc' dir='ltr'>γ’.</span> <span class='ocrx_word' id='word_1_216' title='bbox 588 2575 734 2644; x_wconf 82' lang='grc' dir='ltr'>Πλὴν</span> <span class='ocrx_word' id='word_1_217' title='bbox 761 2574 872 2626; x_wconf 82' lang='grc' dir='ltr'>ἀλλ’</span> <span class='ocrx_word' id='word_1_218' title='bbox 897 2575 1074 2626; x_wconf 87' lang='grc' dir='ltr'>ἐκεῖνο</span> <span class='ocrx_word' id='word_1_219' title='bbox 1104 2573 1313 2638; x_wconf 89' lang='grc' dir='ltr'>σκόπει,</span> <span class='ocrx_word' id='word_1_220' title='bbox 1338 2575 1418 2626; x_wconf 84' lang='grc' dir='ltr'>ὅτι</span> <span class='ocrx_word' id='word_1_221' title='bbox 1451 2573 1516 2626; x_wconf 80' lang='grc' dir='ltr'>ἂν</span> <span class='ocrx_word' id='word_1_222' title='bbox 1549 2571 1873 2646; x_wconf 69' lang='grc' dir='ltr'>ρᾳθυμήσῃς</span> <span class='ocrx_word' id='word_1_223' title='bbox 1904 2573 1999 2626; x_wconf 73' lang='grc' dir='ltr'>καὶ</span> 
     </span>
    </p>
   </div>
   <div class='ocr_carea' id='block_1_30' title="bbox 419 2655 1996 2729">
    <p class='ocr_par' dir='ltr' id='par_1_30' title="bbox 419 2655 1996 2729">
     <span class='ocr_line' id='line_1_30' title="bbox 419 2655 1996 2729; baseline -0.003 -18"><span class='ocrx_word' id='word_1_224' title='bbox 419 2657 668 2729; x_wconf 84' lang='grc' dir='ltr'>παρίδῃς,</span> <span class='ocrx_word' id='word_1_225' title='bbox 697 2658 791 2710; x_wconf 76' lang='grc' dir='ltr'>καὶ</span> <span class='ocrx_word' id='word_1_226' title='bbox 818 2656 877 2708; x_wconf 85' lang='grc' dir='ltr'>σὲ</span> <span class='ocrx_word' id='word_1_227' title='bbox 914 2655 1286 2726; x_wconf 79' lang='grc' dir='ltr'>καταλήψεταί</span> <span class='ocrx_word' id='word_1_228' title='bbox 1319 2671 1470 2709; x_wconf 87' lang='grc' dir='ltr'>ποτε.</span> <span class='ocrx_word' id='word_1_229' title='bbox 1507 2656 1672 2709; x_wconf 77' lang='grc' dir='ltr'>Ὥστε</span> <span class='ocrx_word' id='word_1_230' title='bbox 1705 2658 1752 2709; x_wconf 90' lang='grc' dir='ltr'>εἰ</span> <span class='ocrx_word' id='word_1_231' title='bbox 1793 2656 1887 2707; x_wconf 83' lang='grc' dir='ltr'>καὶ</span> <span class='ocrx_word' id='word_1_232' title='bbox 1923 2655 1996 2725; x_wconf 83' lang='grc' dir='ltr'>μὴ</span> 
     </span>
    </p>
   </div>
   <div class='ocr_carea' id='block_1_31' title="bbox 411 2737 1999 2810">
    <p class='ocr_par' dir='ltr' id='par_1_31' title="bbox 411 2737 1999 2810">
     <span class='ocr_line' id='line_1_31' title="bbox 411 2737 1999 2810; baseline -0.004 -16"><span class='ocrx_word' id='word_1_233' title='bbox 411 2741 499 2796; x_wconf 80' lang='grc' dir='ltr'>δ.ἀ</span> <span class='ocrx_word' id='word_1_234' title='bbox 561 2742 652 2793; x_wconf 81' lang='grc' dir='ltr'>τὸν</span> <span class='ocrx_word' id='word_1_235' title='bbox 697 2739 944 2810; x_wconf 82' lang='grc' dir='ltr'>ἀδελφὺν,</span> <span class='ocrx_word' id='word_1_236' title='bbox 986 2738 1074 2792; x_wconf 90' lang='grc' dir='ltr'>διά</span> <span class='ocrx_word' id='word_1_237' title='bbox 1123 2738 1253 2807; x_wconf 87' lang='grc' dir='ltr'>γοῦν</span> <span class='ocrx_word' id='word_1_238' title='bbox 1300 2737 1494 2790; x_wconf 81' lang='grc' dir='ltr'>σαυτὸν</span> <span class='ocrx_word' id='word_1_239' title='bbox 1541 2737 1871 2809; x_wconf 87' lang='grc' dir='ltr'>διεγέρθητι,</span> <span class='ocrx_word' id='word_1_240' title='bbox 1905 2739 1999 2789; x_wconf 76' lang='grc' dir='ltr'>καὶ</span> 
     </span>
    </p>
   </div>
   <div class='ocr_carea' id='block_1_32' title="bbox 419 2821 1998 2892">
    <p class='ocr_par' dir='ltr' id='par_1_32' title="bbox 419 2821 1998 2892">
     <span class='ocr_line' id='line_1_32' title="bbox 419 2821 1998 2892; baseline -0.004 -14"><span class='ocrx_word' id='word_1_241' title='bbox 419 2823 729 2878; x_wconf 72' lang='grc' dir='ltr'>ἀνάπειλον</span> <span class='ocrx_word' id='word_1_242' title='bbox 782 2823 875 2876; x_wconf 84' lang='grc' dir='ltr'>τδν</span> <span class='ocrx_word' id='word_1_243' title='bbox 929 2823 1138 2891; x_wconf 78' lang='grc' dir='ltr'>λοιμὸν,</span> <span class='ocrx_word' id='word_1_244' title='bbox 1182 2821 1278 2874; x_wconf 74' lang='grc' dir='ltr'>καὶ</span> <span class='ocrx_word' id='word_1_245' title='bbox 1313 2822 1664 2892; x_wconf 85' lang='grc' dir='ltr'>προκάτασχε</span> <span class='ocrx_word' id='word_1_246' title='bbox 1697 2822 1795 2892; x_wconf 79' lang='grc' dir='ltr'>τὴν</span> <span class='ocrx_word' id='word_1_247' title='bbox 1831 2837 1998 2892; x_wconf 87' lang='grc' dir='ltr'>σηπε-</span> 
     </span>
    </p>
   </div>
   <div class='ocr_carea' id='block_1_33' title="bbox 415 2903 1998 2977">
    <p class='ocr_par' dir='ltr' id='par_1_33' title="bbox 415 2903 1998 2977">
     <span class='ocr_line' id='line_1_33' title="bbox 415 2903 1998 2977; baseline -0.005 -14"><span class='ocrx_word' id='word_1_248' title='bbox 415 2909 562 2970; x_wconf 87' lang='grc' dir='ltr'>δόνα,</span> <span class='ocrx_word' id='word_1_249' title='bbox 593 2907 687 2960; x_wconf 75' lang='grc' dir='ltr'>καὶ</span> <span class='ocrx_word' id='word_1_250' title='bbox 708 2905 808 2977; x_wconf 81' lang='grc' dir='ltr'>τὴν</span> <span class='ocrx_word' id='word_1_251' title='bbox 834 2905 1006 2976; x_wconf 82' lang='grc' dir='ltr'>νομὴν</span> <span class='ocrx_word' id='word_1_252' title='bbox 1033 2905 1307 2974; x_wconf 68' lang='grc' dir='ltr'>διάκοψον.</span> <span class='ocrx_word' id='word_1_253' title='bbox 1367 2905 1554 2958; x_wconf 87' lang='grc' dir='ltr'>Ταῦτα</span> <span class='ocrx_word' id='word_1_254' title='bbox 1594 2905 1771 2958; x_wconf 86' lang='grc' dir='ltr'>τοίνυν</span> <span class='ocrx_word' id='word_1_255' title='bbox 1805 2905 1901 2957; x_wconf 79' lang='grc' dir='ltr'>καὶ</span> <span class='ocrx_word' id='word_1_256' title='bbox 1931 2903 1998 2956; x_wconf 88' lang='grc' dir='ltr'>τά</span> 
     </span>
    </p>
   </div>
   <div class='ocr_carea' id='block_1_34' title="bbox 414 2987 1996 3060">
    <p class='ocr_par' dir='ltr' id='par_1_34' title="bbox 414 2987 1996 3060">
     <span class='ocr_line' id='line_1_34' title="bbox 414 2987 1996 3060; baseline -0.003 -18"><span class='ocrx_word' id='word_1_257' title='bbox 414 2991 638 3047; x_wconf 80' lang='grc' dir='ltr'>πλείονα</span> <span class='ocrx_word' id='word_1_258' title='bbox 663 2990 866 3043; x_wconf 90' lang='grc' dir='ltr'>τούτων</span> <span class='ocrx_word' id='word_1_259' title='bbox 890 2988 1080 3055; x_wconf 86' lang='grc' dir='ltr'>εἰπὼν,</span> <span class='ocrx_word' id='word_1_260' title='bbox 1111 2991 1205 3042; x_wconf 69' lang='grc' dir='ltr'>καί¹</span> <span class='ocrx_word' id='word_1_261' title='bbox 1241 2989 1500 3052; x_wconf 89' lang='grc' dir='ltr'>κελεύσας</span> <span class='ocrx_word' id='word_1_262' title='bbox 1526 2989 1858 3060; x_wconf 86' lang='grc' dir='ltr'>παραδοῦναι</span> <span class='ocrx_word' id='word_1_263' title='bbox 1897 2987 1996 3039; x_wconf 87' lang='grc' dir='ltr'>αὑ-</span> 
     </span>
    </p>
   </div>
   <div class='ocr_carea' id='block_1_35' title="bbox 417 3071 1996 3146">
    <p class='ocr_par' dir='ltr' id='par_1_35' title="bbox 417 3071 1996 3146">
     <span class='ocr_line' id='line_1_35' title="bbox 417 3071 1996 3146; baseline -0.004 -18"><span class='ocrx_word' id='word_1_264' title='bbox 417 3075 506 3128; x_wconf 82' lang='grc' dir='ltr'>τὸν</span> <span class='ocrx_word' id='word_1_265' title='bbox 541 3073 618 3146; x_wconf 80' lang='grc' dir='ltr'>τῷ</span> <span class='ocrx_word' id='word_1_266' title='bbox 662 3075 898 3144; x_wconf 84' lang='grc' dir='ltr'>Σατανᾷ,</span> <span class='ocrx_word' id='word_1_267' title='bbox 935 3075 1097 3143; x_wconf 74' lang='grc' dir='ltr'>φησὶν</span> <span class='ocrx_word' id='word_1_268' title='bbox 1157 3073 1404 3144; x_wconf 78' lang='grc' dir='ltr'>ὕστερον,</span> <span class='ocrx_word' id='word_1_269' title='bbox 1433 3072 1616 3144; x_wconf 85' lang='grc' dir='ltr'>ἐπειδὴ</span> <span class='ocrx_word' id='word_1_270' title='bbox 1669 3071 1996 3143; x_wconf 89' lang='grc' dir='ltr'>μετεϐάλετο</span> 
     </span>
    </p>
   </div>
   <div class='ocr_carea' id='block_1_36' title="bbox 417 3153 1996 3229">
    <p class='ocr_par' dir='ltr' id='par_1_36' title="bbox 417 3153 1996 3229">
     <span class='ocr_line' id='line_1_36' title="bbox 417 3153 1996 3229; baseline -0.004 -17"><span class='ocrx_word' id='word_1_271' title='bbox 417 3161 507 3212; x_wconf 80' lang='grc' dir='ltr'>καὶ</span> <span class='ocrx_word' id='word_1_272' title='bbox 531 3157 751 3229; x_wconf 80' lang='grc' dir='ltr'>βελτίων</span> <span class='ocrx_word' id='word_1_273' title='bbox 784 3157 998 3226; x_wconf 88' lang='grc' dir='ltr'>ἐγένετο</span> <span class='ocrx_word' id='word_1_274' title='bbox 1014 3172 1028 3186; x_wconf 98' lang='grc'>·</span> <span class='ocrx_word' id='word_1_275' title='bbox 1053 3157 1291 3211; x_wconf 81' lang='grc' dir='ltr'>Ἱκανὸν</span> <span class='ocrx_word' id='word_1_276' title='bbox 1311 3153 1390 3221; x_wconf 83' lang='grc' dir='ltr'>τῷ</span> <span class='ocrx_word' id='word_1_277' title='bbox 1418 3157 1662 3223; x_wconf 86' lang='grc' dir='ltr'>τοιούτῳ</span> <span class='ocrx_word' id='word_1_278' title='bbox 1682 3157 1718 3222; x_wconf 77' lang='grc' dir='ltr'><strong><em>ή</em></strong></span> <span class='ocrx_word' id='word_1_279' title='bbox 1737 3155 1996 3223; x_wconf 79' lang='grc' dir='ltr'>ἐπιτιμία</span> 
     </span>
    </p>
   </div>
   <div class='ocr_carea' id='block_1_37' title="bbox 415 3235 1995 3310">
    <p class='ocr_par' dir='ltr' id='par_1_37' title="bbox 415 3235 1995 3310">
     <span class='ocr_line' id='line_1_37' title="bbox 415 3235 1995 3310; baseline -0.004 -15"><span class='ocrx_word' id='word_1_280' title='bbox 415 3242 563 3310; x_wconf 84' lang='grc' dir='ltr'>αὕτη</span> <span class='ocrx_word' id='word_1_281' title='bbox 587 3242 624 3310; x_wconf 84' lang='grc' dir='ltr'><strong><em>ή</em></strong></span> <span class='ocrx_word' id='word_1_282' title='bbox 660 3243 773 3295; x_wconf 84' lang='grc' dir='ltr'>ὑπὸ</span> <span class='ocrx_word' id='word_1_283' title='bbox 803 3239 922 3293; x_wconf 83' lang='grc' dir='ltr'>τῶν</span> <span class='ocrx_word' id='word_1_284' title='bbox 953 3239 1276 3293; x_wconf 79' lang='grc' dir='ltr'>πλειόνων·</span> <span class='ocrx_word' id='word_1_285' title='bbox 1306 3237 1611 3306; x_wconf 82' lang='grc' dir='ltr'>κυρώσατε</span> <span class='ocrx_word' id='word_1_286' title='bbox 1638 3235 1750 3292; x_wconf 85' lang='grc' dir='ltr'>οὖν</span> <span class='ocrx_word' id='word_1_287' title='bbox 1775 3239 1861 3302; x_wconf 77' lang='grc' dir='ltr'>εἰς</span> <span class='ocrx_word' id='word_1_288' title='bbox 1891 3239 1995 3290; x_wconf 82' lang='grc' dir='ltr'>αὺ-</span> 
     </span>
    </p>
   </div>
   <div class='ocr_carea' id='block_1_38' title="bbox 415 3319 1992 3394">
    <p class='ocr_par' dir='ltr' id='par_1_38' title="bbox 415 3319 1992 3394">
     <span class='ocr_line' id='line_1_38' title="bbox 415 3319 1992 3394; baseline -0.004 -18"><span class='ocrx_word' id='word_1_289' title='bbox 415 3324 520 3376; x_wconf 78' lang='grc' dir='ltr'>τὸν</span> <span class='ocrx_word' id='word_1_290' title='bbox 551 3323 811 3394; x_wconf 68' lang='grc' dir='ltr'>ἀγάπην.</span> <span class='ocrx_word' id='word_1_291' title='bbox 852 3321 1070 3393; x_wconf 79' lang='grc' dir='ltr'>Ἐπειδὴ</span> <span class='ocrx_word' id='word_1_292' title='bbox 1108 3322 1214 3394; x_wconf 80' lang='grc' dir='ltr'>γάρ</span> <span class='ocrx_word' id='word_1_293' title='bbox 1259 3322 1418 3374; x_wconf 82' lang='grc' dir='ltr'>αὑτὸν</span> <span class='ocrx_word' id='word_1_294' title='bbox 1453 3320 1628 3374; x_wconf 82' lang='grc' dir='ltr'>κοινὸν</span> <span class='ocrx_word' id='word_1_295' title='bbox 1669 3321 1862 3390; x_wconf 80' lang='grc' dir='ltr'>ἐχθρὸν</span> <span class='ocrx_word' id='word_1_296' title='bbox 1900 3319 1992 3370; x_wconf 77' lang='grc' dir='ltr'>καὶ</span> 
     </span>
    </p>
   </div>
   <div class='ocr_carea' id='block_1_39' title="bbox 416 3401 1991 3476">
    <p class='ocr_par' dir='ltr' id='par_1_39' title="bbox 416 3401 1991 3476">
     <span class='ocr_line' id='line_1_39' title="bbox 416 3401 1991 3476; baseline -0.003 -18"><span class='ocrx_word' id='word_1_297' title='bbox 416 3406 670 3476; x_wconf 87' lang='grc' dir='ltr'>πολέμιον</span> <span class='ocrx_word' id='word_1_298' title='bbox 700 3405 1029 3476; x_wconf 87' lang='grc' dir='ltr'>κατέστησεν</span> <span class='ocrx_word' id='word_1_299' title='bbox 1069 3407 1237 3459; x_wconf 82' lang='grc' dir='ltr'>ἀπασι</span> <span class='ocrx_word' id='word_1_300' title='bbox 1288 3405 1381 3456; x_wconf 77' lang='grc' dir='ltr'>καὶ</span> <span class='ocrx_word' id='word_1_301' title='bbox 1415 3406 1513 3474; x_wconf 85' lang='grc' dir='ltr'>τῆς</span> <span class='ocrx_word' id='word_1_302' title='bbox 1550 3403 1748 3472; x_wconf 84' lang='grc' dir='ltr'>ἀγέλης</span> <span class='ocrx_word' id='word_1_303' title='bbox 1774 3401 1991 3466; x_wconf 83' lang='grc' dir='ltr'>ἐξέϐαλε</span> 
     </span>
    </p>
   </div>
   <div class='ocr_carea' id='block_1_40' title="bbox 413 3484 1988 3558">
    <p class='ocr_par' dir='ltr' id='par_1_40' title="bbox 413 3484 1988 3558">
     <span class='ocr_line' id='line_1_40' title="bbox 413 3484 1988 3558; baseline -0.003 -17"><span class='ocrx_word' id='word_1_304' title='bbox 413 3489 611 3541; x_wconf 74' lang='grc' dir='ltr'>καὶτοῦ</span> <span class='ocrx_word' id='word_1_305' title='bbox 627 3487 877 3558; x_wconf 89' lang='grc' dir='ltr'>σώματος</span> <span class='ocrx_word' id='word_1_306' title='bbox 892 3487 1188 3556; x_wconf 78' lang='grc' dir='ltr'>ἀπέκοψεν,</span> <span class='ocrx_word' id='word_1_307' title='bbox 1209 3485 1311 3556; x_wconf 83' lang='grc' dir='ltr'>ὅρα</span> <span class='ocrx_word' id='word_1_308' title='bbox 1329 3485 1468 3556; x_wconf 91' lang='grc' dir='ltr'>πόσῃ</span> <span class='ocrx_word' id='word_1_309' title='bbox 1482 3484 1746 3555; x_wconf 86' lang='grc' dir='ltr'>κέχρηται</span> <span class='ocrx_word' id='word_1_310' title='bbox 1762 3485 1988 3556; x_wconf 82' lang='grc' dir='ltr'>σπουδῇ,</span> 
     </span>
    </p>
   </div>
   <div class='ocr_carea' id='block_1_41' title="bbox 411 3568 1990 3641">
    <p class='ocr_par' dir='ltr' id='par_1_41' title="bbox 411 3568 1990 3641">
     <span class='ocr_line' id='line_1_41' title="bbox 411 3568 1990 3641; baseline -0.003 -17"><span class='ocrx_word' id='word_1_311' title='bbox 411 3571 550 3624; x_wconf 79' lang='grc' dir='ltr'>ὥστε</span> <span class='ocrx_word' id='word_1_312' title='bbox 607 3571 864 3641; x_wconf 84' lang='grc' dir='ltr'>κολλῆσαι</span> <span class='ocrx_word' id='word_1_313' title='bbox 911 3571 1005 3623; x_wconf 77' lang='grc' dir='ltr'>καὶ</span> <span class='ocrx_word' id='word_1_314' title='bbox 1061 3568 1291 3640; x_wconf 71' lang='grc' dir='ltr'>συνάψαι</span> <span class='ocrx_word' id='word_1_315' title='bbox 1348 3568 1508 3622; x_wconf 86' lang='grc' dir='ltr'>πάλιν</span> <span class='ocrx_word' id='word_1_316' title='bbox 1540 3569 1722 3621; x_wconf 84' lang='grc' dir='ltr'>αὐτόν.</span> <span class='ocrx_word' id='word_1_317' title='bbox 1763 3569 1838 3621; x_wconf 91' lang='grc' dir='ltr'>Οὑ</span> <span class='ocrx_word' id='word_1_318' title='bbox 1882 3571 1990 3640; x_wconf 89' lang='grc' dir='ltr'>γάρ</span> 
     </span>
    </p>
   </div>
   <div class='ocr_carea' id='block_1_42' title="bbox 413 3652 1989 3728">
    <p class='ocr_par' dir='ltr' id='par_1_42' title="bbox 413 3652 1989 3728">
     <span class='ocr_line' id='line_1_42' title="bbox 413 3652 1989 3728; baseline -0.001 -21"><span class='ocrx_word' id='word_1_319' title='bbox 413 3652 566 3707; x_wconf 80' lang='grc' dir='ltr'>εἶπεν</span> <span class='ocrx_word' id='word_1_320' title='bbox 580 3671 593 3687; x_wconf 92' lang='grc'>·</span> <span class='ocrx_word' id='word_1_321' title='bbox 618 3657 967 3728; x_wconf 75' lang='grc' dir='ltr'>Ἀγαπήσατε</span> <span class='ocrx_word' id='word_1_322' title='bbox 982 3654 1144 3710; x_wconf 81' lang='grc' dir='ltr'>αὑτὸν</span> <span class='ocrx_word' id='word_1_323' title='bbox 1157 3652 1362 3716; x_wconf 85' lang='grc' dir='ltr'>ἁπλῶς,</span> <span class='ocrx_word' id='word_1_324' title='bbox 1381 3655 1541 3715; x_wconf 89' lang='grc' dir='ltr'>ἀλλά,</span> <span class='ocrx_word' id='word_1_325' title='bbox 1562 3652 1878 3720; x_wconf 81' lang='grc' dir='ltr'>Κυρώσατε</span> <span class='ocrx_word' id='word_1_326' title='bbox 1903 3655 1989 3719; x_wconf 88' lang='grc' dir='ltr'>εἰς</span> 
     </span>
    </p>
   </div>
   <div class='ocr_carea' id='block_1_43' title="bbox 413 3735 1992 3806">
    <p class='ocr_par' dir='ltr' id='par_1_43' title="bbox 413 3735 1992 3806">
     <span class='ocr_line' id='line_1_43' title="bbox 413 3735 1992 3806; baseline -0.001 -17"><span class='ocrx_word' id='word_1_327' title='bbox 413 3736 602 3789; x_wconf 86' lang='grc' dir='ltr'>αὐτὸν</span> <span class='ocrx_word' id='word_1_328' title='bbox 617 3735 876 3803; x_wconf 76' lang='grc' dir='ltr'>ἀγάπην,</span> <span class='ocrx_word' id='word_1_329' title='bbox 905 3750 1149 3786; x_wconf 80' lang='grc' dir='ltr'>τουτέστι</span> <span class='ocrx_word' id='word_1_330' title='bbox 1191 3739 1434 3804; x_wconf 80' lang='grc' dir='ltr'>βεϐαίαν,</span> <span class='ocrx_word' id='word_1_331' title='bbox 1472 3736 1563 3788; x_wconf 75' lang='grc' dir='ltr'>καὶ</span> <span class='ocrx_word' id='word_1_332' title='bbox 1594 3736 1845 3806; x_wconf 88' lang='grc' dir='ltr'>ἀκίνητον</span> <span class='ocrx_word' id='word_1_333' title='bbox 1869 3737 1992 3788; x_wconf 86' lang='grc' dir='ltr'>ἐπι-</span> 
     </span>
    </p>
   </div>
   <div class='ocr_carea' id='block_1_44' title="bbox 411 3806 1989 3887">
    <p class='ocr_par' dir='ltr' id='par_1_44' title="bbox 411 3806 1989 3887">
     <span class='ocr_line' id='line_1_44' title="bbox 411 3806 1989 3887; baseline 0.001 -16"><span class='ocrx_word' id='word_1_334' title='bbox 411 3817 660 3882; x_wconf 86' lang='grc' dir='ltr'>δείξασθε</span> <span class='ocrx_word' id='word_1_335' title='bbox 705 3819 805 3886; x_wconf 79' lang='grc' dir='ltr'>τὴν</span> <span class='ocrx_word' id='word_1_336' title='bbox 843 3806 1046 3885; x_wconf 80' lang='grc' dir='ltr'>φιλίαν,</span> <span class='ocrx_word' id='word_1_337' title='bbox 1079 3816 1288 3887; x_wconf 86' lang='grc' dir='ltr'>θερμήν</span> <span class='ocrx_word' id='word_1_338' title='bbox 1330 3833 1453 3870; x_wconf 89' lang='grc' dir='ltr'>τινα</span> <span class='ocrx_word' id='word_1_339' title='bbox 1502 3819 1594 3870; x_wconf 76' lang='grc' dir='ltr'>καὶ</span> <span class='ocrx_word' id='word_1_340' title='bbox 1638 3818 1866 3883; x_wconf 76' lang='grc' dir='ltr'>ζέουσαν</span> <span class='ocrx_word' id='word_1_341' title='bbox 1896 3819 1989 3872; x_wconf 76' lang='grc' dir='ltr'>καὶ</span> 
     </span>
    </p>
   </div>
   <div class='ocr_carea' id='block_1_45' title="bbox 413 3899 1988 3971">
    <p class='ocr_par' dir='ltr' id='par_1_45' title="bbox 413 3899 1988 3971">
     <span class='ocr_line' id='line_1_45' title="bbox 413 3899 1988 3971; baseline 0.001 -19"><span class='ocrx_word' id='word_1_342' title='bbox 413 3899 835 3970; x_wconf 88' lang='grc' dir='ltr'>πεπυρωμένην,</span> <span class='ocrx_word' id='word_1_343' title='bbox 878 3900 1200 3970; x_wconf 77' lang='grc' dir='ltr'>ἀντίρροπον</span> <span class='ocrx_word' id='word_1_344' title='bbox 1243 3899 1339 3969; x_wconf 81' lang='grc' dir='ltr'>τῆς</span> <span class='ocrx_word' id='word_1_345' title='bbox 1383 3899 1651 3971; x_wconf 89' lang='grc' dir='ltr'>προτέρας</span> <span class='ocrx_word' id='word_1_346' title='bbox 1697 3899 1988 3970; x_wconf 83' lang='grc' dir='ltr'>ἀπεχθείας</span> 
     </span>
    </p>
   </div>
   <div class='ocr_carea' id='block_1_46' title="bbox 409 3982 1988 4056">
    <p class='ocr_par' dir='ltr' id='par_1_46' title="bbox 409 3982 1988 4056">
     <span class='ocr_line' id='line_1_46' title="bbox 409 3982 1988 4056; baseline 0 -20"><span class='ocrx_word' id='word_1_347' title='bbox 409 3984 510 4056; x_wconf 80' lang='grc' dir='ltr'>τὴν</span> <span class='ocrx_word' id='word_1_348' title='bbox 535 3982 746 4037; x_wconf 75' lang='grc' dir='ltr'>εὔνοιαν</span> <span class='ocrx_word' id='word_1_349' title='bbox 779 3984 1119 4052; x_wconf 87' lang='grc' dir='ltr'>εἰσαγάγετε.</span> <span class='ocrx_word' id='word_1_350' title='bbox 1156 3983 1220 4035; x_wconf 91' lang='grc' dir='ltr'>Τί</span> <span class='ocrx_word' id='word_1_351' title='bbox 1257 3983 1516 4052; x_wconf 83' lang='grc' dir='ltr'>γέγονεν;</span> <span class='ocrx_word' id='word_1_352' title='bbox 1556 3983 1677 4037; x_wconf 88' lang='grc' dir='ltr'>είπέ</span> <span class='ocrx_word' id='word_1_353' title='bbox 1716 4001 1836 4055; x_wconf 92' lang='grc' dir='ltr'>μοι·</span> <span class='ocrx_word' id='word_1_354' title='bbox 1866 3985 1988 4055; x_wconf 84' lang='grc' dir='ltr'>οὑχί</span> 
     </span>
    </p>
   </div>
   <div class='ocr_carea' id='block_1_47' title="bbox 409 4066 1985 4138">
    <p class='ocr_par' dir='ltr' id='par_1_47' title="bbox 409 4066 1985 4138">
     <span class='ocr_line' id='line_1_47' title="bbox 409 4066 1985 4138; baseline 0 -18"><span class='ocrx_word' id='word_1_355' title='bbox 409 4067 488 4136; x_wconf 84' lang='grc' dir='ltr'>τῷ</span> <span class='ocrx_word' id='word_1_356' title='bbox 529 4068 741 4138; x_wconf 82' lang='grc' dir='ltr'>Σατανᾷ</span> <span class='ocrx_word' id='word_1_357' title='bbox 787 4068 1108 4138; x_wconf 88' lang='grc' dir='ltr'>παρέδωκας</span> <span class='ocrx_word' id='word_1_358' title='bbox 1141 4066 1339 4131; x_wconf 80' lang='grc' dir='ltr'>αὑτόν;</span> <span class='ocrx_word' id='word_1_359' title='bbox 1375 4067 1504 4131; x_wconf 74' lang='grc' dir='ltr'>Ναὶ,</span> <span class='ocrx_word' id='word_1_360' title='bbox 1537 4066 1720 4137; x_wconf 76' lang='grc' dir='ltr'>φησὶν,</span> <span class='ocrx_word' id='word_1_361' title='bbox 1753 4067 1866 4120; x_wconf 83' lang='grc' dir='ltr'>ἀλλ’</span> <span class='ocrx_word' id='word_1_362' title='bbox 1887 4069 1985 4138; x_wconf 85' lang='grc' dir='ltr'>οὐχ</span> 
     </span>
    </p>
   </div>
   <div class='ocr_carea' id='block_1_48' title="bbox 411 4151 1985 4227">
    <p class='ocr_par' dir='ltr' id='par_1_48' title="bbox 411 4151 1985 4227">
     <span class='ocr_line' id='line_1_48' title="bbox 411 4151 1985 4227; baseline 0 -23"><span class='ocrx_word' id='word_1_363' title='bbox 411 4152 500 4206; x_wconf 73' lang='grc' dir='ltr'>ἵνα</span> <span class='ocrx_word' id='word_1_364' title='bbox 535 4152 671 4227; x_wconf 80' lang='grc' dir='ltr'>μένῃ</span> <span class='ocrx_word' id='word_1_365' title='bbox 698 4155 754 4207; x_wconf 88' lang='grc' dir='ltr'>ἐν</span> <span class='ocrx_word' id='word_1_366' title='bbox 779 4155 900 4216; x_wconf 88' lang='grc' dir='ltr'>ταῖς</span> <span class='ocrx_word' id='word_1_367' title='bbox 943 4151 1037 4205; x_wconf 88' lang='grc' dir='ltr'>τοῦ</span> <span class='ocrx_word' id='word_1_368' title='bbox 1082 4151 1294 4204; x_wconf 88' lang='grc' dir='ltr'>Σατανᾶ</span> <span class='ocrx_word' id='word_1_369' title='bbox 1323 4152 1530 4222; x_wconf 80' lang='grc' dir='ltr'>χερσὶν,</span> <span class='ocrx_word' id='word_1_370' title='bbox 1561 4151 1676 4203; x_wconf 85' lang='grc' dir='ltr'>ἀλλ’</span> <span class='ocrx_word' id='word_1_371' title='bbox 1705 4152 1791 4203; x_wconf 83' lang='grc' dir='ltr'>ἵνα</span> <span class='ocrx_word' id='word_1_372' title='bbox 1807 4151 1985 4205; x_wconf 87' lang='grc' dir='ltr'>ἀπαλ-</span> 
     </span>
    </p>
   </div>
   <div class='ocr_carea' id='block_1_49' title="bbox 407 4233 1982 4306">
    <p class='ocr_par' dir='ltr' id='par_1_49' title="bbox 407 4233 1982 4306">
     <span class='ocr_line' id='line_1_49' title="bbox 407 4233 1982 4306; baseline -0.001 -20"><span class='ocrx_word' id='word_1_373' title='bbox 407 4235 548 4306; x_wconf 82' lang='grc' dir='ltr'>λαγῇ</span> <span class='ocrx_word' id='word_1_374' title='bbox 575 4235 783 4306; x_wconf 88' lang='grc' dir='ltr'>ταχέως</span> <span class='ocrx_word' id='word_1_375' title='bbox 798 4234 961 4288; x_wconf 88' lang='grc' dir='ltr'>αὑτοῦ</span> <span class='ocrx_word' id='word_1_376' title='bbox 976 4235 1074 4304; x_wconf 83' lang='grc' dir='ltr'>τῆς</span> <span class='ocrx_word' id='word_1_377' title='bbox 1096 4233 1428 4304; x_wconf 80' lang='grc' dir='ltr'>τυραννίδος.</span> <span class='ocrx_word' id='word_1_378' title='bbox 1459 4233 1596 4285; x_wconf 80' lang='grc' dir='ltr'>Ἀλλ’</span> <span class='ocrx_word' id='word_1_379' title='bbox 1619 4233 1755 4304; x_wconf 87' lang='grc' dir='ltr'>ὅπερ</span> <span class='ocrx_word' id='word_1_380' title='bbox 1776 4233 1982 4303; x_wconf 76' lang='grc' dir='ltr'>ἔλεγον,</span> 
     </span>
    </p>
   </div>
   <div class='ocr_carea' id='block_1_50' title="bbox 409 4315 1985 4388">
    <p class='ocr_par' dir='ltr' id='par_1_50' title="bbox 409 4315 1985 4388">
     <span class='ocr_line' id='line_1_50' title="bbox 409 4315 1985 4388; baseline -0.001 -17"><span class='ocrx_word' id='word_1_381' title='bbox 409 4319 602 4371; x_wconf 83' lang='grc' dir='ltr'>σκόπει</span> <span class='ocrx_word' id='word_1_382' title='bbox 649 4317 767 4380; x_wconf 90' lang='grc' dir='ltr'>πῶς</span> <span class='ocrx_word' id='word_1_383' title='bbox 828 4317 1033 4370; x_wconf 84' lang='grc' dir='ltr'>δέδοικε</span> <span class='ocrx_word' id='word_1_384' title='bbox 1087 4315 1183 4388; x_wconf 80' lang='grc' dir='ltr'>τὴν</span> <span class='ocrx_word' id='word_1_385' title='bbox 1235 4317 1544 4384; x_wconf 84' lang='grc' dir='ltr'>ἀπόγνωσιν</span> <span class='ocrx_word' id='word_1_386' title='bbox 1571 4317 1600 4368; x_wconf 90' lang='lat'>6</span> <span class='ocrx_word' id='word_1_387' title='bbox 1634 4316 1866 4381; x_wconf 86' lang='grc' dir='ltr'>Παῦλος,</span> <span class='ocrx_word' id='word_1_388' title='bbox 1909 4317 1985 4381; x_wconf 85' lang='grc' dir='ltr'>ὡς</span> 
     </span>
    </p>
   </div>
   <div class='ocr_carea' id='block_1_51' title="bbox 409 4399 1984 4472">
    <p class='ocr_par' dir='ltr' id='par_1_51' title="bbox 409 4399 1984 4472">
     <span class='ocr_line' id='line_1_51' title="bbox 409 4399 1984 4472; baseline 0 -18"><span class='ocrx_word' id='word_1_389' title='bbox 409 4404 554 4472; x_wconf 81' lang='grc' dir='ltr'>μέγα</span> <span class='ocrx_word' id='word_1_390' title='bbox 577 4401 738 4454; x_wconf 86' lang='grc' dir='ltr'>ὅπλον</span> <span class='ocrx_word' id='word_1_391' title='bbox 770 4399 864 4453; x_wconf 89' lang='grc' dir='ltr'>τοῦ</span> <span class='ocrx_word' id='word_1_392' title='bbox 897 4399 1140 4453; x_wconf 90' lang='grc' dir='ltr'>διαϐόλου</span> <span class='ocrx_word' id='word_1_393' title='bbox 1160 4416 1173 4430; x_wconf 97' lang='grc'>·</span> <span class='ocrx_word' id='word_1_394' title='bbox 1205 4400 1373 4452; x_wconf 85' lang='grc' dir='ltr'>εἰπὼν</span> <span class='ocrx_word' id='word_1_395' title='bbox 1392 4400 1521 4470; x_wconf 87' lang='grc' dir='ltr'>γὰρ,</span> <span class='ocrx_word' id='word_1_396' title='bbox 1552 4399 1871 4466; x_wconf 67' lang='grc' dir='ltr'>κυρώσατε</span> <span class='ocrx_word' id='word_1_397' title='bbox 1896 4404 1984 4467; x_wconf 83' lang='grc' dir='ltr'>εἰς</span> 
     </span>
    </p>
   </div>
   <div class='ocr_carea' id='block_1_52' title="bbox 403 4483 1983 4555">
    <p class='ocr_par' dir='ltr' id='par_1_52' title="bbox 403 4483 1983 4555">
     <span class='ocr_line' id='line_1_52' title="bbox 403 4483 1983 4555; baseline -0.001 -17"><span class='ocrx_word' id='word_1_398' title='bbox 403 4485 593 4538; x_wconf 79' lang='grc' dir='ltr'>αὐτὸν</span> <span class='ocrx_word' id='word_1_399' title='bbox 611 4485 870 4554; x_wconf 79' lang='grc' dir='ltr'>ἀγάπην,</span> <span class='ocrx_word' id='word_1_400' title='bbox 911 4485 1005 4538; x_wconf 77' lang='grc' dir='ltr'>καὶ</span> <span class='ocrx_word' id='word_1_401' title='bbox 1035 4483 1131 4555; x_wconf 83' lang='grc' dir='ltr'>τὴν</span> <span class='ocrx_word' id='word_1_402' title='bbox 1155 4485 1331 4538; x_wconf 87' lang='grc' dir='ltr'>αἰτίαν</span> <span class='ocrx_word' id='word_1_403' title='bbox 1343 4484 1664 4555; x_wconf 87' lang='grc' dir='ltr'>προστίθησι</span> <span class='ocrx_word' id='word_1_404' title='bbox 1685 4501 1699 4515; x_wconf 97' lang='grc'>·</span> <span class='ocrx_word' id='word_1_405' title='bbox 1733 4483 1829 4551; x_wconf 85' lang='grc' dir='ltr'>Μή</span> <span class='ocrx_word' id='word_1_406' title='bbox 1857 4501 1983 4551; x_wconf 86' lang='grc' dir='ltr'>πως</span> 
     </span>
    </p>
   </div>
   <div class='ocr_carea' id='block_1_53' title="bbox 405 4566 1982 4638">
    <p class='ocr_par' dir='ltr' id='par_1_53' title="bbox 405 4566 1982 4638">
     <span class='ocr_line' id='line_1_53' title="bbox 405 4566 1982 4638; baseline 0 -16"><span class='ocrx_word' id='word_1_407' title='bbox 405 4569 480 4638; x_wconf 76' lang='grc' dir='ltr'>τῇ</span> <span class='ocrx_word' id='word_1_408' title='bbox 507 4569 902 4636; x_wconf 80' lang='grc' dir='ltr'>περισσοτέρᾳ</span> <span class='ocrx_word' id='word_1_409' title='bbox 944 4569 1108 4636; x_wconf 74' lang='grc' dir='ltr'>λύπῃ</span> <span class='ocrx_word' id='word_1_410' title='bbox 1141 4566 1447 4636; x_wconf 76' lang='grc' dir='ltr'>καταποθῇ</span> <span class='ocrx_word' id='word_1_411' title='bbox 1493 4570 1526 4621; x_wconf 84' lang='grc' dir='ltr'>ό</span> <span class='ocrx_word' id='word_1_412' title='bbox 1569 4567 1852 4634; x_wconf 86' lang='grc' dir='ltr'>τοιοῦτος.</span> <span class='ocrx_word' id='word_1_413' title='bbox 1895 4568 1982 4622; x_wconf 90' lang='grc' dir='ltr'>Ἐν</span> 
     </span>
    </p>
   </div>
   <div class='ocr_carea' id='block_1_54' title="bbox 404 4650 1982 4724">
    <p class='ocr_par' dir='ltr' id='par_1_54' title="bbox 404 4650 1982 4724">
     <span class='ocr_line' id='line_1_54' title="bbox 404 4650 1982 4724; baseline -0.001 -18"><span class='ocrx_word' id='word_1_414' title='bbox 404 4656 470 4724; x_wconf 79' lang='grc' dir='ltr'>τῇ</span> <span class='ocrx_word' id='word_1_415' title='bbox 496 4653 733 4722; x_wconf 80' lang='grc' dir='ltr'>φάρυγγι</span> <span class='ocrx_word' id='word_1_416' title='bbox 760 4651 854 4704; x_wconf 88' lang='grc' dir='ltr'>τοῦ</span> <span class='ocrx_word' id='word_1_417' title='bbox 886 4651 1070 4714; x_wconf 81' lang='grc' dir='ltr'>λύκου,</span> <span class='ocrx_word' id='word_1_418' title='bbox 1099 4651 1285 4722; x_wconf 72' lang='grc' dir='ltr'>φησὶν,</span> <span class='ocrx_word' id='word_1_419' title='bbox 1314 4651 1430 4702; x_wconf 77' lang='grc' dir='ltr'>ἐστὶ</span> <span class='ocrx_word' id='word_1_420' title='bbox 1447 4650 1508 4703; x_wconf 90' lang='lat'>:6</span> <span class='ocrx_word' id='word_1_421' title='bbox 1532 4651 1828 4720; x_wconf 88' lang='grc' dir='ltr'>πρόϐατον·</span> <span class='ocrx_word' id='word_1_422' title='bbox 1847 4651 1982 4721; x_wconf 88' lang='grc' dir='ltr'>φθά-</span> 
     </span>
    </p>
   </div>
   <div class='ocr_carea' id='block_1_55' title="bbox 405 4735 1980 4806">
    <p class='ocr_par' dir='ltr' id='par_1_55' title="bbox 405 4735 1980 4806">
     <span class='ocr_line' id='line_1_55' title="bbox 405 4735 1980 4806; baseline 0.001 -19"><span class='ocrx_word' id='word_1_423' title='bbox 405 4752 587 4806; x_wconf 88' lang='grc' dir='ltr'>σωμεν</span> <span class='ocrx_word' id='word_1_424' title='bbox 610 4736 806 4797; x_wconf 88' lang='grc' dir='ltr'>τοίνυν,</span> <span class='ocrx_word' id='word_1_425' title='bbox 825 4735 1327 4806; x_wconf 81' lang='grc' dir='ltr'>προεξαρπάσωμεν</span> <span class='ocrx_word' id='word_1_426' title='bbox 1359 4735 1386 4774; x_wconf 69' lang='grc' dir='ltr'>δ</span> <span class='ocrx_word' id='word_1_427' title='bbox 1403 4735 1530 4805; x_wconf 75' lang='grc' dir='ltr'>πρὶν</span> <span class='ocrx_word' id='word_1_428' title='bbox 1555 4735 1586 4804; x_wconf 84' lang='grc' dir='ltr'><strong>ἥ</strong></span> <span class='ocrx_word' id='word_1_429' title='bbox 1619 4736 1858 4805; x_wconf 83' lang='grc' dir='ltr'>καταπίῃ</span> <span class='ocrx_word' id='word_1_430' title='bbox 1886 4736 1980 4789; x_wconf 84' lang='grc' dir='ltr'>καὶ</span> 
     </span>
    </p>
   </div>
   <div class='ocr_carea' id='block_1_56' title="bbox 401 4817 1980 4890">
    <p class='ocr_par' dir='ltr' id='par_1_56' title="bbox 401 4817 1980 4890">
     <span class='ocr_line' id='line_1_56' title="bbox 401 4817 1980 4890; baseline -0.001 -17"><span class='ocrx_word' id='word_1_431' title='bbox 401 4819 688 4890; x_wconf 82' lang='grc' dir='ltr'>διαφθείρῃ</span> <span class='ocrx_word' id='word_1_432' title='bbox 732 4818 793 4871; x_wconf 88' lang='lat'>:6</span> <span class='ocrx_word' id='word_1_433' title='bbox 820 4818 978 4888; x_wconf 85' lang='grc' dir='ltr'>μέλος</span> <span class='ocrx_word' id='word_1_434' title='bbox 1014 4817 1188 4888; x_wconf 84' lang='grc' dir='ltr'>ὴμῶν.</span> <span class='ocrx_word' id='word_1_435' title='bbox 1237 4818 1323 4870; x_wconf 87' lang='grc' dir='ltr'>Ἐν</span> <span class='ocrx_word' id='word_1_436' title='bbox 1370 4817 1650 4888; x_wconf 87' lang='grc' dir='ltr'>κλυδωνίῳ</span> <span class='ocrx_word' id='word_1_437' title='bbox 1698 4817 1792 4870; x_wconf 91' lang='grc' dir='ltr'>νῦν</span> <span class='ocrx_word' id='word_1_438' title='bbox 1831 4821 1980 4871; x_wconf 87' lang='grc' dir='ltr'>ἐστιν</span> 
     </span>
    </p>
   </div>
   <div class='ocr_carea' id='block_1_57' title="bbox 402 4901 1976 4975">
    <p class='ocr_par' dir='ltr' id='par_1_57' title="bbox 402 4901 1976 4975">
     <span class='ocr_line' id='line_1_57' title="bbox 402 4901 1976 4975; baseline 0 -19"><span class='ocrx_word' id='word_1_439' title='bbox 402 4906 438 4975; x_wconf 85' lang='grc' dir='ltr'>ή</span> <span class='ocrx_word' id='word_1_440' title='bbox 463 4903 613 4967; x_wconf 90' lang='grc' dir='ltr'>ναῦς,</span> <span class='ocrx_word' id='word_1_441' title='bbox 645 4903 750 4974; x_wconf 83' lang='grc' dir='ltr'>πρὸ</span> <span class='ocrx_word' id='word_1_442' title='bbox 778 4901 872 4954; x_wconf 91' lang='grc' dir='ltr'>τοῦ</span> <span class='ocrx_word' id='word_1_443' title='bbox 927 4902 1176 4970; x_wconf 87' lang='grc' dir='ltr'>ναυαγίου</span> <span class='ocrx_word' id='word_1_444' title='bbox 1225 4901 1484 4955; x_wconf 91' lang='grc' dir='ltr'>διασῶσαι</span> <span class='ocrx_word' id='word_1_445' title='bbox 1524 4903 1694 4973; x_wconf 80' lang='grc' dir='ltr'>αὑτὴν</span> <span class='ocrx_word' id='word_1_446' title='bbox 1741 4903 1976 4956; x_wconf 92' lang='grc' dir='ltr'>σπουδά-</span> 
     </span>
    </p>
   </div>
   <div class='ocr_carea' id='block_1_58' title="bbox 405 4984 1974 5056">
    <p class='ocr_par' dir='ltr' id='par_1_58' title="bbox 405 4984 1974 5056">
     <span class='ocr_line' id='line_1_58' title="bbox 405 4984 1974 5056; baseline 0.001 -18"><span class='ocrx_word' id='word_1_447' title='bbox 405 5003 604 5056; x_wconf 87' lang='grc' dir='ltr'>σωμεν.</span> <span class='ocrx_word' id='word_1_448' title='bbox 638 4985 903 5054; x_wconf 83' lang='grc' dir='ltr'>Καθάπερ</span> <span class='ocrx_word' id='word_1_449' title='bbox 951 4984 1060 5055; x_wconf 80' lang='grc' dir='ltr'>γάρ</span> <span class='ocrx_word' id='word_1_450' title='bbox 1090 4984 1358 5054; x_wconf 84' lang='grc' dir='ltr'>θαλάττης</span> <span class='ocrx_word' id='word_1_451' title='bbox 1402 4984 1698 5056; x_wconf 74' lang='grc' dir='ltr'>αἰρομένης</span> <span class='ocrx_word' id='word_1_452' title='bbox 1743 4986 1837 5039; x_wconf 77' lang='grc' dir='ltr'>καὶ</span> <span class='ocrx_word' id='word_1_453' title='bbox 1879 5003 1974 5039; x_wconf 88' lang='grc' dir='ltr'>κυ-</span> 
     </span>
    </p>
   </div>
   <div class='ocr_carea' id='block_1_59' title="bbox 405 5068 1974 5142">
    <p class='ocr_par' dir='ltr' id='par_1_59' title="bbox 405 5068 1974 5142">
     <span class='ocr_line' id='line_1_59' title="bbox 405 5068 1974 5142; baseline 0 -19"><span class='ocrx_word' id='word_1_454' title='bbox 405 5071 590 5140; x_wconf 83' lang='grc' dir='ltr'>μάτων</span> <span class='ocrx_word' id='word_1_455' title='bbox 637 5068 790 5142; x_wconf 68' lang='grc'>[294]</span> <span class='ocrx_word' id='word_1_456' title='bbox 838 5069 1100 5123; x_wconf 82' lang='grc' dir='ltr'>πάντοθεν</span> <span class='ocrx_word' id='word_1_457' title='bbox 1159 5069 1597 5140; x_wconf 83' lang='grc' dir='ltr'>κορυφουμένων,</span> <span class='ocrx_word' id='word_1_458' title='bbox 1645 5069 1974 5140; x_wconf 86' lang='grc' dir='ltr'>ὑποϐρύχιον</span> 
     </span>
    </p>
   </div>
   <div class='ocr_carea' id='block_1_60' title="bbox 401 5153 1973 5226">
    <p class='ocr_par' dir='ltr' id='par_1_60' title="bbox 401 5153 1973 5226">
     <span class='ocr_line' id='line_1_60' title="bbox 401 5153 1973 5226; baseline 0.001 -20"><span class='ocrx_word' id='word_1_459' title='bbox 401 5155 608 5222; x_wconf 88' lang='grc' dir='ltr'>γίνεται</span> <span class='ocrx_word' id='word_1_460' title='bbox 632 5154 692 5207; x_wconf 83' lang='grc' dir='ltr'>τὸ</span> <span class='ocrx_word' id='word_1_461' title='bbox 720 5155 945 5223; x_wconf 85' lang='grc' dir='ltr'>σκάφος,</span> <span class='ocrx_word' id='word_1_462' title='bbox 977 5153 1225 5207; x_wconf 75' lang='grc' dir='ltr'>οὕτωκαὶ</span> <span class='ocrx_word' id='word_1_463' title='bbox 1255 5154 1398 5225; x_wconf 79' lang='grc' dir='ltr'>ψυχὴ</span> <span class='ocrx_word' id='word_1_464' title='bbox 1427 5153 1526 5225; x_wconf 85' lang='grc' dir='ltr'>τῆς</span> <span class='ocrx_word' id='word_1_465' title='bbox 1551 5153 1784 5224; x_wconf 88' lang='grc' dir='ltr'>ἀθυμίας</span> <span class='ocrx_word' id='word_1_466' title='bbox 1805 5155 1973 5226; x_wconf 84' lang='grc' dir='ltr'>αὐτὴν</span> 
     </span>
    </p>
   </div>
   <div class='ocr_carea' id='block_1_61' title="bbox 402 5236 1969 5310">
    <p class='ocr_par' dir='ltr' id='par_1_61' title="bbox 402 5236 1969 5310">
     <span class='ocr_line' id='line_1_61' title="bbox 402 5236 1969 5310; baseline 0.001 -19"><span class='ocrx_word' id='word_1_467' title='bbox 402 5239 666 5292; x_wconf 81' lang='grc' dir='ltr'>πάντοθεν</span> <span class='ocrx_word' id='word_1_468' title='bbox 716 5236 1282 5308; x_wconf 79' lang='grc' dir='ltr'>περιστοιχιζομένης,</span> <span class='ocrx_word' id='word_1_469' title='bbox 1330 5238 1687 5307; x_wconf 89' lang='grc' dir='ltr'>ἀποπνίγεται</span> <span class='ocrx_word' id='word_1_470' title='bbox 1739 5240 1969 5310; x_wconf 86' lang='grc' dir='ltr'>ταχέως,</span> 
     </span>
    </p>
   </div>
   <div class='ocr_carea' id='block_1_62' title="bbox 401 5321 1972 5396">
    <p class='ocr_par' dir='ltr' id='par_1_62' title="bbox 401 5321 1972 5396">
     <span class='ocr_line' id='line_1_62' title="bbox 401 5321 1972 5396; baseline 0.001 -21"><span class='ocrx_word' id='word_1_471' title='bbox 401 5324 496 5375; x_wconf 84' lang='grc' dir='ltr'>ἐὰν</span> <span class='ocrx_word' id='word_1_472' title='bbox 527 5323 601 5393; x_wconf 83' lang='grc' dir='ltr'>μή</span> <span class='ocrx_word' id='word_1_473' title='bbox 642 5339 762 5376; x_wconf 91' lang='grc' dir='ltr'>τινα</span> <span class='ocrx_word' id='word_1_474' title='bbox 788 5323 885 5396; x_wconf 73' lang='grc' dir='ltr'>ἔχῃ</span> <span class='ocrx_word' id='word_1_475' title='bbox 910 5323 1006 5392; x_wconf 80' lang='grc' dir='ltr'>τὴν</span> <span class='ocrx_word' id='word_1_476' title='bbox 1027 5324 1186 5392; x_wconf 86' lang='grc' dir='ltr'>χεῖρα</span> <span class='ocrx_word' id='word_1_477' title='bbox 1215 5321 1494 5390; x_wconf 84' lang='grc' dir='ltr'>ὀρέγοντα,</span> <span class='ocrx_word' id='word_1_478' title='bbox 1517 5324 1608 5375; x_wconf 73' lang='grc' dir='ltr'>καὶ</span> <span class='ocrx_word' id='word_1_479' title='bbox 1638 5324 1670 5394; x_wconf 86' lang='grc' dir='ltr'>ἡ</span> <span class='ocrx_word' id='word_1_480' title='bbox 1705 5325 1972 5393; x_wconf 85' lang='grc' dir='ltr'>σωτήριος</span> 
     </span>
    </p>
   </div>
   <div class='ocr_carea' id='block_1_63' title="bbox 401 5401 1972 5476">
    <p class='ocr_par' dir='ltr' id='par_1_63' title="bbox 401 5401 1972 5476">
     <span class='ocr_line' id='line_1_63' title="bbox 401 5401 1972 5476; baseline 0.002 -20"><span class='ocrx_word' id='word_1_481' title='bbox 401 5405 494 5457; x_wconf 75' lang='grc' dir='ltr'>ἐπὶ</span> <span class='ocrx_word' id='word_1_482' title='bbox 531 5408 642 5468; x_wconf 82' lang='grc' dir='ltr'>τοῖς</span> <span class='ocrx_word' id='word_1_483' title='bbox 675 5406 1034 5476; x_wconf 82' lang='grc' dir='ltr'>ἁμαρτήμασι</span> <span class='ocrx_word' id='word_1_484' title='bbox 1096 5403 1239 5473; x_wconf 88' lang='grc' dir='ltr'>λύπη</span> <span class='ocrx_word' id='word_1_485' title='bbox 1295 5401 1534 5473; x_wconf 85' lang='grc' dir='ltr'>ὀλέθριος</span> <span class='ocrx_word' id='word_1_486' title='bbox 1581 5405 1684 5458; x_wconf 83' lang='grc' dir='ltr'>ὑπὸ</span> <span class='ocrx_word' id='word_1_487' title='bbox 1704 5406 1804 5475; x_wconf 85' lang='grc' dir='ltr'>τῆς</span> <span class='ocrx_word' id='word_1_488' title='bbox 1835 5406 1972 5476; x_wconf 67' lang='grc' dir='ltr'>ἀμεσ</span> 
     </span>
    </p>
   </div>
   <div class='ocr_carea' id='block_1_64' title="bbox 397 5483 1968 5560">
    <p class='ocr_par' dir='ltr' id='par_1_64' title="bbox 397 5483 1968 5560">
     <span class='ocr_line' id='line_1_64' title="bbox 397 5483 1968 5560; baseline 0.001 -21"><span class='ocrx_word' id='word_1_489' title='bbox 397 5488 556 5558; x_wconf 87' lang='grc' dir='ltr'>τρίας</span> <span class='ocrx_word' id='word_1_490' title='bbox 584 5488 811 5556; x_wconf 89' lang='grc' dir='ltr'>γίνεται.</span> <span class='ocrx_word' id='word_1_491' title='bbox 846 5491 955 5541; x_wconf 76' lang='grc' dir='ltr'>Καὶ</span> <span class='ocrx_word' id='word_1_492' title='bbox 976 5489 1075 5558; x_wconf 86' lang='grc' dir='ltr'>ὅρα</span> <span class='ocrx_word' id='word_1_493' title='bbox 1113 5486 1230 5550; x_wconf 88' lang='grc' dir='ltr'>πῶς</span> <span class='ocrx_word' id='word_1_494' title='bbox 1271 5487 1511 5554; x_wconf 87' lang='grc' dir='ltr'>ἀκριϐῶς</span> <span class='ocrx_word' id='word_1_495' title='bbox 1560 5483 1738 5540; x_wconf 85' lang='grc' dir='ltr'>εἶπεν·</span> <span class='ocrx_word' id='word_1_496' title='bbox 1766 5489 1826 5541; x_wconf 81' lang='grc' dir='ltr'>ού</span> <span class='ocrx_word' id='word_1_497' title='bbox 1861 5491 1968 5560; x_wconf 86' lang='grc' dir='ltr'>γὰρ</span> 
     </span>
    </p>
   </div>
   <div class='ocr_carea' id='block_1_65' title="bbox 399 5567 1965 5643">
    <p class='ocr_par' dir='ltr' id='par_1_65' title="bbox 399 5567 1965 5643">
     <span class='ocr_line' id='line_1_65' title="bbox 399 5567 1965 5643; baseline 0.006 -22"><span class='ocrx_word' id='word_1_498' title='bbox 399 5567 538 5634; x_wconf 83' lang='grc' dir='ltr'>εἷπε,</span> <span class='ocrx_word' id='word_1_499' title='bbox 571 5571 662 5642; x_wconf 79' lang='grc' dir='ltr'>Μὴ</span> <span class='ocrx_word' id='word_1_500' title='bbox 710 5571 963 5643; x_wconf 67' lang='grc' dir='ltr'>ἀπολέσῃ]</span> <span class='ocrx_word' id='word_1_501' title='bbox 998 5571 1158 5624; x_wconf 82' lang='grc' dir='ltr'>αὑτὸν</span> <span class='ocrx_word' id='word_1_502' title='bbox 1185 5573 1214 5624; x_wconf 91' lang='lat'>6</span> <span class='ocrx_word' id='word_1_503' title='bbox 1257 5570 1520 5635; x_wconf 82' lang='grc' dir='ltr'>διάϐολος,</span> <span class='ocrx_word' id='word_1_504' title='bbox 1554 5572 1686 5624; x_wconf 87' lang='grc' dir='ltr'>ἀλλά</span> <span class='ocrx_word' id='word_1_505' title='bbox 1727 5574 1812 5640; x_wconf 90' lang='grc' dir='ltr'>τί;</span> <span class='ocrx_word' id='word_1_506' title='bbox 1865 5574 1965 5631; x_wconf 71' lang='grc' dir='ltr'>Μὴ</span> 
     </span>
    </p>
   </div>
   <div class='ocr_carea' id='block_1_66' title="bbox 459 5704 752 5734">
    <p class='ocr_par' dir='ltr' id='par_1_66' title="bbox 459 5704 752 5734">
     <span class='ocr_line' id='line_1_66' title="bbox 459 5704 752 5734; baseline 0 0"><span class='ocrx_word' id='word_1_507' title='bbox 459 5707 484 5734; x_wconf 74' lang='grc'><strong><em>8</em></strong></span> <span class='ocrx_word' id='word_1_508' title='bbox 520 5704 606 5734; x_wconf 58' lang='lat' dir='ltr'>Alii</span> <span class='ocrx_word' id='word_1_509' title='bbox 634 5707 752 5734; x_wconf 58' lang='grc' dir='ltr'>ιλαρτ</span> 
     </span>
    </p>
   </div>
   <div class='ocr_carea' id='block_1_67' title="bbox 462 5705 1954 5834">
    <p class='ocr_par' dir='ltr' id='par_1_67' title="bbox 462 5705 1954 5834">
     <span class='ocr_line' id='line_1_67' title="bbox 462 5705 752 5734; baseline 0.01 -19"><span class='ocrx_word' id='word_1_510' title='bbox 462 5707 484 5734; x_wconf 60' lang='grc'><strong><em>⁸</em></strong></span> <span class='ocrx_word' id='word_1_511' title='bbox 577 5705 605 5716; x_wconf 93' lang='grc'>..</span> <span class='ocrx_word' id='word_1_512' title='bbox 731 5707 752 5718; x_wconf 77' lang='lat'>-</span> 
     </span>
     <span class='ocr_line' id='line_1_68' title="bbox 462 5705 1954 5834; baseline 0.004 -20"><span class='ocrx_word' id='word_1_513' title='bbox 462 5764 488 5804; x_wconf 72' lang='grc' dir='ltr'>ι)</span> <span class='ocrx_word' id='word_1_514' title='bbox 630 5707 939 5816; x_wconf 35' lang='grc' dir='ltr'>ἓῖῗίῗτθυῑε</span> <span class='ocrx_word' id='word_1_515' title='bbox 952 5781 966 5829; x_wconf 83' lang='lat'><strong>;</strong></span> <span class='ocrx_word' id='word_1_516' title='bbox 991 5765 1179 5817; x_wconf 76' lang='lat' dir='ltr'>editum</span> <span class='ocrx_word' id='word_1_517' title='bbox 1219 5765 1376 5818; x_wconf 74' lang='lat' dir='ltr'>fuerat</span> <span class='ocrx_word' id='word_1_518' title='bbox 1401 5771 1794 5834; x_wconf 80' lang='grc' dir='ltr'>προαρπάσωμεν.</span> <span class='ocrx_word' id='word_1_519' title='bbox 1821 5773 1954 5824; x_wconf 82' lang='lat' dir='ltr'>Enrr.</span> 
     </span>
    </p>
   </div>
   <div class='ocr_carea' id='block_1_68' title="bbox 2119 579 3696 651">
    <p class='ocr_par' dir='ltr' id='par_1_68' title="bbox 2119 579 3696 651">
     <span class='ocr_line' id='line_1_69' title="bbox 2119 579 3696 651; baseline 0.004 -21"><span class='ocrx_word' id='word_1_520' title='bbox 2119 579 2236 630; x_wconf 91' lang='grc' dir='ltr'>ἐστι</span> <span class='ocrx_word' id='word_1_521' title='bbox 2258 579 2318 631; x_wconf 90' lang='lat'>:6</span> <span class='ocrx_word' id='word_1_522' title='bbox 2349 580 2458 633; x_wconf 80' lang='grc' dir='ltr'>τῶν</span> <span class='ocrx_word' id='word_1_523' title='bbox 2503 580 2797 651; x_wconf 75' lang='grc' dir='ltr'>ἀλλοτρίων</span> <span class='ocrx_word' id='word_1_524' title='bbox 2833 579 3099 649; x_wconf 82' lang='grc' dir='ltr'>ἐφίεσθαι.</span> <span class='ocrx_word' id='word_1_525' title='bbox 3130 580 3351 643; x_wconf 78' lang='grc' dir='ltr'>Δεικνὺς</span> <span class='ocrx_word' id='word_1_526' title='bbox 3385 581 3561 633; x_wconf 87' lang='grc' dir='ltr'>τοίνυν</span> <span class='ocrx_word' id='word_1_527' title='bbox 3611 583 3696 636; x_wconf 82' lang='grc' dir='ltr'>ὅτι</span> 
     </span>
    </p>
   </div>
   <div class='ocr_carea' id='block_1_69' title="bbox 2115 659 3690 735">
    <p class='ocr_par' dir='ltr' id='par_1_69' title="bbox 2115 659 3690 735">
     <span class='ocr_line' id='line_1_70' title="bbox 2115 659 3690 735; baseline 0.004 -23"><span class='ocrx_word' id='word_1_528' title='bbox 2115 659 2394 732; x_wconf 87' lang='grc' dir='ltr'>ἀλλότριος</span> <span class='ocrx_word' id='word_1_529' title='bbox 2431 661 2594 717; x_wconf 85' lang='grc' dir='ltr'>αὑτοῦ</span> <span class='ocrx_word' id='word_1_530' title='bbox 2638 665 2827 732; x_wconf 89' lang='grc' dir='ltr'>γέγονε</span> <span class='ocrx_word' id='word_1_531' title='bbox 2864 663 3070 727; x_wconf 76' lang='grc' dir='ltr'>λοιπὸν,</span> <span class='ocrx_word' id='word_1_532' title='bbox 3101 665 3196 718; x_wconf 75' lang='grc' dir='ltr'>καὶ</span> <span class='ocrx_word' id='word_1_533' title='bbox 3224 664 3321 733; x_wconf 83' lang='grc' dir='ltr'>τῆς</span> <span class='ocrx_word' id='word_1_534' title='bbox 3337 664 3429 716; x_wconf 90' lang='grc' dir='ltr'>τοῦ</span> <span class='ocrx_word' id='word_1_535' title='bbox 3455 665 3690 735; x_wconf 83' lang='grc' dir='ltr'>Χριστοῦ</span> 
     </span>
    </p>
   </div>
   <div class='ocr_carea' id='block_1_70' title="bbox 2117 741 3689 817">
    <p class='ocr_par' dir='ltr' id='par_1_70' title="bbox 2117 741 3689 817">
     <span class='ocr_line' id='line_1_71' title="bbox 2117 741 3689 817; baseline 0.003 -22"><span class='ocrx_word' id='word_1_536' title='bbox 2117 741 2353 815; x_wconf 88' lang='grc' dir='ltr'>ποίμνης</span> <span class='ocrx_word' id='word_1_537' title='bbox 2389 746 2585 798; x_wconf 81' lang='grc' dir='ltr'>οἰκεῖον</span> <span class='ocrx_word' id='word_1_538' title='bbox 2607 745 2796 799; x_wconf 84' lang='grc' dir='ltr'>ἐαυτὸν</span> <span class='ocrx_word' id='word_1_539' title='bbox 2816 745 2904 799; x_wconf 91' lang='grc' dir='ltr'>διά</span> <span class='ocrx_word' id='word_1_540' title='bbox 2928 749 3026 817; x_wconf 81' lang='grc' dir='ltr'>τῆς</span> <span class='ocrx_word' id='word_1_541' title='bbox 3053 747 3339 817; x_wconf 87' lang='grc' dir='ltr'>μετανοίας</span> <span class='ocrx_word' id='word_1_542' title='bbox 3363 747 3689 816; x_wconf 88' lang='grc' dir='ltr'>κατέστησε,</span> 
     </span>
    </p>
   </div>
   <div class='ocr_carea' id='block_1_71' title="bbox 2116 827 3693 896">
    <p class='ocr_par' dir='ltr' id='par_1_71' title="bbox 2116 827 3693 896">
     <span class='ocr_line' id='line_1_72' title="bbox 2116 827 3693 896; baseline 0.003 -19"><span class='ocrx_word' id='word_1_543' title='bbox 2116 827 2248 895; x_wconf 90' lang='grc' dir='ltr'>φησί</span> <span class='ocrx_word' id='word_1_544' title='bbox 2275 842 2289 856; x_wconf 95' lang='grc'>·</span> <span class='ocrx_word' id='word_1_545' title='bbox 2313 827 2410 895; x_wconf 80' lang='grc' dir='ltr'>Μὴ</span> <span class='ocrx_word' id='word_1_546' title='bbox 2441 828 2967 896; x_wconf 75' lang='grc' dir='ltr'>πλεονεκτηθῶμεν</span> <span class='ocrx_word' id='word_1_547' title='bbox 2994 829 3114 883; x_wconf 86' lang='grc' dir='ltr'>ὑπὸ</span> <span class='ocrx_word' id='word_1_548' title='bbox 3140 829 3246 883; x_wconf 88' lang='grc' dir='ltr'>τοῦ</span> <span class='ocrx_word' id='word_1_549' title='bbox 3273 827 3522 884; x_wconf 86' lang='grc' dir='ltr'>Σατανᾶ.</span> <span class='ocrx_word' id='word_1_550' title='bbox 3563 830 3693 882; x_wconf 83' lang='grc' dir='ltr'>Ἐἀν</span> 
     </span>
    </p>
   </div>
   <div class='ocr_carea' id='block_1_72' title="bbox 2114 910 3688 985">
    <p class='ocr_par' dir='ltr' id='par_1_72' title="bbox 2114 910 3688 985">
     <span class='ocr_line' id='line_1_73' title="bbox 2114 910 3688 985; baseline 0.003 -23"><span class='ocrx_word' id='word_1_551' title='bbox 2114 910 2222 980; x_wconf 84' lang='grc' dir='ltr'>γάρ</span> <span class='ocrx_word' id='word_1_552' title='bbox 2259 913 2508 982; x_wconf 85' lang='grc' dir='ltr'>κατάσχῃ</span> <span class='ocrx_word' id='word_1_553' title='bbox 2535 911 2720 965; x_wconf 83' lang='grc' dir='ltr'>λοιπὸν</span> <span class='ocrx_word' id='word_1_554' title='bbox 2747 912 2926 975; x_wconf 81' lang='grc' dir='ltr'>αὑτὸν,</span> <span class='ocrx_word' id='word_1_555' title='bbox 2947 913 3213 984; x_wconf 77' lang='grc' dir='ltr'>ἡμέτερον</span> <span class='ocrx_word' id='word_1_556' title='bbox 3243 914 3474 985; x_wconf 72' lang='grc' dir='ltr'>ἁρπάζει</span> <span class='ocrx_word' id='word_1_557' title='bbox 3506 913 3688 984; x_wconf 89' lang='grc' dir='ltr'>μέλος,</span> 
     </span>
    </p>
   </div>
   <div class='ocr_carea' id='block_1_73' title="bbox 2111 993 3692 1069">
    <p class='ocr_par' dir='ltr' id='par_1_73' title="bbox 2111 993 3692 1069">
     <span class='ocr_line' id='line_1_74' title="bbox 2111 993 3692 1069; baseline 0.004 -24"><span class='ocrx_word' id='word_1_558' title='bbox 2111 993 2174 1045; x_wconf 88' lang='lat'>:6</span> <span class='ocrx_word' id='word_1_559' title='bbox 2204 993 2303 1064; x_wconf 85' lang='grc' dir='ltr'>τῆς</span> <span class='ocrx_word' id='word_1_560' title='bbox 2329 995 2528 1066; x_wconf 88' lang='grc' dir='ltr'>ἀγέλης</span> <span class='ocrx_word' id='word_1_561' title='bbox 2561 995 2825 1066; x_wconf 90' lang='grc' dir='ltr'>λαμϐάνει</span> <span class='ocrx_word' id='word_1_562' title='bbox 2859 996 3130 1067; x_wconf 90' lang='grc' dir='ltr'>πρόϐατον</span> <span class='ocrx_word' id='word_1_563' title='bbox 3151 1015 3164 1029; x_wconf 98' lang='grc'>·</span> <span class='ocrx_word' id='word_1_564' title='bbox 3203 997 3436 1051; x_wconf 85' lang='grc' dir='ltr'>ἀπέθετο</span> <span class='ocrx_word' id='word_1_565' title='bbox 3457 998 3564 1067; x_wconf 89' lang='grc' dir='ltr'>γάρ</span> <span class='ocrx_word' id='word_1_566' title='bbox 3591 997 3692 1069; x_wconf 80' lang='grc' dir='ltr'>τὴν</span> 
     </span>
    </p>
   </div>
   <div class='ocr_carea' id='block_1_74' title="bbox 2111 1077 2953 1149">
    <p class='ocr_par' dir='ltr' id='par_1_74' title="bbox 2111 1077 2953 1149">
     <span class='ocr_line' id='line_1_75' title="bbox 2111 1077 2953 1149; baseline 0.005 -20"><span class='ocrx_word' id='word_1_567' title='bbox 2111 1077 2384 1147; x_wconf 81' lang='grc' dir='ltr'>ἁμαρτίαν</span> <span class='ocrx_word' id='word_1_568' title='bbox 2410 1079 2496 1132; x_wconf 90' lang='grc' dir='ltr'>διά</span> <span class='ocrx_word' id='word_1_569' title='bbox 2516 1081 2613 1149; x_wconf 82' lang='grc' dir='ltr'>τῆς</span> <span class='ocrx_word' id='word_1_570' title='bbox 2645 1081 2953 1149; x_wconf 86' lang='grc' dir='ltr'>μετανοίας.</span> 
     </span>
    </p>
   </div>
   <div class='ocr_carea' id='block_1_75' title="bbox 2181 1161 3691 1234">
    <p class='ocr_par' dir='ltr' id='par_1_75' title="bbox 2181 1161 3691 1234">
     <span class='ocr_line' id='line_1_76' title="bbox 2181 1161 3691 1234; baseline 0.005 -22"><span class='ocrx_word' id='word_1_571' title='bbox 2181 1161 2350 1224; x_wconf 76' lang='grc' dir='ltr'>Εἰδὼς</span> <span class='ocrx_word' id='word_1_572' title='bbox 2386 1163 2562 1216; x_wconf 85' lang='grc' dir='ltr'>τοίνυν</span> <span class='ocrx_word' id='word_1_573' title='bbox 2599 1166 2628 1216; x_wconf 85' lang='lat'>6</span> <span class='ocrx_word' id='word_1_574' title='bbox 2668 1164 2895 1228; x_wconf 85' lang='grc' dir='ltr'>Παῦλος,</span> <span class='ocrx_word' id='word_1_575' title='bbox 2937 1165 3076 1234; x_wconf 84' lang='grc' dir='ltr'>ὅπερ</span> <span class='ocrx_word' id='word_1_576' title='bbox 3101 1163 3353 1234; x_wconf 89' lang='grc' dir='ltr'>ἐποίησεν</span> <span class='ocrx_word' id='word_1_577' title='bbox 3379 1165 3408 1218; x_wconf 97' lang='lat'>6</span> <span class='ocrx_word' id='word_1_578' title='bbox 3445 1164 3691 1228; x_wconf 87' lang='grc' dir='ltr'>διάϐολος</span> 
     </span>
    </p>
   </div>
   <div class='ocr_carea' id='block_1_76' title="bbox 2110 1243 3690 1317">
    <p class='ocr_par' dir='ltr' id='par_1_76' title="bbox 2110 1243 3690 1317">
     <span class='ocr_line' id='line_1_77' title="bbox 2110 1243 3690 1317; baseline 0.004 -22"><span class='ocrx_word' id='word_1_579' title='bbox 2110 1243 2202 1296; x_wconf 75' lang='grc' dir='ltr'>ἐπὶ</span> <span class='ocrx_word' id='word_1_580' title='bbox 2228 1244 2321 1296; x_wconf 89' lang='grc' dir='ltr'>τοῦ</span> <span class='ocrx_word' id='word_1_581' title='bbox 2365 1245 2552 1311; x_wconf 81' lang='grc' dir='ltr'>Ἰούδα,</span> <span class='ocrx_word' id='word_1_582' title='bbox 2578 1246 2750 1299; x_wconf 81' lang='grc' dir='ltr'>ἔδεισε</span> <span class='ocrx_word' id='word_1_583' title='bbox 2787 1247 2861 1317; x_wconf 84' lang='grc' dir='ltr'>μὴ</span> <span class='ocrx_word' id='word_1_584' title='bbox 2891 1247 2985 1300; x_wconf 79' lang='grc' dir='ltr'>καὶ</span> <span class='ocrx_word' id='word_1_585' title='bbox 3019 1245 3250 1300; x_wconf 85' lang='grc' dir='ltr'>ἐνταῦθα</span> <span class='ocrx_word' id='word_1_586' title='bbox 3277 1247 3338 1300; x_wconf 88' lang='lat'>:6</span> <span class='ocrx_word' id='word_1_587' title='bbox 3365 1249 3496 1300; x_wconf 77' lang='grc' dir='ltr'>αὐτὸ</span> <span class='ocrx_word' id='word_1_588' title='bbox 3526 1249 3690 1316; x_wconf 85' lang='grc' dir='ltr'>γένη-</span> 
     </span>
    </p>
   </div>
   <div class='ocr_carea' id='block_1_77' title="bbox 2107 1327 3690 1400">
    <p class='ocr_par' dir='ltr' id='par_1_77' title="bbox 2107 1327 3690 1400">
     <span class='ocr_line' id='line_1_78' title="bbox 2107 1327 3690 1400; baseline 0.001 -20"><span class='ocrx_word' id='word_1_589' title='bbox 2107 1345 2200 1383; x_wconf 91' lang='grc' dir='ltr'>ται</span> <span class='ocrx_word' id='word_1_590' title='bbox 2226 1327 2402 1381; x_wconf 86' lang='grc' dir='ltr'>τοῦτο.</span> <span class='ocrx_word' id='word_1_591' title='bbox 2437 1329 2501 1381; x_wconf 91' lang='grc' dir='ltr'>Τί</span> <span class='ocrx_word' id='word_1_592' title='bbox 2524 1329 2578 1382; x_wconf 79' lang='grc' dir='ltr'>δὲ</span> <span class='ocrx_word' id='word_1_593' title='bbox 2601 1329 2855 1400; x_wconf 86' lang='grc' dir='ltr'>ἐποίησεν</span> <span class='ocrx_word' id='word_1_594' title='bbox 2881 1330 2971 1383; x_wconf 74' lang='grc' dir='ltr'>ἐπὶ</span> <span class='ocrx_word' id='word_1_595' title='bbox 2993 1329 3088 1383; x_wconf 91' lang='grc' dir='ltr'>τοῦ</span> <span class='ocrx_word' id='word_1_596' title='bbox 3123 1330 3322 1395; x_wconf 83' lang='grc' dir='ltr'>Ἰούδα;</span> <span class='ocrx_word' id='word_1_597' title='bbox 3350 1331 3690 1400; x_wconf 81' lang='grc' dir='ltr'>Μετενόησεν</span> 
     </span>
    </p>
   </div>
   <div class='ocr_carea' id='block_1_78' title="bbox 2107 1411 3690 1485">
    <p class='ocr_par' dir='ltr' id='par_1_78' title="bbox 2107 1411 3690 1485">
     <span class='ocr_line' id='line_1_79' title="bbox 2107 1411 3690 1485; baseline 0.003 -22"><span class='ocrx_word' id='word_1_598' title='bbox 2107 1413 2136 1463; x_wconf 90' lang='lat'>6</span> <span class='ocrx_word' id='word_1_599' title='bbox 2187 1412 2419 1475; x_wconf 82' lang='grc' dir='ltr'>Ἰούδας·</span> <span class='ocrx_word' id='word_1_600' title='bbox 2473 1414 2766 1481; x_wconf 85' lang='grc' dir='ltr'>’Ἠμαρτον</span> <span class='ocrx_word' id='word_1_601' title='bbox 2793 1413 2930 1485; x_wconf 89' lang='grc' dir='ltr'>γάρ,</span> <span class='ocrx_word' id='word_1_602' title='bbox 2990 1415 3144 1485; x_wconf 76' lang='grc' dir='ltr'>φησὶ,</span> <span class='ocrx_word' id='word_1_603' title='bbox 3197 1415 3498 1482; x_wconf 83' lang='grc' dir='ltr'>παραδοὺς</span> <span class='ocrx_word' id='word_1_604' title='bbox 3543 1411 3690 1483; x_wconf 61' lang='lat' dir='ltr'><strong><em>alga</em></strong></span> 
     </span>
    </p>
   </div>
   <div class='ocr_carea' id='block_1_79' title="bbox 2108 1495 3688 1570">
    <p class='ocr_par' dir='ltr' id='par_1_79' title="bbox 2108 1495 3688 1570">
     <span class='ocr_line' id='line_1_80' title="bbox 2108 1495 3688 1570; baseline 0.002 -21"><span class='ocrx_word' id='word_1_605' title='bbox 2108 1495 2338 1550; x_wconf 83' lang='grc' dir='ltr'>ἀθῶον·</span> <span class='ocrx_word' id='word_1_606' title='bbox 2393 1497 2592 1566; x_wconf 75' lang='grc' dir='ltr'>ἢκουσε</span> <span class='ocrx_word' id='word_1_607' title='bbox 2638 1497 2747 1551; x_wconf 90' lang='grc' dir='ltr'>τῶν</span> <span class='ocrx_word' id='word_1_608' title='bbox 2787 1500 3045 1570; x_wconf 75' lang='grc' dir='ltr'>ῥημάτων</span> <span class='ocrx_word' id='word_1_609' title='bbox 3091 1499 3296 1552; x_wconf 89' lang='grc' dir='ltr'>τούτων</span> <span class='ocrx_word' id='word_1_610' title='bbox 3340 1501 3368 1551; x_wconf 93' lang='lat'>6</span> <span class='ocrx_word' id='word_1_611' title='bbox 3405 1498 3688 1561; x_wconf 86' lang='grc' dir='ltr'>διάϐολος·</span> 
     </span>
    </p>
   </div>
   <div class='ocr_carea' id='block_1_80' title="bbox 2107 1580 3691 1654">
    <p class='ocr_par' dir='ltr' id='par_1_80' title="bbox 2107 1580 3691 1654">
     <span class='ocr_line' id='line_1_81' title="bbox 2107 1580 3691 1654; baseline 0.001 -21"><span class='ocrx_word' id='word_1_612' title='bbox 2107 1580 2248 1649; x_wconf 78' lang='grc' dir='ltr'>ἔγνω</span> <span class='ocrx_word' id='word_1_613' title='bbox 2271 1581 2370 1650; x_wconf 84' lang='grc' dir='ltr'>τῆς</span> <span class='ocrx_word' id='word_1_614' title='bbox 2394 1583 2487 1634; x_wconf 59' lang='lat'><em>61:).</em></span> <span class='ocrx_word' id='word_1_615' title='bbox 2513 1581 2575 1634; x_wconf 89' lang='lat'>:6</span> <span class='ocrx_word' id='word_1_616' title='bbox 2608 1581 2813 1652; x_wconf 88' lang='grc' dir='ltr'>βέλτιον</span> <span class='ocrx_word' id='word_1_617' title='bbox 2842 1583 3142 1654; x_wconf 88' lang='grc' dir='ltr'>ἀρχόμενον</span> <span class='ocrx_word' id='word_1_618' title='bbox 3169 1583 3288 1636; x_wconf 79' lang='grc' dir='ltr'>ὁδοῦ</span> <span class='ocrx_word' id='word_1_619' title='bbox 3313 1583 3406 1635; x_wconf 72' lang='grc' dir='ltr'>καὶ</span> <span class='ocrx_word' id='word_1_620' title='bbox 3429 1583 3562 1653; x_wconf 86' lang='grc' dir='ltr'>πρὸς</span> <span class='ocrx_word' id='word_1_621' title='bbox 3591 1599 3691 1635; x_wconf 84' lang='grc' dir='ltr'>σω·</span> 
     </span>
    </p>
   </div>
   <div class='ocr_carea' id='block_1_81' title="bbox 2106 1663 3688 1738">
    <p class='ocr_par' dir='ltr' id='par_1_81' title="bbox 2106 1663 3688 1738">
     <span class='ocr_line' id='line_1_82' title="bbox 2106 1663 3688 1738; baseline 0 -22"><span class='ocrx_word' id='word_1_622' title='bbox 2106 1665 2301 1734; x_wconf 88' lang='grc' dir='ltr'>τηρίαν</span> <span class='ocrx_word' id='word_1_623' title='bbox 2328 1663 2635 1734; x_wconf 73' lang='grc' dir='ltr'>βαδίζοντα,</span> <span class='ocrx_word' id='word_1_624' title='bbox 2665 1667 2761 1720; x_wconf 71' lang='grc' dir='ltr'>καί¹</span> <span class='ocrx_word' id='word_1_625' title='bbox 2799 1667 3037 1738; x_wconf 88' lang='grc' dir='ltr'>ἐφοϐήθη</span> <span class='ocrx_word' id='word_1_626' title='bbox 3058 1666 3155 1738; x_wconf 85' lang='grc' dir='ltr'>τὴν</span> <span class='ocrx_word' id='word_1_627' title='bbox 3181 1664 3501 1736; x_wconf 82' lang='grc' dir='ltr'>μεταϐολήν.</span> <span class='ocrx_word' id='word_1_628' title='bbox 3551 1664 3688 1733; x_wconf 76' lang='grc' dir='ltr'>,Φιλ-</span> 
     </span>
    </p>
   </div>
   <div class='ocr_carea' id='block_1_82' title="bbox 2106 1747 3688 1819">
    <p class='ocr_par' dir='ltr' id='par_1_82' title="bbox 2106 1747 3688 1819">
     <span class='ocr_line' id='line_1_83' title="bbox 2106 1747 3688 1819; baseline -0.001 -18"><span class='ocrx_word' id='word_1_629' title='bbox 2106 1748 2413 1818; x_wconf 90' lang='grc' dir='ltr'>άνθρωπον,</span> <span class='ocrx_word' id='word_1_630' title='bbox 2451 1749 2636 1818; x_wconf 74' lang='grc' dir='ltr'>φησὶν,</span> <span class='ocrx_word' id='word_1_631' title='bbox 2663 1747 2775 1818; x_wconf 75' lang='grc' dir='ltr'>ἔχει</span> <span class='ocrx_word' id='word_1_632' title='bbox 2808 1749 3074 1819; x_wconf 80' lang='grc' dir='ltr'>δεσπότην</span> <span class='ocrx_word' id='word_1_633' title='bbox 3095 1765 3108 1779; x_wconf 97' lang='grc'>·</span> <span class='ocrx_word' id='word_1_634' title='bbox 3145 1751 3235 1803; x_wconf 84' lang='grc' dir='ltr'>ὅτε</span> <span class='ocrx_word' id='word_1_635' title='bbox 3277 1747 3497 1818; x_wconf 76' lang='grc' dir='ltr'>ἔμελλεν</span> <span class='ocrx_word' id='word_1_636' title='bbox 3524 1747 3688 1802; x_wconf 78' lang='grc' dir='ltr'>αὑτὸν</span> 
     </span>
    </p>
   </div>
   <div class='ocr_carea' id='block_1_83' title="bbox 2105 1831 3684 1903">
    <p class='ocr_par' dir='ltr' id='par_1_83' title="bbox 2105 1831 3684 1903">
     <span class='ocr_line' id='line_1_84' title="bbox 2105 1831 3684 1903; baseline 0.001 -21"><span class='ocrx_word' id='word_1_637' title='bbox 2105 1831 2431 1902; x_wconf 88' lang='grc' dir='ltr'>προδιδόναι,</span> <span class='ocrx_word' id='word_1_638' title='bbox 2456 1832 2754 1903; x_wconf 88' lang='grc' dir='ltr'>ἐδάκρυσεν</span> <span class='ocrx_word' id='word_1_639' title='bbox 2781 1833 2944 1885; x_wconf 71' lang='grc' dir='ltr'>αὑτὸν</span> <span class='ocrx_word' id='word_1_640' title='bbox 2964 1832 3057 1885; x_wconf 70' lang='grc' dir='ltr'>καὶ</span> <span class='ocrx_word' id='word_1_641' title='bbox 3082 1833 3252 1903; x_wconf 88' lang='grc' dir='ltr'>μυρία</span> <span class='ocrx_word' id='word_1_642' title='bbox 3288 1831 3684 1902; x_wconf 85' lang='grc' dir='ltr'>παρεκάλεσεν·</span> 
     </span>
    </p>
   </div>
   <div class='ocr_carea' id='block_1_84' title="bbox 2103 1913 3689 1987">
    <p class='ocr_par' dir='ltr' id='par_1_84' title="bbox 2103 1913 3689 1987">
     <span class='ocr_line' id='line_1_85' title="bbox 2103 1913 3689 1987; baseline 0.001 -20"><span class='ocrx_word' id='word_1_643' title='bbox 2103 1917 2164 1968; x_wconf 87' lang='grc' dir='ltr'>οὑ</span> <span class='ocrx_word' id='word_1_644' title='bbox 2198 1914 2378 1987; x_wconf 87' lang='grc' dir='ltr'>πολλῷ</span> <span class='ocrx_word' id='word_1_645' title='bbox 2413 1916 2613 1986; x_wconf 83' lang='grc' dir='ltr'>μᾶλλον</span> <span class='ocrx_word' id='word_1_646' title='bbox 2650 1915 3014 1986; x_wconf 87' lang='grc' dir='ltr'>μετανοοῦντα</span> <span class='ocrx_word' id='word_1_647' title='bbox 3045 1915 3294 1982; x_wconf 88' lang='grc' dir='ltr'>δέξεται;</span> <span class='ocrx_word' id='word_1_648' title='bbox 3337 1913 3689 1984; x_wconf 80' lang='grc' dir='ltr'>Ἀδιόρθωτον</span> 
     </span>
    </p>
   </div>
   <div class='ocr_carea' id='block_1_85' title="bbox 2103 1997 3689 2068">
    <p class='ocr_par' dir='ltr' id='par_1_85' title="bbox 2103 1997 3689 2068">
     <span class='ocr_line' id='line_1_86' title="bbox 2103 1997 3689 2068; baseline 0.001 -17"><span class='ocrx_word' id='word_1_649' title='bbox 2103 1998 2229 2052; x_wconf 75' lang='grc' dir='ltr'>ὄντα</span> <span class='ocrx_word' id='word_1_650' title='bbox 2287 1999 2646 2068; x_wconf 80' lang='grc' dir='ltr'>ἐφειλκύσατο</span> <span class='ocrx_word' id='word_1_651' title='bbox 2696 1999 2790 2052; x_wconf 76' lang='grc' dir='ltr'>καὶ</span> <span class='ocrx_word' id='word_1_652' title='bbox 2838 1999 3096 2052; x_wconf 88' lang='grc' dir='ltr'>ἐκάλεσεν</span> <span class='ocrx_word' id='word_1_653' title='bbox 3121 2014 3135 2030; x_wconf 94' lang='grc'>·</span> <span class='ocrx_word' id='word_1_654' title='bbox 3181 1999 3242 2051; x_wconf 87' lang='grc' dir='ltr'>οὑ</span> <span class='ocrx_word' id='word_1_655' title='bbox 3276 1997 3455 2068; x_wconf 90' lang='grc' dir='ltr'>πολλῷ</span> <span class='ocrx_word' id='word_1_656' title='bbox 3487 1999 3689 2068; x_wconf 81' lang='grc' dir='ltr'>μᾶλλον</span> 
     </span>
    </p>
   </div>
   <div class='ocr_carea' id='block_1_86' title="bbox 2101 2081 3686 2154">
    <p class='ocr_par' dir='ltr' id='par_1_86' title="bbox 2101 2081 3686 2154">
     <span class='ocr_line' id='line_1_87' title="bbox 2101 2081 3686 2154; baseline -0.001 -19"><span class='ocrx_word' id='word_1_657' title='bbox 2101 2083 2461 2154; x_wconf 87' lang='grc' dir='ltr'>διορθωθέντα</span> <span class='ocrx_word' id='word_1_658' title='bbox 2490 2083 2584 2136; x_wconf 75' lang='grc' dir='ltr'>καὶ</span> <span class='ocrx_word' id='word_1_659' title='bbox 2618 2081 2714 2153; x_wconf 84' lang='grc' dir='ltr'>τὴν</span> <span class='ocrx_word' id='word_1_660' title='bbox 2761 2081 3035 2152; x_wconf 84' lang='grc' dir='ltr'>ἁμαρτίαν</span> <span class='ocrx_word' id='word_1_661' title='bbox 3071 2083 3359 2150; x_wconf 87' lang='grc' dir='ltr'>ἐπιγνόντα</span> <span class='ocrx_word' id='word_1_662' title='bbox 3388 2083 3686 2135; x_wconf 84' lang='grc' dir='ltr'>ἐπισπάσε-</span> 
     </span>
    </p>
   </div>
   <div class='ocr_carea' id='block_1_87' title="bbox 2099 2161 3687 2238">
    <p class='ocr_par' dir='ltr' id='par_1_87' title="bbox 2099 2161 3687 2238">
     <span class='ocr_line' id='line_1_88' title="bbox 2099 2161 3687 2238; baseline -0.002 -18"><span class='ocrx_word' id='word_1_663' title='bbox 2099 2183 2223 2230; x_wconf 89' lang='grc' dir='ltr'>ται;</span> <span class='ocrx_word' id='word_1_664' title='bbox 2253 2167 2341 2220; x_wconf 85' lang='grc' dir='ltr'>διά</span> <span class='ocrx_word' id='word_1_665' title='bbox 2375 2168 2481 2238; x_wconf 87' lang='grc' dir='ltr'>γὰρ</span> <span class='ocrx_word' id='word_1_666' title='bbox 2537 2166 2694 2219; x_wconf 88' lang='grc' dir='ltr'>τοῦτο</span> <span class='ocrx_word' id='word_1_667' title='bbox 2745 2167 2841 2220; x_wconf 78' lang='grc' dir='ltr'>καὶ</span> <span class='ocrx_word' id='word_1_668' title='bbox 2889 2165 3266 2238; x_wconf 79' lang='grc' dir='ltr'>σταυρωθῆναι</span> <span class='ocrx_word' id='word_1_669' title='bbox 3303 2161 3453 2236; x_wconf 75' lang='grc' dir='ltr'>ἦλθε.</span> <span class='ocrx_word' id='word_1_670' title='bbox 3490 2165 3554 2217; x_wconf 90' lang='grc' dir='ltr'>Τί</span> <span class='ocrx_word' id='word_1_671' title='bbox 3590 2161 3687 2218; x_wconf 79' lang='grc' dir='ltr'>οὖν</span> 
     </span>
    </p>
   </div>
   <div class='ocr_carea' id='block_1_88' title="bbox 2099 2248 3686 2321">
    <p class='ocr_par' dir='ltr' id='par_1_88' title="bbox 2099 2248 3686 2321">
     <span class='ocr_line' id='line_1_89' title="bbox 2099 2248 3686 2321; baseline -0.002 -18"><span class='ocrx_word' id='word_1_672' title='bbox 2099 2251 2388 2320; x_wconf 87' lang='grc' dir='ltr'>ἐποίησεν;</span> <span class='ocrx_word' id='word_1_673' title='bbox 2433 2250 2791 2321; x_wconf 89' lang='grc' dir='ltr'>Ἐθορύϐησεν</span> <span class='ocrx_word' id='word_1_674' title='bbox 2816 2251 2978 2304; x_wconf 89' lang='grc' dir='ltr'>αὑτόν</span> <span class='ocrx_word' id='word_1_675' title='bbox 2997 2269 3010 2279; x_wconf 87' lang='grc'>·</span> <span class='ocrx_word' id='word_1_676' title='bbox 3042 2251 3312 2302; x_wconf 86' lang='grc' dir='ltr'>ἐσκότωσε</span> <span class='ocrx_word' id='word_1_677' title='bbox 3331 2251 3395 2319; x_wconf 82' lang='grc' dir='ltr'>τῇ</span> <span class='ocrx_word' id='word_1_678' title='bbox 3426 2249 3524 2318; x_wconf 81' lang='grc' dir='ltr'>τῆς</span> <span class='ocrx_word' id='word_1_679' title='bbox 3553 2248 3686 2301; x_wconf 79' lang='grc' dir='ltr'>ἀθυ-</span> 
     </span>
    </p>
   </div>
   <div class='ocr_carea' id='block_1_89' title="bbox 2103 2331 3686 2406">
    <p class='ocr_par' dir='ltr' id='par_1_89' title="bbox 2103 2331 3686 2406">
     <span class='ocr_line' id='line_1_90' title="bbox 2103 2331 3686 2406; baseline -0.003 -19"><span class='ocrx_word' id='word_1_680' title='bbox 2103 2336 2232 2404; x_wconf 90' lang='grc' dir='ltr'>μίας</span> <span class='ocrx_word' id='word_1_681' title='bbox 2265 2335 2564 2406; x_wconf 81' lang='grc' dir='ltr'>ὑπερϐολῇ,</span> <span class='ocrx_word' id='word_1_682' title='bbox 2603 2335 2840 2400; x_wconf 79' lang='grc' dir='ltr'>ἐδίωξεν,</span> <span class='ocrx_word' id='word_1_683' title='bbox 2885 2334 3082 2403; x_wconf 79' lang='grc' dir='ltr'>ἦλασεν</span> <span class='ocrx_word' id='word_1_684' title='bbox 3128 2334 3232 2396; x_wconf 79' lang='grc' dir='ltr'>ἓως</span> <span class='ocrx_word' id='word_1_685' title='bbox 3259 2333 3350 2384; x_wconf 80' lang='grc' dir='ltr'>ἐπὶ</span> <span class='ocrx_word' id='word_1_686' title='bbox 3373 2332 3463 2383; x_wconf 87' lang='grc' dir='ltr'>τὸν</span> <span class='ocrx_word' id='word_1_687' title='bbox 3487 2331 3686 2401; x_wconf 83' lang='grc' dir='ltr'>βρόχον</span> 
     </span>
    </p>
   </div>
   <div class='ocr_carea' id='block_1_90' title="bbox 2098 2415 3685 2490">
    <p class='ocr_par' dir='ltr' id='par_1_90' title="bbox 2098 2415 3685 2490">
     <span class='ocr_line' id='line_1_91' title="bbox 2098 2415 3685 2490; baseline 0.004 -19"><span class='ocrx_word' id='word_1_688' title='bbox 2098 2419 2293 2490; x_wconf 70' lang='grc' dir='ltr'>ἤγαγε,</span> <span class='ocrx_word' id='word_1_689' title='bbox 2343 2422 2437 2473; x_wconf 74' lang='grc' dir='ltr'>καὶ</span> <span class='ocrx_word' id='word_1_690' title='bbox 2465 2421 2566 2488; x_wconf 82' lang='grc' dir='ltr'>τῆς</span> <span class='ocrx_word' id='word_1_691' title='bbox 2591 2420 2873 2489; x_wconf 87' lang='grc' dir='ltr'>παρούσης</span> <span class='ocrx_word' id='word_1_692' title='bbox 2903 2419 3216 2488; x_wconf 79' lang='grc' dir='ltr'>ὑπεξήγαγε</span> <span class='ocrx_word' id='word_1_693' title='bbox 3263 2415 3427 2485; x_wconf 81' lang='grc' dir='ltr'>ζωῆς.</span> <span class='ocrx_word' id='word_1_694' title='bbox 3456 2416 3551 2468; x_wconf 75' lang='grc' dir='ltr'>καὶ</span> <span class='ocrx_word' id='word_1_695' title='bbox 3580 2415 3685 2483; x_wconf 75' lang='grc' dir='ltr'>τῆς</span> 
     </span>
    </p>
   </div>
   <div class='ocr_carea' id='block_1_91' title="bbox 2097 2498 3679 2572">
    <p class='ocr_par' dir='ltr' id='par_1_91' title="bbox 2097 2498 3679 2572">
     <span class='ocr_line' id='line_1_92' title="bbox 2097 2498 3679 2572; baseline -0.001 -22"><span class='ocrx_word' id='word_1_696' title='bbox 2097 2501 2408 2572; x_wconf 89' lang='grc' dir='ltr'>προθυμίας</span> <span class='ocrx_word' id='word_1_697' title='bbox 2461 2502 2560 2571; x_wconf 79' lang='grc' dir='ltr'>τῆς</span> <span class='ocrx_word' id='word_1_698' title='bbox 2612 2501 2754 2555; x_wconf 89' lang='grc' dir='ltr'>κατά</span> <span class='ocrx_word' id='word_1_699' title='bbox 2793 2501 2893 2571; x_wconf 85' lang='grc' dir='ltr'>τὴν</span> <span class='ocrx_word' id='word_1_700' title='bbox 2953 2500 3238 2570; x_wconf 87' lang='grc' dir='ltr'>μετάνοιαν</span> <span class='ocrx_word' id='word_1_701' title='bbox 3285 2498 3679 2568; x_wconf 88' lang='grc' dir='ltr'>ἀπεστέρησεν.</span> 
     </span>
    </p>
   </div>
   <div class='ocr_carea' id='block_1_92' title="bbox 2099 2581 3681 2655">
    <p class='ocr_par' dir='ltr' id='par_1_92' title="bbox 2099 2581 3681 2655">
     <span class='ocr_line' id='line_1_93' title="bbox 2099 2581 3681 2655; baseline -0.002 -18"><span class='ocrx_word' id='word_1_702' title='bbox 2099 2585 2220 2638; x_wconf 82' lang='grc' dir='ltr'>’Ὁτι</span> <span class='ocrx_word' id='word_1_703' title='bbox 2243 2587 2372 2655; x_wconf 81' lang='grc' dir='ltr'>γάρ,</span> <span class='ocrx_word' id='word_1_704' title='bbox 2417 2587 2464 2638; x_wconf 90' lang='grc' dir='ltr'>εἰ</span> <span class='ocrx_word' id='word_1_705' title='bbox 2494 2585 2613 2655; x_wconf 77' lang='grc' dir='ltr'>ἔζη,</span> <span class='ocrx_word' id='word_1_706' title='bbox 2651 2585 2743 2638; x_wconf 74' lang='grc' dir='ltr'>καὶ</span> <span class='ocrx_word' id='word_1_707' title='bbox 2775 2584 2936 2648; x_wconf 83' lang='grc' dir='ltr'>αὑτὸς</span> <span class='ocrx_word' id='word_1_708' title='bbox 2965 2582 3141 2654; x_wconf 84' lang='grc' dir='ltr'>ἐσώθη</span> <span class='ocrx_word' id='word_1_709' title='bbox 3184 2583 3267 2647; x_wconf 85' lang='grc' dir='ltr'>ἂν,</span> <span class='ocrx_word' id='word_1_710' title='bbox 3290 2582 3444 2652; x_wconf 79' lang='grc' dir='ltr'>δῆλον</span> <span class='ocrx_word' id='word_1_711' title='bbox 3469 2585 3533 2634; x_wconf 85' lang='grc' dir='ltr'>ἐκ</span> <span class='ocrx_word' id='word_1_712' title='bbox 3568 2581 3681 2634; x_wconf 89' lang='grc' dir='ltr'>τῶν</span> 
     </span>
    </p>
   </div>
   <div class='ocr_carea' id='block_1_93' title="bbox 2099 2667 3679 2741">
    <p class='ocr_par' dir='ltr' id='par_1_93' title="bbox 2099 2667 3679 2741">
     <span class='ocr_line' id='line_1_94' title="bbox 2099 2667 3679 2741; baseline -0.002 -21"><span class='ocrx_word' id='word_1_713' title='bbox 2099 2670 2562 2736; x_wconf 88' lang='grc' dir='ltr'>σταυρωσάντων·</span> <span class='ocrx_word' id='word_1_714' title='bbox 2595 2671 2642 2722; x_wconf 92' lang='grc' dir='ltr'>εἰ</span> <span class='ocrx_word' id='word_1_715' title='bbox 2685 2670 2792 2741; x_wconf 85' lang='grc' dir='ltr'>γὰρ</span> <span class='ocrx_word' id='word_1_716' title='bbox 2837 2670 2963 2732; x_wconf 80' lang='grc' dir='ltr'>τοὺς</span> <span class='ocrx_word' id='word_1_717' title='bbox 3006 2668 3099 2721; x_wconf 78' lang='grc' dir='ltr'>ἐπὶ</span> <span class='ocrx_word' id='word_1_718' title='bbox 3127 2667 3218 2720; x_wconf 81' lang='grc' dir='ltr'>τὸν</span> <span class='ocrx_word' id='word_1_719' title='bbox 3255 2667 3485 2737; x_wconf 87' lang='grc' dir='ltr'>σταυρὸν</span> <span class='ocrx_word' id='word_1_720' title='bbox 3513 2667 3679 2719; x_wconf 78' lang='grc' dir='ltr'>αὑτὸν</span> 
     </span>
    </p>
   </div>
   <div class='ocr_carea' id='block_1_94' title="bbox 2095 2749 3680 2821">
    <p class='ocr_par' dir='ltr' id='par_1_94' title="bbox 2095 2749 3680 2821">
     <span class='ocr_line' id='line_1_95' title="bbox 2095 2749 3680 2821; baseline -0.002 -17"><span class='ocrx_word' id='word_1_721' title='bbox 2095 2753 2528 2816; x_wconf 90' lang='grc' dir='ltr'>ἀναϐιϐάσαντας</span> <span class='ocrx_word' id='word_1_722' title='bbox 2569 2753 2761 2819; x_wconf 78' lang='grc' dir='ltr'>ἔσωσε,</span> <span class='ocrx_word' id='word_1_723' title='bbox 2813 2753 2908 2805; x_wconf 79' lang='grc' dir='ltr'>καὶ</span> <span class='ocrx_word' id='word_1_724' title='bbox 2953 2752 3012 2804; x_wconf 91' lang='grc' dir='ltr'>ἐν</span> <span class='ocrx_word' id='word_1_725' title='bbox 3068 2749 3216 2821; x_wconf 86' lang='grc' dir='ltr'>αὑτῷ</span> <span class='ocrx_word' id='word_1_726' title='bbox 3249 2749 3326 2821; x_wconf 83' lang='grc' dir='ltr'>τῷ</span> <span class='ocrx_word' id='word_1_727' title='bbox 3359 2749 3575 2821; x_wconf 87' lang='grc' dir='ltr'>σταυρῷ</span> <span class='ocrx_word' id='word_1_728' title='bbox 3603 2749 3680 2802; x_wconf 83' lang='grc' dir='ltr'>ῶν</span> 
     </span>
    </p>
   </div>
   <div class='ocr_carea' id='block_1_95' title="bbox 2097 2833 3678 2906">
    <p class='ocr_par' dir='ltr' id='par_1_95' title="bbox 2097 2833 3678 2906">
     <span class='ocr_line' id='line_1_96' title="bbox 2097 2833 3678 2906; baseline -0.001 -18"><span class='ocrx_word' id='word_1_729' title='bbox 2097 2837 2395 2906; x_wconf 88' lang='grc' dir='ltr'>παρεκάλει</span> <span class='ocrx_word' id='word_1_730' title='bbox 2438 2837 2528 2889; x_wconf 81' lang='grc' dir='ltr'>τὸν</span> <span class='ocrx_word' id='word_1_731' title='bbox 2583 2837 2824 2906; x_wconf 83' lang='grc' dir='ltr'>Πατέρα,</span> <span class='ocrx_word' id='word_1_732' title='bbox 2861 2836 2956 2890; x_wconf 75' lang='grc' dir='ltr'>καὶ</span> <span class='ocrx_word' id='word_1_733' title='bbox 2993 2833 3322 2905; x_wconf 86' lang='grc' dir='ltr'>συγγνώμην</span> <span class='ocrx_word' id='word_1_734' title='bbox 3349 2835 3529 2897; x_wconf 83' lang='grc' dir='ltr'>αὐτοῖς</span> <span class='ocrx_word' id='word_1_735' title='bbox 3556 2835 3678 2904; x_wconf 68' lang='grc' dir='ltr'>ᾔτει</span> 
     </span>
    </p>
   </div>
   <div class='ocr_carea' id='block_1_96' title="bbox 2094 2917 3679 2990">
    <p class='ocr_par' dir='ltr' id='par_1_96' title="bbox 2094 2917 3679 2990">
     <span class='ocr_line' id='line_1_97' title="bbox 2094 2917 3679 2990; baseline -0.001 -20"><span class='ocrx_word' id='word_1_736' title='bbox 2094 2918 2188 2971; x_wconf 85' lang='grc' dir='ltr'>τοῦ</span> <span class='ocrx_word' id='word_1_737' title='bbox 2211 2919 2577 2989; x_wconf 86' lang='grc' dir='ltr'>τολμήματος,</span> <span class='ocrx_word' id='word_1_738' title='bbox 2635 2917 2856 2990; x_wconf 73' lang='grc' dir='ltr'>εὔδηλον</span> <span class='ocrx_word' id='word_1_739' title='bbox 2911 2919 2992 2971; x_wconf 87' lang='grc' dir='ltr'>ὃτι</span> <span class='ocrx_word' id='word_1_740' title='bbox 3025 2917 3121 2972; x_wconf 74' lang='grc' dir='ltr'>καὶ</span> <span class='ocrx_word' id='word_1_741' title='bbox 3163 2917 3255 2970; x_wconf 86' lang='grc' dir='ltr'>τὸν</span> <span class='ocrx_word' id='word_1_742' title='bbox 3308 2917 3597 2990; x_wconf 89' lang='grc' dir='ltr'>προδόντα,</span> <span class='ocrx_word' id='word_1_743' title='bbox 3629 2919 3679 2969; x_wconf 89' lang='grc' dir='ltr'>εἰ</span> 
     </span>
    </p>
   </div>
   <div class='ocr_carea' id='block_1_97' title="bbox 2094 3001 3680 3074">
    <p class='ocr_par' dir='ltr' id='par_1_97' title="bbox 2094 3001 3680 3074">
     <span class='ocr_line' id='line_1_98' title="bbox 2094 3001 3680 3074; baseline -0.001 -20"><span class='ocrx_word' id='word_1_744' title='bbox 2094 3003 2243 3072; x_wconf 89' lang='grc' dir='ltr'>νόμῳ</span> <span class='ocrx_word' id='word_1_745' title='bbox 2269 3003 2346 3072; x_wconf 77' lang='grc' dir='ltr'>τῷ</span> <span class='ocrx_word' id='word_1_746' title='bbox 2365 3006 2694 3074; x_wconf 85' lang='grc' dir='ltr'>προσήκοντι</span> <span class='ocrx_word' id='word_1_747' title='bbox 2720 3003 2818 3071; x_wconf 80' lang='grc' dir='ltr'>τὴν</span> <span class='ocrx_word' id='word_1_748' title='bbox 2849 3002 3140 3071; x_wconf 88' lang='grc' dir='ltr'>μετάνοιαν</span> <span class='ocrx_word' id='word_1_749' title='bbox 3170 3001 3503 3067; x_wconf 82' lang='grc' dir='ltr'>ἐπεδείξατο,</span> <span class='ocrx_word' id='word_1_750' title='bbox 3537 3003 3680 3072; x_wconf 85' lang='grc' dir='ltr'>μετὰ</span> 
     </span>
    </p>
   </div>
   <div class='ocr_carea' id='block_1_98' title="bbox 2094 3085 3678 3159">
    <p class='ocr_par' dir='ltr' id='par_1_98' title="bbox 2094 3085 3678 3159">
     <span class='ocr_line' id='line_1_99' title="bbox 2094 3085 3678 3159; baseline -0.001 -19"><span class='ocrx_word' id='word_1_751' title='bbox 2094 3088 2274 3159; x_wconf 91' lang='grc' dir='ltr'>πάσης</span> <span class='ocrx_word' id='word_1_752' title='bbox 2306 3088 2371 3140; x_wconf 83' lang='grc' dir='ltr'>ἂν</span> <span class='ocrx_word' id='word_1_753' title='bbox 2422 3088 2706 3158; x_wconf 66' lang='grc' dir='ltr'>εὑμενείας</span> <span class='ocrx_word' id='word_1_754' title='bbox 2748 3087 2994 3150; x_wconf 80' lang='grc' dir='ltr'>ἐδέξατο·</span> <span class='ocrx_word' id='word_1_755' title='bbox 3031 3085 3147 3139; x_wconf 86' lang='grc' dir='ltr'>ἀλλ’</span> <span class='ocrx_word' id='word_1_756' title='bbox 3197 3088 3404 3148; x_wconf 87' lang='grc' dir='ltr'>ἐκεῖνος</span> <span class='ocrx_word' id='word_1_757' title='bbox 3440 3085 3542 3138; x_wconf 86' lang='grc' dir='ltr'>οὑκ</span> <span class='ocrx_word' id='word_1_758' title='bbox 3581 3087 3678 3154; x_wconf 65' lang='grc' dir='ltr'>ὴν.</span> 
     </span>
    </p>
   </div>
   <div class='ocr_carea' id='block_1_99' title="bbox 2093 3168 3678 3242">
    <p class='ocr_par' dir='ltr' id='par_1_99' title="bbox 2093 3168 3678 3242">
     <span class='ocr_line' id='line_1_100' title="bbox 2093 3168 3678 3242; baseline -0.001 -20"><span class='ocrx_word' id='word_1_759' title='bbox 2093 3171 2279 3240; x_wconf 81' lang='grc' dir='ltr'>ἐσχετο</span> <span class='ocrx_word' id='word_1_760' title='bbox 2311 3171 2563 3240; x_wconf 87' lang='grc' dir='ltr'>ἐμμεῖναι</span> <span class='ocrx_word' id='word_1_761' title='bbox 2607 3169 2685 3240; x_wconf 82' lang='grc' dir='ltr'>τῷ</span> <span class='ocrx_word' id='word_1_762' title='bbox 2719 3171 3010 3240; x_wconf 84' lang='grc' dir='ltr'>φαρμάκῳ,</span> <span class='ocrx_word' id='word_1_763' title='bbox 3044 3173 3112 3240; x_wconf 79' lang='grc' dir='ltr'>τῇ</span> <span class='ocrx_word' id='word_1_764' title='bbox 3145 3169 3506 3239; x_wconf 79' lang='grc' dir='ltr'>περισσοτέρᾳ</span> <span class='ocrx_word' id='word_1_765' title='bbox 3529 3168 3678 3242; x_wconf 84' lang='grc' dir='ltr'>λύπῃ</span> 
     </span>
    </p>
   </div>
   <div class='ocr_carea' id='block_1_100' title="bbox 2094 3251 3672 3322">
    <p class='ocr_par' dir='ltr' id='par_1_100' title="bbox 2094 3251 3672 3322">
     <span class='ocr_line' id='line_1_101' title="bbox 2094 3251 3672 3322; baseline -0.001 -16"><span class='ocrx_word' id='word_1_766' title='bbox 2094 3253 2440 3316; x_wconf 86' lang='grc' dir='ltr'>καταποθείς.</span> <span class='ocrx_word' id='word_1_767' title='bbox 2470 3252 2641 3304; x_wconf 88' lang='grc' dir='ltr'>Τοῦτο</span> <span class='ocrx_word' id='word_1_768' title='bbox 2665 3251 2842 3304; x_wconf 86' lang='grc' dir='ltr'>τοίνυν</span> <span class='ocrx_word' id='word_1_769' title='bbox 2869 3253 2962 3305; x_wconf 75' lang='grc' dir='ltr'>καὶ</span> <span class='ocrx_word' id='word_1_770' title='bbox 3000 3253 3027 3305; x_wconf 83' lang='lat'>6</span> <span class='ocrx_word' id='word_1_771' title='bbox 3071 3251 3282 3314; x_wconf 87' lang='grc' dir='ltr'>Παῦλος</span> <span class='ocrx_word' id='word_1_772' title='bbox 3318 3253 3672 3322; x_wconf 90' lang='grc' dir='ltr'>φοϐούμενος,</span> 
     </span>
    </p>
   </div>
   <div class='ocr_carea' id='block_1_101' title="bbox 2093 3335 3670 3407">
    <p class='ocr_par' dir='ltr' id='par_1_101' title="bbox 2093 3335 3670 3407">
     <span class='ocr_line' id='line_1_102' title="bbox 2093 3335 3670 3407; baseline -0.001 -19"><span class='ocrx_word' id='word_1_773' title='bbox 2093 3337 2301 3404; x_wconf 85' lang='grc' dir='ltr'>ἐπείγει</span> <span class='ocrx_word' id='word_1_774' title='bbox 2330 3337 2452 3400; x_wconf 75' lang='grc' dir='ltr'>τοὺς</span> <span class='ocrx_word' id='word_1_775' title='bbox 2502 3335 2819 3407; x_wconf 86' lang='grc' dir='ltr'>Κορινθίους</span> <span class='ocrx_word' id='word_1_776' title='bbox 2859 3335 3166 3405; x_wconf 80' lang='grc' dir='ltr'>ἐξαρπάσαι</span> <span class='ocrx_word' id='word_1_777' title='bbox 3207 3337 3305 3407; x_wconf 81' lang='grc' dir='ltr'>τῆς</span> <span class='ocrx_word' id='word_1_778' title='bbox 3335 3337 3617 3404; x_wconf 85' lang='grc' dir='ltr'>φάρυγγος</span> <span class='ocrx_word' id='word_1_779' title='bbox 3649 3349 3670 3376; x_wconf 76' lang='grc' dir='ltr'>ε</span> 
     </span>
    </p>
   </div>
   <div class='ocr_carea' id='block_1_102' title="bbox 2089 3417 3676 3488">
    <p class='ocr_par' dir='ltr' id='par_1_102' title="bbox 2089 3417 3676 3488">
     <span class='ocr_line' id='line_1_103' title="bbox 2089 3417 3676 3488; baseline 0.001 -18"><span class='ocrx_word' id='word_1_780' title='bbox 2089 3419 2183 3471; x_wconf 92' lang='grc' dir='ltr'>τοῦ</span> <span class='ocrx_word' id='word_1_781' title='bbox 2242 3418 2486 3471; x_wconf 89' lang='grc' dir='ltr'>διαϐόλου</span> <span class='ocrx_word' id='word_1_782' title='bbox 2525 3418 2616 3472; x_wconf 76' lang='grc' dir='ltr'>τὸν</span> <span class='ocrx_word' id='word_1_783' title='bbox 2651 3417 2954 3488; x_wconf 79' lang='grc' dir='ltr'>ἄνθρωπον.</span> <span class='ocrx_word' id='word_1_784' title='bbox 3012 3418 3122 3470; x_wconf 82' lang='grc' dir='ltr'>Καὶ</span> <span class='ocrx_word' id='word_1_785' title='bbox 3164 3417 3214 3470; x_wconf 91' lang='grc' dir='ltr'>τί</span> <span class='ocrx_word' id='word_1_786' title='bbox 3256 3418 3360 3488; x_wconf 79' lang='grc' dir='ltr'>χρὴ</span> <span class='ocrx_word' id='word_1_787' title='bbox 3401 3418 3579 3485; x_wconf 84' lang='grc' dir='ltr'>λέγειν</span> <span class='ocrx_word' id='word_1_788' title='bbox 3605 3418 3676 3471; x_wconf 77' lang='lat'><em>:‘1</em></span> 
     </span>
    </p>
   </div>
   <div class='ocr_carea' id='block_1_103' title="bbox 2090 3500 3674 3573">
    <p class='ocr_par' dir='ltr' id='par_1_103' title="bbox 2090 3500 3674 3573">
     <span class='ocr_line' id='line_1_104' title="bbox 2090 3500 3674 3573; baseline -0.001 -17"><span class='ocrx_word' id='word_1_789' title='bbox 2090 3502 2428 3573; x_wconf 83' lang='grc' dir='ltr'>Κορινθίων;</span> <span class='ocrx_word' id='word_1_790' title='bbox 2454 3503 2659 3572; x_wconf 88' lang='grc' dir='ltr'>Πέτρος</span> <span class='ocrx_word' id='word_1_791' title='bbox 2691 3501 2828 3571; x_wconf 86' lang='grc' dir='ltr'>μετά</span> <span class='ocrx_word' id='word_1_792' title='bbox 2857 3503 2955 3572; x_wconf 82' lang='grc' dir='ltr'>τὴν</span> <span class='ocrx_word' id='word_1_793' title='bbox 2983 3500 3092 3554; x_wconf 89' lang='grc' dir='ltr'>τῶν</span> <span class='ocrx_word' id='word_1_794' title='bbox 3128 3501 3440 3572; x_wconf 86' lang='grc' dir='ltr'>μυστηρίων</span> <span class='ocrx_word' id='word_1_795' title='bbox 3474 3519 3674 3554; x_wconf 66' lang='grc' dir='ltr'>κοινωε</span> 
     </span>
    </p>
   </div>
   <div class='ocr_carea' id='block_1_104' title="bbox 2089 3583 3671 3657">
    <p class='ocr_par' dir='ltr' id='par_1_104' title="bbox 2089 3583 3671 3657">
     <span class='ocr_line' id='line_1_105' title="bbox 2089 3583 3671 3657; baseline -0.001 -19"><span class='ocrx_word' id='word_1_796' title='bbox 2089 3587 2208 3639; x_wconf 90' lang='grc' dir='ltr'>νίαν</span> <span class='ocrx_word' id='word_1_797' title='bbox 2236 3587 2513 3656; x_wconf 72' lang='grc' dir='ltr'>ἠρνήσατο</span> <span class='ocrx_word' id='word_1_798' title='bbox 2531 3586 2673 3657; x_wconf 82' lang='grc' dir='ltr'>τρὶς,</span> <span class='ocrx_word' id='word_1_799' title='bbox 2689 3587 2783 3639; x_wconf 74' lang='grc' dir='ltr'>καί</span> <span class='ocrx_word' id='word_1_800' title='bbox 2816 3583 3094 3656; x_wconf 90' lang='grc' dir='ltr'>δακρύσας</span> <span class='ocrx_word' id='word_1_801' title='bbox 3115 3585 3414 3656; x_wconf 68' lang='grc' dir='ltr'>ἀπήλειψεν</span> <span class='ocrx_word' id='word_1_802' title='bbox 3433 3585 3671 3638; x_wconf 75' lang='grc' dir='ltr'>ἅπαντα·</span> 
     </span>
    </p>
   </div>
   <div class='ocr_carea' id='block_1_105' title="bbox 2089 3667 3672 3739">
    <p class='ocr_par' dir='ltr' id='par_1_105' title="bbox 2089 3667 3672 3739">
     <span class='ocr_line' id='line_1_106' title="bbox 2089 3667 3672 3739; baseline -0.001 -19"><span class='ocrx_word' id='word_1_803' title='bbox 2089 3668 2301 3732; x_wconf 91' lang='grc' dir='ltr'>Παῦλος</span> <span class='ocrx_word' id='word_1_804' title='bbox 2356 3668 2587 3739; x_wconf 89' lang='grc' dir='ltr'>διώκτης</span> <span class='ocrx_word' id='word_1_805' title='bbox 2640 3667 2715 3721; x_wconf 87' lang='grc' dir='ltr'>ῶν</span> <span class='ocrx_word' id='word_1_806' title='bbox 2761 3669 2852 3721; x_wconf 74' lang='grc' dir='ltr'>καὶ</span> <span class='ocrx_word' id='word_1_807' title='bbox 2900 3667 3218 3738; x_wconf 88' lang='grc' dir='ltr'>βλάσφημος</span> <span class='ocrx_word' id='word_1_808' title='bbox 3255 3668 3349 3720; x_wconf 81' lang='grc' dir='ltr'>καὶ</span> <span class='ocrx_word' id='word_1_809' title='bbox 3385 3667 3672 3738; x_wconf 79' lang='grc' dir='ltr'>ὑϐριστὴς,</span> 
     </span>
    </p>
   </div>
   <div class='ocr_carea' id='block_1_106' title="bbox 2088 3749 3671 3822">
    <p class='ocr_par' dir='ltr' id='par_1_106' title="bbox 2088 3749 3671 3822">
     <span class='ocr_line' id='line_1_107' title="bbox 2088 3749 3671 3822; baseline -0.001 -18"><span class='ocrx_word' id='word_1_810' title='bbox 2088 3753 2180 3804; x_wconf 81' lang='grc' dir='ltr'>καὶ</span> <span class='ocrx_word' id='word_1_811' title='bbox 2203 3753 2325 3822; x_wconf 77' lang='grc' dir='ltr'>οὐχὶ</span> <span class='ocrx_word' id='word_1_812' title='bbox 2357 3751 2448 3806; x_wconf 85' lang='grc' dir='ltr'>τὸν</span> <span class='ocrx_word' id='word_1_813' title='bbox 2498 3752 2878 3822; x_wconf 81' lang='grc' dir='ltr'>σταυρωθέντα</span> <span class='ocrx_word' id='word_1_814' title='bbox 2934 3753 3114 3822; x_wconf 87' lang='grc' dir='ltr'>μόνον,</span> <span class='ocrx_word' id='word_1_815' title='bbox 3145 3749 3280 3803; x_wconf 90' lang='grc' dir='ltr'>ἀλλά</span> <span class='ocrx_word' id='word_1_816' title='bbox 3321 3753 3416 3802; x_wconf 78' lang='grc' dir='ltr'>καὶ</span> <span class='ocrx_word' id='word_1_817' title='bbox 3462 3751 3671 3813; x_wconf 87' lang='grc' dir='ltr'>πάντας</span> 
     </span>
    </p>
   </div>
   <div class='ocr_carea' id='block_1_107' title="bbox 2085 3832 3664 3906">
    <p class='ocr_par' dir='ltr' id='par_1_107' title="bbox 2085 3832 3664 3906">
     <span class='ocr_line' id='line_1_108' title="bbox 2085 3832 3664 3906; baseline -0.002 -20"><span class='ocrx_word' id='word_1_818' title='bbox 2085 3837 2212 3898; x_wconf 81' lang='grc' dir='ltr'>τοὺς</span> <span class='ocrx_word' id='word_1_819' title='bbox 2245 3834 2453 3889; x_wconf 89' lang='grc' dir='ltr'>ἐκείνου</span> <span class='ocrx_word' id='word_1_820' title='bbox 2474 3833 2703 3900; x_wconf 86' lang='grc' dir='ltr'>διώκων,</span> <span class='ocrx_word' id='word_1_821' title='bbox 2735 3837 3093 3906; x_wconf 81' lang='grc' dir='ltr'>μετανοήσας,</span> <span class='ocrx_word' id='word_1_822' title='bbox 3136 3832 3431 3895; x_wconf 81' lang='grc' dir='ltr'>ἀπόστολος</span> <span class='ocrx_word' id='word_1_823' title='bbox 3453 3832 3664 3900; x_wconf 85' lang='grc' dir='ltr'>γέγονε.</span> 
     </span>
    </p>
   </div>
   <div class='ocr_carea' id='block_1_108' title="bbox 2087 3913 3666 3990">
    <p class='ocr_par' dir='ltr' id='par_1_108' title="bbox 2087 3913 3666 3990">
     <span class='ocr_line' id='line_1_109' title="bbox 2087 3913 3666 3990; baseline -0.003 -18"><span class='ocrx_word' id='word_1_824' title='bbox 2087 3919 2263 3972; x_wconf 86' lang='grc' dir='ltr'>Μόνον</span> <span class='ocrx_word' id='word_1_825' title='bbox 2294 3918 2401 3990; x_wconf 85' lang='grc' dir='ltr'>γὰρ</span> <span class='ocrx_word' id='word_1_826' title='bbox 2432 3918 2702 3987; x_wconf 88' lang='grc' dir='ltr'>πρόφασιν</span> <span class='ocrx_word' id='word_1_827' title='bbox 2735 3921 2763 3971; x_wconf 90' lang='lat'>6</span> <span class='ocrx_word' id='word_1_828' title='bbox 2791 3918 2922 3981; x_wconf 80' lang='grc' dir='ltr'>Θεὸς</span> <span class='ocrx_word' id='word_1_829' title='bbox 2954 3918 3210 3988; x_wconf 84' lang='grc' dir='ltr'>βραχεῖαν</span> <span class='ocrx_word' id='word_1_830' title='bbox 3247 3913 3498 3987; x_wconf 77' lang='grc' dir='ltr'>ἐπιζητεῖ</span> <span class='ocrx_word' id='word_1_831' title='bbox 3537 3913 3666 3985; x_wconf 83' lang='grc' dir='ltr'>παρ’</span> 
     </span>
    </p>
   </div>
   <div class='ocr_carea' id='block_1_109' title="bbox 2087 3999 3665 4073">
    <p class='ocr_par' dir='ltr' id='par_1_109' title="bbox 2087 3999 3665 4073">
     <span class='ocr_line' id='line_1_110' title="bbox 2087 3999 3665 4073; baseline -0.001 -19"><span class='ocrx_word' id='word_1_832' title='bbox 2087 4001 2264 4073; x_wconf 84' lang='grc' dir='ltr'>ήμῶν,</span> <span class='ocrx_word' id='word_1_833' title='bbox 2314 4002 2409 4056; x_wconf 83' lang='grc' dir='ltr'>καὶ</span> <span class='ocrx_word' id='word_1_834' title='bbox 2459 4001 2670 4055; x_wconf 91' lang='grc' dir='ltr'>πολλῶν</span> <span class='ocrx_word' id='word_1_835' title='bbox 2730 4003 2861 4072; x_wconf 79' lang='grc' dir='ltr'>ἡμῖν</span> <span class='ocrx_word' id='word_1_836' title='bbox 2915 4000 3330 4071; x_wconf 86' lang='grc' dir='ltr'>ἁμαρτημάτων</span> <span class='ocrx_word' id='word_1_837' title='bbox 3381 3999 3665 4069; x_wconf 74' lang='grc' dir='ltr'>χαρίζεται</span> 
     </span>
    </p>
   </div>
   <div class='ocr_carea' id='block_1_110' title="bbox 2085 4083 3667 4156">
    <p class='ocr_par' dir='ltr' id='par_1_110' title="bbox 2085 4083 3667 4156">
     <span class='ocr_line' id='line_1_111' title="bbox 2085 4083 3667 4156; baseline -0.003 -16"><span class='ocrx_word' id='word_1_838' title='bbox 2085 4085 2280 4154; x_wconf 78' lang='grc' dir='ltr'>ἄφεσιν</span> <span class='ocrx_word' id='word_1_839' title='bbox 2313 4085 2363 4142; x_wconf 75' lang='grc' dir='ltr'>ά.</span> <span class='ocrx_word' id='word_1_840' title='bbox 2396 4084 2550 4140; x_wconf 84' lang='grc' dir='ltr'>Είπω</span> <span class='ocrx_word' id='word_1_841' title='bbox 2573 4085 2665 4140; x_wconf 77' lang='grc' dir='ltr'>καὶ</span> <span class='ocrx_word' id='word_1_842' title='bbox 2692 4084 3008 4156; x_wconf 84' lang='grc' dir='ltr'>παραϐολὴν</span> <span class='ocrx_word' id='word_1_843' title='bbox 3035 4083 3193 4138; x_wconf 88' lang='grc' dir='ltr'>τοῦτο</span> <span class='ocrx_word' id='word_1_844' title='bbox 3220 4083 3350 4137; x_wconf 81' lang='grc' dir='ltr'>αὐτὸ</span> <span class='ocrx_word' id='word_1_845' title='bbox 3379 4083 3667 4154; x_wconf 83' lang='grc' dir='ltr'>ἐγγυωμέ-</span> 
     </span>
    </p>
   </div>
   <div class='ocr_carea' id='block_1_111' title="bbox 2085 4169 2356 4239">
    <p class='ocr_par' dir='ltr' id='par_1_111' title="bbox 2085 4169 2356 4239">
     <span class='ocr_line' id='line_1_112' title="bbox 2085 4169 2356 4239; baseline 0.007 -19"><span class='ocrx_word' id='word_1_846' title='bbox 2085 4184 2182 4236; x_wconf 89' lang='grc' dir='ltr'>νην</span> <span class='ocrx_word' id='word_1_847' title='bbox 2209 4169 2356 4239; x_wconf 87' lang='grc' dir='ltr'>ὑμῖν.</span> 
     </span>
    </p>
   </div>
   <div class='ocr_carea' id='block_1_112' title="bbox 2154 4247 3661 4324">
    <p class='ocr_par' dir='ltr' id='par_1_112' title="bbox 2154 4247 3661 4324">
     <span class='ocr_line' id='line_1_113' title="bbox 2154 4247 3661 4324; baseline -0.001 -18"><span class='ocrx_word' id='word_1_848' title='bbox 2154 4253 2216 4306; x_wconf 84' lang='grc' dir='ltr'>δ’.</span> <span class='ocrx_word' id='word_1_849' title='bbox 2249 4253 2353 4306; x_wconf 92' lang='grc' dir='ltr'>Δύο</span> <span class='ocrx_word' id='word_1_850' title='bbox 2372 4251 2515 4316; x_wconf 85' lang='grc' dir='ltr'>τινές</span> <span class='ocrx_word' id='word_1_851' title='bbox 2529 4247 2668 4324; x_wconf 80' lang='grc' dir='ltr'>ἦσαν</span> <span class='ocrx_word' id='word_1_852' title='bbox 2686 4250 2923 4320; x_wconf 86' lang='grc' dir='ltr'>ἀδελφοί·</span> <span class='ocrx_word' id='word_1_853' title='bbox 2946 4250 3350 4322; x_wconf 87' lang='grc' dir='ltr'>διανειμάμενοι</span> <span class='ocrx_word' id='word_1_854' title='bbox 3367 4249 3540 4322; x_wconf 78' lang='grc' dir='ltr'>δὲτὴν</span> <span class='ocrx_word' id='word_1_855' title='bbox 3556 4267 3661 4304; x_wconf 89' lang='grc' dir='ltr'>πα-</span> 
     </span>
    </p>
   </div>
   <div class='ocr_carea' id='block_1_113' title="bbox 2083 4335 3662 4410">
    <p class='ocr_par' dir='ltr' id='par_1_113' title="bbox 2083 4335 3662 4410">
     <span class='ocr_line' id='line_1_114' title="bbox 2083 4335 3662 4410; baseline -0.003 -19"><span class='ocrx_word' id='word_1_856' title='bbox 2083 4339 2275 4410; x_wconf 83' lang='grc' dir='ltr'>τρικὴν</span> <span class='ocrx_word' id='word_1_857' title='bbox 2302 4337 2619 4408; x_wconf 90' lang='grc' dir='ltr'>περιουσίαν</span> <span class='ocrx_word' id='word_1_858' title='bbox 2651 4337 2922 4406; x_wconf 80' lang='grc' dir='ltr'>ἑκάτεροι,</span> <span class='ocrx_word' id='word_1_859' title='bbox 2945 4337 2972 4388; x_wconf 91' lang='lat'>6</span> <span class='ocrx_word' id='word_1_860' title='bbox 3003 4337 3098 4406; x_wconf 80' lang='grc' dir='ltr'>μὲν</span> <span class='ocrx_word' id='word_1_861' title='bbox 3121 4335 3302 4389; x_wconf 83' lang='grc' dir='ltr'>αὐτῶν</span> <span class='ocrx_word' id='word_1_862' title='bbox 3326 4335 3542 4406; x_wconf 71' lang='grc' dir='ltr'>ἔμεινεν</span> <span class='ocrx_word' id='word_1_863' title='bbox 3568 4336 3662 4387; x_wconf 74' lang='grc' dir='ltr'>ἐπὶ</span> 
     </span>
    </p>
   </div>
   <div class='ocr_carea' id='block_1_114' title="bbox 2082 4418 3661 4492">
    <p class='ocr_par' dir='ltr' id='par_1_114' title="bbox 2082 4418 3661 4492">
     <span class='ocr_line' id='line_1_115' title="bbox 2082 4418 3661 4492; baseline -0.003 -17"><span class='ocrx_word' id='word_1_864' title='bbox 2082 4422 2182 4492; x_wconf 78' lang='grc' dir='ltr'>τῆς</span> <span class='ocrx_word' id='word_1_865' title='bbox 2219 4421 2428 4484; x_wconf 88' lang='grc' dir='ltr'>οἰκίας·</span> <span class='ocrx_word' id='word_1_866' title='bbox 2460 4422 2488 4472; x_wconf 89' lang='lat'>6</span> <span class='ocrx_word' id='word_1_867' title='bbox 2517 4419 2573 4472; x_wconf 85' lang='grc' dir='ltr'>δὲ</span> <span class='ocrx_word' id='word_1_868' title='bbox 2607 4421 2784 4473; x_wconf 89' lang='grc' dir='ltr'>πάντα</span> <span class='ocrx_word' id='word_1_869' title='bbox 2821 4418 2892 4471; x_wconf 89' lang='grc' dir='ltr'>τά</span> <span class='ocrx_word' id='word_1_870' title='bbox 2926 4419 3146 4472; x_wconf 90' lang='grc' dir='ltr'>δοθέντα</span> <span class='ocrx_word' id='word_1_871' title='bbox 3192 4419 3550 4487; x_wconf 86' lang='grc' dir='ltr'>καταφαγὼν,</span> <span class='ocrx_word' id='word_1_872' title='bbox 3583 4421 3661 4484; x_wconf 86' lang='grc' dir='ltr'>εἰς</span> 
     </span>
    </p>
   </div>
   <div class='ocr_carea' id='block_1_115' title="bbox 2081 4503 3660 4578">
    <p class='ocr_par' dir='ltr' id='par_1_115' title="bbox 2081 4503 3660 4578">
     <span class='ocr_line' id='line_1_116' title="bbox 2081 4503 3660 4578; baseline -0.002 -18"><span class='ocrx_word' id='word_1_873' title='bbox 2081 4506 2180 4578; x_wconf 81' lang='grc' dir='ltr'>τὴν</span> <span class='ocrx_word' id='word_1_874' title='bbox 2213 4505 2510 4577; x_wconf 87' lang='grc' dir='ltr'>ὑπερορίαν</span> <span class='ocrx_word' id='word_1_875' title='bbox 2536 4504 2789 4575; x_wconf 85' lang='grc' dir='ltr'>μετέστη,</span> <span class='ocrx_word' id='word_1_876' title='bbox 2816 4503 2914 4574; x_wconf 80' lang='grc' dir='ltr'>τὴν</span> <span class='ocrx_word' id='word_1_877' title='bbox 2942 4503 3049 4557; x_wconf 79' lang='grc' dir='ltr'>ἀπὸ</span> <span class='ocrx_word' id='word_1_878' title='bbox 3085 4505 3184 4574; x_wconf 85' lang='grc' dir='ltr'>τῆς</span> <span class='ocrx_word' id='word_1_879' title='bbox 3211 4503 3400 4566; x_wconf 86' lang='grc' dir='ltr'>πενίας</span> <span class='ocrx_word' id='word_1_880' title='bbox 3442 4503 3535 4555; x_wconf 75' lang='grc' dir='ltr'>οὑο</span> <span class='ocrx_word' id='word_1_881' title='bbox 3567 4504 3660 4572; x_wconf 87' lang='grc' dir='ltr'>φέ-</span> 
     </span>
    </p>
   </div>
   <div class='ocr_carea' id='block_1_116' title="bbox 2084 4586 3657 4663">
    <p class='ocr_par' dir='ltr' id='par_1_116' title="bbox 2084 4586 3657 4663">
     <span class='ocr_line' id='line_1_117' title="bbox 2084 4586 3657 4663; baseline -0.003 -19"><span class='ocrx_word' id='word_1_882' title='bbox 2084 4608 2194 4663; x_wconf 92' lang='grc' dir='ltr'>ρων</span> <span class='ocrx_word' id='word_1_883' title='bbox 2241 4589 2519 4661; x_wconf 89' lang='grc' dir='ltr'>αἰσχύνην.</span> <span class='ocrx_word' id='word_1_884' title='bbox 2553 4588 2769 4658; x_wconf 86' lang='grc' dir='ltr'>Ταύτην</span> <span class='ocrx_word' id='word_1_885' title='bbox 2811 4587 2866 4641; x_wconf 87' lang='grc' dir='ltr'>δὲ</span> <span class='ocrx_word' id='word_1_886' title='bbox 2897 4589 2995 4658; x_wconf 83' lang='grc' dir='ltr'>τὴν</span> <span class='ocrx_word' id='word_1_887' title='bbox 3032 4586 3348 4658; x_wconf 81' lang='grc' dir='ltr'>παραϐολὴν</span> <span class='ocrx_word' id='word_1_888' title='bbox 3375 4587 3657 4658; x_wconf 85' lang='grc' dir='ltr'>προήχθην</span> 
     </span>
    </p>
   </div>
   <div class='ocr_carea' id='block_1_117' title="bbox 2081 4670 3654 4742">
    <p class='ocr_par' dir='ltr' id='par_1_117' title="bbox 2081 4670 3654 4742">
     <span class='ocr_line' id='line_1_118' title="bbox 2081 4670 3654 4742; baseline -0.001 -16"><span class='ocrx_word' id='word_1_889' title='bbox 2081 4675 2274 4736; x_wconf 85' lang='grc' dir='ltr'>εἰπεῖν,</span> <span class='ocrx_word' id='word_1_890' title='bbox 2331 4674 2416 4725; x_wconf 83' lang='grc' dir='ltr'>ἵνα</span> <span class='ocrx_word' id='word_1_891' title='bbox 2448 4671 2675 4742; x_wconf 88' lang='grc' dir='ltr'>μάθητε,</span> <span class='ocrx_word' id='word_1_892' title='bbox 2705 4672 2788 4724; x_wconf 82' lang='grc' dir='ltr'>ὅτι</span> <span class='ocrx_word' id='word_1_893' title='bbox 2836 4671 3065 4724; x_wconf 78' lang='grc' dir='ltr'>καὶτῶν</span> <span class='ocrx_word' id='word_1_894' title='bbox 3101 4670 3238 4741; x_wconf 87' lang='grc' dir='ltr'>μετά</span> <span class='ocrx_word' id='word_1_895' title='bbox 3274 4671 3336 4723; x_wconf 90' lang='lat'>:6</span> <span class='ocrx_word' id='word_1_896' title='bbox 3373 4671 3654 4740; x_wconf 83' lang='grc' dir='ltr'>βάπτισμα</span> 
     </span>
    </p>
   </div>
   <div class='ocr_carea' id='block_1_118' title="bbox 2082 4753 3654 4828">
    <p class='ocr_par' dir='ltr' id='par_1_118' title="bbox 2082 4753 3654 4828">
     <span class='ocr_line' id='line_1_119' title="bbox 2082 4753 3654 4828; baseline -0.001 -20"><span class='ocrx_word' id='word_1_897' title='bbox 2082 4755 2491 4828; x_wconf 84' lang='grc' dir='ltr'>ἁμαρτημάτων</span> <span class='ocrx_word' id='word_1_898' title='bbox 2528 4755 2676 4807; x_wconf 75' lang='grc' dir='ltr'>ἐστὶν</span> <span class='ocrx_word' id='word_1_899' title='bbox 2719 4753 2931 4822; x_wconf 78' lang='grc' dir='ltr'>ἄφεσις,</span> <span class='ocrx_word' id='word_1_900' title='bbox 2967 4754 3060 4806; x_wconf 86' lang='grc' dir='ltr'>ἐὰν</span> <span class='ocrx_word' id='word_1_901' title='bbox 3105 4754 3488 4824; x_wconf 84' lang='grc' dir='ltr'>προσέχωμεν·</span> <span class='ocrx_word' id='word_1_902' title='bbox 3513 4755 3654 4820; x_wconf 83' lang='grc' dir='ltr'>λέγω</span> 
     </span>
    </p>
   </div>
   <div class='ocr_carea' id='block_1_119' title="bbox 2079 4835 3648 4908">
    <p class='ocr_par' dir='ltr' id='par_1_119' title="bbox 2079 4835 3648 4908">
     <span class='ocr_line' id='line_1_120' title="bbox 2079 4835 3648 4908; baseline -0.001 -17"><span class='ocrx_word' id='word_1_903' title='bbox 2079 4838 2134 4891; x_wconf 88' lang='grc' dir='ltr'>δὲ</span> <span class='ocrx_word' id='word_1_904' title='bbox 2167 4840 2267 4908; x_wconf 90' lang='grc' dir='ltr'>ούχ</span> <span class='ocrx_word' id='word_1_905' title='bbox 2300 4839 2387 4890; x_wconf 75' lang='grc' dir='ltr'>ἵνα</span> <span class='ocrx_word' id='word_1_906' title='bbox 2419 4839 2499 4900; x_wconf 93' lang='grc' dir='ltr'>εἰς</span> <span class='ocrx_word' id='word_1_907' title='bbox 2541 4837 2812 4908; x_wconf 81' lang='grc' dir='ltr'>ρᾳθυμίαν</span> <span class='ocrx_word' id='word_1_908' title='bbox 2849 4837 3090 4907; x_wconf 88' lang='grc' dir='ltr'>ἐμϐάλω,</span> <span class='ocrx_word' id='word_1_909' title='bbox 3126 4837 3351 4890; x_wconf 80' lang='grc' dir='ltr'>ἀλλ’ἵνα</span> <span class='ocrx_word' id='word_1_910' title='bbox 3371 4835 3648 4908; x_wconf 65' lang='lat'><em>61:6[285]</em></span> 
     </span>
    </p>
   </div>
   <div class='ocr_carea' id='block_1_120' title="bbox 2078 4921 3648 4991">
    <p class='ocr_par' dir='ltr' id='par_1_120' title="bbox 2078 4921 3648 4991">
     <span class='ocr_line' id='line_1_121' title="bbox 2078 4921 3648 4991; baseline 0 -17"><span class='ocrx_word' id='word_1_911' title='bbox 2078 4921 2440 4990; x_wconf 86' lang='grc' dir='ltr'>ἀπογνώσεως</span> <span class='ocrx_word' id='word_1_912' title='bbox 2469 4921 2739 4990; x_wconf 87' lang='grc' dir='ltr'>ἀπαγάγω</span> <span class='ocrx_word' id='word_1_913' title='bbox 2761 4935 2780 4954; x_wconf 87' lang='grc'>·</span> <span class='ocrx_word' id='word_1_914' title='bbox 2833 4923 2927 4974; x_wconf 68' lang='grc' dir='ltr'>καὶ</span> <span class='ocrx_word' id='word_1_915' title='bbox 2967 4921 3075 4991; x_wconf 83' lang='grc' dir='ltr'>γάρ</span> <span class='ocrx_word' id='word_1_916' title='bbox 3103 4921 3326 4990; x_wconf 87' lang='grc' dir='ltr'>χείρονα</span> <span class='ocrx_word' id='word_1_917' title='bbox 3357 4921 3459 4990; x_wconf 83' lang='grc' dir='ltr'>τῆς</span> <span class='ocrx_word' id='word_1_918' title='bbox 3491 4921 3648 4991; x_wconf 73' lang='grc' dir='ltr'>ῥαθυ-</span> 
     </span>
    </p>
   </div>
   <div class='ocr_carea' id='block_1_121' title="bbox 2080 4996 3648 5075">
    <p class='ocr_par' dir='ltr' id='par_1_121' title="bbox 2080 4996 3648 5075">
     <span class='ocr_line' id='line_1_122' title="bbox 2080 4996 3648 5075; baseline 0 -19"><span class='ocrx_word' id='word_1_919' title='bbox 2080 5004 2208 5074; x_wconf 91' lang='grc' dir='ltr'>μίας</span> <span class='ocrx_word' id='word_1_920' title='bbox 2224 5006 2370 5075; x_wconf 78' lang='grc' dir='ltr'>ἡμᾶς</span> <span class='ocrx_word' id='word_1_921' title='bbox 2393 5005 2426 5074; x_wconf 81' lang='grc' dir='ltr'><strong>ἡ</strong></span> <span class='ocrx_word' id='word_1_922' title='bbox 2454 5005 2764 5072; x_wconf 88' lang='grc' dir='ltr'>ἀπόγνωσις</span> <span class='ocrx_word' id='word_1_923' title='bbox 2787 5002 3076 5074; x_wconf 79' lang='grc' dir='ltr'>ἐργάζεται</span> <span class='ocrx_word' id='word_1_924' title='bbox 3099 5003 3263 5056; x_wconf 87' lang='grc' dir='ltr'>κακά.</span> <span class='ocrx_word' id='word_1_925' title='bbox 3283 4996 3454 5067; x_wconf 76' lang='grc' dir='ltr'>Οὗτος</span> <span class='ocrx_word' id='word_1_926' title='bbox 3473 5005 3648 5057; x_wconf 91' lang='grc' dir='ltr'>τοίνυν</span> 
     </span>
    </p>
   </div>
   <div class='ocr_carea' id='block_1_122' title="bbox 2074 5089 3642 5161">
    <p class='ocr_par' dir='ltr' id='par_1_122' title="bbox 2074 5089 3642 5161">
     <span class='ocr_line' id='line_1_123' title="bbox 2074 5089 3642 5161; baseline -0.003 -15"><span class='ocrx_word' id='word_1_927' title='bbox 2074 5095 2102 5146; x_wconf 84' lang='grc' dir='ltr'>ὁ</span> <span class='ocrx_word' id='word_1_928' title='bbox 2145 5091 2256 5154; x_wconf 83' lang='grc' dir='ltr'>υίὸς</span> <span class='ocrx_word' id='word_1_929' title='bbox 2292 5091 2474 5143; x_wconf 89' lang='grc' dir='ltr'>εἰκόνα</span> <span class='ocrx_word' id='word_1_930' title='bbox 2509 5089 2618 5143; x_wconf 89' lang='grc' dir='ltr'>τῶν</span> <span class='ocrx_word' id='word_1_931' title='bbox 2651 5090 2788 5160; x_wconf 90' lang='grc' dir='ltr'>μετά</span> <span class='ocrx_word' id='word_1_932' title='bbox 2815 5091 2874 5143; x_wconf 89' lang='lat'>:6</span> <span class='ocrx_word' id='word_1_933' title='bbox 2913 5089 3137 5160; x_wconf 84' lang='grc' dir='ltr'>λουτρὸν</span> <span class='ocrx_word' id='word_1_934' title='bbox 3160 5091 3311 5161; x_wconf 81' lang='grc' dir='ltr'>φέρει</span> <span class='ocrx_word' id='word_1_935' title='bbox 3343 5092 3642 5144; x_wconf 89' lang='grc' dir='ltr'>πεσόντων·</span> 
     </span>
    </p>
   </div>
   <div class='ocr_carea' id='block_1_123' title="bbox 2073 5172 3641 5245">
    <p class='ocr_par' dir='ltr' id='par_1_123' title="bbox 2073 5172 3641 5245">
     <span class='ocr_line' id='line_1_124' title="bbox 2073 5172 3641 5245; baseline -0.003 -16"><span class='ocrx_word' id='word_1_936' title='bbox 2073 5177 2154 5229; x_wconf 84' lang='grc' dir='ltr'>ὅτι</span> <span class='ocrx_word' id='word_1_937' title='bbox 2183 5175 2240 5228; x_wconf 88' lang='grc' dir='ltr'>δέ</span> <span class='ocrx_word' id='word_1_938' title='bbox 2292 5175 2418 5238; x_wconf 81' lang='grc' dir='ltr'>τοὺς</span> <span class='ocrx_word' id='word_1_939' title='bbox 2455 5172 2592 5245; x_wconf 90' lang='grc' dir='ltr'>μετὰ</span> <span class='ocrx_word' id='word_1_940' title='bbox 2612 5173 2673 5225; x_wconf 86' lang='grc' dir='ltr'>τὸ</span> <span class='ocrx_word' id='word_1_941' title='bbox 2723 5172 3005 5244; x_wconf 81' lang='grc' dir='ltr'>βάπτισμα</span> <span class='ocrx_word' id='word_1_942' title='bbox 3034 5173 3452 5244; x_wconf 85' lang='grc' dir='ltr'>παραπεσόντας</span> <span class='ocrx_word' id='word_1_943' title='bbox 3479 5173 3641 5243; x_wconf 86' lang='grc' dir='ltr'>δηλοῖ,</span> 
     </span>
    </p>
   </div>
   <div class='ocr_carea' id='block_1_124' title="bbox 2074 5255 3641 5329">
    <p class='ocr_par' dir='ltr' id='par_1_124' title="bbox 2074 5255 3641 5329">
     <span class='ocr_line' id='line_1_125' title="bbox 2074 5255 3641 5329; baseline -0.001 -16"><span class='ocrx_word' id='word_1_944' title='bbox 2074 5259 2231 5329; x_wconf 83' lang='grc' dir='ltr'>δῆλον</span> <span class='ocrx_word' id='word_1_945' title='bbox 2261 5258 2467 5311; x_wconf 81' lang='grc' dir='ltr'>ἐκεῖθεν</span> <span class='ocrx_word' id='word_1_946' title='bbox 2486 5274 2500 5288; x_wconf 94' lang='grc'>·</span> <span class='ocrx_word' id='word_1_947' title='bbox 2533 5257 2646 5319; x_wconf 84' lang='grc' dir='ltr'>υίὸς</span> <span class='ocrx_word' id='word_1_948' title='bbox 2682 5257 2790 5328; x_wconf 80' lang='grc' dir='ltr'>γὰρ</span> <span class='ocrx_word' id='word_1_949' title='bbox 2836 5255 3051 5326; x_wconf 90' lang='grc' dir='ltr'>λέγεται</span> <span class='ocrx_word' id='word_1_950' title='bbox 3074 5275 3086 5289; x_wconf 92' lang='grc'>·</span> <span class='ocrx_word' id='word_1_951' title='bbox 3114 5258 3288 5322; x_wconf 76' lang='grc' dir='ltr'>οὐδεὶς</span> <span class='ocrx_word' id='word_1_952' title='bbox 3318 5257 3375 5310; x_wconf 84' lang='grc' dir='ltr'>δέ</span> <span class='ocrx_word' id='word_1_953' title='bbox 3411 5260 3521 5320; x_wconf 79' lang='grc' dir='ltr'>υἱὸς</span> <span class='ocrx_word' id='word_1_954' title='bbox 3549 5259 3641 5328; x_wconf 80' lang='grc' dir='ltr'>βα·</span> 
     </span>
    </p>
   </div>
   <div class='ocr_carea' id='block_1_125' title="bbox 2075 5339 3638 5412">
    <p class='ocr_par' dir='ltr' id='par_1_125' title="bbox 2075 5339 3638 5412">
     <span class='ocr_line' id='line_1_126' title="bbox 2075 5339 3638 5412; baseline -0.003 -17"><span class='ocrx_word' id='word_1_955' title='bbox 2075 5341 2376 5412; x_wconf 89' lang='grc' dir='ltr'>πτίσματος</span> <span class='ocrx_word' id='word_1_956' title='bbox 2399 5341 2465 5394; x_wconf 81' lang='grc' dir='ltr'>ἀν</span> <span class='ocrx_word' id='word_1_957' title='bbox 2495 5339 2718 5410; x_wconf 87' lang='grc' dir='ltr'>κληθείη</span> <span class='ocrx_word' id='word_1_958' title='bbox 2751 5340 2937 5411; x_wconf 87' lang='grc' dir='ltr'>χωρίς.</span> <span class='ocrx_word' id='word_1_959' title='bbox 2962 5340 3070 5393; x_wconf 75' lang='grc' dir='ltr'>Καὶ</span> <span class='ocrx_word' id='word_1_960' title='bbox 3107 5341 3206 5411; x_wconf 81' lang='grc' dir='ltr'>τὴν</span> <span class='ocrx_word' id='word_1_961' title='bbox 3228 5341 3406 5393; x_wconf 87' lang='grc' dir='ltr'>οἰκίαν</span> <span class='ocrx_word' id='word_1_962' title='bbox 3431 5342 3484 5394; x_wconf 83' lang='grc' dir='ltr'>δὲ</span> <span class='ocrx_word' id='word_1_963' title='bbox 3513 5342 3638 5411; x_wconf 76' lang='grc' dir='ltr'>ᾤκει</span> 
     </span>
    </p>
   </div>
   <div class='ocr_carea' id='block_1_126' title="bbox 2071 5423 3636 5497">
    <p class='ocr_par' dir='ltr' id='par_1_126' title="bbox 2071 5423 3636 5497">
     <span class='ocr_line' id='line_1_127' title="bbox 2071 5423 3636 5497; baseline -0.003 -18"><span class='ocrx_word' id='word_1_964' title='bbox 2071 5426 2170 5497; x_wconf 82' lang='grc' dir='ltr'>τὴν</span> <span class='ocrx_word' id='word_1_965' title='bbox 2194 5424 2470 5497; x_wconf 79' lang='grc' dir='ltr'>πατρῴαν,</span> <span class='ocrx_word' id='word_1_966' title='bbox 2503 5423 2686 5478; x_wconf 75' lang='grc' dir='ltr'>καὶτὰ</span> <span class='ocrx_word' id='word_1_967' title='bbox 2712 5423 2942 5494; x_wconf 81' lang='grc' dir='ltr'>πατρῷα</span> <span class='ocrx_word' id='word_1_968' title='bbox 2961 5424 3267 5495; x_wconf 87' lang='grc' dir='ltr'>διενείματο</span> <span class='ocrx_word' id='word_1_969' title='bbox 3288 5425 3466 5478; x_wconf 88' lang='grc' dir='ltr'>πάντα</span> <span class='ocrx_word' id='word_1_970' title='bbox 3487 5441 3500 5454; x_wconf 98' lang='grc'>·</span> <span class='ocrx_word' id='word_1_971' title='bbox 3533 5424 3636 5494; x_wconf 83' lang='grc' dir='ltr'>πρὸ</span> 
     </span>
    </p>
   </div>
   <div class='ocr_carea' id='block_1_127' title="bbox 2134 5650 2652 5715">
    <p class='ocr_par' dir='ltr' id='par_1_127' title="bbox 2134 5650 2652 5715">
     <span class='ocr_line' id='line_1_128' title="bbox 2134 5650 2652 5715; baseline -0.002 -13"><span class='ocrx_word' id='word_1_972' title='bbox 2134 5656 2158 5686; x_wconf 70' lang='grc'>⁸</span> <span class='ocrx_word' id='word_1_973' title='bbox 2182 5652 2278 5704; x_wconf 77' lang='lat' dir='ltr'>Alii</span> <span class='ocrx_word' id='word_1_974' title='bbox 2298 5650 2384 5701; x_wconf 81' lang='grc' dir='ltr'>τοῦ</span> <span class='ocrx_word' id='word_1_975' title='bbox 2407 5651 2652 5715; x_wconf 86' lang='grc' dir='ltr'>φάρυγγος.</span> 
     </span>
    </p>
   </div>
   <div class='ocr_carea' id='block_1_128' title="bbox 2132 5669 3623 5784">
    <p class='ocr_par' dir='ltr' id='par_1_128' title="bbox 2132 5669 3623 5784">
     <span class='ocr_line' id='line_1_129' title="bbox 2134 5669 2652 5715; baseline -0.002 -13"><span class='ocrx_word' id='word_1_976' title='bbox 2134 5669 2158 5686; x_wconf 63' lang='grc' dir='ltr'>τ</span> <span class='ocrx_word' id='word_1_977' title='bbox 2182 5669 2278 5704; x_wconf 80' lang='lat' dir='ltr'>Am</span> <span class='ocrx_word' id='word_1_978' title='bbox 2298 5670 2384 5701; x_wconf 91' lang='grc' dir='ltr'>του</span> <span class='ocrx_word' id='word_1_979' title='bbox 2407 5669 2470 5715; x_wconf 86' lang='grc' dir='ltr'>φα</span> <span class='ocrx_word' id='word_1_980' title='bbox 2497 5669 2652 5714; x_wconf 87' lang='grc' dir='ltr'>υγγος.</span> 
     </span>
     <span class='ocr_line' id='line_1_130' title="bbox 2132 5669 3623 5784; baseline -0.001 -21"><span class='ocrx_word' id='word_1_981' title='bbox 2132 5716 2158 5784; x_wconf 65' lang='grc' dir='ltr'><em>ᾇ</em></span> <span class='ocrx_word' id='word_1_982' title='bbox 2338 5669 2627 5784; x_wconf 48' lang='grc' dir='ltr'>παρ’ςὲμῶνἱ</span> <span class='ocrx_word' id='word_1_983' title='bbox 2641 5714 2720 5761; x_wconf 81' lang='grc' dir='ltr'>καὶ</span> <span class='ocrx_word' id='word_1_984' title='bbox 2742 5715 2897 5784; x_wconf 72' lang='grc' dir='ltr'>πάντα</span> <span class='ocrx_word' id='word_1_985' title='bbox 2905 5713 3094 5784; x_wconf 79' lang='grc' dir='ltr'>ἀφίησιν</span> <span class='ocrx_word' id='word_1_986' title='bbox 3114 5716 3294 5784; x_wconf 69' lang='grc' dir='ltr'>ἡμῖντὰ</span> <span class='ocrx_word' id='word_1_987' title='bbox 3305 5718 3623 5782; x_wconf 66' lang='grc' dir='ltr'>ἁμαρτήματι.</span> 
     </span>
    </p>
   </div>
   <div class='ocr_carea' id='block_1_129' title="bbox 2135 5776 3206 5837">
    <p class='ocr_par' dir='ltr' id='par_1_129' title="bbox 2135 5776 3206 5837">
     <span class='ocr_line' id='line_1_131' title="bbox 2135 5776 3206 5837; baseline -0.002 -8"><span class='ocrx_word' id='word_1_988' title='bbox 2135 5783 2158 5810; x_wconf 79' lang='grc'><strong>⁸</strong></span> <span class='ocrx_word' id='word_1_989' title='bbox 2183 5779 2302 5829; x_wconf 79' lang='lat' dir='ltr'>Colb</span> <span class='ocrx_word' id='word_1_990' title='bbox 2346 5778 2562 5837; x_wconf 81' lang='grc' dir='ltr'>μετέστη·</span> <span class='ocrx_word' id='word_1_991' title='bbox 2590 5776 2690 5824; x_wconf 74' lang='grc' dir='ltr'>εἶτα</span> <span class='ocrx_word' id='word_1_992' title='bbox 2709 5778 2793 5833; x_wconf 76' lang='grc' dir='ltr'>τὴν</span> <span class='ocrx_word' id='word_1_993' title='bbox 2812 5777 2906 5826; x_wconf 84' lang='grc' dir='ltr'>ἀπὸ</span> <span class='ocrx_word' id='word_1_994' title='bbox 2929 5776 3012 5836; x_wconf 84' lang='grc' dir='ltr'>τῆς</span> <span class='ocrx_word' id='word_1_995' title='bbox 3032 5779 3206 5834; x_wconf 72' lang='grc' dir='ltr'>πενίας.</span> 
     </span>
    </p>
   </div>
  </div>
