  <div class='ocr_page' id='page_1' title='image "/cluster/home/n/w/nwhite01/storage/ocr_20150623/49/nnc1.0046978208/270.png"; bbox 0 0 4046 6396; ppageno 0'>
   <div class='ocr_carea' id='block_1_1' title="bbox 324 370 426 424">
    <p class='ocr_par' dir='ltr' id='par_1_1' title="bbox 324 370 426 424">
     <span class='ocr_line' id='line_1_1' title="bbox 324 370 426 424; baseline -0.01 0"><span class='ocrx_word' id='word_1_1' title='bbox 324 370 426 424; x_wconf 68' lang='lat'><strong>281</strong></span> 
     </span>
    </p>
   </div>
   <div class='ocr_carea' id='block_1_2' title="bbox 323 464 1908 542">
    <p class='ocr_par' dir='ltr' id='par_1_2' title="bbox 323 464 1908 542">
     <span class='ocr_line' id='line_1_2' title="bbox 323 464 1908 542; baseline -0.006 -15"><span class='ocrx_word' id='word_1_2' title='bbox 323 477 407 529; x_wconf 66' lang='lat' dir='ltr'><strong>bus</strong></span> <span class='ocrx_word' id='word_1_3' title='bbox 434 471 610 542; x_wconf 57' lang='lat' dir='ltr'><strong>illum.</strong></span> <span class='ocrx_word' id='word_1_4' title='bbox 644 470 726 525; x_wconf 69' lang='grc' dir='ltr'><strong>η.</strong></span> <span class='ocrx_word' id='word_1_5' title='bbox 757 467 867 541; x_wconf 76' lang='grc'><strong>15).</strong></span> <span class='ocrx_word' id='word_1_6' title='bbox 909 468 1035 524; x_wconf 88' lang='lat' dir='ltr'><strong>ideo</strong></span> <span class='ocrx_word' id='word_1_7' title='bbox 1078 478 1132 523; x_wconf 87' lang='lat' dir='ltr'><strong>et</strong></span> <span class='ocrx_word' id='word_1_8' title='bbox 1170 466 1464 523; x_wconf 82' lang='lat' dir='ltr'><strong>Corinthiis</strong></span> <span class='ocrx_word' id='word_1_9' title='bbox 1500 467 1627 520; x_wconf 84' lang='lat' dir='ltr'><strong>dicit</strong></span> <span class='ocrx_word' id='word_1_10' title='bbox 1663 485 1676 520; x_wconf 89' lang='lat'><strong>:</strong></span> <span class='ocrx_word' id='word_1_11' title='bbox 1706 464 1770 518; x_wconf 87' lang='lat' dir='ltr'><strong>Et</strong></span> <span class='ocrx_word' id='word_1_12' title='bbox 1812 481 1908 517; x_wconf 84' lang='lat' dir='ltr'><strong>non</strong></span> 
     </span>
    </p>
   </div>
   <div class='ocr_carea' id='block_1_3' title="bbox 323 559 1912 637">
    <p class='ocr_par' dir='ltr' id='par_1_3' title="bbox 323 559 1912 637">
     <span class='ocr_line' id='line_1_3' title="bbox 323 559 1912 637; baseline -0.004 -20"><span class='ocrx_word' id='word_1_13' title='bbox 323 568 480 637; x_wconf 84' lang='lat' dir='ltr'><strong>nmgis</strong></span> <span class='ocrx_word' id='word_1_14' title='bbox 508 566 716 635; x_wconf 81' lang='lat' dir='ltr'><strong>ﬂevistis</strong></span> <span class='ocrx_word' id='word_1_15' title='bbox 736 605 749 628; x_wconf 95' lang='lat'><strong>,</strong></span> <span class='ocrx_word' id='word_1_16' title='bbox 782 573 835 616; x_wconf 88' lang='lat' dir='ltr'><strong>ut</strong></span> <span class='ocrx_word' id='word_1_17' title='bbox 865 562 1122 617; x_wconf 83' lang='lat' dir='ltr'><strong>tolleretur</strong></span> <span class='ocrx_word' id='word_1_18' title='bbox 1152 562 1215 614; x_wconf 87' lang='lat' dir='ltr'><strong>de</strong></span> <span class='ocrx_word' id='word_1_19' title='bbox 1246 560 1410 613; x_wconf 85' lang='lat' dir='ltr'><strong>medio</strong></span> <span class='ocrx_word' id='word_1_20' title='bbox 1430 569 1645 613; x_wconf 77' lang='lat' dir='ltr'><strong>vestrum</strong></span> <span class='ocrx_word' id='word_1_21' title='bbox 1670 559 1757 629; x_wconf 87' lang='lat' dir='ltr'><strong>qui</strong></span> <span class='ocrx_word' id='word_1_22' title='bbox 1785 573 1912 626; x_wconf 84' lang='lat' dir='ltr'><strong>opus</strong></span> 
     </span>
    </p>
   </div>
   <div class='ocr_carea' id='block_1_4' title="bbox 324 651 1910 728">
    <p class='ocr_par' dir='ltr' id='par_1_4' title="bbox 324 651 1910 728">
     <span class='ocr_line' id='line_1_4' title="bbox 324 651 1910 728; baseline -0.003 -20"><span class='ocrx_word' id='word_1_23' title='bbox 324 660 375 711; x_wconf 85' lang='lat' dir='ltr'><strong>id</strong></span> <span class='ocrx_word' id='word_1_24' title='bbox 402 663 588 728; x_wconf 76' lang='lat' dir='ltr'><strong>fecerat</strong></span> <span class='ocrx_word' id='word_1_25' title='bbox 616 656 690 725; x_wconf 84' lang='lat' dir='ltr'><strong>(l.</strong></span> <span class='ocrx_word' id='word_1_26' title='bbox 721 655 838 710; x_wconf 88' lang='lat' dir='ltr'><strong>Cor.</strong></span> <span class='ocrx_word' id='word_1_27' title='bbox 865 655 919 710; x_wconf 85' lang='lat'><strong>5.</strong></span> <span class='ocrx_word' id='word_1_28' title='bbox 944 652 1039 727; x_wconf 70' lang='lat'><strong>2)?</strong></span> <span class='ocrx_word' id='word_1_29' title='bbox 1068 653 1181 709; x_wconf 88' lang='lat' dir='ltr'><strong>Non</strong></span> <span class='ocrx_word' id='word_1_30' title='bbox 1204 654 1355 719; x_wconf 88' lang='lat' dir='ltr'><strong>dixit,</strong></span> <span class='ocrx_word' id='word_1_31' title='bbox 1382 652 1452 707; x_wconf 89' lang='lat' dir='ltr'><strong>Et</strong></span> <span class='ocrx_word' id='word_1_32' title='bbox 1474 667 1579 706; x_wconf 91' lang='lat' dir='ltr'><strong>non</strong></span> <span class='ocrx_word' id='word_1_33' title='bbox 1604 651 1770 721; x_wconf 88' lang='lat' dir='ltr'><strong>magis</strong></span> <span class='ocrx_word' id='word_1_34' title='bbox 1795 660 1910 704; x_wconf 84' lang='lat' dir='ltr'><strong>stu-</strong></span> 
     </span>
    </p>
   </div>
   <div class='ocr_carea' id='block_1_5' title="bbox 324 744 1912 819">
    <p class='ocr_par' dir='ltr' id='par_1_5' title="bbox 324 744 1912 819">
     <span class='ocr_line' id='line_1_5' title="bbox 324 744 1912 819; baseline -0.004 -16"><span class='ocrx_word' id='word_1_35' title='bbox 324 750 510 804; x_wconf 87' lang='lat' dir='ltr'><strong>duistis</strong></span> <span class='ocrx_word' id='word_1_36' title='bbox 544 748 674 803; x_wconf 92' lang='lat' dir='ltr'><strong>:sed</strong></span> <span class='ocrx_word' id='word_1_37' title='bbox 702 747 867 819; x_wconf 89' lang='lat' dir='ltr'><strong>quid?</strong></span> <span class='ocrx_word' id='word_1_38' title='bbox 916 747 1039 802; x_wconf 88' lang='lat' dir='ltr'><strong>Non</strong></span> <span class='ocrx_word' id='word_1_39' title='bbox 1075 747 1234 817; x_wconf 84' lang='lat' dir='ltr'><strong>magis</strong></span> <span class='ocrx_word' id='word_1_40' title='bbox 1258 746 1497 816; x_wconf 82' lang='lat' dir='ltr'><strong>ﬂevistis,</strong></span> <span class='ocrx_word' id='word_1_41' title='bbox 1543 746 1692 816; x_wconf 91' lang='lat' dir='ltr'><strong>quasi</strong></span> <span class='ocrx_word' id='word_1_42' title='bbox 1724 744 1912 799; x_wconf 91' lang='lat' dir='ltr'><strong>morbo</strong></span> 
     </span>
    </p>
   </div>
   <div class='ocr_carea' id='block_1_6' title="bbox 323 835 1911 910">
    <p class='ocr_par' dir='ltr' id='par_1_6' title="bbox 323 835 1911 910">
     <span class='ocr_line' id='line_1_6' title="bbox 323 835 1911 910; baseline -0.004 -14"><span class='ocrx_word' id='word_1_43' title='bbox 323 842 591 896; x_wconf 86' lang='lat' dir='ltr'><strong>communi</strong></span> <span class='ocrx_word' id='word_1_44' title='bbox 619 850 673 895; x_wconf 90' lang='lat' dir='ltr'><strong>et</strong></span> <span class='ocrx_word' id='word_1_45' title='bbox 697 850 847 910; x_wconf 88' lang='lat' dir='ltr'><strong>peste</strong></span> <span class='ocrx_word' id='word_1_46' title='bbox 878 840 1147 897; x_wconf 86' lang='lat' dir='ltr'><strong>civitatem</strong></span> <span class='ocrx_word' id='word_1_47' title='bbox 1187 837 1677 908; x_wconf 87' lang='lat' dir='ltr'><strong>comprehendente</strong></span> <span class='ocrx_word' id='word_1_48' title='bbox 1709 853 1722 890; x_wconf 92' lang='lat'><strong>:</strong></span> <span class='ocrx_word' id='word_1_49' title='bbox 1758 835 1911 906; x_wconf 86' lang='lat' dir='ltr'><strong>quasi</strong></span> 
     </span>
    </p>
   </div>
   <div class='ocr_carea' id='block_1_7' title="bbox 325 930 1908 1003">
    <p class='ocr_par' dir='ltr' id='par_1_7' title="bbox 325 930 1908 1003">
     <span class='ocr_line' id='line_1_7' title="bbox 325 930 1908 1003; baseline -0.004 -15"><span class='ocrx_word' id='word_1_50' title='bbox 325 937 548 998; x_wconf 77' lang='lat' dir='ltr'><strong>diceret,</strong></span> <span class='ocrx_word' id='word_1_51' title='bbox 580 933 832 989; x_wconf 76' lang='lat' dir='ltr'><strong>Oratione</strong></span> <span class='ocrx_word' id='word_1_52' title='bbox 860 947 995 1003; x_wconf 92' lang='lat' dir='ltr'><strong>opus</strong></span> <span class='ocrx_word' id='word_1_53' title='bbox 1021 941 1103 988; x_wconf 90' lang='lat' dir='ltr'><strong>est</strong></span> <span class='ocrx_word' id='word_1_54' title='bbox 1130 941 1183 987; x_wconf 90' lang='lat' dir='ltr'><strong>et</strong></span> <span class='ocrx_word' id='word_1_55' title='bbox 1198 930 1536 987; x_wconf 85' lang='lat' dir='ltr'><strong>confessione</strong></span> <span class='ocrx_word' id='word_1_56' title='bbox 1562 939 1615 985; x_wconf 91' lang='lat' dir='ltr'><strong>et</strong></span> <span class='ocrx_word' id='word_1_57' title='bbox 1642 930 1908 1000; x_wconf 81' lang='lat' dir='ltr'><strong>precibus,</strong></span> 
     </span>
    </p>
   </div>
   <div class='ocr_carea' id='block_1_8' title="bbox 326 1023 1912 1094">
    <p class='ocr_par' dir='ltr' id='par_1_8' title="bbox 326 1023 1912 1094">
     <span class='ocr_line' id='line_1_8' title="bbox 326 1023 1912 1094; baseline -0.002 -15"><span class='ocrx_word' id='word_1_58' title='bbox 326 1044 430 1094; x_wconf 88' lang='lat' dir='ltr'><strong>quo</strong></span> <span class='ocrx_word' id='word_1_59' title='bbox 460 1027 677 1083; x_wconf 90' lang='lat' dir='ltr'><strong>morbus</strong></span> <span class='ocrx_word' id='word_1_60' title='bbox 705 1042 735 1081; x_wconf 89' lang='lat' dir='ltr'><strong>e</strong></span> <span class='ocrx_word' id='word_1_61' title='bbox 765 1034 873 1081; x_wconf 84' lang='lat' dir='ltr'><strong>tota</strong></span> <span class='ocrx_word' id='word_1_62' title='bbox 899 1026 1129 1087; x_wconf 73' lang='lat' dir='ltr'><strong>civitate,</strong></span> <span class='ocrx_word' id='word_1_63' title='bbox 1154 1025 1399 1094; x_wconf 87' lang='lat' dir='ltr'><strong>pellatur.</strong></span> <span class='ocrx_word' id='word_1_64' title='bbox 1448 1023 1607 1078; x_wconf 78' lang='lat' dir='ltr'><strong>Vides</strong></span> <span class='ocrx_word' id='word_1_65' title='bbox 1655 1032 1912 1093; x_wconf 88' lang='lat' dir='ltr'><strong>quantum</strong></span> 
     </span>
    </p>
   </div>
   <div class='ocr_carea' id='block_1_9' title="bbox 328 1114 1911 1187">
    <p class='ocr_par' dir='ltr' id='par_1_9' title="bbox 328 1114 1911 1187">
     <span class='ocr_line' id='line_1_9' title="bbox 328 1114 1911 1187; baseline -0.003 -16"><span class='ocrx_word' id='word_1_66' title='bbox 328 1118 411 1171; x_wconf 91' lang='lat' dir='ltr'><strong>his</strong></span> <span class='ocrx_word' id='word_1_67' title='bbox 439 1119 643 1172; x_wconf 87' lang='lat' dir='ltr'><strong>timoris</strong></span> <span class='ocrx_word' id='word_1_68' title='bbox 672 1118 927 1172; x_wconf 85' lang='lat' dir='ltr'><strong>incussit?</strong></span> <span class='ocrx_word' id='word_1_69' title='bbox 954 1116 1084 1171; x_wconf 89' lang='lat' dir='ltr'><strong>Nam</strong></span> <span class='ocrx_word' id='word_1_70' title='bbox 1115 1116 1364 1187; x_wconf 88' lang='lat' dir='ltr'><strong>quoniam</strong></span> <span class='ocrx_word' id='word_1_71' title='bbox 1390 1116 1647 1184; x_wconf 83' lang='lat' dir='ltr'><strong>putabant</strong></span> <span class='ocrx_word' id='word_1_72' title='bbox 1670 1114 1736 1167; x_wconf 91' lang='lat' dir='ltr'><strong>ad</strong></span> <span class='ocrx_word' id='word_1_73' title='bbox 1763 1114 1911 1168; x_wconf 90' lang='lat' dir='ltr'><strong>illum</strong></span> 
     </span>
    </p>
   </div>
   <div class='ocr_carea' id='block_1_10' title="bbox 326 1204 1911 1277">
    <p class='ocr_par' dir='ltr' id='par_1_10' title="bbox 326 1204 1911 1277">
     <span class='ocr_line' id='line_1_10' title="bbox 326 1204 1911 1277; baseline -0.003 -16"><span class='ocrx_word' id='word_1_74' title='bbox 326 1209 601 1263; x_wconf 79' lang='lat' dir='ltr'><strong>dumtaxat</strong></span> <span class='ocrx_word' id='word_1_75' title='bbox 634 1208 938 1277; x_wconf 86' lang='lat' dir='ltr'><strong>pervenisse</strong></span> <span class='ocrx_word' id='word_1_76' title='bbox 963 1208 1158 1261; x_wconf 90' lang='lat' dir='ltr'><strong>malum</strong></span> <span class='ocrx_word' id='word_1_77' title='bbox 1190 1221 1253 1260; x_wconf 89' lang='lat' dir='ltr'><strong>ac</strong></span> <span class='ocrx_word' id='word_1_78' title='bbox 1278 1205 1580 1260; x_wconf 90' lang='lat' dir='ltr'><strong>constitisse</strong></span> <span class='ocrx_word' id='word_1_79' title='bbox 1603 1246 1616 1268; x_wconf 94' lang='lat'><strong>,</strong></span> <span class='ocrx_word' id='word_1_80' title='bbox 1648 1218 1742 1260; x_wconf 91' lang='lat' dir='ltr'><strong>eos</strong></span> <span class='ocrx_word' id='word_1_81' title='bbox 1763 1204 1911 1257; x_wconf 83' lang='lat' dir='ltr'><strong>solli-</strong></span> 
     </span>
    </p>
   </div>
   <div class='ocr_carea' id='block_1_11' title="bbox 328 1297 1912 1367">
    <p class='ocr_par' dir='ltr' id='par_1_11' title="bbox 328 1297 1912 1367">
     <span class='ocr_line' id='line_1_11' title="bbox 328 1297 1912 1367; baseline -0.004 -13"><span class='ocrx_word' id='word_1_82' title='bbox 328 1300 463 1354; x_wconf 90' lang='lat' dir='ltr'><strong>citos</strong></span> <span class='ocrx_word' id='word_1_83' title='bbox 483 1299 677 1363; x_wconf 88' lang='lat' dir='ltr'><strong>reddit,</strong></span> <span class='ocrx_word' id='word_1_84' title='bbox 700 1298 885 1354; x_wconf 88' lang='lat' dir='ltr'><strong>dicens</strong></span> <span class='ocrx_word' id='word_1_85' title='bbox 913 1315 927 1351; x_wconf 94' lang='lat'><strong>:</strong></span> <span class='ocrx_word' id='word_1_86' title='bbox 960 1297 1178 1351; x_wconf 80' lang='lat' dir='ltr'><strong>Nescitis</strong></span> <span class='ocrx_word' id='word_1_87' title='bbox 1194 1298 1328 1367; x_wconf 87' lang='lat' dir='ltr'><strong>quod</strong></span> <span class='ocrx_word' id='word_1_88' title='bbox 1346 1298 1596 1349; x_wconf 87' lang='lat' dir='ltr'><strong>modicum</strong></span> <span class='ocrx_word' id='word_1_89' title='bbox 1613 1298 1912 1367; x_wconf 80' lang='lat' dir='ltr'><strong>fermentum</strong></span> 
     </span>
    </p>
   </div>
   <div class='ocr_carea' id='block_1_12' title="bbox 330 1388 1911 1461">
    <p class='ocr_par' dir='ltr' id='par_1_12' title="bbox 330 1388 1911 1461">
     <span class='ocr_line' id='line_1_12' title="bbox 330 1388 1911 1461; baseline -0.003 -16"><span class='ocrx_word' id='word_1_90' title='bbox 330 1402 483 1445; x_wconf 86' lang='lat' dir='ltr'><strong>totam</strong></span> <span class='ocrx_word' id='word_1_91' title='bbox 520 1408 736 1446; x_wconf 90' lang='lat' dir='ltr'><strong>massam</strong></span> <span class='ocrx_word' id='word_1_92' title='bbox 778 1391 1055 1460; x_wconf 88' lang='lat' dir='ltr'><strong>corrumpit</strong></span> <span class='ocrx_word' id='word_1_93' title='bbox 1091 1391 1143 1458; x_wconf 81' lang='lat' dir='ltr'><strong>(l</strong></span> <span class='ocrx_word' id='word_1_94' title='bbox 1181 1390 1297 1443; x_wconf 82' lang='lat' dir='ltr'><strong>Cor.</strong></span> <span class='ocrx_word' id='word_1_95' title='bbox 1326 1390 1378 1443; x_wconf 83' lang='grc'><strong>5.</strong></span> <span class='ocrx_word' id='word_1_96' title='bbox 1413 1388 1507 1461; x_wconf 88' lang='lat'><strong>6)?</strong></span> <span class='ocrx_word' id='word_1_97' title='bbox 1553 1388 1705 1456; x_wconf 85' lang='lat' dir='ltr'><strong>Quod</strong></span> <span class='ocrx_word' id='word_1_98' title='bbox 1734 1396 1911 1441; x_wconf 89' lang='lat' dir='ltr'><strong>autem</strong></span> 
     </span>
    </p>
   </div>
   <div class='ocr_carea' id='block_1_13' title="bbox 328 1478 1912 1550">
    <p class='ocr_par' dir='ltr' id='par_1_13' title="bbox 328 1478 1912 1550">
     <span class='ocr_line' id='line_1_13' title="bbox 328 1478 1912 1550; baseline -0.005 -11"><span class='ocrx_word' id='word_1_99' title='bbox 328 1485 490 1549; x_wconf 92' lang='lat' dir='ltr'><strong>dicit,</strong></span> <span class='ocrx_word' id='word_1_100' title='bbox 523 1484 631 1539; x_wconf 90' lang='lat' dir='ltr'><strong>tale</strong></span> <span class='ocrx_word' id='word_1_101' title='bbox 662 1490 743 1538; x_wconf 91' lang='lat' dir='ltr'><strong>est</strong></span> <span class='ocrx_word' id='word_1_102' title='bbox 771 1501 783 1537; x_wconf 91' lang='lat'>:</span> <span class='ocrx_word' id='word_1_103' title='bbox 815 1482 1011 1536; x_wconf 91' lang='lat' dir='ltr'><strong>malum</strong></span> <span class='ocrx_word' id='word_1_104' title='bbox 1045 1481 1180 1535; x_wconf 90' lang='lat' dir='ltr'><strong>ultra</strong></span> <span class='ocrx_word' id='word_1_105' title='bbox 1215 1479 1513 1550; x_wconf 87' lang='lat' dir='ltr'><strong>procedens</strong></span> <span class='ocrx_word' id='word_1_106' title='bbox 1536 1520 1552 1546; x_wconf 94' lang='lat'><strong>,</strong></span> <span class='ocrx_word' id='word_1_107' title='bbox 1597 1478 1800 1549; x_wconf 90' lang='lat' dir='ltr'><strong>reliqua</strong></span> <span class='ocrx_word' id='word_1_108' title='bbox 1828 1488 1912 1530; x_wconf 88' lang='lat' dir='ltr'><strong>at-</strong></span> 
     </span>
    </p>
   </div>
   <div class='ocr_carea' id='block_1_14' title="bbox 329 1570 1915 1648">
    <p class='ocr_par' dir='ltr' id='par_1_14' title="bbox 329 1570 1915 1648">
     <span class='ocr_line' id='line_1_14' title="bbox 329 1570 1915 1648; baseline -0.006 -17"><span class='ocrx_word' id='word_1_109' title='bbox 329 1578 495 1648; x_wconf 80' lang='lat' dir='ltr'><strong>tinget</strong></span> <span class='ocrx_word' id='word_1_110' title='bbox 524 1575 763 1630; x_wconf 90' lang='lat' dir='ltr'><strong>membra</strong></span> <span class='ocrx_word' id='word_1_111' title='bbox 799 1592 811 1629; x_wconf 88' lang='lat'><strong>:</strong></span> <span class='ocrx_word' id='word_1_112' title='bbox 852 1574 1012 1628; x_wconf 90' lang='lat' dir='ltr'><strong>veluti</strong></span> <span class='ocrx_word' id='word_1_113' title='bbox 1044 1573 1111 1627; x_wconf 90' lang='lat' dir='ltr'><strong>de</strong></span> <span class='ocrx_word' id='word_1_114' title='bbox 1143 1571 1413 1627; x_wconf 91' lang='lat' dir='ltr'><strong>communi</strong></span> <span class='ocrx_word' id='word_1_115' title='bbox 1445 1570 1588 1625; x_wconf 89' lang='lat' dir='ltr'><strong>malo</strong></span> <span class='ocrx_word' id='word_1_116' title='bbox 1630 1570 1915 1624; x_wconf 91' lang='lat' dir='ltr'><strong>consulen-</strong></span> 
     </span>
    </p>
   </div>
   <div class='ocr_carea' id='block_1_15' title="bbox 329 1661 1911 1733">
    <p class='ocr_par' dir='ltr' id='par_1_15' title="bbox 329 1661 1911 1733">
     <span class='ocr_line' id='line_1_15' title="bbox 329 1661 1911 1733; baseline -0.005 -10"><span class='ocrx_word' id='word_1_117' title='bbox 329 1678 438 1732; x_wconf 91' lang='lat' dir='ltr'><strong>tes,</strong></span> <span class='ocrx_word' id='word_1_118' title='bbox 484 1668 741 1722; x_wconf 91' lang='lat' dir='ltr'><strong>sollicitos</strong></span> <span class='ocrx_word' id='word_1_119' title='bbox 763 1680 857 1721; x_wconf 89' lang='lat' dir='ltr'><strong>vos</strong></span> <span class='ocrx_word' id='word_1_120' title='bbox 881 1680 1001 1720; x_wconf 91' lang='lat' dir='ltr'><strong>esse</strong></span> <span class='ocrx_word' id='word_1_121' title='bbox 1029 1664 1201 1719; x_wconf 90' lang='lat' dir='ltr'><strong>decet.</strong></span> <span class='ocrx_word' id='word_1_122' title='bbox 1246 1663 1429 1733; x_wconf 87' lang='lat' dir='ltr'><strong>Neque</strong></span> <span class='ocrx_word' id='word_1_123' title='bbox 1450 1662 1501 1716; x_wconf 92' lang='lat' dir='ltr'><strong>id</strong></span> <span class='ocrx_word' id='word_1_124' title='bbox 1532 1661 1662 1716; x_wconf 91' lang='lat' dir='ltr'><strong>mihi</strong></span> <span class='ocrx_word' id='word_1_125' title='bbox 1690 1661 1911 1728; x_wconf 80' lang='lat' dir='ltr'><strong>dixeris,</strong></span> 
     </span>
    </p>
   </div>
   <div class='ocr_carea' id='block_1_16' title="bbox 328 1752 1914 1830">
    <p class='ocr_par' dir='ltr' id='par_1_16' title="bbox 328 1752 1914 1830">
     <span class='ocr_line' id='line_1_16' title="bbox 328 1752 1914 1830; baseline -0.006 -15"><span class='ocrx_word' id='word_1_126' title='bbox 328 1759 468 1830; x_wconf 90' lang='lat' dir='ltr'><strong>quod</strong></span> <span class='ocrx_word' id='word_1_127' title='bbox 495 1759 582 1819; x_wconf 86' lang='lat' dir='ltr'><strong>ille</strong></span> <span class='ocrx_word' id='word_1_128' title='bbox 607 1759 753 1814; x_wconf 90' lang='lat' dir='ltr'><strong>solus</strong></span> <span class='ocrx_word' id='word_1_129' title='bbox 798 1757 1071 1827; x_wconf 80' lang='lat' dir='ltr'><strong>peccavit,</strong></span> <span class='ocrx_word' id='word_1_130' title='bbox 1119 1755 1214 1811; x_wconf 88' lang='lat' dir='ltr'><strong>sed</strong></span> <span class='ocrx_word' id='word_1_131' title='bbox 1250 1754 1380 1810; x_wconf 90' lang='lat' dir='ltr'><strong>illud</strong></span> <span class='ocrx_word' id='word_1_132' title='bbox 1409 1752 1724 1819; x_wconf 90' lang='lat' dir='ltr'><strong>considera,</strong></span> <span class='ocrx_word' id='word_1_133' title='bbox 1771 1752 1914 1825; x_wconf 91' lang='lat' dir='ltr'><strong>quod</strong></span> 
     </span>
    </p>
   </div>
   <div class='ocr_carea' id='block_1_17' title="bbox 328 1844 1916 1927">
    <p class='ocr_par' dir='ltr' id='par_1_17' title="bbox 328 1844 1916 1927">
     <span class='ocr_line' id='line_1_17' title="bbox 328 1844 1916 1927; baseline -0.006 -20"><span class='ocrx_word' id='word_1_134' title='bbox 328 1852 507 1907; x_wconf 88' lang='lat' dir='ltr'><strong>sanies</strong></span> <span class='ocrx_word' id='word_1_135' title='bbox 562 1850 807 1927; x_wconf 67' lang='lat' dir='ltr'><strong>qugedam</strong></span> <span class='ocrx_word' id='word_1_136' title='bbox 858 1858 941 1905; x_wconf 89' lang='lat' dir='ltr'><strong>est</strong></span> <span class='ocrx_word' id='word_1_137' title='bbox 991 1856 1305 1918; x_wconf 89' lang='lat' dir='ltr'><strong>peceatum,</strong></span> <span class='ocrx_word' id='word_1_138' title='bbox 1360 1846 1624 1917; x_wconf 89' lang='lat' dir='ltr'><strong>reliquum</strong></span> <span class='ocrx_word' id='word_1_139' title='bbox 1673 1844 1916 1914; x_wconf 89' lang='lat' dir='ltr'><strong>corporis</strong></span> 
     </span>
    </p>
   </div>
   <div class='ocr_carea' id='block_1_18' title="bbox 327 1936 1915 2013">
    <p class='ocr_par' dir='ltr' id='par_1_18' title="bbox 327 1936 1915 2013">
     <span class='ocr_line' id='line_1_18' title="bbox 327 1936 1915 2013; baseline -0.004 -15"><span class='ocrx_word' id='word_1_140' title='bbox 327 1944 638 2013; x_wconf 88' lang='lat' dir='ltr'><strong>depascens.</strong></span> <span class='ocrx_word' id='word_1_141' title='bbox 662 1945 738 1999; x_wconf 89' lang='lat' dir='ltr'><strong>Ac</strong></span> <span class='ocrx_word' id='word_1_142' title='bbox 758 1943 920 1999; x_wconf 91' lang='lat' dir='ltr'><strong>veluti</strong></span> <span class='ocrx_word' id='word_1_143' title='bbox 946 1942 1107 1998; x_wconf 92' lang='lat' dir='ltr'><strong>domo</strong></span> <span class='ocrx_word' id='word_1_144' title='bbox 1127 1941 1372 2005; x_wconf 91' lang='lat' dir='ltr'><strong>ardente,</strong></span> <span class='ocrx_word' id='word_1_145' title='bbox 1395 1940 1485 2011; x_wconf 92' lang='lat' dir='ltr'><strong>qui</strong></span> <span class='ocrx_word' id='word_1_146' title='bbox 1507 1937 1741 1993; x_wconf 93' lang='lat' dir='ltr'><strong>nondum</strong></span> <span class='ocrx_word' id='word_1_147' title='bbox 1772 1936 1915 1991; x_wconf 87' lang='lat' dir='ltr'><strong>malo</strong></span> 
     </span>
    </p>
   </div>
   <div class='ocr_carea' id='block_1_19' title="bbox 330 2029 1916 2106">
    <p class='ocr_par' dir='ltr' id='par_1_19' title="bbox 330 2029 1916 2106">
     <span class='ocr_line' id='line_1_19' title="bbox 330 2029 1916 2106; baseline -0.004 -16"><span class='ocrx_word' id='word_1_148' title='bbox 330 2036 612 2103; x_wconf 71' lang='lat' dir='ltr'><strong>laeduntur,</strong></span> <span class='ocrx_word' id='word_1_149' title='bbox 647 2036 732 2101; x_wconf 91' lang='lat' dir='ltr'><strong>iis,</strong></span> <span class='ocrx_word' id='word_1_150' title='bbox 764 2036 854 2106; x_wconf 90' lang='lat' dir='ltr'><strong>qui</strong></span> <span class='ocrx_word' id='word_1_151' title='bbox 882 2038 935 2090; x_wconf 91' lang='lat' dir='ltr'><strong>in</strong></span> <span class='ocrx_word' id='word_1_152' title='bbox 962 2036 1108 2091; x_wconf 89' lang='lat' dir='ltr'><strong>malo</strong></span> <span class='ocrx_word' id='word_1_153' title='bbox 1138 2044 1281 2102; x_wconf 89' lang='lat' dir='ltr'><strong>sunt,</strong></span> <span class='ocrx_word' id='word_1_154' title='bbox 1308 2032 1556 2088; x_wconf 84' lang='lat' dir='ltr'><strong>molestia</strong></span> <span class='ocrx_word' id='word_1_155' title='bbox 1583 2047 1688 2087; x_wconf 91' lang='lat' dir='ltr'><strong>non</strong></span> <span class='ocrx_word' id='word_1_156' title='bbox 1720 2029 1916 2086; x_wconf 87' lang='lat' dir='ltr'><strong>minori</strong></span> 
     </span>
    </p>
   </div>
   <div class='ocr_carea' id='block_1_20' title="bbox 329 2128 1916 2197">
    <p class='ocr_par' dir='ltr' id='par_1_20' title="bbox 329 2128 1916 2197">
     <span class='ocr_line' id='line_1_20' title="bbox 329 2128 1916 2197; baseline -0.002 -16"><span class='ocrx_word' id='word_1_157' title='bbox 329 2138 663 2197; x_wconf 88' lang='lat' dir='ltr'><strong>premuntur,</strong></span> <span class='ocrx_word' id='word_1_158' title='bbox 692 2138 850 2197; x_wconf 91' lang='lat' dir='ltr'><strong>atque</strong></span> <span class='ocrx_word' id='word_1_159' title='bbox 876 2130 1126 2184; x_wconf 90' lang='lat' dir='ltr'><strong>universa</strong></span> <span class='ocrx_word' id='word_1_160' title='bbox 1148 2128 1467 2194; x_wconf 89' lang='lat' dir='ltr'><strong>conferunt,</strong></span> <span class='ocrx_word' id='word_1_161' title='bbox 1495 2141 1601 2197; x_wconf 92' lang='lat' dir='ltr'><strong>quo</strong></span> <span class='ocrx_word' id='word_1_162' title='bbox 1627 2141 1696 2181; x_wconf 94' lang='lat' dir='ltr'><strong>ne</strong></span> <span class='ocrx_word' id='word_1_163' title='bbox 1720 2138 1916 2195; x_wconf 90' lang='lat' dir='ltr'><strong>urgens</strong></span> 
     </span>
    </p>
   </div>
   <div class='ocr_carea' id='block_1_21' title="bbox 328 2216 1915 2292">
    <p class='ocr_par' dir='ltr' id='par_1_21' title="bbox 328 2216 1915 2292">
     <span class='ocr_line' id='line_1_21' title="bbox 328 2216 1915 2292; baseline -0.003 -17"><span class='ocrx_word' id='word_1_164' title='bbox 328 2222 464 2289; x_wconf 82' lang='lat' dir='ltr'><strong>ignis</strong></span> <span class='ocrx_word' id='word_1_165' title='bbox 488 2222 555 2277; x_wconf 91' lang='lat' dir='ltr'><strong>ad</strong></span> <span class='ocrx_word' id='word_1_166' title='bbox 594 2216 838 2292; x_wconf 85' lang='lat' dir='ltr'><strong>proprias</strong></span> <span class='ocrx_word' id='word_1_167' title='bbox 882 2222 1093 2277; x_wconf 89' lang='lat' dir='ltr'><strong>invadat</strong></span> <span class='ocrx_word' id='word_1_168' title='bbox 1119 2223 1307 2277; x_wconf 89' lang='lat' dir='ltr'><strong>domos</strong></span> <span class='ocrx_word' id='word_1_169' title='bbox 1333 2240 1345 2277; x_wconf 90' lang='lat'>:</span> <span class='ocrx_word' id='word_1_170' title='bbox 1374 2222 1451 2277; x_wconf 90' lang='lat' dir='ltr'><strong>sic</strong></span> <span class='ocrx_word' id='word_1_171' title='bbox 1480 2228 1533 2276; x_wconf 89' lang='lat' dir='ltr'><strong>et</strong></span> <span class='ocrx_word' id='word_1_172' title='bbox 1556 2221 1691 2275; x_wconf 92' lang='lat' dir='ltr'><strong>istos</strong></span> <span class='ocrx_word' id='word_1_173' title='bbox 1716 2219 1915 2274; x_wconf 88' lang='lat' dir='ltr'><strong>Paulus</strong></span> 
     </span>
    </p>
   </div>
   <div class='ocr_carea' id='block_1_22' title="bbox 327 2313 1915 2386">
    <p class='ocr_par' dir='ltr' id='par_1_22' title="bbox 327 2313 1915 2386">
     <span class='ocr_line' id='line_1_22' title="bbox 327 2313 1915 2386; baseline -0.001 -19"><span class='ocrx_word' id='word_1_174' title='bbox 327 2314 560 2382; x_wconf 79' lang='lat' dir='ltr'><strong>excitat,</strong></span> <span class='ocrx_word' id='word_1_175' title='bbox 610 2314 796 2370; x_wconf 91' lang='lat' dir='ltr'><strong>dicens</strong></span> <span class='ocrx_word' id='word_1_176' title='bbox 828 2331 843 2370; x_wconf 88' lang='lat'><strong>:</strong></span> <span class='ocrx_word' id='word_1_177' title='bbox 874 2315 1012 2386; x_wconf 84' lang='lat' dir='ltr'><strong>Pyra</strong></span> <span class='ocrx_word' id='word_1_178' title='bbox 1059 2315 1299 2385; x_wconf 66' lang='lat' dir='ltr'><strong>quaadam</strong></span> <span class='ocrx_word' id='word_1_179' title='bbox 1351 2323 1473 2382; x_wconf 91' lang='lat' dir='ltr'><strong>est,</strong></span> <span class='ocrx_word' id='word_1_180' title='bbox 1525 2313 1915 2383; x_wconf 70' lang='lat' dir='ltr'><strong>prazveniamus</strong></span> 
     </span>
    </p>
   </div>
   <div class='ocr_carea' id='block_1_23' title="bbox 328 2406 1904 2479">
    <p class='ocr_par' dir='ltr' id='par_1_23' title="bbox 328 2406 1904 2479">
     <span class='ocr_line' id='line_1_23' title="bbox 328 2406 1904 2479; baseline 0.001 -19"><span class='ocrx_word' id='word_1_181' title='bbox 328 2406 524 2461; x_wconf 90' lang='lat' dir='ltr'><strong>malum</strong></span> <span class='ocrx_word' id='word_1_182' title='bbox 560 2426 574 2463; x_wconf 91' lang='lat'><strong>:</strong></span> <span class='ocrx_word' id='word_1_183' title='bbox 602 2409 1003 2479; x_wconf 83' lang='lat' dir='ltr'><strong>exstinguamus</strong></span> <span class='ocrx_word' id='word_1_184' title='bbox 1028 2408 1353 2473; x_wconf 87' lang='lat' dir='ltr'><strong>incendium,</strong></span> <span class='ocrx_word' id='word_1_185' title='bbox 1387 2409 1694 2478; x_wconf 85' lang='lat' dir='ltr'><strong>priusquam</strong></span> <span class='ocrx_word' id='word_1_186' title='bbox 1724 2406 1904 2462; x_wconf 88' lang='lat' dir='ltr'><strong>Eccle-</strong></span> 
     </span>
    </p>
   </div>
   <div class='ocr_carea' id='block_1_24' title="bbox 328 2496 1916 2570">
    <p class='ocr_par' dir='ltr' id='par_1_24' title="bbox 328 2496 1916 2570">
     <span class='ocr_line' id='line_1_24' title="bbox 328 2496 1916 2570; baseline 0 -19"><span class='ocrx_word' id='word_1_187' title='bbox 328 2499 461 2552; x_wconf 89' lang='lat' dir='ltr'><strong>siam</strong></span> <span class='ocrx_word' id='word_1_188' title='bbox 502 2500 749 2567; x_wconf 89' lang='lat' dir='ltr'><strong>invadat;</strong></span> <span class='ocrx_word' id='word_1_189' title='bbox 797 2500 841 2554; x_wconf 91' lang='lat' dir='ltr'><strong>si</strong></span> <span class='ocrx_word' id='word_1_190' title='bbox 885 2514 1013 2555; x_wconf 90' lang='lat' dir='ltr'><strong>vero</strong></span> <span class='ocrx_word' id='word_1_191' title='bbox 1054 2500 1353 2570; x_wconf 78' lang='lat' dir='ltr'><strong>neglexeris</strong></span> <span class='ocrx_word' id='word_1_192' title='bbox 1393 2507 1703 2569; x_wconf 89' lang='lat' dir='ltr'><strong>peceatum,</strong></span> <span class='ocrx_word' id='word_1_193' title='bbox 1753 2496 1916 2552; x_wconf 88' lang='lat' dir='ltr'><strong>veluti</strong></span> 
     </span>
    </p>
   </div>
   <div class='ocr_carea' id='block_1_25' title="bbox 328 2589 1914 2661">
    <p class='ocr_par' dir='ltr' id='par_1_25' title="bbox 328 2589 1914 2661">
     <span class='ocr_line' id='line_1_25' title="bbox 328 2589 1914 2661; baseline -0.001 -16"><span class='ocrx_word' id='word_1_194' title='bbox 328 2592 383 2645; x_wconf 94' lang='lat' dir='ltr'><strong>in</strong></span> <span class='ocrx_word' id='word_1_195' title='bbox 432 2591 608 2647; x_wconf 89' lang='lat' dir='ltr'><strong>alieno</strong></span> <span class='ocrx_word' id='word_1_196' title='bbox 662 2593 928 2646; x_wconf 84' lang='lat' dir='ltr'><strong>exsistens</strong></span> <span class='ocrx_word' id='word_1_197' title='bbox 976 2606 1238 2661; x_wconf 88' lang='lat' dir='ltr'><strong>corpore,</strong></span> <span class='ocrx_word' id='word_1_198' title='bbox 1290 2592 1521 2645; x_wconf 84' lang='lat' dir='ltr'><strong>maxime</strong></span> <span class='ocrx_word' id='word_1_199' title='bbox 1565 2589 1779 2661; x_wconf 89' lang='lat' dir='ltr'><strong>quidem</strong></span> <span class='ocrx_word' id='word_1_200' title='bbox 1831 2589 1914 2643; x_wconf 86' lang='lat' dir='ltr'><strong>vel</strong></span> 
     </span>
    </p>
   </div>
   <div class='ocr_carea' id='block_1_26' title="bbox 327 2680 1913 2738">
    <p class='ocr_par' dir='ltr' id='par_1_26' title="bbox 327 2680 1913 2738">
     <span class='ocr_line' id='line_1_26' title="bbox 327 2680 1913 2738; baseline -0.001 -3"><span class='ocrx_word' id='word_1_201' title='bbox 327 2682 405 2736; x_wconf 91' lang='lat' dir='ltr'><strong>sic</strong></span> <span class='ocrx_word' id='word_1_202' title='bbox 438 2682 597 2736; x_wconf 91' lang='lat' dir='ltr'><strong>male.</strong></span> <span class='ocrx_word' id='word_1_203' title='bbox 648 2680 743 2738; x_wconf 90' lang='lat' dir='ltr'><strong>ille</strong></span> <span class='ocrx_word' id='word_1_204' title='bbox 769 2683 911 2738; x_wconf 91' lang='lat' dir='ltr'><strong>enim</strong></span> <span class='ocrx_word' id='word_1_205' title='bbox 954 2681 1116 2737; x_wconf 91' lang='lat' dir='ltr'><strong>homo</strong></span> <span class='ocrx_word' id='word_1_206' title='bbox 1145 2681 1444 2737; x_wconf 87' lang='lat' dir='ltr'><strong>membrum</strong></span> <span class='ocrx_word' id='word_1_207' title='bbox 1484 2682 1650 2737; x_wconf 86' lang='lat' dir='ltr'><strong>totius</strong></span> <span class='ocrx_word' id='word_1_208' title='bbox 1679 2689 1761 2736; x_wconf 91' lang='lat' dir='ltr'><strong>est</strong></span> <span class='ocrx_word' id='word_1_209' title='bbox 1790 2694 1913 2734; x_wconf 87' lang='lat' dir='ltr'><strong>cor-</strong></span> 
     </span>
    </p>
   </div>
   <div class='ocr_carea' id='block_1_27' title="bbox 327 2772 494 2840">
    <p class='ocr_par' dir='ltr' id='par_1_27' title="bbox 327 2772 494 2840">
     <span class='ocr_line' id='line_1_27' title="bbox 327 2772 494 2840; baseline 0.024 -17"><span class='ocrx_word' id='word_1_210' title='bbox 327 2772 494 2840; x_wconf 89' lang='lat' dir='ltr'><strong>poris.</strong></span> 
     </span>
    </p>
   </div>
   <div class='ocr_carea' id='block_1_28' title="bbox 398 2863 1916 2935">
    <p class='ocr_par' dir='ltr' id='par_1_28' title="bbox 398 2863 1916 2935">
     <span class='ocr_line' id='line_1_28' title="bbox 398 2863 1916 2935; baseline 0 -17"><span class='ocrx_word' id='word_1_211' title='bbox 398 2865 453 2918; x_wconf 71' lang='grc' dir='ltr'><strong>ὃ.</strong></span> <span class='ocrx_word' id='word_1_212' title='bbox 488 2864 683 2919; x_wconf 83' lang='lat' dir='ltr'><strong>Verum</strong></span> <span class='ocrx_word' id='word_1_213' title='bbox 706 2874 757 2919; x_wconf 90' lang='lat' dir='ltr'><strong>et</strong></span> <span class='ocrx_word' id='word_1_214' title='bbox 785 2865 837 2919; x_wconf 90' lang='lat' dir='ltr'><strong>id</strong></span> <span class='ocrx_word' id='word_1_215' title='bbox 867 2865 1168 2933; x_wconf 89' lang='lat' dir='ltr'><strong>considera,</strong></span> <span class='ocrx_word' id='word_1_216' title='bbox 1199 2864 1342 2935; x_wconf 91' lang='lat' dir='ltr'><strong>quod</strong></span> <span class='ocrx_word' id='word_1_217' title='bbox 1374 2865 1416 2918; x_wconf 93' lang='lat' dir='ltr'><strong>si</strong></span> <span class='ocrx_word' id='word_1_218' title='bbox 1443 2865 1725 2935; x_wconf 88' lang='lat' dir='ltr'><strong>pigritatus</strong></span> <span class='ocrx_word' id='word_1_219' title='bbox 1750 2863 1916 2919; x_wconf 88' lang='lat' dir='ltr'><strong>fueris</strong></span> 
     </span>
    </p>
   </div>
   <div class='ocr_carea' id='block_1_29' title="bbox 326 2956 1911 3028">
    <p class='ocr_par' dir='ltr' id='par_1_29' title="bbox 326 2956 1911 3028">
     <span class='ocr_line' id='line_1_29' title="bbox 326 2956 1911 3028; baseline -0.001 -19"><span class='ocrx_word' id='word_1_220' title='bbox 326 2970 391 3011; x_wconf 84' lang='lat' dir='ltr'><strong>ac</strong></span> <span class='ocrx_word' id='word_1_221' title='bbox 418 2959 686 3025; x_wconf 88' lang='lat' dir='ltr'><strong>spreveris</strong></span> <span class='ocrx_word' id='word_1_222' title='bbox 710 2999 725 3023; x_wconf 98' lang='lat'><strong>,</strong></span> <span class='ocrx_word' id='word_1_223' title='bbox 769 2967 819 3012; x_wconf 92' lang='lat' dir='ltr'><strong>te</strong></span> <span class='ocrx_word' id='word_1_224' title='bbox 847 2974 1060 3027; x_wconf 87' lang='lat' dir='ltr'><strong>quoque</strong></span> <span class='ocrx_word' id='word_1_225' title='bbox 1094 2958 1412 3028; x_wconf 87' lang='lat' dir='ltr'><strong>quandoque</strong></span> <span class='ocrx_word' id='word_1_226' title='bbox 1449 2956 1869 3027; x_wconf 86' lang='lat' dir='ltr'><strong>comprehendet</strong></span> <span class='ocrx_word' id='word_1_227' title='bbox 1896 2972 1911 3008; x_wconf 89' lang='lat'><strong>:</strong></span> 
     </span>
    </p>
   </div>
   <div class='ocr_carea' id='block_1_30' title="bbox 326 3046 1914 3117">
    <p class='ocr_par' dir='ltr' id='par_1_30' title="bbox 326 3046 1914 3117">
     <span class='ocr_line' id='line_1_30' title="bbox 326 3046 1914 3117; baseline 0.001 -16"><span class='ocrx_word' id='word_1_228' title='bbox 326 3062 494 3117; x_wconf 89' lang='lat' dir='ltr'><strong>quare</strong></span> <span class='ocrx_word' id='word_1_229' title='bbox 521 3049 565 3103; x_wconf 92' lang='lat' dir='ltr'><strong>si</strong></span> <span class='ocrx_word' id='word_1_230' title='bbox 596 3064 701 3103; x_wconf 89' lang='lat' dir='ltr'><strong>non</strong></span> <span class='ocrx_word' id='word_1_231' title='bbox 733 3047 911 3103; x_wconf 90' lang='lat' dir='ltr'><strong>fratris</strong></span> <span class='ocrx_word' id='word_1_232' title='bbox 933 3091 946 3114; x_wconf 95' lang='lat'><strong>,</strong></span> <span class='ocrx_word' id='word_1_233' title='bbox 978 3058 1066 3104; x_wconf 90' lang='lat' dir='ltr'><strong>tua</strong></span> <span class='ocrx_word' id='word_1_234' title='bbox 1097 3058 1273 3105; x_wconf 91' lang='lat' dir='ltr'><strong>tamen</strong></span> <span class='ocrx_word' id='word_1_235' title='bbox 1304 3064 1463 3104; x_wconf 89' lang='lat' dir='ltr'><strong>causa</strong></span> <span class='ocrx_word' id='word_1_236' title='bbox 1490 3048 1760 3103; x_wconf 90' lang='lat' dir='ltr'><strong>exciteris.</strong></span> <span class='ocrx_word' id='word_1_237' title='bbox 1808 3046 1914 3102; x_wconf 85' lang='lat' dir='ltr'><strong>Re-</strong></span> 
     </span>
    </p>
   </div>
   <div class='ocr_carea' id='block_1_31' title="bbox 326 3143 1911 3214">
    <p class='ocr_par' dir='ltr' id='par_1_31' title="bbox 326 3143 1911 3214">
     <span class='ocr_line' id='line_1_31' title="bbox 326 3143 1911 3214; baseline 0.001 -19"><span class='ocrx_word' id='word_1_238' title='bbox 326 3144 497 3211; x_wconf 90' lang='lat' dir='ltr'><strong>prime</strong></span> <span class='ocrx_word' id='word_1_239' title='bbox 535 3154 772 3213; x_wconf 90' lang='lat' dir='ltr'><strong>pestem,</strong></span> <span class='ocrx_word' id='word_1_240' title='bbox 805 3144 1008 3199; x_wconf 91' lang='lat' dir='ltr'><strong>saniem</strong></span> <span class='ocrx_word' id='word_1_241' title='bbox 1036 3158 1226 3200; x_wconf 90' lang='lat' dir='ltr'><strong>coerce</strong></span> <span class='ocrx_word' id='word_1_242' title='bbox 1246 3187 1260 3211; x_wconf 88' lang='lat'><strong>,</strong></span> <span class='ocrx_word' id='word_1_243' title='bbox 1292 3143 1757 3214; x_wconf 87' lang='lat' dir='ltr'><strong>depopulationem</strong></span> <span class='ocrx_word' id='word_1_244' title='bbox 1793 3157 1911 3197; x_wconf 88' lang='lat' dir='ltr'><strong>am-</strong></span> 
     </span>
    </p>
   </div>
   <div class='ocr_carea' id='block_1_32' title="bbox 331 3234 1912 3307">
    <p class='ocr_par' dir='ltr' id='par_1_32' title="bbox 331 3234 1912 3307">
     <span class='ocr_line' id='line_1_32' title="bbox 331 3234 1912 3307; baseline 0 -20"><span class='ocrx_word' id='word_1_245' title='bbox 331 3244 475 3303; x_wconf 82' lang='lat' dir='ltr'><strong>puta.</strong></span> <span class='ocrx_word' id='word_1_246' title='bbox 502 3236 625 3291; x_wconf 62' lang='lat' dir='ltr'><strong>llaec</strong></span> <span class='ocrx_word' id='word_1_247' title='bbox 653 3246 707 3290; x_wconf 91' lang='lat' dir='ltr'><strong>et</strong></span> <span class='ocrx_word' id='word_1_248' title='bbox 737 3237 820 3291; x_wconf 89' lang='lat' dir='ltr'><strong>his</strong></span> <span class='ocrx_word' id='word_1_249' title='bbox 843 3237 991 3307; x_wconf 86' lang='lat' dir='ltr'><strong>plura</strong></span> <span class='ocrx_word' id='word_1_250' title='bbox 1017 3236 1220 3302; x_wconf 89' lang='lat' dir='ltr'><strong>dicens,</strong></span> <span class='ocrx_word' id='word_1_251' title='bbox 1249 3246 1304 3291; x_wconf 91' lang='lat' dir='ltr'><strong>et</strong></span> <span class='ocrx_word' id='word_1_252' title='bbox 1328 3236 1584 3290; x_wconf 90' lang='lat' dir='ltr'><strong>mandans</strong></span> <span class='ocrx_word' id='word_1_253' title='bbox 1604 3234 1740 3289; x_wconf 88' lang='lat' dir='ltr'><strong>tradi</strong></span> <span class='ocrx_word' id='word_1_254' title='bbox 1764 3234 1912 3288; x_wconf 89' lang='lat' dir='ltr'><strong>illum</strong></span> 
     </span>
    </p>
   </div>
   <div class='ocr_carea' id='block_1_33' title="bbox 326 3328 1914 3398">
    <p class='ocr_par' dir='ltr' id='par_1_33' title="bbox 326 3328 1914 3398">
     <span class='ocr_line' id='line_1_33' title="bbox 326 3328 1914 3398; baseline 0.001 -18"><span class='ocrx_word' id='word_1_255' title='bbox 326 3338 546 3394; x_wconf 62' lang='lat' dir='ltr'><strong>satanas,</strong></span> <span class='ocrx_word' id='word_1_256' title='bbox 578 3328 808 3397; x_wconf 87' lang='lat' dir='ltr'><strong>denique</strong></span> <span class='ocrx_word' id='word_1_257' title='bbox 830 3329 1001 3398; x_wconf 90' lang='lat' dir='ltr'><strong>inquit</strong></span> <span class='ocrx_word' id='word_1_258' title='bbox 1023 3370 1038 3395; x_wconf 94' lang='lat'><strong>,</strong></span> <span class='ocrx_word' id='word_1_259' title='bbox 1063 3328 1494 3398; x_wconf 84' lang='lat' dir='ltr'><strong>quandoquidem</strong></span> <span class='ocrx_word' id='word_1_260' title='bbox 1515 3341 1829 3390; x_wconf 89' lang='lat' dir='ltr'><strong>conversus,</strong></span> <span class='ocrx_word' id='word_1_261' title='bbox 1858 3335 1914 3381; x_wconf 90' lang='lat' dir='ltr'><strong>et</strong></span> 
     </span>
    </p>
   </div>
   <div class='ocr_carea' id='block_1_34' title="bbox 326 3418 1912 3491">
    <p class='ocr_par' dir='ltr' id='par_1_34' title="bbox 326 3418 1912 3491">
     <span class='ocr_line' id='line_1_34' title="bbox 326 3418 1912 3491; baseline -0.002 -18"><span class='ocrx_word' id='word_1_262' title='bbox 326 3420 517 3474; x_wconf 89' lang='lat' dir='ltr'><strong>melior</strong></span> <span class='ocrx_word' id='word_1_263' title='bbox 542 3420 711 3475; x_wconf 90' lang='lat' dir='ltr'><strong>factus</strong></span> <span class='ocrx_word' id='word_1_264' title='bbox 738 3429 858 3475; x_wconf 91' lang='lat' dir='ltr'><strong>est:</strong></span> <span class='ocrx_word' id='word_1_265' title='bbox 892 3421 1033 3475; x_wconf 86' lang='lat' dir='ltr'><strong>Satis</strong></span> <span class='ocrx_word' id='word_1_266' title='bbox 1067 3422 1183 3473; x_wconf 84' lang='lat' dir='ltr'><strong>huic</strong></span> <span class='ocrx_word' id='word_1_267' title='bbox 1205 3438 1263 3474; x_wconf 91' lang='lat' dir='ltr'><strong>ea</strong></span> <span class='ocrx_word' id='word_1_268' title='bbox 1292 3420 1388 3489; x_wconf 78' lang='lat' dir='ltr'><strong>fuit</strong></span> <span class='ocrx_word' id='word_1_269' title='bbox 1416 3420 1701 3491; x_wconf 85' lang='lat' dir='ltr'><strong>objurgatio</strong></span> <span class='ocrx_word' id='word_1_270' title='bbox 1727 3435 1757 3471; x_wconf 92' lang='lat' dir='ltr'><strong>a</strong></span> <span class='ocrx_word' id='word_1_271' title='bbox 1793 3418 1912 3486; x_wconf 87' lang='lat' dir='ltr'><strong>plu-</strong></span> 
     </span>
    </p>
   </div>
   <div class='ocr_carea' id='block_1_35' title="bbox 324 3508 1906 3582">
    <p class='ocr_par' dir='ltr' id='par_1_35' title="bbox 324 3508 1906 3582">
     <span class='ocr_line' id='line_1_35' title="bbox 324 3508 1906 3582; baseline 0.002 -21"><span class='ocrx_word' id='word_1_272' title='bbox 324 3510 462 3563; x_wconf 85' lang='lat' dir='ltr'><strong>ribus</strong></span> <span class='ocrx_word' id='word_1_273' title='bbox 489 3526 508 3563; x_wconf 92' lang='lat'><strong><em>:</em></strong></span> <span class='ocrx_word' id='word_1_274' title='bbox 539 3511 833 3578; x_wconf 77' lang='lat' dir='ltr'><strong>conﬁrmate</strong></span> <span class='ocrx_word' id='word_1_275' title='bbox 875 3512 1028 3582; x_wconf 84' lang='lat' dir='ltr'><strong>igitur</strong></span> <span class='ocrx_word' id='word_1_276' title='bbox 1062 3511 1114 3564; x_wconf 86' lang='lat' dir='ltr'><strong>in</strong></span> <span class='ocrx_word' id='word_1_277' title='bbox 1154 3527 1265 3565; x_wconf 89' lang='lat' dir='ltr'><strong>eum</strong></span> <span class='ocrx_word' id='word_1_278' title='bbox 1306 3511 1563 3564; x_wconf 84' lang='lat' dir='ltr'><strong>caritatem</strong></span> <span class='ocrx_word' id='word_1_279' title='bbox 1591 3510 1668 3582; x_wconf 76' lang='grc'><strong>(2.</strong></span> <span class='ocrx_word' id='word_1_280' title='bbox 1706 3508 1824 3564; x_wconf 88' lang='lat' dir='ltr'><strong>Cor.</strong></span> <span class='ocrx_word' id='word_1_281' title='bbox 1852 3508 1906 3564; x_wconf 74' lang='grc'><strong>2.</strong></span> 
     </span>
    </p>
   </div>
   <div class='ocr_carea' id='block_1_36' title="bbox 325 3600 1912 3672">
    <p class='ocr_par' dir='ltr' id='par_1_36' title="bbox 325 3600 1912 3672">
     <span class='ocr_line' id='line_1_36' title="bbox 325 3600 1912 3672; baseline 0.001 -17"><span class='ocrx_word' id='word_1_282' title='bbox 325 3600 402 3670; x_wconf 88' lang='grc'><strong>8).</strong></span> <span class='ocrx_word' id='word_1_283' title='bbox 430 3602 714 3672; x_wconf 86' lang='lat' dir='ltr'><strong>Postquam</strong></span> <span class='ocrx_word' id='word_1_284' title='bbox 742 3602 881 3657; x_wconf 90' lang='lat' dir='ltr'><strong>enim</strong></span> <span class='ocrx_word' id='word_1_285' title='bbox 912 3618 1034 3657; x_wconf 91' lang='lat' dir='ltr'><strong>eum</strong></span> <span class='ocrx_word' id='word_1_286' title='bbox 1070 3618 1408 3657; x_wconf 92' lang='lat' dir='ltr'><strong>communem</strong></span> <span class='ocrx_word' id='word_1_287' title='bbox 1436 3602 1710 3655; x_wconf 89' lang='lat' dir='ltr'><strong>inimicum</strong></span> <span class='ocrx_word' id='word_1_288' title='bbox 1740 3612 1791 3656; x_wconf 87' lang='lat' dir='ltr'><strong>et</strong></span> <span class='ocrx_word' id='word_1_289' title='bbox 1817 3601 1912 3657; x_wconf 88' lang='lat' dir='ltr'><strong>ad-</strong></span> 
     </span>
    </p>
   </div>
   <div class='ocr_carea' id='block_1_37' title="bbox 324 3695 1911 3765">
    <p class='ocr_par' dir='ltr' id='par_1_37' title="bbox 324 3695 1911 3765">
     <span class='ocr_line' id='line_1_37' title="bbox 324 3695 1911 3765; baseline 0.001 -18"><span class='ocrx_word' id='word_1_290' title='bbox 324 3696 617 3750; x_wconf 90' lang='lat' dir='ltr'><strong>versarium</strong></span> <span class='ocrx_word' id='word_1_291' title='bbox 657 3696 842 3750; x_wconf 81' lang='lat' dir='ltr'><strong>statuit</strong></span> <span class='ocrx_word' id='word_1_292' title='bbox 872 3696 1135 3751; x_wconf 86' lang='lat' dir='ltr'><strong>universis</strong></span> <span class='ocrx_word' id='word_1_293' title='bbox 1160 3704 1216 3749; x_wconf 89' lang='lat' dir='ltr'><strong>et</strong></span> <span class='ocrx_word' id='word_1_294' title='bbox 1242 3710 1272 3749; x_wconf 90' lang='lat' dir='ltr'><strong>a</strong></span> <span class='ocrx_word' id='word_1_295' title='bbox 1300 3710 1460 3765; x_wconf 86' lang='lat' dir='ltr'><strong>grege</strong></span> <span class='ocrx_word' id='word_1_296' title='bbox 1494 3695 1720 3751; x_wconf 80' lang='lat' dir='ltr'><strong>exclusit</strong></span> <span class='ocrx_word' id='word_1_297' title='bbox 1752 3703 1911 3763; x_wconf 91' lang='lat' dir='ltr'><strong>atque</strong></span> 
     </span>
    </p>
   </div>
   <div class='ocr_carea' id='block_1_38' title="bbox 326 3786 1906 3857">
    <p class='ocr_par' dir='ltr' id='par_1_38' title="bbox 326 3786 1906 3857">
     <span class='ocr_line' id='line_1_38' title="bbox 326 3786 1906 3857; baseline 0.001 -18"><span class='ocrx_word' id='word_1_298' title='bbox 326 3801 354 3839; x_wconf 84' lang='lat' dir='ltr'><strong>a</strong></span> <span class='ocrx_word' id='word_1_299' title='bbox 392 3802 619 3856; x_wconf 90' lang='lat' dir='ltr'><strong>corpore</strong></span> <span class='ocrx_word' id='word_1_300' title='bbox 661 3788 888 3854; x_wconf 87' lang='lat' dir='ltr'><strong>recidit,</strong></span> <span class='ocrx_word' id='word_1_301' title='bbox 915 3788 1037 3843; x_wconf 87' lang='lat' dir='ltr'><strong>vide</strong></span> <span class='ocrx_word' id='word_1_302' title='bbox 1062 3798 1261 3857; x_wconf 87' lang='lat' dir='ltr'><strong>quanto</strong></span> <span class='ocrx_word' id='word_1_303' title='bbox 1284 3788 1338 3841; x_wconf 91' lang='lat' dir='ltr'><strong>in</strong></span> <span class='ocrx_word' id='word_1_304' title='bbox 1363 3802 1486 3841; x_wconf 92' lang='lat' dir='ltr'><strong>eum</strong></span> <span class='ocrx_word' id='word_1_305' title='bbox 1515 3788 1682 3841; x_wconf 92' lang='lat' dir='ltr'><strong>utitur</strong></span> <span class='ocrx_word' id='word_1_306' title='bbox 1710 3786 1906 3852; x_wconf 90' lang='lat' dir='ltr'><strong>studio,</strong></span> 
     </span>
    </p>
   </div>
   <div class='ocr_carea' id='block_1_39' title="bbox 326 3877 1907 3948">
    <p class='ocr_par' dir='ltr' id='par_1_39' title="bbox 326 3877 1907 3948">
     <span class='ocr_line' id='line_1_39' title="bbox 326 3877 1907 3948; baseline 0.001 -18"><span class='ocrx_word' id='word_1_307' title='bbox 326 3887 384 3931; x_wconf 92' lang='lat' dir='ltr'><strong>ut</strong></span> <span class='ocrx_word' id='word_1_308' title='bbox 424 3892 546 3932; x_wconf 90' lang='lat' dir='ltr'><strong>eum</strong></span> <span class='ocrx_word' id='word_1_309' title='bbox 588 3892 775 3933; x_wconf 87' lang='lat' dir='ltr'><strong>rursus</strong></span> <span class='ocrx_word' id='word_1_310' title='bbox 816 3878 1104 3948; x_wconf 86' lang='lat' dir='ltr'><strong>conjungat</strong></span> <span class='ocrx_word' id='word_1_311' title='bbox 1141 3888 1196 3934; x_wconf 92' lang='lat' dir='ltr'><strong>et</strong></span> <span class='ocrx_word' id='word_1_312' title='bbox 1241 3886 1506 3933; x_wconf 89' lang='lat' dir='ltr'><strong>annectat.</strong></span> <span class='ocrx_word' id='word_1_313' title='bbox 1563 3877 1679 3932; x_wconf 87' lang='lat' dir='ltr'><strong>Non</strong></span> <span class='ocrx_word' id='word_1_314' title='bbox 1726 3878 1907 3943; x_wconf 88' lang='lat' dir='ltr'><strong>modo,</strong></span> 
     </span>
    </p>
   </div>
   <div class='ocr_carea' id='block_1_40' title="bbox 326 3971 1910 4041">
    <p class='ocr_par' dir='ltr' id='par_1_40' title="bbox 326 3971 1910 4041">
     <span class='ocr_line' id='line_1_40' title="bbox 326 3971 1910 4041; baseline 0.001 -18"><span class='ocrx_word' id='word_1_315' title='bbox 326 3972 514 4025; x_wconf 80' lang='lat' dir='ltr'><strong>Amate</strong></span> <span class='ocrx_word' id='word_1_316' title='bbox 542 3986 662 4024; x_wconf 90' lang='lat' dir='ltr'><strong>eum</strong></span> <span class='ocrx_word' id='word_1_317' title='bbox 684 4013 699 4036; x_wconf 94' lang='lat'><strong>,</strong></span> <span class='ocrx_word' id='word_1_318' title='bbox 740 3971 873 4026; x_wconf 89' lang='lat' dir='ltr'><strong>dixit</strong></span> <span class='ocrx_word' id='word_1_319' title='bbox 906 3990 919 4026; x_wconf 93' lang='lat'>:</span> <span class='ocrx_word' id='word_1_320' title='bbox 953 3972 1046 4026; x_wconf 88' lang='lat' dir='ltr'><strong>sed</strong></span> <span class='ocrx_word' id='word_1_321' title='bbox 1066 4014 1083 4040; x_wconf 91' lang='lat'><strong>,</strong></span> <span class='ocrx_word' id='word_1_322' title='bbox 1114 3972 1421 4039; x_wconf 84' lang='lat' dir='ltr'><strong>Conﬁrmate</strong></span> <span class='ocrx_word' id='word_1_323' title='bbox 1445 3987 1599 4041; x_wconf 83' lang='lat' dir='ltr'><strong>super</strong></span> <span class='ocrx_word' id='word_1_324' title='bbox 1636 3988 1749 4025; x_wconf 87' lang='lat' dir='ltr'><strong>eum</strong></span> <span class='ocrx_word' id='word_1_325' title='bbox 1774 3971 1910 4025; x_wconf 87' lang='lat' dir='ltr'><strong>cari-</strong></span> 
     </span>
    </p>
   </div>
   <div class='ocr_carea' id='block_1_41' title="bbox 326 4060 1909 4127">
    <p class='ocr_par' dir='ltr' id='par_1_41' title="bbox 326 4060 1909 4127">
     <span class='ocr_line' id='line_1_41' title="bbox 326 4060 1909 4127; baseline 0.006 -17"><span class='ocrx_word' id='word_1_326' title='bbox 326 4069 474 4113; x_wconf 82' lang='lat' dir='ltr'><strong>tatem</strong></span> <span class='ocrx_word' id='word_1_327' title='bbox 498 4102 511 4125; x_wconf 94' lang='lat'><strong>,</strong></span> <span class='ocrx_word' id='word_1_328' title='bbox 544 4060 596 4115; x_wconf 91' lang='lat' dir='ltr'><strong>id</strong></span> <span class='ocrx_word' id='word_1_329' title='bbox 620 4069 721 4127; x_wconf 91' lang='lat' dir='ltr'><strong>est,</strong></span> <span class='ocrx_word' id='word_1_330' title='bbox 752 4060 957 4116; x_wconf 87' lang='lat' dir='ltr'><strong>firmam</strong></span> <span class='ocrx_word' id='word_1_331' title='bbox 988 4072 1041 4117; x_wconf 89' lang='lat' dir='ltr'><strong>et</strong></span> <span class='ocrx_word' id='word_1_332' title='bbox 1069 4063 1395 4117; x_wconf 85' lang='lat' dir='ltr'><strong>immobilem</strong></span> <span class='ocrx_word' id='word_1_333' title='bbox 1424 4063 1476 4117; x_wconf 92' lang='lat' dir='ltr'><strong>in</strong></span> <span class='ocrx_word' id='word_1_334' title='bbox 1496 4079 1617 4119; x_wconf 90' lang='lat' dir='ltr'><strong>eum</strong></span> <span class='ocrx_word' id='word_1_335' title='bbox 1642 4063 1909 4119; x_wconf 85' lang='lat' dir='ltr'><strong>ostendite</strong></span> 
     </span>
    </p>
   </div>
   <div class='ocr_carea' id='block_1_42' title="bbox 334 4152 1909 4225">
    <p class='ocr_par' dir='ltr' id='par_1_42' title="bbox 334 4152 1909 4225">
     <span class='ocr_line' id='line_1_42' title="bbox 334 4152 1909 4225; baseline 0.004 -21"><span class='ocrx_word' id='word_1_336' title='bbox 334 4152 656 4217; x_wconf 85' lang='lat' dir='ltr'><strong>amicitiam,</strong></span> <span class='ocrx_word' id='word_1_337' title='bbox 707 4153 969 4208; x_wconf 87' lang='lat' dir='ltr'><strong>calentem</strong></span> <span class='ocrx_word' id='word_1_338' title='bbox 1018 4155 1300 4224; x_wconf 87' lang='lat' dir='ltr'><strong>quamdam</strong></span> <span class='ocrx_word' id='word_1_339' title='bbox 1352 4164 1407 4209; x_wconf 92' lang='lat' dir='ltr'><strong>et</strong></span> <span class='ocrx_word' id='word_1_340' title='bbox 1454 4155 1709 4209; x_wconf 85' lang='lat' dir='ltr'><strong>fervidam</strong></span> <span class='ocrx_word' id='word_1_341' title='bbox 1750 4165 1909 4225; x_wconf 90' lang='lat' dir='ltr'><strong>atque</strong></span> 
     </span>
    </p>
   </div>
   <div class='ocr_carea' id='block_1_43' title="bbox 324 4245 1905 4316">
    <p class='ocr_par' dir='ltr' id='par_1_43' title="bbox 324 4245 1905 4316">
     <span class='ocr_line' id='line_1_43' title="bbox 324 4245 1905 4316; baseline 0.001 -19"><span class='ocrx_word' id='word_1_342' title='bbox 324 4245 540 4313; x_wconf 79' lang='lat' dir='ltr'><strong>ignitam</strong></span> <span class='ocrx_word' id='word_1_343' title='bbox 568 4263 579 4297; x_wconf 90' lang='lat'><strong>:</strong></span> <span class='ocrx_word' id='word_1_344' title='bbox 612 4246 1016 4314; x_wconf 75' lang='lat' dir='ltr'><strong>a-quivalentem</strong></span> <span class='ocrx_word' id='word_1_345' title='bbox 1050 4247 1210 4316; x_wconf 89' lang='lat' dir='ltr'><strong>priori</strong></span> <span class='ocrx_word' id='word_1_346' title='bbox 1242 4245 1530 4301; x_wconf 66' lang='lat' dir='ltr'><strong>inimicitiae</strong></span> <span class='ocrx_word' id='word_1_347' title='bbox 1562 4246 1905 4301; x_wconf 88' lang='lat' dir='ltr'><strong>dilectionem</strong></span> 
     </span>
    </p>
   </div>
   <div class='ocr_carea' id='block_1_44' title="bbox 323 4336 1907 4409">
    <p class='ocr_par' dir='ltr' id='par_1_44' title="bbox 323 4336 1907 4409">
     <span class='ocr_line' id='line_1_44' title="bbox 323 4336 1907 4409; baseline 0.003 -19"><span class='ocrx_word' id='word_1_348' title='bbox 323 4336 534 4393; x_wconf 87' lang='lat' dir='ltr'><strong>inferte.</strong></span> <span class='ocrx_word' id='word_1_349' title='bbox 556 4337 691 4404; x_wconf 89' lang='lat' dir='ltr'><strong>Quid</strong></span> <span class='ocrx_word' id='word_1_350' title='bbox 712 4337 908 4392; x_wconf 86' lang='lat' dir='ltr'><strong>factum</strong></span> <span class='ocrx_word' id='word_1_351' title='bbox 931 4347 1030 4405; x_wconf 88' lang='lat' dir='ltr'><strong>est,</strong></span> <span class='ocrx_word' id='word_1_352' title='bbox 1053 4339 1276 4409; x_wconf 64' lang='lat' dir='ltr'><strong>quaeso?</strong></span> <span class='ocrx_word' id='word_1_353' title='bbox 1307 4354 1482 4395; x_wconf 91' lang='lat' dir='ltr'><strong>nonne</strong></span> <span class='ocrx_word' id='word_1_354' title='bbox 1506 4340 1761 4394; x_wconf 88' lang='lat' dir='ltr'><strong>tradidisti</strong></span> <span class='ocrx_word' id='word_1_355' title='bbox 1785 4356 1907 4395; x_wconf 91' lang='lat' dir='ltr'><strong>eum</strong></span> 
     </span>
    </p>
   </div>
   <div class='ocr_carea' id='block_1_45' title="bbox 323 4431 1901 4504">
    <p class='ocr_par' dir='ltr' id='par_1_45' title="bbox 323 4431 1901 4504">
     <span class='ocr_line' id='line_1_45' title="bbox 323 4431 1901 4504; baseline 0.004 -22"><span class='ocrx_word' id='word_1_356' title='bbox 323 4431 559 4497; x_wconf 65' lang='lat' dir='ltr'><strong>satanaz?</strong></span> <span class='ocrx_word' id='word_1_357' title='bbox 598 4431 695 4497; x_wconf 90' lang='lat' dir='ltr'><strong>ita,</strong></span> <span class='ocrx_word' id='word_1_358' title='bbox 726 4432 916 4501; x_wconf 87' lang='lat' dir='ltr'><strong>inquit,</strong></span> <span class='ocrx_word' id='word_1_359' title='bbox 945 4432 1037 4487; x_wconf 91' lang='lat' dir='ltr'><strong>sed</strong></span> <span class='ocrx_word' id='word_1_360' title='bbox 1078 4449 1183 4489; x_wconf 91' lang='lat' dir='ltr'><strong>non</strong></span> <span class='ocrx_word' id='word_1_361' title='bbox 1210 4450 1316 4504; x_wconf 91' lang='lat' dir='ltr'><strong>quo</strong></span> <span class='ocrx_word' id='word_1_362' title='bbox 1346 4434 1400 4488; x_wconf 93' lang='lat' dir='ltr'><strong>in</strong></span> <span class='ocrx_word' id='word_1_363' title='bbox 1430 4434 1676 4490; x_wconf 89' lang='lat' dir='ltr'><strong>manibus</strong></span> <span class='ocrx_word' id='word_1_364' title='bbox 1702 4443 1901 4488; x_wconf 65' lang='lat' dir='ltr'><strong>satana}</strong></span> 
     </span>
    </p>
   </div>
   <div class='ocr_carea' id='block_1_46' title="bbox 322 4524 1904 4597">
    <p class='ocr_par' dir='ltr' id='par_1_46' title="bbox 322 4524 1904 4597">
     <span class='ocr_line' id='line_1_46' title="bbox 322 4524 1904 4597; baseline 0.003 -22"><span class='ocrx_word' id='word_1_365' title='bbox 322 4534 669 4589; x_wconf 88' lang='lat' dir='ltr'><strong>permaneat,</strong></span> <span class='ocrx_word' id='word_1_366' title='bbox 717 4524 808 4578; x_wconf 90' lang='lat' dir='ltr'><strong>sed</strong></span> <span class='ocrx_word' id='word_1_367' title='bbox 838 4534 896 4578; x_wconf 91' lang='lat' dir='ltr'><strong>ut</strong></span> <span class='ocrx_word' id='word_1_368' title='bbox 922 4525 990 4580; x_wconf 89' lang='lat' dir='ltr'><strong>ab</strong></span> <span class='ocrx_word' id='word_1_369' title='bbox 1018 4525 1133 4595; x_wconf 90' lang='lat' dir='ltr'><strong>ejus</strong></span> <span class='ocrx_word' id='word_1_370' title='bbox 1176 4527 1458 4597; x_wconf 85' lang='lat' dir='ltr'><strong>tyrannide</strong></span> <span class='ocrx_word' id='word_1_371' title='bbox 1494 4530 1601 4581; x_wconf 91' lang='lat' dir='ltr'><strong>cito</strong></span> <span class='ocrx_word' id='word_1_372' title='bbox 1628 4528 1904 4583; x_wconf 86' lang='lat' dir='ltr'><strong>liberetur.</strong></span> 
     </span>
    </p>
   </div>
   <div class='ocr_carea' id='block_1_47' title="bbox 322 4613 1904 4688">
    <p class='ocr_par' dir='ltr' id='par_1_47' title="bbox 322 4613 1904 4688">
     <span class='ocr_line' id='line_1_47' title="bbox 322 4613 1904 4688; baseline 0.003 -21"><span class='ocrx_word' id='word_1_373' title='bbox 322 4613 391 4667; x_wconf 84' lang='lat' dir='ltr'><strong>Et</strong></span> <span class='ocrx_word' id='word_1_374' title='bbox 432 4615 882 4683; x_wconf 78' lang='lat' dir='ltr'><strong>quemadmodum</strong></span> <span class='ocrx_word' id='word_1_375' title='bbox 934 4615 1085 4683; x_wconf 90' lang='lat' dir='ltr'><strong>dixi,</strong></span> <span class='ocrx_word' id='word_1_376' title='bbox 1132 4617 1413 4673; x_wconf 88' lang='lat' dir='ltr'><strong>considera</strong></span> <span class='ocrx_word' id='word_1_377' title='bbox 1462 4633 1621 4688; x_wconf 91' lang='lat' dir='ltr'><strong>quam</strong></span> <span class='ocrx_word' id='word_1_378' title='bbox 1671 4619 1904 4673; x_wconf 91' lang='lat' dir='ltr'><strong>timuerit</strong></span> 
     </span>
    </p>
   </div>
   <div class='ocr_carea' id='block_1_48' title="bbox 320 4704 1903 4779">
    <p class='ocr_par' dir='ltr' id='par_1_48' title="bbox 320 4704 1903 4779">
     <span class='ocr_line' id='line_1_48' title="bbox 320 4704 1903 4779; baseline 0.004 -22"><span class='ocrx_word' id='word_1_379' title='bbox 320 4704 746 4772; x_wconf 87' lang='lat' dir='ltr'><strong>desperationem</strong></span> <span class='ocrx_word' id='word_1_380' title='bbox 816 4708 1009 4762; x_wconf 87' lang='lat' dir='ltr'><strong>Paulus</strong></span> <span class='ocrx_word' id='word_1_381' title='bbox 1082 4717 1350 4778; x_wconf 84' lang='lat' dir='ltr'><strong>tamquam</strong></span> <span class='ocrx_word' id='word_1_382' title='bbox 1403 4724 1649 4779; x_wconf 88' lang='lat' dir='ltr'><strong>magnam</strong></span> <span class='ocrx_word' id='word_1_383' title='bbox 1706 4709 1903 4763; x_wconf 91' lang='lat' dir='ltr'><strong>diaboli</strong></span> 
     </span>
    </p>
   </div>
   <div class='ocr_carea' id='block_1_49' title="bbox 321 4799 1906 4870">
    <p class='ocr_par' dir='ltr' id='par_1_49' title="bbox 321 4799 1906 4870">
     <span class='ocr_line' id='line_1_49' title="bbox 321 4799 1906 4870; baseline 0.004 -22"><span class='ocrx_word' id='word_1_384' title='bbox 321 4808 645 4851; x_wconf 84' lang='lat' dir='ltr'><strong>armaturam</strong></span> <span class='ocrx_word' id='word_1_385' title='bbox 691 4814 859 4853; x_wconf 90' lang='lat' dir='ltr'><strong>:cum</strong></span> <span class='ocrx_word' id='word_1_386' title='bbox 904 4799 1125 4854; x_wconf 82' lang='lat' dir='ltr'><strong>dixisset</strong></span> <span class='ocrx_word' id='word_1_387' title='bbox 1172 4803 1355 4857; x_wconf 89' lang='lat' dir='ltr'><strong>enim:</strong></span> <span class='ocrx_word' id='word_1_388' title='bbox 1402 4801 1710 4870; x_wconf 79' lang='lat' dir='ltr'><strong>Con/innate</strong></span> <span class='ocrx_word' id='word_1_389' title='bbox 1756 4816 1906 4869; x_wconf 87' lang='lat' dir='ltr'><strong>super</strong></span> 
     </span>
    </p>
   </div>
   <div class='ocr_carea' id='block_1_50' title="bbox 320 4890 1905 4964">
    <p class='ocr_par' dir='ltr' id='par_1_50' title="bbox 320 4890 1905 4964">
     <span class='ocr_line' id='line_1_50' title="bbox 320 4890 1905 4964; baseline 0.006 -25"><span class='ocrx_word' id='word_1_390' title='bbox 320 4904 432 4939; x_wconf 89' lang='lat' dir='ltr'><strong>eum</strong></span> <span class='ocrx_word' id='word_1_391' title='bbox 457 4890 749 4953; x_wconf 88' lang='lat' dir='ltr'><strong>caritatem;</strong></span> <span class='ocrx_word' id='word_1_392' title='bbox 772 4899 826 4944; x_wconf 90' lang='lat' dir='ltr'><strong>et</strong></span> <span class='ocrx_word' id='word_1_393' title='bbox 848 4906 1062 4945; x_wconf 86' lang='lat' dir='ltr'><strong>causam</strong></span> <span class='ocrx_word' id='word_1_394' title='bbox 1088 4893 1263 4958; x_wconf 88' lang='lat' dir='ltr'><strong>addit,</strong></span> <span class='ocrx_word' id='word_1_395' title='bbox 1292 4892 1375 4947; x_wconf 87' lang='lat' dir='ltr'><strong>Ne</strong></span> <span class='ocrx_word' id='word_1_396' title='bbox 1399 4897 1527 4964; x_wconf 83' lang='lat' dir='ltr'><strong>forte</strong></span> <span class='ocrx_word' id='word_1_397' title='bbox 1565 4895 1721 4947; x_wconf 88' lang='lat' dir='ltr'><strong>nimia</strong></span> <span class='ocrx_word' id='word_1_398' title='bbox 1750 4894 1905 4948; x_wconf 82' lang='lat' dir='ltr'><strong>tristi-</strong></span> 
     </span>
    </p>
   </div>
   <div class='ocr_carea' id='block_1_51' title="bbox 320 4979 1905 5057">
    <p class='ocr_par' dir='ltr' id='par_1_51' title="bbox 320 4979 1905 5057">
     <span class='ocr_line' id='line_1_51' title="bbox 320 4979 1905 5057; baseline 0.007 -28"><span class='ocrx_word' id='word_1_399' title='bbox 320 4979 389 5029; x_wconf 85' lang='lat' dir='ltr'><strong>tia</strong></span> <span class='ocrx_word' id='word_1_400' title='bbox 412 4979 733 5033; x_wconf 85' lang='lat' dir='ltr'><strong>absorbeatur</strong></span> <span class='ocrx_word' id='word_1_401' title='bbox 752 4982 838 5051; x_wconf 89' lang='lat' dir='ltr'><strong>qui</strong></span> <span class='ocrx_word' id='word_1_402' title='bbox 864 4994 935 5036; x_wconf 89' lang='lat' dir='ltr'><strong>est</strong></span> <span class='ocrx_word' id='word_1_403' title='bbox 965 4985 1210 5053; x_wconf 82' lang='lat' dir='ltr'><strong>ejusmodi</strong></span> <span class='ocrx_word' id='word_1_404' title='bbox 1234 4983 1339 5055; x_wconf 86' lang='lat' dir='ltr'><strong>(Ib.</strong></span> <span class='ocrx_word' id='word_1_405' title='bbox 1370 5002 1419 5039; x_wconf 83' lang='grc' dir='ltr'><strong>υ.</strong></span> <span class='ocrx_word' id='word_1_406' title='bbox 1451 4987 1530 5057; x_wconf 89' lang='grc'><strong>7).</strong></span> <span class='ocrx_word' id='word_1_407' title='bbox 1567 4985 1624 5041; x_wconf 88' lang='lat' dir='ltr'><strong>In</strong></span> <span class='ocrx_word' id='word_1_408' title='bbox 1655 4987 1760 5057; x_wconf 91' lang='lat' dir='ltr'><strong>lupi</strong></span> <span class='ocrx_word' id='word_1_409' title='bbox 1792 4988 1905 5040; x_wconf 85' lang='lat' dir='ltr'><strong>fau-</strong></span> 
     </span>
    </p>
   </div>
   <div class='ocr_carea' id='block_1_52' title="bbox 320 5070 1904 5150">
    <p class='ocr_par' dir='ltr' id='par_1_52' title="bbox 320 5070 1904 5150">
     <span class='ocr_line' id='line_1_52' title="bbox 320 5070 1904 5150; baseline 0.008 -27"><span class='ocrx_word' id='word_1_410' title='bbox 320 5070 468 5124; x_wconf 89' lang='lat' dir='ltr'><strong>cibus</strong></span> <span class='ocrx_word' id='word_1_411' title='bbox 515 5084 596 5126; x_wconf 90' lang='lat' dir='ltr'><strong>est</strong></span> <span class='ocrx_word' id='word_1_412' title='bbox 641 5073 755 5127; x_wconf 89' lang='lat' dir='ltr'><strong>ovis</strong></span> <span class='ocrx_word' id='word_1_413' title='bbox 801 5093 813 5127; x_wconf 93' lang='lat'><strong>:</strong></span> <span class='ocrx_word' id='word_1_414' title='bbox 856 5078 1240 5144; x_wconf 74' lang='lat' dir='ltr'><strong>przeveniamus</strong></span> <span class='ocrx_word' id='word_1_415' title='bbox 1292 5077 1480 5147; x_wconf 87' lang='lat' dir='ltr'><strong>igitur,</strong></span> <span class='ocrx_word' id='word_1_416' title='bbox 1536 5081 1904 5150; x_wconf 63' lang='lat' dir='ltr'><strong>praeripiamus</strong></span> 
     </span>
    </p>
   </div>
   <div class='ocr_carea' id='block_1_53' title="bbox 318 5165 1905 5239">
    <p class='ocr_par' dir='ltr' id='par_1_53' title="bbox 318 5165 1905 5239">
     <span class='ocr_line' id='line_1_53' title="bbox 318 5165 1905 5239; baseline 0.012 -28"><span class='ocrx_word' id='word_1_417' title='bbox 318 5170 601 5231; x_wconf 87' lang='lat' dir='ltr'><strong>antequam</strong></span> <span class='ocrx_word' id='word_1_418' title='bbox 636 5165 917 5220; x_wconf 91' lang='lat' dir='ltr'><strong>absorbeat</strong></span> <span class='ocrx_word' id='word_1_419' title='bbox 962 5179 1053 5221; x_wconf 90' lang='lat' dir='ltr'><strong>aut</strong></span> <span class='ocrx_word' id='word_1_420' title='bbox 1098 5180 1407 5239; x_wconf 88' lang='lat' dir='ltr'><strong>corrumpat</strong></span> <span class='ocrx_word' id='word_1_421' title='bbox 1454 5181 1692 5227; x_wconf 80' lang='lat' dir='ltr'><strong>ucstrum</strong></span> <span class='ocrx_word' id='word_1_422' title='bbox 1736 5191 1905 5229; x_wconf 89' lang='lat' dir='ltr'><strong>mem-</strong></span> 
     </span>
    </p>
   </div>
   <div class='ocr_carea' id='block_1_54' title="bbox 319 5250 1901 5331">
    <p class='ocr_par' dir='ltr' id='par_1_54' title="bbox 319 5250 1901 5331">
     <span class='ocr_line' id='line_1_54' title="bbox 319 5250 1901 5331; baseline 0.012 -28"><span class='ocrx_word' id='word_1_423' title='bbox 319 5250 493 5305; x_wconf 85' lang='lat' dir='ltr'><strong>brum.</strong></span> <span class='ocrx_word' id='word_1_424' title='bbox 543 5254 874 5311; x_wconf 86' lang='lat' dir='ltr'><strong>Periclitatur</strong></span> <span class='ocrx_word' id='word_1_425' title='bbox 914 5260 1062 5314; x_wconf 85' lang='lat' dir='ltr'><strong>navis</strong></span> <span class='ocrx_word' id='word_1_426' title='bbox 1091 5277 1104 5312; x_wconf 92' lang='lat'>:</span> <span class='ocrx_word' id='word_1_427' title='bbox 1136 5262 1443 5331; x_wconf 88' lang='lat' dir='ltr'><strong>priusquam</strong></span> <span class='ocrx_word' id='word_1_428' title='bbox 1470 5264 1723 5320; x_wconf 89' lang='lat' dir='ltr'><strong>obruatur</strong></span> <span class='ocrx_word' id='word_1_429' title='bbox 1744 5308 1759 5331; x_wconf 93' lang='lat'><strong>,</strong></span> <span class='ocrx_word' id='word_1_430' title='bbox 1790 5268 1901 5321; x_wconf 91' lang='lat' dir='ltr'><strong>eri-</strong></span> 
     </span>
    </p>
   </div>
   <div class='ocr_carea' id='block_1_55' title="bbox 318 5345 1902 5419">
    <p class='ocr_par' dir='ltr' id='par_1_55' title="bbox 318 5345 1902 5419">
     <span class='ocr_line' id='line_1_55' title="bbox 318 5345 1902 5419; baseline 0.011 -23"><span class='ocrx_word' id='word_1_431' title='bbox 318 5356 445 5411; x_wconf 88' lang='lat' dir='ltr'><strong>pere</strong></span> <span class='ocrx_word' id='word_1_432' title='bbox 467 5345 737 5417; x_wconf 88' lang='lat' dir='ltr'><strong>naufragio</strong></span> <span class='ocrx_word' id='word_1_433' title='bbox 756 5348 1082 5405; x_wconf 78' lang='lat' dir='ltr'><strong>Studeamus.</strong></span> <span class='ocrx_word' id='word_1_434' title='bbox 1114 5351 1569 5419; x_wconf 87' lang='lat' dir='ltr'><strong>Quemadmodum</strong></span> <span class='ocrx_word' id='word_1_435' title='bbox 1598 5357 1739 5413; x_wconf 90' lang='lat' dir='ltr'><strong>enim</strong></span> <span class='ocrx_word' id='word_1_436' title='bbox 1766 5358 1902 5413; x_wconf 88' lang='lat' dir='ltr'><strong>mari</strong></span> 
     </span>
    </p>
   </div>
   <div class='ocr_carea' id='block_1_56' title="bbox 319 5436 1900 5513">
    <p class='ocr_par' dir='ltr' id='par_1_56' title="bbox 319 5436 1900 5513">
     <span class='ocr_line' id='line_1_56' title="bbox 319 5436 1900 5513; baseline 0.012 -26"><span class='ocrx_word' id='word_1_437' title='bbox 319 5448 439 5489; x_wconf 88' lang='lat' dir='ltr'><strong>sese</strong></span> <span class='ocrx_word' id='word_1_438' title='bbox 470 5436 687 5493; x_wconf 90' lang='lat' dir='ltr'><strong>tollente</strong></span> <span class='ocrx_word' id='word_1_439' title='bbox 716 5450 771 5494; x_wconf 90' lang='lat' dir='ltr'><strong>et</strong></span> <span class='ocrx_word' id='word_1_440' title='bbox 798 5439 1044 5497; x_wconf 87' lang='lat' dir='ltr'><strong>fluctibtts</strong></span> <span class='ocrx_word' id='word_1_441' title='bbox 1090 5459 1256 5513; x_wconf 90' lang='lat' dir='ltr'><strong>usque</strong></span> <span class='ocrx_word' id='word_1_442' title='bbox 1296 5445 1364 5499; x_wconf 90' lang='lat' dir='ltr'><strong>ad</strong></span> <span class='ocrx_word' id='word_1_443' title='bbox 1404 5462 1670 5501; x_wconf 91' lang='lat' dir='ltr'><strong>summum</strong></span> <span class='ocrx_word' id='word_1_444' title='bbox 1698 5464 1757 5504; x_wconf 89' lang='lat' dir='ltr'><strong>se</strong></span> <span class='ocrx_word' id='word_1_445' title='bbox 1784 5450 1900 5505; x_wconf 91' lang='lat' dir='ltr'><strong>ele-</strong></span> 
     </span>
    </p>
   </div>
   <div class='ocr_carea' id='block_1_57' title="bbox 315 5528 1900 5611">
    <p class='ocr_par' dir='ltr' id='par_1_57' title="bbox 315 5528 1900 5611">
     <span class='ocr_line' id='line_1_57' title="bbox 315 5528 1900 5611; baseline 0.011 -32"><span class='ocrx_word' id='word_1_446' title='bbox 315 5528 566 5582; x_wconf 81' lang='lat' dir='ltr'><strong>vantibus</strong></span> <span class='ocrx_word' id='word_1_447' title='bbox 586 5570 601 5595; x_wconf 93' lang='lat'><strong>,</strong></span> <span class='ocrx_word' id='word_1_448' title='bbox 647 5533 838 5600; x_wconf 87' lang='lat' dir='ltr'><strong>scapha</strong></span> <span class='ocrx_word' id='word_1_449' title='bbox 868 5532 1196 5605; x_wconf 88' lang='lat' dir='ltr'><strong>demergitur</strong></span> <span class='ocrx_word' id='word_1_450' title='bbox 1228 5553 1240 5589; x_wconf 89' lang='lat'><strong>:</strong></span> <span class='ocrx_word' id='word_1_451' title='bbox 1270 5536 1348 5591; x_wconf 91' lang='lat' dir='ltr'><strong>sic</strong></span> <span class='ocrx_word' id='word_1_452' title='bbox 1377 5546 1430 5594; x_wconf 91' lang='lat' dir='ltr'><strong>et</strong></span> <span class='ocrx_word' id='word_1_453' title='bbox 1454 5540 1627 5593; x_wconf 89' lang='lat' dir='ltr'><strong>anima</strong></span> <span class='ocrx_word' id='word_1_454' title='bbox 1668 5541 1900 5611; x_wconf 90' lang='lat' dir='ltr'><strong>undique</strong></span> 
     </span>
    </p>
   </div>
   <div class='ocr_carea' id='block_1_58' title="bbox 313 5623 1899 5706">
    <p class='ocr_par' dir='ltr' id='par_1_58' title="bbox 313 5623 1899 5706">
     <span class='ocr_line' id='line_1_58' title="bbox 313 5623 1899 5706; baseline 0.012 -32"><span class='ocrx_word' id='word_1_455' title='bbox 313 5636 553 5676; x_wconf 72' lang='lat' dir='ltr'><strong>mterore</strong></span> <span class='ocrx_word' id='word_1_456' title='bbox 581 5623 904 5680; x_wconf 90' lang='lat' dir='ltr'><strong>circumdata</strong></span> <span class='ocrx_word' id='word_1_457' title='bbox 925 5668 940 5691; x_wconf 96' lang='lat'><strong>,</strong></span> <span class='ocrx_word' id='word_1_458' title='bbox 980 5629 1232 5685; x_wconf 87' lang='lat' dir='ltr'><strong>velociter</strong></span> <span class='ocrx_word' id='word_1_459' title='bbox 1258 5631 1547 5688; x_wconf 75' lang='lat' dir='ltr'><strong>suffocatur</strong></span> <span class='ocrx_word' id='word_1_460' title='bbox 1569 5676 1585 5702; x_wconf 92' lang='lat'><strong>,</strong></span> <span class='ocrx_word' id='word_1_461' title='bbox 1632 5636 1687 5690; x_wconf 91' lang='lat' dir='ltr'><strong>ni</strong></span> <span class='ocrx_word' id='word_1_462' title='bbox 1716 5653 1899 5706; x_wconf 82' lang='lat' dir='ltr'><strong>quem-</strong></span> 
     </span>
    </p>
   </div>
   <div class='ocr_carea' id='block_1_59' title="bbox 314 5715 1899 5797">
    <p class='ocr_par' dir='ltr' id='par_1_59' title="bbox 314 5715 1899 5797">
     <span class='ocr_line' id='line_1_59' title="bbox 314 5715 1899 5797; baseline 0.012 -31"><span class='ocrx_word' id='word_1_463' title='bbox 314 5715 456 5782; x_wconf 87' lang='lat' dir='ltr'><strong>piam</strong></span> <span class='ocrx_word' id='word_1_464' title='bbox 486 5715 729 5772; x_wconf 89' lang='lat' dir='ltr'><strong>habuerit</strong></span> <span class='ocrx_word' id='word_1_465' title='bbox 751 5720 836 5789; x_wconf 90' lang='lat' dir='ltr'><strong>qui</strong></span> <span class='ocrx_word' id='word_1_466' title='bbox 866 5736 1079 5776; x_wconf 90' lang='lat' dir='ltr'><strong>manum</strong></span> <span class='ocrx_word' id='word_1_467' title='bbox 1108 5725 1377 5795; x_wconf 87' lang='lat' dir='ltr'><strong>porrigat:</strong></span> <span class='ocrx_word' id='word_1_468' title='bbox 1412 5734 1468 5781; x_wconf 93' lang='lat' dir='ltr'><strong>et</strong></span> <span class='ocrx_word' id='word_1_469' title='bbox 1502 5743 1620 5797; x_wconf 66' lang='lat' dir='ltr'><strong>qua:</strong></span> <span class='ocrx_word' id='word_1_470' title='bbox 1652 5730 1899 5786; x_wconf 86' lang='lat' dir='ltr'><strong>salutaris</strong></span> 
     </span>
    </p>
   </div>
   <div class='ocr_carea' id='block_1_60' title="bbox 284 5786 1897 5881">
    <p class='ocr_par' dir='ltr' id='par_1_60' title="bbox 284 5786 1897 5881">
     <span class='ocr_line' id='line_1_60' title="bbox 284 5786 1897 5881; baseline 0.014 -26"><span class='ocrx_word' id='word_1_471' title='bbox 284 5786 367 5863; x_wconf 78' lang='lat' dir='ltr'><strong>lin</strong></span> <span class='ocrx_word' id='word_1_472' title='bbox 400 5809 631 5874; x_wconf 81' lang='lat' dir='ltr'><strong>peccatis</strong></span> <span class='ocrx_word' id='word_1_473' title='bbox 657 5819 736 5865; x_wconf 86' lang='lat' dir='ltr'><strong>est</strong></span> <span class='ocrx_word' id='word_1_474' title='bbox 766 5812 1013 5867; x_wconf 67' lang='lat' dir='ltr'><strong>mmstitia</strong></span> <span class='ocrx_word' id='word_1_475' title='bbox 1038 5853 1053 5881; x_wconf 91' lang='lat'><strong>,</strong></span> <span class='ocrx_word' id='word_1_476' title='bbox 1094 5786 1319 5872; x_wconf 74' lang='lat' dir='ltr'><strong>exitialis</strong></span> <span class='ocrx_word' id='word_1_477' title='bbox 1360 5826 1441 5875; x_wconf 85' lang='lat' dir='ltr'><strong>est</strong></span> <span class='ocrx_word' id='word_1_478' title='bbox 1478 5786 1533 5874; x_wconf 46' lang='lat' dir='ltr'><strong>si.</strong></span> <span class='ocrx_word' id='word_1_479' title='bbox 1552 5817 1897 5879; x_wconf 87' lang='lat' dir='ltr'><strong>immoderata</strong></span> 
     </span>
    </p>
   </div>
   <div class='ocr_carea' id='block_1_61' title="bbox 1486 346 2433 409">
    <p class='ocr_par' dir='ltr' id='par_1_61' title="bbox 1486 346 2433 409">
     <span class='ocr_line' id='line_1_61' title="bbox 1486 346 2433 409; baseline 0.004 -4"><span class='ocrx_word' id='word_1_480' title='bbox 1486 350 1573 406; x_wconf 85' lang='lat' dir='ltr'><strong>DE</strong></span> <span class='ocrx_word' id='word_1_481' title='bbox 1614 346 2079 407; x_wconf 69' lang='lat' dir='ltr'><strong>PCENITENTIA.</strong></span> <span class='ocrx_word' id='word_1_482' title='bbox 2121 350 2349 409; x_wconf 76' lang='lat' dir='ltr'><strong>HOMIL.</strong></span> <span class='ocrx_word' id='word_1_483' title='bbox 2393 353 2433 409; x_wconf 88' lang='lat' dir='ltr'><strong>l.</strong></span> 
     </span>
    </p>
   </div>
   <div class='ocr_carea' id='block_1_62' title="bbox 3479 352 3587 410">
    <p class='ocr_par' dir='ltr' id='par_1_62' title="bbox 3479 352 3587 410">
     <span class='ocr_line' id='line_1_62' title="bbox 3479 352 3587 410; baseline 0.037 -3"><span class='ocrx_word' id='word_1_484' title='bbox 3479 352 3587 410; x_wconf 67' lang='lat'><strong>28&#39;!</strong></span> 
     </span>
    </p>
   </div>
   <div class='ocr_carea' id='block_1_63' title="bbox 2016 466 3604 544">
    <p class='ocr_par' dir='ltr' id='par_1_63' title="bbox 2016 466 3604 544">
     <span class='ocr_line' id='line_1_63' title="bbox 2016 466 3604 544; baseline 0.008 -27"><span class='ocrx_word' id='word_1_485' title='bbox 2016 466 2103 517; x_wconf 85' lang='lat' dir='ltr'><strong>sit.</strong></span> <span class='ocrx_word' id='word_1_486' title='bbox 2154 467 2228 520; x_wconf 81' lang='lat' dir='ltr'><strong>Ac</strong></span> <span class='ocrx_word' id='word_1_487' title='bbox 2275 467 2395 522; x_wconf 90' lang='lat' dir='ltr'><strong>vide</strong></span> <span class='ocrx_word' id='word_1_488' title='bbox 2439 467 2711 540; x_wconf 89' lang='lat' dir='ltr'><strong>quomodo</strong></span> <span class='ocrx_word' id='word_1_489' title='bbox 2756 480 3006 527; x_wconf 88' lang='lat' dir='ltr'><strong>accurate</strong></span> <span class='ocrx_word' id='word_1_490' title='bbox 3059 472 3308 544; x_wconf 89' lang='lat' dir='ltr'><strong>loquutus</strong></span> <span class='ocrx_word' id='word_1_491' title='bbox 3355 473 3467 529; x_wconf 88' lang='lat' dir='ltr'><strong>sit:</strong></span> <span class='ocrx_word' id='word_1_492' title='bbox 3496 489 3604 529; x_wconf 86' lang='lat' dir='ltr'><strong>non</strong></span> 
     </span>
    </p>
   </div>
   <div class='ocr_carea' id='block_1_64' title="bbox 2014 557 3607 636">
    <p class='ocr_par' dir='ltr' id='par_1_64' title="bbox 2014 557 3607 636">
     <span class='ocr_line' id='line_1_64' title="bbox 2014 557 3607 636; baseline 0.004 -23"><span class='ocrx_word' id='word_1_493' title='bbox 2014 557 2155 613; x_wconf 89' lang='lat' dir='ltr'><strong>enim</strong></span> <span class='ocrx_word' id='word_1_494' title='bbox 2181 558 2333 622; x_wconf 89' lang='lat' dir='ltr'><strong>dixit,</strong></span> <span class='ocrx_word' id='word_1_495' title='bbox 2377 560 2456 615; x_wconf 89' lang='lat' dir='ltr'><strong>Ne</strong></span> <span class='ocrx_word' id='word_1_496' title='bbox 2488 562 2630 616; x_wconf 90' lang='lat' dir='ltr'><strong>hunc</strong></span> <span class='ocrx_word' id='word_1_497' title='bbox 2656 562 2898 619; x_wconf 86' lang='lat' dir='ltr'><strong>diabolus</strong></span> <span class='ocrx_word' id='word_1_498' title='bbox 2933 564 3120 633; x_wconf 88' lang='lat' dir='ltr'><strong>perdat</strong></span> <span class='ocrx_word' id='word_1_499' title='bbox 3150 584 3162 619; x_wconf 88' lang='lat'>:</span> <span class='ocrx_word' id='word_1_500' title='bbox 3194 565 3287 620; x_wconf 90' lang='lat' dir='ltr'><strong>sed</strong></span> <span class='ocrx_word' id='word_1_501' title='bbox 3316 565 3488 636; x_wconf 80' lang='lat' dir='ltr'><strong>quid?</strong></span> <span class='ocrx_word' id='word_1_502' title='bbox 3538 579 3607 621; x_wconf 80' lang='grc' dir='ltr'>ω</span> 
     </span>
    </p>
   </div>
   <div class='ocr_carea' id='block_1_65' title="bbox 2016 654 3605 731">
    <p class='ocr_par' dir='ltr' id='par_1_65' title="bbox 2016 654 3605 731">
     <span class='ocr_line' id='line_1_65' title="bbox 2016 654 3605 731; baseline 0.006 -26"><span class='ocrx_word' id='word_1_503' title='bbox 2016 669 2117 705; x_wconf 85' lang='grc' dir='ltr'><strong>ηοη</strong></span> <span class='ocrx_word' id='word_1_504' title='bbox 2143 654 2593 708; x_wconf 80' lang='lat' dir='ltr'><strong>circumveniamur</strong></span> <span class='ocrx_word' id='word_1_505' title='bbox 2621 672 2653 707; x_wconf 88' lang='grc' dir='ltr'><em>α</em></span> <span class='ocrx_word' id='word_1_506' title='bbox 2679 666 2857 710; x_wconf 87' lang='lat' dir='ltr'><strong>satana</strong></span> <span class='ocrx_word' id='word_1_507' title='bbox 2886 654 2942 726; x_wconf 71' lang='grc'><strong>(2</strong></span> <span class='ocrx_word' id='word_1_508' title='bbox 2965 656 3082 713; x_wconf 90' lang='lat' dir='ltr'><strong>Cor.</strong></span> <span class='ocrx_word' id='word_1_509' title='bbox 3110 658 3165 711; x_wconf 80' lang='grc'><strong>2.</strong></span> <span class='ocrx_word' id='word_1_510' title='bbox 3202 656 3313 731; x_wconf 77' lang='lat' dir='ltr'><strong>fl).</strong></span> <span class='ocrx_word' id='word_1_511' title='bbox 3365 658 3605 715; x_wconf 82' lang='lat' dir='ltr'><strong>Circum-</strong></span> 
     </span>
    </p>
   </div>
   <div class='ocr_carea' id='block_1_66' title="bbox 2013 744 3607 820">
    <p class='ocr_par' dir='ltr' id='par_1_66' title="bbox 2013 744 3607 820">
     <span class='ocr_line' id='line_1_66' title="bbox 2013 744 3607 820; baseline 0.008 -23"><span class='ocrx_word' id='word_1_512' title='bbox 2013 744 2197 801; x_wconf 90' lang='lat' dir='ltr'><strong>venire</strong></span> <span class='ocrx_word' id='word_1_513' title='bbox 2225 756 2400 801; x_wconf 86' lang='lat' dir='ltr'><strong>autem</strong></span> <span class='ocrx_word' id='word_1_514' title='bbox 2429 746 2515 801; x_wconf 93' lang='lat' dir='ltr'><strong>hic</strong></span> <span class='ocrx_word' id='word_1_515' title='bbox 2539 756 2620 801; x_wconf 91' lang='lat' dir='ltr'><strong>est</strong></span> <span class='ocrx_word' id='word_1_516' title='bbox 2653 749 2825 803; x_wconf 85' lang='lat' dir='ltr'><strong>aliena</strong></span> <span class='ocrx_word' id='word_1_517' title='bbox 2852 752 3229 820; x_wconf 83' lang='lat' dir='ltr'><strong>concupiscere</strong></span> <span class='ocrx_word' id='word_1_518' title='bbox 3264 770 3277 807; x_wconf 88' lang='lat'><strong>:</strong></span> <span class='ocrx_word' id='word_1_519' title='bbox 3316 751 3607 809; x_wconf 82' lang='lat' dir='ltr'><strong>ostendens</strong></span> 
     </span>
    </p>
   </div>
   <div class='ocr_carea' id='block_1_67' title="bbox 2015 837 3606 913">
    <p class='ocr_par' dir='ltr' id='par_1_67' title="bbox 2015 837 3606 913">
     <span class='ocr_line' id='line_1_67' title="bbox 2015 837 3606 913; baseline 0.004 -23"><span class='ocrx_word' id='word_1_520' title='bbox 2015 837 2174 907; x_wconf 84' lang='lat' dir='ltr'><strong>igitur</strong></span> <span class='ocrx_word' id='word_1_521' title='bbox 2213 837 2384 907; x_wconf 90' lang='lat' dir='ltr'><strong>ipsum</strong></span> <span class='ocrx_word' id='word_1_522' title='bbox 2415 838 2647 893; x_wconf 91' lang='lat' dir='ltr'><strong>alienum</strong></span> <span class='ocrx_word' id='word_1_523' title='bbox 2675 839 2743 893; x_wconf 89' lang='lat' dir='ltr'><strong>ab</strong></span> <span class='ocrx_word' id='word_1_524' title='bbox 2773 854 2838 894; x_wconf 90' lang='lat' dir='ltr'><strong>eo</strong></span> <span class='ocrx_word' id='word_1_525' title='bbox 2859 840 2926 896; x_wconf 92' lang='lat' dir='ltr'><strong>de</strong></span> <span class='ocrx_word' id='word_1_526' title='bbox 2952 850 3147 897; x_wconf 65' lang='lat' dir='ltr'><strong>cartero</strong></span> <span class='ocrx_word' id='word_1_527' title='bbox 3176 842 3373 897; x_wconf 84' lang='lat' dir='ltr'><strong>factum</strong></span> <span class='ocrx_word' id='word_1_528' title='bbox 3393 884 3409 909; x_wconf 94' lang='lat'><strong>,</strong></span> <span class='ocrx_word' id='word_1_529' title='bbox 3444 851 3606 913; x_wconf 89' lang='lat' dir='ltr'><strong>atque</strong></span> 
     </span>
    </p>
   </div>
   <div class='ocr_carea' id='block_1_68' title="bbox 2016 928 3599 1001">
    <p class='ocr_par' dir='ltr' id='par_1_68' title="bbox 2016 928 3599 1001">
     <span class='ocr_line' id='line_1_68' title="bbox 2016 928 3599 1001; baseline 0.004 -19"><span class='ocrx_word' id='word_1_530' title='bbox 2016 928 2069 983; x_wconf 91' lang='lat' dir='ltr'><strong>in</strong></span> <span class='ocrx_word' id='word_1_531' title='bbox 2122 929 2317 984; x_wconf 85' lang='lat' dir='ltr'><strong>Christi</strong></span> <span class='ocrx_word' id='word_1_532' title='bbox 2363 944 2579 999; x_wconf 87' lang='lat' dir='ltr'><strong>gregem</strong></span> <span class='ocrx_word' id='word_1_533' title='bbox 2635 946 2695 986; x_wconf 91' lang='lat' dir='ltr'><strong>se</strong></span> <span class='ocrx_word' id='word_1_534' title='bbox 2746 948 2841 1001; x_wconf 91' lang='lat' dir='ltr'><strong>per</strong></span> <span class='ocrx_word' id='word_1_535' title='bbox 2889 932 3252 1001; x_wconf 72' lang='lat' dir='ltr'><strong>ptenitentiam</strong></span> <span class='ocrx_word' id='word_1_536' title='bbox 3301 934 3599 998; x_wconf 83' lang='lat' dir='ltr'><strong>reduxisse,</strong></span> 
     </span>
    </p>
   </div>
   <div class='ocr_carea' id='block_1_69' title="bbox 2014 1019 3603 1086">
    <p class='ocr_par' dir='ltr' id='par_1_69' title="bbox 2014 1019 3603 1086">
     <span class='ocr_line' id='line_1_69' title="bbox 2014 1019 3603 1086; baseline 0.002 -12"><span class='ocrx_word' id='word_1_537' title='bbox 2014 1021 2125 1086; x_wconf 91' lang='lat' dir='ltr'><strong>ait,</strong></span> <span class='ocrx_word' id='word_1_538' title='bbox 2156 1019 2240 1074; x_wconf 90' lang='lat' dir='ltr'><strong>Ne</strong></span> <span class='ocrx_word' id='word_1_539' title='bbox 2275 1021 2722 1077; x_wconf 80' lang='lat' dir='ltr'><strong>circumveniantur</strong></span> <span class='ocrx_word' id='word_1_540' title='bbox 2746 1040 2777 1076; x_wconf 89' lang='lat' dir='ltr'><strong>a</strong></span> <span class='ocrx_word' id='word_1_541' title='bbox 2799 1032 2994 1077; x_wconf 88' lang='lat' dir='ltr'><strong>satana.</strong></span> <span class='ocrx_word' id='word_1_542' title='bbox 3046 1024 3103 1078; x_wconf 82' lang='lat' dir='ltr'><strong>Si</strong></span> <span class='ocrx_word' id='word_1_543' title='bbox 3142 1025 3283 1079; x_wconf 91' lang='lat' dir='ltr'><strong>enim</strong></span> <span class='ocrx_word' id='word_1_544' title='bbox 3310 1024 3377 1079; x_wconf 91' lang='lat' dir='ltr'><strong>de</strong></span> <span class='ocrx_word' id='word_1_545' title='bbox 3405 1035 3603 1080; x_wconf 69' lang='lat' dir='ltr'><strong>czetero</strong></span> 
     </span>
    </p>
   </div>
   <div class='ocr_carea' id='block_1_70' title="bbox 2014 1112 3602 1186">
    <p class='ocr_par' dir='ltr' id='par_1_70' title="bbox 2014 1112 3602 1186">
     <span class='ocr_line' id='line_1_70' title="bbox 2014 1112 3602 1186; baseline 0.004 -19"><span class='ocrx_word' id='word_1_546' title='bbox 2014 1112 2429 1181; x_wconf 86' lang='lat' dir='ltr'><strong>comprehendat</strong></span> <span class='ocrx_word' id='word_1_547' title='bbox 2452 1130 2608 1181; x_wconf 90' lang='lat' dir='ltr'><strong>eum,</strong></span> <span class='ocrx_word' id='word_1_548' title='bbox 2654 1125 2892 1171; x_wconf 89' lang='lat' dir='ltr'><strong>nostrum</strong></span> <span class='ocrx_word' id='word_1_549' title='bbox 2945 1118 3115 1186; x_wconf 87' lang='lat' dir='ltr'><strong>rapiet</strong></span> <span class='ocrx_word' id='word_1_550' title='bbox 3163 1118 3495 1183; x_wconf 83' lang='lat' dir='ltr'><strong>membrum,</strong></span> <span class='ocrx_word' id='word_1_551' title='bbox 3532 1119 3602 1174; x_wconf 83' lang='lat' dir='ltr'><strong>de</strong></span> 
     </span>
    </p>
   </div>
   <div class='ocr_carea' id='block_1_71' title="bbox 2013 1207 3596 1280">
    <p class='ocr_par' dir='ltr' id='par_1_71' title="bbox 2013 1207 3596 1280">
     <span class='ocr_line' id='line_1_71' title="bbox 2013 1207 3596 1280; baseline 0.004 -21"><span class='ocrx_word' id='word_1_552' title='bbox 2013 1221 2174 1275; x_wconf 86' lang='lat' dir='ltr'><strong>grege</strong></span> <span class='ocrx_word' id='word_1_553' title='bbox 2228 1221 2385 1261; x_wconf 86' lang='lat' dir='ltr'><strong>ovem</strong></span> <span class='ocrx_word' id='word_1_554' title='bbox 2433 1207 2731 1277; x_wconf 89' lang='lat' dir='ltr'><strong>surripiet:</strong></span> <span class='ocrx_word' id='word_1_555' title='bbox 2776 1223 2901 1263; x_wconf 88' lang='lat' dir='ltr'><strong>nam</strong></span> <span class='ocrx_word' id='word_1_556' title='bbox 2956 1209 3268 1278; x_wconf 58' lang='lat' dir='ltr'><strong>paenitentia</strong></span> <span class='ocrx_word' id='word_1_557' title='bbox 3318 1220 3596 1280; x_wconf 84' lang='lat' dir='ltr'><strong>peccatum</strong></span> 
     </span>
    </p>
   </div>
   <div class='ocr_carea' id='block_1_72' title="bbox 2013 1296 2278 1365">
    <p class='ocr_par' dir='ltr' id='par_1_72' title="bbox 2013 1296 2278 1365">
     <span class='ocr_line' id='line_1_72' title="bbox 2013 1296 2278 1365; baseline 0 -14"><span class='ocrx_word' id='word_1_558' title='bbox 2013 1296 2278 1365; x_wconf 91' lang='lat' dir='ltr'><strong>deposuit.</strong></span> 
     </span>
    </p>
   </div>
   <div class='ocr_carea' id='block_1_73' title="bbox 2085 1390 3599 1461">
    <p class='ocr_par' dir='ltr' id='par_1_73' title="bbox 2085 1390 3599 1461">
     <span class='ocr_line' id='line_1_73' title="bbox 2085 1390 3599 1461; baseline 0.002 -18"><span class='ocrx_word' id='word_1_559' title='bbox 2085 1390 2251 1445; x_wconf 72' lang='lat' dir='ltr'><strong>ludas</strong></span> <span class='ocrx_word' id='word_1_560' title='bbox 2300 1391 2344 1447; x_wconf 88' lang='lat' dir='ltr'><strong>si</strong></span> <span class='ocrx_word' id='word_1_561' title='bbox 2390 1407 2493 1447; x_wconf 89' lang='lat' dir='ltr'><strong>non</strong></span> <span class='ocrx_word' id='word_1_562' title='bbox 2538 1392 2886 1461; x_wconf 83' lang='lat' dir='ltr'><strong>desperasset,</strong></span> <span class='ocrx_word' id='word_1_563' title='bbox 2935 1391 3150 1445; x_wconf 85' lang='lat' dir='ltr'><strong>salutem</strong></span> <span class='ocrx_word' id='word_1_564' title='bbox 3200 1403 3599 1458; x_wconf 85' lang='lat' dir='ltr'><strong>consequutarus</strong></span> 
     </span>
    </p>
   </div>
   <div class='ocr_carea' id='block_1_74' title="bbox 2016 1483 3606 1554">
    <p class='ocr_par' dir='ltr' id='par_1_74' title="bbox 2016 1483 3606 1554">
     <span class='ocr_line' id='line_1_74' title="bbox 2016 1483 3606 1554; baseline 0.001 -18"><span class='ocrx_word' id='word_1_565' title='bbox 2016 1492 2141 1537; x_wconf 91' lang='lat' dir='ltr'><strong>erat.</strong></span> <span class='ocrx_word' id='word_1_566' title='bbox 2190 1512 2262 1522; x_wconf 89' lang='lat'><strong>—</strong></span> <span class='ocrx_word' id='word_1_567' title='bbox 2303 1483 2490 1539; x_wconf 89' lang='lat' dir='ltr'><strong>Sciens</strong></span> <span class='ocrx_word' id='word_1_568' title='bbox 2536 1484 2694 1554; x_wconf 84' lang='lat' dir='ltr'><strong>igitur</strong></span> <span class='ocrx_word' id='word_1_569' title='bbox 2724 1484 2917 1539; x_wconf 85' lang='lat' dir='ltr'><strong>Paulus</strong></span> <span class='ocrx_word' id='word_1_570' title='bbox 2949 1484 3074 1554; x_wconf 91' lang='lat' dir='ltr'><strong>quid</strong></span> <span class='ocrx_word' id='word_1_571' title='bbox 3123 1484 3319 1539; x_wconf 87' lang='lat' dir='ltr'><strong>fecerat</strong></span> <span class='ocrx_word' id='word_1_572' title='bbox 3363 1484 3606 1538; x_wconf 87' lang='lat' dir='ltr'><strong>diabolus</strong></span> 
     </span>
    </p>
   </div>
   <div class='ocr_carea' id='block_1_75' title="bbox 2014 1575 3602 1645">
    <p class='ocr_par' dir='ltr' id='par_1_75' title="bbox 2014 1575 3602 1645">
     <span class='ocr_line' id='line_1_75' title="bbox 2014 1575 3602 1645; baseline 0.001 -14"><span class='ocrx_word' id='word_1_573' title='bbox 2014 1575 2187 1644; x_wconf 76' lang='lat' dir='ltr'><strong>Judte,</strong></span> <span class='ocrx_word' id='word_1_574' title='bbox 2216 1576 2390 1631; x_wconf 91' lang='lat' dir='ltr'><strong>timuit</strong></span> <span class='ocrx_word' id='word_1_575' title='bbox 2409 1592 2478 1632; x_wconf 93' lang='lat' dir='ltr'><strong>ne</strong></span> <span class='ocrx_word' id='word_1_576' title='bbox 2501 1577 2585 1631; x_wconf 92' lang='lat' dir='ltr'><strong>hic</strong></span> <span class='ocrx_word' id='word_1_577' title='bbox 2608 1578 2833 1632; x_wconf 78' lang='lat' dir='ltr'><strong>fortasse</strong></span> <span class='ocrx_word' id='word_1_578' title='bbox 2860 1577 2998 1631; x_wconf 88' lang='lat' dir='ltr'><strong>idem</strong></span> <span class='ocrx_word' id='word_1_579' title='bbox 3023 1579 3238 1632; x_wconf 90' lang='lat' dir='ltr'><strong>faceret.</strong></span> <span class='ocrx_word' id='word_1_580' title='bbox 3262 1577 3396 1645; x_wconf 90' lang='lat' dir='ltr'><strong>Quid</strong></span> <span class='ocrx_word' id='word_1_581' title='bbox 3424 1588 3602 1632; x_wconf 91' lang='lat' dir='ltr'><strong>autem</strong></span> 
     </span>
    </p>
   </div>
   <div class='ocr_carea' id='block_1_76' title="bbox 2014 1668 3606 1739">
    <p class='ocr_par' dir='ltr' id='par_1_76' title="bbox 2014 1668 3606 1739">
     <span class='ocr_line' id='line_1_76' title="bbox 2014 1668 3606 1739; baseline -0.001 -16"><span class='ocrx_word' id='word_1_582' title='bbox 2014 1669 2140 1724; x_wconf 87' lang='lat' dir='ltr'><strong>fecit</strong></span> <span class='ocrx_word' id='word_1_583' title='bbox 2170 1669 2221 1725; x_wconf 89' lang='lat' dir='ltr'><strong>itt</strong></span> <span class='ocrx_word' id='word_1_584' title='bbox 2248 1668 2420 1725; x_wconf 80' lang='lat' dir='ltr'><strong>Juda‘!</strong></span> <span class='ocrx_word' id='word_1_585' title='bbox 2448 1668 2911 1725; x_wconf 77' lang='lat' dir='ltr'><strong>PcenituitJudam</strong></span> <span class='ocrx_word' id='word_1_586' title='bbox 2941 1687 2955 1723; x_wconf 90' lang='lat'><strong>:</strong></span> <span class='ocrx_word' id='word_1_587' title='bbox 2984 1668 3238 1736; x_wconf 85' lang='lat' dir='ltr'><strong>Peccavi,</strong></span> <span class='ocrx_word' id='word_1_588' title='bbox 3272 1668 3461 1739; x_wconf 90' lang='lat' dir='ltr'><strong>inquit,</strong></span> <span class='ocrx_word' id='word_1_589' title='bbox 3494 1679 3606 1722; x_wconf 86' lang='lat' dir='ltr'><strong>tra-</strong></span> 
     </span>
    </p>
   </div>
   <div class='ocr_carea' id='block_1_77' title="bbox 2015 1758 3606 1833">
    <p class='ocr_par' dir='ltr' id='par_1_77' title="bbox 2015 1758 3606 1833">
     <span class='ocr_line' id='line_1_77' title="bbox 2015 1758 3606 1833; baseline -0.001 -17"><span class='ocrx_word' id='word_1_590' title='bbox 2015 1761 2139 1816; x_wconf 85' lang='lat' dir='ltr'><strong>dens</strong></span> <span class='ocrx_word' id='word_1_591' title='bbox 2182 1762 2479 1832; x_wconf 86' lang='lat' dir='ltr'><strong>sanguinem</strong></span> <span class='ocrx_word' id='word_1_592' title='bbox 2512 1768 2713 1831; x_wconf 82' lang='lat' dir='ltr'><strong>justum</strong></span> <span class='ocrx_word' id='word_1_593' title='bbox 2740 1759 2954 1832; x_wconf 77' lang='lat' dir='ltr'><strong>(Matth.</strong></span> <span class='ocrx_word' id='word_1_594' title='bbox 2976 1760 3067 1815; x_wconf 75' lang='lat'><strong>27.</strong></span> <span class='ocrx_word' id='word_1_595' title='bbox 3098 1760 3155 1833; x_wconf 72' lang='grc'><strong>4)</strong></span> <span class='ocrx_word' id='word_1_596' title='bbox 3197 1777 3211 1816; x_wconf 88' lang='lat'><strong>:</strong></span> <span class='ocrx_word' id='word_1_597' title='bbox 3248 1759 3450 1819; x_wconf 87' lang='lat' dir='ltr'><strong>audivit</strong></span> <span class='ocrx_word' id='word_1_598' title='bbox 3487 1758 3606 1814; x_wconf 69' lang='lat' dir='ltr'><strong>haac</strong></span> 
     </span>
    </p>
   </div>
   <div class='ocr_carea' id='block_1_78' title="bbox 2016 1851 3603 1917">
    <p class='ocr_par' dir='ltr' id='par_1_78' title="bbox 2016 1851 3603 1917">
     <span class='ocr_line' id='line_1_78' title="bbox 2016 1851 3603 1917; baseline 0.001 -13"><span class='ocrx_word' id='word_1_599' title='bbox 2016 1852 2177 1907; x_wconf 87' lang='lat' dir='ltr'><strong>verba</strong></span> <span class='ocrx_word' id='word_1_600' title='bbox 2207 1852 2468 1917; x_wconf 89' lang='lat' dir='ltr'><strong>diabolus,</strong></span> <span class='ocrx_word' id='word_1_601' title='bbox 2498 1853 2647 1907; x_wconf 89' lang='lat' dir='ltr'><strong>novit</strong></span> <span class='ocrx_word' id='word_1_602' title='bbox 2674 1868 2795 1907; x_wconf 89' lang='lat' dir='ltr'><strong>eum</strong></span> <span class='ocrx_word' id='word_1_603' title='bbox 2822 1853 2876 1908; x_wconf 90' lang='lat' dir='ltr'><strong>in</strong></span> <span class='ocrx_word' id='word_1_604' title='bbox 2904 1852 3095 1907; x_wconf 87' lang='lat' dir='ltr'><strong>melius</strong></span> <span class='ocrx_word' id='word_1_605' title='bbox 3118 1852 3258 1907; x_wconf 88' lang='lat' dir='ltr'><strong>viam</strong></span> <span class='ocrx_word' id='word_1_606' title='bbox 3298 1852 3435 1908; x_wconf 91' lang='lat' dir='ltr'><strong>inire</strong></span> <span class='ocrx_word' id='word_1_607' title='bbox 3458 1861 3512 1907; x_wconf 92' lang='lat' dir='ltr'><strong>et</strong></span> <span class='ocrx_word' id='word_1_608' title='bbox 3536 1851 3603 1906; x_wconf 83' lang='lat' dir='ltr'><strong>ad</strong></span> 
     </span>
    </p>
   </div>
   <div class='ocr_carea' id='block_1_79' title="bbox 2016 1944 3601 2016">
    <p class='ocr_par' dir='ltr' id='par_1_79' title="bbox 2016 1944 3601 2016">
     <span class='ocr_line' id='line_1_79' title="bbox 2016 1944 3601 2016; baseline 0 -18"><span class='ocrx_word' id='word_1_609' title='bbox 2016 1944 2241 1999; x_wconf 91' lang='lat' dir='ltr'><strong>salutem</strong></span> <span class='ocrx_word' id='word_1_610' title='bbox 2273 1944 2509 2011; x_wconf 89' lang='lat' dir='ltr'><strong>tendere,</strong></span> <span class='ocrx_word' id='word_1_611' title='bbox 2539 1946 2815 2016; x_wconf 89' lang='lat' dir='ltr'><strong>timuitque</strong></span> <span class='ocrx_word' id='word_1_612' title='bbox 2840 1945 3209 2000; x_wconf 89' lang='lat' dir='ltr'><strong>mutationem.</strong></span> <span class='ocrx_word' id='word_1_613' title='bbox 3242 1944 3601 2009; x_wconf 88' lang='lat' dir='ltr'><strong>Clementem,</strong></span> 
     </span>
    </p>
   </div>
   <div class='ocr_carea' id='block_1_80' title="bbox 2017 2036 3602 2108">
    <p class='ocr_par' dir='ltr' id='par_1_80' title="bbox 2017 2036 3602 2108">
     <span class='ocr_line' id='line_1_80' title="bbox 2017 2036 3602 2108; baseline 0.003 -18"><span class='ocrx_word' id='word_1_614' title='bbox 2017 2036 2206 2107; x_wconf 91' lang='lat' dir='ltr'><strong>inquit,</strong></span> <span class='ocrx_word' id='word_1_615' title='bbox 2231 2036 2505 2091; x_wconf 91' lang='lat' dir='ltr'><strong>dominum</strong></span> <span class='ocrx_word' id='word_1_616' title='bbox 2529 2037 2686 2092; x_wconf 89' lang='lat' dir='ltr'><strong>habet</strong></span> <span class='ocrx_word' id='word_1_617' title='bbox 2713 2056 2725 2091; x_wconf 91' lang='lat'><strong>:</strong></span> <span class='ocrx_word' id='word_1_618' title='bbox 2752 2038 2838 2108; x_wconf 93' lang='lat' dir='ltr'><strong>qui</strong></span> <span class='ocrx_word' id='word_1_619' title='bbox 2867 2053 2988 2093; x_wconf 87' lang='lat' dir='ltr'><strong>cum</strong></span> <span class='ocrx_word' id='word_1_620' title='bbox 3013 2053 3071 2093; x_wconf 92' lang='lat' dir='ltr'><strong>se</strong></span> <span class='ocrx_word' id='word_1_621' title='bbox 3098 2038 3386 2094; x_wconf 89' lang='lat' dir='ltr'><strong>traditurus</strong></span> <span class='ocrx_word' id='word_1_622' title='bbox 3410 2038 3602 2106; x_wconf 88' lang='lat' dir='ltr'><strong>fuerat,</strong></span> 
     </span>
    </p>
   </div>
   <div class='ocr_carea' id='block_1_81' title="bbox 2016 2128 3606 2200">
    <p class='ocr_par' dir='ltr' id='par_1_81' title="bbox 2016 2128 3606 2200">
     <span class='ocr_line' id='line_1_81' title="bbox 2016 2128 3606 2200; baseline 0.004 -20"><span class='ocrx_word' id='word_1_623' title='bbox 2016 2128 2245 2197; x_wconf 91' lang='lat' dir='ltr'><strong>ploravit</strong></span> <span class='ocrx_word' id='word_1_624' title='bbox 2286 2144 2299 2180; x_wconf 87' lang='lat'><strong>:</strong></span> <span class='ocrx_word' id='word_1_625' title='bbox 2332 2137 2492 2199; x_wconf 91' lang='lat' dir='ltr'><strong>atque</strong></span> <span class='ocrx_word' id='word_1_626' title='bbox 2532 2130 2701 2198; x_wconf 91' lang='lat' dir='ltr'><strong>ipsum</strong></span> <span class='ocrx_word' id='word_1_627' title='bbox 2730 2129 2879 2184; x_wconf 90' lang='lat' dir='ltr'><strong>miris</strong></span> <span class='ocrx_word' id='word_1_628' title='bbox 2908 2132 3216 2200; x_wconf 91' lang='lat' dir='ltr'><strong>provocavit</strong></span> <span class='ocrx_word' id='word_1_629' title='bbox 3243 2131 3453 2197; x_wconf 91' lang='lat' dir='ltr'><strong>modis;</strong></span> <span class='ocrx_word' id='word_1_630' title='bbox 3508 2147 3606 2187; x_wconf 86' lang='lat' dir='ltr'><strong>an-</strong></span> 
     </span>
    </p>
   </div>
   <div class='ocr_carea' id='block_1_82' title="bbox 2016 2221 3603 2294">
    <p class='ocr_par' dir='ltr' id='par_1_82' title="bbox 2016 2221 3603 2294">
     <span class='ocr_line' id='line_1_82' title="bbox 2016 2221 3603 2294; baseline 0.002 -18"><span class='ocrx_word' id='word_1_631' title='bbox 2016 2235 2124 2276; x_wconf 91' lang='lat' dir='ltr'><strong>non</strong></span> <span class='ocrx_word' id='word_1_632' title='bbox 2163 2221 2331 2277; x_wconf 93' lang='lat' dir='ltr'><strong>multo</strong></span> <span class='ocrx_word' id='word_1_633' title='bbox 2361 2222 2530 2293; x_wconf 88' lang='lat' dir='ltr'><strong>magis</strong></span> <span class='ocrx_word' id='word_1_634' title='bbox 2568 2224 2913 2293; x_wconf 78' lang='lat' dir='ltr'><strong>ptenitentem</strong></span> <span class='ocrx_word' id='word_1_635' title='bbox 2941 2224 3236 2294; x_wconf 90' lang='lat' dir='ltr'><strong>suscipiet?</strong></span> <span class='ocrx_word' id='word_1_636' title='bbox 3265 2224 3603 2282; x_wconf 88' lang='lat' dir='ltr'><strong>Obstinatum</strong></span> 
     </span>
    </p>
   </div>
   <div class='ocr_carea' id='block_1_83' title="bbox 2017 2316 3607 2389">
    <p class='ocr_par' dir='ltr' id='par_1_83' title="bbox 2017 2316 3607 2389">
     <span class='ocr_line' id='line_1_83' title="bbox 2017 2316 3607 2389; baseline 0.002 -18"><span class='ocrx_word' id='word_1_637' title='bbox 2017 2324 2073 2371; x_wconf 91' lang='lat' dir='ltr'><strong>et</strong></span> <span class='ocrx_word' id='word_1_638' title='bbox 2099 2316 2450 2371; x_wconf 83' lang='lat' dir='ltr'><strong>incorrectum</strong></span> <span class='ocrx_word' id='word_1_639' title='bbox 2478 2316 2657 2371; x_wconf 85' lang='lat' dir='ltr'><strong>allexit</strong></span> <span class='ocrx_word' id='word_1_640' title='bbox 2682 2326 2736 2372; x_wconf 89' lang='lat' dir='ltr'><strong>et</strong></span> <span class='ocrx_word' id='word_1_641' title='bbox 2768 2317 3013 2383; x_wconf 86' lang='lat' dir='ltr'><strong>vocavit;</strong></span> <span class='ocrx_word' id='word_1_642' title='bbox 3044 2333 3223 2374; x_wconf 88' lang='lat' dir='ltr'><strong>nonne</strong></span> <span class='ocrx_word' id='word_1_643' title='bbox 3245 2319 3412 2373; x_wconf 92' lang='lat' dir='ltr'><strong>multo</strong></span> <span class='ocrx_word' id='word_1_644' title='bbox 3437 2322 3607 2389; x_wconf 85' lang='lat' dir='ltr'><strong>magis</strong></span> 
     </span>
    </p>
   </div>
   <div class='ocr_carea' id='block_1_84' title="bbox 2016 2409 3607 2479">
    <p class='ocr_par' dir='ltr' id='par_1_84' title="bbox 2016 2409 3607 2479">
     <span class='ocr_line' id='line_1_84' title="bbox 2016 2409 3607 2479; baseline 0.003 -17"><span class='ocrx_word' id='word_1_645' title='bbox 2016 2417 2312 2462; x_wconf 90' lang='lat' dir='ltr'><strong>correctum</strong></span> <span class='ocrx_word' id='word_1_646' title='bbox 2341 2417 2396 2463; x_wconf 91' lang='lat' dir='ltr'><strong>et</strong></span> <span class='ocrx_word' id='word_1_647' title='bbox 2424 2419 2698 2476; x_wconf 90' lang='lat' dir='ltr'><strong>peccatum</strong></span> <span class='ocrx_word' id='word_1_648' title='bbox 2742 2418 3119 2479; x_wconf 88' lang='lat' dir='ltr'><strong>agnoscentem</strong></span> <span class='ocrx_word' id='word_1_649' title='bbox 3150 2409 3363 2467; x_wconf 85' lang='lat' dir='ltr'><strong>trahet?</strong></span> <span class='ocrx_word' id='word_1_650' title='bbox 3407 2410 3607 2466; x_wconf 88' lang='lat' dir='ltr'><strong>idcirco</strong></span> 
     </span>
    </p>
   </div>
   <div class='ocr_carea' id='block_1_85' title="bbox 2016 2499 3608 2573">
    <p class='ocr_par' dir='ltr' id='par_1_85' title="bbox 2016 2499 3608 2573">
     <span class='ocr_line' id='line_1_85' title="bbox 2016 2499 3608 2573; baseline 0.002 -20"><span class='ocrx_word' id='word_1_651' title='bbox 2016 2499 2160 2554; x_wconf 88' lang='lat' dir='ltr'><strong>enim</strong></span> <span class='ocrx_word' id='word_1_652' title='bbox 2202 2499 2593 2570; x_wconf 85' lang='lat' dir='ltr'><strong>crucifigendus</strong></span> <span class='ocrx_word' id='word_1_653' title='bbox 2636 2501 2797 2555; x_wconf 91' lang='lat' dir='ltr'><strong>venit.</strong></span> <span class='ocrx_word' id='word_1_654' title='bbox 2846 2501 2984 2570; x_wconf 90' lang='lat' dir='ltr'><strong>Quid</strong></span> <span class='ocrx_word' id='word_1_655' title='bbox 3024 2516 3153 2573; x_wconf 90' lang='lat' dir='ltr'><strong>ergo</strong></span> <span class='ocrx_word' id='word_1_656' title='bbox 3201 2501 3365 2563; x_wconf 76' lang='lat' dir='ltr'><strong>fecit?</strong></span> <span class='ocrx_word' id='word_1_657' title='bbox 3418 2502 3608 2557; x_wconf 84' lang='lat' dir='ltr'><strong>Exter-</strong></span> 
     </span>
    </p>
   </div>
   <div class='ocr_carea' id='block_1_86' title="bbox 2016 2592 3601 2664">
    <p class='ocr_par' dir='ltr' id='par_1_86' title="bbox 2016 2592 3601 2664">
     <span class='ocr_line' id='line_1_86' title="bbox 2016 2592 3601 2664; baseline 0.001 -19"><span class='ocrx_word' id='word_1_658' title='bbox 2016 2593 2123 2646; x_wconf 90' lang='lat' dir='ltr'><strong>ruit</strong></span> <span class='ocrx_word' id='word_1_659' title='bbox 2150 2608 2272 2647; x_wconf 92' lang='lat' dir='ltr'><strong>eum</strong></span> <span class='ocrx_word' id='word_1_660' title='bbox 2299 2600 2353 2647; x_wconf 93' lang='lat' dir='ltr'><strong>et</strong></span> <span class='ocrx_word' id='word_1_661' title='bbox 2376 2592 2747 2648; x_wconf 87' lang='lat' dir='ltr'><strong>obtenebravit</strong></span> <span class='ocrx_word' id='word_1_662' title='bbox 2775 2593 3024 2649; x_wconf 83' lang='lat' dir='ltr'><strong>maeroris</strong></span> <span class='ocrx_word' id='word_1_663' title='bbox 3050 2593 3409 2664; x_wconf 89' lang='lat' dir='ltr'><strong>magnitudine</strong></span> <span class='ocrx_word' id='word_1_664' title='bbox 3434 2634 3448 2658; x_wconf 91' lang='lat'><strong>,</strong></span> <span class='ocrx_word' id='word_1_665' title='bbox 3474 2608 3601 2663; x_wconf 88' lang='lat' dir='ltr'><strong>per-</strong></span> 
     </span>
    </p>
   </div>
   <div class='ocr_carea' id='block_1_87' title="bbox 2016 2682 3607 2752">
    <p class='ocr_par' dir='ltr' id='par_1_87' title="bbox 2016 2682 3607 2752">
     <span class='ocr_line' id='line_1_87' title="bbox 2016 2682 3607 2752; baseline 0.003 -17"><span class='ocrx_word' id='word_1_666' title='bbox 2016 2690 2269 2751; x_wconf 91' lang='lat' dir='ltr'><strong>sequutus</strong></span> <span class='ocrx_word' id='word_1_667' title='bbox 2298 2689 2400 2748; x_wconf 88' lang='lat' dir='ltr'><strong>est,</strong></span> <span class='ocrx_word' id='word_1_668' title='bbox 2433 2682 2639 2750; x_wconf 88' lang='lat' dir='ltr'><strong>impulit</strong></span> <span class='ocrx_word' id='word_1_669' title='bbox 2673 2682 2846 2737; x_wconf 91' lang='lat' dir='ltr'><strong>donec</strong></span> <span class='ocrx_word' id='word_1_670' title='bbox 2869 2682 2938 2737; x_wconf 90' lang='lat' dir='ltr'><strong>ad</strong></span> <span class='ocrx_word' id='word_1_671' title='bbox 2966 2683 3213 2752; x_wconf 87' lang='lat' dir='ltr'><strong>laqueum</strong></span> <span class='ocrx_word' id='word_1_672' title='bbox 3242 2682 3415 2748; x_wconf 87' lang='lat' dir='ltr'><strong>duxit,</strong></span> <span class='ocrx_word' id='word_1_673' title='bbox 3444 2692 3607 2752; x_wconf 84' lang='lat' dir='ltr'><strong>atque</strong></span> 
     </span>
    </p>
   </div>
   <div class='ocr_carea' id='block_1_88' title="bbox 2017 2772 3607 2844">
    <p class='ocr_par' dir='ltr' id='par_1_88' title="bbox 2017 2772 3607 2844">
     <span class='ocr_line' id='line_1_88' title="bbox 2017 2772 3607 2844; baseline -0.001 -17"><span class='ocrx_word' id='word_1_674' title='bbox 2017 2788 2049 2827; x_wconf 89' lang='lat' dir='ltr'><strong>e</strong></span> <span class='ocrx_word' id='word_1_675' title='bbox 2075 2773 2326 2844; x_wconf 68' lang='lat' dir='ltr'><strong>prmsenti</strong></span> <span class='ocrx_word' id='word_1_676' title='bbox 2350 2772 2535 2828; x_wconf 83' lang='lat' dir='ltr'><strong>eduxit</strong></span> <span class='ocrx_word' id='word_1_677' title='bbox 2561 2774 2667 2827; x_wconf 88' lang='lat' dir='ltr'><strong>vita</strong></span> <span class='ocrx_word' id='word_1_678' title='bbox 2688 2813 2703 2839; x_wconf 95' lang='lat'><strong>,</strong></span> <span class='ocrx_word' id='word_1_679' title='bbox 2736 2773 3167 2843; x_wconf 67' lang='lat' dir='ltr'><strong>pmnitentiteque</strong></span> <span class='ocrx_word' id='word_1_680' title='bbox 3194 2774 3467 2844; x_wconf 91' lang='lat' dir='ltr'><strong>proposito</strong></span> <span class='ocrx_word' id='word_1_681' title='bbox 3494 2788 3607 2843; x_wconf 86' lang='lat' dir='ltr'><strong>prt-</strong></span> 
     </span>
    </p>
   </div>
   <div class='ocr_carea' id='block_1_89' title="bbox 2015 2864 3607 2934">
    <p class='ocr_par' dir='ltr' id='par_1_89' title="bbox 2015 2864 3607 2934">
     <span class='ocr_line' id='line_1_89' title="bbox 2015 2864 3607 2934; baseline 0.001 -17"><span class='ocrx_word' id='word_1_682' title='bbox 2015 2865 2177 2920; x_wconf 89' lang='lat' dir='ltr'><strong>vavit.</strong></span> <span class='ocrx_word' id='word_1_683' title='bbox 2212 2864 2363 2931; x_wconf 85' lang='lat' dir='ltr'><strong>Quod</strong></span> <span class='ocrx_word' id='word_1_684' title='bbox 2388 2864 2533 2919; x_wconf 91' lang='lat' dir='ltr'><strong>enim</strong></span> <span class='ocrx_word' id='word_1_685' title='bbox 2564 2865 2609 2918; x_wconf 90' lang='lat' dir='ltr'><strong>si</strong></span> <span class='ocrx_word' id='word_1_686' title='bbox 2638 2865 2897 2931; x_wconf 82' lang='lat' dir='ltr'><strong>vixisset,</strong></span> <span class='ocrx_word' id='word_1_687' title='bbox 2929 2874 2983 2920; x_wconf 88' lang='lat' dir='ltr'><strong>et</strong></span> <span class='ocrx_word' id='word_1_688' title='bbox 3023 2866 3136 2934; x_wconf 88' lang='lat' dir='ltr'><strong>ipse</strong></span> <span class='ocrx_word' id='word_1_689' title='bbox 3162 2865 3389 2919; x_wconf 89' lang='lat' dir='ltr'><strong>salutem</strong></span> <span class='ocrx_word' id='word_1_690' title='bbox 3411 2879 3607 2919; x_wconf 74' lang='lat' dir='ltr'><strong>conse-</strong></span> 
     </span>
    </p>
   </div>
   <div class='ocr_carea' id='block_1_90' title="bbox 2015 2956 3603 3027">
    <p class='ocr_par' dir='ltr' id='par_1_90' title="bbox 2015 2956 3603 3027">
     <span class='ocr_line' id='line_1_90' title="bbox 2015 2956 3603 3027; baseline 0 -17"><span class='ocrx_word' id='word_1_691' title='bbox 2015 2966 2277 3025; x_wconf 90' lang='lat' dir='ltr'><strong>quuturus</strong></span> <span class='ocrx_word' id='word_1_692' title='bbox 2302 2966 2479 3024; x_wconf 88' lang='lat' dir='ltr'><strong>esset,</strong></span> <span class='ocrx_word' id='word_1_693' title='bbox 2520 2957 2694 3027; x_wconf 89' lang='lat' dir='ltr'><strong>palam</strong></span> <span class='ocrx_word' id='word_1_694' title='bbox 2720 2966 2802 3011; x_wconf 90' lang='lat' dir='ltr'><strong>est</strong></span> <span class='ocrx_word' id='word_1_695' title='bbox 2830 2973 2898 3012; x_wconf 89' lang='lat' dir='ltr'><strong>ex</strong></span> <span class='ocrx_word' id='word_1_696' title='bbox 2926 2957 3348 3013; x_wconf 87' lang='lat' dir='ltr'><strong>crucifixoribus.</strong></span> <span class='ocrx_word' id='word_1_697' title='bbox 3382 2956 3438 3012; x_wconf 89' lang='lat' dir='ltr'><strong>Si</strong></span> <span class='ocrx_word' id='word_1_698' title='bbox 3460 2957 3603 3012; x_wconf 92' lang='lat' dir='ltr'><strong>enim</strong></span> 
     </span>
    </p>
   </div>
   <div class='ocr_carea' id='block_1_91' title="bbox 2016 3049 3603 3121">
    <p class='ocr_par' dir='ltr' id='par_1_91' title="bbox 2016 3049 3603 3121">
     <span class='ocr_line' id='line_1_91' title="bbox 2016 3049 3603 3121; baseline -0.001 -15"><span class='ocrx_word' id='word_1_699' title='bbox 2016 3049 2117 3106; x_wconf 84' lang='lat' dir='ltr'><strong>hos</strong></span> <span class='ocrx_word' id='word_1_700' title='bbox 2145 3049 2235 3121; x_wconf 90' lang='lat' dir='ltr'><strong>qui</strong></span> <span class='ocrx_word' id='word_1_701' title='bbox 2261 3066 2383 3105; x_wconf 90' lang='lat' dir='ltr'><strong>eum</strong></span> <span class='ocrx_word' id='word_1_702' title='bbox 2412 3051 2788 3106; x_wconf 85' lang='lat' dir='ltr'><strong>crucifixeraut</strong></span> <span class='ocrx_word' id='word_1_703' title='bbox 2813 3050 2983 3105; x_wconf 84' lang='lat' dir='ltr'><strong>salute</strong></span> <span class='ocrx_word' id='word_1_704' title='bbox 3008 3049 3257 3114; x_wconf 89' lang='lat' dir='ltr'><strong>donavit,</strong></span> <span class='ocrx_word' id='word_1_705' title='bbox 3299 3061 3354 3105; x_wconf 91' lang='lat' dir='ltr'><strong>et</strong></span> <span class='ocrx_word' id='word_1_706' title='bbox 3397 3052 3510 3121; x_wconf 89' lang='lat' dir='ltr'><strong>ipse</strong></span> <span class='ocrx_word' id='word_1_707' title='bbox 3551 3052 3603 3105; x_wconf 90' lang='lat' dir='ltr'><strong>in</strong></span> 
     </span>
    </p>
   </div>
   <div class='ocr_carea' id='block_1_92' title="bbox 2014 3142 3603 3213">
    <p class='ocr_par' dir='ltr' id='par_1_92' title="bbox 2014 3142 3603 3213">
     <span class='ocr_line' id='line_1_92' title="bbox 2014 3142 3603 3213; baseline 0 -15"><span class='ocrx_word' id='word_1_708' title='bbox 2014 3157 2175 3198; x_wconf 89' lang='lat' dir='ltr'><strong>cruce</strong></span> <span class='ocrx_word' id='word_1_709' title='bbox 2228 3142 2494 3198; x_wconf 84' lang='lat' dir='ltr'><strong>exsistens</strong></span> <span class='ocrx_word' id='word_1_710' title='bbox 2542 3145 2748 3213; x_wconf 83' lang='lat' dir='ltr'><strong>rogavit</strong></span> <span class='ocrx_word' id='word_1_711' title='bbox 2805 3143 3059 3211; x_wconf 86' lang='lat' dir='ltr'><strong>Patrem,</strong></span> <span class='ocrx_word' id='word_1_712' title='bbox 3113 3142 3603 3213; x_wconf 86' lang='lat' dir='ltr'><strong>indulgentiamque</strong></span> 
     </span>
    </p>
   </div>
   <div class='ocr_carea' id='block_1_93' title="bbox 2016 3233 3601 3305">
    <p class='ocr_par' dir='ltr' id='par_1_93' title="bbox 2016 3233 3601 3305">
     <span class='ocr_line' id='line_1_93' title="bbox 2016 3233 3601 3305; baseline 0 -16"><span class='ocrx_word' id='word_1_713' title='bbox 2016 3242 2177 3289; x_wconf 70' lang='lat' dir='ltr'><strong>tanta:</strong></span> <span class='ocrx_word' id='word_1_714' title='bbox 2222 3234 2457 3288; x_wconf 66' lang='lat' dir='ltr'><strong>audaciae</strong></span> <span class='ocrx_word' id='word_1_715' title='bbox 2493 3234 2781 3304; x_wconf 87' lang='lat' dir='ltr'><strong>postulavit</strong></span> <span class='ocrx_word' id='word_1_716' title='bbox 2821 3251 2835 3289; x_wconf 90' lang='lat'><strong>:</strong></span> <span class='ocrx_word' id='word_1_717' title='bbox 2877 3242 3088 3290; x_wconf 90' lang='lat' dir='ltr'><strong>constat</strong></span> <span class='ocrx_word' id='word_1_718' title='bbox 3137 3233 3281 3304; x_wconf 90' lang='lat' dir='ltr'><strong>quod</strong></span> <span class='ocrx_word' id='word_1_719' title='bbox 3329 3243 3385 3290; x_wconf 89' lang='lat' dir='ltr'><strong>et</strong></span> <span class='ocrx_word' id='word_1_720' title='bbox 3428 3234 3601 3305; x_wconf 91' lang='lat' dir='ltr'><strong>ipsum</strong></span> 
     </span>
    </p>
   </div>
   <div class='ocr_carea' id='block_1_94' title="bbox 2015 3327 3601 3399">
    <p class='ocr_par' dir='ltr' id='par_1_94' title="bbox 2015 3327 3601 3399">
     <span class='ocr_line' id='line_1_94' title="bbox 2015 3327 3601 3399; baseline -0.003 -16"><span class='ocrx_word' id='word_1_721' title='bbox 2015 3328 2341 3399; x_wconf 78' lang='lat' dir='ltr'><strong>proditorem</strong></span> <span class='ocrx_word' id='word_1_722' title='bbox 2376 3328 2535 3398; x_wconf 87' lang='lat' dir='ltr'><strong>digne</strong></span> <span class='ocrx_word' id='word_1_723' title='bbox 2572 3330 2918 3398; x_wconf 74' lang='lat' dir='ltr'><strong>ptenitentem</strong></span> <span class='ocrx_word' id='word_1_724' title='bbox 2960 3342 3082 3382; x_wconf 92' lang='lat' dir='ltr'><strong>cum</strong></span> <span class='ocrx_word' id='word_1_725' title='bbox 3118 3327 3263 3382; x_wconf 89' lang='lat' dir='ltr'><strong>omni</strong></span> <span class='ocrx_word' id='word_1_726' title='bbox 3293 3338 3601 3383; x_wconf 88' lang='lat' dir='ltr'><strong>mansuetu-</strong></span> 
     </span>
    </p>
   </div>
   <div class='ocr_carea' id='block_1_95' title="bbox 2013 3419 3603 3491">
    <p class='ocr_par' dir='ltr' id='par_1_95' title="bbox 2013 3419 3603 3491">
     <span class='ocr_line' id='line_1_95' title="bbox 2013 3419 3603 3491; baseline 0 -17"><span class='ocrx_word' id='word_1_727' title='bbox 2013 3421 2141 3476; x_wconf 91' lang='lat' dir='ltr'><strong>dine</strong></span> <span class='ocrx_word' id='word_1_728' title='bbox 2186 3422 2545 3491; x_wconf 87' lang='lat' dir='ltr'><strong>suscepisset;</strong></span> <span class='ocrx_word' id='word_1_729' title='bbox 2595 3420 2688 3475; x_wconf 90' lang='lat' dir='ltr'><strong>sed</strong></span> <span class='ocrx_word' id='word_1_730' title='bbox 2735 3420 2825 3476; x_wconf 90' lang='lat' dir='ltr'><strong>ille</strong></span> <span class='ocrx_word' id='word_1_731' title='bbox 2865 3420 2918 3475; x_wconf 92' lang='lat' dir='ltr'><strong>in</strong></span> <span class='ocrx_word' id='word_1_732' title='bbox 2964 3419 3204 3475; x_wconf 87' lang='lat' dir='ltr'><strong>remedio</strong></span> <span class='ocrx_word' id='word_1_733' title='bbox 3232 3434 3451 3474; x_wconf 87' lang='lat' dir='ltr'><strong>manere</strong></span> <span class='ocrx_word' id='word_1_734' title='bbox 3494 3435 3603 3475; x_wconf 87' lang='lat' dir='ltr'><strong>non</strong></span> 
     </span>
    </p>
   </div>
   <div class='ocr_carea' id='block_1_96' title="bbox 2014 3509 3603 3580">
    <p class='ocr_par' dir='ltr' id='par_1_96' title="bbox 2014 3509 3603 3580">
     <span class='ocr_line' id='line_1_96' title="bbox 2014 3509 3603 3580; baseline -0.001 -15"><span class='ocrx_word' id='word_1_735' title='bbox 2014 3513 2166 3576; x_wconf 91' lang='lat' dir='ltr'><strong>tulit,</strong></span> <span class='ocrx_word' id='word_1_736' title='bbox 2213 3526 2446 3566; x_wconf 64' lang='lat' dir='ltr'><strong>maerore</strong></span> <span class='ocrx_word' id='word_1_737' title='bbox 2485 3511 2650 3567; x_wconf 90' lang='lat' dir='ltr'><strong>nimio</strong></span> <span class='ocrx_word' id='word_1_738' title='bbox 2675 3511 2979 3580; x_wconf 89' lang='lat' dir='ltr'><strong>absorptus.</strong></span> <span class='ocrx_word' id='word_1_739' title='bbox 3037 3509 3090 3564; x_wconf 90' lang='lat' dir='ltr'><strong>id</strong></span> <span class='ocrx_word' id='word_1_740' title='bbox 3141 3509 3300 3579; x_wconf 78' lang='lat' dir='ltr'><strong>igitur</strong></span> <span class='ocrx_word' id='word_1_741' title='bbox 3329 3518 3384 3565; x_wconf 91' lang='lat' dir='ltr'><strong>et</strong></span> <span class='ocrx_word' id='word_1_742' title='bbox 3408 3509 3603 3564; x_wconf 88' lang='lat' dir='ltr'><strong>Paulus</strong></span> 
     </span>
    </p>
   </div>
   <div class='ocr_carea' id='block_1_97' title="bbox 2014 3600 3603 3673">
    <p class='ocr_par' dir='ltr' id='par_1_97' title="bbox 2014 3600 3603 3673">
     <span class='ocr_line' id='line_1_97' title="bbox 2014 3600 3603 3673; baseline -0.003 -14"><span class='ocrx_word' id='word_1_743' title='bbox 2014 3606 2247 3673; x_wconf 90' lang='lat' dir='ltr'><strong>timens,</strong></span> <span class='ocrx_word' id='word_1_744' title='bbox 2302 3604 2607 3661; x_wconf 89' lang='lat' dir='ltr'><strong>Corinthios</strong></span> <span class='ocrx_word' id='word_1_745' title='bbox 2656 3603 2979 3659; x_wconf 86' lang='lat' dir='ltr'><strong>sollicitabat</strong></span> <span class='ocrx_word' id='word_1_746' title='bbox 3029 3602 3238 3673; x_wconf 91' lang='lat' dir='ltr'><strong>eripere</strong></span> <span class='ocrx_word' id='word_1_747' title='bbox 3281 3617 3310 3656; x_wconf 90' lang='lat' dir='ltr'><strong>a</strong></span> <span class='ocrx_word' id='word_1_748' title='bbox 3361 3600 3603 3657; x_wconf 86' lang='lat' dir='ltr'><strong>faucibus</strong></span> 
     </span>
    </p>
   </div>
   <div class='ocr_carea' id='block_1_98' title="bbox 2011 3692 3601 3765">
    <p class='ocr_par' dir='ltr' id='par_1_98' title="bbox 2011 3692 3601 3765">
     <span class='ocr_line' id='line_1_98' title="bbox 2011 3692 3601 3765; baseline -0.003 -15"><span class='ocrx_word' id='word_1_749' title='bbox 2011 3696 2210 3752; x_wconf 88' lang='lat' dir='ltr'><strong>diaboli</strong></span> <span class='ocrx_word' id='word_1_750' title='bbox 2241 3697 2533 3750; x_wconf 88' lang='lat' dir='ltr'><strong>hominem.</strong></span> <span class='ocrx_word' id='word_1_751' title='bbox 2581 3696 2647 3751; x_wconf 86' lang='lat' dir='ltr'><strong>Et</strong></span> <span class='ocrx_word' id='word_1_752' title='bbox 2671 3695 2797 3765; x_wconf 89' lang='lat' dir='ltr'><strong>quid</strong></span> <span class='ocrx_word' id='word_1_753' title='bbox 2822 3710 2958 3765; x_wconf 83' lang='lat' dir='ltr'><strong>Opus</strong></span> <span class='ocrx_word' id='word_1_754' title='bbox 2986 3702 3070 3750; x_wconf 91' lang='lat' dir='ltr'><strong>est</strong></span> <span class='ocrx_word' id='word_1_755' title='bbox 3096 3693 3165 3748; x_wconf 91' lang='lat' dir='ltr'><strong>de</strong></span> <span class='ocrx_word' id='word_1_756' title='bbox 3201 3693 3490 3749; x_wconf 90' lang='lat' dir='ltr'><strong>Corinthiis</strong></span> <span class='ocrx_word' id='word_1_757' title='bbox 3516 3692 3601 3746; x_wconf 84' lang='lat' dir='ltr'><strong>di-</strong></span> 
     </span>
    </p>
   </div>
   <div class='ocr_carea' id='block_1_99' title="bbox 2011 3785 3597 3857">
    <p class='ocr_par' dir='ltr' id='par_1_99' title="bbox 2011 3785 3597 3857">
     <span class='ocr_line' id='line_1_99' title="bbox 2011 3785 3597 3857; baseline -0.003 -13"><span class='ocrx_word' id='word_1_758' title='bbox 2011 3791 2174 3844; x_wconf 85' lang='lat' dir='ltr'><strong>cere?</strong></span> <span class='ocrx_word' id='word_1_759' title='bbox 2213 3789 2405 3844; x_wconf 88' lang='lat' dir='ltr'><strong>Petrus</strong></span> <span class='ocrx_word' id='word_1_760' title='bbox 2433 3788 2574 3844; x_wconf 89' lang='lat' dir='ltr'><strong>enim</strong></span> <span class='ocrx_word' id='word_1_761' title='bbox 2606 3798 2727 3857; x_wconf 89' lang='lat' dir='ltr'><strong>post</strong></span> <span class='ocrx_word' id='word_1_762' title='bbox 2752 3787 3128 3857; x_wconf 84' lang='lat' dir='ltr'><strong>mysteriorum</strong></span> <span class='ocrx_word' id='word_1_763' title='bbox 3166 3785 3597 3841; x_wconf 89' lang='lat' dir='ltr'><strong>communionem</strong></span> 
     </span>
    </p>
   </div>
   <div class='ocr_carea' id='block_1_100' title="bbox 2014 3878 3596 3952">
    <p class='ocr_par' dir='ltr' id='par_1_100' title="bbox 2014 3878 3596 3952">
     <span class='ocr_line' id='line_1_100' title="bbox 2014 3878 3596 3952; baseline -0.003 -16"><span class='ocrx_word' id='word_1_764' title='bbox 2014 3891 2095 3936; x_wconf 90' lang='lat' dir='ltr'><strong>ter</strong></span> <span class='ocrx_word' id='word_1_765' title='bbox 2120 3892 2312 3952; x_wconf 88' lang='lat' dir='ltr'><strong>negat,</strong></span> <span class='ocrx_word' id='word_1_766' title='bbox 2362 3889 2417 3937; x_wconf 91' lang='lat' dir='ltr'><strong>et</strong></span> <span class='ocrx_word' id='word_1_767' title='bbox 2457 3882 2671 3950; x_wconf 90' lang='lat' dir='ltr'><strong>plorans</strong></span> <span class='ocrx_word' id='word_1_768' title='bbox 2697 3879 2895 3935; x_wconf 87' lang='lat' dir='ltr'><strong>delevit</strong></span> <span class='ocrx_word' id='word_1_769' title='bbox 2923 3881 3101 3934; x_wconf 91' lang='lat' dir='ltr'><strong>omnia</strong></span> <span class='ocrx_word' id='word_1_770' title='bbox 3136 3897 3148 3933; x_wconf 93' lang='lat'><strong>:</strong></span> <span class='ocrx_word' id='word_1_771' title='bbox 3186 3878 3380 3933; x_wconf 86' lang='lat' dir='ltr'><strong>Paulus</strong></span> <span class='ocrx_word' id='word_1_772' title='bbox 3410 3892 3596 3947; x_wconf 89' lang='lat' dir='ltr'><strong>perse-</strong></span> 
     </span>
    </p>
   </div>
   <div class='ocr_carea' id='block_1_101' title="bbox 2010 3968 3595 4045">
    <p class='ocr_par' dir='ltr' id='par_1_101' title="bbox 2010 3968 3595 4045">
     <span class='ocr_line' id='line_1_101' title="bbox 2010 3968 3595 4045; baseline -0.003 -17"><span class='ocrx_word' id='word_1_773' title='bbox 2010 3983 2241 4045; x_wconf 90' lang='lat' dir='ltr'><strong>quutor,</strong></span> <span class='ocrx_word' id='word_1_774' title='bbox 2291 3972 2634 4042; x_wconf 88' lang='lat' dir='ltr'><strong>blasphemus</strong></span> <span class='ocrx_word' id='word_1_775' title='bbox 2661 3981 2716 4026; x_wconf 93' lang='lat' dir='ltr'><strong>et</strong></span> <span class='ocrx_word' id='word_1_776' title='bbox 2759 3971 3214 4037; x_wconf 88' lang='lat' dir='ltr'><strong>contumeliosus,</strong></span> <span class='ocrx_word' id='word_1_777' title='bbox 3266 3985 3372 4024; x_wconf 91' lang='lat' dir='ltr'><strong>non</strong></span> <span class='ocrx_word' id='word_1_778' title='bbox 3418 3968 3595 4023; x_wconf 85' lang='lat' dir='ltr'><strong>cruci-</strong></span> 
     </span>
    </p>
   </div>
   <div class='ocr_carea' id='block_1_102' title="bbox 2012 4061 3599 4133">
    <p class='ocr_par' dir='ltr' id='par_1_102' title="bbox 2012 4061 3599 4133">
     <span class='ocr_line' id='line_1_102' title="bbox 2012 4061 3599 4133; baseline -0.003 -13"><span class='ocrx_word' id='word_1_779' title='bbox 2012 4067 2173 4121; x_wconf 86' lang='lat' dir='ltr'><strong>fixum</strong></span> <span class='ocrx_word' id='word_1_780' title='bbox 2199 4065 2359 4119; x_wconf 90' lang='lat' dir='ltr'><strong>modo</strong></span> <span class='ocrx_word' id='word_1_781' title='bbox 2379 4106 2394 4130; x_wconf 94' lang='lat'><strong>,</strong></span> <span class='ocrx_word' id='word_1_782' title='bbox 2426 4063 2522 4120; x_wconf 86' lang='lat' dir='ltr'><strong>sed</strong></span> <span class='ocrx_word' id='word_1_783' title='bbox 2550 4064 2689 4119; x_wconf 90' lang='lat' dir='ltr'><strong>illius</strong></span> <span class='ocrx_word' id='word_1_784' title='bbox 2729 4065 3007 4119; x_wconf 90' lang='lat' dir='ltr'><strong>universos</strong></span> <span class='ocrx_word' id='word_1_785' title='bbox 3044 4077 3392 4133; x_wconf 89' lang='lat' dir='ltr'><strong>persequens.</strong></span> <span class='ocrx_word' id='word_1_786' title='bbox 3428 4061 3599 4131; x_wconf 74' lang='lat' dir='ltr'><strong>pretii-</strong></span> 
     </span>
    </p>
   </div>
   <div class='ocr_carea' id='block_1_103' title="bbox 2012 4153 3598 4225">
    <p class='ocr_par' dir='ltr' id='par_1_103' title="bbox 2012 4153 3598 4225">
     <span class='ocr_line' id='line_1_103' title="bbox 2012 4153 3598 4225; baseline -0.002 -15"><span class='ocrx_word' id='word_1_787' title='bbox 2012 4157 2174 4211; x_wconf 91' lang='lat' dir='ltr'><strong>tentia</strong></span> <span class='ocrx_word' id='word_1_788' title='bbox 2225 4155 2457 4220; x_wconf 90' lang='lat' dir='ltr'><strong>ductus,</strong></span> <span class='ocrx_word' id='word_1_789' title='bbox 2510 4156 2786 4225; x_wconf 87' lang='lat' dir='ltr'><strong>apostolus</strong></span> <span class='ocrx_word' id='word_1_790' title='bbox 2829 4154 3079 4209; x_wconf 86' lang='lat' dir='ltr'><strong>efficitur.</strong></span> <span class='ocrx_word' id='word_1_791' title='bbox 3138 4153 3323 4209; x_wconf 91' lang='lat' dir='ltr'><strong>Solum</strong></span> <span class='ocrx_word' id='word_1_792' title='bbox 3370 4168 3400 4206; x_wconf 88' lang='lat' dir='ltr'><strong>a</strong></span> <span class='ocrx_word' id='word_1_793' title='bbox 3443 4153 3598 4207; x_wconf 88' lang='lat' dir='ltr'><strong>nobis</strong></span> 
     </span>
    </p>
   </div>
   <div class='ocr_carea' id='block_1_104' title="bbox 2013 4245 3596 4316">
    <p class='ocr_par' dir='ltr' id='par_1_104' title="bbox 2013 4245 3596 4316">
     <span class='ocr_line' id='line_1_104' title="bbox 2013 4245 3596 4316; baseline -0.001 -15"><span class='ocrx_word' id='word_1_794' title='bbox 2013 4248 2148 4302; x_wconf 91' lang='lat' dir='ltr'><strong>Deus</strong></span> <span class='ocrx_word' id='word_1_795' title='bbox 2175 4249 2509 4304; x_wconf 89' lang='lat' dir='ltr'><strong>occasionem</strong></span> <span class='ocrx_word' id='word_1_796' title='bbox 2532 4247 2615 4301; x_wconf 92' lang='lat' dir='ltr'><strong>vel</strong></span> <span class='ocrx_word' id='word_1_797' title='bbox 2642 4261 2857 4316; x_wconf 92' lang='lat' dir='ltr'><strong>parvam</strong></span> <span class='ocrx_word' id='word_1_798' title='bbox 2884 4245 3125 4315; x_wconf 89' lang='lat' dir='ltr'><strong>requirit,</strong></span> <span class='ocrx_word' id='word_1_799' title='bbox 3170 4254 3328 4314; x_wconf 90' lang='lat' dir='ltr'><strong>atque</strong></span> <span class='ocrx_word' id='word_1_800' title='bbox 3350 4247 3596 4299; x_wconf 87' lang='lat' dir='ltr'><strong>universa</strong></span> 
     </span>
    </p>
   </div>
   <div class='ocr_carea' id='block_1_105' title="bbox 2008 4334 3596 4408">
    <p class='ocr_par' dir='ltr' id='par_1_105' title="bbox 2008 4334 3596 4408">
     <span class='ocr_line' id='line_1_105' title="bbox 2008 4334 3596 4408; baseline -0.003 -15"><span class='ocrx_word' id='word_1_801' title='bbox 2008 4339 2226 4394; x_wconf 87' lang='lat' dir='ltr'><strong>dimittit</strong></span> <span class='ocrx_word' id='word_1_802' title='bbox 2257 4340 2410 4394; x_wconf 90' lang='lat' dir='ltr'><strong>nobis</strong></span> <span class='ocrx_word' id='word_1_803' title='bbox 2435 4350 2671 4408; x_wconf 88' lang='lat' dir='ltr'><strong>peccata.</strong></span> <span class='ocrx_word' id='word_1_804' title='bbox 2727 4338 2907 4392; x_wconf 88' lang='lat' dir='ltr'><strong>Dicam</strong></span> <span class='ocrx_word' id='word_1_805' title='bbox 2927 4337 3079 4391; x_wconf 91' lang='lat' dir='ltr'><strong>vobis</strong></span> <span class='ocrx_word' id='word_1_806' title='bbox 3105 4344 3160 4391; x_wconf 90' lang='lat' dir='ltr'><strong>et</strong></span> <span class='ocrx_word' id='word_1_807' title='bbox 3186 4334 3493 4406; x_wconf 86' lang='lat' dir='ltr'><strong>parabolam</strong></span> <span class='ocrx_word' id='word_1_808' title='bbox 3517 4335 3596 4389; x_wconf 88' lang='lat' dir='ltr'><strong>id-</strong></span> 
     </span>
    </p>
   </div>
   <div class='ocr_carea' id='block_1_106' title="bbox 2009 4430 2635 4499">
    <p class='ocr_par' dir='ltr' id='par_1_106' title="bbox 2009 4430 2635 4499">
     <span class='ocr_line' id='line_1_106' title="bbox 2009 4430 2635 4499; baseline -0.003 -15"><span class='ocrx_word' id='word_1_809' title='bbox 2009 4431 2182 4499; x_wconf 89' lang='lat' dir='ltr'><strong>ipsum</strong></span> <span class='ocrx_word' id='word_1_810' title='bbox 2208 4430 2635 4487; x_wconf 85' lang='lat' dir='ltr'><strong>confirmantem.</strong></span> 
     </span>
    </p>
   </div>
   <div class='ocr_carea' id='block_1_107' title="bbox 2079 4516 3591 4593">
    <p class='ocr_par' dir='ltr' id='par_1_107' title="bbox 2079 4516 3591 4593">
     <span class='ocr_line' id='line_1_107' title="bbox 2079 4516 3591 4593; baseline -0.003 -16"><span class='ocrx_word' id='word_1_811' title='bbox 2079 4523 2131 4577; x_wconf 75' lang='grc'><strong>4.</strong></span> <span class='ocrx_word' id='word_1_812' title='bbox 2153 4524 2264 4578; x_wconf 88' lang='lat' dir='ltr'><strong>Duo</strong></span> <span class='ocrx_word' id='word_1_813' title='bbox 2285 4522 2498 4593; x_wconf 89' lang='lat' dir='ltr'><strong>quidam</strong></span> <span class='ocrx_word' id='word_1_814' title='bbox 2518 4530 2671 4577; x_wconf 88' lang='lat' dir='ltr'><strong>erant</strong></span> <span class='ocrx_word' id='word_1_815' title='bbox 2692 4520 2901 4587; x_wconf 88' lang='lat' dir='ltr'><strong>fratres,</strong></span> <span class='ocrx_word' id='word_1_816' title='bbox 2926 4528 3251 4592; x_wconf 82' lang='lat' dir='ltr'><strong>paternaque</strong></span> <span class='ocrx_word' id='word_1_817' title='bbox 3267 4516 3434 4572; x_wconf 86' lang='lat' dir='ltr'><strong>divisa</strong></span> <span class='ocrx_word' id='word_1_818' title='bbox 3460 4516 3591 4573; x_wconf 86' lang='lat' dir='ltr'><strong>sub-</strong></span> 
     </span>
    </p>
   </div>
   <div class='ocr_carea' id='block_1_108' title="bbox 2008 4609 3594 4682">
    <p class='ocr_par' dir='ltr' id='par_1_108' title="bbox 2008 4609 3594 4682">
     <span class='ocr_line' id='line_1_108' title="bbox 2008 4609 3594 4682; baseline -0.004 -13"><span class='ocrx_word' id='word_1_819' title='bbox 2008 4616 2224 4679; x_wconf 88' lang='lat' dir='ltr'><strong>stantia,</strong></span> <span class='ocrx_word' id='word_1_820' title='bbox 2260 4615 2450 4668; x_wconf 91' lang='lat' dir='ltr'><strong>horum</strong></span> <span class='ocrx_word' id='word_1_821' title='bbox 2482 4628 2621 4668; x_wconf 90' lang='lat' dir='ltr'><strong>unus</strong></span> <span class='ocrx_word' id='word_1_822' title='bbox 2656 4612 2870 4682; x_wconf 90' lang='lat' dir='ltr'><strong>quidem</strong></span> <span class='ocrx_word' id='word_1_823' title='bbox 2900 4611 3043 4666; x_wconf 89' lang='lat' dir='ltr'><strong>domi</strong></span> <span class='ocrx_word' id='word_1_824' title='bbox 3090 4610 3307 4672; x_wconf 90' lang='lat' dir='ltr'><strong>mansit,</strong></span> <span class='ocrx_word' id='word_1_825' title='bbox 3337 4609 3474 4664; x_wconf 88' lang='lat' dir='ltr'><strong>alter</strong></span> <span class='ocrx_word' id='word_1_826' title='bbox 3496 4624 3594 4664; x_wconf 81' lang='lat' dir='ltr'><strong>au-</strong></span> 
     </span>
    </p>
   </div>
   <div class='ocr_carea' id='block_1_109' title="bbox 2008 4705 3593 4779">
    <p class='ocr_par' dir='ltr' id='par_1_109' title="bbox 2008 4705 3593 4779">
     <span class='ocr_line' id='line_1_109' title="bbox 2008 4705 3593 4779; baseline -0.003 -16"><span class='ocrx_word' id='word_1_827' title='bbox 2008 4720 2114 4765; x_wconf 88' lang='lat' dir='ltr'><strong>tem</strong></span> <span class='ocrx_word' id='word_1_828' title='bbox 2158 4718 2349 4765; x_wconf 89' lang='lat' dir='ltr'><strong>cuncta</strong></span> <span class='ocrx_word' id='word_1_829' title='bbox 2395 4724 2513 4779; x_wconf 85' lang='lat' dir='ltr'><strong>quae</strong></span> <span class='ocrx_word' id='word_1_830' title='bbox 2561 4709 2910 4771; x_wconf 89' lang='lat' dir='ltr'><strong>obvenerant,</strong></span> <span class='ocrx_word' id='word_1_831' title='bbox 2953 4706 3270 4771; x_wconf 90' lang='lat' dir='ltr'><strong>comedens,</strong></span> <span class='ocrx_word' id='word_1_832' title='bbox 3303 4705 3471 4774; x_wconf 89' lang='lat' dir='ltr'><strong>patria</strong></span> <span class='ocrx_word' id='word_1_833' title='bbox 3495 4719 3593 4759; x_wconf 88' lang='lat' dir='ltr'><strong>ex-</strong></span> 
     </span>
    </p>
   </div>
   <div class='ocr_carea' id='block_1_110' title="bbox 2007 4797 3590 4871">
    <p class='ocr_par' dir='ltr' id='par_1_110' title="bbox 2007 4797 3590 4871">
     <span class='ocr_line' id='line_1_110' title="bbox 2007 4797 3590 4871; baseline -0.004 -14"><span class='ocrx_word' id='word_1_834' title='bbox 2007 4803 2168 4858; x_wconf 90' lang='lat' dir='ltr'><strong>torris</strong></span> <span class='ocrx_word' id='word_1_835' title='bbox 2207 4802 2379 4858; x_wconf 85' lang='lat' dir='ltr'><strong>factus</strong></span> <span class='ocrx_word' id='word_1_836' title='bbox 2423 4811 2558 4867; x_wconf 86' lang='lat' dir='ltr'><strong>erat,</strong></span> <span class='ocrx_word' id='word_1_837' title='bbox 2608 4800 2929 4871; x_wconf 88' lang='lat' dir='ltr'><strong>paupertatis</strong></span> <span class='ocrx_word' id='word_1_838' title='bbox 2968 4816 3071 4854; x_wconf 91' lang='lat' dir='ltr'><strong>non</strong></span> <span class='ocrx_word' id='word_1_839' title='bbox 3118 4798 3295 4854; x_wconf 88' lang='lat' dir='ltr'><strong>ferens</strong></span> <span class='ocrx_word' id='word_1_840' title='bbox 3334 4797 3590 4868; x_wconf 92' lang='lat' dir='ltr'><strong>pudorem</strong></span> 
     </span>
    </p>
   </div>
   <div class='ocr_carea' id='block_1_111' title="bbox 2008 4891 3591 4967">
    <p class='ocr_par' dir='ltr' id='par_1_111' title="bbox 2008 4891 3591 4967">
     <span class='ocr_line' id='line_1_111' title="bbox 2008 4891 3591 4967; baseline -0.002 -20"><span class='ocrx_word' id='word_1_841' title='bbox 2008 4894 2158 4964; x_wconf 90' lang='lat' dir='ltr'><strong>(Luc.</strong></span> <span class='ocrx_word' id='word_1_842' title='bbox 2189 4896 2275 4949; x_wconf 77' lang='grc'><strong>15.</strong></span> <span class='ocrx_word' id='word_1_843' title='bbox 2305 4895 2390 4948; x_wconf 81' lang='lat' dir='ltr'><strong>ll.</strong></span> <span class='ocrx_word' id='word_1_844' title='bbox 2414 4895 2546 4967; x_wconf 84' lang='lat' dir='ltr'><strong>sqq).</strong></span> <span class='ocrx_word' id='word_1_845' title='bbox 2572 4893 2718 4947; x_wconf 85' lang='lat' dir='ltr'><strong>Hanc</strong></span> <span class='ocrx_word' id='word_1_846' title='bbox 2739 4902 2916 4948; x_wconf 90' lang='lat' dir='ltr'><strong>autem</strong></span> <span class='ocrx_word' id='word_1_847' title='bbox 2943 4893 3247 4962; x_wconf 85' lang='lat' dir='ltr'><strong>parabolam</strong></span> <span class='ocrx_word' id='word_1_848' title='bbox 3280 4893 3330 4946; x_wconf 91' lang='lat' dir='ltr'><strong>in</strong></span> <span class='ocrx_word' id='word_1_849' title='bbox 3357 4891 3591 4946; x_wconf 89' lang='lat' dir='ltr'><strong>medium</strong></span> 
     </span>
    </p>
   </div>
   <div class='ocr_carea' id='block_1_112' title="bbox 2007 4986 3592 5060">
    <p class='ocr_par' dir='ltr' id='par_1_112' title="bbox 2007 4986 3592 5060">
     <span class='ocr_line' id='line_1_112' title="bbox 2007 4986 3592 5060; baseline -0.003 -18"><span class='ocrx_word' id='word_1_850' title='bbox 2007 4989 2206 5044; x_wconf 87' lang='lat' dir='ltr'><strong>idcirco</strong></span> <span class='ocrx_word' id='word_1_851' title='bbox 2238 4988 2455 5060; x_wconf 91' lang='lat' dir='ltr'><strong>protuli,</strong></span> <span class='ocrx_word' id='word_1_852' title='bbox 2484 5004 2591 5058; x_wconf 89' lang='lat' dir='ltr'><strong>quo</strong></span> <span class='ocrx_word' id='word_1_853' title='bbox 2632 4986 2811 5042; x_wconf 90' lang='lat' dir='ltr'><strong>sciatis</strong></span> <span class='ocrx_word' id='word_1_854' title='bbox 2847 4996 2902 5041; x_wconf 90' lang='lat' dir='ltr'><strong>et</strong></span> <span class='ocrx_word' id='word_1_855' title='bbox 2944 4996 3282 5056; x_wconf 89' lang='lat' dir='ltr'><strong>peccatorum</strong></span> <span class='ocrx_word' id='word_1_856' title='bbox 3323 5000 3440 5055; x_wconf 69' lang='lat' dir='ltr'><strong>qua:</strong></span> <span class='ocrx_word' id='word_1_857' title='bbox 3470 4994 3592 5054; x_wconf 89' lang='lat' dir='ltr'><strong>post</strong></span> 
     </span>
    </p>
   </div>
   <div class='ocr_carea' id='block_1_113' title="bbox 2008 5078 3592 5149">
    <p class='ocr_par' dir='ltr' id='par_1_113' title="bbox 2008 5078 3592 5149">
     <span class='ocr_line' id='line_1_113' title="bbox 2008 5078 3592 5149; baseline -0.003 -16"><span class='ocrx_word' id='word_1_858' title='bbox 2008 5079 2267 5149; x_wconf 90' lang='lat' dir='ltr'><strong>baptisma</strong></span> <span class='ocrx_word' id='word_1_859' title='bbox 2294 5081 2705 5145; x_wconf 88' lang='lat' dir='ltr'><strong>contrahuntur,</strong></span> <span class='ocrx_word' id='word_1_860' title='bbox 2746 5078 3118 5133; x_wconf 76' lang='lat' dir='ltr'><strong>remiSsionem</strong></span> <span class='ocrx_word' id='word_1_861' title='bbox 3146 5092 3300 5142; x_wconf 91' lang='lat' dir='ltr'><strong>esse,</strong></span> <span class='ocrx_word' id='word_1_862' title='bbox 3334 5078 3379 5130; x_wconf 91' lang='lat' dir='ltr'><strong>si</strong></span> <span class='ocrx_word' id='word_1_863' title='bbox 3418 5084 3592 5129; x_wconf 85' lang='lat' dir='ltr'><strong>atten-</strong></span> 
     </span>
    </p>
   </div>
   <div class='ocr_carea' id='block_1_114' title="bbox 2005 5166 3590 5236">
    <p class='ocr_par' dir='ltr' id='par_1_114' title="bbox 2005 5166 3590 5236">
     <span class='ocr_line' id='line_1_114' title="bbox 2005 5166 3590 5236; baseline -0.003 -11"><span class='ocrx_word' id='word_1_864' title='bbox 2005 5171 2233 5226; x_wconf 89' lang='lat' dir='ltr'><strong>damus:</strong></span> <span class='ocrx_word' id='word_1_865' title='bbox 2260 5169 2381 5224; x_wconf 92' lang='lat' dir='ltr'><strong>dico</strong></span> <span class='ocrx_word' id='word_1_866' title='bbox 2422 5180 2596 5223; x_wconf 90' lang='lat' dir='ltr'><strong>autem</strong></span> <span class='ocrx_word' id='word_1_867' title='bbox 2629 5184 2733 5223; x_wconf 92' lang='lat' dir='ltr'><strong>non</strong></span> <span class='ocrx_word' id='word_1_868' title='bbox 2778 5170 2850 5224; x_wconf 92' lang='lat' dir='ltr'><strong>uti</strong></span> <span class='ocrx_word' id='word_1_869' title='bbox 2877 5169 2943 5223; x_wconf 90' lang='lat' dir='ltr'><strong>ad</strong></span> <span class='ocrx_word' id='word_1_870' title='bbox 2972 5169 3215 5224; x_wconf 91' lang='lat' dir='ltr'><strong>inertiam</strong></span> <span class='ocrx_word' id='word_1_871' title='bbox 3242 5166 3590 5236; x_wconf 89' lang='lat' dir='ltr'><strong>compellam,</strong></span> 
     </span>
    </p>
   </div>
   <div class='ocr_carea' id='block_1_115' title="bbox 2004 5260 3588 5333">
    <p class='ocr_par' dir='ltr' id='par_1_115' title="bbox 2004 5260 3588 5333">
     <span class='ocr_line' id='line_1_115' title="bbox 2004 5260 3588 5333; baseline -0.004 -15"><span class='ocrx_word' id='word_1_872' title='bbox 2004 5264 2098 5318; x_wconf 91' lang='lat' dir='ltr'><strong>sed</strong></span> <span class='ocrx_word' id='word_1_873' title='bbox 2120 5270 2227 5318; x_wconf 90' lang='lat' dir='ltr'><strong>uta</strong></span> <span class='ocrx_word' id='word_1_874' title='bbox 2247 5262 2619 5333; x_wconf 89' lang='lat' dir='ltr'><strong>desperatione</strong></span> <span class='ocrx_word' id='word_1_875' title='bbox 2648 5277 2894 5316; x_wconf 91' lang='lat' dir='ltr'><strong>revocem</strong></span> <span class='ocrx_word' id='word_1_876' title='bbox 2920 5278 2933 5320; x_wconf 94' lang='lat'><strong>:</strong></span> <span class='ocrx_word' id='word_1_877' title='bbox 2965 5277 3085 5315; x_wconf 90' lang='lat' dir='ltr'><strong>nam</strong></span> <span class='ocrx_word' id='word_1_878' title='bbox 3108 5260 3405 5330; x_wconf 79' lang='lat' dir='ltr'><strong>deSperatio</strong></span> <span class='ocrx_word' id='word_1_879' title='bbox 3429 5274 3588 5329; x_wconf 82' lang='lat' dir='ltr'><strong>quam</strong></span> 
     </span>
    </p>
   </div>
   <div class='ocr_carea' id='block_1_116' title="bbox 2005 5350 3591 5426">
    <p class='ocr_par' dir='ltr' id='par_1_116' title="bbox 2005 5350 3591 5426">
     <span class='ocr_line' id='line_1_116' title="bbox 2005 5350 3591 5426; baseline -0.004 -15"><span class='ocrx_word' id='word_1_880' title='bbox 2005 5358 2196 5411; x_wconf 90' lang='lat' dir='ltr'><strong>inertia</strong></span> <span class='ocrx_word' id='word_1_881' title='bbox 2239 5356 2445 5426; x_wconf 81' lang='lat' dir='ltr'><strong>majora</strong></span> <span class='ocrx_word' id='word_1_882' title='bbox 2489 5356 2644 5410; x_wconf 92' lang='lat' dir='ltr'><strong>nobis</strong></span> <span class='ocrx_word' id='word_1_883' title='bbox 2677 5354 2887 5409; x_wconf 88' lang='lat' dir='ltr'><strong>confert</strong></span> <span class='ocrx_word' id='word_1_884' title='bbox 2920 5354 3077 5408; x_wconf 90' lang='lat' dir='ltr'><strong>mala.</strong></span> <span class='ocrx_word' id='word_1_885' title='bbox 3112 5353 3209 5407; x_wconf 83' lang='lat' dir='ltr'><strong>Hic</strong></span> <span class='ocrx_word' id='word_1_886' title='bbox 3249 5353 3408 5421; x_wconf 89' lang='lat' dir='ltr'><strong>igitur</strong></span> <span class='ocrx_word' id='word_1_887' title='bbox 3452 5350 3591 5405; x_wconf 81' lang='lat' dir='ltr'><strong>filius</strong></span> 
     </span>
    </p>
   </div>
   <div class='ocr_carea' id='block_1_117' title="bbox 2004 5445 3584 5518">
    <p class='ocr_par' dir='ltr' id='par_1_117' title="bbox 2004 5445 3584 5518">
     <span class='ocr_line' id='line_1_117' title="bbox 2004 5445 3584 5518; baseline -0.003 -17"><span class='ocrx_word' id='word_1_888' title='bbox 2004 5464 2212 5514; x_wconf 89' lang='lat' dir='ltr'><strong>eorum,</strong></span> <span class='ocrx_word' id='word_1_889' title='bbox 2239 5448 2326 5518; x_wconf 88' lang='lat' dir='ltr'><strong>qui</strong></span> <span class='ocrx_word' id='word_1_890' title='bbox 2358 5458 2476 5518; x_wconf 88' lang='lat' dir='ltr'><strong>post</strong></span> <span class='ocrx_word' id='word_1_891' title='bbox 2505 5447 2767 5518; x_wconf 90' lang='lat' dir='ltr'><strong>baptisma</strong></span> <span class='ocrx_word' id='word_1_892' title='bbox 2802 5448 2933 5516; x_wconf 90' lang='lat' dir='ltr'><strong>lapsi</strong></span> <span class='ocrx_word' id='word_1_893' title='bbox 2974 5455 3117 5508; x_wconf 89' lang='lat' dir='ltr'><strong>sunt,</strong></span> <span class='ocrx_word' id='word_1_894' title='bbox 3152 5445 3435 5514; x_wconf 85' lang='lat' dir='ltr'><strong>imaginem</strong></span> <span class='ocrx_word' id='word_1_895' title='bbox 3477 5458 3584 5513; x_wconf 71' lang='lat' dir='ltr'><strong>pra:</strong></span> 
     </span>
    </p>
   </div>
   <div class='ocr_carea' id='block_1_118' title="bbox 2002 5537 3589 5611">
    <p class='ocr_par' dir='ltr' id='par_1_118' title="bbox 2002 5537 3589 5611">
     <span class='ocr_line' id='line_1_118' title="bbox 2002 5537 3589 5611; baseline -0.003 -16"><span class='ocrx_word' id='word_1_896' title='bbox 2002 5554 2063 5595; x_wconf 91' lang='lat' dir='ltr'><strong>se</strong></span> <span class='ocrx_word' id='word_1_897' title='bbox 2089 5539 2222 5606; x_wconf 88' lang='lat' dir='ltr'><strong>fert;</strong></span> <span class='ocrx_word' id='word_1_898' title='bbox 2255 5555 2348 5595; x_wconf 91' lang='lat' dir='ltr'><strong>eos</strong></span> <span class='ocrx_word' id='word_1_899' title='bbox 2374 5541 2515 5596; x_wconf 90' lang='lat' dir='ltr'><strong>enim</strong></span> <span class='ocrx_word' id='word_1_900' title='bbox 2547 5543 2635 5611; x_wconf 92' lang='lat' dir='ltr'><strong>qui</strong></span> <span class='ocrx_word' id='word_1_901' title='bbox 2666 5549 2787 5610; x_wconf 88' lang='lat' dir='ltr'><strong>post</strong></span> <span class='ocrx_word' id='word_1_902' title='bbox 2806 5539 3126 5609; x_wconf 89' lang='lat' dir='ltr'><strong>baptismum</strong></span> <span class='ocrx_word' id='word_1_903' title='bbox 3160 5537 3291 5609; x_wconf 87' lang='lat' dir='ltr'><strong>lapsi</strong></span> <span class='ocrx_word' id='word_1_904' title='bbox 3319 5548 3442 5591; x_wconf 89' lang='lat' dir='ltr'><strong>sunt</strong></span> <span class='ocrx_word' id='word_1_905' title='bbox 3468 5552 3589 5592; x_wconf 91' lang='lat' dir='ltr'><strong>eum</strong></span> 
     </span>
    </p>
   </div>
   <div class='ocr_carea' id='block_1_119' title="bbox 2003 5631 3590 5705">
    <p class='ocr_par' dir='ltr' id='par_1_119' title="bbox 2003 5631 3590 5705">
     <span class='ocr_line' id='line_1_119' title="bbox 2003 5631 3590 5705; baseline -0.003 -16"><span class='ocrx_word' id='word_1_906' title='bbox 2003 5634 2305 5705; x_wconf 89' lang='lat' dir='ltr'><strong>significare</strong></span> <span class='ocrx_word' id='word_1_907' title='bbox 2349 5632 2474 5690; x_wconf 92' lang='lat' dir='ltr'><strong>hinc</strong></span> <span class='ocrx_word' id='word_1_908' title='bbox 2515 5642 2758 5699; x_wconf 91' lang='lat' dir='ltr'><strong>constat,</strong></span> <span class='ocrx_word' id='word_1_909' title='bbox 2806 5633 2948 5703; x_wconf 89' lang='lat' dir='ltr'><strong>quod</strong></span> <span class='ocrx_word' id='word_1_910' title='bbox 2998 5632 3137 5686; x_wconf 79' lang='lat' dir='ltr'><strong>ﬁlius</strong></span> <span class='ocrx_word' id='word_1_911' title='bbox 3179 5631 3428 5685; x_wconf 88' lang='lat' dir='ltr'><strong>dicatur:</strong></span> <span class='ocrx_word' id='word_1_912' title='bbox 3468 5646 3590 5685; x_wconf 87' lang='lat' dir='ltr'><strong>nam</strong></span> 
     </span>
    </p>
   </div>
   <div class='ocr_carea' id='block_1_120' title="bbox 2004 5726 3592 5799">
    <p class='ocr_par' dir='ltr' id='par_1_120' title="bbox 2004 5726 3592 5799">
     <span class='ocr_line' id='line_1_120' title="bbox 2004 5726 3592 5799; baseline -0.001 -17"><span class='ocrx_word' id='word_1_913' title='bbox 2004 5738 2155 5783; x_wconf 84' lang='lat' dir='ltr'><strong>extra</strong></span> <span class='ocrx_word' id='word_1_914' title='bbox 2185 5727 2506 5799; x_wconf 88' lang='lat' dir='ltr'><strong>baptismum</strong></span> <span class='ocrx_word' id='word_1_915' title='bbox 2545 5743 2701 5782; x_wconf 89' lang='lat' dir='ltr'><strong>nemo</strong></span> <span class='ocrx_word' id='word_1_916' title='bbox 2742 5727 2835 5782; x_wconf 90' lang='lat' dir='ltr'><strong>filii</strong></span> <span class='ocrx_word' id='word_1_917' title='bbox 2862 5726 3223 5796; x_wconf 90' lang='lat' dir='ltr'><strong>appellatione</strong></span> <span class='ocrx_word' id='word_1_918' title='bbox 3263 5726 3592 5780; x_wconf 77' lang='lat' dir='ltr'><strong>nominatur.</strong></span> 
     </span>
    </p>
   </div>
   <div class='ocr_carea' id='block_1_121' title="bbox 2007 5819 3589 5891">
    <p class='ocr_par' dir='ltr' id='par_1_121' title="bbox 2007 5819 3589 5891">
     <span class='ocr_line' id='line_1_121' title="bbox 2007 5819 3589 5891; baseline -0.003 -13"><span class='ocrx_word' id='word_1_919' title='bbox 2007 5821 2072 5878; x_wconf 88' lang='lat' dir='ltr'><strong>Et</strong></span> <span class='ocrx_word' id='word_1_920' title='bbox 2090 5819 2306 5878; x_wconf 89' lang='lat' dir='ltr'><strong>domum</strong></span> <span class='ocrx_word' id='word_1_921' title='bbox 2333 5819 2663 5878; x_wconf 84' lang='lat' dir='ltr'><strong>habitaverat</strong></span> <span class='ocrx_word' id='word_1_922' title='bbox 2686 5828 2983 5891; x_wconf 88' lang='lat' dir='ltr'><strong>paternam,</strong></span> <span class='ocrx_word' id='word_1_923' title='bbox 3007 5826 3060 5875; x_wconf 93' lang='lat' dir='ltr'><strong>et</strong></span> <span class='ocrx_word' id='word_1_924' title='bbox 3076 5827 3351 5889; x_wconf 87' lang='lat' dir='ltr'><strong>paternam</strong></span> <span class='ocrx_word' id='word_1_925' title='bbox 3374 5833 3589 5875; x_wconf 73' lang='lat' dir='ltr'><strong>omnem</strong></span> 
     </span>
    </p>
   </div>
  </div>
