4046 6396
391 352 502 411 283

393 466 748 523 substantiam
769 465 1053 532 diviserat;
1083 475 1208 523 ante
1232 466 1495 539 baptisma
1521 478 1696 525 autem
1728 486 1834 524 non
1863 471 1990 526 licet

395 568 616 626 paterna
657 558 921 628 accipere,
963 572 1139 627 neque
1178 558 1532 614 hereditatem
1578 561 1833 630 consequi
1865 578 1878 614 :
1915 560 1989 615 ita

398 656 456 700 nt
480 663 551 702 ex
595 647 677 702 his
721 647 969 703 omnibus
1013 647 1248 703 ﬁdelium
1293 658 1462 704 status
1501 649 1867 705 adumbretur.
1919 650 1988 704 Et

399 740 552 810 probi
591 739 754 794 frater
778 748 924 805 erat;
954 738 1121 795 frater
1151 754 1284 795 vero
1329 742 1447 796 sine
1472 741 1736 811 spirituali
1759 756 1986 811 regene-

399 832 604 886 ratione
633 844 964 901 nequaquam
991 829 1278 886 fuerit.Hic
1305 831 1464 902 igitur
1487 831 1554 887 ad
1581 846 1843 887 summam
1868 847 1987 886 ma-

398 922 566 976 litiam
583 921 855 991 delapsus,
881 923 1006 993 quid
1029 923 1235 995 inquit?
1260 923 1502 979 Revertar
1515 925 1586 979 ad
1607 934 1801 995 patrem
1821 941 1988 979 meum

403 1013 553 1084 (Luc.
583 1016 670 1068 15.
699 1012 810 1086 18).
836 1015 1127 1085 Propterea
1152 1016 1293 1071 hunc
1322 1027 1470 1086 pater
1493 1017 1784 1082 dimiserat,
1815 1033 1990 1088 neque

405 1103 776 1174 prohibuerat,
808 1106 1094 1175 quominus
1139 1106 1192 1161 in
1221 1111 1494 1178 regionem
1537 1107 1711 1163 abiret
1735 1107 1984 1171 alienam,

401 1205 662 1264 quatenus
700 1197 1072 1267 experimento
1115 1197 1349 1253 disceret
1398 1208 1678 1264 accurate,
1729 1208 1988 1268 quantum

399 1285 718 1342 beneficium
739 1290 1035 1360 susceperit
1054 1289 1198 1345 domi
1213 1306 1456 1346 manens.
1481 1290 1636 1362 Saepe
1659 1290 1802 1346 enim
1826 1290 1984 1355 Deus,

400 1393 522 1432 cum
549 1379 708 1434 dictis
749 1380 928 1436 minus
981 1381 1197 1446 suadet,
1227 1398 1409 1437 rerum
1458 1383 1841 1453 experimentis
1884 1382 1986 1436 do-

399 1471 628 1525 ctrinam
653 1471 932 1541 permittit.
965 1472 1114 1540 Quod
1153 1484 1209 1529 et
1228 1475 1295 1529 ad
1329 1474 1545 1531 Iudaeos
1570 1475 1783 1531 dicebat
1809 1492 1822 1529 :
1846 1490 1986 1546 quo-

400 1576 541 1615 niam
571 1563 782 1631 qvidem
813 1564 1016 1618 inﬁnita
1056 1581 1153 1634 per
1191 1566 1481 1637 prephetas
1525 1567 1686 1623 verba
1717 1583 1838 1622 cum
1883 1569 1988 1622 im-

400 1653 696 1723 pendisset,
723 1671 829 1710 non
873 1658 1042 1712 suasit
1085 1674 1258 1728 neque
1297 1660 1499 1725 illexit;
1533 1661 1849 1731 permittens
1892 1676 1987 1716 eos

399 1761 495 1815 per
546 1745 754 1816 ﬂagella
803 1750 1044 1821 corrigi,
1103 1750 1234 1806 dicit
1272 1752 1375 1808 illis
1426 1770 1440 1807 :
1489 1752 1742 1822 Corripiet
1806 1763 1854 1807 te
1908 1769 1989 1808 re-

399 1837 546 1892 bellio
577 1847 685 1903 tua,
707 1849 751 1893 et
773 1842 967 1894 malitia
1003 1852 1096 1896 tua
1121 1853 1299 1916 arguet
1342 1855 1389 1899 te
1414 1843 1545 1916 (Jer.
1579 1843 1633 1898 2.
1677 1842 1786 1916 19).
1812 1844 1986 1914 Opor-

399 1939 576 1985 tnerat
648 1932 821 2001 ipsum
902 1935 1116 2004 quidem
1195 1937 1299 1992 fide
1353 1937 1572 2008 dignum
1639 1937 1826 1992 haberi
1901 1937 1987 1992 vel

396 2033 521 2079 ante
552 2024 785 2093 ipsarum
811 2042 989 2082 rerum
1011 2039 1259 2084 eventum
1281 2046 1296 2095 ;
1318 2031 1570 2100 quoniam
1595 2046 1722 2085 vero
1743 2039 1849 2084 tam
1876 2039 1990 2085 stu-

398 2113 508 2182 pidi
532 2114 766 2180 fuerunt,
793 2125 853 2171 ut
877 2133 943 2173 eo
965 2128 1217 2175 monente
1245 2130 1299 2176 et
1322 2121 1638 2176 consulente
1667 2136 1772 2176 non
1793 2122 1986 2177 crede-

397 2215 536 2273 rent,
565 2224 687 2262 cum
725 2223 819 2265 eos
863 2212 1009 2280 prius
1034 2214 1400 2283 repressisset,
1441 2229 1510 2270 ne
1534 2215 1752 2270 malitiae
1780 2215 1987 2271 obtem-

395 2309 667 2368 perarent,
699 2303 940 2372 permisit
965 2319 1061 2359 eos
1089 2321 1265 2360 rerum
1287 2316 1483 2363 eventu
1513 2310 1728 2379 corrigi,
1759 2324 1868 2380 quo
1901 2309 1986 2364 vel

393 2389 474 2443 sic
517 2403 612 2445 eos
651 2403 1012 2462 recuperaret.
1045 2394 1331 2466 Postquam
1363 2398 1522 2468 igitur
1548 2399 1850 2456 concedens
1896 2400 1986 2456 ille

393 2481 667 2552 prodigus,
717 2485 770 2538 in
811 2486 1037 2540 alienam
1076 2495 1270 2542 terram
1317 2489 1478 2545 rebus
1509 2491 1636 2561 ipsis
1680 2491 1982 2561 perdidicit,

393 2573 523 2643 quid
556 2575 680 2630 mali
707 2577 777 2632 sit
816 2588 1038 2649 paterna
1066 2580 1228 2636 domo
1274 2582 1553 2648 excidere,
1585 2593 1640 2640 et
1669 2585 1847 2652 rediit,
1875 2601 1984 2641 non

391 2663 493 2720 fuit
522 2680 728 2722 memor
769 2668 976 2739 injuriae
1023 2681 1208 2741 pater,
1251 2674 1345 2730 sed
1376 2677 1546 2744 passis
1582 2692 1708 2732 eum
1745 2680 1986 2749 suscepit

393 2757 658 2812 manibus.
686 2758 825 2827 Quid
869 2761 980 2816 ita?
1009 2761 1142 2829 Quia
1185 2774 1366 2836 pater,
1399 2781 1506 2822 non
1545 2767 1710 2838 judex
1752 2779 1886 2824 erat.
1919 2771 1985 2825 Et

391 2845 615 2904 choreae.
632 2853 872 2921 etepulze
897 2863 951 2909 et
976 2854 1100 2910 festi
1130 2869 1424 2913 conventus
1449 2859 1642 2915 deinde
1671 2861 1794 2917 facti
1821 2872 1980 2930 sunt,

390 2938 617 3011 laetaque
646 2951 700 2998 et
725 2945 962 3014 gaudens
992 2957 1110 3003 erat
1134 2948 1344 3004 domus.
1382 2951 1520 3019 Quid
1546 2952 1718 3008 dicis?
1747 2952 1984 3010 hazccine

389 3039 516 3084 sunt
540 3032 758 3089 malitiae
785 3037 1000 3106 praemia
1022 3040 1046 3094 Ἰ
1071 3038 1186 3095 Non
1226 3042 1464 3110 malitiaa,
1492 3058 1525 3099 ο
1547 3042 1730 3110 homo,
1767 3044 1862 3100 sed
1890 3061 1982 3102 re-

387 3121 532 3178 ditus
559 3141 573 3177 :
605 3141 710 3180 non
737 3130 962 3198 peccati,
995 3131 1089 3187 sed
1121 3133 1450 3203 paenitentiae
1480 3153 1492 3189 :
1526 3147 1632 3190 non
1661 3136 1980 3207 improbita-

389 3214 478 3279 tis,
503 3216 597 3271 sed
624 3217 676 3272 in
702 3220 895 3276 melius
926 3225 1236 3280 mutationis
1265 3243 1279 3281 :
1318 3234 1374 3282 et
1401 3228 1546 3296 quod
1571 3236 1655 3284 est
1690 3228 1884 3300 majus,
1913 3229 1982 3286 de

387 3302 472 3358 his
501 3305 803 3378 indignatus
840 3321 924 3367 est
953 3314 1126 3385 major
1163 3315 1334 3382 ﬁlius;
1385 3316 1472 3373 hic
1498 3329 1676 3374 autem
1714 3329 1769 3375 et
1804 3320 1982 3391 ipsum

387 3409 662 3454 mansuete
688 3402 981 3473 mitigavit,
1009 3404 1194 3462 dicens
1226 3425 1240 3464 :
1271 3409 1527 3476 Quoniam
1553 3421 1606 3465 tu
1627 3413 1830 3483 quidem
1850 3431 1974 3468 sem.

385 3505 478 3558 per
500 3507 694 3546 mecum
715 3510 790 3562 es,
819 3495 900 3550 hic
927 3512 1042 3551 vero
1072 3499 1308 3569 perierat,
1343 3510 1390 3556 et
1431 3503 1661 3558 inventus
1703 3514 1815 3559 est:
1835 3521 1977 3558 mor-

386 3589 504 3634 tuus
523 3591 650 3649 erat,
667 3586 1263 3661 etrevixit(Luc.15,51.
1290 3593 1399 3663 52).
1422 3592 1555 3649 Cum
1570 3611 1700 3651 vero
1713 3597 1976 3666 perditum

383 3685 601 3728 servare
627 3685 860 3744 oportet,
893 3678 1083 3749 inquit,
1115 3697 1221 3737 non
1259 3681 1443 3752 judicii
1493 3694 1706 3757 tempus
1733 3695 1836 3756 est,
1883 3705 1978 3744 ne-

383 3777 487 3831 que
532 3764 825 3822 subtilioris
877 3771 1168 3840 examinis,
1218 3774 1313 3829 sed
1353 3776 1652 3833 clementiae
1699 3783 1976 3851 veniaeque

384 3851 682 3911 dumtaxat.
728 3858 917 3916 Nullus
947 3863 1090 3917 enim
1121 3865 1382 3934 medicus,
1417 3868 1584 3924 misso
1615 3872 1976 3928 medicamen-

382 3953 560 4001 torum
590 3964 710 4015 usu,
755 3950 1155 4012 incontinentiae
1182 3973 1366 4028 poenas
1408 3961 1476 4016 ab
1505 3976 1572 4017 eo
1613 3965 1871 4035 exegerit.
1917 3966 1974 4022 Si

381 4053 512 4096 vero
541 4056 727 4111 poenas
753 4060 874 4101 eum
913 4047 1042 4104 dare
1068 4053 1325 4120 oportuit,
1365 4054 1495 4110 satis
1520 4070 1820 4125 poenarum,
1850 4074 1971 4114 cum

384 4129 436 4184 in
467 4131 642 4186 aliena
683 4134 904 4205 regione
936 4149 1182 4196 versatus
1212 4150 1316 4208 est,
1360 4142 1529 4200 dedit.
1567 4146 1738 4203 Tanto
1763 4149 1904 4203 enim
1940 4166 1972 4205 a

382 4220 538 4276 nobis
565 4233 806 4295 tempore
827 4238 1155 4300 segregatus,
1186 4232 1324 4289 fame
1350 4234 1719 4308 dedecoreque
1740 4253 1803 4294 ac
1832 4254 1973 4295 sum-

383 4313 486 4401 mis
509 4314 846 4373 conﬂictatus
889 4321 1064 4387 malis,
1089 4323 1409 4395 laborabat:
1453 4336 1736 4398 propterea
1777 4330 1966 4401 inquit,

382 4399 639 4474 Perierat,
667 4417 715 4462 et
741 4409 972 4467 iuventus
994 4423 1066 4467 est
1095 4431 1114 4468 :
1135 4427 1364 4472 mortuus
1389 4428 1517 4486 erat,
1546 4430 1596 4474 et
1621 4422 1819 4476 revixit.
1849 4399 1968 4478 Non

379 4495 546 4562 enim,
579 4497 770 4569 inquit,
811 4503 1029 4559 attende
1058 4509 1364 4575 praesentia,
1394 4511 1488 4565 sed
1529 4512 1721 4582 prioris
1751 4515 1970 4571 calami-

379 4587 506 4641 tatis
533 4589 952 4660 magnitudinem
983 4599 1263 4655 considera
1293 4617 1307 4655 :
1340 4599 1562 4657 fratrem
1586 4603 1830 4672 intueris,
1857 4623 1967 4662 non

377 4677 611 4734 alienum
638 4697 651 4733 :
679 4683 746 4737 ad
776 4695 980 4754 patrem
1009 4702 1256 4746 reversus
1279 4699 1379 4756 est,
1412 4692 1502 4762 qui
1529 4693 1765 4763 priorum
1790 4710 1858 4751 ne
1884 4698 1967 4753 vel

377 4771 659 4828 minimum
681 4778 952 4834 recordari
985 4791 1194 4850 potest;
1227 4787 1397 4856 magis
1427 4803 1555 4842 vero
1575 4803 1772 4844 eorum-
1790 4792 1963 4845 solum

1103 353 1161 411 S.
1201 350 1480 411 JOANNIS
1514 352 1991 412 CHRYSOSTOMI
2028 352 2350 411 ARCHIEP.
2389 349 2927 411 CONSTANTINOP.

3575 351 3682 410 284

2094 469 2480 538 reminiscitur,
2509 485 2629 540 quae
2648 469 2714 525 ad
2745 466 3195 540 compassionem,
3221 466 3642 524 misericordiam
3661 510 3682 539 ,

2096 563 2436 617 clementiam
2462 603 2477 629 ,
2511 561 2894 633 indulgentiam
2928 560 3144 617 trahere
3181 569 3402 631 possunt
3428 560 3682 631 genitori-

2095 653 2195 709 bus
2224 653 2702 708 accommodatam.
2731 652 3023 723 Propterea
3051 667 3160 707 non
3181 667 3299 722 qua:
3340 652 3485 718 fecit,
3512 651 3681 718 dixit,

2096 744 2190 800 sed
2211 759 2332 815 quae
2365 759 2554 814 passus
2578 753 2660 800 est
2693 762 2707 800 :
2736 760 2847 799 non
2887 743 3030 815 quod
3060 743 3413 799 substantiam
3457 743 3685 814 dissipa-

2094 837 2252 902 verit,
2284 837 2550 903 meminit,
2598 836 2692 893 sed
2728 837 2871 908 quod
2914 837 3214 892 innumeris
3238 834 3574 891 conﬂictatus
3614 835 3689 890 sit

2093 926 2269 984 malis.
2301 929 2391 985 Sic
2415 937 2470 985 et
2494 944 2647 985 ovem
2689 939 2838 985 tanto
2877 929 3055 984 studio
3081 928 3357 1000 quaesivit,
3400 927 3489 982 vel
3521 927 3683 982 etiam

2095 1020 2289 1091 majori
2324 1039 2337 1075 :
2381 1021 2470 1076 hic
2503 1021 2646 1076 enim
2676 1021 2791 1091 ipse
2821 1020 2979 1076 rediit
3024 1019 3183 1085 ﬁlius,
3225 1019 3334 1074 illic
3359 1029 3539 1074 autem
3571 1018 3687 1089 ipse

2095 1114 2226 1169 abiit
2279 1122 2488 1184 pastor,
2539 1121 2595 1170 et
2637 1114 2916 1170 inveniens
2963 1111 3208 1178 reduxit,
3248 1121 3302 1166 et
3349 1112 3557 1166 laetatus
3601 1119 3686 1166 est

2096 1220 2258 1274 super
2303 1220 2366 1260 ea
2413 1206 2615 1276 magis,
2667 1221 2827 1276 quam
2874 1219 3035 1275 super
3083 1204 3311 1269 caeteris,
3359 1218 3480 1274 quae
3523 1201 3686 1258 salva:

2095 1307 2266 1352 erant.
2300 1297 2437 1353 Vide
2458 1307 2636 1353 autem
2667 1297 2937 1369 quomodo
2965 1296 3212 1352 reduxit:
3245 1309 3349 1349 non
3378 1294 3684 1364 ﬂagellavit,

2095 1389 2188 1444 sed
2234 1388 2412 1445 ferens
2461 1389 2700 1445 humeris
2727 1403 2916 1444 rursus
2954 1388 3102 1459 gregi
3137 1387 3369 1443 reddidit
3397 1385 3548 1457 (Luc.
3590 1385 3680 1440 15.

2094 1481 2148 1534 4.
2179 1479 2258 1551 6).
2284 1480 2410 1536 Haec
2435 1481 2594 1552 igitur
2623 1481 2985 1551 intelligentes
3004 1520 3020 1544 ,
3054 1495 3161 1534 non
3202 1478 3364 1534 modo
3398 1493 3425 1530 a
3449 1477 3685 1532 redeun-

2096 1572 2237 1626 tibus
2263 1587 2372 1628 non
2408 1573 2577 1629 averti
2612 1573 2801 1640 Deum,
2834 1572 2928 1628 sed
2965 1573 3068 1627 hoc
3094 1587 3200 1626 non
3233 1571 3426 1626 minori
3452 1585 3573 1625 cum
3599 1569 3688 1638 ju-

2094 1663 2403 1730 cunditate,
2444 1679 2604 1734 quam
2635 1665 2780 1733 ipsos
2809 1663 2898 1732 qui
2939 1671 3088 1717 recte
3125 1677 3184 1717 se
3220 1661 3506 1732 gesserint,
3548 1661 3678 1716 reci-

2095 1771 2253 1826 pere:
2277 1771 2376 1812 nec
2396 1757 2558 1812 modo
2575 1771 2762 1826 poenas
2791 1770 2898 1810 non
2920 1755 3156 1825 exigere,
3178 1753 3274 1808 sed
3295 1751 3362 1808 ad
3384 1752 3683 1808 errantium

2094 1849 2490 1920 inquisitionem
2522 1848 2787 1919 proficisci
2821 1867 2834 1904 :
2867 1862 2930 1903 ac
2969 1847 3038 1903 de
3068 1846 3152 1900 his
3195 1846 3425 1916 repertis
3453 1844 3688 1915 amplius

2092 1941 2312 2010 gaudet,
2345 1957 2502 2012 quam
2525 1940 2594 1996 de
2613 1941 2824 1997 caeteris
2847 1950 2960 1995 tuto
2978 1941 3030 1995 in
3053 1940 3171 1995 loco
3188 1938 3682 2009 perseverantibus;

2093 2033 2194 2102 ipsi
2239 2048 2417 2103 neque
2461 2033 2615 2088 malis
2663 2033 2860 2097 obruti,
2906 2047 3056 2103 spem
3104 2031 3455 2102 deponamus,
3512 2045 3687 2101 neque

2094 2125 2249 2180 bonis
2275 2126 2630 2190 abundantes,
2657 2125 3023 2191 conﬁdamus;
3057 2124 3153 2179 sed
3178 2133 3233 2179 et
3261 2139 3384 2178 cum
3414 2132 3564 2182 recte.
3586 2137 3686 2177 nos

2091 2217 2456 2286 gesserimus,
2484 2217 2796 2285 timeamus,
2827 2225 2886 2271 ut
2911 2233 2982 2272 ne
3010 2231 3106 2285 per
3128 2214 3506 2271 conﬁdentiam
3538 2213 3688 2268 laba-

2094 2325 2235 2375 mur,
2268 2319 2324 2364 et
2348 2320 2405 2365 ut
2432 2311 2564 2381 lapsi
2588 2311 2956 2381 paenitentiam
2984 2324 3224 2380 agamus.
3251 2309 3405 2377 Quod
3435 2309 3578 2362 enim
3599 2308 3685 2362 iu-

2093 2402 2301 2472 cipiens
2328 2403 2457 2468 dixi,
2487 2411 2543 2459 et
2571 2419 2712 2460 nunc
2736 2404 2859 2460 dico
2881 2445 2896 2470 ,
2932 2404 3038 2458 duo
3066 2403 3182 2458 haec
3212 2420 3227 2458 :
3257 2411 3488 2456 stantem
3517 2399 3688 2456 conﬁ-

2091 2494 2256 2559 dere,
2307 2504 2364 2550 et
2418 2495 2708 2566 desperare
2748 2496 3042 2566 jacentem,
3087 2493 3444 2565 proditionem
3496 2493 3685 2548 salutis

2091 2597 2289 2643 nostra:
2319 2603 2459 2645 esse.
2490 2589 2669 2657 Quare
2697 2598 2903 2644 stantes
2928 2589 3199 2644 cautiores
3228 2589 3460 2644 reddens
3485 2588 3684 2643 Paulus

2089 2680 2245 2747 dicit,
2281 2681 2384 2746 Qui
2414 2698 2468 2735 se
2490 2691 2639 2752 putat
2663 2693 2817 2748 stare,
2847 2681 3014 2736 videat
3047 2699 3111 2736 ne
3149 2681 3317 2736 cadat.
3359 2681 3428 2736 Et
3465 2682 3680 2736 iterum.

2090 2773 2267 2829 Timeo
2315 2791 2378 2829 ne
2425 2779 2558 2846 forte
2608 2776 2725 2830 aliis
2774 2775 3059 2846 praedicans
3110 2775 3222 2845 ipse
3269 2773 3512 2844 reprobus
3559 2774 3685 2842 ﬁam

2095 2859 2146 2932 (1
2174 2859 2299 2916 Cor.
2328 2860 2531 2928 10.12;
2559 2861 2610 2916 9.
2633 2861 2726 2932 27)
2755 2880 2768 2916 :
2805 2865 3046 2935 jacentcs
3076 2875 3251 2920 autem
3284 2865 3518 2936 erigens,
3537 2874 3592 2920 et
3614 2865 3684 2920 ad

2089 2952 2315 3008 ulterius
2356 2953 2598 3010 excitans
2643 2953 2915 3017 studium,
2963 2955 3350 3011 testiﬁcabatur
3392 2954 3685 3011 Corinthiis

2087 3043 2167 3099 sic
2193 3045 2459 3110 scribens,
2492 3045 2576 3101 Ne
2598 3051 2728 3118 forte
2756 3049 2944 3103 multos
2973 3048 3210 3119 deﬂeam,
3241 3049 3328 3120 qui
3355 3058 3474 3103 ante
3497 3065 3681 3118 pecca-

2087 3146 2284 3203 verunt,
2313 3148 2360 3192 et
2395 3139 2741 3209 paenitentiam
2767 3155 2871 3195 non
2899 3149 3108 3210 egerunt
3148 3140 3222 3210 (2.
3255 3137 3375 3194 Cor.
3418 3139 3504 3198 12.
3533 3139 3628 3210 21)
3661 3158 3679 3195 :

2086 3230 2376 3286 ostendens
2408 3246 2513 3286 non
2545 3239 2651 3286 tam
2681 3243 2997 3303 peccantes,
3029 3247 3187 3302 quam
3219 3246 3324 3288 non
3357 3232 3684 3302 ptenitentes

2085 3321 2274 3393 dignos
2302 3324 2551 3396 lacrymis
2579 3339 2718 3380 esse.
2752 3326 2818 3380 Et
2841 3325 3100 3396 propheta
3123 3325 3189 3380 ad
3216 3325 3433 3381 eosdem
3462 3343 3477 3382 :
3510 3325 3684 3379 Num-

2084 3415 2210 3484 quid
2233 3417 2320 3484 qui
2345 3417 2503 3480 cadit,
2532 3433 2634 3471 non
2661 3418 2909 3489 resurgit,
2937 3426 3028 3470 aut
3054 3433 3259 3471 aversus
3284 3433 3385 3471 non
3412 3419 3683 3472 revertitur

2086 3509 2218 3577 (Jer.
2247 3509 2298 3564 8.
2333 3510 2428 3578 4)?
2453 3510 2630 3578 Quare
2671 3519 2726 3565 et
2752 3510 2969 3565 eosdem
3002 3509 3293 3566 exhortans
3329 3510 3492 3566 David
3518 3510 3677 3577 dicit,

2088 3599 2256 3655 Hodie
2290 3601 2334 3655 si
2362 3617 2532 3656 vocem
2559 3603 2668 3668 eius
2712 3602 2978 3656 audieritis
2998 3641 3014 3665 ,
3052 3602 3209 3656 nolite
3237 3601 3488 3656 obdurare
3522 3603 3683 3656 corda

2082 3701 2246 3745 vestra
2283 3692 2413 3746 sicut
2455 3693 2508 3745 in
2541 3693 2919 3747 exacerbatione
2956 3690 3130 3762 (Psal.
3172 3691 3259 3748 94.
3293 3692 3372 3762 8).
3413 3692 3680 3759 Quamdiu

2083 3776 2246 3853 igitur
2274 3783 2426 3838 hodie
2465 3783 2677 3847 dicitur,
2713 3799 2782 3840 ne
2813 3785 3052 3838 animum
3091 3783 3551 3853 despondeamus;
3581 3783 3679 3839 sed

2082 3875 2276 3930 bonam
2301 3875 2354 3930 in
2388 3876 2612 3930 Domino
2636 3891 2785 3946 spem
2809 3876 3087 3943 habentes,
3112 3884 3166 3930 et
3190 3877 3408 3947 pelagus
3428 3875 3547 3946 ejus
3566 3876 3680 3931 cle-

2081 3968 2295 4022 mentiae
2320 3968 2674 4038 recogitantes
2697 4009 2711 4034 ,
2743 3983 2959 4022 omnem
2988 3967 3370 4023 conscientiam
3401 3967 3680 4022 excutien-

2083 4067 2164 4115 tes
2189 4060 2382 4114 malam
2407 4059 2572 4114 multa
2615 4074 2736 4114 cum
2764 4074 2860 4129 spe
2887 4059 3268 4129 propositoque
3308 4057 3679 4114 adhaereamns

2081 4151 2300 4216 virtuti,
2333 4161 2388 4206 et
2415 4152 2785 4221 pmnitentiam
2813 4151 3070 4221 majorem
3097 4150 3151 4204 in
3180 4150 3396 4205 modum
3421 4151 3680 4205 ostenda-

2084 4256 2224 4310 mus,
2254 4250 2312 4296 ut
2333 4241 2417 4297 hic
2440 4245 2684 4298 universa
2706 4243 3038 4312 deponentes
3059 4250 3276 4311 peccata
3297 4241 3462 4296 multa
3485 4234 3680 4296 ﬁducia

2077 4350 2258 4390 coram
2289 4333 2487 4390 Christi
2533 4335 2781 4390 tribunali
2815 4344 2958 4389 stare
2997 4334 3297 4404 possimus,
3342 4348 3682 4404 regnumque

2078 4427 2331 4482 czelorum
2369 4428 2646 4498 consequi.
2681 4427 2847 4496 Cujus
2875 4441 3062 4481 omnes
3101 4441 3199 4482 nos
3241 4425 3525 4495 participes
3560 4425 3681 4481 ﬁeri

2076 4520 2380 4590 contingat,
2431 4520 2605 4588 gratia
2647 4528 2702 4574 et
2740 4517 3023 4574 clementia
3073 4517 3285 4572 Domini
3329 4518 3496 4572 nostri
3547 4515 3684 4572 Iesu

2075 4608 2310 4677 Christi,
2363 4611 2454 4681 qui
2501 4625 2623 4666 cum
2667 4611 2851 4676 Patri,
2903 4608 3169 4678 simulque
3213 4617 3401 4664 sancto
3453 4608 3685 4678 Spiritui

2074 4701 2263 4771 gloria,
2307 4702 2616 4771 imperium,
2645 4711 2701 4756 et
2745 4702 2939 4770 honor,
2980 4715 3122 4755 nunc
3149 4709 3206 4756 et
3246 4715 3489 4771 semper,
3531 4711 3590 4755 et
3628 4703 3684 4757 in

2076 4793 2270 4848 saecula
2296 4794 2636 4848 saeculorum.
2666 4795 2861 4848 Amen.

381 4881 3654 4916 __.______________________________

1537 4973 1677 5041 DE
1744 4973 2451 5063 PCENITENTIA,

972 5138 1054 5182 ΕΤ
1082 5140 1164 5181 ne
1196 5141 1521 5186 MOESTITIA
1570 5144 1749 5189 REGIS
1789 5146 2063 5196 manu,
2095 5148 2176 5190 ET
2218 5149 2300 5190 DE
2343 5149 2498 5194 JONA
2545 5151 2873 5194 nomen
2921 5135 3030 5216 (α).

1011 5365 1224 5406 ΗοΜιιιΑ
1265 5369 1322 5407 11.

446 5437 500 5498 1.
531 5435 751 5494 Vidistis
793 5441 1056 5511 superiori
1112 5443 1385 5500 Dominica
1429 5463 1656 5520 pugnam
1697 5461 1753 5507 et
1797 5453 1964 5508 victo-

373 5529 540 5594 riam,
590 5545 821 5602 pugnam
883 5533 1098 5602 quidem
1168 5535 1401 5606 diaboli,
1454 5541 1731 5599 victoriam
1785 5555 1962 5601 autem

370 5620 606 5676 Christi?
627 5623 854 5685 vidistis.
883 5634 941 5680 ut
958 5627 1269 5696 ptenitentia
1294 5630 1617 5703 laudaretur,
1643 5645 1697 5693 et
1717 5636 1961 5694 diabolus

368 5755 715 5868 bamb-collata
737 5773 846 5810 cum
870 5769 976 5812 MSS.
1011 5771 1128 5837 Reg.
1172 5765 1311 5840 1.828.
1337 5767 1478 5830 1829,
1514 5772 1655 5833 2032,
1681 5773 1820 5823 2421.
1849 5782 1960 5826 1180

520 5831 564 5868 ta
587 5827 784 5868 ternum
802 5823 957 5868 locum
974 5828 1161 5868 nhtnml
1191 5843 1233 5868 In
1259 5831 1428 5868 soul...

520 5823 564 5868 ia
587 5823 784 5872 tertium
802 5823 957 5875 locum
974 5823 1168 5880 obtinet
1189 5831 1236 5879 in
1259 5831 1445 5882 Savtliu.

2083 5364 2286 5434 plagam
2318 5379 2423 5418 non
2454 5365 2647 5431 ferret,
2675 5366 2770 5422 sed
2804 5366 3094 5437 trepidaret
3135 5376 3189 5423 et
3228 5367 3509 5424 horreret?
3534 5368 3676 5437 Quid

2076 5457 2252 5524 times,
2281 5473 2315 5512 ο
2340 5457 2580 5527 diabole,
2612 5459 2739 5514 dum
2767 5461 3078 5530 poenitentia
3111 5461 3390 5516 laudatur?
3416 5463 3541 5532 quid
3569 5479 3674 5535 ge-

2069 5549 2210 5605 mis?
2239 5549 2366 5620 quid
2393 5551 2619 5606 horres?
2647 5551 2836 5607 Merito
2865 5567 3014 5620 sane,
3047 5552 3237 5622 inquit,
3275 5567 3430 5623 gemo
3455 5562 3510 5609 et
3532 5553 3676 5609 afﬂi-

2066 5657 2164 5713 gor
2187 5660 2200 5697 :
2225 5659 2412 5715 magna
2429 5645 2558 5700 mihi
2579 5661 2705 5700 vasa
2731 5647 2905 5716 rapuit
2925 5647 3235 5717 ptenitentia
3265 5647 3383 5700 ista.
3407 5646 3672 5714 Quaenam

2067 5735 2158 5790 illa
2207 5737 2467 5793 tandem?
2512 5738 2876 5805 Meretricem,
2936 5739 3312 5808 publicanum,
3360 5737 3666 5814 latronem,

2065 5826 2453 5892 blaSphcmum.
2485 5829 2771 5888 Enimvero
2806 5829 2971 5888 multa
3012 5845 3136 5886 vasa
3185 5829 3301 5902 ejus
3341 5828 3460 5886 sine
3497 5828 3668 5886 dubio
