4046 6396
272 364 373 418 985

273 476 327 527 δὲ
357 473 733 543 βαπτίσματος
767 473 866 525 οὐκ
916 471 1030 524 ἔστι
1075 470 1305 543 πατρῷα
1339 483 1364 511 ο
1394 470 1600 533 λαϐεῖν,
1626 470 1746 523 οὐδέ
1779 468 1863 521 δέ·

273 558 464 624 ξασθαι
493 556 863 626 κληρονομίαν
888 574 900 586 ·
936 556 1076 610 ὥστε
1105 556 1194 609 διὰ
1240 558 1458 611 πάντων
1493 558 1624 626 ἡμῖν
1658 554 1862 608 τούτων

270 641 329 692 τὸ
348 640 456 693 τῶν
486 640 694 692 πιστῶν
715 640 1010 694 αἰνίττεται
1049 640 1259 710 τάγμα.
1302 642 1412 693 Καὶ
1449 638 1676 707 ἀδελφὸς
1708 637 1763 689 δέ
1795 633 1861 707 ἦν

272 723 363 777 τοῦ
390 724 817 795 εὐδοκιμηκότος
839 739 852 752 ·
897 724 1125 793 ἀδελφὸς
1149 724 1207 776 δέ
1227 723 1327 776 οὐκ
1360 723 1425 776 ἂν
1451 722 1663 790 γένοιτο
1692 721 1863 793 χωρὶς

272 807 651 876 πνευματικῆς
679 807 1117 877 ἀναγεννήσεως.
1162 802 1331 869 Οὗτος
1351 805 1530 859 τοίνυν
1554 807 1632 868 είς
1661 804 1861 858 κακίαν

270 890 505 960 ἐσχάτην
530 888 733 953 πεσὼν,
762 890 816 943 τί
850 905 1047 959 (manv;
1097 889 1406 956 Ἐπανήξω
1439 888 1589 957 πρὸς
1614 888 1721 941 τὸν
1747 903 1861 941 πα-

269 973 408 1042 τέρα
435 989 585 1043 μου·
625 974 714 1026 διά
736 972 845 1045 γὰρ
870 973 1029 1026 τοῦτο
1058 974 1219 1027 αὐτὸν
1244 975 1338 1026 καὶ
1367 974 1581 1043 ἀφῆκεν
1600 975 1627 1025 6
1656 972 1857 1043 πατὴρ,

271 1060 365 1111 καὶ
401 1061 502 1112 οὐκ
533 1058 805 1111 ἐκώλυσεν
829 1060 908 1120 είς
925 1059 1025 1127 τήν
1052 1056 1341 1129 ἀλλοτρίαν
1358 1057 1633 1123 ἀπελθεῖν,
1658 1058 1745 1111 ἵνα
1774 1058 1863 1111 διὰ

269 1145 368 1212 τῆς
393 1143 589 1213 πείρας
622 1141 767 1213 μάθῃ
795 1140 996 1207 καλῶς,
1030 1142 1160 1211 ὅσης
1194 1141 1512 1211 ἀπήλαυσεν
1540 1141 1864 1210 εὐεργεσίας

270 1226 410 1278 οῑκοι
453 1226 649 1296 μένων.
710 1225 979 1287 Πολλάκις
1014 1225 1122 1296 γὰρ
1157 1227 1185 1278 6
1232 1225 1366 1289 Θεὸς
1401 1226 1530 1278 ὅταν
1568 1225 1742 1293 λέγων
1786 1226 1861 1297 μὴ

271 1308 457 1379 πείθῃ,
488 1311 553 1380 τῇ
582 1308 670 1361 διὰ
698 1308 806 1361 τῶν
834 1308 1179 1380 πραγμάτων
1202 1309 1368 1381 πείρᾳ
1388 1309 1487 1378 τὴν
1512 1308 1863 1361 διδασκαλίαν

270 1392 524 1461 ἀφίησιν·
554 1393 692 1463 ὅπερ
723 1389 815 1446 οὖν
855 1393 949 1446 καὶ
982 1392 1116 1463 πρὸς
1162 1392 1289 1455 τοὺς
1336 1391 1621 1455 Ἰουδαίους
1655 1391 1860 1460 ἔλεγεν.

285 1475 501 1545 Ἐπειδὴ
519 1474 627 1547 γάρ
655 1476 879 1548 μυρίους
918 1476 1204 1538 ἀναλώσας
1241 1475 1324 1528 διὰ
1341 1473 1449 1528 τῶν
1467 1473 1762 1545 προφητῶν
1782 1474 1864 1527 λό-

269 1577 420 1627 γους,
440 1561 540 1613 οὐκ
553 1560 769 1615 ἔπεισεν
785 1561 903 1613 οὐδὲ
922 1561 1291 1624 ἐπεσπάσατο,
1320 1560 1477 1630 ἀφεὶς
1494 1559 1580 1613 διά
1593 1563 1689 1631 τῆς
1705 1559 1866 1614 κολά-

271 1659 407 1707 σεως
437 1644 631 1706 αὐτοὺς
657 1643 1027 1714 παιδευθῆναι,
1048 1646 1183 1714 φησι
1209 1644 1345 1715 πρὸς
1368 1643 1585 1707 αὐτούς’
1616 1643 1864 1697 Παιδεύο

271 1742 369 1780 σει
390 1743 465 1781 σε
495 1727 534 1796 ἡ
570 1729 919 1783 ἀποστασία
953 1746 1089 1795 σου,
1105 1730 1199 1782 καὶ
1222 1731 1255 1798 ἠ
1275 1730 1451 1783 κακία
1482 1744 1598 1783 σου
1627 1727 1861 1800 ἐλέγξει

271 1827 365 1866 σε.
398 1812 546 1865 Ἔδει
582 1812 680 1883 μὲν
727 1813 837 1885 γὰρ
877 1813 1039 1867 αὐτὸν
1077 1812 1392 1878 ἀξιόπιστον
1435 1810 1575 1868 εἶναι
1620 1816 1715 1869 καὶ
1755 1815 1863 1887 πρὸ

270 1896 372 1966 τῆς
391 1898 500 1950 τῶν
531 1898 872 1969 πραγμάτων
890 1898 1169 1963 ἐκϐάσεως
1188 1915 1201 1930 ⁸
1238 1900 1426 1971 ἐπειδὴ
1446 1900 1502 1953 δὲ
1523 1899 1696 1964 οὕτως
1713 1900 1864 1953 ἀναι-

273 1980 488 2051 σθήτως
524 1981 807 2048 διέκειντο,
848 1981 923 2045 ὼς
958 1983 1204 2036 ἀπιστεῖν
1234 1984 1400 2037 αὐτοῦ
1438 1989 1560 2048 ταῖς
1597 1985 1863 2053 παραινέ-

272 2080 390 2117 σεσι
417 2065 510 2117 καὶ
546 2067 666 2128 ταῖς
722 2066 1071 2135 συμϐουλαῖς,
1114 2067 1560 2139 προαναστέλλων
1599 2071 1663 2139 τῇ
1700 2068 1865 2138 κακία

274 2147 347 2217 μὴ
368 2147 677 2213 πείθεσθαι,
721 2149 1114 2220 ἐπιτρέπειδιά
1152 2151 1232 2203 τῶ
1282 2152 1624 2223 πραγμάτων
1668 2151 1867 2213 αὐτοὺς

272 2232 652 2303 παιδευθῆναι,
687 2233 773 2286 ἵνα
812 2233 985 2298 οὕτως
1024 2234 1222 2299 αὐτοὺς
1266 2237 1639 2306 ἀνακτήσηται
1678 2235 1863 2289 πάλιν.

283 2314 503 2386 Ἐπειδὴ
530 2316 707 2369 τοίνυν
741 2316 991 2371 ἀπελθὼν
1015 2319 1043 2370 ό
1080 2319 1289 2383 ἄσωτος
1318 2322 1396 2383 είς
1423 2320 1521 2389 τὴν
1555 2319 1865 2391 ἀλλοτρίαν,

273 2398 366 2449 καὶ
397 2397 486 2450 διὰ
514 2399 622 2451 τῶν
671 2399 849 2470 ἔργων
891 2401 1070 2454 αὐτῶν
1107 2402 1296 2471 μαθὼν
1339 2403 1462 2455 ὅσον
1494 2403 1664 2455 κακὸν
1704 2404 1869 2455 ἐκπε-

272 2485 384 2534 σεῖν
422 2483 683 2555 πατρῴας
707 2486 906 2549 οίκίσς,
943 2486 1268 2557 ἐπανῆλθεν,
1299 2488 1399 2539 οὐκ
1424 2489 1869 2557 ἐμνησικάκησεν

272 2567 300 2616 6
324 2566 530 2637 πατὴρ,
557 2568 671 2620 ἀλλ’
701 2569 921 2632 ὑπτίαις
952 2569 1115 2623 αὐτὸν
1166 2569 1385 2634 ἐδέξατο
1427 2574 1546 2635 ταῖς
1582 2572 1757 2642 χερσί.
1804 2572 1869 2624 Τί

272 2651 508 2720 δήποτε;
539 2654 660 2707 Ὅτι
698 2655 881 2725 πατὴρ
921 2650 1010 2727 ἧν,
1039 2655 1131 2708 καὶ
1163 2656 1224 2707 οὐ
1258 2656 1539 2726 δικαστής.
1572 2658 1867 2726 Καὶχοροὶ,

274 2739 370 2790 καὶ
408 2737 612 2803 θαλίαι,
654 2740 749 2792 καὶ
795 2739 1136 2809 πανηγύρεις
1174 2739 1381 2803 λοιπὸν,
1423 2743 1527 2811 καὶ,
1548 2742 1750 2813 φαιδρὰ
1776 2744 1871 2795 καὶ

274 2821 583 2894 περιχαρὴς
620 2818 690 2894 ἦν
732 2825 767 2894 ή
814 2824 959 2877 οἰκία
999 2826 1169 2878 πᾶσα.
1217 2824 1282 2876 Τί
1325 2824 1532 2893 λέγεις;
1574 2821 1733 2879 αὗται
1771 2827 1872 2896 τῆς

277 2907 481 2970 κακίας
507 2909 561 2960 al
595 2908 854 2978 ἀμοιϐαί;
891 2909 1026 2979 Οὐχὶ
1043 2911 1141 2974 τῆς
1164 2907 1387 2972 κακίας,
1423 2909 1699 2980 ἄνθρωπε,
1736 2909 1873 2962 ἀλλά

276 2990 373 3060 τῆς
389 2990 652 3044 ἐπανόδου
670 3010 682 3021 ·
706 2993 826 3063 οὐχὶ
854 2995 952 3064 τῆς
975 2993 1267 3065 ἁμαρτίας,
1283 2993 1418 3046 ἀλλά
1432 2994 1532 3064 τῆς
1553 2993 1839 3064 μετανοίας
1854 3011 1869 3025 ⁸

278 3074 401 3143 οὐχὶ
452 3077 552 3146 τῆς
594 3078 880 3148 πονηρίας,
921 3078 1058 3132 ἀλλά
1096 3079 1195 3149 τῆς
1239 3080 1332 3131 ἐπὶ
1371 3080 1431 3131 τὸ
1459 3079 1666 3150 βέλτιον
1703 3098 1874 3152 μετα-

280 3156 464 3228 ϐολῆς.
499 3160 609 3212 Καὶ
639 3160 701 3213 τὸ
738 3161 802 3233 δὴ
830 3163 1034 3232 μεῖζον,
1087 3163 1468 3234 ἠγανάκτησεν
1500 3166 1591 3218 ἐπὶ
1619 3166 1828 3231 τούτοις
1847 3170 1876 3221 ὁ

283 3242 395 3305 υἱὸς
417 3244 446 3295 ό
473 3244 737 3315 πρότερος
752 3260 766 3276 ·
802 3247 831 3298 6
868 3247 925 3299 δὲ
958 3248 1051 3301 καὶ
1064 3248 1251 3302 τοῦτον
1273 3250 1465 3320 πράως
1481 3250 1663 3305 ἔπεισε
1678 3253 1873 3322 λέγων,

285 3325 413 3379 Ὅτι
433 3329 515 3381 σὺ
538 3328 655 3397 μὲν
686 3330 777 3384 ἀεὶ
800 3333 923 3400 μετ’
945 3333 1092 3402 ἐμοῦ
1120 3334 1427 3403 διέτριϐες,
1446 3332 1625 3403 οὗτος
1655 3338 1723 3391 δὲ
1736 3341 1879 3393 ἀπο-

282 3412 493 3479 λωλὼς
517 3413 619 3483 ἦν,
652 3415 753 3468 καὶ
786 3417 999 3485 εἱιρέθη
1018 3435 1031 3447 ·
1059 3420 1276 3487 νεκρὸς
1304 3417 1406 3491 ἦν,
1436 3422 1536 3475 καὶ
1562 3421 1874 3491 ἀνέζησεν.

288 3499 456 3553 Ὅταν
485 3500 544 3553 δέ
586 3502 679 3555 τὸν
741 3504 1059 3559 ἀπολωλότα
1102 3506 1367 3561 διασῶσαι
1422 3508 1536 3580 δέῃ,
1589 3508 1773 3580 φησὶν,
1816 3510 1876 3563 οὐ

286 3582 652 3655 δικαστηρίων
687 3589 897 3659 καιρὸς,
939 3590 1060 3642 οὐδέ
1100 3591 1363 3662 ἀκριϐοῦς
1393 3591 1713 3658 ἐξετάσεως,
1742 3593 1877 3646 ἀλλά

290 3670 703 3740 φιλανθρωπίας
755 3675 847 3726 καὶ
884 3675 1213 3745 συγγνώμης
1248 3677 1427 3747 μόνον.
1473 3678 1662 3741 Οὐδεὶς
1696 3680 1880 3749 ἰατρὸς

290 3753 446 3820 ἀφεὶς
484 3754 752 3809 ἐπιθεῖναι
791 3758 1082 3828 φάρμακον
1111 3759 1189 3830 τῷ
1218 3761 1501 3829 κάμνοντι,
1533 3763 1629 3832 τῆς
1657 3762 1882 3827 ἀταξίας

291 3838 451 3892 αὐτὸν
488 3840 718 3904 εὐθύνας
755 3844 974 3896 ἀπαιτεί
996 3845 1090 3920 καὶ
1116 3846 1402 3917 τιμωρίαν.
1430 3848 1492 3900 Εἰ
1522 3847 1578 3899 δέ
1604 3848 1697 3901 καὶ
1725 3849 1883 3920 δίκην

291 3921 454 3975 αὐτὸν
474 3924 611 3986 ὅλως
643 3925 825 3980 δοῦναι
869 3928 1056 3999 ἐχρῆν,
1093 3931 1285 4001 ἱκανὴν
1315 3931 1482 3985 ἔδωκε
1522 3932 1677 4003 δίκην
1708 3933 1806 4005 τὴν
1825 3936 1882 3987 ἐν

292 4008 358 4076 τῇ
403 4006 661 4079 ἀλλοτρία
710 4010 1013 4082 διατριϐήν.
1056 4014 1322 4067 Τοσοῦτον
1371 4014 1501 4083 γοῦν
1548 4018 1738 4088 χρόνον
1784 4018 1886 4087 τῆς

296 4090 570 4160 ἡμετέρας
604 4094 876 4166 ἐχωρίσθη
920 4096 1225 4159 συνουσίας,
1268 4099 1362 4151 καὶ
1398 4098 1540 4169 λιμῷ
1570 4100 1662 4153 καὶ
1691 4102 1886 4173 ἀτιμίᾳ

298 4174 391 4225 καὶ
418 4177 531 4238 τοῖς
553 4178 800 4246 ἐσχάτοις
817 4179 1060 4233 παλαίων
1091 4184 1280 4244 κακοῖς
1307 4182 1591 4236 διετέλεσε.
1612 4184 1709 4238 Διά
1731 4185 1888 4239 τοῦτό

300 4272 486 4327 φησιν,
535 4260 876 4328 Ἀπολωλὼς
904 4259 1001 4332 ἦν,
1029 4262 1127 4315 καὶ
1154 4266 1364 4333 εὑρέθη
1390 4284 1402 4297 ⁸
1427 4266 1639 4335 νεκρὸς
1662 4265 1758 4339 ἦν,
1783 4269 1881 4323 καὶ

298 4341 568 4409 ἀνέζησε.
618 4345 708 4415 Μὴ
739 4347 807 4399 τὰ
849 4348 1090 4418 παρόντα
1135 4348 1270 4421 ίδῃς,
1312 4352 1496 4421 φησὶν,
1544 4352 1658 4405 ἀλλ’
1693 4353 1882 4423 ἐννόη-

301 4442 391 4509 σον
406 4427 504 4509 τῆς
528 4428 799 4499 προτέρας
823 4434 1106 4502 συμφορᾶς
1123 4434 1181 4486 τὸ
1206 4434 1463 4504 μέγεθος·
1485 4436 1711 4505 ἀδελφὸν
1728 4439 1880 4509 ὁρᾷς,

300 4508 401 4560 οὐκ
428 4508 726 4583 ἀλλότριον.
759 4514 903 4584 Πρὸς
942 4517 1154 4587 πατέρα
1184 4517 1505 4589 ἐπανῆλθεν.
1545 4520 1696 4573 οὐδὲν
1730 4508 1881 4592 [286]

300 4592 597 4665 δυνάμενον
627 4598 1042 4671 ἀναμνησθῆναι
1081 4600 1191 4654 τῶν
1234 4602 1548 4674 προτέρωνο
1582 4605 1787 4676 μᾶλλον
1828 4605 1886 4658 δὲ

379 4757 406 4788 ³
423 4760 573 4813 Savil.
592 4766 830 4827 πατρῴαν.

1412 357 1496 409 DE
1535 354 2005 411 ΡαέιΝΙίἙΝΤΙΑ.
2052 355 2285 413 HOMIL.
2327 358 2395 415 11.

3453 354 3563 412 286

1965 472 2156 526 ἐκεῖνα
2185 472 2533 544 μεμνημένον
2566 473 2723 545 μόνα,
2770 472 2915 542 ἆπερ
2945 472 3024 535 είος
3050 470 3396 542 συμπάθειαν
3424 479 3559 539 ἀγα-

1961 558 2082 624 γεῖν
2121 556 2345 611 δύναται
2384 557 2478 610 καὶ
2524 556 2672 610 ἔλεον
2725 558 2819 610 καὶ
2869 556 3105 627 στοργήν
3134 557 3229 610 καὶ
3266 556 3431 626 φειδὼ
3456 556 3560 627 τὴν

1963 643 2077 703 τοῖς
2106 642 2461 712 γεγεννηκόσι
2509 642 2915 713 προσήκουσαν.
2956 640 3054 692 Διά
3088 640 3247 693 τοῦτο
3284 640 3381 711 οὐχ
3412 639 3559 711 άπερ

1963 723 2204 796 ἔπραξεν
2234 720 2406 789 εἶπεν,
2437 725 2550 779 ἀλλ’
2581 725 2721 795 ἅπερ
2756 724 2959 777 ἔπαθεν
2981 740 2993 753 ·
3027 724 3125 794 οὐχ
3166 724 3248 777 δτι
3276 723 3556 794 κατέφαγε

1963 807 2064 878 τὴν
2092 808 2278 860 οὐσίαν
2306 808 2733 879 ἐμνημόνευσεν,
2767 809 2879 862 ἀλλ’
2906 810 2987 861 ὅτι
3019 807 3233 879 μυρίοις
3261 807 3556 879 περιέπεσε

1964 895 2172 955 κακοῖς.
2226 891 2384 946 Οῦτω
2429 892 2490 946 τὸ
2550 893 2817 964 πρόϐατον
2869 893 3050 963 ἐζήτει
3102 890 3240 962 μετά
3287 890 3557 960 τοσαύτης

1966 976 2234 1045 σπουδῆς·
2280 976 2479 1045 μᾶλλον
2519 976 2575 1029 δὲ
2624 976 2761 1046 μετά
2816 975 3079 1045 μείζονος.
3144 973 3409 1027 Ἐνταῦθα
3455 974 3556 1044 μὲν

1963 1059 2072 1129 γὰρ
2102 1060 2264 1122 αὐτὸς
2296 1058 2598 1129 ἐπανῆλθεν
2633 1060 2661 1111 6
2688 1059 2804 1121 υἱός
2828 1075 2841 1088 ·
2876 1060 2993 1111 ἐκεῖ
3040 1058 3095 1110 δέ
3132 1057 3292 1120 αὐτὸς
3312 1056 3558 1127 ἀπῆλθεν

1963 1145 1991 1197 6
2025 1142 2249 1214 ποιμὴν,
2293 1144 2386 1197 καὶ
2441 1144 2616 1213 εὑρών
2657 1144 2854 1214 ῆγαγε,
2891 1143 2985 1195 καὶ
3023 1142 3243 1211 ἔχαιρεν
3281 1142 3367 1194 ἐπ’
3408 1140 3558 1211 αὐτῷ

1968 1226 2190 1296 μᾶλλον,
2236 1226 2269 1297 ἢ
2306 1226 2397 1280 ἐπὶ
2429 1229 2540 1289 τοῖς
2577 1226 3036 1296 διασεσωσμένοις
3070 1225 3452 1295 ἆπασιν.⁹’ορα
3499 1223 3559 1276 δὲ

1962 1312 2059 1362 καὶ
2087 1310 2204 1373 πῶς
2232 1312 2583 1381 ἐπανήγαγεν
2605 1326 2616 1337 ’
2678 1310 2779 1363 οὐκ
2827 1307 3140 1380 ἐμάστιξεν,
3184 1306 3298 1360 ἀλλ’
3334 1308 3427 1360 ἐπὶ
3447 1305 3558 1359 τῶν

1965 1393 2129 1462 ῶμων
2163 1394 2343 1465 φέρων
2385 1396 2479 1447 καὶ
2530 1393 2838 1463 βαστάζων,
2898 1392 3061 1446 πάλιν
3098 1393 3165 1463 τῇ
3207 1391 3410 1461 ποίμνῃ
3446 1390 3557 1444 ἀπ·-

1964 1477 2152 1531 έδωκε.
2190 1478 2354 1531 Ταῦτ’
2397 1477 2488 1531 οὖν
2527 1477 2744 1540 εἰδότες,
2774 1476 2941 1529 ὅτιού
2984 1476 3141 1546 μόνον
3171 1475 3270 1528 οὐκ
3294 1472 3562 1545 ἀποστρέ-

1965 1578 2122 1629 φεται
2161 1561 2504 1624 ἐπανιόντας,
2541 1560 2678 1614 ἀλλά
2708 1561 2803 1613 καὶ
2830 1559 2938 1612 τῶν
2985 1558 3428 1629 κατωρθωκότων
3459 1556 3560 1610 οὐκ

1966 1643 2187 1696 ἔλαττον
2225 1644 2476 1713 δέχεται³
2543 1645 2626 1697 ὅτι
2674 1644 2735 1696 οὐ
2782 1644 2942 1714 μόνον
2972 1642 3073 1695 οὐκ
3118 1642 3343 1694 ἀπαιτεῖ
3378 1639 3558 1711 δίκην,

1963 1729 2102 1782 ἀλλά
2132 1728 2225 1781 καὶ
2254 1730 2332 1792 εἰς
2377 1727 2702 1799 ἐπιζήτησιν
2732 1728 2838 1780 τῶν
2867 1726 3303 1796 πεπλανημένων
3338 1724 3561 1795 ἔρχεται

1963 1813 2058 1866 καὶ
2113 1811 2221 1864 τῶν
2271 1811 2720 1882 διασεσωσμένων
2758 1810 2959 1881 μᾶλλον
2998 1811 3090 1863 ἐπὶ
3128 1812 3195 1879 τῇ
3230 1807 3433 1861 τούτων
3469 1807 3563 1862 e6-

1967 1897 2114 1967 ρέσει
2138 1896 2336 1967 χαίρει,
2359 1897 2495 1965 μήτε
2525 1896 2582 1948 ἐν
2614 1897 2870 1964 πονηροῖς
2883 1893 3034 1957 ὄντες
3067 1892 3559 1961 ἀπογινώσκωμεν,

1969 1982 2104 2051 μήτε
2137 1982 2193 2031 ἐν
2234 1979 2457 2047 ἀγαθοῖς
2494 1978 2645 2041 ὄντες
2690 1977 3004 2048 θαρρῶμεν,
3054 1975 3191 2029 ἀλλά
3232 1977 3329 2027 καὶ⁵
3362 1990 3562 2045 κατορ-

1968 2065 2210 2128 θοῦντες,
2270 2063 2587 2134 φοϐώμεθα,
2625 2062 2712 2116 ἵνα
2769 2062 2844 2132 μὴ
2874 2062 3246 2133 θαρρήσαντες
3282 2058 3561 2128 πέσωμεν,

1967 2151 2060 2203 καὶ
2108 2150 2515 2220 ἁμαρτάνοντες
2581 2145 2948 2218 μετανοῶμεν.
3016 2147 3192 2216 Ὅπερ
3250 2143 3360 2214 γὰρ
3402 2140 3562 2210 ἀρχό-

1972 2253 2131 2305 μενος
2163 2230 2336 2298 εἷπον,
2364 2234 2521 2287 τοῦτο
2572 2232 2716 2301 λέγω
2763 2232 2857 2284 καὶ
2888 2231 3004 2293 νῦν,
3041 2232 3122 2283 δτι
3169 2228 3428 2299 προδοσία
3458 2224 3563 2294 τῆς

1967 2319 2245 2391 ἡμετέρας
2286 2318 2559 2388 σωτηρίας
2583 2316 2757 2369 ταῦτα
2792 2315 3100 2385 ἀμφότερα,
3130 2311 3224 2365 καὶ
3251 2310 3311 2364 τὸ
3337 2310 3565 2381 θαρρεῖν

1970 2404 2200 2467 ἐστῶτα,
2228 2405 2323 2457 καὶ
2356 2404 2415 2457 τὸ
2445 2401 2847 2470 ἀπογινώσκειν
2886 2401 3160 2470 κείμενον.
3192 2397 3285 2450 Διὸ
3304 2397 3431 2458 τοὺς
3465 2393 3564 2465 μὲν

1970 2490 2211 2551 ἑστῶτας
2232 2487 2665 2557 ἀσφαλιζόμενος
2694 2487 2721 2537 ὸ
2758 2485 2967 2547 Παῦλος
3014 2483 3229 2551 ἔλεγεν
3276 2480 3338 2533 'O
3367 2475 3566 2533 δοκῶν

1970 2573 2217 2626 ἑστάναι
2236 2571 2516 2635 ,ϐλεπέτω
2536 2571 2621 2640 μὴ
2657 2570 2839 2638 πέσῃ.
2876 2570 2985 2622 Καὶ
3011 2568 3173 2621 πάλιν
3196 2582 3211 2597 ο
3240 2563 3561 2632 Φοϐοῦμαι.

1966 2657 2050 2725 μή
2084 2671 2207 2722 πως
2234 2657 2448 2721 ἄλλοις
2465 2656 2753 2723 κηρύξας,
2775 2652 2957 2718 αὐτὸς
2986 2652 3272 2719 ἀδόκιμος
3284 2648 3561 2718 γένωμαι·

1971 2743 2096 2803 τοὺς
2111 2740 2165 2793 δὲ
2198 2741 2481 2811 κειμένους
2519 2740 2744 2802 ἀνιστάς
2761 2740 2855 2791 καὶ
2892 2740 2971 2799 είς
2998 2735 3306 2806 προθυμίαν
3342 2731 3564 2786 πλείονα

1972 2822 2275 2893 διεγείρων,
2328 2823 2731 2894 διεμαρτύρατο
2758 2822 3065 2891 Κορινθίοις
3109 2818 3334 2890 γράφων
3358 2814 3559 2877 οὕτως’

1974 2907 2068 2971 Μή
2104 2923 2229 2971 πως
2256 2907 2537 2975 πενθήσω
2568 2905 2839 2970 πολλοὺς
2856 2903 2973 2957 τῶν
3000 2898 3564 2971 προημαρτηκότων,

1976 2992 2074 3045 καὶ
2098 2991 2184 3060 μὴ
2214 2992 2723 3060 μετανοησάντων
2752 3009 2765 3022 ·
2806 2989 3021 3052 δεικνὺς
3058 2989 3141 3041 ὅτι
3184 2987 3284 3056 οὐχ
3309 2984 3482 3046 οὕτως
3515 2982 3566 3035 οἱ

1976 3077 2382 3148 ἁμαρτάνοντες
2414 3076 2488 3140 ώς
2522 3079 2570 3130 οἱ
2606 3078 2680 3147 μὴ
2712 3074 3097 3146 μετανοοῦντες
3130 3073 3223 3126 ἐπὶ
3252 3073 3363 3132 τοῖς
3388 3070 3568 3138 ἀμαρ-

1976 3162 2213 3231 τήμασίν
2241 3163 2346 3214 είσι
2383 3160 2596 3232 θρήνων
2624 3160 2784 3228 ἄξιοι.
2821 3162 2930 3213 Καὶ
2962 3161 2990 3212 ό
3023 3158 3312 3229 προφήτης
3342 3154 3400 3207 δὲ
3429 3151 3566 3223 πρὸς

1978 3245 2177 3307 αὐτούς
2209 3261 2375 3315 φησι·
2420 3244 2517 3311 Μὴ
2566 3247 2598 3298 ὀ
2632 3245 2868 3297 πίπτων
2908 3245 3019 3297 οὐκ
3064 3241 3403 3301 ἀνίσταται,
3445 3235 3479 3300 ἢ
3531 3236 3567 3288 ὁ

1977 3330 2377 3397 ἀποστρέφων
2440 3331 2551 3382 οὐκ
2608 3326 2989 3397 ἐπιστρέφει;
3032 3324 3132 3378 Διά
3187 3322 3344 3376 τοῦτο
3400 3319 3490 3373 καὶ
3536 3320 3568 3373 6

1978 3413 2141 3466 Δαυῖδ
2174 3412 2395 3476 τούτους
2439 3413 2636 3475 αὐτοὺς
2692 3412 2995 3482 παρακαλεῖ
3032 3409 3235 3477 λέγων·
3294 3404 3569 3474 Σήμερον

1978 3498 2087 3551 ἐὰν
2115 3496 2224 3565 τῆς
2260 3495 2467 3564 φωνῆς
2491 3496 2679 3550 αὑτοῦ
2713 3496 3034 3561 ἀκούσητε,
3060 3492 3145 3563 μὴ
3179 3489 3567 3557 σκληρύνητε

1979 3581 2086 3646 τὰς
2110 3579 2358 3648 καρδίας
2386 3579 2552 3649 ὑμῶν
2581 3580 2660 3644 ὡς
2682 3580 2750 3632 ἐν
2781 3575 2860 3642 τῷ
2891 3571 3385 3645 παραπικρασμῷ.
3421 3572 3569 3634 Ἕως

1982 3660 2073 3717 οὖν
2111 3665 2172 3716 τὸ
2203 3663 2473 3733 σήμερον
2512 3663 2751 3730 λέγεται,
2793 3661 2867 3733 μὴ
2911 3658 3398 3728 ἀπογινώσκωμεν,
3434 3653 3568 3708 ἀλλά

1981 3749 2226 3822 χρηστάς
2272 3751 2350 3811 είς
2395 3748 2484 3800 τὸν
2519 3748 2793 3815 Δεσπότην
2826 3745 3036 3815 ἔχοντες
3068 3744 3168 3807 τάς
3199 3741 3443 3804 ἐλπίδας,
3474 3738 3570 3791 καὶ

1981 3833 2041 3885 τὸ
2070 3832 2305 3899 πέλαγος
2338 3829 2502 3883 αὐτοῦ
2534 3830 2633 3900 τῆς
2664 3828 3076 3899 φιλανθρωπίας
3103 3824 3431 3886 ἐννοοῦντες,
3456 3822 3568 3874 πᾶν

1984 3915 2221 3986 πονηρὸν
2267 3914 2723 3984 ἀποτιναξάμενοι
2762 3911 3021 3977 συνειδὸς,
3060 3909 3196 3980 μετά
3238 3906 3438 3976 πολλῆς
3467 3904 3570 3977 τῆς

1985 4000 2313 4073 προθυμίας,
2364 4000 2458 4051 καὶ
2494 3999 2593 4067 τῆς
2636 3997 2849 4060 ἐλπίδος
2883 3992 3269 4064 ἐπιλαϐώμεθα
3297 3992 3398 4061 τῆς
3441 3990 3570 4073 ἀρε-

1984 4085 2105 4153 τῆς,
2142 4083 2234 4136 καὶ
2262 4081 2358 4153 τὴν
2385 4081 2671 4151 μετάνοιαν
2703 4079 2820 4150 μεθ’
2845 4077 3147 4148 ὑπερϐολῆς
3172 4072 3572 4144 ἐπιδειξώμεθα

1988 4168 2187 4239 πάσης,
2221 4167 2309 4220 ἵνα
2353 4166 2531 4219 πάντα
2576 4163 2810 4218 ἐνταῦθα
2839 4162 3165 4232 ἀποθέμενοι
3211 4158 3281 4211 τά
3316 4159 3571 4229 ἁμαρτή-

1992 4271 2156 4325 ματα,
2210 4251 2345 4321 μετά
2379 4249 2688 4321 παρρησίας
2738 4246 3054 4316 δυνηθῶμεν
3105 4243 3294 4311 στῆναι
3340 4241 3433 4293 ἐπὶ
3471 4240 3567 4325 τοῦ

1992 4322 2235 4408 βήματος
2262 4334 2357 4388 τοῦ
2392 4333 2651 4404 Χριστοῦ,
2686 4332 2779 4384 καὶ
2812 4331 2910 4400 τῆς
2942 4326 3211 4399 βασιλείας
3243 4328 3423 4396 τυχεῖν
3455 4322 3569 4377 τῶν

1989 4420 2230 4492 οὐρανῶν
2250 4436 2262 4448 °
2295 4412 2363 4489 ἦς
2395 4419 2605 4485 γένοιτο
2644 4416 2850 4476 πάντας
2893 4414 3041 4482 ἡμᾶς
3074 4412 3348 4479 ἐπιτυχεῖν
3387 4408 3572 4492 χάριτι

1992 4490 2085 4559 καὶ
2120 4501 2499 4573 φιλανθρωπίᾳ
2529 4500 2622 4553 τοῦ
2659 4498 2862 4569 Κυρίου
2904 4495 3062 4565 ήμῶν
3108 4492 3281 4565 Ἰησοῦ
3308 4490 3569 4562 Χριστοῦ,

1998 4590 2114 4660 μεθ’
2148 4582 2208 4641 οῦ
2255 4586 2332 4656 τῷ
2384 4586 2556 4655 Πατρὶ
2612 4584 2729 4653 ἅμα
2780 4580 2858 4650 τῷ
2906 4581 3046 4649 ἁγίῳ
3099 4576 3375 4647 Πνεύματι
3421 4575 3569 4660 δόξα,

1993 4659 2218 4743 κράτος,
2253 4667 2407 4739 τιμὴ,
2447 4667 2542 4720 νῦν
2570 4668 2664 4719 καὶ
2696 4666 2802 4729 ἀεὶ,
2839 4664 2932 4716 καὶ
2955 4664 3034 4725 εἰς
3060 4662 3185 4727 τοὺς
3230 4662 3430 4724 αἰῶνας
3462 4659 3572 4713 τῶν

1993 4754 2223 4809 αἰώνων.
2272 4754 2465 4823 Ἀμήν.

1360 4898 3549 4933 --ά-Μ

1520 5059 1673 5133 [287]
1714 5061 1874 5114 mam
1914 5056 2335 5122 ΜΕΤΑΝοιΑΣ,

650 5217 758 5272 Kal
801 5220 888 5285 είς
936 5216 1051 5287 τὴν
1099 5218 1569 5288 σκυθρωπότητα
1612 5216 1919 5283 βασιλέως
1980 5213 2220 5285 Ἀχαὰϐ,
2246 5211 2343 5266 καὶ
2380 5213 2466 5276 είς
2518 5206 2725 5265 ἰωνᾶν
2761 5208 2868 5263 τὸν
2898 5208 3236 5280 προφήτην.

955 5494 1187 5563 Ὀμιλία
1206 5493 1287 5558 β’.

381 5588 452 5635 a'.
487 5578 671 5633 Εῐδετε
694 5580 761 5650 τῇ
790 5579 1031 5651 προτέρᾳ
1054 5580 1291 5649 κυριακῇ
1322 5576 1560 5647 πόλεμον
1594 5573 1686 5629 καὶ
1713 5576 1891 5645 νίκην,

312 5665 552 5737 πόλεμον
600 5664 698 5734 μὲν
738 5663 833 5717 τοῦ
883 5663 1154 5728 διαϐόλου,
1183 5662 1340 5732 νίκην
1370 5661 1428 5715 δὲ
1466 5658 1563 5715 τοῦ
1612 5658 1891 5730 Χριστοῦς

315 5748 484 5804 εἴδετε
519 5747 635 5811 πῶς
678 5749 937 5819 μετάνοια
967 5746 1387 5817 ἐνεκωμιάζετο,
1436 5743 1533 5797 καλ¹
1576 5744 1605 5796 δ
1648 5742 1895 5804 διάϐολος

319 5833 417 5906 τὴν
444 5833 660 5905 πληγὴν
684 5834 785 5889 οὐκ
807 5833 1127 5898 ἐϐάστασεν,
1151 5830 1263 5885 ἀλλ’
1288 5828 1531 5901 ἐφοϐήθη
1557 5827 1653 5882 καὶ
1674 5826 1893 5898 ἔφριξες

1905 5363 1976 5374 ..-

2001 5486 2066 5540 Τί
2093 5484 2357 5545 δέδοικας,
2378 5475 2422 5535 ὦ
2453 5479 2689 5546 διάϐολε,
2718 5477 3007 5548 μετανοίας
3046 5473 3570 5547 ἐγκωμιαζομένης;

1999 5568 2051 5622 τί
2071 5567 2257 5637 ὀδύρῃ,
2292 5565 2345 5617 τί
2382 5564 2659 5634 φρίττεις;
2695 5562 2824 5623 Ναὶ,
2862 5561 3015 5631 φησὶ.
3045 5558 3269 5622 δικαίως
3311 5558 3574 5630 ὀδύρομαι

2000 5654 2095 5707 καὶ
2120 5650 2371 5719 θλίϐομαι
2388 5665 2402 5680 ο
2429 5648 2638 5719 μεγάλα
2662 5663 2763 5716 μου
2788 5644 2956 5715 σκεύη
2983 5644 3231 5715 ἥρπασεν
3254 5642 3287 5713 ὴ
3319 5642 3576 5711 μετάνοια

2002 5735 2162 5806 αῦτη.
2199 5734 2336 5786 Ποῖα
2385 5728 2592 5797 ταῦτα;
2642 5728 2755 5800 Τὴν
2787 5728 3012 5799 πόρνην,
3057 5727 3149 5779 τὸν
3194 5724 3451 5795 τελώνην,
3483 5725 3575 5779 τὸν

2003 5820 2227 5895 λῃστὴν,
2286 5817 2377 5872 τὸν
2437 5816 2779 5888 βλάσφημον.
2831 5814 2941 5867 Καὶ
2986 5811 3095 5877 γὰρ
3139 5810 3356 5883 ἀληθῶς
3404 5810 3577 5870 πολλά
