4046 6396
507 316 616 371 ‘285

505 431 676 501 σκεύη
720 428 884 484 αὐτοῦ
934 431 1183 503 ἥρπασεν
1211 433 1246 501 ή
1299 431 1579 502 μετάνοια,
1633 433 1734 494 καὶ
1779 433 1947 504 αὐτὴν
1986 432 2084 504 τὴν

501 521 799 591 ἀκρόπολιν
833 522 997 576 αὑτοῦ
1026 522 1264 589 καθεῖλε,
1293 525 1388 577 καὶ
1429 526 1652 595 καιρίαν
1684 525 1796 596 ἔχει
1824 525 1924 596 τὴν
1943 524 2084 596 πλη-

499 613 604 684 γὴν
633 613 732 683 τῆς
768 613 1075 684 μετανοίας.
1119 615 1277 689 Εἴσῃ,
1321 617 1592 687 ἁγαπητὲ,
1629 618 1724 685 ἀφ’
1759 612 1834 671 ὦν
1861 619 1892 688 ή
1917 620 2084 689 πεῖρα

499 705 692 776 πρώην
727 705 913 772 ἔδειξε.
940 706 1096 769 Τίνος
1117 701 1212 759 οὖν
1239 707 1423 761 ἕνεκεν
1453 707 1673 778 ὁμιλίας
1701 706 1956 778 τοιαύτης
1982 706 2084 759 οὐκ

498 798 866 869 ἀπολαύομεν,
898 800 992 852 καὶ
1041 802 1128 868 ἐφ’
1178 801 1419 871 ἑκάστης
1480 802 1560 864 είς
1615 799 1718 870 τὴν
1782 799 2082 869 ἐκκλησίαν

496 891 847 961 ἀπαντῶμεν,
871 893 972 961 τὴν
997 893 1288 962 μετάνοιαν
1317 893 1724 963 ἁσπαζόμενοι;
1755 893 1874 947 Κᾶν
1901 894 2077 963 ἀμαρ-

493 983 661 1045 τωλὸς
693 979 782 1056 ᾗς,
816 983 1024 1036 εἴσελθε
1061 985 1140 1047 εἰς
1173 984 1269 1056 τὴν
1306 984 1622 1056 ἐκκλησίαν,
1660 986 1748 1039 ἴνα
1785 985 1951 1057 λέγῃς
1980 986 2080 1048 τὰς

493 1074 768 1144 ἁμαρτίας
797 1091 890 1127 σου
909 1092 923 1106 ·
951 1074 1054 1130 κᾶν
1082 1076 1290 1140 δίκαιος
1315 1072 1401 1150 ᾗς,
1429 1075 1656 1140 εἴσελθε,
1690 1077 1778 1130 ἵνα
1808 1076 1883 1147 μὴ
1917 1076 2079 1131 ἐκπέ-

495 1181 592 1234 σῃς
629 1165 729 1234 τῆς
758 1165 1103 1237 δικαιοσύνης
1125 1184 1138 1199 ·
1165 1165 1333 1240 λιμὴν
1361 1169 1470 1241 γὰρ
1497 1169 1832 1238 ἀμφοτέροις
1860 1169 2007 1222 ἐστὶν
2042 1168 2077 1241 ἡ

493 1256 779 1325 ἐκκλησία.

569 1447 923 1518 Ἀμαρτωλὸς
956 1443 1038 1512 εἷς
1073 1451 1146 1523 μὴ
1181 1451 1457 1523 ἀπογνῷς,
1505 1452 1623 1506 ἀλλ’
1661 1453 1869 1508 εἴσελθε
1903 1456 2070 1526 μετά-

489 1554 638 1588 νοιαν
669 1538 1132 1608 προϐαλλόμενος.
1183 1542 1501 1612 ’Ἡμαρτεςς
1548 1544 1670 1596 είπὲ
1710 1543 1788 1613 τῷ
1816 1543 1936 1614 Θεῷ
1966 1545 2070 1609 ὅτι,

499 1627 846 1699 Ἦμάρτηκα.
889 1631 1048 1694 Ποῑος
1098 1633 1343 1702 κάματος
1390 1629 1578 1700 οὗτος
1628 1635 1755 1688 ποία
1791 1635 2070 1706 περίοδος;

486 1721 615 1773 ποία
639 1721 843 1791 θλίψις
863 1723 990 1776 ποία
1011 1725 1342 1797 στενοχωρία
1363 1725 1518 1795 λόγον
1541 1729 1715 1781 εἰπεῖν
1733 1728 1835 1793 ὅτι,
1864 1729 2075 1799 Ἥμαρ-

485 1827 604 1877 τον;
641 1812 732 1881 Μὴ
765 1813 875 1884 γάρ
906 1816 993 1876 σὺ,
1045 1817 1244 1870 σαυτὸν
1283 1818 1380 1870 ἐάν
1416 1817 1490 1889 μὴ
1525 1819 1687 1892 είπῃς
1723 1821 2069 1892 ἁμαρτωλὸν,

483 1903 584 1956 οὐκ
631 1903 774 1974 ἔχεις
816 1909 1123 1980 κατήγορον
1172 1909 1264 1962 τὸν
1315 1911 1595 1977 διάϐολον;
1650 1913 1918 1982 Πρόλαϐε,
1976 1914 2071 1967 καὶ

482 1993 730 2064 ἅρπασον
773 1997 940 2050 αὑτοῦ
989 2000 1048 2052 τὸ
1095 1999 1315 2071 ἀξίωμα
1336 2018 1347 2034 ⁸
1384 2003 1590 2056 ἐκείνου
1623 2003 1732 2074 γὰρ
1762 2004 1975 2075 ἀξίωμα
2009 2004 2070 2058 τὸ

481 2091 826 2159 κατηγορεῖν.
851 2090 894 2140 Τ
900 2091 915 2142 ί
934 2085 1028 2144 οὖν
1053 2095 1113 2145 οὐ
1145 2094 1551 2165 προλαμϐάνεις
1575 2096 1756 2163 αὑτὸν,
1775 2097 1869 2150 καὶ
1891 2097 2068 2165 λέγεις

480 2177 578 2248 τὴν
615 2180 912 2250 ἁμαρτίαν,
968 2185 1064 2237 καὶ
1099 2183 1404 2254 ἐξαλείφεις
1446 2188 1506 2239 τὸ
1558 2187 1882 2260 ἁμάρτημα,
1911 2190 2067 2255 εἰδὼς

478 2263 561 2320 ὅτι
593 2269 833 2324 τοιοῦτον
866 2275 1173 2345 κατήγορον
1202 2275 1347 2345 ἔχεις
1379 2281 1600 2348 σιγῆσαι
1627 2279 1702 2351 μὴ
1731 2281 2062 2352 δυνάμενον;

481 2360 796 2431 ”Ημαρτες;
831 2364 1037 2418 εἴσελθε
1068 2367 1149 2428 είς
1193 2368 1292 2436 τὴν
1331 2369 1646 2439 ἐκκλησίαν,
1683 2373 1802 2424 εἰπέ
1828 2372 1906 2443 τῷ
1947 2375 2066 2445 Θεῷ

474 2450 579 2513 ὅτι,
604 2453 910 2524 Ἥμαρτον.
942 2457 1108 2510 Οὐδέν
1129 2474 1186 2510 σε
1215 2458 1342 2511 ἄλλο
1371 2460 1609 2524 ἀπαιτῶ,
1638 2463 1670 2533 ἢ
1699 2463 1855 2518 τοῦτο
1879 2465 2062 2536 μόνον.

488 2541 552 2594 Ἠ
583 2543 690 2614 γάρ
722 2545 842 2600 θεία
885 2547 1076 2619 Γραφή
1132 2566 1298 2621 φησι·
1335 2550 1484 2620 Λέγε
1517 2553 1600 2607 σὺ
1656 2555 1762 2622 τὰς
1812 2557 2065 2627 ἀνομίας

473 2650 592 2689 σου
625 2635 879 2704 πρῶτος,
915 2640 1016 2693 ἵνα
1056 2641 1375 2712 δικαιωθῇς
1399 2663 1413 2676 ·
1455 2647 1576 2700 είπέ
1617 2648 1718 2720 τὴν
1766 2651 2061 2723 ἁμαρτίαν,

477 2723 562 2778 ἴνα
589 2725 758 2799 λύσῃς
785 2728 883 2798 τὴν
910 2731 1202 2802 ἁμαρτίαν.
1237 2737 1350 2788 Οὐκ
1384 2735 1530 2790 ἔστιν
1577 2742 1634 2793 ἐν
1664 2742 1838 2815 τούτῳ
1881 2747 2066 2817 κάμα-

470 2839 582 2885 τος,
630 2819 752 2870 οὐδὲ
806 2821 1054 2892 περίοδος
1095 2824 1288 2893 λόγων,
1321 2826 1444 2881 οὔτε
1484 2833 1784 2901 χρημάτων
1823 2836 2058 2911 δαπάνη,

469 2905 594 2959 οὔτε
627 2907 755 2962 ἄλλο
782 2927 834 2963 τι
864 2911 1108 2965 τοιοῦτον
1145 2915 1298 2968 οὐδέν
1319 2935 1332 2948 ·
1384 2916 1540 2985 λόγον
1573 2922 1726 2974 εἰπὸν
1763 2937 1810 2988 ιι,
1857 2905 2062 2995 εὐγνω-

474 2997 706 3068 μόνησον
733 3000 824 3052 ἐπὶ
857 3003 921 3072 τῇ
965 3003 1230 3075 ἁμαρτίᾳ,
1260 3005 1356 3058 καὶ
1396 3007 1517 3060 είπὲ
1564 3011 1664 3075 ὅτι,
1709 3010 2056 3084 Ἢμὰρτηκα.

455 3089 580 3142 ’Καὶ
605 3091 770 3145 πόθεν
795 3093 972 3158 τοῦτο,
1015 3095 1203 3165 φησιν,
1235 3098 1318 3150 ὅτι
1349 3098 1444 3152 ἐὰν
1471 3099 1610 3153 εἴπω
1651 3101 1749 3172 τὴν
1782 3105 2058 3176 ἁμαρτίαν

469 3180 706 3250 πρῶτος,
745 3185 860 3238 λύω
888 3186 988 3257 τὴν
1019 3188 1328 3258 ἁμαρτίαν;
1368 3191 1516 3260 Ἔχω
1554 3193 1612 3244 ἐν
1640 3196 1706 3264 τῇ
1743 3195 1930 3268 Γραφῇ
1962 3198 2056 3250 καὶ

466 3273 556 3326 τὸν
590 3276 815 3330 εἰπόντα
863 3279 958 3331 καὶ
1007 3277 1267 3346 λύσαντα,
1320 3282 1538 3336 καὶτὸν
1586 3285 1660 3356 μὴ
1714 3287 1934 3341 εἰπόντα
1964 3289 2055 3343 καὶ

466 3368 886 3437 κατακριθέντα.
940 3371 1080 3424 Κάῖν
1128 3373 1417 3428 ἀπέκτεινε
1469 3377 1559 3431 τὸν
1611 3379 1839 3448 ἀδελφὸν
1887 3382 2052 3437 αὐτοῦ

469 3457 636 3510 ’Λϐελ
680 3458 757 3529 τῷ
792 3460 974 3531 φθόνῳ
1022 3465 1406 3536 κατεχόμενος,
1454 3469 1530 3532 ώς
1562 3470 1639 3541 τῷ
1681 3471 1862 3543 φθόνῳ
1893 3475 2054 3542 φόνον

464 3547 936 3621 ἐπακολουθῆσαι·
978 3555 1210 3626 καὶγὰρ
1236 3557 1414 3610 λαϐὼν
1458 3559 1622 3614 αὑτὸν
1658 3564 1737 3625 είς
1769 3564 1831 3616 τὸ
1870 3567 2052 3619 πεδίον

465 3639 664 3692 ἀνεῖλε.
699 3643 809 3695 Καὶ
847 3645 899 3696 τί
941 3662 1075 3715 φησι
1104 3647 1241 3718 πρὸς
1275 3649 1437 3702 αὑτὸν
1468 3653 1496 3704 6
1523 3651 1688 3719 Θεός;
1722 3655 1845 3709 Ποῦ
1880 3658 2052 3712 Ἅϐελ

463 3732 498 3783 ό
521 3731 787 3800 ἀδελφός
823 3750 976 3799 σου;
1024 3737 1083 3788 ’0
1116 3739 1482 3810 ἐπιστάμενος
1523 3742 1591 3796 τὰ
1635 3745 1814 3798 πάντα
1847 3749 2046 3819 ἐρωτᾷ,

460 3825 560 3878 οὐκ
611 3826 843 3891 ἀγνοῶν,
904 3827 1020 3881 ἀλλ’
1048 3829 1129 3893 είς
1186 3831 1475 3900 μετάνοιαν
1504 3834 1678 3888 ἕλκων
1721 3838 1814 3892 τὸν
1861 3842 2052 3908 φονεύ-

463 3930 649 3968 σαντα.
674 3917 796 3969 Ὂτι
812 3917 920 3988 γὰρ
943 3919 1041 3971 ούκ
1060 3920 1272 3987 ἀγνοῶν
1293 3920 1503 3993 ἠρώτα,
1521 3924 1709 3992 ἔδειξεο
1731 3929 1852 3981 Ποῦ
1869 3932 1935 3985 Ἀ
1946 3935 2048 3986 ὅελ

460 4007 493 4057 ὀ
519 4005 783 4076 ἁδελφός
811 4023 966 4071 σου;
1021 4009 1172 4083 [288]
1217 4012 1274 4065 '0
1303 4013 1358 4066 δὲ
1396 4012 1568 4079 εἶπεν,
1598 4019 1720 4071 Οὐκ
1759 4017 1892 4074 οἶδα
1916 4039 1929 4051 ·
1958 4024 2045 4092 μὴ

457 4095 664 4163 φύλαξ
697 4098 804 4152 τοῦ
833 4098 1101 4168 ἀδελφοῦ
1136 4119 1258 4171 μου
1290 4105 1405 4173 εἰμὶ
1444 4104 1598 4174 ἐγώ;
1636 4108 1835 4176 Ἔστω,
1868 4112 1969 4164 οὐκ
1998 4108 2047 4165 εἶ

459 4187 634 4256 φύλαξ
653 4206 667 4220 ·
701 4189 788 4242 διὰ
815 4192 866 4243 τί
895 4193 988 4245 καὶ
1010 4195 1338 4264 ἁναιρετής;
1365 4197 1465 4248 οὐκ
1500 4197 1796 4266 ἐφύλαττες
1820 4218 1832 4230 ·
1865 4202 1953 4257 διὰ
1991 4204 2045 4257 τί

457 4281 552 4332 καὶ
592 4281 947 4349 ἁπέκτεινες;
987 4283 1179 4353 Ὅμως
1211 4285 1498 4356 ὁμολογεῖς
1526 4289 1731 4358 ταῦτα;
1779 4294 1960 4358 Αίτιος
1997 4291 2048 4350 εἴ

455 4372 676 4444 καὶτῆς
715 4374 983 4445 φυλακῆς.
1017 4377 1082 4430 Τί
1115 4373 1208 4431 οὗν
1242 4380 1271 4431 6
1311 4378 1446 4443 Θεὸς
1475 4382 1611 4453 πρὸς
1638 4385 1832 4450 αὐτόν;
1870 4389 2043 4456 Φωνὴ

453 4462 702 4528 αἵματος
730 4463 837 4516 τοῦ
869 4464 1140 4534 ἀδελφοῦ
1173 4482 1290 4522 σου
1331 4467 1456 4536 ,βοᾷ
1507 4472 1657 4540 πρὸς
1701 4478 1778 4543 μὲ
1821 4477 1889 4530 ἐκ
1933 4477 2044 4546 τῆς

451 4552 584 4621 τῆς.
629 4555 894 4622 ’Ἡλεγξεν
931 4557 1135 4621 εὐθέως
1174 4559 1268 4613 καὶ
1296 4560 1392 4631 τὴν
1439 4563 1710 4635 τιμωρίαν
1759 4567 1910 4639 αύτῴ
1942 4571 2041 4622 ἐπ·-

451 4647 682 4714 ήγαγεν,
705 4647 767 4698 οὐ
793 4648 1046 4702 τοσοῦτον
1073 4650 1162 4704 διὰ
1185 4651 1277 4704 τὸν
1305 4654 1482 4722 φόνον,
1501 4656 1624 4709 ὅσον
1657 4657 1746 4712 διὰ
1763 4661 1860 4730 τὴν
1889 4663 2041 4716 ἀναί-

449 4734 598 4788 δειαν
623 4753 636 4766 ·
674 4739 736 4789 ού
771 4737 880 4808 γὰρ
929 4740 1184 4793 τοσοῦτον
1222 4746 1373 4812 μισεῖ
1408 4746 1436 4798 ὁ
1481 4745 1614 4810 Θεὸς
1659 4751 1750 4804 τὸν
1788 4752 2042 4824 ἁμαρτά-

449 4841 611 4878 νοντα
640 4827 688 4889 ιι,
717 4828 840 4882 ὅσον
867 4829 958 4882 τὸν
990 4831 1473 4903 ἁναισχυντοῦντα.
1519 4839 1738 4909 Ἀμέλει
1773 4844 1864 4897 τὸν
1899 4847 2037 4901 Κὰῖν

449 4915 531 4978 είς
573 4917 864 4986 μετάνοιαν
898 4921 1120 4975 ἐλθόντα
1152 4923 1212 4977 οὐ
1248 4925 1485 4996 δέχεται,
1532 4931 1720 5004 ἐπειδὴ
1771 4935 1845 5007 μὴ
1883 4939 2036 5008 πρῶ-

447 5025 538 5072 τος
587 5005 708 5062 εἶπε
759 5011 856 5083 τὴν
896 5014 1193 5085 ἁμαρτίαν.
1248 5018 1314 5070 Τί
1356 5021 1466 5092 γάρ
1512 5040 1674 5094 φησι;
1725 5005 1950 5090 Μείξωί·
1993 5033 2032 5101 τί

445 5101 701 5170 ἁμαρτία
739 5123 860 5174 μου
912 5106 1019 5160 τοῦ
1052 5108 1350 5178 ἀφεθῆναί
1384 5129 1498 5181 με’
1551 5117 1672 5170 ἀντὶ
1701 5119 1818 5182 τοῦ,
1871 5125 2033 5192 Μέγα

443 5194 691 5284 ἥμαρτον
713 5213 727 5228 ·
758 5199 860 5250 οὐκ
903 5200 1020 5271 εἰμὶ
1051 5201 1200 5267 ἄξιος
1228 5205 1408 5278 ζῆσαι.
1448 5210 1514 5264 Τί
1547 5208 1642 5265 οὖν
1689 5215 1826 5284 πρὸς
1868 5217 2032 5270 αὐτὸν

442 5285 472 5336 6
501 5283 666 5354 Θεός;
698 5287 935 5342 Στένων
964 5290 1063 5345 καὶ
1096 5293 1323 5364 τρέμων
1353 5299 1468 5367 ἔσῃ
1493 5301 1590 5355 ἐπὶ
1615 5283 1739 5371 τῆςν
1758 5303 1871 5372 γῆς
1890 5321 1904 5335 ο
1936 5306 2030 5359 καὶ

442 5378 714 5448 τιμωρίαν
747 5379 897 5451 αύτῷ
946 5383 1193 5456 ἀπέφηνε
1234 5387 1414 5458 δεινὴν
1463 5392 1556 5445 καὶ
1604 5393 1867 5464 χαλεπήν.
1915 5397 2030 5451 Οὐκ

440 5467 651 5541 ἁναιρῶ
692 5475 1009 5545 σε,’φησὶν,
1047 5477 1132 5531 ἵνα
1187 5479 1261 5552 μὴ
1312 5480 1449 5557 λήθῃ
1483 5485 1761 5560 παραδοθῇ
1812 5491 1846 5560 ή
1899 5488 2026 5563 ἀλή-

502 5673 527 5754 ξ
549 5674 1168 5754 ξίεειιηιιεσροίίετ.πιοιίιιε
1189 5697 1332 5747 quam
1355 5685 1440 5735 alii
1465 5690 1519 5736 el
1538 5687 1679 5751 editi,
1703 5691 1844 5754 λόγον
1856 5694 2019 5744 εἰπών.

500 5733 528 5773 δ
550 5735 648 5785 Alii
672 5738 753 5785 τὸν
776 5740 1136 5802 ἁμαρτήσαντα.

1247 317 1303 374 S.
1358 317 1645 375 JOANNIS
1689 318 2182 376 CIIRYSOSTOMI
2212 320 2530 377 ARCIIIEP.
2571 324 3114 383 CONSTANTINOP.

3654 329 3759 384 286

2188 435 2326 502 θεια,
2360 438 2496 492 ἀλλὰ
2530 438 2671 493 ποιῶ
2715 457 2773 493 σε
2806 439 2968 510 νόμον
3008 441 3114 493 ὑπὸ
3145 441 3362 494 πάντων
3388 441 3764 511 ἀναγινωσκό-

2187 547 2368 601 μενον,
2417 531 2506 583 ἵνα
2556 533 2589 601 ή
2639 532 2896 603 συμφορὰ
2929 532 3112 603 μήτηρ
3147 532 3462 602 φιλοσοφίας
3506 533 3760 605 γένηται.

2184 621 2290 675 Καὶ
2322 623 2538 694 περιῄει
2582 626 2610 676 6
2658 625 2818 688 Κάϊν,
2855 624 3016 695 νόμος
3053 624 3313 695 ἔμψυχος,
3363 626 3528 697 στήλη
3575 645 3763 680 κινου-

2185 712 2344 782 μένη,
2377 710 2657 776 σιωπῶσα,
2684 710 2778 764 καὶ
2805 712 3100 780 σάλπιγγος
3127 713 3509 783 λαμπροτέραν
3535 713 3766 783 ἀφιεῖσα

2179 802 2279 872 τὴν
2309 804 2511 871 φωνήν.
2545 804 2633 872 Μή
2675 819 2760 866 τις
2790 804 3011 875 ποιήσῃ,
3039 803 3193 874 φησὶ,
3224 803 3449 856 τοιαῦτα
3483 815 3530 870 ε,
3568 805 3655 858 ⁶ἱνα
3682 804 3762 876 μὴ

2183 893 2332 966 πάθῃ
2377 893 2622 948 τοιαῦτα.
2661 894 2860 948 Ἔλαϐε
2892 895 2990 964 τὴν
3027 895 3295 966 τιμωρίαν
3337 896 3423 949 διὰ
3464 896 3563 967 τὴν
3602 897 3762 949 ἀναι-

2181 983 2455 1053 σχυντίαν,
2487 986 2580 1038 καὶ
2611 985 2686 1058 μὴ
2731 983 2988 1057 εἰρηκὼς,
3033 985 3309 1056 ἐλεγχθεὶς
3340 987 3416 1050 δὲ,
3460 987 3761 1058 κατεκρίθη

2178 1081 2266 1134 διά
2298 1080 2396 1151 τὴν
2443 1081 2738 1152 ἁμαρτίαν.
2789 1082 2851 1135 Et
2895 1081 3002 1152 γὰρ
3053 1081 3227 1151 ἐαυτῷ
3260 1080 3596 1153 ὡμολόγησε,
3650 1081 3760 1135 κΞιν

2179 1171 2466 1241 ἐξαλείψας
2497 1168 2564 1244 ἦν
2595 1173 2693 1243 τὴν
2721 1173 2996 1244 ἁμαρτίαν
3027 1173 3262 1245 πρῶτος.

2249 1376 2313 1446 β’.
2352 1377 2470 1432 ’Ίνα
2490 1377 2546 1430 δὲ
2576 1377 2774 1450 μάθῃς,
2799 1377 2880 1430 ὅτι
2904 1376 3074 1430 ταῦτα
3096 1373 3284 1429 τοῖτον
3301 1375 3516 1446 ἔχειτὸν
3531 1375 3757 1446 τρόπον,

2180 1469 2316 1537 μάθε
2353 1469 2470 1532 πῶς
2499 1469 2656 1534 ἄλλος
2693 1487 2777 1533 τις
2811 1470 3024 1540 πρῶτος
3055 1467 3225 1523 εἰπὼν
3254 1469 3409 1521 ἔλυσε
3447 1469 3546 1538 τὴν
3574 1470 3760 1539 ἁμαρ-

2174 1562 2313 1614 τίαν.
2349 1562 2630 1632 Ἔλθωμεν
2657 1563 2748 1616 ἐπὶ
2776 1562 2868 1614 τὸν
2897 1561 3077 1628 Δαυῒδ,
3108 1561 3199 1616 τὸν
3227 1564 3509 1633 προφήτην
3533 1562 3627 1616 καὶ
3659 1561 3760 1632 βα-

2177 1653 2367 1708 σιλέα⁸
2411 1655 2609 1725 μᾶλλον
2649 1656 2704 1708 δὲ
2734 1655 2896 1709 αὑτὸν
2937 1655 3106 1725 ήδέως
3149 1655 3256 1708 ἀπὸ
3285 1655 3386 1724 τῆς
3418 1653 3760 1725 προφητείας

2175 1746 2358 1800 καλῶ⁶
2403 1749 2436 1818 ἡ
2476 1749 2574 1818 μὲν
2618 1747 2726 1819 γὰρ
2771 1747 3021 1818 βασιλεία
3063 1750 3144 1810 εἰς
3187 1746 3572 1818 Παλαιστίνην,
3611 1747 3646 1816 ἡ
3691 1745 3756 1799 δὲ

2174 1838 2479 1908 προφητεία
2509 1841 2588 1901 εἰς
2616 1839 2684 1893 τά
2711 1839 2924 1910 πέρατα
2949 1838 3048 1909 τῆς
3075 1838 3399 1910 οἰκουμένης
3419 1855 3433 1869 ⁸
3461 1838 3607 1908 καὶὴ
3650 1839 3756 1906 μὲν

2173 1924 2418 1994 βασιλεία
2449 1927 2629 1998 μικρῷ
2658 1927 2928 1998 κατελύθη
2957 1927 3036 1998 τῷ
3073 1928 3270 1999 χρόνῳ,
3298 1929 3331 1998 ή
3361 1927 3415 1980 δὲ
3445 1927 3754 1998 προφητεία

2172 2018 2418 2072 ἀθάνατα
2467 2019 2622 2091 φέρει
2669 2017 2738 2071 τὰ
2787 2019 3031 2089 ῥήματα.
3085 2018 3453 2089 Αἱρετώτερόν
3500 2021 3612 2072 ἐστι
3656 2019 3754 2072 τὸν

2168 2111 2317 2181 ἥλιον
2349 2111 2661 2182 σϐεσθῆναι,
2693 2111 2726 2182 ἢ
2757 2111 2825 2164 τὰ
2853 2113 3070 2182 ῥήματα
3095 2111 3188 2164 τοῦ
3216 2111 3378 2165 Δαυῒδ
3403 2111 3542 2183 λήθῃ
3569 2127 3755 2172 παρα-

2166 2201 2406 2274 δοθῆναι.
2461 2195 2633 2266 Οὗτος
2681 2202 2972 2274 περιέπεσε
3018 2202 3234 2274 μοιχείᾳ
3276 2203 3369 2256 καὶ
3405 2202 3581 2272 φόνῳ·
3622 2197 3752 2254 Εἶδε

2167 2291 2296 2362 γὰρ,
2330 2292 2482 2362 φησὶ,
2524 2294 2758 2360 γυναῖκα
2805 2292 2974 2361 καλὴν
3021 2292 3338 2362 λουομένην,
3390 2292 3485 2346 καὶ
3529 2290 3748 2362 ἠράσθη

2167 2382 2336 2452 αὐτῆς
2355 2400 2368 2413 ’
2399 2377 2518 2434 εἶτα
2541 2382 2609 2435 τὰ
2634 2382 2860 2448 δόξαντα
2893 2381 3042 2452 αὐτῷ
3069 2384 3148 2446 είς
3174 2381 3333 2452 ἔργον
3355 2381 3611 2454 ἐξήγαγε.
3636 2382 3752 2436 Καὶ

2164 2469 2230 2542 ἦν
2255 2476 2280 2526 ὁ
2309 2476 2590 2543 προφήτης
2619 2477 2676 2527 ἐν
2707 2475 2942 2546 μοιχείᾳ,
2969 2477 2997 2528 6
3025 2475 3372 2546 μαργαρίτης
3393 2477 3451 2527 ἐν
3477 2473 3745 2546 βορϐόρῳ.

2178 2561 2316 2614 Ἀλλ’
2337 2561 2488 2615 οὔπω
2519 2563 2634 2632 ᾔδει
2661 2564 2741 2616 ὅτι
2759 2564 3007 2636 ἥμαρτεν
3025 2581 3039 2594 ·
3072 2563 3245 2628 οὕτως
3270 2560 3337 2636 ἦν
3359 2564 3751 2634 κεκαρωμένος

2161 2652 2240 2723 τῷ
2270 2652 2454 2706 πάθει.
2504 2654 2609 2706 Τοῦ
2641 2654 2749 2726 γὰρ
2776 2656 2994 2726 ἡνιόχου
3031 2655 3318 2726 μεθύοντος
3356 2656 3450 2709 καὶ
3492 2655 3553 2708 τὸ
3588 2656 3748 2725 ἁρμα

2163 2746 2413 2811 ἀτάκτως
2453 2746 2712 2818 φέρεται⁹
2752 2748 2888 2820 ὅπερ
2916 2749 2972 2801 δὲ
3002 2748 3211 2819 ήνίοχος
3252 2748 3346 2801 καὶ
3375 2748 3548 2818 ἅρμα,
3583 2747 3749 2800 τοῦτο

2160 2836 2308 2907 ψυχὴ
2335 2838 2428 2890 καὶ
2458 2837 2648 2909 σῶμα’
2685 2839 2778 2892 ἐὰν
2823 2839 3029 2912 ἡψυχὴ
3064 2840 3329 2910 σκοτωθῇ,
3357 2840 3451 2892 καὶ
3487 2838 3547 2891 τὸ
3582 2838 3746 2909 σῶμα

2162 2931 2220 2981 ἐν
2255 2927 2500 3002 βορϐόρῳ
2521 2930 2764 2983 κυλίεται
2784 2949 2796 2961 ·
2819 2930 2924 2994 ἕως
2951 2931 3059 3002 γὰρ
3083 2932 3312 3003 ἕστηκεν
3331 2933 3359 2984 6
3384 2932 3615 3003 ἡνίοχος,
3645 2931 3745 2984 καὶ

2158 3019 2220 3073 τὸ
2254 3021 2404 3091 ἅρμα
2436 3020 2614 3086 καλῶς
2650 3021 2964 3075 ὲλαύνεται’
2993 3023 3119 3076 ὅταν
3153 3025 3335 3093 μέντοι
3365 3023 3526 3086 αὐτὸς
3551 3024 3738 3094 ἀτονῇ,

2159 3114 2254 3166 καὶ
2282 3114 2343 3165 ού
2386 3112 2607 3168 δύναται
2655 3114 2993 3187 περικρατὴς
3021 3115 3275 3183 γενέσθαι
3293 3115 3400 3168 τῶν
3427 3115 3614 3185 ἡνιῶν,
3647 3115 3741 3169 καὶ

2158 3203 2291 3256 αὐτὸ
2311 3203 2370 3256 τὺ
2393 3203 2544 3274 ἁρμα
2570 3207 2626 3257 ἐν
2649 3204 2967 3276 δεινοτέροις
2989 3206 3202 3275 ὁρᾶται.
3227 3203 3388 3259 Οὕτω
3410 3205 3504 3258 καὶ
3527 3205 3618 3258 ἐπὶ
3642 3201 3739 3258 τοῦ

2156 3293 2442 3365 ἀνθρώπου
2465 3311 2477 3325 ·
2511 3296 2616 3358 ἕως
2650 3295 2715 3350 ἂν
2761 3296 2861 3367 μὲν
2894 3297 3037 3367 νήφῃ
3076 3297 3109 3368 ή
3153 3295 3302 3368 ψυχὴ
3337 3297 3432 3351 καὶ
3464 3299 3735 3368 γρηγορῇ,

2156 3387 2251 3439 καὶ
2284 3386 2415 3439 αὐτὸ
2444 3387 2503 3440 τὸ
2533 3386 2692 3458 σῶμα
2721 3389 2780 3440 ἐν
2814 3387 3006 3458 ἁγνείᾳ
3037 3387 3216 3441 ἐστίν’
3259 3387 3398 3442 ὲπὰν
3425 3387 3481 3440 δέ
3515 3390 3548 3457 ή
3590 3387 3736 3458 ψυχὴ

2157 3476 2435 3547 σκοτωθῇ,
2470 3477 2566 3530 καὶ
2614 3477 2746 3531 αὐτὸ
2775 3477 2837 3530 τὸ
2870 3477 3026 3547 σῶμα
3074 3479 3132 3529 ἐν
3164 3476 3410 3549 βορϐόρῳ
3437 3477 3531 3530 καὶ
3573 3478 3735 3549 ἡδονῇ

2154 3568 2420 3622 κυλίεται.
2471 3569 2537 3622 Τί
2582 3566 2676 3622 οὖν
2722 3571 2750 3622 6
2792 3570 2989 3634 Δαυῖδ;
3053 3569 3434 3640 Ἐμοίχευσεν·
3481 3568 3596 3623 ἀλλ’
3635 3570 3735 3622 οὐκ

2153 3659 2290 3730 ᾔδει,
2339 3659 2464 3713 οὔτε
2501 3660 2763 3732 ἠλέγχετο
2790 3661 2894 3714 ὑπό
2925 3678 3089 3726 τινος,
3120 3661 3213 3714 καὶ
3253 3660 3410 3714 τοῦτο
3445 3661 3502 3713 ἐν
3531 3661 3733 3732 ἐσχάτῃ

2154 3750 2334 3821 πολιᾷ,
2367 3750 2453 3804 ἴνα
2486 3751 2663 3824 μάθῃς
2689 3753 2791 3816 ὅτι,
2836 3751 2929 3805 ἐὰν
2963 3748 3030 3823 ᾖς
3058 3751 3321 3822 ῥᾴθυμος.
3351 3749 3474 3804 οὔτε
3501 3752 3534 3822 ή
3573 3751 3733 3805 πολιὰ

2155 3859 2213 3896 σε
2255 3843 2473 3912 ὠφελεῖ,
2520 3843 2642 3897 οὔτε
2683 3845 2866 3909 πάλιν,
2899 3845 2994 3899 ἐὰν
3037 3845 3325 3910 σπουδαῖος
3351 3841 3501 3916 ᾖς,ἡ
3544 3845 3733 3912 νεότης

2153 3933 2304 4007 [289]
2338 3935 2693 4006 παραϐλὰψαι
2726 3953 2784 3989 σε
2816 3936 3059 3991 δύναται.
3090 3935 3164 3988 Οὐ
3196 3935 3304 4008 γὰρ
3328 3935 3428 4005 τῆς
3460 3933 3680 4006 ἡλικίας
3705 3936 3732 3987 6

2147 4026 2367 4099 τρόπος,
2397 4027 2532 4082 ἁλλὰ
2561 4029 2660 4100 τῆς
2684 4028 2909 4100 γνώμης
2935 4029 2996 4082 τὸ
3022 4028 3356 4099 κατόρθωμα
3375 4045 3389 4058 ’
3421 4027 3606 4096 ἐπειδὴ
3637 4027 3732 4081 καὶ

2147 4117 2344 4189 Δανιὴλ
2369 4117 2575 4171 δώδεκα
2603 4119 2742 4172 ἐτῶν
2771 4114 2862 4190 ἦν,
2892 4120 2986 4173 καὶ
3017 4118 3230 4191 ἔκρινεν
3253 4135 3266 4149 '
3313 4120 3362 4171 οἱ
3391 4119 3447 4172 δὲ
3487 4118 3731 4190 πρεσϐύο

2147 4225 2330 4282 τεροι,
2385 4211 2606 4265 παλαιοὶ
2659 4212 2718 4264 ἐν
2784 4212 3040 4282 ἡμέραις,
3103 4211 3197 4264 καὶ
3249 4211 3432 4282 δρᾶμα
3484 4211 3730 4282 μοιχείας

2146 4299 2406 4372 ἔπραξαν,
2443 4303 2537 4357 καὶ
2563 4301 2688 4356 οὒτε
2719 4303 2962 4368 ἐκείνους
2995 4304 3029 4374 ή
3062 4303 3223 4357 πολιὰ
3263 4304 3565 4374 ὠφέλησεν,
3601 4304 3729 4357 οὔτε

2143 4393 2333 4448 τοῦτον
2368 4395 2402 4465 ἡ
2427 4395 2618 4466 νεότης
2664 4394 3000 4468 παρέϐλαψε.
3033 4396 3143 4449 Καὶ
3176 4397 3265 4450 ἵνα
3296 4396 3472 4468 μάθῃς
3497 4396 3581 4448 ὅτι
3627 4397 3730 4448 οὐκ

2144 4487 2201 4538 ἐν
2235 4490 2299 4558 τῇ
2346 4486 2554 4560 ἡλικίᾳ,
2604 4488 2718 4541 ἀλλ’
2749 4491 2806 4541 ἐν
2851 4491 2916 4559 τῇ
2946 4487 3138 4559 γνώμῃ
3182 4488 3253 4541 τὰ
3294 4488 3594 4562 πράγματα
3623 4487 3730 4556 τῆς

2146 4578 2500 4652 σωφροσύνης
2528 4580 2792 4651 κρίνεται,
2818 4581 2846 4632 ό
2888 4579 3050 4633 Δαυῒδ
3080 4581 3138 4632 ἐν
3167 4581 3304 4652 αὐτῇ
3341 4582 3406 4651 τῇ
3435 4580 3598 4650 πολιᾷ
3625 4579 3724 4646 ὢν,

2142 4672 2236 4724 καὶ
2259 4671 2380 4724 τότε
2405 4673 2485 4736 είς
2513 4673 2758 4744 μοιχείαν
2784 4672 3061 4744 ἐμπεσὼν,
3097 4674 3256 4742 φόνον
3286 4673 3599 4746 εἰργάσατο,
3628 4673 3727 4728 καὶ

2139 4761 2373 4816 διέκειτο
2397 4763 2568 4828 οὕτως
2597 4763 2736 4819 ὥστε
2770 4766 2846 4836 μὴ
2897 4767 3094 4820 εἰδέναι
3120 4767 3281 4820 αὑτὸν
3319 4768 3400 4820 ὅτι
3431 4767 3683 4839 ἥμαρτεν
3707 4786 3723 4802 ·

2138 4853 2168 4906 6
2191 4853 2298 4925 γὰρ
2335 4855 2548 4926 ήνίοχος
2591 4856 2714 4921 νοῦς
2742 4853 2810 4929 ἦν
2853 4859 3139 4930 μεθυσθεὶς
3175 4861 3284 4915 ἀπὸ
3321 4862 3616 4935 ἀκρασίας.
3655 4863 3724 4916 Τί

2137 4941 2230 5000 οὖν
2247 4949 2275 5000 6
2293 4946 2460 5016 Θεός;
2490 4949 2704 5020 Πέμπει
2727 4950 2862 5022 πρὸς
2886 4952 3047 5005 αὐτὸν
3071 4953 3258 5007 Νάθαν
3284 4955 3372 5008 τὸν
3394 4955 3689 5026 προφήτην
3707 4973 3722 4987 ·

2137 5037 2166 5091 ὁ
2199 5043 2484 5113 προφήτης
2511 5041 2729 5113 ἔρχεται
2764 5043 2899 5115 πρὸς
2929 5045 3020 5098 τὸν
3063 5049 3348 5117 προφήτην
3368 5063 3381 5076 ·
3425 5045 3570 5100 οὕτω
3606 5047 3721 5117 γὰρ

2137 5128 2231 5180 καὶ
2265 5129 2358 5181 ἐπὶ
2387 5129 2498 5181 τῶν
2543 5130 2742 5201 ἰατρῶν
2772 5133 3014 5200 γίνεται·
3044 5135 3173 5189 ὅταν
3205 5135 3384 5207 [ατρὸς
3416 5135 3720 5212 ἀσθενήσῃ,

2135 5219 2295 5273 ἄλλου
2327 5219 2510 5291 ίατροῦ
2540 5223 2598 5274 ἐν
2624 5223 2783 5296 χρείᾳ
2810 5223 3038 5293 γίνεται.
3073 5226 3147 5279 Τὸ
3171 5227 3301 5281 αὐτὸ
3328 5229 3424 5283 καὶ
3446 5231 3684 5284 ἐνταῦθα
3705 5249 3720 5262 ·

2134 5313 2420 5383 προφήτης
2453 5309 2522 5384 ἦν
2555 5315 2583 5367 6
2626 5315 2982 5387 ἡμαρτηκὼς.
3028 5319 3122 5372 καὶ
3165 5296 3546 5392 προφήτηξῆν
3588 5325 3616 5377 6
3646 5325 3720 5378 τὰ

2132 5403 2401 5474 φάρμακα
2445 5407 2915 5478 ἐπικομιζόμενος.
2956 5408 3214 5481 Ἔρχεται
3255 5408 3348 5466 οὖν
3380 5413 3513 5485 πρὸς
3548 5416 3718 5471 αὑτὸν

2128 5496 2157 5548 6
2184 5496 2510 5556 NdOavmaI
2535 5499 2634 5552 οὐκ
2663 5499 2826 5564 εὐθὺς
2847 5501 2954 5555 ἀπὸ
2976 5502 3156 5574 θυρῶν
3189 5503 3400 5577 ἐλέγχει
3427 5506 3590 5562 αὑτὸν
3615 5510 3716 5563 καὶ

2129 5698 2330 5811 δυξσξίιξι
2359 5715 2476 5755 mss'
2522 5703 2647 5756 ΕΜ·
2696 5709 2862 5761 ταῦτα’
2888 5709 3044 5763 ΡδυῙο
3066 5717 3179 5776 Post
3217 5714 3307 5764 κᾶν
3336 5714 3485 5766 deost
3509 5717 3561 5766 in
3591 5719 3682 5781 qui
