4046 6396
329 359 431 417 235

330 479 505 549 rapuit
545 476 880 548 paenitentia,
922 481 977 528 et
1024 473 1189 543 ipsam
1224 469 1340 540 ejus
1384 483 1564 524 arcem
1595 473 1819 537 evertit,
1862 486 1927 525 ac

328 571 470 625 letali
519 571 742 625 vulnere
781 577 863 622 est
896 582 924 620 a
970 563 1283 634 paenitentia
1327 561 1651 617 confossus:
1681 562 1818 631 quod
1861 578 1927 616 ex

330 657 394 710 iis
439 656 726 725 intelliges,
770 649 1138 714 dilectissime,
1191 662 1309 718 quae
1349 661 1519 715 nuper
1560 647 1927 716 experimento

327 756 604 818 comperta
650 753 793 801 sunt.
826 742 934 799 Cur
973 741 1134 811 igitur
1176 737 1441 808 ejusmodi
1484 752 1774 807 congressu
1818 751 1922 791 non

326 837 577 903 fruimur,
608 851 707 891 nec
723 834 943 905 singulis
964 831 1151 886 diebus
1178 829 1244 885 ad
1271 829 1555 914 ecclesiam
1576 828 1919 894 ventitamus,

325 939 384 983 ut
431 928 799 1000 penitentiam
839 921 1297 994 complectamur?
1326 920 1450 975 Sive
1492 920 1635 975 enim
1676 928 1924 989 peccator

328 1023 422 1083 sis,
448 1020 727 1089 ingredere
757 1019 808 1072 iu
832 1014 1137 1080 ecclesiam,
1160 1022 1221 1067 ut
1251 1019 1463 1083 peccata
1489 1021 1574 1065 tua
1594 1010 1775 1065 dicas:
1805 1010 1922 1065 sive

326 1112 503 1180 justus
543 1111 637 1174 sis,
681 1107 988 1178 ingredere,
1020 1122 1090 1160 ne
1116 1120 1146 1158 a
1184 1103 1391 1174 justitia
1429 1101 1645 1158 excidas
1676 1119 1692 1157 :
1735 1110 1921 1174 portus

328 1204 473 1267 enim
503 1209 587 1258 est
613 1200 823 1271 utrique
852 1197 1099 1256 ecclesia.

405 1416 586 1470 Prima
621 1414 931 1486 paenitentia:
957 1413 1039 1467 via
1077 1412 1326 1483 confessio
1374 1410 1585 1481 peccati.
1617 1408 1924 1480 Exemplum

332 1508 607 1577 peccatoris
629 1516 891 1575 peccatum
915 1521 1017 1559 non
1061 1504 1276 1573 confessi
1297 1513 1343 1557 et
1372 1503 1556 1572 puniti.
1579 1533 1649 1541 —-
1668 1502 1923 1557 Peccator

328 1598 432 1652 es?
458 1598 534 1652 Ne
564 1598 900 1667 despondeas
926 1596 1161 1650 animum
1179 1637 1194 1659 ,
1228 1594 1323 1651 sed
1364 1595 1677 1664 ingredere,
1703 1609 1766 1649 ac
1803 1608 1920 1662 pte-

331 1691 609 1743 uiteutiam
631 1688 881 1743 obtende.
916 1686 1192 1742 Peccasti?
1222 1686 1315 1740 Dic
1337 1686 1484 1740 Deo:
1520 1684 1765 1743 Peccavi.
1791 1683 1922 1751 Quis

332 1782 417 1835 hic
446 1781 598 1834 labor
622 1780 742 1835 est?
768 1779 887 1849 quis
915 1778 1208 1833 circuitus?
1230 1793 1350 1848 qua:
1377 1776 1653 1847 fatigatio?
1678 1792 1796 1846 quae
1819 1791 1920 1829 an-

327 1876 527 1944 gustiie‘
551 1873 777 1928 verbum
821 1872 924 1926 hoc
968 1871 1251 1941 proferre:
1298 1869 1559 1925 Peccavi?
1598 1867 1733 1922 Num
1776 1869 1920 1923 enim

328 1976 406 2033 tu,
434 1967 533 2020 nisi
559 1975 612 2021 te
639 1966 815 2035 ipsum
850 1964 1051 2018 dixeris
1092 1972 1426 2032 peceatorem
1447 2002 1461 2027 ,
1493 1976 1526 2015 a
1565 1960 1778 2015 diabolo
1812 1974 1919 2013 non

326 2056 698 2111 accusaberis?
730 2057 1050 2124 Prazoccupa
1072 2095 1087 2121 ,
1115 2064 1169 2109 et
1206 2054 1354 2123 eripe
1396 2052 1469 2106 illi
1500 2066 1650 2106 suain
1696 2051 1923 2121 dignita-

328 2158 432 2203 tem
454 2165 468 2213 ;
491 2149 608 2217 ejus
629 2149 772 2204 enim
790 2146 1019 2218 dignitas
1039 2156 1120 2200 est
1136 2145 1441 2200 accusare‘.
1466 2143 1571 2198 Cur
1591 2144 1751 2215 igitur
1770 2144 1920 2198 illum

326 2255 432 2295 non
459 2241 745 2311 prmvenis,
777 2250 832 2295 et
868 2250 1145 2310 peccatum
1176 2237 1345 2304 dicis,
1378 2245 1434 2292 et
1459 2238 1664 2292 crimen
1691 2252 1917 2307 purgas,

325 2348 446 2388 cum
479 2333 644 2402 probe
688 2332 828 2388 scias
857 2333 1017 2387 talem
1067 2339 1433 2385 accusatorem
1466 2328 1579 2392 tibi,
1607 2328 1697 2397 qui
1745 2338 1920 2383 tacere

324 2432 575 2493 nequeat,
595 2422 913 2477 imminere?
932 2420 1209 2475 Peceasti?
1231 2418 1287 2473 In
1316 2419 1596 2473 ecclesiam
1618 2417 1918 2488 ingredere,

324 2514 410 2568 dic
439 2515 546 2568 Deo
572 2531 583 2566 :
619 2513 867 2567 Peccavi.
896 2511 1037 2566 Nihil
1064 2508 1208 2564 aliud
1244 2510 1339 2564 abs
1369 2517 1420 2562 te
1450 2508 1551 2562 nisi
1577 2509 1750 2561 solum
1780 2508 1920 2562 istud

332 2606 506 2675 exigo.
540 2605 630 2657 Ait
662 2604 803 2658 enim
841 2602 1113 2672 Scriptura
1155 2616 1305 2655 sacra
1338 2586 1476 2653 :‘Dic
1503 2609 1556 2652 tu
1587 2600 1779 2670 primus
1819 2600 1918 2651 ini-

326 2700 543 2769 quitates
565 2707 698 2761 tuas,
721 2707 774 2750 ut
782 2694 1080 2767 justiﬁceris
1100 2693 1150 2765 (l
1156 2695 1252 2748 sai.
1270 2695 1361 2748 45.
1380 2692 1493 2763 26);
1513 2691 1597 2746 dic
1619 2700 1915 2761 peccatum,

334 2801 393 2844 ut
410 2791 592 2844 solvas
610 2797 909 2858 peccatum.
928 2785 1044 2841 Non
1063 2787 1114 2839 in
1130 2784 1233 2839 hoc
1253 2785 1402 2839 labor
1416 2794 1520 2849 est,
1541 2798 1649 2839 non
1665 2783 1920 2836 circuitus

324 2882 631 2945 verborum,
666 2894 837 2948 neque
866 2878 1210 2946 pecuniarum
1234 2888 1514 2946 expensas,
1552 2887 1728 2943 neque
1768 2872 1917 2927 aliud

325 2974 614 3044 quidquam
656 2972 953 3042 ejusmodi;
986 2971 1073 3025 die
1119 2969 1375 3032 verbum,
1440 2967 1595 3023 home
1631 2967 1756 3022 fidei
1802 2976 1919 3022 esto

321 3069 462 3123 circa
482 3077 779 3138 peccatum,
795 3076 849 3121 et
864 3066 971 3132 dic,
997 3065 1239 3121 Peccavi.
1255 3064 1407 3121 Unde
1421 3080 1549 3120 vero
1562 3064 1621 3118 ﬁt
1638 3063 1758 3130 hoc,
1778 3063 1921 3119 dicet

322 3162 512 3233 aliquis
534 3204 547 3228 ,
581 3170 639 3215 iit
664 3162 707 3215 si
738 3162 940 3231 primus
961 3169 1238 3229 peccatum
1266 3158 1485 3224 dixero,
1512 3166 1791 3228 peccatum
1821 3156 1917 3212 de-

324 3253 493 3308 leam?
515 3253 695 3306 Habeo
726 3252 776 3305 iii
795 3251 1068 3319 Scriptura
1096 3249 1389 3311 hominem,
1413 3249 1503 3319 qui
1532 3256 1806 3318 peccatum
1838 3248 1919 3302 di-

321 3345 418 3410 xit,
439 3353 492 3398 et
511 3344 711 3398 delevit
736 3362 749 3397 :
773 3352 828 3397 et
848 3343 940 3413 qui
968 3356 1073 3395 non
1096 3341 1249 3407 dixit,
1275 3351 1329 3396 et
1352 3340 1633 3394 damnatus
1656 3349 1753 3394 est.
1785 3338 1916 3394 Cain

320 3437 514 3491 occidit
533 3435 751 3489 fratrem
766 3450 921 3489 suum
939 3434 1097 3501 Abel,
1118 3434 1314 3488 invidia
1331 3442 1629 3503 correptus,
1648 3434 1725 3488 sic
1743 3441 1799 3487 ut
1810 3448 1917 3487 ca:—

320 3528 416 3583 des
446 3528 697 3582 invidiam
730 3536 1083 3597 sequeretur:
1113 3526 1378 3596 siquidem
1404 3543 1525 3580 eum
1554 3526 1832 3581 seductum
1862 3526 1916 3581 in

320 3635 563 3689 campum
610 3617 895 3673 interfecit.
923 3618 1059 3687 Quid
1091 3626 1269 3673 autem
1293 3619 1369 3672 ait
1398 3618 1473 3672 illi
1516 3618 1692 3672 Deus?
1722 3617 1819 3672 Ubi
1844 3628 1918 3673 est

321 3712 444 3765 Abel
462 3715 622 3783 frater
639 3722 752 3765 tuus
771 3710 925 3783 (Gen.
949 3712 1003 3765 4.
1032 3710 1129 3781 9)?
1151 3710 1251 3778 Qui
1268 3710 1631 3776 novitomnia,
1652 3724 1758 3764 non
1774 3709 1916 3779 quod

322 3804 549 3874 ignoret,
570 3804 883 3874 interrogat,
905 3803 999 3858 sed
1028 3812 1081 3857 ut
1105 3802 1427 3858 homicidam
1444 3801 1643 3857 alliciat
1658 3802 1725 3857 ad
1748 3804 1920 3873 pinni-

322 3894 561 3949 tentiam.
606 3894 747 3949 Satis
797 3894 942 3949 enim
972 3895 1224 3949 indicavit
1256 3909 1316 3949 se
1342 3895 1758 3965 interrogantem
1806 3909 1913 3948 non

320 3985 565 4054 ignorare
587 4002 600 4038 :
630 3984 729 4039 Ubi
750 3994 821 4040 est
837 3984 961 4038 Abel
973 3984 1133 4056 frater
1154 3994 1270 4038 tuus
1290 3982 1339 4057 (Ι
1347 3983 1476 4055 bid.)
1495 3983 1517 4037 ?
1537 3984 1609 4039 At
1632 3984 1723 4039 ille
1736 3984 1871 4039 dixit
1896 4004 1911 4039 :

322 4076 538 4141 Nescio;
557 4078 803 4143 numquid
822 4087 989 4132 custos
1020 4078 1195 4149 fratris
1217 4078 1313 4132 mei
1343 4094 1455 4131 sum
1484 4078 1617 4149 ego?
1637 4078 1786 4144 Esto,
1808 4095 1913 4134 non

319 4182 377 4222 es
398 4179 600 4233 custos,
624 4183 721 4223 cur
741 4169 903 4223 etiam
924 4168 1273 4238 interemptor
1294 4168 1393 4221 es?
1415 4184 1520 4222 non
1538 4168 1876 4224 custodiebas
1897 4188 1911 4225 :

319 4274 413 4313 cur
450 4260 610 4313 etiam
651 4258 1007 4314 interfecisti?
1032 4259 1233 4313 Tamen
1273 4259 1373 4313 ista
1413 4258 1727 4314 confiteris?
1770 4260 1916 4316 Reus

319 4367 377 4407 es
406 4368 618 4423 quoque
662 4361 821 4422 atque
864 4352 1130 4408 obnoxius
1155 4351 1429 4406 custodite.
1477 4351 1616 4419 Quid
1646 4353 1805 4423 igitur
1845 4353 1911 4407 ad

320 4445 467 4499 illum
499 4446 682 4500 Deus?
718 4444 830 4499 Vox
862 4446 1124 4515 sanguinis
1150 4444 1327 4513 fratris
1372 4444 1445 4497 tui
1473 4443 1598 4498 Abel
1630 4444 1818 4498 clamat
1847 4446 1914 4498 ad

319 4554 397 4591 me
420 4539 482 4591 de
506 4536 763 4609 terra(Ib.
796 4553 842 4591 v.
874 4535 986 4611 lO).
1006 4536 1197 4606 Argnit
1223 4535 1371 4589 illum
1399 4534 1600 4601 statim,
1624 4544 1678 4590 et
1699 4550 1910 4606 poenam

322 4632 499 4685 intulit
542 4647 649 4685 non
699 4640 806 4685 tam
837 4630 904 4685 ob
943 4628 1148 4684 caedem
1178 4644 1336 4699 quam
1379 4628 1449 4683 ob
1486 4628 1908 4698 impudentiam:

321 4738 426 4777 non
458 4725 602 4780 enim
633 4726 707 4779 ita
756 4725 900 4779 Deus
924 4724 1037 4779 odit
1070 4739 1193 4779 eum
1218 4723 1308 4793 qui
1354 4731 1560 4793 peccat,
1588 4732 1645 4777 ut
1670 4739 1791 4778 eum
1820 4724 1910 4795 qui

320 4818 657 4887 impudenter
687 4832 746 4872 se
771 4817 928 4887 gerit.
970 4816 1129 4872 Certe
1168 4816 1300 4871 Cain
1327 4816 1394 4872 ad
1422 4816 1792 4887 paenitentiam
1823 4832 1912 4874 ac-

319 4911 596 4965 cedentem
636 4924 742 4963 uon
773 4909 1027 4975 admittit,
1064 4908 1185 4979 quia
1235 4916 1509 4977 peccatum
1559 4909 1761 4979 primus
1803 4925 1908 4964 non

318 5003 469 5058 dixit.
501 5003 634 5071 Quid
662 5002 805 5057 enim
830 5002 939 5055 ait?
970 5001 1141 5072 Majas
1162 5011 1235 5056 est
1261 5011 1523 5071 peccatum
1548 5019 1731 5066 meum,
1760 5019 1909 5072 quam

318 5104 373 5147 ut
400 5094 682 5147 remittatur
702 5094 827 5146 mihi
855 5091 960 5164 (Ib.
992 5110 1040 5146 υ.
1076 5092 1165 5161 15)
1192 5109 1206 5146 :
1240 5093 1390 5161 quasi
1411 5092 1617 5148 diceret
1647 5111 1659 5147 :
1689 5094 1907 5148 Multum

318 5186 556 5256 peccavi,
598 5203 705 5240 non
746 5202 865 5240 sum
912 5186 1105 5255 dignus
1147 5194 1208 5241 ut
1247 5187 1443 5239 vivam.
1490 5186 1627 5252 Quid
1661 5202 1787 5257 ergo
1840 5187 1907 5242 ad

321 5278 465 5331 illiiiii
516 5277 692 5331 Deus?
744 5274 957 5330 Gemens
1001 5292 1062 5328 ac
1113 5286 1331 5330 tremens
1379 5278 1477 5330 eris
1524 5294 1674 5346 super
1724 5287 1908 5343 terram

319 5369 423 5439 (Ib.
472 5386 518 5424 υ.
571 5369 659 5441 12)
689 5386 703 5422 :
734 5378 789 5423 et
837 5383 1054 5439 gravem
1108 5367 1181 5422 illi
1239 5370 1627 5439 molestamque
1692 5385 1907 5439 pinnam

320 5462 590 5530 imposuit.
641 5461 757 5515 Non
789 5459 1051 5515 interlicio
1090 5468 1177 5524 te,
1224 5459 1411 5529 inquit,
1444 5476 1510 5514 ne
1545 5461 1741 5515 veritas
1769 5461 1907 5517 obli-

318 5552 460 5606 vioni
488 5552 747 5617 tradatur,
770 5551 864 5606 sed
890 5549 1089 5616 efficio,
1114 5560 1172 5605 ut
1200 5551 1274 5606 sis
1294 5551 1399 5617 lex,
1420 5567 1540 5622 qua:
1562 5551 1631 5606 ab
1658 5552 1908 5607 omnibus

318 5647 540 5713 legatur,
569 5655 626 5699 ut
668 5644 946 5699 calamitas
989 5641 1339 5714 philosophia:
1378 5651 1549 5698 mater
1574 5642 1682 5700 fiat.
1714 5643 1779 5701 Et
1803 5644 1909 5700 cir-

381 5804 399 5835 ⁸
434 5803 506 5852 sic
531 5810 633 5851 Mss.
670 5806 780 5851 Haec
803 5801 1045 5851 Morellius
1068 5814 1233 5851 manca
1260 5802 1498 5854 ediderat.

647 5894 913 5956 Pa'rnOL.
960 5895 1075 5958 Gn.
1119 5898 1344 5964 XLIX.

1474 353 1564 410 DE
1602 354 2071 412 PtENlTENTlA.
2113 355 2339 414 IIOMIL.
2381 361 2445 418 ll.

3418 344 3427 357 ’
3508 376 3614 437 ass

2033 473 2211 529 cuibat
2232 475 2387 542 Cain,
2417 478 2501 533 lex
2531 480 2782 551 animata,
2814 484 3063 544 columna
3087 490 3315 545 motoria
3340 535 3351 557 ,
3380 509 3500 562 quae
3530 506 3614 553 ω-

2029 566 2217 632 cebat,
2267 578 2322 623 et
2369 578 2547 627 tamen
2592 590 2777 630 vocem
2825 578 2949 633 tuba
2989 580 3269 638 clariorem
3316 587 3613 642 emittebat.

2028 655 2218 750 l‘lemo,
2253 660 2445 731 inquit,
2471 662 2597 720 talia
2626 666 2817 736 faciat,
2849 687 2918 726 ne
2948 674 3074 730 talia
3104 676 3357 747 patiatur.
3390 679 3616 750 Propter

2030 748 2409 819 impudentiam
2437 758 2700 826 supplicio
2721 772 2803 816 est
2828 763 3070 832 allectus,
3100 778 3293 824 etcum
3323 788 3427 827 non
3453 748 3618 828 dixis-

2028 850 2109 894 set
2134 852 2409 911 peccatum
2431 888 2448 914 ,
2478 847 2571 903 sed
2595 852 2873 909 convictus
2896 865 3074 924 esset,
3103 859 3173 916 ob
3199 860 3330 916 illud
3351 863 3615 918 eummis-

2026 948 2143 987 sum
2191 934 2473 994 damnatus
2520 950 2622 996 est.
2670 943 2727 999 Si
2781 946 2925 1001 enim
2968 963 3063 1005 sua
3104 963 3294 1022 sponte
3332 954 3615 1010 CanCSSUS

2026 1033 2188 1092 esset,
2222 1037 2497 1097 peccatum
2520 1048 2551 1088 a
2578 1048 2637 1089 se
2668 1036 2839 1104 primo
2861 1034 3131 1097 detectum
3162 1044 3466 1105 delevisset.

2094 1118 2149 1169 2.
2182 1115 2319 1171 Laus
2344 1115 2554 1176 Davidis
2581 1132 2626 1177 et
2642 1126 2972 1194 psalmorum.
3000 1128 3272 1202 Confertur
3295 1138 3466 1193 anima
3501 1159 3615 1197 cum

2024 1222 2208 1273 curru;
2252 1209 2622 1267 demonstratur
2662 1218 2831 1286 quod,
2876 1221 3012 1276 circa
3053 1224 3286 1281 virtutem
3327 1241 3375 1285 et
3417 1231 3610 1298 vitium,

2022 1299 2190 1355 minus
2224 1304 2388 1358 (etatis
2416 1322 2567 1374 quant
2596 1310 2867 1367 voluntatis
2901 1316 3031 1370 ratio
3068 1316 3298 1375 habenda
3336 1334 3426 1378 est.
3450 1353 3522 1367 —-
3546 1326 3613 1383 Ut

2021 1399 2198 1445 autem
2238 1392 2353 1485 haec
2394 1395 2467 1450 ita
2506 1411 2565 1452 se
2604 1399 2800 1456 habere
2839 1403 3135 1477 intelligas,
3178 1426 3477 1481 cognosce,
3506 1433 3612 1485 quo

2021 1488 2177 1574 pacto
2205 1484 2340 1539 alius
2376 1485 2636 1557 quispiam
2662 1505 2783 1546 cum
2822 1495 3042 1552 dixisset
3070 1500 3273 1569 primus
3296 1546 3311 1568 ,
3339 1484 3611 1574 peccatum

2020 1571 2295 1628 deleverit.
2344 1577 2632 1637 Veniamus
2658 1582 2725 1638 ad
2767 1583 3024 1644 Davidem
3047 1632 3061 1655 ,
3092 1571 3409 1663 prophetam
3440 1609 3493 1653 et
3522 1617 3610 1654 re-

2018 1665 2288 1759 g_em_;_sed
2310 1667 2575 1725 lubentius
2596 1687 2717 1729 eum
2739 1690 2804 1730 ex
2827 1681 3042 1735 nomine
3062 1682 3353 1754 prophetia:
3368 1690 3609 1759 appello:

2019 1753 2281 1847 siquidem
2310 1774 2530 1830 regnum
2559 1762 2675 1834 ejus
2705 1767 2758 1821 in
2784 1768 3150 1843 Palzestinam,
3170 1753 3459 1847 projihetia
3488 1800 3612 1838 vero

2019 1844 2256 1944 inlfiiies
2301 1850 2447 1907 orbis
2491 1865 2752 1914 terrarum
2804 1844 3237 1927 extendebatur':
3284 1844 3337 1926 et
3388 1889 3610 1944 reguuin

2018 1936 2233 2035 quidem
2272 1942 2484 1999 modico
2532 1954 2772 2018 tempore
2804 1954 3143 2011 terminatum
3188 1970 3306 2029 est,
3334 1936 3611 2035 prophetia

2018 2041 2147 2082 vero
2173 2029 2490 2090 immortalia
2520 2038 2683 2094 verba
2713 2048 3038 2110 pronuntiat.
3065 2047 3242 2105 Satius
3271 2029 3415 2110 esset
3431 2029 3612 2112 solem

2017 2121 2320 2193 exstingui,
2351 2140 2509 2196 quam
2539 2131 2698 2186 verba
2726 2133 2939 2192 Davidis
2968 2138 3222 2197 oblivioni
3254 2145 3407 2200 tradi.
3433 2146 3532 2203 Hic
3557 2150 3610 2204 in

2017 2212 2334 2307 adulterium
2362 2227 2417 2274 et
2444 2217 2789 2280 homicidium
2819 2227 2997 2297 lapsus
3023 2240 3142 2287 est:
3173 2234 3306 2291 vidit
3328 2238 3493 2307 enim,
3526 2241 3610 2296 in-

2018 2306 2133 2399 quit
2160 2307 2465 2381 Scriptura,
2499 2317 2778 2374 mulierem
2810 2323 3082 2390 pulchram
3122 2342 3182 2383 se
3213 2306 3512 2399 lavantem,
3557 2343 3611 2389 et

2016 2398 2284 2455 adamavit
2309 2416 2428 2458 eam
2457 2423 2470 2459 :
2497 2406 2690 2464 deinde
2714 2412 2856 2481 quod
2884 2416 3023 2484 apud
3053 2431 3113 2472 se
3141 2427 3418 2487 statuerat,
3451 2398 3605 2493 pereo

2017 2492 2092 2562 git
2120 2494 2203 2563 (‘2.
2234 2495 2365 2568 Reg.
2393 2499 2479 2555 ll.
2507 2499 2597 2569 2).
2624 2501 2692 2556 Et
2716 2515 2831 2559 erat
2860 2506 2912 2561 in
2939 2508 3201 2567 adulterio
3233 2492 3522 2584 propheta,
3557 2518 3610 2571 iu

2017 2585 2195 2641 medio
2221 2586 2332 2644 luto
2361 2593 2665 2662 margarita.
2698 2595 3074 2657 Verumtamen
3102 2618 3161 2658 se
3191 2620 3442 2674 peccasse
3471 2623 3604 2663 non-

2017 2678 2141 2734 dum
2170 2693 2428 2739 noverat:
2460 2687 2596 2742 adeo
2622 2692 3023 2758 perturbatione
3046 2697 3207 2751 animi
3238 2700 3444 2770 sopitus
3473 2713 3607 2758 erat.

2016 2772 2149 2827 Cum
2177 2776 2319 2829 enim
2348 2777 2526 2833 ebrius
2554 2793 2634 2835 est
2659 2785 2841 2855 auriga
2867 2827 2881 2852 ,
2916 2786 3267 2858 incomposite
3296 2792 3462 2847 fertur
3484 2808 3603 2850 eur-

2017 2879 2146 2919 rus:
2182 2881 2343 2936 porro
2368 2870 2508 2937 quod
2538 2872 2718 2944 auriga
2746 2885 2801 2929 et
2828 2890 3037 2944 currus,
3072 2880 3173 2935 hoc
3199 2882 3376 2936 anima
3404 2894 3530 2939 sunt
3556 2897 3611 2940 et

2016 2969 2231 3025 corpus.
2254 2957 2309 3011 Si
2335 2958 2474 3014 forte
2491 2960 2841 3019 obteuebrata
2862 2966 2933 3020 sit
2956 2968 3131 3023 anima
3151 3010 3167 3036 ,
3198 2979 3308 3026 tum
3333 2981 3387 3028 et
3416 2988 3613 3045 corpus

2018 3046 2069 3100 in
2096 3048 2209 3102 luto
2230 3051 2512 3107 volutatur.
2536 3053 2797 3122 Quamdiu
2821 3074 3047 3129 namque
3068 3068 3174 3116 stat
3198 3065 3400 3134 auriga,
3423 3079 3613 3121 currus

2017 3156 2228 3212 quoque
2257 3151 2404 3199 recte
2433 3144 2710 3217 dirigitur;
2756 3164 2877 3204 cum
2907 3166 3036 3207 vero
3078 3152 3384 3211 destituitur
3411 3159 3614 3215 viribus
3660 3180 3661 3185 π

2018 3232 2128 3298 ille,
2176 3248 2347 3304 neque
2392 3246 2567 3305 potest
2605 3238 2840 3296 habenas
2884 3252 3085 3313 tenere,
3117 3253 3230 3300 tum
3274 3262 3403 3303 vero
3450 3249 3613 3304 etiam

2017 3339 2203 3379 currus
2233 3328 2374 3382 malo
2403 3343 2523 3384 esse
2563 3332 2615 3385 in
2654 3340 2794 3387 statu
2824 3334 3083 3389 cernitur.
3125 3335 3201 3392 lta
3230 3352 3443 3410 quoque
3470 3339 3530 3394 fit
3554 3340 3610 3395 in

2020 3411 2272 3469 homine:
2302 3416 2553 3483 quamdiu
2583 3417 2761 3473 sobria
2792 3429 2875 3475 est
2899 3430 2953 3476 et
2981 3422 3162 3491 vigilat
3187 3424 3385 3489 anima,
3415 3438 3612 3495 corpus

2018 3503 2190 3573 ipsum
2216 3507 2375 3560 etiam
2402 3523 2594 3578 purum
2627 3521 2942 3579 permanet;
2974 3514 3060 3568 ubi
3097 3529 3225 3569 vero
3264 3516 3613 3572 obtenebrata

2018 3602 2181 3658 fuerit
2207 3606 2405 3671 anima,
2438 3622 2634 3676 corpus
2662 3609 2820 3662 etiam
2851 3610 3021 3679 ipsum
3052 3610 3104 3664 in
3137 3611 3249 3666 luto
3278 3627 3341 3667 ac
3367 3613 3613 3682 volupta-

2020 3695 2158 3748 tibus
2183 3696 2468 3751 volutatur.
2505 3696 2641 3765 Quid
2671 3699 2829 3768 igitur
2860 3699 3066 3754 David?
3094 3698 3373 3757 Commisit
3402 3702 3614 3758 adulte-

2019 3787 2153 3839 rium
2176 3802 2191 3851 ;
2220 3786 2313 3841 sed
2346 3789 2639 3853 nesciebat,
2663 3806 2835 3860 neque
2855 3791 2923 3847 ab
2953 3793 3061 3846 ullo
3084 3795 3425 3863 arguebatur,
3452 3794 3615 3866 idque

2017 3891 2136 3931 cum
2164 3894 2327 3933 senex
2357 3879 2641 3934 admodum
2671 3892 2809 3937 esset
2835 3899 2849 3936 :
2878 3891 2937 3936 ut
2966 3884 3233 3955 intelligas
3254 3926 3268 3949 ,
3297 3887 3341 3940 si
3372 3885 3509 3942 forte
3538 3887 3615 3942 sis

2018 3972 2329 4043 negligens,
2394 3988 2568 4043 neque
2627 3975 2718 4029 tibi
2769 3976 3018 4032 canitiem
3082 3980 3375 4047 prodesse,
3436 3995 3613 4051 neque

2018 4080 2224 4129 rursus,
2256 4065 2301 4119 si
2331 4065 2601 4121 studiosus
2626 4070 2700 4121 sis
2726 4083 2788 4123 ac
2815 4068 3061 4139 diligens,
3087 4071 3425 4140 juventutem
3455 4087 3614 4143 posse

2020 4164 2069 4209 te
2096 4156 2310 4212 laedere.
2342 4157 2523 4229 Neque
2547 4161 2689 4213 enim
2714 4159 2783 4215 ab
2809 4170 2963 4216 actate
2994 4177 3202 4227 mores,
3235 4164 3328 4218 sed
3355 4163 3423 4218 ab
3447 4165 3610 4218 animi

2016 4250 2284 4303 sententia
2336 4259 2486 4305 recte
2535 4250 2670 4304 facta
2725 4261 3087 4320 promauant:
3138 4269 3261 4308 nam
3315 4263 3370 4309 et
3423 4254 3609 4311 Daniel

2016 4340 2295 4396 duodecim
2324 4356 2585 4396 annorum
2612 4344 2628 4374 ί
2654 4352 2789 4406 erat,
2821 4353 2876 4399 et
2898 4342 3203 4411 judicabat;
3235 4345 3475 4400 seniores
3508 4360 3608 4399 au-

2017 4442 2151 4498 tem,
2185 4434 2463 4487 inveterati
2484 4434 2536 4488 in
2563 4432 2773 4499 diebus,
2803 4434 3054 4490 adulterii
3082 4436 3312 4492 fabulam
3330 4440 3606 4494 confinxe-

2017 4535 2169 4591 runt,
2199 4535 2251 4579 et
2298 4538 2397 4579 nec
2422 4525 2524 4580 illis
2553 4525 2774 4579 canities
2819 4525 3049 4595 profuit,
3092 4542 3194 4583 nec
3232 4527 3480 4597 juventus
3520 4531 3609 4586 isti

2017 4620 2201 4674 nocuit
2242 4618 2404 4690 (Dan.
2446 4619 2546 4685 15,
2579 4620 2648 4674 45
2674 4621 2859 4690 seqq.).
2906 4620 2977 4675 Et
3006 4630 3062 4676 ut
3102 4621 3363 4693 intelligas
3392 4637 3498 4677 non
3544 4639 3612 4679 ex

2016 4721 2192 4775 aetate,
2216 4709 2308 4764 sed
2334 4725 2397 4766 ex
2425 4710 2589 4764 animi
2617 4711 2892 4780 proposito
2908 4710 2975 4767 de
2994 4711 3292 4767 actionibus
3306 4722 3614 4784 temperan-

2019 4804 2104 4858 tiae
2134 4803 2393 4872 judicium
2434 4803 2587 4869 ferri,
2606 4800 2771 4859 David
2794 4805 2991 4861 cumin
3017 4807 3135 4877 ipsa
3160 4819 3292 4862 cana
3334 4817 3611 4862 senectute

2016 4906 2338 4962 versaretur,
2367 4902 2493 4950 tunc
2508 4895 2561 4949 in
2581 4894 2896 4950 adulterium
2928 4895 3110 4968 lapsus
3128 4900 3440 4965 est,ca:dem
3459 4916 3611 4955 com-

2017 4989 2194 5054 misit,
2219 4998 2273 5045 et
2295 4990 2374 5043 sic
2401 4988 2624 5044 allectus
2653 5000 2803 5055 erat;
2831 4998 2888 5044 ut
2913 5004 2971 5046 se
2996 5005 3250 5061 peccasse
3287 4992 3401 5062 ipse
3429 4996 3611 5049 nesci-

2018 5090 2131 5136 ret:
2162 5080 2425 5151 siquidem
2469 5082 2647 5152 auriga
2694 5097 2847 5136 mens
2890 5082 3006 5151 ejus
3048 5093 3165 5137 erat
3210 5084 3608 5143 incontinentiae

2016 5173 2278 5227 ebrietate
2328 5180 2593 5241 correpta.
2669 5171 2850 5241 Itaque
2902 5173 3063 5228 mittit
3104 5173 3173 5229 ad
3224 5190 3350 5230 eum
3399 5176 3607 5234 Nathan

2017 5264 2329 5333 prophetam
2360 5264 2503 5319 Deus
2532 5281 2547 5316 :
2581 5266 2838 5334 pr0plieta
2863 5267 3006 5319 venit
3038 5265 3102 5320 ad
3137 5265 3474 5338 prephetam.
3517 5269 3607 5323 Sic

2015 5357 2157 5412 enim
2178 5369 2299 5410 cum
2325 5354 2545 5409 medicis
2569 5355 2743 5425 agitur
2770 5372 2786 5410 :
2814 5356 2857 5409 si
2878 5357 3090 5427 quando
3104 5356 3417 5429 fuerita‘ger
3442 5358 3610 5413 inedi-

2016 5466 2143 5517 cns,
2177 5460 2286 5506 tum
2318 5450 2485 5505 altero
2509 5450 2712 5523 indiget
2740 5451 2829 5506 ille
2853 5454 3080 5505 medico.
3110 5450 3254 5506 ldem
3282 5451 3369 5505 hic
3393 5466 3606 5521 quoque

2017 5543 2210 5599 accidit
2236 5562 2249 5598 :
2278 5545 2623 5599 commiserat
2643 5555 2919 5615 peccatum
2949 5542 3207 5615 propheta
3226 5585 3242 5611 ,
3269 5554 3320 5599 et
3342 5544 3601 5614 preplieta

2017 5647 2158 5703 erat,
2191 5638 2280 5708 qui
2321 5638 2616 5694 remedium
2658 5637 2935 5692 afferebat.
2970 5635 3128 5693 Venit
3155 5635 3314 5707 igitur
3356 5634 3424 5692 ad
3453 5635 3605 5692 illum

2092 5805 2106 5834 ί
2130 5804 2181 5848 tn
2202 5792 2390 5856 Savilio,
2424 5794 2591 5847 decem
2615 5806 2865 5845 annorum.

3163 5894 3239 5956 18
