4046 6396
404 371 508 428 237

403 485 646 547 Nathan.
677 497 849 554 neque
894 481 1073 538 statim
1115 477 1184 534 ab
1230 479 1345 549 ipso
1386 476 1568 532 limine
1601 476 1746 530 illum
1786 475 1992 545 arguit,

406 590 500 635 aut
522 578 690 633 dicit:
720 575 958 633 Sceleste
983 587 1047 627 ac
1075 569 1408 634 detestande,
1437 567 1646 622 adulter
1676 576 1730 621 et
1771 565 1997 620 homici-

409 673 476 728 da
507 691 520 728 :
553 679 632 727 tot
661 669 952 726 honoribus
982 683 1011 720 a
1044 667 1154 722 Deo
1194 664 1492 719 cumulatus
1519 678 1578 717 es
1599 702 1615 728 ,
1645 669 1700 716 et
1729 669 1784 714 tu
1828 660 1994 730 ipsius

404 763 655 819 mandata
700 758 947 816 violasti?
984 757 1126 814 Nihil
1182 757 1286 812 tale
1314 754 1448 811 dixit
1486 753 1730 819 Nathan,
1780 768 1848 807 ne
1891 751 1994 806 iiii-

403 857 778 930 pudentiorem
814 853 964 907 illum
1006 850 1290 914 redderet;
1319 863 1441 904 cum
1485 847 1628 902 enim
1666 855 1880 914 peccata
1917 844 1994 899 di-

407 947 709 1018 vulgantur,
761 955 872 999 tum
917 942 985 997 ad
1038 941 1296 1010 majorem
1345 937 1731 1009 impudentiam
1779 936 1844 1000 is,
1904 936 1994 1005 qui

405 1047 755 1109 peccaverat,
777 1042 1115 1106 provocatur.
1145 1031 1300 1086 Venit
1325 1029 1483 1099 igitur
1507 1028 1573 1083 ad
1601 1028 1770 1094 illum,
1793 1037 1847 1082 et
1871 1041 1993 1080 cou-

406 1129 581 1186 ﬁctam
614 1129 719 1183 litis
745 1126 975 1181 fabulam
1002 1124 1166 1191 texit,
1204 1122 1382 1192 aitque
1409 1138 1422 1174 :
1456 1119 1628 1176 Litem
1657 1117 1832 1173 habeo
1857 1117 1998 1188 apud

407 1232 460 1276 te
479 1263 495 1288 ,
517 1237 660 1276 orex
682 1219 696 1273 ι
719 1217 876 1273 Dives
905 1215 1273 1285 cratquidam,
1303 1221 1355 1268 et
1375 1227 1577 1284 pauper
1601 1210 1813 1280 quidam
1845 1219 1994 1265 erat:

406 1311 637 1367 habebat
660 1320 836 1364 autem
865 1308 1016 1363 dives
1042 1314 1282 1360 armenta
1309 1312 1361 1358 et
1399 1317 1585 1373 greges
1617 1302 1830 1366 multos,
1865 1316 1998 1371 pauo

405 1418 500 1471 per
531 1415 659 1456 vero
704 1415 865 1454 unam
908 1397 1137 1452 habebat
1180 1411 1332 1450 ovem
1354 1436 1369 1463 ,
1401 1409 1520 1465 qua:
1549 1393 1616 1448 de
1639 1392 1804 1448 calice
1835 1393 1999 1461 ipsius

406 1495 652 1558 bibebat,
676 1491 819 1547 etde
844 1506 1024 1545 mensa
1045 1489 1164 1558 ejus
1185 1487 1396 1553 edebat,
1429 1494 1479 1542 et
1499 1486 1550 1540 in
1582 1486 1700 1540 sinu
1727 1485 1843 1556 ejus
1869 1485 2000 1538 dor;

411 1585 628 1638 miebat.
658 1583 771 1638 Hoc
796 1583 916 1637 loco
939 1581 1036 1636 viri
1057 1596 1182 1650 erga
1205 1595 1425 1634 uxorem
1453 1593 1690 1633 amorem
1712 1577 1995 1648 significat.

405 1675 540 1732 Cum
569 1684 746 1730 autem
779 1674 1091 1745 peregrinus
1113 1673 1380 1743 quispiam,
1419 1671 1686 1738 venisset,
1734 1671 1845 1726 suis
1874 1687 1997 1738 par-

410 1783 541 1823 cens
570 1767 719 1822 dives
749 1774 1021 1835 acceptam
1050 1765 1296 1835 pauperis
1322 1777 1475 1818 ovem
1502 1762 1762 1833 jugulavit
1791 1762 1848 1834 (2
1869 1762 1996 1832 Reg.

408 1857 498 1914 12.
533 1859 676 1924 1-5).
702 1857 864 1911 Vides
891 1864 947 1910 ut
968 1854 1070 1910 hoc
1099 1856 1216 1908 loco
1239 1854 1470 1908 fabulam
1502 1861 1680 1919 texat,
1705 1863 1760 1908 et
1778 1855 1998 1923 spongia

408 1949 678 2003 obtectum
706 1948 904 2002 ferrum
942 1944 1158 2018 gestet?
1183 1945 1321 2012 Quid
1344 1961 1472 2015 ergo
1501 1945 1633 2001 rex?
1674 1943 2000 1999 Existimans

407 2053 468 2093 se
496 2037 750 2092 adversus
776 2037 1000 2090 alterum
1023 2036 1338 2090 sententiain
1363 2036 1692 2105 ferre,quam
1721 2035 2000 2089 celerrime

409 2129 726 2185 sententiam
754 2126 1012 2196 adjunxit.
1045 2125 1133 2181 Sic
1157 2127 1298 2180 enim
1321 2125 1494 2180 facere
1519 2127 1692 2180 solent
1712 2125 1956 2180 homines
1981 2143 1995 2180 :

409 2218 664 2272 adversus
691 2217 824 2272 alios
851 2217 1079 2271 libenter
1113 2228 1166 2270 et
1191 2232 1381 2271 severe
1416 2216 1706 2271 sententias
1734 2215 1913 2271 ferunt
1947 2225 2000 2272 et

411 2309 773 2377 pronuntiant.
807 2307 877 2362 Et
917 2307 1044 2377 quid
1073 2307 1148 2360 ait
1191 2306 1390 2360 David?
1428 2304 1556 2360 Vivit
1584 2304 1870 2375 Dominus,
1916 2308 1997 2361 di-

411 2416 541 2471 gnus
571 2409 728 2453 morte
764 2409 837 2453 est
868 2400 981 2453 talis
1000 2440 1012 2463 ,
1037 2408 1183 2468 atque
1209 2415 1347 2452 ovem
1369 2399 1418 2452 in
1459 2399 1799 2469 quadruplum
1826 2400 1996 2454 reddet

412 2489 523 2561 (Ib.
551 2503 598 2544 ti.
642 2490 694 2545 5.
736 2488 815 2560 6).
858 2489 996 2557 Quid
1053 2489 1210 2559 igitur
1254 2488 1501 2543 Nathan?
1553 2489 1668 2545 Non
1720 2491 1999 2560 interjecto

409 2581 696 2636 multarum
727 2579 979 2634 horarum
1009 2579 1181 2650 spatio
1211 2580 1415 2650 plagam
1446 2580 1703 2647 emolliit,
1751 2580 1845 2634 sed
1887 2593 2000 2635 sta-

408 2675 502 2727 tim
535 2674 802 2735 exseruil,
840 2680 894 2727 et
936 2673 1267 2740 repentinam
1297 2672 1587 2726 sectionem
1616 2671 1883 2736 admovit,
1933 2689 1999 2727 nc

410 2765 611 2820 doloris
654 2766 902 2820 sensum‘
951 2765 1229 2818 eximeret.
1280 2762 1361 2817 Tu
1387 2780 1460 2828 es,
1491 2779 1524 2817 o
1567 2779 1658 2817 rex
1691 2763 1792 2837 (Ib.
1825 2779 1873 2818 υ.
1920 2766 1997 2833 7).

413 2851 548 2923 Quid
600 2870 726 2924 ergo
753 2868 845 2909 rex
873 2854 988 2910 ait?
1039 2852 1254 2926 Peccavi
1293 2853 1512 2909 Domino
1539 2852 1643 2925 (Ib.
1674 2872 1722 2907 υ.
1758 2853 1845 2925 15)
1873 2898 1886 2921 ,
1921 2856 2000 2908 in-

406 2947 540 3017 quit.
568 2945 681 3000 Non
714 2946 848 3001 dixit
879 2963 892 3000 :
922 2945 1054 3013 Quis
1092 2947 1233 3000 enim
1259 2960 1318 3000 es
1340 2956 1394 3000 tu
1415 2987 1431 3013 ,
1462 2947 1549 3016 qui
1581 2962 1666 3000 me
1710 2945 1997 3014 reprehen-

407 3039 529 3094 dis?
557 3041 675 3109 quis
702 3049 752 3094 te
774 3039 946 3105 misit,
974 3046 1032 3115 ut
1060 3048 1167 3093 tam
1190 3037 1358 3094 libere
1379 3038 1711 3108 loquereris?
1739 3054 1842 3108 qua
1870 3055 1998 3094 vero

405 3131 624 3185 audacia
675 3131 932 3200 impulsus
966 3129 1067 3184 hoc
1094 3127 1302 3184 fecisti?
1348 3127 1491 3184 Nihil
1544 3129 1647 3183 tale
1696 3128 1862 3196 dixit,
1903 3129 1997 3184 sed

407 3230 680 3292 peccatum
721 3221 970 3292 agnovit,
1000 3230 1056 3276 et
1083 3219 1208 3290 quid
1233 3221 1308 3274 ait
1341 3237 1354 3274 :
1398 3218 1616 3273 Peccavi
1640 3218 1860 3273 Domino
1889 3221 1994 3286 (Ib.

408 3330 456 3367 υ.
503 3314 615 3383 15).
646 3313 784 3380 Quid
829 3313 990 3383 igitur
1019 3312 1085 3367 ad
1115 3327 1237 3368 eum
1267 3311 1513 3366 Nathan?
1543 3311 1712 3364 Etiam
1755 3311 1999 3365 Dominus

409 3405 597 3458 dimisit
635 3415 892 3474 peccatum
935 3413 1096 3458 tuum.
1149 3403 1401 3473 Teipsum
1440 3403 1847 3469 condemnasti,
1904 3405 1998 3459 tibi

404 3511 503 3566 ego
527 3511 738 3566 pinnam
766 3489 1011 3550 condeno
1041 3513 1054 3550 :
1084 3495 1218 3549 bona
1252 3494 1354 3548 ﬁde
1397 3503 1670 3562 peccatum
1725 3495 1999 3548 confessus

407 3601 496 3652 cs,
527 3595 800 3656 peccatum
839 3585 1108 3640 delevisti.
1158 3585 1274 3639 Tibi
1319 3585 1418 3655 ipsi
1463 3586 1714 3639 mulctam
1770 3586 2001 3640 accersi-

405 3677 529 3731 visti
552 3717 567 3741 ,
597 3692 696 3747 ego
736 3679 1051 3731 sententiam
1085 3691 1256 3730 meam
1289 3676 1500 3731 rescidi.
1535 3676 1698 3731 Vides
1728 3687 1782 3730 ut
1811 3678 1998 3746 imple-

409 3775 522 3820 tum
561 3765 720 3820 fuerit
762 3765 902 3835 quod
932 3766 1186 3835 scriptum
1217 3775 1337 3822 est:
1379 3766 1474 3819 Dic
1505 3777 1557 3820 tu
1594 3767 1786 3837 primus
1817 3768 2000 3836 iniqui.

407 3865 535 3910 tates
570 3865 719 3923 tuas,
775 3866 829 3909 ut
861 3856 1154 3926 justiﬁeeris
1199 3855 1332 3926 (Isai
1375 3858 1462 3912 45.
1504 3857 1632 3929 26)?
1678 3857 1807 3925 Quis
1848 3858 1998 3912 labor

411 3949 640 4019 primum
681 3957 895 4018 peccata
939 3947 1160 4003 dicere?

479 4039 532 4094 5.
564 4039 735 4092 Altera
764 4039 1066 4109 poenitentia
1085 4038 1164 4091 via
1185 4039 1532 4110 Iacrymaz:in
1561 4039 1848 4109 exemptum
1875 4056 1996 4108 pro-

406 4131 565 4202 fertur
590 4131 814 4185 Achaab.
833 4160 905 4171 ——-
935 4131 1108 4186 [labes
1135 4141 1312 4186 autem
1342 4141 1395 4186 et
1419 4131 1640 4185 alteram
1670 4131 1997 4202 paenitentiae

406 4225 544 4278 viam
577 4241 591 4278 :
619 4239 775 4294 quam
833 4223 1046 4278 tandem
1077 4223 1256 4277 illam?
1311 4223 1590 4277 Peccatum
1621 4222 1767 4279 ﬂere.
1799 4223 1997 4278 Pecca-

405 4316 510 4370 sti?
533 4316 678 4383 ﬂeto,
703 4325 758 4371 et
779 4325 1050 4386 peccatum
1069 4317 1253 4370 solvis.
1273 4315 1526 4382 Quisnam
1549 4314 1636 4369 hic
1656 4315 1840 4370 labor?
1866 4317 1996 4370 nihil

405 4423 435 4462 a
467 4416 518 4462 te
541 4409 769 4477 amplius
809 4409 1052 4476 requiro,
1081 4423 1239 4477 quam
1289 4416 1346 4462 ut
1370 4407 1498 4462 ﬂeas
1537 4417 1813 4479 peccatum
1843 4425 1855 4458 :
1889 4423 1993 4462 non

405 4500 526 4555 dico
554 4499 684 4566 tibi,
715 4509 774 4554 ut
810 4499 1084 4554 einetiaris
1125 4499 1289 4552 maria
1312 4539 1327 4564 ,
1381 4499 1517 4551 utin
1563 4506 1751 4567 portus
1779 4507 1832 4552 te
1861 4499 1998 4553 reci~

405 4591 553 4659 pias,
587 4605 760 4658 neque
787 4598 845 4642 ut
886 4590 986 4644 iter
1009 4589 1283 4653 coniicias,
1313 4604 1486 4658 neque
1527 4598 1584 4642 ut
1628 4588 1991 4660 longissimam

407 4679 889 4748 peregrinationem
918 4679 1201 4750 suscipias,
1232 4693 1406 4748 neque
1435 4688 1492 4732 ut
1522 4681 1772 4748 pecunias
1805 4697 1993 4735 nume-

406 4785 513 4835 res,
538 4778 627 4822 aut
647 4769 804 4826 saevis
833 4769 1082 4826 ﬂuctibus
1114 4782 1166 4826 te
1190 4771 1524 4834 committas;
1553 4771 1646 4825 sed
1671 4772 1837 4841 quid?
1864 4773 1993 4826 Pro-

406 4868 523 4926 pter
551 4859 841 4914 admissum
863 4870 1138 4930 peccatum
1169 4861 1337 4929 plora.
1380 4859 1534 4916 Unde
1584 4875 1712 4914 vero
1765 4861 1868 4916 hoc
1913 4865 1990 4930 lit,

406 4948 597 5018 inquit,
616 4960 676 5003 ut
701 4949 746 5004 si
771 4952 997 5018 plorem,
1030 4960 1304 5020 peccatum
1332 4949 1573 5004 solvam?
1599 4950 1765 5020 Hujus
1799 4953 1873 5006 rei
1901 4953 1995 5008 de-

404 5043 847 5096 monstrationem
890 5041 1054 5096 habes
1081 5043 1239 5095 etiam
1289 5058 1355 5096 ex
1411 5042 1704 5112 Scriptura.
1738 5043 1858 5098 Fuit
1899 5061 1990 5100 rex

405 5130 622 5200 quidam
655 5132 710 5202 (5
738 5131 864 5202 Heg.
896 5131 989 5202 2|)
1041 5131 1294 5186 Acbaab:
1342 5131 1430 5187 hic
1461 5148 1591 5188 vero
1629 5134 1803 5202 justus
1829 5135 1993 5191 fuisse

410 5223 737 5292 perhibetur.
780 5225 1044 5279 Caeterum
1076 5234 1292 5294 propter
1319 5224 1530 5279 Jezahel
1581 5241 1802 5280 uxorem
1838 5241 1990 5282 suam

407 5314 599 5383 injuste
643 5317 914 5385 regnabat.
948 5315 1043 5370 Hic
1088 5315 1332 5371 Nabuthe
1371 5315 1646 5384 cujusdam
1695 5316 1990 5372 Jesraelitze

408 5406 617 5459 vineam
645 5408 966 5478 concupivit,
996 5416 1049 5462 et
1074 5407 1218 5460 misit
1245 5406 1310 5460 ad
1343 5422 1463 5461 eum
1491 5409 1677 5462 dicens
1706 5425 1718 5460 :
1752 5409 1824 5462 Da
1855 5407 1987 5462 mihi

405 5494 611 5548 vineam
645 5505 808 5558 tuam,
828 5513 982 5565 quam
1015 5497 1312 5566 cuncupivi,
1344 5508 1398 5552 et
1426 5498 1510 5552 vel
1542 5499 1818 5567 pecuniam
1845 5513 1875 5552 a
1905 5515 1991 5554 me

407 5588 606 5652 accipe.
636 5587 717 5640 vel
759 5602 880 5640 cum
924 5589 1090 5641 altero
1116 5599 1382 5642 commula
1414 5589 1551 5643 loco.
1600 5592 1669 5643 At
1695 5589 1787 5645 ille
1811 5589 1943 5644 dixit
1974 5607 1987 5644 :

411 5676 579 5737 Absit,
609 5684 665 5728 ut
688 5677 1031 5732 hereditatem
1062 5688 1270 5748 patrum
1317 5696 1557 5736 meorum
1589 5681 1815 5739 vendam
1846 5683 1938 5738 tibi
1969 5683 1982 5736 !

474 5822 491 5858 ⁸
527 5830 652 5883 ηδε..
671 5825 916 5880 hornicidii
937 5843 1142 5884 sensum.

1119 363 1177 419 S.
1217 360 1498 419 JOANNIS
1535 357 2010 417 CHRYSOSTOMI
2049 358 2365 414 ARCIIIEP.
2408 357 2939 416 CONSTANTINOP.

3580 359 3689 414 εδδ

2105 472 2321 528 Acbaab
2351 485 2527 528 autem
2556 474 2803 545 cupiebat
2826 473 3039 545 quidem
3086 473 3317 541 vineam,
3361 473 3458 530 sed
3489 473 3564 529 illi
3585 477 3691 529 vim

2104 566 2280 621 facere
2321 566 2554 632 nolebat,
2580 565 2658 622 sic
2693 575 2751 622 ut
2789 568 2844 622 in
2871 567 3112 622 morbum
3164 567 3365 621 idcirco
3408 566 3687 621 incideret.

2105 661 2346 732 lngressa
2379 671 2558 718 autem
2603 660 2669 716 ad
2717 661 2863 716 illum
2898 659 3148 725 Jezabel,
3180 659 3490 714 muliercula
3517 659 3690 727 impu-

2104 754 2257 818 deus,
2288 753 2590 824 deSperata,
2624 753 2914 818 immunda,
2946 752 3276 817 detestanda,
3307 752 3478 822 inquit
3505 770 3519 806 :
3550 749 3690 818 Quid

2103 847 2470 914 contristaris,
2522 855 2577 902 et
2606 861 2711 902 non
2749 845 3028 901 comedis?
3075 859 3234 914 surge
3280 853 3335 899 et
3383 841 3688 897 manduca:

2103 954 2202 1009 ego
2230 939 2477 1003 efﬁciam,
2503 947 2561 992 ut
2584 938 2856 1008 possideas
2879 937 3088 992 vineam
3114 935 3356 991 Nabuthe
3371 934 3688 990 Jesraelitm.

2104 1030 2170 1085 Et
2198 1032 2464 1102 accipiens
2503 1031 2718 1101 scripsit
2741 1029 3023 1098 epistolam
3067 1043 3133 1082 ex
3163 1041 3393 1097 persona
3443 1025 3584 1096 regis
3622 1025 3691 1080 ad

2104 1115 2343 1170 seniores
2382 1114 2566 1168 dicens
2595 1131 2607 1165 :
2645 1113 2934 1167 Prmdicate
2959 1110 3245 1182 jejunium,
3277 1119 3332 1165 et
3370 1111 3586 1164 statuite
3613 1109 3693 1163 vi-

2104 1223 2194 1263 ros
2221 1207 2503 1262 mendaces
2523 1206 2778 1261 adversus
2792 1203 3057 1269 Nabuthe,
3084 1203 3208 1272 quia
3230 1200 3499 1256 benedixit
3521 1200 3688 1255 Deum

2104 1309 2160 1355 et
2197 1313 2399 1368 regem,
2430 1297 2533 1352 hoc
2557 1306 2640 1352 est
2668 1295 3072 1366 blasphemavit.
3109 1291 3153 1347 Ο
3177 1291 3434 1361 jejunium
3483 1306 3690 1345 summa

2104 1390 2383 1461 iniquitate
2429 1390 2644 1459 plenum
2669 1388 2684 1442 ι
2713 1387 3075 1442 Ρι-ωάἱοτιτυηι
3097 1384 3376 1454 jejunium,
3408 1392 3468 1437 ut
3490 1383 3691 1437 caedem

2105 1488 2396 1553 patrarent.
2425 1479 2560 1546 Quid
2582 1493 2712 1550 ergo
2732 1477 2963 1534 accidit?
2993 1475 3282 1545 Lapidatus
3302 1484 3384 1529 est
3411 1473 3653 1528 Nabuthe
3672 1514 3691 1538 ,

2104 1588 2168 1627 ac
2193 1581 2432 1626 mortuus
2455 1579 2558 1626 est.
2585 1570 2697 1627 Hoc
2723 1569 2812 1624 ubi
2837 1567 3023 1624 didicit
3038 1565 3271 1633 Jezabel,
3294 1565 3425 1620 dixit
3442 1563 3688 1618 Achaab:

2103 1663 2270 1734 Surge
2290 1704 2304 1728 ,
2332 1661 2702 1734 possideamus
2725 1660 2934 1715 vineam
2958 1675 2973 1726 ;
2998 1658 3119 1728 quia
3147 1665 3387 1711 mortuus
3414 1663 3497 1710 est
3514 1654 3692 1710 Nabu-

2104 1756 2218 1810 the.
2243 1754 2419 1810 Atille
2447 1763 2560 1809 tum
2589 1752 2844 1822 temporis
2888 1750 3235 1806 contristatus
3262 1789 3277 1812 ,
3301 1748 3571 1816 ingressus
3611 1754 3696 1800 est

2107 1856 2280 1902 tamen
2303 1889 2316 1913 ,
2341 1855 2396 1902 et
2417 1847 2628 1902 vineam
2655 1845 2909 1915 possedit.
2939 1843 3096 1898 Mittit
3123 1841 3190 1896 ad
3220 1856 3342 1896 eum
3373 1840 3540 1894 Eliam
3568 1853 3696 1910 pro-

2106 1941 2320 2011 phetam
2361 1941 2522 1995 Deus.
2555 1938 2722 2004 Vade,
2773 1937 2970 2007 inquit,
3011 1935 3098 1990 dic
3127 1934 3386 1990 Acbaab:
3431 1933 3696 2002 Quoniam

2109 2031 2352 2087 occidisti
2372 2074 2387 2098 ,
2427 2040 2483 2086 et
2511 2029 2832 2102 possedisti,
2871 2029 2947 2084 sic
2972 2027 3274 2084 eﬂ'undctur
3293 2027 3504 2095 sanguis
3535 2034 3656 2080 tuus
3677 2068 3692 2088 ,

2105 2132 2160 2179 et
2179 2139 2341 2179 canes
2369 2124 2682 2195 sanguinem
2713 2130 2864 2176 tuum
2913 2121 3146 2190 lingent,
3194 2127 3249 2173 et
3275 2117 3585 2173 meretrices
3613 2117 3693 2170 la-

2104 2215 2379 2270 vabuntin
2427 2213 2685 2283 sanguine
2726 2221 2816 2266 tuo
2869 2212 2949 2281 ('5.
2981 2209 3108 2281 Reg.
3158 2207 3274 2282 2|).
3321 2209 3402 2263 Ira
3439 2208 3696 2263 divinitus

2103 2308 2334 2371 emissa,
2361 2306 2599 2361 absoluta
2633 2304 2915 2368 sententia,
2958 2302 3277 2374 supplicium
3318 2311 3402 2358 est
3428 2301 3693 2372 adimple-

2104 2408 2236 2454 tum.
2266 2403 2343 2454 Ac
2368 2400 2507 2464 vide,
2541 2414 2646 2468 quo
2671 2398 2818 2452 illum
2848 2398 3023 2451 mittat
3054 2414 3069 2450 :
3103 2396 3154 2450 in
3186 2395 3418 2450 vineam.
3455 2394 3557 2450 Ubi
3588 2395 3694 2448 ini-

2102 2491 2306 2561 quitas,
2350 2491 2421 2544 ibi
2460 2504 2674 2561 quoque
2702 2488 3040 2559 supplicium.
3073 2487 3143 2542 Et
3163 2487 3288 2558 quid
3317 2487 3427 2540 ait?
3452 2484 3585 2541 Cum
3613 2487 3698 2540 in-

2104 2583 2270 2636 tuitus
2296 2591 2377 2636 est
2407 2581 2602 2650 ipsum,
2634 2579 2849 2634 Acbaab
2877 2579 3014 2634 dixit
3043 2595 3056 2632 :
3086 2576 3330 2632 Invenisti
3356 2593 3436 2631 me
3458 2577 3697 2630 inimicus

2105 2690 2276 2737 meus;
2305 2673 2454 2744 quasi
2482 2672 2687 2727 diceret
2716 2690 2730 2721 :
2763 2672 2933 2727 Reum
2974 2685 3061 2726 me
3097 2669 3528 2741 deprehendisti,
3568 2669 3696 2739 quia

2106 2766 2355 2836 peccavi:
2405 2780 2547 2820 nunc
2576 2765 2667 2819 tibi
2698 2764 2820 2819 data
2847 2774 2932 2819 est
2954 2763 3167 2818 occasio
3207 2763 3336 2817 mihi
3376 2762 3689 2816 insultandi.

2104 2856 2352 2912 Invenisti
2378 2874 2458 2911 me
2471 2859 2703 2912 inimicus
2731 2874 2890 2911 meus.
2927 2856 3061 2925 Quia
3089 2871 3301 2926 semper
3330 2855 3473 2911 Elias
3501 2870 3693 2926 repre-

2103 2947 2370 3003 hendebat
2401 2948 2650 3014 Achaab,
2704 2949 2880 3003 sciens
2927 2947 3144 3002 Achaab
3175 2962 3233 3002 se
3278 2961 3560 3017 peccasse,
3611 2945 3696 3001 Tu

2103 3042 2317 3111 quidem
2345 3056 2576 3110 semper,
2606 3041 2796 3111 inquit,
2820 3056 2907 3096 me
2936 3039 3368 3111 reprehendebas
3397 3059 3410 3094 :
3438 3053 3580 3093 nunc
3599 3053 3696 3092 au-

2104 3142 2212 3188 tem
2257 3144 2555 3203 Opportune
2584 3133 2714 3188 mihi
2746 3133 2991 3188 insultas.
3027 3132 3242 3188 Sciebat
3268 3133 3410 3187 enim
3457 3146 3517 3186 se
3561 3147 3695 3201 pec-

2103 3238 2274 3279 casse.
2306 3225 2384 3278 Ex
2430 3224 2655 3279 adverso
2685 3224 2873 3279 recitat
2901 3224 2972 3278 illi
3003 3223 3322 3278 sententiam
3359 3240 3372 3274 :
3414 3221 3541 3276 Ηωε
3570 3223 3697 3275 dicit

2104 3314 2352 3370 Dominus
2371 3333 2388 3368 .'
2411 3316 2663 3382 Quoniam
2691 3316 2937 3382 occidisti,
2953 3325 2998 3369 et
3016 3315 3301 3386 possedisti,
3323 3323 3368 3368 et
3394 3314 3697 3383 sanguinem

2102 3409 2197 3462 viri
2209 3409 2340 3478 justi
2368 3407 2609 3475 e/Tudisti,
2648 3408 2719 3460 sic
2745 3407 3030 3475 e/fundetur
3066 3407 3273 3478 sanguis
3303 3416 3437 3468 tuus,
3466 3413 3513 3459 et
3541 3422 3698 3459 canes

2103 3498 2448 3570 lingentenm,
2495 3507 2539 3551 et
2585 3499 2865 3552 meretrices
2904 3497 3140 3551 Iavabunt
3196 3497 3250 3550 in
3293 3497 3536 3567 sanguine
3584 3505 3695 3549 tuo.

2103 3589 2229 3644 Htec
2255 3604 2376 3643 cum
2399 3589 2657 3646 audiisset
2681 3589 2918 3656 Achaab,
2945 3589 3290 3645 contristatus
3315 3598 3422 3653 est,
3470 3596 3524 3644 et
3564 3603 3698 3658 pro-

2103 3689 2222 3749 pter
2245 3691 2519 3749 peccatum
2545 3697 2698 3735 suum
2729 3682 2989 3751 plorabat.
3009 3681 3236 3751 Agnovit
3253 3680 3609 3750 iniquitatem,
3643 3688 3701 3734 et

2102 3771 2263 3824 latam
2299 3770 2352 3824 in
2396 3785 2519 3825 eum
2545 3773 2868 3826 sententiam
2901 3771 3172 3826 revocavit
3218 3771 3379 3825 Deus.
3407 3769 3512 3825 Sed
3544 3770 3698 3838 prius

2102 3860 2237 3917 Elia:
2263 3877 2321 3916 se
2349 3861 2624 3916 excusavit
2674 3863 2836 3928 Deus,
2869 3877 2936 3916 ne
2961 3862 3096 3916 forte
3123 3860 3351 3916 mendax
3399 3858 3693 3926 videretur,

2101 3954 2257 4024 eique
2286 3951 2573 4017 accideret,
2603 3951 2743 4020 quod
2769 3951 2919 4006 Jonm
2948 3951 3179 4006 accidit‘
3215 3968 3228 4004 :
3264 3952 3367 4004 tale
3392 3949 3517 4019 quid
3542 3949 3694 4003 enim

2104 4058 2290 4114 passus
2319 4051 2404 4097 est
2431 4053 2485 4096 et
2508 4041 2691 4096 Jonas.
2724 4042 2865 4096 Dixit
2893 4042 2967 4098 illi
3011 4042 3150 4096 Deus
3184 4040 3406 4106 :Vade,
3457 4039 3696 4109 prmdica

2101 4136 2154 4190 in
2180 4134 2369 4192 Ninive
2397 4133 2629 4197 civitate,
2670 4134 2721 4187 in
2765 4149 2871 4204 qua
2902 4133 3144 4188 habitant
3173 4136 3388 4188 centum
3417 4141 3471 4188 et
3501 4132 3695 4201 viginti

2101 4225 2262 4279 millia
2293 4224 2565 4278 hominum
2587 4224 2786 4294 absque
2807 4225 3118 4279 mulieribus
3137 4234 3192 4278 et
3217 4223 3483 4293 parvulis:
3511 4223 3699 4276 Adhuc

2101 4323 2198 4371 tres
2220 4316 2363 4382 dies,
2411 4325 2459 4369 et
2505 4313 2693 4369 Ninive
2730 4315 3042 4369 subvertetur
3088 4313 3233 4385 (Ion.
3266 4317 3316 4369 1.
3347 4315 3426 4385 2).
3465 4313 3698 4369 Nolebat

2100 4408 2249 4462 abire
2275 4407 2467 4470 Jonas,
2516 4414 2700 4475 utpote
2728 4407 2816 4460 cui
2845 4416 2969 4461 nota
2995 4415 3136 4460 esset
3166 4407 3256 4461 Dei
3288 4404 3693 4468 misericordia;

2099 4500 2192 4555 sed
2221 4499 2347 4568 quid
2375 4499 2536 4554 facit?
2563 4499 2618 4553 In
2665 4498 2841 4568 fugam
2871 4501 3202 4554 convertitur
3230 4516 3244 4551 :
3278 4501 3352 4553 ait
3377 4500 3540 4562 enim,
3577 4497 3695 4568 Ego

2099 4592 2486 4660 praedicaturus
2525 4591 2684 4645 abibo
2714 4609 2726 4644 :
2752 4603 2808 4645 tu
2833 4606 2955 4645 cum
3001 4591 3306 4645 misericors
3335 4591 3408 4644 sis
3427 4632 3442 4654 ,
3471 4600 3696 4643 senten-

2099 4683 2224 4736 tiam
2251 4682 2512 4746 mutabis;
2556 4691 2610 4736 at
2637 4697 2736 4752 ego
2776 4691 3044 4752 tamquam
3079 4682 3245 4738 falsus
3273 4682 3532 4753 propheta
3579 4691 3695 4735 trn-

2098 4772 2338 4827 cidabor.
2373 4773 2745 4828 Verumtamen
2774 4784 3055 4843 exceptum
3084 4773 3238 4828 illum
3260 4789 3409 4828 mare
3433 4788 3538 4828 non
3561 4775 3691 4826 abs-

2098 4865 2317 4933 condit,
2368 4866 2466 4921 sed
2503 4873 2662 4920 terra:
2707 4865 2858 4919 illum
2907 4865 3174 4931 reddidit,
3206 4874 3260 4920 et
3287 4865 3491 4919 salvum
3536 4864 3692 4918 illum

2096 4955 2286 5012 Ninivc
2335 4957 2762 5026 incolumemque
2801 4955 3068 5022 servavit,
3114 4965 3169 5010 et
3197 4965 3448 5026 tanquam
3486 4955 3691 5024 optima

2098 5062 2354 5102 conserva
2381 5063 2534 5102 suum
2551 5061 2865 5101 conservum
2883 5047 3190 5102 custodivit.
3226 5045 3494 5100 Descendit
3518 5046 3690 5108 enim,

2100 5139 2290 5208 inquit,
2334 5137 2497 5192 Jonas
2541 5146 2597 5190 ut
2642 5139 2856 5208 fugeret,
2881 5147 2927 5191 et
2951 5138 3140 5191 invenit
3179 5137 3346 5191 navim
3393 5147 3592 5191 euntem
3638 5136 3694 5189 in

2105 5227 2409 5294 Tliarsis,et
2427 5226 2570 5281 dedit
2599 5227 2819 5279 naulum
2832 5229 2947 5294 ejus
2969 5235 3017 5279 et
3041 5229 3276 5279 ascendit
3299 5228 3352 5281 in
3382 5244 3498 5280 eam
3526 5226 3657 5296 (Jan
3680 5265 3696 5279 .

2107 5320 2156 5374 Ι.
2185 5320 2240 5384 5)
2267 5321 2364 5389 (a).
2405 5317 2526 5385 Quo
2563 5319 2723 5390 fugis,
2757 5334 2790 5373 o
2812 5317 2989 5373 Jona?
3019 5334 3150 5371 num
3181 5319 3342 5372 aliam
3383 5320 3437 5372 in
3485 5331 3696 5372 terram

2167 5501 2183 5530 ι
2220 5505 2352 5564 Hunc
2393 5495 2623 5564 locum_in
2647 5493 2786 5564 savii.
2828 5501 2879 5543 et
2916 5493 3023 5564 aliis
3067 5494 3241 5564 partim
3274 5490 3585 5564 maerentem
3625 5492 3700 5540 sic

2099 5568 2236 5610 recte
2261 5559 2572 5619 interpretari
2612 5557 2805 5606 videtur
2831 5556 2960 5619 {Sed
2997 5552 3135 5619 prius
3159 5566 3269 5619 qua:
3301 5556 3366 5602 ad
3407 5552 3559 5619 Etiam:
3585 5564 3699 5619 ερατ

2097 5629 2224 5672 ctam
2247 5612 2457 5676 obserra,
2481 5631 2540 5668 ne
2554 5619 2765 5668 mendax
2786 5612 3007 5668 videatur
3019 5612 3328 5679 £tias,'cique
3350 5616 3542 5664 accidat
3566 5612 3699 5677 quod

2097 5692 2234 5733 Jona:
2256 5681 2453 5731 accidit.
2530 5692 2535 5696 ‘

2165 5764 2238 5826 (a)
2271 5771 2384 5811 Cum
2429 5763 2505 5810 bis
2539 5759 2707 5826 confer
2739 5773 2798 5811 ea
2822 5774 2933 5824 qua:
2955 5760 3179 5812 dicuntur
3203 5771 3348 5823 supra
3371 5757 3544 5809 tiomil.
3572 5759 3593 5808 ι
3631 5758 3702 5808 de

2106 5825 2407 5884 Pcenitentia,
2426 5836 2558 5874 num.
2581 5825 2629 5872 5.
