4046 6396
349 381 450 440 281

351 493 530 564 λέγει·
568 494 858 565 Πάράνομε
904 494 995 547 καὶ
1036 494 1388 562 ἐναγέστατε,
1435 492 1588 564 μοιχέ
1619 493 1713 547 καὶ
1743 482 1934 562 φονεῦ,

350 587 618 650 τοσαύτας
650 586 814 657 τιμὰς
862 584 1026 651 ἐδέξω
1071 586 1221 657 παρά
1258 585 1352 638 τοῦ
1395 585 1551 650 Θεοῦ,
1596 585 1692 639 καὶ
1725 583 1789 637 σὺ
1837 582 1937 648 τὰς

353 677 572 742 ἐντολὰς
607 677 771 731 αὑτοῦ
818 678 1243 748 κατεπάτησας;
1294 677 1462 732 Οὐδὲν
1497 676 1736 731 τοιοῦτον
1784 669 1938 730 εἶπεν

351 771 379 823 6
403 767 608 833 Νάθαν,
632 769 718 827 ἴνα
740 768 814 841 μὴ
831 769 1308 840 ἀναισχυντότερον
1335 769 1498 828 αὑτὸν
1518 767 1900 839 ἀπεργάσηται
1919 781 1934 796 ⁸

351 861 786 933 δημοσιευόμενα
814 861 920 934 γὰρ
948 862 1018 916 τά
1050 862 1424 933 ἁμαρτήματα
1454 863 1532 925 είς
1553 858 1940 930 ἀναισχυντίαν

353 955 709 1026 προκαλεῖται
731 957 823 1008 τδν
849 953 1229 1025 ἡμαρτηκότα,
1270 955 1530 1025 Ἔρχεται
1555 949 1650 1006 οῦν
1676 953 1813 1022 πρὸς
1842 951 1943 1004 αὑ-

352 1047 444 1099 τὸν
484 1047 577 1101 καὶ
601 1047 786 1117 δρᾶμα
809 1047 965 1118 δίκης
999 1047 1247 1116 ὑφαίνει·
1281 1047 1375 1100 καὶ
1403 1045 1456 1098 τί
1489 1062 1656 1114 φησι;
1685 1043 1939 1107 Βασιλεῦ,

354 1133 476 1205 δίκη
511 1135 600 1206 μοί
635 1138 752 1188 ἐστι
781 1135 917 1207 πρὸς
949 1137 1028 1192 σέ.
1061 1131 1171 1188 Ἦν
1200 1153 1286 1199 τις
1328 1134 1582 1198 πλούσιος
1621 1133 1717 1187 καὶ⁴
1752 1129 1822 1204 ἦν
1856 1149 1942 1204 τις

357 1225 525 1296 πένης
545 1241 560 1254 ο
597 1221 725 1296 εἶχε·
747 1227 805 1279 δὲ
836 1227 864 1279 6
898 1226 1154 1291 πλούσιος
1183 1225 1436 1298 βουκόλια
1461 1227 1554 1280 καὶ
1581 1227 1783 1296 ἀγέλας
1813 1226 1945 1278 πολ-

335 1318 487 1389 ,λάςο
517 1313 586 1389 ἦν
617 1318 675 1370 δέ
709 1320 806 1372 καὶ
837 1321 864 1372 6
899 1320 1068 1391 πένης
1101 1318 1241 1396 ἔχων
1273 1319 1488 1390 ἀμνάδα
1528 1320 1679 1390 μίαν,
1718 1320 1838 1391 ἥτις
1878 1320 1944 1372 ἐκ

356 1411 450 1464 τοῦ
481 1412 742 1484 ποτηρίου
781 1412 944 1466 αὑτοῦ
973 1412 1144 1480 ἔπινε,
1178 1415 1274 1467 καὶ
1308 1415 1374 1467 ἐκ
1399 1413 1502 1484 τῆς
1529 1413 1812 1484 τραπέζης
1847 1413 1946 1466 αὑ-

358 1504 449 1557 τοῦ
495 1505 672 1575 ἡσθιε,
722 1506 817 1559 καὶ
862 1507 921 1565 ἐν
959 1505 1036 1577 τῷ
1083 1507 1268 1578 κόλπῳ
1299 1507 1462 1565 αὑτοῦ
1496 1507 1816 1568 ἐκάθευδεν·
1857 1507 1947 1565 ἐν·

357 1595 533 1651 ταῦθα
588 1598 649 1650 τὸ
696 1598 923 1668 γνήσιον
975 1597 1070 1661 τοῦ
1125 1599 1320 1668 ἀνδρὸς
1371 1599 1506 1670 πρὸς
1553 1598 1652 1668 τὴν
1711 1601 1946 1667 γυναῖκα

358 1688 626 1741 δείκνυσιν
647 1704 660 1717 ·
692 1688 937 1754 ἐλθόντος
971 1689 1027 1742 δὲ
1056 1688 1208 1756 ξένου
1247 1689 1412 1755 τινὸς,
1447 1691 1702 1760 ἐφείσατο
1727 1692 1756 1743 6
1782 1689 1947 1743 πλού-

363 1796 473 1843 σιος
499 1780 607 1832 τῶν
633 1779 777 1834 ίδίων
808 1793 858 1847 ει,
892 1783 988 1834 καὶ
1017 1781 1196 1835 λαϐὼν
1219 1783 1318 1853 τὴν
1348 1783 1562 1854 ἀμνάδα
1591 1782 1683 1836 τοῦ
1714 1782 1946 1854 πένητος

360 1870 588 1940 ἔσφαξεν
621 1873 810 1942 αὑτήνο
843 1868 996 1937 Εἶδες
1020 1873 1136 1937 πῶς
1157 1873 1390 1928 ἐνταῦθα
1415 1873 1628 1943 ὑφαίνει
1653 1874 1714 1926 τὸ
1737 1875 1944 1950 δρᾶμα,

361 1962 436 2031 τῷ
475 1961 699 2032 σπόγγῳ
747 1963 1223 2034 ἐπικεκρυμμένον
1271 1962 1410 2034 ἔχων
1455 1964 1518 2016 τὸ
1556 1964 1833 2035 σιδὴριον;
1881 1963 1947 2016 Τί

360 2053 451 2108 οὖν
482 2058 511 2109 6
546 2055 834 2126 βασιλεύς;
873 2056 1130 2127 Νομίζων
1160 2057 1302 2111 κατὰ
1328 2057 1491 2112 ἄλλου
1524 2057 1945 2128 ἀποφαίνεσθαι,

359 2146 623 2226 ὀξυτάτην
665 2148 914 2218 ἐπήγαγε
958 2147 1058 2225 τὴν
1105 2150 1402 2218 ἀπόφασιν.
1462 2148 1705 2204 Τοιοῦτοι
1751 2147 1859 2218 γὰρ
1896 2149 1948 2200 οί

362 2237 672 2310 ἄνθρωποι·
712 2239 856 2293 κατὰ
906 2237 1017 2292 τῶν
1067 2238 1245 2300 ἄλλων
1289 2240 1457 2310 ἡδέως
1501 2238 1600 2302 τὰς
1645 2238 1950 2307 ἀποφάσεις

363 2331 456 2383 καὶ
481 2330 773 2400 ἀποτόμως
809 2329 1088 2383 ποιοῦνται
1124 2332 1219 2384 καὶ
1247 2330 1536 2386 ἐκδιδόασι.
1574 2330 1686 2388 Καὶ
1706 2328 1757 2384 τί
1784 2345 1950 2400 φησιν

361 2425 390 2476 ὁ
429 2423 623 2488 Δαυῖδς
673 2421 760 2491 Ζῇ
794 2423 1028 2490 Κύριος,
1077 2422 1248 2487 ἄξιος
1288 2423 1548 2476 θανάτου
1594 2425 1626 2476 ό
1661 2420 1948 2491 τοιοῦτος,

363 2509 461 2562 καὶ
491 2509 791 2564 ἀποδώσει
819 2510 934 2578 τὴν
958 2509 1196 2579 ἀμνάδα
1224 2513 1728 2578 τετραπλασίονα.
1764 2511 1830 2563 Τί
1857 2507 1952 2564 οῦν

362 2603 393 2653 .6
423 2601 641 2665 Νάθαν;
678 2604 792 2657 Οὑκ
832 2603 1070 2674 ἐμάλαξε
1105 2606 1329 2670 πολλαῖς
1363 2605 1535 2677 ὥραις
1575 2605 1672 2678 τὴν
1713 2604 1948 2676 πληγὴν,

367 2697 480 2750 ἀλλ’
524 2698 684 2762 εὐθυς
720 2698 986 2768 ἐκφαίνει,
1025 2698 1119 2751 καὶ
1157 2697 1422 2770 ὀξυτάτην
1449 2699 1697 2767 ἐπήγαγε
1729 2697 1829 2768 τὴν
1865 2714 1954 2749 το-

372 2789 497 2859 μὴν.
534 2791 623 2844 ἵνα
675 2789 748 2862 μὴ
801 2790 974 2862 κλέψῃ
1008 2791 1108 2860 τὴν
1144 2789 1394 2861 αἴσθησιν
1440 2789 1535 2847 τοῦ
1569 2791 1732 2843 πόνου
1772 2789 1822 2842 δ.
1866 2789 1953 2850 Σὺ

363 2878 438 2942 εἴ,
486 2882 728 2952 βασιλεῦ.
765 2883 829 2934 Τί
854 2877 948 2936 οῦν
980 2885 1008 2936 6
1036 2882 1289 2953 βασιλεύς
1318 2899 1510 2952 φησιν;
1543 2882 1847 2950 ’Ἥμαρτον
1873 2878 1954 2945 τῷ

368 2973 580 3041 Κυρίῳ.
617 2973 732 3025 Οὑκ
762 2969 904 3035 εἶπε,
953 2971 1047 3035 Τίς
1077 2972 1187 3042 γάρ
1235 2967 1333 3024 εἷὸ
1365 2971 1604 3041 ἐλέγχων
1636 2986 1739 3040 με;
1772 2968 1856 3032 τίς
1896 2967 1955 3029 δέ

373 3081 430 3117 σε
457 3065 743 3119 ἀπέστειλε
773 3064 1286 3140 παρῤηωάζωθαη
1321 3063 1453 3134 ποίᾳ
1485 3063 1543 3116 δὲ
1580 3062 1753 3133 τόλμῃ
1795 3059 1956 3118 τοῦτο

372 3157 712 3226 ⁴ιιεποίσηκαςς
771 3158 934 3210 Οὑδὲν
987 3158 1227 3210 τοιοῦτον
1278 3151 1467 3220 εἶπεν,
1526 3154 1663 3208 ἀλλά
1713 3155 1956 3224 συνέγνω

370 3249 468 3323 τὴν
499 3251 794 3320 ἁμαρτίαν.
850 3252 958 3303 Καὶ
1002 3251 1056 3303 τί
1097 3265 1296 3321 φησιν;
1349 3248 1692 3318 Ἡμάρτηκα
1729 3246 1809 3312 τῷ
1842 3252 1956 3302 Κυ-

371 3341 494 3409 ρίῳ.
519 3341 582 3394 Τί
608 3337 699 3395 οῦν
727 3344 755 3394 6
786 3341 972 3396 Νάθαν
1003 3342 1138 3413 πρὸς
1164 3341 1326 3394 αὐτόν
1351 3357 1366 3405 ;
1394 3341 1504 3394 Καὶ
1527 3343 1740 3408 Κύριος
1757 3338 1957 3408 ἀφῆκε

374 3433 440 3486 τὸ
483 3432 798 3502 ἁμάρτημά
849 3449 995 3488 σου·
1051 3433 1244 3488 ἐαυτὸν
1282 3432 1663 3495 κατεδίκασας,
1717 3429 1827 3499 ἐγώ
1873 3448 1956 3485 σοι

378 3525 642 3596 συγχωρῶ
674 3525 772 3598 τὴν
801 3524 1098 3595 καταδίκην
1118 3541 1130 3554 ·
1183 3524 1543 3606 εὐγνωμόνως
1572 3523 1954 3598 ὡμολόγησας,

375 3615 569 3679 ἔλυσας
607 3616 706 3688 τὴν
750 3616 1058 3689 ἁμαρτίαν·
1110 3615 1290 3686 σαυτῷ
1317 3614 1417 3686 τὴν
1464 3614 1759 3685 καταδίκην
1803 3613 1958 3687 [290]

295 3725 299 3730 ·
376 3711 707 3773 ἐπεσπάσω,
763 3708 875 3778 ἐγὼ
925 3708 1090 3761 ἔλυσα
1143 3707 1241 3779 τὴν
1291 3708 1584 3776 ἀπόφασιν.
1639 3703 1792 3771 Εἶδες
1840 3707 1960 3773 πῶς

378 3798 672 3871 ἐπληρώθη
706 3800 767 3853 τὸ
803 3799 1214 3871 γεγραμμένον,
1258 3797 1409 3866 Λέγε
1445 3797 1527 3850 σὺ
1559 3797 1668 3864 τὰς
1705 3798 1961 3867 ἀνομίας

377 3906 494 3944 σου
522 3891 775 3958 πρῶτος,
812 3893 913 3945 ἵνα
938 3888 1291 3957 δικαιωθῇς
1340 3889 1498 3952 Ποῖος
1537 3889 1784 3960 κάματος
1806 3884 1962 3952 οὗτος

376 3984 440 4036 τὸ
466 3985 640 4036 εἰπεῖν
675 3984 891 4054 πρῶτον
917 3983 1017 4052 τὴν
1049 3981 1326 4052 ἁμαρτίαν
1350 3997 1368 4046 ;

450 4082 518 4145 γ’.
559 4076 741 4146 Ἔχεις
770 4075 827 4137 δὲ
856 4074 1145 4145 μετανοίας
1177 4070 1294 4125 ὁδὸν
1331 4070 1424 4130 καὶ
1465 4069 1676 4142 ἐτέραν·
1710 4070 1870 4132 ποίαν
1897 4069 1961 4144 δὴ

377 4167 581 4238 ταύτην
596 4185 610 4234 ;
628 4168 700 4220 Τὸ
720 4167 987 4238 πενθῆσαι
1006 4165 1106 4238 τὴν
1129 4163 1404 4236 ἁμαρτίαν
1421 4174 1470 4216 ο.
1492 4164 1811 4234 Ἥμαρτες;
1831 4162 1961 4215 πέν-

381 4259 580 4332 θησον,
621 4261 715 4312 καὶ
752 4258 902 4323 λύεις
941 4259 1041 4331 τὴν
1074 4257 1374 4330 ἁμαρτίαν.
1407 4257 1566 4320 Ποῖος
1594 4257 1843 4327 κάματος
1872 4250 1963 4311 οὗ·

381 4368 502 4419 τος;
526 4350 678 4405 οὐδέν
699 4367 758 4403 σε
779 4350 941 4402 πλέον
963 4348 1202 4411 ἀπαιτῶ,
1233 4347 1266 4418 ἢ
1288 4348 1349 4400 τὸ
1369 4347 1634 4419 πενθῆσαι
1659 4347 1758 4418 τὴν
1785 4348 1966 4420 ἁμαρ·

382 4442 504 4497 τίαν
531 4459 544 4473 ο
569 4443 631 4495 οὑ
656 4441 803 4510 λέγω
838 4457 919 4494 σοι
953 4441 1165 4511 πελάγη
1208 4442 1416 4510 τεμεῖν,
1448 4438 1573 4493 οὔτε
1614 4441 1695 4502 εἰς
1737 4439 1966 4511 λιμένας

387 4536 737 4602 καταγαγεῖν,
789 4532 911 4586 οῦτε
959 4533 1331 4605 ὁδοιπορῆσαι,
1387 4531 1509 4586 οὔτε
1565 4532 1686 4586 ὁδὸν
1739 4533 1968 4604 ἄπειρον

387 4627 662 4688 ἀπελθεῖν,
695 4625 818 4679 οὔτε
851 4625 1150 4696 χρημάτων
1186 4623 1514 4694 καταϐολὴν,
1549 4621 1672 4677 οὔτε
1707 4624 1970 4693 κυμάτων

381 4719 594 4793 ,ἀγρίων
628 4717 956 4787 ποιήσασθαι
985 4716 1178 4780 δίοδον,
1200 4714 1335 4768 ἀλλά
1354 4715 1441 4779 τί;
1472 4714 1750 4786 Πένθησον
1776 4715 1870 4769 ἐπὶ
1899 4718 1968 4786 τῇ

390 4810 652 4881 ἁμαρτίᾳ.
694 4811 803 4863 Καὶ
828 4808 990 4866 πόθεν
1023 4808 1202 4868 τοῦτο,
1241 4808 1427 4877 φησὶν,
1458 4807 1540 4860 ὄτι
1567 4806 1660 4860 ὲάν
1690 4807 1968 4878 πενθήσω,

391 4900 501 4954 λύω
530 4902 628 4972 τὴν
673 4901 981 4972 ἁμαρτίαν;
1018 4901 1203 4970 Ἔχεις
1241 4899 1336 4952 καὶ
1368 4895 1560 4950 τούτου
1595 4899 1872 4965 ἀπόδειξιν
1909 4900 1974 4952 ἐκ

390 4994 488 5062 τῆς
513 4992 665 5056 θείας
693 4991 937 5064 Γραφῆς.
963 4987 1070 5044 τΗν
1092 5009 1175 5054 τις
1208 4991 1410 5062 ’Λχαάϐ
1440 4990 1694 5060 βασιλεύς
1719 5008 1734 5022 ·
1761 4990 1974 5054 δίκαιος

391 5084 446 5136 δέ
484 5079 637 5148 οὗτος
682 5086 1038 5155 μαρτυρεῖται
1064 5100 1077 5113 ·
1106 5083 1422 5136 ἐϐασίλευσε
1457 5082 1512 5135 δὲ
1544 5075 1698 5145 οὗτος
1725 5085 1806 5146 είς
1829 5081 1977 5137 κακά

394 5176 498 5228 ὑπὸ
537 5176 771 5238 Ἰεζάϐελ
801 5177 900 5246 τῆς
929 5177 1186 5244 γυναικὸς
1220 5176 1387 5230 αὑτοῦ
1415 5191 1429 5206 ο
1459 5167 1615 5238 οῦτός
1666 5192 1808 5241 τινος
1857 5176 1974 5229 Να-

397 5264 557 5318 ϐουθέ
598 5265 960 5335 Ίεζραηλίτου
1012 5266 1312 5335 ἀμπελῶνα
1340 5265 1688 5336 ἐπεθύμησε,
1737 5265 1831 5318 καὶ
1868 5266 1977 5318 άπ-

396 5356 601 5410 έστειλε
628 5357 762 5428 πρὸς
784 5357 946 5410 αὑτὸν
966 5357 1141 5423 λέγων
1161 5373 1172 5385 ·
1193 5357 1292 5421 Δός
1323 5375 1412 5428 μοι
1439 5357 1532 5410 τὸν
1555 5357 1858 5428 ἀμπελῶνά
1883 5377 1977 5412 σου

394 5449 454 5503 ὃν
495 5450 836 5522 ἐπεθύμησα,
877 5452 972 5504 καὶ
1019 5451 1052 5522 ἡ
1093 5451 1357 5522 ἀργύριον
1397 5450 1528 5503 λαϐὲ
1581 5451 1711 5522 παρ’
1750 5451 1908 5521 ἐμοῦ,
1943 5451 1977 5522 ἢ

397 5543 752 5613 ἀντάλλαγμα
790 5544 884 5596 τοῦ
916 5543 1102 5597 τόπου.
1140 5544 1196 5596 '0
1220 5543 1276 5595 δέ
1307 5538 1427 5595 εἷπε
1461 5560 1474 5573 ·
1507 5543 1597 5614 Μή
1639 5561 1728 5613 μοι
1767 5547 1980 5614 γένοιτο

465 5677 492 5738 F
514 5676 840 5738 Saviliusitaw
864 5678 1069 5728 οἰκείων.
1093 5676 1224 5738 quod
1251 5677 1426 5725 eodem
1452 5676 1644 5725 recidit.
1673 5677 1806 5727 Εοιτ.

464 5737 494 5778 δ
522 5739 633 5786 Μςς.
657 5737 745 5787 τοῦ
767 5740 925 5801 φόνου.

465 5804 492 5832 ⁵
523 5801 623 5854 Alii
647 5802 732 5855 τὴν
755 5801 926 5854 αἰτίαν.

1510 376 1597 431 DE
1630 374 2102 434 PUENlTENTIA.
2149 375 2376 432 IIOMIL.
2418 377 2481 439 ll,

3516 377 3623 437 288

2039 490 2406 563 κληρονομίαν
2426 493 2678 566 πατέρων
2704 512 2806 567 μου
2831 495 3078 567 πωλῆσαί
3102 511 3204 548 σοι.
3249 495 3307 548 '0
3327 493 3384 547 δὲ
3417 494 3624 565 ’Λχαάϐ

2040 583 2306 652 ἐπεθύμει
2353 585 2453 657 μὲν
2499 583 2592 638 τοῦ
2631 585 2953 657 ἀμπελῶνος
2975 605 2990 618 ο
3022 587 3123 639 οὑκ
3155 585 3312 656 ἤθελε
3342 587 3399 640 δὲ
3431 585 3625 656 βιάσα-

2041 672 2166 728 σθαι
2197 675 2382 740 αὑτὸν,
2406 675 2483 739 ὡς
2506 678 2573 730 ἐκ
2599 676 2787 731 τούτου
2821 677 3061 733 κακώσει
3085 678 3247 732 αὑτὸν
3279 680 3618 750 περιπεσεῖν,

2039 765 2372 827 Είσελθοῦσα
2418 768 2476 824 δέ
2509 769 2646 841 πρὸς
2690 769 2854 824 αὐτὸν
2895 770 3165 836 Ἰεζάϐελ,
3203 769 3426 839 γύναιον
3469 770 3625 823 ἀναί-

2041 879 2264 935 σχυντον
2287 862 2381 916 καὶ
2402 863 2869 934 ἀπηγορευμένον,
2891 862 3197 933 ἀκάθαρτον
3219 863 3314 916 καὶ
3335 862 3630 932 ἐναγέστα-

2037 972 2152 1022 τον,
2186 955 2319 1027 φησί
2344 970 2359 985 °
2395 956 2462 1008 Τί
2488 955 2655 1027 λυπῇ,
2689 957 2784 1009 καὶ
2808 956 2908 1009 οὑκ
2933 955 3166 1021 ἐσθίεις;
3191 955 3420 1020 ἀνάστα,
3447 954 3588 1024 φάγε
3609 971 3624 990 ν

2039 1044 2153 1114 ἐγώ
2192 1062 2252 1098 σε
2299 1044 2439 1099 ποιῶ
2480 1045 2886 1118 κληρονομῆσαι
2920 1046 3010 1098 τὸν
3049 1045 3350 1116 ἀμπελῶνα
3381 1044 3629 1098 Ναϐουθὲ

2039 1135 2136 1190 τοῦ
2180 1136 2569 1216 Ἰεζραηλίτου.
2601 1138 2712 1190 Καὶ
2741 1137 2981 1190 λαϐοῦσα
3009 1136 3213 1209 γράφει
3251 1135 3536 1214 ἐπιστολὴν
3559 1138 3625 1195 ἐκ

2041 1227 2335 1302 προσώπου
2384 1229 2480 1283 τοῦ
2535 1229 2803 1300 βασιλέως
2836 1230 2972 1302 πρὸς
3004 1231 3132 1293 τοὺς
3176 1229 3587 1302 πρεσϐυτέρους
3609 1270 3624 1294 ,

2041 1322 2318 1393 λέγουσαο
2357 1321 2648 1398 Κηρύξατε
2692 1322 2969 1400 νηστείαν,
3010 1323 3105 1380 καὶ
3149 1323 3383 1395 στὴσατε
3429 1323 3628 1395 ἄνδρας

2042 1414 2256 1484 ψευδεῖς
2291 1414 2433 1471 κατά
2465 1413 2735 1481 Ναϐουθὲ,
2783 1414 2864 1468 ὅτι
2891 1413 3153 1484 εὐλόγησε
3182 1413 3316 1466 Θεὸν
3344 1413 3438 1468 καὶ
3472 1413 3628 1484 βασι-

2042 1507 2162 1572 λέα,
2196 1507 2494 1575 τουτέστιν,
2534 1507 2977 1579 ἐϐλασφήμησεν.
3024 1508 3089 1558 Ὢ
3119 1507 3342 1579 νηστεία
3375 1508 3629 1568 ἐπιτετα-

2048 1601 2218 1672 μένης
2278 1602 2380 1670 τῆς
2442 1600 2790 1672 παρανομίας
2845 1599 3250 1671 πεπληρωμένη
3282 1617 3298 1633 ⁸
3355 1598 3628 1670 ἐκήρυξαν

2044 1694 2319 1764 νηστείαν,
2350 1694 2439 1748 ἵνα
2467 1695 2628 1766 φόνον
2659 1693 2949 1764 ποιήσωσι.
2981 1692 3047 1745 Τί
3073 1688 3165 1750 οὖν
3191 1693 3448 1761 γέγονεν;
3495 1692 3633 1744 Ἐλι-

2045 1783 2218 1854 Θάσθη
2269 1783 2542 1848 Ναϐουθέ,
2573 1783 2670 1844 καὶ
2695 1782 2958 1844 ἀπέθανε.
2990 1781 3256 1836 Μαθοῦσα
3297 1782 3357 1836 δὲ
3398 1781 3635 1846 Ἰεζάϐελ

2044 1877 2192 1946 λέγει
2221 1877 2296 1948 τῷ
2325 1877 2530 1948 ’Λχαάϐ
2548 1891 2563 1908 ⁶
2597 1876 2854 1939 Ἀνάστα,
2888 1876 3390 1947 κληρονομήσωμεν
3416 1876 3508 1935 τὸν
3529 1875 3635 1945 ἀμφ

2046 1970 2283 2031 πελῶνα,
2311 1971 2393 2028 ὅτι
2425 1969 2662 2023 ἀπέθανε
2693 1968 2964 2023 Ναϐουθέ.
3004 1968 3062 2019 Ὀ
3095 1967 3152 2028 δέ
3183 1966 3448 2036 λυπηθεὶς
3497 1966 3635 2037 πρὸς

2045 2066 2106 2118 τὸ
2126 2066 2323 2136 παρὸν,
2356 2063 2575 2134 εἰσῆλθε
2600 2063 2808 2133 μέντοι,
2838 2062 2934 2114 καὶ
2961 2061 3373 2133 ἐκληρονόμησε
3409 2059 3496 2113 τὸν
3528 2060 3636 2129 άμψ

2045 2156 2284 2215 πελῶνα,
2321 2155 2536 2226 Πέμπει
2566 2154 2702 2225 πρὸς
2737 2151 2898 2208 αὑτὸν
2927 2155 2955 2216 6
2983 2152 3114 2217 Θεὸς
3152 2151 3340 2206 Ἠλίαν
3367 2150 3460 2203 τὸν
3497 2167 3636 2223 προ-

2047 2251 2225 2321 φήτην
2252 2267 2265 2280 ·
2294 2249 2556 2311 ’Λπελθε,
2585 2249 2773 2319 φησὶν,
2807 2247 2962 2301 εἰπὸν
2988 2246 3066 2318 τῷ
3103 2246 3328 2318 Ἀχαάϐ,
3376 2247 3528 2302 Ἀνθ’
3547 2241 3637 2300 ὧν

2045 2343 2388 2411 ἐφόνευσας
2412 2342 2510 2396 καὶ
2536 2342 3058 2411 ἐκληρονόμησας,
3093 2341 3280 2406 οὕτως
3305 2339 3637 2410 ἐκχυθήσεη

2049 2450 2142 2488 ται
2174 2434 2240 2486 τὸ
2276 2429 2419 2504 αᾷιιὶ
2450 2449 2590 2498 σου,
2625 2434 2724 2488 καὶ
2755 2436 2812 2488 οί
2845 2434 3032 2500 κύνες
3074 2433 3350 2497 λείξουσι
3384 2433 3453 2486 τὸ
3497 2429 3641 2502 αζιιά

2049 2542 2188 2592 σου,
2230 2525 2330 2579 καὶ
2361 2529 2421 2579 αἱ
2455 2527 2669 2594 πόρναι
2701 2526 3031 2582 λούσονται
3061 2523 3130 2577 ἑν
3161 2523 3241 2590 τῷ
3268 2524 3472 2593 αἵματί
3497 2541 3636 2590 σου,

2051 2619 2322 2689 Θεήλατος
2357 2621 2389 2690 ἡ
2425 2619 2586 2690 ὀργὴ,
2615 2619 3000 2690 ἀπηρτισμένη
3040 2620 3073 2690 ἡ
3106 2619 3404 2688 ἀπόφασις,
3432 2620 3643 2688 πεπλη-

2053 2709 2275 2779 ρωμένη
2306 2710 2337 2783 ἡ
2374 2709 2661 2778 καταδίκη.
2692 2709 2801 2762 Καὶ
2829 2709 2932 2780 ὅρα
2958 2709 3063 2763 ποῦ
3089 2709 3300 2779 πέμπει
3329 2708 3489 2762 αὑτόν
3514 2723 3529 2739 ·
3562 2709 3642 2774 είς

2051 2797 2142 2849 τὸν
2173 2797 2494 2868 ἀμπελῶνα.
2534 2798 2707 2851 Ὅπου
2739 2800 2773 2868 ἡ
2810 2797 3151 2869 παρανομία,
3203 2797 3321 2858 ἐκεῖ
3365 2797 3462 2849 καὶ
3493 2798 3527 2866 ἡ
3560 2814 3644 2850 τιο

2055 2887 2254 2958 μωρία.
2284 2887 2395 2939 Καὶ
2417 2886 2471 2938 τί
2494 2903 2692 2957 φησιν;
2732 2885 2877 2939 Ἰδὼν
2900 2886 3060 2938 αὑτὸν
3095 2885 3299 2956 Ἀχαάϐ
3327 2884 3496 2954 λέγει’
3525 2885 3643 2939 Εὕφ

2045 2972 2240 3043 ρηκάς
2255 2990 2333 3041 με
2357 2977 2389 3028 ό
2409 2973 2621 3043 ἐχθρός
2643 2992 2786 3043 μου,
2818 2974 2938 3026 ἀντὶ
2957 2973 3075 3038 τοῦ,
3119 2974 3405 3029 ’Υπαίτιόν
3429 2992 3496 3044 με
3521 2973 3644 3027 έλαγ

2054 3061 2147 3126 ϐες
2181 3063 2263 3116 ὅτι
2293 3062 2596 3133 ἡμάρτηκα
2619 3074 2635 3089 ⁸
2670 3061 2767 3116 νῦν
2801 3062 2991 3131 καιρὸν
3020 3061 3164 3131 ἔχεις
3189 3060 3496 3131 ἐπεμϐῆναί
3527 3079 3643 3130 μοι.

2056 3150 2332 3219 Εὕρηκάς
2354 3167 2432 3219 με
2457 3153 2488 3203 ό
2518 3150 2733 3217 ἐχθρός
2755 3166 2898 3218 μου.
2945 3147 3167 3219 Ἐπειδὴ
3196 3148 3429 3219 ἤλεγχεν
3478 3149 3567 3202 ἀεὶ
3613 3150 3645 3204 ὁ

2068 3240 2254 3301 Ἠλίας
2276 3238 2368 3292 τὸν
2400 3238 2625 3309 ’Λχαάϐ,
2649 3241 2677 3291 6
2704 3237 2911 3310 Ἀχαάϐ
2939 3237 3094 3302 είδὼς
3118 3237 3202 3291 δτι
3227 3238 3500 3309 ἥμαρτεν,
3534 3235 3648 3291 Ἀεὶ

2059 3330 2157 3398 μὲν
2174 3329 2404 3400 ἣλεγχές
2423 3345 2512 3400 με,
2537 3327 2700 3399 φησί·
2715 3327 2810 3382 νῦν
2830 3328 2886 3382 δὲ
2907 3327 3184 3408 εὐκαίρως
3204 3345 3294 3398 μοι
3312 3326 3614 3389 ἐπιϐαίνεις
3630 3343 3645 3362 ν

2056 3416 2171 3489 ᾔδει
2210 3416 2320 3489 γάρ
2350 3417 2431 3470 ὅτι
2472 3417 2788 3488 ἡμάρτηκε.
2833 3414 3326 3487 Παραναγινὼσκει
3363 3414 3512 3484 αὐτῷ
3549 3415 3648 3484 τὴν

2058 3506 2336 3574 ἀπόφασιν
2355 3521 2368 3536 ·
2394 3503 2539 3559 Τάδε
2552 3505 2717 3575 λέγει
2733 3505 2970 3572 Κύριος,
2995 3503 3180 3576 φησίν·
3217 3504 3373 3558 Ἀνθ’
3395 3497 3484 3555 ὧν
3511 3503 3653 3570 ἐφό-

2058 3610 2286 3660 νευσας
2296 3591 2395 3647 καί
2409 3593 2908 3668 ἐκληρονόμησας
2921 3590 3017 3645 καί
3031 3586 3174 3662 αἷμα
3185 3589 3404 3660 ἀνδρὸς
3416 3590 3650 3642 δικαίου

2059 3683 2327 3754 ἐξέχεας,
2365 3683 2553 3748 οὕτως
2581 3679 2982 3749 ἐκχυθήσεται
3016 3678 3082 3733 τὸ
3115 3677 3260 3749 αἷμά
3294 3693 3432 3743 σου,
3461 3676 3560 3731 καί
3597 3681 3649 3733 οἱ

2060 3774 2241 3838 κύνες
2257 3771 2574 3834 λείξουσιν
2592 3768 2745 3842 [29η
2762 3768 2930 3832 αὐτὸ,
2952 3767 3049 3831 καί
3073 3769 3132 3820 αἱ
3155 3767 3368 3834 πόρναι
3387 3767 3650 3820 νίούσον-

2062 3878 2155 3914 ται
2187 3860 2258 3913 ἐν
2284 3857 2363 3924 τῷ
2403 3859 2604 3927 αἵματι
2641 3873 2777 3911 σου.
2829 3854 3097 3918 ’Λκούσας
3130 3853 3308 3916 ταῦτα
3347 3852 3551 3923 Ἀχαάϐ
3580 3848 3650 3923 ἦν

2065 3946 2474 4020 σκυθρωπάζων
2504 3947 2598 3999 καὶ
2629 3944 2841 3998 πενθῶν
2874 3944 2967 4003 ἐπὶ
2997 3946 3065 4016 τῇ
3091 3942 3339 4013 ἁμαρτίᾳ
3363 3959 3376 3972 ⁸
3409 3941 3654 4009 συνέγνω

2062 4037 2162 4108 τὴν
2186 4036 2422 4098 ἀδικίαν,
2454 4035 2548 4088 καὶ
2579 4033 2736 4087 ἔλυσε
2761 4032 2860 4104 τὴν
2888 4030 3008 4093 κατ’
3038 4029 3210 4083 αὐτοῦ
3235 4028 3418 4098 ψῆφον
3444 4031 3472 4082 6
3497 4028 3653 4093 Θεός.

2076 4124 2238 4178 Ἀλλὰ
2258 4124 2476 4196 πρῶτον
2499 4121 2880 4192 ἀπελογήσατο
2912 4121 2940 4178 6
2966 4118 3100 4181 Θεὸς
3120 4117 3198 4189 τῷ
3239 4117 3419 4186 Ἠλία,
3454 4117 3542 4169 ἵνα
3575 4116 3652 4196 μὴ

2064 4215 2139 4278 ὼς
2188 4212 2432 4282 ψεύστης
2481 4212 2622 4280 φανῇ
2643 4208 2674 4249 Α
2711 4208 2807 4262 καὶ
2843 4206 2990 4278 πάθῃ
3025 4207 3163 4276 ὅπερ
3193 4203 3395 4257 ἔπαθεν
3425 4205 3614 4265 Ἰωνᾶς
3637 4217 3652 4232 ·

2065 4302 2307 4356 τοιοῦτον
2336 4301 2444 4371 γὰρ
2475 4297 2679 4366 ὑπέστη
2710 4296 2804 4349 καλ
2831 4297 2860 4349 6
2894 4294 3098 4356 Ἰωνᾶς.
3129 4291 3295 4360 Λέγει
3325 4291 3462 4361 πρὸς
3490 4292 3655 4344 αὑτὸν

2067 4393 2095 4444 6
2114 4389 2245 4452 Θεός
2269 4405 2284 4426 ρ
2321 4384 2579 4449 Ἀπελθε,
2614 4380 2851 4455 κήρυξον
2881 4382 2962 4444 είς
2986 4377 3177 4432 Νινευῒ
3207 4378 3306 4449 τὴν
3340 4377 3497 4430 πόλιν
3529 4379 3588 4429 ἐν

2069 4473 2381 4538 κατοικοῦσι
2405 4472 2614 4526 δώδεκα
2645 4469 2904 4542 μυριάδες
2936 4465 3240 4537 ἀνθρώπιον
3267 4465 3435 4536 χωρὶς
3472 4481 3660 4533 γυναι-

2069 4565 2182 4621 κῶν
2211 4565 2307 4618 καὶ
2335 4562 2565 4618 παιδίων
2582 4578 2598 4593 ·
2628 4562 2758 4614 Ἔτι
2783 4557 2942 4628 τρεῖς
2961 4555 3304 4628 ήμέραι,καὶ
3326 4555 3538 4610 Νινευῒ
3555 4573 3661 4610 κα-

2071 4653 2578 4724 ταστραφήσεται.
2619 4647 2680 4701 '0
2721 4647 2905 4710 Ἰωνᾶς
2942 4645 3044 4700 οὑκ
3087 4643 3349 4716 ἠϐούλετο
3379 4642 3658 4708 ἀπελθεῖν,

2072 4745 2229 4808 εἰδὼς
2255 4744 2352 4814 τὴν
2368 4740 2463 4795 τοῦ
2494 4737 2631 4793 Θεοῦ
2653 4736 2846 4806 φιλανθ
2857 4735 3063 4808 ρωπίαν
3084 4752 3098 4768 ο
3122 4733 3262 4790 ἀλλά
3285 4733 3340 4788 τί
3365 4734 3542 4799 ποιεῖς
3567 4733 3662 4798 Είς

2074 4835 2253 4905 φυγὴν
2275 4831 2535 4902 τρέπεται
2552 4842 2566 4857 ⁸
2595 4828 2742 4896 λέγει
2773 4825 2904 4898 γάρ,
2946 4824 3090 4894 Ἐγὼ
3117 4824 3431 4898 ἀπέρχομαι
3454 4822 3664 4894 κηρύσ-

2077 4935 2206 4976 σων·
2226 4920 2290 4984 σὺ
2308 4919 2689 4990 φιλάνθρωπος
2717 4916 2796 4969 ὢν
2825 4914 3126 4986 μεταμέλῃ,
3149 4912 3262 4981 ἐγὼ
3294 4912 3350 4964 δὲ
3368 4911 3444 4974 ὡς
3469 4911 3664 4980 ψευδο-

2077 5013 2364 5085 προφήτης
2377 5009 2729 5082 ἀναιροῦμαι.
2747 5005 2888 5059 Ἀλλ’
2905 5005 3055 5074 ὅμως
3068 5005 3103 5074 ἡ
3129 5003 3375 5058 θάλασσα
3389 5001 3554 5054 αὑτὸν
3568 5000 3634 5053 λα
3645 5027 3665 5040 ο

2078 5102 2248 5156 ϐοῦσα
2272 5102 2373 5155 οὐκ
2394 5097 2651 5171 ἔκρυψεν,
2673 5095 2789 5150 ἀλλ’
2810 5094 3060 5148 ἀπέδωκε
3083 5094 3150 5164 τῇ
3177 5094 3270 5162 γῇ,
3294 5091 3390 5144 καὶ
3409 5090 3663 5144 ἀπέσωσε

2080 5191 2243 5252 πάλιν
2277 5190 2357 5252 είς
2387 5185 2598 5250 Νινευῒ,
2631 5183 2883 5254 καθάπερ
2906 5181 3105 5253 ἀρίστη
3131 5179 3415 5240 σύνδουλος
3447 5175 3667 5229 σύνδουτ

2078 5279 2171 5332 λον
2193 5275 2545 5348 διατηροῦσα.
2571 5272 2799 5340 Κατέὄη
2825 5270 2956 5342 γάρ,
2985 5270 3170 5339 φησιν,
3207 5264 3413 5330 Ἰωνᾶς
3437 5264 3541 5318 τοῦ
3555 5281 3668 5332 φυ-

2082 5369 2229 5438 γεῖν,
2268 5365 2367 5420 καὶ
2409 5360 2547 5433 εὗρε
2579 5362 2798 5417 πλοῖον
2836 5358 3089 5424 βαδίζον
3125 5359 3212 5422 εὶς
3255 5353 3529 5422 Θαρσεῖς,
3567 5351 3665 5438 καί

2082 5437 2266 5510 ἔδωκε
2291 5455 2399 5506 τὸν
2424 5452 2656 5506 ναῦλον
2683 5446 2890 5509 αὐτοῦ,
2921 5447 3016 5499 καί
3041 5443 3224 5511 ἀνέϐη
3247 5445 3334 5508 εἰς
3358 5442 3525 5494 αὑτό.
3554 5437 3667 5498 Ποῦ

2086 5543 2307 5612 φεύγεις
2355 5541 2540 5606 Ἰωνᾶς
2590 5539 2669 5601 εἰς
2717 5535 2821 5606 γῆν
2856 5533 3025 5604 ἀλλην
3069 5530 3319 5602 ἀπέρχῃ;
3371 5526 3531 5581 Ἀλλά
3572 5525 3667 5585 τοῦ

2147 5673 2180 5744 (ξ
2200 5675 2296 5724 Alii
2322 5672 2466 5744 ςὶηίετ
2485 5686 2603 5738 quos
2620 5670 2800 5744 ςᾳυὶί.)
2823 5671 2944 5744 νεάτη
2966 5665 3114 5744 αὑτρῦ
3149 5667 3284 5744 δίκην
3302 5664 3486 5736 όΙΘεὸς.

2085 5740 2273 5858 πὲξτον
2313 5725 2590 5799 ἀνοιλὸγίσαι
2624 5738 2684 5792 τὰ
2720 5725 2805 5784 τοῦ
2839 5733 3023 5793 Ἠλίου,
3045 5732 3122 5785 ἵνα
3143 5730 3209 5798 μή
3255 5727 3463 5792 ψεύστης
3496 5731 3613 5794 φυγῇ
3639 5725 3670 5786 ὁ

2177 5816 2272 5858 ιρις.

2177 5816 2272 5864 διαί.
