4046 6396
371 333 476 391 989

369 443 594 514 Κυρίου
623 443 662 513 ἠ
699 441 774 513 τῆ
795 442 892 498 καί
925 441 989 496 τὸ
1021 443 1316 512 πλήρωμα
1339 442 1546 510 αὐτῆς.
1591 443 1730 496 Ἀλλ’
1757 446 1836 508 είς
1859 444 1958 516 τὴν

370 537 680 602 Θάλασσαν;
705 537 818 589 Οὐκ
841 530 990 597 οἶδας
1015 535 1098 587 ὅτι
1137 534 1336 588 Αὑτοῦ
1377 534 1549 587 ἐστιν
1584 535 1623 602 ἠ
1652 533 1958 597 θάλασσα,

368 629 467 683 καὶ
499 628 682 694 αὐτὸς
707 629 996 695 ἐποίησεν
1029 625 1224 692 αὐτήν
1247 643 1266 689 ;
1311 625 1450 678 Ἀλλ’
1474 627 1554 689 εἰς
1579 626 1670 678 τὸν
1692 627 1922 697 οὐρανόν
1945 645 1962 684 '.

369 720 483 772 Οὐκ
513 719 754 790 ἡκούσας
784 717 875 768 τοῦ
910 714 1072 769 Δαυῖδ
1101 714 1370 783 λέγοντος,
1401 713 1484 768 ὅτι
1528 715 1783 784 Ὄψομαι
1822 714 1955 778 τοὺς

368 812 688 880 οὐρανοὺς,
725 808 1010 880 ἐργατῶν
1052 808 1370 862 δακτύλων
1413 823 1530 861 σου
1544 823 1563 870 ;
1617 806 1758 859 Ἀλλ’
1810 806 1957 875 ὅμως

369 907 575 967 ἐκεῖνος
620 903 768 974 φόϐῳ
811 901 1175 973 κατεχόμενος
1218 899 1386 969 ἔφυγε
1440 898 1520 968 τῷ
1567 898 1744 952 δοκεῖν
1773 914 1788 929 ·
1829 896 1960 949 Θεὸν

369 995 478 1066 γὰρ
500 995 714 1064 ἀληθῶς
733 997 924 1063 φυγεῖν
946 993 1226 1047 ἀδύνατον.
1254 993 1444 1063 Ὅμως
1469 992 1556 1044 ὅτε
1583 988 1962 1059 ἀποκατέστη-

373 1104 464 1140 σεν
495 1086 656 1140 αὑτὸν
687 1089 718 1158 ή
755 1086 1020 1150 θάλασσα,
1054 1087 1146 1139 καλ⁵
1175 1081 1339 1158 ἦλθεν
1373 1087 1453 1147 εἰς
1480 1081 1690 1146 Νινευῒ,
1725 1080 1961 1153 ἐκήρυξε

371 1178 544 1249 λέγων
561 1180 665 1244 ὅτι,
689 1180 811 1233 Ἔτι
837 1178 992 1246 τρεῖς
1015 1179 1246 1248 ἡμέραι,
1274 1177 1371 1232 καὶ
1396 1175 1602 1232 Νινευῖ
1626 1189 1960 1242 καταστρα-

373 1271 652 1340 primum.
692 1270 807 1324 Ἷνα
834 1270 890 1323 δὲ
917 1270 1095 1341 μάθῃς
1121 1271 1203 1322 ὅτι
1223 1271 1380 1322 τοῦτο
1403 1268 1542 1339 ἔχων
1566 1269 1623 1322 ὲν
1646 1267 1854 1338 διανοίᾳ
1882 1268 1963 1331 είς

375 1361 552 1434 φυγὴν
595 1361 792 1416 ἔδωκεν
832 1361 1052 1422 ἑαυτὸν,
1105 1361 1185 1414 ὅτι
1230 1361 1258 1412 6
1297 1359 1428 1423 Θεὸς
1469 1357 1851 1429 φιλάνθρωπος
1887 1353 1962 1408 ὢν

378 1458 629 1526 μετανοεῖ
661 1455 754 1508 ἐπὶ
788 1457 852 1526 τῇ
892 1455 1060 1526 κακίᾳ
1183 1453 1414 1522 ὲλάλησε
1457 1452 1587 1522 περὶ
1624 1451 1822 1514 αὐτῶν,
1874 1451 1964 1503 καὶ

375 1545 599 1617 ἔμελλεν
629 1547 792 1611 αὐτὸς
819 1546 894 1610 ὡς
924 1545 1375 1616 ψευδοπροφήτης
1401 1540 1560 1606 εἶναι,
1593 1541 1756 1606 αὐτὸς
1785 1540 1964 1611 ἐαυτῷ

373 1639 613 1692 δείκνυσι
631 1650 678 1692 ι.
699 1637 856 1692 Μετά
871 1638 976 1708 γάρ
997 1637 1056 1690 16
1078 1636 1311 1708 κηρῦξαι
1337 1638 1394 1687 ἐν
1417 1637 1480 1706 τῇ
1509 1635 1554 1686 Ν
1562 1632 1718 1699 ινευῒ,
1742 1632 1966 1703 ἐξῆλθεν

374 1730 480 1795 ἔξω
508 1729 610 1800 τῆς
639 1729 868 1794 πόλεως,
899 1730 992 1783 καὶ
1019 1730 1316 1801 παρετήρει
1342 1727 1395 1780 τί
1419 1727 1485 1781 ἂν
1511 1727 1736 1797 γένηται
1753 1741 1767 1755 ·
1795 1725 1884 1777 ὅτε
1908 1723 1966 1776 δὲ

373 1819 482 1876 εἶδε
525 1824 675 1892 τρεῖς
717 1821 934 1893 ἡμέρας
972 1820 1371 1892 παρελθούσας,
1404 1818 1500 1872 καὶ⁵
1533 1816 1768 1888 οὐδαμοῦ
1813 1815 1966 1868 οὐδὲν

373 1915 483 1970 τῶν
509 1915 889 1986 ὴπειλημένων
923 1915 1229 1984 γινόμενον,
1269 1912 1390 1965 τότε
1429 1911 1521 1964 τὸν
1554 1909 1771 1982 πρῶτον
1800 1905 1966 1960 αὑτοῦ

375 2007 634 2078 λογισμὸν
664 2010 823 2070 κινεῖ,
856 2006 951 2060 καὶ
980 2005 1157 2074 λέγει·
1189 2007 1312 2074 Οὐχ
1339 2000 1508 2060 οὗτοί
1535 2004 1696 2056 εἰσιν
1719 2002 1773 2054 οἱ
1795 2002 1968 2068 λόγοι

372 2116 489 2167 μου
527 2099 634 2166 οὓς
665 2098 902 2168 ἔλεγον,
929 2098 1020 2152 ὅτι
1049 2101 1082 2152 ό
1113 2097 1250 2160 Θεὸς
1271 2094 1544 2164 ἐλεήμων
1570 2093 1701 2148 ἐστί
1727 2092 1826 2146 καὶ
1851 2108 1966 2161 μα-

376 2191 673 2260 κρόθυμος
716 2191 815 2245 καὶ
851 2189 1166 2260 μετανοῶν
1203 2189 1300 2242 ἐπὶ
1341 2188 1579 2252 κακίαις
1604 2183 1970 2254 ἀνθρώπωνὶ

380 2281 475 2335 Ἰν⁹
507 2277 600 2334 οῦν
630 2283 704 2352 μή
728 2298 781 2333 τι
807 2281 1049 2334 τοιοῦτον
1079 2281 1227 2350 πάθῃ
1263 2280 1470 2342 Ἠλίας,
1503 2274 1614 2332 οἷον
1636 2279 1730 2330 καὶ
1762 2277 1967 2340 Ἰωνᾶς,

376 2372 525 2443 λέγει
558 2377 587 2428 6
625 2375 756 2438 Θεὸς
790 2376 888 2446 τὴν
919 2374 1118 2438 αἰτίαν,
1159 2374 1225 2426 δι’
1265 2374 1331 2443 ἣν
1360 2371 1436 2442 τῷ
1485 2369 1690 2441 Ἀχαάε
1732 2367 1969 2438 συνεχώ-

381 2485 534 2541 ρησε.
573 2467 688 2520 Καὶ
711 2468 760 2521 τί
791 2483 952 2538 φησιν
991 2470 1020 2521 6
1059 2467 1192 2530 Θεὸς
1237 2466 1372 2538 πρὸς
1405 2465 1495 2518 τὸν
1544 2460 1972 2531 ἮλίανςΕἷὸες

379 2560 505 2626 πῶς
533 2561 826 2628 ἐπορεύθη
875 2560 1088 2629 Ἀχαὰϐ
1126 2557 1364 2612 πενθῶν
1393 2558 1491 2610 καὶ
1533 2553 1972 2624 σκυθρωπάζων

378 2653 634 2708 ἐνώπιόν
649 2671 802 2722 μου;
837 2654 918 2706 UO
943 2652 1028 2721 μὴ
1055 2652 1288 2717 ποιήσω
1310 2649 1460 2702 κατὰ
1487 2647 1601 2716 τὴν
1625 2648 1842 2701 κακίαν
1861 2648 1970 2699 αὺ-

380 2745 507 2800 τοῦ.
542 2744 734 2807 Βαϐαῖ,
765 2744 1031 2814 δεσπότης
1063 2741 1250 2796 δούλου
1289 2744 1582 2814 συνήγορος
1611 2740 1845 2810 γίνεται,
1879 2742 1974 2795 καὶ

380 2838 734 2906 ἀπολογεῖται
760 2836 893 2900 Θεὸς
921 2835 1197 2907 ἀνθρώπῳ
1231 2836 1370 2907 ὑπὲρ
1398 2833 1688 2905 ἀνθρώπου
1714 2852 1727 2865 ·
1757 2836 1849 2906 Μή
1882 2834 1970 2887 νό-

383 2929 532 3002 μιζε,
565 2931 750 3002 φησὶν,
783 2929 865 2983 ὃτι
888 2927 1074 2992 ἁπλῶς
1096 2926 1450 2998 συνεχώρησα
1479 2925 1631 2997 αὑτῷ
1657 2943 1670 2956 ·
1706 2925 1972 2998 μετερρύ-

382 3026 542 3094 θμισε
580 3023 672 3076 τὸν
700 3021 920 3092 τρόπον,
958 3020 1052 3073 καὶ
1087 3019 1383 3090 μετέϐαλον
1414 3017 1512 3089 τὴν
1542 3019 1712 3090 ὀργήν
1747 3034 1850 3088 μου
1879 3017 1974 3070 καὶ

381 3115 641 3170 ἀνέλυσα.
665 3115 773 3168 Καὶ
797 3114 883 3167 ἵνα
908 3113 985 3184 μὴ
1009 3111 1274 3183 νομισθῇς
1299 3111 1362 3164 σὺ
1387 3110 1462 3174 ὼς
1482 3109 1934 3180 ψευδοπροφήτης
1955 3124 1968 3137 ·

385 3209 451 3261 σὺ
488 3207 596 3278 γὰρ
627 3206 842 3277 ἀληθῶς
873 3201 1034 3269 εἶπας
1060 3223 1074 3238 ο
1104 3207 1154 3260 εί
1197 3205 1272 3276 μὴ
1306 3203 1568 3274 μετέϐαλε
1603 3201 1695 3255 τὸν
1729 3201 1932 3272 τρόπον
1957 3242 1971 3267 ,

385 3301 673 3371 ὑπομεῖναι
709 3296 823 3371 εἶχε
861 3299 930 3353 16
972 3299 1072 3370 τῆς
1116 3298 1443 3368 ἀποφάσεως
1469 3313 1482 3326 °
1512 3294 1628 3350 ἀλλ’
1675 3289 1828 3359 οὗτος
1877 3295 1975 3364 μὲν

389 3394 651 3466 μετέόαλε
685 3393 776 3447 τὸν
807 3394 1028 3466 τρόπον,
1060 3390 1216 3460 κάγὼ
1249 3390 1482 3444 ἀνέλυσα
1514 3389 1613 3462 τὴν
1647 3388 1818 3459 όργήν
1848 3405 1972 3457 μου.

387 3487 495 3540 Καί
522 3504 684 3557 φησιν
905 3487 932 3538 ὁ
961 3484 1094 3546 Θεὸς
1120 3483 1256 3553 πρὸς
1283 3483 1373 3536 τὸν
1409 3480 1615 3534 Ἠλίανο
1645 3477 1819 3545 Εἶδες
1849 3477 1978 3544 πῶς

386 3580 679 3646 ἐπορεύθη
724 3578 938 3646 Ἀχιιὰϐ
976 3573 1209 3627 πενθῶν
1255 3575 1351 3626 καὶ
1385 3569 1860 3640 σκυθρωπάζωνς
1893 3573 1977 3624 Οὐ

383 3670 468 3740 μὴ
493 3672 726 3738 ποιήσω
748 3669 896 3721 κατὰ
918 3671 1033 3734 τὴν
1045 3665 1388 3736 ἐργήνμου.
1412 3661 1565 3728 Εἶδες
1580 3664 1661 3718 ότι
1685 3664 1746 3716 τὸ
1777 3663 1976 3734 πενθῆ-

391 3783 482 3819 σαι
515 3764 783 3833 ἐξαλείφει
813 3761 1116 3833 ἁμαρτίαςς

460 3857 522 3910 δ’.
569 3857 749 3927 Ἔχεις
776 3855 830 3907 δὲ
860 3854 954 3906 καὶ
978 3852 1167 3923 τρίτην
1195 3850 1313 3902 ὁδὸν
1345 3850 1655 3920 μετανοίας.
1691 3849 1900 3911 Πολλὰς
1923 3847 1978 3900 δὲ

390 3952 542 4015 ὁδους
584 3949 874 4017 μετανοίας
901 3943 1076 4009 εἷπον,
1106 3947 1192 3998 ἵνα
1218 3946 1282 4015 τῇ
1319 3943 1562 4012 ποικιλίᾳ
1597 3943 1704 3994 τών
1735 3941 1869 3995 ὁδῶν
1898 3940 1981 3993 εῦο

393 4044 549 4098 κολόν
583 4059 665 4095 σοι
706 4042 802 4112 τὴν
839 4037 1116 4109 σωτηρίαν
1140 4035 1486 4104 ὲργάσωμαι.
1521 4033 1658 4085 Ποία
1692 4032 1746 4084 δὲ
1771 4031 1910 4103 αῦτη
1946 4033 1979 4101 ἠ

392 4138 554 4212 τρίτη
591 4136 740 4203 ὁδός;
788 4133 853 4188 ’Π
899 4125 1408 4200 ταπεινοφροσύνη’
1458 4123 1980 4194 ταπεινοφρόνησον,

393 4232 490 4286 καὶ
527 4230 724 4290 ἔλυσας
753 4227 851 4290 τάς
886 4222 1075 4296 σειρὰς
1098 4221 1207 4274 τῶν
1243 4219 1548 4291 ἁμαρτιῶν.
1584 4215 1687 4270 Καὶ
1715 4217 1859 4286 ἔχεις
1890 4216 1984 4269 καὶ

393 4323 600 4392 ταύτης
653 4316 931 4383 ἀπόδειξιν
979 4314 1087 4368 ἀπὸ
1118 4314 1216 4386 τῆς
1267 4312 1418 4374 θείας
1454 4311 1698 4381 Γραφῆς,
1735 4307 1843 4362 ἀπὸ
1884 4308 1985 4377 τῆς

395 4412 758 4482 ἀναγνώσεως
777 4409 875 4479 τῆς
902 4404 1043 4460 κατ-ἀ
1067 4405 1157 4458 τὸν
1177 4403 1416 4476 τελώνην
1440 4402 1535 4456 καὶ
1556 4401 1646 4454 τὸν
1669 4403 1983 4472 Φαρισαῖον.

411 4505 688 4578 Ἀνῆλθον,
721 4504 906 4574 φησὶν,
940 4505 968 4557 6
1002 4501 1296 4572 Φαρισαῖος
1339 4496 1432 4549 καὶ
1471 4497 1500 4549 6
1534 4493 1773 4566 τελώνης
1813 4495 1892 4558 εἰς
1926 4493 1986 4546 16

401 4599 549 4672 ἱερὸν
579 4595 1012 4670 προσεύξασθαι,
1035 4593 1130 4647 καὶ
1153 4591 1358 4663 ἤρξατο
1376 4591 1404 4642 6
1432 4591 1724 4661 Φαρισαῖος
1740 4588 1839 4650 τὰς
1860 4589 1989 4659 ἀρε-

397 4692 499 4755 τάς
515 4689 680 4745 αὑτοῦ
695 4685 1270 4761 ἀπαριθμεῖσθαι.οὑκ
1287 4684 1403 4754 εἰμὶ
1421 4681 1600 4751 κάγὼ,
1617 4681 1801 4752 φησὶν,
1819 4681 1990 4752 ἀμαρ-

399 4783 570 4845 τωλὸς
597 4781 673 4846 ώς
721 4782 830 4844 πᾶς
859 4782 888 4833 6
928 4779 1159 4849 κόσμος,
1193 4775 1318 4830 οὔτε
1365 4776 1441 4839 ὼς
1486 4777 1514 4830 6
1540 4774 1782 4846 τελώνης
1811 4768 1985 4837 οὗτος.

415 4874 604 4929 ’Δθλία
630 4873 725 4928 καὶ
760 4871 1079 4943 ταλαίπωρε
1105 4869 1254 4941 ψυχὴ
1282 4871 1332 4934 b,
1367 4869 1498 4940 ὃλην
1523 4867 1622 4940 τὴν
1663 4865 1991 4936 οἰκουμένην

403 4966 791 5028 κατεδίκασας,
812 4964 901 5019 διὰ
927 4963 978 5017 τί
1012 4963 1108 5018 καὶ
1137 4963 1231 5016 τὸν
1259 4960 1428 5031 ἐγγύς
1466 4977 1560 5014 σου
1597 4957 1854 5028 ἔθλιψας;
1890 4957 1992 5010 οὐκ

403 5057 611 5131 ἡρκεσέ
643 5074 726 5110 σοι
750 5059 784 5128 ἡ
818 5054 1135 5126 οἰκουμένη,
1173 5055 1223 5106 εἰ
1252 5053 1328 5125 μὴ
1361 5051 1567 5106 καὶτὸν
1594 5049 1834 5120 τελώνην
1862 5066 1994 5102 κατ-

405 5155 664 5226 έκρινας;
716 5151 930 5214 πάντας
980 5149 1234 5204 ἐντεῦθεν
1279 5146 1557 5211 διέϐαλες,
1594 5145 1691 5199 καὶ
1734 5143 1856 5196 οὐδὲ
1897 5141 1992 5196 τοῦ

407 5246 526 5308 ἑνὸς
551 5244 747 5315 ἀνδρὸς
778 5242 1004 5311 ἐφείσω.
1040 5241 1154 5294 Οὐκ
1178 5239 1296 5310 εἰμὶ
1325 5236 1435 5306 ἐγὼ
1460 5237 1535 5300 ὡς
1568 5237 1678 5297 πᾶς
1711 5235 1740 5287 6
1767 5236 1994 5306 κόσμος,

407 5337 530 5392 οὐδὲ
571 5336 646 5399 ὡς
682 5337 712 5389 ὁ
753 5333 994 5404 τελώνης
1027 5327 1182 5394 οὗτος
1207 5349 1220 5362 ·
1261 5330 1517 5401 δεύτερον
1558 5329 1659 5398 τῆς
1701 5325 1996 5397 ἑϐδομάδος

408 5429 678 5502 νηστεύω.
708 5425 1030 5483 ἀποδεκατῶ
1045 5425 1114 5479 τὰ
1139 5425 1458 5496 ὑπάρχοντά
1478 5439 1580 5495 μου
1603 5424 1715 5484 τοῖς
1739 5422 1993 5492 πτωχοῖς.

419 5521 767 5586 Ἀλαζονείας
819 5522 1042 5592 ῥήματα
1089 5519 1413 5590 ἐφθέγξατο.
1464 5516 1654 5570 Ἀθλιε
1715 5515 1992 5586 ἄνθρωπε,

477 5697 503 5725 ⁸
529 5701 624 5750 Alii
645 5700 787 5755 αὐτὸς
809 5701 974 5748 ἑαυτὸν
998 5698 1220 5745 δείκνυσι.

478 5761 508 5802 δ
530 5761 667 5811 Unus
686 5753 801 5810 nnsé.
826 5762 973 5816 ἄθλιε,
1010 5760 1092 5808 καί
1119 5760 1349 5821 ἀκόρεστι
1381 5763 1438 5820 τῇ
1463 5759 1611 5822 ψυχῇ.
1635 5754 1746 5806 Duo
1766 5755 1850 5804 alii
1873 5753 2002 5804 ἄθλια

415 5828 496 5874 καὶ
514 5825 777 5886 ἀχόρταστε
799 5828 855 5885 τῇ
885 5825 1012 5884 ψυχῇ

1069 331 1126 386 S.
1168 330 1454 388 JOANNIS
1498 329 1989 387 CHRYSOSTOMI
2039 331 2356 388 ARCHIEI’.
2400 330 2940 390 CONSTANTINOP.

3537 329 3646 386 290

2069 445 2232 512 ἔστω,
2263 446 2362 516 τήν
2393 445 2721 518 οἰκουμένην
2743 443 3126 508 κατεδίκασας,
3159 441 3211 494 τί
3241 441 3332 494 καὶ
3359 442 3449 494 τὸν
3477 443 3646 512 ἐγγύς

2067 556 2162 592 σου
2188 537 2426 610 τελώνην
2459 537 2804 610 ὲπέπληξας;
2831 538 2931 590 οὐκ
2958 535 3296 606 ὲνεπλήσθης
3315 538 3380 607 τῇ
3411 552 3648 606 κατηγο-

2070 632 2162 704 ρίᾳ
2196 631 2296 702 τῆς
2322 631 2676 703 οἰκουμένης,
2706 632 2755 684 εἰ
2792 630 2866 702 μὴ
2898 629 3106 683 καὶτὸν
3148 628 3245 680 σῦν
3280 628 3361 680 σοὶ
3392 628 3650 698 κατέκρι-

2068 741 2162 786 νας
2189 741 2203 787 ;
2230 723 2295 776 Τί
2325 719 2419 777 οῦν
2452 723 2481 774 6
2521 721 2794 792 τελώνης;
2838 720 3104 782 Ἀκούσας
3143 718 3316 772 ταῦτα
3343 718 3443 770 οὐκ
3481 714 3600 771 εἷπε
3627 735 3644 748 ·

2068 816 2142 867 Σὺ
2171 814 2280 886 γάρ
2311 814 2396 878 τίς
2423 809 2474 867 εἴ
2510 816 2538 866 6
2563 812 2791 867 τοιαῦτά
2821 829 2912 882 μοι
2950 811 3155 879 λέγων;
3191 808 3355 862 πόθεν
3385 805 3529 871 οἶδας
3555 807 3648 860 τὸν

2069 904 2183 975 βίον
2215 921 2316 975 μου
2339 921 2354 969 ;
2377 903 2436 956 οὐ
2475 902 2923 974 συνανεστράφης
2957 917 3047 970 μοι
3073 917 3087 930 ο
3117 899 3176 952 οῦ
3213 897 3554 968 συνέμεινας,
3583 896 3647 948 οὐ

2071 996 2489 1067 συνεχρόνισας·
2543 994 2630 1047 διὰ
2680 994 2732 1046 τί
2776 992 3030 1046 τοσοῦτον
3080 989 3508 1061 ὑπερηφανεύῃ;
3564 987 3649 1040 σοὶ

2067 1090 2176 1163 γάρ
2202 1089 2287 1151 τίς
2321 1088 2591 1159 μαρτυρεῖ
2618 1086 3015 1156 άγαθοεργίας;
3043 1084 3096 1137 τί
3121 1083 3342 1135 σεαυτὸν
3368 1081 3647 1147 ὲπαινεῖςς

2067 1183 2119 1236 τί
2156 1180 2368 1251 σεαυτῷ
2401 1178 2633 1254 χαρίζῃ;
2679 1177 2816 1231 Ἀλλ’
2860 1177 3010 1230 οῦδὲν
3043 1175 3250 1228 τούτων
3296 1169 3449 1227 εἶπεν
3495 1173 3520 1224 6
3563 1188 3654 1224 τε-

2066 1277 2263 1347 λώνης,
2292 1275 2426 1329 ἀλλά
2455 1274 2632 1343 κύψας
2656 1269 3030 1344 προσεκύνησε
3058 1269 3152 1322 καὶ
3179 1263 3328 1322 εἶπεν
3347 1286 3361 1301 ·
3392 1267 3454 1318 '0
3483 1265 3650 1332 Θεὸς,

2067 1370 2349 1438 ἱλάσθητί
2372 1387 2472 1439 μοι
2503 1367 2583 1433 τῷ
2629 1363 2985 1434 ἁμαρτωλῷ·
3015 1364 3109 1415 καὶ
3147 1360 3652 1430 ταιπεινοφρονήσας

2063 1467 2093 1518 6
2129 1463 2368 1532 τελώνης
2397 1461 2614 1530 ἐγένετο
2643 1459 2870 1520 δίκαιος.
2890 1457 2947 1508 Ὀ
2977 1456 3032 1508 δὲ
3065 1455 3356 1525 Φαρισαῖος
3388 1449 3653 1521 κατῆλθεν

2067 1559 2132 1610 ἐκ
2160 1556 2254 1609 τοῦ
2300 1553 2445 1624 ἱεροῦ
2494 1551 2841 1621 δικαιοσύνην
2874 1547 3168 1611 ἀπολέσας,
3211 1545 3306 1598 καὶ
3350 1545 3378 1596 6
3413 1541 3651 1611 τελώνης

2068 1646 2305 1717 κατῆλθε
2336 1645 2682 1714 δικαιοσύνην
2721 1642 3082 1712 κτησάμενος⁸
3125 1637 3220 1690 καὶ
3260 1637 3478 1707 ῥήματα
3508 1634 3654 1705 πρά-

2069 1756 2253 1810 γματα
2288 1737 2568 1809 ἐνίκησαν.
2613 1736 2671 1787 '0
2701 1734 2798 1797 μὲν
2829 1733 2937 1802 γάρ
2965 1729 3147 1800 ἔργοις
3173 1725 3520 1794 δικαιοσύνην
3547 1726 3654 1775 ἁπ-

2069 1831 2292 1892 ώλεσεν,
2331 1831 2359 1884 6
2383 1830 2440 1884 δὲ
2471 1829 2614 1900 λόγῳ
2634 1819 3127 1894 ταπεινοφροσύνης
3148 1818 3651 1893 δικαιοσύνηνέκτή-

2069 1928 2219 1968 σατο.
2259 1912 2451 1968 Καίτοι
2520 1932 2586 1985 γε
2651 1918 2774 1972 οὐδὲ
2816 1907 3293 1981 ταπεινοφροσύνῃ
3328 1901 3396 1978 ἦν
3433 1905 3609 1957 ἐκεῖνο
3636 1916 3651 1931 ·

2070 2012 2535 2085 ταπεινοφροσύνη
2569 2009 2680 2082 γὰρ
2705 2006 2864 2061 τοῦτό
2890 2009 3058 2066 ἐστιν,
3087 2005 3216 2058 ὅταν
3254 2016 3334 2062 τις
3371 1997 3543 2068 μέγας
3579 1992 3660 2046 ὢν

2073 2109 2265 2165 ἑαυτὸν
2291 2107 2568 2162 ταπεινοῖ·
2601 2100 2758 2156 τοῦτο
2787 2099 2843 2154 δὲ
2867 2097 2960 2152 τοῦ
2984 2094 3214 2150 τελώνου
3242 2094 3343 2148 οὐκ
3371 2087 3437 2163 ἧν
3469 2103 3661 2142 ταπειο

2071 2198 2398 2270 νοφροσύνη,
2439 2195 2553 2249 ἀλλ’
2609 2190 2877 2262 ἀλήθεια·
2912 2186 3144 2259 ἀληθινὰ
3191 2184 3298 2257 γὰρ
3346 2179 3411 2254 ἦν
3459 2179 3525 2233 τὰ
3566 2179 3661 2248 ρή-

2075 2310 2221 2364 ματα
2243 2309 2255 2322 ·
2287 2286 2609 2362 ἁμαρτωλὸς
2641 2285 2749 2355 γάρ
2781 2279 2870 2354 ἦν.

2135 2391 2198 2438 ε’.
2239 2381 2304 2435 Τί
2331 2381 2440 2452 γάρ
2463 2377 2694 2432 τελώνου
2714 2378 2915 2446 χεῖρον,
2934 2371 3056 2424 εἰπέ
3089 2387 3177 2441 μοι
3200 2367 3342 2434 ςτῶν
3358 2361 3663 2435 ἀλλοτρίων

2075 2474 2372 2547 συμφορῶν
2401 2476 2518 2526 ἐστι
2543 2467 2996 2542 πραγματευτὴς,
3027 2465 3133 2517 τῶν
3156 2461 3454 2533 ἀλλοτρίων
3481 2457 3664 2511 πόνων

2075 2571 2484 2641 συμμεριστής·
2534 2565 2630 2619 καὶ
2659 2564 2750 2617 τὸν
2794 2563 2890 2633 μὲν
2926 2562 3172 2631 κάματον
3209 2559 3308 2610 οὐκ
3349 2552 3662 2610 ἐπιόλέπει,

2073 2664 2136 2717 τὸ
2167 2663 2223 2715 δὲ
2271 2660 2460 2731 κέρδος
2503 2656 2902 2728 συμμερίζεται
2928 2672 2940 2685 ·
2972 2653 3112 2706 ὥστε
3156 2651 3360 2720 ἐσχάτη
3412 2646 3667 2716 ἁμαρτία⁵

2073 2755 2168 2810 τοῦ
2196 2753 2449 2808 τελώνου.
2479 2751 2644 2806 Οὐδὲν
2676 2749 2786 2820 γὰρ
2820 2747 2949 2802 ἀλλο
2975 2747 3092 2798 ἐστὶ
3119 2741 3416 2814 τελώνηςῆ
3448 2740 3667 2809 πεπαρ-

2075 2852 2143 2921 ρη
2153 2848 2416 2918 σιασμένη
2437 2845 2547 2916 βία,
2573 2843 2797 2913 ἔννομος
2821 2840 3090 2912 ἁμαρτία,
3109 2837 3461 2908 εὐπρόσωπος
3482 2831 3665 2884 πλεον-

2075 2942 2212 3010 εξία.
2251 2941 2318 2994 Τί
2351 2940 2460 3012 γὰρ
2513 2940 2692 3009 χεῖρον
2737 2933 2968 2988 τελώνου
2994 2932 3087 2986 τοῦ
3118 2927 3482 2998 καθεζομένου
3521 2923 3670 2976 κατά

2073 3040 2175 3108 τὴν
2203 3036 2340 3101 ὁδὸν,
2387 3034 2480 3087 καὶ
2521 3030 2819 3103 ἀλλοτρίων
2852 3028 3032 3081 πόνων
3065 3026 3191 3089 τοὺς
3237 3022 3484 3094 καρποὺς
3529 3035 3666 3087 τρυ-

2076 3129 2303 3197 γώντος,
2337 3126 2429 3178 καὶ
2451 3125 2540 3177 ὅτε
2571 3123 2668 3193 μὲν
2694 3123 2743 3173 οί
2767 3119 3004 3190 κάματοι
3024 3157 3039 3181 ,
3063 3115 3290 3186 οὐδεμία
3314 3109 3463 3181 αὐτῷ
3499 3125 3668 3180 φρον-

2077 3222 2182 3284 τὶς,
2215 3221 2304 3273 ὅτε
2338 3218 2395 3271 δὲ
2433 3217 2496 3269 τὸ
2519 3214 2729 3286 κέρδος,
2761 3211 2821 3278 ἐξ
2856 3203 2931 3264 ὧν
2951 3209 3052 3262 οὐκ
3093 3207 3293 3277 ἔκαμε,
3331 3204 3428 3274 τὴν
3466 3199 3666 3272 μερίδα

2079 3311 2380 3382 λαμὸάνει;
2414 3307 2575 3358 Ὥστε
2610 3307 2656 3357 εἰ
2691 3301 3015 3374 ἁμαρτωλὸς
3053 3297 3206 3371 [293]
3246 3296 3322 3349 ὢν
3365 3297 3392 3346 6
3425 3291 3668 3362 τελώνης

2079 3403 2346 3471 τοσαύτης
2363 3399 2595 3468 ἐπέτυχε
2609 3397 2708 3467 τῆς
2732 3395 2940 3466 δωρεᾶς
2966 3388 3488 3460 ταπεινοφρονήσας.
3515 3384 3670 3452 πόσῳ

2086 3499 2282 3570 μᾶλλον
2308 3499 2335 3548 ό
2359 3494 2614 3572 ἐνάρετος
2636 3488 2712 3542 ὦν
2737 3489 2830 3541 καὶ
2855 3483 3298 3554 ταπεινοφρονών
3323 3498 3338 3545 ;
3372 3480 3533 3532 Ὥστε
3564 3475 3664 3530 ὲάν

2081 3589 2430 3662 ὁμολογήσῃς
2474 3570 2891 3652 τάς-ἁμαρτίας
2946 3595 3039 3631 σου
3101 3576 3197 3630 καὶ
3246 3570 3675 3641 ταπεινοφρονή-

2085 3700 2205 3754 σῃς,
2231 3681 2439 3740 δίκαιος
2465 3676 2612 3746 γίνῃ.
2641 3674 2830 3736 Θέλεις
2857 3673 2912 3725 δὲ
2948 3671 3141 3742 μαθεῖν
3168 3665 3547 3735 ταπεινόφρων
3583 3662 3674 3724 τίς

2082 3774 2236 3830 ὲστι;
2271 3766 2434 3838 βλέπε
2457 3763 2665 3816 Παῦλον
2693 3761 2784 3814 τὸν
2811 3761 2979 3822 ὅντως
3009 3756 3432 3825 ταπεινόφρονα,
3460 3748 3675 3802 Παῦλον

2082 3860 2172 3913 τὸν
2196 3852 2515 3909 διδάσκαλον
2535 3851 2636 3920 τῆς
2659 3848 2984 3918 οἰκουμένης
3000 3886 3014 3908 ,
3045 3845 3137 3897 τὸν
3161 3844 3366 3913 ῥήτορα
3392 3839 3481 3892 τὸν
3512 3854 3675 3890 πνευ-

2089 3944 2336 4019 ματικὸν,
2359 3941 2420 3994 τὸ
2447 3937 2640 4001 σκεῦος
2667 3939 2766 4007 τῆς
2797 3934 3047 4003 ἐκλογῆς,
3075 3932 3168 3984 τὸν
3194 3930 3388 4000 λιμένα
3413 3927 3502 3979 τὸν
3533 3923 3671 3978 ἀκύο

2090 4052 2312 4107 μαντον,
2346 4031 2438 4084 τὸν
2481 4029 2690 4100 πύργον
2737 4027 2827 4079 τὸν
2870 4025 3187 4085 ἀσάλευτον,
3242 4021 3333 4074 τὸν
3369 4020 3426 4071 ὲν
3459 4016 3674 4086 σώματι

2090 4105 2281 4196 βραχεῖ
2334 4123 2434 4191 τὴν
2477 4117 2807 4187 οἰκουμένην
2856 4113 3189 4172 κυκλοῦντα,
3263 4109 3359 4162 καὶ
3419 4105 3677 4175 καθάπερ

2087 4195 2391 4282 ὑπόπτερόν
2421 4225 2540 4260 τινα
2559 4203 2766 4275 ταύτην
2799 4199 3235 4274 περιδραμόντα·
3275 4196 3438 4267 βλέπε
3463 4195 3678 4247 ἐκεῖνον

2087 4281 2651 4370 ταπεινοφρονοῦντα,
2701 4293 2794 4346 τὸν
2828 4289 3044 4361 ἰδιώτην
3089 4288 3184 4342 καὶ
3222 4286 3536 4356 φιλόσοφον,
3581 4281 3678 4334 τὸν

2089 4391 2299 4461 πένητα
2329 4387 2424 4438 καὶ
2448 4383 2721 4438 πλούσιον.
2763 4381 3000 4434 Ἐκεῖνον
3027 4376 3250 4431 ἀληθῶς
3276 4372 3680 4441 ταπεινόφρονα

2091 4478 2255 4546 λέγω,
2284 4475 2376 4528 τὸν
2413 4471 2642 4545 μυρίους
2675 4469 2960 4540 καμάτους
2990 4464 3353 4534 ἀντλήσαντα,
3379 4462 3469 4513 τὸν
3501 4457 3679 4530 μυρία

2091 4568 2332 4638 τρόπαια
2366 4561 2510 4615 κατὰ
2536 4557 2627 4612 τοῦ
2651 4555 2903 4611 διαϐόλου
2930 4551 3324 4623 ἐνδειξάμενον,
3350 4550 3440 4601 τὸν
3466 4546 3680 4618 κηρύτ-

2090 4635 2252 4709 τὸντα
2278 4652 2374 4706 καὶ
2396 4651 2645 4720 λέγοντα,
2688 4646 2748 4702 Ἠ
2771 4644 2944 4714 χάρις
2971 4641 3160 4698 αὑτοῦ
3195 4642 3281 4706 εἰς
3301 4637 3404 4708 ἐμὲ
3433 4639 3504 4690 οὑ
3528 4635 3677 4703 κενὴ

2092 4743 2347 4816 ἐγενήθη
2366 4781 2381 4804 ,
2425 4739 2587 4794 ἀλλὰ
2615 4736 3048 4805 περισσότερον
3076 4731 3318 4786 πάντων
3343 4727 3640 4781 ἐκοπίασα
3661 4743 3675 4756 ·

2091 4815 2404 4904 ὁνφυλακάς
2450 4824 2772 4898 ὑπομείνας,
2801 4825 2896 4877 καὶ
2945 4819 3160 4890 πληγὰς
3191 4819 3286 4872 καὶ
3325 4815 3617 4888 μάστιγας·
3652 4815 3684 4866 6

2093 4921 2160 4974 δι’
2205 4915 2535 4972 Ἐπιστολῶν
2564 4914 2664 4984 τὴν
2693 4910 3019 4982 οἰκουμένην
3051 4905 3395 4978 σαγηνεύσας
3423 4923 3435 4933 ·
3459 4906 3488 4957 6
3515 4903 3686 4971 ούρα-

2095 5011 2188 5083 νίᾳ
2237 5008 2388 5080 φωνῇ
2449 5002 2689 5074 κληθεὶς,
2745 5001 2950 5062 ἐκεῖνος
2995 4996 3410 5066 ταπεινοφρονεῖ
3463 4991 3682 5060 λέγων’

2111 5078 2260 5170 Ὲ-γὼί
2297 5097 2408 5166 γάρ
2449 5097 2566 5164 εἰμι
2603 5095 2636 5147 ὁ
2673 5091 3001 5159 ἐλάχιστος
3043 5085 3164 5140 τῶν
3195 5083 3577 5170 ἀποστόλων,
3615 5078 3688 5145 ὃς

2100 5166 2211 5242 οὐκ
2243 5185 2357 5253 εἰμὶ
2408 5180 2615 5246 ἱκανὸς
2653 5178 2968 5234 καλεῖσθαι
2998 5176 3363 5236 ἀπόστολος.
3408 5166 3560 5230 Εἶδες
3588 5183 3689 5220 τα-

2101 5272 2531 5345 πεινοφροσύνης
2582 5266 2846 5337 μέγεθος,
2883 5259 3025 5325 εἶδες
3057 5259 3269 5313 Παῦλον
3322 5270 3689 5345 ταπεινοφρο-

2101 5363 2319 5425 νοῦντα,
2347 5361 2631 5431 ἐλάχιστον
2656 5354 2850 5410 ἑαυτὸν
2881 5350 3182 5408 καλοῦντας
3227 5345 3368 5415 Ἐγὼ
3403 5341 3512 5413 γάρ
3543 5343 3687 5408 εἰμι,

2103 5451 2291 5524 φησὶν,
2325 5453 2356 5503 ό
2394 5426 2720 5516 ἐλάχιστος
2753 5441 2871 5496 τῶν
2900 5439 3282 5498 ἀποστόλων,
3327 5433 3395 5498 ὃς
3430 5433 3542 5524 οὐκ
3567 5426 3692 5524 {lis}

2105 5515 2310 5606 ίκανὸς
2358 5515 2672 5591 καλεῖσθαι
2712 5532 3079 5594 ἀπόστολος.
3113 5523 3284 5578 Τοῦτο
3321 5521 3433 5590 γὰρ
3470 5515 3690 5588 ἀληθῶς

2103 5624 2594 5698 ταπεινοφροσύνη,
2621 5623 2682 5676 τὸ
2709 5617 3094 5675 ταπεινοῦσθαι
3116 5617 3173 5667 ὲν
3197 5614 3350 5673 πᾶσι,
3379 5609 3473 5662 καὶ
3497 5606 3691 5660 ἑαυτὸν

2105 5719 2293 5775 καλεῖν
2321 5697 2620 5785 ἐλάχιστον.
2663 5711 2948 5781 Ἐννόησον
2969 5708 3052 5772 τίς
3083 5701 3151 5778 ἦν
3173 5703 3390 5772 όλέγων
3422 5697 3594 5751 ταῦτα
3621 5698 3694 5748 τὰ

2112 5811 2330 5880 ῥήματα
2352 5822 2365 5835 ο
2391 5802 2601 5866 Παῦλος
2639 5803 2665 5855 ό
2687 5797 3129 5873 οὐρανοπολίτης,
3154 5796 3184 5848 6
3211 5794 3274 5847 16
3314 5788 3473 5862 σῶμα
3501 5785 3696 5851 ἀπλῶ,
