4046 6396
411 507 798 579 proficisceris?
824 507 980 577 Atqui
1017 503 1221 560 Domini
1246 515 1316 559 est
1338 512 1470 557 terra
1492 511 1538 556 et
1574 500 1832 571 plenitudo
1855 498 1985 569 ejus.

408 608 538 661 Num
571 606 623 657 in
655 602 835 657 mare?
860 599 1048 655 Nescis
1076 597 1236 668 quod,
1270 595 1444 666 Ipsius
1468 604 1539 649 est
1575 610 1746 659 mare,
1794 599 1840 646 et
1881 590 1991 660 ipse

409 697 521 767 fecit
542 694 672 748 illud
691 693 863 763 (Psal.
892 693 980 747 25.
1008 692 1032 746 1
1059 699 1114 746 et
1139 690 1229 745 94.
1256 688 1353 755 5)?
1382 688 1515 742 Nnn
1537 689 1586 740 in
1606 685 1839 741 caelum?
1867 683 1985 739 Non

404 784 616 839 audiisti
653 782 905 838 Davidem
935 781 1234 837 dicentem:
1276 778 1461 832 Videbo
1491 777 1641 831 caelos
1683 786 1797 830 tuos
1833 791 1991 845 opera

403 876 676 945 digitorum
702 884 903 928 tuorum
950 871 1120 941 (Psal.
1155 873 1207 926 8.
1254 869 1348 939 4)?
1378 868 1757 926 Verumtamen
1786 866 1878 920 ille
1915 864 1986 919 ti-

406 980 552 1020 more
581 973 859 1034 eorreptus
901 962 1085 1034 fugere
1141 977 1199 1016 se
1239 960 1455 1030 putabat
1488 977 1501 1013 :
1544 960 1710 1014 Deum
1755 973 1987 1028 namque

409 1074 529 1114 rere
550 1059 735 1129 fugere
764 1072 920 1112 nemo
949 1064 1140 1126 potest.
1174 1055 1274 1111 Ubi
1305 1063 1485 1108 tamen
1510 1067 1630 1107 eum
1658 1066 1807 1106 mare
1831 1050 1989 1105 resti-

407 1152 537 1218 tuit,
568 1161 624 1206 et
649 1151 795 1206 venit
816 1150 1039 1205 Niniven
1061 1191 1076 1215 ,
1107 1148 1411 1218 praedicavit
1433 1145 1618 1201 dicens
1643 1161 1658 1198 :
1687 1144 1865 1197 Adhuc
1891 1153 1989 1197 tres

404 1242 534 1309 dies,
560 1250 607 1296 et
636 1241 821 1296 Ninive
848 1240 1157 1296 subvertetur
1186 1237 1328 1309 (Jan.
1361 1238 1414 1292 5.
1445 1237 1521 1307 4).
1571 1235 1642 1291 Ut
1681 1243 1860 1290 autem
1900 1234 1986 1288 in-

408 1331 611 1403 telligas
644 1331 747 1387 hoc
781 1332 931 1386 illum
983 1330 1162 1386 animo
1191 1329 1493 1383 volventem
1536 1342 1659 1382 sese
1706 1326 1760 1380 in
1809 1324 1987 1395 fugam

406 1425 764 1488 convertisse,
819 1424 987 1477 Deum
1034 1421 1321 1486 nimirum,
1373 1434 1495 1474 cum
1525 1419 1595 1473 sit
1644 1418 1985 1482 misericors,

411 1517 773 1587 paenitentiam
824 1525 1063 1569 acturum
1118 1528 1279 1582 super
1324 1512 1546 1577 malitia,
1577 1524 1734 1580 quam
1780 1509 1847 1565 de
1885 1510 1989 1565 illis

408 1618 521 1663 erat
549 1610 796 1679 loquutus
820 1649 835 1672 ,
859 1607 1195 1676 futurumque
1234 1604 1405 1674 ipsum
1434 1601 1625 1657 falsum
1653 1601 1988 1672 prophetam,

408 1700 522 1770 ipse
549 1716 642 1770 per
668 1715 727 1754 se
763 1698 980 1754 indicat.
1006 1698 1292 1768 Postquam
1329 1696 1470 1751 enim
1502 1696 1557 1750 in
1583 1694 1775 1750 Ninive
1792 1694 1985 1765 praedi-

408 1793 547 1848 cavit
566 1833 582 1853 .
613 1799 763 1846 extra
783 1791 1051 1845 civitatem
1081 1802 1327 1859 egressus
1353 1796 1453 1852 est,
1484 1786 1689 1857 etquid
1723 1786 1990 1841 accideret

408 1881 739 1937 observabat.
773 1880 903 1936 Cum
934 1889 1111 1935 autem
1142 1879 1462 1949 prmteriisse
1492 1887 1601 1932 tres
1648 1877 1768 1932 dies
1819 1876 1986 1940 vidit,

410 1988 580 2042 neque
601 1971 887 2042 quidquam
914 1986 1120 2035 corum,
1154 1986 1273 2040 qua:
1300 1969 1654 2025 comminatus
1680 1967 1877 2032 fuerat,
1899 1984 1990 2023 us-

410 2064 546 2133 piam
578 2063 814 2130 evenire,
871 2073 981 2116 tum
1032 2062 1262 2132 priorem
1303 2075 1454 2115 suam
1504 2060 1880 2129 cogitationem
1934 2059 1988 2112 in

409 2162 639 2207 mentem
667 2160 914 2218 revocat,
943 2160 997 2206 et
1016 2152 1125 2205 ait:
1157 2148 1343 2204 Nonne
1367 2150 1452 2203 isti
1478 2159 1595 2203 sunt
1618 2165 1871 2204 sermones
1894 2149 1987 2203 mei

407 2258 531 2312 quos
560 2242 787 2295 dicebam
815 2257 835 2295 .'
863 2241 1101 2311 quoniam
1136 2239 1275 2294 Deus
1300 2240 1579 2294 misericors
1609 2250 1702 2306 est,
1734 2249 1781 2293 et
1804 2239 1987 2309 longa-

410 2334 580 2401 nimis,
633 2342 680 2388 et
708 2348 862 2403 agens
900 2331 1248 2399 paenitentiam
1299 2347 1449 2402 super
1497 2331 1704 2385 ntalitiis
1731 2331 1991 2384 hominum

407 2423 554 2494 (Jan.
586 2424 640 2479 4.
671 2423 770 2495 ‘2)?
800 2423 878 2478 Ne
899 2425 1053 2493 igitur
1073 2423 1181 2478 tale
1207 2421 1336 2493 quid
1358 2422 1624 2477 accideret
1652 2422 1804 2487 Elite,
1832 2422 1991 2491 quale

405 2513 576 2580 Jonw,
620 2529 835 2569 causam
864 2514 1083 2583 exponit
1121 2513 1262 2567 Deus
1282 2555 1297 2579 ,
1330 2522 1547 2582 propter
1584 2528 1743 2582 quam
1775 2513 1991 2568 Acbaab

405 2605 750 2661 condonavit.
774 2605 842 2658 Et
864 2605 993 2675 quid
1022 2605 1096 2658 ait
1133 2604 1263 2657 Elim
1293 2603 1468 2657 Deus?
1511 2601 1707 2667 Vidisti,
1740 2603 1988 2675 quemad-

414 2700 611 2751 modum
639 2698 890 2751 incesserit
920 2697 1127 2765 plorans
1154 2704 1201 2748 et
1230 2694 1387 2748 tristis
1412 2692 1617 2746 Acha/1b
1647 2710 1817 2746 coram
1868 2710 1946 2747 me
1968 2694 1995 2747 .9

419 2787 538 2843 Non
568 2790 754 2860 faciam
779 2787 1053 2842 secundum
1078 2785 1323 2840 malitiam
1344 2786 1452 2858 ejus
1491 2785 1566 2855 (ὅ.
1592 2783 1719 2856 Reg.
1754 2785 1843 2840 2|.
1873 2785 1987 2857 29).

411 2881 598 2950 Papae!
633 2881 889 2935 Dominus
929 2880 1068 2934 servi
1112 2878 1171 2932 lit
1195 2877 1520 2942 advocatus,
1561 2886 1619 2933 et
1646 2877 1785 2947 apud
1816 2877 1992 2932 homi-

409 2986 530 3025 nem
556 2970 697 3025 Deus
727 2970 928 3024 homini
976 2969 1358 3040 patrocinatur.
1401 2967 1520 3022 Noli
1547 2968 1874 3033 existimare,
1908 2969 1993 3023 in~

409 3061 543 3131 quit,
575 3063 692 3117 sine
719 3076 878 3117 causa
907 3076 994 3115 me
1036 3061 1109 3114 illi
1139 3060 1440 3130 pepercisse
1469 3077 1483 3112 :
1517 3058 1742 3113 mutavit
1780 3075 1990 3125 mores,

409 3163 463 3208 et
491 3154 622 3208 iram
653 3169 828 3209 meam
867 3152 1066 3207 mutavi
1088 3162 1245 3223 atque
1272 3151 1527 3221 mitigavi.
1568 3149 1648 3206 Ne
1674 3166 1802 3205 vero
1830 3151 1995 3206 falsus

411 3246 665 3316 propheta
692 3248 983 3312 censearis,
1026 3244 1289 3316 siquidem
1333 3259 1459 3300 vera
1485 3245 1866 3313 pronuntiasti;
1891 3245 1994 3300 nisi

410 3352 586 3393 mores
606 3347 883 3403 mutasset,
915 3354 975 3393 ea
1006 3353 1255 3408 passurus
1288 3344 1425 3403 erat,
1458 3352 1577 3407 qua:
1603 3338 1863 3393 sententia
1890 3339 1992 3393 mi-

412 3428 672 3493 nabatur;
721 3445 905 3485 verum
935 3429 1035 3483 iste
1067 3443 1243 3483 mores
1287 3427 1528 3490 mutavit,
1558 3434 1611 3481 et
1656 3430 1788 3481 iram
1818 3442 1993 3483 meam

411 3535 509 3591 ego
538 3521 789 3591 mitigavi.
832 3521 897 3574 Et
924 3520 998 3574 ait
1019 3520 1158 3574 Deus
1177 3519 1243 3573 ad
1272 3517 1445 3572 Eliam
1473 3535 1487 3571 :
1515 3516 1703 3571 Vidisti
1742 3518 2001 3587 quemad-

411 3611 623 3665 modum
652 3610 933 3665 incesserit
961 3610 1177 3665 Acbaab
1219 3611 1435 3680 plorans
1460 3620 1515 3663 et
1541 3608 1744 3663 tristis?
1772 3608 1888 3664 Non
1911 3610 1994 3665 fa-

410 3714 545 3754 ciam
590 3700 880 3755 secundum
932 3700 1063 3756 iram
1105 3714 1301 3755 meam.
1334 3699 1491 3756 Vides
1520 3699 1733 3770 ploratu
1777 3712 1995 3771 peccata

409 3792 573 3847 deleri
596 3793 620 3846 ?

481 3885 534 3938 4.
590 3882 762 3939 Tertia
804 3885 1106 3955 poenitentia:
1161 3885 1242 3937 via
1290 3882 1575 3937 humilitas.
1622 3911 1693 3922 —
1720 3880 1896 3938 Habes
1942 3894 1999 3939 et

412 3977 621 4031 tertiam
664 3978 991 4048 poenitentia:
1042 3978 1201 4031 viam.
1256 3976 1422 4031 Porro
1450 3974 1644 4029 multas
1671 3976 2000 4046 poenitentia:

412 4068 524 4121 vias
549 4068 678 4132 dixi,
710 4078 766 4123 ut
810 4068 1118 4124 diversitate
1170 4069 1376 4123 viarum
1419 4068 1625 4123 facilem
1652 4068 1745 4123 tibi
1774 4070 1998 4125 salutem
2072 4102 2079 4105 ν

414 4157 651 4214 reddam.
684 4159 937 4226 Quaenam
967 4168 1049 4214 est
1096 4160 1305 4214 tandem
1339 4160 1453 4214 haec
1480 4159 1634 4215 tertia
1659 4160 1782 4215 via?
1812 4161 2002 4217 Humi-

416 4248 534 4304 litas
565 4268 577 4303 :
607 4249 822 4305 humilis
872 4261 1011 4318 esto,
1054 4259 1110 4305 et
1155 4262 1494 4321 peccatorum
1522 4252 1735 4307 vincula
1773 4253 1996 4309 solvisti.
2068 4288 2073 4292 ι

416 4342 580 4412 liuius
614 4359 826 4413 quoque
853 4344 1363 4400 demonstrationem
1387 4344 1607 4401 exhibet
1633 4343 1924 4416 Scriptura,
1950 4357 2003 4401 et

415 4436 572 4491 lectio
600 4437 920 4505 narrationis
945 4437 1010 4491 de
1041 4436 1322 4505 publicano
1350 4448 1405 4491 et
1434 4437 1708 4493 Phariszeo
1739 4435 1886 4506 (Luc.
1913 4438 1997 4492 l8.

417 4528 499 4582 10.
521 4528 677 4599 sqq.).
704 4528 1097 4591 Aseendebant,
1129 4529 1316 4600 inquit,
1333 4530 1389 4584 in
1415 4531 1671 4600 templum
1697 4530 2002 4587 Phariszeus

415 4631 468 4674 et
496 4621 832 4690 publicanus,
866 4630 923 4677 ut
968 4631 1206 4689 orarent,
1235 4632 1289 4677 et
1316 4624 1480 4693 ccepit
1524 4624 1828 4681 Pharisaaus
1874 4641 2003 4681 suas

414 4727 732 4767 enumerare
752 4713 978 4767 virtutes
1016 4730 1029 4767 :
1078 4714 1193 4768 Non
1241 4729 1357 4769 sum
1383 4730 1503 4786 ego,
1535 4716 1726 4786 inquit,
1755 4728 2004 4788 peccator

416 4804 549 4857 sicut
572 4804 801 4859 mundus
849 4813 1012 4871 totus,
1044 4820 1215 4874 neque
1241 4807 1377 4861 sicut
1406 4807 1505 4862 iste
1530 4809 1868 4877 publicanus.
1902 4810 2001 4863 Mi-

416 4912 533 4950 sera
560 4904 613 4952 et
639 4896 822 4952 infelix
867 4897 1047 4952 anima
1081 4899 1121 4961 ¹,
1148 4907 1316 4952 totmn
1348 4899 1533 4955 orbem
1582 4910 1847 4957 terrarum
1873 4917 2002 4957 con-

416 4988 674 5043 demnasti
704 5007 717 5042 :
746 5004 842 5043 cur
871 4992 1029 5043 etiam
1078 4990 1380 5059 proximum
1416 5000 1562 5045 tuum
1592 4992 1825 5049 alﬂixisti
1848 4994 1871 5046 ?
1897 5012 2002 5049 non

417 5079 712 5135 sufﬁciebat
732 5080 821 5134 tibi
856 5090 997 5135 totus
1036 5080 1207 5147 orbis,
1254 5080 1354 5136 nisi
1407 5081 1748 5153 publicanum
1793 5101 2003 5156 quoque

417 5170 734 5227 damnares?
776 5186 965 5227 omnes
990 5172 1089 5227 hac
1117 5175 1324 5229 ratione
1355 5175 1693 5246 vituperasti,
1736 5186 1790 5232 et
1818 5194 1885 5233 ne
1915 5181 2002 5234 uni

419 5261 632 5331 quidem
659 5263 775 5317 viro
802 5263 1106 5334 pepercisti.
1143 5264 1259 5319 Non
1304 5281 1424 5321 sum
1454 5282 1554 5337 ego
1595 5269 1733 5323 sicut
1776 5270 2006 5325 mundus

420 5361 582 5420 totus,
611 5367 784 5422 neque
814 5355 1069 5409 sicutiste
1102 5356 1444 5423 publicanus:
1473 5357 1657 5427 jejuno
1685 5358 1764 5413 bis
1786 5359 1837 5413 in
1871 5359 2005 5415 heb-

422 5442 668 5511 domada,
696 5445 930 5501 decimas
975 5461 1182 5513 eorum,
1214 5462 1332 5515 quae
1353 5448 1623 5516 possideo,
1647 5449 1715 5503 do
1757 5452 2004 5519 pauperi-

423 5533 540 5589 bus.
566 5536 896 5606 Arrogantize
927 5537 1083 5592 verba
1133 5537 1478 5607 proloquutus
1529 5550 1630 5595 est.
1664 5541 1834 5596 Homo
1877 5542 2010 5597 infe-

424 5624 515 5688 lix.
543 5637 680 5694 esto,
729 5639 991 5685 terrarum
1034 5631 1219 5685 orbem
1269 5632 1660 5698 condemnasti,
1703 5649 1799 5688 cur
1844 5636 2005 5689 etiam

423 5720 720 5789 proximum
744 5732 888 5775 tuum
913 5722 1250 5793 publicanum
1270 5725 1698 5795 reprehendisti?
1727 5743 1828 5782 non
1855 5743 2009 5782 exsa-

489 5855 504 5883 ι
543 5861 671 5903 L'uns
687 5861 787 5913 λεδ..
816 5855 956 5907 Miser
973 5864 1016 5908 et
1041 5856 1321 5910 insatiabilis
1338 5871 1508 5911 annuo.

1544 387 1631 444 DE
1672 381 2140 443 PGENITENTIA.
2182 382 2410 440 llOMlL.
2450 384 2513 441 11.

3583 391 3686 448 εειδ

2102 504 2308 556 turatus
2332 514 2392 555 es
2420 501 2758 557 accusatione
2801 501 2964 558 totius
3001 502 3169 571 orbis,
3220 505 3318 560 nisi
3341 514 3395 561 et
3437 510 3687 563 comitem

2099 597 2249 645 tuum
2294 590 2617 648 damnares?
2657 593 2795 661 Quid
2824 594 2982 665 igitur
3025 595 3535 665 publicanusHlaze
3569 615 3691 655 cum

2097 681 2337 737 audisset
2363 683 2455 738 ille
2482 725 2498 751 ,
2528 699 2634 738 non
2672 685 2810 740 dixit
2858 704 2872 741 :
2916 686 2995 740 Tu
3026 701 3152 742 vero
3182 688 3427 759 quisnam
3471 705 3569 756 es,
3601 692 3689 760 qui

2098 772 2232 828 mihi
2262 774 2377 830 haec
2420 775 2607 845 objicis
2628 776 2653 828 ἲ
2682 777 2824 832 unde
2872 778 2973 832 tibi
2992 780 3099 834 vita
3130 796 3248 834 mea
3276 781 3543 837 innotuit?
3585 798 3693 837 non

2095 875 2442 921 conversatus
2481 883 2539 922 es
2585 883 2819 934 mecum,
2862 885 2968 925 non
3008 871 3258 927 habitasti
3308 889 3540 939 mecum,
3584 891 3691 929 non

2097 972 2306 1012 mecum
2332 968 2545 1015 :etatem
2587 963 2908 1033 transegisti.
2960 963 3065 1019 Cur
3090 965 3226 1020 adeo
3269 967 3548 1035 superbis?
3574 969 3694 1039 quis

2098 1050 2236 1105 bona
2282 1066 2443 1121 Opera
2476 1064 2565 1108 tua
2618 1070 2715 1110 suo
2746 1057 3058 1112 testimonio
3082 1060 3460 1115 commendat?
3486 1077 3585 1117 cur
3614 1071 3695 1118 te-

2098 1142 2271 1211 ipsum
2293 1144 2520 1200 laudas?
2546 1162 2641 1201 cur
2657 1148 2751 1201 tibi
2775 1149 2874 1218 ipsi
2895 1149 3194 1205 blandiris?
3220 1152 3324 1207 Sed
3354 1153 3484 1207 nihil
3498 1153 3692 1209 horum

2096 1235 2230 1289 dixit
2268 1236 2603 1305 publicanus,
2640 1255 2826 1295 verum
2864 1243 3039 1311 capite
3080 1243 3134 1297 in
3180 1252 3376 1300 terram
3426 1246 3681 1301 inclinato

2096 1326 2354 1394 adoravit,
2385 1338 2440 1384 et
2464 1330 2598 1386 dixit
2627 1350 2640 1385 :
2668 1330 2807 1387 Deus
2853 1336 3105 1406 propitius
3134 1346 3237 1391 esto
3256 1339 3380 1391 mihi
3400 1340 3691 1409 peccatori;

2096 1425 2151 1470 et
2178 1433 2301 1473 cum
2330 1419 2682 1477 humilitatem
2711 1439 2823 1491 prae
2850 1440 2909 1478 se
2934 1426 3164 1492 tulisset,
3190 1428 3364 1495 justus
3385 1438 3467 1483 est
3492 1429 3683 1485 factus.

2102 1505 2406 1564 Pharismus
2432 1521 2611 1567 autem
2638 1514 2835 1568 amissa
2859 1514 3063 1583 justitia
3085 1532 3152 1572 ex
3174 1519 3373 1587 templo
3388 1520 3688 1585 descendit,

2096 1606 2149 1652 et
2192 1599 2505 1667 publicanus
2528 1602 2789 1672 justitiam
2838 1606 3063 1674 adeptus
3090 1607 3401 1675 descendit;
3442 1620 3497 1666 et
3521 1612 3685 1668 verba

2096 1688 2236 1744 facta
2283 1692 2545 1747 vicerunt.
2599 1693 2732 1748 Nam
2782 1696 2871 1751 ille
2898 1698 3110 1767 quidem
3137 1701 3387 1770 operibus
3428 1703 3688 1772 justitiam

2095 1783 2301 1849 amisit;
2327 1783 2414 1840 hic
2440 1801 2569 1841 vero
2613 1787 2922 1844 humilitatis
2952 1806 3200 1848 sermone
3223 1794 3482 1862 justitiam
3509 1800 3691 1869 acqui-

2094 1875 2237 1929 sivit.
2269 1879 2599 1947 Quamquam
2630 1897 2696 1936 ne
2724 1881 2997 1939 humilitas
3029 1886 3242 1955 quidem
3269 1901 3385 1943 erat
3408 1890 3535 1946 illud
3568 1908 3583 1954 ;
3611 1894 3689 1947 si-

2095 1967 2311 2035 quidem
2337 1969 2607 2027 humilitas
2636 1984 2716 2026 est
2741 1974 2841 2029 hoc
2864 2017 2880 2042 ,
2904 1990 3024 2030 cum
3055 1979 3174 2047 quis
3206 1995 3428 2051 magnus
3452 1997 3572 2037 cum
3595 1984 3687 2051 sit,

2094 2062 2329 2131 seipsum
2358 2062 2601 2119 ltumiliat
2628 2081 2643 2130 ;
2667 2068 2769 2121 hoc
2797 2083 2924 2123 vero
2953 2070 3215 2137 publicani
3242 2072 3436 2128 factum
3460 2091 3563 2130 non
3587 2076 3691 2131 hu-

2096 2150 2294 2208 militas
2316 2154 2429 2220 fuit,
2464 2157 2557 2211 sed
2598 2160 2834 2216 veritas:
2860 2177 2989 2217 vera
3033 2165 3176 2219 enim
3204 2176 3355 2220 erant
3386 2167 3474 2222 illa
3501 2169 3685 2237 verba,

2095 2259 2217 2301 cum
2244 2258 2495 2317 peccator
2521 2260 2663 2306 esset
2686 2252 2795 2307 ille.

2167 2360 2221 2416 5.
2266 2359 2669 2417 Publicanorum
2711 2367 2931 2421 conditio
2970 2370 3156 2439 qualis.
3204 2402 3275 2411 —
3321 2372 3456 2441 Quid
3506 2376 3690 2443 enim,

2097 2462 2299 2519 quaeso,
2319 2453 2471 2522 pejus
2492 2456 2811 2523 publicano?
2831 2460 2882 2512 in
2910 2459 3101 2515 alienis
3117 2462 3515 2521 calamitatibus
3543 2466 3690 2522 lucra

2098 2550 2356 2608 sectatus,
2378 2544 2671 2600 alienorum
2711 2548 2950 2604 laborum
2990 2550 3051 2605 lit
3100 2554 3406 2626 particeps:
3439 2566 3493 2612 et
3520 2559 3691 2614 mole-

2097 2632 2253 2686 stiam
2274 2634 2488 2702 quidem
2512 2652 2614 2690 non
2640 2638 2873 2706 respicit,
2905 2651 3140 2711 quaestus
3168 2655 3347 2699 autem
3380 2646 3432 2700 in
3458 2640 3686 2703 consor-

2099 2723 2228 2775 tium
2250 2724 2397 2779 venit
2426 2744 2439 2780 :
2482 2727 2661 2798 itaque
2690 2744 2957 2786 summum
2985 2742 3065 2788 est
3094 2736 3357 2804 publicani
3386 2749 3688 2808 peccatum.

2098 2812 2236 2868 Nihil
2263 2816 2462 2887 quippe
2485 2820 2626 2874 aliud
2652 2831 2733 2876 est
2754 2823 3091 2894 publicanus,
3123 2843 3282 2898 quam
3308 2831 3483 2886 audax
3513 2842 3567 2887 et
3595 2832 3693 2889 ho-

2098 2915 2250 2961 uesta
2277 2910 2518 2977 ιιιιαιόειιιι
2565 2913 2814 2968 violentia
2840 2957 2855 2983 ,
2888 2928 3163 2986 peccatum
3195 2920 3312 2991 lege
3350 2937 3690 2993 concessum,

2097 3001 2336 3066 Speciosa
2364 3003 2606 3071 quaedam
2638 3006 2842 3073 rapina.
2873 3008 3008 3076 Quid
3038 3011 3181 3065 enim
3209 3014 3493 3083 publicano
3516 3018 3692 3088 pejus,

2098 3092 2189 3161 qui
2226 3092 2376 3162 juxta
2426 3096 2564 3151 viam
2605 3099 2791 3165 sedet,
2839 3110 2894 3156 et
2943 3104 3240 3161 alienorum
3282 3106 3489 3166 fructus
3542 3112 3693 3169 labo-

2098 3196 2216 3236 rum
2267 3186 2441 3251 metit,
2481 3196 2538 3243 et
2582 3205 2704 3244 cum
2744 3191 2952 3250 labores
2992 3196 3205 3266 quidem
3248 3199 3509 3257 subeundi
3546 3213 3692 3270 sunt,

2099 3273 2229 3328 nihil
2255 3286 2426 3343 curat,
2453 3294 2573 3334 cum
2595 3297 2723 3337 vero
2749 3284 2952 3340 lucrum
2979 3288 3216 3355 obvenit,
3248 3291 3302 3345 in
3331 3294 3694 3364 participatio-

2097 3380 2222 3422 nem
2243 3370 2390 3424 venit
2413 3386 2622 3439 eorum,
2655 3375 2706 3429 in
2731 3377 2923 3444 quibus
2949 3380 3168 3437 minime
3193 3382 3485 3439 laboravit?
3515 3386 3696 3459 Itaque

2097 3458 2142 3513 si
2172 3474 2291 3513 cum
2315 3470 2564 3531 peccator
2592 3476 2734 3521 esset
2755 3468 3087 3537 publicanus,
3130 3481 3333 3529 tantum
3365 3476 3587 3548 adeptus
3613 3492 3698 3535 est

2097 3548 2299 3605 donum
2321 3591 2339 3618 ,
2368 3567 2489 3607 cum
2518 3554 2870 3614 humilitatem
2900 3561 3233 3620 exhibuisset
3258 3583 3272 3621 :
3300 3578 3499 3637 quanto
3530 3571 3697 3642 magis

2098 3642 2187 3710 qui
2239 3643 2435 3700 virtute
2486 3648 2735 3715 praeditus
2775 3652 2864 3717 sit,
2891 3661 2946 3706 et
3003 3653 3352 3712 humilitatem
3408 3660 3697 3717 exhibeat?

2100 3732 2240 3803 Ergo
2262 3734 2307 3788 si
2335 3746 2552 3804 peccata
2594 3747 2680 3793 tua
2712 3744 3038 3811 conlitearis,
3067 3755 3122 3801 et
3144 3746 3355 3803 humilis
3383 3751 3478 3816 sis,
3522 3752 3699 3821 justus

2101 3824 2304 3880 evadis.
2348 3827 2499 3883 Scire
2544 3831 2693 3901 cupis
2734 3833 2851 3902 quis
2888 3850 3015 3890 vere
3052 3835 3121 3891 sit
3172 3837 3432 3895 humilis?
3474 3843 3698 3899 Paulum

2103 3919 2310 3989 respice
2335 3920 2427 3992 qui
2454 3937 2577 3978 vere
2606 3923 2822 3982 humilis
2858 3939 2974 3983 erat
3001 3971 3016 3996 ,
3046 3922 3283 3986 Paulum?
3310 3932 3583 3991 doctorem
3604 3952 3697 3992 or-

2102 4008 2186 4066 bis
2230 4020 2519 4094 terrarum,
2537 4015 2868 4086 spiritualem
2938 4028 3206 4077 oratorem
3227 4064 3243 4089 ,
3270 4040 3369 4082 vas
3391 4027 3697 4087 electionis.

2108 4116 2321 4175 portum
2342 4110 2706 4181 tranquillum,
2735 4111 2919 4166 turrim
2941 4113 3336 4184 inconcussam,
3366 4118 3457 4188 qui
3486 4119 3698 4175 modico

2106 4215 2229 4256 cum
2251 4209 2391 4257 esset
2429 4217 2671 4273 corpore,
2717 4213 2886 4260 totum
2921 4206 3108 4261 orbem
3141 4216 3401 4263 terrarum
3431 4210 3705 4281 circuivit,

2107 4303 2159 4346 et
2184 4292 2335 4362 quasi
2368 4294 2541 4349 alatus
2567 4304 2707 4350 esset
2738 4296 2885 4350 illum
2906 4298 3185 4367 percurrit.
3220 4298 3392 4355 Cerne
3415 4301 3565 4356 illum
3594 4302 3697 4362 btt-

2107 4384 2301 4439 militer
2316 4399 2377 4441 ac
2406 4384 2645 4441 modeste
2671 4388 2989 4442 sentientem
3007 4388 3074 4443 de
3103 4404 3182 4456 se,
3204 4390 3420 4445 idiotam
3440 4402 3495 4447 et
3521 4393 3697 4463 philo.-

2111 4478 2356 4547 Sllphum,
2400 4494 2623 4549 egenum
2639 4481 2940 4536 etdivitem.
2971 4480 3121 4537 Illum
3141 4499 3267 4539 vere
3284 4483 3536 4540 humilem
3555 4486 3711 4554 dicat

2107 4572 2194 4641 qui
2212 4571 2423 4628 labores
2440 4573 2750 4630 innumeros
2771 4576 3082 4643 exantlarat,
3100 4578 3190 4647 qui
3227 4578 3373 4634 mille
3390 4586 3587 4650 tropaea
3605 4583 3699 4636 ad,

2109 4678 2297 4718 versus
2308 4663 2576 4719 diabolum
2589 4677 2852 4729 erexerat,
2872 4669 2960 4739 qui
2995 4669 3335 4738 pradicabat,
3366 4686 3429 4727 ac
3448 4672 3656 4728 dicebat
3680 4691 3695 4732 :

2110 4751 2285 4806 Gratia
2312 4754 2422 4824 ejus
2444 4755 2495 4806 in
2523 4771 2601 4808 me
2621 4770 2777 4809 vacua
2796 4770 2896 4811 non
2924 4758 3042 4828 fuit,
3066 4759 3152 4813 sed
3173 4758 3288 4831 plus
3304 4762 3533 4817 omnibus
3554 4763 3697 4823 labo-

2109 4843 2216 4897 ravi
2238 4844 2311 4915 (1.
2336 4842 2453 4898 Cor.
2482 4845 2566 4899 15.
2595 4846 2683 4916 10)
2705 4848 2825 4917 :qui
2850 4862 3092 4904 carceres
3112 4852 3382 4919 sustinuit,
3410 4863 3463 4908 et
3492 4853 3695 4925 plagas,

2108 4943 2163 4990 et
2186 4934 2429 4999 verbera,
2451 4937 2538 5005 qui
2570 4936 2755 4991 orbem
2786 4946 3047 4995 terrarum
3086 4942 3324 5012 epistolis
3344 4953 3566 4999 venatus
3592 4957 3697 5009 est,

2109 5029 2199 5099 qui
2238 5029 2436 5084 cmlesti
2491 5043 2620 5083 voce
2643 5039 2863 5085 vocatus
2883 5040 2985 5097 est,
3019 5033 3108 5087 ille
3140 5033 3354 5088 humilis
3402 5042 3536 5100 erat,
3576 5050 3700 5090 cum

2110 5126 2313 5183 diceret
2343 5145 2355 5180 :
2386 5122 2497 5195 Ego
2521 5142 2631 5181 sum
2659 5124 2894 5179 minimus
2927 5123 3300 5195 apostolorum,
3333 5126 3418 5195 qui
3442 5143 3545 5181 non
3584 5144 3698 5181 sum

2110 5220 2292 5291 dignus
2330 5221 2497 5273 vocari
2531 5219 2789 5289 apostolus
2827 5218 2885 5288 (l
2925 5218 3043 5272 Cor.
3094 5219 3181 5273 15.
3212 5218 3297 5290 9).
3344 5218 3500 5274 Vides
3521 5218 3701 5274 humi,

2111 5310 2276 5366 litatis
2300 5310 2750 5381 magnitudinem?
2779 5310 2929 5364 vides
2968 5310 3239 5363 humiliter
3276 5310 3592 5365 sentientem
3629 5310 3698 5364 de

2111 5419 2170 5461 se
2214 5405 2464 5472 Paulum,
2493 5404 2580 5475 qui
2620 5404 2852 5474 seipsum
2879 5403 3155 5458 minimum
3203 5401 3524 5474 vocet?Ego
3569 5404 3701 5457 enim

2112 5514 2227 5551 sum
2256 5539 2268 5564 ,
2299 5497 2507 5566 inquit,
2530 5497 2772 5550 minimus
2812 5496 3178 5565 apostolorum,
3208 5495 3294 5564 qui
3334 5511 3433 5549 non
3464 5512 3578 5549 sum
3623 5496 3705 5547 di-

2114 5607 2242 5660 gnus
2279 5590 2446 5643 uocari
2489 5588 2765 5659 apostolus.
2815 5588 2929 5644 Hoc
2974 5588 3115 5643 enim
3151 5604 3276 5643 vere
3308 5587 3575 5644 humilitas
3599 5601 3700 5651 est,

2115 5683 2166 5735 in
2194 5683 2439 5737 omnibus
2472 5682 2708 5750 seipsum
2738 5681 2969 5751 abjicere
2988 5724 3003 5748 ,
3029 5697 3092 5736 ac
3119 5696 3176 5736 se
3202 5681 3480 5736 minimum
3522 5683 3707 5752 appel-

2116 5774 2244 5829 lare.
2275 5771 2462 5843 Cogita
2488 5775 2729 5844 quisnam
2761 5782 2903 5828 esset
2928 5773 2992 5838 is,
3021 5776 3111 5842 qui
3138 5772 3251 5827 haec
3282 5772 3441 5828 verba
3472 5773 3705 5843 profere-

2121 5869 2211 5923 bat
2242 5860 2478 5925 :‘Paulus
2503 5867 2753 5923 caelorum
2800 5866 2953 5935 civis,
2986 5867 3073 5936 qui
3103 5881 3327 5939 corpore
3357 5880 3474 5925 erat
3502 5880 3705 5925 utcumv
