4046 6396
382 346 479 413 iiii

385 488 489 554 que
536 477 928 545 circumdatus,
965 474 1325 531 Ecclesiarum
1369 474 1647 540 columna,
1691 473 1960 530 terrestris

375 571 632 644 angelus,
661 570 820 626 homo
861 568 1106 626 cmlcstis.
1138 568 1344 622 Etenim
1375 566 1534 636 hujus
1576 565 1676 620 viri
1709 566 1968 622 mentioni

378 664 610 719 libenter
637 663 912 725 immorer,
948 661 1074 715 dum
1117 659 1328 714 virtutis
1363 659 1480 728 ejus
1517 657 1966 730 pulchritudinem

373 767 582 826 specto.
609 754 726 810 Non
757 755 826 808 ita
866 754 947 809 sel
971 753 1220 808 eseriens
1261 762 1316 808 et
1364 751 1676 820 splendidos
1717 751 1968 807 emittens

374 847 556 903 radios
581 847 764 902 oculos
794 860 942 901 meos
967 844 1248 908 exhilarat,
1277 853 1337 899 ut
1363 844 1512 898 Pauli
1541 844 1708 897 virtus
1732 851 1966 898 mentem

373 950 550 996 meam
581 939 870 995 illuminat.
905 937 1039 994 Nam
1065 937 1148 992 sol
1176 937 1392 1008 quidem
1423 935 1654 991 illustrat
1681 935 1889 1000 oculos,
1913 943 1968 988 at

377 1031 574 1086 Paulus
612 1031 678 1086 ad
724 1032 869 1101 ipsos
901 1031 1134 1086 fornices
1171 1029 1427 1084 caelorum
1481 1043 1578 1083 nos
1605 1027 1825 1084 evehit:
1852 1027 1969 1082 ani-

375 1138 514 1176 tuam
532 1123 675 1178 enim
695 1122 1060 1177 sublimiorem
1076 1120 1212 1188 sole,
1237 1136 1300 1175 ac
1321 1121 1442 1175 luna
1470 1119 1644 1175 reddit
1659 1120 1962 1175 celsiorem.

373 1203 518 1266 ’I‘alis
546 1213 742 1283 quippe
769 1213 982 1267 virtutis
1010 1221 1092 1268 est
1115 1211 1374 1283 potentia,
1401 1218 1459 1265 ut
1484 1211 1754 1266 hominem
1786 1209 1840 1265 in
1869 1224 1966 1263 an-

371 1305 550 1375 gelum
577 1312 875 1371 convertat,
916 1303 1214 1374 efﬁciatque
1261 1313 1318 1358 ut
1364 1302 1543 1357 anima
1583 1302 1730 1357 velut
1778 1300 1968 1372 pennis

372 1397 596 1462 praedita
634 1397 688 1451 in
723 1396 912 1452 caelum
940 1395 1122 1451 tendat
1156 1413 1170 1449 :
1213 1396 1352 1449 hanc
1381 1394 1629 1449 virtutem
1679 1407 1779 1447 nos
1810 1392 1968 1447 docet

375 1487 574 1542 Paulus
617 1505 630 1543 :
673 1486 829 1557 hujus
865 1486 1080 1541 virtutis
1132 1486 1429 1540 imitatores
1469 1484 1582 1538 ﬁeri
1632 1482 1964 1538 studeamus.

375 1579 483 1634 Sed
520 1593 628 1633 non
655 1587 868 1648 oportet
894 1592 992 1633 nos
1019 1592 1048 1632 a
1077 1577 1353 1648 proposito
1382 1575 1588 1646 digredi
1617 1582 1954 1645 argumento.

371 1665 470 1726 llic
494 1671 638 1727 enim
656 1685 850 1742 scopus
875 1670 1134 1726 orationis
1154 1680 1352 1724 nostra:
1377 1668 1497 1734 fuit,
1524 1676 1583 1723 ut
1603 1668 1815 1723 tertiam
1843 1680 1962 1737 poe-

1085 359 1136 416 S.
1175 357 1456 416 JOANNIS
1491 353 1962 414 CIIRYSOSTOSII
2001 357 2320 418 ARCHIEP.
2360 363 2896 427 CONSTANTINOP.

3545 379 3655 434 292

2073 476 2310 535 nitentiae
2353 483 2492 537 viam
2531 499 2650 540 esse
2693 487 3041 544 humilitatem
3084 490 3508 562 ostenderemus,
3555 513 3654 566 pu-

2075 569 2344 628 blicanum
2367 589 2472 630 non
2501 577 2736 646 seipsum
2763 580 2898 634 ultra
2925 581 3142 638 modum
3181 583 3530 655 depressisse,
3559 591 3655 644 sed

2073 665 2354 722 veritatem
2377 683 2497 725 esse
2516 671 2841 739 confessum,
2859 689 2980 729 cum
3006 692 3098 731 sua
3126 689 3341 748 peccata
3359 680 3654 752 detegeret,

2074 774 2138 815 ac
2155 761 2357 830 justum
2380 777 2500 818 esse
2515 763 2732 832 factum,
2762 779 2866 821 neu
2884 784 3004 823 cum
3023 771 3275 840 pecunias
3300 786 3653 842 numerasset,

2075 867 2182 909 non
2225 869 2346 912 cum
2390 859 2557 914 maria
2590 869 2840 916 emensus
2875 873 3038 931 esset,
3067 881 3240 934 neque
3267 882 3388 922 cum
3431 870 3654 925 multum

2076 947 2179 1003 iter
2203 947 2428 1017 pedibus
2450 951 2789 1021 confecisset,
2815 971 2984 1027 neque
3009 973 3130 1013 cum
3159 959 3418 1016 immensa
3440 979 3654 1034 mquora

2075 1053 2432 1114 peragrasset,
2458 1060 2635 1116 neque
2661 1062 2782 1102 cum
2805 1049 3006 1104 amicos
3029 1062 3299 1121 rogasset,
3331 1069 3506 1125 neque
3533 1070 3654 1111 cum

2072 1133 2296 1189 mttltum
2346 1139 2602 1207 temporis
2641 1139 3010 1209 impendisset,
3054 1141 3147 1197 sed
3179 1142 3490 1201 humilitatis
3532 1163 3655 1202 eum

2073 1242 2235 1298 Opera
2271 1229 2370 1286 sibi
2395 1230 2654 1301 justitiam
2703 1248 3063 1304 comparasse,
3111 1251 3174 1292 ac
3217 1254 3379 1308 regno
3401 1241 3654 1296 caelorum

2072 1333 2194 1375 esse
2222 1320 2522 1377 donatum:
2567 1324 2721 1395 cujus
2756 1341 2856 1382 nos
2901 1341 3088 1383 omnes
3134 1329 3335 1384 utinam
3382 1343 3656 1402 compotes

2075 1413 2188 1468 ﬁeri
2221 1416 2513 1486 contingat,
2556 1419 2727 1487 gratia
2754 1426 2808 1473 et
2838 1419 3202 1475 misericordia
3243 1421 3448 1477 Domini
3490 1425 3659 1478 nostri

2073 1504 2201 1562 .lesu
2231 1505 2448 1573 Christi,
2471 1508 2554 1562 cui
2588 1510 2756 1580 gratia
2783 1519 2837 1566 et
2867 1511 3149 1582 itnperium
3193 1513 3244 1568 in
3273 1515 3464 1569 saecula
3487 1531 3657 1571 saecw

2071 1597 2264 1653 lorum.
2295 1602 2480 1653 Amen.

1518 1901 2061 1996 EJUSDEM
2103 1905 2547 1996 ORATIO

1222 2106 1304 2157 be
1348 2107 1790 2166 ELEEMOSYNA,
1837 2112 1918 2154 ET
1960 2107 2026 2154 IN
2068 2109 2284 2157 necem
2328 2112 2623 2158 vmemss
2670 2096 2778 2178 (α).

1695 2234 2327 2290 ain-09*.er

996 2407 1210 2452 Βοιιιυι
1249 2408 1325 2450 III.‘

445 2487 497 2548 l.
530 2479 611 2546 De
637 2483 846 2545 humilia
882 2487 1187 2559 prwcedenti
1223 2486 1465 2557 loquitur.
1507 2513 1578 2525 -—-
1619 2486 1702 2539 An
1738 2483 1959 2539 novistis

368 2584 512 2640 unde
533 2583 685 2639 nobis
709 2595 876 2652 nuper
903 2593 1080 2636 sermo
1109 2579 1414 2646 inceperat,
1446 2585 1538 2630 aut
1560 2589 1667 2641 quo
1690 2575 1957 2639 desierat,

368 2682 459 2729 aut
493 2689 558 2729 ex
589 2687 696 2744 quo
723 2680 1066 2742 argumento,
1099 2669 1150 2723 in
1179 2667 1321 2738 quod
1350 2667 1619 2722 desierant
1643 2666 1834 2736 prioris
1863 2666 1960 2719 ho-

369 2767 531 2823 tniliae
556 2764 756 2820 verba?
784 2762 892 2819 Sed
934 2777 1028 2816 vos
1057 2760 1252 2815 oblitos
1298 2758 1548 2814 existimo
1571 2798 1586 2821 ,
1633 2773 1740 2827 quo
1770 2757 1888 2811 loco
1929 2771 1958 2810 a

372 2858 526 2916 nobis
548 2858 637 2913 ille
663 2871 841 2911 sermo
871 2853 1050 2909 ﬁnitus
1079 2853 1176 2918 sit;
1208 2867 1308 2923 ego
1334 2866 1466 2906 vero
1493 2851 1636 2914 uovi,
1662 2865 1837 2920 neque
1866 2866 1962 2906 vos

368 2955 563 3006 accuso
590 2960 683 3004 aut
709 2946 990 3018 redarguo.
1021 2945 1255 3015 Quisque
1280 2943 1423 2998 enim
1465 2952 1700 2997 vestrum
1741 2956 1960 2996 uxorem

373 3037 577 3096 habens
632 3039 866 3110 parvulis
913 3037 1128 3100 studet,
1178 3045 1232 3091 et
1282 3050 1401 3105 qua:
1446 3033 1593 3088 denti
1644 3042 1770 3087 sunt
1814 3042 1965 3088 curat

372 3134 548 3188 munia
577 3147 589 3188 :1
620 3131 710 3186 alii
737 3131 977 3186 militiam
1005 3138 1278 3185 sectantur
1299 3165 1314 3194 ,
1339 3127 1428 3181 alii
1456 3126 1686 3182 artiﬁces
1715 3134 1871 3192 sunt,
1900 3141 1965 3181 ac

375 3235 608 3281 vestrum
640 3227 862 3296 quisque
891 3223 1116 3278 diVersis
1142 3221 1356 3276 insudat
1394 3221 1668 3291 operibus.
1699 3218 1808 3275 Nos
1836 3235 1965 3274 vero

372 3319 426 3375 iu
466 3317 549 3374 bis
580 3329 886 3382 versamur,
918 3315 970 3369 in
1014 3314 1095 3369 his
1123 3315 1418 3384 cogitamus
1438 3356 1454 3378 ,
1477 3323 1634 3383 atque
1661 3312 1714 3367 in
1755 3311 1837 3365 his
1865 3327 1964 3364 no-

371 3419 540 3464 strum
595 3406 813 3463 terimus
849 3415 1078 3476 tempus.
1109 3404 1289 3476 Itaque
1331 3420 1392 3461 ea
1436 3405 1489 3458 iu
1534 3420 1593 3459 re
1633 3402 1772 3458 haud
1809 3417 1966 3456 accua

375 3501 524 3556 eundi
559 3502 723 3569 estis,
750 3500 919 3572 magis
962 3515 1057 3569 pro
1102 3498 1280 3554 studio
1321 3496 1606 3564 laudandi,
1651 3495 1793 3567 quod
1823 3495 1966 3550 nulla

375 3607 474 3650 nos
499 3595 806 3666 relinquatis
839 3593 1108 3648 Dmninica
1149 3592 1268 3658 die,
1297 3590 1391 3646 sed
1421 3590 1669 3644 omnibus
1707 3589 1968 3660 neglectis

377 3685 442 3742 ad
459 3687 736 3743 ecclesiam
766 3686 1010 3741 veniatis.
1030 3684 1078 3739 Is
1107 3685 1247 3740 enim
1279 3683 1492 3738 laudum
1512 3692 1596 3738 cst
1621 3683 1868 3738 cumulus
1891 3682 1968 3737 cia

375 3778 523 3834 vitali
551 3785 746 3833 nostra;
764 3813 780 3844 ,
812 3791 917 3832 non
946 3776 1226 3831 tumultum
1254 3785 1308 3832 et
1336 3775 1614 3843 suburbia,
1648 3791 1753 3830 non
1779 3775 1968 3830 domos

375 3874 645 3930 tleauratis
685 3871 945 3936 trabibus,
974 3874 1029 3926 et
1059 3869 1306 3934 triclinia,
1335 3867 1432 3924 sed
1459 3868 1766 3938 diligentem
1801 3882 1968 3938 popu‘

376 3956 486 4020 lum
531 3964 728 4018 habere
767 3971 923 4033 atque
949 3961 1254 4017 excitatum.
1279 3959 1462 4029 Neque
1502 3959 1644 4014 enim
1671 3975 1737 4012 ex
1768 3957 1970 4013 frondis

376 4057 533 4112 dibus
559 4067 872 4126 generosam
901 4054 1144 4108 arborem
1166 4087 1182 4119 ,
1213 4053 1306 4107 sed
1331 4063 1398 4107 ex
1439 4050 1695 4106 fructibus
1724 4049 1968 4120 agnoscis

378 4163 519 4205 mus.
544 4149 745 4204 Idcirco
787 4147 930 4202 enim
975 4146 1138 4200 mutis
1167 4143 1482 4198 animalibus
1516 4143 1716 4213 praelati
1746 4157 1965 4206 sumus,

376 4243 515 4313 quod
545 4255 848 4298 sermonem
877 4237 1189 4305 habeamus,
1218 4251 1465 4292 sermone
1492 4244 1676 4290 mutue
1706 4235 1972 4304 colloqua-

377 4345 516 4400 tnur,
549 4345 850 4389 sermonem
879 4343 1140 4386 amemus.
1175 4328 1347 4383 llomo
1376 4328 1517 4383 enim
1545 4329 1634 4398 qui
1661 4342 1690 4380 a
1723 4341 1970 4382 sermone

376 4426 659 4489 abhorret,
697 4423 952 4494 jumeutis
1002 4429 1084 4478 est
1133 4421 1308 4477 minus
1352 4420 1654 4484 rationalis,
1686 4434 1792 4473 non
1842 4419 1969 4473 satis

378 4519 550 4573 sciens
577 4518 727 4580 cuius
755 4515 923 4587 gratia
969 4513 1263 4568 honoratur
1283 4553 1296 4574 ,
1328 4520 1486 4582 atque
1531 4511 1670 4565 unde
1709 4510 1965 4564 honorem

373 4605 600 4677 accepit.
629 4608 806 4674 Quare
833 4605 972 4662 bene
999 4605 1279 4674 prepheta,
1311 4602 1479 4658 Homo
1497 4645 1513 4669 ,
1545 4604 1747 4674 inquit,
1778 4619 1888 4656 cum
1916 4603 1968 4657 in

375 4694 565 4753 [tonare
601 4703 761 4765 esset,
789 4712 891 4752 non
931 4697 1217 4762 intellexit,
1251 4705 1571 4766 comparatus
1615 4705 1688 4749 est
1721 4695 1969 4766 jumeutis

375 4783 756 4861 insipientibus,
785 4797 831 4842 et
856 4788 1034 4842 similis
1064 4790 1228 4857 [actus
1256 4797 1327 4841 est
1369 4787 1472 4840 illis
1498 4785 1680 4858 (Psal.
1711 4786 1800 4841 48.
1829 4787 1892 4843 15
1921 4786 1961 4858 ).

376 4877 480 4945 Eu.
512 4881 694 4947 homo,
724 4881 810 4936 eui
839 4881 1111 4950 proprium
1139 4878 1304 4952 loqui,
1329 4895 1631 4935 sermonem
1660 4894 1768 4935 non
1794 4895 1964 4944 amas,

372 4983 424 5029 et
455 4985 685 5046 quanam
715 4973 1039 5044 indulgentia
1079 4972 1428 5043 dignaberis?
1453 4972 1635 5038 Itaque
1679 4971 1810 5026 mihi
1857 4987 1966 5041 pra:

374 5064 624 5122 omnibus
653 5064 823 5136 magis
865 5065 1155 5121 necessarii
1189 5065 1320 5120 estis
1364 5074 1624 5134 quotquot
1662 5064 1728 5118 ad
1757 5065 1965 5118 virtutis

372 5169 678 5213 sermonem
704 5155 1069 5222 advolavistis,
1095 5166 1151 5212 et
1175 5157 1354 5212 omnia
1385 5156 1564 5212 divino
1589 5158 1754 5212 verbo
1779 5167 1962 5227 poste-

373 5254 516 5307 riora
546 5251 797 5307 dusistis.
837 5251 951 5322 Age
977 5264 1106 5321 ergo
1157 5264 1255 5305 nos
1287 5265 1500 5320 quoque
1543 5266 1656 5304 rem
1685 5250 1963 5321 aggredlao

331 5395 334 5397 λ
373 5353 528 5411 tnur,
555 5354 716 5416 atque
744 5343 806 5398 iis
825 5380 842 5410 ,
871 5354 990 5413 quas
1019 5357 1189 5413 nuper
1214 5341 1443 5397 diximus
1466 5378 1481 5407 ,
1513 5343 1786 5411 sequentia
1829 5357 1964 5397 cono

373 5449 667 5495 ﬂectamus.
701 5440 880 5495 Debeo
905 5439 1047 5493 enim
1074 5437 1224 5493 vobis
1246 5472 1262 5503 ,
1295 5446 1456 5508 atque
1497 5436 1612 5506 ipse
1659 5434 1784 5492 laeto
1811 5438 1963 5493 vobis

435 5568 510 5636 (α)
539 5563 717 5624 Collata
751 5576 992 5636 cumbas.
1036 5565 1198 5636 Regiis
1233 5567 1376 5630 2027,
1413 5576 1466 5621 et
1484 5565 1642 5636 3434,
1665 5568 1749 5636 qui
1771 5569 1962 5621 mendis

305 5674 318 5689 .
371 5631 545 5684 scatet;
570 5642 723 5695 Atque
742 5636 807 5684 ita
846 5634 1012 5684 differt
1026 5635 1090 5683 ab
1108 5631 1329 5683 editione
1352 5631 1552 5695 Morelli,
1573 5641 1626 5683 ut
1648 5631 1740 5682 alia
1765 5642 1962 5695 prorsus

371 5697 530 5745 series
573 5693 810 5757 videatur.
846 5695 1043 5746 Ilultum
1080 5697 1202 5745 item
1239 5693 1611 5757 Variat‘savilius
1635 5693 1785 5757 {qua}
1808 5705 1966 5757 magis

373 5759 648 5806 necessaria
669 5751 958 5808 videbantur
981 5758 1268 5807 notav'tmtIs.
1294 5750 1431 5806 Savil.
1459 5758 1529 5805 sic
1558 5749 1750 5807 titttltt'tn
1774 5749 1918 5807 eﬂ‘eri
1940 5762 1955 5804 ὲ

382 5817 445 5866 tte
460 5820 734 5882 pauitantia
753 5826 798 5872 et
815 5819 875 5871 de
891 5819 1186 5884 t'leentosyna
1211 5819 1405 5871 Imnu‘tia
1421 5824 1580 5870 sca-ta.

2063 2391 2246 2447 animo
2272 2391 2509 2448 debitum
2551 2396 2798 2464 persolvo
2825 2411 2838 2449 :
2873 2412 2978 2452 non
3008 2399 3150 2454 enim
3183 2399 3232 2454 id
3269 2401 3396 2456 mihi
3427 2401 3660 2474 inopiam

2063 2482 2240 2548 affert,
2270 2483 2367 2539 sed
2391 2483 2603 2540 divitias
2638 2487 2858 2558 colligit.-
2883 2488 2939 2544 ln
2969 2491 3203 2545 externis
3231 2494 3455 2563 negotiis
3484 2510 3513 2548 a
3539 2509 3658 2550 cre-

2061 2573 2325 2631 ditoribus
2352 2575 2622 2634 debitores
2650 2579 2855 2652 fugiunt
2877 2622 2894 2650 ,
2916 2597 3024 2652 quo
3060 2583 3235 2638 minus
3264 2586 3526 2654 reddant;
3556 2605 3659 2660 ego

2063 2681 2192 2721 vero
2245 2683 2558 2740 persequor,
2588 2681 2646 2726 ut
2685 2675 2902 2728 reddam
2928 2692 2942 2728 :
2973 2684 3028 2730 et
3051 2679 3240 2732 merito
3268 2679 3500 2748 quidem.
3524 2681 3656 2737 Nam

2064 2759 2262 2814 exteris
2289 2761 2340 2814 iu
2372 2763 2533 2818 rebus
2576 2766 2844 2821 restitutio
2887 2768 3119 2838 inopiam
3152 2772 3326 2839 parit;
3374 2772 3483 2844 ipsa
3527 2790 3657 2830 vero

2065 2855 2329 2908 sermonis
2353 2855 2679 2926 dispensatio
2706 2846 2871 2931 gignit
2912 2861 3140 2918 divitias.
3175 2865 3411 2936 Exempli
3451 2883 3606 2922 causa
3639 2885 3656 2924 τ

2065 2940 2236 3000 debeo
2255 2947 2464 3002 cuidam
2487 2952 2762 3016 pecuniam
2791 2970 2804 3006 :
2827 2952 2870 3006 si
2893 2955 3220 3022 perselvero,
3245 2958 3426 3027 nequit
3442 2969 3494 3012 et
3516 2959 3659 3030 apud

2066 3033 2216 3090 illum
2243 3052 2362 3092 esse
2389 3050 2549 3109 atque
2581 3041 2740 3096 etiam
2765 3043 2904 3114 apud
2933 3060 3047 3112 me,
3080 3046 3172 3100 sed
3202 3061 3230 3100 a
3257 3064 3342 3103 me
3370 3049 3658 3117 deﬁciens,

2067 3125 2143 3179 illi
2172 3126 2435 3193 adhaesit;
2468 3145 2768 3186 sermonem
2795 3149 2924 3188 vero
2949 3135 2993 3189 si
3016 3137 3342 3205 persolvere,
3369 3148 3423 3194 et
3447 3156 3658 3197 mecum

2067 3229 2334 3289 est,atque
2354 3237 2448 3275 vos
2474 3237 2662 3278 omnes
2692 3225 2932 3281 habetis:
2958 3224 3002 3282 si
3034 3244 3342 3286 sermonem
3368 3234 3657 3300 retinuere,

2069 3322 2242 3378 neque
2287 3313 2787 3381 communicavero,
2822 3325 2948 3372 tunc
2987 3318 3142 3388 inops
3189 3335 3344 3375 sum:
3376 3325 3420 3377 si
3449 3326 3656 3393 persold

2069 3409 2218 3468 vero,
2249 3409 2373 3456 tunc
2399 3402 2562 3458 ditior
2590 3405 2747 3472 ﬁam;
2776 3408 2820 3462 si
2856 3423 2960 3462 non
2991 3411 3301 3478 persolvere
3326 3427 3653 3478 sermonem,

2070 3491 2215 3546 solus
2244 3493 2359 3562 ipse
2386 3493 2591 3550 ditesce
2620 3513 2634 3552 :
2667 3497 2712 3553 si
2743 3501 3052 3570 persolvere
3071 3544 3088 3568 ,
3118 3518 3240 3558 cum
3282 3507 3527 3562 omnibus
3556 3523 3656 3563 ve-

2071 3582 2151 3637 bis
2178 3582 2406 3639 fructum
2439 3587 2635 3642 refero.

2143 3675 2324 3730 Multa!
2351 3681 2445 3732 cite
2471 3682 2790 3749 pwnitentiaz.
2824 3683 3073 3756 Exempla
3100 3700 3541 3759 praponuntur.——
3562 3691 3659 3747 Eia

2069 3783 2196 3836 ergo
2221 3768 2457 3825 debitum
2498 3772 2802 3830 reddamus.
2829 3777 3090 3843 Quidnam
3134 3779 3184 3833 id
3223 3790 3305 3835 est
3329 3782 3353 3835 ?
3380 3782 3453 3836 De
3479 3784 3656 3852 pinni-

2071 3860 2236 3913 teutia
2279 3859 2580 3917 sermonem
2613 3865 2937 3922 instituimus
2976 3883 3145 3938 nuper
3171 3884 3234 3926 ac
3262 3871 3489 3928 dixinius
3515 3877 3657 3944 quod

2069 3951 2251 4005 multa:
2280 3953 2545 4022 vari:cque
2580 3967 2704 4010 sunt
2731 3959 3058 4024 ptenitentia:
3093 3961 3223 4026 viae,
3261 3963 3448 4032 quibus
3490 3965 3661 4020 facilis

2070 4043 2226 4096 nobis
2268 4045 2414 4098 salus
2454 4047 2562 4099 ﬁat.
2597 4046 2728 4101 Nam
2771 4050 2814 4102 si
2855 4065 3014 4104 uuam
3056 4052 3210 4107 nobis
3237 4053 3468 4110 dedisset
3517 4056 3659 4113 Deus

2071 4134 2210 4188 viam
2235 4135 2578 4203 pteuitentize,
2607 4139 2986 4207 repulissemus
3007 4158 3124 4197 eam
3151 4144 3351 4214 utique,
3377 4145 3613 4202 dicentes
3642 4167 3657 4202 :

2071 4226 2362 4296 Nequimus
2421 4227 2560 4283 hanc
2608 4231 2850 4300 ingredi,
2909 4235 3104 4290 salvari
3157 4239 3456 4307 nequimus.
3509 4240 3664 4296 Nunc

2072 4321 2242 4389 Ipsam
2285 4319 2424 4376 hanc
2466 4330 2608 4376 tuam
2637 4334 2915 4393 amputans
2943 4327 3296 4397 objectionem
3318 4370 3331 4393 ,
3364 4345 3469 4386 nou
3499 4349 3659 4387 unaut

2073 4413 2163 4467 tibi
2188 4447 2206 4481 ,
2235 4429 2408 4486 neque
2434 4419 2723 4473 secundam
2749 4461 2762 4484 ,
2794 4435 2968 4492 neque
2997 4423 3204 4476 tertiam
3225 4465 3240 4489 ,
3265 4425 3359 4478 sed
3387 4425 3568 4494 plures
3595 4443 3664 4481 ac

2068 4504 2314 4560 diversas
2341 4506 2492 4562 dedit
2512 4549 2524 4570 ,
2555 4525 2662 4580 quo
2688 4512 3026 4567 multitudine
3051 4513 3143 4568 tibi
3171 4513 3238 4568 ad
3263 4516 3448 4570 crelum
3488 4515 3663 4571 facilis

2070 4610 2328 4654 ascensus
2355 4600 2463 4653 ﬁat.
2495 4600 2561 4655 Et
2586 4601 2896 4658 dicebamus
2919 4603 3124 4659 facilem
3149 4607 3536 4675 paenitentiam,
3564 4624 3663 4664 ne-

2070 4707 2175 4761 que
2216 4707 2352 4748 onus
2396 4694 2448 4748 in
2479 4710 2542 4750 ea
2569 4711 2708 4750 esse.
2739 4695 2997 4752 Peccator
3020 4713 3078 4753 es
3103 4699 3128 4749 ’ἱ
3163 4699 3442 4755 ecclesiam
3479 4701 3663 4771 ingre-

2069 4780 2199 4838 dere
2225 4801 2240 4836 :
2267 4783 2371 4850 dic,
2402 4785 2644 4852 Peccavi,
2668 4796 2722 4842 et
2746 4788 2952 4842 solvisti
2979 4800 3273 4857 peccatum.
3301 4789 3664 4846 Produximus

2069 4875 2211 4930 enim
2241 4885 2550 4946 peccantem
2581 4878 2772 4946 David,
2804 4888 2860 4935 et
2877 4880 3168 4936 solventem
3201 4890 3496 4951 peccatum.
3523 4881 3664 4938 Hinc

2069 4969 2359 5022 secundam
2391 4969 2714 5040 subjecimus
2743 4971 2900 5036 viam,
2925 4986 3086 5041 super
3115 4983 3386 5042 peccatum
3415 4973 3575 5038 flere,
3607 4985 3667 5028 et

2068 5060 2342 5116 diximus:
2370 5061 2624 5129 Quisnam
2656 5063 2742 5119 hic
2769 5064 2955 5120 labor?
2985 5082 3089 5119 non
3117 5068 3394 5136 pecuniam
3421 5082 3557 5136 opus
3583 5067 3669 5123 ef—

2068 5150 2307 5220 fundere,
2338 5170 2442 5208 non
2474 5154 2656 5226 longas
2686 5155 2761 5210 ire
2786 5156 2918 5221 vias,
2949 5173 3122 5228 neque
3151 5158 3291 5213 aliud
3315 5159 3439 5229 quid
3461 5173 3626 5229 agere
3644 5203 3664 5227 ,

2067 5245 2160 5299 sed
2191 5257 2464 5314 peccatum
2510 5247 2639 5304 ﬂere
2678 5248 2977 5304 dumtaxat.
3013 5250 3126 5306 Hoc
3154 5251 3220 5306 de
3257 5251 3526 5322 Scriptura
3576 5253 3665 5308 in-

2065 5337 2496 5408 dusimus,un
2528 5339 2580 5394 in
2609 5340 2826 5396 Achaab
2857 5341 2999 5396 Deus
3024 5343 3310 5398 consilium
3336 5346 3572 5409 mutarit,
3594 5361 3665 5399 co

2066 5431 2205 5500 quod
2236 5429 2473 5496 fleverit,
2507 5432 2652 5502 quod
2693 5443 2918 5489 measms
2964 5434 3157 5497 fuerit;
3186 5445 3344 5504 atque
3389 5434 3490 5490 hoc
3547 5436 3664 5504 ipse

2065 5520 2278 5578 dicebat
2296 5523 2426 5578 Elia:
2445 5540 2458 5576 :
2474 5521 2655 5578 Vidisti
2672 5534 2724 5577 ut
2739 5525 2993 5580 incesserit
3009 5525 3210 5580 Achaab
3229 5543 3396 5580 coram
3409 5543 3487 5580 me
3506 5528 3662 5596 ﬂens,

2065 5621 2112 5668 ct
2135 5616 2498 5670 contristatae?
2529 5617 2650 5672 Non
2701 5618 2890 5686 faciam
2918 5619 3191 5673 secundant
3237 5622 3366 5674 iram
3413 5636 3577 5674 meam
3615 5621 3662 5686 ‘,

2132 5811 2152 5852 θ
2184 5818 2232 5868 tn
2254 5813 2414 5880 savil.,
2440 5816 2703 5872 secundum
2726 5819 2852 5872 iram
2869 5831 3026 5872 meam
3043 5832 3188 5885 quam
3211 5818 3341 5873 dixi.
