4046 6396
379 335 475 394 23!

380 447 778 521 περικείμενος,
792 449 819 503 6
836 447 1023 511 στῦλος
1048 446 1154 499 τῶν
1178 444 1531 516 Ἐκκλησιῶν,
1551 444 1580 497 6
1606 444 1844 513 ἐπίγειος
1859 443 1951 512 ἆγ-

379 533 553 602 γελος,
571 534 600 585 6
614 534 932 603 ἐπουράνιος
947 532 1040 587 ἄνθ
1049 547 1246 603 ρωπος.
1265 530 1461 592 Ἡδέως
1473 528 1543 597 γά
1552 547 1581 600 ρ
1591 529 1775 581 λοιπὸν
1786 527 1952 581 ἐνδια-

379 616 548 686 τρίϐω
570 615 649 687 τῷ
668 615 843 687 ἀνδρὶ,
871 616 1090 685 θεωρῶν
1114 613 1279 666 αὑτοῦ
1304 614 1364 666 τὸ
1386 611 1582 675 κάλλος
1602 612 1701 683 τῆς
1728 612 1948 682 ἀρετῆς.

380 696 674 768 Οὐχοῦτως
689 699 837 769 ἥλιος
859 698 1145 760 ἀνατείλας
1180 695 1275 748 καὶ
1330 695 1589 768 λαμπρὰς
1624 696 1805 767 ἀφιεὶς
1852 693 1953 757 τὰς

370 778 881 851 ἀκτῖναςεὺφραίνει
899 794 1002 846 μου
1019 780 1119 843 τὰς
1132 776 1302 847 ὄψεις,
1321 775 1397 839 ὼς
1408 786 1468 830 το
1485 777 1775 847 πρόσωπον
1805 777 1922 830 Παύ
1940 806 1955 818 -

382 862 473 916 λου
506 862 839 931 καταυγάζει
873 880 973 933 μου
1008 861 1105 932 τὴν
1144 861 1418 917 διάνοιαν»
1452 862 1481 914 6
1523 860 1620 932 μὲν
1661 860 1769 931 γὰρ
1804 859 1954 929 ἥλιος

381 947 481 1012 τὰς
512 947 661 1017 ὄψεις
693 946 937 1017 φωτίζει,
964 948 991 999 6
1022 946 1078 998 δὲ
1116 944 1328 1008 Παῦλος
1362 947 1440 1014 είς
1470 943 1640 1008 αὑτὰς
1660 946 1957 1013 ἀναπτεροῖ

382 1033 480 1098 τὰς
508 1035 704 1104 ἁψῖδας
729 1034 838 1086 τῶν
863 1032 1109 1103 οὐρανῶν
1127 1050 1142 1065 ·
1176 1031 1272 1103 τὴν
1301 1032 1412 1102 γὰρ
1429 1029 1607 1101 ψυχὴν
1642 1030 1734 1082 καὶ
1759 1028 1957 1100 ὑψηλο-

381 1118 545 1188 τέραν
575 1116 669 1169 τοῦ
697 1117 850 1187 ἡλίου
878 1115 1272 1187 ἀπεργάζεται,
1304 1117 1399 1168 καὶ
1432 1114 1711 1184 ἀνωτέραν
1739 1112 1839 1182 τῆς
1872 1129 1958 1163 σε-

382 1199 549 1271 λήνης
572 1216 586 1230 ·
623 1198 849 1269 τοιαύτη
879 1199 989 1270 γάρ
1018 1201 1050 1270 ἡ
1080 1199 1309 1270 δύναμις
1330 1200 1425 1269 τῆς
1459 1198 1661 1267 ἀρετῆς
1680 1214 1692 1226 ·
1734 1195 1963 1264 ἄγγελον

381 1281 473 1337 τὸν
502 1282 784 1353 ἄνθρωπον
810 1285 974 1347 ποιεῖ,
1006 1283 1107 1352 τὴν
1136 1282 1314 1352 ψυχὴν
1337 1282 1635 1350 ἀναπτεροῖ
1656 1281 1735 1341 είς
1766 1278 1856 1330 τὸν
1876 1279 1965 1329 ού-

385 1368 564 1439 ρανόν.
592 1366 808 1436 Ταύτην
838 1367 939 1438 τὴν
972 1365 1172 1437 ἀρετὴν
1203 1365 1443 1418 διδάσκει
1478 1365 1626 1435 ἡμᾶς
1657 1368 1685 1416 6
1708 1363 1917 1424 Παῦλος
1946 1378 1959 1392 ·

384 1450 775 1520 σπουδάσωμεν
825 1450 1063 1521 ζηλωταὶ
1107 1448 1270 1502 αὑτοῦ
1311 1447 1562 1516 γενέσθαι
1605 1447 1704 1517 τῆς
1736 1446 1957 1516 ἀρετῆς.

399 1533 537 1588 Ἀλλ’
574 1535 631 1586 οὑ
664 1533 743 1586 δεῖ
777 1533 1012 1600 ἐξελθεῖν
1042 1534 1188 1604 ἡμᾶς
1221 1531 1314 1584 τοῦ
1345 1529 1715 1602 προκειμένου
1745 1544 1757 1557 ·
1788 1527 1959 1593 δεῖξαι

1482 330 1572 386 DE
1616 328 2102 388 ELEEMOSYNA.
2145 325 2376 384 IIOMIL.
2416 321 2504 383 Ill.

3523 322 3627 379 9.92

2055 445 2164 515 760
2194 438 2260 513 ἦν
2285 444 2312 494 6
2344 439 2545 502 σκοπὸς
2574 436 2760 509 τρίτην
2786 434 2901 489 ὁδὸν
2929 432 3217 506 μετανοίας
3241 432 3340 506 τήν
3380 455 3629 495 ταπεινο-
3724 444 3735 450 ”

2057 524 2349 595 φροσύνην,
2381 524 2461 575 ὅτι
2486 524 2513 575 ὁ
2534 519 2773 590 τελώνης
2803 521 2902 572 οὑκ
2934 517 3481 589 ἐταπεινοφρόνησεν,
3515 522 3631 574 ἀλλ’

2057 609 2315 678 ἀλήθειαν
2357 602 2498 670 εἷπε,
2535 604 2633 666 τὰς
2675 603 2809 666 ἰδίας
2842 599 3118 673 ἁμαρτίας
3144 600 3439 671 γυμνώσας
3462 613 3510 666 ει,
3542 602 3638 657 καὶ

2057 694 2262 755 δίκαιος
2280 690 2520 758 ἐγένετο,
2550 688 2611 741 ού
2632 688 2894 758 χρήματα
2917 682 3260 747 καταϐαλὼν,
3282 683 3406 737 οὔτε
3430 684 3640 756 πελάγη

2059 775 2348 847 διατεμὼν,
2384 773 2510 827 οὕτε
2554 771 2752 841 πολλὴν
2780 770 2899 823 ὁδὸν
2937 768 3211 832 πεζεύσας
3233 810 3248 834 ,
3282 766 3406 820 οὗτε
3441 767 3645 840 ἄπειρα

2057 861 2271 930 πελάγη
2301 858 2545 929 περάσας
2564 896 2579 920 ,
2616 852 2738 908 οὔτε
2787 852 2972 922 φίλους
3007 850 3268 915 ἀξιώσας,
3298 849 3421 905 οὔτε
3453 851 3648 922 χρόνον

2059 943 2228 997 πολὺν
2266 939 2681 1003 καταναλώσας,
2724 936 2860 990 ἀλλὰ
2900 935 2987 988 διὰ
3017 933 3522 1005 ταπεινοφροσύνης
3564 934 3646 986 δι-

2061 1022 2352 1090 καιοσύνην
2383 1022 2672 1090 ἐκτήσατο,
2708 1014 3069 1081 καταξιωθεὶς
3096 1017 3196 1085 τῆς
3225 1014 3505 1084 βασιλείας
3531 1013 3645 1066 τῶν

2061 1106 2333 1179 οὐρανῶν·
2358 1100 2425 1175 ἦς
2459 1102 2672 1171 γένοιτο
2710 1102 2919 1163 πάντας
2948 1102 3097 1170 ἡμᾶς
3132 1102 3432 1168 ἐπιτυχεῖν,
3458 1097 3647 1168 χάριτι

2062 1191 2156 1244 καὶ
2186 1187 2567 1259 φιλανθρωπίᾳ
2596 1184 2690 1239 τοῦ
2723 1184 2932 1256 Κυρίου
2970 1182 3126 1253 ἡμῶν
3170 1182 3344 1252 Ἰησοῦ
3380 1179 3643 1251 Χριστοῦ,

2060 1269 2104 1342 ᾧ
2129 1276 2161 1345 ή
2194 1272 2318 1338 δόξα
2352 1272 2444 1324 καὶ
2468 1271 2527 1324 τὸ
2550 1270 2749 1340 κράτος
2772 1269 2850 1331 είς
2870 1270 2993 1331 τοὺς
3028 1268 3231 1329 αἰῶνας
3260 1265 3371 1318 τῶν
3402 1263 3639 1318 αἰώνων.

2071 1359 2129 1412 Ἀ
2139 1358 2267 1429 μήν.

2121 1538 2148 1567 ⁸
2172 1538 2322 1585 Savil.
2351 1536 2716 1595 ἀπογυμνώσας.

2372 1695 3649 1725 Μ

1434 1881 1463 1911 ⁸
1494 1872 1723 1963 ΤΟΥ
1779 1870 2155 1958 ΑΥΤΟΥ
2218 1866 2585 1953 ΛΟΓΟΣ

1190 2084 1346 2159 [294]
1380 2083 1516 2153 Περὶ
1548 2080 1998 2152 ἐλεημοσύνης,
2033 2075 2129 2128 καὶ
2159 2078 2244 2140 είς
2281 2074 2388 2139 τὰς
2419 2072 2564 2127 δέκα
2599 2070 2950 2140 παρθένους.

974 2386 1205 2455 Ὀμιλία
1234 2392 1303 2453 γ’.

392 2519 461 2569 α’.
497 2512 640 2584 Ἃρα
675 2508 1058 2576 οἴδατε,πὸθεν
1088 2511 1220 2579 ἡμῖν
1250 2511 1277 2561 6
1301 2508 1456 2577 λόγος
1486 2509 1676 2583 πρώην
1707 2511 1928 2583 ἤρξατο,
1960 2514 1990 2583 ἢ

324 2604 423 2658 ποῦ
457 2602 749 2656 κατέλυσεν
781 2596 834 2664 δ,
862 2598 895 2667 ἢ
927 2602 991 2651 ἐκ
1022 2597 1179 2660 ποίας
1204 2596 1513 2659 ὑποθέσεως
1543 2600 1623 2662 εἰς
1649 2599 1806 2653 ποίαν
1837 2600 1993 2671 ἔληξε

323 2693 391 2745 τὰ
420 2692 518 2761 τῆς
554 2687 824 2760 προτέρας
858 2686 1073 2759 ὁμιλίας
1107 2685 1360 2755 ρήματα;
1413 2685 1551 2737 Ἀλλ’
1586 2686 1731 2756 ὑμᾶς
1777 2688 1875 2758 μὲν
1904 2706 1991 2741 νο-

328 2778 471 2849 μίζω
512 2774 862 2843 ἐπιλελῆσθαι
909 2774 1012 2825 ποῦ
1054 2774 1186 2842 ἡμῖν
1223 2774 1252 2824 6
1284 2772 1439 2838 λόγος
1488 2773 1851 2828 κατέπαυσεν·
1884 2774 1997 2843 ἐγὼ

325 2864 382 2917 δὲ
400 2860 537 2932 οἶδα,
562 2862 654 2915 καὶ¹
675 2862 774 2913 οὑκ
790 2858 1049 2929 αἰτιῶμαι
1076 2858 1220 2927 ὑμᾶς
1241 2858 1300 2910 ἐν
1331 2858 1505 2928 τούτῳ
1529 2857 1651 2910 ούδέ
1678 2861 1992 2931 κατηγορῶ.

327 2951 597 3011 Ἕκαστος
619 2947 727 3016 γὰρ
750 2945 902 3015 ὑμῶν
921 2948 1155 3013 γυναῖκα
1178 2944 1311 3014 ἔχει,
1338 2944 1431 2997 καὶ
1454 2943 1661 2997 παίδων
1684 2946 1993 3016 ἀντέχεται,

326 3038 421 3091 καὶ
449 3035 555 3088 τῶν
593 3035 722 3105 περὶ
746 3034 838 3086 τὸν
866 3028 1016 3085 οἵκον
1048 3029 1326 3100 φροντίζει
1352 3041 1375 3069 α
1409 3031 1654 3085 πάντων·
1690 3032 1741 3084 οἱ
1776 3032 1874 3102 μὲν
1903 3032 1997 3085 καὶ

325 3127 385 3178 ἐν
417 3123 726 3195 στρατείαις
756 3120 1134 3191 ἀσχολοῦνται,
1182 3118 1331 3172 ἄλλοι
1373 3119 1430 3173 δέ
1477 3118 1813 3189 χειροτέχναι
1846 3119 1952 3172 είσί
1980 3135 1995 3150 ·

327 3213 421 3265 καὶ
466 3212 545 3276 εἰς
592 3210 879 3279 διαφόρους
932 3208 1121 3279 χρείας
1169 3208 1402 3269 ἕκαστος
1459 3206 1613 3275 ὑμῶν
1666 3206 1993 3277 ἀσχολεῖται.

340 3302 527 3372 Ἡμεῖς
557 3300 613 3353 δέ
651 3301 708 3352 ἐν
736 3298 947 3360 τούτοις
978 3295 1347 3367 στρεφόμεθα.
1385 3297 1478 3349 καὶ
1501 3298 1560 3348 ἐν
1596 3295 1809 3359 τούτοις
1841 3297 2000 3368 μελε-

326 3389 531 3460 τῶμεν,
575 3388 670 3442 καὶ
701 3389 759 3441 ἐν
802 3386 1013 3448 τούτοις
1052 3385 1144 3437 τὸν
1183 3385 1370 3454 χρόνον
1420 3384 1576 3454 ήμῶν
1618 3384 1995 3455 διατρίϐομεν·

326 3476 468 3530 ὥστε
494 3477 555 3528 οὑ
590 3474 860 3546 μεμπτέοι
896 3473 1018 3526 ἐστέ
1048 3474 1103 3525 ἐν
1134 3471 1331 3541 τούτῳ,
1369 3472 1481 3524 ἀλλ’
1520 3473 1822 3525 ἐπαινετέοι
1848 3475 1904 3525 ἐν
1931 3475 1998 3544 τῇ

330 3564 555 3635 σπουδῇ,
593 3564 674 3618 ὅτι
714 3563 837 3615 οὑδέ
883 3562 1011 3631 μίαν
1046 3561 1191 3632 ἡμᾶς
1222 3550 1504 3631 Κύριακὴν
1536 3560 1998 3630 καταλιμπάνετε,

327 3654 466 3710 ἀλλά
497 3655 716 3709 πάντων
751 3651 1222 3724 καταφρονοῦντες
1258 3652 1338 3712 είς
1368 3650 1664 3721 ἐκκλησίαν
1695 3651 1995 3704 ἀπαντᾶτε.

329 3740 500 3798 Τοῦτο
521 3743 630 3816 760
656 3743 912 3815 μέγιστον
935 3740 1208 3810 ἐγκώμιόν
1226 3742 1343 3792 ἐστι
1366 3739 1465 3808 τῆς
1480 3737 1756 3809 ἡμετέρας
1770 3736 1997 3804 πόλεως,

329 3834 390 3886 οὑ
416 3832 477 3886 τὸ
520 3831 786 3903 θορύϐους
828 3830 971 3901 ἔχειν
1009 3829 1104 3882 καὶ
1128 3827 1458 3899 προάστεια,
1484 3826 1602 3879 ούδέ
1632 3825 2001 3898 χρυσορόφους

331 3920 515 3984 οἴκους
552 3921 649 3973 καὶ
683 3918 1010 3991 τρικλίνους,
1057 3916 1193 3970 ἀλλά
1228 3916 1287 3968 τὸ
1324 3914 1468 3985 ἔχειν
1505 3913 1677 3984 δῆμον
1720 3914 2003 3967 σπουδαῖον

333 4007 429 4061 καὶ
461 4006 904 4076 διεγηγερμένον.
941 4005 1014 4057 Οὐ
1059 4002 1167 4073 γὰρ
1210 4003 1274 4054 ἐκ
1308 4001 1416 4054 τῶν
1451 3999 1667 4069 φύλλων
1711 4000 1813 4071 τὴν
1842 4000 2004 4067 εὑγέ-

332 4111 482 4147 νειαν
511 4093 603 4146 τοῦ
640 4092 879 4163 δένδρου,
908 4090 1022 4144 ἀλλ’
1061 4091 1125 4143 ἐκ
1150 4089 1260 4143 τῶν
1292 4088 1519 4160 καρπῶν
1546 4087 2002 4157 ἐπιγινώσκομεν.

334 4179 432 4234 Διὰ
452 4178 611 4232 τοῦτο
633 4177 743 4248 γὰρ
775 4178 883 4231 τῶν
917 4177 1131 4245 ἀλόγων
1160 4175 1314 4240 ζώων
1345 4175 1797 4247 προτετιμήμεθα
1840 4176 1896 4227 ἐν
1930 4174 2007 4245 τῷ

334 4269 494 4335 λόγον
525 4265 686 4336 ἔχειν,
719 4265 816 4318 καὶ
841 4265 998 4332 λόγου
1039 4262 1499 4333 μεταλαμϐάνειν,
1529 4262 1623 4314 καὶ
1644 4261 1803 4329 λόγου
1838 4263 1968 4331 ἐρᾷν
1990 4277 2002 4291 ·

336 4354 622 4425 ἄνθρωπος
657 4351 767 4423 γὰρ
817 4351 892 4421 μὴ
930 4350 1071 4420 ἐρῶν
1109 4350 1292 4417 λόγου,
1342 4351 1476 4402 πολὺ
1525 4347 1866 4419 ἀλογώτερος
1899 4349 2007 4401 τῶν

341 4441 549 4512 κτηνῶν
583 4443 732 4504 ἐστι,
768 4441 842 4511 μὴ
871 4440 1025 4502 εἰδὼς
1057 4439 1146 4492 διὰ
1172 4436 1225 4490 τί
1255 4436 1488 4510 ἐτιμήθη
1508 4477 1522 4501 ,
1557 4437 1652 4491 καὶ
1695 4436 1857 4491 πόθεν
1898 4438 2009 4507 ἐχει

337 4528 435 4599 τὴν
459 4528 644 4597 τιμήν.
676 4526 786 4579 Καὶ
828 4525 1009 4588 καλῶς
1037 4524 1221 4593 ἔλεγεν
1255 4527 1283 4577 6
1314 4526 1599 4596 προφήτης
1623 4540 1636 4555 ·
1667 4525 2011 4591 Ἀνθρωπος

338 4615 409 4666 ἑν
428 4613 567 4684 τιμῇ
588 4614 674 4668 ὢν
697 4616 769 4667 οὐ
797 4612 1056 4680 συνῆκε·
1082 4612 1586 4680 παρασυνεϐλήθη
1613 4607 1739 4675 τοῖς
1762 4610 2012 4678 κτήνεσι

344 4701 467 4768 τοῖς
491 4701 791 4767 ἀνοήτοις,
823 4703 920 4753 καί
950 4698 1213 4769 ὡμοιώθη
1256 4698 1481 4765 αὐτοῖς.
1514 4697 1831 4767 Ἀνθρωπος
1872 4697 2015 4765 λογι-

345 4789 439 4854 κὸς
462 4788 556 4853 ῶν,
585 4789 746 4857 λόγου
776 4790 877 4842 οὑκ
912 4790 1075 4859 ἐρᾷς;
1107 4785 1227 4839 είπέ
1259 4804 1368 4856 μοι,
1404 4786 1499 4839 καὶ
1527 4784 1686 4838 ποίαν
1715 4783 1856 4848 ἐξεις
1886 4801 2017 4850 συγ-

347 4877 607 4949 γνώμην;
660 4878 822 4929 Ὥστε
871 4877 1026 4946 ὑμεῖς
1077 4875 1202 4945 ἐμοὶ
1246 4875 1460 4927 πάντων
1507 4871 1921 4942 ἀναγκαιότεροι
1968 4872 2013 4922 οἱ

348 4964 483 5035 πρὸς
518 4963 609 5019 τὸν
632 4966 787 5033 λόγον
809 4967 906 5035 τῆς
938 4962 1141 5033 ἀρετῆς
1178 4960 1665 5030 ἀναπτερούμενοι,
1700 4958 1797 5011 καὶ
1835 4958 2014 5010 πάντα

350 5049 458 5104 τῶν
519 5050 682 5104 θείων
743 5049 919 5118 λόγων
977 5049 1205 5119 δεύτερα
1262 5047 1521 5110 τιθέντες.
1581 5045 1717 5117 Φέρε
1773 5041 1867 5098 οὖν
1922 5043 2018 5096 καὶ

350 5139 507 5209 ἡμεῖς
536 5139 633 5208 τῆς
666 5136 972 5199 ὑποθέσεως
1002 5135 1269 5206 ἁψώμεθα
1288 5173 1303 5201 ,
1333 5135 1426 5187 καὶ
1455 5132 1563 5186 τῶν
1594 5132 1785 5204 πρώην
1826 5130 2018 5203 ρηθέν-

409 5272 531 5354 ⁸ῌξὶβ
549 5287 605 5354 ες
620 5274 776 5351 pabel
787 5276 847 5354 jn
874 5274 1059 5323 Savilio
1084 5272 1259 5322 titulus
1284 5290 1296 5319 :
1330 5272 1449 5336 Περὶ
1490 5268 1739 5333 μετανοίας
1774 5270 1856 5317 καὶ
1882 5269 2016 5325 ἐλεη-

353 5338 558 5398 μοσύνης
580 5338 719 5397 λόγος
747 5338 815 5384 τ’.
1401 5391 1425 5401 __

356 5458 376 5467 _
412 5396 443 5435 ιι
466 5397 647 5467 gon-el;
666 5398 786 5445 ὅπου
804 5397 1084 5467 κατέλυσενἶ
1106 5394 1260 5467 δυγὶι.
1275 5395 1315 5467 ,ἣ
1336 5410 1431 5441 που
1457 5393 1837 5467 κατῇηξεηπὶδβ.
1874 5391 2013 5467 “Reg;

352 5458 383 5515 ἢ
517 5460 790 5527 κατέλυσεν.
819 5457 1012 5527 D_eipde
1055 5458 1205 5527 SpV“:
1246 5458 1317 5527 si_c
1340 5453 1664 5527 Q-ergitnnéﬁsv
1695 5453 1947 5527 ἠρξάμεθα,
1985 5455 2013 5522 ᾖ

353 5518 447 5581 ποῦ
480 5520 809 5581 ἐπαυσάμεθας
841 5522 872 5576 ἢ
914 5521 967 5567 ἐκ
1008 5518 1146 5574 ποίας
1186 5520 1320 5566 ὑποθ.
1342 5515 1459 5565 Mss}
1506 5516 1629 5578 Reg.
1672 5515 1836 5564 autem
1872 5515 1901 5570 ἢ
1924 5515 2017 5561 ποῦ

356 5580 659 5642 ἐπαυσάμεθα
670 5580 765 5638 τῆς
783 5582 1026 5643 προτέρας.

422 5644 446 5672 ⁸
472 5636 620 5690 δεῦἱι.
648 5636 736 5690 καὶ.
770 5636 904 5704 οῐᾶιου
927 5636 1171 5704 φροντίζει.
1222 5641 1360 5704 Unus
1377 5638 1508 5704 Beg.
1541 5639 1621 5704 καῖ
1644 5640 1705 5685 τά
1742 5638 1862 5704 περὶ»
1888 5636 2019 5704 οἷκον

358 5704 582 5762 φροντίζει
605 5704 804 5751 ἅπαντα.
830 5698 945 5751 Mox'
963 5698 1098 5751 'idem
1122 5704 1255 5752 ἄλλοι
1298 5703 1348 5751 δὲ
1370 5702 1416 5750 ἐν
1436 5698 1765 5763 χειροτέχναις,
1788 5698 1866 5747 καί
1895 5698 1993 5754 εἰς..
2012 5738 2017 5745 .

322 5780 327 5783 ‘
356 5765 487 5825 ὑμῶν
512 5764 866 5829 ἀναστρέφεται,
899 5766 976 5811 καὶ
1005 5766 1081 5819 εἰς.

2005 2239 2077 2253 ,σ-

2097 2410 2205 2446 των
2256 2390 2324 2445 τὰ
2380 2388 2645 2443 ἀκόλουθα
2697 2386 2978 2454 εἴπωμεν·
3020 2380 3276 2453 χρεωστῶ
3326 2379 3434 2450 γὰρ
3487 2379 3644 2448 ὑμῖν,
3673 2375 3769 2431 καὶ

2099 2482 2266 2551 ἡδέως
2300 2477 2620 2531 καταϐάλλω
2653 2479 2712 2528 τὸ
2762 2474 2953 2544 χρέος·
2983 2473 3042 2525 οὑ
3092 2470 3201 2541 γὰρ
3252 2470 3440 2522 πενίαν
3466 2485 3555 2538 μοι
3576 2467 3751 2537 φέρει,

2097 2570 2232 2624 άλλά
2268 2569 2495 2622 πλοῦτον
2526 2566 2768 2633 συνάγει.
2830 2564 2954 2617 Ἐπὶ
2993 2563 3101 2634 γὰρ
3140 2561 3247 2615 τῶν
3276 2560 3475 2624 ἔξωθεν
3509 2558 3769 2629 πραγμα-

2095 2676 2203 2711 των
2249 2658 2297 2709 οί
2331 2656 2602 2727 χρεῶσται
2634 2652 2892 2722 φεύγουσι
2938 2652 3063 2713 τοὺς
3111 2646 3395 2710 δανειστὰς
3427 2645 3565 2713 πρὸς
3598 2645 3659 2697 τὸ
3695 2644 3769 2714 μὴ

2095 2745 2408 2809 ἀποδοῦναι,
2457 2743 2568 2812 ἐγὼ
2622 2743 2677 2795 δέ
2728 2737 3049 2793 καταδιώκω
3088 2738 3169 2800 εἰς
3217 2736 3277 2788 τὸ
3306 2732 3635 2795 ἀποδοῦναι,
3676 2732 3772 2784 καὶ

2100 2833 2246 2904 μάλα
2286 2849 2350 2900 γε
2407 2830 2663 2893 εἰκότως·
2700 2828 2794 2880 ἐπὶ
2826 2825 2937 2896 γὰρ
2979 2825 3084 2878 τῶν
3119 2822 3319 2889 ἔξωθεν
3355 2820 3698 2893 πραγμάτων
3737 2820 3772 2888 ή

2097 2921 2353 2982 ἀπόδοσις
2385 2918 2576 2971 πενίαν
2600 2914 2917 2986 ἐργάζεται,
2938 2912 3031 2964 ἐπὶ
3056 2911 3113 2964 δὲ
3139 2911 3233 2963 τοῦ
3252 2908 3412 2977 λόγου
3446 2910 3481 2979 ή
3512 2906 3773 2967 ἀπόδοσις

2098 3006 2326 3061 πλοῦτον
2355 3007 2537 3076 γεννᾷ.
2579 2999 2703 3056 Οἷόν
2737 3020 2790 3054 τι
2835 3000 3002 3068 λέγω·
3049 2999 3314 3070 χρήματα
3358 2993 3619 3067 χρεωστῶ
3642 3007 3767 3076 τινι·

2096 3095 2267 3148 ταῦτα
2299 3074 2396 3146 ἐὰν
2430 3074 2745 3155 καταϐάλω,
2779 3091 2838 3142 οὑ
2865 3087 3091 3142 δύναται
3135 3085 3227 3137 καὶ
3254 3083 3383 3152 παρ’
3412 3080 3608 3149 ἐκείνῳ
3630 3074 3772 3130 εἶναι

2097 3183 2195 3236 καὶ
2216 3183 2349 3253 παρ’
2379 3182 2523 3251 ἐμοὶ,
2547 3179 2661 3232 611‘
2677 3179 2771 3233 ἀπ’
2804 3176 2936 3248 ἐμοῦ
2965 3174 3064 3246 μέν
3096 3170 3470 3243 ἀνεχώρησεν,
3497 3165 3693 3253 ἐκείνῳ
3714 3166 3772 3217 δὲ

2098 3267 2386 3339 ἐκολλήθη·
2417 3267 2576 3335 λόγον
2597 3266 2654 3318 δέ
2684 3264 2779 3317 ἐὰν
2818 3259 3135 3323 καταϐάλω,
3166 3257 3262 3310 καὶ
3311 3256 3427 3325 μετ’
3460 3252 3595 3325 ἐμοῦ
3632 3254 3770 3339 ἐστι,

2099 3356 2195 3408 καὶ
2224 3337 2425 3417 πάντες
2450 3353 2613 3406 αὑτὸν
2636 3350 2811 3422 ἔχετε·
2846 3348 2941 3401 ἐὰν
2974 3345 3235 3414 κατάσχω
3262 3342 3353 3395 τὸν
3381 3340 3539 3407 λόγον
3573 3337 3666 3390 καὶ
3698 3338 3772 3405 μὴ

2105 3441 2338 3513 μεταδῶ,
2370 3442 2491 3494 τότε
2522 3440 2694 3510 πένης
2718 3438 2855 3509 εἰμὶ,
2884 3438 3013 3490 ὅταν
3037 3435 3093 3488 δέ
3117 3429 3431 3490 καταϐάλω,
3464 3426 3586 3513 τότε
3620 3424 3776 3513 εὑπο·

2106 3509 2340 3602 ρώτερος
2368 3529 2611 3597 γίνομαι·
2634 3509 2731 3578 ἐὰν
2765 3524 2840 3595 μὴ
2864 3522 3155 3577 καταϐάλω
3180 3518 3272 3572 τὸν
3303 3516 3484 3583 λόγον,
3514 3511 3646 3602 Δτότε
3680 3509 3779 3602 μό-

2103 3597 2193 3680 νος
2226 3597 2462 3677 πλουτῶ,
2494 3612 2591 3665 ἐὰν
2615 3612 2673 3665 δὲ
2698 3608 2991 3664 καταϐάλω
3009 3648 3024 3672 ,
3079 3610 3214 3677 μετά
3257 3602 3477 3656 πάντων
3505 3597 3659 3668 ὑμῶν
3684 3599 3776 3650 τὸν

2103 3702 2316 3774 καρπὸν
2346 3700 2713 3770 ἀποφέρομαι.

2170 3771 2306 3859 Φέρε
2337 3782 2431 3841 οὖν
2482 3784 2772 3856 ἀποδῶμεν
2815 3781 2877 3835 τὸ
2918 3782 3097 3852 χρέος·
3141 3781 3194 3833 τί
3232 3778 3288 3831 δέ
3314 3772 3380 3848 ἦν
3413 3771 3563 3847 [295]
3586 3771 3776 3835 τοῦτος

2105 3876 2240 3946 Περὶ
2270 3874 2558 3946 μετανοίας
2587 3871 2680 3927 τὸν
2722 3870 2879 3939 λόγον
2920 3868 3301 3937 ἐγυμνάζομεν
3331 3862 3521 3934 πρώην
3550 3860 3641 3912 καὶ
3664 3859 3780 3909 ἐλε-

2105 3945 2294 4034 γομεν,
2344 3964 2426 4015 ὅτι
2469 3959 2661 4013 πολλαὶ
2711 3959 2806 4012 καὶ
2863 3957 3107 4009 ποικίλαι
3163 3953 3274 4005 ὁδοὶ
3322 3952 3422 4019 τῆς
3470 3945 3777 4034 μετανοίας,

2106 4031 2193 4103 ἵνα
2244 4048 2465 4111 εὔκολος
2518 4047 2650 4118 ἡμῖν
2694 4045 2922 4115 γένηται
2972 4046 3004 4112 ἡ
3053 4039 3317 4110 σωτηρία.
3377 4038 3440 4089 El
3489 4034 3597 4104 γὰρ
3651 4031 3780 4118 μίαν

2109 4140 2239 4208 ἡμῖν
2290 4136 2487 4189 ἔδωκεν
2533 4116 2650 4187 όδὸν
2687 4134 2715 4185 6
2752 4132 2885 4193 Θεὸς
2927 4127 3235 4199 μετανοίας,
3287 4119 3663 4191 ἀνεϐαλόμεθα
3710 4116 3777 4208 ἄν

2108 4206 2374 4293 λέγοντες·
2404 4223 2478 4282 Οὑ
2527 4219 2807 4292 δυνάμεθα
2849 4219 3055 4286 ταύτην
3091 4214 3388 4284 μετελθεῖν,
3436 4212 3673 4281 σωθῆναι
3716 4206 3781 4260 οὑ

2109 4310 2401 4381 δυνάμεθα·
2432 4306 2528 4360 νῦν
2561 4307 2617 4360 δέ
2645 4307 2931 4361 ἐκκόπτων
2969 4321 3062 4356 σου
3106 4304 3205 4373 τὴν
3234 4301 3509 4371 πρόφασιν
3538 4297 3745 4367 ταύτην
3770 4336 3783 4362 τ

2111 4402 2171 4453 οὑ
2198 4400 2328 4470 μίαν
2363 4414 2444 4449 σοι
2478 4395 2676 4449 δέδωκε
2708 4395 2864 4465 μόνον
2887 4392 3025 4453 ὁδὸν,
3047 4390 3165 4444 οὑδὲ
3190 4390 3473 4459 δευτέραν,
3510 4387 3633 4439 οὑδέ
3661 4384 3782 4455 τρί-

2112 4503 2231 4556 την,
2260 4482 2395 4538 ἁλλά
2416 4480 2617 4545 πολλὰς
2644 4480 2740 4534 καὶ
2766 4478 3078 4549 διαφόρους,
3102 4477 3191 4531 ἴνα
3216 4477 3294 4544 τῷ
3326 4474 3520 4544 πλήθει
3554 4471 3781 4525 εὔκολόν

2116 4600 2198 4635 σοι
2224 4581 2425 4650 ποιήσῃ
2456 4577 2555 4649 τὴν
2590 4576 2853 4631 ἀνάϐασιν
2882 4575 2981 4645 τὴν
3010 4576 3091 4637 είς
3119 4572 3211 4626 τὸν
3240 4571 3490 4642 οὐρανόν.
3518 4568 3630 4622 Καὶ¹
3660 4568 3782 4621 ἐλέ-

2113 4687 2280 4740 γομεν
2314 4669 2396 4722 ὅτι
2424 4665 2645 4729 εὔκολος
2669 4666 2703 4735 ἡ
2730 4663 3009 4735 μετάνοια,
3027 4662 3123 4716 καὶ
3146 4660 3301 4715 οὐδὲν
3335 4659 3500 4730 βάρος
3532 4660 3588 4710 ἐν
3621 4657 3779 4723 αὐτῇ.

2126 4752 2476 4826 Ἀμαρτωλὺς
2506 4748 2582 4818 εἷ;
2632 4751 2841 4804 εἴσελθε
2881 4751 2960 4814 είς
3017 4749 3119 4821 τὴν
3173 4746 3491 4817 ἐκκλησίαν,
3546 4744 3667 4797 εἰπέ
3703 4744 3783 4803 ὅτι

2116 4842 2436 4913 ἡμάρτηκα,
2468 4839 2562 4893 καὶ
2586 4838 2783 4901 ἔλυσας
2810 4836 2909 4908 τὴν
2944 4836 3240 4908 ἁμαρτίαν.
3275 4833 3387 4886 Καὶ
3421 4832 3531 4902 γὰρ
3564 4834 3659 4883 καὶ
3695 4830 3786 4881 τὴν

2117 4928 2278 4981 Δαυῒδ
2296 4928 2691 4998 παρηγάγομεν
2709 4928 2787 4988 είς
2812 4926 2974 4996 μέσον
3004 4923 3422 4994 ἀμαρτήσαντα,
3442 4920 3538 4973 καὶ
3551 4918 3789 4971 λύσαντα

2117 5027 2213 5097 τὴν
2253 5024 2551 5095 ἁμαρτίαν·
2588 5020 2706 5076 εἶτα
2731 5022 2996 5092 δευτέραν
3032 5019 3148 5073 ὁδὸν
3183 5016 3532 5087 ὑπεθέμεθα,
3559 5015 3620 5067 τὸ
3653 5031 3787 5097 πεν-

2119 5093 2404 5184 θήσαινέπλ.
2428 5114 2495 5182 τῇ
2521 5110 2787 5181 ἁμαρτίᾳ,
2806 5108 2903 5162 καὶ
2930 5107 3211 5177 ἐλέγομεν,
3248 5108 3399 5167 ποῖος
3425 5103 3670 5173 κάματος
3695 5093 3787 5152 οῦ-

2118 5220 2243 5267 τος;
2298 5203 2399 5255 οὐκ
2443 5200 2520 5253 ἔνι
2566 5202 2827 5272 χρήματα
2853 5197 3222 5257 καταϐαλεῖν,
3261 5195 3385 5248 οὐδὲ
3420 5193 3623 5263 πολλὴν
3668 5191 3789 5243 ὁδὸν

2128 5289 2415 5355 πεζεῦσαι,
2447 5286 2571 5341 οὔτε
2600 5304 2653 5340 τι
2699 5287 2828 5342 άλλο
2858 5286 3121 5347 τοιοῦτον,
3162 5282 3302 5336 ἀλλὰ
3330 5281 3599 5350 πενθῆσαι
3631 5280 3790 5349 μόνον

2121 5389 2215 5440 ἐπὶ
2248 5389 2313 5457 τῇ
2362 5386 2629 5457 ἁμαρτίᾳ·
2683 5385 2777 5438 καὶ
2819 5382 3218 5455 παρηγάγομεν
3267 5378 3374 5432 ἀπὸ
3417 5378 3519 5446 τῆς
3564 5376 3792 5447 Γραφῆς

2121 5475 2300 5538 τοῦτο,
2328 5476 2411 5527 ὅτι
2437 5478 2465 5527 6
2492 5474 2625 5537 Θεὸς
2658 5471 2998 5543 μετεμελήθη
3049 5470 3142 5521 ἐπὶ
3190 5467 3282 5520 τοῦ
3326 5466 3532 5537 Ἀχαάϐ
3556 5505 3570 5527 ,
3615 5464 3704 5518 διὰ
3731 5464 3794 5516 :6

2124 5564 2395 5633 πενθῆσαι
2416 5561 2577 5615 αὑτὸν
2595 5561 2689 5613 καὶ
2719 5558 3133 5629 σκυθρωπάσαι·
3154 5555 3248 5608 καὶ
3274 5554 3433 5607 τοῦτο
3460 5553 3621 5617 αὑτὸς
3638 5553 3793 5621 ἔλεγε

2124 5658 2201 5729 τῷ
2230 5656 2403 5728 Ἠλίᾳ·
2439 5653 2614 5720 £76m,-
2640 5654 2766 5720 πῶς
2806 5652 3097 5721 ἐπορεύθη
3137 5647 3351 5718 Ἀχαὰὸ
3386 5647 3646 5702 ἐνώπιόν
3675 5662 3792 5713 μου

2124 5745 2380 5815 πενθῶν,
2407 5744 2503 5799 καί
2526 5740 2962 5813 σκυθρωπάζων
2978 5758 2997 5806 ;
3029 5740 3110 5792 Οὐ
3134 5736 3220 5807 μὴ
3242 5736 3481 5805 ποιήσω
3510 5735 3661 5791 κατὰ
3687 5736 3794 5791 τὸν
