4046 6396
387 405 496 460 293

404 502 490 569 (5.
552 496 754 569 Regum
816 495 907 551 2L
986 488 1103 560 29).
1132 487 1269 543 Hinc
1288 484 1501 541 tertiam
1528 484 1770 539 dedimus
1794 483 1965 553 paeni-

398 587 570 641 tentia:
600 587 741 639 viam
764 583 809 652 ',
860 599 922 639 ac
948 582 1015 637 de
1059 580 1332 649 Scriptura
1367 577 1693 631 Pharisazum
1722 575 1969 630 duximus

398 681 449 734 in
476 678 705 734 medium
727 718 743 742 ,
789 676 945 732 simul
973 682 1028 730 et
1063 672 1404 744 publicanum
1444 685 1463 724 ι
1488 668 1629 738 quod
1661 667 1959 723 Phariszeus

397 769 608 839 quidem
635 766 861 836 superbe
889 766 1060 821 elatus
1083 804 1097 828 ,
1120 780 1149 817 a
1175 761 1377 831 justitia
1398 758 1658 814 exciderit
1683 776 1698 824 ;
1728 756 1970 828 publica-

402 877 500 915 nus
525 875 653 914 vero
689 858 958 912 humiliter
990 855 1254 920 sentiens,
1283 854 1508 908 fructum
1545 850 1763 921 justilite
1791 864 1969 903 susce-

400 952 556 1020 perit,
610 965 783 1018 neque
829 948 933 1002 ullo
977 955 1225 1016 suscepto
1286 944 1468 1000 labore
1505 942 1821 1013 justiﬁcatus
1856 942 1967 995 sit:

403 1044 561 1099 verba
587 1042 731 1096 dedit
761 1082 776 1108 ,
805 1056 892 1095 res
934 1038 1162 1108 accepit.
1196 1038 1306 1106 Age
1350 1051 1478 1106 ergo
1504 1044 1737 1102 emptum
1778 1048 1972 1102 seqna.

405 1151 541 1196 Inur,
573 1142 626 1186 et
670 1141 906 1202 quartam
954 1129 1287 1199 proferamus
1328 1127 1652 1197 ptenitentia:
1708 1126 1873 1179 viam.
1907 1123 1976 1177 Et

405 1242 646 1297 quamam
675 1240 736 1279 ea
765 1234 845 1279 est
871 1224 894 1277 ?
923 1223 1277 1293 Eleemosyna
1303 1262 1318 1286 ,
1353 1219 1535 1289 regina
1558 1218 1837 1282 virtutum,
1857 1232 1974 1285 quae

408 1319 646 1373 homines
675 1316 949 1370 celerrime
986 1314 1220 1381 ipsorum
1254 1311 1305 1365 in
1349 1310 1602 1364 caelorum
1643 1322 1771 1362 axes
1807 1306 1974 1360 addu-

408 1410 481 1463 cit
505 1411 526 1443 ⁸
567 1406 805 1461 advocati
858 1404 1041 1475 optimi
1087 1403 1203 1458 loco
1232 1401 1472 1471 fungens.
1502 1400 1687 1469 Magna
1720 1415 1809 1454 res
1833 1398 1977 1453 elee-

410 1515 629 1571 mosyna
660 1516 673 1564 ;
697 1507 973 1569 propterea
995 1495 1256 1551 clamabat
1284 1504 1338 1549 et
1363 1493 1618 1549 Salomon
1641 1509 1656 1547 :
1682 1492 1874 1563 Magna
1899 1509 1978 1545 res

410 1591 579 1653 homo,
608 1598 653 1643 et
680 1590 895 1659 pretiosa
917 1588 993 1641 vir
1018 1586 1301 1641 misericors
1333 1584 1352 1658 (
1373 1584 1636 1639 Prov.20.
1667 1584 1751 1652 6).
1778 1584 1980 1653 Magna:

412 1690 537 1734 sunt
559 1679 655 1733 alae
672 1678 1025 1748 eleemosyna:
1045 1693 1060 1731 :
1083 1676 1319 1746 praecidit
1339 1690 1540 1739 aerem,
1572 1675 1759 1729 transit
1779 1675 1977 1739 lunam,

410 1771 540 1824 solis
566 1768 745 1824 radios
775 1767 1005 1833 excedit,
1025 1767 1091 1820 ad
1117 1767 1287 1835 ipsum
1314 1765 1459 1820 venit
1476 1766 1727 1820 caelorum
1747 1765 1980 1820 culmen.

411 1862 519 1918 Sed
546 1876 645 1915 nec
670 1860 778 1914 illic
806 1859 1049 1914 subsistit
1076 1899 1091 1924 ,
1125 1858 1273 1927 ipsos
1312 1858 1672 1928 pertransiens
1707 1858 1867 1912 carlos
1888 1898 1902 1921 ,
1930 1868 1984 1911 et

413 1950 718 2021 angelorum
746 1957 946 2002 turmas
961 1947 1272 2013 decurrens,
1298 1947 1838 2017 archangelorumque
1858 1947 1986 2001 Chn-

414 2057 523 2108 ros,
549 2049 604 2096 et
631 2054 818 2094 omnes
847 2039 1151 2109 superiores
1176 2045 1489 2107 potestates,
1526 2037 1624 2105 ipsi
1668 2037 1871 2092 assistit
1896 2054 1984 2091 re-

413 2134 515 2203 gali
540 2132 733 2186 throno
762 2148 777 2185 :
802 2128 947 2200 quod
971 2143 1039 2183 ex
1064 2128 1178 2199 ipsa
1223 2128 1370 2183 disce
1398 2127 1669 2197 Scriptura
1697 2144 1711 2181 :
1741 2126 1938 2182 Corneli
1967 2169 1981 2191 ,

414 2226 770 2295 eleemosynte,
819 2222 1022 2292 inquit,
1067 2231 1114 2276 et
1161 2221 1409 2275 orationes
1438 2230 1539 2274 tua:
1580 2221 1908 2274 ascenderunt
1935 2220 1988 2272 in

413 2325 679 2386 conspectu
698 2313 796 2368 Dei
809 2312 1125 2385 (ActJOJ).
1138 2310 1269 2366 lllud
1282 2320 1482 2376 autem,
1503 2309 1570 2363 In
1588 2321 1853 2379 conspectu
1872 2308 1985 2374 Dei,

415 2415 517 2473 est,
537 2404 750 2460 tametsi
801 2404 966 2458 multa
997 2402 1248 2456 habueris
1296 2408 1536 2470 peccata,
1589 2401 1631 2454 si
1680 2400 1988 2454 advocatrix

416 2499 756 2567 eleemosyna
789 2495 878 2561 sit,
917 2508 987 2548 ne
1028 2493 1236 2547 timeas.
1286 2491 1436 2546 Nulla
1467 2492 1610 2545 enim
1643 2506 1713 2544 ex
1744 2491 1990 2560 supernis

419 2587 765 2656 potestatibus
814 2585 939 2640 huic
987 2584 1225 2639 resistit:
1253 2582 1487 2637 debitum
1519 2581 1784 2651 reposcit,
1816 2580 1992 2636 chiro-

415 2678 671 2748 graphum
692 2691 846 2731 suum
873 2675 1117 2729 manibus
1144 2682 1378 2742 gestans.
1409 2672 1586 2740 ipsius
1612 2672 1753 2726 enim
1781 2670 1988 2724 Domini

417 2783 501 2827 est
525 2788 628 2826 vox
646 2780 697 2825 δε
729 2771 791 2825 Si
817 2770 929 2840 quis
959 2768 1133 2838 fecerit
1149 2768 1235 2819 uni
1265 2782 1329 2820 ea:
1352 2765 1571 2819 minimis
1600 2765 1699 2830 Itis,
1720 2764 1843 2817 mihi
1873 2764 1992 2835 fecit

418 2862 626 2932 (Matth.
650 2861 868 2931 25.40).
899 2859 970 2915 Ita
1003 2875 1135 2930 ergo
1162 2866 1421 2928 quotquot
1455 2856 1556 2911 alia
1586 2855 1835 2911 habueris
1862 2870 1991 2925 pec-

416 2965 554 3021 cata,
579 2955 915 3024 eleemosyna
940 2961 1027 3006 tua
1051 2950 1301 3005 omnibus
1320 2959 1401 3004 est
1428 2949 1661 3019 gravior.

486 3044 540 3098 2.
574 3044 752 3097 Oleum
778 3053 849 3096 est
869 3044 1184 3111 eleemosyna
1211 3056 1326 3110 quae
1350 3040 1567 3111 quinque
1589 3039 1869 3109 virginibus
1897 3040 1983 3111 fa-

418 3137 518 3191 tuis
535 3136 816 3204 deﬁciebat.
835 3164 903 3174 -—
920 3134 1109 3188 Annon
1125 3132 1430 3187 intellexisti
1450 3132 1501 3185 in
1515 3132 1790 3202 evangelio
1805 3131 1991 3187 decem

430 3218 685 3298 virginum
707 3226 1036 3298 parabolam,
1056 3224 1197 3295 quod
1229 3224 1619 3293 eleemosyuam
1653 3240 1757 3277 non
1789 3222 1992 3277 haben-

421 3332 519 3385 tes,
550 3322 909 3391 virginitatem
932 3320 1050 3373 licet
1076 3326 1371 3381 servarent,
1402 3326 1550 3371 extra
1581 3317 1869 3371 thalamum
1893 3332 1993 3369 nu-

422 3415 635 3485 ptialem
657 3412 1004 3467 manserunt?
1033 3411 1192 3464 Erant
1219 3410 1380 3473 enim,
1416 3409 1606 3478 inquit,
1635 3408 1803 3461 decem
1832 3408 1990 3477 virgi-

419 3526 527 3574 nes,
544 3508 759 3577 quinque
786 3509 943 3578 fatua:
969 3512 1017 3558 et
1066 3503 1282 3573 quinque
1324 3502 1590 3573 prudentes
1620 3499 1639 3573 (
1670 3499 1803 3554 Ibid.
1850 3518 1901 3556 υ.
1934 3502 1989 3555 2.

418 3597 455 3653 5
483 3597 503 3669 )
534 3596 855 3666 :prndeutes
893 3594 1106 3664 quidem
1129 3594 1305 3647 oleum
1331 3592 1629 3655 habebant,
1660 3592 1838 3645 stulta:
1862 3607 1992 3646 vero

420 3704 523 3743 non
550 3687 817 3741 habebant
834 3686 1029 3747 oleum,
1062 3682 1156 3737 sed
1183 3697 1365 3736 carum
1388 3680 1659 3750 lampades
1686 3682 1993 3751 exstingue-

421 3778 629 3832 bantur.
666 3776 995 3830 Accedentes
1028 3784 1203 3827 autem
1232 3772 1406 3827 stulta:
1429 3770 1494 3825 ad
1524 3770 1812 3840 prudentes
1840 3772 1993 3826 dixe-

419 3876 575 3920 runt:
605 3866 737 3919 Date
768 3864 907 3918 nobis
940 3863 1102 3917 oleum
1130 3862 1192 3915 de
1236 3862 1366 3915 uasis
1398 3863 1571 3915 uestris
1592 3859 1700 3931 (Ib.
1728 3878 1775 3915 υ.
1796 3861 1996 3931 8).Pn-

418 3957 511 4011 det
553 3973 637 4010 me
687 3964 742 4011 et
774 3956 971 4009 rubore
1008 3952 1303 4008 confundor
1350 3963 1404 4008 et
1438 3953 1703 4025 Iacrymor
1731 3955 1989 4024 virginem

422 4048 634 4101 stultam
676 4046 917 4100 audiens.
968 4045 1238 4099 Erubesce
1267 4060 1387 4098 cum
1414 4045 1572 4100 audio
1604 4060 1795 4099 nomen
1825 4087 1841 4111 ,
1874 4058 1995 4115 post

421 4137 579 4191 talem
610 4137 876 4199 virtutem,
896 4143 951 4190 et
971 4135 1284 4204 virginitatis
1313 4135 1567 4201 studium,
1602 4137 1690 4189 ubi
1718 4151 1913 4206 corpus
1943 4139 1992 4191 in

420 4231 606 4285 caalum
643 4237 943 4291 erexerant,
979 4227 1064 4281 ubi
1096 4242 1217 4280 cum
1253 4227 1381 4295 ipsls
1420 4229 1662 4296 supernis
1713 4228 1995 4283 virtutibus

419 4331 688 4376 certamen
743 4318 1081 4380 habuerant,
1121 4324 1415 4385 iustumque
1474 4318 1871 4384 toleraverant,
1906 4319 1994 4373 ubi

420 4414 587 4480 ipsam
607 4409 898 4477 voluptatis
928 4407 1195 4461 ﬂammam
1228 4407 1724 4469 conculcaverant‘,
1758 4418 1885 4462 tunc
1912 4406 1995 4460 fa-

423 4513 545 4565 tuae,
572 4510 626 4556 et
653 4502 773 4569 jure
820 4499 976 4552 fatuae
1026 4497 1370 4561 vocabantur,
1402 4498 1540 4566 quod
1571 4498 1741 4564 majus
1769 4514 1888 4553 cum
1928 4498 1999 4553 fe-

420 4593 643 4659 cissent,
672 4607 701 4644 a
719 4590 927 4643 minore
949 4588 1100 4641 victae
1126 4588 1248 4641 sint.
1268 4586 1337 4640 Et
1361 4588 1647 4643 accedentes
1671 4588 1826 4657 {atate
1849 4590 1995 4645 dixe-

472 4758 486 4786 ¹
534 4762 694 4821 Savil.,
713 4761 824 4812 hmc
847 4760 1211 4823 monstravimus
1225 4758 1415 4823 tertiam
1433 4760 1721 4823 pmnitentite
1738 4762 1881 4812 viam.

472 4829 489 4853 ν
533 4820 757 4875 SaviLet
798 4832 931 4885 ηεξ..
959 4834 1069 4883 quae
1112 4820 1333 4872 celeriter
1369 4820 1524 4885 aperit
1563 4836 1681 4873 axes
1719 4824 1949 4875 cwlorum
1977 4840 1998 4878 :

472 4900 619 4933 rauue
640 4886 786 4933 lectio
807 4885 1025 4933 quadrat.

415 4895 619 4950 utraque
640 4886 786 4935 lectio
807 4886 1025 4945 quadrat.
1050 4944 1060 4953 .

449 4946 497 5019 ’.³
532 4959 657 5019 satu,
682 4946 1022 5015 ascenderunt,
1043 4958 1093 5019 in
1116 4942 1506 5019 memoraculum,
1605 4954 1855 5019 conspectu
1890 4958 1993 5019 Det.

420 5009 551 5075 illud
571 5022 695 5063 vero,
728 5025 749 5051 α
767 5005 817 5055 in
840 5014 1091 5075 conspectu
1118 5006 1203 5055 Dei
1220 5023 1241 5049 ι
1274 5005 1362 5055 hoc
1384 5015 1488 5075 est;
1518 5005 1725 5075 Tametsi
1741 5010 1889 5075 multa
1913 5012 1999 5060 Ita-

418 5071 575 5119 bneris
599 5075 808 5130 peccata,
837 5067 879 5117 si
894 5067 1244 5130 eleemosynam
1272 5076 1428 5130 tecum
1461 5067 1606 5130 habes
1642 5069 1994 5121 advocatricem

416 5105 677 5197 Idalium.
700 5105 839 5197 milia
859 5128 986 5197 enim
1008 5141 1071 5177 ea:
1094 5105 1315 5197 gupcrnis
1341 5105 1646 5197 potestatibus

422 5210 442 5237 σ
470 5189 800 5255 misericordia
814 5189 1057 5251 judicium
1080 5189 1267 5255 deridet
1286 5189 1350 5255 λέ
1367 5196 1438 5255 _et._
1468 5189 1687 5255 (redime
1702 5201 1895 5255 peccata
1915 5201 1999 5244 tua

415 5255 463 5303 in
486 5250 826 5317 etcentosynis;
851 5268 889 5317 13_
904 5256 971 5317 et,
994 5250 1266 5317 agitaltth
1284 5251 1461 5311 fecistis
1485 5252 1567 5317 uni
1584 5266 1647 5317 ea;
1670 5250 1745 5303 his
1766 5256 1997 5317 fratribus

415 5310 778 5380 minimis,
804 5310 925 5380 milii
942 5310 1138 5380 fecistis.
1160 5329 1189 5380 r_
1208 5310 1320 5380 [nec
1342 5318 1387 5361 et
1405 5311 1672 5380 multa_alia
1695 5310 1907 5380 reperire
1930 5326 2000 5369 est

416 5382 477 5425 de
499 5377 796 5436 eleemosyna
829 5374 1047 5437 scripta,
1068 5373 1191 5422 sicut
1228 5373 1435 5437 loquitur
1465 5375 1728 5437 Scriptura.
1750 5373 1994 5429 'Debilum

414 5440 538 5487 en‘m
560 5434 708 5487 suum
722 5434 943 5497 reposcit,
969 5434 1342 5497 chirographum
1372 5434 1578 5497 gestans
1598 5446 1815 5489 sanctum
1846 5449 1998 5489 Evan-

413 5499 793 5563 gelium._tpstus
829 5495 959 5563 enim
992 5495 1288 5563 Domitti'est
1317 5495 1424 5563 coit,
1452 5505 1546 5546 etc.
1587 5504 1637 5547 tn
1672 5504 1999 5563 sequentibus

418 5556 535 5623 item
559 5556 688 5608 nulla
712 5571 842 5620 pene
866 5556 1077 5623 clausula
1104 5564 1198 5623 est,
1222 5559 1270 5623 in
1289 5571 1383 5623 qua
1402 5559 1534 5623 inter
1555 5556 1811 5623 utramque
1835 5563 2000 5612 discri-

420 5622 546 5670 mina
569 5634 665 5669 non
684 5626 952 5668 occurrant.
976 5620 1067 5667 Sed
1089 5620 1322 5668 sincerior
1340 5620 1532 5669 videtur
1555 5620 1846 5673 Metelli—ante
1881 5639 1997 5673 eon-

416 5689 596 5731 u-xtns.
621 5691 733 5729 tum
757 5694 874 5728 vero
897 5680 1085 5728 nonnisi
1111 5682 1432 5734 exscribendo
1449 5688 1601 5731 totum
1622 5683 1867 5734 Savilianae
1883 5700 1999 5736 cou-

414 5752 620 5799 textum,
638 5744 796 5789 omnia
813 5743 1046 5802 possimus
1068 5747 1318 5802 annotare.
1336 5742 1381 5790 id
1406 5746 1650 5793 monuisse
1668 5747 1787 5794 satis
1810 5756 1933 5797 esto.

472 5806 492 5833 ‘
531 5806 603 5853 sic
621 5804 772 5852 habet
787 5801 889 5867 ξεν.
911 5804 1196 5864 Legebatur.
1220 5801 1520 5867 laboremque
1543 5812 1755 5867 egerant.
1782 5816 1881 5859 Mox
1906 5811 1996 5860 de-

416 5875 522 5921 est
539 5879 650 5928 vox,
669 5865 968 5925 vocabantur,
984 5862 1134 5928 quam
1156 5877 1217 5914 ex
1244 5862 1412 5917 sat'ilio
1437 5862 1751 5932 restituimus.

1564 392 1655 448 DE
1688 387 2167 445 ELEEMOSYNA.
2200 389 2430 447 HOMIL.
2470 389 2556 446 Ill.

3542 390 3648 448 ΞΜ

2075 491 2190 535 runt
2216 483 2520 551 sapientibus
2545 496 2564 535 :
2589 480 2718 535 Date
2746 481 2886 535 nobis
2916 480 3080 535 oleum
3096 481 3159 535 de
3173 482 3303 536 vasis
3331 483 3520 536 vestris.
3554 483 3652 538 [Le

2072 582 2237 627 autem
2281 575 2515 628 dixerunt
2545 588 2565 628 :
2593 572 2714 628 Non
2764 590 3029 644 possumus
3078 575 3214 628 vobis
3263 576 3402 640 dare,
3433 592 3494 628 ne
3521 575 3651 644 forte

2072 682 2174 719 non
2199 665 2409 735 suﬁ‘iciat
2443 664 2585 719 nobis
2609 673 2655 716 et
2677 665 2812 718 vobis
2837 665 2855 735 (
2882 663 3064 719 Matth.
3097 664 3186 720 25.
3220 665 3273 719 8.
3302 666 3335 720 9
3361 670 3377 735 )
3408 682 3420 717 :
3451 682 3554 719 non
3586 682 3648 719 ex

2073 757 2410 812 inclementia
2453 757 2537 811 vel
2585 756 2920 826 improbitate
2951 756 3001 811 id
3029 766 3246 825 agentes
3267 797 3283 820 ,
3312 757 3407 812 sed
3435 766 3647 826 propter

2074 850 2328 918 temporis
2373 848 2642 917 angustias
2685 865 2698 902 :
2750 857 3005 902 venturus
3045 849 3187 902 enim
3236 858 3350 903 erat
3396 863 3643 917 sponsus.

2076 941 2346 995 Habebam
2368 950 2421 995 et
2448 942 2575 1009 ipsae
2602 940 2905 1007 lampades;
2933 939 3024 994 sed
3054 939 3262 994 illarum
3287 939 3498 1009 quidem
3527 954 3652 993 vasa

2076 1032 2251 1085 oleum
2283 1030 2567 1095 habebant,
2596 1030 2782 1084 harum
2812 1044 2941 1084 vero
2963 1045 3067 1085 non
3099 1030 3381 1085 habebant.
3414 1030 3551 1099 Ignis
3576 1039 3658 1084 est

2077 1122 2388 1191 virginitas.
2434 1121 2608 1175 oleum
2658 1132 2833 1175 autem
2880 1132 2960 1175 est
3006 1121 3347 1192 eleemusyna
3376 1138 3392 1187 ;
3424 1136 3545 1175 nam
3599 1132 3654 1174 ut

2080 1211 2248 1281 ignis,
2277 1211 2377 1265 nisi
2405 1210 2580 1264 oleum
2611 1209 2884 1265 desullans
2918 1209 3141 1274 habeat,
3175 1212 3313 1280 perit
3345 1226 3359 1275 ;
3390 1213 3468 1265 sic
3494 1211 3655 1279 virgi-

2080 1304 2216 1357 nitas
2235 1344 2249 1367 ,
2280 1303 2381 1357 nisi
2406 1303 2741 1372 conjunctam
2781 1302 2972 1358 habeat
2996 1303 3386 1374 eleemosynam
3406 1344 3420 1364 ,
3451 1304 3655 1358 exstin-

2080 1395 2273 1466 guitur.
2306 1394 2433 1448 Date
2471 1396 2610 1449 nobis
2643 1396 2809 1448 oleum
2837 1395 2899 1448 de
2926 1396 3056 1448 vasis
3091 1397 3283 1449 vestris.
3316 1396 3384 1448 At
3410 1395 3513 1448 illze
3563 1409 3651 1449 νει

2081 1485 2410 1555 sponderunt
2450 1486 2579 1555 ipsis
2609 1503 2622 1538 :
2655 1484 2767 1538 Non
2799 1500 3081 1554 possumus
3113 1485 3264 1540 vobis
3278 1485 3425 1541 dare.
3454 1486 3521 1541 Et
3553 1501 3661 1540 non

2082 1576 2296 1631 malitia:
2324 1577 2450 1631 illud
2472 1577 2691 1632 verbum
2710 1617 2725 1638 ,
2755 1576 2846 1631 sed
2877 1577 3077 1630 timoris
3110 1594 3123 1630 :
3160 1575 3244 1630 Ne
3263 1581 3393 1648 forte
3420 1593 3522 1630 non
3545 1580 3659 1646 suf-

2084 1667 2222 1735 ﬁciat
2260 1666 2401 1721 nobis
2427 1675 2473 1721 et
2510 1667 2648 1720 vobis
2677 1681 2781 1721 :ne
2828 1666 2960 1720 forte
2989 1666 3433 1735 quemadmodum
3475 1682 3663 1721 omnes

2086 1757 2285 1811 intrare
2321 1758 2640 1824 qumrimus,
2669 1771 2856 1809 omnes
2887 1771 3289 1822 remaneamus;
3315 1758 3404 1811 sed
3427 1758 3665 1811 abeuntes

2087 1847 2233 1900 emite
2278 1847 2414 1899 vobis
2453 1863 2485 1898 a
2521 1846 2865 1901 vendentibus.
2892 1847 3114 1913 Quinam
3170 1856 3294 1902 sunt
3341 1857 3667 1903 mercatores

2086 1939 2189 1991 olei
2239 1938 2431 2007 hujus?
2458 1939 2721 2006 Pauperes
2766 1940 2831 1992 ad
2875 1940 3267 2011 eleemosynam
3318 1955 3415 2009 pro
3465 1937 3667 1994 foribus

2088 2028 2325 2083 ecclesiae
2347 2028 2613 2083 sedentes.
2644 2029 2709 2082 Et
2738 2030 2918 2098 quanti
2947 2029 3178 2083 emitur?
3205 2028 3394 2097 Quanti
3419 2030 3664 2084 libuerit:

2088 2121 2316 2189 pretium
2349 2135 2453 2173 non
2475 2135 2705 2189 appono,
2730 2136 2795 2174 ne
2824 2120 3045 2188 objicias
3076 2121 3329 2189 inopiam.
3353 2121 3545 2188 Quanti
3576 2137 3670 2191 pn-

2091 2223 2193 2277 tes,
2222 2212 2350 2267 tanti
2379 2227 2516 2266 eme.
2547 2212 2718 2266 Habes
2740 2212 2988 2265 obolum?
3011 2228 3128 2267 eme
3155 2212 3366 2278 malum,
3397 2230 3499 2267 non
3527 2215 3671 2284 quod

2090 2306 2177 2358 vili
2207 2305 2375 2373 pretio
2396 2305 2587 2359 venale
2634 2304 2702 2359 sit
2738 2306 2925 2359 ccelum
2947 2345 2963 2371 ,
3005 2304 3099 2359 sed
3135 2306 3277 2376 quod
3321 2307 3559 2361 clemens
3601 2308 3670 2361 sit

2093 2393 2367 2447 Dominus.
2410 2393 2524 2447 Non
2576 2393 2740 2448 habes
2779 2394 3044 2449 obolum?
3089 2395 3155 2450 da
3205 2398 3421 2451 calicem
3471 2398 3675 2467 frigidae

2091 2498 2243 2552 aqua:
2272 2500 2286 2537 :
2317 2485 2488 2555 inquit
2516 2487 2656 2538 enim
2688 2505 2699 2539 :
2731 2484 3039 2555 Quicumque
3075 2486 3269 2541 dederit
3298 2490 3385 2542 uni
3422 2506 3485 2543 ex
3526 2491 3665 2542 mini-

2094 2576 2188 2628 mis
2225 2575 2332 2629 istis
2360 2576 2569 2629 calicem
2592 2592 2737 2644 aqutz
2763 2576 2965 2647 frigidae
2991 2587 3195 2647 prapter
3234 2595 3341 2645 me,
3371 2597 3471 2633 non
3506 2581 3673 2650 perdet

2093 2665 2370 2720 mercedem
2412 2682 2559 2720 suam
2602 2667 2818 2740 (Matth.
2844 2666 3065 2731 10.42).
3105 2668 3396 2724 Mercatura
3428 2672 3669 2741 negotia-

2095 2754 2271 2824 tioque
2296 2756 2483 2810 caelum
2520 2765 2634 2820 est,
2664 2766 2719 2812 et
2756 2772 2854 2811 nos
2880 2758 3211 2828 pigritamur.
3250 2761 3321 2815 Da
3364 2776 3553 2831 panem
3576 2805 3589 2826 ,
3620 2769 3675 2814 et

2092 2848 2274 2917 accipe
2314 2848 2614 2917 paradisum
2648 2868 2663 2905 :
2706 2866 2864 2919 parva
2894 2851 2979 2916 da,
3011 2860 3065 2905 et
3104 2869 3291 2923 magna
3323 2858 3530 2925 suscipe
3560 2877 3573 2913 :
3604 2860 3671 2914 da

2095 2938 2335 2991 mortalia
2361 2978 2376 3003 ,
2422 2938 2737 2994 immortalia
2787 2942 2966 3010 recipe
2999 2959 3010 2995 :
3045 2942 3110 2998 da
3152 2947 3509 3014 corruptibilia
3532 2989 3549 3013 ,
3593 2951 3674 3003 iu-

2095 3030 2456 3100 corruptibilia
2486 3032 2688 3100 accipe.
2717 3031 2772 3088 Si
2800 3043 2979 3088 essent
3007 3034 3256 3090 nundina:
3301 3045 3460 3107 atque
3507 3040 3559 3093 in
3612 3042 3677 3096 iis

2096 3136 2321 3175 annona:
2349 3121 2524 3175 vilitas
2562 3132 2615 3178 et
2660 3123 3015 3190 abundantia,
3043 3126 3310 3197 multaque
3338 3144 3500 3198 parvo
3530 3148 3676 3186 etne-

2098 3221 2318 3276 rentur,
2361 3228 2536 3266 annon
2591 3214 2939 3269 substantiam
2991 3216 3322 3284 vendentes,
3380 3231 3675 3291 cunctaque

2098 3311 2497 3372 postponentes,
2522 3303 2574 3358 in
2609 3315 2809 3373 partem
2840 3306 2954 3375 ejus
2982 3308 3353 3377 negotiationis
3384 3312 3674 3367 veniretis?

2097 3392 2196 3447 Ubi
2226 3393 2585 3463 corrupt-bilis.
2628 3404 2771 3460 sunt,
2798 3406 2945 3452 tanto
2982 3398 3156 3452 studio
3186 3399 3434 3455 laboratis
3461 3418 3475 3452 :
3506 3411 3561 3455 et
3585 3402 3675 3458 ubi

2097 3486 2409 3542 immortalis
2456 3497 2539 3542 est
2578 3490 2897 3558 negotiatio,
2949 3491 3299 3560 pigritamiui,
3342 3503 3501 3563 atque
3541 3494 3677 3549 adeo

2095 3580 2416 3636 conciditis?
2446 3581 2520 3634 Da
2571 3581 2752 3651 inopi,
2777 3590 2867 3647 ut,
2901 3584 3141 3652 quamvis
3185 3594 3237 3638 tu
3278 3586 3542 3652 tacueris,
3582 3603 3677 3644 ora

2098 3688 2194 3742 pro
2244 3682 2295 3728 te
2339 3673 2694 3743 respondeant
2738 3674 2958 3737 inﬁnita,
2993 3676 3331 3747 eleemosyna
3374 3686 3462 3732 tua
3505 3687 3678 3734 stante

2096 3779 2159 3817 ac
2188 3765 2557 3834 patrocinante
2590 3781 2603 3817 :
2636 3764 2860 3833 pretium
2900 3765 3277 3835 redemptionis
3308 3768 3499 3823 animas
3534 3769 3678 3824 elec-

2097 3872 2320 3929 rnosyna
2362 3864 2463 3912 est.
2516 3856 2642 3912 Ideo
2667 3856 3112 3925 quemadmodum
3153 3874 3275 3913 vasa
3318 3875 3468 3929 aquae
3519 3862 3676 3930 plena

2098 3961 2196 4016 pro
2220 3946 2420 4001 foribus
2441 3947 2678 4001 ecclesia:
2710 3952 2725 3978 ι
2754 3958 2911 4011 sunt,
2942 3962 3048 4016 quo
3076 3963 3265 4003 manus
3306 3949 3450 4005 laves
3475 3992 3489 4017 ,
3521 3952 3597 4006 sic
3625 3960 3680 4006 et

2101 4052 2358 4106 pauperes
2385 4053 2480 4106 pro
2497 4038 2717 4093 ecclesia
2745 4038 3231 4101 sedent,utanim:e
3260 4057 3448 4096 manus
3467 4043 3671 4097 abluas.

2098 4129 2247 4198 Aqua
2296 4144 2483 4183 manus
2529 4145 2813 4197 corporeas
2857 4131 3441 4203 lavisti?eleemosyna
3485 4151 3677 4191 manus

2097 4218 2288 4271 animae
2329 4218 2464 4272 lava.
2508 4218 2588 4274 Ne
2637 4219 2867 4289 inopiam
2918 4221 3253 4290 praetendas:
3286 4223 3441 4277 vidua
3485 4225 3537 4277 in
3575 4241 3674 4280 ex-

2101 4316 2266 4363 trema
2294 4318 2601 4380 paupertate
2624 4310 2794 4365 Eliam
2826 4312 3189 4380 hospitabatur
3219 4315 3293 4387 (5.
3318 4314 3447 4386 Reg.
3468 4317 3580 4386 l7),
3614 4334 3677 4373 ac

2100 4409 2383 4469 paupertas
2427 4416 2534 4453 non
2586 4400 2683 4454 l‘nit
2728 4402 3141 4469 impedimento,
3171 4405 3264 4458 sed
3314 4406 3511 4461 eximio
3552 4423 3674 4461 cum

2101 4491 2290 4560 gaudio
2315 4492 2547 4559 suscepit
2569 4508 2691 4546 eum
2714 4510 2726 4542 :
2755 4508 2919 4561 quare
2943 4502 2995 4547 et
3018 4494 3203 4563 dignos
3230 4497 3430 4564 recepit
3451 4496 3675 4564 fructus,

2099 4590 2155 4636 et
2173 4589 2378 4636 metens
2406 4583 2759 4653 eleemosynte
2788 4584 2985 4652 spicam
3019 4584 3159 4653 legit.
3190 4584 3294 4639 Sed
3333 4585 3560 4642 fortasse
3584 4603 3680 4643 au-

2099 4669 2242 4725 ditor
2266 4672 2425 4737 dicet,
2457 4673 2531 4726 Da
2572 4682 2625 4727 et
2668 4673 2793 4726 mihi
2833 4673 3022 4728 Eliam.
3063 4674 3196 4740 Quid
3235 4678 3428 4745 quaeris
3466 4678 3680 4733 Elian]?

2103 4761 2384 4816 Dominum
2415 4763 2541 4816 Elia}
2567 4762 2635 4817 do
2664 4763 2775 4829 tibi,
2800 4779 2898 4818 nec
2931 4766 3098 4832 ipsum
3124 4766 3269 4820 cibas
3300 4785 3313 4819 :
3345 4765 3514 4823 Ellam
3536 4771 3579 4823 si
3601 4771 3684 4825 in-

2102 4854 2327 4918 veneris,
2352 4855 2618 4922 quomodo
2651 4854 3043 4924 hospitaberis?
3072 4855 3267 4913 Christi
3310 4860 3679 4918 universorum
3703 4887 3708 4895 -

2103 4944 2308 4998 Domini
2348 4947 2607 5000 sententia
2637 4957 2718 5001 est
2744 4989 2760 5012 ,
2792 4948 3102 5018 Quicumque
3129 4952 3217 5003 uni
3251 4968 3314 5006 ea:
3353 4954 3574 5009 minimis
3604 4958 3679 5024 fe-

2100 5036 2244 5101 cerit,
2275 5035 2398 5088 mihi
2437 5037 2555 5105 fecit
2584 5037 2603 5108 (
2626 5038 2810 5092 Matth.
2839 5038 2929 5095 25.
2959 5041 3028 5095 40
3048 5044 3090 5110 ).
3123 5041 3178 5095 Si
3212 5044 3343 5097 forte
3371 5058 3465 5098 rex
3491 5061 3682 5114 quem-

2103 5128 2242 5196 piam
2270 5127 2335 5181 ad
2360 5143 2568 5183 ccenam
2598 5131 2975 5199 appellaverit,
3007 5140 3199 5201 atque,
3228 5131 3437 5190 famulis
3462 5135 3682 5191 adstan-

2167 5327 2190 5395 ι·
2212 5323 2469 5395 _tll_u_d,.pro
2503 5324 2682 5395 foribus
2717 5326 2951 5395 ecclesia,
2992 5329 3134 5380 deest
3155 5333 3202 5380 in
3226 5330 3396 5395 savilio
3419 5339 3470 5382 et
3494 5334 3541 5381 in
3563 5341 3681 5395 Reg.

2101 5384 2243 5454 Codd.
2264 5391 2313 5433 Et
2334 5384 2403 5454 sic
2425 5389 2734 5448 prosequitur
2754 5387 2981 5439 savilius:
3009 5398 3063 5439 Et
3085 5399 3312 5452 quamam
3329 5391 3362 5454 ?_
3374 5399 3558 5443 tantum
3581 5384 3683 5445 eme

2101 5452 2329 5507 quantum
2349 5452 2435 5506 vis,
2479 5457 2706 5508 quantum
2728 5458 2873 5512 potes,
2900 5462 2992 5512 non
3036 5461 3261 5511 quantum
3297 5452 3421 5503 alius
3460 5454 3575 5512 vult.
3597 5458 3683 5508 sed

2101 5514 2329 5580 quqntum
2352 5516 2482 5567 potes
2504 5516 2586 5568 tu;
2608 5522 2675 5580 ne
2697 5510 2891 5580 obiicias
2909 5511 3136 5580 inopiam.
3184 5512 3358 5580 (ibatis,
3386 5523 3495 5577 quot
3520 5510 3682 5580 habes,

2101 5568 2275 5643 clatum
2297 5581 2531 5643 eme,_non
2545 5571 2675 5639 quod
2698 5572 2779 5643 vili
2803 5572 2953 5643 pretio
2976 5568 3137 5643 uenale
3159 5575 3218 5624 sit
3240 5568 3431 5643 cretum,
3448 5578 3532 5626 sed
3557 5568 3685 5640 quod

2104 5634 2307 5703 ciemeps
2330 5634 2390 5680 sit
2417 5634 2659 5703 nominas.
2689 5642 2787 5703 non
2804 5634 2951 5685 habes
2974 5635 3100 5703 unde
3122 5649 3295 5703 aurum
3320 5639 3484 5695 dones,
3509 5634 3684 5703 ar'gen.

2104 5696 2205 5740 tum
2227 5690 2383 5761 ;
2415 5691 2481 5741 da
2505 5691 2710 5761 obolum,
2755 5696 2819 5761 da
2861 5696 3084 5761 poculum
3124 5696 3322 5761 frigida:
3349 5711 3366 5746 :
3395 5690 3523 5761 Deus
3559 5690 3683 5752 Enim

2103 5752 2468 5821 amplitudinem
2490 5763 2571 5802 aut
2595 5752 2908 5821 ezcigttitatem
2931 5752 3238 5821 άείὺιξιζηὸη
3262 5759 3525 5810 secundum
3554 5776 3681 5816 mene

2107 5827 2271 5885 suram
2295 5814 2533 5874 datorum,
2560 5818 2643 5885 sed
2665 5814 3224 5885 secuttdttmfacttltatem
3265 5827 3415 5871 status
3447 5814 3683 5878 donantis.

2111 5880 2163 5926 Et
2186 5876 2292 5926 alite
2312 5887 2581 5942 sequuntur
2605 5880 2653 5930 in
2676 5879 2846 5931 Sat'tlio
2869 5876 3009 5945 hujus
3031 5884 3234 5945 generis
3249 5885 3530 5934 varietates.
