4046 6396
337 359 446 418 ἓθΰ

330 477 502 536 tibus,
548 471 616 526 ad
663 485 757 525 eos
803 467 998 523 dixerit
1035 484 1049 520 :
1095 463 1320 520 Reddite
1367 463 1566 534 gratias
1615 463 1734 518 huic
1786 477 1908 518 meo

328 565 544 619 nomine
570 561 914 633 quamplures
934 600 947 622 ,
975 558 1065 628 qui
1101 572 1187 611 me
1237 556 1414 625 inopia
1442 554 1767 609 laborantem
1807 570 1909 608 nu-

329 657 474 710 trivit
511 664 567 710 et
606 652 836 724 hospitio
860 649 1101 719 excepit,
1125 648 1216 719 qui
1246 647 1377 702 mihi
1406 646 1664 702 beneficia
1691 648 1742 700 in
1772 655 1909 701 tem-

329 765 462 820 pore
510 748 764 819 angustiae
827 743 1092 815 permulta
1145 741 1414 796 contulit:
1448 755 1624 794 annon
1669 740 1912 794 certatim

329 843 557 914 quisque
598 851 883 895 accurrens
922 835 1176 904 pecunias
1205 847 1391 886 omnes
1435 847 1558 886 suas
1599 831 1914 901 expenderlt

330 935 448 1004 ejus
477 947 658 996 causa,
691 929 775 983 cui
800 943 894 983 rex
919 927 1115 998 gratias
1136 925 1349 995 egerit?
1371 939 1547 978 annon
1578 923 1694 978 haec
1722 924 1793 976 illi
1820 937 1910 977 ac-

327 1038 481 1098 cepta
511 1024 728 1081 tulerit?
757 1037 935 1076 annon
976 1035 1034 1074 se
1074 1019 1152 1073 illi
1185 1019 1410 1088 quisque
1436 1015 1811 1072 commendare
1833 1024 1914 1070 at-

329 1135 434 1191 que
462 1116 693 1172 amicitia
719 1114 944 1183 jungere
973 1109 1278 1166 studuerit?

399 1211 454 1266 5.
483 1206 830 1277 Eleemosyme
873 1209 1086 1276 fructus.
1111 1231 1184 1242 —-
1208 1200 1427 1255 Vidistis
1456 1199 1724 1255 sermonis
1749 1198 1916 1253 virtu-

330 1302 481 1357 tem?
507 1300 565 1357 Si
612 1314 740 1368 ergo
766 1297 906 1367 apud
938 1295 1205 1349 hominem
1251 1307 1434 1363 regem
1466 1301 1666 1346 tantum
1696 1290 1916 1346 honoris

327 1409 416 1448 res
467 1394 580 1464 ipsa
625 1390 826 1456 tribuit,
872 1388 1045 1456 cogita
1073 1385 1338 1441 Christum
1385 1384 1438 1438 in
1487 1384 1576 1438 illa
1616 1382 1703 1437 die
1732 1397 1915 1437 coram

328 1483 530 1554 angelis
549 1481 900 1550 omnibusque
917 1478 1214 1534 Virtutibus
1242 1483 1515 1530 vocantem
1540 1489 1604 1529 ac
1629 1473 1916 1530 dicentem:

329 1574 428 1628 Hic
456 1588 544 1628 me
571 1572 624 1626 in
652 1582 794 1626 terra
819 1569 1050 1638 suscepit
1076 1567 1324 1636 hospitio,
1369 1564 1455 1620 hic
1483 1565 1612 1620 mihi
1642 1565 1918 1620 innumera

327 1664 555 1720 contulit
599 1662 879 1727 beneficia,
926 1661 1012 1714 hic
1041 1674 1127 1714 me
1177 1657 1509 1727 peregrinum
1540 1657 1791 1726 excepit:
1822 1671 1918 1710 co-

328 1759 435 1826 gita
459 1755 528 1811 de
553 1765 749 1811 caetero
779 1751 1023 1807 fiduciam
1055 1751 1192 1805 inter
1228 1748 1466 1818 angelos,
1499 1747 1635 1802 inter
1675 1747 1918 1802 caelestes

329 1851 524 1903 choros
547 1844 818 1917 gaudium.
847 1842 1010 1912 Igitur
1032 1841 1116 1897 cui
1144 1839 1500 1894 testimonium
1527 1836 1769 1892 Christus
1799 1852 1919 1906 per-

331 1941 496 2005 hibet,
543 1953 650 1993 non
694 1935 938 1990 fiduciam
985 1948 1145 2000 super
1172 1931 1389 2001 angelos
1417 1928 1703 1984 habuerit?
1731 1927 1916 1998 Magna

328 2031 488 2100 igitur
529 2043 618 2084 res
657 2027 1014 2097 eleemosyna,
1047 2023 1258 2078 fratres.
1310 2022 1458 2077 Hanc
1495 2021 1878 2092 amplectamur
1901 2061 1915 2086 ,

329 2122 415 2176 cui
455 2119 588 2174 nihil
629 2117 1080 2188 aequale:potens
1125 2124 1205 2170 est
1252 2115 1395 2169 enim
1442 2123 1655 2184 peccata
1697 2113 1801 2168 alia
1825 2113 1920 2168 de-

328 2214 483 2280 lere,
523 2212 885 2282 judiciumque
932 2209 1247 2278 propulsare
1290 2223 1304 2260 :
1353 2215 1404 2261 te
1457 2214 1664 2261 tacente
1713 2213 1819 2260 stat
1865 2215 1921 2260 et

330 2304 729 2374 patrocinatur;
761 2301 870 2354 imo
916 2314 1046 2354 vero
1109 2307 1164 2354 te
1225 2306 1433 2353 tacente
1499 2298 1776 2353 innumera
1823 2313 1918 2352 ora

327 2409 426 2464 pro
473 2403 527 2448 te
566 2392 762 2462 gratias
790 2390 1041 2445 reddunt.
1085 2389 1186 2443 Tot
1223 2407 1289 2447 ex
1321 2388 1661 2458 eleemosyna
1709 2386 1920 2457 profici-

327 2493 548 2538 scuntur
575 2482 734 2543 bona,
783 2489 836 2536 et
883 2481 982 2550 ipsi
1013 2479 1328 2550 pigritamur
1353 2486 1408 2533 et
1449 2478 1800 2532 concidimus.
1842 2478 1916 2532 Da

328 2589 519 2645 panem
568 2588 662 2643 pro
704 2571 1040 2626 facultatibus
1070 2571 1174 2624 tuis
1205 2587 1219 2623 :
1250 2584 1352 2623 non
1395 2568 1560 2624 habes
1598 2569 1825 2638 panem?
1853 2568 1917 2623 da

328 2668 545 2722 obolum
577 2683 590 2718 :
618 2681 722 2719 non
752 2665 914 2719 habes
935 2663 1192 2718 obolum?
1220 2662 1286 2718 da
1308 2662 1393 2717 vel
1421 2661 1622 2732 frigida:
1646 2676 1796 2732 aqute
1823 2676 1917 2715 ca-

329 2759 531 2813 licem:
581 2757 727 2826 atqui
782 2770 957 2825 neque
1009 2753 1060 2808 id
1105 2753 1416 2808 habesh'el
1462 2752 1615 2806 malis
1661 2766 1918 2822 Oppresso

329 2857 656 2918 compatere,
701 2857 860 2915 atque
904 2859 1190 2914 appensam
1240 2843 1540 2898 mercedem
1587 2842 1770 2897 habes.
1801 2841 1917 2896 Non

328 2941 474 2996 enim
487 2938 836 3002 necessitatis,
855 2937 947 2992 sed
974 2936 1280 2990 intentionis
1304 2943 1388 2990 est
1413 2950 1638 2989 merces.
1664 2933 1769 2990 Sed
1795 2949 1919 2990 ecce

329 3035 457 3089 dum
487 3033 554 3088 de
582 3032 667 3087 his
689 3031 1022 3095 disserimus,
1054 3030 1318 3098 virginum
1345 3042 1471 3081 cura
1501 3028 1655 3082 nobis
1681 3027 1915 3092 excidit;

330 3141 427 3196 age
451 3140 578 3196 ergo
605 3124 672 3178 ad
699 3126 1026 3194 propositum
1069 3121 1368 3176 redeamus.
1402 3120 1534 3175 Date
1576 3119 1718 3173 nobis
1750 3121 1919 3174 oleum

331 3220 400 3272 de
434 3218 566 3272 vasis
592 3217 788 3270 uestris.
819 3215 937 3270 Non
986 3229 1268 3285 possumus
1315 3213 1467 3266 vobis
1496 3211 1644 3276 dare,
1676 3211 1758 3265 Ne
1786 3216 1918 3282 forte

330 3327 430 3363 non
466 3309 676 3378 suﬁiciat
716 3307 857 3362 nobis
881 3315 926 3362 et
967 3307 1124 3371 vobis,
1154 3305 1241 3360 sed
1270 3314 1439 3359 euntes
1468 3305 1613 3358 emite
1638 3320 1669 3356 a
1699 3304 1916 3357 venden-

333 3398 482 3450 tibus.
526 3397 832 3452 Abeuntibus
880 3406 1048 3450 autem
1097 3396 1241 3465 ipsis,
1290 3395 1420 3448 venit
1453 3409 1688 3464 sponsus,
1717 3403 1764 3446 et
1809 3410 1920 3463 qua:

334 3487 580 3542 habebant
617 3487 876 3557 lampades
914 3486 1233 3557 splendidas,
1269 3486 1578 3538 intraverunt
1615 3502 1728 3538 cum
1757 3502 1833 3550 eo,
1874 3496 1920 3540 et

331 3578 505 3632 clausa
529 3587 601 3632 est
621 3579 787 3648 janua
815 3577 1024 3630 thalami
1054 3575 1262 3648 (Matth.
1294 3576 1384 3630 25.
1413 3575 1528 3645 ‘10).
1553 3575 1796 3645 Quinque
1821 3593 1918 3629 au-

332 3681 440 3726 tem
472 3669 627 3724 fatum
653 3669 968 3724 accedentes
992 3669 1208 3738 januam
1238 3667 1454 3722 thalami
1501 3669 1782 3738 pulsabant
1811 3668 1920 3722 cla-

334 3771 588 3820 mantes:
621 3761 770 3828 Aperi
800 3760 940 3812 nobis
971 3758 1078 3830 (Ib.
1107 3775 1156 3811 υ.
1192 3759 1304 3828 ll).
1349 3758 1466 3813 Vox
1513 3769 1688 3813 autem
1737 3759 1920 3828 sponsi

334 3853 404 3908 ab
452 3853 586 3906 intra
631 3852 695 3906 ad
723 3867 813 3905 eas
848 3869 859 3904 :
889 3851 1126 3904 Recedite
1151 3867 1184 3903 a
1224 3867 1322 3915 me,
1351 3851 1518 3904 nescio
1562 3867 1650 3905 vos
1678 3849 1838 3922 (Ibid.
1869 3867 1917 3904 υ.

337 3944 449 4016 η).
498 3944 566 3998 Ει
607 3953 726 4012 post
753 3951 931 3999 tantos
973 3943 1184 3998 labores
1219 3943 1345 4013 quid
1387 3944 1707 3999 audierunt?
1736 3943 1921 3997 Nescio

334 4050 444 4091 vos.
499 4036 553 4090 Id
579 4044 662 4091 est
703 4036 844 4105 quod
893 4035 1026 4103 dixi,
1077 4035 1270 4092 frustra
1297 4045 1350 4092 et
1378 4037 1644 4091 incassum
1677 4052 1920 4106 magnam

337 4127 654 4198 virginitatis
709 4128 1095 4198 possessionem
1150 4129 1523 4198 possederunt.
1561 4130 1742 4200 Cogita
1789 4144 1924 4199 quo-

341 4220 503 4276 modo
556 4227 679 4288 post
741 4226 820 4273 tot
880 4219 1091 4274 labores
1142 4219 1371 4274 exclusa:
1424 4230 1580 4286 sunt,
1642 4229 1920 4289 postquam

341 4311 614 4366 frenarant
657 4309 1092 4365 incontinentiam
1119 4351 1133 4374 ,
1178 4324 1456 4379 p05tquam
1505 4311 1752 4379 supernis
1799 4323 1923 4362 cum

344 4401 634 4456 Virtutibus
659 4410 930 4455 certamen
959 4399 1274 4465 habuerant,
1323 4409 1599 4470 postquam
1647 4399 1769 4453 vita:
1821 4398 1922 4451 hu-

337 4493 426 4564 jus
477 4509 564 4548 res
619 4501 947 4564 spreverant,
995 4501 1273 4562 postquam
1330 4501 1519 4546 aestum
1573 4492 1928 4547 toleraverant

344 4597 613 4653 magnum,
643 4593 920 4653 postquam
959 4593 1108 4654 septa
1136 4583 1511 4651 transilicrant,
1551 4592 1831 4654 postquam
1860 4583 1928 4637 de

344 4686 484 4728 terra
525 4673 592 4728 ad
633 4673 818 4728 caelum
863 4675 1224 4739 evolaverant,
1269 4682 1546 4745 postquam
1593 4674 1834 4744 corporis
1858 4675 1929 4727 si-

342 4764 625 4834 gnaculum
681 4779 786 4818 non
844 4765 1152 4829 solverant,
1202 4779 1267 4819 ac
1320 4781 1567 4834 magnum
1615 4765 1930 4834 virginitatis

344 4854 614 4924 specimen
643 4854 1052 4924 acquisiverant,
1077 4864 1353 4925 postquam
1384 4865 1651 4910 certamen
1679 4871 1799 4909 cum
1829 4871 1928 4908 an-

344 4946 476 5016 gelis
504 4943 754 5012 inierant,
800 4955 1077 5017 postquam
1107 4947 1346 5015 corporis
1389 4947 1733 5002 necessitates
1773 4962 1930 5015 supe-

343 5047 618 5100 raverant,
651 5047 925 5106 pestquam
959 5049 1158 5092 natura;
1184 5037 1363 5092 oblita:
1393 5037 1618 5100 fuerant,
1648 5046 1928 5107 postquam

346 5129 399 5184 in
431 5143 676 5210 corpore,
721 5143 840 5197 qua:
887 5129 1322 5198 incorporcorum
1368 5137 1512 5196 sunt,
1566 5131 1927 5197 perfecerant,

347 5232 626 5292 postquam
657 5237 904 5292 magnum
931 5231 1090 5291 atque
1117 5223 1369 5277 invictum
1393 5222 1706 5292 virginitatis
1732 5224 1930 5277 bonum

347 5314 717 5383 possederant,
765 5323 888 5369 tunc
930 5314 1255 5369 audierunt:
1289 5314 1523 5369 Recedite
1555 5332 1586 5367 a
1628 5332 1726 5380 me,
1768 5317 1933 5369 nescio

349 5424 454 5461 vos.
486 5406 669 5478 Neque
690 5407 830 5461 enim
861 5407 989 5461 mihi
1014 5407 1398 5462 existimaveris
1429 5407 1682 5460 tantillam
1715 5406 1931 5476 virgini-

347 5498 474 5552 tatis
497 5512 619 5554 esse
650 5497 1065 5568 magnitudinem
1093 5515 1108 5552 :
1140 5498 1260 5553 talis
1280 5497 1421 5552 enim
1445 5498 1718 5568 virginitas
1743 5509 1841 5564 cst,
1877 5506 1934 5551 ut

350 5605 468 5644 eam
501 5591 732 5660 potuerit
775 5605 931 5644 nemo
977 5599 1214 5645 veterum
1259 5605 1601 5645 conservare.
1648 5589 1936 5660 Propterea

304 5697 308 5702 ‘
349 5679 495 5733 enim
525 5681 692 5748 gratia
742 5695 952 5751 magna,
980 5681 1121 5750 quod
1168 5696 1289 5751 qum
1339 5681 1612 5736 tremenda
1665 5681 1936 5750 prophetis

355 5768 572 5825 fuerunt
614 5783 669 5828 et
715 5772 1012 5838 veteribus,
1062 5771 1248 5829 eadem
1295 5786 1433 5827 nunc
1482 5771 1651 5827 facilia
1698 5771 1936 5843 leviaque

1079 351 1136 408 S.
1176 349 1452 408 JOANNIS
1489 347 1964 406 CIIRYSOSTOMI
2001 347 2321 408 ARCHIEP.
2351 350 2888 411 CONSTANTI‘NOP.

3488 363 3591 421 296

2016 464 2406 519 existimantur.
2455 466 2710 533 Quzenam
2755 467 2899 523 enim
2940 465 3150 530 fuerant
3189 473 3498 541 gravissima
3541 489 3598 533 et

2015 555 2287 610 violenta?
2313 556 2616 626 Virginitas,
2646 558 2934 628 mortisque
2953 559 3272 629 despectus;
3299 573 3354 618 at
3373 579 3434 618 ea
3462 582 3600 622 nunc

2014 646 2097 700 vel
2125 656 2320 702 tenet-te
2363 647 2563 716 puellm.
2596 649 2742 718 parvi
2779 649 3036 719 pendunt.
3068 651 3219 707 Adeo
3243 655 3386 708 enim
3423 660 3600 725 gravis

2018 746 2135 791 crat
2159 738 2473 808 virginitatis
2513 741 2801 809 possessio,
2848 750 2906 795 ut
2949 742 3046 798 hac
3072 758 3130 798 se
3159 759 3316 799 nemo
3359 756 3598 802 veterum

2016 827 2416 897 religaret.Noe
2440 829 2620 899 justus
2643 841 2776 896 erat,
2794 839 2849 886 et
2873 847 2903 884 a
2933 832 3041 886 Deo
3065 816 3419 890 testimonium
3446 852 3601 893 acce-

2019 918 2114 988 pit,
2145 918 2238 973 sed
2264 919 2474 975 mulieri
2501 921 2724 977 adhaesit
2752 939 2766 976 :
2794 923 3036 978 similiter
3059 924 3324 982 Abraham
3353 937 3407 982 et
3431 927 3600 997 Isaac,

2019 1009 2261 1080 ejusdem
2305 1026 2367 1066 ac
2415 1011 2504 1067 ille
2545 1014 2911 1082 promissionis
2954 1015 3199 1083 heredes,
3230 1031 3352 1072 cum
3381 1019 3600 1076 muliere

2018 1102 2459 1158 consuetudinem
2487 1103 2800 1160 habuerant.
2827 1105 3026 1175 Joseph
3051 1116 3230 1162 castus
3263 1108 3498 1165 adulterii
3522 1109 3600 1164 fa-

2018 1197 2170 1251 cinus
2214 1211 2274 1252 se
2299 1204 2625 1266 patraturum
2650 1199 2859 1268 negavit
2888 1197 3037 1270 (Gen.
3079 1199 3194 1270 39),
3245 1200 3338 1256 sed
3364 1201 3448 1258 hic
3475 1219 3596 1258 cum

2020 1289 2243 1344 muliere
2278 1290 2714 1346 consuetudinem
2760 1291 2945 1345 habuit
2976 1310 2989 1346 :
3019 1294 3200 1363 gravis
3245 1295 3439 1350 etenim
3485 1307 3602 1352 erat

2020 1379 2342 1449 virginitatis
2365 1381 2646 1450 professio.
2677 1381 2758 1435 Ex
2800 1397 2866 1436 eo
2896 1389 3135 1452 tempore
3163 1385 3314 1440 firma
3357 1384 3490 1442 facta
3519 1397 3602 1443 est

2020 1470 2314 1540 virginitas,
2353 1486 2418 1525 ex
2447 1486 2553 1542 quo
2603 1469 2702 1526 flos
2731 1471 3047 1542 virginitatis
3075 1475 3404 1544 germinavit.
3434 1477 3604 1532 Nemo

2022 1561 2180 1631 igitur
2203 1571 2441 1618 veterum
2467 1571 2671 1631 poterat
2693 1563 3044 1633 virginitatem
3072 1580 3287 1620 servare
3313 1585 3327 1620 :
3356 1583 3602 1638 magnum

2022 1652 2218 1707 etenim
2247 1662 2329 1707 est
2355 1668 2546 1722 corpus
2567 1653 2798 1710 frenare.
2832 1655 2994 1726 Pinge
3019 1656 3148 1712 mihi
3174 1673 3419 1713 sermone
3445 1660 3605 1730 virgi-

2023 1745 2202 1800 nitatis
2231 1747 2535 1815 specimen;
2567 1755 2728 1817 atque
2753 1748 2964 1802 virtutis
2985 1749 3396 1818 magnitudinem
3415 1751 3560 1808 disce
3584 1771 3600 1806 :

2021 1837 2165 1908 quod
2212 1838 2408 1893 bellum
2437 1839 2629 1894 habeat
2655 1840 2890 1910 quotidie
2934 1840 3235 1896 nullatenus
3275 1842 3603 1909 sedandum,

2023 1931 2139 2000 ipso
2155 1930 2429 1986 barbarico
2448 1931 2588 1987 bello
2605 1932 2857 1988 deterius.
2889 1931 3018 1988 Nam
3043 1933 3386 1988 barbarorum
3408 1935 3605 1990 bellum

2022 2020 2110 2075 vel
2135 2029 2342 2090 tempus
2375 2021 2568 2092 quietis
2600 2021 2774 2087 habet,
2804 2038 2924 2077 cum
2954 2025 3326 2092 paciscuntur;
3355 2033 3408 2080 et
3435 2041 3607 2094 quau-

2023 2112 2197 2183 doque
2235 2115 2449 2182 quidem
2499 2124 2752 2185 pugnant,
2793 2116 3107 2184 quandoque
3139 2131 3281 2183 non;
3312 2126 3367 2172 et
3394 2120 3609 2172 ordines

2022 2213 2076 2259 et
2100 2214 2292 2259 statuta
2340 2215 2578 2275 tempora
2608 2215 2773 2262 sunt:
2808 2207 2932 2261 belli
2979 2223 3107 2262 vero
3152 2224 3271 2264 cum
3311 2209 3610 2278 virginitate

2020 2297 2154 2366 gesti
2199 2298 2344 2352 nulla
2386 2298 2541 2352 datur
2585 2298 2756 2367 quies.
2790 2299 3038 2352 Diabolus
3085 2309 3166 2354 est
3207 2301 3348 2354 enim
3396 2317 3609 2370 semper

2023 2388 2219 2444 bellum
2249 2389 2498 2453 inferens,
2527 2390 2616 2461 qui
2645 2391 2897 2460 temporis
2926 2391 3348 2447 observationem
3378 2408 3484 2446 non
3514 2409 3612 2446 no-

2019 2482 2116 2546 vit,
2149 2497 2254 2536 non
2295 2475 2503 2550 tempus
2545 2489 2821 2551 exspectat
2845 2481 2912 2535 ad
2942 2481 3266 2547 conflictum,
3301 2482 3395 2536 sed
3420 2484 3613 2551 quaerit

2022 2588 2234 2642 semper
2259 2573 2513 2642 virginem
2543 2574 2738 2627 nudam
2770 2573 3039 2637 invenire,
3069 2589 3173 2642 quo
3215 2574 3437 2628 mortale
3466 2575 3610 2628 inﬂi-

2020 2674 2110 2734 gat
2137 2665 2359 2724 vulnus;
2391 2680 2562 2734 neque
2585 2664 2654 2719 ab
2674 2663 2775 2718 hoc
2793 2663 2933 2718 bello
2959 2680 3208 2733 umquam
3227 2665 3374 2734 virgo
3399 2679 3611 2720 cessare

2025 2763 2222 2824 potest,
2253 2754 2346 2809 sed
2374 2755 2424 2808 in
2456 2769 2515 2809 se
2545 2755 2824 2808 tumultum
2852 2755 3164 2824 hostemque
3191 2755 3517 2824 circumagit.
3541 2754 3614 2808 Et

2021 2845 2252 2900 damnati
2283 2846 2493 2916 quidem
2525 2845 2731 2899 etiamsi
2757 2845 2823 2899 ad
2855 2855 3064 2915 tempus
3104 2845 3332 2914 iudicem
3375 2845 3608 2908 videant,

2023 2954 2128 2994 non
2160 2939 2374 3008 paribus
2416 2946 2592 2991 tamen
2638 2937 2898 2992 molestiis
2943 2948 3288 3005 premuntur;
3334 2937 3484 3006 virgo
3509 2952 3611 2990 au-

2027 3042 2134 3088 tem
2162 3047 2496 3102 quocumque
2521 3031 2730 3096 abierit,
2755 3039 2809 3085 et
2825 3030 3058 3099 judicem
3079 3030 3386 3100 circumagit
3403 3044 3611 3095 secum,

2021 3135 2076 3182 et
2100 3127 2305 3180 hostem
2333 3139 2511 3180 secum
2541 3132 2732 3194 portat,
2765 3123 2854 3193 qui
2902 3139 3073 3193 neque
3101 3123 3306 3193 vesperi
3351 3123 3610 3191 permittit

2021 3218 2308 3288 respirare,
2355 3233 2458 3271 non
2488 3224 2663 3280 nocte,
2689 3231 2794 3269 non
2826 3214 3077 3280 diluculo,
3109 3229 3215 3268 non
3247 3213 3485 3278 meridie,
3515 3213 3612 3268 sed

2022 3311 2220 3365 bellum
2247 3310 2380 3379 gerit
2401 3323 2632 3377 semper,
2654 3307 3080 3376 voluptatemque
3100 3306 3379 3370 submittit,
3403 3305 3614 3374 nuptias

2023 3402 2076 3455 in
2101 3400 2412 3455 memoriam
2440 3397 2728 3463 adducens,
2757 3412 2864 3467 quo
2901 3399 3146 3452 virtutem
3172 3395 3434 3460 excludat,
3463 3396 3612 3448 mali-

2025 3491 2258 3560 tiamque
2287 3490 2338 3544 in
2368 3505 2429 3544 ea
2455 3497 2691 3559 generet,
2737 3488 3117 3542 continentiam
3147 3487 3398 3555 expellat,
3443 3487 3610 3539 forni-

2023 3583 2286 3638 cationem
2317 3583 2504 3636 inferat
2534 3597 2550 3635 :
2579 3580 2879 3636 incenditur
2904 3581 3126 3650 singulis
3151 3579 3296 3634 horis
3322 3579 3606 3648 voluptatis

2025 3678 2208 3732 fornax
2235 3677 2467 3730 suaviter
2491 3690 2770 3731 succensa.
2816 3675 3001 3744 Cogita
3035 3682 3264 3743 quantus
3294 3673 3412 3726 talis
3452 3673 3614 3726 officii

2025 3768 2173 3821 labor
2197 3770 2283 3821 sit.
2327 3767 2397 3821 At
2424 3766 2530 3820 illae
2567 3775 2688 3835 post
2725 3765 2840 3820 haec
2867 3765 3043 3820 omnia
3070 3764 3381 3818 audiverunt
3411 3779 3424 3817 :
3456 3761 3617 3816 Rece-

2025 3861 2128 3915 dite
2157 3878 2188 3913 a
2207 3877 2304 3927 me,
2348 3861 2516 3913 nescio
2551 3875 2656 3913 vos.
2692 3858 2824 3914 Vide
2851 3873 3011 3929 quam
3037 3872 3223 3926 magna
3253 3872 3339 3910 res
3364 3855 3432 3910 sit
3455 3856 3616 3924 virgi-

2026 3954 2198 4017 nitas;
2247 3968 2368 4007 cum
2413 3966 2654 4006 sororem
2699 3950 2943 4004 habuerit
2973 3949 3388 4017 eleemosynam,
3416 3948 3467 3998 in
3494 3961 3612 3998 eam

2026 4045 2168 4098 nulla
2215 4044 2436 4098 adversa
2463 4051 2730 4112 poterunt,
2768 4041 2861 4096 sed
2904 4039 3150 4094 omnibus
3193 4039 3438 4106 superior
3466 4038 3610 4091 erit:

2027 4142 2308 4204 propterea
2333 4148 2437 4188 non
2466 4133 2820 4187 introiverunt
2846 4132 2967 4194 illae,
2996 4129 3134 4199 quod
3164 4143 3286 4184 cum
3314 4127 3615 4197 virginitate

2027 4225 2424 4294 eleemosynam
2453 4239 2558 4278 non
2589 4223 2889 4278 habuerint.
2933 4221 3098 4275 Multo
3133 4220 3326 4274 rubore
3346 4219 3504 4288 digna
3527 4233 3614 4272 res

2028 4324 2112 4370 est
2137 4333 2151 4370 :
2185 4315 2506 4384 voluptatem
2525 4330 2644 4370 cum
2671 4313 3014 4372 debellasses.
3038 4312 3312 4380 pecuniam
3334 4326 3439 4364 non
3463 4325 3616 4378 spre-

2029 4409 2148 4463 visti
2174 4425 2189 4476 ;
2222 4408 2316 4464 sed
2338 4409 2486 4479 virgo
2515 4424 2631 4478 quae
2657 4408 2778 4461 vitae
2811 4406 3144 4472 renuntiasti,
3175 4404 3424 4459 eruciﬁxa
3456 4419 3617 4473 pecu-

2031 4499 2174 4552 niam
2203 4513 2370 4553 amas.
2398 4498 2611 4552 Utinam
2641 4498 2810 4551 virum
2841 4497 3225 4562 desiderasses,
3255 4505 3415 4566 atque
3443 4495 3616 4550 minus

2031 4590 2420 4644 criminandum
2468 4588 2640 4643 fuerat
2671 4607 2683 4642 :
2717 4604 2837 4642 nam
2883 4587 3120 4656 ejusdem
3161 4586 3472 4640 substantia:
3501 4600 3616 4639 rem

2031 4697 2095 4737 ac
2135 4684 2408 4738 materiam
2438 4683 2836 4747 desiderasses;
2865 4682 2973 4750 jam
3003 4697 3131 4736 vero
3176 4681 3346 4749 majus
3391 4689 3474 4734 est
3513 4679 3619 4733 cri-

2032 4789 2180 4842 men,
2228 4774 2367 4844 quod
2413 4776 2686 4828 materiam
2735 4773 2960 4827 alienam
3004 4771 3412 4826 desideraveris.
3444 4769 3617 4837 Esto,

2033 4882 2151 4935 qua:
2177 4867 2275 4920 sub
2301 4866 2412 4920 viro
2458 4877 2582 4920 sunt
2609 4865 2862 4920 saevitiam
2894 4867 3033 4920 male
3059 4865 3344 4919 ostendunt
3387 4863 3619 4918 ﬁliorum
3687 4908 3689 4910 .

2034 4965 2290 5028 prmtextu
2315 4974 2330 5011 :
2356 4956 2496 5026 quod
2518 4957 2561 5011 si
2587 4955 2637 5012 ei
2656 4956 2875 5020 dixeris,
2895 4956 2968 5009 Da
2995 4955 3408 5026 eleemosynam,
3431 4954 3621 5019 Filios,

2035 5051 2225 5120 inquit,
2257 5052 2448 5118 habeo,
2479 5059 2534 5104 et
2562 5064 2788 5119 nequeo.
2833 5049 2972 5102 Deus
3013 5048 3147 5102 filios
3179 5048 3269 5101 tibi
3309 5046 3475 5110 dedit,
3509 5047 3625 5101 fru—

2036 5153 2178 5196 ctum
2225 5143 2425 5198 ventris
2475 5140 2747 5212 accepisti,
2794 5155 2899 5194 non
2939 5155 3046 5210 quo
3086 5154 3248 5207 smva,
3281 5139 3374 5194 sed
3400 5153 3507 5209 quo
3535 5140 3627 5210 pia

2036 5233 2445 5302 miscricorsque
2472 5233 2588 5287 fias.
2618 5231 2697 5287 Ne
2727 5232 2882 5301 igitur
2898 5245 3111 5285 causam
3137 5230 3433 5285 clementia:
3456 5231 3624 5300 pieta-

2039 5325 2208 5394 tisque
2237 5324 2452 5378 saevitia:
2481 5338 2693 5378 causam
2725 5323 2931 5378 feceris.
2963 5322 3123 5391 Cupis
3151 5320 3498 5375 hereditatem
3531 5319 3625 5373 δο-

2040 5432 2160 5470 nam
2185 5415 2305 5470 filiis
2327 5415 2430 5470 tuis
2455 5414 2794 5484 relinquere?
2819 5415 3209 5483 eleemosynam
3233 5412 3494 5480 relinque,
3517 5426 3630 5480 quo

2041 5518 2093 5562 te
2122 5521 2307 5561 omnes
2348 5504 2591 5560 laudibus
2634 5503 2876 5567 efferant,
2905 5502 3279 5573 celebremque
3304 5503 3377 5556 tui
3418 5516 3628 5555 memo-

2041 5599 2171 5653 riam
2195 5598 2482 5667 relinquas.
2504 5596 2586 5650 Tu
2612 5610 2741 5650 vero
2761 5610 2864 5648 non
2891 5595 3090 5648 habens
3116 5593 3273 5659 filios,
3306 5595 3398 5648 sed
3421 5591 3626 5646 inuade

2042 5688 2314 5755 crucifixa,
2359 5687 2482 5758 quid
2515 5687 2764 5756 pecunias
2787 5687 3116 5756 congregas?
