4046 6396
238 376 340 432 295

236 495 346 548 τῶν
378 492 722 564 θεραπόντων
754 493 1178 565 παρεστηκότων
1209 490 1326 546 εἷπε
1365 494 1500 564 πρὸς
1525 493 1720 557 αὐτούς
1739 511 1752 522 -
1785 495 1889 547 Εὐι-

237 594 597 664 χαριστήσατε
634 591 810 663 τούτῳ
835 591 1006 645 πολλά
1033 593 1147 645 ἀντ’
1177 591 1332 661 ἐμοῦ·
1366 585 1519 664 οὗτός
1559 609 1623 661 με
1649 593 1708 643 ἐν
1731 592 1892 663 πενίᾳ

235 661 362 742 δντα
386 688 635 760 διέθρεψε
667 690 761 742 καὶ
783 661 1055 756 ἐξένισεν,
1097 684 1251 752 οὗτος
1285 688 1409 758 ἐμοὶ
1433 661 1634 750 πολλάς
1665 661 1890 758 εὐεργεζ

237 785 355 848 σίας
377 787 434 838 ἐν
456 783 633 856 καιρῷ
655 785 1014 856 στενοχωρίας
1035 786 1297 855 παρέσχε·
1320 784 1435 848 πῶς
1455 785 1556 837 οὐκ
1575 785 1641 838 ἂν
1662 784 1891 849 ἕκαστος

234 881 300 935 τά
329 883 585 952 χρήματα
611 881 776 935 αὐτοῦ
805 881 903 936 ὅλα
921 883 1057 953 πρὸς
1087 884 1292 935 ἐκεῖνον
1321 873 1716 953 άνήλωσεν,ᾦό
1738 881 1890 950 βασι-

234 961 359 1041 λεῦς
384 979 755 1050 ηὐχαρίστησε
778 995 792 1043 ;
813 979 931 1042 πῶς
945 981 1044 1032 οὐκ
1069 978 1137 1032 ἂν
1163 977 1557 1046 άπελογίσατο;
1580 976 1693 1040 πῶς
1710 979 1810 1032 οὐκ
1825 977 1890 1032 ἂν

233 1063 462 1138 ἕκαστος
497 1073 829 1129 ἐσπούδασεν
870 1071 1063 1128 ἐαυτὸν
1105 1073 1255 1144 αὐτῷ
1300 1073 1640 1144 παραθέσθαι
1677 1073 1772 1126 καὶ
1800 1091 1890 1143 φιι

233 1167 490 1242 λιωθῆναι
510 1189 527 1238 ;
1620 1229 1622 1231 _

302 1285 371 1348 γ’.
404 1280 584 1334 Εῖδετε
608 1278 705 1351 τήν
720 1279 949 1352 δύναμιν
963 1280 1056 1334 τοῦ
1074 1277 1231 1348 λόγου
1253 1299 1267 1349 ;
1285 1279 1345 1334 Εί
1364 1279 1419 1333 δέ
1437 1297 1501 1348 γε
1517 1279 1610 1332 ἐπὶ
1627 1278 1889 1350 βασιλέως

233 1373 524 1447 ἀνθρώπου
568 1376 837 1446 τοσαύτην
885 1377 1052 1449 τιμὴν
1101 1377 1215 1447 ἔχει
1253 1371 1314 1430 τὺ
1342 1375 1593 1446 πρᾶγμα,
1638 1375 1888 1444 ἐννόησον

233 1461 464 1542 Χριστὸν
492 1472 551 1525 ἐν
575 1473 756 1546 ἐκείνῃ
789 1477 855 1543 τῇ
885 1474 1068 1545 ἡμέρᾳ
1098 1472 1366 1526 καλοῦντα
1388 1469 1481 1526 ἐπὶ
1522 1470 1767 1540 ἀγγέλων
1795 1471 1890 1524 καὶ

232 1566 411 1637 πάσης
429 1567 731 1640 δυνάμεως,
751 1571 846 1622 καὶ
867 1568 1112 1638 λέγοντα·
1136 1560 1305 1632 Οὗτός
1341 1584 1406 1637 με
1439 1570 1497 1621 ἐν
1525 1569 1590 1637 τῇ
1622 1568 1692 1636 γῇ
1726 1565 1891 1631 ἐξένι-

233 1667 341 1716 σεν·
365 1658 522 1728 οὗτός
562 1682 629 1736 με
662 1667 832 1736 μυρία
861 1664 1252 1736 εὐηργέτησεν·
1282 1659 1438 1727 οῦτός
1480 1680 1547 1733 με
1581 1662 1730 1728 ξένον
1759 1660 1889 1715 ὄντα

232 1761 556 1829 συνήγαγεν·
591 1760 844 1832 ἐννόησον
866 1761 1052 1814 λοιπὸν
1075 1761 1175 1828 τὴν
1208 1757 1520 1830 παρρησίαν
1540 1758 1638 1828 τὴν
1661 1759 1754 1812 ἐπὶ
1778 1757 1887 1810 τῶν

229 1855 498 1924 ἀγγέλων,
529 1857 590 1911 τὸ
611 1857 875 1928 καύχημα
898 1857 960 1911 τὺ
993 1858 1087 1910 ἐπὶ
1114 1857 1224 1910 τῶν
1243 1856 1307 1927 δή
1318 1873 1434 1926 μων
1469 1853 1577 1907 τῶν
1601 1855 1732 1908 άνω.
1759 1848 1831 1924 ⁷ῼ
1858 1849 1888 1906 0

227 1949 460 2021 Χριστὸς
489 1957 790 2027 μαρτυρεῖ,
843 1953 961 2018 πῶς
1012 1955 1112 2008 οὐκ
1140 1953 1206 2008 ἂν
1256 1955 1357 2024 σχῇ
1408 1952 1719 2022 παρρησίαν
1744 1950 1885 2022 ὑπὲρ

226 2050 524 2120 ἀγγέλους;
575 2052 733 2122 Μέγα
786 2048 880 2106 οῦν
923 2055 1153 2124 πρᾶγμα
1205 2043 1578 2122 ἐλεημοσύνη,
1632 2048 1851 2117 ἀδελφοί
1866 2059 1879 2079 ⁶

223 2146 429 2219 ταύτην
455 2147 852 2220 άσπασὼμεθα,
881 2138 949 2220 ἦς
978 2150 1128 2202 οὐδὲν
1161 2149 1296 2202 ἴσον·
1333 2150 1490 2219 ἱκανή
1518 2149 1634 2199 ἐστι
1663 2146 1758 2199 καὶ
1785 2145 1880 2200 an.

223 2242 322 2307 λας
349 2243 622 2315 ἁμαρτίας
653 2245 952 2314 ἐξαλεῖψαι,
982 2246 1074 2299 καὶ
1108 2244 1204 2315 τὴν
1245 2243 1425 2315 κρίσιν
1449 2241 1719 2297 ἀπελάσαι
1741 2259 1754 2273 ·
1788 2241 1882 2295 σοῦ

225 2339 537 2401 σιωπῶντος
573 2339 769 2410 ’ἐστηκε
797 2340 891 2394 καὶ
918 2343 1209 2412 συνηγορεί
1236 2357 1248 2368 ·
1284 2339 1486 2410 μᾶλλον
1514 2339 1572 2392 δὲ
1624 2337 1718 2391 σοῦ
1753 2353 1883 2391 σιωι

224 2426 434 2500 πῶντος
466 2435 639 2506 μυρία
678 2437 923 2508 στόματα
959 2432 1280 2508 εὐχαριστεῖ
1306 2437 1446 2507 ὑπὲρ
1477 2435 1592 2490 σοῦ.
1633 2431 1884 2488 Τοσαῦτα

222 2531 403 2599 ἀγαθά
431 2533 494 2584 ἐκ
523 2533 622 2602 τῆς
668 2532 1060 2603 ἐλεημοσύνης,
1107 2533 1203 2585 καὶ
1254 2533 1415 2604 ήμεῑς
1455 2529 1763 2602 άμελοῦμεν
1790 2529 1883 2584 καὶ

223 2627 720 2700 άναπεπτώκαμεν.
760 2628 860 2692 Δὸς
904 2629 1048 2683 κατὰ
1095 2627 1324 2699 δύναμιν
1355 2628 1548 2700 ἄρτον·
1595 2628 1696 2681 οὐκ
1738 2627 1884 2697 ἔχεις

221 2722 424 2793 ἄρτον;
472 2723 562 2788 δὸς
617 2723 834 2778 ὀϐολόν·
879 2726 980 2778 οὐκ
1017 2725 1160 2795 ἔχεις
1209 2718 1428 2790 όϐολόν;
1485 2723 1573 2786 δὸς
1625 2724 1882 2794 ποτήριον

219 2817 430 2889 ψυχροῦ
459 2811 678 2884 ὕδατος·
715 2820 816 2874 οὐκ
851 2820 995 2891 έχεις
1016 2821 1202 2885 τοῦτος
1232 2819 1612 2890 συμπένθησον
1651 2819 1729 2891 τῷ
1766 2820 1880 2874 θλιι

220 2914 452 2984 ϐομένῳ,
484 2916 574 2968 καὶ
600 2915 742 2986 ἔχεις
767 2917 977 2987 μισθόν.
1005 2919 1077 2970 Οὐ
1101 2918 1209 2988 γάρ
1225 2917 1325 2987 τῆς
1348 2917 1592 2988 ἀνάγκης
1612 2918 1641 2970 0
1670 2917 1878 2988 μισθὸς,

220 3010 356 3064 ἀλλὰ
378 3010 480 3081 τῆς
509 3010 898 3082 προαιρέσεως.
938 3011 1077 3064 Ἀλλ’
1111 3013 1187 3076 ὡς
1220 3012 1300 3065 ἐτι
1329 3013 1456 3084 περὶ
1486 3012 1676 3065 τούτου
1708 3013 1882 3066 διαλε-

220 3109 460 3178 γόμεθα,
493 3107 717 3178 ἐξῆλθεν
766 3110 896 3180 ήμῖν
945 3110 977 3180 ή
1015 3110 1233 3181 φροντὶς
1261 3109 1369 3162 τῶν
1409 3111 1713 3182 παρθένων·
1747 3109 1880 3180 φέρε

225 3200 313 3256 ιιῦν
343 3205 424 3267 είς
447 3203 506 3256 10
538 3203 899 3275 προκείμενον
933 3205 1333 3278 ἐπανέλθωμον.
1355 3207 1495 3262 Δότε
1513 3209 1676 3278 ἡμῖν,
1696 3211 1878 3278 φησὶν,

221 3302 427 3354 ἔλαιον
454 3301 522 3355 ἐκ
545 3295 936 3369 τῶνηάγγειων
972 3307 1160 3375 ὑμῶν.
1228 3309 1310 3360 Οὐ
1343 3299 1645 3374 δυνάμεθα
1673 3305 1883 3360 δοῦναι

232 3394 390 3468 ὑμῖν,
404 3395 634 3470 μήποτε
661 3401 772 3453 οὐκ
797 3400 1024 3468 ἀρκέσῃ
1052 3400 1199 3470 ἡμῖν
1218 3401 1317 3455 καὶ
1341 3400 1503 3470 ὑμῖν·
1538 3401 1675 3455 ἀλλ’
1697 3396 1883 3454 ἀπελ-

221 3492 433 3548 θοῦσαι
459 3496 796 3565 ἀγοράσατε
819 3497 938 3551 ἀπὸ
971 3500 1090 3550 τῶν
1117 3499 1503 3553 πωλούντων.
1539 3498 1882 3566 Ἀπερχομέι

221 3600 342 3642 νων
371 3590 438 3644 δὲ
462 3589 663 3645 αὐτῶν
713 3592 1022 3662 ἀγοράσαι,
1062 3589 1248 3662 ἦλθεν
1293 3597 1327 3647 ό
1377 3593 1658 3662 νυμφίος,
1683 3593 1782 3646 καὶ
1822 3596 1882 3648 αἱ

219 3687 468 3755 ἔχουσαι
501 3690 608 3754 τὰς
631 3688 951 3758 λαμπάδας
973 3689 1228 3758 φαιδρᾶς
1263 3688 1678 3755 συνεισῆλθον
1697 3689 1878 3755 αὐτῷ,

221 3784 318 3836 καὶ
348 3784 720 3852 ἀπεκλείσθη
747 3785 786 3853 ἡ
815 3786 966 3853 θύρα
1015 3785 1356 3854 νυμφῶνος.
1385 3781 1588 3839 Ἦλθον
1612 3786 1670 3838 δέ
1697 3787 1792 3839 καὶ
1819 3787 1879 3840 αί

221 3883 382 3936 πέντε
423 3876 622 3956 μωραὶ,
673 3881 766 3936 καὶ
804 3885 1028 3956 ἔκρουον
1077 3883 1176 3955 τὴν
1222 3884 1394 3956 θύραν
1442 3883 1537 3937 τοῦ
1594 3884 1881 3954 νυμφῶνος

221 3978 441 4047 βοῶσαι·
475 3978 757 4044 Ἀνοιξον
791 3980 953 4048 ἡμῖν·
986 3981 1080 4034 καὶ
1118 3981 1267 4052 φωνὴ
1314 3980 1515 4034 ἔσωθεν
1549 3979 1685 4052 πρὸς
1712 3980 1882 4045 αὑτάς

219 4071 313 4128 τοῦ
362 4077 618 4146 νυμφίου·
665 4076 978 4132 Ἀπέλϐετε
1026 4078 1128 4132 ἀπ’
1161 4078 1342 4148 ἐμοῦ,
1381 4080 1493 4132 οὐκ
1540 4069 1672 4133 οἴδα
1702 4078 1878 4149 ὑμᾶς.

219 4169 328 4226 Καὶ
353 4172 492 4243 μετὰ
519 4173 806 4238 τοσούτους
858 4176 1143 4246 καμάτους
1189 4175 1243 4228 τί
1287 4176 1557 4247 ήκουσανς
1595 4179 1716 4232 Οὐκ
1748 4171 1882 4232 οἴδα

219 4268 394 4339 ὑμᾶς.
412 4269 580 4323 Τοῦτό
608 4270 778 4335 ἐστιν,
809 4272 837 4324 ὃ
867 4271 1074 4340 ἔλεγον,
1106 4274 1227 4342 εἰκῆ
1255 4273 1350 4326 καὶ
1375 4275 1551 4343 μάτην
1586 4274 1884 4344 ἐκτήσαντο

218 4364 280 4418 τὺ
305 4364 451 4436 μέγα
477 4365 666 4435 κτῆμα
692 4366 789 4436 τῆς
813 4367 1130 4438 παρθενίαςι
1175 4366 1479 4437 Ἐννόησον,
1536 4369 1675 4438 μετὰ
1697 4367 1883 4422 τοσούι

215 4478 343 4526 τους
370 4464 649 4533 καμάτους
683 4462 1072 4534 ἐξεϐλήθησαν,
1102 4465 1192 4518 ὅτε
1224 4464 1495 4535 ἀκρασίαν
1527 4465 1880 4536 ἐχαλίνωσαν,

217 4553 370 4628 [298]
401 4558 490 4610 ὅτε
513 4557 651 4626 πρὸς
668 4555 765 4619 τὰς
799 4555 912 4610 ἄνω
939 4556 1196 4626 δυνάμεις
1227 4556 1325 4627 τὴν
1353 4557 1585 4628 ἅμιλλαν
1607 4555 1770 4628 εἶχον,
1791 4559 1880 4611 ὅτε

214 4653 325 4706 τῶν
360 4651 630 4722 βιωτικῶν
677 4652 1049 4722 κατεγέλασαν
1084 4654 1456 4724 πραγμάτιον,
1489 4655 1579 4708 ὅτε
1610 4651 1702 4708 τὸν
1747 4653 1882 4708 καύ-

218 4770 365 4806 σωνα
407 4754 719 4823 ὑπήνεγκαν
773 4752 864 4805 τὸν
909 4752 1102 4824 μέγαν,
1140 4752 1229 4805 ὅτε
1267 4752 1336 4806 τά
1381 4752 1682 4824 σκάμματα
1717 4754 1883 4824 ύπερ-

217 4848 444 4918 εϐησαν,
470 4849 558 4903 ὅτε
575 4849 685 4902 ἀπὸ
710 4849 813 4919 γῆς
839 4849 916 4912 είς
938 4847 1163 4920 οὐρανὸν
1188 4848 1380 4902 ἀνεπτε
1391 4847 1660 4920 ρώθησαν,
1677 4851 1763 4903 ὅτε
1788 4848 1880 4902 τοῦ

221 4943 473 5015 σώματος
498 4945 598 5015 τὴν
630 4945 903 5014 σφραγῖδα
931 4943 991 4997 οὐ
1045 4943 1316 5009 διέλυσαν,
1353 4945 1442 4998 ὅτε
1470 4945 1528 4998 τὸ
1569 4946 1712 5016 μέγα
1745 4942 1882 5009 εἶδος

217 5044 319 5111 τῆς
350 5041 646 5111 παρθενίας
679 5042 997 5112 ἐκτήσαντο,
1026 5041 1114 5094 ὅτε
1160 5040 1260 5112 τὴν
1305 5040 1537 5112 ἅμιλλαν
1585 5041 1718 5113 πρὸς
1758 5043 1882 5105 τοὺς

220 5137 487 5206 ἀγγέλους
517 5137 697 5208 ἔσχον,
731 5139 822 5191 ὅτε
847 5137 942 5190 τοῦ
968 5137 1221 5207 σώματος
1251 5136 1349 5201 τὰς
1376 5137 1622 5206 ἀνάγκας
1647 5139 1884 5192 κατεπά-

218 5244 412 5305 τησαν,
437 5236 525 5287 ὅτε
552 5235 649 5304 τῆς
677 5233 893 5302 φύσεως
923 5232 1327 5304 ἐπελήσθησαν,
1357 5233 1446 5286 ὅτε
1483 5235 1541 5286 ἐν
1575 5234 1786 5305 σώματι
1815 5235 1884 5289 τά

217 5330 490 5402 ἀσώματα
520 5331 846 5386 ἐπετέλεσαν
865 5367 881 5395 ,
928 5332 1017 5386 ὅτε
1041 5327 1104 5384 τὸ
1147 5329 1290 5400 μέγα
1331 5332 1426 5384 καὶ
1459 5331 1884 5404 ἀκαταμάχητον

219 5428 411 5499 κτῆμα
437 5427 537 5498 τῆς
566 5429 862 5499 παρθενίας
889 5429 1208 5498 ἐκτήσαντο·
1232 5427 1352 5480 τότε
1384 5428 1644 5498 ἥκουσαν,
1685 5429 1886 5484 Ἀπέλ-

219 5527 358 5579 θετε
384 5525 485 5579 ἀπ’
515 5525 682 5594 ἐμοῦ,
707 5527 820 5578 οὐκ
847 5519 981 5578 οἶδα
1011 5523 1186 5594 ὑμᾶς.
1229 5524 1320 5594 Μή
1359 5525 1468 5595 γάρ
1505 5525 1630 5596 ἐμοὶ⁸
1656 5527 1884 5600 νομίσῃς

218 5623 283 5675 10
314 5620 416 5691 τῆς
454 5620 755 5691 παρθενίας
788 5620 1015 5691 μέγεθος
1055 5619 1250 5690 μικρὸν
1280 5615 1440 5674 εἶναι’
1473 5621 1713 5675 τοιοῦτόν
1737 5623 1884 5676 ἐστιν

221 5719 256 5790 η
295 5718 581 5788 παρθενία,
612 5719 695 5772 ὅτι
719 5718 895 5780 οὐδεὶς
923 5718 1164 5789 ἠδυνήθη
1189 5717 1298 5772 τῶν
1336 5719 1579 5790 ἀρχαίων
1605 5719 1764 5772 τοῦτο
1789 5739 1884 5792 τη-

225 5815 409 5889 ρῆσαι.
438 5815 536 5870 Διὰ
568 5816 725 5870 τοῦτο
745 5816 854 5888 γάρ
879 5816 916 5888 ή
953 5817 1112 5889 χάρις
1148 5818 1378 5889 μεγάλη,
1410 5820 1492 5874 ὅτι
1524 5820 1558 5874 δι
1583 5815 1648 5891 ἦν
1674 5820 1879 5890 φοϐερὰ

1395 373 1482 432 οε
1515 376 2001 436 ELEEMOSYLVA.
2045 378 2277 435 HOMIL.
2312 378 2396 433 ιιι.

1946 485 1947 488 η
2000 500 2058 549 ἐν
2089 497 2202 558 τοῖς
2241 495 2553 566 προφήταις
2593 492 2687 545 καὶ
2717 494 2774 544 ἐν
2805 494 2915 555 τοῖς
2941 486 3206 564 ἀρχαίοις,
3235 493 3402 546 ταῦτα
3445 491 3659 559 ἐγένετο

3555 372 3658 432 296

1997 581 2093 634 νῦν
2136 581 2609 652 εὐκαταφρόνητα.
2665 578 2799 631 Τίνα
2854 579 2962 650 γάρ
3000 575 3067 650 ἦν
3115 579 3184 633 τά
3241 578 3516 650 βαρύτατα
3565 579 3660 630 καὶ

1998 669 2306 737 ἁναγκαῖας
2332 665 2627 737 Παρθενία,
2658 665 2752 718 καὶ
2787 665 3016 718 θανάτου
3053 665 3344 738 ὑπεροψία·
3377 664 3512 718 ἀλλὰ
3536 664 3660 718 τού-

1996 773 2104 809 των
2138 755 2233 808 νῦν
2282 755 2376 808 καὶ
2414 754 2571 824 κόραι
2621 753 2857 816 εὐτελεῖς
2899 752 3318 822 καταφρονοῦσι.
3370 753 3515 823 Βαρῦ
3549 753 3659 823 γάρ

1995 838 2063 914 ἦν
2093 842 2153 896 τὸ
2177 842 2276 911 τῆς
2302 840 2600 912 παρθενίας
2627 839 2810 909 κτῆμα
2840 838 3032 902 οὕτως,
3063 839 3138 901 ὡς
3175 840 3378 910 μηδένα
3402 839 3660 892 δύνασθαι

1995 931 2203 1000 ταύτην
2231 929 2472 998 ἀσκῆσαι
2503 927 2612 980 τῶν
2640 927 2906 980 παλαιῶν.
2938 928 3059 979 Νῶε
3084 927 3292 990 δίκαιος
3321 928 3414 980 καὶ
3447 945 3658 998 μαρτυ-

2000 1017 2184 1088 ρηθεὶς
2203 1016 2309 1069 ὑπὸ
2330 1015 2423 1069 τοῦ
2436 1015 2592 1078 Θεοῦ,
2608 1014 2742 1068 ἀλλά
2764 1015 2982 1083 γυναικὶ
3006 1033 3227 1085 προσωμ
3241 1015 3440 1086 ίλησεν·
3459 1016 3659 1085 ὁμοίως

1995 1104 2052 1156 δὲ
2081 1103 2330 1173 ’Δϐραὰμ
2352 1104 2448 1156 καὶ
2473 1101 2655 1154 Ἰσαὰκ
2671 1106 2718 1155 οί
2744 1101 3174 1174 συγκληρονόμοι
3198 1102 3360 1155 αὐτοῦ
3376 1102 3474 1171 τῆς
3493 1104 3660 1169 ἐπαγ-

1996 1191 2181 1258 γελίας
2205 1191 2425 1258 γυναικὶ
2445 1189 2888 1261 προσωμίλησαν.
2919 1189 3116 1259 Ἰωσὴφ
3134 1190 3161 1240 0
3184 1189 3411 1258 σώφρων
3434 1189 3494 1241 10
3518 1189 3660 1258 μέγα

1995 1274 2178 1347 δρᾶμα
2211 1277 2312 1345 τῆς
2361 1277 2605 1346 μοιχείας
2637 1278 2932 1346 ἠρνήσατο·
2961 1275 3098 1328 ἀλλὰ
3131 1275 3226 1328 καὶ
3259 1268 3414 1338 οὗτος
3437 1275 3658 1344 γυναικὶ

1945 1385 1960 1402 ρ
1996 1363 2437 1434 προσωμίλησεν·
2471 1363 2610 1435 βαρὺ
2646 1363 2755 1436 γάρ
2783 1359 2848 1434 ἦν
2878 1363 2938 1416 τὸ
2971 1361 3294 1432 ἐπάγγελμα
3323 1362 3424 1431 τῆς
3453 1361 3659 1432 παρθε-

1995 1450 2134 1512 νίας.
2170 1451 2395 1503 Ἐκτοτε
2430 1451 2626 1521 ἰσχυρά
2663 1453 2696 1522 ή
2731 1450 2998 1522 παρθενία
3031 1450 3268 1519 ἐγένετο,
3305 1449 3456 1514 ἐξότε
3477 1449 3539 1502 τὸ
3563 1450 3659 1503 άν-

1995 1536 2086 1600 θος
2116 1538 2176 1590 τὸ
2208 1539 2306 1608 τῆς
2355 1539 2653 1608 παρθενίας
2696 1537 3046 1606 ἐϐλάστησεν.
3096 1537 3282 1600 Οὐδεὶς
3327 1536 3506 1589 τοίνυν
3549 1535 3658 1590 τῶν

1996 1624 2239 1678 παλαιῶν
2255 1624 2494 1696 ἠδυνήθη
2516 1625 2814 1696 παρθενίαν
2841 1625 3100 1694 ἀσκῆσαι·
3124 1623 3268 1694 μέγα
3287 1623 3396 1694 γάρ
3425 1625 3657 1694 πρᾶγμα

1995 1711 2155 1782 σῶμα
2205 1710 2520 1782 χαλινῶσαι.
2580 1710 3076 1782 Ἀναζωγράφησον
3128 1709 3208 1781 τῷ
3253 1709 3396 1778 λόγῳ
3449 1710 3510 1762 τὸ
3557 1710 3657 1780 τῆς

1995 1795 2296 1867 παρθενίας
2323 1793 2461 1861 εἶδος
2481 1837 2496 1862 ,
2530 1798 2627 1852 καὶ
2665 1797 2949 1868 κατάμαθε
2976 1796 3035 1850 τὸ
3069 1797 3299 1867 μέγεθος
3329 1799 3427 1866 τῆς
3455 1797 3658 1868 ἀρετῆς

1993 1885 2183 1954 αὐτῆς·
2220 1885 2302 1938 ἐτι
2334 1885 2570 1956 πόλεμον
2607 1884 2721 1956 ἔχει
2762 1886 2849 1954 ἐφ’
2883 1884 3121 1954 ἑκάστης
3157 1884 3370 1954 ἡμέρας
3399 1883 3656 1936 οὐδέποτε

1992 1972 2288 2042 δυνάμενον
2318 1973 2612 2043 ήσυχάσαι·
2655 1972 2853 2042 χείρων
2899 1971 2994 2024 τοῦ
3041 1970 3377 2040 βαρϐαρικοῦ
3416 1969 3656 2038 πολέμου

1993 2054 2148 2122 οὗτος
2175 2060 2203 2112 ό
2230 2058 2486 2129 πόλεμος.
2536 2057 2594 2112 '0
2625 2058 2724 2129 μὲν
2762 2059 2870 2129 γὰρ
2920 2058 3030 2110 τῶν
3081 2057 3373 2127 βαρϐάρων
3423 2056 3658 2126 πόλεμος

1995 2148 2184 2219 καιρόν
2205 2165 2324 2201 τινα
2353 2148 2463 2218 ἔχει
2492 2149 2691 2218 άνοχῆς
2713 2149 2770 2200 ἐν
2791 2151 2910 2209 ταῖς
2942 2147 3256 2218 συνθήκαις,
3284 2147 3378 2200 καὶ
3405 2147 3534 2200 ποτέ
3559 2147 3659 2215 μὲν

1995 2235 2396 2306 συμϐάλλουσι,
2435 2237 2564 2290 ποτέ
2592 2236 2647 2290 δὲ
2679 2235 2764 2298 οὔ,
2789 2238 2883 2289 καὶ
2916 2236 3102 2300 τάξεις
3140 2236 3231 2289 καὶ
3273 2235 3454 2306 χρόνοι
3495 2235 3654 2287 είσίν·

1991 2325 2084 2377 ἐπὶ
2115 2319 2172 2376 δέ
2205 2324 2297 2376 τοῦ
2323 2324 2560 2394 πολέμου
2598 2324 2692 2377 τοῦ
2734 2323 2868 2397 πρὸς
2903 2327 3002 2396 τὴν
3047 2324 3349 2396 παρθενίαν
3387 2325 3485 2376 οὐκ
3510 2323 3657 2375 ἐστιν

1990 2411 2182 2482 άνοχή·
2212 2411 2458 2475 διάϐολος
2478 2411 2584 2484 γάρ
2616 2413 2760 2465 ἐστιν
2786 2415 2814 2465 0
2845 2411 3118 2482 πολεμῶν,
3162 2411 3222 2464 ού
3249 2409 3440 2482 καιρὸν
3467 2412 3657 2479 ἐπιτη-

1992 2501 2105 2570 ρεῖν
2135 2497 2432 2563 ἐπιθέσεως
2454 2499 2629 2562 εἰδὼς,
2666 2499 2728 2551 ού
2768 2499 3020 2564 σύνταξιν
3063 2499 3202 2570 πρὸς
3243 2499 3343 2570 τὴν
3379 2496 3656 2568 συμϐολὴν

1991 2581 2379 2656 ἐκδεχόμενος,
2431 2585 2546 2639 ἀλλ’
2602 2587 2833 2657 ἐστηκεν
2885 2588 2972 2640 ἀεὶ
3010 2587 3190 2657 ζητῶν
3236 2586 3336 2656 τὴν
3390 2585 3659 2656 παρθένον

1991 2674 2203 2746 γυμνὴν
2233 2674 2444 2744 εὑρεῖν,
2493 2674 2581 2726 ἵνα
2616 2674 2836 2744 καιρίαν
2886 2675 3140 2746 ἐπαγάγῃ
3163 2673 3262 2743 τὴν
3295 2675 3531 2744 πληγήν·
3565 2673 3660 2725 καὶ

1989 2762 2246 2814 οὐδέποτε
2275 2761 2496 2815 δύναται
2541 2763 2572 2830 ή
2609 2762 2876 2831 παρθένος
2920 2761 3012 2814 τοῦ
3056 2762 3294 2832 πολέμου
3344 2759 3658 2813 παύσασθαι

1989 2849 2203 2907 τούτου.
2237 2849 2355 2902 ἀλλ’
2390 2850 2447 2901 ἐν
2468 2849 2602 2918 αὐτῇ
2641 2849 2730 2901 τὸν
2750 2849 2988 2920 τάραχον
3011 2849 3274 2919 περιάγει
3306 2849 3399 2901 καὶ
3432 2847 3522 2900 τὸν
3557 2864 3656 2898 ποι

1994 2937 2282 3007 λεμιστήν.
2325 2937 2434 2990 Καὶ
2462 2935 2512 2989 οἱ
2552 2936 2650 3004 μὲν
2675 2937 2953 2990 κατάδικοι
2987 2935 3090 2988 κᾶν
3115 2935 3252 3006 πρὸς
3287 2935 3478 3007 καιρὸν
3506 2933 3653 2991 ἴδωσι

1989 3025 2079 3077 τὸν
2100 3025 2373 3095 ἄρχοντα,
2422 3024 2521 3094 οὐχ
2565 3022 2709 3076 οὕτω
2755 3022 3144 3093 χειμάζονται·
3200 3024 3232 3094 ή
3283 3023 3340 3076 δὲ
3387 3022 3659 3094 παρθένος

1988 3113 2231 3182 ὅπουπερ
2257 3111 2323 3166 ἂν
2355 3111 2683 3182 ἀπέρχηται,
2703 3110 2792 3163 τὸν
2817 3110 3074 3180 δικαστὴν
3106 3109 3360 3181 περιάγει
3385 3109 3503 3180 μεθ’
3530 3110 3659 3162 ἐαυ-

1989 3199 2108 3270 τῆς,
2139 3201 2233 3253 καὶ
2256 3198 2346 3252 τὸν
2381 3197 2640 3267 πολέμιον
2686 3199 3008 3268 περιφέρει,
3063 3197 3157 3250 καὶ
3195 3199 3222 3250 0
3269 3197 3531 3268 πολέμιος
3559 3197 3658 3266 οὐχ

1989 3287 2228 3358 ἑσπέρας
2255 3287 2390 3358 αὐτῇ
2429 3287 2642 3339 δίδωσιν
2673 3286 2874 3348 ἄνεσιν,
2902 3287 3000 3338 οὐκ
3028 3287 3085 3338 ἐν
3113 3285 3287 3347 νυκτὶ,
3312 3285 3410 3336 οὐκ
3438 3284 3656 3354 όρθρου,

1987 3375 2090 3427 ούκ
2121 3377 2178 3428 ἐν
2221 3374 2558 3446 μεσημϐρίᾳ·
2592 3373 2728 3426 ἀλλὰ
2753 3373 2982 3442 πολεμεί
3010 3372 3260 3435 πάντοτε,
3302 3371 3492 3442 ἡδονήν
3527 3373 3658 3424 ὑπο-

1987 3461 2292 3532 τιθέμενος,
2317 3461 2496 3532 γάμον
2539 3460 2777 3532 μηνύων,
2825 3460 2973 3522 ὅπως
3003 3461 3104 3530 τὴν
3157 3459 3357 3530 ἀρετὴν
3399 3459 3457 3526 ἐξ
3485 3459 3656 3530 αὐτῆς

1989 3548 2282 3623 άποδιώξῃ,
2312 3549 2403 3602 καὶ
2437 3549 2583 3610 ὅπως
2633 3549 2731 3619 τὴν
2761 3548 2959 3600 κακίαν
3006 3547 3063 3599 ἐν
3117 3546 3253 3616 αὐτῇ
3313 3548 3653 3619 ἐγγεννήσῃν

1988 3639 2136 3701 ὃπως
2164 3638 2264 3709 τὴν
2299 3636 2654 3708 σωφροσύνην
2681 3637 2848 3705 αὐτῆς
2881 3635 3150 3706 ἀπελάσῃ.
3211 3635 3360 3698 ὅπως
3399 3635 3660 3705 πορνείαν

1989 3725 2283 3797 ἐνσπείρῃ·
2325 3723 2608 3777 ἐκκαίεται
2656 3725 2740 3792 ἐφ’
2792 3719 3030 3793 ἐκάστης
3074 3722 3222 3794 ὥρας
3269 3723 3364 3793 τῆς
3393 3722 3587 3791 ήδονῆς
3623 3723 3657 3792 ή

1987 3808 2220 3883 κάμινος
2255 3811 2549 3882 μαλθακῶς
2589 3809 2980 3880 ὑποκαιομένη.
3031 3810 3314 3879 Ἐννόησον
3362 3809 3527 3872 πόσος
3562 3809 3659 3861 τοῦ

1989 3896 2415 3969 κατορθώματος
2466 3899 2494 3950 0
2545 3897 2812 3966 κάματος.
2874 3895 3016 3949 Ἀλλ’
3059 3897 3264 3948 ἐκεῖναι
3303 3894 3443 3965 μετὰ
3482 3894 3659 3948 ταῦτα

1989 3983 2169 4038 πάντα
2192 3984 2453 4054 ἥκουσαν,
2501 3984 2806 4037 Ἀπέλθετε
2838 3981 2936 4036 ἀπ’
2971 3982 3139 4052 ἐμοῦ,
3168 3984 3279 4036 οὐκ
3315 3977 3449 4036 οῖδα
3476 3981 3655 4051 ὑμᾶς.

1991 4071 2134 4142 Ὅρα
2157 4070 2276 4134 πῶς
2310 4072 2453 4142 μέγα
2473 4073 2710 4140 πρᾶγμα
2731 4074 2763 4141 ή
2798 4069 3088 4140 παρθενία·
3114 4071 3243 4122 ὅταν
3269 4069 3368 4142 ἔχῃ
3388 4069 3487 4140 τὴν
3509 4069 3660 4122 ἀδελ·

1989 4157 2095 4229 φήν
2123 4160 2293 4229 αὐτῆς
2329 4159 2425 4230 τὴν
2467 4157 2874 4228 ἐλεημοσύνην,
2915 4157 3069 4210 οὐδὲν
3108 4157 3274 4227 αὐτῆς
3318 4157 3657 4227 περιγίνεται

1986 4247 2095 4300 τῶν
2128 4247 2276 4319 [Ξ99]
2310 4246 2518 4307 δεινῶν,
2551 4247 2666 4299 ἀλλ’
2693 4244 2940 4315 άνωτέρα
2968 4245 3185 4299 πάντων
3219 4244 3357 4296 ἐστί.
3380 4244 3478 4297 Διὰ
3497 4243 3659 4296 τοῦτο

1987 4336 2196 4388 ἐκεῖναι
2224 4335 2324 4387 οὐκ
2370 4333 2638 4401 εἰσῆλθον,
2665 4332 2853 4403 ἐπειδὴ
2891 4331 3030 4402 μετὰ
3070 4332 3168 4402 τῆς
3210 4330 3510 4400 παρθενίας
3551 4333 3653 4402 τὴν

1989 4420 2356 4493 ἐλεημοσύνην
2387 4421 2488 4473 οὐκ
2511 4416 2672 4490 εἶχον.
2703 4418 2912 4488 Πολλῆς
2939 4418 3200 4488 αἰσχύνης
3227 4417 3288 4469 τὸ
3309 4417 3460 4488 ῥῆμα
3483 4416 3650 4481 ἄξιον·

1987 4510 2184 4580 ήδονὴν
2211 4507 2702 4572 καταπαλαίσασα,
2753 4507 3052 4579 χρημάτων
3103 4507 3166 4558 οὐ
3205 4504 3651 4576 κατεφρόνησας·

1989 4597 2128 4651 ἀλλὰ
2163 4596 2432 4668 παρθένος
2459 4596 2842 4666 ἀποταξαμένη
2869 4593 2946 4664 τῷ
2987 4593 3110 4664 βίῳ,
3146 4594 3239 4647 καὶ
3277 4593 3654 4664 σταυρωθεῖσα

1990 4684 2287 4756 χρημάτων
2325 4685 2474 4753 ἐρᾷς.
2527 4683 2651 4734 Εἴθε
2689 4681 3300 4751 άνδρδςέπεθύμησας,
3349 4681 3445 4734 καὶ
3482 4681 3543 4732 οὐ
3568 4698 3654 4732 το⁴

1991 4769 2178 4823 σοῦτον
2208 4766 2270 4821 10
2307 4768 2559 4838 ἔγκλημα
2590 4761 2678 4838 ἦν·
2710 4768 2808 4838 τῆς
2840 4767 2949 4838 γάρ
2969 4766 3255 4836 όμοουσίου
3295 4765 3426 4836 ῦλης
3452 4765 3653 4818 ἐπεθύ-

1926 4872 2132 4947 τῖμεις·
2169 4854 2264 4908 νῦν
2304 4854 2361 4907 δὲ
2395 4854 2596 4924 μείζων
2640 4855 2673 4922 ή
2722 4855 3048 4947 κατηγορία,
3095 4854 3178 4906 ὅτι
3205 4852 3498 4947 ἀλλοτρίας
3524 4851 3654 4922 ὕλης

1988 4943 2360 5013 ἐπεθύμησας.
2394 4943 2594 5005 Ἔστω,
2627 4943 2684 4995 αί
2733 4939 2991 5012 ὓπανδροι
3020 4943 3225 4994 ἐκεῖναι
3263 4939 3451 5003 κακῶς
3475 4940 3656 4994 ἀπανι-

1989 5030 2235 5103 θρωπίαν
2265 5030 2680 5096 ἐπιδείκνυνται,
2726 5029 2815 5082 διὰ
2848 5030 2948 5102 τὴν
2972 5029 3082 5083 τῶν
3109 5029 3316 5082 τέκνων
3344 5028 3616 5099 πρόφασιν
3636 5044 3651 5058 ·

1990 5123 2084 5174 καὶ
2115 5119 2211 5172 ἐὰν
2239 5120 2399 5189 εἴπῃς
2428 5120 2638 5181 αὑταῖς,
2666 5118 2764 5181 Δός
2788 5135 2877 5188 μοι
2909 5117 3298 5188 ἐλεημοσύνην·
3317 5117 3494 5168 Τέκνα
3523 5115 3651 5184 ἔχω,

1990 5209 2145 5280 φησὶ,
2179 5209 2273 5262 καὶ
2297 5209 2358 5260 ού
2384 5207 2640 5276 δύναμαι.
2675 5207 2733 5259 '0
2759 5206 2893 5268 Θεός
2926 5224 3006 5259 σοι
3036 5206 3204 5258 ἔδωκε
3234 5206 3418 5266 τέκνα,
3442 5204 3653 5273 καρπὸν

1989 5297 2198 5359 κοιλίας
2231 5295 2420 5359 ἔλαϐες
2441 5333 2456 5360 ,
2494 5295 2581 5348 ἵνα
2617 5293 2998 5365 φιλάνθρωπος
3037 5293 3192 5364 γένῃ,
3225 5293 3324 5361 οὐχ
3364 5292 3451 5343 ἴνα
3479 5291 3654 5344 ἁπάν-

1990 5385 2226 5456 θρωπος·
2256 5384 2330 5456 μὴ
2363 5384 2463 5454 τὴν
2508 5383 2762 5437 ὑπόθεσιν
2797 5383 2898 5452 τῆς
2931 5381 3344 5452 φιλανθρωπίας
3378 5381 3458 5442 είς
3485 5380 3654 5450 ἀφορ-

1995 5474 2100 5543 μὴν
2121 5471 2515 5542 ἀπανθρωπίας
2537 5469 2868 5541 ἐκλάμϐανε.
2887 5469 3072 5532 Θέλεις
3094 5466 3458 5538 κληρονομίαν
3480 5467 3652 5537 καλήν

1991 5558 2310 5627 καταλεῖψαι
2342 5561 2454 5621 τοῖς
2491 5557 2698 5622 τέκνοις
2718 5574 2811 5610 σου
2836 5575 2851 5623 ;
2892 5557 3215 5626 κατάλειφον
3244 5555 3612 5626 ἐλεημοσύνην
3634 5593 3652 5619 ,

1992 5648 2077 5700 ἵνα
2108 5646 2309 5711 πάντες
2359 5645 2746 5717 ἐγκωμιάσωσί
2786 5663 2879 5708 σε,
2935 5647 3028 5698 καὶ
3077 5643 3510 5714 πολυθρύλλητον
3553 5641 3652 5713 τὴν

1995 5736 2214 5804 μνήμην
2249 5751 2342 5786 σου
2370 5731 2726 5804 καταλείπῃς.
2765 5733 2836 5784 Σὺ
2875 5732 2932 5784 δὲ
2973 5731 3049 5802 μὴ
3085 5732 3250 5784 τέκνα
3281 5730 3499 5801 ἔχουσα,
3534 5728 3650 5784 ἀλλ’

1993 5819 2374 5891 ἐσταυρωμένη
2409 5817 2487 5890 τῷ
2519 5817 2636 5888 βίῳ,
2665 5819 2749 5871 ἵνα
2777 5817 2828 5870 τί
2849 5819 3104 5889 χρήματα
3126 5816 3402 5885 συλλέγεις
