  <div class='ocr_page' id='page_1' title='image "/cluster/home/n/w/nwhite01/storage/ocr_20150623/49/nnc1.0046978208/285.png"; bbox 0 0 4046 6396; ppageno 0'>
   <div class='ocr_carea' id='block_1_1' title="bbox 356 387 458 443">
    <p class='ocr_par' dir='ltr' id='par_1_1' title="bbox 356 387 458 443">
     <span class='ocr_line' id='line_1_1' title="bbox 356 387 458 443; baseline -0.02 0"><span class='ocrx_word' id='word_1_1' title='bbox 356 387 458 443; x_wconf 83' lang='grc'>297</span> 
     </span>
    </p>
   </div>
   <div class='ocr_carea' id='block_1_2' title="bbox 425 495 2016 572">
    <p class='ocr_par' dir='ltr' id='par_1_2' title="bbox 425 495 2016 572">
     <span class='ocr_line' id='line_1_2' title="bbox 425 495 2016 572; baseline -0.004 -17"><span class='ocrx_word' id='word_1_2' title='bbox 425 501 487 555; x_wconf 74' lang='grc' dir='ltr'>δ’.</span> <span class='ocrx_word' id='word_1_3' title='bbox 527 500 668 554; x_wconf 82' lang='grc' dir='ltr'>Ἀλλ’</span> <span class='ocrx_word' id='word_1_4' title='bbox 693 503 720 555; x_wconf 85' lang='grc' dir='ltr'>ό</span> <span class='ocrx_word' id='word_1_5' title='bbox 737 499 892 570; x_wconf 82' lang='grc' dir='ltr'>λόγος</span> <span class='ocrx_word' id='word_1_6' title='bbox 915 502 1044 571; x_wconf 72' lang='grc' dir='ltr'>ἡμῖν</span> <span class='ocrx_word' id='word_1_7' title='bbox 1071 501 1310 572; x_wconf 80' lang='grc' dir='ltr'>ἔμψυχός</span> <span class='ocrx_word' id='word_1_8' title='bbox 1340 502 1477 561; x_wconf 83' lang='grc' dir='ltr'>ἐστι,</span> <span class='ocrx_word' id='word_1_9' title='bbox 1514 502 1607 552; x_wconf 78' lang='grc' dir='ltr'>καὶ</span> <span class='ocrx_word' id='word_1_10' title='bbox 1628 500 1872 571; x_wconf 74' lang='grc' dir='ltr'>περὶτῆς</span> <span class='ocrx_word' id='word_1_11' title='bbox 1894 495 2016 550; x_wconf 82' lang='grc' dir='ltr'>ὁδοῦ</span> 
     </span>
    </p>
   </div>
   <div class='ocr_carea' id='block_1_3' title="bbox 353 585 2025 660">
    <p class='ocr_par' dir='ltr' id='par_1_3' title="bbox 353 585 2025 660">
     <span class='ocr_line' id='line_1_3' title="bbox 353 585 2025 660; baseline -0.004 -17"><span class='ocrx_word' id='word_1_12' title='bbox 353 591 454 660; x_wconf 80' lang='grc' dir='ltr'>τῆς</span> <span class='ocrx_word' id='word_1_13' title='bbox 480 590 766 658; x_wconf 79' lang='grc' dir='ltr'>μετανοίας</span> <span class='ocrx_word' id='word_1_14' title='bbox 789 629 805 655; x_wconf 96' lang='grc'>,</span> <span class='ocrx_word' id='word_1_15' title='bbox 841 591 935 643; x_wconf 73' lang='grc' dir='ltr'>καὶ</span> <span class='ocrx_word' id='word_1_16' title='bbox 969 590 1095 660; x_wconf 68' lang='grc' dir='ltr'>περὶ</span> <span class='ocrx_word' id='word_1_17' title='bbox 1147 591 1246 660; x_wconf 79' lang='grc' dir='ltr'>τῆς</span> <span class='ocrx_word' id='word_1_18' title='bbox 1289 588 1679 658; x_wconf 87' lang='grc' dir='ltr'>ἐλεημοσύνης.</span> <span class='ocrx_word' id='word_1_19' title='bbox 1735 585 2025 656; x_wconf 81' lang='grc' dir='ltr'>Ἑλέγομεν</span> 
     </span>
    </p>
   </div>
   <div class='ocr_carea' id='block_1_4' title="bbox 355 674 2027 750">
    <p class='ocr_par' dir='ltr' id='par_1_4' title="bbox 355 674 2027 750">
     <span class='ocr_line' id='line_1_4' title="bbox 355 674 2027 750; baseline -0.002 -20"><span class='ocrx_word' id='word_1_20' title='bbox 355 679 438 731; x_wconf 84' lang='grc' dir='ltr'>ὅτι</span> <span class='ocrx_word' id='word_1_21' title='bbox 467 678 610 748; x_wconf 84' lang='grc' dir='ltr'>μέγα</span> <span class='ocrx_word' id='word_1_22' title='bbox 643 691 668 720; x_wconf 76' lang='grc' dir='ltr'>ι</span> <span class='ocrx_word' id='word_1_23' title='bbox 695 681 881 750; x_wconf 83' lang='grc' dir='ltr'>κτῆμα</span> <span class='ocrx_word' id='word_1_24' title='bbox 911 679 944 750; x_wconf 85' lang='grc' dir='ltr'>ἠ</span> <span class='ocrx_word' id='word_1_25' title='bbox 970 676 1563 748; x_wconf 79' lang='grc' dir='ltr'>ἐλεημοσύνη-’ἐκεῖθεν</span> <span class='ocrx_word' id='word_1_26' title='bbox 1586 674 1857 740; x_wconf 81' lang='grc' dir='ltr'>διεδέξατο</span> <span class='ocrx_word' id='word_1_27' title='bbox 1878 675 2027 744; x_wconf 77' lang='grc' dir='ltr'>ἡμᾶς</span> 
     </span>
    </p>
   </div>
   <div class='ocr_carea' id='block_1_5' title="bbox 355 762 2025 838">
    <p class='ocr_par' dir='ltr' id='par_1_5' title="bbox 355 762 2025 838">
     <span class='ocr_line' id='line_1_5' title="bbox 355 762 2025 838; baseline -0.003 -20"><span class='ocrx_word' id='word_1_28' title='bbox 355 767 418 818; x_wconf 81' lang='grc' dir='ltr'>τὸ</span> <span class='ocrx_word' id='word_1_29' title='bbox 455 766 693 835; x_wconf 89' lang='grc' dir='ltr'>πέλαγος</span> <span class='ocrx_word' id='word_1_30' title='bbox 716 769 818 838; x_wconf 84' lang='grc' dir='ltr'>τῆς</span> <span class='ocrx_word' id='word_1_31' title='bbox 845 765 1162 837; x_wconf 81' lang='grc' dir='ltr'>παρθενίας.</span> <span class='ocrx_word' id='word_1_32' title='bbox 1200 765 1386 835; x_wconf 87' lang='grc' dir='ltr'>Ἔχεις</span> <span class='ocrx_word' id='word_1_33' title='bbox 1411 762 1503 818; x_wconf 78' lang='grc' dir='ltr'>οὖν</span> <span class='ocrx_word' id='word_1_34' title='bbox 1542 763 1767 836; x_wconf 87' lang='grc' dir='ltr'>πρώτην</span> <span class='ocrx_word' id='word_1_35' title='bbox 1794 763 1886 816; x_wconf 73' lang='grc' dir='ltr'>καὶ</span> <span class='ocrx_word' id='word_1_36' title='bbox 1925 777 2025 832; x_wconf 82' lang='grc' dir='ltr'>με·</span> 
     </span>
    </p>
   </div>
   <div class='ocr_carea' id='block_1_6' title="bbox 355 851 2029 926">
    <p class='ocr_par' dir='ltr' id='par_1_6' title="bbox 355 851 2029 926">
     <span class='ocr_line' id='line_1_6' title="bbox 355 851 2029 926; baseline -0.002 -19"><span class='ocrx_word' id='word_1_37' title='bbox 355 852 523 923; x_wconf 74' lang='grc' dir='ltr'>γάληι</span> <span class='ocrx_word' id='word_1_38' title='bbox 560 854 849 924; x_wconf 87' lang='grc' dir='ltr'>μετάνοιαν</span> <span class='ocrx_word' id='word_1_39' title='bbox 893 855 995 926; x_wconf 79' lang='grc' dir='ltr'>τὴν</span> <span class='ocrx_word' id='word_1_40' title='bbox 1047 853 1442 924; x_wconf 91' lang='grc' dir='ltr'>ἐλεημοσύνην,</span> <span class='ocrx_word' id='word_1_41' title='bbox 1492 851 1877 922; x_wconf 81' lang='grc' dir='ltr'>λυτρώσασθαι</span> <span class='ocrx_word' id='word_1_42' title='bbox 1928 853 2029 921; x_wconf 84' lang='grc' dir='ltr'>τῆς</span> 
     </span>
    </p>
   </div>
   <div class='ocr_carea' id='block_1_7' title="bbox 359 937 2031 1015">
    <p class='ocr_par' dir='ltr' id='par_1_7' title="bbox 359 937 2031 1015">
     <span class='ocr_line' id='line_1_7' title="bbox 359 937 2031 1015; baseline -0.001 -22"><span class='ocrx_word' id='word_1_43' title='bbox 359 943 546 1010; x_wconf 82' lang='grc' dir='ltr'>σειρᾶς</span> <span class='ocrx_word' id='word_1_44' title='bbox 578 942 993 1015; x_wconf 74' lang='grc' dir='ltr'>ἁμαρτημάτων</span> <span class='ocrx_word' id='word_1_45' title='bbox 1038 941 1377 1012; x_wconf 80' lang='grc' dir='ltr'>δυναμένην·</span> <span class='ocrx_word' id='word_1_46' title='bbox 1415 939 1531 995; x_wconf 82' lang='grc' dir='ltr'>ἀλλ’</span> <span class='ocrx_word' id='word_1_47' title='bbox 1553 939 1698 1010; x_wconf 77' lang='grc' dir='ltr'>ἔχεις</span> <span class='ocrx_word' id='word_1_48' title='bbox 1739 939 1834 993; x_wconf 75' lang='grc' dir='ltr'>καὶ</span> <span class='ocrx_word' id='word_1_49' title='bbox 1861 937 2031 1010; x_wconf 86' lang='grc' dir='ltr'>ἁλλην</span> 
     </span>
    </p>
   </div>
   <div class='ocr_carea' id='block_1_8' title="bbox 357 1020 1747 1100">
    <p class='ocr_par' dir='ltr' id='par_1_8' title="bbox 357 1020 1747 1100">
     <span class='ocr_line' id='line_1_8' title="bbox 357 1020 1747 1100; baseline -0.001 -20"><span class='ocrx_word' id='word_1_50' title='bbox 357 1028 477 1082; x_wconf 86' lang='grc' dir='ltr'>ὁδὸν</span> <span class='ocrx_word' id='word_1_51' title='bbox 525 1029 816 1099; x_wconf 83' lang='grc' dir='ltr'>μετανοίας</span> <span class='ocrx_word' id='word_1_52' title='bbox 864 1028 1265 1100; x_wconf 83' lang='grc' dir='ltr'>εὐχερεστάτην</span> <span class='ocrx_word' id='word_1_53' title='bbox 1309 1027 1506 1090; x_wconf 88' lang='grc' dir='ltr'>πάλιν,</span> <span class='ocrx_word' id='word_1_54' title='bbox 1559 1027 1628 1080; x_wconf 86' lang='grc' dir='ltr'>δι’</span> <span class='ocrx_word' id='word_1_55' title='bbox 1679 1020 1747 1097; x_wconf 84' lang='grc' dir='ltr'>ἦς</span> 
     </span>
    </p>
   </div>
   <div class='ocr_carea' id='block_1_9' title="bbox 357 1111 2033 1187">
    <p class='ocr_par' dir='ltr' id='par_1_9' title="bbox 357 1111 2033 1187">
     <span class='ocr_line' id='line_1_9' title="bbox 357 1111 2033 1187; baseline -0.002 -20"><span class='ocrx_word' id='word_1_56' title='bbox 357 1115 740 1186; x_wconf 82' lang='grc' dir='ltr'>ἀπαλλαγῆναι</span> <span class='ocrx_word' id='word_1_57' title='bbox 782 1115 892 1169; x_wconf 88' lang='grc' dir='ltr'>τῶν</span> <span class='ocrx_word' id='word_1_58' title='bbox 955 1117 1390 1187; x_wconf 86' lang='grc' dir='ltr'>ἁμαρτημάτων.</span> <span class='ocrx_word' id='word_1_59' title='bbox 1445 1113 1622 1184; x_wconf 79' lang='grc' dir='ltr'>Εύχου</span> <span class='ocrx_word' id='word_1_60' title='bbox 1671 1114 1756 1183; x_wconf 87' lang='grc' dir='ltr'>ἐφ’</span> <span class='ocrx_word' id='word_1_61' title='bbox 1795 1111 2033 1183; x_wconf 79' lang='grc' dir='ltr'>ἑκάστης</span> 
     </span>
    </p>
   </div>
   <div class='ocr_carea' id='block_1_10' title="bbox 359 1199 2033 1276">
    <p class='ocr_par' dir='ltr' id='par_1_10' title="bbox 359 1199 2033 1276">
     <span class='ocr_line' id='line_1_10' title="bbox 359 1199 2033 1276; baseline -0.001 -22"><span class='ocrx_word' id='word_1_62' title='bbox 359 1201 528 1272; x_wconf 85' lang='grc' dir='ltr'>ὥρας,</span> <span class='ocrx_word' id='word_1_63' title='bbox 564 1204 658 1255; x_wconf 79' lang='grc' dir='ltr'>καὶ</span> <span class='ocrx_word' id='word_1_64' title='bbox 689 1203 764 1274; x_wconf 83' lang='grc' dir='ltr'>μὴ</span> <span class='ocrx_word' id='word_1_65' title='bbox 793 1203 1116 1276; x_wconf 83' lang='grc' dir='ltr'>ἐκκακήσῃς</span> <span class='ocrx_word' id='word_1_66' title='bbox 1141 1202 1453 1274; x_wconf 76' lang='grc' dir='ltr'>εὐχόμενος.</span> <span class='ocrx_word' id='word_1_67' title='bbox 1481 1204 1619 1273; x_wconf 89' lang='grc' dir='ltr'>μήτε</span> <span class='ocrx_word' id='word_1_68' title='bbox 1651 1199 1911 1274; x_wconf 79' lang='grc' dir='ltr'>ῥᾳθύμως</span> <span class='ocrx_word' id='word_1_69' title='bbox 1934 1199 2033 1270; x_wconf 83' lang='grc' dir='ltr'>τὴν</span> 
     </span>
    </p>
   </div>
   <div class='ocr_carea' id='block_1_11' title="bbox 358 1286 2034 1359">
    <p class='ocr_par' dir='ltr' id='par_1_11' title="bbox 358 1286 2034 1359">
     <span class='ocr_line' id='line_1_11' title="bbox 358 1286 2034 1359; baseline -0.001 -19"><span class='ocrx_word' id='word_1_70' title='bbox 358 1286 454 1340; x_wconf 89' lang='grc' dir='ltr'>τοῦ</span> <span class='ocrx_word' id='word_1_71' title='bbox 491 1288 627 1342; x_wconf 88' lang='grc' dir='ltr'>Θεοῦ</span> <span class='ocrx_word' id='word_1_72' title='bbox 675 1289 1088 1359; x_wconf 76' lang='grc' dir='ltr'>φιλανθρωπίαν</span> <span class='ocrx_word' id='word_1_73' title='bbox 1125 1289 1305 1354; x_wconf 82' lang='grc' dir='ltr'>αἴτει,</span> <span class='ocrx_word' id='word_1_74' title='bbox 1358 1289 1456 1344; x_wconf 76' lang='grc' dir='ltr'>καὶ</span> <span class='ocrx_word' id='word_1_75' title='bbox 1498 1289 1598 1341; x_wconf 82' lang='grc' dir='ltr'>οὐκ</span> <span class='ocrx_word' id='word_1_76' title='bbox 1630 1286 2034 1358; x_wconf 72' lang='grc' dir='ltr'>ἀποστρέφεται</span> 
     </span>
    </p>
   </div>
   <div class='ocr_carea' id='block_1_12' title="bbox 361 1376 2035 1453">
    <p class='ocr_par' dir='ltr' id='par_1_12' title="bbox 361 1376 2035 1453">
     <span class='ocr_line' id='line_1_12' title="bbox 361 1376 2035 1453; baseline 0 -23"><span class='ocrx_word' id='word_1_77' title='bbox 361 1378 693 1448; x_wconf 85' lang='grc' dir='ltr'>ἐμμένοντα,</span> <span class='ocrx_word' id='word_1_78' title='bbox 725 1379 863 1435; x_wconf 89' lang='grc' dir='ltr'>ἀλλὰ</span> <span class='ocrx_word' id='word_1_79' title='bbox 887 1382 1232 1453; x_wconf 82' lang='grc' dir='ltr'>συγχωρήσει</span> <span class='ocrx_word' id='word_1_80' title='bbox 1261 1397 1344 1433; x_wconf 90' lang='grc' dir='ltr'>σοι</span> <span class='ocrx_word' id='word_1_81' title='bbox 1367 1381 1464 1444; x_wconf 90' lang='grc' dir='ltr'>τάς</span> <span class='ocrx_word' id='word_1_82' title='bbox 1485 1380 1758 1452; x_wconf 88' lang='grc' dir='ltr'>ἁμαρτίας</span> <span class='ocrx_word' id='word_1_83' title='bbox 1790 1397 1909 1444; x_wconf 90' lang='grc' dir='ltr'>σου,</span> <span class='ocrx_word' id='word_1_84' title='bbox 1941 1376 2035 1430; x_wconf 80' lang='grc' dir='ltr'>καὶ</span> 
     </span>
    </p>
   </div>
   <div class='ocr_carea' id='block_1_13' title="bbox 361 1463 2035 1540">
    <p class='ocr_par' dir='ltr' id='par_1_13' title="bbox 361 1463 2035 1540">
     <span class='ocr_line' id='line_1_13' title="bbox 361 1463 2035 1540; baseline 0.001 -23"><span class='ocrx_word' id='word_1_85' title='bbox 361 1463 523 1518; x_wconf 79' lang='grc' dir='ltr'>δώσει</span> <span class='ocrx_word' id='word_1_86' title='bbox 543 1465 611 1519; x_wconf 81' lang='grc' dir='ltr'>τά</span> <span class='ocrx_word' id='word_1_87' title='bbox 632 1467 912 1539; x_wconf 87' lang='grc' dir='ltr'>αἰτήματὰ</span> <span class='ocrx_word' id='word_1_88' title='bbox 933 1486 1047 1522; x_wconf 88' lang='grc' dir='ltr'>σου.</span> <span class='ocrx_word' id='word_1_89' title='bbox 1066 1469 1374 1540; x_wconf 81' lang='grc' dir='ltr'>Εὺχόμενος</span> <span class='ocrx_word' id='word_1_90' title='bbox 1397 1468 1492 1521; x_wconf 89' lang='grc' dir='ltr'>ἐὰν</span> <span class='ocrx_word' id='word_1_91' title='bbox 1512 1466 1890 1538; x_wconf 81' lang='grc' dir='ltr'>εἰσακουσθῇς,</span> <span class='ocrx_word' id='word_1_92' title='bbox 1907 1466 2035 1537; x_wconf 90' lang='grc' dir='ltr'>μένε</span> 
     </span>
    </p>
   </div>
   <div class='ocr_carea' id='block_1_14' title="bbox 365 1551 2036 1627">
    <p class='ocr_par' dir='ltr' id='par_1_14' title="bbox 365 1551 2036 1627">
     <span class='ocr_line' id='line_1_14' title="bbox 365 1551 2036 1627; baseline 0.002 -24"><span class='ocrx_word' id='word_1_93' title='bbox 365 1551 702 1622; x_wconf 82' lang='grc' dir='ltr'>εὐχαριστῶν</span> <span class='ocrx_word' id='word_1_94' title='bbox 739 1556 796 1608; x_wconf 86' lang='grc' dir='ltr'>ἐν</span> <span class='ocrx_word' id='word_1_95' title='bbox 825 1558 892 1626; x_wconf 77' lang='grc' dir='ltr'>τῇ</span> <span class='ocrx_word' id='word_1_96' title='bbox 926 1555 1080 1627; x_wconf 84' lang='grc' dir='ltr'>εὐχῇ·</span> <span class='ocrx_word' id='word_1_97' title='bbox 1112 1557 1162 1608; x_wconf 89' lang='grc' dir='ltr'>εἰ</span> <span class='ocrx_word' id='word_1_98' title='bbox 1183 1555 1241 1609; x_wconf 88' lang='grc' dir='ltr'>δέ</span> <span class='ocrx_word' id='word_1_99' title='bbox 1269 1555 1369 1609; x_wconf 81' lang='grc' dir='ltr'>οὐκ</span> <span class='ocrx_word' id='word_1_100' title='bbox 1400 1555 1783 1625; x_wconf 85' lang='grc' dir='ltr'>εἰσηκούσθης,</span> <span class='ocrx_word' id='word_1_101' title='bbox 1812 1556 2036 1625; x_wconf 76' lang='grc' dir='ltr'>ἐπίμενε</span> 
     </span>
    </p>
   </div>
   <div class='ocr_carea' id='block_1_15' title="bbox 364 1639 2038 1715">
    <p class='ocr_par' dir='ltr' id='par_1_15' title="bbox 364 1639 2038 1715">
     <span class='ocr_line' id='line_1_15' title="bbox 364 1639 2038 1715; baseline 0.003 -25"><span class='ocrx_word' id='word_1_102' title='bbox 364 1639 694 1711; x_wconf 78' lang='grc' dir='ltr'>εὐχόμενος,</span> <span class='ocrx_word' id='word_1_103' title='bbox 728 1642 815 1697; x_wconf 74' lang='grc' dir='ltr'>ἵνα</span> <span class='ocrx_word' id='word_1_104' title='bbox 849 1643 1232 1715; x_wconf 82' lang='grc' dir='ltr'>είσακουσθῇς.</span> <span class='ocrx_word' id='word_1_105' title='bbox 1277 1645 1389 1698; x_wconf 71' lang='grc' dir='ltr'>Καὶ</span> <span class='ocrx_word' id='word_1_106' title='bbox 1429 1643 1504 1714; x_wconf 83' lang='grc' dir='ltr'>μὴ</span> <span class='ocrx_word' id='word_1_107' title='bbox 1557 1644 1684 1711; x_wconf 82' lang='grc' dir='ltr'>λέγε</span> <span class='ocrx_word' id='word_1_108' title='bbox 1731 1645 1812 1698; x_wconf 80' lang='grc' dir='ltr'>ὅτι</span> <span class='ocrx_word' id='word_1_109' title='bbox 1860 1641 2038 1695; x_wconf 87' lang='grc' dir='ltr'>Πολλά</span> 
     </span>
    </p>
   </div>
   <div class='ocr_carea' id='block_1_16' title="bbox 367 1727 2039 1803">
    <p class='ocr_par' dir='ltr' id='par_1_16' title="bbox 367 1727 2039 1803">
     <span class='ocr_line' id='line_1_16' title="bbox 367 1727 2039 1803; baseline 0.001 -22"><span class='ocrx_word' id='word_1_110' title='bbox 367 1727 621 1797; x_wconf 79' lang='grc' dir='ltr'>ηὐξάμην</span> <span class='ocrx_word' id='word_1_111' title='bbox 650 1731 742 1782; x_wconf 78' lang='grc' dir='ltr'>καὶ</span> <span class='ocrx_word' id='word_1_112' title='bbox 769 1731 870 1784; x_wconf 83' lang='grc' dir='ltr'>οὐκ</span> <span class='ocrx_word' id='word_1_113' title='bbox 890 1731 1274 1802; x_wconf 74' lang='grc' dir='ltr'>είσηκούσθηνο</span> <span class='ocrx_word' id='word_1_114' title='bbox 1310 1732 1404 1784; x_wconf 77' lang='grc' dir='ltr'>καί</span> <span class='ocrx_word' id='word_1_115' title='bbox 1435 1731 1546 1803; x_wconf 85' lang='grc' dir='ltr'>γὰρ</span> <span class='ocrx_word' id='word_1_116' title='bbox 1579 1732 1676 1784; x_wconf 77' lang='grc' dir='ltr'>καὶ</span> <span class='ocrx_word' id='word_1_117' title='bbox 1718 1731 1878 1784; x_wconf 89' lang='grc' dir='ltr'>τοῦτο</span> <span class='ocrx_word' id='word_1_118' title='bbox 1908 1729 2039 1782; x_wconf 90' lang='grc' dir='ltr'>πολ-</span> 
     </span>
    </p>
   </div>
   <div class='ocr_carea' id='block_1_17' title="bbox 365 1813 2038 1890">
    <p class='ocr_par' dir='ltr' id='par_1_17' title="bbox 365 1813 2038 1890">
     <span class='ocr_line' id='line_1_17' title="bbox 365 1813 2038 1890; baseline 0.005 -26"><span class='ocrx_word' id='word_1_119' title='bbox 365 1813 523 1878; x_wconf 88' lang='grc' dir='ltr'>λάκις</span> <span class='ocrx_word' id='word_1_120' title='bbox 551 1815 691 1886; x_wconf 82' lang='grc' dir='ltr'>ὑπὲρ</span> <span class='ocrx_word' id='word_1_121' title='bbox 723 1816 818 1870; x_wconf 91' lang='grc' dir='ltr'>τοῦ</span> <span class='ocrx_word' id='word_1_122' title='bbox 861 1818 1236 1890; x_wconf 85' lang='grc' dir='ltr'>συμφέροντός</span> <span class='ocrx_word' id='word_1_123' title='bbox 1272 1835 1355 1873; x_wconf 88' lang='grc' dir='ltr'>σοι</span> <span class='ocrx_word' id='word_1_124' title='bbox 1386 1819 1621 1887; x_wconf 88' lang='grc' dir='ltr'>γίνεται.</span> <span class='ocrx_word' id='word_1_125' title='bbox 1665 1815 1788 1872; x_wconf 71' lang='grc' dir='ltr'>Οἵδε</span> <span class='ocrx_word' id='word_1_126' title='bbox 1823 1818 1932 1889; x_wconf 84' lang='grc' dir='ltr'>γὰρ</span> <span class='ocrx_word' id='word_1_127' title='bbox 1956 1819 2038 1872; x_wconf 86' lang='grc' dir='ltr'>ὅτι</span> 
     </span>
    </p>
   </div>
   <div class='ocr_carea' id='block_1_18' title="bbox 367 1901 2040 1978">
    <p class='ocr_par' dir='ltr' id='par_1_18' title="bbox 367 1901 2040 1978">
     <span class='ocr_line' id='line_1_18' title="bbox 367 1901 2040 1978; baseline 0.004 -26"><span class='ocrx_word' id='word_1_128' title='bbox 367 1901 608 1972; x_wconf 77' lang='grc' dir='ltr'>ῥᾴθυμος</span> <span class='ocrx_word' id='word_1_129' title='bbox 637 1903 688 1956; x_wconf 78' lang='grc' dir='ltr'>εἴ</span> <span class='ocrx_word' id='word_1_130' title='bbox 739 1903 833 1957; x_wconf 74' lang='grc' dir='ltr'>καὶ</span> <span class='ocrx_word' id='word_1_131' title='bbox 881 1905 1315 1970; x_wconf 85' lang='grc' dir='ltr'>ἀναπεπτωκὼς,</span> <span class='ocrx_word' id='word_1_132' title='bbox 1348 1908 1445 1960; x_wconf 74' lang='grc' dir='ltr'>καὶ</span> <span class='ocrx_word' id='word_1_133' title='bbox 1489 1908 1585 1960; x_wconf 87' lang='grc' dir='ltr'>ἐὰν</span> <span class='ocrx_word' id='word_1_134' title='bbox 1638 1906 1906 1978; x_wconf 79' lang='grc' dir='ltr'>ἐπιτύχῃς</span> <span class='ocrx_word' id='word_1_135' title='bbox 1937 1905 2040 1976; x_wconf 85' lang='grc' dir='ltr'>τῆς</span> 
     </span>
    </p>
   </div>
   <div class='ocr_carea' id='block_1_19' title="bbox 367 1989 2040 2065">
    <p class='ocr_par' dir='ltr' id='par_1_19' title="bbox 367 1989 2040 2065">
     <span class='ocr_line' id='line_1_19' title="bbox 367 1989 2040 2065; baseline 0.005 -26"><span class='ocrx_word' id='word_1_136' title='bbox 367 1989 577 2059; x_wconf 79' lang='grc' dir='ltr'>χρείας,</span> <span class='ocrx_word' id='word_1_137' title='bbox 609 1990 934 2062; x_wconf 86' lang='grc' dir='ltr'>ἀναχωρεῖς,</span> <span class='ocrx_word' id='word_1_138' title='bbox 962 1994 1161 2064; x_wconf 85' lang='grc' dir='ltr'>μηκέτι</span> <span class='ocrx_word' id='word_1_139' title='bbox 1185 1993 1499 2065; x_wconf 60' lang='grc' dir='ltr'>εὐχόμενος</span> <span class='ocrx_word' id='word_1_140' title='bbox 1521 1995 1616 2047; x_wconf 72' lang='grc' dir='ltr'>καὶ</span> <span class='ocrx_word' id='word_1_141' title='bbox 1641 1995 1914 2065; x_wconf 84' lang='grc' dir='ltr'>προφάσει</span> <span class='ocrx_word' id='word_1_142' title='bbox 1938 1994 2040 2065; x_wconf 79' lang='grc' dir='ltr'>τῆς</span> 
     </span>
    </p>
   </div>
   <div class='ocr_carea' id='block_1_20' title="bbox 369 2075 2040 2154">
    <p class='ocr_par' dir='ltr' id='par_1_20' title="bbox 369 2075 2040 2154">
     <span class='ocr_line' id='line_1_20' title="bbox 369 2075 2040 2154; baseline 0.005 -28"><span class='ocrx_word' id='word_1_143' title='bbox 369 2075 557 2145; x_wconf 88' lang='grc' dir='ltr'>χρείας</span> <span class='ocrx_word' id='word_1_144' title='bbox 587 2077 936 2149; x_wconf 87' lang='grc' dir='ltr'>ύπερτίθεταί</span> <span class='ocrx_word' id='word_1_145' title='bbox 963 2097 1042 2143; x_wconf 90' lang='grc' dir='ltr'>σε,</span> <span class='ocrx_word' id='word_1_146' title='bbox 1071 2081 1160 2134; x_wconf 83' lang='grc' dir='ltr'>ἴνα</span> <span class='ocrx_word' id='word_1_147' title='bbox 1189 2082 1520 2154; x_wconf 88' lang='grc' dir='ltr'>πυκνότερον</span> <span class='ocrx_word' id='word_1_148' title='bbox 1546 2081 1622 2152; x_wconf 82' lang='grc' dir='ltr'>τῷ</span> <span class='ocrx_word' id='word_1_149' title='bbox 1637 2081 1755 2153; x_wconf 87' lang='grc' dir='ltr'>Θεῷ</span> <span class='ocrx_word' id='word_1_150' title='bbox 1778 2099 2040 2154; x_wconf 81' lang='grc' dir='ltr'>προσομι-</span> 
     </span>
    </p>
   </div>
   <div class='ocr_carea' id='block_1_21' title="bbox 368 2161 2041 2244">
    <p class='ocr_par' dir='ltr' id='par_1_21' title="bbox 368 2161 2041 2244">
     <span class='ocr_line' id='line_1_21' title="bbox 368 2161 2041 2244; baseline 0.007 -30"><span class='ocrx_word' id='word_1_151' title='bbox 368 2161 488 2233; x_wconf 78' lang='grc' dir='ltr'>λῇς,</span> <span class='ocrx_word' id='word_1_152' title='bbox 517 2164 612 2217; x_wconf 77' lang='grc' dir='ltr'>καὶ</span> <span class='ocrx_word' id='word_1_153' title='bbox 636 2167 702 2236; x_wconf 82' lang='grc' dir='ltr'>τῇ</span> <span class='ocrx_word' id='word_1_154' title='bbox 729 2167 861 2238; x_wconf 84' lang='grc' dir='ltr'>εὐχῇ</span> <span class='ocrx_word' id='word_1_155' title='bbox 883 2168 1168 2240; x_wconf 78' lang='grc' dir='ltr'>σχολάζῃς.</span> <span class='ocrx_word' id='word_1_156' title='bbox 1184 2169 1247 2223; x_wconf 92' lang='grc' dir='ltr'>Εί</span> <span class='ocrx_word' id='word_1_157' title='bbox 1271 2170 1380 2241; x_wconf 79' lang='grc' dir='ltr'>γὰρ</span> <span class='ocrx_word' id='word_1_158' title='bbox 1403 2172 1462 2222; x_wconf 90' lang='grc' dir='ltr'>ἐν</span> <span class='ocrx_word' id='word_1_159' title='bbox 1479 2171 1704 2244; x_wconf 84' lang='grc' dir='ltr'>τοιαύτῃ</span> <span class='ocrx_word' id='word_1_160' title='bbox 1730 2171 1942 2242; x_wconf 80' lang='grc' dir='ltr'>ἀνάγκῃ</span> <span class='ocrx_word' id='word_1_161' title='bbox 1965 2171 2041 2225; x_wconf 82' lang='grc' dir='ltr'>ὢν</span> 
     </span>
    </p>
   </div>
   <div class='ocr_carea' id='block_1_22' title="bbox 369 2250 2038 2330">
    <p class='ocr_par' dir='ltr' id='par_1_22' title="bbox 369 2250 2038 2330">
     <span class='ocr_line' id='line_1_22' title="bbox 369 2250 2038 2330; baseline 0.007 -28"><span class='ocrx_word' id='word_1_162' title='bbox 369 2250 466 2303; x_wconf 81' lang='grc' dir='ltr'>καὶ</span> <span class='ocrx_word' id='word_1_163' title='bbox 491 2252 680 2323; x_wconf 87' lang='grc' dir='ltr'>χρείαν</span> <span class='ocrx_word' id='word_1_164' title='bbox 713 2253 854 2323; x_wconf 76' lang='grc' dir='ltr'>ἔχων</span> <span class='ocrx_word' id='word_1_165' title='bbox 886 2255 1171 2326; x_wconf 79' lang='grc' dir='ltr'>ῥᾳθυμεῖς,</span> <span class='ocrx_word' id='word_1_166' title='bbox 1201 2258 1297 2310; x_wconf 74' lang='grc' dir='ltr'>καὶ</span> <span class='ocrx_word' id='word_1_167' title='bbox 1323 2257 1385 2309; x_wconf 86' lang='grc' dir='ltr'>οὐ</span> <span class='ocrx_word' id='word_1_168' title='bbox 1426 2257 1767 2329; x_wconf 88' lang='grc' dir='ltr'>παραμένεις</span> <span class='ocrx_word' id='word_1_169' title='bbox 1789 2261 1855 2330; x_wconf 81' lang='grc' dir='ltr'>τῇ</span> <span class='ocrx_word' id='word_1_170' title='bbox 1882 2259 2038 2330; x_wconf 79' lang='grc' dir='ltr'>εὐχῇ,</span> 
     </span>
    </p>
   </div>
   <div class='ocr_carea' id='block_1_23' title="bbox 369 2337 2040 2417">
    <p class='ocr_par' dir='ltr' id='par_1_23' title="bbox 369 2337 2040 2417">
     <span class='ocr_line' id='line_1_23' title="bbox 369 2337 2040 2417; baseline 0.006 -28"><span class='ocrx_word' id='word_1_171' title='bbox 369 2337 422 2389; x_wconf 85' lang='grc' dir='ltr'>τί</span> <span class='ocrx_word' id='word_1_172' title='bbox 446 2339 494 2390; x_wconf 92' lang='grc' dir='ltr'>εἰ</span> <span class='ocrx_word' id='word_1_173' title='bbox 529 2340 759 2410; x_wconf 85' lang='grc' dir='ltr'>μηδενὸς</span> <span class='ocrx_word' id='word_1_174' title='bbox 785 2341 991 2396; x_wconf 88' lang='grc' dir='ltr'>τούτων</span> <span class='ocrx_word' id='word_1_175' title='bbox 1015 2343 1276 2417; x_wconf 76' lang='grc' dir='ltr'>ἔχρῃζεςς</span> <span class='ocrx_word' id='word_1_176' title='bbox 1295 2345 1460 2398; x_wconf 83' lang='grc' dir='ltr'>Ὥστε</span> <span class='ocrx_word' id='word_1_177' title='bbox 1486 2347 1581 2398; x_wconf 73' lang='grc' dir='ltr'>καὶ</span> <span class='ocrx_word' id='word_1_178' title='bbox 1603 2346 1764 2409; x_wconf 81' lang='grc' dir='ltr'>αὐτὸς</span> <span class='ocrx_word' id='word_1_179' title='bbox 1789 2345 1928 2417; x_wconf 79' lang='grc' dir='ltr'>ὺπέρ</span> <span class='ocrx_word' id='word_1_180' title='bbox 1945 2345 2040 2398; x_wconf 90' lang='grc' dir='ltr'>τοῦ</span> 
     </span>
    </p>
   </div>
   <div class='ocr_carea' id='block_1_24' title="bbox 369 2425 2039 2506">
    <p class='ocr_par' dir='ltr' id='par_1_24' title="bbox 369 2425 2039 2506">
     <span class='ocr_line' id='line_1_24' title="bbox 369 2425 2039 2506; baseline 0.007 -30"><span class='ocrx_word' id='word_1_181' title='bbox 369 2425 764 2497; x_wconf 76' lang='grc' dir='ltr'>συμφέροντος,</span> <span class='ocrx_word' id='word_1_182' title='bbox 795 2429 964 2484; x_wconf 81' lang='grc' dir='ltr'>θέλων</span> <span class='ocrx_word' id='word_1_183' title='bbox 997 2448 1057 2483; x_wconf 90' lang='grc' dir='ltr'>σε</span> <span class='ocrx_word' id='word_1_184' title='bbox 1100 2433 1176 2503; x_wconf 85' lang='grc' dir='ltr'>μὴ</span> <span class='ocrx_word' id='word_1_185' title='bbox 1210 2433 1691 2504; x_wconf 82' lang='grc' dir='ltr'>ἀπολιμπάνεσθαι</span> <span class='ocrx_word' id='word_1_186' title='bbox 1717 2435 1817 2506; x_wconf 79' lang='grc' dir='ltr'>τῆς</span> <span class='ocrx_word' id='word_1_187' title='bbox 1843 2434 2039 2504; x_wconf 79' lang='grc' dir='ltr'>εὐχῆς,</span> 
     </span>
    </p>
   </div>
   <div class='ocr_carea' id='block_1_25' title="bbox 369 2512 2043 2593">
    <p class='ocr_par' dir='ltr' id='par_1_25' title="bbox 369 2512 2043 2593">
     <span class='ocr_line' id='line_1_25' title="bbox 369 2512 2043 2593; baseline 0.008 -30"><span class='ocrx_word' id='word_1_188' title='bbox 369 2512 528 2565; x_wconf 88' lang='grc' dir='ltr'>τοῦτο</span> <span class='ocrx_word' id='word_1_189' title='bbox 553 2517 714 2568; x_wconf 87' lang='grc' dir='ltr'>ποιεῖ.</span> <span class='ocrx_word' id='word_1_190' title='bbox 739 2515 877 2570; x_wconf 82' lang='grc' dir='ltr'>Μένε</span> <span class='ocrx_word' id='word_1_191' title='bbox 907 2513 1000 2571; x_wconf 83' lang='grc' dir='ltr'>οῦν</span> <span class='ocrx_word' id='word_1_192' title='bbox 1029 2519 1323 2591; x_wconf 80' lang='grc' dir='ltr'>εὐχόμενος</span> <span class='ocrx_word' id='word_1_193' title='bbox 1349 2521 1445 2574; x_wconf 76' lang='grc' dir='ltr'>καὶ</span> <span class='ocrx_word' id='word_1_194' title='bbox 1481 2520 1557 2593; x_wconf 86' lang='grc' dir='ltr'>μὴ</span> <span class='ocrx_word' id='word_1_195' title='bbox 1592 2521 1851 2592; x_wconf 73' lang='grc' dir='ltr'>ῥᾳθύμειο</span> <span class='ocrx_word' id='word_1_196' title='bbox 1869 2521 2043 2576; x_wconf 88' lang='grc' dir='ltr'>πολλά</span> 
     </span>
    </p>
   </div>
   <div class='ocr_carea' id='block_1_26' title="bbox 371 2599 2043 2683">
    <p class='ocr_par' dir='ltr' id='par_1_26' title="bbox 371 2599 2043 2683">
     <span class='ocr_line' id='line_1_26' title="bbox 371 2599 2043 2683; baseline 0.012 -33"><span class='ocrx_word' id='word_1_197' title='bbox 371 2599 479 2671; x_wconf 70' lang='grc' dir='ltr'>γὰρ</span> <span class='ocrx_word' id='word_1_198' title='bbox 507 2600 724 2656; x_wconf 89' lang='grc' dir='ltr'>δύναται</span> <span class='ocrx_word' id='word_1_199' title='bbox 760 2605 793 2675; x_wconf 80' lang='grc' dir='ltr'>ἡ</span> <span class='ocrx_word' id='word_1_200' title='bbox 821 2605 954 2676; x_wconf 80' lang='grc' dir='ltr'>εὐχὴ</span> <span class='ocrx_word' id='word_1_201' title='bbox 984 2607 1202 2674; x_wconf 88' lang='grc' dir='ltr'>ἀνύσαι,</span> <span class='ocrx_word' id='word_1_202' title='bbox 1227 2609 1502 2680; x_wconf 86' lang='grc' dir='ltr'>ἁγαπητέ,</span> <span class='ocrx_word' id='word_1_203' title='bbox 1529 2612 1623 2664; x_wconf 75' lang='grc' dir='ltr'>καὶ</span> <span class='ocrx_word' id='word_1_204' title='bbox 1649 2611 1724 2681; x_wconf 89' lang='grc' dir='ltr'>μὴ</span> <span class='ocrx_word' id='word_1_205' title='bbox 1754 2611 1829 2674; x_wconf 84' lang='grc' dir='ltr'>ὡς</span> <span class='ocrx_word' id='word_1_206' title='bbox 1859 2610 2043 2683; x_wconf 86' lang='grc' dir='ltr'>μικρῷ</span> 
     </span>
    </p>
   </div>
   <div class='ocr_carea' id='block_1_27' title="bbox 371 2689 2044 2770">
    <p class='ocr_par' dir='ltr' id='par_1_27' title="bbox 371 2689 2044 2770">
     <span class='ocr_line' id='line_1_27' title="bbox 371 2689 2044 2770; baseline 0.009 -31"><span class='ocrx_word' id='word_1_207' title='bbox 371 2689 662 2759; x_wconf 80' lang='grc' dir='ltr'>πράγματι</span> <span class='ocrx_word' id='word_1_208' title='bbox 685 2691 990 2764; x_wconf 80' lang='grc' dir='ltr'>προσέλθῃς</span> <span class='ocrx_word' id='word_1_209' title='bbox 1011 2697 1078 2765; x_wconf 80' lang='grc' dir='ltr'>τῇ</span> <span class='ocrx_word' id='word_1_210' title='bbox 1100 2695 1386 2767; x_wconf 82' lang='grc' dir='ltr'>εὐχῇ.“οτι</span> <span class='ocrx_word' id='word_1_211' title='bbox 1404 2696 1461 2750; x_wconf 85' lang='grc' dir='ltr'>δὲ</span> <span class='ocrx_word' id='word_1_212' title='bbox 1479 2697 1613 2768; x_wconf 83' lang='grc' dir='ltr'>εὐχὴ</span> <span class='ocrx_word' id='word_1_213' title='bbox 1632 2698 1854 2768; x_wconf 84' lang='grc' dir='ltr'>ἀφίησιν</span> <span class='ocrx_word' id='word_1_214' title='bbox 1869 2700 2044 2770; x_wconf 85' lang='grc' dir='ltr'>ἀμαρ-</span> 
     </span>
    </p>
   </div>
   <div class='ocr_carea' id='block_1_28' title="bbox 369 2775 2043 2859">
    <p class='ocr_par' dir='ltr' id='par_1_28' title="bbox 369 2775 2043 2859">
     <span class='ocr_line' id='line_1_28' title="bbox 369 2775 2043 2859; baseline 0.008 -32"><span class='ocrx_word' id='word_1_215' title='bbox 369 2775 514 2839; x_wconf 73' lang='grc' dir='ltr'>τίας,</span> <span class='ocrx_word' id='word_1_216' title='bbox 531 2778 596 2829; x_wconf 85' lang='grc' dir='ltr'>ἐκ</span> <span class='ocrx_word' id='word_1_217' title='bbox 618 2777 726 2830; x_wconf 90' lang='grc' dir='ltr'>τῶν</span> <span class='ocrx_word' id='word_1_218' title='bbox 748 2777 906 2832; x_wconf 82' lang='grc' dir='ltr'>θείων</span> <span class='ocrx_word' id='word_1_219' title='bbox 928 2781 1277 2850; x_wconf 84' lang='grc' dir='ltr'>Εὑαγγελίων</span> <span class='ocrx_word' id='word_1_220' title='bbox 1297 2784 1454 2839; x_wconf 88' lang='grc' dir='ltr'>τοῦτο</span> <span class='ocrx_word' id='word_1_221' title='bbox 1476 2785 1812 2857; x_wconf 89' lang='grc' dir='ltr'>παιδεύθητι.</span> <span class='ocrx_word' id='word_1_222' title='bbox 1843 2786 1909 2839; x_wconf 92' lang='grc' dir='ltr'>Τί</span> <span class='ocrx_word' id='word_1_223' title='bbox 1933 2787 2043 2859; x_wconf 89' lang='grc' dir='ltr'>γάρ</span> 
     </span>
    </p>
   </div>
   <div class='ocr_carea' id='block_1_29' title="bbox 373 2863 2044 2946">
    <p class='ocr_par' dir='ltr' id='par_1_29' title="bbox 373 2863 2044 2946">
     <span class='ocr_line' id='line_1_29' title="bbox 373 2863 2044 2946; baseline 0.01 -34"><span class='ocrx_word' id='word_1_224' title='bbox 373 2879 570 2932; x_wconf 76' lang='grc' dir='ltr'>φησιν;</span> <span class='ocrx_word' id='word_1_225' title='bbox 605 2863 875 2936; x_wconf 84' lang='grc' dir='ltr'>Ὡμοιώθη</span> <span class='ocrx_word' id='word_1_226' title='bbox 906 2870 938 2938; x_wconf 82' lang='grc' dir='ltr'>ή</span> <span class='ocrx_word' id='word_1_227' title='bbox 973 2867 1221 2937; x_wconf 88' lang='grc' dir='ltr'>βασιλεία</span> <span class='ocrx_word' id='word_1_228' title='bbox 1251 2871 1362 2926; x_wconf 85' lang='grc' dir='ltr'>τῶν</span> <span class='ocrx_word' id='word_1_229' title='bbox 1389 2873 1636 2944; x_wconf 83' lang='grc' dir='ltr'>οὐρανῶν</span> <span class='ocrx_word' id='word_1_230' title='bbox 1670 2874 1963 2946; x_wconf 83' lang='grc' dir='ltr'>ἀνθρώπῳ,</span> <span class='ocrx_word' id='word_1_231' title='bbox 1985 2875 2044 2940; x_wconf 82' lang='grc' dir='ltr'>ὃς</span> 
     </span>
    </p>
   </div>
   <div class='ocr_carea' id='block_1_30' title="bbox 373 2949 2044 3032">
    <p class='ocr_par' dir='ltr' id='par_1_30' title="bbox 373 2949 2044 3032">
     <span class='ocr_line' id='line_1_30' title="bbox 373 2949 2044 3032; baseline 0.01 -32"><span class='ocrx_word' id='word_1_232' title='bbox 373 2949 584 3003; x_wconf 78' lang='grc' dir='ltr'>ἔκλεισε</span> <span class='ocrx_word' id='word_1_233' title='bbox 617 2952 717 3022; x_wconf 82' lang='grc' dir='ltr'>τὴν</span> <span class='ocrx_word' id='word_1_234' title='bbox 744 2952 914 3024; x_wconf 74' lang='grc' dir='ltr'>θύραν</span> <span class='ocrx_word' id='word_1_235' title='bbox 931 2957 1119 3022; x_wconf 85' lang='grc' dir='ltr'>αὐτοῦ,</span> <span class='ocrx_word' id='word_1_236' title='bbox 1146 2959 1243 3013; x_wconf 75' lang='grc' dir='ltr'>καὶ</span> <span class='ocrx_word' id='word_1_237' title='bbox 1272 2959 1504 3015; x_wconf 86' lang='grc' dir='ltr'>ἀνέπεσε</span> <span class='ocrx_word' id='word_1_238' title='bbox 1531 2961 1670 3032; x_wconf 90' lang='grc' dir='ltr'>μετά</span> <span class='ocrx_word' id='word_1_239' title='bbox 1694 2963 1803 3016; x_wconf 88' lang='grc' dir='ltr'>τῶν</span> <span class='ocrx_word' id='word_1_240' title='bbox 1838 2965 2044 3018; x_wconf 86' lang='grc' dir='ltr'>τέκνων</span> 
     </span>
    </p>
   </div>
   <div class='ocr_carea' id='block_1_31' title="bbox 374 3033 2043 3123">
    <p class='ocr_par' dir='ltr' id='par_1_31' title="bbox 374 3033 2043 3123">
     <span class='ocr_line' id='line_1_31' title="bbox 374 3033 2043 3123; baseline 0.01 -35"><span class='ocrx_word' id='word_1_241' title='bbox 374 3037 541 3123; x_wconf 73' lang='grc' dir='ltr'>αύτοῦ</span> <span class='ocrx_word' id='word_1_242' title='bbox 562 3052 576 3066; x_wconf 87' lang='grc'><strong>·</strong></span> <span class='ocrx_word' id='word_1_243' title='bbox 609 3033 739 3110; x_wconf 79' lang='grc' dir='ltr'>ἦλθε</span> <span class='ocrx_word' id='word_1_244' title='bbox 779 3040 836 3094; x_wconf 90' lang='grc' dir='ltr'>δέ</span> <span class='ocrx_word' id='word_1_245' title='bbox 865 3059 951 3106; x_wconf 89' lang='grc' dir='ltr'>τις</span> <span class='ocrx_word' id='word_1_246' title='bbox 980 3045 1223 3118; x_wconf 82' lang='grc' dir='ltr'>ἑσπέρας</span> <span class='ocrx_word' id='word_1_247' title='bbox 1255 3046 1426 3101; x_wconf 87' lang='grc' dir='ltr'>θέλων</span> <span class='ocrx_word' id='word_1_248' title='bbox 1469 3047 1654 3104; x_wconf 79' lang='grc' dir='ltr'>λαϐεῖν</span> <span class='ocrx_word' id='word_1_249' title='bbox 1681 3049 1880 3121; x_wconf 78' lang='grc' dir='ltr'>ἄρτους</span> <span class='ocrx_word' id='word_1_250' title='bbox 1911 3054 2043 3123; x_wconf 79' lang='grc' dir='ltr'>παρ’</span> 
     </span>
    </p>
   </div>
   <div class='ocr_carea' id='block_1_32' title="bbox 375 3119 2046 3203">
    <p class='ocr_par' dir='ltr' id='par_1_32' title="bbox 375 3119 2046 3203">
     <span class='ocr_line' id='line_1_32' title="bbox 375 3119 2046 3203; baseline 0.009 -32"><span class='ocrx_word' id='word_1_251' title='bbox 375 3119 567 3184; x_wconf 81' lang='grc' dir='ltr'>αὑτοῦ,</span> <span class='ocrx_word' id='word_1_252' title='bbox 604 3123 698 3176; x_wconf 77' lang='grc' dir='ltr'>καὶ</span> <span class='ocrx_word' id='word_1_253' title='bbox 728 3124 916 3196; x_wconf 87' lang='grc' dir='ltr'>κρούει</span> <span class='ocrx_word' id='word_1_254' title='bbox 938 3125 1112 3195; x_wconf 89' lang='grc' dir='ltr'>λέγων</span> <span class='ocrx_word' id='word_1_255' title='bbox 1133 3143 1148 3157; x_wconf 69' lang='grc' dir='ltr'>θ</span> <span class='ocrx_word' id='word_1_256' title='bbox 1190 3129 1436 3193; x_wconf 77' lang='grc' dir='ltr'>Ἀνοιξόν</span> <span class='ocrx_word' id='word_1_257' title='bbox 1462 3148 1573 3202; x_wconf 90' lang='grc' dir='ltr'>μοι,</span> <span class='ocrx_word' id='word_1_258' title='bbox 1606 3133 1688 3185; x_wconf 81' lang='grc' dir='ltr'>ὅτι</span> <span class='ocrx_word' id='word_1_259' title='bbox 1713 3119 1902 3203; x_wconf 87' lang='grc' dir='ltr'>χρείαν</span> <span class='ocrx_word' id='word_1_260' title='bbox 1936 3119 2046 3203; x_wconf 74' lang='grc' dir='ltr'>ἔχω</span> 
     </span>
    </p>
   </div>
   <div class='ocr_carea' id='block_1_33' title="bbox 373 3208 2043 3290">
    <p class='ocr_par' dir='ltr' id='par_1_33' title="bbox 373 3208 2043 3290">
     <span class='ocr_line' id='line_1_33' title="bbox 373 3208 2043 3290; baseline 0.009 -30"><span class='ocrx_word' id='word_1_261' title='bbox 373 3208 577 3276; x_wconf 79' lang='grc' dir='ltr'>ἀρτων.</span> <span class='ocrx_word' id='word_1_262' title='bbox 630 3211 689 3264; x_wconf 79' lang='lat'><strong>&#39;0</strong></span> <span class='ocrx_word' id='word_1_263' title='bbox 717 3211 774 3264; x_wconf 89' lang='grc' dir='ltr'>δέ</span> <span class='ocrx_word' id='word_1_264' title='bbox 813 3212 951 3285; x_wconf 82' lang='grc' dir='ltr'>πρὸς</span> <span class='ocrx_word' id='word_1_265' title='bbox 979 3216 1140 3270; x_wconf 81' lang='grc' dir='ltr'>αὐτόν</span> <span class='ocrx_word' id='word_1_266' title='bbox 1163 3233 1177 3247; x_wconf 84' lang='lat'><strong><em>°</em></strong></span> <span class='ocrx_word' id='word_1_267' title='bbox 1221 3219 1296 3270; x_wconf 86' lang='grc' dir='ltr'>υύ</span> <span class='ocrx_word' id='word_1_268' title='bbox 1332 3218 1568 3290; x_wconf 88' lang='grc' dir='ltr'>δύναμαί</span> <span class='ocrx_word' id='word_1_269' title='bbox 1603 3237 1685 3274; x_wconf 89' lang='grc' dir='ltr'>σοι</span> <span class='ocrx_word' id='word_1_270' title='bbox 1711 3221 1895 3275; x_wconf 86' lang='grc' dir='ltr'>δοῦναι</span> <span class='ocrx_word' id='word_1_271' title='bbox 1915 3221 2043 3276; x_wconf 86' lang='grc' dir='ltr'>νῦν·</span> 
     </span>
    </p>
   </div>
   <div class='ocr_carea' id='block_1_34' title="bbox 375 3296 2045 3381">
    <p class='ocr_par' dir='ltr' id='par_1_34' title="bbox 375 3296 2045 3381">
     <span class='ocr_line' id='line_1_34' title="bbox 375 3296 2045 3381; baseline 0.01 -33"><span class='ocrx_word' id='word_1_272' title='bbox 375 3296 712 3370; x_wconf 85' lang='grc' dir='ltr'>ἁνεπέσομεν</span> <span class='ocrx_word' id='word_1_273' title='bbox 737 3301 844 3374; x_wconf 81' lang='grc' dir='ltr'>γάρ</span> <span class='ocrx_word' id='word_1_274' title='bbox 888 3303 982 3358; x_wconf 74' lang='grc' dir='ltr'>καὶ</span> <span class='ocrx_word' id='word_1_275' title='bbox 1013 3305 1172 3375; x_wconf 81' lang='grc' dir='ltr'>ἡμεῖς</span> <span class='ocrx_word' id='word_1_276' title='bbox 1214 3308 1306 3360; x_wconf 77' lang='grc' dir='ltr'>καὶ</span> <span class='ocrx_word' id='word_1_277' title='bbox 1348 3308 1419 3362; x_wconf 90' lang='grc' dir='ltr'>τά</span> <span class='ocrx_word' id='word_1_278' title='bbox 1458 3310 1647 3362; x_wconf 88' lang='grc' dir='ltr'>παιδία</span> <span class='ocrx_word' id='word_1_279' title='bbox 1679 3311 1856 3381; x_wconf 83' lang='grc' dir='ltr'>ήμῶν.</span> <span class='ocrx_word' id='word_1_280' title='bbox 1902 3311 1958 3364; x_wconf 87' lang='lat'><strong>&#39;0</strong></span> <span class='ocrx_word' id='word_1_281' title='bbox 1989 3311 2045 3365; x_wconf 86' lang='grc' dir='ltr'>δὲ</span> 
     </span>
    </p>
   </div>
   <div class='ocr_carea' id='block_1_35' title="bbox 378 3382 2041 3467">
    <p class='ocr_par' dir='ltr' id='par_1_35' title="bbox 378 3382 2041 3467">
     <span class='ocr_line' id='line_1_35' title="bbox 378 3382 2041 3467; baseline 0.01 -35"><span class='ocrx_word' id='word_1_282' title='bbox 378 3382 610 3452; x_wconf 79' lang='grc' dir='ltr'>ἐπέμενε</span> <span class='ocrx_word' id='word_1_283' title='bbox 638 3384 850 3457; x_wconf 87' lang='grc' dir='ltr'>κρούων</span> <span class='ocrx_word' id='word_1_284' title='bbox 865 3388 964 3459; x_wconf 79' lang='grc' dir='ltr'>τὴν</span> <span class='ocrx_word' id='word_1_285' title='bbox 993 3389 1186 3461; x_wconf 88' lang='grc' dir='ltr'>θύραν.</span> <span class='ocrx_word' id='word_1_286' title='bbox 1209 3393 1319 3444; x_wconf 85' lang='grc' dir='ltr'>Καί</span> <span class='ocrx_word' id='word_1_287' title='bbox 1346 3410 1479 3464; x_wconf 87' lang='grc' dir='ltr'>φησι</span> <span class='ocrx_word' id='word_1_288' title='bbox 1504 3394 1671 3448; x_wconf 86' lang='grc' dir='ltr'>πάλιν</span> <span class='ocrx_word' id='word_1_289' title='bbox 1693 3396 1829 3467; x_wconf 83' lang='grc' dir='ltr'>πρὸς</span> <span class='ocrx_word' id='word_1_290' title='bbox 1851 3398 2041 3450; x_wconf 64' lang='grc' dir='ltr'>αὐτόν·</span> 
     </span>
    </p>
   </div>
   <div class='ocr_carea' id='block_1_36' title="bbox 380 3469 2046 3556">
    <p class='ocr_par' dir='ltr' id='par_1_36' title="bbox 380 3469 2046 3556">
     <span class='ocr_line' id='line_1_36' title="bbox 380 3469 2046 3556; baseline 0.01 -35"><span class='ocrx_word' id='word_1_291' title='bbox 380 3469 456 3522; x_wconf 85' lang='grc' dir='ltr'><strong>Οὐ</strong></span> <span class='ocrx_word' id='word_1_292' title='bbox 489 3469 724 3542; x_wconf 90' lang='grc' dir='ltr'>δύναμαί</span> <span class='ocrx_word' id='word_1_293' title='bbox 749 3492 830 3530; x_wconf 86' lang='grc' dir='ltr'>σοι</span> <span class='ocrx_word' id='word_1_294' title='bbox 864 3475 1080 3531; x_wconf 83' lang='grc' dir='ltr'>δοῦναι·</span> <span class='ocrx_word' id='word_1_295' title='bbox 1111 3479 1449 3552; x_wconf 88' lang='grc' dir='ltr'>ἁνεπέσομεν</span> <span class='ocrx_word' id='word_1_296' title='bbox 1482 3482 1592 3554; x_wconf 88' lang='grc' dir='ltr'>γὰρ</span> <span class='ocrx_word' id='word_1_297' title='bbox 1627 3483 1722 3537; x_wconf 78' lang='grc' dir='ltr'>καὶ</span> <span class='ocrx_word' id='word_1_298' title='bbox 1752 3486 1914 3556; x_wconf 80' lang='grc' dir='ltr'>ἡμεῖς</span> <span class='ocrx_word' id='word_1_299' title='bbox 1952 3485 2046 3539; x_wconf 80' lang='grc' dir='ltr'>καὶ</span> 
     </span>
    </p>
   </div>
   <div class='ocr_carea' id='block_1_37' title="bbox 377 3556 2044 3644">
    <p class='ocr_par' dir='ltr' id='par_1_37' title="bbox 377 3556 2044 3644">
     <span class='ocr_line' id='line_1_37' title="bbox 377 3556 2044 3644; baseline 0.011 -36"><span class='ocrx_word' id='word_1_300' title='bbox 377 3556 447 3609; x_wconf 84' lang='grc' dir='ltr'>τὰ.</span> <span class='ocrx_word' id='word_1_301' title='bbox 494 3559 703 3614; x_wconf 89' lang='grc' dir='ltr'>παιδία.</span> <span class='ocrx_word' id='word_1_302' title='bbox 764 3561 820 3616; x_wconf 85' lang='lat'><strong>&#39;0</strong></span> <span class='ocrx_word' id='word_1_303' title='bbox 850 3563 907 3617; x_wconf 84' lang='grc' dir='ltr'>δὲ</span> <span class='ocrx_word' id='word_1_304' title='bbox 959 3567 1054 3619; x_wconf 78' lang='grc' dir='ltr'>καὶ</span> <span class='ocrx_word' id='word_1_305' title='bbox 1095 3565 1271 3622; x_wconf 82' lang='grc' dir='ltr'>ταῦτα</span> <span class='ocrx_word' id='word_1_306' title='bbox 1319 3569 1561 3635; x_wconf 89' lang='grc' dir='ltr'>ἀκούσας</span> <span class='ocrx_word' id='word_1_307' title='bbox 1609 3571 1758 3644; x_wconf 80' lang='grc'>[500]</span> <span class='ocrx_word' id='word_1_308' title='bbox 1809 3572 2044 3644; x_wconf 87' lang='grc' dir='ltr'>ἐπέμενε</span> 
     </span>
    </p>
   </div>
   <div class='ocr_carea' id='block_1_38' title="bbox 380 3645 2046 3734">
    <p class='ocr_par' dir='ltr' id='par_1_38' title="bbox 380 3645 2046 3734">
     <span class='ocr_line' id='line_1_38' title="bbox 380 3645 2046 3734; baseline 0.014 -39"><span class='ocrx_word' id='word_1_309' title='bbox 380 3645 616 3734; x_wconf 77' lang='grc' dir='ltr'>κρούων,</span> <span class='ocrx_word' id='word_1_310' title='bbox 647 3649 739 3703; x_wconf 71' lang='grc' dir='ltr'>καὶ</span> <span class='ocrx_word' id='word_1_311' title='bbox 765 3650 839 3722; x_wconf 78' lang='grc' dir='ltr'>μὴ</span> <span class='ocrx_word' id='word_1_312' title='bbox 857 3652 1179 3725; x_wconf 87' lang='grc' dir='ltr'>ἀναχωρῶν,</span> <span class='ocrx_word' id='word_1_313' title='bbox 1203 3655 1308 3720; x_wconf 80' lang='grc' dir='ltr'>ἐως</span> <span class='ocrx_word' id='word_1_314' title='bbox 1332 3652 1393 3712; x_wconf 79' lang='grc' dir='ltr'>οὗ</span> <span class='ocrx_word' id='word_1_315' title='bbox 1413 3655 1567 3712; x_wconf 74' lang='grc' dir='ltr'>εἶπεν</span> <span class='ocrx_word' id='word_1_316' title='bbox 1583 3663 1612 3713; x_wconf 92' lang='lat'>0</span> <span class='ocrx_word' id='word_1_317' title='bbox 1638 3661 2046 3734; x_wconf 90' lang='grc' dir='ltr'>οἰκοδεσπότης,</span> 
     </span>
    </p>
   </div>
   <div class='ocr_carea' id='block_1_39' title="bbox 393 3731 2049 3812">
    <p class='ocr_par' dir='ltr' id='par_1_39' title="bbox 393 3731 2049 3812">
     <span class='ocr_line' id='line_1_39' title="bbox 393 3731 2049 3812; baseline 0.013 -30"><span class='ocrx_word' id='word_1_318' title='bbox 393 3731 712 3805; x_wconf 83' lang='grc' dir='ltr'>Ἀνάστητε,</span> <span class='ocrx_word' id='word_1_319' title='bbox 741 3736 858 3790; x_wconf 83' lang='grc' dir='ltr'>δότε</span> <span class='ocrx_word' id='word_1_320' title='bbox 894 3739 1044 3812; x_wconf 64' lang='grc' dir='ltr'>αὐτῷ</span> <span class='ocrx_word' id='word_1_321' title='bbox 1064 3742 1159 3794; x_wconf 77' lang='grc' dir='ltr'>καὶ</span> <span class='ocrx_word' id='word_1_322' title='bbox 1188 3742 1356 3812; x_wconf 78' lang='grc' dir='ltr'>ἄφετε</span> <span class='ocrx_word' id='word_1_323' title='bbox 1394 3746 1670 3803; x_wconf 86' lang='grc' dir='ltr'>ἀπελθεῖν.</span> <span class='ocrx_word' id='word_1_324' title='bbox 1704 3749 1960 3804; x_wconf 85' lang='grc' dir='ltr'>Διδάσκει</span> <span class='ocrx_word' id='word_1_325' title='bbox 1980 3731 2049 3804; x_wconf 42' lang='grc' dir='ltr'>’σε</span> 
     </span>
    </p>
   </div>
   <div class='ocr_carea' id='block_1_40' title="bbox 381 3813 2050 3910">
    <p class='ocr_par' dir='ltr' id='par_1_40' title="bbox 381 3813 2050 3910">
     <span class='ocr_line' id='line_1_40' title="bbox 381 3813 2050 3910; baseline 0.014 -40"><span class='ocrx_word' id='word_1_326' title='bbox 503 3817 760 3894; x_wconf 78' lang='grc' dir='ltr'>εὔχεσθαι</span> <span class='ocrx_word' id='word_1_327' title='bbox 790 3825 896 3891; x_wconf 75' lang='grc' dir='ltr'>ἀεὶ,</span> <span class='ocrx_word' id='word_1_328' title='bbox 927 3827 1023 3880; x_wconf 78' lang='grc' dir='ltr'>καὶ</span> <span class='ocrx_word' id='word_1_329' title='bbox 1052 3828 1387 3902; x_wconf 78' lang='grc' dir='ltr'>μὴάκηδιᾷν</span> <span class='ocrx_word' id='word_1_330' title='bbox 1413 3833 1522 3897; x_wconf 83' lang='grc' dir='ltr'>ἀεὶ,</span> <span class='ocrx_word' id='word_1_331' title='bbox 1554 3834 1692 3889; x_wconf 87' lang='grc' dir='ltr'>ἁλλὰ</span> <span class='ocrx_word' id='word_1_332' title='bbox 1723 3837 1818 3890; x_wconf 84' lang='grc' dir='ltr'>καὶ</span> <span class='ocrx_word' id='word_1_333' title='bbox 1844 3837 1940 3891; x_wconf 91' lang='grc' dir='ltr'>ἐὰν</span> <span class='ocrx_word' id='word_1_334' title='bbox 1973 3838 2050 3910; x_wconf 83' lang='grc' dir='ltr'>μὴ</span> 
     </span>
    </p>
   </div>
   <div class='ocr_carea' id='block_1_41' title="bbox 383 3903 2050 3990">
    <p class='ocr_par' dir='ltr' id='par_1_41' title="bbox 383 3903 2050 3990">
     <span class='ocr_line' id='line_1_41' title="bbox 383 3903 2050 3990; baseline 0.014 -34"><span class='ocrx_word' id='word_1_335' title='bbox 383 3903 577 3978; x_wconf 77' lang='grc' dir='ltr'>λάόῃς,</span> <span class='ocrx_word' id='word_1_336' title='bbox 611 3910 945 3981; x_wconf 87' lang='grc' dir='ltr'>παραμένειν</span> <span class='ocrx_word' id='word_1_337' title='bbox 977 3913 1083 3978; x_wconf 75' lang='grc' dir='ltr'>ιως</span> <span class='ocrx_word' id='word_1_338' title='bbox 1130 3915 1196 3969; x_wconf 87' lang='grc' dir='ltr'>ἂν</span> <span class='ocrx_word' id='word_1_339' title='bbox 1241 3917 1432 3990; x_wconf 81' lang='grc' dir='ltr'>λάϐῃς.</span> <span class='ocrx_word' id='word_1_340' title='bbox 1480 3922 1591 3975; x_wconf 77' lang='grc' dir='ltr'>Καὶ</span> <span class='ocrx_word' id='word_1_341' title='bbox 1632 3923 1834 3987; x_wconf 85' lang='grc' dir='ltr'>πολλάς</span> <span class='ocrx_word' id='word_1_342' title='bbox 1880 3903 2050 3990; x_wconf 62' lang='lat' dir='ltr'>ma;</span> 
     </span>
    </p>
   </div>
   <div class='ocr_carea' id='block_1_42' title="bbox 383 3992 2050 4082">
    <p class='ocr_par' dir='ltr' id='par_1_42' title="bbox 383 3992 2050 4082">
     <span class='ocr_line' id='line_1_42' title="bbox 383 3992 2050 4082; baseline 0.013 -37"><span class='ocrx_word' id='word_1_343' title='bbox 383 3992 538 4058; x_wconf 73' lang='grc' dir='ltr'>ὁδοὺς</span> <span class='ocrx_word' id='word_1_344' title='bbox 573 3996 862 4065; x_wconf 87' lang='grc' dir='ltr'>μετανοίας</span> <span class='ocrx_word' id='word_1_345' title='bbox 891 4000 1146 4071; x_wconf 83' lang='grc' dir='ltr'>εὑρήσεις</span> <span class='ocrx_word' id='word_1_346' title='bbox 1189 4005 1247 4058; x_wconf 89' lang='grc' dir='ltr'>ἐν</span> <span class='ocrx_word' id='word_1_347' title='bbox 1280 4008 1346 4077; x_wconf 81' lang='grc' dir='ltr'>τῇ</span> <span class='ocrx_word' id='word_1_348' title='bbox 1386 4008 1598 4081; x_wconf 83' lang='grc' dir='ltr'>Γραφῇ.</span> <span class='ocrx_word' id='word_1_349' title='bbox 1625 4009 1774 4082; x_wconf 78' lang='grc' dir='ltr'>Αὕτη</span> <span class='ocrx_word' id='word_1_350' title='bbox 1811 4013 1844 4082; x_wconf 84' lang='grc' dir='ltr'>ἡ</span> <span class='ocrx_word' id='word_1_351' title='bbox 1882 4014 2050 4082; x_wconf 88' lang='grc' dir='ltr'>μετά-</span> 
     </span>
    </p>
   </div>
   <div class='ocr_carea' id='block_1_43' title="bbox 383 4083 2051 4170">
    <p class='ocr_par' dir='ltr' id='par_1_43' title="bbox 383 4083 2051 4170">
     <span class='ocr_line' id='line_1_43' title="bbox 383 4083 2051 4170; baseline 0.014 -39"><span class='ocrx_word' id='word_1_352' title='bbox 383 4097 503 4132; x_wconf 90' lang='grc' dir='ltr'>νοια</span> <span class='ocrx_word' id='word_1_353' title='bbox 541 4083 636 4135; x_wconf 74' lang='grc' dir='ltr'>καὶ</span> <span class='ocrx_word' id='word_1_354' title='bbox 668 4084 774 4154; x_wconf 88' lang='grc' dir='ltr'>πρὸ</span> <span class='ocrx_word' id='word_1_355' title='bbox 801 4085 902 4158; x_wconf 83' lang='grc' dir='ltr'>τῆς</span> <span class='ocrx_word' id='word_1_356' title='bbox 947 4089 1042 4141; x_wconf 91' lang='grc' dir='ltr'>τοῦ</span> <span class='ocrx_word' id='word_1_357' title='bbox 1075 4091 1313 4161; x_wconf 80' lang='grc' dir='ltr'>Χριστοῦ</span> <span class='ocrx_word' id='word_1_358' title='bbox 1361 4097 1664 4168; x_wconf 80' lang='grc' dir='ltr'>παρουσίας</span> <span class='ocrx_word' id='word_1_359' title='bbox 1718 4099 2051 4170; x_wconf 85' lang='grc' dir='ltr'>ἐκηρύττετο</span> 
     </span>
    </p>
   </div>
   <div class='ocr_carea' id='block_1_44' title="bbox 383 4167 2052 4252">
    <p class='ocr_par' dir='ltr' id='par_1_44' title="bbox 383 4167 2052 4252">
     <span class='ocr_line' id='line_1_44' title="bbox 383 4167 2052 4252; baseline 0.016 -34"><span class='ocrx_word' id='word_1_360' title='bbox 383 4167 473 4252; x_wconf 82' lang='grc' dir='ltr'>διά</span> <span class='ocrx_word' id='word_1_361' title='bbox 518 4169 609 4223; x_wconf 91' lang='grc' dir='ltr'>τοῦ</span> <span class='ocrx_word' id='word_1_362' title='bbox 675 4170 938 4244; x_wconf 86' lang='grc' dir='ltr'>Ἱερεμίου</span> <span class='ocrx_word' id='word_1_363' title='bbox 980 4175 1260 4245; x_wconf 78' lang='grc' dir='ltr'>λέγοντος⁴</span> <span class='ocrx_word' id='word_1_364' title='bbox 1307 4181 1405 4252; x_wconf 85' lang='grc' dir='ltr'>Μὴ</span> <span class='ocrx_word' id='word_1_365' title='bbox 1448 4167 1484 4238; x_wconf 79' lang='grc' dir='ltr'><em>ὁ</em></span> <span class='ocrx_word' id='word_1_366' title='bbox 1532 4167 1911 4242; x_wconf 79' lang='grc' dir='ltr'>πίπτων</span> <span class='ocrx_word' id='word_1_367' title='bbox 1943 4190 2052 4244; x_wconf 82' lang='grc' dir='ltr'>ἀν-</span> 
     </span>
    </p>
   </div>
   <div class='ocr_carea' id='block_1_45' title="bbox 385 4249 2046 4339">
    <p class='ocr_par' dir='ltr' id='par_1_45' title="bbox 385 4249 2046 4339">
     <span class='ocr_line' id='line_1_45' title="bbox 385 4249 2046 4339; baseline 0.016 -39"><span class='ocrx_word' id='word_1_368' title='bbox 385 4249 642 4339; x_wconf 74' lang='grc' dir='ltr'>ίσταται,</span> <span class='ocrx_word' id='word_1_369' title='bbox 669 4253 709 4323; x_wconf 81' lang='grc' dir='ltr'><em>ἢ</em></span> <span class='ocrx_word' id='word_1_370' title='bbox 733 4258 765 4308; x_wconf 83' lang='grc' dir='ltr'>ό</span> <span class='ocrx_word' id='word_1_371' title='bbox 787 4256 1181 4328; x_wconf 70' lang='grc' dir='ltr'>ἀποστρέφων</span> <span class='ocrx_word' id='word_1_372' title='bbox 1203 4265 1314 4317; x_wconf 83' lang='grc' dir='ltr'>οὐκ</span> <span class='ocrx_word' id='word_1_373' title='bbox 1333 4249 1706 4338; x_wconf 55' lang='grc' dir='ltr'>ἐπὶιστρέφεη</span> <span class='ocrx_word' id='word_1_374' title='bbox 1737 4271 1830 4324; x_wconf 79' lang='grc' dir='ltr'>καὶ</span> <span class='ocrx_word' id='word_1_375' title='bbox 1863 4273 2046 4339; x_wconf 86' lang='grc' dir='ltr'>πάλιν,</span> 
     </span>
    </p>
   </div>
   <div class='ocr_carea' id='block_1_46' title="bbox 383 4338 2049 4429">
    <p class='ocr_par' dir='ltr' id='par_1_46' title="bbox 383 4338 2049 4429">
     <span class='ocr_line' id='line_1_46' title="bbox 383 4338 2049 4429; baseline 0.016 -40"><span class='ocrx_word' id='word_1_376' title='bbox 383 4338 546 4429; x_wconf 56' lang='grc' dir='ltr'>Διετὰ</span> <span class='ocrx_word' id='word_1_377' title='bbox 575 4339 764 4396; x_wconf 85' lang='grc' dir='ltr'>ταῦτα</span> <span class='ocrx_word' id='word_1_378' title='bbox 785 4344 962 4400; x_wconf 79' lang='grc' dir='ltr'>εἷπον</span> <span class='ocrx_word' id='word_1_379' title='bbox 1002 4348 1178 4416; x_wconf 77' lang='grc' dir='ltr'>αὐτῇ,</span> <span class='ocrx_word' id='word_1_380' title='bbox 1211 4351 1370 4404; x_wconf 83' lang='grc' dir='ltr'>Μετὰ</span> <span class='ocrx_word' id='word_1_381' title='bbox 1398 4353 1466 4408; x_wconf 86' lang='grc' dir='ltr'>τὸ</span> <span class='ocrx_word' id='word_1_382' title='bbox 1512 4356 1842 4424; x_wconf 80' lang='grc' dir='ltr'>πορνεῦσαι</span> <span class='ocrx_word' id='word_1_383' title='bbox 1871 4338 2049 4429; x_wconf 83' lang='grc' dir='ltr'>δεῦρο</span> 
     </span>
    </p>
   </div>
   <div class='ocr_carea' id='block_1_47' title="bbox 383 4422 2044 4509">
    <p class='ocr_par' dir='ltr' id='par_1_47' title="bbox 383 4422 2044 4509">
     <span class='ocr_line' id='line_1_47' title="bbox 383 4422 2044 4509; baseline 0.016 -33"><span class='ocrx_word' id='word_1_384' title='bbox 383 4422 769 4509; x_wconf 73' lang='grc' dir='ltr'>ἀνάστρεψον</span> <span class='ocrx_word' id='word_1_385' title='bbox 808 4432 959 4500; x_wconf 85' lang='grc' dir='ltr'>πρὸς</span> <span class='ocrx_word' id='word_1_386' title='bbox 1126 4436 1252 4504; x_wconf 46' lang='grc' dir='ltr'>Καὶ,</span> <span class='ocrx_word' id='word_1_387' title='bbox 1275 4437 1363 4492; x_wconf 89' lang='grc' dir='ltr'>διά</span> <span class='ocrx_word' id='word_1_388' title='bbox 1404 4439 1561 4495; x_wconf 90' lang='grc' dir='ltr'>τοῦτο</span> <span class='ocrx_word' id='word_1_389' title='bbox 1587 4422 1798 4509; x_wconf 35' lang='grc' dir='ltr'>-πολλὰς</span> <span class='ocrx_word' id='word_1_390' title='bbox 1826 4448 1920 4501; x_wconf 81' lang='grc' dir='ltr'>καὶ</span> <span class='ocrx_word' id='word_1_391' title='bbox 1951 4422 2044 4503; x_wconf 75' lang='grc' dir='ltr'>ἁλ·</span> 
     </span>
    </p>
   </div>
   <div class='ocr_carea' id='block_1_48' title="bbox 382 4508 2048 4605">
    <p class='ocr_par' dir='ltr' id='par_1_48' title="bbox 382 4508 2048 4605">
     <span class='ocr_line' id='line_1_48' title="bbox 382 4508 2048 4605; baseline 0.016 -41"><span class='ocrx_word' id='word_1_392' title='bbox 382 4508 500 4605; x_wconf 34' lang='grc' dir='ltr'>λαςῌ</span> <span class='ocrx_word' id='word_1_393' title='bbox 521 4513 689 4605; x_wconf 82' lang='grc' dir='ltr'>ὁδοὺς</span> <span class='ocrx_word' id='word_1_394' title='bbox 720 4517 1010 4591; x_wconf 83' lang='grc' dir='ltr'>διαφόρους</span> <span class='ocrx_word' id='word_1_395' title='bbox 1052 4521 1252 4576; x_wconf 80' lang='grc' dir='ltr'>ἔδωκεν</span> <span class='ocrx_word' id='word_1_396' title='bbox 1297 4527 1452 4597; x_wconf 77' lang='grc' dir='ltr'>ἡμῖν,</span> <span class='ocrx_word' id='word_1_397' title='bbox 1487 4529 1572 4583; x_wconf 78' lang='grc' dir='ltr'>ἵνα</span> <span class='ocrx_word' id='word_1_398' title='bbox 1624 4532 1832 4605; x_wconf 71' lang='grc' dir='ltr'>ἐκκόψῃ</span> <span class='ocrx_word' id='word_1_399' title='bbox 1867 4537 2048 4591; x_wconf 86' lang='grc' dir='ltr'>πᾶσαν</span> 
     </span>
    </p>
   </div>
   <div class='ocr_carea' id='block_1_49' title="bbox 381 4599 2049 4695">
    <p class='ocr_par' dir='ltr' id='par_1_49' title="bbox 381 4599 2049 4695">
     <span class='ocr_line' id='line_1_49' title="bbox 381 4599 2049 4695; baseline 0.012 -36"><span class='ocrx_word' id='word_1_400' title='bbox 381 4599 539 4695; x_wconf 49' lang='grc' dir='ltr'>ἡμῶν</span> <span class='ocrx_word' id='word_1_401' title='bbox 589 4604 861 4695; x_wconf 56' lang='grc' dir='ltr'>πρόφασιν</span> <span class='ocrx_word' id='word_1_402' title='bbox 907 4608 1198 4681; x_wconf 78' lang='grc' dir='ltr'>ῥᾳθυμίας.</span> <span class='ocrx_word' id='word_1_403' title='bbox 1247 4614 1310 4668; x_wconf 89' lang='grc' dir='ltr'>Εἰ</span> <span class='ocrx_word' id='word_1_404' title='bbox 1364 4616 1473 4687; x_wconf 88' lang='grc' dir='ltr'>γὰρ</span> <span class='ocrx_word' id='word_1_405' title='bbox 1515 4599 2049 4695; x_wconf 47' lang='grc' dir='ltr'>μίανόδὸνηεῖχομεν</span> 
     </span>
    </p>
   </div>
   <div class='ocr_carea' id='block_1_50' title="bbox 385 4687 2048 4781">
    <p class='ocr_par' dir='ltr' id='par_1_50' title="bbox 385 4687 2048 4781">
     <span class='ocr_line' id='line_1_50' title="bbox 385 4687 2048 4781; baseline 0.017 -42"><span class='ocrx_word' id='word_1_406' title='bbox 385 4687 575 4781; x_wconf 79' lang='grc' dir='ltr'>μόνην,</span> <span class='ocrx_word' id='word_1_407' title='bbox 601 4691 687 4745; x_wconf 85' lang='grc' dir='ltr'>διὰ</span> <span class='ocrx_word' id='word_1_408' title='bbox 736 4695 944 4768; x_wconf 87' lang='grc' dir='ltr'>ταύτης</span> <span class='ocrx_word' id='word_1_409' title='bbox 984 4699 1248 4754; x_wconf 87' lang='grc' dir='ltr'>εἰσελθεῖν</span> <span class='ocrx_word' id='word_1_410' title='bbox 1277 4702 1376 4756; x_wconf 83' lang='grc' dir='ltr'>οὐκ</span> <span class='ocrx_word' id='word_1_411' title='bbox 1407 4704 1472 4757; x_wconf 86' lang='grc' dir='ltr'>ἂν</span> <span class='ocrx_word' id='word_1_412' title='bbox 1515 4687 2048 4781; x_wconf 52' lang='grc' dir='ltr'>ἦδυνήθημεν.ΠΤάύ-</span> 
     </span>
    </p>
   </div>
   <div class='ocr_carea' id='block_1_51' title="bbox 381 4777 2044 4873">
    <p class='ocr_par' dir='ltr' id='par_1_51' title="bbox 381 4777 2044 4873">
     <span class='ocr_line' id='line_1_51' title="bbox 381 4777 2044 4873; baseline 0.017 -47"><span class='ocrx_word' id='word_1_413' title='bbox 381 4777 624 4873; x_wconf 41' lang='grc' dir='ltr'>την-τὴν</span> <span class='ocrx_word' id='word_1_414' title='bbox 649 4781 956 4873; x_wconf 29' lang='grc' dir='ltr'>’μάχαιραν</span> <span class='ocrx_word' id='word_1_415' title='bbox 997 4786 1086 4839; x_wconf 77' lang='grc' dir='ltr'>ἀεὶ</span> <span class='ocrx_word' id='word_1_416' title='bbox 1127 4789 1318 4858; x_wconf 82' lang='grc' dir='ltr'>φεύγει</span> <span class='ocrx_word' id='word_1_417' title='bbox 1359 4793 1387 4844; x_wconf 98' lang='lat'>0</span> <span class='ocrx_word' id='word_1_418' title='bbox 1429 4777 1694 4859; x_wconf 78' lang='grc' dir='ltr'>διάϐολος.</span> <span class='ocrx_word' id='word_1_419' title='bbox 1724 4777 2044 4873; x_wconf 75' lang='grc' dir='ltr'>”Πμαρτες;</span> 
     </span>
    </p>
   </div>
   <div class='ocr_carea' id='block_1_52' title="bbox 381 4860 2048 4960">
    <p class='ocr_par' dir='ltr' id='par_1_52' title="bbox 381 4860 2048 4960">
     <span class='ocr_line' id='line_1_52' title="bbox 381 4860 2048 4960; baseline 0.017 -47"><span class='ocrx_word' id='word_1_420' title='bbox 381 4860 696 4960; x_wconf 37' lang='grc' dir='ltr'>εξσελθεΔείς</span> <span class='ocrx_word' id='word_1_421' title='bbox 723 4870 820 4940; x_wconf 79' lang='grc' dir='ltr'>τήν</span> <span class='ocrx_word' id='word_1_422' title='bbox 844 4871 1164 4960; x_wconf 84' lang='grc' dir='ltr'>ἐκκλησίαν,</span> <span class='ocrx_word' id='word_1_423' title='bbox 1195 4878 1291 4930; x_wconf 81' lang='grc' dir='ltr'>καὶ</span> <span class='ocrx_word' id='word_1_424' title='bbox 1323 4878 1602 4950; x_wconf 77' lang='grc' dir='ltr'>ἐξάλειψόν</span> <span class='ocrx_word' id='word_1_425' title='bbox 1631 4899 1722 4936; x_wconf 91' lang='grc' dir='ltr'>σου</span> <span class='ocrx_word' id='word_1_426' title='bbox 1745 4860 1844 4956; x_wconf 71' lang='grc' dir='ltr'>την</span> <span class='ocrx_word' id='word_1_427' title='bbox 1871 4860 2048 4960; x_wconf 40' lang='grc' dir='ltr'>ἁμα-ρί</span> 
     </span>
    </p>
   </div>
   <div class='ocr_carea' id='block_1_53' title="bbox 379 4948 2046 5042">
    <p class='ocr_par' dir='ltr' id='par_1_53' title="bbox 379 4948 2046 5042">
     <span class='ocr_line' id='line_1_53' title="bbox 379 4948 2046 5042; baseline 0.017 -41"><span class='ocrx_word' id='word_1_428' title='bbox 379 4948 520 5042; x_wconf 76' lang='grc' dir='ltr'>τίαν.</span> <span class='ocrx_word' id='word_1_429' title='bbox 577 4953 797 5019; x_wconf 88' lang='grc' dir='ltr'>Ὁσάκις</span> <span class='ocrx_word' id='word_1_430' title='bbox 847 4959 913 5012; x_wconf 85' lang='grc' dir='ltr'>ἂν</span> <span class='ocrx_word' id='word_1_431' title='bbox 959 4962 1132 5034; x_wconf 83' lang='grc' dir='ltr'>πέσῃς</span> <span class='ocrx_word' id='word_1_432' title='bbox 1175 4966 1255 5028; x_wconf 90' lang='grc' dir='ltr'>είς</span> <span class='ocrx_word' id='word_1_433' title='bbox 1303 4967 1401 5038; x_wconf 77' lang='grc' dir='ltr'>τὴν</span> <span class='ocrx_word' id='word_1_434' title='bbox 1441 4968 1667 5039; x_wconf 81' lang='grc' dir='ltr'>ἀγορὰν,</span> <span class='ocrx_word' id='word_1_435' title='bbox 1717 4948 2046 5042; x_wconf 63' lang='grc' dir='ltr'>τοσαυτάκις</span> 
     </span>
    </p>
   </div>
   <div class='ocr_carea' id='block_1_54' title="bbox 379 5037 2043 5137">
    <p class='ocr_par' dir='ltr' id='par_1_54' title="bbox 379 5037 2043 5137">
     <span class='ocr_line' id='line_1_54' title="bbox 379 5037 2043 5137; baseline 0.029 -51"><span class='ocrx_word' id='word_1_436' title='bbox 379 5037 598 5137; x_wconf 31' lang='grc' dir='ltr'>ἐγείρῃΙο</span> <span class='ocrx_word' id='word_1_437' title='bbox 625 5042 796 5137; x_wconf 73' lang='grc' dir='ltr'>οὕτως</span> <span class='ocrx_word' id='word_1_438' title='bbox 816 5049 1094 5137; x_wconf 12' lang='grc' dir='ltr'>ὁσάκιςῗᾶν</span> <span class='ocrx_word' id='word_1_439' title='bbox 1122 5052 1467 5128; x_wconf 77' lang='grc' dir='ltr'>ἁμαρτήσῃς,</span> <span class='ocrx_word' id='word_1_440' title='bbox 1495 5037 1824 5129; x_wconf 60' lang='grc' dir='ltr'>μετανόησον</span> <span class='ocrx_word' id='word_1_441' title='bbox 1855 5064 1947 5116; x_wconf 61' lang='grc' dir='ltr'>ἐπὶ</span> <span class='ocrx_word' id='word_1_442' title='bbox 1977 5037 2043 5137; x_wconf 58' lang='grc' dir='ltr'>τῇ</span> 
     </span>
    </p>
   </div>
   <div class='ocr_carea' id='block_1_55' title="bbox 379 5126 2046 5225">
    <p class='ocr_par' dir='ltr' id='par_1_55' title="bbox 379 5126 2046 5225">
     <span class='ocr_line' id='line_1_55' title="bbox 379 5126 2046 5225; baseline 0.017 -48"><span class='ocrx_word' id='word_1_443' title='bbox 379 5126 659 5225; x_wconf 43' lang='grc' dir='ltr'>ἁμαρτίην..⁸</span> <span class='ocrx_word' id='word_1_444' title='bbox 705 5133 780 5202; x_wconf 84' lang='grc' dir='ltr'>μὴ</span> <span class='ocrx_word' id='word_1_445' title='bbox 834 5136 1033 5189; x_wconf 85' lang='grc' dir='ltr'>σαυτοῦ</span> <span class='ocrx_word' id='word_1_446' title='bbox 1083 5126 1525 5211; x_wconf 44' lang='grc' dir='ltr'>ἁπογνῷςίκᾶν</span> <span class='ocrx_word' id='word_1_447' title='bbox 1575 5126 1827 5219; x_wconf 81' lang='grc' dir='ltr'>δεύτερον</span> <span class='ocrx_word' id='word_1_448' title='bbox 1872 5126 2046 5225; x_wconf 55' lang='grc' dir='ltr'>ἁμάρί</span> 
     </span>
    </p>
   </div>
   <div class='ocr_carea' id='block_1_56' title="bbox 376 5216 2114 5306">
    <p class='ocr_par' dir='ltr' id='par_1_56' title="bbox 376 5216 2114 5306">
     <span class='ocr_line' id='line_1_56' title="bbox 376 5216 2114 5306; baseline 0.018 -42"><span class='ocrx_word' id='word_1_449' title='bbox 376 5230 513 5306; x_wconf 81' lang='grc' dir='ltr'>τῃς,</span> <span class='ocrx_word' id='word_1_450' title='bbox 563 5216 812 5290; x_wconf 86' lang='grc' dir='ltr'>δεύτερον</span> <span class='ocrx_word' id='word_1_451' title='bbox 866 5227 1228 5300; x_wconf 86' lang='grc' dir='ltr'>μετανόησον,</span> <span class='ocrx_word' id='word_1_452' title='bbox 1285 5232 1362 5302; x_wconf 84' lang='grc' dir='ltr'>μὴ</span> <span class='ocrx_word' id='word_1_453' title='bbox 1409 5232 1498 5287; x_wconf 88' lang='grc' dir='ltr'>διά</span> <span class='ocrx_word' id='word_1_454' title='bbox 1541 5216 1812 5306; x_wconf 84' lang='grc' dir='ltr'>ρᾳθυμίαν</span> <span class='ocrx_word' id='word_1_455' title='bbox 1865 5216 2046 5296; x_wconf 78' lang='grc' dir='ltr'>τέλεον</span> <span class='ocrx_word' id='word_1_456' title='bbox 2084 5245 2114 5267; x_wconf 76' lang='grc'>’⁸</span> 
     </span>
    </p>
   </div>
   <div class='ocr_carea' id='block_1_57' title="bbox 378 5303 2043 5387">
    <p class='ocr_par' dir='ltr' id='par_1_57' title="bbox 378 5303 2043 5387">
     <span class='ocr_line' id='line_1_57' title="bbox 378 5303 2043 5387; baseline 0.017 -34"><span class='ocrx_word' id='word_1_457' title='bbox 378 5303 620 5374; x_wconf 83' lang='grc' dir='ltr'>ἐκπέσῃς</span> <span class='ocrx_word' id='word_1_458' title='bbox 655 5308 754 5378; x_wconf 87' lang='grc' dir='ltr'>τῆς</span> <span class='ocrx_word' id='word_1_459' title='bbox 779 5310 888 5364; x_wconf 87' lang='grc' dir='ltr'>τῶν</span> <span class='ocrx_word' id='word_1_460' title='bbox 918 5317 1294 5385; x_wconf 84' lang='grc' dir='ltr'>προκειμένων</span> <span class='ocrx_word' id='word_1_461' title='bbox 1324 5319 1546 5387; x_wconf 86' lang='grc' dir='ltr'>ἀγαθῶν</span> <span class='ocrx_word' id='word_1_462' title='bbox 1572 5303 1790 5387; x_wconf 79' lang='grc' dir='ltr'>ἐλπίδος</span> <span class='ocrx_word' id='word_1_463' title='bbox 1808 5339 1821 5354; x_wconf 82' lang='grc'><strong><em>⁸</em></strong></span> <span class='ocrx_word' id='word_1_464' title='bbox 1865 5326 1966 5379; x_wconf 79' lang='grc' dir='ltr'>κάν</span> <span class='ocrx_word' id='word_1_465' title='bbox 1986 5331 2043 5380; x_wconf 77' lang='grc' dir='ltr'>ἐν</span> 
     </span>
    </p>
   </div>
   <div class='ocr_carea' id='block_1_58' title="bbox 377 5390 2040 5482">
    <p class='ocr_par' dir='ltr' id='par_1_58' title="bbox 377 5390 2040 5482">
     <span class='ocr_line' id='line_1_58' title="bbox 377 5390 2040 5482; baseline 0.016 -41"><span class='ocrx_word' id='word_1_466' title='bbox 377 5390 583 5482; x_wconf 80' lang='grc' dir='ltr'>ἐσχάτῃ</span> <span class='ocrx_word' id='word_1_467' title='bbox 627 5395 786 5466; x_wconf 80' lang='grc' dir='ltr'>πολιᾷ</span> <span class='ocrx_word' id='word_1_468' title='bbox 827 5394 893 5471; x_wconf 78' lang='grc' dir='ltr'>ᾖς</span> <span class='ocrx_word' id='word_1_469' title='bbox 925 5401 1019 5454; x_wconf 78' lang='grc' dir='ltr'>καὶ</span> <span class='ocrx_word' id='word_1_470' title='bbox 1057 5403 1330 5478; x_wconf 90' lang='grc' dir='ltr'>ἁμάρτῃς,</span> <span class='ocrx_word' id='word_1_471' title='bbox 1379 5407 1612 5475; x_wconf 77' lang='grc' dir='ltr'>εἴσελθε,</span> <span class='ocrx_word' id='word_1_472' title='bbox 1666 5412 2003 5482; x_wconf 85' lang='grc' dir='ltr'>μετανόησον</span> <span class='ocrx_word' id='word_1_473' title='bbox 2029 5430 2040 5444; x_wconf 90' lang='grc'>·</span> 
     </span>
    </p>
   </div>
   <div class='ocr_carea' id='block_1_59' title="bbox 383 5480 2044 5568">
    <p class='ocr_par' dir='ltr' id='par_1_59' title="bbox 383 5480 2044 5568">
     <span class='ocr_line' id='line_1_59' title="bbox 383 5480 2044 5568; baseline 0.016 -39"><span class='ocrx_word' id='word_1_474' title='bbox 383 5480 616 5568; x_wconf 77' lang='grc' dir='ltr'>ἰατρεῖον</span> <span class='ocrx_word' id='word_1_475' title='bbox 653 5483 762 5554; x_wconf 87' lang='grc' dir='ltr'>γάρ</span> <span class='ocrx_word' id='word_1_476' title='bbox 795 5487 944 5541; x_wconf 85' lang='grc' dir='ltr'>ἐστιν</span> <span class='ocrx_word' id='word_1_477' title='bbox 974 5489 1228 5557; x_wconf 85' lang='grc' dir='ltr'>ἐνταῦθα,</span> <span class='ocrx_word' id='word_1_478' title='bbox 1261 5492 1322 5546; x_wconf 86' lang='grc' dir='ltr'>οὐ</span> <span class='ocrx_word' id='word_1_479' title='bbox 1357 5494 1384 5533; x_wconf 73' lang='lat' dir='ltr'><strong>b</strong></span> <span class='ocrx_word' id='word_1_480' title='bbox 1415 5494 1786 5568; x_wconf 88' lang='grc' dir='ltr'>δικαστήριον,</span> <span class='ocrx_word' id='word_1_481' title='bbox 1827 5480 1926 5555; x_wconf 73' lang='grc' dir='ltr'>οὐκ</span> <span class='ocrx_word' id='word_1_482' title='bbox 1955 5505 2044 5555; x_wconf 76' lang='grc' dir='ltr'>εύ-</span> 
     </span>
    </p>
   </div>
   <div class='ocr_carea' id='block_1_60' title="bbox 379 5563 2046 5662">
    <p class='ocr_par' dir='ltr' id='par_1_60' title="bbox 379 5563 2046 5662">
     <span class='ocr_line' id='line_1_60' title="bbox 379 5563 2046 5662; baseline 0.017 -47"><span class='ocrx_word' id='word_1_483' title='bbox 379 5563 544 5629; x_wconf 81' lang='grc' dir='ltr'>θύνας</span> <span class='ocrx_word' id='word_1_484' title='bbox 568 5568 982 5643; x_wconf 82' lang='grc' dir='ltr'>ἁμαρτημάτων</span> <span class='ocrx_word' id='word_1_485' title='bbox 1003 5577 1289 5648; x_wconf 87' lang='grc' dir='ltr'>ἁπαιτοῦν,</span> <span class='ocrx_word' id='word_1_486' title='bbox 1315 5581 1454 5635; x_wconf 89' lang='grc' dir='ltr'>ἀλλὰ</span> <span class='ocrx_word' id='word_1_487' title='bbox 1491 5563 1839 5658; x_wconf 79' lang='grc' dir='ltr'>συγχώρησιν</span> <span class='ocrx_word' id='word_1_488' title='bbox 1864 5590 2046 5662; x_wconf 84' lang='grc' dir='ltr'>ἁμαρ-</span> 
     </span>
    </p>
   </div>
   <div class='ocr_carea' id='block_1_61' title="bbox 443 5687 2042 5784">
    <p class='ocr_par' dir='ltr' id='par_1_61' title="bbox 443 5687 2042 5784">
     <span class='ocr_line' id='line_1_61' title="bbox 443 5687 2042 5784; baseline 0.016 -49"><span class='ocrx_word' id='word_1_489' title='bbox 443 5687 722 5784; x_wconf 50' lang='grc' dir='ltr'>ἐξ,</span> <span class='ocrx_word' id='word_1_490' title='bbox 928 5700 1194 5784; x_wconf 60' lang='grc' dir='ltr'>ιιῐιιιεῃᾶλλθ</span> <span class='ocrx_word' id='word_1_491' title='bbox 1219 5705 1262 5784; x_wconf 50' lang='lat'>20</span> <span class='ocrx_word' id='word_1_492' title='bbox 1302 5705 1444 5779; x_wconf 64' lang='grc' dir='ltr'>λόγος</span> <span class='ocrx_word' id='word_1_493' title='bbox 1473 5708 1585 5768; x_wconf 85' lang='grc' dir='ltr'>ἡμῖν</span> <span class='ocrx_word' id='word_1_494' title='bbox 1602 5708 1818 5784; x_wconf 29' lang='grc' dir='ltr'>’ἔμψυχος</span> <span class='ocrx_word' id='word_1_495' title='bbox 1857 5712 1926 5762; x_wconf 77' lang='grc' dir='ltr'>ἔτι</span> <span class='ocrx_word' id='word_1_496' title='bbox 1947 5712 2042 5784; x_wconf 64' lang='grc' dir='ltr'>ἀπὸ</span> 
     </span>
    </p>
   </div>
   <div class='ocr_carea' id='block_1_62' title="bbox 382 5749 2042 5834">
    <p class='ocr_par' dir='ltr' id='par_1_62' title="bbox 382 5749 2042 5834">
     <span class='ocr_line' id='line_1_62' title="bbox 382 5749 2042 5834; baseline 0.01 -28"><span class='ocrx_word' id='word_1_497' title='bbox 382 5749 605 5834; x_wconf 55' lang='grc' dir='ltr'>έδοῖδ,</span> <span class='ocrx_word' id='word_1_498' title='bbox 615 5813 624 5820; x_wconf 89' lang='lat'>_</span> <span class='ocrx_word' id='word_1_499' title='bbox 635 5759 735 5834; x_wconf 51' lang='lat'><strong>:11:</strong></span> <span class='ocrx_word' id='word_1_500' title='bbox 745 5749 1015 5834; x_wconf 60' lang='grc' dir='ltr'>μετανοίας.</span> <span class='ocrx_word' id='word_1_501' title='bbox 1036 5762 1175 5834; x_wconf 40' lang='grc' dir='ltr'>,Περὶ</span> 
     </span>
    </p>
   </div>
   <div class='ocr_carea' id='block_1_63' title="bbox 382 5812 1972 5925">
    <p class='ocr_par' dir='ltr' id='par_1_63' title="bbox 382 5812 1972 5925">
     <span class='ocr_line' id='line_1_63' title="bbox 382 5812 1972 5925; baseline 0.011 -57"><span class='ocrx_word' id='word_1_502' title='bbox 382 5812 805 5925; x_wconf 43' lang='lat' dir='ltr'>Vazas;.\lr;a;1;de</span> <span class='ocrx_word' id='word_1_503' title='bbox 827 5812 1105 5872; x_wconf 37' lang='lat' dir='ltr'>lectio-ﬁlii</span> <span class='ocrx_word' id='word_1_504' title='bbox 1129 5812 1378 5889; x_wconf 19' lang='grc' dir='ltr'>ἓιιιὶίιρίίὲἷο</span> <span class='ocrx_word' id='word_1_505' title='bbox 1397 5812 1503 5890; x_wconf 58' lang='grc' dir='ltr'>ρι’εᾶ</span> <span class='ocrx_word' id='word_1_506' title='bbox 1511 5812 1583 5879; x_wconf 61' lang='grc' dir='ltr'>ἔθ’</span> <span class='ocrx_word' id='word_1_507' title='bbox 1595 5812 1882 5883; x_wconf 39' lang='lat'><strong>1513-11012-</strong></span> <span class='ocrx_word' id='word_1_508' title='bbox 1879 5812 1972 5885; x_wconf 71' lang='grc' dir='ltr'>ιίἶτ.</span> 
     </span>
    </p>
   </div>
   <div class='ocr_carea' id='block_1_64' title="bbox 1111 364 2984 444">
    <p class='ocr_par' dir='ltr' id='par_1_64' title="bbox 1111 364 2984 444">
     <span class='ocr_line' id='line_1_64' title="bbox 1111 364 2984 444; baseline -0.007 -2"><span class='ocrx_word' id='word_1_509' title='bbox 1111 386 1170 443; x_wconf 90' lang='lat' dir='ltr'>S.</span> <span class='ocrx_word' id='word_1_510' title='bbox 1208 379 1494 442; x_wconf 82' lang='lat' dir='ltr'>JOANNIS</span> <span class='ocrx_word' id='word_1_511' title='bbox 1531 377 2024 444; x_wconf 73' lang='lat' dir='ltr'>CIIRYSOSTOMI</span> <span class='ocrx_word' id='word_1_512' title='bbox 2065 373 2392 432; x_wconf 79' lang='lat' dir='ltr'>ARCHIEP.</span> <span class='ocrx_word' id='word_1_513' title='bbox 2433 364 2984 431; x_wconf 74' lang='lat' dir='ltr'>CONSTANTINOP.</span> 
     </span>
    </p>
   </div>
   <div class='ocr_carea' id='block_1_65' title="bbox 1802 1023 2058 1096">
    <p class='ocr_par' dir='ltr' id='par_1_65' title="bbox 1802 1023 2058 1096">
     <span class='ocr_line' id='line_1_65' title="bbox 1802 1023 2058 1096; baseline -0.004 -19"><span class='ocrx_word' id='word_1_514' title='bbox 1802 1023 2058 1096; x_wconf 41' lang='grc' dir='ltr'>δύνασαεκ</span> 
     </span>
    </p>
   </div>
   <div class='ocr_carea' id='block_1_66' title="bbox 3685 363 3796 419">
    <p class='ocr_par' dir='ltr' id='par_1_66' title="bbox 3685 363 3796 419">
     <span class='ocr_line' id='line_1_66' title="bbox 3685 363 3796 419; baseline 0.027 -3"><span class='ocrx_word' id='word_1_515' title='bbox 3685 363 3796 419; x_wconf 71' lang='lat'><strong>293</strong></span> 
     </span>
    </p>
   </div>
   <div class='ocr_carea' id='block_1_67' title="bbox 2127 478 3791 562">
    <p class='ocr_par' dir='ltr' id='par_1_67' title="bbox 2127 478 3791 562">
     <span class='ocr_line' id='line_1_67' title="bbox 2127 478 3791 562; baseline -0.01 -17"><span class='ocrx_word' id='word_1_516' title='bbox 2127 491 2393 562; x_wconf 89' lang='grc' dir='ltr'>τημάτων</span> <span class='ocrx_word' id='word_1_517' title='bbox 2446 487 2706 558; x_wconf 80' lang='grc' dir='ltr'>παρέχον.</span> <span class='ocrx_word' id='word_1_518' title='bbox 2742 484 2860 554; x_wconf 83' lang='grc' dir='ltr'>Θεῷ</span> <span class='ocrx_word' id='word_1_519' title='bbox 2892 485 3037 554; x_wconf 88' lang='grc' dir='ltr'>μόνῳ</span> <span class='ocrx_word' id='word_1_520' title='bbox 3063 481 3183 535; x_wconf 88' lang='grc' dir='ltr'>εἰπέ</span> <span class='ocrx_word' id='word_1_521' title='bbox 3222 481 3321 552; x_wconf 83' lang='grc' dir='ltr'>τὴν</span> <span class='ocrx_word' id='word_1_522' title='bbox 3357 478 3632 551; x_wconf 80' lang='grc' dir='ltr'>ἁμαρτίαν</span> <span class='ocrx_word' id='word_1_523' title='bbox 3660 492 3791 534; x_wconf 87' lang='grc' dir='ltr'>σου·</span> 
     </span>
    </p>
   </div>
   <div class='ocr_carea' id='block_1_68' title="bbox 2129 569 3792 649">
    <p class='ocr_par' dir='ltr' id='par_1_68' title="bbox 2129 569 3792 649">
     <span class='ocr_line' id='line_1_68' title="bbox 2129 569 3792 649; baseline -0.008 -13"><span class='ocrx_word' id='word_1_524' title='bbox 2129 581 2230 636; x_wconf 76' lang='grc' dir='ltr'>Σοί</span> <span class='ocrx_word' id='word_1_525' title='bbox 2277 580 2450 649; x_wconf 82' lang='grc' dir='ltr'>μόνῳ</span> <span class='ocrx_word' id='word_1_526' title='bbox 2492 578 2760 649; x_wconf 77' lang='grc' dir='ltr'>ἥμαρτον</span> <span class='ocrx_word' id='word_1_527' title='bbox 2805 575 2904 628; x_wconf 78' lang='grc' dir='ltr'>καὶ</span> <span class='ocrx_word' id='word_1_528' title='bbox 2951 572 3020 626; x_wconf 83' lang='grc' dir='ltr'>τὸ</span> <span class='ocrx_word' id='word_1_529' title='bbox 3069 572 3337 640; x_wconf 81' lang='grc' dir='ltr'>πονηρὸν</span> <span class='ocrx_word' id='word_1_530' title='bbox 3378 569 3636 625; x_wconf 76' lang='grc' dir='ltr'>ἐνώπιόν</span> <span class='ocrx_word' id='word_1_531' title='bbox 3673 583 3792 623; x_wconf 88' lang='grc' dir='ltr'>σου</span> 
     </span>
    </p>
   </div>
   <div class='ocr_carea' id='block_1_69' title="bbox 2127 657 3796 735">
    <p class='ocr_par' dir='ltr' id='par_1_69' title="bbox 2127 657 3796 735">
     <span class='ocr_line' id='line_1_69' title="bbox 2127 657 3796 735; baseline -0.008 -13"><span class='ocrx_word' id='word_1_532' title='bbox 2127 669 2389 735; x_wconf 83' lang='grc' dir='ltr'>ἐποίησα</span> <span class='ocrx_word' id='word_1_533' title='bbox 2411 683 2426 697; x_wconf 88' lang='grc'><strong>·</strong></span> <span class='ocrx_word' id='word_1_534' title='bbox 2461 657 2558 718; x_wconf 67' lang='grc' dir='ltr'>καὶ</span> <span class='ocrx_word' id='word_1_535' title='bbox 2597 661 2961 735; x_wconf 88' lang='grc' dir='ltr'>συγχωρεῖταί</span> <span class='ocrx_word' id='word_1_536' title='bbox 2991 678 3086 714; x_wconf 92' lang='grc' dir='ltr'>σου</span> <span class='ocrx_word' id='word_1_537' title='bbox 3114 663 3148 731; x_wconf 80' lang='grc' dir='ltr'><strong>ἠ</strong></span> <span class='ocrx_word' id='word_1_538' title='bbox 3194 659 3454 732; x_wconf 88' lang='grc' dir='ltr'>ἁμαρτία.</span> <span class='ocrx_word' id='word_1_539' title='bbox 3503 659 3687 728; x_wconf 85' lang='grc' dir='ltr'>Ἔχεις</span> <span class='ocrx_word' id='word_1_540' title='bbox 3737 657 3796 709; x_wconf 78' lang='grc' dir='ltr'>δὲ</span> 
     </span>
    </p>
   </div>
   <div class='ocr_carea' id='block_1_70' title="bbox 2131 744 3794 825">
    <p class='ocr_par' dir='ltr' id='par_1_70' title="bbox 2131 744 3794 825">
     <span class='ocr_line' id='line_1_70' title="bbox 2131 744 3794 825; baseline -0.008 -16"><span class='ocrx_word' id='word_1_541' title='bbox 2131 756 2225 810; x_wconf 79' lang='grc' dir='ltr'>καὶ</span> <span class='ocrx_word' id='word_1_542' title='bbox 2257 755 2426 825; x_wconf 84' lang='grc' dir='ltr'>ἁλλην</span> <span class='ocrx_word' id='word_1_543' title='bbox 2469 753 2590 806; x_wconf 81' lang='grc' dir='ltr'>ὁδὸν</span> <span class='ocrx_word' id='word_1_544' title='bbox 2632 751 2946 822; x_wconf 86' lang='grc' dir='ltr'>μετανοίας,</span> <span class='ocrx_word' id='word_1_545' title='bbox 2979 749 3041 802; x_wconf 82' lang='grc' dir='ltr'>οὐ</span> <span class='ocrx_word' id='word_1_546' title='bbox 3069 747 3346 810; x_wconf 80' lang='grc' dir='ltr'>δύσκολον,</span> <span class='ocrx_word' id='word_1_547' title='bbox 3368 745 3503 800; x_wconf 88' lang='grc' dir='ltr'>ἁλλὰ</span> <span class='ocrx_word' id='word_1_548' title='bbox 3528 747 3624 798; x_wconf 74' lang='grc' dir='ltr'>καὶ</span> <span class='ocrx_word' id='word_1_549' title='bbox 3649 744 3794 797; x_wconf 85' lang='grc' dir='ltr'>πάνυ</span> 
     </span>
    </p>
   </div>
   <div class='ocr_carea' id='block_1_71' title="bbox 2132 835 3800 915">
    <p class='ocr_par' dir='ltr' id='par_1_71' title="bbox 2132 835 3800 915">
     <span class='ocr_line' id='line_1_71' title="bbox 2132 835 3800 915; baseline -0.007 -18"><span class='ocrx_word' id='word_1_550' title='bbox 2132 843 2555 915; x_wconf 85' lang='grc' dir='ltr'>εὐχερεστάτην.</span> <span class='ocrx_word' id='word_1_551' title='bbox 2580 843 2750 895; x_wconf 89' lang='grc' dir='ltr'>Ποίαν</span> <span class='ocrx_word' id='word_1_552' title='bbox 2779 839 2835 893; x_wconf 88' lang='grc' dir='ltr'>δέ</span> <span class='ocrx_word' id='word_1_553' title='bbox 2860 839 3094 908; x_wconf 87' lang='grc' dir='ltr'>ταύτην;</span> <span class='ocrx_word' id='word_1_554' title='bbox 3128 835 3375 890; x_wconf 82' lang='grc' dir='ltr'>Κλαῦσον</span> <span class='ocrx_word' id='word_1_555' title='bbox 3404 835 3496 888; x_wconf 53' lang='grc' dir='ltr'>ἐπὶ⁵</span> <span class='ocrx_word' id='word_1_556' title='bbox 3522 837 3589 906; x_wconf 82' lang='grc' dir='ltr'>τῇ</span> <span class='ocrx_word' id='word_1_557' title='bbox 3617 835 3800 904; x_wconf 88' lang='grc' dir='ltr'>ἁμαρ-</span> 
     </span>
    </p>
   </div>
   <div class='ocr_carea' id='block_1_72' title="bbox 2132 920 3796 1002">
    <p class='ocr_par' dir='ltr' id='par_1_72' title="bbox 2132 920 3796 1002">
     <span class='ocr_line' id='line_1_72' title="bbox 2132 920 3796 1002; baseline -0.006 -18"><span class='ocrx_word' id='word_1_558' title='bbox 2132 932 2226 1002; x_wconf 82' lang='grc' dir='ltr'>τίᾳ</span> <span class='ocrx_word' id='word_1_559' title='bbox 2249 947 2364 996; x_wconf 83' lang='grc' dir='ltr'>σου,</span> <span class='ocrx_word' id='word_1_560' title='bbox 2383 931 2474 982; x_wconf 77' lang='grc' dir='ltr'>καὶ</span> <span class='ocrx_word' id='word_1_561' title='bbox 2497 928 2776 999; x_wconf 87' lang='grc' dir='ltr'>διδάχθητι</span> <span class='ocrx_word' id='word_1_562' title='bbox 2800 937 2821 965; x_wconf 75' lang='grc' dir='ltr'><strong>ο</strong></span> <span class='ocrx_word' id='word_1_563' title='bbox 2848 927 2911 978; x_wconf 86' lang='grc' dir='ltr'>ἐκ</span> <span class='ocrx_word' id='word_1_564' title='bbox 2933 925 3040 979; x_wconf 89' lang='grc' dir='ltr'>τῶν</span> <span class='ocrx_word' id='word_1_565' title='bbox 3066 924 3223 978; x_wconf 91' lang='grc' dir='ltr'>θείων</span> <span class='ocrx_word' id='word_1_566' title='bbox 3248 921 3595 992; x_wconf 78' lang='grc' dir='ltr'>Εὑαγγελίων</span> <span class='ocrx_word' id='word_1_567' title='bbox 3616 920 3796 974; x_wconf 88' lang='grc' dir='ltr'>τοῦτο.</span> 
     </span>
    </p>
   </div>
   <div class='ocr_carea' id='block_1_73' title="bbox 2074 1007 3798 1086">
    <p class='ocr_par' dir='ltr' id='par_1_73' title="bbox 2074 1007 3798 1086">
     <span class='ocr_line' id='line_1_73' title="bbox 2074 1007 3798 1086; baseline -0.007 -15"><span class='ocrx_word' id='word_1_568' title='bbox 2074 1029 2107 1061; x_wconf 78' lang='grc'>·⁴-</span> <span class='ocrx_word' id='word_1_569' title='bbox 2134 1018 2338 1086; x_wconf 84' lang='grc' dir='ltr'>Πέτρος</span> <span class='ocrx_word' id='word_1_570' title='bbox 2366 1019 2597 1080; x_wconf 85' lang='grc' dir='ltr'>ἐκεῖνος,</span> <span class='ocrx_word' id='word_1_571' title='bbox 2631 1016 2664 1086; x_wconf 80' lang='grc' dir='ltr'>ἡ</span> <span class='ocrx_word' id='word_1_572' title='bbox 2693 1013 2908 1085; x_wconf 82' lang='grc' dir='ltr'>κορυφὴ</span> <span class='ocrx_word' id='word_1_573' title='bbox 2941 1013 3048 1065; x_wconf 90' lang='grc' dir='ltr'>τῶν</span> <span class='ocrx_word' id='word_1_574' title='bbox 3073 1011 3406 1074; x_wconf 82' lang='grc' dir='ltr'>ἀποστόλων,</span> <span class='ocrx_word' id='word_1_575' title='bbox 3438 1011 3466 1062; x_wconf 88' lang='lat'>0</span> <span class='ocrx_word' id='word_1_576' title='bbox 3495 1007 3712 1082; x_wconf 88' lang='grc' dir='ltr'>πρῶτος</span> <span class='ocrx_word' id='word_1_577' title='bbox 3739 1008 3798 1059; x_wconf 85' lang='grc' dir='ltr'>ἐν</span> 
     </span>
    </p>
   </div>
   <div class='ocr_carea' id='block_1_74' title="bbox 2132 1094 3802 1176">
    <p class='ocr_par' dir='ltr' id='par_1_74' title="bbox 2132 1094 3802 1176">
     <span class='ocr_line' id='line_1_74' title="bbox 2132 1094 3802 1176; baseline -0.007 -17"><span class='ocrx_word' id='word_1_578' title='bbox 2132 1107 2198 1176; x_wconf 79' lang='grc' dir='ltr'>τῇ</span> <span class='ocrx_word' id='word_1_579' title='bbox 2241 1105 2564 1175; x_wconf 76' lang='grc' dir='ltr'>Ἐκκλησία,</span> <span class='ocrx_word' id='word_1_580' title='bbox 2583 1105 2611 1157; x_wconf 89' lang='lat'>0</span> <span class='ocrx_word' id='word_1_581' title='bbox 2632 1102 2786 1172; x_wconf 90' lang='grc' dir='ltr'>φίλος</span> <span class='ocrx_word' id='word_1_582' title='bbox 2814 1099 3074 1172; x_wconf 81' lang='grc' dir='ltr'>Χριστοῦ,</span> <span class='ocrx_word' id='word_1_583' title='bbox 3101 1102 3129 1153; x_wconf 91' lang='lat'>0</span> <span class='ocrx_word' id='word_1_584' title='bbox 3157 1100 3257 1170; x_wconf 78' lang='grc' dir='ltr'>τὴν</span> <span class='ocrx_word' id='word_1_585' title='bbox 3285 1097 3624 1166; x_wconf 73' lang='grc' dir='ltr'>ἀποκάλυψιν</span> <span class='ocrx_word' id='word_1_586' title='bbox 3648 1094 3802 1166; x_wconf 83' lang='grc' dir='ltr'>παρὰ</span> 
     </span>
    </p>
   </div>
   <div class='ocr_carea' id='block_1_75' title="bbox 2135 1182 3801 1263">
    <p class='ocr_par' dir='ltr' id='par_1_75' title="bbox 2135 1182 3801 1263">
     <span class='ocr_line' id='line_1_75' title="bbox 2135 1182 3801 1263; baseline -0.007 -16"><span class='ocrx_word' id='word_1_587' title='bbox 2135 1192 2443 1263; x_wconf 79' lang='grc' dir='ltr'>ἀνθρώπων</span> <span class='ocrx_word' id='word_1_588' title='bbox 2470 1193 2546 1262; x_wconf 88' lang='grc' dir='ltr'>μὴ</span> <span class='ocrx_word' id='word_1_589' title='bbox 2567 1191 2881 1261; x_wconf 84' lang='grc' dir='ltr'>δεξάμενος,</span> <span class='ocrx_word' id='word_1_590' title='bbox 2897 1187 3034 1241; x_wconf 91' lang='grc' dir='ltr'>ἁλλά</span> <span class='ocrx_word' id='word_1_591' title='bbox 3057 1187 3210 1259; x_wconf 91' lang='grc' dir='ltr'>παρὰ</span> <span class='ocrx_word' id='word_1_592' title='bbox 3230 1185 3324 1240; x_wconf 87' lang='grc' dir='ltr'>τοῦ</span> <span class='ocrx_word' id='word_1_593' title='bbox 3356 1184 3589 1256; x_wconf 66' lang='grc' dir='ltr'>Πατρός,</span> <span class='ocrx_word' id='word_1_594' title='bbox 3615 1182 3801 1244; x_wconf 67' lang='grc' dir='ltr'>καθὼς</span> 
     </span>
    </p>
   </div>
   <div class='ocr_carea' id='block_1_76' title="bbox 2137 1268 3802 1352">
    <p class='ocr_par' dir='ltr' id='par_1_76' title="bbox 2137 1268 3802 1352">
     <span class='ocr_line' id='line_1_76' title="bbox 2137 1268 3802 1352; baseline -0.006 -18"><span class='ocrx_word' id='word_1_595' title='bbox 2137 1281 2286 1352; x_wconf 80' lang='grc' dir='ltr'>αὐτῷ</span> <span class='ocrx_word' id='word_1_596' title='bbox 2334 1281 2603 1351; x_wconf 88' lang='grc' dir='ltr'>μαρτυρεῖ</span> <span class='ocrx_word' id='word_1_597' title='bbox 2633 1281 2662 1332; x_wconf 93' lang='lat'>0</span> <span class='ocrx_word' id='word_1_598' title='bbox 2704 1277 2984 1348; x_wconf 87' lang='grc' dir='ltr'>Δεσπότης</span> <span class='ocrx_word' id='word_1_599' title='bbox 3021 1277 3196 1345; x_wconf 87' lang='grc' dir='ltr'>λέγων</span> <span class='ocrx_word' id='word_1_600' title='bbox 3221 1289 3235 1306; x_wconf 74' lang='grc' dir='ltr'><strong>ο</strong></span> <span class='ocrx_word' id='word_1_601' title='bbox 3268 1274 3569 1344; x_wconf 82' lang='grc' dir='ltr'>Μακάριος</span> <span class='ocrx_word' id='word_1_602' title='bbox 3595 1268 3671 1339; x_wconf 79' lang='grc' dir='ltr'>εἴ,</span> <span class='ocrx_word' id='word_1_603' title='bbox 3704 1270 3776 1326; x_wconf 83' lang='grc' dir='ltr'>Σί</span> <span class='ocrx_word' id='word_1_604' title='bbox 3795 1305 3802 1310; x_wconf 94' lang='grc'><strong>-</strong></span> 
     </span>
    </p>
   </div>
   <div class='ocr_carea' id='block_1_77' title="bbox 2131 1360 3802 1440">
    <p class='ocr_par' dir='ltr' id='par_1_77' title="bbox 2131 1360 3802 1440">
     <span class='ocr_line' id='line_1_77' title="bbox 2131 1360 3802 1440; baseline -0.006 -17"><span class='ocrx_word' id='word_1_605' title='bbox 2131 1388 2265 1440; x_wconf 78' lang='grc' dir='ltr'>μων</span> <span class='ocrx_word' id='word_1_606' title='bbox 2295 1368 2580 1438; x_wconf 74' lang='grc' dir='ltr'>Βαριωνᾶ,</span> <span class='ocrx_word' id='word_1_607' title='bbox 2601 1369 2690 1422; x_wconf 85' lang='grc' dir='ltr'>ὅτι</span> <span class='ocrx_word' id='word_1_608' title='bbox 2704 1368 2862 1438; x_wconf 83' lang='grc' dir='ltr'>σὰρξ</span> <span class='ocrx_word' id='word_1_609' title='bbox 2878 1367 2974 1420; x_wconf 74' lang='grc' dir='ltr'>καὶ</span> <span class='ocrx_word' id='word_1_610' title='bbox 2994 1361 3140 1436; x_wconf 79' lang='grc' dir='ltr'>αἷμα</span> <span class='ocrx_word' id='word_1_611' title='bbox 3169 1366 3280 1419; x_wconf 84' lang='grc' dir='ltr'>οὐκ</span> <span class='ocrx_word' id='word_1_612' title='bbox 3295 1360 3654 1430; x_wconf 73' lang='grc' dir='ltr'>ἀπεκάλυψέ</span> <span class='ocrx_word' id='word_1_613' title='bbox 3677 1372 3802 1422; x_wconf 75' lang='grc' dir='ltr'>σοι.</span> 
     </span>
    </p>
   </div>
   <div class='ocr_carea' id='block_1_78' title="bbox 2137 1445 3804 1526">
    <p class='ocr_par' dir='ltr' id='par_1_78' title="bbox 2137 1445 3804 1526">
     <span class='ocr_line' id='line_1_78' title="bbox 2137 1445 3804 1526; baseline -0.007 -15"><span class='ocrx_word' id='word_1_614' title='bbox 2137 1457 2278 1511; x_wconf 76' lang='grc' dir='ltr'>ἀλλ’</span> <span class='ocrx_word' id='word_1_615' title='bbox 2311 1461 2344 1512; x_wconf 85' lang='lat' dir='ltr'>d</span> <span class='ocrx_word' id='word_1_616' title='bbox 2373 1456 2573 1526; x_wconf 80' lang='grc' dir='ltr'>Πατήρ</span> <span class='ocrx_word' id='word_1_617' title='bbox 2605 1475 2726 1526; x_wconf 83' lang='grc' dir='ltr'>μου</span> <span class='ocrx_word' id='word_1_618' title='bbox 2757 1459 2790 1510; x_wconf 86' lang='grc' dir='ltr'>ό</span> <span class='ocrx_word' id='word_1_619' title='bbox 2829 1453 3137 1522; x_wconf 76' lang='grc' dir='ltr'>οὐράνιος-ο</span> <span class='ocrx_word' id='word_1_620' title='bbox 3172 1445 3330 1515; x_wconf 75' lang='grc' dir='ltr'>οὗτος</span> <span class='ocrx_word' id='word_1_621' title='bbox 3358 1454 3387 1503; x_wconf 92' lang='lat'>0</span> <span class='ocrx_word' id='word_1_622' title='bbox 3413 1451 3652 1522; x_wconf 84' lang='grc' dir='ltr'>Πέτρος·</span> <span class='ocrx_word' id='word_1_623' title='bbox 3694 1449 3804 1501; x_wconf 87' lang='grc' dir='ltr'>Πε-</span> 
     </span>
    </p>
   </div>
   <div class='ocr_carea' id='block_1_79' title="bbox 2137 1535 3808 1616">
    <p class='ocr_par' dir='ltr' id='par_1_79' title="bbox 2137 1535 3808 1616">
     <span class='ocr_line' id='line_1_79' title="bbox 2137 1535 3808 1616; baseline -0.007 -18"><span class='ocrx_word' id='word_1_624' title='bbox 2137 1561 2266 1616; x_wconf 91' lang='grc' dir='ltr'>τρον</span> <span class='ocrx_word' id='word_1_625' title='bbox 2290 1545 2346 1597; x_wconf 89' lang='grc' dir='ltr'>δὲ</span> <span class='ocrx_word' id='word_1_626' title='bbox 2383 1545 2510 1597; x_wconf 88' lang='grc' dir='ltr'>ὅταν</span> <span class='ocrx_word' id='word_1_627' title='bbox 2546 1543 2706 1610; x_wconf 86' lang='grc' dir='ltr'>είπω,</span> <span class='ocrx_word' id='word_1_628' title='bbox 2741 1543 2840 1615; x_wconf 81' lang='grc' dir='ltr'>τὴν</span> <span class='ocrx_word' id='word_1_629' title='bbox 2868 1543 3076 1614; x_wconf 90' lang='grc' dir='ltr'>πέτραν</span> <span class='ocrx_word' id='word_1_630' title='bbox 3117 1541 3264 1610; x_wconf 88' lang='grc' dir='ltr'>λέγω</span> <span class='ocrx_word' id='word_1_631' title='bbox 3294 1541 3393 1611; x_wconf 82' lang='grc' dir='ltr'>τὴν</span> <span class='ocrx_word' id='word_1_632' title='bbox 3423 1537 3668 1610; x_wconf 79' lang='grc' dir='ltr'>ἀρραγῆ,</span> <span class='ocrx_word' id='word_1_633' title='bbox 3704 1535 3808 1605; x_wconf 75' lang='grc' dir='ltr'>τὴν</span> 
     </span>
    </p>
   </div>
   <div class='ocr_carea' id='block_1_80' title="bbox 2137 1623 3808 1703">
    <p class='ocr_par' dir='ltr' id='par_1_80' title="bbox 2137 1623 3808 1703">
     <span class='ocr_line' id='line_1_80' title="bbox 2137 1623 3808 1703; baseline -0.005 -20"><span class='ocrx_word' id='word_1_634' title='bbox 2137 1631 2376 1702; x_wconf 85' lang='grc' dir='ltr'>κρηπῖδα</span> <span class='ocrx_word' id='word_1_635' title='bbox 2403 1632 2505 1703; x_wconf 80' lang='grc' dir='ltr'>τὴν</span> <span class='ocrx_word' id='word_1_636' title='bbox 2543 1633 2860 1695; x_wconf 88' lang='grc' dir='ltr'>ἀσάλευτον,</span> <span class='ocrx_word' id='word_1_637' title='bbox 2893 1631 2986 1684; x_wconf 83' lang='grc' dir='ltr'>τὸν</span> <span class='ocrx_word' id='word_1_638' title='bbox 3020 1628 3318 1684; x_wconf 84' lang='grc' dir='ltr'>ἀπόστολον</span> <span class='ocrx_word' id='word_1_639' title='bbox 3345 1627 3435 1680; x_wconf 78' lang='grc' dir='ltr'>τὸν</span> <span class='ocrx_word' id='word_1_640' title='bbox 3471 1625 3669 1696; x_wconf 84' lang='grc' dir='ltr'>μέγαν,</span> <span class='ocrx_word' id='word_1_641' title='bbox 3714 1623 3808 1676; x_wconf 78' lang='grc' dir='ltr'>τὸν</span> 
     </span>
    </p>
   </div>
   <div class='ocr_carea' id='block_1_81' title="bbox 2139 1713 3811 1791">
    <p class='ocr_par' dir='ltr' id='par_1_81' title="bbox 2139 1713 3811 1791">
     <span class='ocr_line' id='line_1_81' title="bbox 2139 1713 3811 1791; baseline -0.008 -16"><span class='ocrx_word' id='word_1_642' title='bbox 2139 1719 2356 1790; x_wconf 87' lang='grc' dir='ltr'>πρῶτον</span> <span class='ocrx_word' id='word_1_643' title='bbox 2381 1718 2491 1772; x_wconf 90' lang='grc' dir='ltr'>τῶν</span> <span class='ocrx_word' id='word_1_644' title='bbox 2529 1720 2808 1791; x_wconf 88' lang='grc' dir='ltr'>μαθητῶν,</span> <span class='ocrx_word' id='word_1_645' title='bbox 2844 1719 2936 1772; x_wconf 84' lang='grc' dir='ltr'>τὸν</span> <span class='ocrx_word' id='word_1_646' title='bbox 2971 1717 3186 1790; x_wconf 89' lang='grc' dir='ltr'>πρῶτον</span> <span class='ocrx_word' id='word_1_647' title='bbox 3220 1716 3509 1787; x_wconf 83' lang='grc' dir='ltr'>κληθέντα,</span> <span class='ocrx_word' id='word_1_648' title='bbox 3537 1713 3633 1766; x_wconf 78' lang='grc' dir='ltr'>καὶ</span> <span class='ocrx_word' id='word_1_649' title='bbox 3652 1713 3811 1783; x_wconf 80' lang='grc' dir='ltr'>πρῶ-</span> 
     </span>
    </p>
   </div>
   <div class='ocr_carea' id='block_1_82' title="bbox 2137 1804 3809 1880">
    <p class='ocr_par' dir='ltr' id='par_1_82' title="bbox 2137 1804 3809 1880">
     <span class='ocr_line' id='line_1_82' title="bbox 2137 1804 3809 1880; baseline -0.005 -19"><span class='ocrx_word' id='word_1_650' title='bbox 2137 1825 2230 1861; x_wconf 91' lang='grc' dir='ltr'>τον</span> <span class='ocrx_word' id='word_1_651' title='bbox 2253 1809 2645 1864; x_wconf 80' lang='grc' dir='ltr'>ὑπακούσαντα</span> <span class='ocrx_word' id='word_1_652' title='bbox 2661 1830 2672 1841; x_wconf 91' lang='grc'><strong>·</strong></span> <span class='ocrx_word' id='word_1_653' title='bbox 2695 1811 2902 1873; x_wconf 87' lang='grc' dir='ltr'>ἐκεῖνος</span> <span class='ocrx_word' id='word_1_654' title='bbox 2927 1810 2988 1862; x_wconf 82' lang='grc' dir='ltr'>οὐ</span> <span class='ocrx_word' id='word_1_655' title='bbox 3017 1808 3210 1880; x_wconf 90' lang='grc' dir='ltr'>μικρόν</span> <span class='ocrx_word' id='word_1_656' title='bbox 3233 1824 3287 1860; x_wconf 88' lang='grc' dir='ltr'>τι</span> <span class='ocrx_word' id='word_1_657' title='bbox 3312 1808 3545 1877; x_wconf 82' lang='grc' dir='ltr'>πρᾶγμα</span> <span class='ocrx_word' id='word_1_658' title='bbox 3559 1804 3809 1876; x_wconf 71' lang='grc' dir='ltr'>ἔδρασεν,</span> 
     </span>
    </p>
   </div>
   <div class='ocr_carea' id='block_1_83' title="bbox 2140 1891 3815 1968">
    <p class='ocr_par' dir='ltr' id='par_1_83' title="bbox 2140 1891 3815 1968">
     <span class='ocr_line' id='line_1_83' title="bbox 2140 1891 3815 1968; baseline -0.004 -20"><span class='ocrx_word' id='word_1_659' title='bbox 2140 1895 2277 1949; x_wconf 90' lang='grc' dir='ltr'>ἀλλά</span> <span class='ocrx_word' id='word_1_660' title='bbox 2298 1896 2393 1950; x_wconf 79' lang='grc' dir='ltr'>καὶ</span> <span class='ocrx_word' id='word_1_661' title='bbox 2422 1896 2628 1968; x_wconf 88' lang='grc' dir='ltr'>σφόδρα</span> <span class='ocrx_word' id='word_1_662' title='bbox 2661 1896 2826 1968; x_wconf 86' lang='grc' dir='ltr'>μέγα,</span> <span class='ocrx_word' id='word_1_663' title='bbox 2856 1896 2931 1959; x_wconf 84' lang='grc' dir='ltr'>ὡς</span> <span class='ocrx_word' id='word_1_664' title='bbox 2947 1895 3110 1948; x_wconf 80' lang='grc' dir='ltr'>αὑτὸν</span> <span class='ocrx_word' id='word_1_665' title='bbox 3131 1894 3474 1966; x_wconf 85' lang='grc' dir='ltr'>ἀρνήσασθαι</span> <span class='ocrx_word' id='word_1_666' title='bbox 3495 1893 3586 1944; x_wconf 85' lang='grc' dir='ltr'>τὸν</span> <span class='ocrx_word' id='word_1_667' title='bbox 3614 1891 3815 1943; x_wconf 83' lang='grc' dir='ltr'>Δεσπό-</span> 
     </span>
    </p>
   </div>
   <div class='ocr_carea' id='block_1_84' title="bbox 2138 1969 3813 2056">
    <p class='ocr_par' dir='ltr' id='par_1_84' title="bbox 2138 1969 3813 2056">
     <span class='ocr_line' id='line_1_84' title="bbox 2138 1969 3813 2056; baseline -0.003 -18"><span class='ocrx_word' id='word_1_668' title='bbox 2138 2001 2270 2055; x_wconf 79' lang='grc' dir='ltr'>την’</span> <span class='ocrx_word' id='word_1_669' title='bbox 2302 1984 2461 2038; x_wconf 89' lang='grc' dir='ltr'>τοῦτο</span> <span class='ocrx_word' id='word_1_670' title='bbox 2486 1985 2630 2053; x_wconf 88' lang='grc' dir='ltr'>λέγω</span> <span class='ocrx_word' id='word_1_671' title='bbox 2681 1986 2740 2038; x_wconf 82' lang='grc' dir='ltr'>οὐ</span> <span class='ocrx_word' id='word_1_672' title='bbox 2793 1983 3120 2056; x_wconf 88' lang='grc' dir='ltr'>κατηγορῶν</span> <span class='ocrx_word' id='word_1_673' title='bbox 3148 1983 3244 2036; x_wconf 91' lang='grc' dir='ltr'>τοῦ</span> <span class='ocrx_word' id='word_1_674' title='bbox 3290 1983 3522 2046; x_wconf 85' lang='grc' dir='ltr'>δικαίου,</span> <span class='ocrx_word' id='word_1_675' title='bbox 3558 1969 3696 2034; x_wconf 71' lang='grc' dir='ltr'>ἀλλά</span> <span class='ocrx_word' id='word_1_676' title='bbox 3727 1980 3813 2033; x_wconf 73' lang='grc' dir='ltr'>σοὶ</span> 
     </span>
    </p>
   </div>
   <div class='ocr_carea' id='block_1_85' title="bbox 2142 2071 3812 2145">
    <p class='ocr_par' dir='ltr' id='par_1_85' title="bbox 2142 2071 3812 2145">
     <span class='ocr_line' id='line_1_85' title="bbox 2142 2071 3812 2145; baseline -0.004 -18"><span class='ocrx_word' id='word_1_677' title='bbox 2142 2074 2397 2128; x_wconf 83' lang='grc' dir='ltr'>ὑπόθεσιν</span> <span class='ocrx_word' id='word_1_678' title='bbox 2427 2075 2602 2140; x_wconf 79' lang='grc' dir='ltr'>διδοὺς</span> <span class='ocrx_word' id='word_1_679' title='bbox 2622 2074 2723 2145; x_wconf 79' lang='grc' dir='ltr'>τῆς</span> <span class='ocrx_word' id='word_1_680' title='bbox 2753 2073 3061 2144; x_wconf 87' lang='grc' dir='ltr'>μετανοίας,</span> <span class='ocrx_word' id='word_1_681' title='bbox 3093 2073 3256 2126; x_wconf 75' lang='grc' dir='ltr'>αὑτὸν</span> <span class='ocrx_word' id='word_1_682' title='bbox 3284 2072 3375 2124; x_wconf 83' lang='grc' dir='ltr'>τὸν</span> <span class='ocrx_word' id='word_1_683' title='bbox 3409 2071 3683 2139; x_wconf 82' lang='grc' dir='ltr'>Δεσπότην</span> <span class='ocrx_word' id='word_1_684' title='bbox 3713 2071 3812 2137; x_wconf 74' lang='grc' dir='ltr'>τῆς</span> 
     </span>
    </p>
   </div>
   <div class='ocr_carea' id='block_1_86' title="bbox 2140 2156 3816 2232">
    <p class='ocr_par' dir='ltr' id='par_1_86' title="bbox 2140 2156 3816 2232">
     <span class='ocr_line' id='line_1_86' title="bbox 2140 2156 3816 2232; baseline -0.003 -19"><span class='ocrx_word' id='word_1_685' title='bbox 2140 2161 2488 2232; x_wconf 88' lang='grc' dir='ltr'>οἰκουμένης,</span> <span class='ocrx_word' id='word_1_686' title='bbox 2524 2161 2616 2214; x_wconf 83' lang='grc' dir='ltr'>τὸν</span> <span class='ocrx_word' id='word_1_687' title='bbox 2665 2161 2962 2232; x_wconf 87' lang='grc' dir='ltr'>κηδεμόνα,</span> <span class='ocrx_word' id='word_1_688' title='bbox 3009 2159 3101 2214; x_wconf 82' lang='grc' dir='ltr'>τὸν</span> <span class='ocrx_word' id='word_1_689' title='bbox 3147 2158 3380 2229; x_wconf 80' lang='grc' dir='ltr'>Σωτῆρα</span> <span class='ocrx_word' id='word_1_690' title='bbox 3419 2158 3526 2210; x_wconf 88' lang='grc' dir='ltr'>τῶν</span> <span class='ocrx_word' id='word_1_691' title='bbox 3556 2156 3816 2210; x_wconf 84' lang='grc' dir='ltr'>ἁπάντων</span> 
     </span>
    </p>
   </div>
   <div class='ocr_carea' id='block_1_87' title="bbox 2142 2245 3812 2320">
    <p class='ocr_par' dir='ltr' id='par_1_87' title="bbox 2142 2245 3812 2320">
     <span class='ocr_line' id='line_1_87' title="bbox 2142 2245 3812 2320; baseline -0.004 -18"><span class='ocrx_word' id='word_1_692' title='bbox 2142 2249 2438 2320; x_wconf 74' lang='grc' dir='ltr'>ἠρνήσατο.</span> <span class='ocrx_word' id='word_1_693' title='bbox 2474 2251 2592 2303; x_wconf 81' lang='grc' dir='ltr'>Ἵνα</span> <span class='ocrx_word' id='word_1_694' title='bbox 2617 2249 2676 2302; x_wconf 83' lang='grc' dir='ltr'>δὲ</span> <span class='ocrx_word' id='word_1_695' title='bbox 2705 2249 2912 2304; x_wconf 80' lang='grc' dir='ltr'>ἄνωθεν</span> <span class='ocrx_word' id='word_1_696' title='bbox 2945 2247 3045 2319; x_wconf 79' lang='grc' dir='ltr'>τὴν</span> <span class='ocrx_word' id='word_1_697' title='bbox 3081 2247 3339 2301; x_wconf 85' lang='grc' dir='ltr'>ὑπόθεσιν</span> <span class='ocrx_word' id='word_1_698' title='bbox 3367 2245 3634 2316; x_wconf 75' lang='grc' dir='ltr'>εἴπωμεν,</span> <span class='ocrx_word' id='word_1_699' title='bbox 3659 2247 3718 2298; x_wconf 83' lang='grc' dir='ltr'>ἐν</span> <span class='ocrx_word' id='word_1_700' title='bbox 3745 2247 3812 2315; x_wconf 82' lang='grc' dir='ltr'>τῇ</span> 
     </span>
    </p>
   </div>
   <div class='ocr_carea' id='block_1_88' title="bbox 2142 2333 3818 2408">
    <p class='ocr_par' dir='ltr' id='par_1_88' title="bbox 2142 2333 3818 2408">
     <span class='ocr_line' id='line_1_88' title="bbox 2142 2333 3818 2408; baseline -0.002 -19"><span class='ocrx_word' id='word_1_701' title='bbox 2142 2337 2440 2408; x_wconf 88' lang='grc' dir='ltr'>παραδόσει</span> <span class='ocrx_word' id='word_1_702' title='bbox 2490 2333 2630 2391; x_wconf 81' lang='grc' dir='ltr'>εἶδεν</span> <span class='ocrx_word' id='word_1_703' title='bbox 2675 2341 2704 2391; x_wconf 90' lang='lat'>0</span> <span class='ocrx_word' id='word_1_704' title='bbox 2750 2339 2942 2408; x_wconf 87' lang='grc' dir='ltr'>Σωτήρ</span> <span class='ocrx_word' id='word_1_705' title='bbox 2981 2354 3135 2399; x_wconf 89' lang='grc' dir='ltr'>τινας</span> <span class='ocrx_word' id='word_1_706' title='bbox 3179 2335 3669 2406; x_wconf 83' lang='grc' dir='ltr'>ἀναχωρήσαντας,</span> <span class='ocrx_word' id='word_1_707' title='bbox 3721 2337 3818 2386; x_wconf 79' lang='grc' dir='ltr'>καὶ</span> 
     </span>
    </p>
   </div>
   <div class='ocr_carea' id='block_1_89' title="bbox 2141 2424 3817 2498">
    <p class='ocr_par' dir='ltr' id='par_1_89' title="bbox 2141 2424 3817 2498">
     <span class='ocr_line' id='line_1_89' title="bbox 2141 2424 3817 2498; baseline 0 -20"><span class='ocrx_word' id='word_1_708' title='bbox 2141 2425 2290 2495; x_wconf 88' lang='grc' dir='ltr'>λέγει</span> <span class='ocrx_word' id='word_1_709' title='bbox 2321 2427 2400 2498; x_wconf 83' lang='grc' dir='ltr'>τῷ</span> <span class='ocrx_word' id='word_1_710' title='bbox 2432 2427 2654 2498; x_wconf 77' lang='grc' dir='ltr'>Πέτρῳο</span> <span class='ocrx_word' id='word_1_711' title='bbox 2692 2427 2789 2495; x_wconf 81' lang='grc' dir='ltr'>Μὴ</span> <span class='ocrx_word' id='word_1_712' title='bbox 2815 2429 2911 2481; x_wconf 80' lang='grc' dir='ltr'>καὶ</span> <span class='ocrx_word' id='word_1_713' title='bbox 2943 2427 3025 2482; x_wconf 88' lang='grc' dir='ltr'>σὺ</span> <span class='ocrx_word' id='word_1_714' title='bbox 3059 2424 3446 2496; x_wconf 81' lang='grc' dir='ltr'>ἀναχωρῆσαι</span> <span class='ocrx_word' id='word_1_715' title='bbox 3473 2428 3713 2491; x_wconf 82' lang='grc' dir='ltr'>θέλεις;</span> <span class='ocrx_word' id='word_1_716' title='bbox 3754 2427 3817 2478; x_wconf 90' lang='lat'><strong>&#39;0</strong></span> 
     </span>
    </p>
   </div>
   <div class='ocr_carea' id='block_1_90' title="bbox 2141 2512 3820 2588">
    <p class='ocr_par' dir='ltr' id='par_1_90' title="bbox 2141 2512 3820 2588">
     <span class='ocr_line' id='line_1_90' title="bbox 2141 2512 3820 2588; baseline 0 -20"><span class='ocrx_word' id='word_1_717' title='bbox 2141 2514 2210 2568; x_wconf 84' lang='grc' dir='ltr'>δὲ</span> <span class='ocrx_word' id='word_1_718' title='bbox 2240 2515 2466 2584; x_wconf 82' lang='grc' dir='ltr'>Πέτρος</span> <span class='ocrx_word' id='word_1_719' title='bbox 2491 2512 2646 2581; x_wconf 76' lang='grc' dir='ltr'>εἶπε,</span> <span class='ocrx_word' id='word_1_720' title='bbox 2679 2517 2806 2573; x_wconf 78' lang='grc' dir='ltr'>Κᾶν</span> <span class='ocrx_word' id='word_1_721' title='bbox 2834 2516 2939 2587; x_wconf 78' lang='grc' dir='ltr'>δέῃ</span> <span class='ocrx_word' id='word_1_722' title='bbox 2976 2535 3055 2588; x_wconf 83' lang='grc' dir='ltr'>με</span> <span class='ocrx_word' id='word_1_723' title='bbox 3084 2517 3208 2573; x_wconf 86' lang='grc' dir='ltr'>σὺν</span> <span class='ocrx_word' id='word_1_724' title='bbox 3235 2517 3334 2572; x_wconf 77' lang='grc' dir='ltr'>σοὶ</span> <span class='ocrx_word' id='word_1_725' title='bbox 3363 2517 3712 2580; x_wconf 73' lang='grc' dir='ltr'>ἀποθανεῖν,</span> <span class='ocrx_word' id='word_1_726' title='bbox 3744 2519 3820 2571; x_wconf 81' lang='grc' dir='ltr'>οὐ</span> 
     </span>
    </p>
   </div>
   <div class='ocr_carea' id='block_1_91' title="bbox 2137 2602 3823 2679">
    <p class='ocr_par' dir='ltr' id='par_1_91' title="bbox 2137 2602 3823 2679">
     <span class='ocr_line' id='line_1_91' title="bbox 2137 2602 3823 2679; baseline 0.004 -25"><span class='ocrx_word' id='word_1_727' title='bbox 2137 2602 2224 2672; x_wconf 79' lang='grc' dir='ltr'>μή</span> <span class='ocrx_word' id='word_1_728' title='bbox 2261 2619 2336 2658; x_wconf 82' lang='grc' dir='ltr'>σε</span> <span class='ocrx_word' id='word_1_729' title='bbox 2367 2605 2814 2676; x_wconf 79' lang='grc' dir='ltr'>ἀπαρνήσομαι.</span> <span class='ocrx_word' id='word_1_730' title='bbox 2849 2607 2914 2659; x_wconf 86' lang='grc' dir='ltr'>Τί</span> <span class='ocrx_word' id='word_1_731' title='bbox 2938 2606 3138 2674; x_wconf 88' lang='grc' dir='ltr'>λέγεις,</span> <span class='ocrx_word' id='word_1_732' title='bbox 3161 2607 3332 2679; x_wconf 87' lang='grc' dir='ltr'>Πέτρε</span> <span class='ocrx_word' id='word_1_733' title='bbox 3357 2624 3370 2671; x_wconf 91' lang='grc'><strong>;</strong></span> <span class='ocrx_word' id='word_1_734' title='bbox 3398 2607 3530 2669; x_wconf 83' lang='grc' dir='ltr'>Θεὸς</span> <span class='ocrx_word' id='word_1_735' title='bbox 3552 2609 3580 2660; x_wconf 89' lang='lat'>0</span> <span class='ocrx_word' id='word_1_736' title='bbox 3603 2609 3823 2675; x_wconf 73' lang='grc' dir='ltr'>ἀποφη-</span> 
     </span>
    </p>
   </div>
   <div class='ocr_carea' id='block_1_92' title="bbox 2142 2690 3814 2766">
    <p class='ocr_par' dir='ltr' id='par_1_92' title="bbox 2142 2690 3814 2766">
     <span class='ocr_line' id='line_1_92' title="bbox 2142 2690 3814 2766; baseline 0.003 -23"><span class='ocrx_word' id='word_1_737' title='bbox 2142 2690 2398 2761; x_wconf 88' lang='grc' dir='ltr'>νάμενος,</span> <span class='ocrx_word' id='word_1_738' title='bbox 2437 2692 2534 2747; x_wconf 76' lang='grc' dir='ltr'>καὶ</span> <span class='ocrx_word' id='word_1_739' title='bbox 2566 2693 2878 2765; x_wconf 87' lang='grc' dir='ltr'>ἁντιμάχῃ;</span> <span class='ocrx_word' id='word_1_740' title='bbox 2929 2693 3071 2746; x_wconf 81' lang='grc' dir='ltr'>Ἀλλ’</span> <span class='ocrx_word' id='word_1_741' title='bbox 3117 2694 3268 2763; x_wconf 85' lang='grc' dir='ltr'>ὅμως</span> <span class='ocrx_word' id='word_1_742' title='bbox 3311 2696 3344 2764; x_wconf 90' lang='grc' dir='ltr'>ή</span> <span class='ocrx_word' id='word_1_743' title='bbox 3398 2695 3726 2766; x_wconf 75' lang='grc' dir='ltr'>προαίρεσις</span> <span class='ocrx_word' id='word_1_744' title='bbox 3753 2697 3814 2751; x_wconf 78' lang='grc' dir='ltr'>τὸ</span> 
     </span>
    </p>
   </div>
   <div class='ocr_carea' id='block_1_93' title="bbox 2145 2778 3823 2852">
    <p class='ocr_par' dir='ltr' id='par_1_93' title="bbox 2145 2778 3823 2852">
     <span class='ocr_line' id='line_1_93' title="bbox 2145 2778 3823 2852; baseline 0.001 -20"><span class='ocrx_word' id='word_1_745' title='bbox 2145 2778 2276 2833; x_wconf 87' lang='grc' dir='ltr'>ῐδιον</span> <span class='ocrx_word' id='word_1_746' title='bbox 2306 2778 2499 2844; x_wconf 79' lang='grc' dir='ltr'>ἔδειξε,</span> <span class='ocrx_word' id='word_1_747' title='bbox 2526 2781 2628 2852; x_wconf 85' lang='grc' dir='ltr'>τῆς</span> <span class='ocrx_word' id='word_1_748' title='bbox 2659 2781 2717 2834; x_wconf 88' lang='grc' dir='ltr'>δέ</span> <span class='ocrx_word' id='word_1_749' title='bbox 2736 2781 2954 2850; x_wconf 88' lang='grc' dir='ltr'>φύσεως</span> <span class='ocrx_word' id='word_1_750' title='bbox 2979 2783 3012 2852; x_wconf 83' lang='grc' dir='ltr'>ὴ</span> <span class='ocrx_word' id='word_1_751' title='bbox 3042 2781 3297 2835; x_wconf 86' lang='grc' dir='ltr'>ἀσθένεια</span> <span class='ocrx_word' id='word_1_752' title='bbox 3313 2781 3600 2852; x_wconf 80' lang='grc' dir='ltr'>ἠλέγχετο.</span> <span class='ocrx_word' id='word_1_753' title='bbox 3627 2781 3823 2834; x_wconf 87' lang='grc' dir='ltr'>Ταῦτα</span> 
     </span>
    </p>
   </div>
   <div class='ocr_carea' id='block_1_94' title="bbox 2142 2863 3820 2941">
    <p class='ocr_par' dir='ltr' id='par_1_94' title="bbox 2142 2863 3820 2941">
     <span class='ocr_line' id='line_1_94' title="bbox 2142 2863 3820 2941; baseline 0.001 -23"><span class='ocrx_word' id='word_1_754' title='bbox 2142 2865 2201 2918; x_wconf 87' lang='grc' dir='ltr'>δὲ</span> <span class='ocrx_word' id='word_1_755' title='bbox 2239 2865 2403 2931; x_wconf 87' lang='grc' dir='ltr'>πότε;</span> <span class='ocrx_word' id='word_1_756' title='bbox 2453 2867 2542 2920; x_wconf 87' lang='grc' dir='ltr'>Ἐν</span> <span class='ocrx_word' id='word_1_757' title='bbox 2591 2868 2770 2932; x_wconf 69' lang='grc' dir='ltr'>νυκτὶ,</span> <span class='ocrx_word' id='word_1_758' title='bbox 2811 2870 2872 2923; x_wconf 86' lang='grc' dir='ltr'>ἐν</span> <span class='ocrx_word' id='word_1_759' title='bbox 2987 2868 3258 2941; x_wconf 87' lang='grc' dir='ltr'>παρεδόθη</span> <span class='ocrx_word' id='word_1_760' title='bbox 3305 2870 3334 2921; x_wconf 96' lang='lat'>0</span> <span class='ocrx_word' id='word_1_761' title='bbox 3372 2869 3646 2940; x_wconf 83' lang='grc' dir='ltr'>Χριστός·</span> <span class='ocrx_word' id='word_1_762' title='bbox 3697 2869 3820 2921; x_wconf 80' lang='grc' dir='ltr'>τότε</span> 
     </span>
    </p>
   </div>
   <div class='ocr_carea' id='block_1_95' title="bbox 2143 2949 3823 3029">
    <p class='ocr_par' dir='ltr' id='par_1_95' title="bbox 2143 2949 3823 3029">
     <span class='ocr_line' id='line_1_95' title="bbox 2143 2949 3823 3029; baseline 0.001 -23"><span class='ocrx_word' id='word_1_763' title='bbox 2143 2949 2258 3018; x_wconf 81' lang='grc' dir='ltr'>οὖν,</span> <span class='ocrx_word' id='word_1_764' title='bbox 2305 2955 2506 3026; x_wconf 75' lang='grc' dir='ltr'>φησὶν,</span> <span class='ocrx_word' id='word_1_765' title='bbox 2558 2956 2802 3028; x_wconf 80' lang='grc' dir='ltr'>εἱστήκει</span> <span class='ocrx_word' id='word_1_766' title='bbox 2836 2958 2864 3009; x_wconf 94' lang='lat'>0</span> <span class='ocrx_word' id='word_1_767' title='bbox 2913 2956 3119 3028; x_wconf 89' lang='grc' dir='ltr'>Πέτρος</span> <span class='ocrx_word' id='word_1_768' title='bbox 3165 2955 3314 3029; x_wconf 90' lang='grc' dir='ltr'>παρά</span> <span class='ocrx_word' id='word_1_769' title='bbox 3362 2957 3460 3027; x_wconf 78' lang='grc' dir='ltr'>τὴν</span> <span class='ocrx_word' id='word_1_770' title='bbox 3515 2956 3823 3028; x_wconf 81' lang='grc' dir='ltr'>ἀνθρακιὰν</span> 
     </span>
    </p>
   </div>
   <div class='ocr_carea' id='block_1_96' title="bbox 2145 3039 3818 3114">
    <p class='ocr_par' dir='ltr' id='par_1_96' title="bbox 2145 3039 3818 3114">
     <span class='ocr_line' id='line_1_96' title="bbox 2145 3039 3818 3114; baseline -0.002 -16"><span class='ocrx_word' id='word_1_771' title='bbox 2145 3039 2594 3112; x_wconf 86' lang='grc' dir='ltr'>θερμαινόμενος,</span> <span class='ocrx_word' id='word_1_772' title='bbox 2621 3043 2716 3096; x_wconf 75' lang='grc' dir='ltr'>καὶ</span> <span class='ocrx_word' id='word_1_773' title='bbox 2743 3044 2880 3114; x_wconf 90' lang='grc' dir='ltr'>κόρη</span> <span class='ocrx_word' id='word_1_774' title='bbox 2901 3060 2985 3106; x_wconf 90' lang='grc' dir='ltr'>τις</span> <span class='ocrx_word' id='word_1_775' title='bbox 3011 3043 3308 3114; x_wconf 83' lang='grc' dir='ltr'>προσῆλθε,</span> <span class='ocrx_word' id='word_1_776' title='bbox 3336 3045 3430 3097; x_wconf 79' lang='grc' dir='ltr'>καὶ</span> <span class='ocrx_word' id='word_1_777' title='bbox 3447 3043 3600 3110; x_wconf 89' lang='grc' dir='ltr'>λέγει</span> <span class='ocrx_word' id='word_1_778' title='bbox 3637 3043 3818 3112; x_wconf 72' lang='grc' dir='ltr'>αὐτῷ’</span> 
     </span>
    </p>
   </div>
   <div class='ocr_carea' id='block_1_97' title="bbox 2144 3125 3818 3200">
    <p class='ocr_par' dir='ltr' id='par_1_97' title="bbox 2144 3125 3818 3200">
     <span class='ocr_line' id='line_1_97' title="bbox 2144 3125 3818 3200; baseline 0.001 -18"><span class='ocrx_word' id='word_1_779' title='bbox 2144 3129 2296 3196; x_wconf 83' lang='grc' dir='ltr'>Χθὲς</span> <span class='ocrx_word' id='word_1_780' title='bbox 2333 3129 2434 3183; x_wconf 80' lang='grc' dir='ltr'>καί</span> <span class='ocrx_word' id='word_1_781' title='bbox 2464 3129 2546 3184; x_wconf 88' lang='grc' dir='ltr'>σὺ</span> <span class='ocrx_word' id='word_1_782' title='bbox 2565 3132 2720 3200; x_wconf 82' lang='grc' dir='ltr'>μετὰ</span> <span class='ocrx_word' id='word_1_783' title='bbox 2757 3132 2980 3185; x_wconf 84' lang='grc' dir='ltr'>τούτου</span> <span class='ocrx_word' id='word_1_784' title='bbox 3009 3131 3118 3185; x_wconf 88' lang='grc' dir='ltr'>τοῦ</span> <span class='ocrx_word' id='word_1_785' title='bbox 3141 3129 3458 3199; x_wconf 84' lang='grc' dir='ltr'>ἀνθρώπου</span> <span class='ocrx_word' id='word_1_786' title='bbox 3494 3125 3589 3199; x_wconf 85' lang='grc' dir='ltr'>ἦς.</span> <span class='ocrx_word' id='word_1_787' title='bbox 3635 3130 3692 3183; x_wconf 90' lang='lat'><strong>&#39;0</strong></span> <span class='ocrx_word' id='word_1_788' title='bbox 3731 3130 3818 3184; x_wconf 76' lang='grc' dir='ltr'>δέ’</span> 
     </span>
    </p>
   </div>
   <div class='ocr_carea' id='block_1_98' title="bbox 2141 3214 3824 3290">
    <p class='ocr_par' dir='ltr' id='par_1_98' title="bbox 2141 3214 3824 3290">
     <span class='ocr_line' id='line_1_98' title="bbox 2141 3214 3824 3290; baseline 0.002 -21"><span class='ocrx_word' id='word_1_789' title='bbox 2141 3219 2263 3271; x_wconf 80' lang='grc' dir='ltr'>Οὐκ</span> <span class='ocrx_word' id='word_1_790' title='bbox 2284 3214 2420 3272; x_wconf 78' lang='grc' dir='ltr'>οἴδα</span> <span class='ocrx_word' id='word_1_791' title='bbox 2447 3218 2556 3272; x_wconf 80' lang='grc' dir='ltr'>τὸν</span> <span class='ocrx_word' id='word_1_792' title='bbox 2573 3218 2887 3288; x_wconf 77' lang='grc' dir='ltr'>ἄνθρωπον</span> <span class='ocrx_word' id='word_1_793' title='bbox 2911 3219 3147 3274; x_wconf 78' lang='grc' dir='ltr'>τοῦτον.</span> <span class='ocrx_word' id='word_1_794' title='bbox 3173 3214 3308 3272; x_wconf 78' lang='grc' dir='ltr'>Εἶτα</span> <span class='ocrx_word' id='word_1_795' title='bbox 3329 3219 3420 3272; x_wconf 76' lang='grc' dir='ltr'>καὶ</span> <span class='ocrx_word' id='word_1_796' title='bbox 3441 3218 3698 3290; x_wconf 88' lang='grc' dir='ltr'>δεύτερον</span> <span class='ocrx_word' id='word_1_797' title='bbox 3727 3217 3824 3272; x_wconf 81' lang='grc' dir='ltr'>καὶ</span> 
     </span>
    </p>
   </div>
   <div class='ocr_carea' id='block_1_99' title="bbox 2145 3303 3823 3380">
    <p class='ocr_par' dir='ltr' id='par_1_99' title="bbox 2145 3303 3823 3380">
     <span class='ocr_line' id='line_1_99' title="bbox 2145 3303 3823 3380; baseline 0 -20"><span class='ocrx_word' id='word_1_798' title='bbox 2145 3307 2360 3378; x_wconf 88' lang='grc' dir='ltr'>τρίτον⁹</span> <span class='ocrx_word' id='word_1_799' title='bbox 2412 3307 2510 3361; x_wconf 67' lang='lat' dir='ltr'><strong>m1</strong></span> <span class='ocrx_word' id='word_1_800' title='bbox 2548 3306 2841 3380; x_wconf 86' lang='grc' dir='ltr'>ἐπληρώθη</span> <span class='ocrx_word' id='word_1_801' title='bbox 2875 3309 2908 3378; x_wconf 81' lang='grc' dir='ltr'>ἡ</span> <span class='ocrx_word' id='word_1_802' title='bbox 2936 3307 3232 3376; x_wconf 86' lang='grc' dir='ltr'>ἀπόφασις.</span> <span class='ocrx_word' id='word_1_803' title='bbox 3269 3305 3419 3378; x_wconf 85' lang='lat'><strong>[501]</strong></span> <span class='ocrx_word' id='word_1_804' title='bbox 3451 3303 3585 3360; x_wconf 77' lang='grc' dir='ltr'><strong>Εἶτα</strong></span> <span class='ocrx_word' id='word_1_805' title='bbox 3625 3307 3655 3358; x_wconf 95' lang='lat'>0</span> <span class='ocrx_word' id='word_1_806' title='bbox 3688 3308 3823 3376; x_wconf 83' lang='grc' dir='ltr'>Χρι-</span> 
     </span>
    </p>
   </div>
   <div class='ocr_carea' id='block_1_100' title="bbox 2149 3393 3822 3466">
    <p class='ocr_par' dir='ltr' id='par_1_100' title="bbox 2149 3393 3822 3466">
     <span class='ocr_line' id='line_1_100' title="bbox 2149 3393 3822 3466; baseline 0.001 -19"><span class='ocrx_word' id='word_1_807' title='bbox 2149 3394 2273 3458; x_wconf 87' lang='grc' dir='ltr'>στὸς</span> <span class='ocrx_word' id='word_1_808' title='bbox 2295 3393 2551 3465; x_wconf 80' lang='grc' dir='ltr'>ἐνέϐλεψε</span> <span class='ocrx_word' id='word_1_809' title='bbox 2564 3394 2642 3466; x_wconf 78' lang='grc' dir='ltr'>τῷ</span> <span class='ocrx_word' id='word_1_810' title='bbox 2654 3394 3056 3466; x_wconf 81' lang='grc' dir='ltr'>Πέτρῳ,φωνὴν</span> <span class='ocrx_word' id='word_1_811' title='bbox 3071 3395 3159 3448; x_wconf 82' lang='grc' dir='ltr'>διὰ</span> <span class='ocrx_word' id='word_1_812' title='bbox 3173 3395 3265 3447; x_wconf 87' lang='grc' dir='ltr'>τοῦ</span> <span class='ocrx_word' id='word_1_813' title='bbox 3287 3394 3598 3465; x_wconf 84' lang='grc' dir='ltr'>βλέμματος</span> <span class='ocrx_word' id='word_1_814' title='bbox 3615 3394 3822 3464; x_wconf 80' lang='grc' dir='ltr'>ἀφιείς·</span> 
     </span>
    </p>
   </div>
   <div class='ocr_carea' id='block_1_101' title="bbox 2145 3481 3826 3555">
    <p class='ocr_par' dir='ltr' id='par_1_101' title="bbox 2145 3481 3826 3555">
     <span class='ocr_line' id='line_1_101' title="bbox 2145 3481 3826 3555; baseline 0.002 -22"><span class='ocrx_word' id='word_1_815' title='bbox 2145 3483 2206 3534; x_wconf 85' lang='grc' dir='ltr'>οὑ</span> <span class='ocrx_word' id='word_1_816' title='bbox 2241 3482 2351 3554; x_wconf 86' lang='grc' dir='ltr'>γὰρ</span> <span class='ocrx_word' id='word_1_817' title='bbox 2394 3482 2484 3537; x_wconf 86' lang='grc' dir='ltr'>διὰ</span> <span class='ocrx_word' id='word_1_818' title='bbox 2517 3483 2784 3553; x_wconf 87' lang='grc' dir='ltr'>στόματος</span> <span class='ocrx_word' id='word_1_819' title='bbox 2833 3481 2984 3553; x_wconf 81' lang='grc' dir='ltr'>αύτῷ</span> <span class='ocrx_word' id='word_1_820' title='bbox 3038 3482 3322 3554; x_wconf 85' lang='grc' dir='ltr'>ἐλάλησεν,</span> <span class='ocrx_word' id='word_1_821' title='bbox 3354 3483 3443 3535; x_wconf 81' lang='grc' dir='ltr'>ἵνα</span> <span class='ocrx_word' id='word_1_822' title='bbox 3495 3481 3570 3554; x_wconf 80' lang='grc' dir='ltr'>μὴ</span> <span class='ocrx_word' id='word_1_823' title='bbox 3628 3483 3826 3555; x_wconf 74' lang='grc' dir='ltr'>ἐλέγξῃ</span> 
     </span>
    </p>
   </div>
   <div class='ocr_carea' id='block_1_102' title="bbox 2147 3570 3828 3642">
    <p class='ocr_par' dir='ltr' id='par_1_102' title="bbox 2147 3570 3828 3642">
     <span class='ocr_line' id='line_1_102' title="bbox 2147 3570 3828 3642; baseline 0.001 -20"><span class='ocrx_word' id='word_1_824' title='bbox 2147 3570 2308 3624; x_wconf 82' lang='grc' dir='ltr'>αὑτὸν</span> <span class='ocrx_word' id='word_1_825' title='bbox 2339 3571 2567 3625; x_wconf 73' lang='grc' dir='ltr'>ἐπὶτῶν</span> <span class='ocrx_word' id='word_1_826' title='bbox 2605 3571 2900 3635; x_wconf 87' lang='grc' dir='ltr'>Ἰουδαίων,</span> <span class='ocrx_word' id='word_1_827' title='bbox 2932 3572 3030 3625; x_wconf 56' lang='grc' dir='ltr'>καὶ⁵</span> <span class='ocrx_word' id='word_1_828' title='bbox 3052 3571 3146 3625; x_wconf 83' lang='grc' dir='ltr'>τὸν</span> <span class='ocrx_word' id='word_1_829' title='bbox 3181 3571 3310 3624; x_wconf 79' lang='grc' dir='ltr'>ἴδιον</span> <span class='ocrx_word' id='word_1_830' title='bbox 3343 3570 3690 3642; x_wconf 84' lang='grc' dir='ltr'>καταισχύνῃ</span> <span class='ocrx_word' id='word_1_831' title='bbox 3721 3590 3828 3641; x_wconf 81' lang='grc' dir='ltr'>μα-</span> 
     </span>
    </p>
   </div>
   <div class='ocr_carea' id='block_1_103' title="bbox 2148 3657 3825 3732">
    <p class='ocr_par' dir='ltr' id='par_1_103' title="bbox 2148 3657 3825 3732">
     <span class='ocr_line' id='line_1_103' title="bbox 2148 3657 3825 3732; baseline 0.001 -22"><span class='ocrx_word' id='word_1_832' title='bbox 2148 3658 2339 3729; x_wconf 85' lang='grc' dir='ltr'>θητὴν,</span> <span class='ocrx_word' id='word_1_833' title='bbox 2368 3659 2506 3712; x_wconf 92' lang='grc' dir='ltr'>ἀλλά</span> <span class='ocrx_word' id='word_1_834' title='bbox 2529 3657 2620 3712; x_wconf 82' lang='grc' dir='ltr'>διὰ</span> <span class='ocrx_word' id='word_1_835' title='bbox 2644 3659 2738 3711; x_wconf 88' lang='grc' dir='ltr'>τοῦ</span> <span class='ocrx_word' id='word_1_836' title='bbox 2770 3658 3081 3732; x_wconf 85' lang='grc' dir='ltr'>βλέμματος</span> <span class='ocrx_word' id='word_1_837' title='bbox 3108 3659 3207 3730; x_wconf 81' lang='grc' dir='ltr'>τὴν</span> <span class='ocrx_word' id='word_1_838' title='bbox 3232 3659 3416 3729; x_wconf 82' lang='grc' dir='ltr'>φωνὴν</span> <span class='ocrx_word' id='word_1_839' title='bbox 3441 3659 3625 3728; x_wconf 84' lang='grc' dir='ltr'>ἀφῆκε</span> <span class='ocrx_word' id='word_1_840' title='bbox 3645 3675 3665 3691; x_wconf 74' lang='grc' dir='ltr'><strong>ο</strong></span> <span class='ocrx_word' id='word_1_841' title='bbox 3692 3676 3825 3712; x_wconf 87' lang='grc' dir='ltr'>του-</span> 
     </span>
    </p>
   </div>
   <div class='ocr_carea' id='block_1_104' title="bbox 2146 3743 3828 3816">
    <p class='ocr_par' dir='ltr' id='par_1_104' title="bbox 2146 3743 3828 3816">
     <span class='ocr_line' id='line_1_104' title="bbox 2146 3743 3828 3816; baseline 0.001 -19"><span class='ocrx_word' id='word_1_842' title='bbox 2146 3743 2316 3809; x_wconf 89' lang='grc' dir='ltr'>τέστι,</span> <span class='ocrx_word' id='word_1_843' title='bbox 2358 3744 2556 3816; x_wconf 88' lang='grc' dir='ltr'>Πέτρε,</span> <span class='ocrx_word' id='word_1_844' title='bbox 2603 3743 2633 3797; x_wconf 85' lang='grc' dir='ltr'>ὃ</span> <span class='ocrx_word' id='word_1_845' title='bbox 2679 3745 2884 3815; x_wconf 76' lang='grc' dir='ltr'>ἔλεγον,</span> <span class='ocrx_word' id='word_1_846' title='bbox 2925 3746 3172 3815; x_wconf 89' lang='grc' dir='ltr'>γέγονεν.</span> <span class='ocrx_word' id='word_1_847' title='bbox 3229 3745 3446 3816; x_wconf 83' lang='grc' dir='ltr'>Ἀμέλει</span> <span class='ocrx_word' id='word_1_848' title='bbox 3479 3745 3614 3813; x_wconf 86' lang='grc' dir='ltr'>γοῦν</span> <span class='ocrx_word' id='word_1_849' title='bbox 3664 3747 3764 3799; x_wconf 65' lang='grc' dir='ltr'>καὶ⁵</span> <span class='ocrx_word' id='word_1_850' title='bbox 3800 3748 3828 3799; x_wconf 91' lang='lat'>0</span> 
     </span>
    </p>
   </div>
   <div class='ocr_carea' id='block_1_105' title="bbox 2148 3831 3828 3906">
    <p class='ocr_par' dir='ltr' id='par_1_105' title="bbox 2148 3831 3828 3906">
     <span class='ocr_line' id='line_1_105' title="bbox 2148 3831 3828 3906; baseline 0.004 -23"><span class='ocrx_word' id='word_1_851' title='bbox 2148 3831 2354 3904; x_wconf 89' lang='grc' dir='ltr'>Πέτρος</span> <span class='ocrx_word' id='word_1_852' title='bbox 2398 3834 2788 3905; x_wconf 90' lang='grc' dir='ltr'>αἰσθανόμενος</span> <span class='ocrx_word' id='word_1_853' title='bbox 2836 3834 2960 3888; x_wconf 87' lang='grc' dir='ltr'>τότε</span> <span class='ocrx_word' id='word_1_854' title='bbox 3019 3835 3224 3906; x_wconf 75' lang='grc' dir='ltr'>ἤρξατο</span> <span class='ocrx_word' id='word_1_855' title='bbox 3278 3835 3510 3898; x_wconf 90' lang='grc' dir='ltr'>κλαίειν,</span> <span class='ocrx_word' id='word_1_856' title='bbox 3561 3834 3683 3888; x_wconf 83' lang='grc' dir='ltr'>ἁλλ’</span> <span class='ocrx_word' id='word_1_857' title='bbox 3727 3837 3828 3906; x_wconf 80' lang='grc' dir='ltr'>οὐχ</span> 
     </span>
    </p>
   </div>
   <div class='ocr_carea' id='block_1_106' title="bbox 2150 3920 3826 3993">
    <p class='ocr_par' dir='ltr' id='par_1_106' title="bbox 2150 3920 3826 3993">
     <span class='ocr_line' id='line_1_106' title="bbox 2150 3920 3826 3993; baseline 0.002 -20"><span class='ocrx_word' id='word_1_858' title='bbox 2150 3920 2338 3984; x_wconf 86' lang='grc' dir='ltr'>ἁπλῶς</span> <span class='ocrx_word' id='word_1_859' title='bbox 2370 3920 2658 3989; x_wconf 78' lang='grc' dir='ltr'>ἔκλαυσεν,</span> <span class='ocrx_word' id='word_1_860' title='bbox 2685 3920 2822 3977; x_wconf 88' lang='grc' dir='ltr'>ἁλλὰ</span> <span class='ocrx_word' id='word_1_861' title='bbox 2851 3922 3087 3993; x_wconf 87' lang='grc' dir='ltr'>πικρῶς,</span> <span class='ocrx_word' id='word_1_862' title='bbox 3120 3922 3372 3993; x_wconf 90' lang='grc' dir='ltr'>δεύτερον</span> <span class='ocrx_word' id='word_1_863' title='bbox 3404 3922 3696 3993; x_wconf 84' lang='grc' dir='ltr'>βάπτισμα</span> <span class='ocrx_word' id='word_1_864' title='bbox 3739 3924 3826 3977; x_wconf 69' lang='grc' dir='ltr'>διὰ</span> 
     </span>
    </p>
   </div>
   <div class='ocr_carea' id='block_1_107' title="bbox 2147 4007 3829 4081">
    <p class='ocr_par' dir='ltr' id='par_1_107' title="bbox 2147 4007 3829 4081">
     <span class='ocr_line' id='line_1_107' title="bbox 2147 4007 3829 4081; baseline 0.004 -21"><span class='ocrx_word' id='word_1_865' title='bbox 2147 4007 2256 4062; x_wconf 87' lang='grc' dir='ltr'>τῶν</span> <span class='ocrx_word' id='word_1_866' title='bbox 2284 4007 2534 4078; x_wconf 88' lang='grc' dir='ltr'>δακρύων</span> <span class='ocrx_word' id='word_1_867' title='bbox 2558 4010 2624 4062; x_wconf 92' lang='grc' dir='ltr'>ἐκ</span> <span class='ocrx_word' id='word_1_868' title='bbox 2649 4008 2759 4063; x_wconf 90' lang='grc' dir='ltr'>τῶν</span> <span class='ocrx_word' id='word_1_869' title='bbox 2789 4009 3083 4080; x_wconf 86' lang='grc' dir='ltr'>ὀφθαλμῶν</span> <span class='ocrx_word' id='word_1_870' title='bbox 3107 4011 3357 4081; x_wconf 75' lang='grc' dir='ltr'>ποιήσαι..</span> <span class='ocrx_word' id='word_1_871' title='bbox 3389 4010 3549 4064; x_wconf 79' lang='grc' dir='ltr'>Ἀλλά</span> <span class='ocrx_word' id='word_1_872' title='bbox 3579 4012 3829 4074; x_wconf 77' lang='grc' dir='ltr'>κλαύσας</span> 
     </span>
    </p>
   </div>
   <div class='ocr_carea' id='block_1_108' title="bbox 2148 4093 3826 4168">
    <p class='ocr_par' dir='ltr' id='par_1_108' title="bbox 2148 4093 3826 4168">
     <span class='ocr_line' id='line_1_108' title="bbox 2148 4093 3826 4168; baseline 0.004 -22"><span class='ocrx_word' id='word_1_873' title='bbox 2148 4093 2291 4147; x_wconf 82' lang='grc' dir='ltr'>οὕτω</span> <span class='ocrx_word' id='word_1_874' title='bbox 2319 4094 2553 4166; x_wconf 88' lang='grc' dir='ltr'>πικρῶς,</span> <span class='ocrx_word' id='word_1_875' title='bbox 2596 4095 2848 4166; x_wconf 76' lang='grc' dir='ltr'>ἐξήλειψε</span> <span class='ocrx_word' id='word_1_876' title='bbox 2876 4097 2975 4168; x_wconf 80' lang='grc' dir='ltr'>τὴν</span> <span class='ocrx_word' id='word_1_877' title='bbox 3018 4097 3294 4168; x_wconf 87' lang='grc' dir='ltr'>ἁμαρτίαν</span> <span class='ocrx_word' id='word_1_878' title='bbox 3318 4113 3332 4128; x_wconf 69' lang='grc'><strong><em>⁸</em></strong></span> <span class='ocrx_word' id='word_1_879' title='bbox 3368 4096 3509 4168; x_wconf 88' lang='grc' dir='ltr'>μετά</span> <span class='ocrx_word' id='word_1_880' title='bbox 3543 4097 3722 4152; x_wconf 78' lang='grc' dir='ltr'>ταῦτα</span> <span class='ocrx_word' id='word_1_881' title='bbox 3769 4100 3826 4154; x_wconf 79' lang='grc' dir='ltr'>δὲ</span> 
     </span>
    </p>
   </div>
   <div class='ocr_carea' id='block_1_109' title="bbox 2151 4181 3828 4265">
    <p class='ocr_par' dir='ltr' id='par_1_109' title="bbox 2151 4181 3828 4265">
     <span class='ocr_line' id='line_1_109' title="bbox 2151 4181 3828 4265; baseline 0.005 -32"><span class='ocrx_word' id='word_1_882' title='bbox 2151 4181 2465 4237; x_wconf 87' lang='grc' dir='ltr'>πιστεύεται</span> <span class='ocrx_word' id='word_1_883' title='bbox 2501 4183 2599 4246; x_wconf 78' lang='grc' dir='ltr'>τάς</span> <span class='ocrx_word' id='word_1_884' title='bbox 2631 4185 2780 4248; x_wconf 84' lang='grc' dir='ltr'>κλεῖς</span> <span class='ocrx_word' id='word_1_885' title='bbox 2803 4185 2910 4237; x_wconf 91' lang='grc' dir='ltr'>τῶν</span> <span class='ocrx_word' id='word_1_886' title='bbox 2934 4185 3204 4265; x_wconf 84' lang='grc' dir='ltr'>οὐρανῶν.</span> <span class='ocrx_word' id='word_1_887' title='bbox 3246 4185 3309 4239; x_wconf 86' lang='grc' dir='ltr'>Εἰ</span> <span class='ocrx_word' id='word_1_888' title='bbox 3330 4187 3385 4239; x_wconf 85' lang='grc' dir='ltr'>δὲ</span> <span class='ocrx_word' id='word_1_889' title='bbox 3413 4187 3624 4257; x_wconf 86' lang='grc' dir='ltr'>Πέτρου</span> <span class='ocrx_word' id='word_1_890' title='bbox 3661 4188 3828 4265; x_wconf 54' lang='grc' dir='ltr'>κλαρ-</span> 
     </span>
    </p>
   </div>
   <div class='ocr_carea' id='block_1_110' title="bbox 2151 4261 3826 4342">
    <p class='ocr_par' dir='ltr' id='par_1_110' title="bbox 2151 4261 3826 4342">
     <span class='ocr_line' id='line_1_110' title="bbox 2151 4261 3826 4342; baseline 0.005 -26"><span class='ocrx_word' id='word_1_891' title='bbox 2151 4263 2290 4334; x_wconf 84' lang='grc' dir='ltr'>θμὸς</span> <span class='ocrx_word' id='word_1_892' title='bbox 2322 4266 2659 4336; x_wconf 82' lang='grc' dir='ltr'>τηλικαύτην</span> <span class='ocrx_word' id='word_1_893' title='bbox 2686 4261 2972 4339; x_wconf 77' lang='grc' dir='ltr'>ἐξήλειψεν</span> <span class='ocrx_word' id='word_1_894' title='bbox 2996 4268 3294 4338; x_wconf 90' lang='grc' dir='ltr'>ἁμαρτίαν,</span> <span class='ocrx_word' id='word_1_895' title='bbox 3328 4270 3391 4322; x_wconf 82' lang='grc' dir='ltr'>σὺ</span> <span class='ocrx_word' id='word_1_896' title='bbox 3429 4269 3526 4322; x_wconf 78' lang='grc' dir='ltr'>ἐὰν</span> <span class='ocrx_word' id='word_1_897' title='bbox 3551 4261 3826 4342; x_wconf 76' lang='grc' dir='ltr'>κλαύσῃς,</span> 
     </span>
    </p>
   </div>
   <div class='ocr_carea' id='block_1_111' title="bbox 2149 4351 3827 4430">
    <p class='ocr_par' dir='ltr' id='par_1_111' title="bbox 2149 4351 3827 4430">
     <span class='ocr_line' id='line_1_111' title="bbox 2149 4351 3827 4430; baseline 0.006 -27"><span class='ocrx_word' id='word_1_898' title='bbox 2149 4351 2267 4416; x_wconf 89' lang='grc' dir='ltr'>πῶς</span> <span class='ocrx_word' id='word_1_899' title='bbox 2288 4354 2388 4407; x_wconf 87' lang='grc' dir='ltr'>οὐκ</span> <span class='ocrx_word' id='word_1_900' title='bbox 2427 4354 2496 4408; x_wconf 83' lang='grc' dir='ltr'>ἂν</span> <span class='ocrx_word' id='word_1_901' title='bbox 2534 4354 2859 4424; x_wconf 77' lang='grc' dir='ltr'>ἁπαλείψεις</span> <span class='ocrx_word' id='word_1_902' title='bbox 2885 4354 2985 4426; x_wconf 79' lang='grc' dir='ltr'>τὴν</span> <span class='ocrx_word' id='word_1_903' title='bbox 3013 4355 3324 4426; x_wconf 89' lang='grc' dir='ltr'>ἀμαρτίαν;</span> <span class='ocrx_word' id='word_1_904' title='bbox 3358 4354 3437 4410; x_wconf 86' lang='grc' dir='ltr'>Οὐ</span> <span class='ocrx_word' id='word_1_905' title='bbox 3472 4356 3583 4428; x_wconf 68' lang='grc' dir='ltr'>γὰρ</span> <span class='ocrx_word' id='word_1_906' title='bbox 3623 4359 3827 4430; x_wconf 76' lang='grc' dir='ltr'>μικρὸν</span> 
     </span>
    </p>
   </div>
   <div class='ocr_carea' id='block_1_112' title="bbox 2147 4434 3827 4514">
    <p class='ocr_par' dir='ltr' id='par_1_112' title="bbox 2147 4434 3827 4514">
     <span class='ocr_line' id='line_1_112' title="bbox 2147 4434 3827 4514; baseline 0.005 -22"><span class='ocrx_word' id='word_1_907' title='bbox 2147 4434 2216 4511; x_wconf 79' lang='grc' dir='ltr'>ἦν</span> <span class='ocrx_word' id='word_1_908' title='bbox 2247 4439 2501 4511; x_wconf 78' lang='grc' dir='ltr'>ἔγκλημα</span> <span class='ocrx_word' id='word_1_909' title='bbox 2541 4440 2603 4493; x_wconf 83' lang='grc' dir='ltr'>τὸ</span> <span class='ocrx_word' id='word_1_910' title='bbox 2650 4441 2990 4514; x_wconf 88' lang='grc' dir='ltr'>ἀρνήσασθαι</span> <span class='ocrx_word' id='word_1_911' title='bbox 3025 4443 3118 4496; x_wconf 83' lang='grc' dir='ltr'>τὸν</span> <span class='ocrx_word' id='word_1_912' title='bbox 3163 4441 3294 4494; x_wconf 75' lang='grc' dir='ltr'>ἴδιον</span> <span class='ocrx_word' id='word_1_913' title='bbox 3329 4444 3635 4512; x_wconf 88' lang='grc' dir='ltr'>Δεσπότην,</span> <span class='ocrx_word' id='word_1_914' title='bbox 3687 4447 3827 4501; x_wconf 78' lang='grc' dir='ltr'>ἁλλὰ</span> 
     </span>
    </p>
   </div>
   <div class='ocr_carea' id='block_1_113' title="bbox 2153 4523 3830 4598">
    <p class='ocr_par' dir='ltr' id='par_1_113' title="bbox 2153 4523 3830 4598">
     <span class='ocr_line' id='line_1_113' title="bbox 2153 4523 3830 4598; baseline 0.004 -24"><span class='ocrx_word' id='word_1_915' title='bbox 2153 4523 2296 4593; x_wconf 88' lang='grc' dir='ltr'>μέγα</span> <span class='ocrx_word' id='word_1_916' title='bbox 2333 4523 2429 4577; x_wconf 80' lang='grc' dir='ltr'>καὶ</span> <span class='ocrx_word' id='word_1_917' title='bbox 2469 4523 2721 4596; x_wconf 86' lang='grc' dir='ltr'>ἰσχυρόν·</span> <span class='ocrx_word' id='word_1_918' title='bbox 2768 4524 2883 4577; x_wconf 84' lang='grc' dir='ltr'>ἀλλ’</span> <span class='ocrx_word' id='word_1_919' title='bbox 2916 4525 3066 4596; x_wconf 84' lang='grc' dir='ltr'>ὅμως</span> <span class='ocrx_word' id='word_1_920' title='bbox 3097 4524 3168 4578; x_wconf 84' lang='grc' dir='ltr'>τὰ</span> <span class='ocrx_word' id='word_1_921' title='bbox 3204 4525 3417 4596; x_wconf 85' lang='grc' dir='ltr'>δάκρυα</span> <span class='ocrx_word' id='word_1_922' title='bbox 3461 4524 3718 4598; x_wconf 76' lang='grc' dir='ltr'>ἐξήλειψε</span> <span class='ocrx_word' id='word_1_923' title='bbox 3765 4529 3830 4581; x_wconf 79' lang='grc' dir='ltr'>τὸ</span> 
     </span>
    </p>
   </div>
   <div class='ocr_carea' id='block_1_114' title="bbox 2148 4608 3822 4685">
    <p class='ocr_par' dir='ltr' id='par_1_114' title="bbox 2148 4608 3822 4685">
     <span class='ocr_line' id='line_1_114' title="bbox 2148 4608 3822 4685; baseline 0.004 -23"><span class='ocrx_word' id='word_1_924' title='bbox 2148 4608 2474 4682; x_wconf 89' lang='grc' dir='ltr'>ἁμάρτημα.</span> <span class='ocrx_word' id='word_1_925' title='bbox 2509 4611 2762 4665; x_wconf 79' lang='grc' dir='ltr'>Κλαῦσον</span> <span class='ocrx_word' id='word_1_926' title='bbox 2791 4608 2883 4664; x_wconf 83' lang='grc' dir='ltr'>οὖν</span> <span class='ocrx_word' id='word_1_927' title='bbox 2913 4613 3008 4664; x_wconf 74' lang='grc' dir='ltr'>καὶ</span> <span class='ocrx_word' id='word_1_928' title='bbox 3052 4612 3116 4665; x_wconf 81' lang='grc' dir='ltr'>σὺ</span> <span class='ocrx_word' id='word_1_929' title='bbox 3155 4612 3250 4664; x_wconf 72' lang='grc' dir='ltr'>ἐπὶ</span> <span class='ocrx_word' id='word_1_930' title='bbox 3283 4613 3348 4683; x_wconf 85' lang='grc' dir='ltr'>τῇ</span> <span class='ocrx_word' id='word_1_931' title='bbox 3399 4613 3653 4685; x_wconf 75' lang='grc' dir='ltr'>ἁμαρτίᾳ</span> <span class='ocrx_word' id='word_1_932' title='bbox 3695 4632 3822 4668; x_wconf 78' lang='grc' dir='ltr'>σου·</span> 
     </span>
    </p>
   </div>
   <div class='ocr_carea' id='block_1_115' title="bbox 2149 4697 3826 4770">
    <p class='ocr_par' dir='ltr' id='par_1_115' title="bbox 2149 4697 3826 4770">
     <span class='ocr_line' id='line_1_115' title="bbox 2149 4697 3826 4770; baseline 0.004 -21"><span class='ocrx_word' id='word_1_933' title='bbox 2149 4697 2264 4750; x_wconf 87' lang='grc' dir='ltr'>ἀλλ’</span> <span class='ocrx_word' id='word_1_934' title='bbox 2303 4697 2404 4768; x_wconf 85' lang='grc' dir='ltr'>οὐχ</span> <span class='ocrx_word' id='word_1_935' title='bbox 2449 4697 2656 4764; x_wconf 86' lang='grc' dir='ltr'>ἁπλῶς,</span> <span class='ocrx_word' id='word_1_936' title='bbox 2705 4698 2825 4752; x_wconf 83' lang='grc' dir='ltr'>οὐδὲ</span> <span class='ocrx_word' id='word_1_937' title='bbox 2869 4697 3008 4770; x_wconf 87' lang='grc' dir='ltr'>μετά</span> <span class='ocrx_word' id='word_1_938' title='bbox 3047 4699 3345 4770; x_wconf 86' lang='grc' dir='ltr'>σχήματος,</span> <span class='ocrx_word' id='word_1_939' title='bbox 3396 4699 3536 4754; x_wconf 88' lang='grc' dir='ltr'>ἁλλά</span> <span class='ocrx_word' id='word_1_940' title='bbox 3584 4702 3826 4756; x_wconf 71' lang='grc' dir='ltr'>κλαῦσεν</span> 
     </span>
    </p>
   </div>
   <div class='ocr_carea' id='block_1_116' title="bbox 2151 4782 3824 4859">
    <p class='ocr_par' dir='ltr' id='par_1_116' title="bbox 2151 4782 3824 4859">
     <span class='ocr_line' id='line_1_116' title="bbox 2151 4782 3824 4859; baseline 0.005 -23"><span class='ocrx_word' id='word_1_941' title='bbox 2151 4783 2385 4856; x_wconf 87' lang='grc' dir='ltr'>πικρῶς,</span> <span class='ocrx_word' id='word_1_942' title='bbox 2414 4782 2489 4848; x_wconf 86' lang='grc' dir='ltr'>ὡς</span> <span class='ocrx_word' id='word_1_943' title='bbox 2515 4787 2542 4837; x_wconf 94' lang='lat'>0</span> <span class='ocrx_word' id='word_1_944' title='bbox 2571 4785 2776 4856; x_wconf 90' lang='grc' dir='ltr'>Πέτρος</span> <span class='ocrx_word' id='word_1_945' title='bbox 2796 4801 2810 4815; x_wconf 82' lang='grc'><em>’</em></span> <span class='ocrx_word' id='word_1_946' title='bbox 2845 4786 2905 4851; x_wconf 84' lang='grc' dir='ltr'>ἐξ</span> <span class='ocrx_word' id='word_1_947' title='bbox 2929 4785 3098 4838; x_wconf 81' lang='grc' dir='ltr'>αὑτοῦ</span> <span class='ocrx_word' id='word_1_948' title='bbox 3125 4786 3219 4839; x_wconf 88' lang='grc' dir='ltr'>τοῦ</span> <span class='ocrx_word' id='word_1_949' title='bbox 3257 4784 3456 4856; x_wconf 88' lang='grc' dir='ltr'>βάθους</span> <span class='ocrx_word' id='word_1_950' title='bbox 3494 4789 3824 4859; x_wconf 81' lang='grc' dir='ltr'>προσάγαγε</span> 
     </span>
    </p>
   </div>
   <div class='ocr_carea' id='block_1_117' title="bbox 2149 4869 3824 4943">
    <p class='ocr_par' dir='ltr' id='par_1_117' title="bbox 2149 4869 3824 4943">
     <span class='ocr_line' id='line_1_117' title="bbox 2149 4869 3824 4943; baseline 0.004 -21"><span class='ocrx_word' id='word_1_951' title='bbox 2149 4869 2246 4934; x_wconf 73' lang='grc' dir='ltr'>τὰς</span> <span class='ocrx_word' id='word_1_952' title='bbox 2287 4869 2472 4939; x_wconf 81' lang='grc' dir='ltr'>πηγάς</span> <span class='ocrx_word' id='word_1_953' title='bbox 2517 4870 2624 4924; x_wconf 87' lang='grc' dir='ltr'>τῶν</span> <span class='ocrx_word' id='word_1_954' title='bbox 2669 4871 2943 4943; x_wconf 89' lang='grc' dir='ltr'>δακρύων,</span> <span class='ocrx_word' id='word_1_955' title='bbox 2993 4871 3083 4926; x_wconf 81' lang='grc' dir='ltr'>ἵνα</span> <span class='ocrx_word' id='word_1_956' title='bbox 3124 4871 3296 4935; x_wconf 83' lang='grc' dir='ltr'>οὕτως</span> <span class='ocrx_word' id='word_1_957' title='bbox 3332 4873 3765 4943; x_wconf 70' lang='grc' dir='ltr'>σπλαγχνισθεὶς</span> <span class='ocrx_word' id='word_1_958' title='bbox 3794 4879 3824 4929; x_wconf 87' lang='lat'>0</span> 
     </span>
    </p>
   </div>
   <div class='ocr_carea' id='block_1_118' title="bbox 2149 4959 3822 5035">
    <p class='ocr_par' dir='ltr' id='par_1_118' title="bbox 2149 4959 3822 5035">
     <span class='ocr_line' id='line_1_118' title="bbox 2149 4959 3822 5035; baseline 0.004 -23"><span class='ocrx_word' id='word_1_959' title='bbox 2149 4961 2426 5031; x_wconf 87' lang='grc' dir='ltr'>Δεσπότης</span> <span class='ocrx_word' id='word_1_960' title='bbox 2465 4962 2793 5034; x_wconf 89' lang='grc' dir='ltr'>συγχωρήσῃ</span> <span class='ocrx_word' id='word_1_961' title='bbox 2827 4977 2908 5014; x_wconf 91' lang='grc' dir='ltr'>σοι</span> <span class='ocrx_word' id='word_1_962' title='bbox 2949 4960 3010 5014; x_wconf 83' lang='grc' dir='ltr'>τὸ</span> <span class='ocrx_word' id='word_1_963' title='bbox 3042 4959 3451 5032; x_wconf 78' lang='grc' dir='ltr'>πλημμέλημαο</span> <span class='ocrx_word' id='word_1_964' title='bbox 3501 4962 3822 5035; x_wconf 84' lang='grc' dir='ltr'>φιλάνθρω-</span> 
     </span>
    </p>
   </div>
   <div class='ocr_carea' id='block_1_119' title="bbox 2148 5045 3823 5119">
    <p class='ocr_par' dir='ltr' id='par_1_119' title="bbox 2148 5045 3823 5119">
     <span class='ocr_line' id='line_1_119' title="bbox 2148 5045 3823 5119; baseline 0.004 -19"><span class='ocrx_word' id='word_1_965' title='bbox 2148 5064 2248 5110; x_wconf 88' lang='grc' dir='ltr'>πος</span> <span class='ocrx_word' id='word_1_966' title='bbox 2285 5047 2396 5118; x_wconf 88' lang='grc' dir='ltr'>γάρ</span> <span class='ocrx_word' id='word_1_967' title='bbox 2422 5048 2570 5102; x_wconf 88' lang='grc' dir='ltr'>ἐστιν</span> <span class='ocrx_word' id='word_1_968' title='bbox 2593 5063 2608 5078; x_wconf 89' lang='grc'><strong>·</strong></span> <span class='ocrx_word' id='word_1_969' title='bbox 2635 5048 2798 5112; x_wconf 80' lang='grc' dir='ltr'>αὐτὸς</span> <span class='ocrx_word' id='word_1_970' title='bbox 2825 5047 2932 5119; x_wconf 84' lang='grc' dir='ltr'>γὰρ</span> <span class='ocrx_word' id='word_1_971' title='bbox 2962 5045 3117 5101; x_wconf 85' lang='grc' dir='ltr'>εἶπεν</span> <span class='ocrx_word' id='word_1_972' title='bbox 3139 5065 3152 5078; x_wconf 92' lang='grc'><strong>·</strong></span> <span class='ocrx_word' id='word_1_973' title='bbox 3188 5049 3270 5102; x_wconf 86' lang='grc' dir='ltr'>Οὐ</span> <span class='ocrx_word' id='word_1_974' title='bbox 3309 5048 3462 5102; x_wconf 77' lang='grc' dir='ltr'>θέλω</span> <span class='ocrx_word' id='word_1_975' title='bbox 3495 5050 3607 5103; x_wconf 76' lang='grc' dir='ltr'>τόν</span> <span class='ocrx_word' id='word_1_976' title='bbox 3639 5052 3823 5107; x_wconf 78' lang='grc' dir='ltr'>θάνα-</span> 
     </span>
    </p>
   </div>
   <div class='ocr_carea' id='block_1_120' title="bbox 2147 5135 3822 5209">
    <p class='ocr_par' dir='ltr' id='par_1_120' title="bbox 2147 5135 3822 5209">
     <span class='ocr_line' id='line_1_120' title="bbox 2147 5135 3822 5209; baseline 0.004 -21"><span class='ocrx_word' id='word_1_977' title='bbox 2147 5153 2254 5188; x_wconf 80' lang='grc' dir='ltr'>τον</span> <span class='ocrx_word' id='word_1_978' title='bbox 2268 5135 2374 5189; x_wconf 88' lang='grc' dir='ltr'>τοῦ</span> <span class='ocrx_word' id='word_1_979' title='bbox 2398 5135 2773 5204; x_wconf 76' lang='grc' dir='ltr'>ἀμαρτωλοῦ,</span> <span class='ocrx_word' id='word_1_980' title='bbox 2798 5136 2878 5202; x_wconf 85' lang='grc' dir='ltr'>ὡς</span> <span class='ocrx_word' id='word_1_981' title='bbox 2905 5135 2973 5190; x_wconf 80' lang='grc' dir='ltr'>τὸ</span> <span class='ocrx_word' id='word_1_982' title='bbox 3001 5137 3381 5206; x_wconf 71' lang='grc' dir='ltr'>ἐπιστρέψαι,</span> <span class='ocrx_word' id='word_1_983' title='bbox 3405 5137 3508 5190; x_wconf 76' lang='grc' dir='ltr'>καὶ</span> <span class='ocrx_word' id='word_1_984' title='bbox 3523 5142 3822 5209; x_wconf 77' lang='grc' dir='ltr'>μετανοῆ-</span> 
     </span>
    </p>
   </div>
   <div class='ocr_carea' id='block_1_121' title="bbox 2146 5222 3818 5296">
    <p class='ocr_par' dir='ltr' id='par_1_121' title="bbox 2146 5222 3818 5296">
     <span class='ocr_line' id='line_1_121' title="bbox 2146 5222 3818 5296; baseline 0.004 -19"><span class='ocrx_word' id='word_1_985' title='bbox 2146 5240 2271 5288; x_wconf 91' lang='grc' dir='ltr'>σαι,</span> <span class='ocrx_word' id='word_1_986' title='bbox 2305 5223 2403 5278; x_wconf 81' lang='grc' dir='ltr'>καὶ</span> <span class='ocrx_word' id='word_1_987' title='bbox 2439 5222 2546 5292; x_wconf 74' lang='grc' dir='ltr'>ζῇν</span> <span class='ocrx_word' id='word_1_988' title='bbox 2580 5225 2786 5279; x_wconf 77' lang='grc' dir='ltr'>αὐτόν.</span> <span class='ocrx_word' id='word_1_989' title='bbox 2817 5224 3028 5295; x_wconf 82' lang='grc' dir='ltr'>Μικρὸν</span> <span class='ocrx_word' id='word_1_990' title='bbox 3067 5223 3209 5277; x_wconf 82' lang='grc' dir='ltr'>θέλει</span> <span class='ocrx_word' id='word_1_991' title='bbox 3242 5223 3394 5296; x_wconf 81' lang='grc' dir='ltr'>παρὰ</span> <span class='ocrx_word' id='word_1_992' title='bbox 3423 5225 3519 5278; x_wconf 88' lang='grc' dir='ltr'>σοῦ</span> <span class='ocrx_word' id='word_1_993' title='bbox 3571 5228 3740 5283; x_wconf 82' lang='grc' dir='ltr'>πόνον</span> <span class='ocrx_word' id='word_1_994' title='bbox 3765 5229 3818 5292; x_wconf 69' lang='grc' dir='ltr'>δ.</span> 
     </span>
    </p>
   </div>
   <div class='ocr_carea' id='block_1_122' title="bbox 2146 5311 3821 5388">
    <p class='ocr_par' dir='ltr' id='par_1_122' title="bbox 2146 5311 3821 5388">
     <span class='ocr_line' id='line_1_122' title="bbox 2146 5311 3821 5388; baseline 0.004 -25"><span class='ocrx_word' id='word_1_995' title='bbox 2146 5311 2434 5382; x_wconf 75' lang='grc' dir='ltr'>καὶαύτδς</span> <span class='ocrx_word' id='word_1_996' title='bbox 2474 5311 2706 5382; x_wconf 86' lang='grc' dir='ltr'>παρέχει</span> <span class='ocrx_word' id='word_1_997' title='bbox 2735 5311 2803 5365; x_wconf 86' lang='grc' dir='ltr'>τὰ</span> <span class='ocrx_word' id='word_1_998' title='bbox 2845 5311 3093 5382; x_wconf 73' lang='grc' dir='ltr'>μεγάλαο</span> <span class='ocrx_word' id='word_1_999' title='bbox 3135 5312 3408 5381; x_wconf 86' lang='grc' dir='ltr'>πρόφασιν</span> <span class='ocrx_word' id='word_1_1000' title='bbox 3460 5312 3620 5384; x_wconf 85' lang='grc' dir='ltr'>ζητεῖ</span> <span class='ocrx_word' id='word_1_1001' title='bbox 3665 5317 3821 5388; x_wconf 81' lang='grc' dir='ltr'>παρὰ</span> 
     </span>
    </p>
   </div>
   <div class='ocr_carea' id='block_1_123' title="bbox 2147 5399 3818 5475">
    <p class='ocr_par' dir='ltr' id='par_1_123' title="bbox 2147 5399 3818 5475">
     <span class='ocr_line' id='line_1_123' title="bbox 2147 5399 3818 5475; baseline 0.004 -23"><span class='ocrx_word' id='word_1_1002' title='bbox 2147 5399 2262 5463; x_wconf 90' lang='grc' dir='ltr'>σοῦ,</span> <span class='ocrx_word' id='word_1_1003' title='bbox 2302 5400 2389 5453; x_wconf 81' lang='grc' dir='ltr'>ἵνα</span> <span class='ocrx_word' id='word_1_1004' title='bbox 2430 5417 2511 5452; x_wconf 88' lang='grc' dir='ltr'>σοι</span> <span class='ocrx_word' id='word_1_1005' title='bbox 2550 5401 2625 5472; x_wconf 83' lang='grc' dir='ltr'>δῷ</span> <span class='ocrx_word' id='word_1_1006' title='bbox 2655 5401 2926 5472; x_wconf 81' lang='grc' dir='ltr'>θησαυρὸν</span> <span class='ocrx_word' id='word_1_1007' title='bbox 2970 5401 3264 5472; x_wconf 87' lang='grc' dir='ltr'>σωτηρίας.</span> <span class='ocrx_word' id='word_1_1008' title='bbox 3295 5400 3544 5472; x_wconf 79' lang='grc' dir='ltr'>Πρόόαλε</span> <span class='ocrx_word' id='word_1_1009' title='bbox 3575 5401 3818 5475; x_wconf 78' lang='grc' dir='ltr'>δάκρυα,</span> 
     </span>
    </p>
   </div>
   <div class='ocr_carea' id='block_1_124' title="bbox 2146 5486 3816 5560">
    <p class='ocr_par' dir='ltr' id='par_1_124' title="bbox 2146 5486 3816 5560">
     <span class='ocr_line' id='line_1_124' title="bbox 2146 5486 3816 5560; baseline 0.003 -20"><span class='ocrx_word' id='word_1_1010' title='bbox 2146 5486 2242 5540; x_wconf 74' lang='grc' dir='ltr'>καὶ</span> <span class='ocrx_word' id='word_1_1011' title='bbox 2274 5487 2436 5550; x_wconf 86' lang='grc' dir='ltr'>αὐτός</span> <span class='ocrx_word' id='word_1_1012' title='bbox 2468 5505 2553 5541; x_wconf 85' lang='grc' dir='ltr'>σοι</span> <span class='ocrx_word' id='word_1_1013' title='bbox 2579 5488 2762 5542; x_wconf 89' lang='grc' dir='ltr'>δίδωσι</span> <span class='ocrx_word' id='word_1_1014' title='bbox 2803 5487 3182 5559; x_wconf 78' lang='grc' dir='ltr'>συγχώρησινο</span> <span class='ocrx_word' id='word_1_1015' title='bbox 3220 5489 3461 5560; x_wconf 78' lang='grc' dir='ltr'>πρόδαλε</span> <span class='ocrx_word' id='word_1_1016' title='bbox 3495 5492 3816 5560; x_wconf 83' lang='grc' dir='ltr'>μετάνοιαν,</span> 
     </span>
    </p>
   </div>
   <div class='ocr_carea' id='block_1_125' title="bbox 2209 5591 3816 5656">
    <p class='ocr_par' dir='ltr' id='par_1_125' title="bbox 2209 5591 3816 5656">
     <span class='ocr_line' id='line_1_125' title="bbox 2209 5591 3816 5656; baseline 0.004 -16"><span class='ocrx_word' id='word_1_1017' title='bbox 2209 5593 2235 5656; x_wconf 63' lang='grc' dir='ltr'>ς</span> <span class='ocrx_word' id='word_1_1018' title='bbox 2262 5592 2414 5640; x_wconf 81' lang='lat' dir='ltr'>Savil.</span> <span class='ocrx_word' id='word_1_1019' title='bbox 2455 5591 2612 5641; x_wconf 78' lang='lat' dir='ltr'>fusius</span> <span class='ocrx_word' id='word_1_1020' title='bbox 2633 5611 2649 5642; x_wconf 82' lang='lat'>-.</span> <span class='ocrx_word' id='word_1_1021' title='bbox 2673 5591 2906 5656; x_wconf 56' lang='grc' dir='ltr'>τΚλαῦσον</span> <span class='ocrx_word' id='word_1_1022' title='bbox 2948 5593 3023 5641; x_wconf 84' lang='grc' dir='ltr'>ἐπὶ</span> <span class='ocrx_word' id='word_1_1023' title='bbox 3045 5599 3102 5649; x_wconf 81' lang='grc' dir='ltr'>τῆ</span> <span class='ocrx_word' id='word_1_1024' title='bbox 3127 5594 3335 5656; x_wconf 79' lang='grc' dir='ltr'>ἁμαρτίᾳ</span> <span class='ocrx_word' id='word_1_1025' title='bbox 3372 5610 3480 5644; x_wconf 89' lang='grc' dir='ltr'>σου.</span> <span class='ocrx_word' id='word_1_1026' title='bbox 3509 5594 3816 5655; x_wconf 73' lang='grc' dir='ltr'>Ἐκλανσαςς</span> 
     </span>
    </p>
   </div>
   <div class='ocr_carea' id='block_1_126' title="bbox 2146 5655 3437 5717">
    <p class='ocr_par' dir='ltr' id='par_1_126' title="bbox 2146 5655 3437 5717">
     <span class='ocr_line' id='line_1_126' title="bbox 2146 5655 3437 5717; baseline 0.003 -16"><span class='ocrx_word' id='word_1_1027' title='bbox 2146 5655 2391 5717; x_wconf 20' lang='grc' dir='ltr'>ἐξὴᾑλειψας</span> <span class='ocrx_word' id='word_1_1028' title='bbox 2411 5655 2496 5717; x_wconf 72' lang='grc' dir='ltr'>τὴν</span> <span class='ocrx_word' id='word_1_1029' title='bbox 2516 5655 2747 5717; x_wconf 81' lang='grc' dir='ltr'>ἁμαρτίαν</span> <span class='ocrx_word' id='word_1_1030' title='bbox 2770 5671 2874 5702; x_wconf 86' lang='grc' dir='ltr'>σου.</span> <span class='ocrx_word' id='word_1_1031' title='bbox 2902 5656 2994 5702; x_wconf 82' lang='grc' dir='ltr'>Καὶ</span> <span class='ocrx_word' id='word_1_1032' title='bbox 3016 5655 3272 5717; x_wconf 76' lang='grc' dir='ltr'>διδάχθητι.</span> <span class='ocrx_word' id='word_1_1033' title='bbox 3300 5655 3437 5705; x_wconf 80' lang='lat' dir='ltr'><strong>Enlr.</strong></span> 
     </span>
    </p>
   </div>
   <div class='ocr_carea' id='block_1_127' title="bbox 2159 5713 3816 5780">
    <p class='ocr_par' dir='ltr' id='par_1_127' title="bbox 2159 5713 3816 5780">
     <span class='ocr_line' id='line_1_127' title="bbox 2159 5713 3816 5780; baseline 0.004 -19"><span class='ocrx_word' id='word_1_1034' title='bbox 2159 5725 2166 5780; x_wconf 67' lang='grc' dir='ltr'><em>ξ</em></span> <span class='ocrx_word' id='word_1_1035' title='bbox 2209 5713 2562 5780; x_wconf 54' lang='lat' dir='ltr'>dl&#39;lziacyerba;</span> <span class='ocrx_word' id='word_1_1036' title='bbox 2607 5713 2931 5780; x_wconf 13' lang='grc' dir='ltr'>μικρὸνίᾷθέλει</span> <span class='ocrx_word' id='word_1_1037' title='bbox 2974 5713 3228 5780; x_wconf 74' lang='grc' dir='ltr'>παρὰ’σοῦ</span> <span class='ocrx_word' id='word_1_1038' title='bbox 3251 5716 3412 5776; x_wconf 85' lang='grc' dir='ltr'>πόνον,</span> <span class='ocrx_word' id='word_1_1039' title='bbox 3453 5721 3508 5765; x_wconf 75' lang='lat' dir='ltr'><strong>et</strong></span> <span class='ocrx_word' id='word_1_1040' title='bbox 3546 5725 3816 5779; x_wconf 64' lang='lat' dir='ltr'>sequentia</span> 
     </span>
    </p>
   </div>
   <div class='ocr_carea' id='block_1_128' title="bbox 2147 5775 3818 5871">
    <p class='ocr_par' dir='ltr' id='par_1_128' title="bbox 2147 5775 3818 5871">
     <span class='ocr_line' id='line_1_128' title="bbox 2147 5775 3818 5871; baseline 0 -45"><span class='ocrx_word' id='word_1_1041' title='bbox 2147 5775 2279 5826; x_wconf 78' lang='lat' dir='ltr'>bene</span> <span class='ocrx_word' id='word_1_1042' title='bbox 2304 5776 2455 5824; x_wconf 72' lang='lat' dir='ltr'>multa</span> <span class='ocrx_word' id='word_1_1043' title='bbox 2484 5775 2638 5871; x_wconf 53' lang='lat' dir='ltr'>usam:</span> <span class='ocrx_word' id='word_1_1044' title='bbox 2663 5775 2721 5826; x_wconf 75' lang='lat' dir='ltr'><strong>ad</strong></span> <span class='ocrx_word' id='word_1_1045' title='bbox 2755 5778 2898 5835; x_wconf 77' lang='lat' dir='ltr'><strong>illud,</strong></span> <span class='ocrx_word' id='word_1_1046' title='bbox 2931 5775 3190 5871; x_wconf 64' lang='grc' dir='ltr'>ὑπόπτερρς</span> <span class='ocrx_word' id='word_1_1047' title='bbox 3214 5780 3306 5847; x_wconf 45' lang='grc' dir='ltr'>τήν,</span> <span class='ocrx_word' id='word_1_1048' title='bbox 3321 5780 3599 5842; x_wconf 78' lang='grc' dir='ltr'>οἰκουμένην</span> <span class='ocrx_word' id='word_1_1049' title='bbox 3621 5775 3818 5842; x_wconf 51' lang='grc' dir='ltr'>περιελ-</span> 
     </span>
     <span class='ocr_line' id='line_1_129' title="bbox 2151 5839 3814 5871; baseline 0 0"><span class='ocrx_word' id='word_1_1050' title='bbox 2151 5839 2244 5871; x_wconf 67' lang='grc' dir='ltr'>Αιίιν</span> <span class='ocrx_word' id='word_1_1051' title='bbox 2287 5851 2396 5871; x_wconf 73' lang='lat' dir='ltr'>num</span> <span class='ocrx_word' id='word_1_1052' title='bbox 2417 5846 2518 5871; x_wconf 71' lang='lat' dir='ltr'>nnc!</span> <span class='ocrx_word' id='word_1_1053' title='bbox 2578 5839 3110 5871; x_wconf 70' lang='lat' dir='ltr'>&#39;1Iinnaaconnnnlnr-</span> <span class='ocrx_word' id='word_1_1054' title='bbox 3171 5855 3237 5871; x_wconf 72' lang='grc' dir='ltr'>ωε·</span> <span class='ocrx_word' id='word_1_1055' title='bbox 3296 5854 3488 5871; x_wconf 71' lang='grc' dir='ltr'>ιηηιιειπι</span> <span class='ocrx_word' id='word_1_1056' title='bbox 3534 5843 3694 5871; x_wconf 68' lang='grc' dir='ltr'>ηωηίι</span> <span class='ocrx_word' id='word_1_1057' title='bbox 3720 5842 3814 5871; x_wconf 21' lang='grc' dir='ltr'>ἀρα</span> 
     </span>
    </p>
   </div>
   <div class='ocr_carea' id='block_1_129' title="bbox 2151 5795 3819 5948">
    <p class='ocr_par' dir='ltr' id='par_1_129' title="bbox 2151 5795 3819 5948">
     <span class='ocr_line' id='line_1_130' title="bbox 2151 5795 3818 5889; baseline -0.002 -64"><span class='ocrx_word' id='word_1_1058' title='bbox 2151 5795 2279 5825; x_wconf 71' lang='lat' dir='ltr'>DEIIB</span> <span class='ocrx_word' id='word_1_1059' title='bbox 2304 5795 2455 5824; x_wconf 76' lang='lat' dir='ltr'>IIIUlLa</span> <span class='ocrx_word' id='word_1_1060' title='bbox 2484 5795 2721 5871; x_wconf 52' lang='lat'>[183118.80</span> <span class='ocrx_word' id='word_1_1061' title='bbox 2755 5795 2898 5835; x_wconf 82' lang='lat' dir='ltr'>IIIUU,</span> <span class='ocrx_word' id='word_1_1062' title='bbox 2931 5795 3190 5889; x_wconf 58' lang='grc' dir='ltr'>υποπτερές</span> <span class='ocrx_word' id='word_1_1063' title='bbox 3214 5795 3599 5847; x_wconf 33' lang='grc' dir='ltr'>τηνηοικουμενην</span> <span class='ocrx_word' id='word_1_1064' title='bbox 3621 5795 3818 5850; x_wconf 50' lang='grc' dir='ltr'>ψει)...</span> 
     </span>
     <span class='ocr_line' id='line_1_131' title="bbox 2151 5839 3819 5948; baseline 0.004 -63"><span class='ocrx_word' id='word_1_1065' title='bbox 2285 5846 2524 5948; x_wconf 44' lang='grc' dir='ltr'>ῃὲιὲεῗει</span> <span class='ocrx_word' id='word_1_1066' title='bbox 2550 5839 2603 5889; x_wconf 84' lang='grc'>..7</span> <span class='ocrx_word' id='word_1_1067' title='bbox 2630 5842 2786 5889; x_wconf 71' lang='lat' dir='ltr'><strong>lineas</strong></span> <span class='ocrx_word' id='word_1_1068' title='bbox 2808 5846 3110 5911; x_wconf 66' lang='lat' dir='ltr'>sequuntur,-</span> <span class='ocrx_word' id='word_1_1069' title='bbox 3169 5855 3256 5902; x_wconf 67' lang='grc' dir='ltr'>ωε,</span> <span class='ocrx_word' id='word_1_1070' title='bbox 3295 5854 3509 5903; x_wconf 81' lang='lat' dir='ltr'>mquam,</span> <span class='ocrx_word' id='word_1_1071' title='bbox 3534 5854 3698 5892; x_wconf 62' lang='lat' dir='ltr'><strong>omnia</strong></span> <span class='ocrx_word' id='word_1_1072' title='bbox 3720 5842 3819 5892; x_wconf 55' lang='lat' dir='ltr'>de.</span> 
     </span>
    </p>
   </div>
   <div class='ocr_carea' id='block_1_130' title="bbox 2148 5911 2479 5963">
    <p class='ocr_par' dir='ltr' id='par_1_130' title="bbox 2148 5911 2479 5963">
     <span class='ocr_line' id='line_1_132' title="bbox 2148 5911 2479 5963; baseline 0.006 -18"><span class='ocrx_word' id='word_1_1073' title='bbox 2148 5911 2262 5947; x_wconf 67' lang='lat' dir='ltr'>sunt</span> <span class='ocrx_word' id='word_1_1074' title='bbox 2285 5911 2333 5947; x_wconf 70' lang='lat' dir='ltr'>In</span> <span class='ocrx_word' id='word_1_1075' title='bbox 2359 5911 2479 5963; x_wconf 65' lang='lat' dir='ltr'>ueg.</span> 
     </span>
    </p>
   </div>
  </div>
