4046 6396
335 364 438 417 297

400 483 458 537 ι.
485 480 801 536 Pcenitentia’
826 483 919 536 tria:
938 482 1109 547 varie,
1142 497 1332 551 preces,
1362 482 1601 549 lacryma:
1620 479 1790 548 (a).r—-
1809 478 1915 532 Sed

338 573 486 626 vivus
513 572 668 626 nobis
716 587 894 627 sermo
925 582 1005 627 est
1045 581 1099 627 et
1142 572 1283 626 circa
1325 570 1649 640 pmnitentire
1677 580 1733 623 et
1776 570 1916 623 circa

330 667 686 736 eleemosynae
736 665 894 719 viam.
955 664 1197 718 Diximus
1241 664 1635 731 eleemosynam
1670 675 1916 730 magnam

334 756 727 827 possessionem
746 755 765 787 ³
783 773 797 809 :
818 756 939 810 inde
965 755 1198 823 suscepit
1223 768 1323 808 nos
1336 752 1651 823 virginitatis
1679 752 1915 822 pelagus.

332 848 507 905 Habes
556 850 715 920 igitur
764 848 1131 917 paenitentiam
1180 844 1523 916 principalem
1568 852 1626 899 et
1671 857 1916 912 magnam

336 942 755 1012 eleemosynam,
783 942 1049 993 valentem
1083 938 1282 1007 peccati
1312 948 1552 991 catenam
1582 934 1913 989 dissolvere:

335 1034 499 1088 babes
546 1042 595 1087 et
642 1034 781 1085 viam
826 1031 982 1084 aliam
1027 1030 1353 1099 paenitentiae
1394 1039 1768 1098 opportunam,
1812 1040 1918 1095 qua

335 1123 532 1192 poteris
562 1138 589 1176 a
624 1123 854 1192 peccatis
881 1130 936 1177 te
962 1121 1250 1175 vindicare.
1295 1119 1400 1174 Ora
1430 1134 1527 1190 per
1550 1118 1784 1185 singulas
1824 1117 1920 1170 ho-

333 1231 441 1281 ras,
474 1231 646 1285 neque
694 1229 854 1269 orans
881 1213 1097 1269 delicias
1125 1228 1298 1281 neque
1340 1212 1669 1282 negligenter
1693 1209 1785 1263 Dei
1814 1209 1922 1263 cle-

336 1308 588 1362 mentiam
613 1308 835 1375 implora
859 1324 873 1371 ;
907 1320 1011 1359 non
1032 1305 1254 1374 repellet
1277 1312 1329 1358 te
1354 1310 1801 1373 perseverantem,
1826 1298 1921 1354 sed

336 1409 550 1467 peccata
577 1397 825 1463 dimittet,
863 1405 916 1451 et
940 1397 1101 1465 petita
1128 1394 1405 1449 concedet.
1436 1392 1607 1447 Orans
1634 1389 1847 1461 quidem
1872 1390 1919 1444 si

336 1489 618 1543 exauditus
642 1488 826 1552 fueris,
858 1502 1112 1557 permane
1137 1486 1333 1555 gratias
1359 1499 1519 1555 agens
1549 1484 1601 1537 in
1641 1482 1919 1538 oratione:

337 1595 440 1634 non
466 1580 764 1643 exauditus,
806 1594 961 1633 mane
1004 1593 1163 1632 orans
1201 1588 1257 1631 ut
1285 1576 1603 1631 exaudiaris.
1633 1574 1815 1643 Neque
1842 1572 1925 1627 di-

338 1671 500 1735 xeris,
552 1672 777 1724 multum
824 1671 992 1737 oravi,
1042 1678 1200 1738 atque
1245 1667 1383 1721 haud
1427 1665 1706 1721 exauditus
1755 1677 1921 1718 sum:

341 1762 536 1815 etenim
572 1761 655 1815 vel
705 1760 756 1815 id
802 1776 943 1830 saepe
989 1769 1091 1813 tua:
1136 1759 1376 1813 utilitatis
1424 1756 1482 1810 fit
1524 1756 1714 1827 gratia.
1766 1753 1925 1809 Novit

337 1854 476 1906 enim
505 1852 644 1921 quod
686 1854 832 1921 piger
861 1853 955 1915 sis,
984 1861 1040 1907 et
1066 1852 1245 1905 animo
1271 1850 1487 1905 deﬁcias
1511 1866 1525 1915 ;
1553 1859 1607 1903 et
1634 1848 1677 1902 si
1702 1861 1923 1917 compos

336 1946 444 1998 voti
486 1944 670 2012 fueris,
704 1945 864 1998 abeas
892 1945 1136 1998 oratione
1178 1942 1396 1996 dimissa
1428 1959 1441 1994 :
1471 1949 1523 1995 et
1552 1955 1649 2009 per
1674 1937 1915 1993 occasio-

337 2052 457 2089 nem
486 2036 824 2090 necessitatis
863 2034 1038 2089 differt
1070 2044 1142 2102 te,
1175 2050 1282 2102 quo
1325 2032 1565 2087 crebrius
1594 2031 1761 2084 Deum
1787 2029 1924 2084 allo-

339 2127 536 2195 quaris,
565 2126 899 2195 orationique
946 2140 1121 2179 vaces.
1168 2123 1299 2178 Nam
1339 2123 1381 2176 si
1412 2137 1473 2177 ea
1517 2122 1569 2175 in
1612 2120 1927 2175 necessitate

342 2219 624 2283 exsistens,
676 2226 836 2287 atque
882 2216 1125 2285 indigens
1169 2215 1453 2284 pigritaris,
1487 2226 1658 2282 neque
1698 2210 1927 2266 orationi

344 2310 547 2363 insistis
579 2327 592 2362 :
625 2308 878 2377 quidnam
904 2308 1099 2378 egeris.
1130 2307 1317 2361 horum
1346 2306 1389 2360 si
1421 2305 1567 2360 nullo
1595 2302 1927 2373 indigneris?

339 2399 521 2468 Itaque
552 2398 603 2451 id
636 2398 724 2452 tibi
773 2398 895 2451 facit
924 2398 990 2451 ad
1021 2397 1303 2451 utilitatem
1334 2405 1498 2459 tuam,
1529 2393 1719 2448 nolens
1748 2404 1800 2446 te
1829 2392 1926 2446 ab-

339 2489 527 2543 sistere
551 2488 617 2542 ab
643 2489 901 2542 oratione.
931 2488 1085 2542 Mane
1112 2502 1239 2557 ergo
1264 2496 1318 2541 et
1344 2501 1460 2551 ora,
1492 2485 1708 2549 dilecte,
1755 2498 1928 2552 neque

338 2580 516 2649 segnis
548 2589 662 2633 esto
694 2596 707 2631 :
740 2579 963 2632 multum
995 2579 1135 2633 enim
1163 2578 1336 2631 oratio
1368 2584 1561 2646 potest,
1591 2590 1763 2645 neque
1790 2584 1927 2628 tam-

339 2688 497 2740 quam
544 2688 656 2726 rem
685 2687 898 2739 parvam
943 2670 1276 2740 aggrediens,
1317 2668 1541 2723 orationi
1572 2682 1743 2721 vaces.
1774 2665 1927 2732 Quod

338 2774 515 2817 autem
581 2764 752 2816 oratio
809 2773 1086 2833 peccatum
1150 2761 1422 2827 dimittat,
1480 2761 1561 2813 vel
1614 2775 1680 2814 ex
1735 2758 1929 2812 divinis

340 2854 633 2925 evangeliis
686 2856 832 2909 disce
887 2873 901 2908 :
952 2853 1078 2924 quid
1141 2854 1285 2908 enim
1350 2852 1562 2920 inquit?
1615 2850 1798 2906 Simile
1846 2858 1930 2905 est

344 2962 563 3015 regnum
603 2946 852 3000 ctelorum
896 2945 1131 3007 homini,
1187 2943 1278 3013 qui
1324 2958 1475 2996 suam
1537 2942 1751 3011 ianuam
1779 2941 1928 2995 clau-

342 3039 431 3099 sit,
462 3044 517 3091 et
568 3037 807 3091 recubuit
858 3052 978 3091 cum
1034 3036 1155 3090 filiis
1210 3034 1537 3089 suis:venit
1588 3043 1765 3088 autem
1806 3030 1929 3101 qui-

341 3128 461 3182 dam
502 3144 738 3197 vespere,
768 3130 1009 3199 accipere
1047 3128 1231 3182 volens
1272 3128 1339 3181 ab
1382 3142 1448 3183 eo
1491 3141 1687 3196 panes,
1712 3134 1765 3179 et
1811 3123 1928 3193 pul-

344 3228 427 3272 sat
471 3219 699 3273 dicens:
729 3220 889 3286 Aperi
939 3218 1101 3284 utibi,
1135 3218 1383 3286 quoniam
1429 3217 1641 3285 indigeo
1686 3215 1928 3284 panibus.

344 3310 441 3364 Hic
461 3308 526 3363 ad
552 3325 672 3363 eum
700 3328 712 3362 :
742 3310 859 3363 Non
886 3324 1101 3377 possum
1123 3309 1250 3363 dare
1274 3307 1366 3362 tibi
1391 3326 1404 3360 ε
1428 3307 1770 3362 recubuimus
1788 3308 1931 3360 enim

343 3410 398 3454 et
442 3416 540 3455 nos
568 3411 624 3455 et
655 3401 803 3470 pueri
844 3402 1031 3455 nostri.
1065 3401 1134 3453 At
1176 3399 1263 3453 ille
1309 3398 1680 3467 perseverabat
1716 3399 1930 3466 januam

346 3490 582 3559 pulsans.
610 3490 676 3543 Et
699 3490 772 3544 ait
801 3505 983 3543 rursus
1003 3487 1070 3542 ad
1091 3504 1209 3543 eum
1235 3505 1248 3541 :
1279 3487 1391 3542 Non
1420 3502 1632 3557 possum
1655 3486 1746 3541 tibi
1772 3485 1927 3541 dare:

348 3583 689 3636 recubuimus
733 3583 875 3636 enim
903 3591 958 3636 et
993 3597 1090 3635 nos
1114 3589 1168 3635 et
1204 3580 1348 3650 pueri
1387 3579 1575 3634 nostri.
1618 3577 1711 3632 llle
1754 3586 1931 3630 autem

349 3675 430 3727 bis
451 3673 648 3728 auditis
676 3674 956 3727 insistebat
984 3673 1217 3739 pulsans,
1239 3686 1410 3741 neque
1438 3669 1739 3732 recedebat,
1763 3667 1934 3722 donec

348 3764 480 3817 dixit
507 3763 885 3833 paterfamilias
918 3781 928 3813 :
960 3762 1190 3831 Surgite,
1214 3770 1266 3814 et
1288 3760 1407 3815 date
1432 3760 1500 3821 ei,
1535 3768 1587 3812 et
1613 3759 1767 3812 sinite
1787 3758 1934 3813 abire

353 3854 500 3926 (Luc.
527 3855 613 3908 ll.
638 3854 691 3908 5.
723 3851 878 3922 sqq.).
906 3852 1067 3906 Docet
1094 3866 1220 3921 ergo
1248 3861 1298 3905 te
1322 3866 1474 3904 orare
1502 3863 1732 3917 semper,
1765 3863 1935 3916 neque

349 3947 726 4014 obtorpescere
754 3962 770 3999 :
803 3953 856 3999 et
903 3944 947 3997 si
992 3945 1165 3996 minus
1216 3940 1486 4010 acceperis
1509 3981 1524 4004 ,
1582 3953 1930 4007 permanere,

350 4037 523 4105 quoad
551 4036 841 4105 acceperis.
867 4035 1051 4089 Plures
1077 4034 1211 4089 alias
1242 4032 1566 4101 pmuitentite
1593 4031 1706 4084 vias
1729 4031 1782 4084 in
1802 4030 1937 4084 Scri-

351 4129 519 4199 pturis
549 4128 803 4182 invenies.
836 4127 951 4196 Ipsa
982 4126 1285 4195 paenitentia
1329 4132 1384 4179 et
1430 4133 1553 4178 ante
1599 4122 1795 4176 Christi
1836 4119 1935 4175 ad-

353 4230 567 4276 ventum
596 4236 688 4290 per
716 4220 831 4289 ejus
863 4219 1173 4289 prophetam
1216 4218 1502 4272 Jeremiam
1550 4215 1936 4287 praedicabatur

351 4314 616 4369 dicentem
641 4331 655 4367 :
682 4313 945 4384 Numquid
967 4314 1152 4367 cadens
1178 4331 1277 4366 non
1314 4312 1569 4383 resurgit,
1595 4321 1683 4365 aut
1709 4320 1935 4365 avertens

352 4425 404 4460 se
430 4424 533 4460 non
560 4408 821 4461 revertitur
839 4406 968 4477 (Jer.
994 4406 1045 4462 8.
1069 4407 1162 4475 4)?
1185 4417 1238 4461 et
1267 4407 1478 4471 iterum,
1509 4404 1696 4459 Postea
1720 4405 1827 4459 dixi
1853 4406 1937 4459 ei:

355 4497 631 4568 Postquam
658 4499 907 4568 fornicata
933 4514 984 4550 es
1004 4539 1017 4561 ,
1046 4497 1228 4551 accede
1246 4539 1261 4563 ,
1293 4506 1573 4550 convertere
1597 4496 1664 4548 ad
1702 4513 1780 4549 me
1801 4496 1933 4567 (Jer.

354 4592 409 4644 ‘5.
436 4591 512 4661 7).
538 4590 826 4660 Propterea
855 4598 909 4644 et
936 4590 1128 4643 multas
1164 4591 1275 4644 vias
1303 4591 1436 4643 alias
1471 4589 1796 4659 paenitentia:
1836 4589 1933 4643 de-

355 4682 453 4747 dit,
485 4696 591 4752 quo
618 4681 773 4735 nobis
802 4696 1013 4735 onmem
1043 4682 1261 4735 desidia:
1286 4682 1621 4735 occasionem
1657 4689 1893 4749 amputet
1917 4698 1931 4735 :

357 4790 478 4829 nam
506 4774 548 4828 si
577 4788 733 4827 unam
768 4773 1082 4827 haberemus
1108 4773 1298 4837 solam,
1331 4774 1427 4826 bac
1456 4771 1649 4825 vadere
1693 4772 1939 4840 nequire-

358 4884 499 4921 mus.
528 4866 831 4921 Mucronem
862 4866 1000 4919 bunc
1014 4865 1253 4919 diabolus
1268 4880 1477 4933 semper
1499 4864 1646 4933 fugit.
1667 4863 1937 4917 Peccasti?

358 4958 641 5013 ecclesiam
692 4956 1011 5025 ingredere,
1062 4964 1219 5025 atque
1266 4964 1412 5008 tuttm
1467 4954 1585 5008 dele
1638 4962 1933 5023 peccatum.

357 5050 578 5115 Quoties
602 5048 857 5102 cecideris
884 5047 935 5101 in
966 5048 1080 5099 foro
1099 5089 1113 5107 ,
1142 5047 1295 5100 toties
1322 5046 1561 5115 exsurgis
1586 5062 1599 5098 :
1626 5045 1703 5100 sic
1731 5045 1936 5113 quoties

359 5141 683 5209 peccaveris,
707 5137 906 5207 peccati
938 5139 1211 5205 pceniteat,
1231 5151 1401 5204 neque
1417 5136 1671 5204 desperes
1695 5152 1707 5188 :
1727 5136 1936 5189 tametsi

358 5231 594 5287 secundo
628 5230 949 5299 peccaveris,
986 5229 1219 5284 secundo
1243 5229 1515 5297 paeniteat,
1552 5243 1726 5298 neque
1762 5229 1939 5283 animo

358 5334 727 5380 consternatus
747 5338 775 5375 a
792 5338 886 5392 spe
906 5323 1259 5389 repositorum
1281 5321 1538 5375 bonorum
1561 5319 1940 5387 cadas.Quam-

359 5416 440 5470 vis
469 5416 522 5470 in
547 5423 782 5469 extrema
808 5411 997 5466 canitie
1024 5412 1341 5481 peccaveris,
1362 5408 1657 5480 ingredere,
1680 5411 1941 5481 peniten-

426 5612 443 5640 ί
470 5614 574 5656 sav.
590 5613 642 5655 et
657 5613 772 5668 Reg.
789 5618 936 5654 unus:
951 5606 1042 5656 Sed
1067 5605 1195 5657 rivus
1212 5606 1344 5656 nobis
1359 5605 1517 5656 adhuc
1534 5621 1689 5658 sermo
1700 5616 1769 5659 est
1791 5615 1852 5659 de
1867 5614 1944 5661 vta

368 5668 672 5778 pauentia.
702 5676 770 5716 De
785 5669 1082 5732 eleemosyna
1103 5668 1229 5719 enim
1252 5668 1618 5731 dtaimus,qu0d
1642 5683 1816 5735 inagna
1838 5684 1936 5735 pos-

368 5743 508 5778 sessw
522 5743 572 5778 es
599 5766 609 5776 .

361 5743 508 5780 sessio
522 5743 609 5779 est.

398 5797 475 5856 (α)
510 5797 623 5843 \‘ide
639 5796 730 5845 sub
750 5796 891 5846 linem
913 5797 1234 5857 praecedentis
1256 5797 1479 5850 homilta.

1502 362 1590 417 DE
1622 355 2103 416 ELEEMOSYNA.
2138 357 2369 415 HOMIL.
2411 354 2500 413 Ill.

3495 365 3597 418 £08

2022 478 2144 530 tiam
2174 474 2607 545 agezmedicina:
2634 476 2780 533 locus
2799 487 2881 532 est
2916 477 3019 539 hic,
3065 494 3169 532 non
3209 481 3389 548 jndicii
3416 485 3595 544 ‘;n«m

2020 566 2455 635 pcenasexigens,
2477 567 2571 621 sed
2600 578 2933 635 peccatorum
2952 571 3317 624 remissionem
3338 573 3594 627 tribuens.

2022 656 2129 708 Deo
2147 656 2243 708 soli
2260 656 2345 709 dic
2368 666 2639 725 peccatum
2668 668 2845 712 tuum:
2867 658 2975 712 Tibi
2990 661 3085 712 soli
3101 663 3318 729 peccavi,
3341 673 3388 716 et
3408 668 3594 720 malum

2017 763 2186 799 coram
2214 759 2259 800 te
2282 749 2378 818 feci
2399 749 2416 816 (
2439 746 2584 801 Psal.
2615 749 2703 803 59.
2730 748 2803 818 6)
2830 767 2845 817 ;
2876 760 2931 805 et
2953 751 3233 806 dimittitur
3271 754 3361 807 tibi
3408 769 3596 822 pecca-

2018 847 2150 891 tum.
2182 838 2352 892 Habes
2378 850 2433 893 et
2456 840 2609 893 aliatn
2632 842 2958 910 paenitentia:
2982 844 3114 896 viam
3142 842 3281 897 haud
3302 843 3594 908 difficilem,

2019 931 2109 984 sed
2139 933 2358 986 omnino
2375 934 2997 987 accommodatissimam.
3016 937 3233 1000 Qualem
3258 937 3432 990 hanc?
3456 938 3598 991 Delle

2017 1035 2179 1089 super
2221 1032 2493 1089 peccatum
2538 1026 2747 1089 tuum',
2788 1024 2945 1094 idque
2974 1041 3036 1078 ex
3069 1026 3234 1080 sacris
3259 1026 3405 1079 disce
3432 1042 3596 1080 evan-

2015 1112 2188 1180 geliis.
2220 1113 2409 1169 Petrus
2436 1114 2524 1169 ille
2560 1116 2915 1184 apostolorum
2946 1119 3221 1186 princeps,
3270 1120 3319 1172 in
3363 1119 3599 1174 Ecclesia

2019 1203 2242 1273 primus,
2267 1205 2470 1260 amicus
2494 1203 2691 1260 Christi
2711 1248 2726 1272 ,
2754 1207 2844 1274 qui
2875 1209 3254 1262 revelationem
3284 1211 3351 1262 ab
3374 1212 3597 1265 homini-

2018 1296 2119 1353 bus
2147 1312 2252 1352 non
2278 1298 2521 1367 accepit,
2551 1299 2645 1355 sed
2673 1315 2701 1353 a
2731 1300 2888 1355 Patre
2907 1342 2922 1367 ,
2951 1302 3088 1356 sicut
3114 1303 3212 1372 ipsi
3240 1305 3599 1359 testimonium

2018 1388 2273 1443 Dominus
2293 1389 2504 1445 reddit:
2530 1388 2719 1445 Beatus
2746 1408 2797 1445 es
2819 1392 2998 1447 Simon
3026 1393 3316 1462 Bar-Jona,
3338 1398 3456 1465 quia
3484 1413 3601 1450 caro

2017 1487 2065 1533 et
2091 1480 2296 1550 sanguis
2323 1497 2424 1533 non
2447 1480 2683 1535 reuelauit
2713 1482 2820 1543 tibi,
2848 1484 2937 1535 sed
2962 1481 3118 1537 Pater
3142 1501 3281 1538 meus
3304 1487 3391 1555 qui
3418 1488 3470 1539 in
3498 1503 3602 1540 ca:-

2017 1572 2082 1626 lis
2110 1581 2178 1625 est
2207 1569 2417 1635 (Matth.
2444 1573 2530 1626 16.
2560 1573 2649 1642 17)
2684 1590 2697 1626 :
2730 1573 2816 1628 hic
2840 1575 3030 1629 Petrus
3050 1576 3285 1647 (Petrum
3310 1593 3431 1631 cum
3460 1579 3599 1639 dico,

2023 1673 2225 1730 petram
2259 1663 2476 1715 nomine
2507 1662 2835 1734 infragilem,
2870 1668 3193 1735 crepidinem
3241 1670 3563 1725 immobilem
3585 1713 3601 1732 .

2018 1754 2315 1821 apostolum
2359 1768 2631 1823 magnum,
2666 1758 2894 1826 primum
2926 1758 3331 1828 discipulorum,
3375 1763 3601 1831 primum

2019 1853 2291 1909 vocatum,
2320 1856 2372 1901 et
2398 1852 2627 1918 primum
2667 1848 3026 1919 obedientem)
3061 1850 3190 1904 :ille
3231 1866 3335 1905 non
3383 1867 3601 1921 parvum

2019 1933 2225 1992 facinus
2246 1938 2480 2008 admisit,
2504 1941 2598 1995 sed
2620 1941 2929 2008 maximum,
2952 1942 3042 2011 qui
3060 1941 3337 1996 Dominum
3359 1945 3601 2013 negavit:

2021 2027 2124 2082 hoc
2165 2030 2319 2096 dico,
2359 2046 2464 2085 non
2502 2031 2703 2101 justum
2733 2046 3011 2096 accusans,
3040 2032 3134 2088 sed
3161 2034 3251 2087 tibi
3281 2035 3605 2103 paenitentiae

2021 2121 2267 2192 prmbens
2292 2124 2629 2179 occasionem
2654 2142 2667 2178 :
2699 2125 2869 2194 ipsum
2896 2124 3041 2179 orbis
3064 2125 3341 2180 Dominum
3371 2127 3602 2196 negavit,

2023 2222 2444 2284 procuratorem,
2472 2216 2798 2272 Salvatorem
2825 2216 3083 2271 omnium.
3110 2217 3181 2273 Ut
3205 2232 3333 2273 vero
3353 2218 3509 2272 altius
3529 2234 3607 2273 re-

2024 2314 2285 2373 petamus,
2302 2306 2433 2360 vidit
2453 2306 2700 2361 Salvator
2715 2308 2968 2377 quosdam
2989 2307 3246 2363 abeuntes
3263 2317 3405 2363 retro
3427 2308 3605 2381 (Joan.

2023 2396 2075 2450 6.
2105 2396 2228 2467 67),
2257 2406 2313 2451 et
2338 2397 2471 2452 dixit
2498 2398 2656 2452 Petro
2688 2417 2702 2453 :
2737 2397 3001 2467 Numquid
3031 2409 3076 2453 et
3108 2410 3161 2453 tu
3184 2401 3323 2453 abire
3356 2400 3472 2453 vis?
3505 2398 3606 2453 Pe-

2021 2494 2127 2539 trus
2154 2496 2322 2539 autem
2349 2488 2476 2541 dixit
2504 2504 2523 2542 :
2551 2487 2766 2542 Etiamsi
2804 2490 3081 2559 aportuerit
3118 2506 3197 2544 me
3236 2490 3365 2543 mori
3410 2501 3608 2558 tecum,

2021 2595 2123 2630 non
2152 2589 2198 2632 te
2226 2579 2415 2650 negabo
2443 2579 2656 2649 (Matth.
2676 2580 2766 2635 26.
2791 2581 2906 2652 35).
2930 2580 3067 2647 Quid
3084 2581 3237 2647 dicis,
3259 2581 3448 2636 Petre?
3471 2581 3608 2638 Deus

2021 2676 2103 2721 est
2128 2670 2218 2738 qui
2239 2669 2536 2736 denuntiat,
2561 2671 2685 2741 quid
2710 2672 2821 2739 ipse
2846 2671 3159 2725 reluctaris?
3182 2672 3284 2726 Sed
3314 2681 3488 2726 tamen
3521 2673 3604 2724 in-

2025 2751 2213 2828 tentio,
2241 2760 2382 2830 quod
2411 2776 2564 2815 suum
2592 2773 2707 2816 erat
2735 2762 2986 2826 ostendit,
3016 2770 3216 2815 natura:
3237 2778 3362 2815 vero
3392 2762 3608 2815 infirmi-

2025 2861 2105 2906 tas
2130 2851 2482 2921 redarguitur.
2506 2851 2631 2905 Ha-c
2658 2868 2786 2906 vero
2815 2852 3060 2922 quando?
3079 2852 3244 2907 Nocte
3264 2868 3368 2922 qua
3391 2854 3612 2907 traditus

2023 2954 2104 2999 est
2126 2943 2371 2997 Christus
2401 2962 2414 2997 :
2447 2953 2570 2997 tunc
2596 2943 2772 3014 igitur,
2824 2944 3026 3014 iuqttit,
3077 2944 3222 2998 stetit
3261 2944 3452 2999 Petrus
3488 2956 3611 2999 ante

2023 3049 2221 3103 prunas
2246 3035 2562 3089 calefaciens
2584 3051 2662 3100 se,
2688 3035 2862 3105 puella
2884 3034 3127 3104 quaedam
3145 3036 3387 3100 accessit,
3407 3044 3462 3091 et
3481 3037 3613 3091 dixit

2022 3127 2069 3179 ei
2103 3143 2116 3177 :
2152 3124 2281 3179 Heri
2305 3135 2350 3180 et
2377 3136 2429 3179 tu
2460 3142 2573 3180 cum
2614 3127 2815 3181 [tantine
2840 3127 2936 3179 isto
2969 3143 3081 3179 eras
3111 3124 3333 3199 (Matth.
3365 3127 3456 3183 26.
3488 3127 3609 3197 69).

2024 3218 2124 3273 Ille
2152 3227 2321 3273 autem
2348 3235 2368 3273 :
2396 3218 2517 3273 Non
2547 3221 2663 3273 novi
2687 3219 2939 3273 hominem
2969 3218 3102 3272 hunc
3127 3219 3145 3288 (
3167 3217 3332 3273 Marc.
3366 3220 3453 3273 l4.
3485 3220 3612 3291 68).

2029 3310 2226 3364 Deinde
2261 3310 2497 3365 secundo
2523 3320 2577 3365 et
2604 3311 2792 3373 tertio,
2828 3318 2883 3363 et
2909 3309 3122 3379 impleta
3152 3317 3236 3364 est
3260 3309 3610 3365 denuntiatio.

2028 3400 2160 3455 Hinc
2178 3400 2421 3455 Christus
2445 3401 2733 3469 respiciens
2756 3401 2806 3453 in
2830 3400 3067 3466 Petrum,
3090 3416 3275 3455 vocem
3297 3401 3497 3455 dimisit
3521 3418 3611 3471 per

2025 3494 2198 3563 ipsum
2231 3493 2474 3546 intuitum
2507 3490 2762 3562 (Luc.22.
2794 3491 2888 3561 6i)
2915 3508 2927 3544 :
2953 3506 3060 3545 non
3082 3492 3221 3546 enim
3245 3506 3338 3547 ore
3364 3492 3611 3562 loquutus

2026 3595 2127 3649 est,
2160 3598 2228 3637 ne
2252 3584 2422 3652 ipsum
2451 3596 2630 3636 coram
2656 3581 2853 3637 Judtris
2878 3582 3238 3651 redargueret,
3265 3594 3318 3636 et
3342 3585 3611 3653 proprium

2028 3676 2374 3741 confunderet
2419 3675 2774 3745 discipulum,
2821 3676 2914 3731 sed
2956 3692 3053 3747 per
3096 3677 3304 3731 oculum
3341 3678 3615 3733 dimittens

2028 3784 2213 3822 vocem
2231 3809 2245 3831 ,
2278 3768 2425 3838 quasi
2459 3767 2691 3832 diceret,
2725 3766 2883 3821 Petre
2903 3808 2917 3830 ,
2944 3767 3083 3837 quod
3112 3768 3255 3835 dixi,
3284 3768 3478 3823 factum
3508 3781 3611 3825 est.

2031 3859 2191 3927 Igitur
2221 3857 2409 3911 Petrus
2433 3868 2557 3912 tunc
2581 3857 2816 3911 sentiens
2852 3858 3011 3925 carpit
3048 3857 3175 3913 flere
3203 3877 3214 3911 :
3242 3870 3297 3913 et
3336 3876 3440 3913 non
3472 3860 3615 3915 flevit

2030 3948 2189 4002 modo
2210 3989 2223 4013 ,
2256 3948 2347 4002 sed
2376 3963 2555 4003 amare
2574 3988 2589 4014 ,
2621 3948 2909 4002 secundum
2944 3948 3199 4018 baptisma
3229 3965 3324 4018 per
3352 3950 3615 4021 lacrymas

2030 4058 2092 4094 ex
2135 4042 2302 4095 oculis
2340 4040 2575 4096 efficiens
2601 4060 2613 4092 :
2639 4057 2863 4111 cumque
2891 4040 3124 4097 flevisset
3167 4057 3375 4108 amare,
3421 4043 3614 4098 delevit

2031 4143 2306 4204 peccatum
2333 4152 2346 4187 :
2376 4145 2498 4203 post
2519 4134 2632 4187 hate
2652 4134 2793 4188 enim
2816 4133 2992 4187 claves
3018 4133 3090 4186 illi
3117 4134 3367 4187 etelorum
3388 4133 3616 4188 credun-

2034 4237 2136 4279 tur.
2159 4224 2310 4292 Quod
2347 4225 2390 4278 si
2430 4224 2573 4279 Petri
2618 4223 2773 4278 ﬂetus
2819 4232 3023 4278 tantum
3063 4224 3260 4279 delevit
3296 4236 3569 4294 peccatum
3594 4268 3613 4290 ,

2031 4317 2120 4385 qui
2143 4314 2257 4370 fieri
2286 4315 2499 4385 poterit,
2534 4324 2589 4369 ut
2618 4314 2662 4367 si
2694 4314 2923 4376 fleveris,
2958 4326 3228 4383 peccatum
3257 4332 3360 4369 non
3387 4316 3611 4374 deleas?

2032 4407 2146 4461 Non
2171 4408 2314 4461 enim
2345 4421 2537 4476 parvus
2560 4404 2658 4459 fuit
2682 4414 2877 4465 reatus,
2905 4405 3175 4473 proprium
3204 4406 3483 4461 Dominum
3513 4425 3611 4463 ne-

2031 4512 2205 4567 gasse,
2229 4496 2323 4551 sed
2344 4510 2563 4565 magnus
2588 4504 2643 4549 et
2666 4498 2876 4565 gravis;
2900 4509 3020 4548 eum
3046 4503 3217 4549 tamen
3243 4495 3492 4569 lacrymae
3516 4498 3615 4553 de-

2034 4590 2233 4644 levere.
2279 4587 2426 4643 Deﬂc
2473 4588 2632 4657 igitur
2675 4597 2727 4641 et
2770 4587 2883 4657 ipse
2922 4601 3081 4656 super
3110 4597 3615 4660 peccatum,neque

2035 4695 2245 4751 quoquo
2271 4680 2427 4735 modo
2452 4680 2590 4734 defle
2615 4688 2706 4733 aut
2734 4679 2909 4748 Specie
2937 4688 3171 4747 tantum,
3196 4680 3289 4736 sed
3312 4680 3448 4736 defle
3468 4698 3616 4737 ama-

2036 4787 2114 4835 re,
2138 4771 2581 4842 quemadmodum
2604 4781 2655 4823 et
2680 4771 2867 4825 Petrus
2892 4790 2903 4824 :
2932 4787 2997 4826 ex
3021 4772 3137 4840 ipso
3164 4772 3423 4841 profundo
3443 4772 3613 4828 deduc

2036 4863 2209 4918 fontes
2236 4863 2606 4934 lacrymarutn.
2630 4878 2735 4931 quo
2758 4862 3008 4917 Dominus
3033 4866 3389 4918 misericordia
3415 4876 3616 4936 motus,

2038 4956 2130 5011 tibi
2151 4964 2422 5024 peccatum
2444 4955 2672 5007 dimittat
2696 4973 2708 5006 :
2728 4954 2958 5008 clemens
2979 4955 3174 5009 etenim
3194 4964 3278 5010 est
3300 4974 3311 5008 :
3334 4956 3447 5025 ipse
3472 4959 3614 5013 enim

2037 5045 2205 5100 dixit:
2233 5043 2370 5097 Nolo
2395 5054 2603 5097 mortem
2629 5045 2920 5113 peccatoris,
2946 5046 3075 5097 sicut
3104 5048 3321 5099 converti
3350 5048 3536 5117 ipsum,
3567 5060 3615 5102 et

2039 5138 2378 5209 paenitentiam
2399 5153 2563 5205 agere,
2586 5146 2632 5189 et
2656 5136 2817 5189 vivere
2843 5134 3062 5206 (Ezech.
3090 5138 3176 5191 18.
3203 5136 3325 5209 25).
3358 5139 3615 5209 Exiguum

2039 5229 2237 5297 expetit
2265 5243 2295 5281 a
2327 5237 2377 5281 te
2406 5228 2675 5289 laborem,
2733 5236 2786 5281 et
2812 5241 2997 5295 magna
3026 5228 3137 5295 ipse
3165 5228 3382 5296 largitur
3408 5247 3420 5281 :
3454 5244 3612 5282 occa-

2040 5321 2242 5373 sionem
2274 5332 2303 5371 a
2335 5328 2386 5371 te
2415 5317 2620 5386 qua:rit,
2652 5325 2709 5369 ut
2734 5317 2825 5370 tibi
2855 5318 3039 5370 salutis
3071 5318 3373 5372 thesaurum
3395 5320 3613 5376 tribuat.

2041 5411 2226 5468 Profer
2268 5412 2560 5482 lacrymas,
2609 5420 2663 5464 et
2707 5409 2821 5478 ipse
2868 5408 3240 5479 indulgentiam
3277 5411 3614 5480 impertitur:

2104 5612 2117 5640 '
2153 5616 2204 5659 tn
2224 5608 2394 5658 savilio
2420 5623 2430 5656 :
2458 5615 2501 5656 et
2526 5607 2714 5665 indicit,
2742 5622 2845 5669 pro.
2871 5622 2962 5656 non
2969 5608 3166 5667 judiciz.

2098 5701 2117 5728 ²
2155 5711 2207 5754 tn
2230 5704 2392 5774 savil.,
2421 5703 2549 5774 Defle
2571 5716 2725 5774 super.
2752 5712 3005 5774 peccatum
3027 5710 3173 5758 tuum.
3214 5710 3496 5773 Deﬂeuuti?
3518 5719 3613 5774 ini.

2039 5775 2262 5834 quianam
2284 5773 2414 5817 tuam
2437 5765 2650 5816 deiecisti
2677 5765 2870 5826 :idque,
2888 5773 2984 5815 etc.
