  <div class='ocr_page' id='page_1' title='image "/cluster/home/n/w/nwhite01/storage/ocr_20150623/49/nnc1.0046978208/287.png"; bbox 0 0 4046 6396; ppageno 0'>
   <div class='ocr_carea' id='block_1_1' title="bbox 456 347 3720 456">
    <p class='ocr_par' dir='ltr' id='par_1_1' title="bbox 456 347 3720 456">
     <span class='ocr_line' id='line_1_1' title="bbox 456 347 3720 456; baseline -0.004 -12"><span class='ocrx_word' id='word_1_1' title='bbox 456 402 559 456; x_wconf 61' lang='grc' dir='ltr'><strong>ροο</strong></span> <span class='ocrx_word' id='word_1_2' title='bbox 1161 347 1218 444; x_wconf 87' lang='lat' dir='ltr'><strong>s.</strong></span> <span class='ocrx_word' id='word_1_3' title='bbox 1256 385 1531 443; x_wconf 75' lang='lat' dir='ltr'><strong>JOANNIS</strong></span> <span class='ocrx_word' id='word_1_4' title='bbox 1553 379 2026 441; x_wconf 76' lang='lat' dir='ltr'><strong>cnnvsosrout</strong></span> <span class='ocrx_word' id='word_1_5' title='bbox 2064 374 2380 434; x_wconf 77' lang='lat' dir='ltr'><strong>ARCHIEP.</strong></span> <span class='ocrx_word' id='word_1_6' title='bbox 2411 372 2941 430; x_wconf 79' lang='lat' dir='ltr'><strong>CONSTANTINOP.</strong></span> <span class='ocrx_word' id='word_1_7' title='bbox 3615 375 3720 430; x_wconf 75' lang='lat'><strong>300</strong></span> 
     </span>
    </p>
   </div>
   <div class='ocr_carea' id='block_1_2' title="bbox 459 495 2037 587">
    <p class='ocr_par' dir='ltr' id='par_1_2' title="bbox 459 495 2037 587">
     <span class='ocr_line' id='line_1_2' title="bbox 459 495 2037 587; baseline -0.012 -22"><span class='ocrx_word' id='word_1_8' title='bbox 459 515 638 587; x_wconf 86' lang='lat' dir='ltr'><strong>profer</strong></span> <span class='ocrx_word' id='word_1_9' title='bbox 663 505 1047 582; x_wconf 72' lang='lat' dir='ltr'><strong>ptenitentiam,</strong></span> <span class='ocrx_word' id='word_1_10' title='bbox 1078 512 1132 557; x_wconf 87' lang='lat' dir='ltr'><strong>et</strong></span> <span class='ocrx_word' id='word_1_11' title='bbox 1162 502 1276 571; x_wconf 89' lang='lat' dir='ltr'><strong>ipse</strong></span> <span class='ocrx_word' id='word_1_12' title='bbox 1304 499 1671 556; x_wconf 81' lang='lat' dir='ltr'><strong>remissionem</strong></span> <span class='ocrx_word' id='word_1_13' title='bbox 1700 495 1881 551; x_wconf 92' lang='lat' dir='ltr'><strong>tribuit</strong></span> <span class='ocrx_word' id='word_1_14' title='bbox 1913 507 2037 562; x_wconf 90' lang='lat' dir='ltr'><strong>pec-</strong></span> 
     </span>
    </p>
   </div>
   <div class='ocr_carea' id='block_1_3' title="bbox 457 584 2036 661">
    <p class='ocr_par' dir='ltr' id='par_1_3' title="bbox 457 584 2036 661">
     <span class='ocr_line' id='line_1_3' title="bbox 457 584 2036 661; baseline -0.014 -1"><span class='ocrx_word' id='word_1_15' title='bbox 457 584 698 659; x_wconf 76' lang='lat' dir='ltr'><strong>catorum</strong></span> <span class='ocrx_word' id='word_1_16' title='bbox 724 619 737 656; x_wconf 89' lang='lat'><strong>:</strong></span> <span class='ocrx_word' id='word_1_17' title='bbox 765 597 1099 655; x_wconf 84' lang='lat' dir='ltr'><strong>occasionem</strong></span> <span class='ocrx_word' id='word_1_18' title='bbox 1139 602 1198 646; x_wconf 92' lang='lat' dir='ltr'><strong>tu</strong></span> <span class='ocrx_word' id='word_1_19' title='bbox 1226 592 1468 661; x_wconf 81' lang='lat' dir='ltr'><strong>exiguam</strong></span> <span class='ocrx_word' id='word_1_20' title='bbox 1504 589 1706 654; x_wconf 85' lang='lat' dir='ltr'><strong>confer,</strong></span> <span class='ocrx_word' id='word_1_21' title='bbox 1733 594 1792 641; x_wconf 90' lang='lat' dir='ltr'><strong>ut</strong></span> <span class='ocrx_word' id='word_1_22' title='bbox 1829 584 2036 654; x_wconf 81' lang='lat' dir='ltr'><strong>specio-</strong></span> 
     </span>
    </p>
   </div>
   <div class='ocr_carea' id='block_1_4' title="bbox 459 676 2036 753">
    <p class='ocr_par' dir='ltr' id='par_1_4' title="bbox 459 676 2036 753">
     <span class='ocr_line' id='line_1_4' title="bbox 459 676 2036 753; baseline -0.015 -1"><span class='ocrx_word' id='word_1_23' title='bbox 459 711 575 753; x_wconf 80' lang='lat' dir='ltr'><strong>sam</strong></span> <span class='ocrx_word' id='word_1_24' title='bbox 602 694 796 748; x_wconf 84' lang='lat' dir='ltr'><strong>habeas</strong></span> <span class='ocrx_word' id='word_1_25' title='bbox 815 687 1212 743; x_wconf 69' lang='lat' dir='ltr'><strong>excusationem</strong></span> <span class='ocrx_word' id='word_1_26' title='bbox 1233 699 1246 737; x_wconf 89' lang='lat'><strong>:</strong></span> <span class='ocrx_word' id='word_1_27' title='bbox 1270 681 1512 752; x_wconf 65' lang='lat' dir='ltr'><strong>quaedam</strong></span> <span class='ocrx_word' id='word_1_28' title='bbox 1533 680 1675 734; x_wconf 90' lang='lat' dir='ltr'><strong>enim</strong></span> <span class='ocrx_word' id='word_1_29' title='bbox 1696 678 1763 731; x_wconf 91' lang='lat' dir='ltr'><strong>ab</strong></span> <span class='ocrx_word' id='word_1_30' title='bbox 1783 676 1872 731; x_wconf 90' lang='lat' dir='ltr'><strong>illo</strong></span> <span class='ocrx_word' id='word_1_31' title='bbox 1895 684 2036 740; x_wconf 89' lang='lat' dir='ltr'><strong>sunt,</strong></span> 
     </span>
    </p>
   </div>
   <div class='ocr_carea' id='block_1_5' title="bbox 459 767 2036 857">
    <p class='ocr_par' dir='ltr' id='par_1_5' title="bbox 459 767 2036 857">
     <span class='ocr_line' id='line_1_5' title="bbox 459 767 2036 857; baseline -0.015 -15"><span class='ocrx_word' id='word_1_32' title='bbox 459 785 700 857; x_wconf 62' lang='lat' dir='ltr'><strong>quaedam</strong></span> <span class='ocrx_word' id='word_1_33' title='bbox 725 799 753 834; x_wconf 92' lang='lat' dir='ltr'><strong>a</strong></span> <span class='ocrx_word' id='word_1_34' title='bbox 781 779 932 834; x_wconf 91' lang='lat' dir='ltr'><strong>nobis</strong></span> <span class='ocrx_word' id='word_1_35' title='bbox 959 795 973 832; x_wconf 89' lang='lat'><strong>:</strong></span> <span class='ocrx_word' id='word_1_36' title='bbox 998 791 1116 846; x_wconf 69' lang='lat' dir='ltr'><strong>qua:</strong></span> <span class='ocrx_word' id='word_1_37' title='bbox 1141 791 1170 828; x_wconf 93' lang='lat' dir='ltr'><strong>a</strong></span> <span class='ocrx_word' id='word_1_38' title='bbox 1201 773 1355 828; x_wconf 89' lang='lat' dir='ltr'><strong>nobis</strong></span> <span class='ocrx_word' id='word_1_39' title='bbox 1383 780 1506 826; x_wconf 88' lang='lat' dir='ltr'><strong>sunt</strong></span> <span class='ocrx_word' id='word_1_40' title='bbox 1545 771 1588 825; x_wconf 85' lang='lat' dir='ltr'><strong>si</strong></span> <span class='ocrx_word' id='word_1_41' title='bbox 1617 767 1998 845; x_wconf 76' lang='lat' dir='ltr'><strong>contulerimus</strong></span> <span class='ocrx_word' id='word_1_42' title='bbox 2021 808 2036 831; x_wconf 92' lang='lat'><strong>,</strong></span> 
     </span>
    </p>
   </div>
   <div class='ocr_carea' id='block_1_6' title="bbox 457 859 2041 946">
    <p class='ocr_par' dir='ltr' id='par_1_6' title="bbox 457 859 2041 946">
     <span class='ocr_line' id='line_1_6' title="bbox 457 859 2041 946; baseline -0.014 -12"><span class='ocrx_word' id='word_1_43' title='bbox 457 888 514 934; x_wconf 87' lang='lat' dir='ltr'><strong>et</strong></span> <span class='ocrx_word' id='word_1_44' title='bbox 540 877 654 946; x_wconf 87' lang='lat' dir='ltr'><strong>ipse</strong></span> <span class='ocrx_word' id='word_1_45' title='bbox 675 887 860 928; x_wconf 82' lang='lat' dir='ltr'><strong>rursus</strong></span> <span class='ocrx_word' id='word_1_46' title='bbox 893 884 1012 938; x_wconf 69' lang='lat' dir='ltr'><strong>qua:</strong></span> <span class='ocrx_word' id='word_1_47' title='bbox 1038 875 1160 920; x_wconf 78' lang='lat' dir='ltr'><strong>sum.</strong></span> <span class='ocrx_word' id='word_1_48' title='bbox 1183 866 1249 920; x_wconf 92' lang='lat' dir='ltr'><strong>ab</strong></span> <span class='ocrx_word' id='word_1_49' title='bbox 1275 866 1389 933; x_wconf 90' lang='lat' dir='ltr'><strong>ipso</strong></span> <span class='ocrx_word' id='word_1_50' title='bbox 1415 861 1692 933; x_wconf 72' lang='lat' dir='ltr'><strong>praebebit.</strong></span> <span class='ocrx_word' id='word_1_51' title='bbox 1728 860 1844 914; x_wconf 90' lang='lat' dir='ltr'><strong>Jam</strong></span> <span class='ocrx_word' id='word_1_52' title='bbox 1885 859 2041 929; x_wconf 89' lang='lat' dir='ltr'><strong>igitur</strong></span> 
     </span>
    </p>
   </div>
   <div class='ocr_carea' id='block_1_7' title="bbox 459 948 2043 1036">
    <p class='ocr_par' dir='ltr' id='par_1_7' title="bbox 459 948 2043 1036">
     <span class='ocr_line' id='line_1_7' title="bbox 459 948 2043 1036; baseline -0.013 -15"><span class='ocrx_word' id='word_1_53' title='bbox 459 983 578 1036; x_wconf 72' lang='lat' dir='ltr'><strong>qua:</strong></span> <span class='ocrx_word' id='word_1_54' title='bbox 600 965 668 1018; x_wconf 90' lang='lat' dir='ltr'><strong>ab</strong></span> <span class='ocrx_word' id='word_1_55' title='bbox 699 963 786 1016; x_wconf 93' lang='lat' dir='ltr'><strong>illo</strong></span> <span class='ocrx_word' id='word_1_56' title='bbox 815 969 960 1022; x_wconf 85' lang='lat' dir='ltr'><strong>sunt,</strong></span> <span class='ocrx_word' id='word_1_57' title='bbox 995 959 1108 1026; x_wconf 84' lang='lat' dir='ltr'><strong>ipse</strong></span> <span class='ocrx_word' id='word_1_58' title='bbox 1143 955 1364 1024; x_wconf 66' lang='lat' dir='ltr'><strong>praebuit</strong></span> <span class='ocrx_word' id='word_1_59' title='bbox 1391 972 1404 1008; x_wconf 89' lang='lat'><strong>:</strong></span> <span class='ocrx_word' id='word_1_60' title='bbox 1434 954 1602 1008; x_wconf 86' lang='lat' dir='ltr'><strong>solem</strong></span> <span class='ocrx_word' id='word_1_61' title='bbox 1647 952 1895 1006; x_wconf 88' lang='lat' dir='ltr'><strong>nimirum</strong></span> <span class='ocrx_word' id='word_1_62' title='bbox 1917 991 1931 1015; x_wconf 89' lang='lat'><strong>,</strong></span> <span class='ocrx_word' id='word_1_63' title='bbox 1960 948 2043 1003; x_wconf 90' lang='lat' dir='ltr'><strong>lu-</strong></span> 
     </span>
    </p>
   </div>
   <div class='ocr_carea' id='block_1_8' title="bbox 461 1039 2044 1120">
    <p class='ocr_par' dir='ltr' id='par_1_8' title="bbox 461 1039 2044 1120">
     <span class='ocr_line' id='line_1_8' title="bbox 461 1039 2044 1120; baseline -0.013 -9"><span class='ocrx_word' id='word_1_64' title='bbox 461 1073 606 1120; x_wconf 87' lang='lat' dir='ltr'><strong>nam,</strong></span> <span class='ocrx_word' id='word_1_65' title='bbox 632 1053 835 1108; x_wconf 86' lang='lat' dir='ltr'><strong>varium</strong></span> <span class='ocrx_word' id='word_1_66' title='bbox 861 1050 1136 1104; x_wconf 90' lang='lat' dir='ltr'><strong>stellarum</strong></span> <span class='ocrx_word' id='word_1_67' title='bbox 1163 1045 1386 1099; x_wconf 89' lang='lat' dir='ltr'><strong>chorum</strong></span> <span class='ocrx_word' id='word_1_68' title='bbox 1414 1043 1668 1106; x_wconf 89' lang='lat' dir='ltr'><strong>fundavit,</strong></span> <span class='ocrx_word' id='word_1_69' title='bbox 1691 1055 1868 1096; x_wconf 89' lang='lat' dir='ltr'><strong>aerem</strong></span> <span class='ocrx_word' id='word_1_70' title='bbox 1887 1039 2044 1094; x_wconf 82' lang='lat' dir='ltr'><strong>dill&#39;u-</strong></span> 
     </span>
    </p>
   </div>
   <div class='ocr_carea' id='block_1_9' title="bbox 459 1130 2039 1214">
    <p class='ocr_par' dir='ltr' id='par_1_9' title="bbox 459 1130 2039 1214">
     <span class='ocr_line' id='line_1_9' title="bbox 459 1130 2039 1214; baseline -0.011 -11"><span class='ocrx_word' id='word_1_71' title='bbox 459 1149 559 1214; x_wconf 88' lang='lat' dir='ltr'><strong>dit,</strong></span> <span class='ocrx_word' id='word_1_72' title='bbox 589 1157 786 1200; x_wconf 88' lang='lat' dir='ltr'><strong>terram</strong></span> <span class='ocrx_word' id='word_1_73' title='bbox 813 1139 1083 1211; x_wconf 78' lang='lat' dir='ltr'><strong>expandit,</strong></span> <span class='ocrx_word' id='word_1_74' title='bbox 1122 1153 1269 1192; x_wconf 86' lang='lat' dir='ltr'><strong>mare</strong></span> <span class='ocrx_word' id='word_1_75' title='bbox 1296 1135 1601 1199; x_wconf 81' lang='lat' dir='ltr'><strong>obvallavit,</strong></span> <span class='ocrx_word' id='word_1_76' title='bbox 1627 1142 1837 1188; x_wconf 85' lang='lat' dir='ltr'><strong>montes</strong></span> <span class='ocrx_word' id='word_1_77' title='bbox 1865 1130 2039 1197; x_wconf 87' lang='lat' dir='ltr'><strong>dedit,</strong></span> 
     </span>
    </p>
   </div>
   <div class='ocr_carea' id='block_1_10' title="bbox 459 1221 2042 1301">
    <p class='ocr_par' dir='ltr' id='par_1_10' title="bbox 459 1221 2042 1301">
     <span class='ocr_line' id='line_1_10' title="bbox 459 1221 2042 1301; baseline -0.013 -7"><span class='ocrx_word' id='word_1_78' title='bbox 459 1240 648 1301; x_wconf 75' lang='lat' dir='ltr'><strong>saltus,</strong></span> <span class='ocrx_word' id='word_1_79' title='bbox 675 1235 862 1298; x_wconf 91' lang='lat' dir='ltr'><strong>colles,</strong></span> <span class='ocrx_word' id='word_1_80' title='bbox 893 1231 1067 1285; x_wconf 89' lang='lat' dir='ltr'><strong>fontes</strong></span> <span class='ocrx_word' id='word_1_81' title='bbox 1087 1269 1102 1296; x_wconf 91' lang='lat'><strong>,</strong></span> <span class='ocrx_word' id='word_1_82' title='bbox 1127 1230 1271 1282; x_wconf 92' lang='lat' dir='ltr'><strong>lacus</strong></span> <span class='ocrx_word' id='word_1_83' title='bbox 1292 1267 1305 1290; x_wconf 92' lang='lat'><strong>,</strong></span> <span class='ocrx_word' id='word_1_84' title='bbox 1341 1225 1550 1290; x_wconf 84' lang='lat' dir='ltr'><strong>ﬂuvios,</strong></span> <span class='ocrx_word' id='word_1_85' title='bbox 1583 1225 1858 1278; x_wconf 91' lang='lat' dir='ltr'><strong>innumera</strong></span> <span class='ocrx_word' id='word_1_86' title='bbox 1888 1221 2042 1292; x_wconf 88' lang='lat' dir='ltr'><strong>plan-</strong></span> 
     </span>
    </p>
   </div>
   <div class='ocr_carea' id='block_1_11' title="bbox 461 1312 2045 1400">
    <p class='ocr_par' dir='ltr' id='par_1_11' title="bbox 461 1312 2045 1400">
     <span class='ocr_line' id='line_1_11' title="bbox 461 1312 2045 1400; baseline -0.013 -13"><span class='ocrx_word' id='word_1_87' title='bbox 461 1343 634 1386; x_wconf 82' lang='lat' dir='ltr'><strong>tarum</strong></span> <span class='ocrx_word' id='word_1_88' title='bbox 659 1342 872 1400; x_wconf 87' lang='lat' dir='ltr'><strong>genera,</strong></span> <span class='ocrx_word' id='word_1_89' title='bbox 906 1322 1176 1388; x_wconf 90' lang='lat' dir='ltr'><strong>viridaria,</strong></span> <span class='ocrx_word' id='word_1_90' title='bbox 1199 1329 1392 1375; x_wconf 61' lang='lat' dir='ltr'><strong>caetera</strong></span> <span class='ocrx_word' id='word_1_91' title='bbox 1417 1318 1591 1372; x_wconf 87' lang='lat' dir='ltr'><strong>omnia</strong></span> <span class='ocrx_word' id='word_1_92' title='bbox 1616 1334 1629 1370; x_wconf 89' lang='lat'>:</span> <span class='ocrx_word' id='word_1_93' title='bbox 1657 1325 1711 1370; x_wconf 90' lang='lat' dir='ltr'><strong>tu</strong></span> <span class='ocrx_word' id='word_1_94' title='bbox 1733 1328 1920 1371; x_wconf 87' lang='lat' dir='ltr'><strong>rursus</strong></span> <span class='ocrx_word' id='word_1_95' title='bbox 1947 1312 2045 1368; x_wconf 83' lang='lat' dir='ltr'><strong>ali-</strong></span> 
     </span>
    </p>
   </div>
   <div class='ocr_carea' id='block_1_12' title="bbox 459 1406 2044 1494">
    <p class='ocr_par' dir='ltr' id='par_1_12' title="bbox 459 1406 2044 1494">
     <span class='ocr_line' id='line_1_12' title="bbox 459 1406 2044 1494; baseline -0.01 -16"><span class='ocrx_word' id='word_1_96' title='bbox 459 1422 584 1494; x_wconf 89' lang='lat' dir='ltr'><strong>quid</strong></span> <span class='ocrx_word' id='word_1_97' title='bbox 615 1421 862 1489; x_wconf 79' lang='lat' dir='ltr'><strong>exiguum</strong></span> <span class='ocrx_word' id='word_1_98' title='bbox 888 1414 1093 1478; x_wconf 87' lang='lat' dir='ltr'><strong>confer,</strong></span> <span class='ocrx_word' id='word_1_99' title='bbox 1120 1423 1176 1468; x_wconf 94' lang='lat' dir='ltr'><strong>ut</strong></span> <span class='ocrx_word' id='word_1_100' title='bbox 1198 1413 1270 1466; x_wconf 92' lang='lat' dir='ltr'><strong>ita</strong></span> <span class='ocrx_word' id='word_1_101' title='bbox 1296 1411 1530 1466; x_wconf 70' lang='lat' dir='ltr'><strong>caelestia</strong></span> <span class='ocrx_word' id='word_1_102' title='bbox 1554 1409 1645 1464; x_wconf 88' lang='lat' dir='ltr'><strong>tibi</strong></span> <span class='ocrx_word' id='word_1_103' title='bbox 1671 1408 1943 1477; x_wconf 76' lang='lat' dir='ltr'><strong>largiatur.</strong></span> <span class='ocrx_word' id='word_1_104' title='bbox 1966 1406 2044 1462; x_wconf 86' lang='lat' dir='ltr'><strong>Ne</strong></span> 
     </span>
    </p>
   </div>
   <div class='ocr_carea' id='block_1_13' title="bbox 461 1501 2043 1586">
    <p class='ocr_par' dir='ltr' id='par_1_13' title="bbox 461 1501 2043 1586">
     <span class='ocr_line' id='line_1_13' title="bbox 461 1501 2043 1586; baseline -0.012 -16"><span class='ocrx_word' id='word_1_105' title='bbox 461 1517 621 1586; x_wconf 89' lang='lat' dir='ltr'><strong>igitur</strong></span> <span class='ocrx_word' id='word_1_106' title='bbox 664 1528 762 1567; x_wconf 90' lang='lat' dir='ltr'><strong>nos</strong></span> <span class='ocrx_word' id='word_1_107' title='bbox 810 1509 953 1578; x_wconf 88' lang='lat' dir='ltr'><strong>ipsos</strong></span> <span class='ocrx_word' id='word_1_108' title='bbox 996 1505 1321 1576; x_wconf 88' lang='lat' dir='ltr'><strong>negligamus</strong></span> <span class='ocrx_word' id='word_1_109' title='bbox 1345 1545 1360 1570; x_wconf 95' lang='lat'><strong>,</strong></span> <span class='ocrx_word' id='word_1_110' title='bbox 1392 1517 1564 1572; x_wconf 89' lang='lat' dir='ltr'><strong>neque</strong></span> <span class='ocrx_word' id='word_1_111' title='bbox 1602 1517 1632 1556; x_wconf 87' lang='lat' dir='ltr'><strong>a</strong></span> <span class='ocrx_word' id='word_1_112' title='bbox 1665 1501 1837 1555; x_wconf 88' lang='lat' dir='ltr'><strong>salute</strong></span> <span class='ocrx_word' id='word_1_113' title='bbox 1863 1506 2043 1553; x_wconf 86' lang='lat' dir='ltr'><strong>nostra</strong></span> 
     </span>
    </p>
   </div>
   <div class='ocr_carea' id='block_1_14' title="bbox 460 1590 2046 1680">
    <p class='ocr_par' dir='ltr' id='par_1_14' title="bbox 460 1590 2046 1680">
     <span class='ocr_line' id='line_1_14' title="bbox 460 1590 2046 1680; baseline -0.012 -17"><span class='ocrx_word' id='word_1_114' title='bbox 460 1604 794 1680; x_wconf 88' lang='lat' dir='ltr'><strong>procuranda</strong></span> <span class='ocrx_word' id='word_1_115' title='bbox 833 1601 1150 1656; x_wconf 91' lang='lat' dir='ltr'><strong>desistamus</strong></span> <span class='ocrx_word' id='word_1_116' title='bbox 1174 1637 1189 1662; x_wconf 92' lang='lat'><strong>,</strong></span> <span class='ocrx_word' id='word_1_117' title='bbox 1231 1611 1352 1651; x_wconf 91' lang='lat' dir='ltr'><strong>cum</strong></span> <span class='ocrx_word' id='word_1_118' title='bbox 1397 1602 1600 1649; x_wconf 89' lang='lat' dir='ltr'><strong>tantum</strong></span> <span class='ocrx_word' id='word_1_119' title='bbox 1647 1592 1800 1646; x_wconf 92' lang='lat' dir='ltr'><strong>nobis</strong></span> <span class='ocrx_word' id='word_1_120' title='bbox 1830 1590 2046 1660; x_wconf 85' lang='lat' dir='ltr'><strong>pelagus</strong></span> 
     </span>
    </p>
   </div>
   <div class='ocr_carea' id='block_1_15' title="bbox 463 1682 2046 1770">
    <p class='ocr_par' dir='ltr' id='par_1_15' title="bbox 463 1682 2046 1770">
     <span class='ocr_line' id='line_1_15' title="bbox 463 1682 2046 1770; baseline -0.013 -14"><span class='ocrx_word' id='word_1_121' title='bbox 463 1697 803 1770; x_wconf 82' lang='lat' dir='ltr'><strong>benignitatis</strong></span> <span class='ocrx_word' id='word_1_122' title='bbox 818 1694 1053 1750; x_wconf 88' lang='lat' dir='ltr'><strong>omnium</strong></span> <span class='ocrx_word' id='word_1_123' title='bbox 1080 1689 1287 1744; x_wconf 86' lang='lat' dir='ltr'><strong>Domini</strong></span> <span class='ocrx_word' id='word_1_124' title='bbox 1313 1695 1504 1757; x_wconf 83' lang='lat' dir='ltr'><strong>pateat,</strong></span> <span class='ocrx_word' id='word_1_125' title='bbox 1527 1685 1614 1755; x_wconf 89' lang='lat' dir='ltr'><strong>qui</strong></span> <span class='ocrx_word' id='word_1_126' title='bbox 1636 1699 1796 1754; x_wconf 87' lang='lat' dir='ltr'><strong>super</strong></span> <span class='ocrx_word' id='word_1_127' title='bbox 1815 1682 2046 1753; x_wconf 86' lang='lat' dir='ltr'><strong>peccatis</strong></span> 
     </span>
    </p>
   </div>
   <div class='ocr_carea' id='block_1_16' title="bbox 466 1779 2044 1860">
    <p class='ocr_par' dir='ltr' id='par_1_16' title="bbox 466 1779 2044 1860">
     <span class='ocr_line' id='line_1_16' title="bbox 466 1779 2044 1860; baseline -0.011 -13"><span class='ocrx_word' id='word_1_128' title='bbox 466 1792 660 1846; x_wconf 89' lang='lat' dir='ltr'><strong>nostris</strong></span> <span class='ocrx_word' id='word_1_129' title='bbox 690 1787 1000 1860; x_wconf 71' lang='lat' dir='ltr'><strong>pmnitentia</strong></span> <span class='ocrx_word' id='word_1_130' title='bbox 1042 1783 1274 1838; x_wconf 87' lang='lat' dir='ltr'><strong>ducitur.</strong></span> <span class='ocrx_word' id='word_1_131' title='bbox 1316 1779 1655 1850; x_wconf 86' lang='lat' dir='ltr'><strong>Propositum</strong></span> <span class='ocrx_word' id='word_1_132' title='bbox 1703 1787 1785 1831; x_wconf 89' lang='lat' dir='ltr'><strong>est</strong></span> <span class='ocrx_word' id='word_1_133' title='bbox 1827 1791 2044 1846; x_wconf 90' lang='lat' dir='ltr'><strong>regnum</strong></span> 
     </span>
    </p>
   </div>
   <div class='ocr_carea' id='block_1_17' title="bbox 465 1867 2046 1949">
    <p class='ocr_par' dir='ltr' id='par_1_17' title="bbox 465 1867 2046 1949">
     <span class='ocr_line' id='line_1_17' title="bbox 465 1867 2046 1949; baseline -0.012 -11"><span class='ocrx_word' id='word_1_134' title='bbox 465 1885 718 1939; x_wconf 71' lang='lat' dir='ltr'><strong>cavlortun</strong></span> <span class='ocrx_word' id='word_1_135' title='bbox 749 1888 802 1933; x_wconf 93' lang='lat' dir='ltr'><strong>et</strong></span> <span class='ocrx_word' id='word_1_136' title='bbox 828 1877 1102 1949; x_wconf 86' lang='lat' dir='ltr'><strong>paradisus</strong></span> <span class='ocrx_word' id='word_1_137' title='bbox 1122 1915 1136 1938; x_wconf 95' lang='lat'><strong>,</strong></span> <span class='ocrx_word' id='word_1_138' title='bbox 1179 1886 1348 1942; x_wconf 90' lang='lat' dir='ltr'><strong>caque</strong></span> <span class='ocrx_word' id='word_1_139' title='bbox 1388 1870 1552 1934; x_wconf 90' lang='lat' dir='ltr'><strong>bona,</strong></span> <span class='ocrx_word' id='word_1_140' title='bbox 1583 1885 1701 1939; x_wconf 69' lang='lat' dir='ltr'><strong>quas</strong></span> <span class='ocrx_word' id='word_1_141' title='bbox 1733 1883 1835 1923; x_wconf 91' lang='lat' dir='ltr'><strong>nec</strong></span> <span class='ocrx_word' id='word_1_142' title='bbox 1861 1867 2046 1922; x_wconf 82' lang='lat' dir='ltr'><strong>oculus</strong></span> 
     </span>
    </p>
   </div>
   <div class='ocr_carea' id='block_1_18' title="bbox 463 1959 2043 2036">
    <p class='ocr_par' dir='ltr' id='par_1_18' title="bbox 463 1959 2043 2036">
     <span class='ocr_line' id='line_1_18' title="bbox 463 1959 2043 2036; baseline -0.011 -6"><span class='ocrx_word' id='word_1_143' title='bbox 463 1977 614 2036; x_wconf 83' lang='lat' dir='ltr'><strong>vidit,</strong></span> <span class='ocrx_word' id='word_1_144' title='bbox 644 1989 745 2028; x_wconf 93' lang='lat' dir='ltr'><strong>nec</strong></span> <span class='ocrx_word' id='word_1_145' title='bbox 769 1972 913 2026; x_wconf 88' lang='lat' dir='ltr'><strong>auris</strong></span> <span class='ocrx_word' id='word_1_146' title='bbox 942 1968 1165 2031; x_wconf 87' lang='lat' dir='ltr'><strong>audivit,</strong></span> <span class='ocrx_word' id='word_1_147' title='bbox 1194 1981 1294 2020; x_wconf 91' lang='lat' dir='ltr'><strong>nec</strong></span> <span class='ocrx_word' id='word_1_148' title='bbox 1323 1965 1375 2018; x_wconf 90' lang='lat' dir='ltr'><strong>in</strong></span> <span class='ocrx_word' id='word_1_149' title='bbox 1399 1978 1494 2018; x_wconf 92' lang='lat' dir='ltr'><strong>cor</strong></span> <span class='ocrx_word' id='word_1_150' title='bbox 1523 1962 1753 2017; x_wconf 86' lang='lat' dir='ltr'><strong>hominis</strong></span> <span class='ocrx_word' id='word_1_151' title='bbox 1781 1959 2043 2016; x_wconf 83' lang='lat' dir='ltr'><strong>ascende-</strong></span> 
     </span>
    </p>
   </div>
   <div class='ocr_carea' id='block_1_19' title="bbox 465 2053 2043 2136">
    <p class='ocr_par' dir='ltr' id='par_1_19' title="bbox 465 2053 2043 2136">
     <span class='ocr_line' id='line_1_19' title="bbox 465 2053 2043 2136; baseline -0.01 -14"><span class='ocrx_word' id='word_1_152' title='bbox 465 2079 604 2132; x_wconf 91' lang='lat' dir='ltr'><strong>runt,</strong></span> <span class='ocrx_word' id='word_1_153' title='bbox 635 2081 751 2136; x_wconf 72' lang='lat' dir='ltr'><strong>quae</strong></span> <span class='ocrx_word' id='word_1_154' title='bbox 779 2062 1102 2136; x_wconf 68' lang='lat' dir='ltr'><strong>praeparavit</strong></span> <span class='ocrx_word' id='word_1_155' title='bbox 1125 2061 1264 2115; x_wconf 91' lang='lat' dir='ltr'><strong>Deus</strong></span> <span class='ocrx_word' id='word_1_156' title='bbox 1291 2059 1373 2124; x_wconf 90' lang='lat' dir='ltr'><strong>iis,</strong></span> <span class='ocrx_word' id='word_1_157' title='bbox 1401 2059 1492 2129; x_wconf 88' lang='lat' dir='ltr'><strong>qui</strong></span> <span class='ocrx_word' id='word_1_158' title='bbox 1521 2058 1692 2126; x_wconf 85' lang='lat' dir='ltr'><strong>ipsum</strong></span> <span class='ocrx_word' id='word_1_159' title='bbox 1719 2055 1942 2128; x_wconf 80' lang='lat' dir='ltr'><strong>diligunt</strong></span> <span class='ocrx_word' id='word_1_160' title='bbox 1968 2053 2043 2122; x_wconf 81' lang='lat' dir='ltr'><strong>(l.</strong></span> 
     </span>
    </p>
   </div>
   <div class='ocr_carea' id='block_1_20' title="bbox 461 2145 2041 2228">
    <p class='ocr_par' dir='ltr' id='par_1_20' title="bbox 461 2145 2041 2228">
     <span class='ocr_line' id='line_1_20' title="bbox 461 2145 2041 2228; baseline -0.01 -13"><span class='ocrx_word' id='word_1_161' title='bbox 461 2161 583 2215; x_wconf 82' lang='lat' dir='ltr'><strong>Cor.</strong></span> <span class='ocrx_word' id='word_1_162' title='bbox 611 2159 665 2212; x_wconf 72' lang='lat'><strong>2.</strong></span> <span class='ocrx_word' id='word_1_163' title='bbox 695 2159 749 2228; x_wconf 88' lang='lat'><strong>9)</strong></span> <span class='ocrx_word' id='word_1_164' title='bbox 773 2174 788 2222; x_wconf 88' lang='lat'><strong>;</strong></span> <span class='ocrx_word' id='word_1_165' title='bbox 815 2166 868 2212; x_wconf 92' lang='lat' dir='ltr'><strong>et</strong></span> <span class='ocrx_word' id='word_1_166' title='bbox 889 2171 993 2210; x_wconf 92' lang='lat' dir='ltr'><strong>non</strong></span> <span class='ocrx_word' id='word_1_167' title='bbox 1015 2153 1270 2209; x_wconf 89' lang='lat' dir='ltr'><strong>debemus</strong></span> <span class='ocrx_word' id='word_1_168' title='bbox 1289 2165 1502 2206; x_wconf 88' lang='lat' dir='ltr'><strong>omnem</strong></span> <span class='ocrx_word' id='word_1_169' title='bbox 1528 2164 1744 2218; x_wconf 87' lang='lat' dir='ltr'><strong>operam</strong></span> <span class='ocrx_word' id='word_1_170' title='bbox 1769 2145 2041 2209; x_wconf 84' lang='lat' dir='ltr'><strong>adhibere,</strong></span> 
     </span>
    </p>
   </div>
   <div class='ocr_carea' id='block_1_21' title="bbox 463 2239 2046 2322">
    <p class='ocr_par' dir='ltr' id='par_1_21' title="bbox 463 2239 2046 2322">
     <span class='ocr_line' id='line_1_21' title="bbox 463 2239 2046 2322; baseline -0.011 -14"><span class='ocrx_word' id='word_1_171' title='bbox 463 2263 521 2308; x_wconf 89' lang='lat' dir='ltr'><strong>ut</strong></span> <span class='ocrx_word' id='word_1_172' title='bbox 547 2251 747 2322; x_wconf 91' lang='lat' dir='ltr'><strong>aliquid</strong></span> <span class='ocrx_word' id='word_1_173' title='bbox 767 2248 1124 2310; x_wconf 83' lang='lat' dir='ltr'><strong>conferamus,</strong></span> <span class='ocrx_word' id='word_1_174' title='bbox 1147 2260 1215 2299; x_wconf 90' lang='lat' dir='ltr'><strong>ne</strong></span> <span class='ocrx_word' id='word_1_175' title='bbox 1239 2244 1306 2297; x_wconf 93' lang='lat' dir='ltr'><strong>ab</strong></span> <span class='ocrx_word' id='word_1_176' title='bbox 1327 2243 1408 2296; x_wconf 89' lang='lat' dir='ltr'><strong>his</strong></span> <span class='ocrx_word' id='word_1_177' title='bbox 1428 2241 1734 2296; x_wconf 78' lang='lat' dir='ltr'><strong>excidamus</strong></span> <span class='ocrx_word' id='word_1_178' title='bbox 1751 2241 1773 2292; x_wconf 89' lang='lat'><strong>?</strong></span> <span class='ocrx_word' id='word_1_179' title='bbox 1790 2241 1869 2292; x_wconf 81' lang='lat' dir='ltr'><strong>An</strong></span> <span class='ocrx_word' id='word_1_180' title='bbox 1893 2239 2046 2308; x_wconf 86' lang='lat' dir='ltr'><strong>igno-</strong></span> 
     </span>
    </p>
   </div>
   <div class='ocr_carea' id='block_1_22' title="bbox 465 2328 2043 2412">
    <p class='ocr_par' dir='ltr' id='par_1_22' title="bbox 465 2328 2043 2412">
     <span class='ocr_line' id='line_1_22' title="bbox 465 2328 2043 2412; baseline -0.011 -14"><span class='ocrx_word' id='word_1_181' title='bbox 465 2359 553 2398; x_wconf 90' lang='lat' dir='ltr'><strong>ras</strong></span> <span class='ocrx_word' id='word_1_182' title='bbox 576 2342 700 2412; x_wconf 88' lang='lat' dir='ltr'><strong>quid</strong></span> <span class='ocrx_word' id='word_1_183' title='bbox 724 2340 865 2395; x_wconf 89' lang='lat' dir='ltr'><strong>dicat</strong></span> <span class='ocrx_word' id='word_1_184' title='bbox 887 2335 1125 2393; x_wconf 85' lang='lat' dir='ltr'><strong>Paulus?</strong></span> <span class='ocrx_word' id='word_1_185' title='bbox 1151 2335 1241 2406; x_wconf 85' lang='lat' dir='ltr'><strong>qui</strong></span> <span class='ocrx_word' id='word_1_186' title='bbox 1275 2334 1470 2387; x_wconf 92' lang='lat' dir='ltr'><strong>multos</strong></span> <span class='ocrx_word' id='word_1_187' title='bbox 1492 2333 1702 2386; x_wconf 89' lang='lat' dir='ltr'><strong>labores</strong></span> <span class='ocrx_word' id='word_1_188' title='bbox 1721 2328 2008 2384; x_wconf 79' lang='lat' dir='ltr'><strong>exautlavit</strong></span> <span class='ocrx_word' id='word_1_189' title='bbox 2028 2368 2043 2390; x_wconf 93' lang='lat'><strong>,</strong></span> 
     </span>
    </p>
   </div>
   <div class='ocr_carea' id='block_1_23' title="bbox 461 2421 2039 2493">
    <p class='ocr_par' dir='ltr' id='par_1_23' title="bbox 461 2421 2039 2493">
     <span class='ocr_line' id='line_1_23' title="bbox 461 2421 2039 2493; baseline -0.011 -4"><span class='ocrx_word' id='word_1_190' title='bbox 461 2445 518 2489; x_wconf 86' lang='lat' dir='ltr'><strong>et</strong></span> <span class='ocrx_word' id='word_1_191' title='bbox 548 2435 855 2488; x_wconf 89' lang='lat' dir='ltr'><strong>innumeros</strong></span> <span class='ocrx_word' id='word_1_192' title='bbox 880 2429 947 2484; x_wconf 93' lang='lat' dir='ltr'><strong>de</strong></span> <span class='ocrx_word' id='word_1_193' title='bbox 977 2427 1189 2481; x_wconf 85' lang='lat' dir='ltr'><strong>diabolo</strong></span> <span class='ocrx_word' id='word_1_194' title='bbox 1221 2425 1515 2493; x_wconf 89' lang='lat' dir='ltr'><strong>triumphos</strong></span> <span class='ocrx_word' id='word_1_195' title='bbox 1538 2423 1848 2493; x_wconf 85' lang='lat' dir='ltr'><strong>reportavit,</strong></span> <span class='ocrx_word' id='word_1_196' title='bbox 1874 2421 1962 2489; x_wconf 91' lang='lat' dir='ltr'><strong>qui</strong></span> <span class='ocrx_word' id='word_1_197' title='bbox 1989 2421 2039 2473; x_wconf 91' lang='lat' dir='ltr'><strong>in</strong></span> 
     </span>
    </p>
   </div>
   <div class='ocr_carea' id='block_1_24' title="bbox 2142 484 3716 560">
    <p class='ocr_par' dir='ltr' id='par_1_24' title="bbox 2142 484 3716 560">
     <span class='ocr_line' id='line_1_24' title="bbox 2142 484 3716 560; baseline -0.006 -12"><span class='ocrx_word' id='word_1_198' title='bbox 2142 504 2368 560; x_wconf 89' lang='lat' dir='ltr'><strong>corpore</strong></span> <span class='ocrx_word' id='word_1_199' title='bbox 2418 488 2603 544; x_wconf 91' lang='lat' dir='ltr'><strong>orbem</strong></span> <span class='ocrx_word' id='word_1_200' title='bbox 2649 496 2916 542; x_wconf 83' lang='lat' dir='ltr'><strong>terrarum</strong></span> <span class='ocrx_word' id='word_1_201' title='bbox 2973 484 3306 556; x_wconf 77' lang='lat' dir='ltr'><strong>peragravit,</strong></span> <span class='ocrx_word' id='word_1_202' title='bbox 3352 485 3439 555; x_wconf 88' lang='lat' dir='ltr'><strong>qui</strong></span> <span class='ocrx_word' id='word_1_203' title='bbox 3482 494 3675 541; x_wconf 81' lang='lat' dir='ltr'><strong>terram</strong></span> <span class='ocrx_word' id='word_1_204' title='bbox 3699 528 3716 552; x_wconf 95' lang='lat'><strong>,</strong></span> 
     </span>
    </p>
   </div>
   <div class='ocr_carea' id='block_1_25' title="bbox 2143 576 3721 648">
    <p class='ocr_par' dir='ltr' id='par_1_25' title="bbox 2143 576 3721 648">
     <span class='ocr_line' id='line_1_25' title="bbox 2143 576 3721 648; baseline -0.004 -12"><span class='ocrx_word' id='word_1_205' title='bbox 2143 596 2313 648; x_wconf 90' lang='lat' dir='ltr'><strong>mare,</strong></span> <span class='ocrx_word' id='word_1_206' title='bbox 2341 594 2624 648; x_wconf 84' lang='lat' dir='ltr'><strong>acremque</strong></span> <span class='ocrx_word' id='word_1_207' title='bbox 2653 578 2917 648; x_wconf 83' lang='lat' dir='ltr'><strong>percurrit</strong></span> <span class='ocrx_word' id='word_1_208' title='bbox 2943 618 2960 643; x_wconf 97' lang='lat'><strong>,</strong></span> <span class='ocrx_word' id='word_1_209' title='bbox 2987 577 3078 647; x_wconf 89' lang='lat' dir='ltr'><strong>qui</strong></span> <span class='ocrx_word' id='word_1_210' title='bbox 3106 585 3372 645; x_wconf 85' lang='lat' dir='ltr'><strong>tamquam</strong></span> <span class='ocrx_word' id='word_1_211' title='bbox 3407 576 3504 630; x_wconf 84' lang='lat' dir='ltr'><strong>alis</strong></span> <span class='ocrx_word' id='word_1_212' title='bbox 3531 578 3721 631; x_wconf 81' lang='lat' dir='ltr'><strong>subve-</strong></span> 
     </span>
    </p>
   </div>
   <div class='ocr_carea' id='block_1_26' title="bbox 2141 669 3719 744">
    <p class='ocr_par' dir='ltr' id='par_1_26' title="bbox 2141 669 3719 744">
     <span class='ocr_line' id='line_1_26' title="bbox 2141 669 3719 744; baseline -0.004 -14"><span class='ocrx_word' id='word_1_213' title='bbox 2141 682 2262 730; x_wconf 90' lang='lat' dir='ltr'><strong>ctus</strong></span> <span class='ocrx_word' id='word_1_214' title='bbox 2291 673 2484 744; x_wconf 87' lang='lat' dir='ltr'><strong>aliquis</strong></span> <span class='ocrx_word' id='word_1_215' title='bbox 2509 673 2692 728; x_wconf 87' lang='lat' dir='ltr'><strong>orbem</strong></span> <span class='ocrx_word' id='word_1_216' title='bbox 2721 680 2980 726; x_wconf 85' lang='lat' dir='ltr'><strong>terrarum</strong></span> <span class='ocrx_word' id='word_1_217' title='bbox 3006 669 3405 740; x_wconf 83' lang='lat' dir='ltr'><strong>perambulavit,</strong></span> <span class='ocrx_word' id='word_1_218' title='bbox 3433 669 3719 738; x_wconf 81' lang='lat' dir='ltr'><strong>lapidatus,</strong></span> 
     </span>
    </p>
   </div>
   <div class='ocr_carea' id='block_1_27' title="bbox 2143 759 3721 834">
    <p class='ocr_par' dir='ltr' id='par_1_27' title="bbox 2143 759 3721 834">
     <span class='ocr_line' id='line_1_27' title="bbox 2143 759 3721 834; baseline -0.006 -12"><span class='ocrx_word' id='word_1_219' title='bbox 2143 781 2335 832; x_wconf 67' lang='lat' dir='ltr'><strong>caasus,</strong></span> <span class='ocrx_word' id='word_1_220' title='bbox 2363 765 2678 820; x_wconf 87' lang='lat' dir='ltr'><strong>verberatus</strong></span> <span class='ocrx_word' id='word_1_221' title='bbox 2696 804 2710 828; x_wconf 93' lang='lat'><strong>,</strong></span> <span class='ocrx_word' id='word_1_222' title='bbox 2747 763 2834 834; x_wconf 90' lang='lat' dir='ltr'><strong>qui</strong></span> <span class='ocrx_word' id='word_1_223' title='bbox 2875 761 3053 816; x_wconf 87' lang='lat' dir='ltr'><strong>omnia</strong></span> <span class='ocrx_word' id='word_1_224' title='bbox 3083 775 3180 830; x_wconf 91' lang='lat' dir='ltr'><strong>pro</strong></span> <span class='ocrx_word' id='word_1_225' title='bbox 3203 759 3297 814; x_wconf 91' lang='lat' dir='ltr'><strong>Dei</strong></span> <span class='ocrx_word' id='word_1_226' title='bbox 3319 760 3531 814; x_wconf 87' lang='lat' dir='ltr'><strong>nomine</strong></span> <span class='ocrx_word' id='word_1_227' title='bbox 3561 761 3721 824; x_wconf 64' lang='lat' dir='ltr'><strong>tulit,</strong></span> 
     </span>
    </p>
   </div>
   <div class='ocr_carea' id='block_1_28' title="bbox 2142 851 3721 930">
    <p class='ocr_par' dir='ltr' id='par_1_28' title="bbox 2142 851 3721 930">
     <span class='ocr_line' id='line_1_28' title="bbox 2142 851 3721 930; baseline -0.005 -17"><span class='ocrx_word' id='word_1_228' title='bbox 2142 859 2230 930; x_wconf 89' lang='lat' dir='ltr'><strong>qui</strong></span> <span class='ocrx_word' id='word_1_229' title='bbox 2259 857 2458 912; x_wconf 68' lang='lat' dir='ltr'><strong>catlesti</strong></span> <span class='ocrx_word' id='word_1_230' title='bbox 2485 870 2615 910; x_wconf 87' lang='lat' dir='ltr'><strong>voce</strong></span> <span class='ocrx_word' id='word_1_231' title='bbox 2642 855 2870 924; x_wconf 86' lang='lat' dir='ltr'><strong>desuper</strong></span> <span class='ocrx_word' id='word_1_232' title='bbox 2889 853 3237 923; x_wconf 85' lang='lat' dir='ltr'><strong>compellatus</strong></span> <span class='ocrx_word' id='word_1_233' title='bbox 3253 893 3269 918; x_wconf 93' lang='lat'><strong>,</strong></span> <span class='ocrx_word' id='word_1_234' title='bbox 3297 851 3385 906; x_wconf 90' lang='lat' dir='ltr'><strong>hic</strong></span> <span class='ocrx_word' id='word_1_235' title='bbox 3407 851 3532 922; x_wconf 81' lang='lat' dir='ltr'><strong>quid</strong></span> <span class='ocrx_word' id='word_1_236' title='bbox 3554 852 3721 916; x_wconf 83' lang='lat' dir='ltr'><strong>dicat,</strong></span> 
     </span>
    </p>
   </div>
   <div class='ocr_carea' id='block_1_29' title="bbox 2144 941 3720 1018">
    <p class='ocr_par' dir='ltr' id='par_1_29' title="bbox 2144 941 3720 1018">
     <span class='ocr_line' id='line_1_29' title="bbox 2144 941 3720 1018; baseline -0.007 -14"><span class='ocrx_word' id='word_1_237' title='bbox 2144 957 2199 1004; x_wconf 89' lang='lat' dir='ltr'><strong>et</strong></span> <span class='ocrx_word' id='word_1_238' title='bbox 2226 947 2436 1018; x_wconf 87' lang='lat' dir='ltr'><strong>qualem</strong></span> <span class='ocrx_word' id='word_1_239' title='bbox 2462 945 2700 1001; x_wconf 86' lang='lat' dir='ltr'><strong>emiserit</strong></span> <span class='ocrx_word' id='word_1_240' title='bbox 2735 959 2921 999; x_wconf 89' lang='lat' dir='ltr'><strong>vocem</strong></span> <span class='ocrx_word' id='word_1_241' title='bbox 2957 942 3077 998; x_wconf 86' lang='lat' dir='ltr'><strong>vide</strong></span> <span class='ocrx_word' id='word_1_242' title='bbox 3102 959 3116 998; x_wconf 91' lang='lat'><strong>:</strong></span> <span class='ocrx_word' id='word_1_243' title='bbox 3140 941 3483 1011; x_wconf 84' lang='lat' dir='ltr'><strong>Accepimus,</strong></span> <span class='ocrx_word' id='word_1_244' title='bbox 3515 942 3720 1012; x_wconf 90' lang='lat' dir='ltr'><strong>inquit,</strong></span> 
     </span>
    </p>
   </div>
   <div class='ocr_carea' id='block_1_30' title="bbox 2142 1032 3722 1110">
    <p class='ocr_par' dir='ltr' id='par_1_30' title="bbox 2142 1032 3722 1110">
     <span class='ocr_line' id='line_1_30' title="bbox 2142 1032 3722 1110; baseline -0.006 -17"><span class='ocrx_word' id='word_1_245' title='bbox 2142 1041 2365 1110; x_wconf 84' lang='lat' dir='ltr'><strong>gratiam</strong></span> <span class='ocrx_word' id='word_1_246' title='bbox 2394 1053 2423 1090; x_wconf 91' lang='lat' dir='ltr'><strong>a</strong></span> <span class='ocrx_word' id='word_1_247' title='bbox 2454 1037 2583 1102; x_wconf 90' lang='lat' dir='ltr'><strong>Deo,</strong></span> <span class='ocrx_word' id='word_1_248' title='bbox 2615 1035 2709 1090; x_wconf 89' lang='lat' dir='ltr'><strong>sed</strong></span> <span class='ocrx_word' id='word_1_249' title='bbox 2736 1046 2789 1090; x_wconf 93' lang='lat' dir='ltr'><strong>et</strong></span> <span class='ocrx_word' id='word_1_250' title='bbox 2815 1049 2914 1105; x_wconf 88' lang='lat' dir='ltr'><strong>ego</strong></span> <span class='ocrx_word' id='word_1_251' title='bbox 2937 1032 3208 1098; x_wconf 80' lang='lat' dir='ltr'><strong>laboravi,</strong></span> <span class='ocrx_word' id='word_1_252' title='bbox 3240 1041 3293 1087; x_wconf 89' lang='lat' dir='ltr'><strong>et</strong></span> <span class='ocrx_word' id='word_1_253' title='bbox 3314 1032 3472 1087; x_wconf 90' lang='lat' dir='ltr'><strong>simul</strong></span> <span class='ocrx_word' id='word_1_254' title='bbox 3490 1033 3686 1087; x_wconf 88' lang='lat' dir='ltr'><strong>contuli</strong></span> <span class='ocrx_word' id='word_1_255' title='bbox 3705 1074 3722 1095; x_wconf 91' lang='lat'><strong>,</strong></span> 
     </span>
    </p>
   </div>
   <div class='ocr_carea' id='block_1_31' title="bbox 2144 1122 3726 1200">
    <p class='ocr_par' dir='ltr' id='par_1_31' title="bbox 2144 1122 3726 1200">
     <span class='ocr_line' id='line_1_31' title="bbox 2144 1122 3726 1200; baseline -0.008 -14"><span class='ocrx_word' id='word_1_256' title='bbox 2144 1127 2215 1187; x_wconf 88' lang='lat' dir='ltr'><strong>Et</strong></span> <span class='ocrx_word' id='word_1_257' title='bbox 2235 1129 2403 1200; x_wconf 78' lang='lat' dir='ltr'><strong>gratia</strong></span> <span class='ocrx_word' id='word_1_258' title='bbox 2423 1129 2552 1198; x_wconf 71' lang='lat' dir='ltr'><strong>ejus,</strong></span> <span class='ocrx_word' id='word_1_259' title='bbox 2580 1141 2693 1198; x_wconf 71' lang='lat' dir='ltr'><strong>qua</strong></span> <span class='ocrx_word' id='word_1_260' title='bbox 2723 1127 2776 1178; x_wconf 85' lang='lat' dir='ltr'><strong>in</strong></span> <span class='ocrx_word' id='word_1_261' title='bbox 2803 1141 2880 1178; x_wconf 83' lang='lat' dir='ltr'><strong>me</strong></span> <span class='ocrx_word' id='word_1_262' title='bbox 2909 1133 3004 1190; x_wconf 73' lang='lat' dir='ltr'><strong>est,</strong></span> <span class='ocrx_word' id='word_1_263' title='bbox 3031 1139 3189 1178; x_wconf 74' lang='lat' dir='ltr'><strong>vacua</strong></span> <span class='ocrx_word' id='word_1_264' title='bbox 3211 1139 3313 1177; x_wconf 82' lang='lat' dir='ltr'><strong>non</strong></span> <span class='ocrx_word' id='word_1_265' title='bbox 3335 1122 3466 1191; x_wconf 80' lang='lat' dir='ltr'><strong>fuit,</strong></span> <span class='ocrx_word' id='word_1_266' title='bbox 3493 1123 3579 1176; x_wconf 73' lang='lat' dir='ltr'><strong>sed</strong></span> <span class='ocrx_word' id='word_1_267' title='bbox 3607 1125 3726 1191; x_wconf 72' lang='lat' dir='ltr'><strong>plus</strong></span> 
     </span>
    </p>
   </div>
   <div class='ocr_carea' id='block_1_32' title="bbox 2144 1214 3794 1292">
    <p class='ocr_par' dir='ltr' id='par_1_32' title="bbox 2144 1214 3794 1292">
     <span class='ocr_line' id='line_1_32' title="bbox 2144 1214 3794 1292; baseline -0.004 -17"><span class='ocrx_word' id='word_1_268' title='bbox 2144 1238 2297 1292; x_wconf 81' lang='lat' dir='ltr'><strong>quant</strong></span> <span class='ocrx_word' id='word_1_269' title='bbox 2328 1221 2430 1292; x_wconf 77' lang='lat' dir='ltr'><strong>ipsi</strong></span> <span class='ocrx_word' id='word_1_270' title='bbox 2465 1235 2636 1274; x_wconf 81' lang='lat' dir='ltr'><strong>omnes</strong></span> <span class='ocrx_word' id='word_1_271' title='bbox 2662 1218 2884 1272; x_wconf 80' lang='lat' dir='ltr'><strong>laboravi</strong></span> <span class='ocrx_word' id='word_1_272' title='bbox 2923 1227 2969 1270; x_wconf 83' lang='lat' dir='ltr'><strong>et</strong></span> <span class='ocrx_word' id='word_1_273' title='bbox 3003 1216 3157 1270; x_wconf 76' lang='lat' dir='ltr'><strong>simul</strong></span> <span class='ocrx_word' id='word_1_274' title='bbox 3179 1215 3371 1269; x_wconf 77' lang='lat' dir='ltr'><strong>contuli</strong></span> <span class='ocrx_word' id='word_1_275' title='bbox 3395 1215 3468 1285; x_wconf 82' lang='lat' dir='ltr'><strong>(l.</strong></span> <span class='ocrx_word' id='word_1_276' title='bbox 3491 1214 3608 1268; x_wconf 66' lang='lat' dir='ltr'><strong>(lor.</strong></span> <span class='ocrx_word' id='word_1_277' title='bbox 3633 1215 3723 1268; x_wconf 80' lang='grc'><strong>15.</strong></span> <span class='ocrx_word' id='word_1_278' title='bbox 3786 1278 3794 1285; x_wconf 92' lang='lat'>_</span> 
     </span>
    </p>
   </div>
   <div class='ocr_carea' id='block_1_33' title="bbox 2147 1306 3725 1383">
    <p class='ocr_par' dir='ltr' id='par_1_33' title="bbox 2147 1306 3725 1383">
     <span class='ocr_line' id='line_1_33' title="bbox 2147 1306 3725 1383; baseline -0.005 -16"><span class='ocrx_word' id='word_1_279' title='bbox 2147 1312 2261 1383; x_wconf 76' lang='grc'><strong>10).</strong></span> <span class='ocrx_word' id='word_1_280' title='bbox 2289 1311 2566 1375; x_wconf 87' lang='lat' dir='ltr'><strong>Novimus,</strong></span> <span class='ocrx_word' id='word_1_281' title='bbox 2595 1309 2794 1380; x_wconf 88' lang='lat' dir='ltr'><strong>inquit,</strong></span> <span class='ocrx_word' id='word_1_282' title='bbox 2824 1308 3072 1362; x_wconf 88' lang='lat' dir='ltr'><strong>novimus</strong></span> <span class='ocrx_word' id='word_1_283' title='bbox 3099 1307 3282 1376; x_wconf 67' lang='lat' dir='ltr'><strong>gratiae</strong></span> <span class='ocrx_word' id='word_1_284' title='bbox 3309 1306 3725 1376; x_wconf 80' lang='lat' dir='ltr'><strong>magnitudinem</strong></span> 
     </span>
    </p>
   </div>
   <div class='ocr_carea' id='block_1_34' title="bbox 2146 1398 3726 1474">
    <p class='ocr_par' dir='ltr' id='par_1_34' title="bbox 2146 1398 3726 1474">
     <span class='ocr_line' id='line_1_34' title="bbox 2146 1398 3726 1474; baseline -0.003 -17"><span class='ocrx_word' id='word_1_285' title='bbox 2146 1419 2305 1474; x_wconf 91' lang='lat' dir='ltr'><strong>quam</strong></span> <span class='ocrx_word' id='word_1_286' title='bbox 2330 1403 2662 1471; x_wconf 88' lang='lat' dir='ltr'><strong>accepimus,</strong></span> <span class='ocrx_word' id='word_1_287' title='bbox 2695 1400 2789 1456; x_wconf 91' lang='lat' dir='ltr'><strong>sed</strong></span> <span class='ocrx_word' id='word_1_288' title='bbox 2819 1416 2925 1454; x_wconf 91' lang='lat' dir='ltr'><strong>non</strong></span> <span class='ocrx_word' id='word_1_289' title='bbox 2951 1398 3190 1454; x_wconf 89' lang='lat' dir='ltr'><strong>desidem</strong></span> <span class='ocrx_word' id='word_1_290' title='bbox 3219 1413 3305 1452; x_wconf 88' lang='lat' dir='ltr'><strong>me</strong></span> <span class='ocrx_word' id='word_1_291' title='bbox 3333 1398 3531 1453; x_wconf 90' lang='lat' dir='ltr'><strong>invenit</strong></span> <span class='ocrx_word' id='word_1_292' title='bbox 3559 1416 3572 1451; x_wconf 92' lang='lat'>:</span> <span class='ocrx_word' id='word_1_293' title='bbox 3605 1413 3726 1453; x_wconf 70' lang='lat' dir='ltr'><strong>ma-</strong></span> 
     </span>
    </p>
   </div>
   <div class='ocr_carea' id='block_1_35' title="bbox 2146 1488 3727 1563">
    <p class='ocr_par' dir='ltr' id='par_1_35' title="bbox 2146 1488 3727 1563">
     <span class='ocr_line' id='line_1_35' title="bbox 2146 1488 3727 1563; baseline -0.005 -13"><span class='ocrx_word' id='word_1_294' title='bbox 2146 1494 2339 1550; x_wconf 79' lang='lat' dir='ltr'><strong>nifesta</strong></span> <span class='ocrx_word' id='word_1_295' title='bbox 2366 1501 2493 1548; x_wconf 91' lang='lat' dir='ltr'><strong>sunt</strong></span> <span class='ocrx_word' id='word_1_296' title='bbox 2519 1508 2638 1563; x_wconf 73' lang='lat' dir='ltr'><strong>quae</strong></span> <span class='ocrx_word' id='word_1_297' title='bbox 2667 1508 2698 1546; x_wconf 93' lang='lat' dir='ltr'><strong>a</strong></span> <span class='ocrx_word' id='word_1_298' title='bbox 2727 1507 2813 1546; x_wconf 91' lang='lat' dir='ltr'><strong>me</strong></span> <span class='ocrx_word' id='word_1_299' title='bbox 2838 1491 3051 1544; x_wconf 89' lang='lat' dir='ltr'><strong>fuerunt</strong></span> <span class='ocrx_word' id='word_1_300' title='bbox 3079 1490 3244 1547; x_wconf 88' lang='lat' dir='ltr'><strong>illata.</strong></span> <span class='ocrx_word' id='word_1_301' title='bbox 3271 1488 3359 1544; x_wconf 90' lang='lat' dir='ltr'><strong>Sic</strong></span> <span class='ocrx_word' id='word_1_302' title='bbox 3378 1499 3432 1544; x_wconf 92' lang='lat' dir='ltr'><strong>et</strong></span> <span class='ocrx_word' id='word_1_303' title='bbox 3459 1490 3586 1558; x_wconf 90' lang='lat' dir='ltr'><strong>ipsi,</strong></span> <span class='ocrx_word' id='word_1_304' title='bbox 3615 1491 3727 1543; x_wconf 77' lang='lat' dir='ltr'><strong>fra-</strong></span> 
     </span>
    </p>
   </div>
   <div class='ocr_carea' id='block_1_36' title="bbox 2147 1581 3730 1654">
    <p class='ocr_par' dir='ltr' id='par_1_36' title="bbox 2147 1581 3730 1654">
     <span class='ocr_line' id='line_1_36' title="bbox 2147 1581 3730 1654; baseline -0.006 -11"><span class='ocrx_word' id='word_1_305' title='bbox 2147 1595 2286 1653; x_wconf 89' lang='lat' dir='ltr'><strong>tres,</strong></span> <span class='ocrx_word' id='word_1_306' title='bbox 2336 1600 2526 1640; x_wconf 91' lang='lat' dir='ltr'><strong>manus</strong></span> <span class='ocrx_word' id='word_1_307' title='bbox 2567 1584 2634 1638; x_wconf 89' lang='lat' dir='ltr'><strong>ad</strong></span> <span class='ocrx_word' id='word_1_308' title='bbox 2663 1585 3057 1654; x_wconf 81' lang='lat' dir='ltr'><strong>eleemosynam</strong></span> <span class='ocrx_word' id='word_1_309' title='bbox 3089 1581 3376 1636; x_wconf 87' lang='lat' dir='ltr'><strong>doceamus</strong></span> <span class='ocrx_word' id='word_1_310' title='bbox 3397 1623 3411 1644; x_wconf 92' lang='lat'><strong>,</strong></span> <span class='ocrx_word' id='word_1_311' title='bbox 3442 1590 3498 1635; x_wconf 91' lang='lat' dir='ltr'><strong>ut</strong></span> <span class='ocrx_word' id='word_1_312' title='bbox 3538 1597 3730 1650; x_wconf 84' lang='lat' dir='ltr'><strong>parum</strong></span> 
     </span>
    </p>
   </div>
   <div class='ocr_carea' id='block_1_37' title="bbox 2145 1672 3731 1750">
    <p class='ocr_par' dir='ltr' id='par_1_37' title="bbox 2145 1672 3731 1750">
     <span class='ocr_line' id='line_1_37' title="bbox 2145 1672 3731 1750; baseline -0.006 -18"><span class='ocrx_word' id='word_1_313' title='bbox 2145 1679 2274 1750; x_wconf 88' lang='lat' dir='ltr'><strong>quid</strong></span> <span class='ocrx_word' id='word_1_314' title='bbox 2299 1678 2586 1734; x_wconf 79' lang='lat' dir='ltr'><strong>inferamus</strong></span> <span class='ocrx_word' id='word_1_315' title='bbox 2615 1693 2629 1730; x_wconf 87' lang='lat'><strong>:</strong></span> <span class='ocrx_word' id='word_1_316' title='bbox 2661 1675 2931 1745; x_wconf 91' lang='lat' dir='ltr'><strong>ploremus</strong></span> <span class='ocrx_word' id='word_1_317' title='bbox 2957 1688 3116 1744; x_wconf 88' lang='lat' dir='ltr'><strong>super</strong></span> <span class='ocrx_word' id='word_1_318' title='bbox 3160 1682 3434 1742; x_wconf 87' lang='lat' dir='ltr'><strong>peccatum</strong></span> <span class='ocrx_word' id='word_1_319' title='bbox 3454 1713 3469 1737; x_wconf 97' lang='lat'><strong>,</strong></span> <span class='ocrx_word' id='word_1_320' title='bbox 3501 1672 3731 1743; x_wconf 57' lang='lat' dir='ltr'><strong>ingenti,</strong></span> 
     </span>
    </p>
   </div>
   <div class='ocr_carea' id='block_1_38' title="bbox 2147 1765 3730 1841">
    <p class='ocr_par' dir='ltr' id='par_1_38' title="bbox 2147 1765 3730 1841">
     <span class='ocr_line' id='line_1_38' title="bbox 2147 1765 3730 1841; baseline -0.006 -13"><span class='ocrx_word' id='word_1_321' title='bbox 2147 1788 2359 1828; x_wconf 88' lang='lat' dir='ltr'><strong>scamus</strong></span> <span class='ocrx_word' id='word_1_322' title='bbox 2388 1786 2550 1841; x_wconf 88' lang='lat' dir='ltr'><strong>super</strong></span> <span class='ocrx_word' id='word_1_323' title='bbox 2576 1768 2905 1839; x_wconf 87' lang='lat' dir='ltr'><strong>iniquitatem</strong></span> <span class='ocrx_word' id='word_1_324' title='bbox 2926 1808 2940 1831; x_wconf 93' lang='lat'><strong>,</strong></span> <span class='ocrx_word' id='word_1_325' title='bbox 2981 1781 3088 1837; x_wconf 89' lang='lat' dir='ltr'><strong>quo</strong></span> <span class='ocrx_word' id='word_1_326' title='bbox 3125 1766 3399 1820; x_wconf 87' lang='lat' dir='ltr'><strong>videamur</strong></span> <span class='ocrx_word' id='word_1_327' title='bbox 3426 1765 3512 1818; x_wconf 89' lang='lat' dir='ltr'><strong>vel</strong></span> <span class='ocrx_word' id='word_1_328' title='bbox 3541 1781 3730 1834; x_wconf 85' lang='lat' dir='ltr'><strong>parum</strong></span> 
     </span>
    </p>
   </div>
   <div class='ocr_carea' id='block_1_39' title="bbox 2148 1859 3729 1937">
    <p class='ocr_par' dir='ltr' id='par_1_39' title="bbox 2148 1859 3729 1937">
     <span class='ocr_line' id='line_1_39' title="bbox 2148 1859 3729 1937; baseline -0.004 -18"><span class='ocrx_word' id='word_1_329' title='bbox 2148 1867 2275 1937; x_wconf 89' lang='lat' dir='ltr'><strong>quid</strong></span> <span class='ocrx_word' id='word_1_330' title='bbox 2302 1865 2499 1920; x_wconf 83' lang='lat' dir='ltr'><strong>inferre</strong></span> <span class='ocrx_word' id='word_1_331' title='bbox 2533 1882 2544 1916; x_wconf 92' lang='lat'>:</span> <span class='ocrx_word' id='word_1_332' title='bbox 2575 1860 3008 1933; x_wconf 91' lang='lat' dir='ltr'><strong>quandoquidem</strong></span> <span class='ocrx_word' id='word_1_333' title='bbox 3049 1874 3240 1929; x_wconf 88' lang='lat' dir='ltr'><strong>magna</strong></span> <span class='ocrx_word' id='word_1_334' title='bbox 3285 1859 3436 1912; x_wconf 92' lang='lat' dir='ltr'><strong>nobis</strong></span> <span class='ocrx_word' id='word_1_335' title='bbox 3463 1859 3515 1913; x_wconf 88' lang='lat' dir='ltr'><strong>in</strong></span> <span class='ocrx_word' id='word_1_336' title='bbox 3547 1859 3729 1912; x_wconf 89' lang='lat' dir='ltr'><strong>futuro</strong></span> 
     </span>
    </p>
   </div>
   <div class='ocr_carea' id='block_1_40' title="bbox 2147 1957 3730 2027">
    <p class='ocr_par' dir='ltr' id='par_1_40' title="bbox 2147 1957 3730 2027">
     <span class='ocr_line' id='line_1_40' title="bbox 2147 1957 3730 2027; baseline -0.007 -15"><span class='ocrx_word' id='word_1_337' title='bbox 2147 1957 2378 2027; x_wconf 88' lang='lat' dir='ltr'><strong>reposita</strong></span> <span class='ocrx_word' id='word_1_338' title='bbox 2418 1962 2564 2021; x_wconf 88' lang='lat' dir='ltr'><strong>sunt,</strong></span> <span class='ocrx_word' id='word_1_339' title='bbox 2591 1969 2709 2025; x_wconf 66' lang='lat' dir='ltr'><strong>quae</strong></span> <span class='ocrx_word' id='word_1_340' title='bbox 2748 1960 3064 2022; x_wconf 92' lang='lat' dir='ltr'><strong>potestatem</strong></span> <span class='ocrx_word' id='word_1_341' title='bbox 3105 1963 3340 2004; x_wconf 86' lang='lat' dir='ltr'><strong>nostram</strong></span> <span class='ocrx_word' id='word_1_342' title='bbox 3369 1958 3730 2018; x_wconf 79' lang='lat' dir='ltr'><strong>exsuperant:</strong></span> 
     </span>
    </p>
   </div>
   <div class='ocr_carea' id='block_1_41' title="bbox 2148 2040 3735 2120">
    <p class='ocr_par' dir='ltr' id='par_1_41' title="bbox 2148 2040 3735 2120">
     <span class='ocr_line' id='line_1_41' title="bbox 2148 2040 3735 2120; baseline -0.007 -17"><span class='ocrx_word' id='word_1_343' title='bbox 2148 2047 2594 2120; x_wconf 43' lang='lat' dir='ltr'><strong>paradisus&#39;enim</strong></span> <span class='ocrx_word' id='word_1_344' title='bbox 2619 2052 2723 2111; x_wconf 92' lang='lat' dir='ltr'><strong>est,</strong></span> <span class='ocrx_word' id='word_1_345' title='bbox 2748 2052 2804 2098; x_wconf 90' lang='lat' dir='ltr'><strong>et</strong></span> <span class='ocrx_word' id='word_1_346' title='bbox 2822 2044 3075 2097; x_wconf 64' lang='lat' dir='ltr'><strong>crclorum</strong></span> <span class='ocrx_word' id='word_1_347' title='bbox 3098 2056 3318 2111; x_wconf 90' lang='lat' dir='ltr'><strong>regnum</strong></span> <span class='ocrx_word' id='word_1_348' title='bbox 3349 2058 3362 2093; x_wconf 93' lang='lat'><strong>:</strong></span> <span class='ocrx_word' id='word_1_349' title='bbox 3389 2041 3538 2109; x_wconf 87' lang='lat' dir='ltr'><strong>cujus</strong></span> <span class='ocrx_word' id='word_1_350' title='bbox 3559 2050 3612 2093; x_wconf 89' lang='lat' dir='ltr'><strong>et</strong></span> <span class='ocrx_word' id='word_1_351' title='bbox 3635 2040 3735 2107; x_wconf 89' lang='lat' dir='ltr'><strong>ipsi</strong></span> 
     </span>
    </p>
   </div>
   <div class='ocr_carea' id='block_1_42' title="bbox 2148 2130 3734 2209">
    <p class='ocr_par' dir='ltr' id='par_1_42' title="bbox 2148 2130 3734 2209">
     <span class='ocr_line' id='line_1_42' title="bbox 2148 2130 3734 2209; baseline -0.006 -13"><span class='ocrx_word' id='word_1_352' title='bbox 2148 2156 2334 2196; x_wconf 89' lang='lat' dir='ltr'><strong>omnes</strong></span> <span class='ocrx_word' id='word_1_353' title='bbox 2378 2138 2661 2209; x_wconf 89' lang='lat' dir='ltr'><strong>participes</strong></span> <span class='ocrx_word' id='word_1_354' title='bbox 2703 2137 2870 2190; x_wconf 91' lang='lat' dir='ltr'><strong>simus</strong></span> <span class='ocrx_word' id='word_1_355' title='bbox 2892 2176 2906 2199; x_wconf 92' lang='lat'><strong>,</strong></span> <span class='ocrx_word' id='word_1_356' title='bbox 2938 2134 3106 2204; x_wconf 88' lang='lat' dir='ltr'><strong>gratia</strong></span> <span class='ocrx_word' id='word_1_357' title='bbox 3145 2142 3198 2187; x_wconf 90' lang='lat' dir='ltr'><strong>et</strong></span> <span class='ocrx_word' id='word_1_358' title='bbox 3221 2133 3498 2188; x_wconf 89' lang='lat' dir='ltr'><strong>clementia</strong></span> <span class='ocrx_word' id='word_1_359' title='bbox 3525 2130 3734 2186; x_wconf 89' lang='lat' dir='ltr'><strong>Domini</strong></span> 
     </span>
    </p>
   </div>
   <div class='ocr_carea' id='block_1_43' title="bbox 2149 2219 3734 2292">
    <p class='ocr_par' dir='ltr' id='par_1_43' title="bbox 2149 2219 3734 2292">
     <span class='ocr_line' id='line_1_43' title="bbox 2149 2219 3734 2292; baseline -0.009 -6"><span class='ocrx_word' id='word_1_360' title='bbox 2149 2233 2315 2287; x_wconf 90' lang='lat' dir='ltr'><strong>nostri</strong></span> <span class='ocrx_word' id='word_1_361' title='bbox 2340 2229 2467 2286; x_wconf 83' lang='lat' dir='ltr'><strong>Jesu</strong></span> <span class='ocrx_word' id='word_1_362' title='bbox 2493 2227 2723 2292; x_wconf 87' lang='lat' dir='ltr'><strong>Christi,</strong></span> <span class='ocrx_word' id='word_1_363' title='bbox 2749 2227 2835 2280; x_wconf 90' lang='lat' dir='ltr'><strong>cui</strong></span> <span class='ocrx_word' id='word_1_364' title='bbox 2863 2238 2984 2279; x_wconf 92' lang='lat' dir='ltr'><strong>cum</strong></span> <span class='ocrx_word' id='word_1_365' title='bbox 3011 2224 3164 2278; x_wconf 88' lang='lat' dir='ltr'><strong>Patre</strong></span> <span class='ocrx_word' id='word_1_366' title='bbox 3191 2232 3245 2276; x_wconf 92' lang='lat' dir='ltr'><strong>et</strong></span> <span class='ocrx_word' id='word_1_367' title='bbox 3272 2221 3427 2276; x_wconf 91' lang='lat' dir='ltr'><strong>simul</strong></span> <span class='ocrx_word' id='word_1_368' title='bbox 3452 2236 3573 2276; x_wconf 84' lang='lat' dir='ltr'><strong>cum</strong></span> <span class='ocrx_word' id='word_1_369' title='bbox 3604 2219 3734 2288; x_wconf 88' lang='lat' dir='ltr'><strong>Spi-</strong></span> 
     </span>
    </p>
   </div>
   <div class='ocr_carea' id='block_1_44' title="bbox 2149 2315 3740 2391">
    <p class='ocr_par' dir='ltr' id='par_1_44' title="bbox 2149 2315 3740 2391">
     <span class='ocr_line' id='line_1_44' title="bbox 2149 2315 3740 2391; baseline -0.009 -12"><span class='ocrx_word' id='word_1_370' title='bbox 2149 2325 2252 2379; x_wconf 91' lang='lat' dir='ltr'><strong>ritu</strong></span> <span class='ocrx_word' id='word_1_371' title='bbox 2277 2330 2460 2379; x_wconf 89' lang='lat' dir='ltr'><strong>sancto</strong></span> <span class='ocrx_word' id='word_1_372' title='bbox 2481 2320 2671 2391; x_wconf 87' lang='lat' dir='ltr'><strong>gloria,</strong></span> <span class='ocrx_word' id='word_1_373' title='bbox 2701 2316 2980 2386; x_wconf 89' lang='lat' dir='ltr'><strong>imperium</strong></span> <span class='ocrx_word' id='word_1_374' title='bbox 2992 2324 3046 2369; x_wconf 91' lang='lat' dir='ltr'><strong>et</strong></span> <span class='ocrx_word' id='word_1_375' title='bbox 3072 2315 3260 2379; x_wconf 90' lang='lat' dir='ltr'><strong>honor,</strong></span> <span class='ocrx_word' id='word_1_376' title='bbox 3283 2323 3338 2367; x_wconf 91' lang='lat' dir='ltr'><strong>et</strong></span> <span class='ocrx_word' id='word_1_377' title='bbox 3363 2327 3504 2366; x_wconf 90' lang='lat' dir='ltr'><strong>nunc</strong></span> <span class='ocrx_word' id='word_1_378' title='bbox 3519 2320 3573 2366; x_wconf 92' lang='lat' dir='ltr'><strong>et</strong></span> <span class='ocrx_word' id='word_1_379' title='bbox 3593 2324 3740 2364; x_wconf 59' lang='lat' dir='ltr'><strong>semv</strong></span> 
     </span>
    </p>
   </div>
   <div class='ocr_carea' id='block_1_45' title="bbox 2151 2407 3231 2484">
    <p class='ocr_par' dir='ltr' id='par_1_45' title="bbox 2151 2407 3231 2484">
     <span class='ocr_line' id='line_1_45' title="bbox 2151 2407 3231 2484; baseline -0.012 -13"><span class='ocrx_word' id='word_1_380' title='bbox 2151 2432 2265 2484; x_wconf 87' lang='lat' dir='ltr'><strong>per,</strong></span> <span class='ocrx_word' id='word_1_381' title='bbox 2293 2423 2349 2469; x_wconf 90' lang='lat' dir='ltr'><strong>et</strong></span> <span class='ocrx_word' id='word_1_382' title='bbox 2376 2414 2427 2467; x_wconf 90' lang='lat' dir='ltr'><strong>in</strong></span> <span class='ocrx_word' id='word_1_383' title='bbox 2455 2411 2648 2466; x_wconf 70' lang='lat' dir='ltr'><strong>smcula</strong></span> <span class='ocrx_word' id='word_1_384' title='bbox 2672 2407 3014 2464; x_wconf 71' lang='lat' dir='ltr'><strong>smculorum.</strong></span> <span class='ocrx_word' id='word_1_385' title='bbox 3041 2408 3231 2460; x_wconf 89' lang='lat' dir='ltr'><strong>Amen.</strong></span> 
     </span>
    </p>
   </div>
   <div class='ocr_carea' id='block_1_46' title="bbox 463 2554 3706 2600">
    <p class='ocr_par' dir='ltr' id='par_1_46' title="bbox 463 2554 3706 2600">
     <span class='ocr_line' id='line_1_46' title="bbox 463 2554 3706 2600; baseline -0.016 1"><span class='ocrx_word' id='word_1_386' title='bbox 463 2554 3706 2600; x_wconf 70' lang='lat'><strong>_________________________________________,_______..</strong></span> 
     </span>
    </p>
   </div>
   <div class='ocr_carea' id='block_1_47' title="bbox 1255 2681 2947 2761">
    <p class='ocr_par' dir='ltr' id='par_1_47' title="bbox 1255 2681 2947 2761">
     <span class='ocr_line' id='line_1_47' title="bbox 1255 2681 2947 2761; baseline -0.004 0"><span class='ocrx_word' id='word_1_387' title='bbox 1255 2694 1394 2761; x_wconf 84' lang='lat' dir='ltr'><strong>DE</strong></span> <span class='ocrx_word' id='word_1_388' title='bbox 1448 2689 2122 2760; x_wconf 83' lang='lat' dir='ltr'><strong>P(ENITENTIA</strong></span> <span class='ocrx_word' id='word_1_389' title='bbox 2175 2689 2312 2758; x_wconf 89' lang='lat' dir='ltr'><strong>ET</strong></span> <span class='ocrx_word' id='word_1_390' title='bbox 2365 2681 2947 2755; x_wconf 72' lang='lat' dir='ltr'><strong>OBATIONE.</strong></span> 
     </span>
    </p>
   </div>
   <div class='ocr_carea' id='block_1_48' title="bbox 1776 2869 2379 2911">
    <p class='ocr_par' dir='ltr' id='par_1_48' title="bbox 1776 2869 2379 2911">
     <span class='ocr_line' id='line_1_48' title="bbox 1776 2869 2379 2911; baseline 0.002 -15"><span class='ocrx_word' id='word_1_391' title='bbox 1776 2869 2379 2911; x_wconf 41' lang='grc' dir='ltr'><strong>..α-...φεμ-</strong></span> 
     </span>
    </p>
   </div>
   <div class='ocr_carea' id='block_1_49' title="bbox 1093 3003 1417 3046">
    <p class='ocr_par' dir='ltr' id='par_1_49' title="bbox 1093 3003 1417 3046">
     <span class='ocr_line' id='line_1_49' title="bbox 1093 3003 1417 3046; baseline -0.012 0"><span class='ocrx_word' id='word_1_392' title='bbox 1093 3003 1307 3046; x_wconf 74' lang='grc' dir='ltr'><strong>ῐῐθΙίΙιΙΑ</strong></span> <span class='ocrx_word' id='word_1_393' title='bbox 1345 3004 1417 3043; x_wconf 75' lang='grc' dir='ltr'><strong>ιν.</strong></span> 
     </span>
    </p>
   </div>
   <div class='ocr_carea' id='block_1_50' title="bbox 540 3115 2044 3194">
    <p class='ocr_par' dir='ltr' id='par_1_50' title="bbox 540 3115 2044 3194">
     <span class='ocr_line' id='line_1_50' title="bbox 540 3115 2044 3194; baseline -0.012 -9"><span class='ocrx_word' id='word_1_394' title='bbox 540 3132 592 3185; x_wconf 82' lang='lat' dir='ltr'><strong>l.</strong></span> <span class='ocrx_word' id='word_1_395' title='bbox 633 3129 881 3184; x_wconf 87' lang='lat' dir='ltr'><strong>Pastores</strong></span> <span class='ocrx_word' id='word_1_396' title='bbox 909 3126 1003 3180; x_wconf 90' lang='lat' dir='ltr'><strong>illo</strong></span> <span class='ocrx_word' id='word_1_397' title='bbox 1031 3122 1359 3194; x_wconf 79' lang='lat' dir='ltr'><strong>frequentius</strong></span> <span class='ocrx_word' id='word_1_398' title='bbox 1390 3120 1590 3175; x_wconf 90' lang='lat' dir='ltr'><strong>ducunt</strong></span> <span class='ocrx_word' id='word_1_399' title='bbox 1618 3133 1765 3182; x_wconf 90' lang='lat' dir='ltr'><strong>oves,</strong></span> <span class='ocrx_word' id='word_1_400' title='bbox 1792 3117 1879 3172; x_wconf 91' lang='lat' dir='ltr'><strong>ubi</strong></span> <span class='ocrx_word' id='word_1_401' title='bbox 1909 3115 2044 3169; x_wconf 89' lang='lat' dir='ltr'><strong>den-</strong></span> 
     </span>
    </p>
   </div>
   <div class='ocr_carea' id='block_1_51' title="bbox 465 3207 2043 3282">
    <p class='ocr_par' dir='ltr' id='par_1_51' title="bbox 465 3207 2043 3282">
     <span class='ocr_line' id='line_1_51' title="bbox 465 3207 2043 3282; baseline -0.012 -5"><span class='ocrx_word' id='word_1_402' title='bbox 465 3222 660 3278; x_wconf 88' lang='lat' dir='ltr'><strong>siorem</strong></span> <span class='ocrx_word' id='word_1_403' title='bbox 687 3219 904 3274; x_wconf 88' lang='lat' dir='ltr'><strong>herbam</strong></span> <span class='ocrx_word' id='word_1_404' title='bbox 927 3232 1046 3270; x_wconf 86' lang='lat' dir='ltr'><strong>esse</strong></span> <span class='ocrx_word' id='word_1_405' title='bbox 1071 3215 1271 3282; x_wconf 81' lang='lat' dir='ltr'><strong>vident,</strong></span> <span class='ocrx_word' id='word_1_406' title='bbox 1300 3225 1471 3282; x_wconf 88' lang='lat' dir='ltr'><strong>neque</strong></span> <span class='ocrx_word' id='word_1_407' title='bbox 1492 3211 1640 3280; x_wconf 90' lang='lat' dir='ltr'><strong>prius</strong></span> <span class='ocrx_word' id='word_1_408' title='bbox 1665 3209 1788 3263; x_wconf 90' lang='lat' dir='ltr'><strong>inde</strong></span> <span class='ocrx_word' id='word_1_409' title='bbox 1807 3207 2043 3276; x_wconf 87' lang='lat' dir='ltr'><strong>abigunt,</strong></span> 
     </span>
    </p>
   </div>
   <div class='ocr_carea' id='block_1_52' title="bbox 463 3303 2048 3382">
    <p class='ocr_par' dir='ltr' id='par_1_52' title="bbox 463 3303 2048 3382">
     <span class='ocr_line' id='line_1_52' title="bbox 463 3303 2048 3382; baseline -0.009 -16"><span class='ocrx_word' id='word_1_410' title='bbox 463 3327 625 3382; x_wconf 89' lang='lat' dir='ltr'><strong>quam</strong></span> <span class='ocrx_word' id='word_1_411' title='bbox 671 3319 833 3365; x_wconf 90' lang='lat' dir='ltr'><strong>totam</strong></span> <span class='ocrx_word' id='word_1_412' title='bbox 883 3324 1010 3377; x_wconf 78' lang='lat' dir='ltr'><strong>grex</strong></span> <span class='ocrx_word' id='word_1_413' title='bbox 1062 3305 1368 3360; x_wconf 88' lang='lat' dir='ltr'><strong>totonderit.</strong></span> <span class='ocrx_word' id='word_1_414' title='bbox 1409 3303 1518 3356; x_wconf 86' lang='lat' dir='ltr'><strong>llos</strong></span> <span class='ocrx_word' id='word_1_415' title='bbox 1557 3315 1684 3356; x_wconf 90' lang='lat' dir='ltr'><strong>vero</strong></span> <span class='ocrx_word' id='word_1_416' title='bbox 1711 3315 1807 3354; x_wconf 90' lang='lat' dir='ltr'><strong>nos</strong></span> <span class='ocrx_word' id='word_1_417' title='bbox 1835 3312 2048 3370; x_wconf 88' lang='lat' dir='ltr'><strong>quoque</strong></span> 
     </span>
    </p>
   </div>
   <div class='ocr_carea' id='block_1_53' title="bbox 466 3390 2044 3469">
    <p class='ocr_par' dir='ltr' id='par_1_53' title="bbox 466 3390 2044 3469">
     <span class='ocr_line' id='line_1_53' title="bbox 466 3390 2044 3469; baseline -0.01 -10"><span class='ocrx_word' id='word_1_418' title='bbox 466 3403 684 3465; x_wconf 90' lang='lat' dir='ltr'><strong>imitati,</strong></span> <span class='ocrx_word' id='word_1_419' title='bbox 715 3402 814 3454; x_wconf 91' lang='lat' dir='ltr'><strong>hac</strong></span> <span class='ocrx_word' id='word_1_420' title='bbox 841 3409 1023 3469; x_wconf 89' lang='lat' dir='ltr'><strong>quarta</strong></span> <span class='ocrx_word' id='word_1_421' title='bbox 1043 3397 1154 3466; x_wconf 91' lang='lat' dir='ltr'><strong>jam</strong></span> <span class='ocrx_word' id='word_1_422' title='bbox 1188 3396 1274 3451; x_wconf 89' lang='lat' dir='ltr'><strong>die</strong></span> <span class='ocrx_word' id='word_1_423' title='bbox 1296 3395 1370 3468; x_wconf 84' lang='grc' dir='ltr'><strong>(α)</strong></span> <span class='ocrx_word' id='word_1_424' title='bbox 1392 3393 1454 3448; x_wconf 90' lang='lat' dir='ltr'><strong>ad</strong></span> <span class='ocrx_word' id='word_1_425' title='bbox 1483 3394 1805 3465; x_wconf 63' lang='lat' dir='ltr'><strong>paenitentia!</strong></span> <span class='ocrx_word' id='word_1_426' title='bbox 1829 3390 2044 3445; x_wconf 88' lang='lat' dir='ltr'><strong>modum</strong></span> 
     </span>
    </p>
   </div>
   <div class='ocr_carea' id='block_1_54' title="bbox 473 3481 2045 3564">
    <p class='ocr_par' dir='ltr' id='par_1_54' title="bbox 473 3481 2045 3564">
     <span class='ocr_line' id='line_1_54' title="bbox 473 3481 2045 3564; baseline -0.012 -13"><span class='ocrx_word' id='word_1_427' title='bbox 473 3497 608 3552; x_wconf 86' lang='lat' dir='ltr'><strong>hunc</strong></span> <span class='ocrx_word' id='word_1_428' title='bbox 633 3492 901 3564; x_wconf 87' lang='lat' dir='ltr'><strong>pascimus</strong></span> <span class='ocrx_word' id='word_1_429' title='bbox 924 3503 1160 3559; x_wconf 84' lang='lat' dir='ltr'><strong>gregem,</strong></span> <span class='ocrx_word' id='word_1_430' title='bbox 1194 3501 1363 3551; x_wconf 89' lang='lat' dir='ltr'><strong>neque</strong></span> <span class='ocrx_word' id='word_1_431' title='bbox 1391 3486 1473 3538; x_wconf 82' lang='lat' dir='ltr'><strong>vel</strong></span> <span class='ocrx_word' id='word_1_432' title='bbox 1505 3483 1682 3547; x_wconf 85' lang='lat' dir='ltr'><strong>hodie,</strong></span> <span class='ocrx_word' id='word_1_433' title='bbox 1713 3481 1919 3551; x_wconf 82' lang='lat' dir='ltr'><strong>digredi</strong></span> <span class='ocrx_word' id='word_1_434' title='bbox 1946 3496 2045 3549; x_wconf 88' lang='lat' dir='ltr'><strong>pa-</strong></span> 
     </span>
    </p>
   </div>
   <div class='ocr_carea' id='block_1_55' title="bbox 468 3573 2046 3647">
    <p class='ocr_par' dir='ltr' id='par_1_55' title="bbox 468 3573 2046 3647">
     <span class='ocr_line' id='line_1_55' title="bbox 468 3573 2046 3647; baseline -0.01 -6"><span class='ocrx_word' id='word_1_435' title='bbox 468 3602 647 3643; x_wconf 83' lang='lat' dir='ltr'><strong>ramus</strong></span> <span class='ocrx_word' id='word_1_436' title='bbox 672 3603 686 3638; x_wconf 72' lang='lat'><strong>1</strong></span> <span class='ocrx_word' id='word_1_437' title='bbox 713 3583 932 3638; x_wconf 89' lang='lat' dir='ltr'><strong>multum</strong></span> <span class='ocrx_word' id='word_1_438' title='bbox 965 3594 1194 3647; x_wconf 88' lang='lat' dir='ltr'><strong>namque</strong></span> <span class='ocrx_word' id='word_1_439' title='bbox 1219 3578 1392 3632; x_wconf 90' lang='lat' dir='ltr'><strong>adhuc</strong></span> <span class='ocrx_word' id='word_1_440' title='bbox 1421 3576 1595 3646; x_wconf 90' lang='lat' dir='ltr'><strong>pabuli</strong></span> <span class='ocrx_word' id='word_1_441' title='bbox 1622 3589 1743 3629; x_wconf 90' lang='lat' dir='ltr'><strong>esse</strong></span> <span class='ocrx_word' id='word_1_442' title='bbox 1780 3573 2046 3638; x_wconf 90' lang='lat' dir='ltr'><strong>videmus,</strong></span> 
     </span>
    </p>
   </div>
   <div class='ocr_carea' id='block_1_56' title="bbox 465 3662 1284 3732">
    <p class='ocr_par' dir='ltr' id='par_1_56' title="bbox 465 3662 1284 3732">
     <span class='ocr_line' id='line_1_56' title="bbox 465 3662 1284 3732; baseline -0.011 -1"><span class='ocrx_word' id='word_1_443' title='bbox 465 3678 690 3732; x_wconf 90' lang='lat' dir='ltr'><strong>multum</strong></span> <span class='ocrx_word' id='word_1_444' title='bbox 722 3662 918 3728; x_wconf 69' lang='lat' dir='ltr'><strong>liztitia:</strong></span> <span class='ocrx_word' id='word_1_445' title='bbox 945 3680 997 3724; x_wconf 90' lang='lat' dir='ltr'><strong>et</strong></span> <span class='ocrx_word' id='word_1_446' title='bbox 1026 3669 1284 3726; x_wconf 89' lang='lat' dir='ltr'><strong>utilitatis.</strong></span> 
     </span>
    </p>
   </div>
   <div class='ocr_carea' id='block_1_57' title="bbox 535 3753 2051 3823">
    <p class='ocr_par' dir='ltr' id='par_1_57' title="bbox 535 3753 2051 3823">
     <span class='ocr_line' id='line_1_57' title="bbox 535 3753 2051 3823; baseline -0.009 -3"><span class='ocrx_word' id='word_1_447' title='bbox 535 3763 839 3820; x_wconf 71' lang='lat' dir='ltr'><strong>Paenitentia</strong></span> <span class='ocrx_word' id='word_1_448' title='bbox 867 3760 1206 3814; x_wconf 86' lang='lat' dir='ltr'><strong>omnimodam</strong></span> <span class='ocrx_word' id='word_1_449' title='bbox 1235 3758 1626 3812; x_wconf 77' lang='lat' dir='ltr'><strong>consolationem</strong></span> <span class='ocrx_word' id='word_1_450' title='bbox 1651 3754 1821 3823; x_wconf 76' lang='lat' dir='ltr'><strong>affert.</strong></span> <span class='ocrx_word' id='word_1_451' title='bbox 1845 3755 1916 3794; x_wconf 77' lang='lat'><strong>—&#39;-</strong></span> <span class='ocrx_word' id='word_1_452' title='bbox 1945 3753 2051 3808; x_wconf 87' lang='lat' dir='ltr'><strong>Nc-</strong></span> 
     </span>
    </p>
   </div>
   <div class='ocr_carea' id='block_1_58' title="bbox 465 3827 2052 3928">
    <p class='ocr_par' dir='ltr' id='par_1_58' title="bbox 465 3827 2052 3928">
     <span class='ocr_line' id='line_1_58' title="bbox 465 3827 2052 3928; baseline -0.006 -17"><span class='ocrx_word' id='word_1_453' title='bbox 465 3873 571 3928; x_wconf 85' lang='lat' dir='ltr'><strong>que</strong></span> <span class='ocrx_word' id='word_1_454' title='bbox 601 3857 741 3910; x_wconf 90' lang='lat' dir='ltr'><strong>enim</strong></span> <span class='ocrx_word' id='word_1_455' title='bbox 778 3853 1027 3906; x_wconf 88' lang='lat' dir='ltr'><strong>arborum</strong></span> <span class='ocrx_word' id='word_1_456' title='bbox 1058 3865 1258 3914; x_wconf 67' lang='lat' dir='ltr'><strong>comae,</strong></span> <span class='ocrx_word' id='word_1_457' title='bbox 1295 3865 1413 3918; x_wconf 73' lang='lat' dir='ltr'><strong>qua:</strong></span> <span class='ocrx_word' id='word_1_458' title='bbox 1442 3827 1507 3901; x_wconf 79' lang='lat' dir='ltr'><strong>ad</strong></span> <span class='ocrx_word' id='word_1_459' title='bbox 1536 3847 1856 3902; x_wconf 89' lang='lat' dir='ltr'><strong>meridianas</strong></span> <span class='ocrx_word' id='word_1_460' title='bbox 1890 3844 2052 3903; x_wconf 86' lang='lat' dir='ltr'><strong>horas</strong></span> 
     </span>
    </p>
   </div>
   <div class='ocr_carea' id='block_1_59' title="bbox 467 3937 2053 4008">
    <p class='ocr_par' dir='ltr' id='par_1_59' title="bbox 467 3937 2053 4008">
     <span class='ocr_line' id='line_1_59' title="bbox 467 3937 2053 4008; baseline -0.006 -6"><span class='ocrx_word' id='word_1_461' title='bbox 467 3949 591 4003; x_wconf 88' lang='lat' dir='ltr'><strong>tecti</strong></span> <span class='ocrx_word' id='word_1_462' title='bbox 617 3947 734 4001; x_wconf 90' lang='lat' dir='ltr'><strong>vice</strong></span> <span class='ocrx_word' id='word_1_463' title='bbox 759 3954 881 3999; x_wconf 90' lang='lat' dir='ltr'><strong>sunt</strong></span> <span class='ocrx_word' id='word_1_464' title='bbox 901 3943 1088 4000; x_wconf 91' lang='lat' dir='ltr'><strong>ovibus</strong></span> <span class='ocrx_word' id='word_1_465' title='bbox 1106 3983 1121 4004; x_wconf 88' lang='lat'><strong>.</strong></span> <span class='ocrx_word' id='word_1_466' title='bbox 1150 3942 1224 3997; x_wconf 90' lang='lat' dir='ltr'><strong>ita</strong></span> <span class='ocrx_word' id='word_1_467' title='bbox 1251 3956 1346 3996; x_wconf 89' lang='lat' dir='ltr'><strong>eas</strong></span> <span class='ocrx_word' id='word_1_468' title='bbox 1373 3947 1617 3997; x_wconf 73' lang='lat' dir='ltr'><strong>recreant</strong></span> <span class='ocrx_word' id='word_1_469' title='bbox 1634 3981 1652 4008; x_wconf 89' lang='lat'><strong>,</strong></span> <span class='ocrx_word' id='word_1_470' title='bbox 1677 3939 1749 3996; x_wconf 88' lang='lat' dir='ltr'><strong>ita</strong></span> <span class='ocrx_word' id='word_1_471' title='bbox 1773 3937 2053 3996; x_wconf 79' lang='lat' dir='ltr'><strong>desidera-</strong></span> 
     </span>
    </p>
   </div>
   <div class='ocr_carea' id='block_1_60' title="bbox 466 4033 2054 4109">
    <p class='ocr_par' dir='ltr' id='par_1_60' title="bbox 466 4033 2054 4109">
     <span class='ocr_line' id='line_1_60' title="bbox 466 4033 2054 4109; baseline -0.006 -12"><span class='ocrx_word' id='word_1_472' title='bbox 466 4041 628 4098; x_wconf 84' lang='lat' dir='ltr'><strong>bilem</strong></span> <span class='ocrx_word' id='word_1_473' title='bbox 667 4037 957 4109; x_wconf 81' lang='lat' dir='ltr'><strong>utilemque</strong></span> <span class='ocrx_word' id='word_1_474' title='bbox 999 4033 1241 4094; x_wconf 84' lang='lat' dir='ltr'><strong>umbram</strong></span> <span class='ocrx_word' id='word_1_475' title='bbox 1279 4036 1553 4106; x_wconf 73' lang='lat' dir='ltr'><strong>prtebent,</strong></span> <span class='ocrx_word' id='word_1_476' title='bbox 1587 4035 1655 4090; x_wconf 88' lang='lat' dir='ltr'><strong>ad</strong></span> <span class='ocrx_word' id='word_1_477' title='bbox 1703 4048 2054 4104; x_wconf 89' lang='lat' dir='ltr'><strong>somnumque</strong></span> 
     </span>
    </p>
   </div>
   <div class='ocr_carea' id='block_1_61' title="bbox 467 4115 2049 4203">
    <p class='ocr_par' dir='ltr' id='par_1_61' title="bbox 467 4115 2049 4203">
     <span class='ocr_line' id='line_1_61' title="bbox 467 4115 2049 4203; baseline -0.01 -13"><span class='ocrx_word' id='word_1_478' title='bbox 467 4150 656 4203; x_wconf 86' lang='lat' dir='ltr'><strong>magna</strong></span> <span class='ocrx_word' id='word_1_479' title='bbox 685 4115 804 4186; x_wconf 82' lang='lat' dir='ltr'><strong>cum</strong></span> <span class='ocrx_word' id='word_1_480' title='bbox 833 4133 1101 4201; x_wconf 86' lang='lat' dir='ltr'><strong>voluptate</strong></span> <span class='ocrx_word' id='word_1_481' title='bbox 1128 4131 1459 4200; x_wconf 82' lang='lat' dir='ltr'><strong>pertrahunt,</strong></span> <span class='ocrx_word' id='word_1_482' title='bbox 1494 4138 1550 4184; x_wconf 86' lang='grc' dir='ltr'><strong>ιιι</strong></span> <span class='ocrx_word' id='word_1_483' title='bbox 1574 4128 1872 4183; x_wconf 87' lang='lat' dir='ltr'><strong>divinarum</strong></span> <span class='ocrx_word' id='word_1_484' title='bbox 1904 4127 2049 4182; x_wconf 63' lang='lat' dir='ltr'><strong>Scri.</strong></span> 
     </span>
    </p>
   </div>
   <div class='ocr_carea' id='block_1_62' title="bbox 467 4219 2052 4297">
    <p class='ocr_par' dir='ltr' id='par_1_62' title="bbox 467 4219 2052 4297">
     <span class='ocr_line' id='line_1_62' title="bbox 467 4219 2052 4297; baseline -0.005 -17"><span class='ocrx_word' id='word_1_485' title='bbox 467 4237 741 4297; x_wconf 88' lang='lat' dir='ltr'><strong>pturarum</strong></span> <span class='ocrx_word' id='word_1_486' title='bbox 773 4225 930 4280; x_wconf 82' lang='lat' dir='ltr'><strong>lectio</strong></span> <span class='ocrx_word' id='word_1_487' title='bbox 961 4232 1250 4278; x_wconf 67' lang='lat' dir='ltr'><strong>maerentes</strong></span> <span class='ocrx_word' id='word_1_488' title='bbox 1293 4230 1346 4276; x_wconf 91' lang='lat' dir='ltr'><strong>et</strong></span> <span class='ocrx_word' id='word_1_489' title='bbox 1381 4237 1578 4291; x_wconf 91' lang='lat' dir='ltr'><strong>angore</strong></span> <span class='ocrx_word' id='word_1_490' title='bbox 1607 4220 1766 4274; x_wconf 90' lang='lat' dir='ltr'><strong>animi</strong></span> <span class='ocrx_word' id='word_1_491' title='bbox 1811 4219 2052 4273; x_wconf 84' lang='lat' dir='ltr'><strong>detentas</strong></span> 
     </span>
    </p>
   </div>
   <div class='ocr_carea' id='block_1_63' title="bbox 465 4312 2054 4385">
    <p class='ocr_par' dir='ltr' id='par_1_63' title="bbox 465 4312 2054 4385">
     <span class='ocr_line' id='line_1_63' title="bbox 465 4312 2054 4385; baseline -0.008 -10"><span class='ocrx_word' id='word_1_492' title='bbox 465 4320 672 4375; x_wconf 83' lang='lat' dir='ltr'><strong>animas</strong></span> <span class='ocrx_word' id='word_1_493' title='bbox 701 4327 907 4372; x_wconf 86' lang='lat' dir='ltr'><strong>recreat</strong></span> <span class='ocrx_word' id='word_1_494' title='bbox 947 4332 1010 4370; x_wconf 91' lang='lat' dir='ltr'><strong>ac</strong></span> <span class='ocrx_word' id='word_1_495' title='bbox 1053 4315 1364 4385; x_wconf 80' lang='lat' dir='ltr'><strong>refrigerat,</strong></span> <span class='ocrx_word' id='word_1_496' title='bbox 1400 4314 1524 4368; x_wconf 93' lang='lat' dir='ltr'><strong>dum</strong></span> <span class='ocrx_word' id='word_1_497' title='bbox 1555 4312 1940 4368; x_wconf 78' lang='lat' dir='ltr'><strong>vehementiam</strong></span> <span class='ocrx_word' id='word_1_498' title='bbox 1969 4325 2054 4363; x_wconf 60' lang='lat' dir='ltr'><strong>ar.-</strong></span> 
     </span>
    </p>
   </div>
   <div class='ocr_carea' id='block_1_64' title="bbox 465 4402 2050 4477">
    <p class='ocr_par' dir='ltr' id='par_1_64' title="bbox 465 4402 2050 4477">
     <span class='ocr_line' id='line_1_64' title="bbox 465 4402 2050 4477; baseline -0.004 -16"><span class='ocrx_word' id='word_1_499' title='bbox 465 4409 761 4477; x_wconf 86' lang='lat' dir='ltr'><strong>dorcmque</strong></span> <span class='ocrx_word' id='word_1_500' title='bbox 790 4407 990 4462; x_wconf 85' lang='lat' dir='ltr'><strong>doloris</strong></span> <span class='ocrx_word' id='word_1_501' title='bbox 1033 4405 1196 4469; x_wconf 87' lang='lat' dir='ltr'><strong>lenit,</strong></span> <span class='ocrx_word' id='word_1_502' title='bbox 1227 4404 1580 4474; x_wconf 83' lang='lat' dir='ltr'><strong>solatiumque</strong></span> <span class='ocrx_word' id='word_1_503' title='bbox 1607 4403 1842 4472; x_wconf 89' lang='lat' dir='ltr'><strong>qualibet</strong></span> <span class='ocrx_word' id='word_1_504' title='bbox 1866 4402 2050 4456; x_wconf 91' lang='lat' dir='ltr'><strong>umbra</strong></span> 
     </span>
    </p>
   </div>
   <div class='ocr_carea' id='block_1_65' title="bbox 465 4492 2049 4566">
    <p class='ocr_par' dir='ltr' id='par_1_65' title="bbox 465 4492 2049 4566">
     <span class='ocr_line' id='line_1_65' title="bbox 465 4492 2049 4566; baseline -0.002 -14"><span class='ocrx_word' id='word_1_505' title='bbox 465 4499 678 4552; x_wconf 86' lang='lat' dir='ltr'><strong>suavius</strong></span> <span class='ocrx_word' id='word_1_506' title='bbox 702 4497 1072 4564; x_wconf 75' lang='lat' dir='ltr'><strong>ammuiusque</strong></span> <span class='ocrx_word' id='word_1_507' title='bbox 1111 4497 1363 4566; x_wconf 90' lang='lat' dir='ltr'><strong>impertit.</strong></span> <span class='ocrx_word' id='word_1_508' title='bbox 1395 4494 1578 4563; x_wconf 89' lang='lat' dir='ltr'><strong>Neque</strong></span> <span class='ocrx_word' id='word_1_509' title='bbox 1619 4493 1761 4547; x_wconf 91' lang='lat' dir='ltr'><strong>enim</strong></span> <span class='ocrx_word' id='word_1_510' title='bbox 1791 4492 1960 4547; x_wconf 67' lang='lat' dir='ltr'><strong>solum</strong></span> <span class='ocrx_word' id='word_1_511' title='bbox 1999 4493 2049 4549; x_wconf 85' lang='lat' dir='ltr'><strong>iu</strong></span> 
     </span>
    </p>
   </div>
   <div class='ocr_carea' id='block_1_66' title="bbox 467 4587 2053 4659">
    <p class='ocr_par' dir='ltr' id='par_1_66' title="bbox 467 4587 2053 4659">
     <span class='ocr_line' id='line_1_66' title="bbox 467 4587 2053 4659; baseline -0.003 -16"><span class='ocrx_word' id='word_1_512' title='bbox 467 4591 809 4659; x_wconf 88' lang='lat' dir='ltr'><strong>pecuniarum</strong></span> <span class='ocrx_word' id='word_1_513' title='bbox 832 4591 1038 4657; x_wconf 85' lang='lat' dir='ltr'><strong>jactura</strong></span> <span class='ocrx_word' id='word_1_514' title='bbox 1058 4631 1073 4652; x_wconf 89' lang='lat'><strong>,</strong></span> <span class='ocrx_word' id='word_1_515' title='bbox 1101 4599 1192 4642; x_wconf 88' lang='lat' dir='ltr'><strong>aut</strong></span> <span class='ocrx_word' id='word_1_516' title='bbox 1218 4589 1268 4642; x_wconf 91' lang='lat' dir='ltr'><strong>in</strong></span> <span class='ocrx_word' id='word_1_517' title='bbox 1298 4589 1585 4644; x_wconf 87' lang='lat' dir='ltr'><strong>liberorum</strong></span> <span class='ocrx_word' id='word_1_518' title='bbox 1615 4587 1902 4641; x_wconf 89' lang='lat' dir='ltr'><strong>amissione</strong></span> <span class='ocrx_word' id='word_1_519' title='bbox 1921 4627 1935 4652; x_wconf 94' lang='lat'><strong>,</strong></span> <span class='ocrx_word' id='word_1_520' title='bbox 1962 4596 2053 4638; x_wconf 88' lang='lat' dir='ltr'><strong>aut</strong></span> 
     </span>
    </p>
   </div>
   <div class='ocr_carea' id='block_1_67' title="bbox 466 4678 2049 4750">
    <p class='ocr_par' dir='ltr' id='par_1_67' title="bbox 466 4678 2049 4750">
     <span class='ocr_line' id='line_1_67' title="bbox 466 4678 2049 4750; baseline -0.003 -15"><span class='ocrx_word' id='word_1_521' title='bbox 466 4684 520 4738; x_wconf 89' lang='lat' dir='ltr'><strong>in</strong></span> <span class='ocrx_word' id='word_1_522' title='bbox 549 4683 668 4736; x_wconf 90' lang='lat' dir='ltr'><strong>aliis</strong></span> <span class='ocrx_word' id='word_1_523' title='bbox 695 4682 956 4736; x_wconf 83' lang='lat' dir='ltr'><strong>similibus</strong></span> <span class='ocrx_word' id='word_1_524' title='bbox 975 4723 988 4745; x_wconf 93' lang='lat'><strong>,</strong></span> <span class='ocrx_word' id='word_1_525' title='bbox 1017 4681 1110 4735; x_wconf 88' lang='lat' dir='ltr'><strong>sed</strong></span> <span class='ocrx_word' id='word_1_526' title='bbox 1139 4681 1296 4736; x_wconf 90' lang='lat' dir='ltr'><strong>etiam</strong></span> <span class='ocrx_word' id='word_1_527' title='bbox 1329 4681 1379 4734; x_wconf 91' lang='lat' dir='ltr'><strong>in</strong></span> <span class='ocrx_word' id='word_1_528' title='bbox 1406 4689 1748 4750; x_wconf 88' lang='lat' dir='ltr'><strong>peccatorum</strong></span> <span class='ocrx_word' id='word_1_529' title='bbox 1776 4678 2049 4732; x_wconf 83' lang='lat' dir='ltr'><strong>calamita-</strong></span> 
     </span>
    </p>
   </div>
   <div class='ocr_carea' id='block_1_68' title="bbox 467 4770 2048 4843">
    <p class='ocr_par' dir='ltr' id='par_1_68' title="bbox 467 4770 2048 4843">
     <span class='ocr_line' id='line_1_68' title="bbox 467 4770 2048 4843; baseline -0.003 -16"><span class='ocrx_word' id='word_1_530' title='bbox 467 4775 608 4827; x_wconf 87' lang='lat' dir='ltr'><strong>tibus</strong></span> <span class='ocrx_word' id='word_1_531' title='bbox 639 4789 883 4843; x_wconf 89' lang='lat' dir='ltr'><strong>magnam</strong></span> <span class='ocrx_word' id='word_1_532' title='bbox 933 4773 1019 4826; x_wconf 90' lang='lat' dir='ltr'><strong>illa</strong></span> <span class='ocrx_word' id='word_1_533' title='bbox 1068 4772 1222 4825; x_wconf 89' lang='lat' dir='ltr'><strong>nobis</strong></span> <span class='ocrx_word' id='word_1_534' title='bbox 1256 4772 1409 4826; x_wconf 75' lang='lat' dir='ltr'><strong>allert</strong></span> <span class='ocrx_word' id='word_1_535' title='bbox 1448 4772 1890 4826; x_wconf 89' lang='lat' dir='ltr'><strong>consolationem.</strong></span> <span class='ocrx_word' id='word_1_536' title='bbox 1915 4770 2048 4824; x_wconf 89' lang='lat' dir='ltr'><strong>Cum</strong></span> 
     </span>
    </p>
   </div>
   <div class='ocr_carea' id='block_1_69' title="bbox 461 4861 2051 4932">
    <p class='ocr_par' dir='ltr' id='par_1_69' title="bbox 461 4861 2051 4932">
     <span class='ocr_line' id='line_1_69' title="bbox 461 4861 2051 4932; baseline -0.003 -14"><span class='ocrx_word' id='word_1_537' title='bbox 461 4866 607 4918; x_wconf 87' lang='lat' dir='ltr'><strong>enim</strong></span> <span class='ocrx_word' id='word_1_538' title='bbox 635 4867 793 4917; x_wconf 91' lang='lat' dir='ltr'><strong>homo</strong></span> <span class='ocrx_word' id='word_1_539' title='bbox 814 4872 1034 4932; x_wconf 88' lang='lat' dir='ltr'><strong>peccato</strong></span> <span class='ocrx_word' id='word_1_540' title='bbox 1061 4864 1384 4932; x_wconf 90' lang='lat' dir='ltr'><strong>interceptus</strong></span> <span class='ocrx_word' id='word_1_541' title='bbox 1414 4871 1470 4918; x_wconf 83' lang='lat' dir='ltr'><strong>et</strong></span> <span class='ocrx_word' id='word_1_542' title='bbox 1494 4863 1887 4917; x_wconf 80' lang='lat' dir='ltr'><strong>circumventus</strong></span> <span class='ocrx_word' id='word_1_543' title='bbox 1908 4861 2051 4915; x_wconf 86' lang='lat' dir='ltr'><strong>ceci-</strong></span> 
     </span>
    </p>
   </div>
   <div class='ocr_carea' id='block_1_70' title="bbox 461 4951 2051 5024">
    <p class='ocr_par' dir='ltr' id='par_1_70' title="bbox 461 4951 2051 5024">
     <span class='ocr_line' id='line_1_70' title="bbox 461 4951 2051 5024; baseline -0.001 -17"><span class='ocrx_word' id='word_1_544' title='bbox 461 4955 574 5020; x_wconf 79' lang='lat' dir='ltr'><strong>tlit,</strong></span> <span class='ocrx_word' id='word_1_545' title='bbox 616 4963 906 5024; x_wconf 83' lang='lat' dir='ltr'><strong>posteaque</strong></span> <span class='ocrx_word' id='word_1_546' title='bbox 947 4955 1222 5009; x_wconf 90' lang='lat' dir='ltr'><strong>mordetur</strong></span> <span class='ocrx_word' id='word_1_547' title='bbox 1259 4970 1287 5008; x_wconf 92' lang='lat' dir='ltr'><strong>a</strong></span> <span class='ocrx_word' id='word_1_548' title='bbox 1327 4953 1650 5009; x_wconf 85' lang='lat' dir='ltr'><strong>conscientia</strong></span> <span class='ocrx_word' id='word_1_549' title='bbox 1681 4994 1697 5018; x_wconf 94' lang='lat'><strong>,</strong></span> <span class='ocrx_word' id='word_1_550' title='bbox 1739 4951 2051 5022; x_wconf 89' lang='lat' dir='ltr'><strong>peccatique</strong></span> 
     </span>
    </p>
   </div>
   <div class='ocr_carea' id='block_1_71' title="bbox 462 5045 2048 5117">
    <p class='ocr_par' dir='ltr' id='par_1_71' title="bbox 462 5045 2048 5117">
     <span class='ocr_line' id='line_1_71' title="bbox 462 5045 2048 5117; baseline -0.003 -15"><span class='ocrx_word' id='word_1_551' title='bbox 462 5049 677 5104; x_wconf 85' lang='lat' dir='ltr'><strong>assidue</strong></span> <span class='ocrx_word' id='word_1_552' title='bbox 716 5063 943 5113; x_wconf 91' lang='lat' dir='ltr'><strong>memor,</strong></span> <span class='ocrx_word' id='word_1_553' title='bbox 993 5063 1112 5103; x_wconf 90' lang='lat' dir='ltr'><strong>sese</strong></span> <span class='ocrx_word' id='word_1_554' title='bbox 1157 5048 1404 5104; x_wconf 71' lang='lat' dir='ltr'><strong>mmroris</strong></span> <span class='ocrx_word' id='word_1_555' title='bbox 1443 5046 1808 5117; x_wconf 88' lang='lat' dir='ltr'><strong>magnitudine</strong></span> <span class='ocrx_word' id='word_1_556' title='bbox 1852 5045 2048 5111; x_wconf 91' lang='lat' dir='ltr'><strong>obruit,</strong></span> 
     </span>
    </p>
   </div>
   <div class='ocr_carea' id='block_1_72' title="bbox 464 5137 2048 5209">
    <p class='ocr_par' dir='ltr' id='par_1_72' title="bbox 464 5137 2048 5209">
     <span class='ocr_line' id='line_1_72' title="bbox 464 5137 2048 5209; baseline -0.003 -15"><span class='ocrx_word' id='word_1_557' title='bbox 464 5154 665 5209; x_wconf 82' lang='lat' dir='ltr'><strong>perque</strong></span> <span class='ocrx_word' id='word_1_558' title='bbox 687 5139 924 5207; x_wconf 85' lang='lat' dir='ltr'><strong>singulos</strong></span> <span class='ocrx_word' id='word_1_559' title='bbox 947 5139 1060 5193; x_wconf 89' lang='lat' dir='ltr'><strong>dies</strong></span> <span class='ocrx_word' id='word_1_560' title='bbox 1082 5139 1386 5194; x_wconf 90' lang='lat' dir='ltr'><strong>incenditur</strong></span> <span class='ocrx_word' id='word_1_561' title='bbox 1413 5157 1426 5193; x_wconf 91' lang='lat'><strong>:</strong></span> <span class='ocrx_word' id='word_1_562' title='bbox 1456 5138 1856 5208; x_wconf 83' lang='lat' dir='ltr'><strong>inuumerisque</strong></span> <span class='ocrx_word' id='word_1_563' title='bbox 1876 5137 2048 5208; x_wconf 90' lang='lat' dir='ltr'><strong>ipsum</strong></span> 
     </span>
    </p>
   </div>
   <div class='ocr_carea' id='block_1_73' title="bbox 461 5227 2046 5295">
    <p class='ocr_par' dir='ltr' id='par_1_73' title="bbox 461 5227 2046 5295">
     <span class='ocr_line' id='line_1_73' title="bbox 461 5227 2046 5295; baseline -0.002 -12"><span class='ocrx_word' id='word_1_564' title='bbox 461 5229 863 5284; x_wconf 88' lang='lat' dir='ltr'><strong>consolantibus</strong></span> <span class='ocrx_word' id='word_1_565' title='bbox 883 5270 897 5295; x_wconf 94' lang='lat'><strong>,</strong></span> <span class='ocrx_word' id='word_1_566' title='bbox 930 5230 972 5283; x_wconf 92' lang='lat' dir='ltr'><strong>si</strong></span> <span class='ocrx_word' id='word_1_567' title='bbox 1002 5230 1425 5284; x_wconf 87' lang='lat' dir='ltr'><strong>consolationem</strong></span> <span class='ocrx_word' id='word_1_568' title='bbox 1469 5245 1572 5282; x_wconf 90' lang='lat' dir='ltr'><strong>non</strong></span> <span class='ocrx_word' id='word_1_569' title='bbox 1611 5227 1930 5292; x_wconf 88' lang='lat' dir='ltr'><strong>admiserit,</strong></span> <span class='ocrx_word' id='word_1_570' title='bbox 1960 5228 2046 5280; x_wconf 89' lang='lat' dir='ltr'><strong>in-</strong></span> 
     </span>
    </p>
   </div>
   <div class='ocr_carea' id='block_1_74' title="bbox 462 5321 2049 5392">
    <p class='ocr_par' dir='ltr' id='par_1_74' title="bbox 462 5321 2049 5392">
     <span class='ocr_line' id='line_1_74' title="bbox 462 5321 2049 5392; baseline -0.003 -14"><span class='ocrx_word' id='word_1_571' title='bbox 462 5338 678 5392; x_wconf 79' lang='lat' dir='ltr'><strong>gressus</strong></span> <span class='ocrx_word' id='word_1_572' title='bbox 724 5323 776 5376; x_wconf 92' lang='lat' dir='ltr'><strong>in</strong></span> <span class='ocrx_word' id='word_1_573' title='bbox 827 5323 1139 5385; x_wconf 86' lang='lat' dir='ltr'><strong>ecclesiam,</strong></span> <span class='ocrx_word' id='word_1_574' title='bbox 1183 5331 1463 5392; x_wconf 84' lang='lat' dir='ltr'><strong>postquam</strong></span> <span class='ocrx_word' id='word_1_575' title='bbox 1507 5321 1710 5377; x_wconf 89' lang='lat' dir='ltr'><strong>audivit</strong></span> <span class='ocrx_word' id='word_1_576' title='bbox 1744 5329 2049 5377; x_wconf 87' lang='lat' dir='ltr'><strong>sanctorum</strong></span> 
     </span>
    </p>
   </div>
   <div class='ocr_carea' id='block_1_75' title="bbox 466 5411 2051 5482">
    <p class='ocr_par' dir='ltr' id='par_1_75' title="bbox 466 5411 2051 5482">
     <span class='ocr_line' id='line_1_75' title="bbox 466 5411 2051 5482; baseline 0.002 -19"><span class='ocrx_word' id='word_1_577' title='bbox 466 5413 721 5482; x_wconf 90' lang='lat' dir='ltr'><strong>plurimos</strong></span> <span class='ocrx_word' id='word_1_578' title='bbox 749 5414 924 5482; x_wconf 86' lang='lat' dir='ltr'><strong>lapsos</strong></span> <span class='ocrx_word' id='word_1_579' title='bbox 951 5413 1268 5477; x_wconf 81' lang='lat' dir='ltr'><strong>surrexisse,</strong></span> <span class='ocrx_word' id='word_1_580' title='bbox 1296 5421 1454 5480; x_wconf 88' lang='lat' dir='ltr'><strong>atque</strong></span> <span class='ocrx_word' id='word_1_581' title='bbox 1474 5413 1540 5466; x_wconf 87' lang='lat' dir='ltr'><strong>ad</strong></span> <span class='ocrx_word' id='word_1_582' title='bbox 1570 5413 1804 5482; x_wconf 91' lang='lat' dir='ltr'><strong>priorem</strong></span> <span class='ocrx_word' id='word_1_583' title='bbox 1828 5411 2051 5466; x_wconf 88' lang='lat' dir='ltr'><strong>rediisse</strong></span> 
     </span>
    </p>
   </div>
   <div class='ocr_carea' id='block_1_76' title="bbox 463 5501 2051 5571">
    <p class='ocr_par' dir='ltr' id='par_1_76' title="bbox 463 5501 2051 5571">
     <span class='ocr_line' id='line_1_76' title="bbox 463 5501 2051 5571; baseline -0.001 -15"><span class='ocrx_word' id='word_1_584' title='bbox 463 5504 802 5571; x_wconf 77' lang='lat' dir='ltr'><strong>dignitatem,</strong></span> <span class='ocrx_word' id='word_1_585' title='bbox 829 5503 966 5556; x_wconf 88' lang='lat' dir='ltr'><strong>clam</strong></span> <span class='ocrx_word' id='word_1_586' title='bbox 1012 5505 1181 5556; x_wconf 91' lang='lat' dir='ltr'><strong>multo</strong></span> <span class='ocrx_word' id='word_1_587' title='bbox 1221 5503 1412 5556; x_wconf 90' lang='lat' dir='ltr'><strong>solatio</strong></span> <span class='ocrx_word' id='word_1_588' title='bbox 1438 5503 1625 5571; x_wconf 89' lang='lat' dir='ltr'><strong>plenus</strong></span> <span class='ocrx_word' id='word_1_589' title='bbox 1667 5501 1956 5571; x_wconf 86' lang='lat' dir='ltr'><strong>egreditur.</strong></span> <span class='ocrx_word' id='word_1_590' title='bbox 1987 5502 2051 5554; x_wconf 87' lang='lat' dir='ltr'><strong>Et</strong></span> 
     </span>
    </p>
   </div>
   <div class='ocr_carea' id='block_1_77' title="bbox 463 5593 2050 5662">
    <p class='ocr_par' dir='ltr' id='par_1_77' title="bbox 463 5593 2050 5662">
     <span class='ocr_line' id='line_1_77' title="bbox 463 5593 2050 5662; baseline 0 -16"><span class='ocrx_word' id='word_1_591' title='bbox 463 5594 554 5660; x_wconf 86' lang='lat' dir='ltr'><strong>qui</strong></span> <span class='ocrx_word' id='word_1_592' title='bbox 600 5594 651 5646; x_wconf 91' lang='lat' dir='ltr'><strong>in</strong></span> <span class='ocrx_word' id='word_1_593' title='bbox 698 5594 942 5647; x_wconf 90' lang='lat' dir='ltr'><strong>homines</strong></span> <span class='ocrx_word' id='word_1_594' title='bbox 989 5595 1300 5662; x_wconf 87' lang='lat' dir='ltr'><strong>plerumque</strong></span> <span class='ocrx_word' id='word_1_595' title='bbox 1347 5608 1659 5662; x_wconf 90' lang='lat' dir='ltr'><strong>peccamus,</strong></span> <span class='ocrx_word' id='word_1_596' title='bbox 1699 5608 1768 5647; x_wconf 92' lang='lat' dir='ltr'><strong>ne</strong></span> <span class='ocrx_word' id='word_1_597' title='bbox 1811 5593 2050 5647; x_wconf 86' lang='lat' dir='ltr'><strong>revelare</strong></span> 
     </span>
    </p>
   </div>
   <div class='ocr_carea' id='block_1_78' title="bbox 464 5683 2047 5756">
    <p class='ocr_par' dir='ltr' id='par_1_78' title="bbox 464 5683 2047 5756">
     <span class='ocr_line' id='line_1_78' title="bbox 464 5683 2047 5756; baseline 0.002 -21"><span class='ocrx_word' id='word_1_598' title='bbox 464 5683 678 5752; x_wconf 88' lang='lat' dir='ltr'><strong>quidem</strong></span> <span class='ocrx_word' id='word_1_599' title='bbox 703 5695 976 5754; x_wconf 88' lang='lat' dir='ltr'><strong>peccatum</strong></span> <span class='ocrx_word' id='word_1_600' title='bbox 995 5685 1252 5739; x_wconf 89' lang='lat' dir='ltr'><strong>audemus</strong></span> <span class='ocrx_word' id='word_1_601' title='bbox 1273 5686 1471 5754; x_wconf 91' lang='lat' dir='ltr'><strong>pudore</strong></span> <span class='ocrx_word' id='word_1_602' title='bbox 1492 5686 1791 5756; x_wconf 90' lang='lat' dir='ltr'><strong>ruboreque</strong></span> <span class='ocrx_word' id='word_1_603' title='bbox 1812 5683 2009 5740; x_wconf 89' lang='lat' dir='ltr'><strong>detenti</strong></span> <span class='ocrx_word' id='word_1_604' title='bbox 2031 5700 2047 5750; x_wconf 91' lang='lat'><strong>;</strong></span> 
     </span>
    </p>
   </div>
   <div class='ocr_carea' id='block_1_79' title="bbox 525 5837 1337 5901">
    <p class='ocr_par' dir='ltr' id='par_1_79' title="bbox 525 5837 1337 5901">
     <span class='ocr_line' id='line_1_79' title="bbox 525 5837 1337 5901; baseline 0.01 -17"><span class='ocrx_word' id='word_1_605' title='bbox 525 5837 599 5898; x_wconf 79' lang='lat' dir='ltr'><strong>(tt)</strong></span> <span class='ocrx_word' id='word_1_606' title='bbox 626 5838 739 5887; x_wconf 73' lang='lat' dir='ltr'><strong>Vide</strong></span> <span class='ocrx_word' id='word_1_607' title='bbox 761 5841 813 5888; x_wconf 85' lang='lat' dir='ltr'><strong>in</strong></span> <span class='ocrx_word' id='word_1_608' title='bbox 830 5843 1000 5891; x_wconf 74' lang='lat' dir='ltr'><strong>Moaito</strong></span> <span class='ocrx_word' id='word_1_609' title='bbox 1024 5840 1337 5901; x_wconf 67' lang='lat' dir='ltr'><strong>praecedenti.</strong></span> 
     </span>
    </p>
   </div>
   <div class='ocr_carea' id='block_1_80' title="bbox 2151 2979 3740 3051">
    <p class='ocr_par' dir='ltr' id='par_1_80' title="bbox 2151 2979 3740 3051">
     <span class='ocr_line' id='line_1_80' title="bbox 2151 2979 3740 3051; baseline -0.001 -15"><span class='ocrx_word' id='word_1_610' title='bbox 2151 2982 2290 3051; x_wconf 84' lang='lat' dir='ltr'><strong>quod</strong></span> <span class='ocrx_word' id='word_1_611' title='bbox 2316 2983 2360 3036; x_wconf 90' lang='lat' dir='ltr'><strong>si</strong></span> <span class='ocrx_word' id='word_1_612' title='bbox 2389 2983 2726 3048; x_wconf 89' lang='lat' dir='ltr'><strong>revelemus,</strong></span> <span class='ocrx_word' id='word_1_613' title='bbox 2764 2981 2895 3036; x_wconf 93' lang='lat' dir='ltr'><strong>nihil</strong></span> <span class='ocrx_word' id='word_1_614' title='bbox 2923 2989 3127 3036; x_wconf 90' lang='lat' dir='ltr'><strong>tantum</strong></span> <span class='ocrx_word' id='word_1_615' title='bbox 3170 2979 3583 3051; x_wconf 89' lang='lat' dir='ltr'><strong>consequimur:</strong></span> <span class='ocrx_word' id='word_1_616' title='bbox 3614 2994 3740 3034; x_wconf 88' lang='lat' dir='ltr'><strong>cum</strong></span> 
     </span>
    </p>
   </div>
   <div class='ocr_carea' id='block_1_81' title="bbox 2149 3071 3727 3142">
    <p class='ocr_par' dir='ltr' id='par_1_81' title="bbox 2149 3071 3727 3142">
     <span class='ocr_line' id='line_1_81' title="bbox 2149 3071 3727 3142; baseline -0.003 -16"><span class='ocrx_word' id='word_1_617' title='bbox 2149 3083 2327 3128; x_wconf 91' lang='lat' dir='ltr'><strong>autem</strong></span> <span class='ocrx_word' id='word_1_618' title='bbox 2351 3073 2490 3128; x_wconf 93' lang='lat' dir='ltr'><strong>Deus</strong></span> <span class='ocrx_word' id='word_1_619' title='bbox 2517 3075 2847 3135; x_wconf 82' lang='lat' dir='ltr'><strong>exhortatur,</strong></span> <span class='ocrx_word' id='word_1_620' title='bbox 2878 3087 3078 3142; x_wconf 90' lang='lat' dir='ltr'><strong>corque</strong></span> <span class='ocrx_word' id='word_1_621' title='bbox 3103 3083 3342 3125; x_wconf 90' lang='lat' dir='ltr'><strong>nostrum</strong></span> <span class='ocrx_word' id='word_1_622' title='bbox 3368 3071 3555 3140; x_wconf 88' lang='lat' dir='ltr'><strong>tangit,</strong></span> <span class='ocrx_word' id='word_1_623' title='bbox 3581 3081 3727 3124; x_wconf 89' lang='lat' dir='ltr'><strong>sata-</strong></span> 
     </span>
    </p>
   </div>
   <div class='ocr_carea' id='block_1_82' title="bbox 2151 3163 3740 3236">
    <p class='ocr_par' dir='ltr' id='par_1_82' title="bbox 2151 3163 3740 3236">
     <span class='ocr_line' id='line_1_82' title="bbox 2151 3163 3740 3236; baseline -0.002 -18"><span class='ocrx_word' id='word_1_624' title='bbox 2151 3166 2266 3219; x_wconf 89' lang='lat' dir='ltr'><strong>nica</strong></span> <span class='ocrx_word' id='word_1_625' title='bbox 2292 3165 2466 3220; x_wconf 93' lang='lat' dir='ltr'><strong>omnis</strong></span> <span class='ocrx_word' id='word_1_626' title='bbox 2497 3165 2708 3219; x_wconf 88' lang='lat' dir='ltr'><strong>tristitia</strong></span> <span class='ocrx_word' id='word_1_627' title='bbox 2730 3165 2913 3219; x_wconf 87' lang='lat' dir='ltr'><strong>statim</strong></span> <span class='ocrx_word' id='word_1_628' title='bbox 2953 3163 3182 3236; x_wconf 68' lang='lat' dir='ltr'><strong>fugatur.</strong></span> <span class='ocrx_word' id='word_1_629' title='bbox 3209 3163 3334 3218; x_wconf 89' lang='lat' dir='ltr'><strong>ldeo</strong></span> <span class='ocrx_word' id='word_1_630' title='bbox 3357 3163 3625 3233; x_wconf 87' lang='lat' dir='ltr'><strong>justorum</strong></span> <span class='ocrx_word' id='word_1_631' title='bbox 3658 3163 3740 3215; x_wconf 89' lang='lat' dir='ltr'><strong>la—</strong></span> 
     </span>
    </p>
   </div>
   <div class='ocr_carea' id='block_1_83' title="bbox 2153 3254 3742 3326">
    <p class='ocr_par' dir='ltr' id='par_1_83' title="bbox 2153 3254 3742 3326">
     <span class='ocr_line' id='line_1_83' title="bbox 2153 3254 3742 3326; baseline -0.003 -16"><span class='ocrx_word' id='word_1_632' title='bbox 2153 3271 2280 3326; x_wconf 92' lang='lat' dir='ltr'><strong>psus</strong></span> <span class='ocrx_word' id='word_1_633' title='bbox 2305 3256 2460 3311; x_wconf 92' lang='lat' dir='ltr'><strong>nobis</strong></span> <span class='ocrx_word' id='word_1_634' title='bbox 2490 3256 2780 3326; x_wconf 90' lang='lat' dir='ltr'><strong>conscripti</strong></span> <span class='ocrx_word' id='word_1_635' title='bbox 2812 3264 2938 3309; x_wconf 91' lang='lat' dir='ltr'><strong>sunt</strong></span> <span class='ocrx_word' id='word_1_636' title='bbox 2968 3273 2982 3310; x_wconf 90' lang='lat'><strong>:</strong></span> <span class='ocrx_word' id='word_1_637' title='bbox 3009 3270 3116 3326; x_wconf 91' lang='lat' dir='ltr'><strong>quo</strong></span> <span class='ocrx_word' id='word_1_638' title='bbox 3157 3262 3212 3308; x_wconf 91' lang='lat' dir='ltr'><strong>et</strong></span> <span class='ocrx_word' id='word_1_639' title='bbox 3249 3254 3338 3324; x_wconf 91' lang='lat' dir='ltr'><strong>qui</strong></span> <span class='ocrx_word' id='word_1_640' title='bbox 3386 3263 3534 3308; x_wconf 87' lang='lat' dir='ltr'><strong>recte</strong></span> <span class='ocrx_word' id='word_1_641' title='bbox 3568 3261 3624 3308; x_wconf 92' lang='lat' dir='ltr'><strong>et</strong></span> <span class='ocrx_word' id='word_1_642' title='bbox 3646 3254 3742 3322; x_wconf 91' lang='lat' dir='ltr'><strong>qui</strong></span> 
     </span>
    </p>
   </div>
   <div class='ocr_carea' id='block_1_84' title="bbox 2155 3345 3743 3416">
    <p class='ocr_par' dir='ltr' id='par_1_84' title="bbox 2155 3345 3743 3416">
     <span class='ocr_line' id='line_1_84' title="bbox 2155 3345 3743 3416; baseline -0.003 -16"><span class='ocrx_word' id='word_1_643' title='bbox 2155 3347 2398 3416; x_wconf 91' lang='lat' dir='ltr'><strong>improbe</strong></span> <span class='ocrx_word' id='word_1_644' title='bbox 2421 3348 2610 3402; x_wconf 88' lang='lat' dir='ltr'><strong>vivunt</strong></span> <span class='ocrx_word' id='word_1_645' title='bbox 2639 3347 2763 3402; x_wconf 91' lang='lat' dir='ltr'><strong>hinc</strong></span> <span class='ocrx_word' id='word_1_646' title='bbox 2802 3347 3030 3404; x_wconf 76' lang='lat' dir='ltr'><strong>maxime</strong></span> <span class='ocrx_word' id='word_1_647' title='bbox 3065 3345 3418 3400; x_wconf 90' lang='lat' dir='ltr'><strong>lucrifaciant.</strong></span> <span class='ocrx_word' id='word_1_648' title='bbox 3447 3345 3578 3399; x_wconf 87' lang='lat' dir='ltr'><strong>Nam</strong></span> <span class='ocrx_word' id='word_1_649' title='bbox 3607 3360 3743 3413; x_wconf 69' lang='lat' dir='ltr'><strong>pec.-</strong></span> 
     </span>
    </p>
   </div>
   <div class='ocr_carea' id='block_1_85' title="bbox 2151 3435 3741 3507">
    <p class='ocr_par' dir='ltr' id='par_1_85' title="bbox 2151 3435 3741 3507">
     <span class='ocr_line' id='line_1_85' title="bbox 2151 3435 3741 3507; baseline -0.002 -16"><span class='ocrx_word' id='word_1_650' title='bbox 2151 3447 2300 3492; x_wconf 90' lang='lat' dir='ltr'><strong>cator</strong></span> <span class='ocrx_word' id='word_1_651' title='bbox 2331 3439 2381 3492; x_wconf 92' lang='lat' dir='ltr'><strong>in</strong></span> <span class='ocrx_word' id='word_1_652' title='bbox 2411 3437 2837 3507; x_wconf 90' lang='lat' dir='ltr'><strong>desperationem</strong></span> <span class='ocrx_word' id='word_1_653' title='bbox 2891 3453 2996 3491; x_wconf 90' lang='lat' dir='ltr'><strong>non</strong></span> <span class='ocrx_word' id='word_1_654' title='bbox 3027 3437 3158 3502; x_wconf 88' lang='lat' dir='ltr'><strong>abit,</strong></span> <span class='ocrx_word' id='word_1_655' title='bbox 3207 3452 3328 3490; x_wconf 92' lang='lat' dir='ltr'><strong>cum</strong></span> <span class='ocrx_word' id='word_1_656' title='bbox 3386 3435 3529 3490; x_wconf 84' lang='lat' dir='ltr'><strong>videt</strong></span> <span class='ocrx_word' id='word_1_657' title='bbox 3572 3435 3741 3488; x_wconf 87' lang='lat' dir='ltr'><strong>alium</strong></span> 
     </span>
    </p>
   </div>
   <div class='ocr_carea' id='block_1_86' title="bbox 2153 3526 3744 3601">
    <p class='ocr_par' dir='ltr' id='par_1_86' title="bbox 2153 3526 3744 3601">
     <span class='ocr_line' id='line_1_86' title="bbox 2153 3526 3744 3601; baseline -0.003 -15"><span class='ocrx_word' id='word_1_658' title='bbox 2153 3533 2380 3600; x_wconf 85' lang='lat' dir='ltr'><strong>lapsum,</strong></span> <span class='ocrx_word' id='word_1_659' title='bbox 2405 3531 2493 3601; x_wconf 90' lang='lat' dir='ltr'><strong>qui</strong></span> <span class='ocrx_word' id='word_1_660' title='bbox 2526 3545 2806 3600; x_wconf 89' lang='lat' dir='ltr'><strong>resurgere</strong></span> <span class='ocrx_word' id='word_1_661' title='bbox 2833 3529 3042 3598; x_wconf 89' lang='lat' dir='ltr'><strong>potuit;</strong></span> <span class='ocrx_word' id='word_1_662' title='bbox 3074 3528 3164 3599; x_wconf 92' lang='lat' dir='ltr'><strong>qui</strong></span> <span class='ocrx_word' id='word_1_663' title='bbox 3203 3542 3330 3583; x_wconf 77' lang='lat' dir='ltr'><strong>vero</strong></span> <span class='ocrx_word' id='word_1_664' title='bbox 3354 3526 3612 3595; x_wconf 85' lang='lat' dir='ltr'><strong>justitiam</strong></span> <span class='ocrx_word' id='word_1_665' title='bbox 3644 3540 3744 3582; x_wconf 89' lang='lat' dir='ltr'><strong>co-</strong></span> 
     </span>
    </p>
   </div>
   <div class='ocr_carea' id='block_1_87' title="bbox 2154 3619 3747 3693">
    <p class='ocr_par' dir='ltr' id='par_1_87' title="bbox 2154 3619 3747 3693">
     <span class='ocr_line' id='line_1_87' title="bbox 2154 3619 3747 3693; baseline -0.001 -15"><span class='ocrx_word' id='word_1_666' title='bbox 2154 3624 2246 3689; x_wconf 87' lang='lat' dir='ltr'><strong>lit,</strong></span> <span class='ocrx_word' id='word_1_667' title='bbox 2276 3624 2578 3693; x_wconf 88' lang='lat' dir='ltr'><strong>diligentior</strong></span> <span class='ocrx_word' id='word_1_668' title='bbox 2606 3623 2711 3677; x_wconf 90' lang='lat' dir='ltr'><strong>erit</strong></span> <span class='ocrx_word' id='word_1_669' title='bbox 2737 3631 2792 3676; x_wconf 85' lang='lat' dir='ltr'><strong>et</strong></span> <span class='ocrx_word' id='word_1_670' title='bbox 2832 3621 3057 3680; x_wconf 78' lang='lat' dir='ltr'><strong>ﬁrmior.</strong></span> <span class='ocrx_word' id='word_1_671' title='bbox 3105 3621 3241 3681; x_wconf 82' lang='lat' dir='ltr'><strong>Cum</strong></span> <span class='ocrx_word' id='word_1_672' title='bbox 3280 3619 3421 3684; x_wconf 85' lang='lat' dir='ltr'><strong>enim</strong></span> <span class='ocrx_word' id='word_1_673' title='bbox 3461 3623 3659 3678; x_wconf 91' lang='lat' dir='ltr'><strong>multos</strong></span> <span class='ocrx_word' id='word_1_674' title='bbox 3685 3637 3747 3677; x_wconf 60' lang='lat' dir='ltr'><strong>se</strong></span> 
     </span>
    </p>
   </div>
   <div class='ocr_carea' id='block_1_88' title="bbox 2155 3713 3742 3786">
    <p class='ocr_par' dir='ltr' id='par_1_88' title="bbox 2155 3713 3742 3786">
     <span class='ocr_line' id='line_1_88' title="bbox 2155 3713 3742 3786; baseline -0.001 -20"><span class='ocrx_word' id='word_1_675' title='bbox 2155 3714 2404 3768; x_wconf 80' lang='lat' dir='ltr'><strong>meliores</strong></span> <span class='ocrx_word' id='word_1_676' title='bbox 2450 3714 2629 3786; x_wconf 84' lang='lat' dir='ltr'><strong>lapsos</strong></span> <span class='ocrx_word' id='word_1_677' title='bbox 2667 3713 2863 3772; x_wconf 85' lang='lat' dir='ltr'><strong>viderit</strong></span> <span class='ocrx_word' id='word_1_678' title='bbox 2882 3756 2898 3782; x_wconf 94' lang='lat'><strong>,</strong></span> <span class='ocrx_word' id='word_1_679' title='bbox 2927 3717 3138 3771; x_wconf 90' lang='lat' dir='ltr'><strong>illorum</strong></span> <span class='ocrx_word' id='word_1_680' title='bbox 3168 3731 3293 3770; x_wconf 90' lang='lat' dir='ltr'><strong>casu</strong></span> <span class='ocrx_word' id='word_1_681' title='bbox 3320 3713 3488 3769; x_wconf 88' lang='lat' dir='ltr'><strong>factus</strong></span> <span class='ocrx_word' id='word_1_682' title='bbox 3512 3713 3742 3778; x_wconf 88' lang='lat' dir='ltr'><strong>cautior,</strong></span> 
     </span>
    </p>
   </div>
   <div class='ocr_carea' id='block_1_89' title="bbox 2152 3808 3740 3880">
    <p class='ocr_par' dir='ltr' id='par_1_89' title="bbox 2152 3808 3740 3880">
     <span class='ocr_line' id='line_1_89' title="bbox 2152 3808 3740 3880; baseline -0.003 -16"><span class='ocrx_word' id='word_1_683' title='bbox 2152 3821 2367 3880; x_wconf 84' lang='lat' dir='ltr'><strong>semper</strong></span> <span class='ocrx_word' id='word_1_684' title='bbox 2386 3808 2646 3864; x_wconf 86' lang='lat' dir='ltr'><strong>sollicitus</strong></span> <span class='ocrx_word' id='word_1_685' title='bbox 2672 3811 2796 3877; x_wconf 91' lang='lat' dir='ltr'><strong>erit,</strong></span> <span class='ocrx_word' id='word_1_686' title='bbox 2835 3810 3111 3880; x_wconf 87' lang='lat' dir='ltr'><strong>multaque</strong></span> <span class='ocrx_word' id='word_1_687' title='bbox 3142 3824 3200 3864; x_wconf 90' lang='lat' dir='ltr'><strong>se</strong></span> <span class='ocrx_word' id='word_1_688' title='bbox 3229 3809 3475 3863; x_wconf 89' lang='lat' dir='ltr'><strong>cautione</strong></span> <span class='ocrx_word' id='word_1_689' title='bbox 3511 3809 3740 3862; x_wconf 83' lang='lat' dir='ltr'><strong>muniet.</strong></span> 
     </span>
    </p>
   </div>
   <div class='ocr_carea' id='block_1_90' title="bbox 2155 3900 3748 3972">
    <p class='ocr_par' dir='ltr' id='par_1_90' title="bbox 2155 3900 3748 3972">
     <span class='ocr_line' id='line_1_90' title="bbox 2155 3900 3748 3972; baseline -0.002 -17"><span class='ocrx_word' id='word_1_690' title='bbox 2155 3900 2244 3956; x_wconf 90' lang='lat' dir='ltr'><strong>Sic</strong></span> <span class='ocrx_word' id='word_1_691' title='bbox 2269 3903 2445 3972; x_wconf 88' lang='lat' dir='ltr'><strong>itaque</strong></span> <span class='ocrx_word' id='word_1_692' title='bbox 2473 3903 2518 3958; x_wconf 92' lang='lat' dir='ltr'><strong>is</strong></span> <span class='ocrx_word' id='word_1_693' title='bbox 2538 3942 2554 3967; x_wconf 92' lang='lat'><strong>,</strong></span> <span class='ocrx_word' id='word_1_694' title='bbox 2582 3903 2672 3972; x_wconf 92' lang='lat' dir='ltr'><strong>qui</strong></span> <span class='ocrx_word' id='word_1_695' title='bbox 2701 3903 2952 3957; x_wconf 87' lang='lat' dir='ltr'><strong>virtutem</strong></span> <span class='ocrx_word' id='word_1_696' title='bbox 2985 3901 3149 3967; x_wconf 83' lang='lat' dir='ltr'><strong>colit,</strong></span> <span class='ocrx_word' id='word_1_697' title='bbox 3183 3902 3463 3970; x_wconf 88' lang='lat' dir='ltr'><strong>persistet;</strong></span> <span class='ocrx_word' id='word_1_698' title='bbox 3493 3909 3748 3968; x_wconf 87' lang='lat' dir='ltr'><strong>peccator</strong></span> 
     </span>
    </p>
   </div>
   <div class='ocr_carea' id='block_1_91' title="bbox 2156 3989 3742 4063">
    <p class='ocr_par' dir='ltr' id='par_1_91' title="bbox 2156 3989 3742 4063">
     <span class='ocr_line' id='line_1_91' title="bbox 2156 3989 3742 4063; baseline -0.003 -18"><span class='ocrx_word' id='word_1_699' title='bbox 2156 4007 2284 4047; x_wconf 90' lang='lat' dir='ltr'><strong>vero</strong></span> <span class='ocrx_word' id='word_1_700' title='bbox 2314 4008 2342 4046; x_wconf 90' lang='lat' dir='ltr'><strong>a</strong></span> <span class='ocrx_word' id='word_1_701' title='bbox 2373 3992 2749 4063; x_wconf 84' lang='lat' dir='ltr'><strong>deSperatione</strong></span> <span class='ocrx_word' id='word_1_702' title='bbox 2779 3991 3089 4047; x_wconf 90' lang='lat' dir='ltr'><strong>liberabitur</strong></span> <span class='ocrx_word' id='word_1_703' title='bbox 3117 4009 3131 4046; x_wconf 89' lang='lat'>:</span> <span class='ocrx_word' id='word_1_704' title='bbox 3165 3992 3250 4045; x_wconf 92' lang='lat' dir='ltr'><strong>ille</strong></span> <span class='ocrx_word' id='word_1_705' title='bbox 3290 3990 3512 4044; x_wconf 80' lang='lat' dir='ltr'><strong>firmiter</strong></span> <span class='ocrx_word' id='word_1_706' title='bbox 3541 3989 3701 4043; x_wconf 87' lang='lat' dir='ltr'><strong>stabit</strong></span> <span class='ocrx_word' id='word_1_707' title='bbox 3726 4032 3742 4052; x_wconf 86' lang='lat'><strong>,</strong></span> 
     </span>
    </p>
   </div>
   <div class='ocr_carea' id='block_1_92' title="bbox 2157 4084 3747 4155">
    <p class='ocr_par' dir='ltr' id='par_1_92' title="bbox 2157 4084 3747 4155">
     <span class='ocr_line' id='line_1_92' title="bbox 2157 4084 3747 4155; baseline -0.002 -17"><span class='ocrx_word' id='word_1_708' title='bbox 2157 4084 2244 4139; x_wconf 92' lang='lat' dir='ltr'><strong>hic</strong></span> <span class='ocrx_word' id='word_1_709' title='bbox 2273 4085 2324 4138; x_wconf 91' lang='lat' dir='ltr'><strong>in</strong></span> <span class='ocrx_word' id='word_1_710' title='bbox 2355 4085 2608 4155; x_wconf 86' lang='lat' dir='ltr'><strong>priorem,</strong></span> <span class='ocrx_word' id='word_1_711' title='bbox 2637 4101 2666 4138; x_wconf 91' lang='lat' dir='ltr'><strong>a</strong></span> <span class='ocrx_word' id='word_1_712' title='bbox 2698 4101 2804 4155; x_wconf 90' lang='lat' dir='ltr'><strong>quo</strong></span> <span class='ocrx_word' id='word_1_713' title='bbox 2832 4084 3056 4150; x_wconf 85' lang='lat' dir='ltr'><strong>excidit,</strong></span> <span class='ocrx_word' id='word_1_714' title='bbox 3103 4095 3298 4139; x_wconf 87' lang='lat' dir='ltr'><strong>statum</strong></span> <span class='ocrx_word' id='word_1_715' title='bbox 3331 4084 3612 4138; x_wconf 86' lang='lat' dir='ltr'><strong>confestim</strong></span> <span class='ocrx_word' id='word_1_716' title='bbox 3653 4099 3747 4135; x_wconf 38' lang='lat' dir='ltr'><strong>rce</strong></span> 
     </span>
    </p>
   </div>
   <div class='ocr_carea' id='block_1_93' title="bbox 2155 4177 3739 4247">
    <p class='ocr_par' dir='ltr' id='par_1_93' title="bbox 2155 4177 3739 4247">
     <span class='ocr_line' id='line_1_93' title="bbox 2155 4177 3739 4247; baseline -0.001 -18"><span class='ocrx_word' id='word_1_717' title='bbox 2155 4185 2412 4231; x_wconf 84' lang='lat' dir='ltr'><strong>vertetur.</strong></span> <span class='ocrx_word' id='word_1_718' title='bbox 2440 4177 2571 4230; x_wconf 88' lang='lat' dir='ltr'><strong>Nam</strong></span> <span class='ocrx_word' id='word_1_719' title='bbox 2603 4193 2722 4233; x_wconf 92' lang='lat' dir='ltr'><strong>cum</strong></span> <span class='ocrx_word' id='word_1_720' title='bbox 2756 4177 2917 4232; x_wconf 89' lang='lat' dir='ltr'><strong>homo</strong></span> <span class='ocrx_word' id='word_1_721' title='bbox 2947 4177 3208 4247; x_wconf 89' lang='lat' dir='ltr'><strong>quispiam</strong></span> <span class='ocrx_word' id='word_1_722' title='bbox 3239 4191 3338 4231; x_wconf 91' lang='lat' dir='ltr'><strong>nos</strong></span> <span class='ocrx_word' id='word_1_723' title='bbox 3360 4185 3579 4230; x_wconf 66' lang='lat' dir='ltr'><strong>muastos</strong></span> <span class='ocrx_word' id='word_1_724' title='bbox 3605 4188 3739 4228; x_wconf 76' lang='lat' dir='ltr'><strong>con-</strong></span> 
     </span>
    </p>
   </div>
   <div class='ocr_carea' id='block_1_94' title="bbox 2155 4263 3744 4336">
    <p class='ocr_par' dir='ltr' id='par_1_94' title="bbox 2155 4263 3744 4336">
     <span class='ocr_line' id='line_1_94' title="bbox 2155 4263 3744 4336; baseline -0.001 -17"><span class='ocrx_word' id='word_1_725' title='bbox 2155 4267 2374 4332; x_wconf 89' lang='lat' dir='ltr'><strong>solatur,</strong></span> <span class='ocrx_word' id='word_1_726' title='bbox 2405 4268 2615 4321; x_wconf 87' lang='lat' dir='ltr'><strong>etiamsi</strong></span> <span class='ocrx_word' id='word_1_727' title='bbox 2642 4267 2710 4322; x_wconf 89' lang='lat' dir='ltr'><strong>ad</strong></span> <span class='ocrx_word' id='word_1_728' title='bbox 2739 4268 3004 4322; x_wconf 91' lang='lat' dir='ltr'><strong>modicum</strong></span> <span class='ocrx_word' id='word_1_729' title='bbox 3037 4275 3249 4336; x_wconf 90' lang='lat' dir='ltr'><strong>tempus</strong></span> <span class='ocrx_word' id='word_1_730' title='bbox 3276 4265 3398 4335; x_wconf 88' lang='lat' dir='ltr'><strong>quid</strong></span> <span class='ocrx_word' id='word_1_731' title='bbox 3439 4264 3612 4318; x_wconf 89' lang='lat' dir='ltr'><strong>solatii</strong></span> <span class='ocrx_word' id='word_1_732' title='bbox 3647 4263 3744 4317; x_wconf 84' lang='lat' dir='ltr'><strong>ha—</strong></span> 
     </span>
    </p>
   </div>
   <div class='ocr_carea' id='block_1_95' title="bbox 2157 4355 3744 4424">
    <p class='ocr_par' dir='ltr' id='par_1_95' title="bbox 2157 4355 3744 4424">
     <span class='ocr_line' id='line_1_95' title="bbox 2157 4355 3744 4424; baseline -0.001 -15"><span class='ocrx_word' id='word_1_733' title='bbox 2157 4356 2284 4412; x_wconf 89' lang='lat' dir='ltr'><strong>bere</strong></span> <span class='ocrx_word' id='word_1_734' title='bbox 2313 4357 2605 4424; x_wconf 87' lang='lat' dir='ltr'><strong>videamur,</strong></span> <span class='ocrx_word' id='word_1_735' title='bbox 2637 4358 2689 4411; x_wconf 91' lang='lat' dir='ltr'><strong>in</strong></span> <span class='ocrx_word' id='word_1_736' title='bbox 2720 4358 2964 4412; x_wconf 88' lang='lat' dir='ltr'><strong>eamdem</strong></span> <span class='ocrx_word' id='word_1_737' title='bbox 3014 4367 3189 4411; x_wconf 90' lang='lat' dir='ltr'><strong>tamen</strong></span> <span class='ocrx_word' id='word_1_738' title='bbox 3235 4370 3422 4410; x_wconf 90' lang='lat' dir='ltr'><strong>rursus</strong></span> <span class='ocrx_word' id='word_1_739' title='bbox 3471 4355 3744 4408; x_wconf 84' lang='lat' dir='ltr'><strong>tristitiam</strong></span> 
     </span>
    </p>
   </div>
   <div class='ocr_carea' id='block_1_96' title="bbox 2155 4445 3747 4518">
    <p class='ocr_par' dir='ltr' id='par_1_96' title="bbox 2155 4445 3747 4518">
     <span class='ocr_line' id='line_1_96' title="bbox 2155 4445 3747 4518; baseline 0.001 -18"><span class='ocrx_word' id='word_1_740' title='bbox 2155 4445 2483 4513; x_wconf 90' lang='lat' dir='ltr'><strong>delabimur;</strong></span> <span class='ocrx_word' id='word_1_741' title='bbox 2516 4463 2638 4502; x_wconf 91' lang='lat' dir='ltr'><strong>cum</strong></span> <span class='ocrx_word' id='word_1_742' title='bbox 2667 4463 2797 4503; x_wconf 85' lang='lat' dir='ltr'><strong>vero</strong></span> <span class='ocrx_word' id='word_1_743' title='bbox 2838 4447 2980 4503; x_wconf 88' lang='lat' dir='ltr'><strong>Deus</strong></span> <span class='ocrx_word' id='word_1_744' title='bbox 3025 4464 3122 4518; x_wconf 89' lang='lat' dir='ltr'><strong>per</strong></span> <span class='ocrx_word' id='word_1_745' title='bbox 3167 4448 3298 4502; x_wconf 91' lang='lat' dir='ltr'><strong>alios</strong></span> <span class='ocrx_word' id='word_1_746' title='bbox 3344 4447 3610 4509; x_wconf 88' lang='lat' dir='ltr'><strong>hortatur.</strong></span> <span class='ocrx_word' id='word_1_747' title='bbox 3654 4448 3747 4515; x_wconf 90' lang='lat' dir='ltr'><strong>qui</strong></span> 
     </span>
    </p>
   </div>
   <div class='ocr_carea' id='block_1_97' title="bbox 2156 4542 3742 4611">
    <p class='ocr_par' dir='ltr' id='par_1_97' title="bbox 2156 4542 3742 4611">
     <span class='ocr_line' id='line_1_97' title="bbox 2156 4542 3742 4611; baseline 0.001 -18"><span class='ocrx_word' id='word_1_748' title='bbox 2156 4548 2277 4610; x_wconf 90' lang='lat' dir='ltr'><strong>post</strong></span> <span class='ocrx_word' id='word_1_749' title='bbox 2305 4550 2580 4610; x_wconf 89' lang='lat' dir='ltr'><strong>peccatum</strong></span> <span class='ocrx_word' id='word_1_750' title='bbox 2612 4542 2997 4611; x_wconf 89' lang='lat' dir='ltr'><strong>resipiscentes</strong></span> <span class='ocrx_word' id='word_1_751' title='bbox 3033 4542 3258 4596; x_wconf 86' lang='lat' dir='ltr'><strong>salutem</strong></span> <span class='ocrx_word' id='word_1_752' title='bbox 3309 4551 3742 4610; x_wconf 88' lang='lat' dir='ltr'><strong>consequuntur,</strong></span> 
     </span>
    </p>
   </div>
   <div class='ocr_carea' id='block_1_98' title="bbox 2155 4631 3745 4701">
    <p class='ocr_par' dir='ltr' id='par_1_98' title="bbox 2155 4631 3745 4701">
     <span class='ocr_line' id='line_1_98' title="bbox 2155 4631 3745 4701; baseline -0.001 -15"><span class='ocrx_word' id='word_1_753' title='bbox 2155 4648 2304 4686; x_wconf 88' lang='lat' dir='ltr'><strong>suam</strong></span> <span class='ocrx_word' id='word_1_754' title='bbox 2339 4634 2492 4688; x_wconf 88' lang='lat' dir='ltr'><strong>nobis</strong></span> <span class='ocrx_word' id='word_1_755' title='bbox 2523 4633 2811 4688; x_wconf 87' lang='lat' dir='ltr'><strong>bonitatem</strong></span> <span class='ocrx_word' id='word_1_756' title='bbox 2855 4632 3194 4688; x_wconf 88' lang='lat' dir='ltr'><strong>manifestam</strong></span> <span class='ocrx_word' id='word_1_757' title='bbox 3239 4631 3397 4697; x_wconf 88' lang='lat' dir='ltr'><strong>facit,</strong></span> <span class='ocrx_word' id='word_1_758' title='bbox 3432 4647 3500 4686; x_wconf 91' lang='lat' dir='ltr'><strong>ne</strong></span> <span class='ocrx_word' id='word_1_759' title='bbox 3527 4633 3745 4701; x_wconf 85' lang='lat' dir='ltr'><strong>propria</strong></span> 
     </span>
    </p>
   </div>
   <div class='ocr_carea' id='block_1_99' title="bbox 2156 4722 3749 4793">
    <p class='ocr_par' dir='ltr' id='par_1_99' title="bbox 2156 4722 3749 4793">
     <span class='ocr_line' id='line_1_99' title="bbox 2156 4722 3749 4793; baseline -0.004 -13"><span class='ocrx_word' id='word_1_760' title='bbox 2156 4727 2222 4780; x_wconf 92' lang='lat' dir='ltr'><strong>de</strong></span> <span class='ocrx_word' id='word_1_761' title='bbox 2249 4726 2419 4780; x_wconf 80' lang='lat' dir='ltr'><strong>salute</strong></span> <span class='ocrx_word' id='word_1_762' title='bbox 2448 4725 2771 4791; x_wconf 90' lang='lat' dir='ltr'><strong>dubitemus,</strong></span> <span class='ocrx_word' id='word_1_763' title='bbox 2807 4725 3016 4779; x_wconf 77' lang='lat' dir='ltr'><strong>firmam</strong></span> <span class='ocrx_word' id='word_1_764' title='bbox 3039 4733 3345 4793; x_wconf 89' lang='lat' dir='ltr'><strong>certamque</strong></span> <span class='ocrx_word' id='word_1_765' title='bbox 3384 4722 3524 4777; x_wconf 88' lang='lat' dir='ltr'><strong>nacti</strong></span> <span class='ocrx_word' id='word_1_766' title='bbox 3550 4738 3749 4777; x_wconf 75' lang='lat' dir='ltr'><strong>conso-</strong></span> 
     </span>
    </p>
   </div>
   <div class='ocr_carea' id='block_1_100' title="bbox 2154 4817 3750 4888">
    <p class='ocr_par' dir='ltr' id='par_1_100' title="bbox 2154 4817 3750 4888">
     <span class='ocr_line' id='line_1_100' title="bbox 2154 4817 3750 4888; baseline -0.001 -16"><span class='ocrx_word' id='word_1_767' title='bbox 2154 4818 2424 4872; x_wconf 91' lang='lat' dir='ltr'><strong>lationem.</strong></span> <span class='ocrx_word' id='word_1_768' title='bbox 2455 4818 2917 4884; x_wconf 84' lang='lat' dir='ltr'><strong>Quemadmodum</strong></span> <span class='ocrx_word' id='word_1_769' title='bbox 2944 4817 3103 4888; x_wconf 85' lang='lat' dir='ltr'><strong>igitur</strong></span> <span class='ocrx_word' id='word_1_770' title='bbox 3129 4817 3182 4871; x_wconf 93' lang='lat' dir='ltr'><strong>in</strong></span> <span class='ocrx_word' id='word_1_771' title='bbox 3221 4825 3567 4886; x_wconf 89' lang='lat' dir='ltr'><strong>peccatorum</strong></span> <span class='ocrx_word' id='word_1_772' title='bbox 3605 4817 3750 4870; x_wconf 85' lang='lat' dir='ltr'><strong>casi-</strong></span> 
     </span>
    </p>
   </div>
   <div class='ocr_carea' id='block_1_101' title="bbox 2152 4908 3755 4979">
    <p class='ocr_par' dir='ltr' id='par_1_101' title="bbox 2152 4908 3755 4979">
     <span class='ocr_line' id='line_1_101' title="bbox 2152 4908 3755 4979; baseline -0.002 -15"><span class='ocrx_word' id='word_1_773' title='bbox 2152 4908 2276 4978; x_wconf 88' lang='lat' dir='ltr'><strong>bus,</strong></span> <span class='ocrx_word' id='word_1_774' title='bbox 2308 4911 2385 4965; x_wconf 88' lang='lat' dir='ltr'><strong>sic</strong></span> <span class='ocrx_word' id='word_1_775' title='bbox 2416 4911 2575 4964; x_wconf 88' lang='lat' dir='ltr'><strong>ctiam</strong></span> <span class='ocrx_word' id='word_1_776' title='bbox 2607 4912 2656 4964; x_wconf 89' lang='lat' dir='ltr'><strong>in</strong></span> <span class='ocrx_word' id='word_1_777' title='bbox 2689 4910 2940 4979; x_wconf 88' lang='lat' dir='ltr'><strong>periculis</strong></span> <span class='ocrx_word' id='word_1_778' title='bbox 2966 4909 3415 4978; x_wconf 87' lang='lat' dir='ltr'><strong>contingentibus,</strong></span> <span class='ocrx_word' id='word_1_779' title='bbox 3448 4923 3755 4979; x_wconf 71' lang='lat' dir='ltr'><strong>congrue-rt-</strong></span> 
     </span>
    </p>
   </div>
   <div class='ocr_carea' id='block_1_102' title="bbox 2155 5000 3747 5070">
    <p class='ocr_par' dir='ltr' id='par_1_102' title="bbox 2155 5000 3747 5070">
     <span class='ocr_line' id='line_1_102' title="bbox 2155 5000 3747 5070; baseline -0.001 -15"><span class='ocrx_word' id='word_1_780' title='bbox 2155 5011 2262 5055; x_wconf 91' lang='lat' dir='ltr'><strong>tem</strong></span> <span class='ocrx_word' id='word_1_781' title='bbox 2326 5002 2673 5056; x_wconf 69' lang='lat' dir='ltr'><strong>maerentibus</strong></span> <span class='ocrx_word' id='word_1_782' title='bbox 2746 5000 3009 5056; x_wconf 89' lang='lat' dir='ltr'><strong>medelam</strong></span> <span class='ocrx_word' id='word_1_783' title='bbox 3078 5010 3287 5054; x_wconf 90' lang='lat' dir='ltr'><strong>veteres</strong></span> <span class='ocrx_word' id='word_1_784' title='bbox 3345 5000 3747 5070; x_wconf 88' lang='lat' dir='ltr'><strong>Scripturarnm</strong></span> 
     </span>
    </p>
   </div>
   <div class='ocr_carea' id='block_1_103' title="bbox 2144 5092 3747 5148">
    <p class='ocr_par' dir='ltr' id='par_1_103' title="bbox 2144 5092 3747 5148">
     <span class='ocr_line' id='line_1_103' title="bbox 2144 5092 3747 5148; baseline -0.001 -1"><span class='ocrx_word' id='word_1_785' title='bbox 2144 5093 2394 5148; x_wconf 76' lang='lat' dir='ltr'><strong>historia:</strong></span> <span class='ocrx_word' id='word_1_786' title='bbox 2423 5095 2656 5147; x_wconf 90' lang='lat' dir='ltr'><strong>animum</strong></span> <span class='ocrx_word' id='word_1_787' title='bbox 2683 5092 2936 5148; x_wconf 89' lang='lat' dir='ltr'><strong>adhibere</strong></span> <span class='ocrx_word' id='word_1_788' title='bbox 2975 5093 3272 5147; x_wconf 86' lang='lat' dir='ltr'><strong>volentibus</strong></span> <span class='ocrx_word' id='word_1_789' title='bbox 3295 5092 3706 5146; x_wconf 87' lang='lat' dir='ltr'><strong>subministrant</strong></span> <span class='ocrx_word' id='word_1_790' title='bbox 3733 5111 3747 5145; x_wconf 94' lang='lat'>:</span> 
     </span>
    </p>
   </div>
   <div class='ocr_carea' id='block_1_104' title="bbox 2153 5184 3746 5256">
    <p class='ocr_par' dir='ltr' id='par_1_104' title="bbox 2153 5184 3746 5256">
     <span class='ocr_line' id='line_1_104' title="bbox 2153 5184 3746 5256; baseline -0.002 -16"><span class='ocrx_word' id='word_1_791' title='bbox 2153 5201 2216 5240; x_wconf 88' lang='lat' dir='ltr'><strong>ac</strong></span> <span class='ocrx_word' id='word_1_792' title='bbox 2241 5186 2353 5240; x_wconf 88' lang='lat' dir='ltr'><strong>sive</strong></span> <span class='ocrx_word' id='word_1_793' title='bbox 2394 5184 2700 5240; x_wconf 86' lang='lat' dir='ltr'><strong>facultatum</strong></span> <span class='ocrx_word' id='word_1_794' title='bbox 2747 5185 3030 5255; x_wconf 90' lang='lat' dir='ltr'><strong>publicatio</strong></span> <span class='ocrx_word' id='word_1_795' title='bbox 3058 5227 3073 5250; x_wconf 96' lang='lat'><strong>,</strong></span> <span class='ocrx_word' id='word_1_796' title='bbox 3128 5185 3240 5238; x_wconf 86' lang='lat' dir='ltr'><strong>sive</strong></span> <span class='ocrx_word' id='word_1_797' title='bbox 3291 5185 3746 5256; x_wconf 82' lang='lat' dir='ltr'><strong>sycophantarum</strong></span> 
     </span>
    </p>
   </div>
   <div class='ocr_carea' id='block_1_105' title="bbox 2155 5277 3749 5348">
    <p class='ocr_par' dir='ltr' id='par_1_105' title="bbox 2155 5277 3749 5348">
     <span class='ocr_line' id='line_1_105' title="bbox 2155 5277 3749 5348; baseline -0.003 -14"><span class='ocrx_word' id='word_1_798' title='bbox 2155 5280 2425 5341; x_wconf 87' lang='lat' dir='ltr'><strong>molestia,</strong></span> <span class='ocrx_word' id='word_1_799' title='bbox 2458 5279 2571 5334; x_wconf 88' lang='lat' dir='ltr'><strong>sive</strong></span> <span class='ocrx_word' id='word_1_800' title='bbox 2599 5293 2864 5344; x_wconf 87' lang='lat' dir='ltr'><strong>carceres,</strong></span> <span class='ocrx_word' id='word_1_801' title='bbox 2896 5279 3006 5332; x_wconf 86' lang='lat' dir='ltr'><strong>sive</strong></span> <span class='ocrx_word' id='word_1_802' title='bbox 3036 5278 3259 5348; x_wconf 84' lang='lat' dir='ltr'><strong>ﬂagella,</strong></span> <span class='ocrx_word' id='word_1_803' title='bbox 3288 5277 3401 5332; x_wconf 84' lang='lat' dir='ltr'><strong>sive</strong></span> <span class='ocrx_word' id='word_1_804' title='bbox 3426 5277 3570 5330; x_wconf 88' lang='lat' dir='ltr'><strong>aliud</strong></span> <span class='ocrx_word' id='word_1_805' title='bbox 3591 5278 3749 5347; x_wconf 86' lang='lat' dir='ltr'><strong>quid-</strong></span> 
     </span>
    </p>
   </div>
   <div class='ocr_carea' id='block_1_106' title="bbox 2156 5367 3746 5442">
    <p class='ocr_par' dir='ltr' id='par_1_106' title="bbox 2156 5367 3746 5442">
     <span class='ocr_line' id='line_1_106' title="bbox 2156 5367 3746 5442; baseline -0.003 -18"><span class='ocrx_word' id='word_1_806' title='bbox 2156 5372 2297 5442; x_wconf 91' lang='lat' dir='ltr'><strong>piam</strong></span> <span class='ocrx_word' id='word_1_807' title='bbox 2319 5370 2445 5425; x_wconf 90' lang='lat' dir='ltr'><strong>mali</strong></span> <span class='ocrx_word' id='word_1_808' title='bbox 2474 5385 2570 5425; x_wconf 91' lang='lat' dir='ltr'><strong>nos</strong></span> <span class='ocrx_word' id='word_1_809' title='bbox 2600 5370 2901 5439; x_wconf 89' lang='lat' dir='ltr'><strong>intercipiat</strong></span> <span class='ocrx_word' id='word_1_810' title='bbox 2931 5387 2944 5422; x_wconf 90' lang='lat'><strong>:</strong></span> <span class='ocrx_word' id='word_1_811' title='bbox 2976 5368 3040 5421; x_wconf 89' lang='lat' dir='ltr'><strong>ad</strong></span> <span class='ocrx_word' id='word_1_812' title='bbox 3063 5368 3234 5436; x_wconf 80' lang='lat' dir='ltr'><strong>justos</strong></span> <span class='ocrx_word' id='word_1_813' title='bbox 3263 5367 3626 5436; x_wconf 87' lang='lat' dir='ltr'><strong>respicientes,</strong></span> <span class='ocrx_word' id='word_1_814' title='bbox 3656 5368 3746 5435; x_wconf 88' lang='lat' dir='ltr'><strong>qui</strong></span> 
     </span>
    </p>
   </div>
   <div class='ocr_carea' id='block_1_107' title="bbox 2153 5457 3744 5531">
    <p class='ocr_par' dir='ltr' id='par_1_107' title="bbox 2153 5457 3744 5531">
     <span class='ocr_line' id='line_1_107' title="bbox 2153 5457 3744 5531; baseline -0.005 -15"><span class='ocrx_word' id='word_1_815' title='bbox 2153 5461 2337 5517; x_wconf 91' lang='lat' dir='ltr'><strong>eadem</strong></span> <span class='ocrx_word' id='word_1_816' title='bbox 2369 5461 2481 5530; x_wconf 89' lang='lat' dir='ltr'><strong>ipsa</strong></span> <span class='ocrx_word' id='word_1_817' title='bbox 2508 5462 2649 5531; x_wconf 90' lang='lat' dir='ltr'><strong>passi</strong></span> <span class='ocrx_word' id='word_1_818' title='bbox 2681 5470 2803 5514; x_wconf 91' lang='lat' dir='ltr'><strong>sunt</strong></span> <span class='ocrx_word' id='word_1_819' title='bbox 2826 5475 2889 5514; x_wconf 91' lang='lat' dir='ltr'><strong>ac</strong></span> <span class='ocrx_word' id='word_1_820' title='bbox 2916 5461 3232 5522; x_wconf 84' lang='lat' dir='ltr'><strong>toleravere,</strong></span> <span class='ocrx_word' id='word_1_821' title='bbox 3269 5457 3335 5512; x_wconf 91' lang='lat' dir='ltr'><strong>ad</strong></span> <span class='ocrx_word' id='word_1_822' title='bbox 3384 5457 3744 5526; x_wconf 63' lang='lat' dir='ltr'><strong>nosmetipsos</strong></span> 
     </span>
    </p>
   </div>
   <div class='ocr_carea' id='block_1_108' title="bbox 2153 5549 3744 5621">
    <p class='ocr_par' dir='ltr' id='par_1_108' title="bbox 2153 5549 3744 5621">
     <span class='ocr_line' id='line_1_108' title="bbox 2153 5549 3744 5621; baseline -0.006 -13"><span class='ocrx_word' id='word_1_823' title='bbox 2153 5553 2332 5608; x_wconf 89' lang='lat' dir='ltr'><strong>statim</strong></span> <span class='ocrx_word' id='word_1_824' title='bbox 2353 5552 2528 5607; x_wconf 89' lang='lat' dir='ltr'><strong>redire</strong></span> <span class='ocrx_word' id='word_1_825' title='bbox 2555 5552 2867 5621; x_wconf 90' lang='lat' dir='ltr'><strong>poterimus.</strong></span> <span class='ocrx_word' id='word_1_826' title='bbox 2891 5551 2944 5604; x_wconf 92' lang='lat' dir='ltr'><strong>ln</strong></span> <span class='ocrx_word' id='word_1_827' title='bbox 2974 5550 3246 5619; x_wconf 90' lang='lat' dir='ltr'><strong>corporeis</strong></span> <span class='ocrx_word' id='word_1_828' title='bbox 3261 5564 3487 5618; x_wconf 91' lang='lat' dir='ltr'><strong>namque</strong></span> <span class='ocrx_word' id='word_1_829' title='bbox 3515 5549 3744 5610; x_wconf 81' lang='lat' dir='ltr'><strong>morbis,</strong></span> 
     </span>
    </p>
   </div>
   <div class='ocr_carea' id='block_1_109' title="bbox 2155 5641 3746 5716">
    <p class='ocr_par' dir='ltr' id='par_1_109' title="bbox 2155 5641 3746 5716">
     <span class='ocr_line' id='line_1_109' title="bbox 2155 5641 3746 5716; baseline -0.004 -15"><span class='ocrx_word' id='word_1_830' title='bbox 2155 5647 2199 5701; x_wconf 93' lang='lat' dir='ltr'><strong>si</strong></span> <span class='ocrx_word' id='word_1_831' title='bbox 2231 5661 2370 5716; x_wconf 72' lang='lat' dir='ltr'><strong>:rger</strong></span> <span class='ocrx_word' id='word_1_832' title='bbox 2397 5645 2532 5700; x_wconf 90' lang='lat' dir='ltr'><strong>alios</strong></span> <span class='ocrx_word' id='word_1_833' title='bbox 2563 5653 2788 5715; x_wconf 67' lang='lat' dir='ltr'><strong>mgrotos</strong></span> <span class='ocrx_word' id='word_1_834' title='bbox 2811 5644 3077 5714; x_wconf 85' lang='lat' dir='ltr'><strong>respiciat,</strong></span> <span class='ocrx_word' id='word_1_835' title='bbox 3112 5657 3268 5696; x_wconf 87' lang='lat' dir='ltr'><strong>suum</strong></span> <span class='ocrx_word' id='word_1_836' title='bbox 3293 5651 3448 5711; x_wconf 90' lang='lat' dir='ltr'><strong>auget</strong></span> <span class='ocrx_word' id='word_1_837' title='bbox 3472 5641 3746 5705; x_wconf 90' lang='lat' dir='ltr'><strong>morbum,</strong></span> 
     </span>
    </p>
   </div>
   <div class='ocr_carea' id='block_1_110' title="bbox 2154 5731 3746 5815">
    <p class='ocr_par' dir='ltr' id='par_1_110' title="bbox 2154 5731 3746 5815">
     <span class='ocr_line' id='line_1_110' title="bbox 2154 5731 3746 5815; baseline -0.003 -24"><span class='ocrx_word' id='word_1_838' title='bbox 2154 5737 2476 5815; x_wconf 91' lang='lat' dir='ltr'><strong>quandoque</strong></span> <span class='ocrx_word' id='word_1_839' title='bbox 2522 5737 2684 5790; x_wconf 91' lang='lat' dir='ltr'><strong>etiam</strong></span> <span class='ocrx_word' id='word_1_840' title='bbox 2741 5751 2897 5805; x_wconf 90' lang='lat' dir='ltr'><strong>quam</strong></span> <span class='ocrx_word' id='word_1_841' title='bbox 2947 5751 3048 5788; x_wconf 91' lang='lat' dir='ltr'><strong>non</strong></span> <span class='ocrx_word' id='word_1_842' title='bbox 3103 5733 3331 5792; x_wconf 85' lang='lat' dir='ltr'><strong>habebat</strong></span> <span class='ocrx_word' id='word_1_843' title='bbox 3379 5731 3746 5787; x_wconf 81' lang='lat' dir='ltr'><strong>infirmitatem</strong></span> 
     </span>
    </p>
   </div>
   <div class='ocr_carea' id='block_1_111' title="bbox 2080 5822 3744 5898">
    <p class='ocr_par' dir='ltr' id='par_1_111' title="bbox 2080 5822 3744 5898">
     <span class='ocr_line' id='line_1_111' title="bbox 2080 5822 3744 5898; baseline -0.006 -14"><span class='ocrx_word' id='word_1_844' title='bbox 2080 5859 2086 5868; x_wconf 79' lang='grc' dir='ltr'><strong>ι</strong></span> <span class='ocrx_word' id='word_1_845' title='bbox 2150 5827 2426 5884; x_wconf 88' lang='lat' dir='ltr'><strong>contrahit</strong></span> <span class='ocrx_word' id='word_1_846' title='bbox 2456 5846 2466 5882; x_wconf 94' lang='lat'>:</span> <span class='ocrx_word' id='word_1_847' title='bbox 2497 5826 2725 5898; x_wconf 77' lang='lat' dir='ltr'><strong>exempli</strong></span> <span class='ocrx_word' id='word_1_848' title='bbox 2747 5841 2905 5881; x_wconf 82' lang='lat' dir='ltr'><strong>causa</strong></span> <span class='ocrx_word' id='word_1_849' title='bbox 2939 5866 2954 5893; x_wconf 93' lang='lat'><strong>,</strong></span> <span class='ocrx_word' id='word_1_850' title='bbox 2977 5841 3096 5881; x_wconf 88' lang='lat' dir='ltr'><strong>cum</strong></span> <span class='ocrx_word' id='word_1_851' title='bbox 3141 5825 3382 5882; x_wconf 89' lang='lat' dir='ltr'><strong>nonnulli</strong></span> <span class='ocrx_word' id='word_1_852' title='bbox 3409 5824 3546 5879; x_wconf 91' lang='lat' dir='ltr'><strong>alios</strong></span> <span class='ocrx_word' id='word_1_853' title='bbox 3568 5822 3744 5877; x_wconf 82' lang='lat' dir='ltr'><strong>oculis</strong></span> 
     </span>
    </p>
   </div>
   <div class='ocr_carea' id='block_1_112' title="bbox 3894 407 3917 446">
    <p class='ocr_par' dir='ltr' id='par_1_112' title="bbox 3894 407 3917 446">
     <span class='ocr_line' id='line_1_112' title="bbox 3894 407 3917 446; baseline 0 0"><span class='ocrx_word' id='word_1_854' title='bbox 3894 407 3917 446; x_wconf 67' lang='lat' dir='ltr'><strong><em>I</em></strong></span> 
     </span>
    </p>
   </div>
  </div>
