4046 6396
295 400 398 456 299

299 519 393 571 καὶ
428 517 590 581 αὐτός
624 535 707 571 σοι
742 518 973 590 παρέχει
999 520 1193 589 ἄφεσιν
1222 521 1538 592 ἁμαρτιῶνο
1573 523 1848 593 πρόφασιν
1883 542 1972 593 μι-

298 606 440 676 κρὰν
464 607 527 659 σύ
552 607 858 675 εἰσένεγκε,
879 609 966 662 ἵνα
983 609 1342 678 εὐπρόσωπον
1369 609 1498 681 ἔχῃς
1518 609 1615 681 τὴν
1637 610 1934 678 ἀπολογίαν
1952 628 1966 643 ⁸

297 695 364 763 τά
402 695 502 764 μὲν
532 696 642 767 γάρ
674 697 803 766 παρ’
835 696 1003 750 αὐτοῦ
1040 698 1181 760 ἐστι,
1209 697 1276 750 τά
1298 697 1354 750 δὲ
1372 700 1503 769 παρ’
1532 698 1717 769 ἡμῶν·
1741 698 1811 751 τὰ
1841 699 1973 770 παρ’

297 781 457 852 ἡμῶν
502 782 597 835 ἐὰν
648 783 1075 855 εἰσενέγκωμεν,
1123 784 1287 838 πάλιν
1320 786 1414 837 καὶ
1456 784 1618 848 αὐτὸς
1646 787 1874 856 παρέχει
1908 787 1975 841 τὰ

302 871 432 940 παρ’
459 871 679 927 ἑαυτοῦ.
719 872 857 941 Ἤδη
892 873 989 943 μὲν
1033 869 1125 926 οῦν
1154 873 1224 926 τά
1266 875 1397 943 παρ’
1426 872 1617 926 ἑαυτοῦ
1654 874 1817 936 αὐτὸς
1844 892 1975 945 παρα

305 958 485 1029 έσχεν,
519 960 693 1030 ἥλιον,
728 960 981 1031 σελήνην,
1022 960 1266 1013 ποικίλον
1296 960 1456 1031 χορὸν
1500 961 1744 1031 ἀστέρων
1783 961 1976 1029 ἐθεμε-

298 1046 513 1112 λίωσεν,
544 1048 681 1118 ἀέρα
705 1048 909 1117 ἐξέχεε,
945 1049 1049 1119 γῆν
1080 1049 1324 1119 ἡπλωσε,
1365 1048 1641 1102 θάλασσαν
1676 1049 1939 1118 ἐτείχισεν
1959 1089 1974 1113 ,

296 1134 498 1188 ἔδωκεν
525 1134 647 1207 ὅρη,
679 1139 874 1198 νάπας,
908 1136 1154 1205 βουνοὺς,
1187 1135 1390 1206 πηγὰς,
1420 1137 1638 1207 λίμνας,
1671 1136 1972 1206 ποταμοὺς,

297 1220 367 1274 τὰ
397 1222 566 1293 μυρία
586 1223 716 1293 γένη
743 1224 853 1276 τῶν
882 1223 1086 1292 φυτῶν,
1110 1224 1495 1295 παραδείσους,
1512 1224 1580 1276 τά
1608 1222 1741 1275 ἄλλα
1764 1224 1973 1276 πάνταο

299 1309 463 1362 πάλιν
497 1310 560 1362 σύ
617 1310 997 1379 συνεισένεγκε
1044 1311 1261 1381 μικρὸν,
1296 1311 1383 1363 ἵνα
1425 1310 1569 1363 οὕτω
1608 1310 1704 1364 καὶ
1751 1309 1820 1363 τὰ
1860 1311 1975 1363 ἀνω

302 1413 384 1448 σοι
412 1396 727 1467 χαρίσηται.
766 1397 858 1468 Μὴ
883 1394 976 1451 οῦν
1010 1397 1379 1469 ἀμελήσωμεν
1409 1396 1641 1461 ἑαυτῶν,
1676 1395 1808 1467 μηδέ
1842 1397 1978 1449 ἁπο-

304 1484 519 1555 στῶμεν
565 1487 664 1556 τῆς
729 1488 1006 1559 ἡμετέρας
1057 1489 1366 1560 σωτηρίας,
1426 1487 1679 1540 τοσοῦτον
1740 1488 1977 1557 πέλαγος

302 1573 497 1640 φιλανθ
509 1573 721 1643 ρωπίας
747 1574 963 1644 ἔχοντες
990 1575 1085 1629 τοῦ
1114 1576 1331 1633 πάντων
1359 1576 1652 1641 Δεσπότου,
1684 1577 1779 1630 καὶ
1810 1594 1977 1647 μετα-

300 1659 550 1723 νοοῦντος
584 1662 677 1714 ἐπὶ
728 1665 849 1725 ταῖς
885 1663 1188 1735 ἡμετέραις
1236 1664 1555 1734 ἁμαρτίαις.
1596 1662 1853 1716 Βασιλεία
1882 1664 1977 1715 οὐ-

305 1748 482 1817 ρανῶν
532 1748 816 1817 πρόκειται
868 1749 962 1801 κα)⁸
1026 1751 1377 1821 παράδεισος,
1430 1751 1526 1803 καὶ
1586 1750 1654 1803 τά
1706 1748 1885 1818 ἀγαθὰ
1940 1748 1981 1803 (2

302 1834 610 1902 ὀφθαλμὸς
642 1836 752 1887 οὐκ
787 1830 931 1899 εἶδε,
968 1836 1066 1888 καὶ
1113 1832 1224 1903 οὖς
1276 1839 1387 1890 οὐκ
1433 1836 1684 1905 ἤκουσε,
1732 1835 1831 1888 καὶ
1878 1834 1979 1888 ἐπὶ

300 1920 555 1988 καρδίαν
592 1921 907 1990 ἀνθρώπου
936 1925 1045 1977 οὐκ
1081 1925 1285 1993 ἀνέϐη,
1325 1923 1364 1979 ἃ
1395 1925 1727 1993 ἡτοίμασεν
1754 1926 1786 1977 ό
1833 1922 1977 1987 Θεὸς

300 1996 427 2074 τοῖς
482 2008 801 2078 ἀγαπῶσιν
852 2012 1069 2064 αὐτόν·
1120 2013 1218 2065 καὶ
1262 2014 1361 2066 οὐκ
1411 2013 1701 2083 ὀφείλομεν
1761 2010 1980 2065 ἅπαντα

301 2097 548 2166 ποιῆσαι,
573 2097 659 2151 ἴνα
688 2115 740 2151 τι
763 2100 1285 2171 συνεισενέγκωμεν,
1305 2100 1445 2154 ὥστε
1470 2100 1675 2153 τούτων
1710 2098 1784 2170 μὴ
1815 2100 1979 2152 ἐκπε-

308 2190 453 2250 σεῖν;
489 2186 559 2238 Ἢ
595 2186 696 2239 οὐκ
724 2181 871 2250 οἶδας
902 2187 1115 2252 Παῦλος
1149 2189 1201 2241 τί
1229 2189 1397 2257 λέγει,
1433 2191 1461 2242 6
1493 2187 1661 2241 πολλὰ
1681 2187 1970 2250 κοπιάσας,

302 2277 397 2329 καὶ
431 2274 599 2346 μυρία
622 2274 859 2346 τρόπαια
895 2276 1037 2330 κατά
1070 2277 1163 2329 τοῦ
1189 2277 1436 2330 διαϐόλου
1470 2278 1691 2348 στήσας,
1718 2277 1746 2327 6
1771 2275 1829 2328 ἐν
1858 2269 1972 2325 σώ-

307 2381 436 2433 ματι
479 2363 578 2432 τὴν
600 2362 929 2435 οἰκουμένην
959 2366 1252 2429 πεζεύσας,
1285 2366 1312 2417 6
1341 2364 1444 2434 γῆν
1467 2364 1562 2417 καὶ
1587 2363 1856 2419 θάλατταν
1880 2359 1973 2414 καὶ

302 2453 442 2522 ἀέρα
481 2449 854 2521 περιδραμὼν,
880 2452 909 2503 6
944 2451 1193 2525 καθάπερ
1221 2452 1528 2527 ὐπόπτερός
1555 2471 1637 2515 τις
1667 2451 1766 2523 τὴν
1797 2452 1974 2502 οἰκου-

1482 406 1573 463 DE
1612 406 2086 464 ΡΟΕΝΙΤΕΝΤΙΑ.
2129 410 2361 466 IIOMIL.
2402 412 2492 468 IV.

3642 418 3746 477 500

2082 528 2248 597 μένην
2277 528 2596 601 περιελθὼν,
2629 531 2656 581 6
2679 530 2974 593 λιθασθεὶς,
3000 534 3027 584 ό
3048 532 3348 601 φονευθεὶς,
3381 534 3408 585 6
3431 534 3746 605 τυπτηθεὶς,

2075 619 2104 669 6
2138 616 2314 670 πάντα
2334 617 2422 670 διά
2448 616 2507 669 τὸ
2534 618 2705 688 ὄνομα
2731 619 2827 673 τοῦ
2859 618 2995 673 Θεοῦ
3022 619 3230 685 παθὼν,
3263 622 3291 672 6
3325 622 3556 692 οὐρανίᾳ
3586 624 3739 694 φωνῇ

2076 704 2299 775 κληθεὶς
2344 705 2579 760 ἀνωθενο
2631 708 2765 777 ὃρα,
2815 704 2969 771 οὗτος
3017 708 3069 759 τί
3118 707 3298 776 λέγει,
3349 710 3511 763 ποίαν
3563 712 3749 782 φωνὴν

2075 792 2335 866 ἔρρηξεν·
2377 793 2677 864 Ἐλάϐομεν
2704 807 2728 834 δ
2749 795 2929 865 χάριν,
2965 796 3152 865 φησὶν,
3182 796 3289 849 ἀπὸ
3315 796 3409 849 τοῦ
3437 797 3593 860 Θεοῦ,
3613 798 3749 852 ἀλλά

2074 882 2230 948 κάγὼ
2252 881 2541 942 ἐκοπίασα,
2570 884 2662 935 καὶ
2698 885 3097 952 συνεισήνεγκα
3117 901 3131 914 ·
3160 883 3275 937 Καὶ
3298 886 3336 952 ἡ
3357 884 3528 953 χάρις
3561 885 3749 939 αὐτοῦ

2072 970 2111 1037 ἡ
2132 973 2217 1035 εἰς
2240 970 2346 1039 ἐμὲ
2366 970 2514 1037 κενὴ
2542 974 2650 1023 οὐκ
2677 970 2927 1039 ἐγενήθη
2950 988 2961 1001 ⁸
3001 973 3161 1026 ἀλλὰ
3190 973 3287 1025 καὶ
3320 976 3751 1042 περισσότερον

2082 1056 2273 1111 αὐτῶν
2293 1057 2537 1111 πάντων
2557 1058 2857 1111 ἐκοπίασα
2880 1061 2975 1113 καὶ
3001 1060 3469 1129 συγεισήνεγκα.
3494 1060 3749 1131 Οἴδαμεν,

2076 1148 2265 1216 φησὶν,
2300 1146 2522 1215 οἴδαμεν
2560 1147 2658 1216 τῆς
2686 1146 2909 1217 χάριτος
2945 1147 3006 1199 16
3030 1146 3179 1219 [50⁸2]
3228 1149 3478 1219 μέγεθος,
3512 1149 3540 1201 ὃ
3568 1149 3753 1201 ἐλάϐο-

2078 1251 2198 1304 μεν,
2238 1234 2351 1287 ἀλλ’
2390 1234 2491 1286 οὐκ
2540 1234 2709 1303 ἀργόν
2745 1250 2811 1304 με
2854 1226 3017 1304 εὗρε·
3070 1235 3281 1306 φανερά
3327 1236 3396 1288 τά
3428 1236 3560 1306 παρ’
3613 1237 3750 1306 ἐμοῦ

2077 1310 2473 1393 εἰσενεχθέντα.
2521 1321 2706 1385 Οὕτως
2752 1319 2845 1376 οῦν
2894 1324 2986 1377 καὶ
3028 1324 3189 1393 ἡμεῖς
3239 1324 3337 1386 τὰς
3376 1326 3562 1395 χεῖρας
3616 1324 3753 1395 πρὺς

2076 1411 2447 1484 ἐλεημοσύνην
2495 1412 2818 1481 διδάξωμεν,
2865 1413 2952 1464 ἵνα
3002 1411 3506 1483 συνεισενέγκωμεν
3556 1413 3753 1482 μικρόν

2078 1521 2166 1557 τι·
2218 1503 2546 1573 κλαύσωμεν
2586 1506 2680 1556 ἐπὶ
2728 1507 2793 1574 τῇ
2830 1502 3097 1575 ἁμαρτία,
3150 1504 3509 1575 θρηνήσωμεν
3540 1504 3633 1557 ἐπὶ⁸
3683 1508 3749 1575 τῇ

2078 1590 2305 1663 ἀνομίᾳ,
2339 1591 2425 1644 ἵνα
2450 1592 2692 1662 δόξωμεν
2715 1593 2908 1661 μικρόν
2935 1610 2987 1645 τι
3017 1591 3413 1662 συνεισφέρειν,
3442 1592 3630 1662 ἐπειδὴ
3657 1594 3753 1645 καὶ

2083 1680 2295 1751 μεγάλα
2320 1680 2386 1732 τά
2425 1679 2689 1749 μέλλοντα
2720 1679 2959 1733 δίδοσθαι
2992 1681 3144 1750 ἡμῖν,
3180 1680 3275 1732 καὶ
3310 1679 3627 1750 ὑπερϐαίνει
3654 1682 3754 1748 τὴν

2080 1767 2355 1838 ἡμετέραν
2390 1767 2647 1837 δύναμιν·
2684 1767 3009 1837 παράδεισος
3044 1767 3152 1837 γάρ
3196 1769 3333 1828 ἐστι,
3373 1767 3467 1820 καὶ
3506 1767 3757 1837 βασιλεία.

2079 1856 2354 1927 οὐρανῶν·
2388 1853 2455 1927 ἧς
2480 1858 2688 1923 γένοιτο
2717 1858 2926 1918 πάντας
2954 1856 3099 1924 ἡμᾶς
3124 1856 3421 1923 ἐπιτυχεῖν,
3446 1854 3632 1925 χάριτι
3662 1858 3756 1909 καὶ

2082 1944 2465 2015 φιλανθρωπίᾳ
2513 1945 2606 1997 τοῦ
2662 1944 2868 2014 Κυρίου
2913 1943 3071 2013 ἡμῶν
3115 1942 3288 2013 Ἰησοῦ
3325 1943 3582 2012 Χριστοῦ,
3635 1944 3755 2012 μεθ’

2079 2026 2141 2086 οὗ
2174 2033 2252 2104 τῷ
2292 2035 2467 2103 Πατρὶ
2499 2033 2615 2102 ἅμα
2651 2031 2727 2103 τῷ
2789 2031 2929 2101 ἁγίῳ
2981 2030 3283 2101 Πνεύματι,
3320 2029 3468 2094 δόξα,
3532 2032 3756 2101 κράτος,

2079 2121 2235 2193 τιμὴ,
2272 2120 2368 2174 νῦν
2406 2123 2502 2174 καὶ
2555 2122 2661 2183 ἀεὶ,
2700 2120 2796 2173 καί⁵
2850 2121 2929 2183 εἰς
2962 2121 3088 2182 τοὺς
3126 2118 3327 2181 αἰῶνας
3363 2118 3470 2171 τῶν
3520 2118 3754 2176 αἰώνων.

2090 2211 2283 2283 Ἀμήν.

2144 2394 2169 2421 ⁸
2192 2385 2304 2433 Sav.
2341 2386 2367 2433 6
2392 2383 2595 2447 οὐρανίῳ
2625 2388 2756 2446 φωνῇ
2784 2382 2988 2441 κληθεὶς,
3017 2382 3105 2444 δρα
3130 2381 3271 2429 ποίαν
3297 2382 3453 2443 φωνὴν
3476 2380 3619 2428 εἶπεν’
3647 2380 3757 2428 ἐλάα

2080 2451 2240 2513 ϐομεν.

408 2588 3587 2623 ________________________________,._____.__.___________

1464 2707 1624 2759 ΠΕΡΙ
1653 2702 2056 2759 ΜΕΤΑΝΟΙΑΣ
2093 2700 2215 2754 ΚΑΙ
2256 2697 2508 2753 ΕΥΧΗΣ.

985 2940 1218 3007 Ὀμιλία
1240 2934 1315 2991 δ’.

376 3037 445 3085 6'.
477 3030 541 3082 Οἱ
576 3028 830 3099 ποιμένες
854 3027 922 3081 16
956 3026 1207 3096 πρόϐατα
1240 3024 1368 3077 ἔνθα
1400 3021 1468 3078 ἂν
1495 3023 1643 3076 ἴδωσι
1675 3024 1978 3097 βαθυτέραν

307 3115 474 3173 οὖσαν
497 3118 596 3189 τὴν
624 3117 782 3181 πόαν,
819 3116 1061 3185 συνεχῶς
1089 3115 1307 3183 ἄγουσι,
1335 3114 1429 3166 καὶ
1451 3115 1512 3166 οὐ
1544 3114 1809 3187 πρότερον
1835 3116 1979 3167 ἐκεῖ·

308 3207 402 3261 θεν
437 3205 759 3278 ἐγείρουσιν,
792 3206 900 3267 ἕως
940 3204 1007 3258 ἂν
1051 3203 1223 3274 αὐτὴν
1264 3204 1445 3256 πᾶσαν
1474 3203 1745 3275 ἁποκείρῃ
1771 3202 1840 3255 τὰ
1868 3202 1981 3255 ποί-

311 3312 461 3367 μνια.
497 3292 734 3357 Τούτους
762 3293 818 3346 δὲ
847 3292 941 3346 καὶ
964 3294 1124 3362 ἡμεῖς
1161 3290 1512 3361 μιμούμενοι,
1545 3291 1814 3361 τετάρτην
1843 3288 1977 3342 ταύ-

308 3398 408 3452 την
441 3380 540 3452 ἡδη
573 3380 787 3451 ἡμέραν
817 3381 895 3441 εἰς
921 3379 1013 3431 τὸν
1034 3378 1135 3446 τῆς
1162 3378 1450 3447 μετανοίας
1479 3378 1679 3449 τρόπον
1712 3375 1978 3447 βόσκομεν

308 3467 468 3521 τοῦτο
506 3467 567 3519 16
606 3466 872 3537 ποίμνιον,
907 3465 1003 3518 καὶ
1036 3465 1247 3517 οὐδέπω
1276 3465 1369 3518 καὶ
1407 3466 1646 3535 σήμερον
1677 3466 1978 3534 ἀναστῆσαι

308 3553 841 3627 παρασκευαζόμεθα
862 3571 873 3582 ·
904 3552 1119 3624 ὁρῶμεν
1147 3553 1255 3621 γὰρ
1287 3552 1485 3623 πολλὴν
1517 3549 1682 3604 οὖσαν
1706 3552 1785 3605 ἔτι
1807 3552 1979 3623 νομῆς

307 3644 592 3714 εὐπορίαν,
628 3644 722 3696 καὶ
750 3641 950 3711 πολλὴν
978 3640 1167 3713 τέρψιν
1194 3640 1328 3710 ὁμοῦ
1359 3642 1451 3693 καὶ
1472 3641 1764 3710 ὠφέλειαν.

380 3731 517 3785 Οὐδὲ
557 3730 665 3801 γὰρ
697 3728 871 3792 οὓτως
906 3730 961 3782 αι
1005 3728 1175 3798 κόμαι
1216 3727 1327 3780 τῶν
1358 3728 1590 3798 δένδρων
1623 3729 1743 3781 ἀντὶ
1779 3729 1979 3797 στέγης

305 3821 419 3883 τοῖς
474 3819 764 3890 προϐάτοις
811 3818 1093 3887 γινόμεναι
1148 3816 1289 3868 κατὰ
1347 3815 1408 3868 16
1462 3816 1832 3888 μεσημϐρινὸν
1881 3817 1978 3886 τῆς

307 3906 521 3978 ἡμέρας
552 3905 895 3959 ἀναπαύουσι
928 3904 996 3957 16
1025 3905 1296 3975 πρόϐατα,
1333 3903 1587 3973 ποθεινὴν
1616 3922 1677 3955 τε
1715 3907 1810 3958 καὶ
1832 3904 1978 3973 ώφέφ

306 3994 465 4063 λιμον
500 3992 801 4063 παρέχουσι
826 3994 925 4062 τὴν
957 3991 1138 4054 σκιὰν,
1176 3992 1270 4043 καὶ
1315 3990 1451 4060 μετά
1478 3990 1681 4059 πολλῆς
1712 4008 1976 4044 κατακοι-

310 4081 523 4153 μίζουσι
556 4079 657 4149 τῆς
681 4080 895 4151 ἡδονῆς,
926 4078 1001 4141 ὼς
1030 4079 1063 4149 ἡ
1096 4079 1205 4131 τῶν
1230 4078 1385 4131 θείων
1418 4078 1648 4148 Γραφῶν
1670 4080 1976 4148 ἀνάγνωσις

303 4170 404 4233 τὰς
434 4168 780 4238 ὀδυνωμένας
800 4167 982 4237 ψυχὰς
1006 4168 1101 4220 καὶ
1116 4166 1324 4237 ἀθυμίᾳ
1342 4166 1718 4238 κατεχομένας
1736 4170 1974 4222 ἀνακτᾶη

304 4275 397 4313 ται
432 4259 528 4311 καὶ
572 4256 899 4327 καταψύχει,
947 4255 1010 4308 16
1058 4256 1157 4326 μὲν
1195 4254 1420 4324 σφοδρὸν
1464 4256 1560 4311 καὶ
1607 4256 1830 4320 διακαὲς
1873 4257 1974 4327 τῆς

305 4345 498 4413 ὀδύνης
526 4343 922 4413 ἀποχριομένη,
954 4341 1307 4413 παραμυθίαν
1327 4341 1384 4394 δὲ
1412 4343 1570 4405 σκιᾶς
1599 4343 1817 4414 ἁπάσης
1840 4344 1974 4413 ἡδίω

304 4432 397 4485 καὶ
429 4432 799 4504 τερπνοτέραν
822 4429 1155 4502 παρέχουσα.
1188 4430 1263 4483 Οὐ
1298 4430 1406 4502 γὰρ
1443 4431 1603 4501 μόνον
1632 4432 1689 4484 έν
1708 4434 1832 4495 ταῖς
1862 4431 1973 4486 τῶν

304 4519 604 4590 χρημάτων
632 4518 879 4589 ζημίαις,
907 4517 1031 4569 οὐδέ
1055 4518 1112 4568 ἐν
1137 4519 1257 4579 ταῖς
1287 4516 1395 4569 τῶν
1417 4519 1624 4571 τέκνων
1653 4518 1969 4586 ἀποϐολαῖς,

302 4604 428 4659 οὐτε
456 4608 513 4659 ἐν
537 4608 648 4669 τοῖς
685 4604 863 4668 ἄλλοις
891 4607 1005 4667 τοῖς
1042 4603 1325 4667 τοιούτοις,
1356 4604 1491 4658 6116
1514 4606 1609 4658 καὶ
1639 4606 1695 4659 ἐν
1719 4609 1836 4671 ταῖς
1863 4607 1972 4660 τῶν

232 4702 241 4711 ”
308 4694 594 4764 ἁμαρτιῶν
634 4694 988 4764 περιστάσεσι
1022 4692 1225 4764 πολλὴν
1265 4694 1397 4764 ἡμῖν
1426 4694 1566 4765 αὐτὴ
1616 4696 1844 4767 παρέχει
1872 4696 1971 4767 τὴν

306 4782 681 4853 παραμυθίαν.
715 4782 886 4834 Ὅταν
923 4780 1032 4852 γάρ
1055 4780 1340 4851 ἅνθρωπος
1364 4781 1468 4834 ὐπὸ
1502 4783 1776 4854 ἁμαρτίας
1810 4783 1969 4847 ἁλοὺς

307 4871 401 4923 καὶ
438 4869 853 4932 ὐποσκελισθεὶς
890 4869 1196 4940 καταπέσῃ,
1245 4866 1362 4922 εἶτα
1414 4871 1673 4944 κατεσθίῃ
1707 4872 1872 4925 αὐτὸν
1911 4874 1971 4926 τὸ

308 4958 564 5023 συνειδὸς,
604 4957 835 5027 καὶτῆς
882 4956 1158 5026 ἁμαρτίας
1213 4958 1452 5027 συνεχῶς
1508 4961 1966 5030 ἀναμιμνήσκων,

306 5047 496 5099 ἑαυτὸν
542 5046 823 5115 ἀποπνίγῃ
865 5048 932 5115 τῇ
974 5045 1073 5115 τῆς
1099 5045 1337 5115 ἀθυμίας
1367 5046 1664 5117 ὑπερϐολῇ,
1713 5049 1807 5100 καὶ
1844 5047 1969 5101 καθ’

304 5137 540 5207 ἑκάστην
579 5134 951 5206 ἐμπυρίζηται
998 5134 1094 5205 τὴν
1126 5136 1360 5204 ἡμέραν,
1410 5137 1507 5189 καὶ
1544 5136 1755 5211 μυρίων
1787 5154 1967 5207 παρα-

302 5223 634 5288 καλούντων,
657 5223 723 5277 ἆν
752 5224 826 5293 μὴ
850 5223 1181 5295 προσίηταιεει
1201 5223 1296 5293 τὴν
1322 5224 1691 5294 παράκλησιν,
1712 5225 1968 5279 εἰσελθὼν

302 5315 384 5376 είς
411 5315 509 5383 τὴν
538 5312 854 5383 ἐκκλησίαν,
898 5313 991 5364 καὶ
1036 5311 1275 5375 ἀκούσας
1303 5314 1384 5365 ὅτι
1428 5313 1614 5366 πολλοὶ
1642 5314 1750 5367 τῶν
1792 5316 1964 5383 ἀγίων

300 5401 557 5463 πεσόντες
585 5402 910 5470 ἀνέστησαν,
946 5401 1041 5452 καὶ
1070 5401 1149 5462 εἰς
1180 5401 1275 5471 τὴν
1310 5402 1577 5472 προτέραν
1605 5401 1768 5455 πάλιν
1795 5405 1966 5455 ἐπαν-

298 5488 462 5557 ῆλθον
487 5488 872 5558 ⁸εὐδοκίμησιν,
920 5486 1289 5550 λανθανόντως
1329 5488 1506 5541 λαϐὼν
1549 5489 1647 5560 τὴν
1705 5508 1963 5561 παραμυ-

301 5576 424 5629 θίαν
456 5575 776 5645 ἀπέρχεται.
796 5574 909 5628 Καὶ
934 5573 1245 5644 ἀνθρώποις
1275 5574 1373 5643 μὲν
1400 5575 1657 5639 πολλάκις
1686 5577 1963 5648 ἁμαρτόν-

297 5680 391 5726 τες
416 5662 539 5716 οῦτε
570 5662 871 5731 ἐκκαλύψαι
904 5663 963 5714 τὸ
987 5661 1365 5731 πλημμέλημα
1399 5664 1741 5735 ὑπομένομεν
1769 5668 1962 5735 αἰσχυ-

296 5751 512 5821 νόμενοι
559 5751 652 5803 καὶ
684 5749 1063 5821 ἐρυθριῶντες,
1111 5748 1213 5801 κᾶν
1246 5749 1300 5801 δὲ
1339 5751 1753 5823 ἐκκαλύψωμεν,
1808 5756 1961 5809 οὐδὲν

360 5857 388 5886 ⁸
407 5856 544 5922 Hanc
566 5858 852 5922 spyiplqram
876 5856 1014 5905 nobis
1052 5856 1383 5922 suppeditavit
1406 5859 1575 5917 δεινὴ,
1611 5862 1694 5922 qui
1729 5863 1955 5914 ediderat

293 5920 537 5974 προσίεται
587 5919 752 5968 Munll‘.
790 5926 955 5966 autem
987 5920 1201 5982 προσείη.
1233 5920 1362 5968 lion.

2081 2923 2488 2999 καρπωσόμεθα
2531 2923 2814 2976 τοσοῦτον·
2861 2923 2987 2975 ὅταν
3016 2922 3077 2975 δέ
3122 2922 3256 2984 Θεὸς
3303 2920 3617 2993 παρακαλῇ,
3663 2922 3760 2976 καὶ

2079 3018 2179 3089 τῆς
2212 3030 2218 3075 χ
2241 3015 2471 3086 καρδίας
2522 3012 2785 3081 ἅπτηται,
2834 3012 2985 3064 πᾶσα
3026 3011 3236 3081 ταχέως
3286 3009 3757 3080 φυγαδευθήσεται

2082 3103 2351 3174 σατανικὴ
2402 3102 2569 3171 λύπη.
2598 3100 2696 3153 Διά
2741 3098 2900 3151 τοῦτο
2939 3100 3033 3153 καὶ
3088 3098 3360 3169 πτώματα
3388 3098 3497 3161 τῶν
3531 3097 3758 3151 δικαίων

2080 3193 2227 3246 ἐστὶν
2265 3192 2397 3262 ἡμῖν
2441 3190 2790 3260 ἀνάγραπτα,
2821 3189 2908 3240 ἵνα
2951 3187 3003 3240 οἴ
3043 3203 3105 3239 τε
3145 3184 3562 3255 κατορθοῦντες,
3613 3184 3756 3237 οἵτε

2081 3281 2487 3353 ἁμαρτάνοντες
2536 3280 2604 3333 τά
2643 3278 2873 3348 μέγιστα
2916 3278 2982 3330 ἐκ
3029 3275 3238 3329 τούτων
3287 3275 3641 3346 κερδάνωσιν.
3695 3275 3760 3329 Ὁ

2078 3371 2189 3441 γὰρ
2232 3369 2565 3440 ἁμαρτάνων
2594 3368 2696 3419 οὐκ
2722 3366 2941 3437 ἔρχεται
2969 3366 3048 3428 εἰς
3072 3365 3386 3434 ἀπόγνωσιν
3410 3365 3503 3417 καὶ
3523 3364 3758 3418 ἀπελπις

2081 3460 2216 3529 σμὸν
2240 3456 2417 3529 [505],
2453 3455 2577 3509 ἰδὼν
2613 3455 2800 3523 ἓτερον
2842 3454 3101 3518 πεσόντα,
3135 3455 3227 3507 καὶ
3263 3453 3425 3507 παλιν
3456 3452 3757 3524 ἀναστῆναι

2078 3546 2376 3616 δυνηθέντα
2398 3561 2411 3575 ⁸
2436 3546 2464 3599 6
2505 3544 2562 3597 δὲ
2596 3541 2944 3611 δικαιοσύνην
2976 3542 3365 3611 ἐργαζόμενος,
3400 3541 3759 3594 σπουδαιότε·

2082 3653 2174 3706 ρος
2200 3635 2353 3687 ἔσται
2378 3635 2473 3687 καὶ
2497 3632 2925 3701 ἀσφαλέστερος.
2956 3631 3129 3683 Ὅταν
3156 3629 3264 3699 γὰρ
3289 3629 3398 3681 τῶν
3430 3628 3594 3687 αὐτοῦ
3620 3630 3756 3684 πολύ

2082 3723 2367 3792 βελτιόνων
2390 3722 2623 3783 πολλοὺς
2650 3719 3066 3781 καταπεσόντας
3092 3718 3198 3793 ίδῃ,
3221 3716 3299 3787 τῷ
3324 3719 3473 3788 φόϐῳ
3498 3719 3594 3789 τῆς
3616 3720 3758 3771 ἐκείη

2079 3828 2184 3863 νων
2208 3809 2470 3873 πτώσεως
2491 3808 2982 3879 σωφρονιζόμενος,
3008 3805 3302 3875 ἐναγώνιος
3320 3805 3474 3864 ἔσται
3501 3807 3755 3872 πάντοτε,

2078 3898 2176 3951 καὶ
2206 3897 2405 3968 πολλὴν
2430 3898 2558 3967 περὶ
2579 3896 2772 3949 ἑαυτὸν
2803 3895 3134 3960 ἐπιδείξεται
3164 3895 3264 3966 τὴν
3291 3896 3596 3966 ἀσφάλειαν
3615 3913 3628 3926 ο
3662 3899 3758 3954 καὶ

2078 3985 2251 4048 οὕτως
2277 3986 2305 4037 6
2334 3986 2431 4055 μὲν
2458 3985 2556 4055 τὴν
2581 3983 2787 4055 ἀρετὴν
2814 3983 3121 4054 κατορθῶν,
3157 3986 3184 4037 6
3206 3985 3263 4036 δὲ
3294 3985 3627 4055 ἁμαρτάνων
3656 3985 3757 4054 τῆς

2079 4072 2445 4142 ἀπογνώσεως
2464 4072 2826 4140 ἀπαλλαγεὶς,
2856 4074 2884 4125 6
2915 4072 3014 4143 μὲν
3041 4075 3300 4143 στήσεται
3328 4072 3611 4142 ἀσφαλῶς,
3645 4074 3673 4124 6
3698 4073 3755 4131 δὲ

2077 4161 2334 4233 ἐπανήξει
2361 4160 2597 4231 ταχέως,
2612 4161 2736 4214 ὅθεν
2760 4161 3041 4230 ἐξέπεσεν.
3066 4162 3234 4213 Ὅταν
3250 4161 3359 4231 γάρ
3376 4162 3524 4233 ἡμᾶς
3540 4160 3753 4232 ἀνθρω-

2076 4266 2178 4313 πος
2226 4249 2521 4321 παρακαλῇ
2580 4248 2975 4320 λυπουμένους,
3013 4250 3109 4303 καὶ
3135 4248 3378 4320 δόξωμεν
3409 4249 3548 4320 πρὸς
3574 4249 3754 4317 ὀλίγον

2072 4337 2542 4409 παραμυθεῖσθαι,
2593 4338 2756 4393 πάλιν
2791 4340 2872 4401 εἰς
2921 4339 3021 4408 τὴν
3072 4338 3244 4408 αὐτὴν
3292 4336 3534 4411 ἀθυμίαν
3583 4354 3754 4393 κατα-

2073 4428 2382 4499 πίπτομεν·
2442 4429 2583 4483 ἐπὰν
2633 4429 2692 4482 δὲ
2732 4430 2761 4483 6
2807 4427 2942 4491 Θεὸς
2993 4428 3374 4499 προτρέπηται
3424 4428 3490 4480 δι’
3546 4429 3750 4499 ἐτέρων

2074 4516 2536 4587 ἁμαρτησάντων,
2589 4517 2684 4569 καὶ
2740 4517 3223 4587 μετανοησάντων,
3282 4517 3376 4569 καὶ
3430 4516 3746 4578 σωθέντων,

2074 4603 2315 4673 φανερὰν
2342 4606 2480 4676 ἡμῖν
2509 4608 2656 4658 ποιεῖ
2676 4605 2775 4675 τὴν
2803 4605 2969 4658 αὐτοῦ
2996 4605 3329 4674 ἀγαθότητα,
3362 4604 3448 4657 ἵνα
3482 4605 3555 4675 μὴ
3579 4605 3750 4674 ἀμφι-

2072 4692 2357 4762 ϐάλλωμεν
2388 4693 2519 4763 περὶ
2570 4693 2669 4762 τῆς
2711 4692 2920 4747 ἑαυτῶν
2966 4694 3262 4763 σωτηρίας,
3308 4692 3749 4765 ὁμολογουμένην

2072 4783 2167 4834 καὶ
2215 4780 2433 4852 ἀσφαλῆ
2465 4781 2746 4852 δεχόμενοι
2778 4782 2878 4852 τὴν
2914 4782 3283 4853 παράκλησιν.
3321 4782 3535 4854 Ὥσπερ
3568 4778 3660 4837 οὖν
3689 4785 3747 4836 ἐν

2068 4871 2191 4932 ταῖς
2217 4869 2326 4921 τῶν
2366 4868 2782 4939 ἁμαρτημάτων
2811 4870 3218 4939 περιστάσεσιν,
3253 4868 3396 4923 οὔτω
3417 4872 3511 4923 καὶ
3543 4871 3602 4923 ὲν
3628 4874 3746 4939 ταῖς

2011 4974 2028 4986 ·
2068 4956 2177 5010 τῶν
2206 4956 2469 5013 κινδύνων
2491 4959 2833 5026 ἐπαγωγαῖς,
2863 4958 3047 5011 ἰκανὸν
3074 4960 3188 5021 τοῖς
3222 4957 3491 5028 ἀθυμοῦσι
3528 4960 3747 5045 φάρμα-

2070 5063 2164 5099 κον
2194 5048 2249 5098 αἱ
2284 5046 2513 5099 παλαιαί
2558 5047 2667 5101 τῶν
2712 5047 2946 5119 Γραφῶν
2990 5048 3225 5119 ἱστορίαι
3258 5049 3557 5120 παρέχουσι
3608 5052 3743 5103 πᾶσι

2066 5137 2180 5198 τοῖς
2213 5134 2554 5206 βουλομένοις
2588 5138 2898 5207 προσέχειν.
2936 5138 3048 5207 Καὶ
3074 5140 3185 5192 εἴτε
3212 5141 3511 5210 χρημάτων
3536 5141 3743 5211 δήμευς

2070 5239 2174 5285 σις,
2214 5222 2325 5275 εἴτε
2373 5224 2725 5291 συκοφαντῶν
2767 5226 3043 5295 ἐπήρειαι,
3076 5226 3186 5279 εἴτε
3216 5226 3586 5296 δεσμωτήρια,
3627 5229 3739 5283 εἴτε

2070 5310 2353 5379 μάστιγες,
2379 5310 2483 5365 κᾶν
2506 5311 2684 5364 ὁτιοῦν
2707 5312 2892 5386 ἕτερον
2922 5313 3028 5366 τῶν
3050 5313 3238 5367 δεινῶν
3256 5317 3403 5385 ἡμᾶς
3431 5316 3734 5391 καταλάϐῃ,

2067 5397 2471 5461 ἀποϐλέποντες
2500 5401 2582 5462 εἰς
2610 5401 2737 5463 τούς
2764 5400 3008 5464 δικαίους
3034 5403 3160 5465 τούς
3194 5408 3263 5455 τὰ
3298 5403 3437 5455 αὐτά
3466 5404 3739 5469 παθόντας

2067 5486 2158 5536 καὶ
2205 5485 2629 5555 ὑπομείναντας,
2674 5489 2885 5559 ταχέως
2917 5491 2997 5551 είς
3026 5491 3254 5553 ἑαυτοὺς
3298 5489 3473 5541 ἐλθεῖν
3515 5491 3739 5563 δυνησό-

2070 5570 2230 5638 μεθα.
2280 5573 2403 5625 Ἐπὶ
2441 5576 2538 5643 μὲν
2582 5576 2692 5647 γὰρ
2725 5576 2831 5629 τῶν
2862 5574 2955 5630 τοῦ
2989 5576 3241 5647 σώματος
3287 5577 3477 5631 παθῶν
3509 5579 3571 5631 τὸ
3600 5582 3738 5654 πρὸς

2062 5660 2187 5721 τοὺς
2222 5660 2530 5730 πάσχοντας
2563 5665 2773 5734 ἀφορᾷν
2808 5666 3068 5719 ἐπιτείνει
3111 5666 3209 5735 τὴν
3252 5667 3408 5719 νόσον
3431 5667 3525 5720 τοῦ
3554 5669 3737 5740 ἀρρω-

2070 5741 2341 5806 στοῦντος,
2378 5745 2634 5808 πολλάκις
2680 5749 2736 5800 δὲ
2780 5749 2874 5801 καὶ
2904 5751 3004 5803 οὐκ
3035 5745 3200 5805 οὖσαν
3249 5751 3577 5822 ἐργάζεται·
3624 5749 3738 5809 οἷον

2067 5833 2377 5902 ὀφθαλμοὺς
2419 5836 2724 5905 πάσχοντας
2756 5839 2955 5903 ἰδόντες
2981 5842 3157 5905 τινὲς,¹
3184 5842 3477 5911 μετέλαϐον
3510 5843 3606 5895 τοῦ
3644 5862 3731 5896 νος

2065 5921 2304 5991 σήματος
2334 5920 2442 5975 ἀπὸ
2467 5923 2566 5995 τῆς
2598 5925 2724 5990 θέας
2756 5928 2921 5999 μόνης
2943 5944 2955 5956 ·
2990 5928 3081 5981 ἐπὶ
3110 5928 3165 5980 δέ
3199 5929 3375 5999 ψυχῆς
3409 5931 3509 6002 οὐχ
3538 5930 3730 5997 οὕτως,
