4046 6396
152 5706 184 5730 κ

338 358 438 412 501
1109 349 1166 405 S.
1205 349 1486 406 JOANNIS
1524 345 2008 405 CHRYSOSTOMI
2047 345 2368 400 ARCI‘IIEP.
2409 341 2958 400 CONSTANTINOP.
3671 336 3779 392 502

335 468 475 528 ἀλλά
501 467 562 521 τὸ
589 463 830 520 ἐναντίον
875 461 1103 532 γίνεται,
1139 457 1232 510 καὶ
1273 456 1334 509 τὸ
1376 451 1614 523 συνεχῶς
1649 449 1849 503 ἐννοεῖν
1876 445 2002 508 τούς

337 559 407 612 τά
444 554 672 610 τοιαῦτα
702 549 1057 610 πεπονθότας,
1105 547 1236 616 ἡμῖν
1274 541 1611 611 κουφοτέραν
1650 537 1883 590 ποιεῖται
1906 533 2006 603 τὴν

337 646 432 698 ἐπὶ
471 646 584 706 τοῖς
613 640 903 712 ἡμετέροις
946 637 1134 696 κακοῖς
1181 630 1440 701 ἀθυμίαν.
1489 627 1588 680 Διά
1634 624 1791 678 τοῦτο
1837 622 1930 675 καὶ
1968 621 2008 712 ό

336 732 550 794 Παῦλος
586 711 713 791 τοὺς
737 727 896 788 ὄντας
936 723 1162 784 πιστούς
1193 719 1384 772 τοῦτον
1419 713 1728 786 παρακαλεῖ
1761 712 1850 765 τόν
1885 711 2010 782 τρό-¹

335 839 462 882 πον,
497 820 594 888 οὐχ
632 818 714 869 ὅτι
740 815 866 876 τοὺς
895 812 1104 877 ζῶντας
1156 809 1315 878 μόνον
1340 806 1551 873 ἁγίους,
1591 800 1729 854 ἀλλά
1761 799 1854 851 καὶ
1884 800 2012 862 τοὺς

336 887 715 966 ἀποθανόντας
769 902 846 964 εἰς
907 899 1074 970 μέσον
1127 895 1414 964 παράγων.
1459 889 1732 961 Ἑϐραίοις
1767 887 1864 958 μὲν
1899 887 1991 957 γάε

335 993 715 1063 διαλεγόμενος
777 987 1061 1060 μέλλουσιν
1120 978 1571 1044 ὑποσκελίζεσθαι
1627 975 1723 1029 καὶ
1771 974 2005 1063 καταπί-

337 1098 516 1144 πτειν,
543 1062 671 1142 τοὺς
703 1076 892 1144 ἁγίους
925 1073 1126 1139 ἀνδρας
1160 1072 1240 1134 εἰς
1279 1068 1444 1140 μέσον
1485 1065 1746 1136 παράγει,
1785 1062 1877 1114 τὸν
1907 1063 2009 1113 Aab

338 1169 482 1234 νιὴλ,
526 1167 656 1230 τοὺς
709 1163 907 1223 παῖδας
939 1162 1065 1222 τοὺς
1117 1160 1288 1228 τρεῖς,
1320 1155 1410 1208 τὸν
1453 1152 1660 1213 Ἠλίαν,
1699 1150 1791 1202 τὸν
1832 1149 2009 1202 Ἐλισ-

337 1258 518 1318 σαῖον,
542 1253 738 1307 οὑτωσὶ
781 1250 954 1318 λέγων
979 1264 993 1278 ·
1031 1244 1342 1314 Ἕρριιξαν
1389 1243 1660 1310 στόματα
1709 1237 2005 1300 λεόντων,

332 1344 600 1397 ἔσϐεσαν
621 1340 879 1406 δύναμιν
893 1333 1104 1402 πυρὸς.
1138 1333 1364 1402 ἔφυγον
1386 1331 1656 1398 στόματα
1683 1325 2004 1396 μαχαίρας,

332 1427 772 1494 ἐλιθάσθησαν,
795 1419 1141 1492 ἐμπαιγμῶν
1177 1419 1270 1473 καὶ
1295 1418 1607 1487 μαστίγων
1629 1414 1840 1482 πεῖραν
1864 1413 2007 1466 ἕλα-

336 1518 468 1580 ϐον,
497 1514 585 1568 ἔτι
616 1512 684 1566 δὲ
713 1510 954 1579 δεσμῶν
991 1508 1088 1561 καὶ
1123 1505 1432 1576 φυλακῆς·
1465 1502 1793 1572 περιῆλθον
1812 1500 1883 1554 ἐν
1897 1515 2011 1568 μηο

333 1602 574 1668 λωταῖς,
605 1601 674 1654 ἐν
703 1598 948 1667 αἰγείοις
978 1595 1291 1666 δέρμασιν,
1319 1593 1772 1661 ὑστερούμενοι,
1816 1589 2012 1644 θλιϐό-

329 1708 523 1760 μενοι,
557 1687 1048 1754 κακουχούμενοι,
1078 1676 1166 1736 ὧν
1189 1685 1300 1736 οὐκ
1321 1677 1400 1751 ἦν
1426 1681 1595 1746 ἄξιος
1623 1682 1656 1733 ό
1685 1679 1934 1748 κόσμος.

420 1779 485 1831 Ἦ
520 1777 577 1829 δέ
624 1773 879 1828 κοινωνία
909 1771 1017 1824 τῶν
1052 1770 1239 1823 παθῶν
1272 1783 1296 1809 α
1334 1772 1446 1832 τοῖς
1477 1767 1834 1837 ὀδυνωμένοις
1862 1782 2006 1836 παρ-

335 1869 448 1938 έχει
483 1863 838 1935 παραμυθίαν
858 1878 871 1890 ·
900 1861 994 1913 καὶ
1026 1858 1276 1929 καθάπερ
1301 1857 1362 1910 τὸ
1397 1858 1562 1928 μόνον
1594 1854 1788 1909 παθεῖν
1817 1871 1870 1908 τι
1900 1853 2009 1907 δει-

335 1958 447 2019 νὸν,
470 1949 901 2024 ἀπαραμύθητον
931 1949 1043 2018 ἔχει
1069 1949 1130 2001 τὸ
1157 1947 1345 2011 κακὸν,
1373 1946 1515 2000 οὕτω
1536 1946 1596 1998 τὸ
1614 1946 1793 2015 εὑρεῖν
1819 1945 2008 2014 ἕτερον

331 2047 446 2107 τοῖς
477 2044 659 2103 αὐτοῖς
695 2037 1060 2112 περιπεσόντα
1106 2039 1297 2100 κακοῖς
1335 2035 1677 2106 κουφοτέραν
1717 2032 2008 2105 ἐργάζεται

332 2132 433 2186 τήν
461 2130 694 2200 πληγήν.

411 2211 473 2282 β’.
510 2219 606 2270 "lv'
636 2212 728 2270 οῦν
761 2217 816 2268 ἐν
861 2216 993 2268 πᾶσι
1027 2214 1140 2276 τοῖς
1180 2209 1431 2263 δοκοῦσιν
1469 2210 1615 2281 ἡμᾶς
1647 2207 1884 2278 ἐνοχλεῖν
1931 2207 2007 2279 μὴ

335 2303 794 2374 καταπίπτωμεν,
841 2301 980 2373 μετά
1026 2298 1308 2370 ἀκριϐείας
1351 2297 1711 2368 προσέχωμεν
1743 2299 1866 2358 ταῖς
1895 2295 2006 2348 τῶν

336 2391 568 2464 Γραφῶν
599 2391 893 2460 ἱστορίαις·
928 2387 1130 2456 πολλῆς
1163 2386 1273 2456 γάρ
1308 2385 1584 2456 ὑπομονῆς
1633 2383 1883 2437 ἐντεῦθεν
1913 2382 2009 2452 λη-

331 2478 543 2550 ψόμεθα
588 2476 867 2546 ἀφορμὴν,
911 2475 972 2528 οὑ
1002 2476 1070 2544 τῇ
1104 2472 1358 2542 κοινωνία
1400 2471 1510 2524 τῶν
1541 2471 1610 2525 τά
1641 2472 1782 2525 αὑτά
1811 2471 2011 2524 παθόν-

330 2585 439 2621 των
465 2563 951 2639 παραμυθούμενοι
982 2563 1166 2634 μόνον,
1194 2559 1330 2614 ἀλλά
1361 2559 1454 2612 καὶ
1475 2559 1553 2630 τῷ
1585 2559 1877 2629 μανθάνειν
1915 2559 2009 2613 τὸν

331 2655 534 2728 τρόπον
579 2655 678 2724 τῆς
727 2651 1046 2720 ἀπαλλαγῆς
1078 2647 1189 2701 τῶν
1219 2647 1575 2717 ἐπαγομένων
1617 2649 1752 2718 ἡμῖν
1794 2647 2006 2710 δεινῶν,

331 2744 428 2800 καὶ
462 2743 600 2812 μετά
633 2741 731 2810 τὴν
764 2740 948 2794 ἄνεσιν
996 2737 1176 2807 μένειν
1215 2734 1377 2788 πάλιν
1409 2734 1503 2788 ἐπὶ
1539 2734 1638 2804 τῆς
1683 2735 1878 2806 αὐτῆς,
1914 2739 2009 2790 καὶ

335 2833 473 2901 μήτε
500 2831 578 2892 εἰς
615 2825 884 2899 ῥαθυμίαν
925 2823 1238 2884 ἐκπίπτειν,
1291 2822 1426 2891 μήτε
1458 2821 1537 2882 είς
1570 2820 1830 2874 ἀπόνοιαν
1857 2821 2011 2894 αῖρε-

337 2917 484 2971 σθαι,
513 2915 586 2968 T6
622 2915 720 2984 μὲν
745 2913 856 2983 γάρ
889 2909 1077 2974 κακῶς
1130 2909 1472 2982 πράττοντας
1502 2907 1886 2962 συστέλλεσθαι
1915 2912 2010 2963 καὶ

334 3002 727 3060 ταπεινοῦσθαι
791 3000 888 3053 καὶ
945 2997 1146 3069 πολλὴν
1219 2996 1509 3050 εὐλάϐειαν
1577 2995 2007 3061 ἐπιδείκνυσθαι,

334 3091 650 3165 θαυμαστὸν
682 3089 864 3144 οὐδέν·
913 3087 1051 3158 αῦτη
1095 3088 1203 3157 γὰρ
1325 3085 1434 3138 τῶν
1483 3084 1808 3156 πειρασμῶν
1849 3085 2011 3155 φύσις

334 3181 430 3236 καλ⁵
462 3181 589 3243 τούς
631 3177 840 3246 λιθίνην
881 3173 1034 3247 [504]
1077 3174 1298 3244 ἔχοντας
1331 3173 1558 3244 καρδίαν
1603 3174 2010 3242 καταναγκάζει

333 3269 495 3323 τοῦτο
529 3268 723 3329 ποιεῖν,
769 3263 833 3317 τὸ
863 3262 1188 3316 λυπεῖσθαι·
1237 3261 1414 3332 ψυχῆς
1444 3261 1501 3314 δέ
1532 3263 1680 3314 ἐστιν
1723 3262 2007 3329 εὐλαϐοῦς,

334 3359 428 3412 καὶ
453 3356 544 3409 τὸν
565 3355 696 3407 Θεὸν
723 3351 956 3423 ἐχούσης
985 3349 1248 3422 διηνεκῶς
1269 3349 1376 3420 πρὸ
1403 3348 1719 3420 ὀφθαλμῶν,
1750 3349 1845 3402 καὶ
1872 3351 2012 3421 μετά

335 3447 435 3516 τὴν
479 3443 587 3497 τῶν
629 3439 956 3512 πειρασμῶν
1011 3436 1333 3508 ἀπαλλαγὴν
1391 3437 1664 3507 μηδέποτε
1708 3439 1790 3501 είς
1839 3438 2009 3510 λήθην

335 3533 626 3604 ἐμπεσεῖν·
680 3529 818 3598 ὅπερ
871 3526 1115 3578 Ἰουδαῖοι
1162 3523 1402 3594 συνεχῶς
1463 3523 1722 3596 ἔπασχον.
1767 3526 1859 3579 Διὸ
1916 3529 2010 3581 καὶ

335 3621 605 3674 σκώπτων
628 3615 824 3677 αὐτοὺς
849 3614 875 3665 6
908 3613 1194 3684 προφήτης
1223 3612 1410 3680 έλεγεν
1430 3629 1444 3642 ·
1467 3613 1644 3666 Ὅταν
1657 3611 2012 3667 ἀπέκτεινεν

335 3707 577 3770 αὐτοὺς,
610 3705 745 3757 τότε
777 3700 1026 3768 ὲζῆτουν
1081 3700 1290 3763 αὐτὸν,
1333 3699 1431 3753 καὶ
1461 3698 1867 3770 ἐπέστρεφον,
1909 3703 2008 3756 καὶ

333 3791 615 3863 ὤρθριζον
643 3791 794 3859 πρὸς
830 3791 938 3842 τὸν
967 3789 1135 3841 Θεόν.
1156 3787 1267 3839 Καὶ
1294 3789 1537 3858 Μωῦσῆς
1563 3787 1619 3840 δὲ
1643 3789 1826 3853 αὐτοῖς
1852 3789 2012 3843 τοῦτο

335 3882 470 3937 αὐτὸ
518 3877 798 3940 συνειδὼς,
853 3876 1089 3947 παρῄνει
1131 3873 1372 3944 συνεχῶς
1422 3873 1629 3944 λέγων·
1668 3875 1880 3946 Φαγὼν
1909 3879 2009 3932 καὶ

334 3970 491 4025 πιὼν
519 3967 617 4021 καὶ
643 3965 1036 4036 ἐμπλησθεὶς,
1070 3964 1332 4032 πρόσεχε
1359 3962 1614 4027 σεαυτῷ,
1637 3963 1724 4033 μὴ
1753 3965 2008 4036 ἐπιλάϐῃ

335 4056 559 4125 Κυρίου
582 4052 688 4107 τοῦ
712 4051 859 4107 Θεοῦ
881 4068 1021 4106 σου.
1053 4051 1222 4104 Τοῦτο
1250 4050 1381 4120 γοῦν
1407 4051 1502 4103 καὶ
1518 4051 1734 4119 ἐγένετο
1752 4069 1768 4083 ·
1789 4053 2008 4123 Ἕφαγε

337 4146 468 4214 γὰρ,
515 4141 700 4212 φησιν,
765 4137 986 4200 Ἰακὼϐ,
1027 4139 1124 4194 καὶ
1166 4135 1481 4204 ὲλιπάνθη,
1528 4138 1627 4191 και
1672 4139 2006 4208 ἐπαχύνθη,

333 4231 434 4284 καὶ
465 4228 874 4284 ὰπελὰκτισεν
907 4228 939 4279 ὁ
963 4224 1365 4295 ἠγαπημένος.
1397 4225 1600 4296 Διόπερ
1630 4227 1691 4278 οὐ
1722 4226 1810 4282 διά
1847 4227 2008 4282 τοῦτο

331 4318 441 4390 χρὴ
493 4313 800 4384 θαυμάζειν
845 4316 972 4377 τοὺς
1019 4313 1228 4382 ἁγίους,
1278 4313 1360 4366 ὅτι
1406 4311 1507 4383 τῆς
1554 4313 1787 4384 θλίψεως
1833 4317 2006 4388 αὐτῆς

331 4405 712 4478 ἀκμαζούσης,
743 4402 918 4465 οὑτως
947 4397 1092 4472 ἦσαν
1139 4401 1388 4464 εὐλαϐεῖς
1419 4403 1516 4454 καὶ
1556 4402 1859 4473 φιλόσοφοι,
1890 4405 2006 4458 ἀλλ’

331 4497 414 4549 ὅτι
448 4494 542 4546 καὶ
572 4493 664 4546 τοῦ
696 4489 966 4561 χειμῶνος
996 4490 1361 4562 παρελθόντος
1387 4491 1483 4543 καὶ
1510 4491 1754 4562 γαλήνης
1783 4495 2005 4565 γινομέ-

331 4601 450 4654 νης,
480 4581 574 4633 ἐπὶ
601 4581 702 4650 τῆς
739 4579 910 4649 αὐτῆς
942 4578 1134 4648 έμενον
1162 4577 1464 4641 ἐπιεικείας
1490 4579 1586 4632 καὶ
1615 4581 1872 4652 σπουδῆς.
1896 4584 2004 4637 Καὶ

334 4671 501 4725 ἵππον
535 4668 591 4721 δὲ
622 4669 829 4720 ἐκεῖνον
854 4665 1156 4736 θαυμάζειν
1191 4666 1427 4735 μάλιστα
1456 4667 1563 4738 χρὴ
1591 4667 1682 4721 τὸν
1709 4670 1879 4741 χωρίς
1905 4689 2004 4741 χα-

330 4756 479 4812 λινοῦ
521 4755 818 4826 δυνάμενον
849 4752 1098 4824 εὐρυθμα
1145 4752 1412 4823 βαδίζειν·
1453 4753 1519 4806 ἂν
1553 4755 1633 4818 δὲ,
1679 4756 1862 4827 κημοῦ
1910 4759 2004 4813 καὶ

332 4841 551 4920 χαλινοῦ
600 4843 922 4912 κατέχοντος
959 4841 1142 4904 αὐτὸν,
1173 4841 1435 4912 εὐτακτῇ,
1463 4840 1780 4912 θαυμαστὸν
1812 4845 1998 4900 οὐδέν·

301 4933 393 4988 ,οὑ
426 4933 535 5002 γάρ
561 4934 628 5002 τῇ
663 4929 913 4998 εὐγενείᾳ
949 4929 1043 4982 τοῦ
1071 4927 1233 4994 ζώου.
1271 4928 1408 4982 ἀλλά
1431 4931 1498 5000 τῇ
1529 4931 1745 5004 ἀνάγκῃ
1771 4932 1867 4987 τοῦ
1903 4953 2002 5006 χα-

327 5018 474 5072 λινοῦ
501 5017 598 5089 τὴν
623 5015 876 5080 εὐταξίαν
897 5015 1216 5084 λογίσασθαι
1239 5017 1368 5088 χρή.
1398 5015 1569 5069 Τοῦτο
1593 5019 1686 5071 καὶ
1701 5020 1794 5072 ἐπὶ⁵
1819 5020 2002 5092 ψυχῆς

330 5108 476 5160 ἐστιν
510 5107 705 5171 εἰπεῖν,
738 5105 820 5158 ὅτι
858 5104 1022 5174 φόϐου
1070 5103 1170 5175 μὲν
1205 5104 1554 5175 ἐπικειμένου
1585 5107 1838 5177 ἠρεμεῖν,
1872 5109 2000 5164 θαυ-

331 5194 537 5268 μαστὸν
563 5192 744 5246 οὐδέν·
784 5193 916 5245 ὅταν
951 5192 1010 5244 δέ
1043 5191 1388 5262 παρέλθωσιν
1433 5193 1484 5245 οἱ
1533 5196 1853 5265 πειρασμοὶ,
1905 5199 1998 5252 καὶ

323 5283 417 5336 τὸν
457 5280 674 5352 χαλινὸν
698 5279 790 5332 τοῦ
824 5280 988 5348 φόϐου
1030 5278 1256 5350 περιέλῃ
1292 5297 1394 5343 τις,
1422 5279 1545 5332 τότε
1577 5297 1668 5350 μοι
1702 5281 1876 5347 δεῖξον
1907 5303 1997 5354 φι-

324 5369 584 5438 λοσοφίαν
623 5367 822 5438 ψυχῆς,
852 5367 949 5420 καὶ
975 5367 1074 5437 τὴν
1115 5366 1368 5430 εὐταξίαν
1406 5366 1649 5422 ἃπασαν.
1693 5370 1856 5424 Ἀλλά
1902 5391 1997 5442 φο-

323 5459 526 5529 ϐοῦμαι
553 5457 647 5529 μὴ.
685 5457 1008 5528 βουλόμενος
1043 5456 1310 5510 Ἰουδαίων
1341 5459 1691 5528 κατηγορεῖν,
1725 5459 1826 5530 τῆς
1857 5461 1996 5532 ἡμε,

324 5545 489 5616 τέρας
540 5546 907 5615 κατηγορήσω
952 5541 1260 5606 πολιτείας·
1311 5543 1433 5596 ἐπεὶ
1477 5543 1574 5598 καὶ
1615 5545 1778 5616 ἡμεῖς
1827 5549 1993 5618 ἡνίκα

327 5630 694 5702 ὶσαλευόμεθα
727 5630 835 5685 ἀπὸ
869 5648 930 5684 τε
955 5630 1115 5702 λιμοῦ
1146 5632 1241 5686 καὶ
1270 5628 1460 5703 λοιμοῦ
1488 5632 1583 5687 καὶ
1615 5633 1858 5705 χαλάζης
1897 5637 1990 5689 καὶ

376 5820 401 5846 ⁸
425 5815 572 5866 Savil.
599 5820 703 5867 τῶν
725 5820 989 5871 παθόντων.

2110 447 2380 518 ἀϐροχίας
2417 450 2513 504 καὶ
2560 450 2906 520 ἐμπρησμῶν
2947 450 3042 502 καὶ
3083 449 3505 514 ἐπαναστάσεως
3547 451 3778 522 ἐχθρῶν,

2109 537 2230 606 οὐχὶ
2282 537 2406 590 καθ’
2451 538 2688 608 ἑκάστην
2720 536 2992 608 ἡμέρανὴ
3032 537 3296 607 ἐκκλησία
3322 537 3400 608 τῷ
3429 537 3627 610 πλήθει
3671 539 3785 593 τῶν

2111 627 2496 697 συναγομένων
2531 630 2982 699 ἐστενοχωρεῖτο;
3013 627 3110 680 καλ⁸
3141 626 3308 698 πολλὴ
3349 643 3437 690 τις
3463 622 3532 698 ἦν
3560 628 3720 698 ἡμῶν
3749 629 3787 699 ἡ

2111 713 2400 783 φιλοσοφία
2433 716 2528 767 καὶ
2562 714 2832 786 ὑπεροψία
2861 714 2969 768 τῶν
3003 713 3275 784 βιωτικῶν
3302 715 3667 785 πραγμάτων,
3692 717 3788 768 καὶ

2107 799 2230 854 οὐτε
2261 801 2562 872 χρημάτων
2613 802 2798 867 πόθος,
2827 801 2949 855 οὐτε
2976 802 3132 872 δόξης
3153 802 3439 872 ἐπιθυμία,
3458 801 3582 856 οὔτε
3607 802 3787 873 ὄρεξις

2109 889 2204 942 καὶ
2236 889 2375 961 ἔρως
2417 891 2724 960 ἀσελγείας,
2765 891 2888 945 οὔτε
2921 891 3080 954 ἄλλος
3117 908 3201 954 τις
3247 890 3506 962 λογισμὸς
3549 892 3787 963 πονηρὸς

2112 978 2232 1030 τότε
2259 978 2514 1050 ἠνώχλει,
2547 981 2685 1033 ἀλλά
2711 981 2910 1044 πάντες
2953 982 3034 1045 εἰς
3083 979 3397 1034 θεοσέϐειαν
3423 982 3650 1045 ἐαυτούς
3684 984 3788 1035 ἐπ-

2109 1065 2370 1128 εδώκατε,
2406 1067 2544 1138 μετά
2565 1069 2804 1139 δεήσεως
2842 1069 2933 1121 καὶ
2961 1067 3213 1140 δακρύων
3235 1085 3248 1098 ·
3279 1068 3375 1122 καὶ
3400 1071 3429 1123 6
3457 1069 3658 1140 πόρνος
3684 1067 3791 1139 μὲν

2109 1155 2411 1225 ἐσωφρόνει
2452 1155 2594 1219 τότε,
2637 1158 2666 1208 6
2704 1155 2759 1208 δὲ
2803 1159 3142 1226 μνησίκακος
3188 1155 3281 1209 ἐπὶ
3307 1154 3407 1218 τάς
3439 1154 3790 1225 καταλλαγάς

2110 1242 2393 1312 ἐτρέπετο,
2425 1244 2454 1296 6
2486 1243 2816 1314 πλεονέκτης
2842 1244 2979 1314 πρὸς
3003 1243 3376 1315 ἐλεημοσύνην
3401 1243 3738 1314 ἐκάμπτετο,
3760 1242 3790 1293 6

2109 1328 2323 1401 ὀργίλος
2353 1331 2447 1384 καὶ
2476 1331 2684 1403 θρασὺς
2711 1333 2791 1393 είς
2823 1331 3331 1403 ταπεινοφροσύνην
3373 1333 3468 1385 καὶ
3506 1332 3792 1403 πραότητα

2118 1416 2484 1487 μετεϐάλλετο
2505 1434 2518 1449 ·
2557 1420 2652 1472 καὶ
2678 1419 2815 1473 ἐπάν
2835 1422 2862 1472 6
2891 1419 3023 1484 Θεὸς
3039 1418 3139 1490 τὴν
3159 1419 3330 1491 ὀργὴν
3350 1420 3566 1491 ἐκείνην
3581 1419 3766 1472 διεσκέ

2108 1505 2264 1570 δασε,
2316 1509 2410 1560 καὶ
2465 1507 2561 1560 τὸν
2591 1507 2836 1578 χειμῶνα
2872 1509 3184 1579 παρήγαγε,
3219 1507 3311 1561 καὶ
3340 1507 3580 1578 γαλήνην
3611 1508 3793 1575 ἐποίη-

2112 1611 2202 1647 σεν
2257 1595 2322 1648 ἐκ
2372 1595 2646 1649 τοσούτων
2704 1596 2987 1666 κυμάτων,
3045 1598 3126 1659 εἰς
3161 1595 3264 1660 τάς
3315 1595 3580 1668 πρότερον
3627 1596 3794 1650 πάλιν

2109 1683 2490 1755 ἐπανήλθομεν
2528 1684 2850 1757 προλήψεις.
2903 1683 3093 1739 Καίτοι
3120 1702 3184 1754 γε
3210 1685 3311 1738 οὐκ
3344 1686 3632 1756 ἐπαυόμην
3665 1685 3793 1738 τότε

2111 1771 2242 1842 παρ’
2265 1772 2430 1824 αὐτὸν
2453 1772 2547 1825 τὸν
2566 1771 2759 1843 καιρὸν
2787 1771 2897 1825 τῶν
2926 1771 3253 1844 πειρασμῶν
3280 1774 3564 1844 προλέγων
3592 1771 3791 1836 ταῦτα,

2110 1859 2207 1914 καὶ
2235 1861 2617 1932 προδιαμαρτυ
2627 1861 2856 1932 ρόμενος
2875 1876 2889 1890 ·
2914 1860 3029 1914 ἀλλ’
3058 1861 3210 1931 ὅμως
3235 1860 3384 1914 οὐδὲν
3413 1862 3547 1931 ἡμῖν
3571 1861 3795 1929 ἐγένετὸ

2109 1965 2163 2002 τι
2205 1947 2390 2011 πλέον,
2423 1948 2538 2001 ἀλλ’
2572 1949 2649 2012 ὡς
2681 1948 2814 2018 ὄναρ
2847 1948 2943 2002 καὶ
2981 1948 3141 2003 σκιάν
3186 1948 3587 2022 παρελθοῦσαν,
3616 1950 3796 2012 οὑτως

2110 2035 2329 2089 ἅπαντα
2361 2037 2547 2090 ἐκεῖνα
2585 2036 2685 2106 τῆς
2711 2036 2951 2102 διανοίας
2981 2036 3269 2103 ἐξεϐάλετε
3308 2038 3360 2092 ι).
3403 2037 3503 2090 Διά
3527 2037 3591 2108 δή
3635 2037 3798 2092 τοῦτο

2108 2123 2325 2178 δέδοικα
2359 2123 2454 2178 νῦν
2493 2124 2694 2196 μᾶλλον
2729 2125 2761 2196 ἢ
2803 2124 2948 2191 τότε,
2985 2126 3084 2178 καὶ
3121 2125 3150 2179 6
3173 2125 3294 2179 τότε
3329 2125 3536 2195 ἔλεγον,
3571 2125 3667 2179 νῦν
3704 2125 3794 2179 δέ-

2109 2211 2265 2266 δοικα
2300 2212 2585 2284 μειζόνως,
2613 2214 2690 2286 μὴ
2721 2211 3079 2284 χαλεπώτερα
3108 2212 3217 2266 τῶν
3245 2213 3530 2285 προτέρων
3556 2215 3793 2268 ἐπισπα-

2112 2300 2336 2370 σώμεθα
2381 2301 2552 2365 κακά,
2597 2301 2694 2354 καὶ
2733 2301 2856 2354 τότε
2889 2299 3171 2372 δεξώμεθα
3215 2301 3431 2373 πληγὴν
3465 2301 3686 2356 ἀνίατον
3730 2305 3795 2357 ἐκ

2110 2390 2204 2443 τοῦ
2236 2389 2394 2444 Θεοῦ.
2428 2389 2559 2443 Ὅτε
2588 2388 2698 2460 γάρ
2722 2407 2806 2452 τις
2828 2388 3066 2460 συνεχῶς
3095 2390 3428 2460 ἁμαρτάνων
3462 2390 3796 2461 συγγνώμης
3901 2436 3908 2440 .

2109 2480 2372 2549 τυγχάνει
2387 2476 2540 2548 παρά
2557 2475 2653 2529 τοῦ
2678 2475 2838 2539 Θεοῦ,
2863 2470 2984 2530 εἶτα
3003 2471 3172 2548 μηδὲν
3193 2477 3301 2530 ἀπὸ
3325 2477 3424 2548 τῆς
3440 2476 3798 2542 ἀνεξικακίας

2111 2566 2316 2638 ταύτης
2346 2565 2584 2638 κερδάνῃ
2606 2564 2635 2616 6
2671 2564 2961 2636 ἄνθρωπος
2991 2565 3074 2627 εἰς
3097 2565 3198 2634 τήν
3241 2565 3339 2636 τῆς
3380 2565 3584 2628 κακίας
3627 2566 3802 2619 ἀπαλ-

2111 2655 2306 2726 λαγὴν,
2358 2653 2546 2707 λοιπὸν
2606 2651 2796 2706 τοῦτον
2853 2651 3300 2724 παρασκευάζει,
3366 2652 3510 2706 ὥστε
3571 2656 3671 2708 καὶ
3722 2656 3800 2728 μὴ

2113 2744 2265 2816 [505]
2299 2741 2620 2813 βουλόμενον
2662 2739 2825 2794 αὐτὸν
2868 2741 2960 2793 τὸν
2991 2740 3275 2810 κολοφῶνα
3314 2741 3424 2794 τῶν
3474 2743 3664 2796 κακῶν
3702 2744 3803 2798 ἐπ-

2111 2835 2361 2903 αγαγεῖν,
2392 2833 2486 2885 καὶ
2510 2830 2764 2902 ἐκτρίψαι
2803 2830 2966 2884 αὐτὸν
2995 2830 3178 2883 τέλεον
3197 2869 3214 2894 ,
3248 2831 3344 2885 καὶ
3387 2833 3584 2902 μηκέτι
3615 2831 3802 2886 δοῦναι

2117 2921 2403 2992 μετανοίας
2433 2918 2558 2972 τινὰ
2587 2917 2929 2989 προθεσμίαν
2951 2958 2968 2983 ,
2996 2917 3024 2970 ὃ
3058 2918 3152 2970 καὶ
3190 2918 3282 2971 ἐπὶ
3315 2918 3407 2972 τοῦ
3439 2918 3644 2990 Φαραὼ
3676 2938 3804 2973 συν-

2113 3010 2233 3080 έϐη.
2283 3006 2500 3078 Ἐπειδὴ
2542 3005 2652 3078 γὰρ
2704 3005 2948 3077 προτέρᾳ
2975 3044 2990 3068 ,
3038 3005 3132 3058 καλ¹
3175 3005 3442 3077 δευτέρα,
3481 3009 3576 3062 καὶ
3614 3008 3798 3080 τρίτῃ,

2113 3099 2208 3152 καὶ⁸
2264 3097 2498 3168 τετάρτῃ
2529 3136 2544 3161 ,
2578 3096 2674 3149 καὶ
2703 3097 2824 3159 ταῖς
2875 3094 2993 3166 μετ’
3026 3093 3240 3158 ἐκείνας
3273 3095 3546 3166 πληγαῖς,
3595 3097 3803 3168 πολλῆς

2113 3185 2396 3255 ἁπήλαυσε
2435 3181 2818 3254 μακροθυμίας
2857 3180 3010 3253 παρά
3054 3181 3149 3234 τοῦ
3187 3181 3324 3236 Θεοῦ
3346 3225 3360 3250 ,
3395 3183 3548 3237 οὐδὲν
3582 3185 3803 3253 ἐγένετο

2113 3271 2262 3342 αὐτῷ
2289 3289 2342 3324 τι
2364 3270 2637 3342 χρήσιμον
2656 3309 2674 3336 ,
2707 3269 2960 3340 ἐξετρίϐη
2999 3268 3185 3324 λοιπὸν
3213 3271 3310 3324 καὶ
3350 3272 3624 3344 ἠφανίσθη
3658 3274 3803 3344 μετὰ

2112 3362 2212 3431 τῆς
2239 3359 2445 3422 πόλεως
2475 3357 2666 3429 ἄρδην.
2719 3357 2891 3410 Τοῦτο
2930 3357 3024 3410 καὶ
3063 3358 3306 3412 Ἰουδαῖοι
3337 3359 3660 3414 πεπόνθασι.
3707 3361 3803 3414 Διὸ

2113 3450 2208 3503 καὶ
2253 3451 2282 3502 6
2309 3446 2544 3519 Χριστὸς
2603 3445 2813 3518 μέλλων
2866 3446 3064 3509 αὐτοὺς
3104 3446 3387 3514 ἀφανίζειν
3429 3448 3526 3502 καὶ
3556 3449 3803 3520 ἐρημίαν

2112 3537 2340 3606 ἐπάγειν
2395 3536 2576 3598 αὐτοῖς
2631 3533 2958 3606 ἀδιόρθωτον
2985 3573 3001 3597 ,
3053 3531 3227 3598 οὑτως
3280 3534 3433 3603 ἔλεγε
3459 3551 3473 3566 ·
3530 3535 3805 3602 Ποσὰκις

2112 3625 2387 3694 ἠθέλησα
2405 3621 2872 3693 ἐπισυναγαγεῖν
2904 3622 2976 3676 τὰ
3007 3622 3189 3676 τέκνα
3217 3638 3354 3685 σου,
3383 3625 3483 3678 καὶ
3514 3628 3628 3679 οὐκ
3659 3627 3802 3693 ἠθε-

2111 3713 2383 3781 λήσατε,
2427 3711 2582 3765 Ἰδοὺ
2623 3712 2858 3780 ἀφίεται
2916 3714 2952 3765 ὁ
2996 3706 3160 3777 οἶκος
3192 3711 3360 3781 ὑμῶν
3397 3713 3640 3783 ἕρημος,
3697 3715 3800 3769 Ag-

2113 3802 2266 3856 δοικα
2295 3797 2390 3855 οῦν
2421 3799 2495 3872 μὴ
2529 3800 2623 3853 καὶ
2652 3801 2812 3870 ἡμεῖς
2833 3798 2904 3852 τά
2933 3798 3074 3852 αὑτά
3107 3799 3390 3871 πάθωμεν,
3424 3801 3506 3854 ὅτι
3527 3801 3653 3855 οὒτε
3684 3807 3801 3862 τοῖς

2111 3889 2444 3960 ἀλλοτρίοις,
2470 3885 2594 3940 οὑτε
2627 3889 2740 3950 τοῖς
2771 3886 3063 3957 ἡμετέροις
3091 3887 3554 3958 σωφρονιζώμεθα
3579 3894 3800 3962 xagcoic.

2113 3979 2188 4032 Οὑ
2219 3979 2355 4050 πρὸς
2395 3977 2540 4047 ὑμᾶς
2567 3976 2625 4029 δὲ
2658 3974 2818 4046 μόνον
2843 3974 2990 4042 λέγω
3016 3973 3188 4027 ταῦτα
3211 3976 3340 4040 τοὺς
3367 3977 3461 4030 νῦν
3496 3979 3799 4050 παρόντας,

2111 4069 2250 4122 ἀλλά
2280 4067 2375 4122 καὶ
2431 4065 2568 4137 πρὸς
2620 4066 2748 4128 τοὺς
2807 4065 3223 4136 ἀπορῤαγέντας
3269 4067 3369 4136 τῆς
3417 4067 3804 4141 καθημερινῆς

2117 4157 2352 4227 σπουδῆς
2373 4197 2388 4221 ,
2429 4155 2525 4208 καὶ
2556 4153 2666 4206 τῶν
2699 4153 2980 4225 προτέρων
3023 4153 3256 4224 θλίψεων
3303 4155 3798 4226 ἐπιλελησμένους·

2113 4243 2248 4314 πρὸς
2291 4242 2387 4306 οὒς
2431 4243 2492 4295 οὑ
2524 4240 2762 4294 διέλιπον
2800 4240 2888 4292 ἀεὶ
2927 4238 3426 4311 διαρῤηγνύμενος,
3465 4242 3560 4294 καὶ
3592 4241 3799 4309 λέγων,

2110 4334 2191 4387 ὅτι
2218 4333 2268 4386 εί
2301 4331 2396 4385 καὶ
2427 4328 2706 4402 παρῆλθον
2749 4329 2797 4381 οἱ
2830 4327 3128 4398 πειρασμοὶ
3153 4367 3168 4390 ,
3203 4328 3411 4398 μενέτω
3438 4330 3496 4382 ἐν
3541 4332 3662 4392 ταῖς
3693 4329 3801 4399 ψυ-

2109 4424 2231 4491 χαῖς
2261 4419 2421 4490 ἡμῶν
2447 4418 2557 4470 τῶν
2593 4415 2914 4487 πειρασμῶν
2946 4416 2979 4486 ἡ
3015 4415 3204 4486 μνήμη
3225 4453 3239 4477 ,
3271 4413 3358 4468 ἵνα
3393 4417 3486 4468 καὶ
3513 4416 3612 4487 τῆς
3636 4417 3801 4489 εὐερ-

2108 4511 2295 4579 γεσίας
2326 4507 2564 4578 συνεχῶς
2598 4505 3050 4578 μνημονεύοντες,
3077 4503 3340 4575 διηνεκῶς
3373 4506 3799 4578 εὐχαριστῶμεν

2106 4597 2184 4670 τῷ
2215 4596 2420 4665 ταύτην
2441 4596 2778 4665 παρασχόντι
2810 4591 2950 4664 Θεῷ.

2175 4707 2243 4770 γ’.
2269 4699 2454 4752 Ταῦτα
2485 4697 2580 4749 καὶ
2607 4697 2727 4749 τότε
2754 4695 2960 4764 ἔλεγον,
2991 4697 3087 4751 καὶ
3110 4695 3205 4750 νῦν
3236 4697 3379 4766 λέγω
3411 4698 3558 4768 ὑμῖν,
3595 4699 3689 4752 καὶ
3718 4698 3795 4754 δι’

2107 4789 2258 4861 ὑμῶν
2295 4789 2549 4851 ἐκείνοις·
2595 4785 2966 4857 μιμησώμεθα
3011 4790 3140 4847 τοὺς
3184 4789 3394 4856 ἁγίους,
3433 4790 3627 4854 οἵτινες
3661 4789 3792 4846 οὔτε

2108 4879 2209 4933 ὑπὸ
2245 4877 2355 4930 τῶν
2397 4875 2630 4945 θλίψεων
2677 4875 3077 4945 κατεπόθησαν,
3121 4875 3246 4930 οὔτε
3279 4877 3385 4930 ὑπὸ
3425 4877 3526 4947 τῆς
3545 4879 3796 4945 ἀνέσεως

2105 4967 2414 5040 χαυνότεροι
2436 4965 2742 5032 γεγόνασιν,
2764 4965 2900 5034 ὅπερ
2923 4963 3106 5017 πολλοὶ
3128 4964 3236 5017 τῶν
3248 4965 3346 5018 ἀνθ
3355 4963 3551 5036 ρώπων
3567 4965 3662 5018 νῦν
3680 4971 3794 5022 πά-

2103 5072 2323 5124 σχομεν,
2357 5052 2609 5122 καθάπερ
2640 5049 2710 5103 τὰ
2727 5050 2904 5120 κοῦφα
2926 5051 3034 5104 τῶν
3067 5051 3268 5105 πλοίων
3289 5053 3396 5105 ὑπὸ
3424 5053 3607 5124 πάσης
3635 5069 3793 5126 περι-

2102 5141 2345 5203 στάσεως
2375 5139 2635 5210 κυμάτων
2668 5137 3134 5210 περιαντλούμενα
3167 5139 3508 5209 βαπτίζεται.
3533 5142 3648 5195 Καὶ
3673 5145 3791 5216 γὰρ

2100 5229 2260 5282 πενία
2307 5227 2566 5290 πολλάκις
2603 5229 2734 5298 ἡμῖν
2779 5226 3077 5280 ἐπελθοῦσα
3113 5227 3373 5282 ἐϐάπτισε
3408 5227 3503 5283 καὶ
3539 5229 3794 5302 ὑποϐρυ-

2098 5315 2247 5386 χίους
2271 5316 2419 5386 ἡμᾶς
2447 5314 2693 5384 ἐποίησε,
2736 5316 2829 5368 καὶ
2871 5314 3098 5379 πλοῦτος
3135 5317 3585 5388 προσγενόμενος,
3617 5319 3792 5373 πάλιν

2099 5404 2370 5475 ἐφύσησεν
2404 5404 2571 5474 ἡμᾶς,
2595 5404 2688 5456 καὶ
2721 5405 2800 5467 εἰς
2838 5405 3074 5476 ἐσχάτην
3096 5405 3387 5476 ὀλιγωρίαν
3413 5406 3654 5461 ἐνέϐαλε.
3691 5410 3792 5462 Διὸ

2098 5486 2422 5558 παρακαλῶ,
2471 5486 2874 5557 παραλιπόντες
2921 5488 3157 5554 ἅπαντα,
3199 5489 3300 5554 τάς
3348 5491 3551 5544 ἑαυτῶν
3596 5491 3788 5562 ψυχὰς

2099 5574 2450 5647 ρυθμίσωμεν
2486 5575 2624 5646 πρὸς
2655 5575 2930 5648 σωτηρίαν
2959 5577 3188 5643 ἕκαστος
3219 5579 3405 5651 ἡμῶν·
3436 5578 3640 5651 ταύτης
3668 5581 3791 5653 γάρ

2158 5825 2187 5868 δ
2209 5823 2360 5877 Savil.
2386 5825 2680 5890 ἐξεϐάλομεν.
