4046 6396
266 348 362 406 501
1354 355 1442 410 DF.
1487 353 1854 411 I‘OENITENT

1996 356 2220 412 IIOSIIL.
2269 359 2352 416 IV.

266 464 573 522 laborantes
621 471 969 538 respicerent,
1027 485 1054 523 a
1103 471 1217 524 solo
1268 471 1458 525 intuitu
1508 471 1753 527 eumdem
1807 473 1857 524 in

269 558 514 614 morbum
547 560 885 627 inciderunt;
917 563 968 615 in
1000 564 1174 618 anima
1204 579 1332 618 vero
1362 580 1465 620 non
1499 566 1746 634 idipsuin,
1769 564 1864 620 sed

265 653 595 706 contrarium
627 669 843 723 prorsus
873 655 1050 710 evenit
1079 674 1090 708 :
1120 657 1162 709 si
1208 657 1351 710 enim
1398 657 1613 712 assidue
1656 659 1860 726 cogite-

268 757 386 796 mus
411 757 525 808 eos,
557 744 644 813 qui
677 745 862 800 eadem
891 746 1000 814 ipsa
1026 748 1263 816 perpessi
1290 756 1432 812 sunt,
1458 749 1578 802 hinc
1601 749 1860 802 malorum

267 845 573 890 nostrorum
604 838 800 892 lenitur
827 839 1000 894 dolor.
1031 839 1154 894 Ideo
1181 841 1374 895 Paulus
1404 841 1586 896 fideles
1607 841 1707 895 hoc
1733 841 1858 894 hor-

268 936 408 980 tatur
438 928 618 992 modo,
654 945 759 984 non
792 931 962 985 solum
991 941 1205 986 sanctos
1234 934 1321 1002 qui
1356 935 1406 986 in
1441 933 1574 987 vivis
1600 944 1740 996 sunt,
1767 934 1860 988 sed

265 1019 425 1072 etiam
461 1031 698 1073 mortuos
736 1022 786 1075 in
838 1023 1069 1078 medium
1101 1024 1388 1080 adducens.
1423 1025 1675 1081 [Iebrmos
1717 1028 1859 1081 enim

262 1108 562 1178 alloquens,
597 1113 683 1181 qui
726 1115 983 1170 nutabant
1029 1131 1258 1186 moxque
1289 1118 1490 1187 Iapsuri
1534 1128 1706 1185 erant,
1754 1121 1858 1174 Da-

267 1199 462 1253 nielein
495 1202 544 1254 in
577 1205 810 1258 medium
845 1205 1080 1271 addttcit,
1127 1215 1236 1263 tres
1268 1224 1482 1278 pueros,
1516 1209 1706 1275 Eliam,
1745 1211 1858 1265 Eli-

265 1303 452 1356 sa-um,
484 1292 565 1347 his
595 1297 772 1350 verbis
807 1313 818 1349 :
857 1297 1227 1354 Obturaverunt
1269 1318 1360 1356 ora
1400 1303 1618 1368 leonum,
1665 1305 1856 1358 exstin-

263 1394 445 1436 rerunt
489 1387 718 1440 virtutem
764 1389 913 1459 ignis,
951 1390 1236 1462 e/I'ugerunt
1281 1409 1370 1447 ora
1415 1395 1594 1465 gladii,
1645 1395 1860 1464 lapidati

263 1483 398 1539 sunt,
428 1475 644 1529 ludibria
664 1487 710 1531 et
738 1481 937 1533 verbera
965 1483 1157 1551 experti
1196 1492 1332 1550 sunt,
1365 1484 1664 1554 insuperque
1689 1496 1857 1539 custo-

268 1567 401 1619 .liam
432 1585 709 1623 carcerum.
739 1570 1055 1628 Circuierunt
1082 1576 1133 1629 in
1161 1575 1354 1630 melotis
1379 1587 1427 1631 et
1453 1579 1672 1648 caprinis
1708 1579 1858 1649 pelli-

266 1656 376 1725 bus,
407 1671 624 1730 egentes,
659 1667 952 1734 angnstiati,
984 1668 1171 1738 afﬂicti,
1201 1670 1378 1738 quibus
1420 1670 1602 1741 dignus
1627 1687 1726 1725 non
1753 1680 1860 1725 erat

265 1752 480 1804 mundus
511 1752 694 1822 (llcbr.
725 1756 810 1810 11.
829 1757 896 1813 54
913 1767 958 1812 et
984 1760 1144 1830 seqq.)
1164 1800 1176 1813 .

338 1840 715 1898 (Erumnarum
743 1850 1030 1903 communio
1062 1852 1296 1904 solatium
1325 1851 1510 1921 prazbet
1547 1853 1760 1923 a/ﬂictis.
1781 1882 1854 1893 —

266 1932 644 1990 lErumnarum
684 1950 861 1994 autem
890 1942 1195 1996 communio
1221 1944 1466 1998 solatium
1497 1944 1694 2012 praebet
1717 1944 1856 1998 afﬂi-

267 2026 367 2079 ctis
396 2043 409 2079 :
441 2042 504 2083 ac
528 2031 972 2099 quemadmodum
999 2034 1044 2088 si
1073 2034 1190 2104 quis
1229 2035 1374 2088 solus
1400 2052 1564 2104 grave
1588 2036 1858 2106 quidpiam

268 2118 520 2186 patiatur,
549 2122 748 2176 nullam
778 2123 936 2179 habet
979 2126 1028 2178 in
1072 2128 1210 2180 malo
1230 2127 1644 2182 consolationem
1669 2143 1683 2190 ;
1720 2128 1787 2181 ita
1813 2129 1859 2182 si

267 2210 388 2279 quis
420 2211 656 2268 inveniat
683 2216 842 2270 alium
874 2217 925 2271 in
965 2219 1100 2274 mala
1129 2218 1424 2290 delapsum,
1454 2219 1577 2274 hinc
1608 2220 1857 2276 leviorem

268 2304 542 2371 experitur
565 2307 794 2377 plagam.

334 2393 388 2448 2.
419 2393 491 2450 Ut
517 2397 671 2466 igitur
709 2402 761 2455 in
792 2402 1059 2467 omnibus,
1115 2420 1231 2474 qure
1272 2407 1425 2461 nobis
1453 2407 1676 2462 molesta
1705 2408 1848 2463 acci-

264 2482 527 2552 dunt,non
547 2491 1308 2563 concidamus,Scripturarum
1328 2498 1560 2552 historiis
1579 2500 1858 2569 diligenter

263 2581 602 2636 attendamus
649 2601 662 2637 :
708 2586 930 2640 multam
970 2589 1111 2642 enim
1158 2589 1280 2643 hinc
1322 2593 1588 2660 patientiae
1617 2595 1856 2647 occasio—

268 2685 392 2724 nem
425 2675 804 2742 mutuabimur,
835 2694 938 2731 non
967 2681 1139 2742 solum
1157 2697 1222 2735 ex
1249 2683 1502 2738 societate
1527 2684 1711 2738 eadem
1738 2700 1858 2752 pas-

267 2778 446 2819 sorum
471 2768 887 2825 consolationem
917 2773 1077 2837 nacti,
1110 2774 1203 2828 sed
1225 2774 1397 2829 edocti
1426 2777 1585 2830 etiam
1616 2776 1853 2843 modum,

267 2870 374 2924 quo
395 2857 462 2911 ab
483 2860 731 2913 aerumnis
758 2860 862 2914 illis
885 2861 1193 2929 liberemur,
1216 2873 1269 2919 et
1297 2865 1472 2935 adepti
1502 2867 1856 2936 tranquillita-

270 2955 376 3001 tem
403 2948 593 3003 eodem
638 2952 689 3006 in
735 2962 876 3007 statu
905 2971 1236 3021 maneamus,
1267 2973 1366 3012 nec
1392 2961 1470 3013 vel
1502 2959 1554 3013 in
1596 2960 1854 3016 desidiam

269 3038 530 3106 labamur,
571 3043 656 3098 vel
703 3047 1006 3116 arrogantia
1056 3047 1358 3104 efferamur.
1404 3050 1534 3104 Nam
1561 3052 1702 3122 quod
1732 3067 1855 3107 cum

269 3131 422 3185 malis
443 3132 746 3204 afﬂigimur,
766 3136 985 3192 demissi
1013 3138 1346 3210 humilesque
1375 3143 1562 3209 simus,
1587 3158 1856 3214 magnam—

267 3235 372 3290 que
403 3223 647 3291 pietatem
674 3228 1038 3294 exbibeamus,
1077 3231 1210 3285 nihil
1238 3232 1428 3286 mirum
1461 3251 1472 3286 :
1519 3234 1632 3290 haec
1661 3236 1857 3304 quippe

272 3323 352 3366 est
376 3318 722 3371 tentationum
773 3331 977 3385 natura,
1007 3331 1063 3377 ut
1084 3325 1162 3378 vel
1190 3340 1304 3391 eos,
1344 3327 1432 3396 qui
1460 3327 1666 3400 lapideo
1691 3333 1856 3385 corde

269 3414 410 3471 sunt,
439 3409 503 3462 ad
550 3408 691 3466 hunc
735 3422 928 3467 statum
960 3431 1069 3484 pra:
1107 3415 1396 3472 afﬂictione
1425 3419 1687 3476 deducant
1719 3441 1732 3477 :
1760 3425 1852 3479 sed

269 3499 459 3553 anima:
493 3512 574 3556 est
603 3504 891 3574 religiosae,
935 3506 1204 3575 Deumque
1242 3510 1495 3564 Continuo
1540 3528 1647 3580 prae
1687 3516 1855 3570 oculis

271 3588 533 3657 habentis,
565 3595 723 3649 etiam
775 3607 1052 3667 postquam
1103 3599 1320 3654 liberata
1363 3611 1446 3654 est
1484 3617 1514 3656 a
1547 3606 1854 3659 tentationi-

270 3681 390 3748 bus,
425 3685 477 3738 in
505 3687 826 3742 oblivionem
858 3692 1077 3746 minime
1103 3693 1295 3748 cadere
1325 3695 1503 3763 :quod
1533 3695 1728 3751 Jud;eis
1743 3698 1852 3753 fre-

269 3785 493 3842 quenter
516 3779 727 3832 accidit.
753 3780 927 3848 Quare
954 3782 1182 3838 irridens
1198 3800 1290 3840 eos
1321 3787 1581 3854 propheta
1608 3788 1851 3842 dicebat:

269 3862 392 3918 Cum
419 3868 662 3922 occideret
691 3887 794 3935 eos,
823 3872 1112 3938 qutcrebant
1159 3891 1295 3937 eum,
1327 3885 1374 3928 et
1393 3877 1778 3944 revertebantur,
1810 3891 1856 3934 et

270 3954 494 4009 diluculo
515 3959 769 4014 veniebant
794 3962 861 4014 ad
899 3962 1060 4016 Deum
1086 3964 1252 4034 (Psal.
1281 3967 1367 4020 77.
1396 3966 1508 4038 54).
1542 3969 1603 4021 Et
1647 3969 1854 4041 Moyses

271 4047 458 4102 horum
489 4051 734 4106 conscius
763 4093 778 4118 ,
820 4052 1123 4122 frequenter
1166 4055 1474 4112 hortabatur
1520 4058 1602 4112 his
1631 4061 1805 4115 verbis
1837 4079 1850 4114 :

272 4137 396 4192 Cum
433 4141 732 4208 comederis,
757 4154 802 4197 et
843 4143 1039 4210 biberis,
1073 4155 1118 4198 et
1156 4158 1414 4202 saturatas
1450 4150 1627 4218 fueris,
1656 4153 1857 4206 attende

271 4231 376 4296 tibi,
423 4249 486 4284 ne
527 4233 836 4288 obliviscaris
873 4234 1078 4290 Domini
1109 4237 1210 4302 Dei.
1225 4241 1297 4292 tui
1326 4239 1500 4310 (Deut.
1528 4243 1580 4296 6.
1620 4243 1707 4297 12.
1740 4247 1849 4314 15).

271 4322 401 4377 Illud
449 4326 606 4394 igitur
645 4329 866 4395 evenit:
916 4329 1143 4383 Comedit
1190 4333 1354 4398 enim,
1383 4333 1572 4401 inquit,
1593 4333 1774 4399 Jacob,
1807 4348 1854 4391 et

266 4414 610 4484 impinguatus
640 4427 729 4478 est,
757 4428 803 4471 et
825 4419 1134 4473 incrassatus
1153 4430 1243 4488 est,
1275 4431 1318 4475 et
1344 4423 1677 4478 recalcitravit
1721 4427 1851 4478 dile-

269 4519 376 4557 ctus
401 4504 577 4574 (Deut.
612 4507 699 4562 52.
725 4509 836 4577 15).
869 4510 1223 4577 Quamobrem
1251 4524 1462 4567 sanctos
1488 4531 1592 4569 non
1621 4515 1737 4569 ideo
1757 4517 1855 4570 iiii-

271 4595 376 4648 rari
406 4611 501 4664 par
526 4610 627 4664 est,
655 4600 795 4667 quod
828 4610 1049 4669 urgente
1083 4602 1440 4669 tribulatione,
1467 4607 1535 4658 ita
1562 4607 1633 4675 pii
1660 4615 1714 4660 et
1741 4606 1854 4675 phi-

266 4686 474 4756 losophi
505 4688 736 4754 iuerint;
785 4691 876 4744 scd
903 4692 1042 4759 quod
1067 4702 1327 4747 transacta
1358 4694 1567 4765 hyeme,
1594 4707 1647 4750 et
1686 4698 1850 4752 adve-

268 4778 448 4833 niente
470 4781 874 4849 tranquillitate,
907 4783 958 4835 in
981 4784 1167 4838 eadem
1187 4785 1446 4840 modestia
1473 4787 1852 4856 diligentiaque

270 4874 579 4926 manserint.
617 4875 820 4943 Equum
848 4886 996 4930 certe
1024 4877 1170 4930 illum
1211 4880 1440 4934 maxime
1481 4880 1659 4933 mirari
1690 4897 1851 4949 opor-

267 4973 364 5025 tet,
386 4965 473 5032 qui
521 4965 636 5018 sine
667 4966 815 5019 freno
844 4968 1103 5022 concinne
1131 4970 1230 5022 iter
1264 4967 1438 5024 facere
1469 4978 1641 5038 potest
1668 4986 1683 5034 ;
1708 4971 1850 5040 quod

267 5054 312 5107 si
363 5054 513 5108 freno
539 5055 869 5126 habenisque
897 5061 1206 5128 cogentibus
1237 5061 1422 5116 ordine
1463 5061 1690 5126 incedat,
1720 5063 1851 5117 nihil

269 5147 462 5199 mirum
489 5164 502 5200 :
537 5162 640 5201 non
673 5148 815 5202 enim
853 5151 1196 5219 generositati
1240 5153 1505 5218 animalis,
1536 5153 1630 5208 sed
1658 5169 1850 5209 neces-

268 5239 409 5292 sitati
435 5256 464 5292 a
494 5239 644 5294 freno
667 5241 894 5297 induc-tie
921 5244 1008 5297 illa
1028 5259 1242 5314 gressus
1270 5247 1851 5302 concinnitastribuen-

266 5329 332 5381 da
360 5339 462 5383 est.
492 5330 722 5398 Idipsum
754 5332 819 5385 de
837 5333 1011 5387 anima
1037 5335 1340 5401 dicendum,
1373 5338 1417 5391 si
1453 5338 1682 5392 instante
1707 5347 1848 5392 metu

269 5421 544 5476 moderate
572 5431 713 5493 agat,
745 5424 875 5478 nihil
901 5426 1092 5481 mirum
1123 5443 1242 5483 esse
1270 5444 1284 5493 ;
1316 5445 1437 5484 cum
1467 5439 1642 5486 autem
1675 5439 1850 5485 tenta-

269 5513 444 5568 tiones
471 5515 798 5578 transierint,
823 5525 877 5570 et
903 5518 1108 5573 timoris
1139 5517 1344 5574 frenum
1371 5533 1634 5575 remotum
1667 5521 1844 5589 fuerit,

268 5614 394 5659 tunc
415 5604 545 5659 mihi
565 5606 726 5660 animi
758 5605 1148 5679 philosophiam
1165 5611 1356 5666 exhibe
1376 5653 1390 5678 ,
1413 5626 1733 5682 omnemque
1766 5612 1849 5667 di-

269 5699 576 5768 sciplinam.
630 5698 736 5754 Sed
781 5715 970 5756 vereor
1018 5717 1084 5757 ne
1127 5702 1340 5758 Judaios
1365 5720 1614 5760 accusare
1643 5705 1848 5771 volens,

278 5801 519 5847 nostrum
547 5807 793 5847 accusem
823 5795 943 5848 vitae
974 5794 1268 5850 institutum
1303 5813 1316 5850 :
1344 5797 1770 5868 quandoquidem
1797 5806 1851 5852 et

573 5877 839 5936 PATROL.
888 5879 1004 5936 Gn.
1051 5878 1271 5938 XLIX.

3451 365 3557 420 502

1975 486 2071 525 nos
2097 487 2215 526 cum
2245 472 2660 543 exagitabamur,
2690 475 2862 528 vexati
2891 473 3050 538 fame,
3083 484 3249 544 peste,
3274 477 3554 546 grandine,

1969 561 2228 626 siccitate,
2277 563 2554 629 incendiis,
2587 563 2818 618 hostium
2854 565 3091 632 incursu,
3125 582 3299 619 nonne
3321 567 3557 635 quotidie

1967 651 2194 705 ecclesia
2243 653 2578 709 multitudine
2635 655 3066 709 convenientium
3123 657 3556 726 angustabatur?

1969 750 2099 796 tunc
2144 759 2332 814 magna
2365 745 2515 799 nobis
2556 745 2726 800 inerat
2757 747 3114 818 philosophia,
3137 758 3192 802 et
3218 749 3554 802 smcularium

1967 850 2147 889 rerum
2195 847 2531 908 contemptus
2580 856 2594 893 :
2641 855 2746 894 non
2791 842 3134 911 pecuniarum
3177 843 3393 911 cupido,
3449 859 3555 896 non

1965 927 2148 995 gloria:
2176 927 2521 995 desiderium,
2565 947 2671 984 non
2713 933 2978 1001 appetitus
3003 942 3056 986 et
3099 947 3250 986 amor
3300 933 3551 995 lasciviae,

1966 1033 2139 1087 neque
2185 1020 2321 1073 alius
2355 1037 2548 1090 pravus
2581 1023 2841 1092 cogitatus
2868 1031 2991 1076 tunc
3019 1038 3115 1076 nos
3162 1023 3394 1092 agitabat
3419 1039 3432 1086 ;
3457 1023 3554 1078 sed

1966 1110 2197 1165 universi
2224 1127 2320 1166 vos
2347 1113 2412 1166 ad
2458 1113 2552 1168 Dei
2603 1115 2802 1169 cultum
2842 1114 3140 1169 contulistis
3166 1129 3284 1168 cuni
3312 1115 3554 1170 oratione

1965 1211 2015 1256 et
2046 1203 2311 1276 lacrymis.
2347 1205 2497 1261 Tunc
2527 1205 2820 1260 fornicator
2851 1216 3213 1275 temperanter
3233 1205 3443 1276 agebat,
3473 1206 3562 1259 in"

1960 1295 2219 1365 juriarum
2285 1313 2490 1352 memor
2543 1298 2609 1352 ad
2656 1298 3143 1352 reconciliationem
3191 1297 3507 1366 properabat
3536 1337 3554 1358 .

1964 1404 2156 1443 avarus
2185 1389 2250 1444 ad
2279 1390 2671 1462 eleemosynam
2697 1390 3028 1455 ﬂectebatur,
3057 1389 3341 1444 iracundus
3366 1397 3420 1443 et
3443 1397 3554 1442 tru-

1966 1482 2208 1536 culeutus
2228 1481 2293 1536 ad
2323 1481 2673 1536 humilitatem
2695 1491 2750 1536 et
2776 1482 3233 1536 mansuetudinem
3265 1488 3552 1536 converte-

1965 1573 2141 1629 batur.
2170 1574 2454 1641 Postquam
2484 1585 2659 1630 autem
2695 1576 2831 1630 Dens
2861 1575 2996 1629 iram
3026 1574 3166 1629 illam
3192 1574 3458 1641 deposuit,
3490 1589 3552 1628 ae

1965 1665 2251 1733 procellam
2274 1665 2468 1736 abegit,
2495 1676 2655 1736 atque
2684 1677 2802 1736 post
2824 1675 3001 1722 tantos
3026 1666 3219 1722 ﬂuctus
3245 1667 3550 1737 tranquilli-

1967 1762 2130 1809 tatem
2162 1756 2363 1825 paravit
2389 1798 2402 1820 ,
2427 1757 2491 1811 ad
2521 1758 2776 1826 pristinos
2810 1758 3001 1813 iterum
3027 1773 3206 1812 mores
3231 1759 3430 1812 reversi
3457 1773 3550 1812 su-

1966 1863 2105 1902 mus.
2143 1849 2301 1917 Atqui
2331 1849 2385 1902 in
2418 1850 2534 1918 ipso
2561 1851 2912 1905 tentationum
2946 1860 3186 1918 tempore
3213 1851 3325 1906 lizec
3357 1851 3551 1920 pra-di—

1964 1954 2086 1992 cere
2107 1948 2162 1993 et
2189 1940 2459 1995 testiﬁcari
2491 1957 2596 1995 non
2619 1941 2939 1998 desistebam
2968 1961 2980 1996 :
3009 1952 3246 1997 attamen
3268 1942 3399 1997 nihil
3427 1958 3550 2011 pro—

1967 2031 2224 2097 fecimus;
2271 2033 2362 2087 sed
2392 2033 2535 2088 velut
2575 2034 2840 2088 somnium
2871 2043 2925 2089 et
2972 2035 3215 2089 umbram
3268 2043 3548 2089 transeun-

1967 2136 2091 2191 tem,
2119 2125 2196 2180 sic
2221 2126 2307 2179 illa
2330 2126 2504 2180 omnia
2527 2128 2592 2182 ab
2618 2129 2808 2182 animis
2843 2129 3034 2182 vestris
3053 2128 3375 2183 removistis.
3422 2127 3551 2182 Pro-

1967 2227 2144 2285 pterea
2169 2234 2307 2272 nunc
2322 2219 2484 2274 timeo
2500 2221 2638 2289 plus,
2656 2237 2811 2290 quam
2837 2231 2962 2276 tunc
2987 2222 3308 2287 metuebam,
3331 2230 3386 2276 et
3409 2221 3550 2291 quod

1965 2317 2091 2362 tunc
2119 2307 2383 2375 dicebam,
2418 2325 2557 2363 nunc
2576 2311 2743 2380 magis
2762 2309 3010 2376 formido,
3044 2327 3112 2366 ne
3140 2311 3386 2381 graviora
3408 2311 3553 2380 prio-

1963 2399 2112 2451 rilius
2161 2399 2314 2454 nobis
2341 2399 2670 2455 attrahamus
2697 2402 2831 2455 mala
2861 2443 2878 2469 ,
2911 2410 3139 2471 tuncque
3170 2402 3376 2472 plagam
3404 2402 3551 2456 incu-

1963 2488 2182 2543 rabilem
2209 2504 2238 2542 a
2267 2489 2376 2544 Deo
2401 2491 2746 2560 accipiamus.
2773 2491 2910 2546 Cum
2931 2493 3072 2547 enim
3101 2495 3218 2562 quis
3244 2493 3552 2564 frequenter

1964 2595 2190 2649 peccans
2210 2595 2238 2634 a
2267 2581 2378 2636 Deo
2408 2583 2614 2636 veniam
2641 2584 3002 2653 consequitur,
3032 2593 3086 2638 et
3118 2592 3300 2653 postea
3323 2585 3453 2638 nihil
3476 2585 3543 2638 ab

1961 2671 2224 2741 ejusmodi
2267 2673 2546 2728 tolerantia
2581 2674 2671 2729 Dei
2703 2675 2939 2730 Iucratur
2965 2676 3028 2729 ad
3060 2677 3349 2746 nequitiam
3379 2676 3546 2746 depo-

1963 2762 2214 2828 nendam,
2246 2763 2459 2818 demum
2494 2765 2564 2817 ita
2589 2780 2711 2818 cum
2740 2765 2829 2820 illo
2859 2766 2966 2835 agit
3004 2767 3165 2832 Deus,
3197 2775 3254 2820 ut
3282 2767 3362 2822 vel
3385 2767 3549 2820 invito

1964 2855 2040 2908 illi
2069 2855 2333 2912 malorum
2364 2857 2720 2927 coloiihonem
2765 2859 3036 2924 immittat,
3063 2873 3292 2929 eumque
3337 2860 3549 2929 penitus

1961 2958 2219 3014 conterat,
2271 2965 2447 3019 neque
2491 2952 2629 3005 ultra
2682 2951 2757 3004 illi
2800 2950 3037 3006 inducias
3083 2950 3149 3005 ad
3182 2953 3546 3020 paenitentiam

1961 3038 2236 3103 concedat,
2265 3040 2406 3108 quod
2436 3049 2491 3095 et
2533 3040 2632 3108 ipsi
2680 3040 2942 3095 Pharaoni
2990 3042 3230 3110 contigit.
3263 3042 3365 3097 Ubi
3405 3043 3546 3096 enini

1963 3130 2147 3199 priori,
2204 3130 2459 3194 secunda,
2491 3131 2662 3195 tertia,
2697 3140 2883 3200 quarta
2927 3132 3149 3201 aliisque
3195 3133 3543 3201 sequentibus

1963 3223 2151 3292 plagis,
2184 3222 2275 3276 Dei
2311 3222 2764 3292 Ionganimitatem
2807 3231 3058 3292 expertus
3084 3265 3098 3288 ,
3130 3223 3262 3277 nihil
3293 3223 3416 3278 hinc
3443 3225 3546 3276 uti-

1961 3313 2127 3369 litatis
2153 3315 2467 3383 accepisset,
2503 3314 2716 3367 attritus
2759 3312 2972 3367 demum
3018 3323 3100 3368 est
3127 3329 3246 3368 cum
3270 3323 3378 3368 tota
3421 3314 3546 3368 civi-

1961 3417 2088 3474 tate,
2124 3407 2466 3476 funditusque
2516 3405 2743 3461 deletus.
2800 3404 3033 3474 Idipsum
3086 3417 3139 3459 et
3185 3405 3354 3460 Judaei
3404 3407 3546 3473 passi

1961 3510 2104 3557 sunt.
2135 3500 2492 3568 Quamobrem
2525 3497 2770 3553 Christus
2797 3489 2915 3553 cum
2944 3513 3036 3551 eos
3059 3497 3360 3566 perditurus
3387 3497 3548 3551 vasti.

1963 3605 2230 3665 tatemque
2269 3593 2398 3662 ipsis
2444 3600 2751 3662 perpetuam
2775 3590 3085 3644 inducturus
3115 3599 3275 3652 esset,
3300 3589 3378 3644 sic
3397 3589 3545 3644 dice-

1963 3686 2051 3738 bat
2079 3701 2092 3736 :
2137 3685 2340 3750 Quoties
2384 3683 2519 3736 volui
2562 3697 2865 3752 congregare
2881 3681 3014 3748 ﬁlios
3036 3690 3168 3745 tuos,
3193 3689 3238 3732 et
3265 3680 3502 3734 noluistis
3521 3681 3548 3733 .’

1963 3776 2095 3830 Erce
2119 3777 2426 3846 relinquetur
2454 3776 2632 3828 domus
2660 3783 2820 3828 vestra
2866 3773 3062 3826 deserta
3089 3771 3238 3845 (Luc.
3289 3773 3378 3826 15.
3429 3773 3540 3832 54).

1962 3869 2147 3922 Timeo
2192 3867 2349 3936 igitur
2394 3881 2461 3921 ne
2514 3882 2610 3920 nos
2649 3879 2861 3936 quoque
2902 3863 3088 3918 eadem
3120 3864 3230 3932 ipsa
3263 3863 3544 3932 patiamur,

1962 3961 2083 4028 quia
2111 3975 2209 4012 nec
2237 3957 2442 4020 alienis,
2473 3973 2570 4010 nec
2613 3956 2809 4010 nostris
2845 3955 3001 4009 malis
3023 3953 3089 4007 ad
3121 3953 3397 4008 meliorem
3432 3952 3545 4006 fru-

1961 4066 2080 4119 gem
2133 4048 2455 4103 reducimnr.
2504 4047 2618 4101 Non
2644 4047 2799 4101 vobis
2827 4047 2998 4102 solum
3029 4059 3169 4099 nunc
3199 4044 3548 4114 prmsentibus

1963 4142 2077 4195 huic
2105 4141 2244 4204 dico,
2277 4139 2369 4193 sed
2418 4139 2482 4192 iis
2518 4140 2698 4201 etiam,
2727 4138 2814 4207 qui
2845 4153 2873 4191 a
2915 4137 3219 4207 quotidiana
3267 4137 3542 4206 diligentia

1962 4233 2212 4286 abstracti
2261 4238 2403 4298 sunt,
2436 4239 2488 4285 et
2526 4231 2761 4300 priorum
2792 4230 3151 4283 calamitatum
3184 4228 3333 4283 obliti
3366 4245 3378 4280 :
3409 4243 3544 4297 quos

1963 4340 2065 4379 non
2094 4325 2366 4379 cessabam
2410 4338 2642 4391 semper,
2668 4338 2754 4376 me
2798 4322 2970 4391 ipsum
3000 4321 3150 4390 quasi
3180 4321 3540 4390 disrumpens,

1962 4417 2039 4470 sic
2067 4417 2260 4486 alloqui
2295 4431 2311 4470 :
2361 4415 2582 4470 Etiamsi
2613 4413 2929 4469 tentationes
2954 4415 3280 4480 transierint,
3331 4423 3544 4468 maneat

1962 4508 2012 4561 in
2042 4508 2232 4562 animis
2260 4507 2450 4561 vestris
2478 4507 2824 4561 tentationum
2877 4507 3158 4570 memoria,
3203 4514 3260 4559 ut
3301 4505 3545 4560 beneficii

1961 4601 2266 4666 frequenter
2319 4597 2682 4661 recordantes,
2731 4598 2928 4668 gratias
2967 4607 3225 4667 perpetuo
3251 4599 3544 4653 referamus

1961 4692 2086 4746 illud
2113 4691 2403 4744 conferenti
2431 4692 2560 4744 Deo.

2031 4785 2081 4838 5.
2129 4783 2305 4837 Sancti
2324 4798 2480 4851 neque
2507 4782 2764 4846 cei-amnis,
2785 4799 2943 4850 neque
2970 4783 3198 4837 secundis
3222 4781 3369 4836 rebus
3397 4781 3542 4851 fran-

1959 4885 2162 4945 guntur.
2189 4905 2262 4917 —-
2288 4875 2410 4928 II:cc
2438 4884 2490 4927 et
2521 4883 2644 4928 tunc
2677 4874 2939 4939 dicebam,
2971 4884 3024 4928 et
3054 4890 3191 4928 nunc
3220 4875 3340 4928 dico
3367 4876 3540 4943 vobis,

1959 4983 2021 5021 ac
2052 4983 2145 5037 per
2174 4982 2270 5020 vos
2313 4967 2431 5020 illis.
2467 4965 2740 5019 Imitemur
2766 4977 2995 5027 sanctos.
3027 4966 3115 5034 qui
3145 4982 3314 5036 neque
3340 4982 3368 5019 a
3395 4968 3538 5021 cala-

1961 5059 2228 5114 mitatibus
2249 5059 2480 5128 absorpti
2504 5066 2646 5124 sunt,
2676 5073 2846 5126 neque
2873 5058 3117 5112 secundis
3145 5059 3303 5113 rebus
3334 5059 3541 5113 mollio-

1961 5165 2045 5204 res
2074 5165 2310 5214 evasere,
2356 5159 2412 5202 ut
2438 5150 2738 5217 complures
2785 5147 3057 5202 hominum
3101 5164 3243 5203 nunc
3283 5150 3539 5212 facimus;

1957 5241 2094 5295 sicut
2119 5239 2342 5294 leviores
2381 5241 2604 5309 cymbae,
2642 5255 2758 5308 quae
2802 5240 3036 5309 qualibet
3072 5241 3422 5308 procellarum
3456 5241 3540 5293 iii-

1957 5342 2180 5402 gruente
2231 5332 2278 5383 vi
2321 5331 2694 5384 circumventae
2741 5329 3139 5400 demerguntur.
3204 5331 3331 5384 Nam
3395 5345 3540 5399 sa'pe

1961 5434 2242 5494 paupertas
2268 5424 2518 5493 ingruens
2544 5439 2643 5477 nos
2673 5425 2724 5477 in
2766 5425 3081 5493 profundum
3120 5423 3315 5492 dejecit
3341 5438 3403 5478 ac
3443 5423 3540 5475 de-

1959 5517 2142 5572 mersit
2171 5535 2184 5569 :
2213 5517 2507 5586 iterumque
2534 5515 2812 5570 afﬂuentes
2838 5515 3033 5571 divitia:
3073 5530 3171 5569 nos
3197 5512 3534 5576 inﬂaverunt,

1957 5621 2010 5664 et
2039 5611 2090 5665 in
2131 5619 2422 5665 extremam
2463 5609 2733 5665 deduxere
2769 5610 3159 5680 negligentiam.
3207 5607 3537 5677 Quapropter

1958 5717 2109 5773 rogo,
2140 5703 2315 5757 omnia
2345 5702 2724 5771 relinquentes,
2756 5703 2961 5757 animas
2980 5711 3188 5757 nostras
3213 5701 3278 5755 ad
3309 5699 3536 5754 salutem

1957 5795 2147 5866 singuli
2187 5809 2607 5866 componamus:
2639 5795 2737 5851 hac
2773 5795 2913 5852 enim
2956 5793 3091 5850 bene
3129 5807 3248 5847 sese
3289 5789 3538 5850 habente.

3132 5882 3204 5941 19
