4046 6396
467 339 570 396 503

460 454 838 525 quodcumque
876 454 1082 526 ingruct
1111 455 1255 520 mali,
1298 456 1411 511 sive
1453 456 1640 520 fames,
1670 468 1765 510 seu
1803 456 2042 519 morbus,

459 557 555 598 seu
587 545 954 616 sycophantia,
984 559 1079 598 seu
1112 545 1451 614 pecuniarum
1495 545 1722 616 direptio
1741 587 1756 611 ,
1785 559 1879 600 seu
1909 543 2052 598 aliud

460 634 696 703 quidvis,
727 635 1002 689 tolerabile
1027 636 1130 689 erit
1174 649 1237 690 ac
1279 634 1395 690 leve
1437 643 1654 704 propter
1679 635 1888 689 Domini
1920 649 2056 704 prte-

461 735 680 796 ceptum
709 742 773 782 ac
798 741 969 797 spem,
996 742 1153 798 quam
1197 728 1250 781 in
1283 727 1429 781 illum
1460 727 1719 782 habemus
1751 744 1765 781 :
1797 723 2056 797 quemad-

463 816 688 872 modum
713 833 896 872 rursus
921 819 1096 873 anima
1125 833 1248 887 erga
1279 819 1446 873 Deum
1471 833 1577 873 non
1603 826 1749 873 recte
1777 817 2055 888 diSposita,

459 907 562 962 etsi
594 908 790 963 divitiae
820 909 1064 975 afﬂuant,
1095 909 1272 964 adsint
1300 909 1474 976 liberi,
1505 910 1870 980 immensaque
1899 924 2060 979 pecu-

465 998 575 1066 nia,
627 1014 848 1070 magnos
886 1001 987 1054 sibi
1025 1015 1288 1055 mmrores
1320 1010 1374 1054 et
1411 1000 1794 1055 sollicitudines
1829 998 2061 1053 attrahet

467 1092 552 1159 is,
606 1093 696 1164 qui
746 1093 955 1148 illorum
1004 1094 1222 1162 potitur.
1266 1092 1344 1148 Ne
1380 1093 1560 1163 itaque
1600 1092 1812 1147 divitias
1853 1106 2062 1162 quarm-

468 1198 608 1251 mus,
637 1199 706 1239 ne
736 1193 1100 1254 paupertatem
1129 1183 1423 1255 fugiamus;
1447 1185 1541 1240 sed
1562 1201 1671 1255 pra:
1692 1185 1938 1240 omnibus
1965 1199 2064 1238 no-

471 1286 636 1331 stram
665 1277 854 1347 singuli
886 1292 1134 1332 curemus
1157 1277 1412 1343 animam,
1441 1293 1666 1347 eamque
1689 1277 1931 1332 idoneam
1963 1293 2060 1347 pa-

475 1386 655 1426 remus
683 1381 792 1425 tum
816 1371 880 1425 ad
907 1371 1184 1441 praesentis
1206 1372 1329 1426 vitae
1357 1371 1830 1442 dispensationem,
1855 1381 1963 1426 tum
1995 1371 2061 1426 ad

472 1461 770 1534 profectum
796 1479 862 1518 ex
894 1463 993 1518 hac
1015 1464 1120 1518 vita
1159 1463 1226 1518 ad
1255 1464 1503 1519 futuram.
1549 1462 1738 1518 Adhuc
1765 1463 1908 1518 enim
1950 1478 2067 1518 mo-

473 1555 677 1620 dicum,
707 1564 760 1608 et
788 1555 1029 1625 probatio
1057 1555 1472 1626 uniuscujusque
1511 1565 1752 1610 nostrum
1793 1554 1904 1620 fiet,
1943 1571 2065 1610 cum

479 1659 666 1700 omnes
711 1645 1042 1700 adstabimus
1098 1657 1223 1702 ante
1275 1647 1599 1702 horrendum
1658 1647 1790 1701 illud
1838 1647 2068 1702 tribunal

483 1734 686 1790 Christi
712 1737 941 1806 propriis
965 1737 1262 1792 actionibus
1287 1738 1620 1806 circumdati,
1649 1746 1704 1793 et
1739 1739 1966 1809 propriis
1987 1740 2070 1793 vi-

479 1827 669 1883 dentes
705 1829 874 1884 oculis
900 1869 915 1893 ,
939 1829 1063 1884 hinc
1098 1830 1362 1900 lacrymas
1386 1829 1727 1900 pupillorum,
1748 1829 1871 1886 inde
1890 1838 2070 1899 turpes

484 1920 750 1987 lascivias,
773 1921 966 1990 quibus
993 1923 1198 1976 animas
1238 1929 1449 1977 nostras
1477 1923 1898 1992 inquinavimus;
1921 1925 2072 1978 item-

480 2025 586 2080 que
629 2010 908 2066 viduarum
960 2015 1211 2082 gemitus,
1265 2015 1482 2085 inopum
1528 2016 1802 2085 colaphos,
1859 2018 2072 2086 rapinas

482 2115 806 2172 pauperum;
838 2119 942 2158 non
971 2104 1087 2159 lucc
1113 2116 1288 2160 autem
1319 2105 1489 2160 solum
1517 2113 1575 2161 et
1615 2106 1698 2162 his
1732 2107 1948 2175 similia,
1979 2111 2072 2163 sed

481 2193 644 2248 etiam
669 2194 714 2248 si
742 2195 870 2264 quid
909 2210 1130 2265 pravum
1163 2207 1341 2252 mente
1378 2197 1598 2253 fecimus
1633 2217 1647 2253 :
1676 2200 1925 2269 quoniam
1961 2201 2075 2270 ipse

483 2291 567 2337 est
588 2283 960 2354 Cogitationum
985 2287 1250 2352 discretor,
1281 2296 1327 2341 et
1350 2289 1681 2342 intentionum
1697 2290 1865 2359 judea:
1886 2289 2070 2362 (Hebr.

483 2375 541 2428 4.
566 2375 694 2448 12);
746 2392 808 2432 ac
840 2393 1075 2443 rursum,
1109 2379 1360 2435 Scrutans
1387 2381 1544 2434 corda
1572 2390 1621 2435 et
1646 2399 1790 2436 rencs
1820 2381 1992 2455 (Psal.
2019 2384 2074 2438 7.

487 2466 602 2540 10),
629 2476 702 2534 et,
724 2467 958 2524 Reddens
976 2471 1248 2542 unicuique
1261 2471 1534 2526 secundum
1553 2489 1680 2544 opus
1693 2489 1842 2528 suum
1860 2472 2073 2547 (Matth.

488 2559 578 2614 ιδ.
607 2558 722 2630 27).

568 2648 702 2705 Vera
726 2651 986 2722 uirginitas
1013 2667 1146 2722 quae.
1209 2682 1281 2694 —
1309 2653 1406 2710 llic
1430 2667 1592 2726 porro
1628 2671 1808 2712 sermo
1843 2674 1947 2713 non
1986 2673 2080 2714 eos

489 2740 664 2796 solum
694 2742 928 2812 respicit,
949 2745 1035 2813 qui
1063 2744 1113 2798 in
1131 2745 1325 2800 saeculo
1337 2745 1537 2811 vivunt,
1557 2747 1650 2802 sed
1673 2750 1833 2803 etiam
1855 2763 1968 2813 eos,
1991 2750 2079 2819 qui

493 2833 804 2887 monasticae
842 2835 966 2888 vita:
994 2850 1150 2889 causa
1184 2838 1390 2906 tuguria
1417 2837 1517 2892 sibi
1548 2839 1602 2892 in
1631 2839 1900 2894 montibus
1935 2849 2080 2894 stru-

490 2932 686 2978 xerunt
715 2941 730 2978 :
757 2924 878 2994 quia
906 2941 1010 2980 non
1041 2927 1202 2981 modo
1227 2943 1451 2998 corpora
1491 2943 1583 2984 sua
1628 2930 1695 2985 ab
1723 2932 1868 2985 omni
1913 2930 2082 2986 forni-

490 3013 718 3069 cationis
743 3015 860 3070 labe
886 3032 1014 3086 pura
1047 3027 1264 3074 servent
1300 3029 1527 3088 Oportet,
1561 3020 1655 3075 sed
1680 3030 1734 3074 et
1760 3023 1990 3076 animam
2017 3024 2084 3078 ab

492 3104 640 3158 omni
670 3107 902 3160 satanica
929 3106 1158 3162 habendi
1188 3110 1496 3179 cupiditate.
1525 3109 1640 3166 Non
1667 3112 1807 3166 enim
1837 3114 2085 3169 mulieres

474 3203 702 3250 tantum
732 3197 1022 3267 alloquitur
1060 3199 1255 3255 Paulus
1281 3203 1573 3271 apostolus,
1611 3202 1705 3258 sed
1746 3205 1903 3258 etiam
1942 3207 2086 3259 viros

496 3287 907 3359 universamque
936 3291 1252 3358 Ecclesiam,
1295 3309 1415 3348 cum
1446 3293 1574 3348 dicit
1611 3295 1843 3350 animam
1888 3296 1941 3350 in
1977 3298 2088 3351 vir-

494 3379 715 3448 ginitate
745 3392 1170 3450 perseverantem
1193 3393 1440 3454 oportere
1460 3394 1697 3440 sanctam
1719 3402 1839 3442 esse
1860 3402 2087 3458 corpore

496 3478 552 3523 et
572 3470 756 3539 spiritu
785 3469 862 3540 (l.
884 3470 1000 3525 Cor.
1029 3473 1081 3527 7.
1106 3474 1198 3544 54)
1219 3490 1233 3539 ;
1255 3489 1318 3529 ac
1347 3491 1578 3543 rursum,
1613 3475 1857 3533 Exhibete
1878 3495 2092 3549 corpora

499 3571 666 3613 uestra
689 3562 929 3632 virginem
955 3575 1145 3618 castam
1171 3567 1228 3634 (2
1254 3564 1468 3622 Cor.ll.
1485 3567 1776 3638 2).Castam
1797 3571 2092 3640 quomodo?

501 3649 628 3706 Non
684 3653 946 3707 habentem
986 3658 1238 3710 maculam
1283 3659 1358 3711 vel
1395 3676 1572 3730 rugam
1607 3660 1821 3733 (Ephes.
1870 3653 1923 3717 5.
1973 3662 2090 3734 27).

501 3743 940 3815 Quandoquidem
971 3747 1201 3817 virgines
1233 3750 1354 3814 illas,
1380 3767 1498 3820 quae
1516 3754 1804 3809 exstinctas
1825 3753 2095 3811 habebant

502 3833 775 3904 lampades
802 3835 1012 3904 (Matth.
1045 3837 1136 3893 25.
1175 3839 1227 3894 8.
1259 3849 1302 3894 et
1324 3840 1481 3914 sqq.),
1511 3843 1745 3914 virgines
1778 3854 1932 3901 erant
1971 3863 2093 3902 cor-

505 3941 655 3993 pore,
697 3926 792 3982 sed
836 3943 940 3982 non
971 3929 1131 3985 corde
1170 3945 1353 4000 purae;
1400 3949 1583 3990 verum
1631 3939 1838 3992 tametsi
1884 3939 1967 3993 vir
2004 3956 2097 3996 eas

509 4029 618 4070 non
667 4026 1015 4088 corruperat,
1070 4029 1124 4076 at
1179 4022 1520 4091 pecuniarum
1566 4041 1719 4080 amor
1764 4038 2090 4098 corruperat.

508 4106 718 4177 Corpus
745 4124 928 4164 earum
971 4127 1162 4181 purum
1188 4123 1320 4178 erat,
1367 4115 1460 4169 sed
1490 4117 1666 4172 anima
1702 4118 1963 4175 adulterio
2003 4121 2099 4174 ad-

511 4198 727 4254 modum
754 4200 931 4271 plena,
963 4206 1139 4271 pravis
1158 4206 1561 4275 cogitationibus
1583 4223 1673 4263 eas
1695 4211 2096 4280 occupantibus,

518 4291 757 4358 pecunia:
787 4292 910 4346 item
938 4308 1142 4362 amore,
1180 4296 1586 4365 inhumanitate,
1635 4300 1734 4366 ira,
1769 4300 1984 4368 invidia,
2007 4303 2102 4356 de-

513 4380 676 4448 sidia,
717 4382 1020 4452 oblivione,
1065 4387 1332 4456 superbia,
1376 4389 1621 4444 omnibus
1660 4391 1860 4460 pariter
1884 4394 2101 4463 virgini-

517 4475 641 4530 tatis
681 4489 863 4530 earum
905 4476 1214 4549 dignitatem
1245 4480 1702 4538 labefactantibus.
1743 4484 1869 4540 Ideo
1895 4486 2103 4541 dicebat

514 4564 749 4622 Paulus:
781 4567 849 4622 Ut
887 4570 1024 4640 virgo
1050 4570 1115 4624 sit
1151 4583 1325 4625 sancta
1353 4589 1566 4644 corpore
1604 4583 1652 4629 et
1676 4576 1859 4646 spiritu
1882 4575 1957 4649 (l.
1981 4577 2100 4633 Cor.

519 4657 573 4710 7.
603 4659 729 4730 Si);
755 4667 810 4714 et
839 4660 1052 4729 iterum,
1105 4661 1358 4734 Virginem
1396 4677 1588 4720 castam
1630 4667 1861 4722 exhibere
1903 4669 2103 4725 Christo

519 4750 598 4821 (2.
625 4751 742 4807 Cor.
774 4755 860 4808 Η.
885 4754 966 4826 2).
995 4755 1451 4823 Quemadmodum
1479 4761 1621 4814 enim
1641 4776 1835 4832 corpus
1873 4761 2104 4818 fornica-

522 4842 666 4899 tione
705 4847 1082 4916 corrumpitur,
1131 4850 1202 4905 ita
1244 4859 1298 4906 et
1339 4851 1516 4906 anima
1560 4868 1589 4905 a
1630 4854 1878 4910 satanicis
1903 4857 2106 4925 cogita-

523 4934 757 4990 tionibus
787 4935 1036 5004 fcedatur,
1074 4955 1104 4994 a
1129 4942 1394 5011 corruptis
1422 4943 1776 5013 dogmatibus,
1808 4945 1876 5000 ab
1915 4946 2106 5001 absur-

521 5027 606 5081 dis
620 5030 1050 5098 cogitationibus.
1076 5031 1207 5087 Nam
1236 5035 1326 5104 qui
1354 5034 1504 5101 dicit,
1538 5035 1697 5105 Virgo
1716 5050 1832 5090 sum
1861 5052 2105 5107 corpore,

525 5119 702 5174 anima
727 5135 856 5175 vero
882 5121 1086 5178 invidet
1115 5123 1289 5190 fratri,
1318 5125 1404 5180 hic
1433 5127 1582 5196 virgo
1609 5144 1715 5181 non
1741 5138 1823 5182 est
1849 5146 1862 5182 :
1890 5130 2109 5199 virgini-

525 5222 689 5267 tatem
712 5213 852 5267 enim
884 5213 997 5283 ejus
1034 5217 1241 5271 vitiavit
1266 5217 1451 5272 livoris
1476 5219 1805 5274 commixtio.
1840 5219 1969 5274 Item
1999 5221 2113 5275 ina-

525 5303 611 5358 nis
660 5305 843 5374 gloria:
890 5315 1164 5377 appetens,
1212 5324 1318 5363 non
1368 5317 1454 5364 est
1504 5311 1653 5382 virgo
1696 5329 1710 5366 :
1755 5313 2108 5383 virginitatem

525 5397 725 5465 quippe
754 5397 870 5465 ejus
905 5400 1142 5468 corrupit
1188 5399 1367 5455 livoris
1396 5402 1586 5471 cupido
1615 5421 1628 5458 :
1661 5403 1856 5458 etenim
1894 5405 2110 5460 morbus

529 5486 620 5541 ille
664 5488 826 5541 animi
882 5489 1170 5559 ingressus,
1221 5491 1338 5560 ejus
1387 5493 1740 5562 virginitatem
1780 5494 1962 5548 solvit.
2011 5496 2111 5562 Qui

530 5591 661 5632 vero
684 5579 797 5634 odit
824 5578 1043 5636 fratrem
1070 5598 1246 5650 suum,
1278 5585 1368 5639 ille
1410 5584 1674 5641 homicida
1718 5587 1913 5657 potius,
1953 5603 2110 5658 quam

532 5667 683 5736 virgo
708 5681 809 5726 est.
838 5670 1012 5742 thue
1053 5674 1356 5729 summatim
1384 5675 1579 5742 dicam,
1618 5677 1842 5748 quisque
1877 5693 1968 5744 eo,
2005 5693 2112 5749 quo

537 5764 747 5815 tenetur
771 5763 934 5819 animi
973 5765 1161 5822 morbo
1178 5805 1195 5833 ,
1219 5765 1575 5840 virginitatem
1615 5782 1762 5824 suam
1787 5771 2103 5841 corrumpit.

1170 343 1226 399 S.
1267 340 1546 399 JOANNIS
1584 338 2057 398 CHRYSOSTOMI
2096 339 2414 404 ARCHIEP.
2456 342 2998 404 CUNSTANTINOP.

3631 342 3737 396 505

2160 452 2364 510 Idcirco
2411 453 2604 512 Paulus
2651 455 2814 512 hasce
2861 470 3048 526 pravas
3100 469 3284 510 omnes
3336 454 3743 510 commixtioncs

2158 545 2340 616 abigit,
2391 560 2550 619 atque
2591 549 2743 618 jubet
2785 564 2884 604 nos
2937 549 3006 602 ita
3052 547 3284 618 virgines
3328 562 3470 613 esse,
3516 556 3576 601 ut
3618 549 3740 602 nul-

2161 635 2262 689 lam
2291 639 2610 693 contrariam
2638 640 3013 710 cogitationem
3042 638 3098 693 in
3127 638 3301 694 anima
3336 648 3528 710 Sponte
3568 640 3744 693 suscio

2164 743 2388 797 ptamus.

2233 820 2288 874 4.
2316 820 2450 887 Quid
2478 821 2638 893 igitur
2661 823 2727 878 ad
2776 822 2890 879 hmc
2921 822 3199 878 dicemus?
3240 821 3504 893 quomodo
3539 822 3751 876 miseri-

2163 909 2398 964 cordiam
2442 913 2874 982 consequemur?
2901 912 3167 983 quomodo
3208 912 3470 967 salutem?
3513 913 3625 982 Ego
3668 911 3752 965 di-

2167 1017 2284 1058 cam
2309 1021 2322 1058 :
2353 1003 2648 1058 orationem
2693 1003 2744 1057 in
2775 1003 2936 1059 corde
2961 1019 3172 1073 semper
3206 1002 3576 1073 suscipiamus,
3602 1002 3752 1072 ejus-

2166 1110 2270 1163 que
2295 1093 2519 1160 fructus,
2555 1110 2749 1164 nempe
2789 1095 3162 1163 humilitatem,
3185 1105 3240 1151 et
3267 1095 3750 1160 mansuetudinem;

2170 1184 2359 1239 Discite
2389 1185 2552 1250 enim,
2583 1185 2770 1256 inquit,
2798 1202 2831 1239 a
2856 1203 2935 1239 me
2975 1187 3093 1257 quia
3138 1186 3273 1241 mitis
3310 1203 3423 1242 sum
3465 1195 3512 1240 et
3549 1185 3754 1240 humilia

2168 1277 2336 1341 corde,
2368 1284 2414 1330 et
2441 1277 2698 1330 invenietis
2712 1278 2930 1348 requiem
2950 1278 3213 1331 animabus
3237 1279 3407 1331 vestris
3432 1275 3644 1347 (Matth.
3667 1278 3755 1330 Η.

2171 1367 2295 1436 29);
2326 1384 2645 1438 rursumque
2668 1367 2836 1423 David
2861 1385 2875 1422 :
2904 1368 3228 1437 Sacriﬁcium
3266 1368 3376 1423 Deo
3399 1370 3609 1440 spiritus
3633 1386 3756 1422 con-

2172 1459 2438 1514 tribulatus
2467 1475 2486 1514 :
2512 1477 2600 1514 cor
2623 1462 2892 1515 contritum
2920 1471 2968 1516 et
2994 1463 3312 1516 humiliatum
3342 1460 3480 1518 Deus
3523 1479 3627 1516 non
3667 1463 3782 1516 de-'

2171 1553 2346 1622 spiciet
2368 1551 2486 1623 (Ps.
2515 1552 2604 1608 50.
2637 1553 2751 1624 19).
2778 1551 2919 1607 Nihil
2947 1555 3090 1608 enim
3131 1554 3199 1608 ita
3244 1554 3385 1608 Deus
3417 1554 3762 1623 amplectitur

2172 1655 2226 1699 ct
2261 1657 2424 1711 amat,
2463 1653 2521 1700 ut
2565 1645 2799 1700 animam
2841 1647 3021 1701 mitem
3072 1655 3128 1700 et
3169 1645 3425 1700 humilem
3451 1654 3506 1700 et
3531 1655 3757 1715 gratam.

2177 1734 2410 1790 Advertc
2441 1737 2600 1805 igitur
2619 1745 2673 1791 et
2699 1745 2774 1802 tu,
2806 1735 3000 1802 frater;
3029 1750 3150 1791 cum
3181 1737 3306 1806 quid
3333 1737 3760 1805 inexspectatum

2181 1827 2275 1880 tibi
2306 1826 2558 1881 acciderit
2603 1828 3006 1898 molestiamque
3049 1829 3264 1896 crearit,
3308 1844 3376 1884 ne
3411 1829 3477 1884 ad
3518 1831 3765 1884 homines

2176 1918 2472 1989 confugias,
2501 1935 2568 1974 ne
2593 1920 2660 1974 ad
2687 1921 2911 1975 mortale
2939 1921 3198 1975 auxilium
3225 1922 3512 1992 respicias;
3537 1923 3630 1976 sed
3658 1938 3768 1976 omo

2178 2027 2275 2066 nes
2296 2021 2682 2078 transcurrens,
2713 2023 2892 2068 mente
2931 2023 3020 2068 tua
3061 2013 3127 2068 ad
3164 2016 3458 2068 animarum
3498 2014 3766 2068 medicum

2181 2112 2232 2156 te
2260 2101 2464 2157 confer.
2493 2101 2625 2157 Nam
2662 2103 2777 2172 ipse
2806 2103 2952 2157 solus
2976 2103 3124 2158 cordi
3156 2104 3417 2158 medelam
3447 2103 3643 2158 afferre
3670 2121 3768 2172 po—

2181 2202 2303 2257 test,
2331 2195 2422 2264 qui
2469 2195 2620 2249 tinxit
2662 2195 2970 2264 singillatim
3015 2195 3176 2250 corda
3217 2205 3393 2249 nostra
3435 2205 3490 2250 et
3520 2195 3770 2264 intelligit

2180 2289 2357 2342 omnia
2388 2301 2549 2357 opera
2581 2287 2760 2342 nostra
2793 2287 2908 2359 (Ps.
2940 2287 3028 2342 52.
3061 2285 3147 2358 15)
3175 2305 3188 2341 :
3218 2287 3331 2356 ipse
3355 2296 3528 2356 potest
3557 2287 3610 2340 in
3637 2302 3770 2341 cou-

2181 2380 2458 2434 scientiam
2487 2387 2720 2433 nostram
2747 2379 2972 2447 ingredi,
3006 2387 3235 2434 mentem
3269 2387 3484 2448 tangere
3510 2378 3772 2431 animam-

2183 2483 2288 2536 que
2311 2469 2599 2523 cohortari.
2629 2468 2781 2534 Quod
2811 2469 2854 2522 si
2880 2468 2994 2538 ipse
3017 2484 3118 2522 non
3146 2468 3454 2523 cohortetur
3474 2468 3639 2523 corda
3664 2483 3768 2522 no-

2185 2569 2317 2624 stra,
2351 2575 2470 2630 qua:
2495 2559 2562 2613 ab
2590 2559 2894 2614 hominibus
2929 2558 3206 2626 accedent,
3238 2559 3500 2628 superflua
3526 2568 3582 2612 et
3613 2558 3777 2612 inuti-

2185 2650 2251 2705 lia
2277 2659 2432 2706 erunt
2461 2668 2474 2705 :
2500 2650 2948 2721 quemadmodum
2979 2649 3213 2704 vicissim
3242 2651 3350 2704 Deo
3377 2649 3695 2704 cohortante
3720 2659 3778 2704 et

2186 2741 2520 2806 consolante,
2544 2742 2751 2796 etiamsi
2781 2750 3061 2795 sexcentas
3091 2740 3333 2795 homines
3359 2740 3633 2794 molestias
3649 2755 3775 2793 cre-

2187 2833 2412 2900 averint,
2445 2846 2512 2886 nc
2539 2832 2815 2886 minimum
2844 2831 3060 2903 quidem
3082 2831 3237 2885 nobis
3266 2847 3458 2886 nocere
3481 2840 3736 2900 poterunt
3760 2847 3775 2882 :

2188 2940 2309 2980 cum
2358 2924 2500 2979 enim
2547 2923 2636 2977 ille
2678 2937 2772 2978 cor
2815 2930 3057 2977 nostrum
3105 2921 3415 2988 firmaverit,
3447 2937 3606 2976 nemo
3646 2920 3779 2974 illud

2189 3013 2454 3084 exagitare
2481 3012 2695 3068 valebit.

2267 3108 2431 3175 Quam
2461 3107 2627 3175 facilis
2647 3105 2715 3159 ad
2741 3103 2902 3160 Deum
2927 3105 3114 3159 aditus.
3133 3135 3203 3144 --
3229 3105 3355 3160 Haec
3378 3120 3499 3158 cum
3522 3105 3778 3167 sciamus,

2193 3198 2392 3260 dilecti.
2423 3199 2490 3252 ad
2517 3199 2682 3254 Deum
2714 3213 2926 3268 semper
2941 3196 3330 3267 confugiamus,
3361 3197 3451 3266 qui
3478 3196 3594 3250 vult
3617 3206 3671 3250 et
3691 3210 3784 3266 po-

2195 3300 2300 3347 test
2321 3292 2652 3347 calamitates
2680 3290 2889 3346 solvere
2918 3299 3148 3345 nostras.
3178 3291 3246 3344 At
3272 3290 3413 3344 enim
3440 3288 3658 3358 quando
3689 3291 3786 3342 bo-

2195 3385 2364 3437 mines
2389 3398 2612 3437 exorare
2636 3389 2863 3452 oportet,
2891 3382 3135 3436 ostiarios
3170 3383 3314 3451 prius
3332 3380 3533 3450 alloqui
3564 3394 3786 3435 necesse

2198 3477 2351 3531 nobis
2376 3485 2478 3542 est,
2507 3476 2765 3545 parasitos
2794 3476 2917 3530 item
2943 3474 3350 3544 adulatoresque
3381 3473 3606 3543 precari,
3642 3473 3787 3526 mul-

2198 3577 2416 3638 tuinquc
2440 3567 2644 3622 itineris
2667 3580 2949 3636 capessere
2976 3584 2990 3619 :
3018 3565 3156 3635 apud
3185 3565 3352 3619 Deum
3379 3579 3506 3619 vero
3550 3564 3688 3618 nihil
3715 3563 3788 3618 si-

2199 3660 2345 3726 mile,
2374 3658 2468 3714 sed
2495 3659 2611 3713 sine
2638 3660 2988 3714 intercessore
3019 3657 3303 3712 exorabilis
3342 3665 3443 3718 est,
3473 3656 3594 3711 sine
3621 3671 3787 3726 pecu-

2200 3753 2322 3817 niis,
2369 3752 2484 3807 sine
2530 3752 2826 3822 sumptibus
2867 3749 3106 3820 petitioni
3151 3750 3385 3804 annuit:
3423 3747 3623 3802 sufficit
3673 3749 3789 3802 solo

2201 3845 2362 3898 corde
2382 3844 2633 3910 clamare,
2662 3851 2717 3898 et
2743 3843 3001 3914 lacrymas
3027 3841 3242 3907 offerre,
3269 3849 3323 3895 et
3363 3839 3542 3894 statim
3578 3840 3787 3909 ingres-

2202 3952 2315 4003 sus,
2338 3951 2458 3990 eum
2482 3935 2782 3990 attraxeris.
2808 3936 2878 3990 At
2899 3935 3166 3989 hominem
3193 3949 3315 3988 cum
3346 3947 3619 4002 rogamus,
3647 3946 3791 4001 saepe

2203 4029 2511 4094 metuimus,
2546 4043 2610 4082 ne
2644 4029 2763 4098 quis
2793 4043 2858 4083 ex
2911 4028 3157 4094 inimicis,
3207 4035 3298 4081 aut
3334 4027 3538 4080 amicus
3578 4041 3788 4088 eorum,

2203 4129 2294 4173 aut
2322 4118 2658 4173 adversarius
2687 4118 2948 4189 quispiam
2977 4133 3090 4172 rem
3129 4117 3329 4184 audiat,
3355 4115 3566 4170 aliusve
3590 4115 3793 4170 referat

2203 4225 2288 4274 ea,
2319 4225 2437 4279 qua:
2466 4209 2604 4264 dicta
2632 4216 2776 4275 sunt,
2807 4218 2860 4263 et
2902 4209 2991 4278 jus
3033 4216 3301 4278 pervertat
3337 4225 3351 4262 :
3392 4207 3445 4261 in
3473 4207 3585 4260 Deo
3613 4215 3792 4260 autem

2205 4305 2337 4359 nihil
2363 4305 2467 4359 tale
2496 4302 2756 4373 suspicari
2787 4303 2930 4357 licet.
2958 4302 3090 4356 Cum
3120 4302 3262 4356 enim
3295 4314 3380 4355 me
3409 4299 3649 4354 volueris
3670 4314 3792 4368 pre-

2205 4396 2337 4462 cari,
2379 4395 2567 4464 inquit,
2599 4393 2746 4447 solus
2774 4393 2993 4460 accede,
3019 4391 3232 4447 nemine
3271 4398 3573 4460 praesente;
3607 4389 3661 4442 id
3691 4399 3793 4451 est,

2207 4487 2370 4541 corde
2388 4485 2578 4552 clama,
2611 4499 2782 4554 neque
2808 4484 2945 4538 labia
2962 4497 3182 4538 movens
3206 4500 3219 4536 ε
3244 4497 3365 4536 nam
3399 4479 3570 4547 Intra,
3598 4480 3792 4550 inquit,

2205 4579 2259 4631 in
2288 4577 2567 4632 cubiculum
2589 4585 2750 4642 tuum,
2779 4575 2959 4631 claude
2986 4577 3166 4629 ostium
3196 4584 3352 4638 tuum,
3391 4582 3440 4627 et
3463 4589 3556 4627 ora
3581 4570 3796 4626 Patrem

2210 4678 2370 4733 tuum,
2398 4668 2484 4738 qui
2511 4676 2584 4721 est
2607 4667 2660 4720 in
2690 4665 2980 4720 abscondito
3005 4681 3026 4720 .'
3050 4674 3095 4720 et
3123 4665 3280 4718 Pater
3303 4674 3438 4731 tuus,
3468 4664 3556 4734 qui
3582 4663 3716 4716 videt
3739 4663 3795 4714 in

2209 4758 2522 4824 abscondito,
2550 4757 2722 4811 reddet
2763 4756 2849 4811 tibi
2882 4758 2936 4810 in
2965 4756 3164 4826 publica
3211 4754 3425 4824 (Matth.
3453 4756 3506 4808 6.
3537 4753 3616 4824 6).
3659 4752 3795 4806 Vide

2213 4851 2430 4905 honoris
2457 4849 2844 4905 excellentiam.
2871 4849 3001 4904 Cum
3048 4862 3135 4902 me
3179 4860 3355 4916 rogas,
3398 4845 3586 4913 inquit,
3633 4857 3799 4897 nemo

2211 4942 2420 5007 videat;
2453 4957 2574 4996 cum
2609 4950 2788 4996 autem
2827 4949 2880 4995 te
2925 4941 3130 4995 honore
3171 4937 3365 5003 afficio,
3400 4936 3582 4990 orbem
3625 4948 3798 4988 evoco

2212 5032 2455 5089 beneficii
2478 5040 2685 5087 testem.
2707 5031 3148 5100 Obtempercmus
3167 5043 3313 5097 ergo,
3338 5039 3510 5095 neque
3528 5023 3595 5078 ad
3617 5032 3802 5078 osten-

2213 5124 2468 5178 tationem
2498 5137 2799 5193 precemur,
2840 5135 3012 5190 neque
3049 5129 3232 5174 contra
3276 5117 3523 5173 inimicos
3555 5123 3798 5180 nostros,

2215 5231 2318 5270 neu
2347 5214 2560 5268 modum
2590 5212 2767 5266 auxilii
2791 5212 3075 5266 doceamus
3101 5225 3244 5265 eum.
3287 5209 3418 5262 Nam
3447 5207 3491 5262 si
3513 5204 3798 5261 causidicis
3875 5218 3878 5219 '

2216 5316 2270 5363 et
2295 5306 2594 5360 rhetoribus
2623 5304 2761 5374 apud
2792 5303 3032 5358 forenses
3057 5302 3262 5372 judices
3290 5299 3560 5355 tractanda
3585 5298 3802 5367 negotia

2215 5407 2396 5452 nostra
2413 5397 2638 5452 dicimus
2658 5406 2884 5458 tantum,
2900 5393 3116 5448 modum
3137 5401 3310 5446 autem
3328 5388 3652 5445 defensionis
3667 5387 3802 5456 ipsis

2213 5492 2584 5562 relinquimus,
2617 5499 2675 5544 ut
2727 5503 2824 5560 pro
2875 5487 3041 5542 lubito
3087 5500 3177 5540 res
3219 5493 3429 5539 nostras
3466 5482 3798 5550 disponant:

2216 5585 2385 5640 multo
2413 5583 2581 5652 magis
2602 5595 2728 5650 erga
2760 5581 2925 5634 Deum
2968 5578 3037 5632 ita
3076 5574 3373 5631 faciendum
3400 5583 3502 5628 est.
3535 5570 3725 5626 Dixisti
3747 5567 3803 5623 ei

2217 5691 2432 5733 causam
2464 5686 2629 5741 tuam,
2661 5673 2838 5729 dixisti
2868 5687 2987 5742 quae
3025 5684 3214 5740 passus
3249 5667 3347 5725 es?
3379 5681 3509 5722 cave
3542 5663 3693 5719 dicas
3719 5661 3803 5716 illi

2221 5783 2328 5841 quo
2346 5777 2499 5841 pacto
2525 5765 2617 5824 tibi
2637 5764 2892 5821 auxilium
2920 5763 2990 5819 sit
3014 5759 3289 5819 ferendum
3315 5777 3329 5817 -,
3360 5757 3450 5814 ille
3483 5754 3676 5829 quippe
3701 5766 3794 5807 ne
