4046 6396
144 358 251 418 303

145 478 326 544 καλῶς
352 480 718 550 οιακειμένης,
750 480 884 549 ὅπερ
916 479 980 531 ἂν
1009 479 1221 549 ἐμπέσῃ
1244 478 1351 531 τῶν
1378 479 1587 541 δεινῶν,
1618 478 1717 531 κᾶν
1740 476 1819 528 λι-

146 567 269 638 μὸς,
297 569 401 623 κᾶν
440 569 615 633 νόσος,
659 567 762 620 κᾶν
802 568 1150 635 συκοφαντία,
1191 566 1294 619 κᾶν
1337 567 1632 639 χρημάτων
1673 566 1823 635 διαρ-

145 655 316 726 παγὴ,
348 656 450 709 κᾶν
475 657 503 709 ὃ
532 673 585 708 τι
613 656 739 709 ἄλλο
771 652 884 718 οὖν,
908 656 1143 725 φορητὸν
1171 655 1322 708 ἔσται
1350 657 1440 708 καὶ
1477 653 1699 723 κοῦφον,
1734 653 1822 705 δια

144 744 243 814 τὴν
268 744 362 797 τοῦ
399 744 668 797 Δεσπότου
714 743 930 814 ἐντολὴν
978 744 1071 796 καὶ
1120 743 1216 814 τὴν
1261 744 1341 805 είς
1394 742 1554 795 αὐτὸν
1600 741 1817 794 ἐλπίδα·

140 833 332 905 ὥσπερ
382 832 543 887 πάλιν
582 833 682 902 τῆς
729 832 903 902 ψυχῆς
950 832 1084 902 πρὸς
1128 832 1218 883 τὸν
1270 832 1402 883 θεὸν
1452 833 1551 883 ούκ
1593 830 1821 899 ἐχούσης

142 922 347 986 καλῶς,
382 923 489 976 κᾶν
519 921 745 984 πλοῦτος
790 922 1041 992 ἐπιρρέῃ,
1080 920 1183 973 κᾶν
1216 920 1399 981 παῖδες
1446 919 1682 989 παρῶσι,
1719 916 1821 969 κᾶν

145 1011 353 1083 μυρίων
397 1010 692 1074 ἀπόλαυσις
817 1009 1135 1079 χρημάτων,
1166 1008 1404 1076 ἀθυμίας
1452 1006 1649 1068 πολλὰς
1696 1008 1818 1058 61::-

143 1101 413 1154 σπάσεται
448 1099 476 1150 6
505 1097 743 1160 τοιοῦτος
780 1098 873 1149 καὶ
905 1095 1209 1168 φροντίδας.
1250 1094 1342 1165 Μὴ
1382 1096 1560 1147 τοίνυν
1593 1094 1820 1147 πλοῦτον

142 1188 415 1258 ζητῶμεν,
466 1186 541 1257 μὴ
584 1185 775 1238 πενίαν
802 1184 1113 1254 φεύγωμεν,
1165 1182 1300 1236 ἀλλά
1340 1182 1446 1253 πρὸ
1476 1181 1692 1235 πάντων
1720 1183 1818 1252 τῆς

142 1276 352 1329 ἑαυτῶν
378 1274 765 1345 ἐπιμελώμεθα
789 1273 966 1343 ψυχῆς
999 1272 1249 1334 ἕκαστος,
1290 1272 1385 1324 καὶ
1417 1270 1661 1342 ποιῶμεν
1694 1272 1817 1323 ἑπι-

140 1364 356 1434 τηδείαν
396 1363 564 1433 αὐτὴν
604 1362 739 1432 πρός
780 1379 840 1413 τε
876 1361 974 1431 τὴν
1020 1359 1113 1413 τοῦ
1156 1360 1421 1430 παρόντος
1459 1358 1573 1429 βίου
1614 1360 1819 1411 οἰκονο-

142 1451 292 1519 μίαν,
324 1452 419 1503 καί⁵
452 1450 588 1521 πρὸς
609 1451 707 1519 τὴν
736 1448 986 1501 ἐντεῦθεν
1009 1449 1184 1500 ἐκεῖσε
1210 1446 1534 1516 ἀποδημίαν.
1565 1447 1687 1499 Ἔτι
1708 1446 1816 1517 γὰρ

143 1539 376 1610 μικρὸν,
431 1538 525 1591 καὶ
584 1539 617 1607 ἡ
672 1536 964 1604 δοκιμασία
1021 1535 1251 1588 ἑκάστου
1294 1534 1453 1605 ἡμῶν
1502 1534 1814 1603 γενήσεται,

138 1626 303 1694 ἡνίκα
336 1627 536 1690 πάντες
571 1623 939 1695 παραστῶμεν
978 1622 1056 1693 τῷ
1085 1621 1298 1692 φοϐερῷ
1330 1621 1531 1691 βήματι
1564 1620 1659 1673 τοῦ
1683 1622 1817 1690 Χρι-

139 1714 288 1776 στοῦ.
336 1712 793 1785 περιϐεϐλημένοι
838 1712 939 1776 τὰς
986 1711 1193 1764 ἑαυτῶν
1243 1711 1491 1782 πράξεις,
1549 1712 1643 1763 καὶ
1701 1714 1816 1773 τοῖς

138 1804 435 1875 ὀφθαλμοῖς
464 1804 621 1874 ήμῶν
653 1803 905 1876 ὁρῶντες,
933 1801 1092 1854 τοῦτο
1123 1802 1221 1871 μὲν
1251 1802 1320 1854 τά
1346 1800 1555 1871 δάκρυα
1591 1800 1701 1853 τῶν
1730 1802 1817 1871 69-

140 1894 344 1964 φανῶν,
378 1893 539 1947 τοῦτο
567 1894 623 1947 δὲ
654 1894 753 1956 τάς
785 1892 1015 1963 αἰσχρὰς
1051 1891 1356 1959 ἀσελγείας,
1388 1893 1447 1943 ὲν
1476 1887 1563 1955 αἷς
1589 1891 1815 1956 ἑμιάνα-

145 2002 240 2056 μεν
283 1984 383 2048 τὰς
426 1983 637 2037 ἑαυτῶν
662 1982 861 2054 ψυχὰς,
911 1979 1070 2034 τοῦτο
1096 1980 1151 2033 δὲ
1180 1978 1306 2040 τοὺς
1339 1982 1673 2050 στεναγμοὺς
1705 1980 1814 2032 τῶν

140 2072 343 2144 χηρῶν,
384 2071 541 2124 τοῦτο
587 2072 645 2124 δὲ
683 2074 809 2134 τοὺς
844 2069 1229 2139 κονδυλισμοὺς
1266 2068 1373 2121 τῶν
1412 2070 1679 2139 πενήτων,
1714 2070 1813 2131 τάς

142 2160 393 2231 ἁρπαγὰς
426 2160 535 2212 τῶν
569 2158 824 2229 πτωχῶνο
857 2159 917 2211 06
949 2159 1105 2228 μόνον
1138 2156 1195 2208 δὲ
1235 2154 1427 2218 ταῦτα,
1472 2157 1566 2209 καὶ
1596 2156 1666 2209 τὰ
1692 2156 1814 2209 τού-

139 2265 251 2312 τοις
286 2250 470 2318 ὅμοια,
506 2248 619 2301 ἀλλ’
649 2246 700 2298 εί
734 2266 786 2299 τι
829 2248 923 2300 κει)⁵
966 2249 1022 2298 ἑν
1051 2244 1259 2315 διανοίᾳ
1288 2244 1487 2298 ἄτοπον
1525 2243 1815 2314 διεπράξα-

146 2352 241 2404 μεν
262 2349 275 2363 ·
306 2333 389 2385 δτι
418 2333 581 2395 αύτός
608 2332 755 2384 ἐστιν
792 2328 1215 2399 Ἑνθυμήσεων
1238 2331 1551 2400 δικαστὴς,
1587 2332 1683 2387 καί
1721 2332 1816 2388 ἐν·

142 2420 318 2475 νοιῶν
330 2419 556 2488 κριτής’
582 2419 676 2472 καὶ
691 2419 870 2472 πάλιν·
890 2416 1139 2477 Ἐτάζων
1155 2417 1395 2485 καρδίαι,
1415 2419 1513 2471 καί
1527 2420 1808 2489 νεφροὺς,

144 2512 235 2562 καὶ
262 2550 276 2571 ,
308 2508 459 2579 5061
500 2507 840 2573 Ἀποδιδοὺς
866 2506 1100 2573 ἑκάστῳ
1136 2509 1285 2560 νίκτά
1306 2504 1371 2557 τὸ
1399 2509 1576 2577 ἔργον
1596 2509 1805 2564 αὑτοῦ.

208 2591 375 2658 υῦτος
409 2595 467 2647 δέ
502 2612 591 2666 μοι
625 2597 653 2648 6
682 2595 838 2662 λόγος
867 2596 927 2647 06
964 2595 1100 2665 1:96;
1128 2596 1252 2659 τοὺς
1292 2596 1350 2647 ἑν
1393 2595 1472 2664 τῷ
1501 2595 1600 2665 βίῳ
1628 2596 1810 2662 ἐξετα-

136 2683 396 2753 ζομένους
433 2685 590 2752 μόνον
629 2684 796 2745 ἐστὶν,
826 2682 960 2735 ἀλλά
988 2683 1082 2736 καὶ
1119 2683 1256 2752 πρὸς
1282 2684 1407 2745 τοὺς
1435 2684 1494 2735 ἑν
1528 2685 1639 2741 τοῖς
1662 2683 1811 2753 δρεσι

135 2772 232 2835 τὰς
279 2770 489 2825 ἑαυτῶν
524 2770 763 2833 καλύϐας
797 2770 1142 2839 πηξαμένους
1181 2770 1275 2822 τοῦ
1315 2770 1600 2840 μοναδικοῦ
1628 2772 1813 2825 ἕνεκεν

137 2858 278 2927 βίου,
307 2858 388 2911 ὃτι
413 2857 473 2910 o6
513 2857 669 2927 μόνον
713 2856 781 2908 τά
811 2855 1038 2925 σώματα
1064 2856 1243 2909 αὐτῶν
1277 2859 1325 2908 οί
1352 2858 1581 2909 τοιοῦτοι
1615 2858 1811 2925 φυλάτ-

131 2964 249 3000 τειν
278 2947 582 3017 ὀφείλουσιν
625 2947 732 3001 ἀπὸ
778 2946 1054 3017 μολυσμοῦ
1091 2946 1371 3016 πορνείας.
1408 2947 1543 2999 ἀλλὰ
1583 2948 1676 3000 καὶ
1714 2947 1811 3017 τὴν

131 3034 313 3106 ψυχὴν
335 3035 443 3088 ἀπὸ
476 3035 656 3104 πάσης
684 3036 978 3104 σατανικῆς
1008 3032 1338 3097 πλεονεξίας.
1367 3035 1441 3086 O6
1468 3035 1575 3105 γὰρ
1599 3034 1812 3102 γυναιξὶ

134 3123 298 3192 μόνον
331 3122 631 3190 διαλέγεται
652 3124 680 3175 6
708 3122 1003 3184 ἀπόστολος
1030 3122 1258 3186 Παῦλος,
1292 3122 1428 3175 ἀλλά
1455 3124 1547 3174 καὶ
1586 3123 1811 3193 ἀνδράσι

134 3210 229 3263 καὶ
256 3208 533 3279 ὁλοκλήρῳ
560 3213 626 3280 τῇ
672 3209 986 3280 Ἐκκλησία,
1014 3210 1115 3270 ὃτι,
1151 3211 1305 3279 φησὶ,
1351 3210 1450 3281 τὴν
1485 3210 1811 3281 παρθενευό-

134 3298 305 3367 μένην
332 3297 508 3368 ψυχὴν
538 3295 678 3349 εἶναι
704 3298 783 3350 δεῖ
822 3299 982 3365 ἁγίαν
1015 3299 1110 3350 καὶ
1142 3297 1354 3367 σώματι
1386 3298 1479 3350 καὶ
1504 3298 1773 3368 πνεύματι
1793 3313 1809 3327 ’

128 3384 228 3438 καὶ
254 3384 437 3442 πάλιν.
476 3384 913 3450 Παραστήσατε
943 3382 1015 3436 τὰ
1044 3382 1288 3452 σώματα
1316 3383 1478 3453 ὑμῶν
1514 3385 1815 3453 παρθένον

130 3472 360 3541 ἁγνήν
387 3472 556 3542 ἁγνὴν
576 3472 633 3524 δὲ
665 3471 781 3534 πῶς
806 3489 820 3537 ;
848 3470 945 3539 Μὴ
976 3471 1245 3540 ἔχουσαν
1263 3472 1492 3556 σπίλον
1509 3472 1547 3539 ἢ
1574 3473 1807 3539 ῥυτίδα.

143 3560 297 3613 Ἐπεὶ
368 3562 617 3614 κάκεῖναι
674 3561 729 3613 αί
780 3558 1038 3630 παρθένοι
1085 3561 1138 3611 αἱ
1183 3560 1284 3622 τὰς
1330 3558 1617 3625 λαμπάδας
1660 3558 1812 3629 έχου-

139 3665 257 3729 σαι⁸
273 3648 630 3720 ἑσϐεσμένας,
682 3648 942 3718 παρθένοι
986 3643 1128 3718 ἦσαν
1173 3646 1251 3717 τῷ
1295 3646 1527 3717 σώματι,
1566 3647 1681 3699 ἀλλ’
1713 3648 1812 3719 οὐχ

130 3737 297 3800 ἁγναὶ
326 3737 391 3805 τῇ
424 3734 640 3805 καρδία,
668 3735 782 3787 ἀλλ’
816 3736 863 3787 εί
896 3735 990 3787 καὶ
1030 3734 1106 3805 μὴ
1136 3734 1276 3804 ἀνὴρ
1303 3734 1473 3796 αὐτάς
1514 3733 1809 3802 διέφθειρε,

128 3822 247 3875 ἀλλ’
273 3822 303 3875 6
334 3820 443 3874 τῶν
464 3821 763 3892 χρημάτων
799 3822 1102 3891 διέφθειρεν
1137 3820 1304 3892 ἔρως·
1335 3821 1396 3874 :6
1440 3820 1599 3891 σῶμα
1632 3821 1810 3875 αὐτῶν

127 3905 196 3978 ἦν
222 3908 479 3977 καθαρὸν,
516 3909 629 3962 ἀλλ’
674 3911 706 3978 ἡ
762 3908 908 3979 ψυχὴ
955 3908 1134 3961 αὐτῶν
1180 3907 1381 3977 πολλῆς
1415 3904 1484 3979 ἧν
1525 3909 1808 3978 ἐμπεπλη-

128 3996 308 4066 σμένη
334 3996 429 4066 τῆς
461 3995 722 4067 μοιχείας,
772 3996 1023 4067 πονηρῶν
1067 3995 1340 4066 λογισμῶν
1370 3996 1449 4054 είς
1488 3996 1657 4058 αὐτὰς
1699 4015 1810 4065 χω-

133 4082 441 4152 ρησάντων,
470 4082 571 4152 τῆς
597 4100 657 4135 τε
678 4084 1131 4154 φιλοχρηματίας,
1160 4084 1253 4137 καλ⁸
1292 4084 1682 4152 ἀσπλαγχνίας,
1716 4086 1810 4138 καὶ

124 4170 323 4239 ὀργῆς,
350 4170 444 4224 καὶ
472 4170 689 4239 φθόνου,
730 4172 821 4223 καὶ
858 4171 1093 4241 ἀργίας,
1130 4170 1224 4225 καὶ
1262 4168 1462 4241 λήθης,
1502 4170 1596 4224 καὶ
1635 4172 1803 4241 ὑπερ-

127 4256 387 4324 ηφανίας,
417 4255 823 4328 λυμαινομένων
840 4258 1055 4312 πάντων
1077 4254 1173 4323 τὴν
1212 4256 1516 4324 σεμνότητα
1543 4256 1641 4326 τῆς
1670 4273 1809 4328 παρ-

130 4340 317 4402 θενίας
349 4341 543 4394 αὐτῶν.
580 4343 670 4395 Διὸ
701 4344 792 4395 καὶ
820 4346 847 4395 6
879 4342 1086 4404 Παῦλος
1110 4341 1319 4411 ἔλεγεν
1356 4343 1489 4398 Ἵνα
1517 4345 1555 4411 ἡ
1590 4345 1806 4413 παρθέ-

127 4445 241 4493 νος
277 4422 317 4499 ᾖ
364 4429 503 4498 ἁγία
550 4430 650 4483 καὶ
698 4430 923 4498 σώματι
975 4430 1073 4483 καί
1122 4431 1432 4498 πνεύματι·
1475 4433 1567 4484 καὶ
1623 4433 1804 4497 πάλιν,

124 4516 440 4587 Παρθένον
487 4515 683 4585 ἁγνὴν
738 4516 1123 4585 παραστῆσαι
1173 4517 1251 4581 τῷ
1305 4518 1551 4585 Χριστῷ.
1598 4521 1807 4591 ’Ὠσπερ

125 4605 240 4675 γάρ
272 4605 334 4658 :6
365 4607 521 4676 σῶμα
559 4607 663 4660 61:6
698 4607 951 4677 μοιχειῶν
978 4617 997 4636 ⁸
1022 4607 1418 4677 διαφθείρεται,
1466 4608 1609 4662 οὕτω
1641 4610 1733 4663 καὶ
1773 4611 1806 4680 ή

123 4693 278 4764 ψυχὴ
315 4693 419 4746 61:6
468 4694 744 4765 λογισμῶν
785 4693 1089 4748 σατανικῶν
1137 4694 1426 4763 μιαίνεται,
1462 4696 1566 4749 61:6
1602 4696 1807 4765 δογμά-

122 4796 238 4835 των
281 4781 711 4853 διεφθαρμένων,
738 4783 843 4834 61:6
882 4782 1166 4852 νοημάτων
1198 4783 1434 4837 ἀτόπων.
1478 4785 1535 4837 'U
1570 4784 1679 4855 γάρ
1717 4787 1806 4839 λέ-

127 4886 265 4936 γων,
296 4868 569 4941 Παρθένος
600 4871 715 4940 εἰμὶ
744 4870 819 4940 τῷ
845 4867 1092 4941 ⁸σώματι,
1122 4874 1188 4942 τῇ
1228 4871 1285 4923 δὲ
1325 4872 1468 4944 ψυχῇ
1508 4873 1694 4941 φθονεῖ
1729 4875 1807 4945 τῷ

123 4956 370 5027 ἀδελφῷ,
414 4951 569 5020 06:0;
616 4960 715 5011 οὑκ
748 4958 862 5011 ἐστι
896 4959 1162 5029 παρθένος
1187 4979 1199 4990 ·
1234 4961 1334 5029 τὴν
1364 4961 1470 5031 γάρ
1510 4962 1807 5034 παρθενίαν

128 5047 299 5101 αὐτοῦ
336 5044 639 5115 διέφθειρεν
671 5049 703 5117 ή
732 5045 825 5098 τοῦ
856 5046 1047 5115 φθόνου
1087 5045 1250 5116 μίξις.
1287 5048 1452 5102 Πάλιν
1476 5050 1504 5102 6
1536 5050 1806 5114 κενόδοξος

128 5134 230 5187 οὐκ
259 5130 377 5183 ἐστι
407 5132 672 5203 παρθένος
691 5150 705 5163 ·
728 5132 825 5203 τὴν
846 5134 953 5203 γάρ
980 5133 1273 5203 παρθενίαν
1306 5135 1469 5189 αὐτοῦ
1505 5137 1806 5208 διέφθειρεν

134 5221 164 5271 6
188 5220 294 5289 τῆς
328 5218 622 5288 βασκανίας
648 5220 785 5292 ἔρως
806 5237 819 5250 ·
853 5221 913 5273 τὸ
943 5221 1049 5292 γὰρ
1081 5221 1249 5286 πάθος
1288 5223 1542 5288 εἰσελθὸν,
1576 5225 1675 5293 τῆς
1706 5227 1807 5293 ψυ-

127 5308 234 5381 χῆς
274 5305 461 5361 ἔλυσεν
482 5309 647 5362 αὐτοῦ
674 5310 771 5379 τὴν
804 5309 1118 5378 παρθενίαν.
1155 5312 1213 5363 '0
1242 5311 1297 5364 δὲ
1336 5311 1507 5381 μισῶν
1536 5313 1626 5365 τὸν
1656 5314 1806 5367 ἀδελ-

126 5398 232 5467 φὺν
264 5397 454 5459 αὑτοῦ,
485 5390 639 5460 οὗτος
672 5397 1114 5470 ἀνθρωποκτόνος
1150 5400 1266 5453 ἐστὶ
1300 5401 1495 5470 μᾶλλον
1533 5400 1565 5471 ἢ
1599 5402 1804 5472 παρθέ-

125 5498 248 5545 νος’
280 5484 376 5535 καὶ
409 5481 764 5550 ἁπαξαπλῶς,
794 5486 1021 5548 ἕκαστος
1048 5488 1126 5549 είς
1157 5485 1184 5538 ὃ
1208 5490 1486 5556 κρατεῖται
1513 5488 1681 5552 πάθος
1711 5507 1805 5542 πο-

124 5570 319 5640 νηρὸν,
359 5572 417 5625 ἑν
452 5572 623 5642 τούτῳ
660 5572 756 5644 τὴν
792 5572 1087 5644 παρθενίαν
1136 5574 1297 5626 αὑτοῦ
1346 5575 1663 5645 διαφθείρει.
1706 5578 1804 5631 Διά

125 5655 289 5709 τοῦτο
312 5659 341 5711 6
369 5657 582 5722 Παῦλος
613 5660 788 5723 πάσας
811 5660 910 5724 τάς
946 5659 1189 5731 πονηρὰς
1214 5660 1415 5726 ταύτας
1455 5662 1677 5735 ἐξώρισε
1712 5665 1802 5735 μί-

190 5808 219 5838 ⁸
243 5806 328 5859 Sic
351 5806 500 5859 Savil.
526 5814 664 5859 recte
683 5821 773 5873 pro
797 5808 928 5872 vulg.
950 5809 1144 5872 μοιχῶν.
1168 5808 1303 5861 Enn.

1317 362 1403 415 DE
1438 357 1905 415 ΡαςΝιτΕΝτιΑ.
1950 358 2185 415 IIOMIL.
2229 363 2321 419 ιν.

3498 372 3601 427 304

1933 475 2060 541 ξεις,
2098 480 2188 531 καὶ
2219 480 2425 533 κελεύει
2472 480 2774 552 παρθένους
2804 482 2954 552 ήμᾶς
2996 478 3134 534 εἶναι
3173 482 3361 545 οὕτως,
3398 484 3472 549 ώς
3502 503 3605 556 μη-

1929 566 2051 618 δένα
2116 566 2372 638 λογισμὸν
2448 569 2684 623 ἐναντίον
2753 568 3156 639 παραδέχεσθαι
3219 571 3478 635 ἑκουσίως
3534 579 3601 644 τῇ

1929 653 2096 725 ψυχῇ·

1998 864 2061 917 δ’.
2093 863 2158 915 Τί
2188 859 2278 917 οῦν
2302 865 2437 935 1:96;
2458 865 2630 919 ταῦτα
2666 866 2947 936 λέγωμεν;
2984 868 3098 931 πῶς
3129 868 3466 939 ὲλεηθῶμενς
3492 872 3606 934 πῶς

1930 951 2190 1021 σωθῶμεν
2210 967 2223 1015 ;
2259 952 2400 1020 Ἐγὼ
2418 953 2575 1021 λέγω·
2589 952 2686 1022 τὴν
2698 953 2861 1025 εὐχὴν
2882 956 2939 1007 ὲν
2956 958 3020 1026 τῇ
3040 956 3233 1027 καρδίᾳ
3250 957 3607 1028 ἀναλάϐωμεν

1928 1040 2181 1104 πάντοτε,
2208 1041 2298 1093 καὶ
2330 1043 2456 1105 τοὺς
2479 1043 2680 1114 ταύτης
2707 1045 2972 1113 καρποὺς,
2991 1044 3134 1114 λέγω
3156 1044 3219 1116 δὴ
3239 1045 3335 1116 τήν
3359 1064 3609 1099 ταπεινο-

1928 1130 2199 1200 φροσύνην
2232 1131 2324 1183 καὶ
2364 1132 2664 1201 πραότητα.
2698 1132 2925 1186 Μάθετε
2950 1132 3078 1203 γάρ,
3104 1133 3285 1203 φησὶν,
3308 1135 3408 1188 ἀπ’
3436 1136 3604 1203 ἐμοῦ,

1927 1218 2015 1272 ὅτι
2047 1219 2235 1288 πρᾶός
2257 1222 2371 1288 ειμι
2399 1220 2497 1273 καὶ
2527 1219 2805 1285 ταπεινὸς
2827 1219 2899 1287 τῇ
2925 1220 3155 1289 καρδίᾳ,
3188 1220 3283 1274 καί
3320 1221 3608 1288 εὑρήσετε

1926 1306 2275 1361 ἀνάπαυσιν
2293 1307 2423 1374 ταῖς
2445 1307 2672 1376 ψυχαῖς
2696 1306 2860 1375 ὑμῶν
2879 1324 2891 1336 ³
2925 1308 3018 1360 καὶ
3041 1308 3203 1361 πάλιν
3232 1310 3260 1360 6
3293 1308 3472 1361 Δαυῖδ⁶
3502 1311 3606 1362 Θυ-

1925 1396 2032 1447 σία
2058 1393 2136 1460 τῷ
2164 1393 2284 1459 Θεῷ
2316 1395 2551 1464 πνεῦμα
2574 1396 3106 1464 συντετριμμένον
3128 1397 3378 1465 καρδίαν
3398 1414 3607 1450 συντε-

1924 1482 2253 1551 τριμμένην
2283 1482 2382 1535 καί
2414 1481 2929 1550 τεταπεινωμένην
2960 1485 2992 1534 ό
3038 1483 3183 1549 Θεὸς
3220 1486 3330 1537 οὐκ
3368 1483 3607 1548 ἐξουδε-

1923 1570 2122 1623 νώσει.
2157 1571 2321 1623 υύδὲν
2341 1568 2448 1640 γάρ
2477 1570 2649 1633 οὕτως
2675 1569 2997 1639 ἀποδέχεται
3038 1572 3066 1621 ὁ
3093 1570 3219 1633 Θεὸς
3265 1572 3360 1625 καλ⁵
3394 1572 3603 1645 ἀγαπᾷ,

1924 1659 1999 1720 ώς
2020 1659 2195 1728 ψυχὴν
2227 1660 2398 1730 πρᾶον
2422 1659 2516 1711 καὶ
2543 1658 2934 1726 ταπεινόφρονα
2961 1660 3052 1711 καὶ
3074 1659 3413 1730 εὐχάριστον.
3434 1662 3605 1715 Βλέπε

1923 1743 2015 1800 οῦν
2046 1749 2139 1801 καὶ
2178 1748 2265 1811 σὺ,
2312 1747 2525 1817 ἀδελφέ,
2575 1749 2711 1800 ὲπάν
2759 1748 2875 1818 ῐδῃς
2904 1765 2955 1800 τι
2987 1747 3095 1800 τῶν
3124 1749 3400 1819 ἀδοκήτων
3435 1768 3606 1820 προσ-

1924 1834 2089 1887 πεσὸν
2116 1834 2208 1887 καὶ
2240 1832 2487 1902 ἐνοχλοῦν
2513 1849 2617 1897 σοι,
2652 1833 2726 1902 μὴ
2752 1832 2886 1903 1:96;
2916 1833 3233 1902 ἀνθρώπους
3263 1837 3602 1906 καταφύγῃς,

1923 1923 2017 1976 καὶ
2046 1921 2183 1993 πρὸς
2207 1920 2406 1992 θνητὴν
2438 1920 2554 1991 ἴδῃς
2602 1919 2873 1990 βοήθειαν,
2908 1921 3041 1973 ἀλλά
3081 1923 3285 1985 πάντας
3325 1924 3605 1994 παραδρα-

1926 2010 2043 2080 μὼν
2070 2008 2348 2080 ἀνάδραμε
2389 2010 2456 2078 τῇ
2497 2007 2705 2078 διανοίᾳ
2736 2025 2827 2059 σου
2859 2009 2995 2079 πρὸς
3039 2010 3129 2062 τὸν
3168 2009 3275 2062 τῶν
3300 2009 3486 2080 ψυχῶν
3519 2013 3601 2064 ία-

1920 2097 2069 2167 τρὸν.
2100 2095 2340 2168 Καρδίαν
2372 2096 2479 2166 γὰρ
2513 2094 2844 2166 θεραπεῦσαι
2886 2098 3090 2160 ἐκεῖνος
3128 2098 3284 2166 μόνος
3316 2098 3536 2152 δύναται
3573 2101 3603 2152 6

1923 2185 2131 2249 πλάσας
2162 2184 2469 2255 καταμόνας
2490 2183 2586 2245 τὰς
2616 2183 2842 2253 καρδίας
2870 2183 3050 2253 ήμῶν,
3083 2186 3175 2237 καὶ
3200 2187 3398 2249 συνιεὶς
3424 2188 3602 2240 πάντα

1921 2276 1988 2327 τά
2014 2274 2149 2345 ἔργα
2178 2273 2332 2344 ήμῶν
2350 2290 2364 2302 ·
2401 2272 2562 2335 αὐτὸς
2593 2271 2810 2323 δύναται
2836 2273 2913 2335 είς
2943 2272 3001 2324 :6
3032 2272 3265 2335 συνειδὸς
3304 2273 3458 2343 ήμῶν
3487 2276 3601 2326 είσ-

1922 2362 2113 2425 ελθεῖν,
2144 2362 2238 2414 καὶ
2268 2362 2364 2431 τῆς
2400 2360 2634 2422 διανοίας
2670 2358 2930 2429 ἅψασθαι,
2964 2360 3055 2412 καὶ
3094 2361 3471 2430 παρακαλέσαι
3504 2361 3601 2431 τὴν

1921 2451 2118 2521 ψυχήν.
2162 2449 2286 2503 Ἐἀν
2328 2449 2383 2502 δὲ
2434 2450 2636 2512 ἐκεῖνος
2698 2447 2771 2518 μὴ
2823 2448 3184 2520 παρακαλέσῃ
3230 2449 3327 2511 τὰς
3374 2449 3601 2519 καρδίας

1921 2537 2100 2608 ήμῶν,
2131 2536 2199 2589 τὰ
2247 2537 2396 2606 παρὰ
2438 2534 2737 2604 ἀνθρώπων
2765 2534 2913 2606 [3071
2943 2535 3169 2606 περιττὰ
3206 2537 3297 2588 καὶ
3334 2537 3597 2606 ἀνόνητα’

1922 2625 2109 2693 ῶσπερ
2137 2624 2296 2676 πάλιν
2330 2622 2422 2675 τοῦ
2451 2621 2583 2674 Θεοῦ
2621 2622 3059 2692 παρακαλοῦντος
3110 2623 3203 2674 καὶ
3247 2622 3600 2693 παραμυθου-

1925 2712 2109 2780 μένου,
2142 2710 2241 2763 κᾶν
2275 2710 2442 2780 μυρία
2488 2708 2761 2779 ἅνθρωποι
2799 2708 3220 2781 παρενοχλῶσιν,
3267 2709 3387 2762 οὐδὲ
3434 2711 3511 2772 είς
3540 2710 3601 2763 :6

1921 2799 2079 2867 τυχὸν
2106 2799 2254 2867 ἡμᾶς
2300 2795 2652 2867 παραδλάψαι
2698 2795 3045 2864 δυνήσονται*
3080 2796 3209 2849 ὅταν
3243 2796 3349 2867 γὰρ
3394 2798 3602 2862 ἐκεῖνος

1924 2883 2199 2956 στερεώσῃ
2222 2884 2469 2953 καρδίαν,
2506 2882 2677 2945 οὐδεὶς
2708 2882 2874 2951 αὐτὴν
2905 2882 3169 2933 διασεῖσαι
3202 2881 3443 2937 δύναται.

1993 3084 2177 3137 Ταῦτα
2205 3078 2297 3136 οῦν
2326 3082 2545 3143 εἰδότες,
2568 3080 2859 3148 ἀγαπητοὶ,
2889 3081 2976 3133 ἀεὶ
3004 3080 3139 3150 πρὸς
3164 3080 3254 3132 τὸν
3280 3080 3412 3132 Θεὸν
3434 3097 3599 3133 κατα-

1922 3173 2237 3243 φεύγωμεν,
2289 3170 2379 3222 τὸν
2436 3168 2530 3221 καὶ
2578 3167 2899 3238 βουλόμενον
2942 3169 3035 3221 καὶ
3090 3168 3388 3238 δυνάμενον
3441 3168 3599 3220 λῦσαι

1921 3260 2075 3330 ήμῶν
2116 3259 2214 3321 τὰς
2266 3256 2569 3326 συμφοράς.
2627 3255 2970 3325 Ἀνθρώπους
3030 3256 3127 3323 μὲν
3179 3254 3288 3324 γάρ
3335 3255 3462 3308 ὅταν
3503 3255 3599 3327 δέῃ

1920 3345 2315 3417 παρακαλέσαι,
2358 3342 2451 3395 καὶ
2516 3342 2781 3411 πυλωροῖς
2836 3342 2984 3411 ἡμᾶς
3051 3345 3330 3412 συντυχεῖν
3384 3341 3597 3413 ἀνάγκη

1920 3436 2201 3506 πρότερον,
2250 3433 2343 3485 καὶ
2390 3429 2724 3501 παρασίτους
2763 3428 2856 3481 καὶ
2908 3428 3143 3491 κόλακας
3194 3429 3596 3497 παρακαλέσαι,

1920 3524 2014 3575 καὶ
2045 3521 2162 3574 666v
2201 3518 2401 3589 πολλὴν
2425 3516 2675 3569 ἀπελθεῖν
2699 3533 2711 3544 ·
2748 3515 2921 3568 ἐπὶ-δὲ
2961 3516 3050 3567 τοῦ
3086 3514 3222 3567 Θεοῦ
3248 3516 3401 3569 οὐδὲν
3424 3515 3599 3569 τοιοῦ-

1919 3610 2009 3663 τόν
2059 3610 2227 3672 ἐστιν,
2275 3605 2409 3658 ἀλλά
2467 3604 2632 3673 χωρὶς
2686 3604 2905 3672 μεσίτου
2958 3601 3375 3672 παρακαλεῖται,
3432 3604 3596 3673 χωρὶς

1920 3696 2235 3767 χρημάτων,
2284 3693 2449 3763 χωρὶς
2495 3690 2739 3759 δαπάνης
2779 3688 3015 3741 ἐπινεύει
3071 3691 3136 3759 τῇ
3186 3689 3394 3759 δεήσει·
3437 3690 3601 3759 ἀρκεῖ

1923 3786 2080 3855 μόνον
2117 3782 2311 3853 βοῆσαι
2348 3783 2413 3849 τῇ
2456 3778 2653 3848 καρδία
2696 3776 2789 3829 καὶ
2835 3776 3042 3846 δάκρυα
3088 3777 3472 3847 προσενέγκαι,
3504 3779 3599 3829 καὶ

1919 3872 2119 3935 εὐθέως
2144 3867 2400 3923 εἰσελθὼν
2452 3867 2613 3918 αὑτὸν
2661 3864 2959 3933 ἑπισπάσῃ.
3006 3865 3113 3916 Καὶ
3161 3864 3448 3935 ἄνθρωπον
3497 3863 3597 3935 μὲν

1920 3956 2361 4029 παρακαλοῦντες
2392 3952 2649 4013 πολλάκις
2675 3950 3010 4018 δεδοίκαμεν,
3036 3952 3109 4020 μή
3142 3967 3224 4011 τις
3254 3950 3363 4003 τῶν
3386 3950 3597 4021 ἐχθρῶν

1920 4047 2132 4119 παρὼν,
2160 4046 2193 4115 ἢ
2226 4043 2397 4113 φίλος,
2430 4042 2464 4113 ή
2492 4057 2575 4102 τις
2610 4039 2717 4091 τῶν
2749 4037 3035 4090 ἀντιδίκων
3075 4038 3281 4107 ἀκούσῃ
3313 4037 3407 4089 τοῦ
3448 4038 3594 4107 πρά-

1918 4151 2142 4204 γματος,
2184 4133 2278 4185 καὶ
2307 4129 2463 4192 ἄλλος
2492 4127 2699 4195 ἑκφάνῃ
2737 4125 2805 4177 τά
2846 4124 3131 4193 λεγόμενα.
3173 4124 3265 4176 καὶ
3306 4123 3593 4195 διαφθείρῃ

1916 4222 1977 4275 :6
2013 4222 2249 4275 δίκαιον·
2300 4218 2394 4271 ἐπὶ
2431 4217 2487 4269 δὲ
2526 4215 2619 4269 τοῦ
2665 4212 2798 4265 Θεοῦ
2843 4212 2993 4265 οὐδὲν
3031 4211 3231 4264 τούτων
3257 4212 3588 4267 ὑποπτεῦσαι

1917 4310 2015 4363 ενι,
2050 4311 2217 4362 Ὅταν
2245 4306 2353 4376 γὰρ
2384 4303 2548 4375 βούλῃ
2579 4319 2667 4372 με,
2700 4300 2856 4371 φησι,
2884 4298 3282 4370 παρακαλέσαι,
3311 4300 3470 4369 μόνος
3502 4318 3593 4369 μοι

1916 4395 2176 4469 πρόσελθε
2224 4394 2447 4465 μηδενὸς
2496 4390 2782 4460 παρόντος,
2818 4387 3081 4448 τουτέστι,
3128 4390 3193 4455 τῇ
3240 4387 3436 4456 καρδίᾳ
3465 4387 3594 4457 βόη..

1918 4506 2028 4551 σον,
2062 4487 2137 4557 μὴ
2172 4484 2333 4539 κινῶν
2363 4483 2432 4535 τὰ
2478 4482 2650 4551 χείλη.
2695 4481 2949 4535 Εῖσελθε
3003 4478 3131 4548 γάρ,
3179 4480 3361 4548 φησὶν,
3407 4481 3493 4544 εὶς
3522 4482 3590 4532 τὸ

1916 4574 2156 4645 ταμεῖόν
2183 4588 2299 4626 σου
2320 4587 2333 4599 ’
2364 4570 2733 4623 ἀπόκλεισον
2763 4566 2879 4633 τὴν
2906 4566 3093 4632 θύραν
3121 4580 3257 4625 σου,
3283 4565 3378 4617 καὶ
3404 4568 3591 4632 πρόσ-

1915 4664 2084 4727 ευξαι
2110 4661 2189 4725 τῷ
2221 4659 2404 4726 Πατρι
2434 4672 2551 4710 σου
2583 4655 2663 4719 τῷ
2689 4656 2757 4707 ἐν
2781 4653 2861 4718 τῷ
2892 4649 3134 4720 κρυπτῷ
3155 4666 3166 4679 “
3198 4651 3300 4704 καὶ
3329 4654 3361 4705 ό
3388 4653 3591 4721 Πατήρ

1916 4768 2032 4806 σου
2063 4754 2096 4804 ὀ
2118 4748 2368 4813 βλέπων
2397 4746 2467 4799 ἑν
2497 4742 2575 4808 τῷ
2624 4739 2884 4810 κρυπτῷ,
2916 4739 3214 4794 ἀποδώσει
3261 4755 3359 4793 σοι
3397 4741 3467 4793 ἐν
3510 4740 3591 4807 τῷ

1914 4836 2169 4909 φανερῷ,
2204 4836 2343 4904 Ὅρα
2386 4831 2551 4901 τιμῆς
2602 4828 2937 4898 ὑπερϐολήν·
2968 4828 3095 4880 ὅταν
3139 4844 3205 4897 με
3240 4828 3587 4901 παρακαλῇς,

1916 4928 2068 4999 φησι,
2109 4923 2291 4996 μηδεὶς
2331 4919 2601 4995 βλεπέτω·
2635 4918 2763 4970 ὅταν
2806 4915 2863 4967 δὲ
2906 4914 3015 4983 ἐγώ
3061 4932 3120 4967 σε
3158 4915 3324 4985 τιμῶ,
3370 4916 3469 4985 τὴν
3510 4918 3589 4969 οξ-

1912 5015 2184 5085 κουμένην
2233 5009 2383 5079 φέρω
2437 5007 2689 5078 μάρτυρα
2728 5003 2827 5073 τῆς
2872 5002 3209 5072 εὐεργεσίας.
3266 5002 3589 5073 Πειθώμεθα

1913 5104 2111 5163 τοίνυν.
2146 5102 2234 5155 καὶ
2290 5099 2364 5170 μὴ
2416 5098 2553 5168 πρὸς
2606 5091 2861 5156 ἐπίδειξιν
2914 5088 3219 5161 εὐχώμεθα,
3271 5091 3403 5161 μηδὲ
3448 5094 3589 5145 κατά

1857 5206 1865 5211 '
1914 5192 2020 5246 τῶν
2047 5188 2252 5260 ἐχθρῶν
2279 5186 2385 5239 τῶν
2409 5181 2712 5253 ἡμετέρων,
2747 5181 2839 5231 καὶ
2874 5180 2947 5249 μὴ
2974 5178 3065 5230 τὸν
3098 5178 3298 5248 τρόπον
3326 5178 3423 5247 τῆς
3457 5178 3586 5249 βοη-

1914 5278 2062 5339 θείας
2100 5274 2435 5341 διδάσκωμεν
2471 5269 2653 5322 αύτὸν.
2702 5268 2765 5319 Εί
2804 5266 2911 5335 γὰρ
2958 5263 3262 5334 ἀνθρώποις
3298 5266 3410 5325 τοῖς
3458 5282 3586 5317 συν-

1914 5362 2170 5435 ηγοροῦσι
2198 5360 2291 5413 καὶ
2329 5355 2707 5429 ῥητορεύουσιν
2734 5354 2823 5405 ἐπὶ
2863 5352 2969 5404 τῶν
2998 5350 3193 5415 ἔξωθεν
3213 5350 3480 5402 δικαστῶν
3516 5352 3585 5403 τὰ

1916 5453 2212 5524 πράγματα
2243 5447 2310 5500 τά
2336 5445 2576 5517 ἡμέτερα
2600 5442 2827 5511 λέγομεν
2854 5440 3031 5509 μόνον,
3060 5438 3151 5489 τὸν
3180 5437 3237 5524 δε
3261 5437 3455 5524 τρόπον
3484 5439 3586 5508 τῆς

1916 5522 2227 5609 συμμαχίας
2253 5532 2480 5594 ἐκείνοις
2504 5526 3001 5597 καταλιμπάνομεν,
3032 5524 3178 5585 ὅπως
3212 5522 3278 5575 ἂν
3315 5522 3586 5591 βούλοιντο

1912 5626 2168 5681 διαθεῖναι
2196 5620 2264 5674 τά
2298 5620 2557 5691 ἡμέτερα,
2587 5615 2764 5684 πολλῷ
2793 5613 2989 5683 μᾶλλον
3020 5612 3111 5664 ἐπὶ
3142 5610 3234 5662 τοῦ
3268 5610 3400 5663 Θεοῦ
3429 5612 3587 5667 τοῦτο

1913 5712 2019 5785 χρὴ
2052 5712 2241 5763 ποιεῖν.
2279 5706 2445 5770 Εἷπες
2472 5703 2621 5774 αύτῷ
2670 5702 2767 5773 τὴν
2812 5700 2966 5768 δίκην
2994 5698 3237 5785 τὴνσὴν,
3259 5692 3411 5785 εἶπες
3435 5699 3584 5768 ἇπερ

1915 5784 2141 5864 ἔπαθες
2177 5795 2369 5868 μηκέτι
2410 5794 2533 5861 λέγε
2574 5791 2633 5845 :6
2664 5789 2772 5863 ,καὶ
2812 5786 2924 5849 πῶς
2953 5784 3245 5856 βοηθῆσαι·
3282 5784 3443 5849 αὐτὸς
3473 5787 3580 5857 γὰρ
