4046 6396
454 375 561 431 305

447 487 586 544 οἶδεν
611 487 852 559 ἀκριϐῶς
901 488 961 541 τὸ
1006 488 1282 559 συμφέρον
1315 505 1414 540 σοι.
1451 488 1568 540 Εἰσὶ
1601 487 1655 540 δὲ
1695 486 1879 540 πολλοὶ
1923 486 2117 548 οἵτινες

451 573 675 644 μυρίους
698 571 910 640 στίχους
942 570 1341 638 ἀπαγγέλλουσι
1386 570 1482 640 τῆς
1522 572 1686 640 εὐχῆς
1721 570 1903 622 ἕνεκεν
1934 567 2118 635 λέγον-

447 673 568 720 τες·
611 654 800 725 Κύριε,
827 654 914 717 δὸς
949 671 1036 724 μοι
1084 654 1289 723 ὑγίειαν
1320 651 1589 724 σώματος,
1631 651 1986 706 διπλασίασόν
2016 665 2117 720 μου

445 739 514 792 τά
559 739 893 809 ὑπάρχοντα,
937 736 1144 808 ἀμύνου
1195 755 1296 808 μου
1339 738 1431 790 τὸν
1473 737 1696 808 ἐχθρόν·
1744 737 1881 806 ὅπερ
1920 734 2120 804 πολλῆς

447 827 666 894 ἀλογίας
691 826 805 879 ἐστὶ
828 826 1277 898 πεπληρωμένον.
1307 825 1398 879 Διὸ
1423 826 1528 897 χρὴ
1560 825 1732 879 ταῦτα
1759 826 1934 879 πάντα
1956 823 2122 893 ἀφέν-

444 932 543 976 τας
569 913 830 967 ἱκετεύειν
876 913 970 967 καὶ⁸
1019 913 1357 982 παρακαλεῖν
1387 913 1546 982 μόνον
1585 915 1726 966 κατά
1765 912 1856 966 τὸν
1883 910 2122 982 τελώνην

443 1000 535 1053 τὸν
583 999 841 1068 λέγονται
887 1001 950 1052 '0
985 1001 1150 1066 Θεὸς,
1175 1000 1458 1067 ἱλάσθητί
1501 1017 1603 1069 μοι
1643 999 1722 1064 τῷ
1759 995 2118 1068 ἀμαρτωλῷ”

444 1089 538 1140 καὶ
570 1088 732 1150 αὐτὸς
765 1085 871 1140 οἶδε
929 1089 1114 1142 λοιπὸν
1161 1088 1279 1150 πῶς
1333 1105 1426 1140 σου
1469 1087 1854 1158 ἀντιλάϐηταιο
1885 1085 2122 1154 Ζητεῖτε

443 1175 572 1246 γὰρ,
617 1176 772 1244 φησι.
816 1173 1052 1242 πρῶτον
1101 1173 1218 1242 τὴν
1261 1174 1590 1239 βασιλείαν
1630 1174 1735 1227 τοῦ
1794 1173 1964 1236 Θεοῦ,
2025 1171 2123 1226 καὶ

444 1261 630 1314 ταῦτα
661 1259 858 1313 πάντα
903 1260 1374 1328 προστεθήσεται
1417 1260 1578 1329 ὑμῖν.
1615 1259 1800 1323 Οῦτως
1834 1255 1948 1324 οὖν,
1981 1259 2122 1326 ἀγα-

444 1347 626 1416 πητοὶ,
656 1346 1036 1416 φιλοσοφῶμεν
1077 1349 1216 1416 μετά
1254 1348 1416 1401 πόνου
1468 1347 1560 1399 καὶ
1592 1346 1992 1409 ταπεινώσεως,
2027 1343 2123 1397 τύ·

444 1450 664 1496 πτοντες
693 1433 898 1486 ἑαυτῶν
938 1433 1006 1486 τά
1058 1433 1251 1504 στήθη,
1309 1433 1557 1504 καθάπερ
1603 1435 1826 1498 ἐκεῖνος,
1866 1433 1962 1488 καὶ
2004 1435 2125 1486 ἐπι-

442 1519 744 1591 τευξόμεθα
787 1515 970 1593 ὦνπερ
1016 1521 1303 1592 αἰτοῦμενο
1352 1522 1448 1575 ἐὰν
1489 1522 1547 1574 δὲ
1600 1521 1773 1592 θυμοῦ
1817 1520 1910 1574 καὶ
1955 1519 2125 1591 ὀργῆς

445 1607 862 1677 πεπληρωμένοι
913 1607 1366 1679 προσευχώμεθα,
1430 1607 1704 1677 βδελυκτοὶ
1761 1607 1856 1660 καὶ
1907 1605 2126 1676 μισητοὶ

443 1691 593 1762 παρά
644 1692 763 1762 Θεῷ
809 1692 1193 1762 εὑρισκόμεθα.
1250 1692 1634 1764 Συντρίψωμεν
1689 1689 1781 1747 οὖν
1823 1691 1978 1762 ήμῶν
2024 1689 2124 1760 τὴν

441 1779 698 1844 διάνοιαν,
729 1777 825 1832 καὶ
864 1778 1289 1849 ταπεινώσωμεν
1337 1779 1495 1850 ἡμῶν
1531 1777 1628 1843 τάς
1667 1778 1865 1850 ψυχὰς,
1895 1777 1994 1831 κα)⁸
2033 1776 2126 1830 εὐ-

441 1865 666 1938 χώμεθα
712 1866 851 1939 ὑπέρ
897 1883 956 1919 τε
1008 1865 1233 1929 ἑαυτῶν,
1275 1866 1370 1919 καὶ
1416 1866 1556 1938 ὑπὲρ
1604 1865 1714 1920 τῶν
1763 1865 2123 1936 λυπησάντων

442 1955 608 2024 ἡμᾶς.
651 1954 713 2006 Εἰ
757 1954 865 2026 γὰρ
904 1952 1082 2023 βούλει
1125 1953 1216 2006 τὸν
1250 1953 1509 2024 δικαστὴν
1539 1952 1948 2006 ἐπισπάσασθαι
1985 1951 2124 2024 πρὸς

441 2041 696 2113 βοήθειαν
740 2041 840 2113 τῆς
889 2041 988 2113 σῆς
1031 2039 1231 2111 ψυχῆς,
1284 2041 1376 2094 καὶ
1421 2039 1515 2094 τοῦ
1570 2038 1666 2094 σοῦ
1723 2040 1923 2110 μέρους
1957 2037 2124 2095 αὐτὸν

440 2131 684 2200 ποιῆσαι,
715 2128 979 2202 μηδέποτε
1010 2127 1158 2197 αὐτῷ
1190 2127 1482 2198 ἐντύγχανε
1523 2126 1666 2180 κατὰ
1699 2125 1851 2198 [508]
1897 2126 1991 2180 τοῦ
2033 2126 2124 2180 λε-

437 2213 760 2286 λυπηκότος.
797 2214 1050 2278 Τοιοῦτος
1077 2213 1186 2284 γάρ
1238 2215 1353 2267 ἐστι
1400 2212 1494 2268 τοῦ
1544 2214 1796 2266 δικαστοῦ
1829 2215 1857 2265 ὁ
1886 2213 2120 2286 τρόπος·

439 2302 668 2365 ἐκείνοις
697 2301 932 2372 μάλιστα
975 2301 1212 2355 ἐπινεύει
1247 2302 1341 2354 καὶ
1367 2300 1547 2353 δίδωσι
1591 2299 1660 2353 τὰ
1691 2301 1990 2371 αἰτήματα,
2011 2303 2121 2365 τοῖς

439 2389 579 2460 ὑπὲρ
629 2390 740 2443 τῶν
779 2388 990 2462 ἐχθρῶν
1038 2389 1370 2460 εὐχομένοις,
1418 2391 1530 2451 τοῖς
1581 2387 1654 2457 μὴ
1697 2386 2118 2458 μνησικακοῦσι,

439 2479 552 2538 τοῖς
597 2475 672 2548 μὴ
715 2474 1095 2547 ἐπαιρομένοις
1127 2487 1154 2516 ι
1176 2477 1289 2538 τοῖς
1331 2475 1544 2545 ἐχθροῖς
1587 2473 1786 2530 αὐτῶν.
1838 2475 1948 2528 Καὶ
1996 2476 2120 2528 ὅσον

438 2555 585 2618 οῦτοι
614 2563 828 2617 ποιοῦσι
852 2561 1028 2628 τοῦτο,
1069 2561 1321 2615 τοσοῦτον
1352 2562 1580 2626 ἐκείνοις
1608 2564 1637 2614 ὁ
1669 2561 1802 2626 Θεὸς
1829 2562 2120 2633 ἐπεξέρχε-

437 2670 547 2716 ται,
587 2652 681 2706 ἐάν
722 2653 796 2723 μὴ
831 2652 1242 2723 μεταϐληθῶσιν
1272 2655 1351 2714 εἰς
1385 2653 1693 2723 μετάνοιαν.

509 2745 567 2794 ε’.
595 2739 829 2793 Βλέπετε
849 2734 963 2804 οὖν,
984 2739 1224 2810 ἀδελφοὶ,
1247 2741 1374 2794 ὅταν
1394 2759 1477 2804 τις
1496 2741 1685 2812 ἀτιμία
1709 2742 1840 2812 ἡμῖν
1855 2741 2116 2814 ἐπενεχθῇ

438 2825 591 2898 παρά
629 2841 795 2889 τινος,
840 2825 915 2897 μὴ
957 2825 1159 2888 εὐθέως
1196 2825 1610 2896 δυσχεράνωμεν
1655 2827 1748 2879 καὶ
1797 2825 2114 2898 ἀθυμῶμεν,

438 2913 554 2967 ἀλλ’
583 2912 993 2984 εὐχαριστῶμεν
1024 2911 1459 2982 φιλοσοφοῦντες,
1491 2914 1585 2965 καὶ
1631 2913 1991 2984 ἀναμένοντες
2017 2915 2118 2986 τὴν

439 2997 695 3068 βοήθειαν
724 2998 817 3050 τοῦ
852 2997 1078 3068 Κυρίου.
1114 2997 1206 3069 Μὴ
1235 2998 1343 3070 γάρ
1379 2999 1478 3052 οὐκ
1507 2997 1742 3066 ἠδύνατο
1778 2999 1806 3053 ό
1838 2999 1973 3064 Θεὸς
2013 3001 2117 3071 πρὸ

435 3084 535 3155 τῆς
573 3084 838 3154 αἰτήσεως
885 3083 1082 3138 διδόναι
1120 3086 1250 3154 ἡμῖν
1295 3084 1362 3138 τά
1409 3083 1622 3153 ἀγαθά;
1683 3083 1760 3156 μὴ
1813 3084 1925 3155 βίον
1988 3087 2120 3157 ἡμῖν

436 3170 705 3225 ἀνώδυνον
745 3169 1094 3241 χαρίσασθαι,
1136 3171 1232 3225 καὶ⁵
1279 3171 1460 3241 πάσης
1502 3171 1734 3241 θλίψεως
1775 3173 2117 3245 κεχωρισμέ-

437 3275 562 3324 ww;
601 3257 764 3311 Ἀλλά
795 3258 1081 3330 ἀμφότερα
1110 3257 1218 3312 ἀπὸ
1246 3257 1466 3330 φίλτρου
1497 3261 1660 3313 ποιεῖ.
1691 3258 1756 3311 Τί
1791 3259 1901 3330 γὰρ
1941 3277 2119 3331 παρα-

439 3350 606 3418 χωρεῖ
636 3347 882 3418 θλιϐἧναι
913 3349 1082 3416 ἡμᾶς,
1114 3347 1206 3400 καὶ
1249 3348 1349 3400 οὐκ
1389 3347 1581 3417 ἐπάγει
1633 3346 1844 3420 ταχέως
1875 3348 2120 3402 ἀπαλλασ-

438 3435 578 3505 γήν;
621 3436 719 3488 Διά
766 3435 858 3500 τί;
899 3436 1017 3488 Ἵνα
1069 3434 1216 3505 αὐτῷ
1273 3435 1719 3506 προσεδρεύωμεν
1769 3435 2120 3505 ἀντεχόμενοι

438 3521 539 3589 τῆς
568 3523 698 3592 παρ’
728 3521 891 3576 αὐτοῦ
924 3520 1194 3592 βοηθείας,
1225 3523 1316 3575 καὶ
1349 3523 1498 3593 αὐτῷ
1540 3521 1990 3593 προσφεύγωμεν,
2024 3522 2119 3576 καὶ

440 3609 678 3678 συνεχῶς
708 3609 870 3663 αὐτὸν
908 3609 1163 3679 καλῶμεν
1189 3612 1267 3673 είς
1304 3611 1584 3680 ἀντίληψιν
1611 3610 1790 3682 ἡμῶν.
1829 3611 1927 3664 Διά
1961 3610 2119 3664 τοῦτο

437 3690 532 3748 οῦν
561 3695 851 3765 ἀλγηδόνες
881 3695 1148 3767 σώματος,
1180 3697 1267 3750 διά
1305 3698 1462 3751 τοῦτο
1491 3698 1711 3769 ἀφορίαι
1749 3697 1999 3770 καρπῶν,
2027 3697 2117 3753 διὰ

440 3781 598 3835 τοῦτο
629 3781 797 3852 λιμοὶ,
833 3782 920 3835 ἵνα
949 3783 1055 3836 ἀπὸ
1083 3784 1188 3836 τῶν
1218 3783 1448 3852 θλίψεων
1485 3785 1688 3838 τούτων
1722 3786 1950 3839 πάντοτε
1980 3786 2117 3856 πρὸς

439 3868 601 3924 αὐτὸν
630 3868 1052 3940 ἐκκρεμὼμεθα,
1077 3870 1171 3923 καὶ
1202 3869 1342 3923 οὕτω
1373 3871 1462 3924 διὰ
1488 3871 1594 3924 τῶν
1617 3873 1969 3945 προσκαίρων
2003 3872 2115 3924 θλί-

437 3956 585 4027 ψεων
613 3956 711 4028 τὴν
741 3956 956 4012 αἰώνιον
989 3957 1131 4028 ζωὴν
1159 3958 1676 4031 κληρονομήσωμεν.
1713 3962 1874 4016 Ὥστε
1899 3957 1991 4016 οῦν
2020 3963 2114 4018 καὶ

440 4044 580 4117 ὑπὲρ
624 4045 825 4098 τούτων
866 4046 1206 4116 εὐχαριστεῖν
1249 4047 1532 4118 ὀφείλομεν
1587 4047 1667 4118 τῷ
1717 4049 1856 4119 Θεῷ,
1906 4049 1983 4120 τῷ
2026 4050 2114 4104 διά

439 4131 648 4185 πολλῶν
679 4131 966 4203 μεθοδειῶν
992 4133 1204 4204 ἰωμένῳ
1233 4135 1327 4187 καὶ
1352 4133 1575 4198 σώζοντι
1604 4135 1702 4200 τὰς
1728 4137 1905 4207 ψυχὰς
1932 4138 2110 4209 ἡμῶν.

442 4219 749 4292 ’Ἄνθρωποι
813 4220 910 4290 μὲν
955 4219 1064 4291 γὰρ
1111 4220 1204 4273 ἐὰν
1262 4222 1422 4291 τυχὸν
1477 4223 1908 4295 εὐεργετήσωσιν
1961 4227 2108 4296 ἡμᾶς

437 4323 588 4372 ποτε,
617 4303 735 4360 εἶτα
769 4306 990 4370 ἄκοντες
1014 4308 1208 4371 αὐτοὺς
1236 4307 1565 4380 λυπήσωμέν
1599 4328 1652 4363 τι
1698 4312 1909 4383 μικρὸν,
1945 4313 2107 4376 εὐθὺς

435 4393 749 4458 ὀνειδίζουσι
809 4393 907 4466 τὴν
956 4394 1270 4465 εὐεργεσίαν
1313 4397 1675 4467 προφέροντες
1751 4397 1826 4462 ὡς
1880 4398 2105 4462 πολλοὺς

503 4517 527 4546 ⁸
549 4519 698 4566 Savil.
725 4518 1056 4580 ἐπαρωμένοις,

1279 383 1636 444 8.]οΑΝΝ18
1673 383 1856 438 CIIRY
1868 381 2136 439 SOSTOM

2224 379 2514 436 \RCHIEP.
2555 376 3102 435 CONSTANTINOP.

3786 353 3894 409 506

2222 484 2562 555 καταρᾶσθαι
2591 483 2821 545 ἑαυτοῖς,
2860 481 2942 534 ὅτι
2980 480 3114 542 ὅλως
3145 477 3271 547 παρ’
3306 474 3482 529 αὐτῶν
3523 474 3898 543 εὐηργετήθη-

2222 593 2355 631 σαψ
2395 577 2424 630 ό
2460 575 2515 629 δὲ
2545 575 2676 640 Θεὸς
2719 575 2818 644 οὐχ
2860 571 3052 633 οὕτως,
3088 569 3222 622 ἀλλά
3257 566 3395 638 μετὰ
3436 563 3535 628 τάς
3577 562 3899 633 εὐεργεσίας

2221 663 2722 736 καταφρονούμενος
2787 660 2882 714 καὶ
2937 655 3322 729 ὑϐριζόμενος,
3376 652 3562 723 ἀκμὴν
3621 651 3715 704 καὶ
3764 651 3901 702 ἀπο-

2219 753 2478 820 λογεῖται,
2529 751 2620 803 καὶ
2664 747 2892 810 εὐθύνας
2941 745 3171 816 παρέχει
3216 744 3327 805 τοῖς
3385 739 3668 812 ὑϐρικόσιν
3713 737 3898 797 αὑτὸν,

2219 840 2419 893 οὑτωσὶ
2446 837 2644 905 λέγων·
2676 837 2832 899 Λαός
2860 850 2998 902 μου,
3027 832 3082 885 τί
3113 826 3372 896 ἐποίησὰ
3403 841 3503 880 σοι
3527 841 3545 889 ;
3575 824 3741 877 Αὐτοὶ
3767 823 3901 876 Θεὸν

2221 927 2318 980 οὐκ
2353 924 2632 979 ἐϐούλοντο
2664 922 2824 976 αὐτὸν
2853 919 3052 984 καλεῖν,
3091 918 3186 971 καὶ
3219 915 3378 978 αὐτὸς
3406 913 3467 966 οὐ
3500 913 3734 965 διέλειπε
3771 910 3902 964 λαὸν

2221 1008 2419 1071 αὐτοὺς
2446 1005 2754 1077 ὀνομάζειν
2780 1003 2933 1058 αὐτοὶ
2962 999 3301 1072 παρῃτοῦντο
3323 998 3421 1068 τὴν
3443 994 3901 1056 δεσποτείαν,αὐ-

2223 1095 2314 1160 τὸς
2345 1095 2403 1149 δέ
2446 1095 2546 1148 οὐκ
2602 1095 2822 1164 1ήρνεῖτο
2869 1090 3088 1153 αὐτοὺς,
3140 1087 3256 1141 ἀλλ’
3305 1084 3586 1156 ᾠκειοῦτο,
3621 1083 3718 1135 καὶ
3763 1081 3900 1152 πρὸς

2223 1183 2413 1237 ἑαυτὸν
2439 1178 2590 1236 εἷλκε
2624 1181 2818 1248 λέγων·
2867 1178 3026 1242 Λαός
3054 1193 3194 1244 μου,
3247 1175 3305 1227 τί
3337 1170 3598 1240 ἐποίησά
3645 1185 3778 1233 σοι;
3807 1168 3898 1236 Μὴ

2225 1269 2484 1342 φορτικός
2514 1286 2620 1331 σοι,
2657 1267 2844 1337 φησὶν,
2888 1263 3178 1334 ἐγενόμην,
3217 1261 3250 1334 ἢ
3298 1259 3467 1331 βαρὺς
3496 1258 3590 1310 καὶ
3617 1255 3898 1342 ἐπαχθής

2238 1339 2378 1410 ὖΑλλ’
2411 1356 2533 1410 οὐδὲ
2565 1353 2725 1410 τοῦτο
2753 1353 2897 1425 ἔχεις
2923 1353 3117 1404 εἰπεῖν·
3152 1350 3201 1402 εἰ
3231 1347 3337 1418 γὰρ
3370 1343 3645 1400 καὶτοῦτο
3668 1339 3900 1414 ἧν,ούδὲ

2223 1445 2398 1508 οῦτως
2431 1443 2542 1497 ἔδει
2576 1459 2637 1496 σε
2670 1440 3096 1512 ἀποσκιρτῑβαι.
3153 1438 3251 1502 Τίς
3284 1435 3392 1504 γάρ
3420 1435 3592 1488 ἐστιν⁹
3627 1432 3781 1496 υίὸς,
3825 1427 3900 1482 ὃν

2225 1535 2298 1588 οὐ
2326 1531 2593 1585 παιδεύει
2616 1528 2811 1597 πατήρ
2829 1543 2848 1591 ;
2863 1527 3002 1580 Ἀλλ’
3024 1528 3174 1596 ὅμως
3204 1524 3327 1577 οὐδὲ
3352 1521 3510 1574 τοῦτο
3529 1520 3680 1591 ἔχετε
3699 1520 3894 1571 εἰπεῖν.

2224 1621 2336 1673 Καὶ
2362 1619 2525 1673 πάλιν
2565 1615 2819 1687 ἀλλαχοῦ·
2860 1615 2919 1671 Ti
2971 1614 3236 1682 εὕροσαν
3274 1615 3327 1664 ol
3355 1608 3608 1676 πατέρες
3631 1605 3802 1676 ὑμῶν
3831 1605 3901 1658 ἐν

2227 1707 2357 1776 ἐμοὶ
2381 1706 2824 1776 πλημμέλημα;
2862 1703 3025 1770 Μέγα
3055 1701 3151 1753 καλ⁵
3167 1697 3476 1769 θαυμαστὸν
3499 1696 3558 1748 τὸ
3585 1693 3896 1766 εἰρημένον·

2227 1773 2269 1847 ὖ-
2299 1792 2408 1866 γὰρ
2606 1789 2846 1844 τοιοῦτόν
2871 1791 3006 1841 ἐστι·
3037 1786 3102 1839 Τί
3136 1786 3403 1856 ἥμαρτον,
3436 1781 3635 1852 φησίν;
3677 1781 3739 1834 Ὀ
3767 1779 3901 1842 Θεὸς

2227 1880 2378 1950 λέγει
2413 1881 2527 1943 τοῖς
2573 1875 2904 1947 ἀνθρώποις,
2956 1874 3022 1928 Τί
3057 1874 3335 1943 ἥμαρτονς
3385 1871 3522 1942 ὅπερ
3558 1870 3678 1922 οὐδέ
3720 1867 3901 1922 δοῦλοι

2225 1964 2319 2018 τὸν
2349 1963 2614 2031 δεσπότην
2643 1958 2980 2030 φθέγξασθαι
3026 1957 3329 2026 ἀνέχονται.
3371 1953 3482 2006 Καὶ
3519 1952 3579 2005 οὐ
3613 1951 3785 2020 λέγει,
3833 1950 3902 2003 Τί

2225 2051 2471 2122 ἥμαρτον
2495 2051 2575 2112 εἰς
2604 2048 2768 2117 ὑμᾶς,
2801 2045 2938 2110 ἀλλ’,
2972 2046 3052 2108 εις
3095 2045 3222 2105 τοὺς
3261 2040 3497 2111 πατέρας
3530 2039 3707 2109 ὑμῶν,
3759 2036 3902 2122 Ἄλλο

2225 2120 2358 2189 οὐδέ
2391 2132 2566 2197 τοῦτο,
2617 2133 2799 2202 φησιν,
2836 2129 2986 2200 ἔχετε
3015 2129 3210 2189 εἰπεῖν,
3261 2126 3345 2178 ὅτι
3386 2122 3658 2193 πατρικὴν
3689 2122 3773 2184 εἰς
3801 2120 3904 2190 ἐμὲ

2226 2226 2442 2294 τηρεῖτε
2477 2220 2695 2290 ἔχθραν·
2719 2217 2839 2273 οὐδέ
2876 2216 2984 2286 γὰρ
3014 2216 3142 2276 τοὺς
3169 2213 3462 2285 προγόνους
3487 2210 3642 2281 ὑμῶν
3669 2208 3906 2278 ἐγκαλι-

2228 2329 2318 2366 σαι
2348 2310 2476 2363 ποτέ
2504 2310 2693 2379 ἀφῆκα
2744 2309 2811 2376 τῇ
2863 2307 2971 2375 ἐμῇ
3002 2302 3250 2374 προνοίᾳ,
3288 2302 3344 2352 ἐν
3393 2299 3574 2370 μικρῷ
3605 2298 3638 2369 ἦ
3676 2297 3904 2367 μεγάλῳ

2225 2397 2470 2470 παριδὼν
2499 2395 2714 2458 αὐτούς.
2749 2394 2860 2448 Καὶ
2882 2393 2983 2446 οὐκ
3017 2387 3169 2444 εἶπεν
3197 2387 3408 2452 ἁπλῶς,
3437 2388 3503 2440 Τί
3526 2387 3686 2455 έσχον
3715 2387 3768 2438 οἰ
3795 2403 3906 2437 πα-

2223 2491 2381 2562 τέρες
2409 2488 2582 2559 ὑμῶν,
2612 2485 2769 2550 ἀλλὰ,
2799 2485 2861 2538 Τί
2898 2478 3116 2552 εὗρον;
3144 2479 3316 2534 Πολλά
3349 2478 3705 2548 ζητήσαντες,
3729 2474 3905 2527 πολλά

2225 2577 2602 2650 περιελθόντες
2648 2576 2705 2628 ἐν
2751 2572 3025 2634 τοσούτοις
3054 2569 3226 2623 ἔτεσιν
3275 2568 3379 2620 ὑπὸ
3420 2567 3520 2636 τὴν
3547 2563 3692 2635 ἐμὴν
3725 2563 3904 2634 ἀρχὴν

2225 2668 2528 2737 γενόμενοι,
2551 2663 2703 2717 οὐδὲν
2725 2657 2882 2734 εὗρον
2911 2662 2968 2713 ἐν
2993 2661 3117 2730 ἐμοὶ
3142 2657 3526 2728 πλημμέλημα.
3556 2654 3660 2706 Διά
3676 2652 3746 2723 δὴ
3770 2652 3905 2704 ταῦ.

2223 2772 2292 2809 τα
2335 2755 2513 2809 πάντα
2555 2750 2794 2821 συνεχῶς
2846 2748 2982 2820 πρὸς
3022 2746 3182 2800 αὐτὸν
3233 2742 3693 2812 καταφεύγωμεν,
3747 2738 3903 2810 [5091

2223 2843 2319 2896 καὶ
2344 2844 2401 2896 ἐν
2433 2841 2583 2912 πάσῃ
2613 2838 2821 2909 ἀθυμίᾳ
2841 2834 3094 2906 ζητῶμεν
3109 2833 3205 2902 τὴν
3233 2829 3585 2902 παραμυθίαν
3612 2826 3809 2890 αὐτοῦ,
3843 2827 3904 2880 ἐν

2224 2934 2372 3004 πάσῃ
2413 2931 2667 3002 συμφορᾷ
2711 2928 2809 2999 τὴν
2855 2924 3022 2980 αὐτοῦ
3075 2923 3247 2987 λύσιν,
3301 2921 3390 2973 τὸν
3427 2918 3590 2972 αὐτοῦ
3643 2917 3819 3004 ἐλεσν,
3846 2918 3907 2969 ἐν

2221 3001 2380 3074 παντί
2402 3001 2693 3090 πειρασμῷ
2721 3015 2818 3087 τὴν
2841 3011 3002 3068 αὐτοῦ
3035 3010 3304 3082 βοήθειαν·
3335 3004 3446 3061 οἷον
3465 3008 3572 3077 γὰρ
3604 3006 3706 3060 ἐάν
3793 3006 3903 3058 δει-

2220 3108 2329 3172 νὸν,
2361 3101 2472 3160 οἷον
2499 3099 2647 3178 ἑάνῇ
2681 3101 2911 3174 μέγεθος
2946 3100 3252 3170 συμφορᾶς,
3281 3097 3456 3150 πάντα
3484 3096 3579 3148 καὶ
3603 3093 3775 3147 λῦσαι
3807 3094 3905 3146 καὶ

2220 3195 2566 3267 παραγαγεῖν
2587 3191 2830 3245 δύναται·
2849 3191 2912 3242 οὐ
2945 3189 3106 3259 μόνον
3135 3187 3211 3242 δὲ.
3239 3184 3374 3239 ἀλλά
3403 3184 3497 3236 καὶ
3525 3184 3714 3236 πᾶσαν
3729 3181 3905 3250 ἀσφά·

2219 3282 2370 3336 λειαν
2398 3281 2492 3334 καὶ
2529 3279 2760 3349 δύναμιν
2793 3277 2887 3330 καὶ
2940 3275 3098 3339 δόξαν
3144 3272 3374 3342 ἀγαθὴν,
3401 3270 3496 3324 καὶ
3536 3269 3758 3336 ὑγίειαν
3794 3268 3904 3320 σώ-

2219 3387 2408 3442 ματος,
2440 3369 2535 3421 καὶ
2567 3364 2886 3436 φιλοσοφίαν
2905 3362 3106 3433 ψυχῆς,
3137 3360 3232 3414 καὶ
3254 3358 3470 3421 ἐλπίδας
3505 3355 3779 3427 χρηστὰς,
3807 3355 3904 3409 καὶ

2216 3457 2278 3510 τὸ
2299 3458 2374 3528 μὴ
2404 3455 2614 3526 ταχέως
2647 3451 3004 3537 ἁμαρτάνειν,
3051 3451 3086 3521 ἡ
3133 3448 3404 3517 ἀγαθότης
3437 3443 3617 3537 Δαὐτοῦ
3665 3443 3902 3537 παρέξει

2216 3546 2370 3615 ἡμῖν.
2400 3544 2490 3614 Μὴ
2519 3539 2612 3597 οὖν
2649 3532 2794 3596 κατά
2838 3540 2964 3602 τούς
3010 3537 3329 3608 ἀγνώμονας
3360 3534 3575 3596 δούλους
3609 3532 3901 3602 γογγύζω-

2219 3649 2338 3702 μεν,
2381 3631 2516 3703 μηδὲ
2541 3629 2634 3683 τοῦ
2667 3628 2938 3682 Δεσπότου
2967 3627 3450 3698 κατηγορήσωμεν,
3485 3620 3601 3674 ἀλλ’
3631 3623 3692 3673 ἐν
3733 3622 3900 3674 πᾶσιν

2215 3721 2644 3794 εὐχαριστῶμεν,
2669 3721 2763 3774 καὶ
2803 3719 2861 3772 ἓν
2896 3719 3054 3789 μόνον
3081 3716 3250 3770 δεινὸν
3283 3710 3422 3767 εἶναι
3458 3712 3801 3781 νομίζωμεν,
3833 3710 3897 3763 τὸ

2215 3814 2295 3876 είς
2348 3811 2512 3865 αὐτὸν
2549 3808 2966 3880 ἐξαμαρτάνειν.
3019 3805 3130 3860 Καὶ
3159 3805 3254 3857 ἐάν
3279 3802 3425 3856 οῦτω
3453 3801 3593 3871 πρὸς
3626 3801 3722 3853 τὸν
3760 3799 3896 3852 Θεὸν

2213 3899 2568 3971 διατεθῶμεν,
2600 3900 2662 3952 οὐ
2692 3898 2867 3961 νόσος,
2896 3896 2954 3948 οὐ
2982 3893 3163 3956 πενία,
3191 3893 3290 3945 οὐκ
3320 3889 3527 3960 ἀτιμία,
3554 3890 3658 3942 οὐκ
3686 3883 3894 3957 ἀφορία

2213 3987 2464 4058 καρπῶν,
2489 3987 2589 4040 οὐκ
2622 3985 2749 4040 ἀλλο
2783 3984 2933 4037 οὐδὲν
2971 3981 3082 4034 τῶν
3105 3978 3405 4033 δοκούντων
3435 3973 3573 4030 εἰναι
3623 3974 3894 4044 λυπηρῶν

2211 4075 2510 4141 διαδέξεται
2540 4076 2572 4144 ἠ
2583 4075 2710 4144 μᾶς,
2750 4071 2886 4126 ἀλλὰ
2916 4069 3160 4140 καθαρὰν
3185 4066 3378 4138 ἡδονὴν
3408 4066 3502 4118 καὶ
3525 4063 3700 4134 ἁγνὴν
3735 4079 3893 4132 καρ-

2213 4164 2473 4232 πούμενοι
2500 4159 2812 4225 διαπαντὸς,
2855 4159 2949 4214 καὶ
2998 4157 3106 4210 τῶν
3163 4155 3461 4226 μελλόντων
3493 4152 3720 4220 ἀγαθῶν
3767 4156 3893 4205 ἐπι·-

2210 4249 2534 4321 τευξόμεθα,
2557 4248 2646 4301 διὰ
2677 4247 2776 4318 τῆς
2821 4247 3040 4317 χάριτος
3071 4243 3162 4297 καὶ
3196 4242 3605 4313 φιλανθρωπίας
3633 4239 3732 4293 τοῦ
3770 4241 3889 4293 Κυ-

2215 4340 2332 4411 ρίου
2375 4337 2531 4409 ὴμῶν
2575 4334 2748 4405 Ἰησοῦ
2790 4333 3048 4405 Χριστοῦ,
3101 4331 3216 4401 μεθ’
3243 4326 3304 4385 οὗ
3335 4329 3412 4399 τῷ
3438 4328 3615 4399 Πατρὶ
3650 4330 3683 4398 ἡ
3735 4329 3885 4393 δόξα,

2212 4426 2328 4496 ἅμα
2348 4425 2424 4495 τῷ
2452 4424 2590 4494 ἁγίῳ
2611 4421 2909 4493 Πνεύματι,
2939 4420 3030 4474 νῦν
3051 4419 3144 4472 καὶ
3166 4417 3273 4484 ἀεὶ,
3303 4419 3396 4470 καὶ
3419 4420 3496 4481 εἰς
3518 4417 3647 4480 τοὺς
3679 4418 3887 4481 αἰῶνας

2211 4514 2319 4566 τῶν
2343 4513 2572 4567 αἰώνων.
2616 4511 2808 4581 Ἀμήν.

512 4839 622 4896 Τοῦ
641 4841 826 4896 αὑτοῦ
853 4845 1056 4914 ὁμιλία
1087 4847 1217 4915 περί
1254 4849 1538 4915 νηστείας
1573 4848 1671 4902 καί
1700 4850 1786 4914 εἰς
1824 4848 1931 4900 τὸν
1957 4846 2271 4916 προφήτην
2327 4851 2544 4917 Ἰωνᾶν,
2591 4852 2686 4906 καί
2740 4849 2986 4918 Δανιὴλ,
3043 4849 3143 4904 καὶ
3181 4850 3322 4915 τοὺς
3367 4849 3524 4918 τρεῖς
3561 4849 3810 4915 παῖδας.

1361 4939 1611 5008 Ἐλέχθη
1642 4937 1711 4991 δὲ
1743 4941 1829 5004 εις
1861 4939 1975 5005 τὴν
1993 4937 2240 4994 εισοδον
2271 4941 2390 4996 τῶν
2418 4944 2603 5013 ἁγίων
2627 4941 2940 5010 νηστειῶν.

1104 5314 1332 5383 Ὀμιλία
1367 5326 1432 5368 ε’.

498 5396 784 5466 α’.Φαιδρά
810 5399 1048 5468 σήμερον
1067 5400 1198 5469 ἡμῖν
1232 5401 1264 5466 ἡ
1312 5403 1636 5472 πανήγυρις,
1662 5405 1754 5456 καὶ
1791 5405 2092 5477 λαμπρότε-

351 5483 354 5486 ’
432 5500 523 5549 ρος
557 5482 654 5537 τοῦ
693 5483 952 5554 συνήθους
981 5487 1010 5538 ό
1041 5484 1313 5554 σύλλογος.
1371 5487 1436 5539 Τί
1481 5506 1609 5541 ποτε
1643 5491 1751 5560 ἄρα
1781 5490 1842 5542 τὸ
1885 5493 2085 5560 αίτιον;

429 5571 695 5640 Νηστείας
717 5570 778 5622 τὸ
809 5571 1136 5642 κατόρθωμα
1161 5574 1336 5627 τοῦτο’
1364 5571 1480 5628 οῖδα
1502 5577 1673 5646 κάγώ’
1699 5580 1950 5648 νηστείας
1969 5581 2088 5652 οὐχὶ

428 5655 722 5728 παρούσης,
745 5657 879 5710 ἀλλά
908 5658 1376 5732 προσδοκωμένης.
1404 5662 1614 5734 Ἐκείνη
1638 5663 1746 5735 γὰρ
1772 5667 1917 5736 ἡμᾶς
1950 5667 2087 5738 πρὸς

433 5741 514 5793 τὸν
533 5743 782 5811 πατρῷον
810 5745 1110 5810 συνήγαγεν
1143 5742 1307 5801 οἷκονο
1340 5750 1521 5814 ἐκείνη
1551 5751 1643 5805 καὶ
1666 5753 1788 5815 τοὺς
1819 5752 1924 5818 πρὸ
1951 5754 2077 5808 τού-

2196 5332 2288 5369 του
2317 5315 2740 5389 ρᾳθυμοτέρους,
2769 5323 3006 5392 σήμερον
3035 5324 3171 5392 πρὸς
3196 5323 3290 5388 τὰς
3327 5325 3600 5398 μητρικάς
3623 5337 3641 5357 ⁸
3663 5330 3881 5400 ἐπανή-

2195 5421 2333 5472 γαγε
2365 5407 2573 5476 χεῖρας.
2608 5407 2669 5459 Et
2700 5409 2757 5460 δὲ
2804 5411 2897 5463 καὶ
2935 5412 3358 5483 προσδοκωμένη
3405 5414 3563 5483 μόνον
3596 5420 3880 5491 τοσαύτην

2191 5492 2324 5561 ἡμῖν
2370 5493 2651 5566 ἐνεποίησε
2701 5498 2956 5569 σπουδὴν,
3021 5501 3252 5569 φανεῖσα
3301 5499 3395 5554 καὶ
3445 5508 3879 5577 παραγενομένη

2194 5579 2367 5649 πόσην
2394 5582 2449 5633 ἐν
2475 5584 2604 5652 ἡμῖν
2637 5585 2928 5653 ἐργάσεται
2965 5587 3063 5658 τὴν
3094 5588 3414 5655 εὐλάϐειαν;
3451 5589 3608 5643 Οῦτω
3634 5593 3729 5644 καὶ
3775 5595 3873 5646 πό-

2191 5665 2274 5728 λις
2297 5665 2554 5736 ἄρχοντος
2577 5673 2906 5726 εἰσελαύνειν
2933 5674 3216 5744 μέλλοντος
3234 5676 3485 5748 φοϐεροῦ,
3511 5679 3691 5732 πᾶσαν
3733 5681 3876 5733 ἀπε-

2249 5775 2272 5798 ·
2297 5764 2444 5815 Savil.
2469 5773 2522 5815 et
2549 5781 2672 5817 unus
2696 5769 2879 5827 Regius
2912 5771 2995 5827 τὰς
3017 5773 3262 5833 πατρικάς.
