4046 6396
525 438 625 493 507

523 567 672 620 suro,
699 566 913 608 omnem
953 548 1148 606 omittit
1183 548 1463 616 desidiam,
1509 549 1805 621 majorique
1851 550 2113 606 excitatur

522 642 723 697 studio.

594 732 862 788 Demones
900 733 1154 803 jejunium
1198 732 1602 786 Christianorum
1637 742 1884 786 metuunt.
1910 764 1981 773 —
2007 732 2113 788 Sed

523 826 664 881 haud
693 826 878 880 timete
909 823 1242 880 tremendum
1271 824 1562 894 principem
1591 825 1852 895 jejunium
1891 825 2113 881 audien-

523 925 605 970 tes
637 933 650 968 :
681 931 785 969 non
821 915 962 970 enim
994 914 1166 981 vobis,
1195 914 1290 969 sed
1329 914 1718 969 daemoniorum
1759 925 1964 970 naturae
2003 927 2113 970 tre-

523 1007 778 1062 mendum
798 1016 901 1062 est.
931 1005 1141 1060 Etenim
1163 1007 1207 1060 si
1229 1006 1491 1061 lunaticus
1510 1005 1670 1061 fuerit
1692 1008 1832 1077 quis,
1852 1007 2038 1077 jejunii
2065 1007 2115 1061 ei

523 1096 710 1151 faciem
737 1096 982 1162 ostende,
1011 1106 1170 1166 atque
1196 1097 1460 1166 lapidibus
1489 1097 1619 1167 ipsis
1645 1098 1971 1152 immobilior
1995 1113 2114 1152 ma-

525 1201 616 1241 net
659 1187 850 1242 timore
886 1188 1226 1255 constrictus,
1253 1196 1309 1242 et
1335 1187 1494 1243 veluti
1523 1187 1736 1244 vinculo
1758 1189 1986 1260 quodam
2016 1189 2115 1245 de-

524 1287 704 1332 tentus
735 1295 750 1333 :
778 1278 936 1348 idque
965 1279 1322 1347 potissimum,
1344 1294 1465 1334 cum
1485 1279 1676 1334 viderit
1699 1280 1904 1351 jejunio
1931 1281 2118 1352 adjun-

521 1379 663 1422 ctarn
704 1385 942 1424 sororem
961 1369 1504 1440 eontubernalemque
1525 1370 1741 1440 jejunii,
1772 1373 2068 1426 orationem
2100 1389 2114 1424 :

524 1458 646 1515 ideo
673 1459 915 1516 Christus
935 1460 1063 1515 dicit
1086 1478 1100 1514 :
1129 1459 1242 1514 Hoc
1259 1478 1417 1533 genus
1443 1479 1545 1516 non
1573 1463 1775 1533 ejicitur
1797 1464 1894 1518 nisi
1923 1465 1976 1518 in
2003 1481 2118 1518 ora-

520 1553 656 1605 tione
695 1561 741 1606 et
775 1553 977 1622 jejunio
1003 1551 1218 1625 (Matth.
1248 1555 1336 1608 l7.
1367 1552 1482 1626 20).
1522 1555 1656 1611 Cum
1699 1558 1878 1627 itaque
1919 1567 2117 1612 nostra:

520 1643 708 1696 salutis
736 1641 920 1697 hostes
940 1644 1016 1698 sic
1039 1654 1405 1714 persequatur,
1428 1654 1587 1716 atque
1613 1647 1842 1703 inimicis
1867 1648 1986 1703 vita:
2013 1664 2115 1702 no-

521 1743 650 1787 strae
680 1743 786 1787 tam
818 1735 888 1789 sit
916 1734 1211 1789 timendum
1231 1777 1247 1799 ,
1274 1750 1457 1792 amare
1487 1746 1541 1792 et
1559 1737 1782 1808 diligere
1805 1738 1860 1793 id
1884 1749 2114 1809 oportet,

523 1837 629 1876 non
661 1823 850 1879 timere
881 1841 894 1876 :
923 1826 967 1878 si
997 1825 1138 1879 enim
1171 1826 1464 1882 timendum
1489 1836 1611 1895 est,
1655 1829 1886 1884 ebrietas
1914 1839 1969 1884 et
1995 1845 2117 1885 cra-

521 1914 668 1984 pula,
688 1930 792 1970 non
814 1915 1073 1985 jejunium
1103 1917 1276 1972 timeri
1301 1917 1481 1974 debet.
1509 1919 1601 1975 llla
1623 1920 1882 1990 siquidem
1905 1932 2116 1978 nostras

524 2014 644 2073 post
689 2014 832 2076 terga
881 2006 1048 2076 ligans
1089 2023 1300 2075 manus,
1340 2009 1590 2064 vitiorum
1637 2013 1922 2083 tyrannidi,
1955 2014 2117 2068 veluti

521 2096 731 2149 cuidam
752 2111 926 2166 pravae
946 2097 1198 2164 dominae,
1217 2113 1406 2154 servos
1429 2115 1528 2154 nos
1547 2103 1886 2172 captivosque
1904 2103 2076 2159 reddit
2101 2123 2116 2158 :

519 2186 780 2256 jejunium
811 2203 938 2242 vero
963 2203 1149 2244 servos
1176 2189 1476 2245 existentes
1501 2205 1600 2246 nos
1627 2201 1787 2262 atque
1818 2193 2006 2263 ligatos
2033 2195 2114 2249 in-

523 2279 768 2345 veniens,
786 2279 998 2334 vincula
1019 2281 1178 2334 solvit
1201 2290 1255 2335 et
1277 2281 1556 2351 tyrannide
1577 2283 1784 2350 liberat,
1812 2286 2118 2355 pristinam-

523 2383 627 2436 que
653 2368 707 2422 in
735 2369 1030 2424 libertatem
1062 2371 1284 2425 reducit.
1315 2371 1478 2441 Igitur
1506 2374 1721 2444 quando
1747 2376 1989 2432 inimicos
2010 2393 2112 2432 no-

519 2469 662 2514 stros
709 2470 995 2530 expugnat,
1036 2463 1396 2533 servituteque
1439 2479 1538 2519 nos
1579 2464 1800 2529 liberat,
1843 2477 2002 2538 atque
2048 2470 2114 2523 ad

521 2552 754 2620 priorem
778 2553 983 2608 reducit
1005 2553 1326 2621 libertatem,
1345 2572 1502 2626 quam
1533 2557 1691 2613 aliam
1715 2560 1969 2629 majorem
1994 2564 2114 2632 eius

521 2657 649 2711 erga
679 2652 922 2698 nostrum
941 2660 1108 2714 genus
1135 2647 1386 2702 amicitiae
1412 2650 1678 2704 rationem
1707 2653 1981 2722 exquiris?
2010 2655 2110 2709 Et--

524 2735 667 2788 enim
711 2735 998 2790 maximum
1045 2739 1244 2793 amoris
1279 2739 1533 2796 indicium
1573 2742 1624 2796 id
1663 2757 1784 2818 esse
1812 2744 2041 2812 videtur,
2069 2749 2114 2801 si

522 2827 738 2882 eosdem
769 2829 1043 2884 nobiseum
1071 2841 1215 2886 amet
1239 2835 1379 2902 quis,
1407 2843 1460 2889 et
1480 2835 1605 2891 odio
1632 2850 2000 2909 prosequatur.

593 2917 963 2974 Monachorum
990 2922 1121 2976 laus.
1147 2953 1220 2963 —
1250 2923 1341 2978 Vis
1366 2925 1594 2994 discere,
1621 2940 1850 2998 quantus
1877 2933 2107 2987 homini-

525 3011 623 3064 bus
647 3021 867 3064 ornatus
895 3013 964 3066 sit
989 3013 1271 3083 jejunium,
1301 3027 1555 3087 quantum
1586 3029 1821 3077 tutamen
1851 3039 1913 3078 ac
1941 3035 2114 3080 custo-

519 3104 642 3160 dia?
666 3105 944 3161 considera
971 3107 1178 3162 beatum
1209 3119 1369 3181 atque
1393 3111 1706 3170 admirabile
1728 3117 2107 3173 monachorum

519 3212 709 3266 genus.
750 3199 812 3252 Hi
856 3216 1085 3270 namque
1123 3203 1404 3258 tumultum
1433 3207 1611 3261 surculi
1643 3207 1924 3278 fugientes,
1952 3220 2110 3280 atque

519 3291 587 3345 ad
615 3292 728 3360 ipsa
749 3293 1008 3346 montium
1033 3295 1305 3348 cacumina
1325 3307 1622 3364 currentes,
1645 3301 1850 3369 tuguria
1873 3301 1922 3355 in
1941 3304 2108 3357 eremi

519 3383 702 3449 quiete
747 3381 906 3436 veluti
955 3383 1006 3436 in
1055 3386 1341 3454 tranquillo
1383 3387 1614 3456 quodam
1657 3400 1815 3459 portu
1865 3390 2105 3461 figentes,

519 3473 779 3542 jejunium
801 3489 901 3529 ceu
926 3477 1234 3531 commercii
1261 3477 1492 3548 vitasque
1512 3481 1713 3535 socium
1739 3495 2106 3552 susceperunt.

521 3566 698 3632 Quare
737 3569 955 3637 angelos
1002 3583 1069 3623 ex
1116 3569 1418 3625 hominibus
1460 3572 1580 3626 illos
1624 3573 1749 3628 fecit
1788 3593 1801 3626 :
1843 3591 1950 3630 non
1990 3577 2110 3632 illos

518 3659 710 3723 modo,
737 3659 830 3714 sed
855 3669 908 3714 et
936 3660 989 3713 in
1018 3661 1234 3716 urbibus
1269 3674 1528 3733 quotquot
1555 3679 1614 3720 se
1640 3667 1930 3722 tolerantes
1956 3668 2108 3723 inve-

519 3750 620 3814 nit,
665 3749 733 3803 ad
778 3751 949 3819 ipsum
996 3752 1345 3822 philoSophiae
1389 3756 1598 3810 culmen
1643 3757 1840 3812 evehit.
1881 3759 2013 3814 Nam
2056 3773 2109 3815 et

520 3839 693 3894 Moses
738 3851 792 3895 et
837 3840 1000 3904 Elias,
1044 3843 1425 3912 prOphetarum
1463 3847 1514 3900 in
1549 3847 1726 3903 Veteri
1765 3849 2108 3908 Testamento

523 3939 716 3993 turres,
747 3933 952 3986 tametsi
974 3947 1038 3986 ex
1059 3933 1176 3988 aliis
1202 3934 1436 3990 illustres
1454 3938 1736 4008 magnique
1761 3938 2104 4010 haberentur,

521 4035 586 4075 ac
613 4021 777 4075 multa
810 4021 1001 4078 ﬁducia
1029 4023 1347 4093 gauderent;
1393 4035 1569 4083 tamen
1611 4029 1655 4083 si
1694 4030 1906 4099 quando
1939 4032 2106 4088 Deum

521 4111 770 4168 volebant
813 4113 962 4168 adire
1000 4123 1055 4169 et
1097 4115 1314 4186 alloqui,
1346 4127 1600 4188 quantum
1628 4118 1828 4175 homini
1857 4123 2109 4191 possibile

521 4214 660 4270 crat,
690 4204 761 4259 ad‘
787 4205 889 4260 hoc
913 4206 1306 4276 confugiebant,
1335 4221 1492 4279 atque
1522 4225 1616 4279 per
1641 4210 1800 4281 hujus
1823 4227 2012 4267 manus
2040 4215 2106 4268 ad

521 4297 687 4350 Deum
709 4298 1057 4353 ducebantur.
1092 4298 1298 4355 Idcirco
1325 4300 1463 4354 Deus
1497 4301 1767 4356 hominem
1791 4318 1822 4356 a
1848 4304 2108 4374 principio

520 4386 739 4453 faciens,
771 4389 910 4446 illico
939 4391 1169 4446 delatum
1199 4407 1322 4446 eum
1349 4391 1540 4461 jejunii
1564 4393 2109 4450 manibus-commen-

523 4477 686 4544 davit,
712 4480 870 4535 veluti
900 4482 998 4550 piae
1018 4480 1339 4550 amabilique
1359 4483 1516 4536 matri
1536 4490 1590 4536 et
1608 4484 1875 4554 magistrae
1889 4487 2106 4556 optima:

522 4573 880 4627 conimit'tens.
908 4572 1037 4627 Nam
1066 4573 1142 4626 Ab
1167 4574 1305 4627 omni
1337 4574 1475 4644 ligno
1509 4576 1738 4644 paradisi
1771 4577 2020 4641 comedes,
2044 4578 2108 4632 de

518 4661 657 4730 ligno
693 4677 807 4714 vero
843 4663 1062 4716 scientiae
1084 4663 1203 4717 boni
1221 4673 1268 4717 et
1295 4663 1420 4717 mali
1445 4681 1545 4718 non
1569 4667 1833 4720 comedetis
1867 4667 2019 4738 (Gen.
2045 4672 2100 4726 2.

519 4751 610 4806 16.
646 4750 732 4822 17)
759 4771 773 4806 :
799 4751 852 4805 id
876 4753 1083 4823 species
1108 4753 1301 4825 jejunii
1333 4763 1436 4811 est.
1475 4759 1531 4814 Si
1579 4768 1756 4812 autem
1783 4759 1834 4813 in
1859 4760 2106 4828 paradiso

515 4840 772 4909 jejunium
818 4844 1178 4898 necessarium
1224 4846 1342 4914 fuit,
1393 4857 1542 4902 extra
1586 4849 1891 4917 paradisum
1937 4852 2105 4906 multo

515 4931 685 5001 magis
716 4931 800 4987 :si
838 4944 962 4989 ante
999 4935 1207 5007 plagam
1248 4939 1391 4993 utilis
1425 4939 1691 4996 medicina
1717 4940 1910 5009 fuerat,
1937 4943 2104 4998 multo

515 5026 689 5094 magis
724 5036 843 5094 post
869 5027 1072 5098 plagam
1107 5047 1120 5082 :
1153 5030 1198 5084 si
1229 5032 1454 5087 necdum
1483 5032 1622 5088 bello
1646 5035 1990 5103 cupiditatum
2022 5037 2104 5090 in-

514 5126 767 5188 surgente
789 5118 940 5174 nobis
971 5136 1116 5176 arma
1145 5121 1355 5179 fuerant
1382 5136 1703 5196 opportuna,
1736 5129 1905 5183 multo
1930 5131 2101 5200 magis

517 5219 639 5279 post
667 5219 870 5266 tantum
896 5214 1240 5282 cupiditatum
1270 5219 1508 5287 praelium
1535 5235 1566 5274 a
1592 5219 1924 5277 daemonibus
1948 5223 2102 5279 nobis

515 5302 741 5367 illatum,
770 5307 1128 5362 necessarium
1171 5309 1324 5368 nobis
1370 5321 1451 5366 est
1493 5311 1680 5381 jejunii
1709 5313 2098 5370 commilitium.

514 5395 571 5448 Si
599 5394 736 5450 hanc
755 5396 992 5453 audisset
1011 5414 1200 5454 vocem,
1225 5401 1416 5468 Adam,
1449 5418 1780 5474 nequaquam
1811 5406 2099 5460 secundam

514 5485 750 5543 audisset
780 5508 793 5543 :
825 5488 987 5542 Terra
1007 5507 1080 5555 es,
1103 5502 1149 5545 et
1170 5495 1222 5546 in
1243 5504 1426 5547 terram
1449 5499 1705 5552 reverteris
1727 5496 1879 5568 (Gen.
1907 5499 1960 5554 5.
1988 5500 2097 5570 19).

514 5579 618 5634 Sed
646 5583 893 5651 quoniam
917 5583 1053 5639 hanc
1072 5585 1284 5654 quidem
1309 5597 1668 5658 transgressus
1688 5599 1789 5656 est,
1814 5601 2099 5662 propterea

515 5686 660 5725 mors
688 5681 744 5728 et
771 5689 915 5728 curre
954 5684 1010 5730 et
1045 5691 1296 5732 mrumnte
1340 5687 1394 5734 et
1435 5679 1664 5735 tristitia:
1707 5691 1762 5736 et
1803 5683 1909 5737 vita
1952 5686 2100 5739 omni

516 5774 684 5820 morte
711 5764 925 5834 gravior
956 5785 968 5820 :
999 5777 1280 5838 propterea
1311 5771 1478 5839 spinae
1505 5781 1559 5826 et
1587 5774 1786 5840 tribuli,
1814 5785 2096 5846 propterea

515 5850 718 5910 labores
747 5867 799 5912 et
826 5858 1056 5930 dolores,
1083 5861 1291 5933 vitaque
1317 5864 1570 5934 angustiis
1595 5865 1770 5936 plena.

1231 435 1289 492 S.
1331 434 1609 492 JOANNIS
1644 434 2121 492 CHRYSOSTOMI
2161 435 2474 494 ARCIllEP.
2515 439 3056 501 CONSTANTINOP.

3711 447 3816 502 sua

2295 552 2374 608 De
2403 556 2605 625 jejunio
2643 557 2846 612 (artatur
2889 558 3046 615 Deus.
3105 557 3412 616 Panitentia
3457 563 3669 632 fervens,
3699 565 3818 620 licet

2220 644 2400 714 brevis,
2433 649 2593 702 multa
2619 660 2824 718 peccata
2849 651 2999 705 delet.
3022 681 3094 698 -ο
3120 649 3310 707 Vidisti
3335 655 3598 724 quomodo
3619 656 3815 710 irasci-

2223 749 2308 794 tur
2337 741 2478 795 Deus
2507 741 2711 811 jejunio
2747 744 2971 813 spreto?
3011 744 3158 800 disce
3199 756 3251 800 et
3291 749 3557 816 quomodo
3600 747 3818 803 laetatur

2217 832 2420 902 jejunio
2444 831 2726 889 honorato.
2754 835 3212 901 Quemadmodum
3228 836 3368 892 enim
3389 837 3591 908 jejunio
3605 848 3812 908 spreto,

2221 925 2495 995 spernenti
2521 925 2839 995 supplicium
2869 925 3060 981 inﬂixit
3085 938 3308 982 mortem
3339 946 3351 982 :
3383 929 3461 984 sic
3497 930 3688 985 iterum
3718 946 3816 986 eo-

2222 1017 2344 1072 dem
2384 1016 2667 1084 honorato,
2699 1019 2766 1074 de
2809 1027 2982 1074 morte
3012 1027 3244 1075 revocat.
3271 1019 3403 1074 Nam
3429 1029 3483 1076 et
3503 1021 3688 1077 volens
3715 1022 3815 1078 tibi

2221 1108 2505 1163 ostendere
2531 1110 2607 1164 rei
2630 1111 2901 1177 virtutem,
2925 1119 3238 1180 potestatem
3266 1112 3362 1182 ipsi
3383 1112 3528 1168 dedit
3547 1123 3666 1182 post
3685 1129 3814 1169 sen-

2225 1204 2467 1268 tentiam,
2497 1211 2617 1272 post
2643 1204 3039 1269 abductionem,
3068 1205 3324 1262 abductos
3348 1207 3414 1262 ad
3444 1218 3668 1264 mortem
3694 1225 3818 1264 me-
3855 1198 3869 1212 ’

2221 1293 2308 1347 dia
2333 1292 2400 1348 de
2429 1294 2511 1348 via
2542 1310 2762 1366 rapere,
2806 1304 2964 1366 atque
3007 1295 3262 1352 reducere
3300 1298 3368 1353 ad
3409 1299 3605 1366 vitam;
3649 1300 3816 1371 idque

2223 1400 2329 1439 non
2359 1385 2411 1439 in
2441 1385 2648 1441 duobus
2680 1387 2934 1453 tribusve,
2963 1396 3054 1442 aut
3074 1389 3257 1460 viginti
3284 1389 3606 1458 hominibus,
3631 1394 3732 1449 sed
3757 1395 3813 1449 in

2223 1476 2471 1531 universo
2499 1477 2846 1533 Ninivitarum
2873 1481 3068 1549 populo
3092 1497 3107 1547 ;
3133 1491 3190 1538 et
3223 1483 3412 1538 urbem
3441 1501 3684 1556 magnam
3711 1487 3814 1542 ad-

2223 1572 2624 1644 mirabilemque
2661 1590 2725 1631 ac
2766 1577 2992 1648 genibus
3035 1579 3190 1634 ﬂexis
3219 1580 3508 1650 jacentem,
3539 1581 3605 1635 ad
3635 1581 3816 1651 ipsum

2223 1663 2531 1720 barathrum
2557 1668 2669 1738 jam
2700 1669 3040 1726 inclinantem
3058 1683 3236 1742 caput,
3259 1673 3559 1730 venientem
3580 1675 3818 1743 desuper

2223 1755 2429 1826 plagam
2455 1767 2814 1828 accepturam,
2841 1762 3000 1816 veluti
3023 1763 3266 1832 quaedam
3285 1764 3449 1820 virtus
3474 1764 3707 1834 desuper
3726 1765 3819 1820 ad-

2222 1847 2408 1902 volans
2452 1865 2517 1904 ex
2565 1862 2715 1920 porta
2764 1854 2950 1907 mortis
2992 1855 3206 1924 eripuit,
3244 1866 3402 1926 atque
3435 1856 3502 1910 ad
3532 1856 3692 1911 vitam
3722 1873 3816 1912 re-

2225 1937 2396 1993 duxit.
2441 1941 2544 1995 Sed
2591 1943 2636 1995 si
2667 1943 2892 2003 videtur,
2929 1954 2984 2000 et
3007 1947 3173 2015 ipsam
3204 1947 3478 2002 audiamus
3509 1947 3812 2003 historiam.

2226 2030 2444 2086 Factum
2475 2045 2567 2100 est,
2598 2036 2785 2105 inquit,
2815 2038 3015 2091 verbum
3043 2038 3251 2094 Domini
3273 2041 3341 2093 ad
3369 2039 3576 2106 Ionam,
3601 2041 3775 2096 dicens
3795 2058 3817 2096 :

2224 2124 2392 2196 Surge
2413 2137 2462 2180 et
2486 2129 2614 2181 vade
2640 2131 2693 2182 in
2716 2129 2770 2183 Ν
2774 2131 2935 2185 iniven
2961 2133 3211 2187 civitatem
3232 2134 3471 2204 grandem
3499 2134 3648 2202 (Ion.
3677 2137 3732 2191 L
3756 2138 3812 2192 1.

2221 2215 2299 2286 2).
2345 2217 2534 2272 Statim
2565 2235 2630 2274 ex
2663 2221 2774 2291 ipsa
2818 2222 2963 2276 urbis
3001 2225 3363 2293 magnitudine
3392 2227 3504 2280 vult
3531 2227 3677 2280 illum
3709 2227 3813 2283 ﬂe-

2221 2322 2365 2367 ctere
2385 2355 2398 2379 ,
2433 2313 2662 2369 futuram
2693 2316 2989 2384 praevidens
3018 2319 3290 2387 propheta:
3316 2317 3513 2389 fugam.
3540 2319 3647 2375 Sed
3674 2337 3816 2391 prae-

2219 2405 2539 2460 dicationem
2567 2404 2845 2464 audiamus
2869 2427 2882 2463 :
2902 2409 3083 2463 Adhuc
3104 2420 3201 2464 tres
3218 2411 3322 2465 dies
3342 2413 3380 2478 ί,
3407 2422 3453 2466 et
3483 2411 3670 2466 Ninive
3690 2415 3815 2466 sub-

2219 2505 2433 2550 vertetur
2459 2494 2513 2565 (1
2521 2511 2607 2551 on.
2631 2495 2684 2548 '5.
2705 2494 2780 2565 4).
2823 2500 2888 2554 Et
2914 2499 3066 2570 cujus
3094 2502 3170 2556 rei
3199 2502 3364 2571 gratia
3383 2543 3399 2568 ,
3427 2517 3547 2572 qua:
3571 2502 3815 2558 facturus

2219 2602 2278 2641 es
2299 2587 2436 2642 mala
2465 2589 2741 2657 pnedicis?
2787 2591 2850 2649 Ut
2887 2607 2991 2646 non
3030 2590 3218 2648 faciam
3245 2608 3362 2663 qua:
3389 2593 3642 2664 prmdico.
3673 2593 3816 2648 Pro-

2219 2689 2399 2748 pterea
2419 2688 2474 2734 et
2493 2681 2789 2750 gehennam
2813 2682 3042 2738 minatus
3062 2693 3163 2749 est,
3181 2683 3362 2754 quoad
3382 2686 3680 2756 gehennam
3702 2702 3818 2742 non

2219 2772 2461 2827 abducat.
2485 2773 2766 2842 Terreant,
2784 2777 3073 2846 inquit,vos
3089 2779 3267 2846 verba,
3288 2795 3353 2833 ne
3367 2794 3453 2834 res
3463 2780 3811 2836 conturbent.

2215 2861 2380 2933 Cujus
2406 2874 2582 2920 autem
2622 2867 2697 2921 rei
2736 2869 2901 2937 gratia
2948 2869 3264 2939 praefinitum
3315 2872 3544 2940 spatium
3584 2872 3654 2926 ad
3699 2881 3813 2929 tam

2216 2955 2377 3012 breve
2405 2966 2612 3027 tempus
2639 2959 2877 3030 redegit?
2902 2962 3019 3029 Quo
3047 2972 3102 3018 et
3121 2963 3464 3017 barbarorum
3492 2965 3672 3021 discas
3699 2967 3814 3021 vir-

2217 3056 2404 3113 tutem,
2435 3051 2553 3103 dico
2573 3060 2749 3106 autem
2775 3052 3151 3118 Ninivitarum,
3177 3053 3267 3124 qui
3293 3055 3459 3110 tribus
3482 3055 3672 3111 diebus
3694 3067 3816 3111 tan-

2216 3148 2323 3192 tam
2357 3151 2692 3209 peccatorum
2739 3143 2872 3197 iram
2915 3145 3124 3200 solvere
3153 3155 3436 3215 potuerunt
3467 3166 3479 3201 :
3513 3157 3674 3218 atque
3712 3149 3814 3205 Dei

2215 3233 2555 3289 clementiam
2580 3235 2881 3303 admireris,
2914 3238 3070 3291 trium
3099 3237 3304 3293 dierum
3334 3241 3648 3309 paenitentia
3675 3256 3813 3295 eon-

2215 3324 2346 3376 tenti
2375 3332 2451 3378 tot
2479 3341 2574 3394 pro
2605 3327 2835 3396 peccatis
2868 3345 2881 3381 :
2912 3337 3074 3397 tuque
3116 3328 3488 3398 desperatione
3530 3346 3637 3384 non
3679 3346 3810 3386 cor-

2215 3430 2374 3481 ruas,
2417 3418 2516 3470 etsi
2560 3418 2754 3473 millies
2794 3421 3117 3488 peccaveris.
3161 3419 3622 3488 Quemadmodum
3661 3423 3812 3478 enim

2214 3507 2391 3561 anima
2418 3507 2676 3578 pigritans
2712 3517 2872 3580 atque
2913 3511 3202 3581 negligens,
3230 3527 3548 3582 quamquam
3575 3513 3812 3568 multum

2215 3601 2281 3656 ad
2307 3605 2672 3672 pmnitentiam
2704 3607 2958 3674 temporis
2985 3607 3226 3676 accipiat.
3247 3607 3378 3661 nihil
3408 3615 3665 3676 operatur
3692 3623 3809 3660 ma-

2212 3709 2397 3763 gnum,
2430 3711 2601 3766 neque
2629 3696 2731 3751 sibi
2771 3697 2871 3766 ipsi
2916 3699 3082 3754 Deum
3123 3699 3372 3754 conciliat
3399 3699 3467 3753 ob
3495 3699 3760 3754 desidiam
3789 3717 3806 3752 :

2214 3787 2292 3841 sic
2333 3789 2422 3856 qui
2471 3790 2744 3858 proposito
2783 3790 2970 3855 fervet,
3001 3800 3162 3862 atque
3201 3793 3365 3847 multa
3408 3807 3530 3847 cum
3571 3793 3807 3864 diligen-

2214 3879 2284 3930 tia
2333 3879 2698 3948 pmnitentiam
2738 3883 3012 3949 ostendit,
3041 3883 3189 3938 brevi
3231 3885 3482 3954 temporis
3521 3895 3802 3941 momento

2214 3971 2439 4041 longaevi
2505 3976 2760 4044 temporis
2822 3987 3036 4046 peccata
3104 3977 3286 4032 delere
3337 3978 3551 4048 poterit.
3609 3979 3801 4034 Nonne

2213 4065 2372 4118 tertio
2407 4065 2597 4121 Petrus
2635 4069 2878 4137 negavit?
2918 4084 3095 4124 nonne
3125 4070 3281 4124 tertio
3307 4085 3427 4124 cum
3455 4071 3805 4138 iuramento?

2211 4170 2389 4209 nonne
2417 4156 2532 4209 vilis
2559 4157 2833 4226 cujusdam
2874 4160 3082 4215 ancillae
3123 4160 3284 4216 verba
3335 4161 3529 4216 timens
3585 4162 3802 4234 (Matth.

2209 4247 2300 4303 26.
2348 4247 2436 4302 69.
2478 4248 2623 4318 70)?
2667 4249 2804 4318 Quid
2847 4253 3011 4321 ergo?
3048 4254 3353 4322 oportuitne
3386 4254 3536 4308 illum
3577 4255 3649 4309 ad
3690 4271 3803 4325 pot-

2212 4339 2486 4392 nitentiam
2541 4340 2738 4396 multos
2791 4356 2960 4396 annos
3017 4343 3229 4397 terere?
3268 4342 3659 4414 Nequaquam,
3708 4345 3802 4401 sed

2209 4429 2397 4484 eadem
2422 4438 2578 4484 nocte
2603 4429 2782 4499 lapsus
2811 4439 2895 4486 est
2921 4440 2975 4486 et
2999 4441 3208 4487 erectus
3230 4474 3246 4500 ,
3277 4433 3578 4503 vulnusque
3603 4445 3662 4490 et
3683 4452 3798 4490 me-

2209 4518 2438 4573 dicinam
2474 4521 2680 4589 accepit
2714 4539 2727 4574 :
2758 4523 3034 4592 argrotavit
3055 4565 3070 4588 ,
3099 4533 3260 4594 atque
3283 4525 3351 4579 ad
3378 4525 3615 4594 priorem
3644 4529 3801 4583 rediit

2210 4609 2511 4664 sanitatem.
2557 4611 2796 4679 Qualiter
2840 4624 2895 4667 et
2933 4615 3239 4684 quomodo?
3285 4616 3444 4671 Flens
3485 4627 3542 4672 et
3588 4618 3798 4689 lugens,

2209 4699 2319 4755 imo
2341 4716 2445 4755 non
2468 4703 2626 4756 modo
2652 4702 2806 4768 ﬂens,
2831 4706 2924 4760 sed
2947 4706 3112 4760 multo
3135 4722 3254 4760 cum
3277 4706 3452 4761 studio
3475 4718 3531 4762 et
3559 4709 3752 4764 aﬂ'ectu
3779 4725 3796 4765 :

2207 4802 2489 4863 propterea
2510 4795 2833 4865 evangelista
2861 4812 2965 4851 non
2992 4798 3124 4852 dixit
3145 4799 3392 4867 quoniam
3425 4800 3598 4854 solum
3622 4800 3795 4866 ﬂevit;

2206 4885 2300 4940 sed
2327 4927 2341 4952 ,
2395 4885 2558 4941 Flevit
2623 4904 2796 4943 amare
2849 4887 3007 4962 (Ibid.
3041 4907 3091 4946 υ.
3132 4891 3258 4962 75).
3289 4892 3355 4946 Ει
3378 4893 3573 4962 qualis,
3604 4893 3796 4964 inquit,

2208 4991 2513 5052 quantaque
2537 4983 2694 5038 fuerit
2723 4984 3076 5054 laerymarum
3096 4984 3197 5052 vis,
3229 5000 3409 5040 sermo
3439 4986 3618 5040 nullus
3646 4996 3795 5056 pote-

2205 5073 2275 5126 rit
2325 5075 2594 5144 explicare
2631 5093 2645 5131 :
2682 5075 2795 5146 ipse
2845 5088 3020 5132 autem
3068 5092 3246 5132 rerum
3288 5078 3469 5133 exitus
3516 5078 3796 5133 manifesta

2205 5167 2455 5221 osmndit.
2484 5167 2694 5223 Etenim
2717 5183 2932 5239 gravem
2961 5178 3081 5240 post
3108 5169 3257 5224 illum
3279 5184 3490 5234 casum;
3522 5185 3647 5224 nam
3677 5169 3794 5223 nul-

2204 5258 2315 5312 lum
2360 5260 2628 5328 negationi
2670 5275 2770 5330 par
2810 5261 3007 5316 malum
3042 5261 3178 5318 :sed
3210 5270 3384 5315 tamen
3426 5271 3550 5331 post
3590 5269 3790 5315 tantum

2205 5350 2423 5416 malum,
2454 5351 2646 5413 iterum
2669 5367 2790 5407 eum
2811 5353 2877 5407 ad
2900 5354 3130 5422 priorem
3162 5354 3416 5408 honorem
3439 5353 3666 5419 revexit,
3697 5353 3794 5407 Ec-

2205 5445 2383 5500 clesiae
2411 5445 2780 5515 praefecturam
2819 5447 2918 5517 ipsi
2948 5462 3041 5517 per
3061 5448 3366 5502 universum
3399 5445 3658 5500 mundum
3684 5455 3790 5499 tm-

2203 5536 2337 5591 didit
2370 5555 2384 5591 :
2411 5537 2660 5610 quodque
2683 5539 2920 5593 omnium
2951 5547 3032 5594 est
3057 5537 3358 5603 sublimius,
3388 5536 3623 5592 ostendit
3643 5535 3788 5590 nobis

2268 5695 2282 5725 ¹
2321 5694 2393 5743 sic
2407 5692 2586 5763 legitur
2609 5706 2636 5743 a
2659 5695 2826 5763 primis
2845 5691 3282 5763 Ecclesiaznszeeulis
3298 5693 3348 5763 in
3371 5698 3492 5763 cxx
3515 5690 3788 5763 Interpreti-

2203 5756 2314 5824 bus.
2339 5753 2556 5824 Vulgata,
2580 5765 2635 5805 ut
2662 5753 2715 5804 in
2733 5757 2962 5824 _I_Iebr:eo,
3008 5755 3176 5824 {dhuc
3198 5753 3670 5824 quadragiutddt'es,
3689 5759 3783 5824 etc.

2201 5812 2510 5880 Origenesvin
2545 5826 2675 5866 Num.
2715 5819 2830 5880 dicit
2860 5812 3127 5880 secundum
3165 5812 3408 5869 llebrtcos—
3426 5816 3591 5876 scribi,
3633 5812 3791 5867 adhuc

2203 5878 2526 5952 quddruginta
2552 5887 2648 5931 tres
2672 5878 2813 5942 dies;
2836 5878 2923 5930 sed
2943 5879 3136 5930 labitur.
