4046 6396
198 431 297 486 507

199 551 407 608 τίθεται
443 546 733 619 ῥαθυμίαν,
754 544 845 597 xui
872 542 930 595 ἐν
955 539 1156 595 πλείονι
1186 536 1511 591 καθίσταται
1544 535 1609 605 τῇ
1644 530 1868 601 σπουδῇ.

284 638 443 692 Ἀλλά
487 637 560 706 μὴ
610 634 850 704 πτήξητε
893 628 1122 701 φοϐερὸν
1172 627 1407 698 ἄρχοντα
1460 622 1558 693 τὴν
1617 619 1874 686 νηστείαν

197 728 551 787 ἀκούσαντες·
589 723 650 776 οὐ
676 722 784 792 γάρ
811 722 939 791 ἡμῖν
969 720 1085 772 ἐστι
1114 714 1340 786 φοϐερὰ,
1366 711 1503 766 ἀλλά
1531 712 1597 781 τῇ
1628 709 1739 762 τῶν
1752 709 1872 761 δαι-

201 817 379 888 μόνων
413 813 593 883 φύσει.
643 811 767 863 Ἐἀν
814 799 1321 878 σεληνιαζόμενοςῇ
1366 818 1475 867 τις,
1506 794 1873 888 δεῖξον-αὐτῷ

195 886 449 976 νηστείας
475 902 783 972 πρόσωπον,
820 896 913 951 xui
937 894 1046 948 τῶν
1073 894 1236 947 λίθων
1274 889 1452 945 αὐτῶν
1478 886 1869 976 ἀκινητόᾼτερος

198 974 347 1061 μένει
377 990 455 1059 τῷ
504 988 653 1059 φόϐῳ
706 984 1068 1055 πηγνύμενος,
1116 981 1211 1035 xui
1261 978 1512 1047 καθάπερ
1551 974 1738 1046 δεσμῷ
1764 990 1871 1027 τινι

195 1078 578 1150 κατεχόμενος,
614 1076 708 1129 xui
735 1074 967 1147 μάλιστα
996 1073 1122 1125 ὅταν
1164 1070 1248 1139 ἴδῃ
1296 1070 1361 1138 τῇ
1398 1064 1622 1138 νηστείᾳ
1666 1062 1871 1135 συμϐε-

192 1166 473 1237 ϐλημένην
502 1164 599 1234 τὴν
633 1162 870 1232 ἀδελφὴν
899 1161 997 1229 τῆς
1016 1158 1270 1230 νηστείας
1303 1156 1399 1209 xui
1425 1152 1715 1225 ὁμόζυγον,
1768 1156 1869 1222 τὴν

194 1257 376 1325 εὐχήν.
412 1253 510 1306 Διά
545 1252 702 1305 τοῦτο
733 1251 825 1305 xui
864 1252 892 1303 6
919 1248 1152 1320 Χριστός
1193 1262 1345 1317 φησι*
1382 1243 1452 1298 Τὸ
1485 1243 1660 1313 γένος
1692 1241 1868 1295 τοῦτο

192 1347 303 1396 οὐκ
358 1342 687 1411 ἐξέρχεται,
723 1342 776 1393 εὶ
818 1338 904 1408 μὴ
948 1339 1017 1391 ἐν
1060 1333 1373 1405 προσευχῇ
1429 1333 1529 1387 καὶ
1586 1331 1863 1399 νηστείᾳ.

194 1431 362 1484 Ὅταν
389 1426 482 1483 οὖν
523 1430 649 1493 τοὺς
690 1426 983 1497 πολεμίους
1020 1426 1117 1496 τῆς
1163 1423 1438 1493 σωτηρίας
1467 1422 1566 1492 τῆς
1590 1420 1866 1491 ἡμετέρας

192 1518 366 1581 οὕτως
388 1517 608 1588 ἐλαύνῃ,
638 1517 732 1569 xui
765 1517 876 1578 τοῖς
904 1513 1116 1584 ἐχθροῖς
1143 1512 1240 1581 τῆς
1268 1511 1413 1581 ζωῆς
1442 1508 1602 1579 ἡμῶν
1632 1508 1803 1570 οὕτως

193 1606 420 1677 φοϐερὰ,
463 1605 635 1675 φιλεῖν
680 1604 849 1674 αὐτὴν
882 1601 977 1655 xui
1021 1599 1386 1663 ἀσπάζεσθαι,
1419 1599 1540 1668 οὐχὶ
1568 1598 1866 1652 δεδοικέναι

192 1697 318 1766 χρή·
344 1697 395 1747 εί
438 1695 547 1764 γὰρ
577 1691 856 1762 φοϐεῖσθαι
900 1691 982 1744 δεῖ
1022 1688 1192 1760 μέθην
1229 1688 1323 1741 xui
1354 1687 1687 1757 ἀδηφαγίαν,
1746 1685 1869 1755 οὐχὶ

191 1784 443 1854 νηστείαν
470 1780 752 1850 φοϐεῖσθαι
784 1778 913 1850 χρὴ.
951 1777 1162 1847 Ἐκείνη
1187 1777 1283 1847 μὲν
1308 1776 1416 1847 γὰρ
1435 1775 1612 1828 ὀπίσω
1639 1774 1739 1839 τὰς
1755 1777 1867 1844 χεῖ-

194 1889 293 1943 ρας
347 1870 503 1941 ἡμῶν
539 1870 772 1940 δήσασα,
822 1868 887 1937 τῇ
922 1864 1194 1936 τυραννίδι
1219 1862 1326 1916 τῶν
1374 1863 1582 1926 παθῶν,
1612 1863 1865 1932 καθάπερ

190 1960 294 2012 τινὶ
337 1958 591 2029 δεσποίνῃ
644 1956 880 2027 χαλεπῇ,
922 1953 1140 2015 δούλους
1173 1952 1266 2005 xui
1309 1949 1689 2022 αἰχμαλώτους
1721 1950 1865 2003 ἐκδί-

189 2048 369 2099 δωσιν·
409 2048 441 2116 ἡ
463 2045 518 2097 δέ
541 2044 766 2115 νηστεία
787 2041 939 2114 [510]
967 2040 1317 2103 δουλεύοντας
1349 2040 1497 2109 ἡμᾶς
1519 2039 1612 2092 xui
1642 2038 1867 2109 δεδεμέ-

192 2156 313 2199 νους
364 2134 620 2205 εὑροῦσα,
658 2134 843 2204 ἀνίησι
870 2132 980 2185 τῶν
1020 2131 1255 2200 δεσμῶν,
1286 2130 1620 2203 ἀπαλλάττει
1648 2129 1749 2199 τῆς
1769 2146 1865 2181 τυ-

195 2225 452 2295 ραννίδος,
479 2224 575 2276 καὶ
608 2223 744 2294 πρὸς
772 2221 868 2291 τὴν
901 2219 1215 2291 ἐλευθερίαν
1241 2219 1506 2286 ἐπανάγει
1534 2218 1635 2287 τὴν
1664 2218 1863 2288 προτέ-

195 2331 312 2384 ραν.
354 2312 523 2367 Ὅταν
551 2306 644 2364 οῦν
677 2311 772 2364 καὶ
807 2311 919 2371 τοῖς
943 2307 1156 2378 ἐχθροῖς
1179 2306 1338 2377 ἡμῶν
1366 2306 1597 2376 πολεμῇ,
1626 2306 1719 2358 xui
1747 2305 1867 2358 δου-

190 2401 338 2463 λείας
369 2398 705 2469 ἀπαλλάττῃ,
740 2397 834 2451 καὶ
867 2395 1005 2468 πρὸς
1043 2393 1358 2464 ἐλευθερίαν
1389 2393 1662 2463 ἐπανάγῃ,
1706 2392 1865 2444 ποίαν

197 2489 382 2559 ἑτέραν
414 2484 633 2557 μείζονα
662 2485 844 2552 ζητεῖς
887 2479 1162 2545 ἀπόδειξιν
1188 2481 1286 2550 τῆς
1314 2480 1496 2549 φίλιας
1534 2479 1723 2544 αὐτοῦ,
1767 2479 1864 2549 τῆς

191 2576 324 2645 πρὸς
350 2575 411 2627 τὸ
438 2575 591 2642 γένος
616 2572 677 2625 τὸ
714 2571 1013 2642 ήμέτερον;
1042 2569 1289 2640 Μεγίστη
1319 2569 1425 2639 γάρ
1453 2568 1633 2637 φιλίας
1651 2567 1866 2620 ἀπόδει-

193 2663 271 2728 ξις
297 2660 435 2717 εἶναι
459 2662 609 2715 δοκεῖ
635 2660 695 2714 τὸ
725 2661 854 2723 τοὺς
877 2660 1075 2722 αὐτοὺς
1108 2660 1238 2730 ήμῖν
1261 2658 1436 2726 φιλεῖν
1477 2656 1568 2709 xui
1600 2658 1800 2726 μισεῖν.

260 2805 449 2857 Βούλει
484 2803 836 2875 μαθεῖν,ὄσος
870 2801 1075 2871 κόσμος
1105 2799 1414 2871 ἀνθρώποις
1443 2802 1476 2871 ή
1505 2801 1862 2872 νηστεία,ὃση

190 2893 405 2963 φυλακὴ
469 2892 563 2945 xui
613 2890 923 2959 ἀσφάλεια;
987 2888 1242 2959 ἐννόησόν
1320 2905 1410 2958 μοι
1478 2888 1541 2941 τὸ
1593 2888 1864 2960 μακάριον

192 2983 286 3033 καὶ
319 2979 630 3049 θαυμαστὸν
662 2978 772 3030 τῶν
813 2976 1158 3048 μοναζόντων
1185 2975 1362 3044 γένος.
1404 2968 1566 3029 Οὗτοι
1598 2978 1709 3049 γάρ
1737 2980 1866 3041 τοὺς

190 3069 248 3118 ἐν
275 3067 421 3136 μέσῳ
451 3066 714 3136 θορύϐους
743 3064 1029 3133 φυγόντες,
1059 3065 1155 3117 xui
1191 3063 1327 3134 πρὸς
1353 3063 1451 3127 τάς
1484 3065 1730 3135 κορυφάς
1756 3066 1864 3119 τῶν

191 3153 362 3221 ὀρέων
401 3152 803 3222 ἀναδραμόντες
826 3191 839 3214 ,
870 3152 966 3205 xui
999 3151 1099 3213 τὰς
1133 3150 1375 3213 καλύϐας
1410 3151 1469 3202 ἐν
1505 3154 1571 3221 τῇ
1600 3152 1700 3223 τῆς
1731 3153 1864 3224 ἐρη-

194 3241 322 3311 μίας
352 3240 574 3311 ἡσυχίᾳ,
610 3240 864 3309 καθάπερ
895 3240 953 3293 ἐν
988 3238 1233 3308 εὐδιεινῴ
1265 3255 1370 3290 τινι
1394 3237 1577 3308 λιμένι
1617 3240 1866 3311 πηξάμε-

189 3346 292 3395 νοι,
320 3327 522 3397 ταύτην
568 3326 907 3397 συνέμπορον
934 3328 1029 3378 xui
1064 3324 1424 3392 συγκοινωνὸν
1453 3325 1546 3378 τοῦ
1579 3325 1695 3395 βίου
1730 3345 1865 3380 παν-

189 3416 279 3480 τὸς
313 3414 521 3467 ἔλαϐον.
570 3411 870 3483 Τοιγαροῦν
908 3412 1002 3465 xui
1034 3411 1299 3479 ἀγγέλους
1330 3413 1527 3475 αὐτοὺς
1554 3413 1613 3477 ἐξ
1656 3414 1866 3485 ἀνθρώ-

191 3522 309 3557 πων
342 3502 617 3572 ἐποίησεν,
653 3502 752 3554 οὐκ
778 3499 1019 3563 ἐκείνους
1041 3499 1095 3552 δὲ
1126 3499 1344 3570 μόνους,
1374 3500 1512 3554 ἀλλά
1536 3502 1631 3553 xui
1654 3503 1711 3554 ἐν
1742 3506 1864 3565 ταῖς

191 3592 410 3645 πόλεσιν
439 3592 596 3653 ὅσους
630 3590 696 3643 ἂν
723 3588 857 3661 εὕρῃ
908 3587 1298 3659 προσιεμένους
1332 3589 1523 3659 αὐτὴν,
1557 3591 1692 3661 πρὸς
1733 3591 1866 3644 αὐτὸ

189 3680 290 3750 τῆς
326 3677 647 3747 φιλοσοφίας
693 3677 883 3744 ἀνάγει
917 3675 977 3728 τὸ
1012 3674 1165 3744 ὕψος.
1209 3670 1450 3747 Καὶ’γάρ
1494 3678 1737 3747 Μωῦσῆς
1771 3680 1866 3732 καὶ

202 3774 409 3838 Ἦλίας,
436 3776 487 3827 οἱ
527 3773 727 3845 πύργοι
760 3772 869 3825 τῶν
911 3773 968 3824 ἐν
1002 3774 1066 3842 τῇ
1098 3771 1313 3843 Παλαιᾷ
1350 3774 1864 3843 προφητῶν,καίτοι

188 3863 285 3915 καὶ
312 3862 418 3918 ἀπὸ
433 3861 539 3915 τῶν
564 3862 741 3917 ἄλλων
774 3860 924 3923 ὄντες
952 3858 1196 3930 λαμπροὶ
1225 3860 1317 3912 καὶ
1343 3860 1585 3929 μεγάλοι,
1608 3864 1700 3915 καὶ
1736 3863 1864 3917 πολ-

189 3951 287 4021 λὴν
332 3950 550 4021 ἔχοντες
595 3948 933 4021 παρρησίαν,
960 3948 1048 4001 ὅτε
1087 3947 1372 4000 ἐϐούλοντο
1425 3949 1747 4019 προσελθεῖν
1787 3953 1865 4023 τῷ

187 4038 308 4109 Θεῷ
347 4039 440 4091 καὶ
481 4037 860 4106 διαλεχθῆναι,
896 4035 970 4096 ὡς
1020 4034 1293 4105 ἀνθρώπῳ
1337 4035 1561 4089 δυνατὸν
1589 4032 1692 4107 ἦν,
1727 4040 1864 4110 πρὸς

186 4121 392 4193 ταύτην
423 4121 730 4189 κατέφυγον
752 4160 767 4186 ,
800 4119 893 4171 xui
926 4117 1012 4170 διὰ
1042 4118 1150 4172 τῶν
1182 4118 1389 4189 ταύτης
1417 4119 1569 4191 αὐτῷ
1598 4123 1865 4192 προσεφέ-

188 4226 346 4279 ροντο
373 4208 591 4279 χειρῶν.
621 4207 721 4261 Διὰ
747 4205 905 4259 τοῦτο
936 4207 1031 4260 καὶ
1056 4206 1084 4258 6
1109 4206 1239 4269 Θεὸς
1257 4207 1351 4260 τὸν
1378 4208 1665 4279 ἄνθρωπον
1695 4212 1863 4266 ποιῶν

187 4300 248 4364 ἐξ
278 4300 475 4369 ἀρχῆς,
497 4298 699 4361 εὐθέως
724 4298 887 4350 αὐτὸν
914 4300 1032 4360 ταῖς
1055 4296 1157 4366 τῆς
1183 4296 1439 4367 νηστείας
1468 4298 1650 4370 φέρων
1684 4317 1864 4372 παρα-

186 4388 451 4441 κατέθετο
480 4386 689 4458 χερσὶν,
722 4384 913 4456 ὥσπερ
949 4385 1288 4457 φιλοστόργῳ
1320 4385 1490 4457 μητρὶ
1529 4388 1625 4441 καὶ
1660 4389 1859 4462 ἀρίστῃ

184 4474 491 4544 διδασκάλῳ
517 4472 617 4545 τὴν
665 4473 873 4526 ἐκείνου
914 4473 1189 4545 σωτηρίαν
1232 4474 1554 4544 ἐγχειρίζων
1600 4476 1758 4548 αὐτῇ.
1788 4479 1861 4530 Τὸ

184 4564 315 4636 γὰρ,
362 4564 505 4617 Ἀπὸ
547 4561 773 4627 παντὸς
812 4561 1004 4626 ξύλου
1039 4561 1146 4615 τοῦ
1184 4560 1557 4630 παραδείσου
1586 4576 1614 4604 ⁸
1634 4564 1861 4633 βρώσει

182 4648 370 4722 gum},
405 4649 524 4705 ἀπὸ
556 4648 625 4702 δὲ
652 4648 758 4703 τοῦ
789 4649 980 4713 ξύλου
1029 4648 1137 4702 τοῦ
1179 4647 1499 4719 γινώσκειν
1541 4652 1737 4705 καλὸν
1760 4656 1857 4708 καὶ

184 4738 455 4805 ,πονηρὸν
482 4740 556 4792 οὐ
608 4738 872 4807 φάγεσθε
893 4755 905 4767 ’
949 4737 1204 4807 νηστείας
1242 4733 1383 4801 εἶδός
1409 4740 1579 4794 ἐστιν.
1618 4742 1682 4796 EE
1716 4743 1858 4797 δὲέν

186 4828 501 4900 παραδείσῳ
525 4827 798 4896 ἀναγκαία
822 4829 854 4895 ἡ
881 4828 1123 4897 νηστεία,
1149 4827 1328 4898 πολλῷ
1356 4829 1560 4899 μᾶλλον
1585 4833 1741 4896 ἐκτὸς
1761 4834 1857 4888 τοῦ

184 4914 519 4985 παραδείσου
550 4930 566 4946 ο
600 4917 650 4968 εἰ
683 4915 794 4985 πρὸ
826 4916 924 4986 τῆς
972 4914 1189 4985 πληγῆς
1221 4917 1489 4987 χρήσιμον
1533 4920 1594 4972 τὸ
1640 4921 1859 4993 φάρμα-

183 5020 303 5066 κον,
346 5001 526 5071 πολλῷ
571 5002 772 5073 μᾶλλον
810 5002 952 5072 μετά
992 5003 1092 5074 τὴν
1130 5004 1377 5074 πληγήν·
1409 5007 1459 5058 εἰ
1507 5007 1733 5077 μηδέπω
1761 5012 1855 5065 τοῦ

182 5090 423 5159 πολέμου
450 5088 558 5143 τῶν
590 5089 898 5160 ἐπιθυμιῶν
925 5090 1255 5154 ἀναστάντος
1289 5093 1593 5163 ἐπιτήδειον
1625 5097 1760 5167 ἡμῖν
1796 5099 1858 5151 τὸ

180 5176 349 5231 ὅπλον
386 5172 476 5246 ἦν,
506 5176 682 5248 πολλῴ
723 5177 923 5248 μᾶλλον
956 5177 1094 5248 μετὰ
1119 5178 1217 5249 τὴν
1242 5180 1516 5251 τοσαύτην
1545 5183 1726 5253 μάχην
1756 5186 1856 5255 τὴν

180 5265 290 5317 ἀπὸ
323 5264 432 5317 τῶν
460 5264 767 5336 ἐπιθυμιῶν
788 5304 803 5330 ,
826 5264 925 5335 τὴν
954 5264 1060 5318 ἀπὸ
1088 5264 1196 5317 τῶν
1240 5267 1513 5337 δαιμόνων
1534 5312 1548 5336 ,
1576 5271 1852 5340 ἀναγκαία

181 5354 214 5422 ἡ
246 5350 399 5423 παρά
428 5353 525 5422 τῆς
547 5352 801 5422 νηστείας
847 5351 1155 5422 συμμαχία.
1186 5351 1249 5404 Εἰ
1282 5353 1485 5425 ταύτης
1511 5356 1712 5426 ἤκουσε
1753 5360 1853 5429 τῆς
1881 5384 1884 5387 λ

180 5442 366 5511 φωνῆς
400 5440 429 5490 6
466 5440 655 5510 Ἀδὰμ,
687 5439 787 5492 οὐκ
819 5439 885 5493 ἂν
914 5440 1113 5509 ήκουσε
1138 5440 1233 5508 τῆς
1266 5440 1523 5514 δευτέρας
1543 5445 1642 5514 τῆς
1664 5444 1853 5515 λεγού-

181 5544 309 5597 σηςο
331 5524 422 5594 Γῆ
442 5522 514 5591 εἴ,
542 5526 640 5579 καὶ
661 5529 747 5593 είς
771 5526 887 5596 γῆν
911 5526 1221 5594 ἀπελεύσῃ
1249 5544 1263 5559 ο
1290 5528 1406 5581 ἀλλ’
1427 5531 1616 5602 ἐπειδὴ
1646 5533 1850 5604 ταύτης

181 5617 521 5687 παρήκουσε,
556 5615 645 5669 διά
671 5615 828 5668 τοῦτο
856 5615 1083 5679 θάνατος
1122 5618 1214 5669 xui
1247 5618 1529 5689 φροντίδες
1571 5623 1664 5674 xui
1697 5624 1849 5677 πόνοι

180 5703 275 5757 καὶ
327 5703 553 5773 ἀθυμίαι
600 5704 693 5757 xui
734 5701 849 5776 ζωὴ
892 5702 1123 5758 θανάτου
1172 5707 1373 5769 παντὸς
1424 5705 1729 5782 βαρυτέρα·
1760 5710 1847 5766 διά

244 5855 267 5881 ⁸³
296 5865 431 5918 L'nus
462 5868 642 5931 Regius
667 5873 723 5919 el
742 5867 890 5920 Savil.
923 5865 1006 5917 τοῦ
1029 5867 1075 5919 ἐν
1095 5870 1163 5935 τῷ
1186 5866 1478 5931 παραδείσῳ.

1419 417 1508 474 DE
1544 408 2025 477 ΡίΕΝΙΊΕΝΤΙΑ.
2059 412 2290 471 HOMIL.
2332 417 2399 472 Υ.

3555 420 3659 476 308

1978 528 2140 583 τοῦτο
2175 530 2409 586 ἄκανθαι
2437 531 2528 586 xui
2553 530 2813 603 τρίϐολοι,
2851 532 2940 588 διὰ
2968 535 3127 590 τοῦτο
3158 537 3309 591 πόνοι
3340 539 3435 594 xui
3466 538 3655 609 ὠδῖνες

1979 615 2071 667 καὶ
2103 616 2215 686 βίος
2239 618 2331 670 ἐπί
2338 616 2556 688 μοχθος.

2050 701 2205 767 Εἶδες
2241 706 2359 769 πῶς
2389 709 2417 758 6
2446 707 2580 770 Θεὸς
2620 709 2920 775 ἀγανακτεῖ
2949 714 3206 784 νηστείας
3244 714 3609 787 ὑϐριζομένης
3638 734 3653 781 ;

1977 789 2117 859 μάθε
2147 793 2240 845 xui
2266 794 2385 857 πῶς
2412 794 2761 866 εὐφραίνεται
2793 800 3047 867 νηστείας
3083 803 3423 874 τιμωμένης.
3446 804 3658 877 Ὥσπερ

1973 878 2082 950 γάρ
2104 879 2461 952 ὑϐρισθείσης
2495 884 2665 955 αὐτῆς
2696 884 2929 940 θάνατον
2976 888 3217 961 ἐπέθηκε
3258 889 3336 960 τῷ
3370 890 3656 962 ὑϐρίσαντι

1970 964 2032 1017 τὸ
2076 967 2387 1038 ἐπιτίμιον,
2434 967 2577 1022 οὕτω
2628 970 2792 1024 πάλιν
2828 974 3154 1046 τιμηθείσης
3202 976 3376 1046 αὐτῆς
3424 977 3658 1031 θάνατον

1971 1051 2358 1110 ἀνεκαλέσατο.
2400 1056 2511 1110 Καὶ
2549 1058 2659 1128 γάρ
2686 1058 3014 1130 βουλόμενός
3052 1079 3134 1115 σοι
3168 1061 3339 1128 δεῖξαι
3368 1062 3463 1117 τοῦ
3510 1065 3655 1135 πρά·

1972 1153 2185 1207 γματος
2213 1140 2315 1212 τὴν
2361 1141 2613 1213 δύναμιν,
2649 1144 2853 1198 ἔδωκεν
2883 1144 3137 1211 ἐξουσίαν
3168 1150 3306 1220 αὐτῇ
3346 1150 3488 1218 μετά
3521 1152 3657 1204 ἀπό-

1971 1242 2157 1295 φασιν,
2187 1230 2326 1298 μετά
2374 1231 2698 1303 ἀπαγωγὴν,
2730 1235 2859 1297 τοὺς
2882 1236 3273 1306 ἀπαγομένους
3306 1237 3405 1307 τὴν
3432 1238 3525 1291 ἐπὶ
3555 1238 3654 1291 θά-

1972 1332 2131 1367 νατον
2159 1318 2224 1369 ἐκ
2252 1317 2425 1388 μέσης
2451 1320 2764 1391 ἀναρπάσαι
2786 1321 2885 1391 τῆς
2906 1323 3051 1387 ὁδοῦ,
3076 1325 3323 1396 καὶπρὸς
3350 1324 3494 1397 ζωὴν
3519 1343 3653 1396 μετ-

1969 1405 2227 1473 αγαγεῖψ
2260 1406 2354 1458 xui
2389 1406 2548 1459 τοῦτο
2574 1408 2675 1461 οὐκ
2704 1409 2797 1462 ἐπὶ
2830 1409 2943 1475 δύο,
2981 1411 3013 1481 ἢ
3044 1413 3140 1465 xui
3167 1413 3335 1483 τριῶν
3370 1416 3464 1466 xui
3504 1415 3651 1467 εἴκο-

1972 1506 2057 1543 σιν
2085 1491 2388 1564 ἀνθρώπων
2423 1495 2701 1566 ἐποίησεν,
2733 1495 2869 1550 ἀλλά
2898 1499 2993 1551 xui
3017 1499 3185 1569 δῆμον
3208 1502 3524 1572 ὁλόκληρον,
3553 1501 3652 1573 τὴν

1967 1578 2077 1630 τῶν
2107 1580 2411 1634 Νινευῖτῶν
2440 1583 2592 1636 πόλιν
2624 1584 2869 1656 μεγάλην
2910 1587 3004 1640 xui
3041 1586 3361 1659 θαυμαστήν
3398 1590 3491 1642 ἐπὶ
3519 1590 3649 1659 γόνυ

1969 1668 2249 1739 κειμένην,
2274 1673 2406 1742 παρ’
2427 1673 2559 1726 αὐτὸ
2586 1674 2647 1726 τὸ
2678 1672 2953 1746 βάραθρον
2983 1675 3080 1746 τὴν
3109 1675 3348 1746 κεφαλὴν
3371 1676 3647 1743 κλίνασαν,

1969 1757 2063 1808 καὶ
2096 1757 2394 1826 μέλλουσαν
2423 1762 2521 1832 τὴν
2548 1761 2756 1815 ἄνωθεν
2783 1763 3091 1834 φερομένην
3124 1764 3377 1835 δέχεσθαι
3409 1766 3646 1837 πληγὴν,

1969 1842 2220 1916 καθάπερ
2250 1862 2336 1910 τις
2377 1848 2585 1901 ἄνωθεν
2615 1851 2891 1903 ἐπιπτᾶσα
2937 1850 3196 1920 δύναμις,
3225 1852 3320 1905 xui
3365 1851 3426 1916 ἐξ
3467 1853 3650 1906 αὐτῶν

1965 1938 2182 2006 ἥρπασε
2234 1938 2344 1990 τῶν
2377 1939 2470 1991 τοῦ
2506 1940 2740 1993 θανάτου
2790 1940 2941 2013 [511]
2984 1942 3205 2005 πυλῶν,
3235 1944 3330 1997 xui
3366 1943 3505 2015 πρὸς
3549 1945 3649 2014 τὴν

1967 2022 2110 2093 ζωὴν
2141 2025 2511 2094 ἐπανήγαγεν.
2566 2027 2706 2078 Ἀλλ’
2748 2031 2796 2080 εἰ
2825 2029 2992 2090 δοκεῖ,
3017 2030 3112 2082 καὶ
3144 2030 3245 2098 τῆς
3274 2031 3516 2102 ἱστορίας
3549 2032 3649 2085 αὐ-

1964 2112 2064 2181 τῆς
2102 2112 2521 2182 ἐπακούσωμεν.
2547 2115 2654 2166 Καὶ
2685 2115 2953 2183 ἐγένετο,
2981 2117 3137 2185 φησὶ,
3169 2120 3353 2184 λόγος
3399 2120 3645 2188 Κυρίου.

1966 2197 2115 2265 πρὸς
2160 2198 2367 2253 Ἰωνιῑν
2396 2201 2590 2269 λέγων
2625 2218 2637 2231 ο
2690 2200 3011 2270 Ἀνάστηθι
3057 2205 3155 2258 καὶ
3194 2207 3514 2275 πορεύθητι
3559 2210 3647 2273 εἰς

1965 2285 2171 2337 Νινευῒ
2223 2285 2339 2352 τὴν
2414 2291 2597 2341 πίλιν
2663 2289 2779 2356 τὴν
2845 2289 3143 2360 μεγάλην.
3203 2292 3418 2356 Εὐθέως
3482 2294 3648 2348 αὐτὸν

1965 2372 2071 2424 ἀπὸ
2124 2372 2219 2425 τοῦ
2274 2374 2539 2444 μεγέθους
2603 2376 2704 2445 τῆς
2750 2377 2958 2441 πόλεως
3007 2378 3328 2451 δυσωπῆσαι
3374 2380 3643 2451 βούλεται,

1965 2462 2061 2531 τὴν
2103 2460 2404 2530 μέλλουσαν
2447 2462 2716 2532 προειδὼς
2772 2464 2868 2519 τοῦ
2919 2466 3201 2537 προφήτου
3259 2469 3463 2541 φυγήν.
3504 2470 3644 2525 Ἀλλ’

1968 2548 2293 2618 ἀκούσωμεν
2327 2550 2419 2602 xui
2452 2549 2545 2602 τοῦ
2573 2551 2929 2622 κηρύγματος
2952 2568 2967 2585 ο

2040 2715 2163 2766 Ἔτι
2194 2713 2348 2782 τρεῖς
2386 2714 2625 2783 ἡμέραι,
2656 2717 2752 2771 καὶ
2809 2717 3016 2772 Νιγευῒ
3057 2723 3641 2792 καταστραερήσεται.

1966 2800 2076 2853 Kui
2100 2801 2243 2865 τίνος
2272 2803 2459 2855 ἕνεκεν
2491 2802 2526 2857 ἀ
2548 2805 2763 2874 μέλλεις
2796 2805 2945 2858 δεινὰ
2973 2811 3149 2861 ποιεῖν
3182 2810 3470 2881 προλέγεις
3490 2829 3504 2877 ;
3528 2812 3646 2869 Ἵνα

1969 2887 2042 2958 μὴ
2079 2891 2287 2958 ποιήσω
2342 2889 2378 2943 ἀ
2411 2890 2683 2961 προλέγω.
2730 2892 2831 2946 Διά
2865 2892 3023 2948 τοῦτο
3054 2896 3149 2949 xui
3175 2898 3398 2965 γέενναν
3417 2901 3648 2971 ἠπείλη-

1966 2993 2079 3039 σεν,
2120 2977 2208 3030 ἵνα
2245 2978 2318 3048 μὴ
2371 2979 2637 3051 ἀπαγάγῃ
2686 2980 2766 3043 είς
2817 2980 3044 3049 γέενναν
3081 2999 3095 3013 ’
3134 2985 3405 3052 Φοϐείτω,
3439 2989 3645 3058 φησὶν,

1966 3064 2112 3135 ὑμᾶς
2142 3066 2213 3118 τά
2236 3067 2479 3136 ῥήματα,
2511 3067 2605 3119 xui
2640 3068 2714 3138 μὴ
2762 3067 3004 3124 λυπείτω
3034 3071 3103 3123 τά
3130 3073 3453 3143 πράγματα.
3487 3076 3643 3142 Τίνος

1964 3151 2021 3205 δέ
2047 3151 2236 3205 ’ἐνεκεν
2276 3152 2372 3205 xui
2404 3154 2505 3224 τὴν
2542 3154 2883 3225 προθεσμίαν
2915 3159 2994 3220 είς
3028 3157 3170 3211 οὕτω
3208 3162 3392 3215 στενὸν
3420 3163 3642 3232 συνάγει

1965 3240 2189 3310 χρόνον;
2216 3241 2332 3294 Ἵνα
2356 3244 2448 3295 καὶ
2481 3243 2579 3313 τὴν
2606 3243 2714 3296 τῶν
2742 3242 3036 3316 βαρϐάρων
3062 3248 3240 3322 μάθῃς
3264 3250 3486 3322 ἀρετὴν,
3512 3251 3644 3325 βαρ-

1965 3328 2148 3394 ϐάρων
2184 3328 2328 3397 λέγω
2358 3330 2466 3383 τῶν
2490 3332 2792 3386 Νινευῖτῶν
2825 3334 2883 3385 ἐν
2913 3334 3093 3403 τρισὶν
3120 3337 3354 3407 ήμέραις
3385 3339 3641 3410 δυνηθέν-

1964 3433 2075 3469 των
2094 3417 2366 3487 τοσαύτην
2398 3418 2815 3490 ἁμαρτημάτων
2851 3419 3021 3492 ὀργὴν
3049 3424 3369 3486 καταλῦσαι,
3424 3428 3520 3480 xui
3544 3428 3642 3499 τὴν

1964 3504 2058 3557 τοῦ
2086 3503 2225 3556 Θεοῦ
2260 3504 2672 3576 φιλανθρωπίαν
2701 3507 2988 3579 θαυμάσῃς
3017 3511 3275 3581 μετανοίᾳ.
3304 3514 3471 3583 τριῶν
3501 3516 3639 3586 ἡμε-

1968 3591 2077 3664 ρῶν
2115 3591 2475 3663 ἀρκεσθέντος
2516 3593 2656 3665 ὑπὲρ
2706 3596 2977 3650 τοσούτων
3006 3598 3516 3669 πλημμελημάτων,
3548 3604 3645 3658 xui

1966 3680 2129 3743 αὐτὸς
2156 3680 2232 3751 μὴ
2256 3680 2572 3752 καταπέσῃς
2602 3684 2683 3745 εἰς
2708 3683 3040 3751 ἀπόγνωσιν,
3064 3685 3169 3739 κᾶν
3206 3688 3375 3757 μυρία
3394 3691 3643 3761 ἡμαρτη-

1966 3764 2078 3829 κὼς
2104 3761 2191 3839 ᾖς.
2220 3767 2433 3837 Ὥσπερ
2463 3766 2572 3838 γὰρ
2599 3768 2627 3819 6
2657 3768 2864 3841 νωθρὸς
2890 3770 2991 3839 τὴν
3019 3772 3197 3843 ψυχὴν
3234 3775 3326 3827 xui
3357 3774 3640 3848 ὀλίγωρος,

1966 3853 2071 3908 κᾶν
2128 3853 2293 3906 πολὺν
2338 3854 2477 3925 λάϐῃ
2528 3854 2666 3926 πρὸς
2714 3858 3004 3925 μετάνοιαν
3060 3860 3271 3929 χρόνον,
3314 3862 3465 3916 οὐδὲν
3497 3865 3643 3934 μέγα

1966 3942 2276 4014 ἐργάζεται,
2307 3941 2429 3995 οὐδέ
2476 3942 2805 4011 καταλλάξει
2836 3946 2928 3998 τὸν
2961 3946 3093 4000 Θεὸν
3125 3948 3302 4018 ἑαυτῷ
3345 3950 3435 4003 διὰ
3466 3952 3640 4022 ρᾳθυ-

1968 4030 2098 4100 μίαν
2122 4046 2134 4059 °
2169 4029 2343 4093 οὕτως
2371 4032 2399 4083 6
2436 4029 2856 4103 διεγηγερμένος
2904 4034 2999 4087 xui
3044 4037 3111 4105 τῇ
3160 4036 3440 4109 προθυμίᾳ
3476 4039 3638 4108 ζέων,

1964 4118 2059 4172 καὶ
2089 4117 2228 4189 μετά
2257 4117 2458 4187 πολλῆς
2482 4118 2583 4189 τῆς
2605 4120 2841 4192 σπουδῆς
2873 4121 2972 4192 τὴν
3009 4124 3300 4192 μετάνοιαν
3328 4125 3639 4181 ἐπιδεικνύ-

1968 4222 2146 4275 μενος,
2178 4206 2272 4258 xui
2304 4208 2363 4259 ὲν
2394 4206 2625 4279 βραχείᾳ
2661 4208 2853 4277 καιροῦ
2891 4210 3029 4279 ῥοπῇ
3064 4209 3260 4263 πολλοῦ
3290 4212 3484 4283 χρόνου
3532 4232 3641 4268 πα-

1965 4290 2308 4363 ραπτώματα
2336 4292 2600 4360 ἀφανίσαι
2643 4291 2949 4363 δυνήσεται.
2991 4295 3126 4365 Οὐχὶ
3160 4296 3339 4367 τρίτον
3367 4298 3396 4351 6
3431 4300 3637 4371 Πέτρος

1962 4378 2267 4448 ήρνήσατο;
2289 4378 2409 4449 οὐχὶ
2434 4378 2551 4448 μεθ’
2572 4380 2736 4448 ὅρκου
2767 4379 2827 4432 τὸ
2848 4382 3028 4450 τρίτον
3048 4398 3062 4446 ;
3084 4383 3204 4453 οὐχὶ
3230 4383 3635 4456 θεραπαινιδίου

1961 4465 2105 4528 τινὸς
2134 4464 2384 4529 εὐτελοῦς
2407 4468 2625 4537 ῥήματα
2652 4466 2869 4532 δείσας;
2895 4468 2958 4520 Τί
2983 4464 3074 4522 οὖν
3094 4486 3108 4535 ;
3130 4472 3394 4526 ἐνιαυτῶν
3420 4475 3635 4532 πολλῶν

1962 4547 2181 4618 ἐδέησεν
2210 4548 2359 4619 αύτῷ
2391 4550 2525 4620 πρὸς
2560 4550 2885 4620 μετάνοιαν;
2932 4551 3225 4624 Οὐδαμῶς*
3254 4555 3372 4609 ἀλλ’
3394 4557 3532 4630 αὐτῇ
3562 4563 3630 4633 τῇ

1962 4636 2114 4688 νυκτὶ
2146 4638 2241 4688 xui
2261 4636 2528 4709 ὠλίσθησε
2559 4638 2655 4691 xui
2688 4639 2908 4710 ἀνέστη,
2941 4641 3035 4693 xui
3064 4642 3161 4712 τὴν
3189 4642 3402 4716 πληγὴν
3436 4647 3531 4700 xui
3571 4650 3632 4702 τὸ

1960 4725 2251 4794 φάρμακον
2279 4723 2514 4792 ἐδέξατο,
2528 4726 2621 4778 καὶ
2648 4726 2990 4796 ήῤῥώστησε,
3007 4728 3101 4781 xui
3132 4730 3268 4802 πρὸς
3291 4733 3392 4803 τὴν
3419 4734 3632 4803 ὑγίειαν

1957 4812 2244 4885 ἐπανῆλθε.
2272 4812 2396 4878 Πῶς
2440 4815 2533 4867 xui
2554 4816 2674 4870 τίνα
2694 4817 2926 4886 τρόπον;
2953 4818 3211 4884 Κλαύσας
3233 4825 3326 4877 xui
3356 4824 3632 4897 ἀποδυρά-

1962 4918 2118 4970 μενος
2136 4920 2147 4932 ·
2184 4901 2384 4973 μᾶλλον
2413 4901 2468 4954 δὲ
2489 4904 2549 4955 ού
2585 4903 2824 4967 κλαύσας
2853 4905 3059 4973 ἁπλῶς,
3091 4906 3228 4962 ἀλλά
3250 4910 3391 4980 μετὰ
3425 4913 3630 4984 πολλῆς

1959 4988 2191 5057 σπουδῆς
2207 4989 2299 5042 xui
2312 4988 2603 5054 διαθέσεως
2620 5007 2635 5023 ο
2658 4990 2753 5043 xui
2774 4991 2862 5045 διὰ
2890 4992 3046 5046 τοῦτο
3068 4997 3097 5047 ό
3120 4997 3513 5071 εὐαγγελιστής
3528 5003 3628 5055 οὐκ

1958 5072 2130 5140 εἶπεν,
2160 5077 2241 5129 ὅτι
2284 5077 2548 5132 ἔκλαυσεν
2594 5080 2801 5145 ἁπλῶς,
2839 5081 2976 5146 ἀλλ’,
3023 5084 3333 5139 Ἔκλαυσε
3379 5089 3623 5157 πικρῶς.

1956 5165 2064 5217 Καὶ
2087 5166 2301 5236 ποταπὴ
2332 5166 2439 5219 τῶν
2471 5167 2721 5239 δακρύων
2753 5171 2980 5228 ἐκείνων
3013 5174 3316 5245 ήδύναμις,
3350 5179 3504 5246 φησὶ,
3539 5178 3627 5233 λό-

1956 5270 2049 5321 γος
2096 5254 2195 5324 μὲν
2236 5256 2412 5320 οὐδεὶς
2444 5260 2790 5333 παραστῆσαι
2824 5261 3144 5333 δυνήσεται’
3172 5268 3204 5336 ἡ
3239 5267 3295 5320 δὲ
3328 5268 3435 5323 τῶν
3484 5286 3629 5341 πραο

1953 5342 2179 5413 γμάτων
2207 5341 2431 5409 ἔκϐασις
2461 5346 2702 5399 δείκνυσι
2742 5350 2949 5421 σαφῶς.
2980 5352 3134 5405 Μετὰ
3162 5356 3271 5425 γὰρ
3302 5356 3362 5408 τὸ
3387 5358 3627 5427 χαλεπὸν

1952 5431 2128 5483 ἐκεῖνο
2162 5431 2361 5502 πτῶμα
2397 5448 2409 5460 °
2439 5435 2723 5505 ἀρνήσεως
2768 5437 2877 5508 γὰρ
2920 5440 3072 5493 οὐδὲν
3122 5441 3234 5494 ἴσον
3273 5444 3445 5497 κακόν
3469 5447 3623 5502 ’ἀλλ’

1952 5518 2100 5587 ὅμως
2137 5518 2277 5589 μετά
2303 5522 2555 5575 τοσοῦτον
2586 5522 2754 5577 κακὸν
2783 5524 2944 5586 πάλιν
2985 5528 3147 5581 αὐτὸν
3182 5532 3318 5601 πρὸς
3336 5532 3435 5603 τὴν
3475 5552 3621 5606 προ-

1950 5606 2114 5676 τέραν
2134 5608 2449 5679 ἐπανήγαγε
2483 5611 2666 5683 τιμὴν,
2698 5614 2790 5667 καὶ
2822 5615 2920 5694 τὴν
2958 5618 3279 5675 ἐπιστασίαν
3317 5624 3414 5694 τῆς
3440 5626 3625 5681 οίκοιλ·

1954 5696 2181 5764 μενικῆς
2238 5696 2561 5767 Ἐκκλησίας
2613 5702 2911 5773 ἐνεχείρισε
2943 5721 2957 5734 ·
2986 5705 3080 5757 καὶ
3111 5704 3140 5757 ὃ
3172 5708 3391 5764 πάντων
3435 5713 3622 5781 μεῖζόν

1950 5782 2117 5843 ἐστιν,
2143 5782 2420 5849 ἀπέδειξεν
2446 5787 2577 5856 ἡμῖν
2598 5789 2759 5843 αὐτὸν
2784 5791 2953 5845 πλείω
2979 5793 3087 5845 τῶν
3111 5794 3423 5853 ἀποστόλων
3443 5801 3622 5863 ἀπάνο-

1951 5884 2056 5922 των
2087 5867 2274 5942 ἔχοντα
2306 5872 2405 5945 τὴν
2425 5876 2523 5956 ..εξς
2548 5875 2642 5931 τὸν
2672 5876 2947 5951 Δεσπότην
3000 5880 3243 5955 ἀγάπην.
3277 5884 3459 5951 Πέτρε
3489 5890 3623 5955 γὰρ.
