4046 6396
419 404 526 462 5ί19

415 519 570 588 φηά,
605 515 798 585 φιλεῖς
836 532 911 584 με
955 513 1166 568 πλεῖον
1191 514 1453 576 τούτων;
1485 511 1685 565 Τούτου
1718 513 1762 565 δ’
1800 513 1951 565 οὐδὲν
1984 511 2071 580 γέ-

413 625 556 661 νοιτο
592 608 658 660 ἂν
694 607 804 660 ῐσον
839 609 916 671 εἰς
947 606 1145 676 ἁρετῆς
1183 605 1360 672 λόγον.
1391 605 1508 656 Ἵνα
1529 603 1637 674 γὰρ
1673 605 1746 673 μὴ
1786 602 1949 673 λέγῃς
1995 603 2076 653 ὅτι

412 698 525 756 τοῖς
557 695 868 757 Νινευΐταις
895 693 1118 755 εἰκότως
1153 691 1413 759 συνέγνω,
1438 689 1749 760 ἀνθρώποις
1783 689 2076 759 βαρϐάροις

414 783 508 834 καὶ
527 783 801 852 ἀνοήτοις,
825 782 878 833 ’0
909 780 1016 849 γὰρ
1037 780 1278 844 δοῦλος,
1309 777 1494 849 φησὶν,
1517 780 1549 830 ό
1580 775 1666 846 μὴ
1689 775 1858 842 εἰδὼς
1885 777 1951 828 τὸ
1982 775 2077 828 θέ-

411 872 573 937 λημα
599 868 705 922 τοῦ
735 869 943 936 κυρίου
974 867 1159 920 αὺτοῦ
1207 866 1306 919 καὶ
1327 864 1413 934 μὴ
1439 863 1719 929 ποιήσας,
1752 862 2078 931 δαρήσεται,

414 957 651 1024 ὀλίγας·
679 957 766 1009 ἵνα
785 952 878 1008 οὑν
912 955 984 1025 μὴ
1025 953 1181 1006 τοῦτο
1213 953 1397 1028 λέγῃς,
1433 951 1521 1005 διὰ
1553 951 1818 1004 τοῦτόσοι
1857 950 1951 1003 καλ⁴
1987 951 2075 1002 τὸν

414 1045 617 1114 Πέτρον
646 1044 724 1105 εἰς
750 1043 912 1113 μέσον
944 1043 1233 1112 παρήγαγε
1252 1039 1500 1103 ιι,δοῦλον
1534 1039 1766 1109 μάλιστα
1787 1038 1846 1090 τὸ
1866 1037 2075 1107 θέλημα

410 1133 502 1184 τοῦ
533 1132 720 1200 κυρίου
762 1131 960 1183 εἰδότα.
1017 1130 1154 1182 Ἀλλ’
1189 1132 1337 1200 ὅμως
1375 1131 1467 1181 καὶ
1496 1122 1650 1190 οὗτος
1691 1124 1950 1197 ἁμαρτὼν
1981 1125 2076 1178 καί¹

413 1221 510 1288 τὴν
562 1218 793 1288 ἐσχάτην
829 1218 1121 1288 ἁμαρτίαν,
1149 1217 1249 1286 ὅρα
1284 1215 1420 1286 πρὸς
1446 1216 1569 1268 ὅσον
1603 1213 1915 1285 παρρησίας
1943 1211 2074 1281 ὕψος

412 1305 630 1376 ὰνῆλθε.

482 1412 569 1483 Μὴ
595 1412 773 1465 τοίνυν
809 1411 927 1481 μηδ’
973 1409 1136 1472 αὐτὸς
1174 1411 1266 1462 ἐπὶ
1294 1412 1403 1472 τοῖς
1441 1407 1803 1477 ἁμαρτήμασι
1835 1404 2074 1458 καταπέ-

412 1509 538 1570 σῃς⁵
570 1500 636 1552 τὸ
679 1501 786 1569 γάρ
825 1497 1208 1568 χαλεπώτερον
1247 1497 1345 1566 τῆς
1378 1495 1671 1566 ἁμαρτίας,
1702 1494 1761 1546 τό
1801 1494 1983 1563 μένειν
2017 1495 2074 1545 ἐν

408 1590 473 1656 τῇ
493 1587 755 1658 ἁμαρτίᾳ,
789 1587 882 1639 καί
897 1586 958 1638 τὸ
991 1585 1288 1655 δεινότερον
1309 1584 1400 1636 τοῦ
1427 1583 1736 1653 πτώματος,
1767 1583 1830 1634 τὸ
1861 1580 2073 1634 κεῖσθαι

409 1676 467 1726 ἐν
500 1673 576 1743 τῷ
629 1673 902 1743 πτώματι.
935 1672 1102 1724 Τοῦτο
1135 1673 1229 1724 καὶ
1261 1675 1288 1724 6
1318 1671 1527 1733 Παῦλος
1561 1669 1751 1740 θρηνεῖ
1794 1669 1890 1720 καὶ
1921 1666 2072 1740 1512]

409 1760 757 1831 ἁποδύρεται,
787 1760 942 1812 τοῦτο
977 1759 1202 1822 πένθους
1228 1759 1374 1825 ἄξιον
1417 1754 1554 1811 εἷναί
1605 1773 1758 1826 φησι.
1808 1759 1902 1821 Μὴ
1947 1772 2072 1820 πως

409 1850 536 1918 γάρ,
574 1850 764 1917 φησὶν,
798 1849 1080 1912 ἐλθόντος
1107 1864 1226 1916 μου
1254 1847 1395 1914 πρὸ(
1425 1845 1598 1914 ὑμᾶς,
1627 1843 1965 1913 ταπεινώσῃ
1994 1860 2071 1911 με

409 1939 443 1988 ὁ
477 1937 638 1999 Θε“ς,
663 1935 760 1987 καί
791 1933 1070 1999 πενθήσω
1107 1935 1406 2000 πολλοὺς,
1439 1935 1561 2002 οὐχὶ
1597 1933 1704 1984 τῶν
1750 1932 2069 2002 ἡμαρτηκό-

406 2041 514 2075 των
567 2023 788 2087 ἁπλῶς,
819 2022 957 2076 ἀλλὰ
1011 2023 1120 2076 τῶν
1163 2022 1248 2090 μὴ
1298 2021 1808 2091 μετανοησάντων
1853 2020 1951 2072 ἐπὶ
1997 2020 2073 2090 τῇ

407 2111 713 2180 ἀσελγείᾳ,
749 2112 848 2164 καί
900 2112 1256 2180 ἀκαθαρσίᾳ,
1287 2111 1382 2162 καὶ
1411 2111 1657 2177 πορνείᾳ
1703 2103 1743 2179 ᾗ
1780 2108 2068 2174 ἔπραξαν.

409 2199 550 2268 Πρὸς
576 2199 631 2250 δέ
651 2199 935 2268 μετάνοιαν
958 2201 1106 2259 ποῖος
1128 2198 1556 2266 ἐπιτηδειότερος
1577 2196 1772 2264 γένοιτ’
1792 2196 1854 2248 ἂν
1884 2195 2072 2264 καιρὸς

405 2286 502 2339 τοῦ
534 2286 634 2354 τῆς
663 2286 915 2354 νηστείας
945 2285 1138 2354 καιροῦ
1165 2303 1178 2350 ;

476 2397 544 2458 γ’.
601 2391 739 2442 Ἀλλ’
778 2390 1087 2458 ἐπανίωμεν
1125 2389 1204 2452 εἰς
1233 2389 1330 2458 τὴν
1366 2388 1625 2460 ἱστορίαν.
1648 2385 1944 2451 Ἀκούσας
1962 2385 2070 2455 γάρ

405 2479 592 2531 ταῦτα
616 2480 686 2531 τὰ
697 2477 935 2547 ῥήματα
960 2481 992 2530 ό
1016 2476 1328 2544 προφήτης
1347 2474 1564 2541 κατέϐη
1587 2477 1674 2540 εἰς
1702 2475 1944 2539 Ἰόππην
1968 2474 2073 2526 τοῦ

406 2568 650 2636 φεύγειν
670 2568 756 2630 εἰς
777 2565 1026 2632 Θαρσεῖς
1055 2563 1171 2616 ἀπὸ
1199 2561 1521 2630 προσώπου
1544 2563 1783 2629 Kvplov.
1810 2560 1920 2614 Ποῦ
1945 2560 2072 2629 φεύ-

405 2672 545 2721 γεις,
576 2652 862 2721 άνθρωπε;
890 2653 988 2703 οὐκ
1017 2651 1257 2721 ἤκουσας
1300 2648 1393 2701 τοῦ
1444 2650 1724 2719 προφήτου
1778 2649 2028 2715 λέγοντος
2055 2664 2067 2678 ·

407 2741 529 2795 Ποῦ
563 2740 830 2808 πορευθῶ
861 2739 977 2792 ἀπὸ
1012 2737 1117 2792 τοῦ
1164 2739 1501 2804 πνεύματός
1531 2753 1666 2801 σου,
1701 2736 1796 2789 καί
1818 2736 1934 2789 ἀπὸ
1965 2735 2072 2788 τοῦ

405 2828 727 2897 προσώπου
773 2843 887 2880 σου
926 2824 1044 2878 ποῦ
1081 2826 1274 2894 φύγω;
1317 2826 1407 2887 Εἰς
1447 2823 1544 2894 τὴν
1578 2824 1716 2893 γῆν;
1760 2822 1938 2884 Ἀλλά,
1963 2821 2073 2878 Τοῦ

407 2918 623 2986 Κυρίου
655 2917 694 2982 1)
725 2913 821 2984 γῆ,
853 2913 952 2967 καὶ
991 2913 1056 2966 τὸ
1103 2911 1395 2980 πλήρωμα
1443 2910 1654 2978 αὐτῆς,
1692 2910 1830 2962 Ἀλλ’
1859 2912 1938 2974 εἰς
1981 2911 2073 2962 τὸν

407 3007 570 3076 ᾇδην;
600 3004 724 3058 Κᾶν
770 3001 1036 3066 καταϐῶ,
1069 3002 1255 3071 φησὶν,
1289 3003 1376 3064 εἰς
1409 2999 1514 3053 τὸν
1546 2999 1722 3066 ᾅδην,
1758 2999 1952 3067 πάρει.
1979 3001 2073 3062 Εἰς

405 3096 494 3147 τὸν
523 3094 778 3162 οὑρανόνς
823 3091 982 3144 Ἀλλ’
1010 3089 1119 3143 ἐὰν
1155 3088 1354 3146 ἀναϐῶ
1385 3092 1472 3154 εἰς
1512 3090 1618 3142 τὸν
1664 3089 1944 3158 οὐρανὸν,
1990 3090 2071 3143 σὺ

404 3181 532 3235 ἐκεῖ
547 3177 620 3236 εἴ.
665 3179 803 3231 Ἀλλ’
836 3181 914 3241 εἰς
953 3178 1052 3247 τὴν
1083 3177 1388 3240 θάλασσαν;
1419 3176 1525 3229 Καὶ
1567 3175 1710 3240 ἐκεῖ,
1742 3177 1894 3246 φησὶ,
1935 3181 2073 3232 καθ-

403 3270 526 3332 έξει
546 3285 623 3337 με
647 3268 684 3334 ἠ
738 3265 908 3328 δεειά
938 3280 1075 3318 σου.
1123 3265 1188 3317 Ὃ
1231 3264 1295 3335 δὴ
1339 3263 1433 3317 καὶ
1482 3265 1573 3316 ἐπὶ
1599 3263 1790 3317 τούτου
1830 3265 2070 3333 γέγονεν.

418 3354 576 3408 Ἀλλά
611 3353 900 3421 τοιοῦτονή
935 3350 1176 3422 ἁμαρτία
1196 3368 1210 3381 ⁸
1242 3353 1321 3414 εἰς
1353 3350 1550 3421 πολλὴν
1596 3351 1780 3405 ἄνοιαν
1813 3351 2072 3420 ἐμϐάλλει

401 3443 501 3512 τὴν
551 3441 822 3512 ἡμετέραν
868 3441 1062 3512 ψυχήν.
1089 3439 1357 3510 Καθάπερ
1385 3439 1494 3510 γάρ
1529 3441 1576 3492 οἰ
1621 3438 1938 3510 καρηϐαρίᾳ
1980 3440 2074 3492 καὶ

408 3528 545 3598 μέθῃ
577 3529 932 3598 κατεχόμενοι
967 3526 1153 3590 ἁπλῶς
1187 3527 1281 3579 καὶ
1311 3526 1434 3594 εἰκῆ
1466 3526 1853 3596 περιφέρονται
1885 3535 1935 3592 b,
1967 3526 2073 3579 κᾶν

408 3614 698 3684 βάραθρον,
724 3613 824 3666 κάν
864 3613 1130 3683 κρημνὸς,
1161 3613 1262 3666 κᾶν
1293 3613 1472 3664 ὁτιοῦν
1573 3613 1952 3682 ὑποκείμενον,
1982 3629 2074 3665 κα-

403 3701 761 3754 ταπίπτουσιν
809 3701 1164 3770 ἀφυλάκτως⁹
1199 3700 1339 3753 οὑτω
1370 3702 1462 3752 καὶ
1497 3701 1546 3752 οἰ
1588 3701 1724 3770 πρὸς
1751 3700 1849 3772 τὴν
1887 3701 2070 3771 ἁμαρ-

402 3789 525 3842 τίαν
551 3785 1022 3851 ἐξολισθαίνοντες,
1041 3787 1288 3857 καθάπερ
1314 3787 1449 3859 μέθῃ
1471 3788 1575 3840 τινὶ
1601 3791 1664 3857 τῇ
1693 3788 1794 3856 τῆς
1822 3787 2072 3858 πράξεως

403 3875 669 3948 ἐπιθυμία
700 3875 1071 3943 κατεχόμενοι,
1103 3873 1203 3926 οὑκ
1231 3873 1407 3926 ἴσασιν
1441 3875 1577 3943 ὅπερ
1609 3874 1941 3944 πράττουσιν
1967 3891 1979 3905 ·
2008 3875 2070 3927 οὐ

403 3962 513 4016 τῶν
547 3961 849 4033 παρόντων,
889 3961 949 4012 οὐ
971 3959 1079 4013 τῶν
1111 3959 1410 4029 μελλόντων
1444 3977 1496 4011 τι
1543 3960 1840 4030 προορῶσι.

473 4066 579 4118 Τὸν
636 4065 909 4134 Δεσπότην
963 4064 1220 4133 φεύγεις,
1260 4066 1381 4118 εἰπέ
1423 4083 1512 4135 μοι
1560 4065 1818 4128 ;Οὑκοῦν
1877 4066 2070 4138 μικρὸν

404 4155 714 4224 ἀνάμεινον,
753 4153 846 4206 καὶ
871 4151 957 4204 διά
1001 4152 1110 4205 τῶν
1142 4153 1480 4222 πραγμάτων
1513 4153 1692 4204 αὐτῶν
1724 4153 1962 4226 μαθήσῃ,
1989 4156 2072 4207 ὅτι

404 4244 525 4297 οὑδὲ
554 4243 650 4314 τῆς
678 4242 869 4312 δούλης
896 4241 1161 4312 θαλάττης
1195 4242 1290 4303 τάς
1333 4245 1518 4311 χεῖρας
1545 4243 1746 4315 δυνήσῃ
1767 4244 2069 4312 διαφυγεῖν.

417 4331 585 4400 Ὀμοῦ
614 4331 722 4401 γάρ
761 4329 930 4400 ἐπέϐη
965 4329 1062 4399 τῆς
1102 4329 1228 4399 νηὸς
1257 4322 1446 4390 οὗτος,
1484 4327 1708 4400 κάκείνη
1747 4330 1814 4382 τά
1849 4331 2072 4400 κύματα

404 4417 741 4487 διανέστησε,
777 4417 871 4469 καὶ
899 4415 1034 4485 πρὸς
1059 4415 1190 4484 ῦψος
1210 4416 1458 4486 ἠγείρετο
1497 4416 1637 4484 μέγα
1656 4433 1668 4445 ⁸
1693 4419 1790 4473 καὶ
1822 4418 2072 4490 καθάπερ

407 4505 712 4576 θεράπαινά
743 4520 826 4565 τις
876 4501 1174 4571 εὐγνώμων
1233 4500 1514 4554 σύνδουλόν
1562 4501 1798 4572 εὑροῦσα
1835 4504 2067 4573 φυγάδα,

405 4593 514 4644 τῶν
538 4589 868 4644 δεσποτικῶν
907 4587 1232 4658 ὐφελόμενόν
1261 4605 1311 4641 τι
1345 4589 1640 4659 κτημάτων
1661 4633 1674 4649 ,
1703 4591 1762 4643 οὑ
1809 4592 2072 4664 πρότερον

409 4680 700 4750 ἀφίσταται
748 4676 918 4748 μυρία
962 4679 1074 4739 τοῖς
1105 4675 1529 4746 ὑποδεξαμένοις
1571 4679 1729 4732 αὑτὸν
1762 4683 2074 4751 παρέχουσα

409 4769 731 4838 πράγματα,
763 4765 867 4826 ἐως
897 4764 962 4817 ἂν
990 4763 1232 4816 λαϐοῦσα
1259 4765 1418 4817 αὐτὸν
1444 4767 1682 4838 ἀπέλθῃσ
1711 4767 1852 4821 οῦτω
1888 4768 1951 4838 δὴ
1980 4769 2074 4822 καὶ

409 4871 442 4923 η
475 4852 710 4906 θάλαττα
739 4853 828 4904 τὸν
864 4851 1146 4903 σύνδουλον
1181 4851 1414 4920 εὑροῦσα
1463 4853 1554 4905 τὸν
1587 4855 1783 4924 ἐαυτῆς
1817 4857 1910 4908 καὶ
1950 4857 2072 4908 ἐπι-

409 4941 634 5008 γνοῦσα,
669 4940 834 5010 μυρία
863 4944 974 5001 τοῖς
1001 4938 1224 5002 ναύταις
1246 4939 1472 5009 παρέχει
1516 4941 1840 5012 πράγματα,
1871 4943 2072 5014 ταράτ-

410 5046 594 5092 τουσα,
626 5027 804 5098 βοῶσα
825 5065 840 5090 ,
870 5027 969 5079 οὐκ
1019 5028 1098 5089 εἰς
1132 5025 1479 5096 δικαστήριον
1503 5027 1756 5094 ἕλκουσα,
1791 5029 1905 5083 ἀλλ’
1945 5029 2074 5083 αῦτ-

409 5118 602 5188 ανδρον
647 5113 945 5168 ἀπειλοῦσα
992 5112 1285 5168 κατάδυσιν
1323 5111 1418 5165 τοῦ
1462 5113 1722 5183 σκάφους,
1776 5118 1824 5168 εἰ
1880 5117 1954 5187 μὴ
1983 5119 2074 5172 τὸν

409 5203 697 5274 ὁμόδουλον
726 5201 973 5256 ἀποδοῖεν
996 5200 1154 5270 αὐτῇ.
1195 5199 1259 5252 Τί
1292 5195 1386 5253 οῦν
1413 5200 1463 5250 οἰ
1492 5200 1704 5266 ναῦται,
1747 5205 1952 5257 τούτων
1984 5223 2073 5273 γι-

408 5292 686 5362 νομένων;
731 5286 1137 5354 Ἑποιήσαντο,
1163 5287 1346 5357 φησὶν,
1371 5287 1628 5356 ἐκϐολὴν
1667 5289 1783 5343 τῶν
1830 5293 2072 5348 σκευῶν

407 5379 528 5433 τῶν
540 5377 610 5431 ἐν
623 5376 704 5441 τῷ
720 5376 934 5440 πλοίῳ⁹
960 5373 1024 5427 τὸ
1039 5374 1106 5427 δὲ
1132 5375 1348 5428 πλοῖον
1370 5376 1479 5427 οὐκ
1496 5377 1837 5446 ἐκουφίζετο
1864 5398 1877 5412 ο
1911 5383 1940 5433 6
1966 5383 2073 5454 γὰρ

411 5467 605 5538 ςεόρτος
628 5465 772 5526 ἆπας
811 5463 954 5517 ἔνδον
977 5463 1167 5532 ἔμενεν
1187 5461 1288 5527 ἔτι,
1309 5461 1404 5515 τοῦ
1427 5466 1700 5535 προφήτου
1722 5469 1782 5520 τὸ
1806 5468 1986 5538 σῶμα,
2010 5472 2072 5523 τὸ

413 5556 548 5624 βαρὺ
569 5552 806 5622 φορτίον,
823 5551 882 5606 οὐ
899 5549 1046 5620 παρὰ
1062 5549 1158 5619 τὴν
1174 5549 1265 5600 τοῦ
1291 5549 1542 5619 σώματος
1568 5552 1747 5620 φύσιν,
1770 5553 1904 5608 ἀλλὰ
1924 5559 2071 5628 παρά

409 5639 470 5694 τὸ
494 5640 594 5708 τῆς
623 5638 894 5708 ἁμαρτίας
915 5636 1076 5706 ἄχθος
1093 5651 1108 5666 ⁸
1137 5635 1283 5692 οὐδὲν
1305 5635 1412 5706 γάρ
1431 5636 1571 5689 οὕτω
1597 5636 1735 5709 βαρὺ
1760 5641 1851 5692 καὶ
1869 5641 2074 5697 δυσϐά-

474 5813 501 5841 ⁸
523 5811 646 5859 Vide
667 5827 724 5860 an
746 5825 854 5859 cum
881 5809 1064 5857 Savilio
1088 5810 1257 5870 legere
1285 5810 1422 5857 malis
1441 5813 1731 5873 παρήγαγον.
1759 5814 1894 5865 Enn.

471 5873 499 5910 ιι
519 5873 597 5918 Sic
618 5875 761 5981 Sag”.
791 5883 842 5919 οι
867 5875 963 5921 duo
988 5873 1162 5933 “033.,
1194 5875 1346 5932 magis
1369 5886 1578 5934 proprie.
1609 5875 1891 5936 Legebatur
1917 5895 2041 5929 κατα
2064 5908 2077 5923 .

473 5949 644 5981 εονται.
717 5949 808 5981 υιτ.

413 5949 644 6000 ςενξονται.
676 5949 808 5982 nun.

1161 400 1220 453 S.
1260 395 1544 452 JUANNIS
1581 393 2078 454 CIIRYSOSTOMI
2116 395 2434 453 ARCHIEP.
2474 399 3021 461 CONSTANTINOP.

3744 410 3852 464 3'0

2193 528 2444 579 στακτον,
2476 514 2552 580 ὠς
2585 517 2827 590 ἁμαρτία
2857 520 2950 572 καὶ
2979 519 3252 590 παρακοή.
3281 521 3379 574 Διά
3424 520 3581 576 τοῦτο
3610 525 3706 577 καὶ
3738 527 3852 579 Ζα-

2186 601 2382 671 χαρίας
2409 604 2488 665 εἰς
2523 603 2642 672 ὄψιν
2677 604 2924 675 μολίϐδου
2957 605 3288 661 διετύπωσαν
3313 609 3482 680 αὐτήν
3501 627 3516 641 ·
3551 611 3580 662 6
3607 609 3772 664 Δαυῖδ
3792 613 3850 664 δὲ

2185 688 2483 759 τὴνοφύσιν
2522 692 2690 762 αὐτῆς
2734 692 3050 763 διαγράφων
3076 693 3272 762 ἔλεγεν
3305 710 3317 722 ·
3345 698 3415 749 Αἰ
3453 696 3691 765 ἀνομίαι
3728 716 3852 766 μου

2185 775 2494 844 ὑπερῆραν
2545 778 2658 847 τὴν
2704 779 2977 848 κεφαλήν
3019 799 3171 849 μου,
3221 781 3362 835 ὡσεὶ
3412 785 3656 851 φορτίον
3683 786 3853 854 ,βαρὺ

2185 861 2604 931 ἐϐαρύνθησαν
2659 865 2750 918 ἐπ’
2784 866 2907 936 ἐμέ.
2942 866 3000 920 '0
3042 868 3098 920 δὲ
3154 869 3385 938 Χριστὸς
3435 870 3571 940 πρὸς
3615 873 3743 935 τοὺς
3793 876 3853 925 ἐν

2186 948 2484 1019 ἁμαρτίαις
2532 951 2864 1021 βεϐιωκότας
2917 953 3139 1018 πολλαῖς
3183 955 3342 1008 ἐϐόα’
3371 956 3546 1009 Δεῦτε
3593 958 3744 1027 πρὸς
3770 959 3853 1028 μὲ

2184 1034 2406 1102 πάντες
2451 1041 2506 1090 οἰ
2539 1038 2864 1106 κοπιῶντες
2891 1042 2987 1094 καὶ
3025 1041 3500 1111 πεφορτισμένοι,
3526 1045 3687 1114 κάγὼ
3711 1046 3855 1100 ἀνα-

2184 1126 2397 1178 παύσω
2425 1125 2601 1194 ὑμᾶς.
2635 1126 2782 1196 Αὕτη
2824 1127 3002 1183 τοίνυν
3033 1130 3126 1181 καὶ
3162 1129 3223 1182 τὸ
3253 1129 3433 1183 πλοῖον
3463 1131 3692 1203 ἐϐάρυνε
3723 1133 3849 1186 τότε

2184 1215 2276 1265 καὶ
2301 1213 2582 1283 βαπτίζειν
2614 1214 2836 1284 ἔμελλεν
2861 1233 2872 1244 ·
2896 1216 2923 1267 ὁ
2949 1216 3004 1269 δὲ
3035 1217 3214 1280 Ἰωνᾶς
3239 1217 3492 1271 ἐκάθευδε
3517 1221 3608 1272 καὶ
3629 1219 3845 1291 ἐρεγχε.

2183 1302 2362 1371 Βαρύς
2387 1304 2416 1354 6
2449 1301 2615 1366 ῦπνος
2646 1304 2745 1356 οὑκ
2781 1299 2848 1374 ἦν
2882 1305 3096 1375 ἡδονῆς,
3127 1305 3263 1358 ἀλλὰ
3294 1305 3488 1376 λύπης,
3529 1309 3649 1378 οὐχὶ
3677 1310 3853 1380 ῥᾳθυ-

2187 1389 2336 1458 μίας,
2365 1390 2501 1443 ἁλλά
2545 1390 2800 1461 ἀθυμίας.
2844 1394 2905 1445 Οἱ
2935 1390 3044 1462 γὰρ
3093 1392 3435 1462 εὐγνώμονες
3474 1394 3582 1446 τῶν
3620 1397 3855 1450 οἰκετῶν

2182 1477 2390 1546 ταχέως
2419 1478 2765 1532 αἰσθάνονται
2804 1479 2913 1531 τῶν
2951 1481 3365 1551 ἁμαρτημάτων
3391 1498 3405 1511 ’
3427 1482 3566 1553 ὅπερ
3597 1485 3856 1547 κάκεῖνος

2184 1563 2334 1635 [5151
2361 1564 2548 1618 ἔπαθε.
2577 1566 2731 1620 Μετὰ
2756 1567 2864 1636 γάρ
2894 1567 2991 1637 τὴν
3026 1567 3225 1637 πρᾶξιν
3254 1572 3353 1639 τῆς
3380 1570 3672 1641 ἁμαρτίας,
3709 1572 3857 1640 ἔγνω

2182 1651 2284 1720 τῆς
2313 1653 2588 1723 ἁμαρτίας
2615 1653 2735 1707 τότε
2766 1654 2824 1706 τὸ
2853 1654 3022 1706 δεινόν
3041 1671 3054 1683 ·
3087 1656 3180 1707 καὶ
3203 1656 3311 1726 γάρ
3335 1655 3574 1709 τοιοῦτον
3601 1659 3633 1726 ἡ
3663 1660 3856 1729 ἁμαρ-

2181 1739 2271 1792 τία
2293 1758 2306 1770 ο
2339 1740 2475 1810 μετὰ
2500 1741 2562 1794 τὸ
2583 1740 2865 1811 τεχθῆναι,
2895 1741 3110 1811 πλήρης
3143 1741 3262 1794 τότε
3291 1743 3387 1805 τάς
3417 1743 3611 1807 ὠδῖνας
3644 1745 3858 1816 ἐγείρει

2181 1832 2248 1900 τῇ
2277 1831 2511 1902 τεκούσῃ
2559 1831 2704 1901 ψυχῇ
2728 1871 2740 1894 ,
2775 1832 3102 1894 ἀπεναντίας
3125 1832 3204 1902 τῷ
3247 1833 3395 1903 νόμῳ
3434 1835 3535 1903 τῆς
3575 1836 3858 1907 ἡμετέρας

2182 1918 2507 1988 γεννήσεως.
2552 1919 2743 1988 Ἡμεῖς
2778 1919 2874 1988 μὲν
2894 1919 3002 1989 γάρ
3027 1918 3160 1988 ὁμοῦ
3181 1920 3464 1989 τεχθέντες
3485 1921 3581 1985 τὰς
3606 1922 3804 1986 ὠδῖνας
3829 1935 3852 1962 ε

2181 2001 2380 2074 λύομεν
2403 2043 2417 2066 ,
2447 2004 2631 2074 ἐκείνη
2679 2005 2736 2056 δὲ
2769 2004 2906 2074 ὁμοῦ
2940 2006 3192 2074 τεχθεῖσα
3235 2005 3437 2077 διασπᾷ
3485 2011 3606 2071 ταῖς
3638 2009 3859 2074 ὀδύναις

2181 2091 2307 2152 τοῦς
2321 2091 2577 2155 τεκόντας
2603 2093 2771 2172 αὐτὴν
2797 2088 3292 2162 λογισμούς.Τίοῦν
3317 2095 3646 2166 ὁπρωρεύς;
3677 2097 3857 2168 Προσ-

2180 2176 2333 2247 ῆλθε,
2361 2179 2546 2249 φησὶν,
2579 2179 2728 2249 αὐτῷ
2777 2181 2870 2232 καὶ⁵
2901 2179 3086 2246 λέγει·
3131 2179 3400 2246 Ἀνάστα,
3432 2183 3529 2235 καί
3557 2183 3857 2238 ὲπικαλοῦ

2181 2264 2402 2331 Κύριον
2435 2266 2539 2318 τὸν
2578 2267 2728 2319 Θεόν
2751 2282 2886 2318 σου.
2920 2267 3100 2333 Ἔγνω
3133 2266 3318 2319 λοιπὸν
3344 2267 3451 2320 ἀπὸ
3487 2269 3588 2338 τῆς
3618 2271 3818 2340 πείρας
3840 2310 3856 2332 ,

2182 2348 2262 2401 ὅτι
2284 2350 2382 2402 οὐκ
2412 2346 2476 2421 ἦν
2498 2352 2732 2422 συνήθης
2755 2354 2782 2404 6
2801 2352 3032 2422 χειμὼν,
3059 2354 3192 2406 άλλά
3214 2353 3471 2425 θεήλατος
3495 2351 3562 2426 ἦν
3589 2359 3621 2426 ή
3646 2357 3856 2428 πληγὴ,

2183 2437 2276 2486 καὶ
2317 2438 2501 2505 μεῖζον
2533 2439 2630 2508 τῆς
2685 2439 3032 2509 ἀνθρωπίνης
3084 2440 3282 2509 τέχνης
3321 2441 3382 2493 τὸ
3413 2441 3725 2504 κλυδώνιον,
3759 2446 3860 2496 καὶ

2181 2521 2262 2573 ὅτι
2304 2521 2412 2573 τῶν
2463 2523 2558 2574 τοῦ
2613 2524 2952 2594 κυϐερνήτου
2985 2524 3184 2595 χειρῶν
3232 2526 3422 2594 ὄφελος
3445 2527 3633 2579 οὐδέν’
3662 2528 3859 2598 ἑτέρου

2182 2608 2289 2679 γάρ
2332 2608 2498 2661 ἐδεῖτο
2534 2609 2778 2674 μείζονος
2812 2612 3148 2681 κυϐερνήτου
3195 2612 3264 2666 τά
3308 2614 3592 2682 γινόμενα,
3622 2615 3718 2667 τοῦ
3763 2615 3862 2669 τὸν

2183 2696 2386 2766 κόσμον
2415 2697 2875 2768 διακυϐερνῶντος
2907 2701 3146 2762 ἅπαντα,
3172 2701 3266 2752 καὶ
3292 2701 3391 2769 τῆς
3434 2701 3639 2754 ἄνωθεν
3662 2705 3862 2773 χρείαν

2181 2778 2294 2852 εἶχε
2345 2785 2537 2854 ῥοπῆς.
2574 2786 2672 2838 Διὰ
2715 2785 2875 2838 τοῦτο
2925 2787 3169 2839 κάκεῖνοι
3213 2787 3401 2849 κώπας
3437 2789 3531 2841 καὶ
3577 2789 3726 2841 ἱστία
3761 2792 3862 2843 καὶ

2184 2872 2389 2940 σχοινία
2423 2873 2516 2925 καὶ
2545 2874 2722 2926 πάντα
2750 2873 2980 2940 ἀφέντες
3009 2875 3100 2926 καὶ
3126 2873 3225 2943 τῆς
3255 2875 3497 2945 εἰρεσίας
3528 2875 3629 2939 τὰς
3659 2880 3860 2948 χεῖρας

2181 2959 2590 3029 ἀποστήσαντες
2622 2959 2758 3030 πρὸς
2782 2959 2873 3012 τὸν
2906 2961 3132 3031 οὐρανὸν
3157 2961 3453 3026 ἀνέτειναν,
3488 2964 3584 3016 καὶ
3607 2965 3699 3015 τὸν
3723 2963 3861 3016 θεὸν

2183 3047 2542 3117 παρεκάλουν.
2580 3049 2667 3110 Ὠς
2704 3047 2762 3099 δὲ
2793 3048 2916 3100 οὐδὲ
2947 3049 3120 3111 οὓτως
3154 3050 3368 3116 ἐγένετό
3387 3067 3439 3102 τι
3470 3049 3652 3116 πλέον,
3684 3052 3863 3104 Ἐϐα-

2181 3134 2272 3188 λον
2311 3134 2566 3206 κλήρους,
2600 3134 2761 3205 φησί·
2805 3136 2902 3188 καὶ
2937 3135 3224 3205 παρέδωκε
3261 3136 3445 3189 λοιπὸν
3486 3138 3513 3188 ὁ
3549 3137 3757 3207 κλῆρος
3789 3140 3859 3208 τῇ

2180 3223 2348 3294 ψήφῳ
2376 3223 2467 3276 τὸν
2509 3222 2829 3276 ὑπεύθυνον.
2862 3223 2929 3274 Oi
2962 3223 3019 3274 δὲ
3054 3223 3174 3276 οὐδὲ
3204 3221 3376 3285 οὑτως
3402 3223 3563 3275 αὐτὸν
3602 3224 3863 3288 λαϐόντες

2183 3313 2599 3374 κατεπόντισαν,
2634 3311 2770 3364 ἀλλά
2800 3309 3032 3381 θορύϐου
3056 3309 3310 3363 τοσούτου
3338 3311 3432 3363 καί⁸
3453 3313 3704 3383 capax-ﬁ;
3735 3316 3863 3366 ἐπι-

2182 3401 2441 3470 κειμένης
2473 3399 2522 3463 ἀ,
2552 3399 2743 3470 ὥσπερ
2780 3398 3010 3469 ήσυχίας
3040 3397 3241 3467 πολλῆς
3290 3396 3678 3460 ἀπολαύοντες,
3718 3400 3864 3454 οὑτω

2181 3487 2530 3557 δικαστήριον
2561 3489 2620 3538 ἐν
2655 3484 2732 3555 τῷ
2766 3485 2936 3554 πλοίῳ
2987 3484 3360 3548 καθιστάντες,
3405 3485 3499 3537 καὶ
3533 3483 3700 3552 λόγου
3733 3503 3864 3554 μετ-

2183 3574 2390 3627 έδωκαν
2427 3574 2595 3642 αὐτῷ,
2619 3578 2728 3642 καὶί
2761 3571 3052 3640 ἀπολογίας
3098 3572 3358 3640 ἠξίωσαν,
3387 3573 3480 3624 καὶ
3504 3571 3686 3623 πάντα
3722 3570 3863 3640 μετά

2182 3662 2465 3734 ἀκριϐείας
2515 3641 2815 3730 ἐξήταζον,
2847 3659 3037 3728 ὥσπερ
3085 3658 3370 3729 μέλλοντές
3426 3675 3531 3711 τινι
3595 3659 3863 3729 παρέχειν

2181 3751 2439 3813 εὐθύνας,
2490 3741 2566 3801 ὧν
2607 3747 2672 3801 ἂν
2723 3746 3087 3816 ψηφίσωνται.
3139 3747 3404 3798 Ἄκουσον
3448 3744 3583 3813 γοῦν
3637 3745 3861 3808 αὐτῶν,

2181 3837 2370 3909 ὤσπερ
2420 3839 2477 3890 ἐν
2505 3837 2841 3905 δικαστηρίῳ
2894 3836 3076 3888 πάντα
3120 3834 3501 3900 ἐξεταζόντων.
3547 3835 3646 3897 Τίς
3693 3851 3789 3887 σου
3828 3837 3861 3905 ἡ

2181 3925 2412 3996 ἐργασία
2441 3925 2555 3977 ἐστί
2580 3941 2594 3990 ;
2625 3925 2720 3977 καὶ
2757 3922 2921 3976 πόθεν
2961 3922 3128 3995 ἔρχῃ;
3154 3924 3246 3975 καὶ
3272 3922 3372 3975 ποῦ
3406 3922 3616 3994 πορεύῃ
3639 3939 3653 3987 ;
3676 3924 3774 3976 καὶ
3800 3925 3862 3975 ἐκ

2124 4000 2131 4009 ’
2181 4013 2341 4076 ποίας
2362 4014 2564 4084 χώρας,
2606 4013 2698 4065 καὶ
2737 4013 2800 4064 ἐκ
2830 4011 2982 4063 ποίου
3019 4009 3150 4063 λαοῦ
3179 4006 3228 4062 εί
3251 4009 3313 4061 σύ
3342 4027 3356 4074 ;
3397 4011 3594 4063 Καίτοι
3623 4011 3861 4079 κατηγό-

2183 4118 2317 4172 ρησε
2353 4101 2450 4171 μὲν
2496 4103 2529 4170 ή
2567 4099 2809 4151 θάλασσα
2861 4097 3206 4161 καταϐοῶσα,
3240 4098 3433 4168 ἤλεγξε
3459 4096 3517 4149 δὲ
3562 4099 3590 4148 ὁ
3631 4097 3857 4167 κλῆρος,

2183 4191 2276 4240 καὶ
2295 4186 2782 4256 κατεμαρτύρησεν
2801 4201 2814 4214 ·
2831 4183 2944 4236 ἀλλ’
2957 4185 3104 4254 ὅμως
3127 4183 3247 4236 οὑτε
3264 4185 3359 4254 τῆς
3376 4183 3656 4253 θαλάσσης
3689 4201 3860 4238 κατα-

2183 4275 2414 4344 ϐοώσης,
2433 4273 2556 4327 οὔτε
2583 4274 2678 4326 τοῦ
2711 4272 2913 4343 κλήρου
2943 4274 3537 4343 καταμαρτυρήσαντος
3558 4273 3660 4342 τὴν
3680 4274 3862 4342 ψῆφον

2182 4364 2481 4431 ἐπάγουσιν
2511 4362 2741 4425 οὐδέπω,
2764 4360 2878 4413 ἀλλ’
2900 4359 3087 4430 ὥσπερ
3111 4363 3168 4412 ἐν
3207 4359 3562 4430 δικαστηρίῳ,
3597 4362 3696 4413 καὶ
3732 4378 3863 4415 κατ-

2182 4451 2396 4522 ηγόρων
2425 4450 2726 4522 παρόντων,
2748 4449 2842 4501 καὶ
2860 4448 3151 4518 μαρτύρων
3171 4449 3568 4516 ἐφεστηκότων.
3587 4450 3683 4502 καὶ
3711 4449 3862 4516 ἐλέγ-

2182 4557 2290 4608 χων
2319 4539 2648 4608 γινομένων,
2682 4538 2743 4590 οὐ
2779 4536 3043 4607 πρότερον
3088 4537 3136 4588 οἱ
3187 4535 3499 4600 δικάζοντες
3532 4537 3633 4607 τὴν
3677 4539 3861 4608 ψῆφον

2182 4625 2513 4692 ἐπάγουσιν,
2548 4625 2652 4687 ἕως
2696 4623 2764 4677 ἂν
2808 4623 2971 4686 αὐτὸς
3001 4625 3031 4675 6
3073 4623 3360 4686 κατάδικος
3401 4625 3714 4695 κατήγορος
3762 4627 3862 4697 τῆς

2186 4715 2322 4776 ἰδίας
2349 4712 2621 4783 ἁμαρτίας
2656 4712 2882 4781 γένηται
2901 4727 2914 4739 ·
2933 4712 3076 4766 οὕτω
3099 4713 3162 4782 δὴ
3193 4713 3352 4766 καλοί
3375 4712 3568 4766 ναῦται
3597 4715 3858 4778 ἐνταῦθα,

2183 4803 2460 4872 ἄνθρωποι
2499 4801 2762 4872 βάρϐαροι
2808 4802 2904 4854 καὶ
2948 4802 3184 4871 ἀνόητοι,
3217 4800 3314 4872 τὴν
3357 4803 3415 4854 ἐν
3446 4804 3558 4864 τοῖς
3590 4802 3859 4876 δικαστη-

2184 4890 2319 4960 ρίοις
2342 4889 2594 4953 εὐταξίαν
2613 4887 2910 4959 ἐμιμοῦντο
2927 4905 2939 4918 ·
2966 4891 3142 4942 καίτοι
3173 4889 3429 4942 τοσούτου
3461 4889 3652 4958 φόϐου,
3673 4895 3862 4945 τοσού-

2181 4993 2275 5028 του
2306 4975 2623 5038 κλυδωνίου,
2651 4977 2924 5046 τοσαύτης
2953 4977 3199 5046 ταραχῆς
3224 4975 3600 5046 περιεστώσης
3636 4979 3799 5032 αὐτοὶ
3813 4997 3859 5044 ς,

2184 5067 2278 5118 καὶ
2313 5066 2412 5134 τῆς
2438 5065 2712 5135 θαλάσσης
2753 5066 2874 5117 οὐδὲ
2906 5066 3166 5117 ἀναπνεῖν
3203 5064 3611 5135 ἐπιτρεπούσης
3638 5084 3651 5094 ·
3684 5066 3862 5130 οῦτως

2181 5153 2450 5226 ἐθορύϐει,
2474 5154 2568 5205 καὶ
2603 5153 2937 5205 κατέσπευδε
2965 5153 3260 5222 μαινομένη
3282 5153 3375 5205 καὶ
3405 5153 3738 5207 καταϐοῶσα
3771 5154 3864 5208 καὶ

2185 5241 2383 5310 συνεχῆ
2415 5239 2484 5294 τά
2526 5241 2745 5310 κύματα
2799 5242 3180 5312 ἐπεγείρουσα.
3217 5241 3386 5293 Πόθεν
3414 5237 3508 5293 οὗν
3547 5244 3580 5312 ἡ
3617 5242 3858 5313 τοταύτη

2183 5329 2410 5399 πρόνοια
2435 5328 2679 5398 γέγονεν,
2712 5329 3021 5398 ἀγαπητοὶ,
3056 5329 3184 5399 περὶ
3222 5328 3312 5381 τὸν
3359 5330 3682 5398 προφήτην;
3727 5331 3862 5383 ’Δπδ

2182 5417 2280 5487 τῆς
2310 5417 2405 5470 τοῦ
2448 5418 2584 5471 Θεοῦ
2631 5417 2963 5486 οἰκονομίας.
3003 5416 3058 5470 Ὀ
3085 5419 3190 5488 γὰρ
3227 5416 3360 5480 Θεὸς
3385 5417 3654 5487 ᾠκονόμει
3683 5419 3861 5472 ταῦτα

2183 5507 2448 5575 γίνεσθαι,
2483 5509 2573 5560 τὸν
2600 5513 2884 5579 προφήτην
2909 5506 2996 5560 διά
3017 5506 3221 5558 τούτων
3256 5505 3529 5558 παιδεύων
3555 5505 3862 5575 φιλάνθρω-

2184 5613 2283 5648 πον
2312 5591 2449 5649 εἶναι
2471 5597 2563 5648 καὶ
2583 5595 2690 5665 ἥμε
2701 5612 2810 5668 ρον,
2831 5597 2921 5648 καὶ
2941 5594 3220 5666 μονονουχὶ
3253 5594 3390 5664 βοῶν
3417 5595 3552 5661 πρὸς
3581 5593 3748 5647 αὐτὸν
3767 5595 3857 5648 καὶ

2183 5685 2356 5754 λέγων
2382 5702 2396 5717 ·
2432 5686 2684 5756 Μίμησαι
2739 5686 2864 5748 τοὺς
2908 5684 3141 5749 ναύτας,
3179 5683 3502 5755 ἀνθρώπους
3554 5682 3855 5753 ἀνοήτους·

2247 5883 2270 5909 ε
2300 5877 2392 5926 Alii
2413 5879 2593 5933 ὀδύνας.

2247 5940 2275 5980 ἀ
2296 5941 2393 5991 Alii
2419 5949 2471 5991 el
2488 5942 2635 5991 Savil.
2665 5942 3000 6002 ἐπιγινομένης.
