4046 6396
327 453 429 508 309
467 453 469 455 ’

329 585 449 622 eum
477 580 598 637 erga
632 567 910 626 Dominum
947 566 1200 637 majorem
1230 580 1386 636 quam
1415 580 1602 621 omnes
1639 563 1912 633 apostolos

327 659 600 712 caritatem
640 659 910 714 habuisse.
954 659 1125 726 Petre,
1159 659 1363 730 inquit,
1392 657 1562 727 diligis
1592 673 1670 710 me
1696 655 1809 727 plus
1836 655 1913 709 liis

333 749 510 819 (Joan.
538 749 627 802 ‘21.
653 749 778 820 15)?
799 751 934 808 Huic
959 759 1135 804 autem
1163 750 1227 805 ad
1257 750 1466 803 virtutis
1496 748 1755 802 rationem
1785 745 1911 799 nihil

331 858 458 897 sane
488 858 583 912 par
609 843 787 898 fuerit.
821 844 936 911 Quo
956 857 1083 897 vero
1111 842 1329 896 minime
1356 840 1502 896 dicas
1527 839 1717 894 merito
1749 837 1912 892 Deum

331 935 576 988 Ninivitis
608 935 889 1004 ignovisse,
921 935 1161 988 barbaris
1188 933 1489 988 hominibus
1532 941 1585 985 et
1623 929 1917 998 insipienti-

335 1027 430 1079 hus
464 1043 475 1078 :
508 1025 696 1080 Servus
721 1027 872 1088 enim,
903 1026 1093 1094 inquit,
1125 1027 1347 1079 nesciens
1372 1025 1677 1077 voluntatem
1703 1020 1913 1083 domini,

333 1127 376 1168 et
409 1133 506 1169 non
539 1117 748 1187 faciens,
777 1117 1030 1184 vapulabit
1058 1117 1232 1184 paucis
1254 1113 1399 1186 (Luc.
1433 1113 1518 1168 19..
1548 1113 1674 1179 48)ε
1705 1119 1762 1165 ttt
1790 1123 1918 1178 ergo

337 1206 436 1260 hoc
489 1221 592 1260 non
646 1207 812 1273 dicas,
859 1207 1069 1260 Petrum
1117 1207 1208 1260 tibi
1255 1208 1306 1260 in
1351 1206 1585 1260 medium
1635 1212 1919 1272 propterea

337 1297 483 1351 duxit
502 1298 542 1360 ί,
567 1313 776 1351 servmn
802 1299 1128 1352 voluntatem
1156 1297 1364 1352 Domini
1385 1295 1614 1349 maxime
1635 1292 1915 1346 scientem.

337 1386 441 1442 Sed
476 1397 650 1442 tamen
681 1387 766 1441 hic
789 1388 926 1464 idem
951 1403 1174 1456 peccans
1196 1387 1428 1440 maximo
1451 1394 1691 1454 peccato,
1716 1381 1922 1452 respice

341 1491 594 1550 quantum
617 1479 683 1534 ad
709 1478 914 1534 ﬁduciae
951 1480 1161 1534 culmen
1189 1477 1365 1533 rediit.

413 1593 489 1648 0b
512 1603 714 1663 peccata
734 1610 1006 1664 numquam
1035 1591 1423 1663 desperandum.
1454 1589 1704 1660 —lgitur
1733 1596 1786 1642 et
1811 1587 1924 1656 ipse

342 1688 571 1758 peccatis
591 1685 842 1741 admissis
876 1702 942 1741 ne
965 1686 1198 1739 animum
1221 1682 1572 1752 despondeas.
1607 1680 1759 1748 Quod
1782 1677 1923 1734 enim

342 1781 395 1833 in
422 1789 638 1850 peccato
664 1780 896 1849 gravius,
921 1788 1002 1833 est
1029 1779 1080 1832 in
1114 1788 1331 1848 peccato
1359 1786 1500 1830 stare
1534 1792 1546 1827 :
1577 1783 1631 1828 et
1666 1772 1804 1842 quod
1835 1786 1925 1839 pe-

343 1872 428 1942 jus
451 1873 501 1924 in
527 1887 652 1926 casu
672 1913 687 1938 ,
717 1880 797 1926 est
820 1871 1000 1940 jacere
1021 1871 1072 1923 in
1100 1885 1185 1924 eo.
1225 1869 1338 1922 Hoc
1365 1876 1420 1923 et
1449 1866 1642 1920 Paulus
1678 1865 1837 1918 dellet
1873 1872 1928 1916 ct

345 1965 677 2033 ingetuiscit,
712 1963 816 2017 hoc
852 1963 981 2016 tletu
1029 1962 1246 2032 dignum
1283 1974 1404 2014 esse
1450 1959 1621 2012 dicit:
1653 1954 1736 2009 Ne
1756 1959 1884 2026 forte
1908 1992 1925 2018 ,

346 2057 531 2128 inquit,
560 2073 673 2109 cum
703 2072 879 2111 venero
905 2055 971 2107 ad
995 2070 1098 2116 vos,
1122 2050 1346 2105 humiliet
1375 2067 1454 2104 me
1481 2048 1636 2115 Deus,
1667 2056 1713 2100 et
1731 2049 1928 2116 lugeam

347 2153 530 2204 multos
556 2167 617 2203 ex
656 2151 718 2203 iis
748 2149 833 2219 qui
872 2163 975 2200 non
1024 2146 1196 2200 solum
1239 2154 1618 2215 peccaverunt,
1647 2138 1740 2194 sed
1771 2154 1838 2192 ex
1865 2138 1929 2190 iis

345 2242 435 2312 qui
480 2241 819 2312 paenitentiam
855 2256 954 2291 non
992 2245 1199 2308 egerunt
1233 2251 1382 2306 super
1420 2231 1736 2302 impudicitia
1764 2239 1808 2283 et
1833 2229 1931 2282 im-

347 2334 594 2388 munditia
620 2342 666 2385 et
690 2332 1040 2402 fornicatione,
1059 2345 1210 2399 quam
1238 2330 1462 2398 fecerunt
1487 2324 1542 2394 (2
1558 2323 1673 2377 Cor.
1695 2321 1779 2376 12.
1813 2318 1927 2387 21).

346 2425 427 2480 Ad
475 2425 840 2494 paenitentiam
896 2438 1025 2476 vero
1090 2421 1246 2490 quale
1289 2416 1668 2488 congruentius
1721 2421 1932 2480 tempus

348 2525 526 2586 posset
549 2514 806 2568 accedere
825 2512 1011 2582 jejunii
1043 2520 1282 2580 tempore
1306 2510 1329 2562 ?

418 2629 470 2682 5.
517 2626 622 2682 Sed
665 2625 731 2680 ad
777 2624 1056 2681 historiam
1104 2632 1451 2677 revertamur.
1502 2619 1725 2672 Audiens
1766 2625 1934 2670 autem

349 2719 592 2789 praplteta
612 2718 761 2770 verba
791 2717 897 2770 licet:
915 2758 930 2783 ,
974 2715 1225 2768 descendit
1249 2715 1300 2766 in
1328 2712 1550 2782 Joppen,
1581 2721 1632 2763 ut
1665 2713 1857 2780 [ageret
1883 2710 1935 2762 in

349 2809 560 2864 Tharsis
602 2827 632 2862 a
659 2809 791 2879 facie
824 2807 1030 2860 Domini
1080 2805 1224 2877 (Jon.
1264 2805 1316 2857 1.
1359 2804 1438 2874 5).
1470 2801 1710 2869 Quonam
1763 2799 1931 2868 fugis,

351 2900 548 2955 homo?
576 2898 833 2970 numquid
859 2897 1107 2952 audivisti
1136 2894 1451 2964 prophetam
1478 2892 1746 2946 dicentem
1782 2908 1794 2943 :
1823 2890 1936 2955 Quo

350 2992 430 3044 ibo
446 3008 476 3043 a
491 2991 671 3060 spiritu
689 3000 796 3053 tuo,
810 2997 856 3043 et
881 3005 980 3058 quo
999 3004 1032 3040 a
1060 2986 1189 3056 [acie
1210 2994 1298 3037 tua
1311 2985 1504 3055 fugiam
1523 2980 1684 3052 (Psal.
1708 2980 1830 3034 158.
1853 2979 1936 3048 7)?

352 3087 408 3139 ln
433 3085 654 3140 terram?
678 3083 783 3139 Sed
812 3082 1018 3136 Domini
1043 3090 1117 3134 est
1140 3090 1272 3133 terra
1285 3089 1330 3132 et
1357 3077 1616 3149 plenitudo
1634 3076 1741 3147 ejus
1762 3072 1934 3143 (Psal.

351 3177 442 3232 25.
467 3179 538 3245 1).
566 3176 646 3230 Ad
675 3173 979 3229 infernum?
1012 3173 1072 3224 Si
1101 3171 1435 3237 descendero,
1465 3168 1655 3237 inquit,
1691 3168 1742 3218 in
1771 3165 1934 3235 infir-

355 3287 496 3335 num,
531 3269 671 3322 ades.
704 3268 760 3322 In
787 3264 1085 3320 caalumne?
1109 3263 1170 3318 Si
1192 3262 1463 3316 ascendero
1491 3261 1545 3312 in
1568 3259 1770 3323 caelum,
1801 3269 1854 3308 tu
1871 3255 1937 3308 il-

355 3362 672 3434 lices(Psal.
693 3361 815 3416 158.
841 3361 1016 3432 8).An
1043 3361 1093 3411 in
1126 3355 1312 3410 mare?
1342 3354 1410 3407 Et
1430 3353 1556 3416 illis,
1588 3350 1776 3420 inquit,
1805 3358 1940 3401 tene-

355 3455 422 3508 bit
453 3471 530 3509 me
556 3455 760 3508 dextera
802 3463 888 3505 tua
917 3449 1021 3522 (Ib.
1071 3464 1116 3503 υ.
1145 3449 1253 3518 10).
1299 3447 1454 3513 Quod
1498 3455 1550 3497 et
1577 3444 1697 3496 huic
1739 3439 1934 3496 evenit.

357 3546 461 3601 Sed
488 3547 589 3600 tale
614 3555 696 3599 est
726 3552 1018 3614 peccatum,
1045 3549 1101 3594 ut
1123 3539 1188 3592 ad
1213 3536 1564 3607 ignorantiam
1583 3533 1802 3586 multam
1826 3528 1943 3584 red-

357 3639 462 3706 igat
503 3637 757 3690 animam.
797 3635 927 3689 Nam
969 3635 1105 3688 sicut
1129 3633 1216 3700 qui
1245 3628 1503 3699 gravitate
1547 3627 1736 3693 capitis
1761 3624 1939 3678 ebrie-

359 3738 568 3797 tateque
598 3736 861 3792 tenentur,
891 3725 1053 3779 stulte
1081 3738 1144 3777 ac
1175 3733 1373 3776 temere
1415 3721 1676 3783 feruntur,
1700 3717 1942 3786 quamvis

360 3820 729 3890 praecipitium,
759 3819 1000 3888 quamvis
1022 3815 1356 3880 barathrum,
1381 3822 1432 3866 et
1457 3812 1596 3865 aliud
1620 3811 1742 3881 quid
1770 3810 1942 3864 simile

359 3910 853 3976 subsit,eonciduut
874 3910 1081 3963 incaute
1113 3925 1126 3960 :
1161 3907 1238 3960 sic
1267 3907 1354 3974 qui
1376 3915 1631 3958 corruunt
1671 3905 1724 3957 in
1757 3919 1943 3972 pecca-

363 4009 510 4067 tum,
531 4001 690 4054 veluti
721 4001 978 4054 ebrietate
1011 3997 1238 4052 actionis
1281 3995 1546 4049 desiderio
1573 3994 1778 4048 detenti
1800 4035 1814 4059 ,
1847 4010 1947 4048 ne-

361 4093 534 4145 sciunt
559 4091 684 4161 quid
708 4092 927 4156 faciunt,
960 4105 1065 4144 non
1086 4088 1389 4159 praesentia,
1419 4101 1524 4140 non
1552 4085 1725 4140 futura
1749 4086 1942 4156 praevi-

361 4184 564 4239 dentes.

458 4299 750 4353 Similitudo
791 4299 1149 4368 pulcherrima.
1191 4327 1262 4336 —-
1289 4297 1609 4360 Dominum,
1647 4295 1734 4348 dic
1774 4293 1943 4358 mihi,

363 4390 535 4460 iugis?
565 4389 853 4457 Parumper
882 4391 1039 4458 igitur
1066 4404 1240 4454 mane,
1265 4399 1423 4457 atque
1446 4402 1540 4457 per
1564 4401 1740 4440 rerum
1771 4384 1946 4439 disces

364 4493 616 4538 eventum
637 4525 652 4543 ,
685 4494 733 4536 te
762 4498 933 4553 neque
966 4483 1129 4536 maris
1149 4522 1164 4549 ,
1196 4482 1336 4536 servi
1363 4481 1478 4550 ejus
1504 4522 1519 4546 ,
1557 4495 1710 4549 posse
1760 4493 1948 4530 manus

364 4577 614 4647 ellugcre.
643 4576 738 4630 Vix
776 4577 916 4630 enim
949 4578 1124 4629 navim
1155 4575 1254 4628 iste
1275 4572 1660 4627 eunscettderat
1681 4612 1692 4634 ,
1731 4585 1851 4625 cum
1885 4569 1947 4622 il-

365 4670 421 4725 lu
445 4692 466 4744 ιγ
484 4670 674 4722 ﬂuetus
696 4669 901 4731 extulit,
934 4669 984 4720 in
1011 4667 1280 4734 altumque
1302 4665 1512 4729 levavit,
1546 4673 1600 4717 et
1628 4664 1786 4718 veluti
1813 4662 1940 4716 lide-

368 4760 435 4814 lis
481 4760 674 4812 ancilla
716 4773 1036 4813 conservum
1084 4756 1359 4811 inveniens
1397 4754 1722 4824 fugientem,
1750 4753 1840 4823 qui
1881 4769 1947 4806 ex

367 4851 567 4905 domini
596 4851 748 4904 bouis
791 4849 1060 4919 quidpiam
1102 4847 1451 4914 surripuerit,
1482 4860 1739 4913 nusquam
1786 4845 1852 4897 ab
1883 4860 1948 4897 eo

369 4944 603 5007 recedit,
630 4940 881 5007 milleque
926 4938 1304 5006 impedimenta
1350 4938 1542 5006 ingerit
1569 4935 1948 5004 recipientibus

369 5037 550 5100 illum,
577 5033 749 5105 quoad
784 5034 954 5102 ipsum
995 5032 1269 5085 vindicans
1298 5030 1516 5083 reducat
1548 5029 1661 5082 :sic
1705 5037 1759 5080 et
1803 5043 1950 5080 mare

369 5145 683 5184 euaservum
729 5127 1006 5182 inveniens
1054 5135 1106 5180 et
1149 5138 1472 5195 agnoscens,
1524 5121 1672 5176 mille
1725 5120 1949 5189 impedi-

372 5229 548 5275 menta
579 5221 753 5273 nautis
780 5221 1004 5282 excitat,
1036 5217 1253 5270 turbans
1274 5257 1288 5280 ,
1314 5214 1579 5278 clamans,
1608 5227 1713 5266 non
1743 5211 1793 5264 in
1814 5210 1947 5279 judi-

371 5313 512 5366 cium
544 5311 786 5374 trahens,
817 5309 910 5364 sed
933 5309 1262 5363 comminans
1290 5323 1476 5361 navem
1503 5306 1812 5376 demergere
1830 5321 1949 5358 cmn

373 5407 581 5470 nautis,
611 5407 709 5458 nisi
747 5420 1064 5458 conservum
1103 5417 1256 5456 suum
1295 5401 1395 5455 sibi
1438 5398 1785 5454 reddiderint.
1819 5396 1956 5463 Quid

373 5514 501 5568 ergo
530 5507 723 5561 naulu',
755 5495 835 5548 his
852 5491 1302 5563 contingentibus?
1322 5493 1528 5543 Jactnm
1551 5529 1565 5550 ,
1601 5489 1786 5557 inquit,
1807 5503 1954 5539 vaso-

373 5606 486 5643 rum
517 5591 736 5657 fecerunt
755 5626 769 5650 ,
796 5585 936 5638 navis
978 5600 1092 5637 vero
1124 5597 1435 5652 nequaquam
1460 5580 1784 5633 allevtabatur
1807 5576 1954 5649 (Jon.

377 5684 430 5738 1.
455 5683 509 5749 5)
541 5690 743 5735 :Iotum
790 5681 931 5735 enim
969 5677 1142 5734 adhuc
1182 5689 1319 5731 onus
1359 5675 1647 5740 manebat,
1679 5671 1955 5743 propheta:

441 5883 460 5914 ³
498 5877 647 5936 Duxi,
669 5878 807 5939 juxta
824 5876 943 5926 Savil
962 5915 971 5926 .

1536 449 1624 505 DE
1664 445 2136 504 PCENITENTIA.
2179 440 2412 498 HOMIL.
2459 441 2518 497 ν.

3499 429 3602 484 3H)

2027 575 2224 630 corpus
2253 559 2486 622 scilicet,
2507 571 2643 612 onus
2662 569 2854 627 grave,
2885 569 2990 609 non
3019 568 3084 609 ex
3113 561 3300 608 natura
3329 567 3599 622 corporis.

2021 653 2116 708 sed
2144 652 2212 707 ob
2254 650 2459 720 pondus
2487 649 2720 719 peccati;
2752 647 2882 702 nihil
2924 646 3066 701 enim
3089 655 3194 700 tam
3221 657 3506 699 onerosum
3552 653 3605 695 et

2021 761 2198 815 grave,
2231 760 2389 814 quam
2424 749 2698 811 peceatum
2731 750 2784 795 et
2815 739 3191 794 inobedientia.
3223 737 3506 806 Pmpterea
3557 747 3609 789 et

2023 835 2307 889 Zacharias
2339 834 2388 887 id
2423 833 2618 901 plumbi
2663 831 2905 900 figuravit
2949 829 3293 884 similitudine
3327 825 3520 899 (Zach.
3557 827 3611 882 5.

2024 930 2077 1000 7)
2103 951 2116 984 :
2146 929 2309 984 David
2339 942 2468 981 vero
2496 926 2752 981 describit
2776 924 2891 992 ejus
2931 931 3207 988 naturam,
3233 921 3421 976 dicens
3453 938 3466 974 :
3496 919 3610 973 Ini~

2023 1023 2236 1092 quitates
2280 1035 2408 1074 mea:
2453 1032 2793 1089 supergressa:
2831 1024 2943 1068 sunt
2973 1022 3124 1082 caput
3163 1029 3360 1077 meum,
3392 1021 3439 1064 et
3482 1012 3611 1065 sicut

2024 1130 2151 1166 onus
2173 1127 2323 1184 grave
2346 1120 2574 1183 gravatae
2594 1119 2710 1163 sunt
2734 1125 2888 1176 super
2915 1123 2992 1158 me
3028 1103 3199 1174 (Psal.
3233 1104 3320 1156 57.
3353 1101 3428 1172 5).
3453 1101 3611 1156 Chri-

2025 1215 2140 1261 stus
2187 1215 2363 1261 autem
2411 1206 2475 1258 iis
2503 1204 2592 1274 qui
2631 1205 2683 1257 in
2717 1203 2950 1270 peccatis
2986 1199 3167 1252 multis
3193 1199 3467 1261 vixerant,
3499 1196 3610 1250 cla-

2027 1297 2204 1353 mabat
2236 1316 2248 1350 :
2283 1296 2454 1352 Venite
2501 1295 2569 1348 ad
2611 1312 2690 1348 me
2731 1311 2902 1347 omnes
2940 1293 3023 1361 qui
3069 1290 3307 1345 laboratis
3330 1300 3375 1343 et
3417 1287 3613 1342 onerati

2027 1393 2164 1458 estis,
2205 1401 2249 1445 et
2273 1407 2364 1463 ego
2393 1390 2619 1458 reﬁciam
2641 1405 2726 1442 vos
2749 1385 2961 1458 (Matth.
2997 1385 3083 1439 11.
3111 1384 3228 1454 28).
3266 1383 3439 1450 Ipsum
3483 1395 3612 1449 ergo

2029 1492 2300 1553 peccatum
2321 1481 2568 1550 scapham
2590 1489 2713 1533 tune
2728 1477 3000 1548 gravabat,
3019 1483 3073 1531 et
3087 1473 3455 1528 demersurum
3471 1479 3608 1526 erat:

2028 1573 2191 1628 Jonas
2235 1588 2363 1627 vero
2400 1570 2700 1626 dormiebat
2738 1577 2793 1623 et
2821 1565 3096 1621 stertebat.
3148 1562 3337 1620 Gravis
3381 1562 3470 1616 ille
3507 1576 3615 1615 non

2029 1664 2314 1733 voluptatis
2339 1673 2454 1718 erat
2481 1675 2701 1716 somnus
2721 1701 2735 1724 ,
2765 1658 2859 1713 sed
2909 1655 3155 1712 mceroris
3173 1696 3188 1718 ,
3222 1669 3324 1707 non
3351 1652 3573 1722 pigritiae.
3594 1692 3611 1715 ,

2030 1757 2123 1812 sed
2144 1755 2466 1809 aiﬂietiouis.
2510 1753 2641 1806 Nam
2685 1751 2774 1820 qui
2815 1765 2882 1804 ex
2911 1747 3222 1802 domesticis
3267 1746 3405 1799 bene
3440 1741 3613 1796 allecti

2031 1858 2174 1913 sunt,
2203 1849 2310 1901 cito
2338 1854 2551 1915 peccata
2590 1844 2823 1898 sentiunt
2849 1859 2862 1894 :
2887 1839 3030 1910 quod
3066 1849 3120 1893 et
3146 1837 3221 1890 illi
3249 1835 3458 1890 accidit.
3490 1833 3617 1888 Post

2031 1939 2374 1994 commissum
2415 1937 2555 1991 enim
2599 1945 2914 2002 peccatum,
2959 1928 3163 2001 peccati
3201 1928 3348 1981 novit
3387 1924 3619 1994 gravita-

2034 2041 2178 2086 tem:
2213 2046 2335 2084 nam
2377 2025 2634 2098 ejusmodi
2665 2035 2769 2078 est.
2821 2024 2953 2076 Cum
3010 2022 3152 2076 enim
3189 2018 3388 2073 factum
3429 2015 3618 2080 fuerit,

2035 2135 2159 2177 tunc
2189 2123 2401 2176 dolores
2434 2117 2746 2187 parturienti
2787 2116 2980 2169 animae
3029 2112 3224 2167 excitat
3265 2118 3448 2164 contra
3479 2107 3622 2175 leges

2035 2226 2229 2271 nostra:
2278 2213 2588 2269 nativitatis.
2620 2211 2730 2265 Nos
2773 2209 2914 2264 enim
2960 2221 3079 2261 cum
3122 2205 3350 2275 primum
3394 2201 3502 2254 nati
3534 2215 3623 2252 su-

2036 2325 2174 2374 mus,
2209 2307 2523 2378 parturienti
2574 2303 2789 2358 dolores
2833 2300 3089 2356 solvimus
3119 2317 3132 2351 :
3163 2296 3292 2351 illud
3322 2303 3500 2348 autem
3550 2292 3624 2346 si-

2036 2401 2145 2454 mul
2191 2399 2391 2454 editum
2435 2395 2685 2450 distrahit
2722 2393 2998 2448 doloribus
3025 2391 3292 2460 parientes
3323 2387 3492 2456 ipsum
3524 2401 3622 2438 co—

2037 2492 2341 2562 gitationes.
2403 2487 2540 2554 Quid
2611 2501 2771 2557 porro
2830 2479 3202 2552 gubernator?
3255 2477 3524 2541 Accessit,
3573 2482 3627 2528 et

2036 2584 2146 2637 ait:
2176 2582 2373 2652 Surge,
2398 2590 2443 2635 et
2482 2579 2655 2632 invoca
2700 2576 2972 2630 Dominum
3018 2572 3182 2626 Deum
3230 2580 3370 2623 tuum
3399 2566 3544 2639 (Ion.
3572 2567 3621 2619 1.

2038 2677 2117 2743 6).
2147 2675 2282 2730 Novi
2311 2675 2524 2728 demum
2552 2673 2664 2740 ipsa
2686 2667 3012 2736 experientia
3041 2667 3302 2718 insuetam
3336 2663 3480 2714 illam
3505 2673 3628 2712 esse

2041 2767 2326 2839 procellam
2355 2806 2369 2828 ,
2414 2774 2574 2830 atque
2603 2762 2736 2815 adeo
2771 2760 2970 2812 illatam
2999 2756 3204 2824 plagam
3256 2752 3484 2819 majores
3523 2749 3626 2802 hu-

2041 2875 2194 2914 mana
2239 2857 2497 2912 industria
2542 2854 2752 2916 ﬂuctus,
2787 2852 2877 2905 ubi
2902 2847 3277 2920 gubernatoris
3309 2857 3497 2898 manus
3522 2859 3628 2896 non

2043 2951 2398 3021 prodessent:
2430 2947 2648 3001 alterius
2686 2943 2828 2997 enim
2875 2938 3094 3010 majoris
3135 2934 3504 3005 gubernatoris
3550 2931 3630 2986 rei

2043 3043 2183 3096 illius
2227 3055 2414 3104 casus,
2468 3037 2611 3091 hunc
2667 3035 2972 3088 universutn
3031 3029 3238 3083 scilicet
3283 3023 3628 3096 gubernantis

2043 3133 2295 3187 mundum
2322 3170 2336 3195 ,
2363 3145 2465 3198 cpe
2491 3137 2646 3192 atque
2672 3139 2905 3194 superno
2947 3121 3217 3191 indigebat
3241 3119 3456 3171 auxilio.
3502 3116 3630 3168 Pro-

2045 3235 2224 3294 pterea
2255 3230 2312 3276 et
2352 3221 2426 3274 illi
2456 3234 2630 3274 remos
2676 3229 2730 3273 et
2757 3216 2872 3270 vela
2898 3224 2950 3270 et
2981 3213 3134 3267 funes
3179 3221 3338 3279 atque
3380 3209 3627 3261 universa

2043 3316 2393 3376 dimittentes,
2424 3326 2611 3364 manus
2637 3324 2666 3360 a
2689 3307 3034 3376 remigatione
3061 3302 3327 3356 traductas
3359 3300 3410 3353 in
3441 3299 3628 3352 ea-lum

2044 3405 2370 3468 tendebant,
2404 3403 2676 3470 Deumque
2721 3398 2961 3452 orabant.
3016 3393 3117 3450 Ubi
3157 3407 3286 3446 vero
3335 3405 3508 3460 neque
3552 3389 3632 3442 sic

2045 3499 2422 3570 profecerunt,
2459 3494 2747 3558 Miserum,
2793 3490 2990 3559 inquit,
3029 3495 3234 3547 sortes;
3269 3498 3388 3538 sors
3415 3482 3628 3536 demum

2048 3589 2278 3661 prodidit
2306 3587 2543 3641 noxium.
2586 3584 2648 3638 l-li
2670 3597 2798 3636 vero
2839 3594 3012 3648 neque
3037 3579 3114 3632 sic
3143 3575 3463 3644 arripientes
3507 3587 3630 3625 eum

2046 3683 2434 3740 demerscrttnt,
2463 3676 2556 3730 sed
2587 3682 2731 3728 tanto
2754 3671 3001 3732 tumultu,
3032 3677 3175 3722 tanta
3208 3670 3523 3733 tempestate
3551 3661 3633 3714 in-

2046 3775 2350 3836 cumbente,
2371 3769 2533 3823 veluti
2561 3766 2724 3820 multa
2749 3765 2800 3818 in
2827 3762 3026 3832 quiete.
3049 3759 3128 3813 sic
3149 3755 3406 3826 judicium
3435 3753 3486 3806 in
3512 3751 3630 3804 navi

2048 3874 2374 3927 statuentes,
2403 3868 2461 3914 ut
2505 3873 2599 3926 pro
2648 3871 2707 3910 se
2732 3855 3057 3923 loqueretur.
3085 3863 3248 3918 seque
3289 3845 3630 3909 defenderet,

2049 3959 2095 4013 ei
2118 3956 2488 4027 permiserunt,
2507 3959 2666 4018 atque
2690 3955 2880 4000 cuncta
2909 3942 3090 3998 subtili
3120 3955 3240 3996 cum
3272 3938 3517 4007 indagine
3541 3951 3634 3990 ex-

2049 4048 2348 4119 quirebant,
2379 4042 2540 4098 veluti
2589 4041 2822 4094 rationes
2867 4051 3050 4090 eorum
3073 4077 3087 4100 ,
3121 4049 3238 4101 quae
3265 4029 3632 4094 decreverint,

2050 4141 2208 4197 alicui
2252 4135 2530 4193 reddituri.
2559 4132 2694 4186 Audi
2739 4131 2898 4200 igitur
2921 4144 3014 4183 eos
3046 4127 3182 4180 sicut
3205 4126 3258 4178 in
3286 4123 3486 4192 judicio
3515 4137 3636 4174 eun-

2051 4243 2134 4287 cta
2164 4229 2551 4300 perquirentes.
2595 4221 2745 4288 Quod
2773 4235 2907 4291 opus
2949 4228 3028 4272 est
3062 4215 3245 4270 tuum?
3283 4214 3422 4268 unde
3453 4213 3636 4265 venis?

2051 4339 2156 4394 quo
2198 4321 2383 4376 vadis?
2403 4336 2506 4390 qua
2537 4317 2604 4372 de
2631 4318 2848 4384 regione
2870 4313 2892 4351 9
2919 4327 3025 4380 quo
3053 4310 3122 4366 de
3148 4309 3341 4379 popqu
3365 4323 3423 4362 es
3449 4307 3542 4360 tu?
3572 4307 3638 4359 Et

2051 4414 2265 4484 quidem
2319 4410 2605 4466 accusabat
2655 4421 2839 4470 mare,
2896 4405 3198 4457 acelamans
3246 4410 3429 4453 contra
3478 4411 3638 4452 :sors

2052 4506 2339 4564 damnabat
2375 4513 2423 4556 et
2457 4499 2818 4556 testimonium
2849 4505 3033 4551 contra
3077 4493 3306 4556 ferebat;
3336 4491 3430 4546 sed
3459 4499 3636 4544 tamen

2053 4615 2228 4671 neque
2277 4597 2408 4652 mari
2437 4604 2622 4649 contra
2651 4592 2985 4646 exclamante
3007 4629 3020 4650 ,
3053 4601 3226 4655 neque
3269 4595 3412 4639 sorte
3451 4599 3514 4635 ex
3544 4581 3637 4635 ad-

2053 4710 2208 4750 verso
2239 4688 2594 4747 testimonium
2641 4684 2930 4746 reddente,
2967 4679 3288 4734 sententiam
3338 4676 3511 4729 adhuc
3545 4675 3640 4728 da-

2053 4790 2181 4845 bant.
2203 4828 2216 4851 ,
2247 4783 2340 4838 sed
2372 4781 2530 4836 veluti
2567 4780 2618 4832 in
2641 4775 2843 4847 judicio
2883 4781 2937 4828 et
2975 4769 3377 4825 accusatoribus
3409 4782 3642 4835 prmsen-

2057 4881 2218 4945 tibus,
2251 4887 2304 4931 et
2329 4874 2554 4929 testibus
2580 4869 2921 4930 instantibus,
2947 4864 3157 4918 indiciis
3179 4871 3336 4931 atque
3356 4874 3640 4928 argumen-

2055 4972 2124 5024 tis
2148 4967 2434 5028 veridicis,
2464 4979 2568 5018 non
2619 4961 2763 5030 prius
2804 4957 3013 5026 judices
3055 4955 3373 5010 sententiam
3427 4950 3637 5013 ferunt,

2056 5076 2212 5132 quam
2235 5054 2566 5112 damnandus
2585 5053 2695 5122 ipse
2715 5047 2942 5118 prepriae
2960 5047 3029 5100 sit
3045 5055 3319 5099 accusator
3341 5042 3508 5110 culpa:
3528 5057 3540 5093 :
3565 5040 3643 5093 sic

2059 5166 2112 5209 et
2136 5154 2184 5206 hi
2209 5162 2404 5215 nautaé,
2427 5147 2670 5200 homines
2690 5141 2900 5195 barbari
2924 5149 2974 5195 et
3005 5137 3285 5196 insensati,
3309 5151 3452 5198 eum,
3475 5132 3563 5202 qui
3589 5133 3643 5186 in

2055 5243 2270 5312 judieiis
2286 5249 2390 5301 est,
2407 5237 2644 5291 ordinem
2667 5233 2970 5287 imitantur:
2987 5239 3039 5282 et
3057 5228 3106 5282 id
3128 5227 3360 5297 quidem.
3379 5232 3528 5277 tanto
3542 5238 3650 5276 me-

2062 5345 2138 5399 tu,
2165 5343 2241 5385 tot
2258 5329 2533 5389 ﬂuetibus,
2559 5334 2698 5378 tanta
2723 5324 2868 5393 ipsos
2890 5322 3271 5374 circumstante
3298 5314 3530 5384 procella
3555 5354 3568 5375 ,
3593 5321 3649 5368 et

2062 5426 2195 5479 mari
2227 5437 2398 5492 neque
2425 5420 2504 5472 vel
2553 5417 2814 5486 respirare
2853 5411 3195 5483 permittente
3227 5427 3238 5462 :
3272 5415 3472 5460 tantum
3505 5404 3650 5459 lure-

2065 5519 2155 5572 hat
2200 5515 2526 5579 sonabatque
2555 5512 2942 5576 continuusque
2967 5502 3160 5557 ﬂuctus
3190 5498 3469 5554 excitabat.
3495 5496 3649 5552 Unde

2065 5610 2225 5677 igitur
2266 5616 2407 5659 tanta
2436 5603 2538 5657 fuit
2567 5599 2901 5673 providentia
2949 5610 3069 5664 erga
3105 5590 3456 5662 prophetam?
3479 5591 3518 5643 A
3555 5589 3650 5642 Dei

2067 5697 2482 5768 diépeusationc.
2537 5694 2742 5747 Etenim
2792 5689 2892 5743 hoc
2924 5687 3037 5740 ﬁeri
3091 5686 3230 5737 Dens
3273 5680 3645 5752 permittebat,

2069 5791 2379 5861 prophetam
2402 5785 2482 5838 vel
2511 5800 2577 5838 ex
2606 5784 2690 5836 his
2719 5780 3012 5834 admonens
3035 5817 3048 5836 ,
3083 5787 3137 5828 ut
3171 5779 3476 5826 mansuetus
3507 5779 3651 5824 esset

2071 5860 2132 5939 ac
2163 5881 2302 5936 mitis
2323 5919 2338 5948 ,
2367 5877 2518 5949 quasi
2540 5875 2604 5931 ad
2632 5889 2752 5932 eum
2793 5871 3031 5928 clamans
3056 5908 3071 5936 ,
3101 5872 3156 5920 et
3184 5863 3367 5919 dicens
3397 5879 3410 5915 :
3439 5860 3661 5917 imitare.
