  <div class='ocr_page' id='page_1' title='image "/cluster/home/n/w/nwhite01/storage/ocr_20150623/49/nnc1.0046978208/299.png"; bbox 0 0 4046 6396; ppageno 0'>
   <div class='ocr_carea' id='block_1_1' title="bbox 413 435 447 457">
    <p class='ocr_par' dir='ltr' id='par_1_1' title="bbox 413 435 447 457">
     <span class='ocr_line' id='line_1_1' title="bbox 413 435 447 457; baseline 0.059 -2"><span class='ocrx_word' id='word_1_1' title='bbox 413 435 447 457; x_wconf 59' lang='lat' dir='ltr'><strong>tl</strong></span> 
     </span>
    </p>
   </div>
   <div class='ocr_carea' id='block_1_2' title="bbox 422 543 1995 634">
    <p class='ocr_par' dir='ltr' id='par_1_2' title="bbox 422 543 1995 634">
     <span class='ocr_line' id='line_1_2' title="bbox 422 543 1995 634; baseline 0.015 -40"><span class='ocrx_word' id='word_1_2' title='bbox 422 552 651 610; x_wconf 76' lang='lat' dir='ltr'><strong>nautas,</strong></span> <span class='ocrx_word' id='word_1_3' title='bbox 697 543 942 602; x_wconf 78' lang='lat' dir='ltr'><strong>homines</strong></span> <span class='ocrx_word' id='word_1_4' title='bbox 993 549 1290 610; x_wconf 89' lang='lat' dir='ltr'><strong>insensatos</strong></span> <span class='ocrx_word' id='word_1_5' title='bbox 1343 572 1358 607; x_wconf 90' lang='lat'>:</span> <span class='ocrx_word' id='word_1_6' title='bbox 1411 557 1672 628; x_wconf 90' lang='lat' dir='ltr'><strong>siquidem</strong></span> <span class='ocrx_word' id='word_1_7' title='bbox 1723 559 1775 615; x_wconf 91' lang='lat' dir='ltr'><strong>hi</strong></span> <span class='ocrx_word' id='word_1_8' title='bbox 1823 577 1995 634; x_wconf 88' lang='lat' dir='ltr'><strong>neque</strong></span> 
     </span>
    </p>
   </div>
   <div class='ocr_carea' id='block_1_3' title="bbox 416 640 1996 724">
    <p class='ocr_par' dir='ltr' id='par_1_3' title="bbox 416 640 1996 724">
     <span class='ocr_line' id='line_1_3' title="bbox 416 640 1996 724; baseline 0.018 -41"><span class='ocrx_word' id='word_1_9' title='bbox 416 647 573 686; x_wconf 81' lang='lat' dir='ltr'><strong>unam</strong></span> <span class='ocrx_word' id='word_1_10' title='bbox 602 645 860 704; x_wconf 91' lang='lat' dir='ltr'><strong>spernunt</strong></span> <span class='ocrx_word' id='word_1_11' title='bbox 882 640 1113 695; x_wconf 91' lang='lat' dir='ltr'><strong>animam</strong></span> <span class='ocrx_word' id='word_1_12' title='bbox 1134 685 1149 707; x_wconf 92' lang='lat'><strong>,</strong></span> <span class='ocrx_word' id='word_1_13' title='bbox 1184 660 1357 716; x_wconf 91' lang='lat' dir='ltr'><strong>neque</strong></span> <span class='ocrx_word' id='word_1_14' title='bbox 1381 649 1470 702; x_wconf 93' lang='lat' dir='ltr'><strong>uni</strong></span> <span class='ocrx_word' id='word_1_15' title='bbox 1505 660 1593 704; x_wconf 93' lang='lat' dir='ltr'><strong>tuo</strong></span> <span class='ocrx_word' id='word_1_16' title='bbox 1623 669 1728 706; x_wconf 93' lang='lat' dir='ltr'><strong>non</strong></span> <span class='ocrx_word' id='word_1_17' title='bbox 1772 665 1996 724; x_wconf 88' lang='lat' dir='ltr'><strong>parcunt</strong></span> 
     </span>
    </p>
   </div>
   <div class='ocr_carea' id='block_1_4' title="bbox 413 729 1993 805">
    <p class='ocr_par' dir='ltr' id='par_1_4' title="bbox 413 729 1993 805">
     <span class='ocr_line' id='line_1_4' title="bbox 413 729 1993 805; baseline 0.018 -29"><span class='ocrx_word' id='word_1_18' title='bbox 413 729 657 794; x_wconf 86' lang='lat' dir='ltr'><strong>corpori;</strong></span> <span class='ocrx_word' id='word_1_19' title='bbox 685 738 735 783; x_wconf 91' lang='lat' dir='ltr'><strong>tu</strong></span> <span class='ocrx_word' id='word_1_20' title='bbox 766 742 888 786; x_wconf 88' lang='lat' dir='ltr'><strong>vero</strong></span> <span class='ocrx_word' id='word_1_21' title='bbox 910 734 1209 790; x_wconf 82' lang='lat' dir='ltr'><strong>universam</strong></span> <span class='ocrx_word' id='word_1_22' title='bbox 1236 740 1419 796; x_wconf 88' lang='lat' dir='ltr'><strong>urbem</strong></span> <span class='ocrx_word' id='word_1_23' title='bbox 1445 752 1518 798; x_wconf 92' lang='lat' dir='ltr'><strong>tot</strong></span> <span class='ocrx_word' id='word_1_24' title='bbox 1541 745 1700 799; x_wconf 84' lang='lat' dir='ltr'><strong>millia</strong></span> <span class='ocrx_word' id='word_1_25' title='bbox 1720 745 1993 805; x_wconf 87' lang='lat' dir='ltr'><strong>hominum</strong></span> 
     </span>
    </p>
   </div>
   <div class='ocr_carea' id='block_1_5' title="bbox 416 812 1993 910">
    <p class='ocr_par' dir='ltr' id='par_1_5' title="bbox 416 812 1993 910">
     <span class='ocr_line' id='line_1_5' title="bbox 416 812 1993 910; baseline 0.019 -44"><span class='ocrx_word' id='word_1_26' title='bbox 416 812 724 885; x_wconf 72' lang='lat' dir='ltr'><strong>habentem,</strong></span> <span class='ocrx_word' id='word_1_27' title='bbox 749 832 1004 890; x_wconf 90' lang='lat' dir='ltr'><strong>quantum</strong></span> <span class='ocrx_word' id='word_1_28' title='bbox 1034 825 1086 879; x_wconf 90' lang='lat' dir='ltr'><strong>in</strong></span> <span class='ocrx_word' id='word_1_29' title='bbox 1117 836 1168 882; x_wconf 90' lang='lat' dir='ltr'><strong>te</strong></span> <span class='ocrx_word' id='word_1_30' title='bbox 1195 829 1289 882; x_wconf 91' lang='lat' dir='ltr'><strong>fuit</strong></span> <span class='ocrx_word' id='word_1_31' title='bbox 1311 872 1326 895; x_wconf 96' lang='lat'><strong>,</strong></span> <span class='ocrx_word' id='word_1_32' title='bbox 1349 836 1639 901; x_wconf 80' lang='lat' dir='ltr'><strong>exposuisti</strong></span> <span class='ocrx_word' id='word_1_33' title='bbox 1673 857 1684 890; x_wconf 89' lang='lat'><strong><em>:</em></strong></span> <span class='ocrx_word' id='word_1_34' title='bbox 1717 847 1772 893; x_wconf 90' lang='lat' dir='ltr'><strong>et</strong></span> <span class='ocrx_word' id='word_1_35' title='bbox 1794 839 1844 893; x_wconf 93' lang='lat' dir='ltr'><strong>hi</strong></span> <span class='ocrx_word' id='word_1_36' title='bbox 1872 841 1993 910; x_wconf 90' lang='lat' dir='ltr'><strong>qui-</strong></span> 
     </span>
    </p>
   </div>
   <div class='ocr_carea' id='block_1_6' title="bbox 415 905 1995 1000">
    <p class='ocr_par' dir='ltr' id='par_1_6' title="bbox 415 905 1995 1000">
     <span class='ocr_line' id='line_1_6' title="bbox 415 905 1995 1000; baseline 0.018 -42"><span class='ocrx_word' id='word_1_37' title='bbox 415 905 567 972; x_wconf 85' lang='lat' dir='ltr'><strong>dem,</strong></span> <span class='ocrx_word' id='word_1_38' title='bbox 612 924 882 980; x_wconf 89' lang='lat' dir='ltr'><strong>comperta</strong></span> <span class='ocrx_word' id='word_1_39' title='bbox 912 915 1170 971; x_wconf 91' lang='lat' dir='ltr'><strong>malorum</strong></span> <span class='ocrx_word' id='word_1_40' title='bbox 1199 935 1416 977; x_wconf 91' lang='lat' dir='ltr'><strong>suorum</strong></span> <span class='ocrx_word' id='word_1_41' title='bbox 1437 939 1594 979; x_wconf 90' lang='lat' dir='ltr'><strong>causa</strong></span> <span class='ocrx_word' id='word_1_42' title='bbox 1615 968 1629 992; x_wconf 94' lang='lat'><strong>,</strong></span> <span class='ocrx_word' id='word_1_43' title='bbox 1661 944 1769 983; x_wconf 94' lang='lat' dir='ltr'><strong>non</strong></span> <span class='ocrx_word' id='word_1_44' title='bbox 1795 930 1995 1000; x_wconf 90' lang='lat' dir='ltr'><strong>impetu</strong></span> 
     </span>
    </p>
   </div>
   <div class='ocr_carea' id='block_1_7' title="bbox 414 999 1995 1084">
    <p class='ocr_par' dir='ltr' id='par_1_7' title="bbox 414 999 1995 1084">
     <span class='ocr_line' id='line_1_7' title="bbox 414 999 1995 1084; baseline 0.019 -34"><span class='ocrx_word' id='word_1_45' title='bbox 414 999 482 1050; x_wconf 87' lang='lat' dir='ltr'><strong>ad</strong></span> <span class='ocrx_word' id='word_1_46' title='bbox 531 1000 924 1060; x_wconf 80' lang='lat' dir='ltr'><strong>damnationem</strong></span> <span class='ocrx_word' id='word_1_47' title='bbox 971 1008 1210 1076; x_wconf 89' lang='lat' dir='ltr'><strong>irruunt;</strong></span> <span class='ocrx_word' id='word_1_48' title='bbox 1243 1022 1297 1069; x_wconf 92' lang='lat' dir='ltr'><strong>tu</strong></span> <span class='ocrx_word' id='word_1_49' title='bbox 1326 1031 1453 1071; x_wconf 90' lang='lat' dir='ltr'><strong>vero</strong></span> <span class='ocrx_word' id='word_1_50' title='bbox 1477 1059 1492 1084; x_wconf 97' lang='lat'><strong>,</strong></span> <span class='ocrx_word' id='word_1_51' title='bbox 1524 1020 1576 1072; x_wconf 91' lang='lat' dir='ltr'><strong>in</strong></span> <span class='ocrx_word' id='word_1_52' title='bbox 1624 1021 1774 1077; x_wconf 92' lang='lat' dir='ltr'><strong>nullo</strong></span> <span class='ocrx_word' id='word_1_53' title='bbox 1813 1025 1995 1081; x_wconf 88' lang='lat' dir='ltr'><strong>valens</strong></span> 
     </span>
    </p>
   </div>
   <div class='ocr_carea' id='block_1_8' title="bbox 415 1088 1992 1186">
    <p class='ocr_par' dir='ltr' id='par_1_8' title="bbox 415 1088 1992 1186">
     <span class='ocr_line' id='line_1_8' title="bbox 415 1088 1992 1186; baseline 0.02 -43"><span class='ocrx_word' id='word_1_54' title='bbox 415 1088 673 1149; x_wconf 81' lang='lat' dir='ltr'><strong>Ninivitas</strong></span> <span class='ocrx_word' id='word_1_55' title='bbox 710 1112 959 1154; x_wconf 79' lang='lat' dir='ltr'><strong>accusare</strong></span> <span class='ocrx_word' id='word_1_56' title='bbox 984 1143 996 1165; x_wconf 90' lang='lat'><strong>,</strong></span> <span class='ocrx_word' id='word_1_57' title='bbox 1021 1102 1320 1162; x_wconf 88' lang='lat' dir='ltr'><strong>demersisti</strong></span> <span class='ocrx_word' id='word_1_58' title='bbox 1358 1125 1451 1165; x_wconf 91' lang='lat' dir='ltr'><strong>eos</strong></span> <span class='ocrx_word' id='word_1_59' title='bbox 1495 1122 1655 1183; x_wconf 86' lang='lat' dir='ltr'><strong>atque</strong></span> <span class='ocrx_word' id='word_1_60' title='bbox 1697 1118 1992 1186; x_wconf 84' lang='lat' dir='ltr'><strong>perdidisti.</strong></span> 
     </span>
    </p>
   </div>
   <div class='ocr_carea' id='block_1_9' title="bbox 417 1181 1997 1279">
    <p class='ocr_par' dir='ltr' id='par_1_9' title="bbox 417 1181 1997 1279">
     <span class='ocr_line' id='line_1_9' title="bbox 417 1181 1997 1279; baseline 0.021 -44"><span class='ocrx_word' id='word_1_61' title='bbox 417 1181 493 1236; x_wconf 83' lang='lat' dir='ltr'><strong>&#39;l‘u</strong></span> <span class='ocrx_word' id='word_1_62' title='bbox 518 1226 535 1250; x_wconf 92' lang='lat'><strong>,</strong></span> <span class='ocrx_word' id='word_1_63' title='bbox 572 1202 657 1242; x_wconf 92' lang='lat' dir='ltr'><strong>me</strong></span> <span class='ocrx_word' id='word_1_64' title='bbox 702 1192 1046 1260; x_wconf 63' lang='lat' dir='ltr'><strong>praecipiente</strong></span> <span class='ocrx_word' id='word_1_65' title='bbox 1090 1212 1186 1253; x_wconf 89' lang='lat' dir='ltr'><strong>eos</strong></span> <span class='ocrx_word' id='word_1_66' title='bbox 1235 1201 1300 1254; x_wconf 92' lang='lat' dir='ltr'><strong>ad</strong></span> <span class='ocrx_word' id='word_1_67' title='bbox 1332 1181 1713 1263; x_wconf 12' lang='lat' dir='ltr'><strong>salutemﬁtua&#39;</strong></span> <span class='ocrx_word' id='word_1_68' title='bbox 1742 1211 1997 1279; x_wconf 58' lang='lat' dir='ltr'><strong>pradica-</strong></span> 
     </span>
    </p>
   </div>
   <div class='ocr_carea' id='block_1_10' title="bbox 417 1275 1993 1361">
    <p class='ocr_par' dir='ltr' id='par_1_10' title="bbox 417 1275 1993 1361">
     <span class='ocr_line' id='line_1_10' title="bbox 417 1275 1993 1361; baseline 0.023 -36"><span class='ocrx_word' id='word_1_69' title='bbox 417 1275 561 1330; x_wconf 87' lang='lat' dir='ltr'><strong>tione</strong></span> <span class='ocrx_word' id='word_1_70' title='bbox 588 1294 837 1336; x_wconf 88' lang='lat' dir='ltr'><strong>revocare</strong></span> <span class='ocrx_word' id='word_1_71' title='bbox 863 1326 877 1347; x_wconf 91' lang='lat'><strong>,</strong></span> <span class='ocrx_word' id='word_1_72' title='bbox 910 1301 1013 1340; x_wconf 91' lang='lat' dir='ltr'><strong>non</strong></span> <span class='ocrx_word' id='word_1_73' title='bbox 1049 1291 1306 1357; x_wconf 88' lang='lat' dir='ltr'><strong>paruisti;</strong></span> <span class='ocrx_word' id='word_1_74' title='bbox 1339 1293 1390 1347; x_wconf 91' lang='lat' dir='ltr'><strong>hi</strong></span> <span class='ocrx_word' id='word_1_75' title='bbox 1420 1306 1596 1352; x_wconf 90' lang='lat' dir='ltr'><strong>autem</strong></span> <span class='ocrx_word' id='word_1_76' title='bbox 1641 1304 1852 1358; x_wconf 87' lang='lat' dir='ltr'><strong>nemine</strong></span> <span class='ocrx_word' id='word_1_77' title='bbox 1895 1320 1993 1361; x_wconf 86' lang='lat' dir='ltr'><strong>au-</strong></span> 
     </span>
    </p>
   </div>
   <div class='ocr_carea' id='block_1_11' title="bbox 414 1363 1994 1458">
    <p class='ocr_par' dir='ltr' id='par_1_11' title="bbox 414 1363 1994 1458">
     <span class='ocr_line' id='line_1_11' title="bbox 414 1363 1994 1458; baseline 0.023 -42"><span class='ocrx_word' id='word_1_78' title='bbox 414 1363 527 1419; x_wconf 92' lang='lat' dir='ltr'><strong>dito</strong></span> <span class='ocrx_word' id='word_1_79' title='bbox 557 1368 686 1423; x_wconf 83' lang='lat' dir='ltr'><strong>nihil</strong></span> <span class='ocrx_word' id='word_1_80' title='bbox 715 1387 816 1425; x_wconf 93' lang='lat' dir='ltr'><strong>non</strong></span> <span class='ocrx_word' id='word_1_81' title='bbox 862 1388 1023 1444; x_wconf 90' lang='lat' dir='ltr'><strong>agunt</strong></span> <span class='ocrx_word' id='word_1_82' title='bbox 1064 1388 1117 1432; x_wconf 93' lang='lat' dir='ltr'><strong>et</strong></span> <span class='ocrx_word' id='word_1_83' title='bbox 1154 1383 1466 1450; x_wconf 89' lang='lat' dir='ltr'><strong>moliuntur,</strong></span> <span class='ocrx_word' id='word_1_84' title='bbox 1495 1405 1600 1458; x_wconf 92' lang='lat' dir='ltr'><strong>quo</strong></span> <span class='ocrx_word' id='word_1_85' title='bbox 1630 1399 1680 1447; x_wconf 91' lang='lat' dir='ltr'><strong>te</strong></span> <span class='ocrx_word' id='word_1_86' title='bbox 1711 1394 1927 1450; x_wconf 82' lang='lat' dir='ltr'><strong>noxium</strong></span> <span class='ocrx_word' id='word_1_87' title='bbox 1963 1413 1994 1452; x_wconf 90' lang='lat' dir='ltr'><strong>a</strong></span> 
     </span>
    </p>
   </div>
   <div class='ocr_carea' id='block_1_12' title="bbox 414 1458 1994 1547">
    <p class='ocr_par' dir='ltr' id='par_1_12' title="bbox 414 1458 1994 1547">
     <span class='ocr_line' id='line_1_12' title="bbox 414 1458 1994 1547; baseline 0.024 -41"><span class='ocrx_word' id='word_1_88' title='bbox 414 1458 672 1526; x_wconf 87' lang='lat' dir='ltr'><strong>supplicio</strong></span> <span class='ocrx_word' id='word_1_89' title='bbox 701 1476 972 1520; x_wconf 85' lang='lat' dir='ltr'><strong>revocent.</strong></span> <span class='ocrx_word' id='word_1_90' title='bbox 1006 1467 1216 1525; x_wconf 87' lang='lat' dir='ltr'><strong>Etenim</strong></span> <span class='ocrx_word' id='word_1_91' title='bbox 1247 1485 1367 1544; x_wconf 91' lang='lat' dir='ltr'><strong>post</strong></span> <span class='ocrx_word' id='word_1_92' title='bbox 1397 1478 1562 1547; x_wconf 86' lang='lat' dir='ltr'><strong>ipsam</strong></span> <span class='ocrx_word' id='word_1_93' title='bbox 1591 1485 1752 1539; x_wconf 91' lang='lat' dir='ltr'><strong>maris</strong></span> <span class='ocrx_word' id='word_1_94' title='bbox 1778 1501 1994 1543; x_wconf 87' lang='lat' dir='ltr'><strong>accusa-</strong></span> 
     </span>
    </p>
   </div>
   <div class='ocr_carea' id='block_1_13' title="bbox 417 1547 1994 1635">
    <p class='ocr_par' dir='ltr' id='par_1_13' title="bbox 417 1547 1994 1635">
     <span class='ocr_line' id='line_1_13' title="bbox 417 1547 1994 1635; baseline 0.024 -37"><span class='ocrx_word' id='word_1_95' title='bbox 417 1547 636 1616; x_wconf 89' lang='lat' dir='ltr'><strong>tionem,</strong></span> <span class='ocrx_word' id='word_1_96' title='bbox 669 1563 788 1620; x_wconf 88' lang='lat' dir='ltr'><strong>post</strong></span> <span class='ocrx_word' id='word_1_97' title='bbox 817 1557 1069 1612; x_wconf 90' lang='lat' dir='ltr'><strong>indicium</strong></span> <span class='ocrx_word' id='word_1_98' title='bbox 1100 1566 1281 1630; x_wconf 85' lang='lat' dir='ltr'><strong>sortis,</strong></span> <span class='ocrx_word' id='word_1_99' title='bbox 1311 1582 1430 1622; x_wconf 88' lang='lat' dir='ltr'><strong>cum</strong></span> <span class='ocrx_word' id='word_1_100' title='bbox 1459 1571 1725 1630; x_wconf 84' lang='lat' dir='ltr'><strong>incusaret</strong></span> <span class='ocrx_word' id='word_1_101' title='bbox 1767 1591 1886 1634; x_wconf 90' lang='lat' dir='ltr'><strong>sese</strong></span> <span class='ocrx_word' id='word_1_102' title='bbox 1914 1581 1994 1635; x_wconf 90' lang='lat' dir='ltr'><strong>fu-</strong></span> 
     </span>
    </p>
   </div>
   <div class='ocr_carea' id='block_1_14' title="bbox 413 1643 1992 1738">
    <p class='ocr_par' dir='ltr' id='par_1_14' title="bbox 413 1643 1992 1738">
     <span class='ocr_line' id='line_1_14' title="bbox 413 1643 1992 1738; baseline 0.025 -50"><span class='ocrx_word' id='word_1_103' title='bbox 413 1651 640 1708; x_wconf 89' lang='lat' dir='ltr'><strong>gamque</strong></span> <span class='ocrx_word' id='word_1_104' title='bbox 683 1643 958 1712; x_wconf 82' lang='lat' dir='ltr'><strong>fateretur,</strong></span> <span class='ocrx_word' id='word_1_105' title='bbox 989 1665 1160 1720; x_wconf 89' lang='lat' dir='ltr'><strong>neque</strong></span> <span class='ocrx_word' id='word_1_106' title='bbox 1198 1656 1276 1711; x_wconf 91' lang='lat' dir='ltr'><strong>sic</strong></span> <span class='ocrx_word' id='word_1_107' title='bbox 1313 1657 1579 1715; x_wconf 92' lang='lat' dir='ltr'><strong>irruerunt</strong></span> <span class='ocrx_word' id='word_1_108' title='bbox 1610 1665 1676 1718; x_wconf 88' lang='lat' dir='ltr'><strong>ad</strong></span> <span class='ocrx_word' id='word_1_109' title='bbox 1716 1652 1992 1738; x_wconf 66' lang='lat' dir='ltr'><strong>prophetat</strong></span> 
     </span>
    </p>
   </div>
   <div class='ocr_carea' id='block_1_15' title="bbox 415 1735 1992 1833">
    <p class='ocr_par' dir='ltr' id='par_1_15' title="bbox 415 1735 1992 1833">
     <span class='ocr_line' id='line_1_15' title="bbox 415 1735 1992 1833; baseline 0.026 -54"><span class='ocrx_word' id='word_1_110' title='bbox 415 1741 598 1783; x_wconf 88' lang='lat' dir='ltr'><strong>necem</strong></span> <span class='ocrx_word' id='word_1_111' title='bbox 623 1773 639 1796; x_wconf 96' lang='lat'><strong>,</strong></span> <span class='ocrx_word' id='word_1_112' title='bbox 670 1735 762 1788; x_wconf 91' lang='lat' dir='ltr'><strong>sed</strong></span> <span class='ocrx_word' id='word_1_113' title='bbox 809 1738 1110 1797; x_wconf 83' lang='lat' dir='ltr'><strong>nitebantur</strong></span> <span class='ocrx_word' id='word_1_114' title='bbox 1137 1754 1296 1816; x_wconf 91' lang='lat' dir='ltr'><strong>atque</strong></span> <span class='ocrx_word' id='word_1_115' title='bbox 1332 1753 1508 1806; x_wconf 86' lang='lat' dir='ltr'><strong>omnia</strong></span> <span class='ocrx_word' id='word_1_116' title='bbox 1555 1735 1850 1825; x_wconf 72' lang='lat' dir='ltr'><strong>faciebant,</strong></span> <span class='ocrx_word' id='word_1_117' title='bbox 1885 1779 1992 1833; x_wconf 92' lang='lat' dir='ltr'><strong>quo</strong></span> 
     </span>
    </p>
   </div>
   <div class='ocr_carea' id='block_1_16' title="bbox 413 1831 1995 1921">
    <p class='ocr_par' dir='ltr' id='par_1_16' title="bbox 413 1831 1995 1921">
     <span class='ocr_line' id='line_1_16' title="bbox 413 1831 1995 1921; baseline 0.024 -51"><span class='ocrx_word' id='word_1_118' title='bbox 413 1833 535 1921; x_wconf 74' lang='lat' dir='ltr'><strong>eum</strong></span> <span class='ocrx_word' id='word_1_119' title='bbox 561 1837 732 1892; x_wconf 79' lang='lat' dir='ltr'><strong>neque</strong></span> <span class='ocrx_word' id='word_1_120' title='bbox 760 1837 878 1894; x_wconf 90' lang='lat' dir='ltr'><strong>post</strong></span> <span class='ocrx_word' id='word_1_121' title='bbox 904 1831 1019 1900; x_wconf 85' lang='lat' dir='ltr'><strong>ejus</strong></span> <span class='ocrx_word' id='word_1_122' title='bbox 1043 1839 1525 1898; x_wconf 80' lang='lat' dir='ltr'><strong>manifestissimum</strong></span> <span class='ocrx_word' id='word_1_123' title='bbox 1557 1850 1764 1920; x_wconf 90' lang='lat' dir='ltr'><strong>culpam</strong></span> <span class='ocrx_word' id='word_1_124' title='bbox 1790 1831 1995 1907; x_wconf 81' lang='lat' dir='ltr'><strong>violen-</strong></span> 
     </span>
    </p>
   </div>
   <div class='ocr_carea' id='block_1_17' title="bbox 415 1917 1988 2013">
    <p class='ocr_par' dir='ltr' id='par_1_17' title="bbox 415 1917 1988 2013">
     <span class='ocr_line' id='line_1_17' title="bbox 415 1917 1988 2013; baseline 0.026 -51"><span class='ocrx_word' id='word_1_125' title='bbox 415 1917 501 1964; x_wconf 70' lang='lat' dir='ltr'><strong>tia:</strong></span> <span class='ocrx_word' id='word_1_126' title='bbox 543 1917 704 1968; x_wconf 91' lang='lat' dir='ltr'><strong>maris</strong></span> <span class='ocrx_word' id='word_1_127' title='bbox 753 1935 1104 1989; x_wconf 80' lang='lat' dir='ltr'><strong>exponerent.</strong></span> <span class='ocrx_word' id='word_1_128' title='bbox 1136 1928 1241 1985; x_wconf 90' lang='lat' dir='ltr'><strong>Sed</strong></span> <span class='ocrx_word' id='word_1_129' title='bbox 1271 1951 1374 1989; x_wconf 89' lang='lat' dir='ltr'><strong>non</strong></span> <span class='ocrx_word' id='word_1_130' title='bbox 1424 1917 1763 2006; x_wconf 76' lang='lat' dir='ltr'><strong>permittebat</strong></span> <span class='ocrx_word' id='word_1_131' title='bbox 1812 1963 1988 2013; x_wconf 92' lang='lat' dir='ltr'><strong>mare,</strong></span> 
     </span>
    </p>
   </div>
   <div class='ocr_carea' id='block_1_18' title="bbox 412 2003 1993 2106">
    <p class='ocr_par' dir='ltr' id='par_1_18' title="bbox 412 2003 1993 2106">
     <span class='ocr_line' id='line_1_18' title="bbox 412 2003 1993 2106; baseline 0.025 -51"><span class='ocrx_word' id='word_1_132' title='bbox 412 2003 497 2057; x_wconf 87' lang='lat' dir='ltr'><strong>vel</strong></span> <span class='ocrx_word' id='word_1_133' title='bbox 529 2009 701 2106; x_wconf 73' lang='lat' dir='ltr'><strong>potius</strong></span> <span class='ocrx_word' id='word_1_134' title='bbox 731 2011 889 2079; x_wconf 88' lang='lat' dir='ltr'><strong>Dens,</strong></span> <span class='ocrx_word' id='word_1_135' title='bbox 921 2018 1072 2073; x_wconf 90' lang='lat' dir='ltr'><strong>sicuti</strong></span> <span class='ocrx_word' id='word_1_136' title='bbox 1099 2037 1193 2090; x_wconf 88' lang='lat' dir='ltr'><strong>per</strong></span> <span class='ocrx_word' id='word_1_137' title='bbox 1220 2003 1550 2084; x_wconf 69' lang='lat' dir='ltr'><strong>minuscum</strong></span> <span class='ocrx_word' id='word_1_138' title='bbox 1573 2073 1588 2097; x_wconf 93' lang='lat'><strong>,</strong></span> <span class='ocrx_word' id='word_1_139' title='bbox 1616 2035 1684 2087; x_wconf 90' lang='lat' dir='ltr'><strong>ita</strong></span> <span class='ocrx_word' id='word_1_140' title='bbox 1714 2046 1769 2090; x_wconf 91' lang='lat' dir='ltr'><strong>et</strong></span> <span class='ocrx_word' id='word_1_141' title='bbox 1791 2054 1884 2106; x_wconf 88' lang='lat' dir='ltr'><strong>per</strong></span> <span class='ocrx_word' id='word_1_142' title='bbox 1905 2003 1993 2094; x_wconf 55' lang='lat' dir='ltr'><strong>ce;</strong></span> 
     </span>
    </p>
   </div>
   <div class='ocr_carea' id='block_1_19' title="bbox 415 2097 1991 2200">
    <p class='ocr_par' dir='ltr' id='par_1_19' title="bbox 415 2097 1991 2200">
     <span class='ocr_line' id='line_1_19' title="bbox 415 2097 1991 2200; baseline 0.026 -55"><span class='ocrx_word' id='word_1_143' title='bbox 415 2100 524 2148; x_wconf 89' lang='lat' dir='ltr'><strong>tum</strong></span> <span class='ocrx_word' id='word_1_144' title='bbox 547 2097 612 2150; x_wconf 89' lang='lat' dir='ltr'><strong>ad</strong></span> <span class='ocrx_word' id='word_1_145' title='bbox 639 2115 824 2156; x_wconf 87' lang='lat' dir='ltr'><strong>sanum</strong></span> <span class='ocrx_word' id='word_1_146' title='bbox 854 2109 1135 2164; x_wconf 88' lang='lat' dir='ltr'><strong>consilium</strong></span> <span class='ocrx_word' id='word_1_147' title='bbox 1167 2115 1424 2172; x_wconf 89' lang='lat' dir='ltr'><strong>reducere</strong></span> <span class='ocrx_word' id='word_1_148' title='bbox 1449 2123 1648 2178; x_wconf 90' lang='lat' dir='ltr'><strong>volens.</strong></span> <span class='ocrx_word' id='word_1_149' title='bbox 1677 2097 1808 2180; x_wconf 74' lang='lat' dir='ltr'><strong>Nani</strong></span> <span class='ocrx_word' id='word_1_150' title='bbox 1846 2141 1991 2200; x_wconf 86' lang='lat' dir='ltr'><strong>post-</strong></span> 
     </span>
    </p>
   </div>
   <div class='ocr_carea' id='block_1_20' title="bbox 411 2193 1988 2289">
    <p class='ocr_par' dir='ltr' id='par_1_20' title="bbox 411 2193 1988 2289">
     <span class='ocr_line' id='line_1_20' title="bbox 411 2193 1988 2289; baseline 0.024 -51"><span class='ocrx_word' id='word_1_151' title='bbox 411 2202 569 2254; x_wconf 85' lang='lat' dir='ltr'><strong>quam</strong></span> <span class='ocrx_word' id='word_1_152' title='bbox 599 2193 836 2248; x_wconf 90' lang='lat' dir='ltr'><strong>auditum</strong></span> <span class='ocrx_word' id='word_1_153' title='bbox 863 2207 978 2266; x_wconf 90' lang='lat' dir='ltr'><strong>est,</strong></span> <span class='ocrx_word' id='word_1_154' title='bbox 1010 2200 1190 2258; x_wconf 78' lang='lat' dir='ltr'><strong>Tollite</strong></span> <span class='ocrx_word' id='word_1_155' title='bbox 1230 2224 1337 2273; x_wconf 87' lang='lat' dir='ltr'><strong>me,</strong></span> <span class='ocrx_word' id='word_1_156' title='bbox 1364 2221 1408 2263; x_wconf 89' lang='lat' dir='ltr'><strong>et</strong></span> <span class='ocrx_word' id='word_1_157' title='bbox 1429 2214 1606 2268; x_wconf 81' lang='lat' dir='ltr'><strong>mittite</strong></span> <span class='ocrx_word' id='word_1_158' title='bbox 1631 2233 1708 2270; x_wconf 86' lang='lat' dir='ltr'><strong>me</strong></span> <span class='ocrx_word' id='word_1_159' title='bbox 1733 2220 1784 2272; x_wconf 82' lang='lat' dir='ltr'><strong>in</strong></span> <span class='ocrx_word' id='word_1_160' title='bbox 1816 2193 1988 2289; x_wconf 72' lang='lat' dir='ltr'><strong>mare,</strong></span> 
     </span>
    </p>
   </div>
   <div class='ocr_carea' id='block_1_21' title="bbox 411 2282 1991 2374">
    <p class='ocr_par' dir='ltr' id='par_1_21' title="bbox 411 2282 1991 2374">
     <span class='ocr_line' id='line_1_21' title="bbox 411 2282 1991 2374; baseline 0.026 -46"><span class='ocrx_word' id='word_1_161' title='bbox 411 2287 458 2374; x_wconf 62' lang='lat' dir='ltr'><strong>et</strong></span> <span class='ocrx_word' id='word_1_162' title='bbox 479 2282 686 2336; x_wconf 84' lang='lat' dir='ltr'><strong>cessabit</strong></span> <span class='ocrx_word' id='word_1_163' title='bbox 733 2303 871 2340; x_wconf 87' lang='lat' dir='ltr'><strong>mare</strong></span> <span class='ocrx_word' id='word_1_164' title='bbox 896 2307 929 2342; x_wconf 90' lang='lat' dir='ltr'><strong>a</strong></span> <span class='ocrx_word' id='word_1_165' title='bbox 970 2293 1106 2348; x_wconf 84' lang='lat' dir='ltr'><strong>vobis</strong></span> <span class='ocrx_word' id='word_1_166' title='bbox 1164 2295 1312 2367; x_wconf 81' lang='lat' dir='ltr'><strong>(Jan.</strong></span> <span class='ocrx_word' id='word_1_167' title='bbox 1359 2303 1409 2354; x_wconf 84' lang='lat' dir='ltr'><strong>l.</strong></span> <span class='ocrx_word' id='word_1_168' title='bbox 1446 2305 1572 2374; x_wconf 75' lang='grc'>12),</span> <span class='ocrx_word' id='word_1_169' title='bbox 1603 2309 1804 2365; x_wconf 91' lang='lat' dir='ltr'><strong>viribus</strong></span> <span class='ocrx_word' id='word_1_170' title='bbox 1829 2282 1991 2368; x_wconf 58' lang='lat' dir='ltr'><strong>coria;</strong></span> 
     </span>
    </p>
   </div>
   <div class='ocr_carea' id='block_1_22' title="bbox 410 2369 1990 2470">
    <p class='ocr_par' dir='ltr' id='par_1_22' title="bbox 410 2369 1990 2470">
     <span class='ocr_line' id='line_1_22' title="bbox 410 2369 1990 2470; baseline 0.025 -49"><span class='ocrx_word' id='word_1_171' title='bbox 410 2369 605 2470; x_wconf 78' lang='lat' dir='ltr'><strong>bantur</strong></span> <span class='ocrx_word' id='word_1_172' title='bbox 630 2374 681 2428; x_wconf 92' lang='lat' dir='ltr'><strong>in</strong></span> <span class='ocrx_word' id='word_1_173' title='bbox 712 2378 917 2435; x_wconf 88' lang='lat' dir='ltr'><strong>aridam</strong></span> <span class='ocrx_word' id='word_1_174' title='bbox 949 2385 1196 2453; x_wconf 79' lang='lat' dir='ltr'><strong>evadere,</strong></span> <span class='ocrx_word' id='word_1_175' title='bbox 1223 2391 1316 2446; x_wconf 89' lang='lat' dir='ltr'><strong>sed</strong></span> <span class='ocrx_word' id='word_1_176' title='bbox 1347 2369 1679 2466; x_wconf 78' lang='lat' dir='ltr'><strong>nequaquam</strong></span> <span class='ocrx_word' id='word_1_177' title='bbox 1711 2404 1990 2470; x_wconf 89' lang='lat' dir='ltr'><strong>permitte-</strong></span> 
     </span>
    </p>
   </div>
   <div class='ocr_carea' id='block_1_23' title="bbox 409 2460 780 2523">
    <p class='ocr_par' dir='ltr' id='par_1_23' title="bbox 409 2460 780 2523">
     <span class='ocr_line' id='line_1_23' title="bbox 409 2460 780 2523; baseline 0.027 -10"><span class='ocrx_word' id='word_1_178' title='bbox 409 2460 541 2517; x_wconf 88' lang='lat' dir='ltr'><strong>bant</strong></span> <span class='ocrx_word' id='word_1_179' title='bbox 568 2465 780 2523; x_wconf 87' lang='lat' dir='ltr'><strong>ﬂuctus.</strong></span> 
     </span>
    </p>
   </div>
   <div class='ocr_carea' id='block_1_24' title="bbox 478 2556 1986 2653">
    <p class='ocr_par' dir='ltr' id='par_1_24' title="bbox 478 2556 1986 2653">
     <span class='ocr_line' id='line_1_24' title="bbox 478 2556 1986 2653; baseline 0.026 -45"><span class='ocrx_word' id='word_1_180' title='bbox 478 2556 654 2653; x_wconf 47' lang='lat' dir='ltr'><strong>4._Tu</strong></span> <span class='ocrx_word' id='word_1_181' title='bbox 704 2573 919 2633; x_wconf 84' lang='lat' dir='ltr'><strong>autem,</strong></span> <span class='ocrx_word' id='word_1_182' title='bbox 977 2574 1421 2639; x_wconf 85' lang='lat' dir='ltr'><strong>quemadmodum</strong></span> <span class='ocrx_word' id='word_1_183' title='bbox 1472 2581 1758 2653; x_wconf 87' lang='lat' dir='ltr'><strong>fugientem</strong></span> <span class='ocrx_word' id='word_1_184' title='bbox 1807 2590 1986 2647; x_wconf 89' lang='lat' dir='ltr'><strong>vidisti</strong></span> 
     </span>
    </p>
   </div>
   <div class='ocr_carea' id='block_1_25' title="bbox 411 2649 1987 2741">
    <p class='ocr_par' dir='ltr' id='par_1_25' title="bbox 411 2649 1987 2741">
     <span class='ocr_line' id='line_1_25' title="bbox 411 2649 1987 2741; baseline 0.027 -42"><span class='ocrx_word' id='word_1_185' title='bbox 411 2649 719 2718; x_wconf 87' lang='lat' dir='ltr'><strong>prophetam</strong></span> <span class='ocrx_word' id='word_1_186' title='bbox 739 2696 756 2720; x_wconf 96' lang='lat'><strong>,</strong></span> <span class='ocrx_word' id='word_1_187' title='bbox 805 2660 927 2713; x_wconf 92' lang='lat' dir='ltr'><strong>audi</strong></span> <span class='ocrx_word' id='word_1_188' title='bbox 957 2677 1076 2716; x_wconf 88' lang='lat' dir='ltr'><strong>eum</strong></span> <span class='ocrx_word' id='word_1_189' title='bbox 1106 2676 1160 2720; x_wconf 90' lang='lat' dir='ltr'><strong>et</strong></span> <span class='ocrx_word' id='word_1_190' title='bbox 1184 2669 1522 2729; x_wconf 84' lang='lat' dir='ltr'><strong>confitentem</strong></span> <span class='ocrx_word' id='word_1_191' title='bbox 1548 2693 1617 2731; x_wconf 82' lang='lat' dir='ltr'><strong>ex</strong></span> <span class='ocrx_word' id='word_1_192' title='bbox 1650 2680 1987 2741; x_wconf 89' lang='lat' dir='ltr'><strong>inferioribus</strong></span> 
     </span>
    </p>
   </div>
   <div class='ocr_carea' id='block_1_26' title="bbox 407 2741 1983 2845">
    <p class='ocr_par' dir='ltr' id='par_1_26' title="bbox 407 2741 1983 2845">
     <span class='ocr_line' id='line_1_26' title="bbox 407 2741 1983 2845; baseline 0.026 -53"><span class='ocrx_word' id='word_1_193' title='bbox 407 2741 476 2845; x_wconf 77' lang='lat' dir='ltr'><strong>de</strong></span> <span class='ocrx_word' id='word_1_194' title='bbox 495 2744 596 2797; x_wconf 90' lang='lat' dir='ltr'><strong>ceti</strong></span> <span class='ocrx_word' id='word_1_195' title='bbox 621 2758 822 2803; x_wconf 85' lang='lat' dir='ltr'><strong>ventre.</strong></span> <span class='ocrx_word' id='word_1_196' title='bbox 862 2750 994 2808; x_wconf 84' lang='lat' dir='ltr'><strong>Illud</strong></span> <span class='ocrx_word' id='word_1_197' title='bbox 1021 2757 1231 2825; x_wconf 91' lang='lat' dir='ltr'><strong>quidem</strong></span> <span class='ocrx_word' id='word_1_198' title='bbox 1260 2763 1423 2818; x_wconf 90' lang='lat' dir='ltr'><strong>veluti</strong></span> <span class='ocrx_word' id='word_1_199' title='bbox 1466 2766 1628 2823; x_wconf 89' lang='lat' dir='ltr'><strong>homo</strong></span> <span class='ocrx_word' id='word_1_200' title='bbox 1671 2789 1856 2840; x_wconf 88' lang='lat' dir='ltr'><strong>passus</strong></span> <span class='ocrx_word' id='word_1_201' title='bbox 1880 2789 1983 2845; x_wconf 89' lang='lat' dir='ltr'><strong>est,</strong></span> 
     </span>
    </p>
   </div>
   <div class='ocr_carea' id='block_1_27' title="bbox 407 2831 1988 2939">
    <p class='ocr_par' dir='ltr' id='par_1_27' title="bbox 407 2831 1988 2939">
     <span class='ocr_line' id='line_1_27' title="bbox 407 2831 1988 2939; baseline 0.027 -55"><span class='ocrx_word' id='word_1_202' title='bbox 407 2831 510 2887; x_wconf 92' lang='lat' dir='ltr'><strong>hoc</strong></span> <span class='ocrx_word' id='word_1_203' title='bbox 553 2851 680 2892; x_wconf 90' lang='lat' dir='ltr'><strong>vero</strong></span> <span class='ocrx_word' id='word_1_204' title='bbox 705 2844 853 2910; x_wconf 90' lang='lat' dir='ltr'><strong>quasi</strong></span> <span class='ocrx_word' id='word_1_205' title='bbox 899 2848 1156 2917; x_wconf 89' lang='lat' dir='ltr'><strong>pr0phcta</strong></span> <span class='ocrx_word' id='word_1_206' title='bbox 1197 2858 1448 2913; x_wconf 78' lang='lat' dir='ltr'><strong>ostendit.</strong></span> <span class='ocrx_word' id='word_1_207' title='bbox 1501 2831 1780 2933; x_wconf 82' lang='lat' dir='ltr'><strong>Accipiens</strong></span> <span class='ocrx_word' id='word_1_208' title='bbox 1829 2831 1988 2939; x_wconf 68' lang='lat' dir='ltr'><strong>igitur</strong></span> 
     </span>
    </p>
   </div>
   <div class='ocr_carea' id='block_1_28' title="bbox 406 2937 1986 3022">
    <p class='ocr_par' dir='ltr' id='par_1_28' title="bbox 406 2937 1986 3022">
     <span class='ocr_line' id='line_1_28' title="bbox 406 2937 1986 3022; baseline 0.028 -45"><span class='ocrx_word' id='word_1_209' title='bbox 406 2939 526 3022; x_wconf 79' lang='lat' dir='ltr'><strong>eum</strong></span> <span class='ocrx_word' id='word_1_210' title='bbox 554 2944 722 2998; x_wconf 89' lang='lat' dir='ltr'><strong>mare,</strong></span> <span class='ocrx_word' id='word_1_211' title='bbox 754 2937 914 2992; x_wconf 90' lang='lat' dir='ltr'><strong>veluti</strong></span> <span class='ocrx_word' id='word_1_212' title='bbox 960 2941 1011 2995; x_wconf 94' lang='lat' dir='ltr'><strong>in</strong></span> <span class='ocrx_word' id='word_1_213' title='bbox 1056 2945 1284 3013; x_wconf 89' lang='lat' dir='ltr'><strong>quodam</strong></span> <span class='ocrx_word' id='word_1_214' title='bbox 1311 2965 1526 3010; x_wconf 89' lang='lat' dir='ltr'><strong>carcere</strong></span> <span class='ocrx_word' id='word_1_215' title='bbox 1570 2955 1623 3012; x_wconf 94' lang='lat' dir='ltr'><strong>in</strong></span> <span class='ocrx_word' id='word_1_216' title='bbox 1664 2961 1767 3016; x_wconf 91' lang='lat' dir='ltr'><strong>ceti</strong></span> <span class='ocrx_word' id='word_1_217' title='bbox 1799 2937 1986 3022; x_wconf 79' lang='lat' dir='ltr'><strong>ventre</strong></span> 
     </span>
    </p>
   </div>
   <div class='ocr_carea' id='block_1_29' title="bbox 403 3016 1986 3126">
    <p class='ocr_par' dir='ltr' id='par_1_29' title="bbox 403 3016 1986 3126">
     <span class='ocr_line' id='line_1_29' title="bbox 403 3016 1986 3126; baseline 0.027 -57"><span class='ocrx_word' id='word_1_218' title='bbox 403 3016 666 3086; x_wconf 87' lang='lat' dir='ltr'><strong>deposuit,</strong></span> <span class='ocrx_word' id='word_1_219' title='bbox 699 3026 898 3083; x_wconf 83' lang='lat' dir='ltr'><strong>salvum</strong></span> <span class='ocrx_word' id='word_1_220' title='bbox 952 3033 1174 3091; x_wconf 86' lang='lat' dir='ltr'><strong>Domino</strong></span> <span class='ocrx_word' id='word_1_221' title='bbox 1210 3038 1481 3109; x_wconf 90' lang='lat' dir='ltr'><strong>fugitivum</strong></span> <span class='ocrx_word' id='word_1_222' title='bbox 1529 3063 1786 3106; x_wconf 88' lang='lat' dir='ltr'><strong>servans:</strong></span> <span class='ocrx_word' id='word_1_223' title='bbox 1816 3071 1986 3126; x_wconf 88' lang='lat' dir='ltr'><strong>neque</strong></span> 
     </span>
    </p>
   </div>
   <div class='ocr_carea' id='block_1_30' title="bbox 403 3117 1985 3215">
    <p class='ocr_par' dir='ltr' id='par_1_30' title="bbox 403 3117 1985 3215">
     <span class='ocr_line' id='line_1_30' title="bbox 403 3117 1985 3215; baseline 0.025 -51"><span class='ocrx_word' id='word_1_224' title='bbox 403 3124 555 3215; x_wconf 76' lang='lat' dir='ltr'><strong>acres</strong></span> <span class='ocrx_word' id='word_1_225' title='bbox 582 3117 735 3172; x_wconf 71' lang='lat' dir='ltr'><strong>unda:</strong></span> <span class='ocrx_word' id='word_1_226' title='bbox 769 3123 1120 3193; x_wconf 87' lang='lat' dir='ltr'><strong>suscipientes</strong></span> <span class='ocrx_word' id='word_1_227' title='bbox 1165 3133 1582 3206; x_wconf 81' lang='lat' dir='ltr'><strong>suﬂ‘ocaverunt,</strong></span> <span class='ocrx_word' id='word_1_228' title='bbox 1629 3160 1801 3215; x_wconf 83' lang='lat' dir='ltr'><strong>neque</strong></span> <span class='ocrx_word' id='word_1_229' title='bbox 1834 3117 1985 3204; x_wconf 76' lang='lat' dir='ltr'><strong>cetus</strong></span> 
     </span>
    </p>
   </div>
   <div class='ocr_carea' id='block_1_31' title="bbox 405 3203 1980 3308">
    <p class='ocr_par' dir='ltr' id='par_1_31' title="bbox 405 3203 1980 3308">
     <span class='ocr_line' id='line_1_31' title="bbox 405 3203 1980 3308; baseline 0.028 -56"><span class='ocrx_word' id='word_1_230' title='bbox 405 3203 559 3308; x_wconf 75' lang='lat' dir='ltr'><strong>undis</strong></span> <span class='ocrx_word' id='word_1_231' title='bbox 607 3206 736 3276; x_wconf 87' lang='lat' dir='ltr'><strong>ipsis</strong></span> <span class='ocrx_word' id='word_1_232' title='bbox 766 3215 941 3268; x_wconf 89' lang='lat' dir='ltr'><strong>acrior</strong></span> <span class='ocrx_word' id='word_1_233' title='bbox 966 3221 1018 3271; x_wconf 91' lang='lat' dir='ltr'><strong>in</strong></span> <span class='ocrx_word' id='word_1_234' title='bbox 1049 3233 1231 3278; x_wconf 80' lang='lat' dir='ltr'><strong>ventre</strong></span> <span class='ocrx_word' id='word_1_235' title='bbox 1263 3231 1564 3299; x_wconf 85' lang='lat' dir='ltr'><strong>Oppressit,</strong></span> <span class='ocrx_word' id='word_1_236' title='bbox 1599 3236 1691 3290; x_wconf 92' lang='lat' dir='ltr'><strong>sed</strong></span> <span class='ocrx_word' id='word_1_237' title='bbox 1713 3203 1980 3308; x_wconf 58' lang='lat' dir='ltr'><strong>servavit,</strong></span> 
     </span>
    </p>
   </div>
   <div class='ocr_carea' id='block_1_32' title="bbox 401 3292 1982 3388">
    <p class='ocr_par' dir='ltr' id='par_1_32' title="bbox 401 3292 1982 3388">
     <span class='ocr_line' id='line_1_32' title="bbox 401 3292 1982 3388; baseline 0.028 -45"><span class='ocrx_word' id='word_1_238' title='bbox 401 3292 466 3345; x_wconf 82' lang='lat' dir='ltr'><strong>atl</strong></span> <span class='ocrx_word' id='word_1_239' title='bbox 500 3296 793 3370; x_wconf 89' lang='lat' dir='ltr'><strong>urbemque</strong></span> <span class='ocrx_word' id='word_1_240' title='bbox 831 3307 1076 3372; x_wconf 82' lang='lat' dir='ltr'><strong>reduxit;</strong></span> <span class='ocrx_word' id='word_1_241' title='bbox 1119 3323 1174 3368; x_wconf 88' lang='lat' dir='ltr'><strong>et</strong></span> <span class='ocrx_word' id='word_1_242' title='bbox 1208 3332 1356 3374; x_wconf 88' lang='lat' dir='ltr'><strong>mare</strong></span> <span class='ocrx_word' id='word_1_243' title='bbox 1405 3333 1458 3376; x_wconf 91' lang='lat' dir='ltr'><strong>et</strong></span> <span class='ocrx_word' id='word_1_244' title='bbox 1501 3333 1652 3382; x_wconf 90' lang='lat' dir='ltr'><strong>cetus</strong></span> <span class='ocrx_word' id='word_1_245' title='bbox 1677 3340 1861 3384; x_wconf 91' lang='lat' dir='ltr'><strong>contra</strong></span> <span class='ocrx_word' id='word_1_246' title='bbox 1891 3292 1982 3388; x_wconf 65' lang='lat' dir='ltr'><strong>na:</strong></span> 
     </span>
    </p>
   </div>
   <div class='ocr_carea' id='block_1_33' title="bbox 402 3393 1981 3490">
    <p class='ocr_par' dir='ltr' id='par_1_33' title="bbox 402 3393 1981 3490">
     <span class='ocr_line' id='line_1_33' title="bbox 402 3393 1981 3490; baseline 0.027 -53"><span class='ocrx_word' id='word_1_247' title='bbox 402 3393 573 3442; x_wconf 89' lang='lat' dir='ltr'><strong>turam</strong></span> <span class='ocrx_word' id='word_1_248' title='bbox 618 3393 1090 3490; x_wconf 80' lang='lat' dir='ltr'><strong>obtemperarunt,</strong></span> <span class='ocrx_word' id='word_1_249' title='bbox 1123 3423 1231 3477; x_wconf 90' lang='lat' dir='ltr'><strong>quo</strong></span> <span class='ocrx_word' id='word_1_250' title='bbox 1265 3426 1362 3480; x_wconf 88' lang='lat' dir='ltr'><strong>per</strong></span> <span class='ocrx_word' id='word_1_251' title='bbox 1398 3417 1576 3470; x_wconf 83' lang='lat' dir='ltr'><strong>omnia</strong></span> <span class='ocrx_word' id='word_1_252' title='bbox 1610 3421 1865 3490; x_wconf 88' lang='lat' dir='ltr'><strong>propheta</strong></span> <span class='ocrx_word' id='word_1_253' title='bbox 1896 3426 1981 3479; x_wconf 85' lang='lat' dir='ltr'><strong>in-</strong></span> 
     </span>
    </p>
   </div>
   <div class='ocr_carea' id='block_1_34' title="bbox 398 3487 1980 3574">
    <p class='ocr_par' dir='ltr' id='par_1_34' title="bbox 398 3487 1980 3574">
     <span class='ocr_line' id='line_1_34' title="bbox 398 3487 1980 3574; baseline 0.026 -43"><span class='ocrx_word' id='word_1_254' title='bbox 398 3488 712 3539; x_wconf 83' lang='lat' dir='ltr'><strong>strueretur.</strong></span> <span class='ocrx_word' id='word_1_255' title='bbox 749 3487 980 3548; x_wconf 89' lang='lat' dir='ltr'><strong>Veniens</strong></span> <span class='ocrx_word' id='word_1_256' title='bbox 1031 3497 1190 3566; x_wconf 81' lang='lat' dir='ltr'><strong>igitur</strong></span> <span class='ocrx_word' id='word_1_257' title='bbox 1237 3500 1289 3556; x_wconf 90' lang='lat' dir='ltr'><strong>in</strong></span> <span class='ocrx_word' id='word_1_258' title='bbox 1331 3487 1620 3574; x_wconf 85' lang='lat' dir='ltr'><strong>civitatem,</strong></span> <span class='ocrx_word' id='word_1_259' title='bbox 1662 3487 1980 3571; x_wconf 81' lang='lat' dir='ltr'><strong>sententiam</strong></span> 
     </span>
    </p>
   </div>
   <div class='ocr_carea' id='block_1_35' title="bbox 399 3570 1981 3673">
    <p class='ocr_par' dir='ltr' id='par_1_35' title="bbox 399 3570 1981 3673">
     <span class='ocr_line' id='line_1_35' title="bbox 399 3570 1981 3673; baseline 0.027 -51"><span class='ocrx_word' id='word_1_260' title='bbox 399 3570 544 3673; x_wconf 66' lang='lat' dir='ltr'><strong>legit,</strong></span> <span class='ocrx_word' id='word_1_261' title='bbox 565 3576 724 3632; x_wconf 88' lang='lat' dir='ltr'><strong>veluti</strong></span> <span class='ocrx_word' id='word_1_262' title='bbox 751 3584 981 3652; x_wconf 82' lang='lat' dir='ltr'><strong>regalem</strong></span> <span class='ocrx_word' id='word_1_263' title='bbox 1009 3590 1308 3660; x_wconf 88' lang='lat' dir='ltr'><strong>epistolam,</strong></span> <span class='ocrx_word' id='word_1_264' title='bbox 1335 3612 1520 3665; x_wconf 78' lang='lat' dir='ltr'><strong>ptenas</strong></span> <span class='ocrx_word' id='word_1_265' title='bbox 1544 3618 1572 3654; x_wconf 93' lang='lat' dir='ltr'><strong>a</strong></span> <span class='ocrx_word' id='word_1_266' title='bbox 1602 3570 1726 3673; x_wconf 82' lang='lat' dir='ltr'><strong>rege</strong></span> <span class='ocrx_word' id='word_1_267' title='bbox 1757 3607 1981 3664; x_wconf 90' lang='lat' dir='ltr'><strong>indictas</strong></span> 
     </span>
    </p>
   </div>
   <div class='ocr_carea' id='block_1_36' title="bbox 399 3661 1980 3767">
    <p class='ocr_par' dir='ltr' id='par_1_36' title="bbox 399 3661 1980 3767">
     <span class='ocr_line' id='line_1_36' title="bbox 399 3661 1980 3767; baseline 0.025 -51"><span class='ocrx_word' id='word_1_268' title='bbox 399 3661 680 3767; x_wconf 43' lang='lat' dir='ltr'><strong>florentem,</strong></span> <span class='ocrx_word' id='word_1_269' title='bbox 730 3680 783 3726; x_wconf 92' lang='lat' dir='ltr'><strong>et</strong></span> <span class='ocrx_word' id='word_1_270' title='bbox 823 3674 1086 3733; x_wconf 90' lang='lat' dir='ltr'><strong>clamabat</strong></span> <span class='ocrx_word' id='word_1_271' title='bbox 1130 3682 1313 3739; x_wconf 92' lang='lat' dir='ltr'><strong>dicens</strong></span> <span class='ocrx_word' id='word_1_272' title='bbox 1336 3661 1356 3740; x_wconf 39' lang='lat'>_:</span> <span class='ocrx_word' id='word_1_273' title='bbox 1382 3691 1562 3746; x_wconf 71' lang='lat' dir='ltr'><strong>Adhuc</strong></span> <span class='ocrx_word' id='word_1_274' title='bbox 1610 3661 1709 3750; x_wconf 63' lang='lat' dir='ltr'><strong>tres</strong></span> <span class='ocrx_word' id='word_1_275' title='bbox 1755 3661 1980 3767; x_wconf 12' lang='lat' dir='ltr'><strong>diem—ﬁet</strong></span> 
     </span>
    </p>
   </div>
   <div class='ocr_carea' id='block_1_37' title="bbox 400 3753 1276 3846">
    <p class='ocr_par' dir='ltr' id='par_1_37' title="bbox 400 3753 1276 3846">
     <span class='ocr_line' id='line_1_37' title="bbox 400 3753 1276 3846; baseline 0.031 -42"><span class='ocrx_word' id='word_1_276' title='bbox 400 3753 586 3810; x_wconf 83' lang='lat' dir='ltr'><strong>Ninive</strong></span> <span class='ocrx_word' id='word_1_277' title='bbox 610 3759 916 3818; x_wconf 81' lang='lat' dir='ltr'><strong>subvertetur</strong></span> <span class='ocrx_word' id='word_1_278' title='bbox 943 3768 1087 3839; x_wconf 77' lang='lat' dir='ltr'><strong>(Ion.</strong></span> <span class='ocrx_word' id='word_1_279' title='bbox 1113 3774 1165 3827; x_wconf 83' lang='grc'><strong>5.</strong></span> <span class='ocrx_word' id='word_1_280' title='bbox 1199 3777 1276 3846; x_wconf 75' lang='grc'><strong>4).</strong></span> 
     </span>
    </p>
   </div>
   <div class='ocr_carea' id='block_1_38' title="bbox 475 3844 1980 3948">
    <p class='ocr_par' dir='ltr' id='par_1_38' title="bbox 475 3844 1980 3948">
     <span class='ocr_line' id='line_1_38' title="bbox 475 3844 1980 3948; baseline 0.029 -51"><span class='ocrx_word' id='word_1_281' title='bbox 475 3844 786 3905; x_wconf 76' lang='lat' dir='ltr'><strong>Paenitentite</strong></span> <span class='ocrx_word' id='word_1_282' title='bbox 818 3872 880 3908; x_wconf 81' lang='lat' dir='ltr'><strong>ac</strong></span> <span class='ocrx_word' id='word_1_283' title='bbox 911 3859 1104 3928; x_wconf 79' lang='lat' dir='ltr'><strong>jejunii</strong></span> <span class='ocrx_word' id='word_1_284' title='bbox 1132 3865 1204 3918; x_wconf 82' lang='lat' dir='ltr'><strong>vis</strong></span> <span class='ocrx_word' id='word_1_285' title='bbox 1239 3883 1446 3938; x_wconf 79' lang='lat' dir='ltr'><strong>magna;</strong></span> <span class='ocrx_word' id='word_1_286' title='bbox 1479 3875 1796 3948; x_wconf 79' lang='lat' dir='ltr'><strong>abstinentia,</strong></span> <span class='ocrx_word' id='word_1_287' title='bbox 1823 3898 1980 3939; x_wconf 79' lang='lat' dir='ltr'><strong>mater</strong></span> 
     </span>
    </p>
   </div>
   <div class='ocr_carea' id='block_1_39' title="bbox 396 3938 1977 4035">
    <p class='ocr_par' dir='ltr' id='par_1_39' title="bbox 396 3938 1977 4035">
     <span class='ocr_line' id='line_1_39' title="bbox 396 3938 1977 4035; baseline 0.03 -48"><span class='ocrx_word' id='word_1_288' title='bbox 396 3938 646 3994; x_wconf 80' lang='lat' dir='ltr'><strong>sanitatis.</strong></span> <span class='ocrx_word' id='word_1_289' title='bbox 679 3974 752 3985; x_wconf 90' lang='grc'><strong>-</strong></span> <span class='ocrx_word' id='word_1_290' title='bbox 782 3947 1079 4007; x_wconf 85' lang='lat' dir='ltr'><strong>Audierunt</strong></span> <span class='ocrx_word' id='word_1_291' title='bbox 1109 3955 1183 4011; x_wconf 91' lang='lat' dir='ltr'><strong>illi</strong></span> <span class='ocrx_word' id='word_1_292' title='bbox 1216 3959 1348 4026; x_wconf 69' lang='lat' dir='ltr'><strong>htec,</strong></span> <span class='ocrx_word' id='word_1_293' title='bbox 1387 3981 1561 4035; x_wconf 90' lang='lat' dir='ltr'><strong>neque</strong></span> <span class='ocrx_word' id='word_1_294' title='bbox 1602 3987 1705 4025; x_wconf 91' lang='lat' dir='ltr'><strong>non</strong></span> <span class='ocrx_word' id='word_1_295' title='bbox 1733 3978 1977 4034; x_wconf 90' lang='lat' dir='ltr'><strong>credide-</strong></span> 
     </span>
    </p>
   </div>
   <div class='ocr_carea' id='block_1_40' title="bbox 394 4041 1977 4128">
    <p class='ocr_par' dir='ltr' id='par_1_40' title="bbox 394 4041 1977 4128">
     <span class='ocr_line' id='line_1_40' title="bbox 394 4041 1977 4128; baseline 0.03 -48"><span class='ocrx_word' id='word_1_296' title='bbox 394 4042 538 4097; x_wconf 87' lang='lat' dir='ltr'><strong>runt,</strong></span> <span class='ocrx_word' id='word_1_297' title='bbox 574 4049 745 4104; x_wconf 86' lang='lat' dir='ltr'><strong>neque</strong></span> <span class='ocrx_word' id='word_1_298' title='bbox 775 4041 1156 4114; x_wconf 85' lang='lat' dir='ltr'><strong>neglexerunt,</strong></span> <span class='ocrx_word' id='word_1_299' title='bbox 1193 4053 1286 4107; x_wconf 90' lang='lat' dir='ltr'><strong>sed</strong></span> <span class='ocrx_word' id='word_1_300' title='bbox 1329 4055 1468 4112; x_wconf 87' lang='lat' dir='ltr'><strong>illico</strong></span> <span class='ocrx_word' id='word_1_301' title='bbox 1502 4076 1692 4120; x_wconf 84' lang='lat' dir='ltr'><strong>cursus</strong></span> <span class='ocrx_word' id='word_1_302' title='bbox 1738 4072 1977 4128; x_wconf 89' lang='lat' dir='ltr'><strong>onmium</strong></span> 
     </span>
    </p>
   </div>
   <div class='ocr_carea' id='block_1_41' title="bbox 398 4125 1972 4232">
    <p class='ocr_par' dir='ltr' id='par_1_41' title="bbox 398 4125 1972 4232">
     <span class='ocr_line' id='line_1_41' title="bbox 398 4125 1972 4232; baseline 0.031 -62"><span class='ocrx_word' id='word_1_303' title='bbox 398 4134 534 4232; x_wconf 59' lang='lat' dir='ltr'><strong>tinus</strong></span> <span class='ocrx_word' id='word_1_304' title='bbox 559 4125 625 4177; x_wconf 88' lang='lat' dir='ltr'><strong>ad</strong></span> <span class='ocrx_word' id='word_1_305' title='bbox 647 4126 929 4196; x_wconf 85' lang='lat' dir='ltr'><strong>jejunium,</strong></span> <span class='ocrx_word' id='word_1_306' title='bbox 961 4137 1192 4195; x_wconf 90' lang='lat' dir='ltr'><strong>virorum</strong></span> <span class='ocrx_word' id='word_1_307' title='bbox 1219 4147 1607 4223; x_wconf 89' lang='lat' dir='ltr'><strong>mulierumque</strong></span> <span class='ocrx_word' id='word_1_308' title='bbox 1627 4198 1641 4221; x_wconf 94' lang='lat'><strong>,</strong></span> <span class='ocrx_word' id='word_1_309' title='bbox 1673 4173 1972 4232; x_wconf 83' lang='lat' dir='ltr'><strong>servorum,</strong></span> 
     </span>
    </p>
   </div>
   <div class='ocr_carea' id='block_1_42' title="bbox 394 4213 1971 4323">
    <p class='ocr_par' dir='ltr' id='par_1_42' title="bbox 394 4213 1971 4323">
     <span class='ocr_line' id='line_1_42' title="bbox 394 4213 1971 4323; baseline 0.03 -59"><span class='ocrx_word' id='word_1_310' title='bbox 394 4213 665 4283; x_wconf 83' lang='lat' dir='ltr'><strong>berorum,</strong></span> <span class='ocrx_word' id='word_1_311' title='bbox 699 4225 1017 4296; x_wconf 89' lang='lat' dir='ltr'><strong>principum,</strong></span> <span class='ocrx_word' id='word_1_312' title='bbox 1047 4233 1402 4308; x_wconf 87' lang='lat' dir='ltr'><strong>subditorum,</strong></span> <span class='ocrx_word' id='word_1_313' title='bbox 1435 4244 1687 4312; x_wconf 87' lang='lat' dir='ltr'><strong>juvenum</strong></span> <span class='ocrx_word' id='word_1_314' title='bbox 1712 4293 1728 4320; x_wconf 93' lang='lat'><strong>,</strong></span> <span class='ocrx_word' id='word_1_315' title='bbox 1763 4213 1971 4323; x_wconf 65' lang='lat' dir='ltr'><strong>senum:</strong></span> 
     </span>
    </p>
   </div>
   <div class='ocr_carea' id='block_1_43' title="bbox 394 4321 1975 4405">
    <p class='ocr_par' dir='ltr' id='par_1_43' title="bbox 394 4321 1975 4405">
     <span class='ocr_line' id='line_1_43' title="bbox 394 4321 1975 4405; baseline 0.032 -49"><span class='ocrx_word' id='word_1_316' title='bbox 394 4321 678 4372; x_wconf 88' lang='lat' dir='ltr'><strong>puerorum</strong></span> <span class='ocrx_word' id='word_1_317' title='bbox 701 4331 911 4387; x_wconf 91' lang='lat' dir='ltr'><strong>;-ncque</strong></span> <span class='ocrx_word' id='word_1_318' title='bbox 937 4322 1378 4389; x_wconf 89' lang='lat' dir='ltr'><strong>irrationabilium</strong></span> <span class='ocrx_word' id='word_1_319' title='bbox 1411 4347 1595 4395; x_wconf 89' lang='lat' dir='ltr'><strong>natura</strong></span> <span class='ocrx_word' id='word_1_320' title='bbox 1627 4345 1878 4402; x_wconf 91' lang='lat' dir='ltr'><strong>immunis</strong></span> <span class='ocrx_word' id='word_1_321' title='bbox 1907 4321 1975 4405; x_wconf 83' lang='lat' dir='ltr'><strong>ab</strong></span> 
     </span>
    </p>
   </div>
   <div class='ocr_carea' id='block_1_44' title="bbox 390 4402 1973 4511">
    <p class='ocr_par' dir='ltr' id='par_1_44' title="bbox 390 4402 1973 4511">
     <span class='ocr_line' id='line_1_44' title="bbox 390 4402 1973 4511; baseline 0.032 -64"><span class='ocrx_word' id='word_1_322' title='bbox 390 4402 790 4511; x_wconf 42' lang='lat' dir='ltr'><strong>go‘eratofficio</strong></span> <span class='ocrx_word' id='word_1_323' title='bbox 823 4427 836 4461; x_wconf 92' lang='lat'>:</span> <span class='ocrx_word' id='word_1_324' title='bbox 869 4413 1062 4483; x_wconf 90' lang='lat' dir='ltr'><strong>ubique</strong></span> <span class='ocrx_word' id='word_1_325' title='bbox 1108 4434 1312 4490; x_wconf 91' lang='lat' dir='ltr'><strong>saccus,</strong></span> <span class='ocrx_word' id='word_1_326' title='bbox 1358 4427 1552 4499; x_wconf 90' lang='lat' dir='ltr'><strong>ubique</strong></span> <span class='ocrx_word' id='word_1_327' title='bbox 1593 4435 1748 4502; x_wconf 86' lang='lat' dir='ltr'><strong>cinis,</strong></span> <span class='ocrx_word' id='word_1_328' title='bbox 1780 4402 1973 4511; x_wconf 82' lang='lat' dir='ltr'><strong>ubique</strong></span> 
     </span>
    </p>
   </div>
   <div class='ocr_carea' id='block_1_45' title="bbox 389 4487 1969 4596">
    <p class='ocr_par' dir='ltr' id='par_1_45' title="bbox 389 4487 1969 4596">
     <span class='ocr_line' id='line_1_45' title="bbox 389 4487 1969 4596; baseline 0.03 -56"><span class='ocrx_word' id='word_1_329' title='bbox 389 4487 544 4544; x_wconf 81' lang='lat' dir='ltr'><strong>ﬂetus</strong></span> <span class='ocrx_word' id='word_1_330' title='bbox 565 4503 619 4548; x_wconf 91' lang='lat' dir='ltr'><strong>et</strong></span> <span class='ocrx_word' id='word_1_331' title='bbox 647 4497 896 4565; x_wconf 89' lang='lat' dir='ltr'><strong>ejulatus.</strong></span> <span class='ocrx_word' id='word_1_332' title='bbox 947 4505 1078 4561; x_wconf 87' lang='lat' dir='ltr'><strong>Nam</strong></span> <span class='ocrx_word' id='word_1_333' title='bbox 1111 4522 1165 4565; x_wconf 89' lang='lat' dir='ltr'><strong>et</strong></span> <span class='ocrx_word' id='word_1_334' title='bbox 1195 4514 1310 4582; x_wconf 90' lang='lat' dir='ltr'><strong>ipse</strong></span> <span class='ocrx_word' id='word_1_335' title='bbox 1339 4487 1639 4580; x_wconf 76' lang='lat' dir='ltr'><strong>diademate</strong></span> <span class='ocrx_word' id='word_1_336' title='bbox 1670 4487 1829 4596; x_wconf 72' lang='lat' dir='ltr'><strong>caput</strong></span> <span class='ocrx_word' id='word_1_337' title='bbox 1873 4487 1969 4586; x_wconf 63' lang='lat' dir='ltr'><strong>dr-</strong></span> 
     </span>
    </p>
   </div>
   <div class='ocr_carea' id='block_1_46' title="bbox 389 4593 1969 4679">
    <p class='ocr_par' dir='ltr' id='par_1_46' title="bbox 389 4593 1969 4679">
     <span class='ocr_line' id='line_1_46' title="bbox 389 4593 1969 4679; baseline 0.03 -46"><span class='ocrx_word' id='word_1_338' title='bbox 389 4593 564 4652; x_wconf 89' lang='lat' dir='ltr'><strong>natus,</strong></span> <span class='ocrx_word' id='word_1_339' title='bbox 597 4605 626 4642; x_wconf 92' lang='lat' dir='ltr'><strong>a</strong></span> <span class='ocrx_word' id='word_1_340' title='bbox 655 4595 818 4661; x_wconf 82' lang='lat' dir='ltr'><strong>regali</strong></span> <span class='ocrx_word' id='word_1_341' title='bbox 847 4597 1178 4660; x_wconf 87' lang='lat' dir='ltr'><strong>descendens</strong></span> <span class='ocrx_word' id='word_1_342' title='bbox 1219 4609 1427 4675; x_wconf 86' lang='lat' dir='ltr'><strong>throno,</strong></span> <span class='ocrx_word' id='word_1_343' title='bbox 1471 4630 1683 4672; x_wconf 89' lang='lat' dir='ltr'><strong>saccum</strong></span> <span class='ocrx_word' id='word_1_344' title='bbox 1713 4593 1813 4676; x_wconf 85' lang='lat' dir='ltr'><strong>sibi</strong></span> <span class='ocrx_word' id='word_1_345' title='bbox 1841 4625 1969 4679; x_wconf 90' lang='lat' dir='ltr'><strong>sub-</strong></span> 
     </span>
    </p>
   </div>
   <div class='ocr_carea' id='block_1_47' title="bbox 387 4681 1971 4783">
    <p class='ocr_par' dir='ltr' id='par_1_47' title="bbox 387 4681 1971 4783">
     <span class='ocr_line' id='line_1_47' title="bbox 387 4681 1971 4783; baseline 0.03 -57"><span class='ocrx_word' id='word_1_346' title='bbox 387 4681 863 4745; x_wconf 87' lang='lat' dir='ltr'><strong>stravit,cinerem</strong></span> <span class='ocrx_word' id='word_1_347' title='bbox 911 4697 1128 4763; x_wconf 87' lang='lat' dir='ltr'><strong>sparsit,</strong></span> <span class='ocrx_word' id='word_1_348' title='bbox 1174 4709 1332 4771; x_wconf 89' lang='lat' dir='ltr'><strong>atque</strong></span> <span class='ocrx_word' id='word_1_349' title='bbox 1374 4705 1451 4760; x_wconf 87' lang='lat' dir='ltr'><strong>sic</strong></span> <span class='ocrx_word' id='word_1_350' title='bbox 1499 4710 1685 4766; x_wconf 91' lang='lat' dir='ltr'><strong>urbem</strong></span> <span class='ocrx_word' id='word_1_351' title='bbox 1721 4717 1971 4783; x_wconf 85' lang='lat' dir='ltr'><strong>periculis</strong></span> 
     </span>
    </p>
   </div>
   <div class='ocr_carea' id='block_1_48' title="bbox 387 4774 1967 4877">
    <p class='ocr_par' dir='ltr' id='par_1_48' title="bbox 387 4774 1967 4877">
     <span class='ocr_line' id='line_1_48' title="bbox 387 4774 1967 4877; baseline 0.027 -55"><span class='ocrx_word' id='word_1_352' title='bbox 387 4774 582 4838; x_wconf 90' lang='lat' dir='ltr'><strong>eripuit</strong></span> <span class='ocrx_word' id='word_1_353' title='bbox 610 4792 623 4827; x_wconf 90' lang='lat'><strong>:</strong></span> <span class='ocrx_word' id='word_1_354' title='bbox 649 4789 695 4877; x_wconf 76' lang='lat' dir='ltr'><strong>et</strong></span> <span class='ocrx_word' id='word_1_355' title='bbox 724 4795 833 4834; x_wconf 90' lang='lat' dir='ltr'><strong>rem</strong></span> <span class='ocrx_word' id='word_1_356' title='bbox 863 4787 1076 4855; x_wconf 88' lang='lat' dir='ltr'><strong>quidem</strong></span> <span class='ocrx_word' id='word_1_357' title='bbox 1104 4805 1292 4847; x_wconf 82' lang='lat' dir='ltr'><strong>novam</strong></span> <span class='ocrx_word' id='word_1_358' title='bbox 1318 4797 1496 4855; x_wconf 88' lang='lat' dir='ltr'><strong>videre</strong></span> <span class='ocrx_word' id='word_1_359' title='bbox 1523 4813 1655 4869; x_wconf 89' lang='lat' dir='ltr'><strong>erat,</strong></span> <span class='ocrx_word' id='word_1_360' title='bbox 1683 4774 1967 4877; x_wconf 76' lang='lat' dir='ltr'><strong>purpuram</strong></span> 
     </span>
    </p>
   </div>
   <div class='ocr_carea' id='block_1_49' title="bbox 386 4866 1966 4966">
    <p class='ocr_par' dir='ltr' id='par_1_49' title="bbox 386 4866 1966 4966">
     <span class='ocr_line' id='line_1_49' title="bbox 386 4866 1966 4966; baseline 0.028 -55"><span class='ocrx_word' id='word_1_361' title='bbox 386 4874 544 4915; x_wconf 87' lang='lat' dir='ltr'><strong>sacco</strong></span> <span class='ocrx_word' id='word_1_362' title='bbox 587 4866 883 4927; x_wconf 89' lang='lat' dir='ltr'><strong>cedentem.</strong></span> <span class='ocrx_word' id='word_1_363' title='bbox 940 4877 1090 4945; x_wconf 85' lang='lat' dir='ltr'><strong>Quod</strong></span> <span class='ocrx_word' id='word_1_364' title='bbox 1141 4885 1281 4939; x_wconf 87' lang='lat' dir='ltr'><strong>enim</strong></span> <span class='ocrx_word' id='word_1_365' title='bbox 1327 4903 1558 4959; x_wconf 90' lang='lat' dir='ltr'><strong>purpura</strong></span> <span class='ocrx_word' id='word_1_366' title='bbox 1609 4866 1864 4966; x_wconf 73' lang='lat' dir='ltr'><strong>nequivit,</strong></span> <span class='ocrx_word' id='word_1_367' title='bbox 1914 4902 1966 4956; x_wconf 92' lang='lat' dir='ltr'><strong>id</strong></span> 
     </span>
    </p>
   </div>
   <div class='ocr_carea' id='block_1_50' title="bbox 385 4965 1966 5049">
    <p class='ocr_par' dir='ltr' id='par_1_50' title="bbox 385 4965 1966 5049">
     <span class='ocr_line' id='line_1_50' title="bbox 385 4965 1966 5049; baseline 0.028 -44"><span class='ocrx_word' id='word_1_368' title='bbox 385 4967 573 5049; x_wconf 81' lang='lat' dir='ltr'><strong>saccus</strong></span> <span class='ocrx_word' id='word_1_369' title='bbox 630 4965 800 5026; x_wconf 89' lang='lat' dir='ltr'><strong>potuit</strong></span> <span class='ocrx_word' id='word_1_370' title='bbox 859 4973 1056 5039; x_wconf 90' lang='lat' dir='ltr'><strong>:qnod</strong></span> <span class='ocrx_word' id='word_1_371' title='bbox 1122 4990 1494 5038; x_wconf 90' lang='lat' dir='ltr'><strong>consummare</strong></span> <span class='ocrx_word' id='word_1_372' title='bbox 1548 4965 1793 5045; x_wconf 88' lang='lat' dir='ltr'><strong>diadema</strong></span> <span class='ocrx_word' id='word_1_373' title='bbox 1851 4965 1966 5049; x_wconf 87' lang='lat' dir='ltr'><strong>non</strong></span> 
     </span>
    </p>
   </div>
   <div class='ocr_carea' id='block_1_51' title="bbox 386 5046 1964 5144">
    <p class='ocr_par' dir='ltr' id='par_1_51' title="bbox 386 5046 1964 5144">
     <span class='ocr_line' id='line_1_51' title="bbox 386 5046 1964 5144; baseline 0.029 -49"><span class='ocrx_word' id='word_1_374' title='bbox 386 5046 586 5113; x_wconf 79' lang='lat' dir='ltr'><strong>valuit,</strong></span> <span class='ocrx_word' id='word_1_375' title='bbox 632 5051 734 5107; x_wconf 91' lang='lat' dir='ltr'><strong>hoc</strong></span> <span class='ocrx_word' id='word_1_376' title='bbox 762 5056 897 5136; x_wconf 90' lang='lat' dir='ltr'><strong>cinis</strong></span> <span class='ocrx_word' id='word_1_377' title='bbox 928 5063 1165 5130; x_wconf 82' lang='lat' dir='ltr'><strong>perfecit.</strong></span> <span class='ocrx_word' id='word_1_378' title='bbox 1209 5069 1372 5126; x_wconf 76' lang='lat' dir='ltr'><strong>Vides</strong></span> <span class='ocrx_word' id='word_1_379' title='bbox 1401 5079 1668 5144; x_wconf 87' lang='lat' dir='ltr'><strong>quomodo</strong></span> <span class='ocrx_word' id='word_1_380' title='bbox 1719 5082 1860 5137; x_wconf 89' lang='lat' dir='ltr'><strong>haud</strong></span> <span class='ocrx_word' id='word_1_381' title='bbox 1913 5087 1964 5140; x_wconf 91' lang='lat' dir='ltr'><strong>in</strong></span> 
     </span>
    </p>
   </div>
   <div class='ocr_carea' id='block_1_52' title="bbox 382 5145 1966 5248">
    <p class='ocr_par' dir='ltr' id='par_1_52' title="bbox 382 5145 1966 5248">
     <span class='ocr_line' id='line_1_52' title="bbox 382 5145 1966 5248; baseline 0.029 -58"><span class='ocrx_word' id='word_1_382' title='bbox 382 5153 607 5248; x_wconf 71' lang='lat' dir='ltr'><strong>vacuum</strong></span> <span class='ocrx_word' id='word_1_383' title='bbox 653 5145 780 5213; x_wconf 81' lang='lat' dir='ltr'><strong>dixi,</strong></span> <span class='ocrx_word' id='word_1_384' title='bbox 810 5169 914 5207; x_wconf 90' lang='lat' dir='ltr'><strong>non</strong></span> <span class='ocrx_word' id='word_1_385' title='bbox 958 5155 1237 5226; x_wconf 83' lang='lat' dir='ltr'><strong>jejunium,</strong></span> <span class='ocrx_word' id='word_1_386' title='bbox 1289 5168 1381 5221; x_wconf 89' lang='lat' dir='ltr'><strong>sed</strong></span> <span class='ocrx_word' id='word_1_387' title='bbox 1424 5170 1732 5229; x_wconf 82' lang='lat' dir='ltr'><strong>ebrietatem</strong></span> <span class='ocrx_word' id='word_1_388' title='bbox 1775 5193 1966 5248; x_wconf 86' lang='lat' dir='ltr'><strong>crapu-</strong></span> 
     </span>
    </p>
   </div>
   <div class='ocr_carea' id='block_1_53' title="bbox 384 5232 1964 5342">
    <p class='ocr_par' dir='ltr' id='par_1_53' title="bbox 384 5232 1964 5342">
     <span class='ocr_line' id='line_1_53' title="bbox 384 5232 1964 5342; baseline 0.028 -56"><span class='ocrx_word' id='word_1_389' title='bbox 384 5232 596 5307; x_wconf 91' lang='lat' dir='ltr'><strong>lamque</strong></span> <span class='ocrx_word' id='word_1_390' title='bbox 648 5242 819 5299; x_wconf 88' lang='lat' dir='ltr'><strong>timeri</strong></span> <span class='ocrx_word' id='word_1_391' title='bbox 847 5252 1184 5316; x_wconf 87' lang='lat' dir='ltr'><strong>oportuisse?</strong></span> <span class='ocrx_word' id='word_1_392' title='bbox 1219 5257 1349 5312; x_wconf 84' lang='lat' dir='ltr'><strong>Nam</strong></span> <span class='ocrx_word' id='word_1_393' title='bbox 1393 5263 1624 5320; x_wconf 88' lang='lat' dir='ltr'><strong>ebrietas</strong></span> <span class='ocrx_word' id='word_1_394' title='bbox 1651 5278 1706 5323; x_wconf 93' lang='lat' dir='ltr'><strong>et</strong></span> <span class='ocrx_word' id='word_1_395' title='bbox 1746 5232 1964 5342; x_wconf 49' lang='lat' dir='ltr'><strong>crap&#39;nla</strong></span> 
     </span>
    </p>
   </div>
   <div class='ocr_carea' id='block_1_54' title="bbox 382 5329 1965 5424">
    <p class='ocr_par' dir='ltr' id='par_1_54' title="bbox 382 5329 1965 5424">
     <span class='ocr_line' id='line_1_54' title="bbox 382 5329 1965 5424; baseline 0.027 -46"><span class='ocrx_word' id='word_1_396' title='bbox 382 5329 565 5383; x_wconf 91' lang='lat' dir='ltr'><strong>urbem</strong></span> <span class='ocrx_word' id='word_1_397' title='bbox 594 5341 821 5391; x_wconf 88' lang='lat' dir='ltr'><strong>stantem</strong></span> <span class='ocrx_word' id='word_1_398' title='bbox 849 5347 1150 5412; x_wconf 86' lang='lat' dir='ltr'><strong>concussit,</strong></span> <span class='ocrx_word' id='word_1_399' title='bbox 1183 5349 1247 5402; x_wconf 90' lang='lat' dir='ltr'><strong>ad</strong></span> <span class='ocrx_word' id='word_1_400' title='bbox 1276 5365 1562 5424; x_wconf 85' lang='lat' dir='ltr'><strong>casumque</strong></span> <span class='ocrx_word' id='word_1_401' title='bbox 1589 5369 1776 5416; x_wconf 90' lang='lat' dir='ltr'><strong>nutare</strong></span> <span class='ocrx_word' id='word_1_402' title='bbox 1817 5329 1965 5421; x_wconf 46' lang='lat' dir='ltr'><strong>clom-</strong></span> 
     </span>
    </p>
   </div>
   <div class='ocr_carea' id='block_1_55' title="bbox 381 5422 1961 5524">
    <p class='ocr_par' dir='ltr' id='par_1_55' title="bbox 381 5422 1961 5524">
     <span class='ocr_line' id='line_1_55' title="bbox 381 5422 1961 5524; baseline 0.027 -52"><span class='ocrx_word' id='word_1_403' title='bbox 381 5422 549 5489; x_wconf 89' lang='lat' dir='ltr'><strong>pulit:</strong></span> <span class='ocrx_word' id='word_1_404' title='bbox 589 5427 847 5495; x_wconf 90' lang='lat' dir='ltr'><strong>jejunium</strong></span> <span class='ocrx_word' id='word_1_405' title='bbox 893 5445 1164 5493; x_wconf 88' lang='lat' dir='ltr'><strong>nutantem</strong></span> <span class='ocrx_word' id='word_1_406' title='bbox 1197 5443 1362 5512; x_wconf 86' lang='lat' dir='ltr'><strong>ipsam</strong></span> <span class='ocrx_word' id='word_1_407' title='bbox 1401 5463 1752 5524; x_wconf 88' lang='lat' dir='ltr'><strong>casuramque</strong></span> <span class='ocrx_word' id='word_1_408' title='bbox 1780 5457 1961 5514; x_wconf 87' lang='lat' dir='ltr'><strong>firma-</strong></span> 
     </span>
    </p>
   </div>
   <div class='ocr_carea' id='block_1_56' title="bbox 379 5513 1958 5620">
    <p class='ocr_par' dir='ltr' id='par_1_56' title="bbox 379 5513 1958 5620">
     <span class='ocr_line' id='line_1_56' title="bbox 379 5513 1958 5620; baseline 0.026 -55"><span class='ocrx_word' id='word_1_409' title='bbox 379 5513 472 5566; x_wconf 82' lang='lat' dir='ltr'><strong>vit.</strong></span> <span class='ocrx_word' id='word_1_410' title='bbox 527 5516 658 5572; x_wconf 89' lang='lat' dir='ltr'><strong>Cum</strong></span> <span class='ocrx_word' id='word_1_411' title='bbox 707 5520 809 5577; x_wconf 93' lang='lat' dir='ltr'><strong>hoc</strong></span> <span class='ocrx_word' id='word_1_412' title='bbox 857 5534 907 5580; x_wconf 93' lang='lat' dir='ltr'><strong>et</strong></span> <span class='ocrx_word' id='word_1_413' title='bbox 951 5528 1132 5584; x_wconf 92' lang='lat' dir='ltr'><strong>Daniel</strong></span> <span class='ocrx_word' id='word_1_414' title='bbox 1176 5533 1388 5592; x_wconf 90' lang='lat' dir='ltr'><strong>leonum</strong></span> <span class='ocrx_word' id='word_1_415' title='bbox 1430 5541 1702 5612; x_wconf 87' lang='lat' dir='ltr'><strong>ingressus</strong></span> <span class='ocrx_word' id='word_1_416' title='bbox 1751 5549 1958 5620; x_wconf 91' lang='lat' dir='ltr'><strong>lacum,</strong></span> 
     </span>
    </p>
   </div>
   <div class='ocr_carea' id='block_1_57' title="bbox 377 5609 1958 5700">
    <p class='ocr_par' dir='ltr' id='par_1_57' title="bbox 377 5609 1958 5700">
     <span class='ocr_line' id='line_1_57' title="bbox 377 5609 1958 5700; baseline 0.025 -41"><span class='ocrx_word' id='word_1_417' title='bbox 377 5609 529 5674; x_wconf 88' lang='lat' dir='ltr'><strong>quasi</strong></span> <span class='ocrx_word' id='word_1_418' title='bbox 577 5626 696 5666; x_wconf 88' lang='lat' dir='ltr'><strong>cum</strong></span> <span class='ocrx_word' id='word_1_419' title='bbox 746 5617 931 5673; x_wconf 85' lang='lat' dir='ltr'><strong>ovibus</strong></span> <span class='ocrx_word' id='word_1_420' title='bbox 974 5627 1264 5682; x_wconf 87' lang='lat' dir='ltr'><strong>mansuetis</strong></span> <span class='ocrx_word' id='word_1_421' title='bbox 1303 5609 1544 5690; x_wconf 81' lang='lat' dir='ltr'><strong>versatus</strong></span> <span class='ocrx_word' id='word_1_422' title='bbox 1593 5639 1775 5694; x_wconf 85' lang='lat' dir='ltr'><strong>exivit.</strong></span> <span class='ocrx_word' id='word_1_423' title='bbox 1827 5609 1958 5700; x_wconf 66' lang='lat' dir='ltr'><strong>Nam</strong></span> 
     </span>
    </p>
   </div>
   <div class='ocr_carea' id='block_1_58' title="bbox 378 5704 1958 5806">
    <p class='ocr_par' dir='ltr' id='par_1_58' title="bbox 378 5704 1958 5806">
     <span class='ocr_line' id='line_1_58' title="bbox 378 5704 1958 5806; baseline 0.028 -59"><span class='ocrx_word' id='word_1_424' title='bbox 378 5704 666 5800; x_wconf 65' lang='lat' dir='ltr'><strong>mstttantes</strong></span> <span class='ocrx_word' id='word_1_425' title='bbox 687 5706 782 5771; x_wconf 90' lang='lat' dir='ltr'><strong>ira,</strong></span> <span class='ocrx_word' id='word_1_426' title='bbox 801 5716 1004 5764; x_wconf 91' lang='lat' dir='ltr'><strong>torvum</strong></span> <span class='ocrx_word' id='word_1_427' title='bbox 1025 5717 1465 5792; x_wconf 82' lang='lat' dir='ltr'><strong>mortiferumque</strong></span> <span class='ocrx_word' id='word_1_428' title='bbox 1483 5730 1845 5800; x_wconf 83' lang='lat' dir='ltr'><strong>respicientes,</strong></span> <span class='ocrx_word' id='word_1_429' title='bbox 1866 5751 1958 5806; x_wconf 80' lang='lat' dir='ltr'><strong>ap-</strong></span> 
     </span>
    </p>
   </div>
   <div class='ocr_carea' id='block_1_59' title="bbox 381 5797 1958 5890">
    <p class='ocr_par' dir='ltr' id='par_1_59' title="bbox 381 5797 1958 5890">
     <span class='ocr_line' id='line_1_59' title="bbox 381 5797 1958 5890; baseline 0.03 -51"><span class='ocrx_word' id='word_1_430' title='bbox 381 5797 606 5856; x_wconf 82' lang='lat' dir='ltr'><strong>positam</strong></span> <span class='ocrx_word' id='word_1_431' title='bbox 638 5809 745 5854; x_wconf 91' lang='lat' dir='ltr'><strong>non</strong></span> <span class='ocrx_word' id='word_1_432' title='bbox 792 5803 1075 5874; x_wconf 89' lang='lat' dir='ltr'><strong>tangebant</strong></span> <span class='ocrx_word' id='word_1_433' title='bbox 1119 5825 1378 5884; x_wconf 86' lang='lat' dir='ltr'><strong>mensam,</strong></span> <span class='ocrx_word' id='word_1_434' title='bbox 1413 5816 1505 5874; x_wconf 89' lang='lat' dir='ltr'><strong>sed</strong></span> <span class='ocrx_word' id='word_1_435' title='bbox 1549 5820 1660 5890; x_wconf 89' lang='lat' dir='ltr'><strong>ipsa</strong></span> <span class='ocrx_word' id='word_1_436' title='bbox 1688 5797 1958 5889; x_wconf 64' lang='lat' dir='ltr'><strong>excitante</strong></span> 
     </span>
    </p>
   </div>
   <div class='ocr_carea' id='block_1_60' title="bbox 1199 415 3002 492">
    <p class='ocr_par' dir='ltr' id='par_1_60' title="bbox 1199 415 3002 492">
     <span class='ocr_line' id='line_1_60' title="bbox 1199 415 3002 492; baseline 0.011 -20"><span class='ocrx_word' id='word_1_437' title='bbox 1199 415 1251 472; x_wconf 87' lang='lat' dir='ltr'><strong>S.</strong></span> <span class='ocrx_word' id='word_1_438' title='bbox 1292 416 1571 477; x_wconf 77' lang='lat' dir='ltr'><strong>JOANNIS</strong></span> <span class='ocrx_word' id='word_1_439' title='bbox 1606 419 2080 479; x_wconf 69' lang='lat' dir='ltr'><strong>CHRYSOSTOMI</strong></span> <span class='ocrx_word' id='word_1_440' title='bbox 2116 423 2432 483; x_wconf 76' lang='lat' dir='ltr'><strong>ARCHIEP.</strong></span> <span class='ocrx_word' id='word_1_441' title='bbox 2472 428 3002 492; x_wconf 84' lang='lat' dir='ltr'><strong>CONSTANTINOP.</strong></span> 
     </span>
    </p>
   </div>
   <div class='ocr_carea' id='block_1_61' title="bbox 3573 445 3681 500">
    <p class='ocr_par' dir='ltr' id='par_1_61' title="bbox 3573 445 3681 500">
     <span class='ocr_line' id='line_1_61' title="bbox 3573 445 3681 500; baseline 0.009 -1"><span class='ocrx_word' id='word_1_442' title='bbox 3573 445 3681 500; x_wconf 70' lang='grc'><strong>312</strong></span> 
     </span>
    </p>
   </div>
   <div class='ocr_carea' id='block_1_62' title="bbox 2105 548 3678 636">
    <p class='ocr_par' dir='ltr' id='par_1_62' title="bbox 2105 548 3678 636">
     <span class='ocr_line' id='line_1_62' title="bbox 2105 548 3678 636; baseline 0.016 -39"><span class='ocrx_word' id='word_1_443' title='bbox 2105 555 2290 602; x_wconf 88' lang='lat' dir='ltr'><strong>natura</strong></span> <span class='ocrx_word' id='word_1_444' title='bbox 2322 548 2472 622; x_wconf 87' lang='lat' dir='ltr'><strong>(nihil</strong></span> <span class='ocrx_word' id='word_1_445' title='bbox 2497 554 2638 608; x_wconf 91' lang='lat' dir='ltr'><strong>enim</strong></span> <span class='ocrx_word' id='word_1_446' title='bbox 2661 555 2889 612; x_wconf 90' lang='lat' dir='ltr'><strong>ferocius</strong></span> <span class='ocrx_word' id='word_1_447' title='bbox 2913 559 3016 614; x_wconf 91' lang='lat' dir='ltr'><strong>illis</strong></span> <span class='ocrx_word' id='word_1_448' title='bbox 3035 560 3261 634; x_wconf 92' lang='lat' dir='ltr'><strong>bestiis),</strong></span> <span class='ocrx_word' id='word_1_449' title='bbox 3290 572 3343 619; x_wconf 94' lang='lat' dir='ltr'><strong>et</strong></span> <span class='ocrx_word' id='word_1_450' title='bbox 3372 563 3508 620; x_wconf 78' lang='lat' dir='ltr'><strong>fame</strong></span> <span class='ocrx_word' id='word_1_451' title='bbox 3531 565 3678 636; x_wconf 86' lang='lat' dir='ltr'><strong>(nam</strong></span> 
     </span>
    </p>
   </div>
   <div class='ocr_carea' id='block_1_63' title="bbox 2102 643 3685 726">
    <p class='ocr_par' dir='ltr' id='par_1_63' title="bbox 2102 643 3685 726">
     <span class='ocr_line' id='line_1_63' title="bbox 2102 643 3685 726; baseline 0.009 -34"><span class='ocrx_word' id='word_1_452' title='bbox 2102 648 2155 693; x_wconf 87' lang='lat' dir='ltr'><strong>et</strong></span> <span class='ocrx_word' id='word_1_453' title='bbox 2186 650 2387 709; x_wconf 87' lang='lat' dir='ltr'><strong>septem</strong></span> <span class='ocrx_word' id='word_1_454' title='bbox 2432 643 2619 700; x_wconf 90' lang='lat' dir='ltr'><strong>diebus</strong></span> <span class='ocrx_word' id='word_1_455' title='bbox 2647 663 2753 703; x_wconf 92' lang='lat' dir='ltr'><strong>non</strong></span> <span class='ocrx_word' id='word_1_456' title='bbox 2795 661 3110 720; x_wconf 89' lang='lat' dir='ltr'><strong>acceperant</strong></span> <span class='ocrx_word' id='word_1_457' title='bbox 3134 653 3330 726; x_wconf 87' lang='lat' dir='ltr'><strong>cibum)</strong></span> <span class='ocrx_word' id='word_1_458' title='bbox 3371 656 3532 710; x_wconf 84' lang='lat' dir='ltr'><strong>veluti</strong></span> <span class='ocrx_word' id='word_1_459' title='bbox 3557 672 3685 710; x_wconf 81' lang='lat' dir='ltr'><strong>car-</strong></span> 
     </span>
    </p>
   </div>
   <div class='ocr_carea' id='block_1_64' title="bbox 2105 731 3684 816">
    <p class='ocr_par' dir='ltr' id='par_1_64' title="bbox 2105 731 3684 816">
     <span class='ocr_line' id='line_1_64' title="bbox 2105 731 3684 816; baseline 0.011 -32"><span class='ocrx_word' id='word_1_460' title='bbox 2105 731 2260 788; x_wconf 87' lang='lat' dir='ltr'><strong>nifice</strong></span> <span class='ocrx_word' id='word_1_461' title='bbox 2289 735 2519 804; x_wconf 90' lang='lat' dir='ltr'><strong>quodam</strong></span> <span class='ocrx_word' id='word_1_462' title='bbox 2572 739 2890 796; x_wconf 87' lang='lat' dir='ltr'><strong>intrinsecus</strong></span> <span class='ocrx_word' id='word_1_463' title='bbox 2918 753 3159 813; x_wconf 85' lang='lat' dir='ltr'><strong>urgente,</strong></span> <span class='ocrx_word' id='word_1_464' title='bbox 3208 754 3366 816; x_wconf 91' lang='lat' dir='ltr'><strong>utque</strong></span> <span class='ocrx_word' id='word_1_465' title='bbox 3411 762 3514 800; x_wconf 87' lang='lat' dir='ltr'><strong>non</strong></span> <span class='ocrx_word' id='word_1_466' title='bbox 3558 763 3684 816; x_wconf 90' lang='lat' dir='ltr'><strong>pro-</strong></span> 
     </span>
    </p>
   </div>
   <div class='ocr_carea' id='block_1_65' title="bbox 2103 823 3682 901">
    <p class='ocr_par' dir='ltr' id='par_1_65' title="bbox 2103 823 3682 901">
     <span class='ocr_line' id='line_1_65' title="bbox 2103 823 3682 901; baseline 0.012 -27"><span class='ocrx_word' id='word_1_467' title='bbox 2103 823 2279 894; x_wconf 69' lang='lat' dir='ltr'><strong>pheta:</strong></span> <span class='ocrx_word' id='word_1_468' title='bbox 2302 829 2502 882; x_wconf 88' lang='lat' dir='ltr'><strong>viscera</strong></span> <span class='ocrx_word' id='word_1_469' title='bbox 2532 828 2900 900; x_wconf 84' lang='lat' dir='ltr'><strong>discerperent</strong></span> <span class='ocrx_word' id='word_1_470' title='bbox 2939 836 3201 890; x_wconf 89' lang='lat' dir='ltr'><strong>clamante</strong></span> <span class='ocrx_word' id='word_1_471' title='bbox 3229 838 3268 901; x_wconf 79' lang='grc' dir='ltr'><strong>ί,</strong></span> <span class='ocrx_word' id='word_1_472' title='bbox 3313 837 3487 892; x_wconf 89' lang='lat' dir='ltr'><strong>cibum</strong></span> <span class='ocrx_word' id='word_1_473' title='bbox 3524 853 3682 893; x_wconf 75' lang='lat' dir='ltr'><strong>reve-</strong></span> 
     </span>
    </p>
   </div>
   <div class='ocr_carea' id='block_1_66' title="bbox 2103 915 3676 995">
    <p class='ocr_par' dir='ltr' id='par_1_66' title="bbox 2103 915 3676 995">
     <span class='ocr_line' id='line_1_66' title="bbox 2103 915 3676 995; baseline 0.009 -27"><span class='ocrx_word' id='word_1_474' title='bbox 2103 915 2190 968; x_wconf 90' lang='lat' dir='ltr'><strong>riti</strong></span> <span class='ocrx_word' id='word_1_475' title='bbox 2216 925 2358 970; x_wconf 91' lang='lat' dir='ltr'><strong>sunt.</strong></span> <span class='ocrx_word' id='word_1_476' title='bbox 2380 917 2512 973; x_wconf 88' lang='lat' dir='ltr'><strong>Cum</strong></span> <span class='ocrx_word' id='word_1_477' title='bbox 2537 919 2637 975; x_wconf 90' lang='lat' dir='ltr'><strong>hoc</strong></span> <span class='ocrx_word' id='word_1_478' title='bbox 2652 929 2762 976; x_wconf 92' lang='lat' dir='ltr'><strong>tres</strong></span> <span class='ocrx_word' id='word_1_479' title='bbox 2772 923 2922 992; x_wconf 90' lang='lat' dir='ltr'><strong>pueri</strong></span> <span class='ocrx_word' id='word_1_480' title='bbox 2941 922 2995 978; x_wconf 91' lang='lat' dir='ltr'><strong>in</strong></span> <span class='ocrx_word' id='word_1_481' title='bbox 3015 922 3391 995; x_wconf 85' lang='lat' dir='ltr'><strong>Babylonicum</strong></span> <span class='ocrx_word' id='word_1_482' title='bbox 3407 927 3676 982; x_wconf 88' lang='lat' dir='ltr'><strong>caminum</strong></span> 
     </span>
    </p>
   </div>
   <div class='ocr_carea' id='block_1_67' title="bbox 2105 1006 3679 1086">
    <p class='ocr_par' dir='ltr' id='par_1_67' title="bbox 2105 1006 3679 1086">
     <span class='ocr_line' id='line_1_67' title="bbox 2105 1006 3679 1086; baseline 0.008 -26"><span class='ocrx_word' id='word_1_483' title='bbox 2105 1006 2330 1077; x_wconf 87' lang='lat' dir='ltr'><strong>ingressi</strong></span> <span class='ocrx_word' id='word_1_484' title='bbox 2348 1049 2363 1073; x_wconf 92' lang='lat'><strong>,</strong></span> <span class='ocrx_word' id='word_1_485' title='bbox 2393 1017 2548 1080; x_wconf 88' lang='lat' dir='ltr'><strong>atque</strong></span> <span class='ocrx_word' id='word_1_486' title='bbox 2577 1011 2630 1064; x_wconf 92' lang='lat' dir='ltr'><strong>in</strong></span> <span class='ocrx_word' id='word_1_487' title='bbox 2663 1011 2782 1082; x_wconf 86' lang='lat' dir='ltr'><strong>igne</strong></span> <span class='ocrx_word' id='word_1_488' title='bbox 2811 1014 2976 1067; x_wconf 91' lang='lat' dir='ltr'><strong>multo</strong></span> <span class='ocrx_word' id='word_1_489' title='bbox 3000 1015 3163 1069; x_wconf 90' lang='lat' dir='ltr'><strong>etiam</strong></span> <span class='ocrx_word' id='word_1_490' title='bbox 3191 1023 3429 1086; x_wconf 89' lang='lat' dir='ltr'><strong>tempore</strong></span> <span class='ocrx_word' id='word_1_491' title='bbox 3457 1019 3679 1082; x_wconf 85' lang='lat' dir='ltr'><strong>versati,</strong></span> 
     </span>
    </p>
   </div>
   <div class='ocr_carea' id='block_1_68' title="bbox 2103 1101 3677 1179">
    <p class='ocr_par' dir='ltr' id='par_1_68' title="bbox 2103 1101 3677 1179">
     <span class='ocr_line' id='line_1_68' title="bbox 2103 1101 3677 1179; baseline 0.006 -23"><span class='ocrx_word' id='word_1_492' title='bbox 2103 1102 2223 1172; x_wconf 84' lang='lat' dir='ltr'><strong>igne</strong></span> <span class='ocrx_word' id='word_1_493' title='bbox 2249 1102 2365 1172; x_wconf 89' lang='lat' dir='ltr'><strong>ipso</strong></span> <span class='ocrx_word' id='word_1_494' title='bbox 2391 1101 2674 1173; x_wconf 85' lang='lat' dir='ltr'><strong>fulgidiora</strong></span> <span class='ocrx_word' id='word_1_495' title='bbox 2700 1120 2923 1175; x_wconf 88' lang='lat' dir='ltr'><strong>corpora</strong></span> <span class='ocrx_word' id='word_1_496' title='bbox 2951 1107 3226 1174; x_wconf 86' lang='lat' dir='ltr'><strong>habentes,</strong></span> <span class='ocrx_word' id='word_1_497' title='bbox 3265 1125 3465 1179; x_wconf 70' lang='lat' dir='ltr'><strong>egress:</strong></span> <span class='ocrx_word' id='word_1_498' title='bbox 3513 1119 3677 1165; x_wconf 89' lang='lat' dir='ltr'><strong>sunt:</strong></span> 
     </span>
    </p>
   </div>
   <div class='ocr_carea' id='block_1_69' title="bbox 2103 1195 3680 1271">
    <p class='ocr_par' dir='ltr' id='par_1_69' title="bbox 2103 1195 3680 1271">
     <span class='ocr_line' id='line_1_69' title="bbox 2103 1195 3680 1271; baseline 0.007 -26"><span class='ocrx_word' id='word_1_499' title='bbox 2103 1208 2422 1262; x_wconf 89' lang='lat' dir='ltr'><strong>quamquam</strong></span> <span class='ocrx_word' id='word_1_500' title='bbox 2453 1195 2497 1249; x_wconf 92' lang='lat' dir='ltr'><strong>si</strong></span> <span class='ocrx_word' id='word_1_501' title='bbox 2529 1211 2652 1250; x_wconf 90' lang='lat' dir='ltr'><strong>vere</strong></span> <span class='ocrx_word' id='word_1_502' title='bbox 2679 1197 2814 1266; x_wconf 81' lang='lat' dir='ltr'><strong>ignis</strong></span> <span class='ocrx_word' id='word_1_503' title='bbox 2845 1207 2959 1252; x_wconf 90' lang='lat' dir='ltr'><strong>erat</strong></span> <span class='ocrx_word' id='word_1_504' title='bbox 2979 1199 3114 1268; x_wconf 83' lang='lat' dir='ltr'><strong>ignis</strong></span> <span class='ocrx_word' id='word_1_505' title='bbox 3144 1199 3251 1266; x_wconf 88' lang='lat' dir='ltr'><strong>ille,</strong></span> <span class='ocrx_word' id='word_1_506' title='bbox 3280 1201 3544 1270; x_wconf 92' lang='lat' dir='ltr'><strong>quomodo</strong></span> <span class='ocrx_word' id='word_1_507' title='bbox 3559 1218 3680 1271; x_wconf 67' lang='lat' dir='ltr'><strong>quae</strong></span> 
     </span>
    </p>
   </div>
   <div class='ocr_carea' id='block_1_70' title="bbox 2103 1282 3677 1361">
    <p class='ocr_par' dir='ltr' id='par_1_70' title="bbox 2103 1282 3677 1361">
     <span class='ocr_line' id='line_1_70' title="bbox 2103 1282 3677 1361; baseline 0.004 -24"><span class='ocrx_word' id='word_1_508' title='bbox 2103 1282 2239 1353; x_wconf 88' lang='lat' dir='ltr'><strong>ignis</strong></span> <span class='ocrx_word' id='word_1_509' title='bbox 2264 1292 2388 1338; x_wconf 92' lang='lat' dir='ltr'><strong>sunt</strong></span> <span class='ocrx_word' id='word_1_510' title='bbox 2413 1295 2587 1354; x_wconf 89' lang='lat' dir='ltr'><strong>partes</strong></span> <span class='ocrx_word' id='word_1_511' title='bbox 2612 1301 2715 1340; x_wconf 90' lang='lat' dir='ltr'><strong>non</strong></span> <span class='ocrx_word' id='word_1_512' title='bbox 2754 1288 3044 1357; x_wconf 88' lang='lat' dir='ltr'><strong>implebat?</strong></span> <span class='ocrx_word' id='word_1_513' title='bbox 3069 1290 3113 1342; x_wconf 92' lang='lat' dir='ltr'><strong>si</strong></span> <span class='ocrx_word' id='word_1_514' title='bbox 3134 1304 3361 1361; x_wconf 86' lang='lat' dir='ltr'><strong>corpora</strong></span> <span class='ocrx_word' id='word_1_515' title='bbox 3387 1301 3536 1346; x_wconf 84' lang='lat' dir='ltr'><strong>erant</strong></span> <span class='ocrx_word' id='word_1_516' title='bbox 3565 1292 3677 1357; x_wconf 90' lang='lat' dir='ltr'><strong>illa,</strong></span> 
     </span>
    </p>
   </div>
   <div class='ocr_carea' id='block_1_71' title="bbox 2101 1374 3678 1451">
    <p class='ocr_par' dir='ltr' id='par_1_71' title="bbox 2101 1374 3678 1451">
     <span class='ocr_line' id='line_1_71' title="bbox 2101 1374 3678 1451; baseline 0.006 -23"><span class='ocrx_word' id='word_1_517' title='bbox 2101 1374 2370 1444; x_wconf 92' lang='lat' dir='ltr'><strong>quomodo</strong></span> <span class='ocrx_word' id='word_1_518' title='bbox 2410 1376 2493 1442; x_wconf 90' lang='lat' dir='ltr'><strong>iis,</strong></span> <span class='ocrx_word' id='word_1_519' title='bbox 2517 1392 2636 1446; x_wconf 76' lang='lat' dir='ltr'><strong>qua:</strong></span> <span class='ocrx_word' id='word_1_520' title='bbox 2685 1380 3000 1448; x_wconf 85' lang='lat' dir='ltr'><strong>corporibus</strong></span> <span class='ocrx_word' id='word_1_521' title='bbox 3027 1382 3334 1451; x_wconf 90' lang='lat' dir='ltr'><strong>contingere</strong></span> <span class='ocrx_word' id='word_1_522' title='bbox 3373 1397 3678 1438; x_wconf 85' lang='lat' dir='ltr'><strong>consueve-</strong></span> 
     </span>
    </p>
   </div>
   <div class='ocr_carea' id='block_1_72' title="bbox 2100 1467 3683 1542">
    <p class='ocr_par' dir='ltr' id='par_1_72' title="bbox 2100 1467 3683 1542">
     <span class='ocr_line' id='line_1_72' title="bbox 2100 1467 3683 1542; baseline 0.006 -24"><span class='ocrx_word' id='word_1_523' title='bbox 2100 1474 2257 1530; x_wconf 90' lang='lat' dir='ltr'><strong>runt,</strong></span> <span class='ocrx_word' id='word_1_524' title='bbox 2291 1480 2396 1519; x_wconf 94' lang='lat' dir='ltr'><strong>non</strong></span> <span class='ocrx_word' id='word_1_525' title='bbox 2431 1467 2846 1537; x_wconf 87' lang='lat' dir='ltr'><strong>contingebant?</strong></span> <span class='ocrx_word' id='word_1_526' title='bbox 2883 1469 3201 1537; x_wconf 84' lang='lat' dir='ltr'><strong>Quomodo?</strong></span> <span class='ocrx_word' id='word_1_527' title='bbox 3229 1471 3488 1542; x_wconf 86' lang='lat' dir='ltr'><strong>jejunium</strong></span> <span class='ocrx_word' id='word_1_528' title='bbox 3515 1473 3683 1527; x_wconf 85' lang='lat' dir='ltr'><strong>inter-</strong></span> 
     </span>
    </p>
   </div>
   <div class='ocr_carea' id='block_1_73' title="bbox 2100 1560 3682 1634">
    <p class='ocr_par' dir='ltr' id='par_1_73' title="bbox 2100 1560 3682 1634">
     <span class='ocr_line' id='line_1_73' title="bbox 2100 1560 3682 1634; baseline 0.007 -23"><span class='ocrx_word' id='word_1_529' title='bbox 2100 1572 2225 1628; x_wconf 87' lang='lat' dir='ltr'><strong>roga</strong></span> <span class='ocrx_word' id='word_1_530' title='bbox 2246 1598 2261 1622; x_wconf 88' lang='lat'><strong>,</strong></span> <span class='ocrx_word' id='word_1_531' title='bbox 2285 1567 2339 1612; x_wconf 89' lang='lat' dir='ltr'><strong>et</strong></span> <span class='ocrx_word' id='word_1_532' title='bbox 2377 1560 2749 1628; x_wconf 87' lang='lat' dir='ltr'><strong>respondebit,</strong></span> <span class='ocrx_word' id='word_1_533' title='bbox 2802 1562 3002 1631; x_wconf 90' lang='lat' dir='ltr'><strong>tibique</strong></span> <span class='ocrx_word' id='word_1_534' title='bbox 3041 1564 3264 1634; x_wconf 61' lang='lat' dir='ltr'><strong>aenigma</strong></span> <span class='ocrx_word' id='word_1_535' title='bbox 3307 1565 3477 1620; x_wconf 83' lang='lat' dir='ltr'><strong>solvet</strong></span> <span class='ocrx_word' id='word_1_536' title='bbox 3509 1583 3524 1620; x_wconf 88' lang='lat'>:</span> <span class='ocrx_word' id='word_1_537' title='bbox 3553 1582 3682 1622; x_wconf 80' lang='lat' dir='ltr'><strong>vere</strong></span> 
     </span>
    </p>
   </div>
   <div class='ocr_carea' id='block_1_74' title="bbox 2100 1653 3680 1728">
    <p class='ocr_par' dir='ltr' id='par_1_74' title="bbox 2100 1653 3680 1728">
     <span class='ocr_line' id='line_1_74' title="bbox 2100 1653 3680 1728; baseline 0.006 -24"><span class='ocrx_word' id='word_1_538' title='bbox 2100 1667 2328 1722; x_wconf 86' lang='lat' dir='ltr'><strong>namque</strong></span> <span class='ocrx_word' id='word_1_539' title='bbox 2364 1653 2461 1707; x_wconf 92' lang='lat' dir='ltr'><strong>fuit</strong></span> <span class='ocrx_word' id='word_1_540' title='bbox 2499 1655 2742 1724; x_wconf 83' lang='lat' dir='ltr'><strong>a-nigma.</strong></span> <span class='ocrx_word' id='word_1_541' title='bbox 2771 1657 2980 1710; x_wconf 86' lang='lat' dir='ltr'><strong>Etenim</strong></span> <span class='ocrx_word' id='word_1_542' title='bbox 3009 1673 3292 1728; x_wconf 89' lang='lat' dir='ltr'><strong>corporum</strong></span> <span class='ocrx_word' id='word_1_543' title='bbox 3339 1669 3525 1716; x_wconf 88' lang='lat' dir='ltr'><strong>natura</strong></span> <span class='ocrx_word' id='word_1_544' title='bbox 3553 1676 3680 1716; x_wconf 90' lang='lat' dir='ltr'><strong>cum</strong></span> 
     </span>
    </p>
   </div>
   <div class='ocr_carea' id='block_1_75' title="bbox 2099 1745 3675 1820">
    <p class='ocr_par' dir='ltr' id='par_1_75' title="bbox 2099 1745 3675 1820">
     <span class='ocr_line' id='line_1_75' title="bbox 2099 1745 3675 1820; baseline 0.007 -24"><span class='ocrx_word' id='word_1_545' title='bbox 2099 1753 2288 1798; x_wconf 89' lang='lat' dir='ltr'><strong>natura</strong></span> <span class='ocrx_word' id='word_1_546' title='bbox 2333 1745 2467 1814; x_wconf 92' lang='lat' dir='ltr'><strong>ignis</strong></span> <span class='ocrx_word' id='word_1_547' title='bbox 2495 1747 2753 1814; x_wconf 89' lang='lat' dir='ltr'><strong>certabat,</strong></span> <span class='ocrx_word' id='word_1_548' title='bbox 2778 1762 3171 1820; x_wconf 91' lang='lat' dir='ltr'><strong>corporumque</strong></span> <span class='ocrx_word' id='word_1_549' title='bbox 3209 1751 3426 1806; x_wconf 89' lang='lat' dir='ltr'><strong>victoria</strong></span> <span class='ocrx_word' id='word_1_550' title='bbox 3479 1754 3675 1807; x_wconf 85' lang='lat' dir='ltr'><strong>evenit.</strong></span> 
     </span>
    </p>
   </div>
   <div class='ocr_carea' id='block_1_76' title="bbox 2101 1838 3681 1916">
    <p class='ocr_par' dir='ltr' id='par_1_76' title="bbox 2101 1838 3681 1916">
     <span class='ocr_line' id='line_1_76' title="bbox 2101 1838 3681 1916; baseline 0.006 -24"><span class='ocrx_word' id='word_1_551' title='bbox 2101 1838 2286 1892; x_wconf 85' lang='lat' dir='ltr'><strong>Vidisti</strong></span> <span class='ocrx_word' id='word_1_552' title='bbox 2335 1855 2562 1910; x_wconf 84' lang='lat' dir='ltr'><strong>pugnam</strong></span> <span class='ocrx_word' id='word_1_553' title='bbox 2601 1842 2952 1898; x_wconf 89' lang='lat' dir='ltr'><strong>admiratione</strong></span> <span class='ocrx_word' id='word_1_554' title='bbox 2997 1844 3247 1914; x_wconf 84' lang='lat' dir='ltr'><strong>dignam?</strong></span> <span class='ocrx_word' id='word_1_555' title='bbox 3293 1845 3472 1901; x_wconf 89' lang='lat' dir='ltr'><strong>vidisti</strong></span> <span class='ocrx_word' id='word_1_556' title='bbox 3509 1847 3681 1916; x_wconf 74' lang='lat' dir='ltr'><strong>magis</strong></span> 
     </span>
    </p>
   </div>
   <div class='ocr_carea' id='block_1_77' title="bbox 2098 1929 3679 2006">
    <p class='ocr_par' dir='ltr' id='par_1_77' title="bbox 2098 1929 3679 2006">
     <span class='ocr_line' id='line_1_77' title="bbox 2098 1929 3679 2006; baseline 0.006 -25"><span class='ocrx_word' id='word_1_557' title='bbox 2098 1929 2462 1984; x_wconf 90' lang='lat' dir='ltr'><strong>admirabilem</strong></span> <span class='ocrx_word' id='word_1_558' title='bbox 2490 1931 2807 1986; x_wconf 87' lang='lat' dir='ltr'><strong>victoriam?</strong></span> <span class='ocrx_word' id='word_1_559' title='bbox 2842 1932 3002 2003; x_wconf 89' lang='lat' dir='ltr'><strong>Igitur</strong></span> <span class='ocrx_word' id='word_1_560' title='bbox 3025 1933 3282 2004; x_wconf 90' lang='lat' dir='ltr'><strong>jejunium</strong></span> <span class='ocrx_word' id='word_1_561' title='bbox 3312 1936 3522 2001; x_wconf 88' lang='lat' dir='ltr'><strong>mirare,</strong></span> <span class='ocrx_word' id='word_1_562' title='bbox 3548 1951 3679 2006; x_wconf 86' lang='lat' dir='ltr'><strong>pro-</strong></span> 
     </span>
    </p>
   </div>
   <div class='ocr_carea' id='block_1_78' title="bbox 2099 2019 3680 2094">
    <p class='ocr_par' dir='ltr' id='par_1_78' title="bbox 2099 2019 3680 2094">
     <span class='ocr_line' id='line_1_78' title="bbox 2099 2019 3680 2094; baseline 0.007 -22"><span class='ocrx_word' id='word_1_563' title='bbox 2099 2019 2286 2089; x_wconf 90' lang='lat' dir='ltr'><strong>nisque</strong></span> <span class='ocrx_word' id='word_1_564' title='bbox 2316 2023 2560 2077; x_wconf 91' lang='lat' dir='ltr'><strong>manibus</strong></span> <span class='ocrx_word' id='word_1_565' title='bbox 2604 2025 2817 2094; x_wconf 90' lang='lat' dir='ltr'><strong>suscipe</strong></span> <span class='ocrx_word' id='word_1_566' title='bbox 2843 2042 2856 2077; x_wconf 91' lang='lat'>:</span> <span class='ocrx_word' id='word_1_567' title='bbox 2891 2025 3101 2094; x_wconf 91' lang='lat' dir='ltr'><strong>quando</strong></span> <span class='ocrx_word' id='word_1_568' title='bbox 3126 2026 3266 2080; x_wconf 90' lang='lat' dir='ltr'><strong>enim</strong></span> <span class='ocrx_word' id='word_1_569' title='bbox 3306 2035 3360 2081; x_wconf 90' lang='lat' dir='ltr'><strong>et</strong></span> <span class='ocrx_word' id='word_1_570' title='bbox 3386 2027 3437 2081; x_wconf 90' lang='lat' dir='ltr'><strong>in</strong></span> <span class='ocrx_word' id='word_1_571' title='bbox 3466 2028 3680 2082; x_wconf 89' lang='lat' dir='ltr'><strong>camino</strong></span> 
     </span>
    </p>
   </div>
   <div class='ocr_carea' id='block_1_79' title="bbox 2097 2109 3675 2183">
    <p class='ocr_par' dir='ltr' id='par_1_79' title="bbox 2097 2109 3675 2183">
     <span class='ocr_line' id='line_1_79' title="bbox 2097 2109 3675 2183; baseline 0.006 -20"><span class='ocrx_word' id='word_1_572' title='bbox 2097 2109 2200 2164; x_wconf 87' lang='lat' dir='ltr'><strong>fert</strong></span> <span class='ocrx_word' id='word_1_573' title='bbox 2221 2126 2407 2180; x_wconf 89' lang='lat' dir='ltr'><strong>opem,</strong></span> <span class='ocrx_word' id='word_1_574' title='bbox 2440 2121 2598 2183; x_wconf 89' lang='lat' dir='ltr'><strong>atque</strong></span> <span class='ocrx_word' id='word_1_575' title='bbox 2625 2115 2675 2168; x_wconf 92' lang='lat' dir='ltr'><strong>in</strong></span> <span class='ocrx_word' id='word_1_576' title='bbox 2699 2115 2913 2170; x_wconf 89' lang='lat' dir='ltr'><strong>leonum</strong></span> <span class='ocrx_word' id='word_1_577' title='bbox 2943 2117 3172 2171; x_wconf 91' lang='lat' dir='ltr'><strong>custodit</strong></span> <span class='ocrx_word' id='word_1_578' title='bbox 3200 2119 3315 2173; x_wconf 89' lang='lat' dir='ltr'><strong>lacu</strong></span> <span class='ocrx_word' id='word_1_579' title='bbox 3334 2160 3348 2183; x_wconf 94' lang='lat'><strong>,</strong></span> <span class='ocrx_word' id='word_1_580' title='bbox 3373 2117 3675 2172; x_wconf 68' lang='lat' dir='ltr'><strong>daemones-</strong></span> 
     </span>
    </p>
   </div>
   <div class='ocr_carea' id='block_1_80' title="bbox 2095 2205 3681 2279">
    <p class='ocr_par' dir='ltr' id='par_1_80' title="bbox 2095 2205 3681 2279">
     <span class='ocr_line' id='line_1_80' title="bbox 2095 2205 3681 2279; baseline 0.006 -25"><span class='ocrx_word' id='word_1_581' title='bbox 2095 2218 2198 2271; x_wconf 89' lang='lat' dir='ltr'><strong>que</strong></span> <span class='ocrx_word' id='word_1_582' title='bbox 2244 2205 2422 2272; x_wconf 88' lang='lat' dir='ltr'><strong>fugat,</strong></span> <span class='ocrx_word' id='word_1_583' title='bbox 2461 2215 2513 2259; x_wconf 91' lang='lat' dir='ltr'><strong>et</strong></span> <span class='ocrx_word' id='word_1_584' title='bbox 2565 2205 2655 2260; x_wconf 91' lang='lat' dir='ltr'><strong>Dci</strong></span> <span class='ocrx_word' id='word_1_585' title='bbox 2699 2217 2913 2261; x_wconf 85' lang='lat' dir='ltr'><strong>revocat</strong></span> <span class='ocrx_word' id='word_1_586' title='bbox 2937 2209 3284 2274; x_wconf 89' lang='lat' dir='ltr'><strong>sententiam,</strong></span> <span class='ocrx_word' id='word_1_587' title='bbox 3323 2209 3681 2279; x_wconf 83' lang='lat' dir='ltr'><strong>vitiorumque</strong></span> 
     </span>
    </p>
   </div>
   <div class='ocr_carea' id='block_1_81' title="bbox 2097 2291 3680 2368">
    <p class='ocr_par' dir='ltr' id='par_1_81' title="bbox 2097 2291 3680 2368">
     <span class='ocr_line' id='line_1_81' title="bbox 2097 2291 3680 2368; baseline 0.006 -22"><span class='ocrx_word' id='word_1_588' title='bbox 2097 2291 2329 2349; x_wconf 90' lang='lat' dir='ltr'><strong>furorem</strong></span> <span class='ocrx_word' id='word_1_589' title='bbox 2359 2296 2675 2365; x_wconf 89' lang='lat' dir='ltr'><strong>supprimit,</strong></span> <span class='ocrx_word' id='word_1_590' title='bbox 2707 2306 2762 2351; x_wconf 92' lang='lat' dir='ltr'><strong>et</strong></span> <span class='ocrx_word' id='word_1_591' title='bbox 2799 2298 2864 2352; x_wconf 91' lang='lat' dir='ltr'><strong>ad</strong></span> <span class='ocrx_word' id='word_1_592' title='bbox 2903 2298 3072 2368; x_wconf 89' lang='lat' dir='ltr'><strong>ipsam</strong></span> <span class='ocrx_word' id='word_1_593' title='bbox 3100 2315 3197 2354; x_wconf 92' lang='lat' dir='ltr'><strong>nos</strong></span> <span class='ocrx_word' id='word_1_594' title='bbox 3223 2299 3429 2355; x_wconf 90' lang='lat' dir='ltr'><strong>reducit</strong></span> <span class='ocrx_word' id='word_1_595' title='bbox 3458 2301 3680 2356; x_wconf 89' lang='lat' dir='ltr'><strong>liberta-</strong></span> 
     </span>
    </p>
   </div>
   <div class='ocr_carea' id='block_1_82' title="bbox 2097 2389 3677 2462">
    <p class='ocr_par' dir='ltr' id='par_1_82' title="bbox 2097 2389 3677 2462">
     <span class='ocr_line' id='line_1_82' title="bbox 2097 2389 3677 2462; baseline 0.005 -23"><span class='ocrx_word' id='word_1_596' title='bbox 2097 2394 2231 2451; x_wconf 90' lang='lat' dir='ltr'><strong>tem,</strong></span> <span class='ocrx_word' id='word_1_597' title='bbox 2261 2389 2648 2458; x_wconf 88' lang='lat' dir='ltr'><strong>plurimamque</strong></span> <span class='ocrx_word' id='word_1_598' title='bbox 2686 2391 2739 2444; x_wconf 89' lang='lat' dir='ltr'><strong>in</strong></span> <span class='ocrx_word' id='word_1_599' title='bbox 2781 2390 2978 2445; x_wconf 89' lang='lat' dir='ltr'><strong>nostris</strong></span> <span class='ocrx_word' id='word_1_600' title='bbox 3014 2392 3418 2462; x_wconf 89' lang='lat' dir='ltr'><strong>cogitationibus</strong></span> <span class='ocrx_word' id='word_1_601' title='bbox 3443 2394 3677 2462; x_wconf 89' lang='lat' dir='ltr'><strong>quietem</strong></span> 
     </span>
    </p>
   </div>
   <div class='ocr_carea' id='block_1_83' title="bbox 2095 2480 3676 2551">
    <p class='ocr_par' dir='ltr' id='par_1_83' title="bbox 2095 2480 3676 2551">
     <span class='ocr_line' id='line_1_83' title="bbox 2095 2480 3676 2551; baseline 0.001 -17"><span class='ocrx_word' id='word_1_602' title='bbox 2095 2480 2360 2545; x_wconf 89' lang='lat' dir='ltr'><strong>insinuat;</strong></span> <span class='ocrx_word' id='word_1_603' title='bbox 2389 2481 2656 2551; x_wconf 91' lang='lat' dir='ltr'><strong>quomodo</strong></span> <span class='ocrx_word' id='word_1_604' title='bbox 2682 2496 2786 2536; x_wconf 92' lang='lat' dir='ltr'><strong>non</strong></span> <span class='ocrx_word' id='word_1_605' title='bbox 2814 2492 3070 2538; x_wconf 72' lang='lat' dir='ltr'><strong>extrema:</strong></span> <span class='ocrx_word' id='word_1_606' title='bbox 3089 2482 3247 2539; x_wconf 88' lang='lat' dir='ltr'><strong>fuerit</strong></span> <span class='ocrx_word' id='word_1_607' title='bbox 3268 2485 3486 2538; x_wconf 79' lang='lat' dir='ltr'><strong>insania:</strong></span> <span class='ocrx_word' id='word_1_608' title='bbox 3508 2484 3635 2537; x_wconf 90' lang='lat' dir='ltr'><strong>illud</strong></span> <span class='ocrx_word' id='word_1_609' title='bbox 3658 2525 3676 2547; x_wconf 92' lang='lat'><strong>,</strong></span> 
     </span>
    </p>
   </div>
   <div class='ocr_carea' id='block_1_84' title="bbox 2095 2573 3680 2644">
    <p class='ocr_par' dir='ltr' id='par_1_84' title="bbox 2095 2573 3680 2644">
     <span class='ocr_line' id='line_1_84' title="bbox 2095 2573 3680 2644; baseline 0.003 -20"><span class='ocrx_word' id='word_1_610' title='bbox 2095 2579 2171 2625; x_wconf 90' lang='lat' dir='ltr'><strong>tot</strong></span> <span class='ocrx_word' id='word_1_611' title='bbox 2216 2581 2467 2642; x_wconf 87' lang='lat' dir='ltr'><strong>tantaque</strong></span> <span class='ocrx_word' id='word_1_612' title='bbox 2493 2573 2543 2626; x_wconf 92' lang='lat' dir='ltr'><strong>in</strong></span> <span class='ocrx_word' id='word_1_613' title='bbox 2576 2574 2822 2628; x_wconf 90' lang='lat' dir='ltr'><strong>manibus</strong></span> <span class='ocrx_word' id='word_1_614' title='bbox 2863 2573 3064 2629; x_wconf 90' lang='lat' dir='ltr'><strong>habens</strong></span> <span class='ocrx_word' id='word_1_615' title='bbox 3094 2575 3254 2641; x_wconf 92' lang='lat' dir='ltr'><strong>bona,</strong></span> <span class='ocrx_word' id='word_1_616' title='bbox 3301 2575 3481 2644; x_wconf 90' lang='lat' dir='ltr'><strong>fugere</strong></span> <span class='ocrx_word' id='word_1_617' title='bbox 3511 2584 3567 2630; x_wconf 92' lang='lat' dir='ltr'><strong>et</strong></span> <span class='ocrx_word' id='word_1_618' title='bbox 3611 2576 3680 2628; x_wconf 85' lang='lat' dir='ltr'><strong>ti-</strong></span> 
     </span>
    </p>
   </div>
   <div class='ocr_carea' id='block_1_85' title="bbox 2094 2664 3678 2738">
    <p class='ocr_par' dir='ltr' id='par_1_85' title="bbox 2094 2664 3678 2738">
     <span class='ocr_line' id='line_1_85' title="bbox 2094 2664 3678 2738; baseline 0.004 -22"><span class='ocrx_word' id='word_1_619' title='bbox 2094 2664 2280 2718; x_wconf 88' lang='lat' dir='ltr'><strong>mere?</strong></span> <span class='ocrx_word' id='word_1_620' title='bbox 2307 2664 2564 2730; x_wconf 86' lang='lat' dir='ltr'><strong>Macerat,</strong></span> <span class='ocrx_word' id='word_1_621' title='bbox 2593 2667 2788 2736; x_wconf 89' lang='lat' dir='ltr'><strong>inquis,</strong></span> <span class='ocrx_word' id='word_1_622' title='bbox 2817 2682 3010 2738; x_wconf 89' lang='lat' dir='ltr'><strong>corpus</strong></span> <span class='ocrx_word' id='word_1_623' title='bbox 3037 2677 3273 2722; x_wconf 91' lang='lat' dir='ltr'><strong>nostrum</strong></span> <span class='ocrx_word' id='word_1_624' title='bbox 3304 2666 3678 2737; x_wconf 82' lang='lat' dir='ltr'><strong>infirmumque</strong></span> 
     </span>
    </p>
   </div>
   <div class='ocr_carea' id='block_1_86' title="bbox 2092 2755 3676 2828">
    <p class='ocr_par' dir='ltr' id='par_1_86' title="bbox 2092 2755 3676 2828">
     <span class='ocr_line' id='line_1_86' title="bbox 2092 2755 3676 2828; baseline 0.003 -19"><span class='ocrx_word' id='word_1_625' title='bbox 2092 2755 2334 2810; x_wconf 81' lang='lat' dir='ltr'><strong>reddit’.</strong></span> <span class='ocrx_word' id='word_1_626' title='bbox 2387 2758 2488 2811; x_wconf 90' lang='lat' dir='ltr'><strong>Sed</strong></span> <span class='ocrx_word' id='word_1_627' title='bbox 2539 2768 2794 2827; x_wconf 92' lang='lat' dir='ltr'><strong>quantum</strong></span> <span class='ocrx_word' id='word_1_628' title='bbox 2835 2759 3073 2814; x_wconf 83' lang='lat' dir='ltr'><strong>exterior</strong></span> <span class='ocrx_word' id='word_1_629' title='bbox 3109 2759 3268 2814; x_wconf 88' lang='lat' dir='ltr'><strong>homo</strong></span> <span class='ocrx_word' id='word_1_630' title='bbox 3295 2760 3676 2828; x_wconf 87' lang='lat' dir='ltr'><strong>corrumpitur.</strong></span> 
     </span>
    </p>
   </div>
   <div class='ocr_carea' id='block_1_87' title="bbox 2095 2851 3674 2921">
    <p class='ocr_par' dir='ltr' id='par_1_87' title="bbox 2095 2851 3674 2921">
     <span class='ocr_line' id='line_1_87' title="bbox 2095 2851 3674 2921; baseline 0.001 -17"><span class='ocrx_word' id='word_1_631' title='bbox 2095 2861 2298 2904; x_wconf 89' lang='lat' dir='ltr'><strong>tantum</strong></span> <span class='ocrx_word' id='word_1_632' title='bbox 2328 2851 2547 2906; x_wconf 89' lang='lat' dir='ltr'><strong>interior</strong></span> <span class='ocrx_word' id='word_1_633' title='bbox 2595 2853 2754 2907; x_wconf 91' lang='lat' dir='ltr'><strong>homo</strong></span> <span class='ocrx_word' id='word_1_634' title='bbox 2790 2866 3074 2908; x_wconf 84' lang='lat' dir='ltr'><strong>renovatur</strong></span> <span class='ocrx_word' id='word_1_635' title='bbox 3121 2853 3188 2908; x_wconf 90' lang='lat' dir='ltr'><strong>de</strong></span> <span class='ocrx_word' id='word_1_636' title='bbox 3214 2853 3300 2909; x_wconf 92' lang='lat' dir='ltr'><strong>die</strong></span> <span class='ocrx_word' id='word_1_637' title='bbox 3339 2854 3394 2908; x_wconf 92' lang='lat' dir='ltr'><strong>in</strong></span> <span class='ocrx_word' id='word_1_638' title='bbox 3423 2853 3561 2909; x_wconf 90' lang='lat' dir='ltr'><strong>diem</strong></span> <span class='ocrx_word' id='word_1_639' title='bbox 3593 2853 3674 2921; x_wconf 74' lang='grc'><strong>(2.</strong></span> 
     </span>
    </p>
   </div>
   <div class='ocr_carea' id='block_1_88' title="bbox 2091 2944 3679 3016">
    <p class='ocr_par' dir='ltr' id='par_1_88' title="bbox 2091 2944 3679 3016">
     <span class='ocr_line' id='line_1_88' title="bbox 2091 2944 3679 3016; baseline 0.001 -18"><span class='ocrx_word' id='word_1_640' title='bbox 2091 2944 2211 2999; x_wconf 85' lang='lat' dir='ltr'><strong>Cor.</strong></span> <span class='ocrx_word' id='word_1_641' title='bbox 2235 2947 2288 2998; x_wconf 81' lang='grc'><strong>4.</strong></span> <span class='ocrx_word' id='word_1_642' title='bbox 2320 2946 2409 3016; x_wconf 85' lang='grc'><strong>16)</strong></span> <span class='ocrx_word' id='word_1_643' title='bbox 2433 2962 2446 2998; x_wconf 90' lang='lat'><strong>:</strong></span> <span class='ocrx_word' id='word_1_644' title='bbox 2467 2945 2575 3000; x_wconf 89' lang='lat' dir='ltr'><strong>imo</strong></span> <span class='ocrx_word' id='word_1_645' title='bbox 2595 2946 2638 3000; x_wconf 91' lang='lat' dir='ltr'><strong>si</strong></span> <span class='ocrx_word' id='word_1_646' title='bbox 2661 2962 2773 3000; x_wconf 92' lang='lat' dir='ltr'><strong>rem</strong></span> <span class='ocrx_word' id='word_1_647' title='bbox 2799 2947 3103 3016; x_wconf 88' lang='lat' dir='ltr'><strong>diligentius</strong></span> <span class='ocrx_word' id='word_1_648' title='bbox 3124 2946 3355 3002; x_wconf 90' lang='lat' dir='ltr'><strong>volueris</strong></span> <span class='ocrx_word' id='word_1_649' title='bbox 3383 2945 3596 3012; x_wconf 87' lang='lat' dir='ltr'><strong>intueri,</strong></span> <span class='ocrx_word' id='word_1_650' title='bbox 3619 2957 3679 3000; x_wconf 90' lang='lat' dir='ltr'><strong>et</strong></span> 
     </span>
    </p>
   </div>
   <div class='ocr_carea' id='block_1_89' title="bbox 2090 3037 3676 3110">
    <p class='ocr_par' dir='ltr' id='par_1_89' title="bbox 2090 3037 3676 3110">
     <span class='ocr_line' id='line_1_89' title="bbox 2090 3037 3676 3110; baseline 0.003 -20"><span class='ocrx_word' id='word_1_651' title='bbox 2090 3037 2333 3093; x_wconf 87' lang='lat' dir='ltr'><strong>sanitatis</strong></span> <span class='ocrx_word' id='word_1_652' title='bbox 2360 3037 2617 3108; x_wconf 84' lang='lat' dir='ltr'><strong>bonaeque</strong></span> <span class='ocrx_word' id='word_1_653' title='bbox 2649 3039 2973 3094; x_wconf 90' lang='lat' dir='ltr'><strong>habitudinis</strong></span> <span class='ocrx_word' id='word_1_654' title='bbox 3009 3049 3230 3093; x_wconf 90' lang='lat' dir='ltr'><strong>matrem</strong></span> <span class='ocrx_word' id='word_1_655' title='bbox 3249 3054 3369 3094; x_wconf 90' lang='lat' dir='ltr'><strong>esse</strong></span> <span class='ocrx_word' id='word_1_656' title='bbox 3392 3040 3563 3110; x_wconf 90' lang='lat' dir='ltr'><strong>ipsum</strong></span> <span class='ocrx_word' id='word_1_657' title='bbox 3586 3040 3676 3094; x_wconf 89' lang='lat' dir='ltr'><strong>in—</strong></span> 
     </span>
    </p>
   </div>
   <div class='ocr_carea' id='block_1_90' title="bbox 2089 3129 3676 3199">
    <p class='ocr_par' dir='ltr' id='par_1_90' title="bbox 2089 3129 3676 3199">
     <span class='ocr_line' id='line_1_90' title="bbox 2089 3129 3676 3199; baseline 0.003 -19"><span class='ocrx_word' id='word_1_658' title='bbox 2089 3129 2292 3183; x_wconf 91' lang='lat' dir='ltr'><strong>venies.</strong></span> <span class='ocrx_word' id='word_1_659' title='bbox 2318 3129 2491 3198; x_wconf 83' lang='lat' dir='ltr'><strong>Atque</strong></span> <span class='ocrx_word' id='word_1_660' title='bbox 2532 3129 2576 3182; x_wconf 93' lang='lat' dir='ltr'><strong>si</strong></span> <span class='ocrx_word' id='word_1_661' title='bbox 2599 3130 2732 3184; x_wconf 90' lang='lat' dir='ltr'><strong>meis</strong></span> <span class='ocrx_word' id='word_1_662' title='bbox 2761 3131 3098 3185; x_wconf 91' lang='lat' dir='ltr'><strong>sermonibus</strong></span> <span class='ocrx_word' id='word_1_663' title='bbox 3127 3131 3352 3199; x_wconf 88' lang='lat' dir='ltr'><strong>derogas</strong></span> <span class='ocrx_word' id='word_1_664' title='bbox 3383 3129 3562 3194; x_wconf 85' lang='lat' dir='ltr'><strong>fidem,</strong></span> <span class='ocrx_word' id='word_1_665' title='bbox 3605 3130 3676 3185; x_wconf 90' lang='lat' dir='ltr'><strong>de</strong></span> 
     </span>
    </p>
   </div>
   <div class='ocr_carea' id='block_1_91' title="bbox 2091 3219 3669 3291">
    <p class='ocr_par' dir='ltr' id='par_1_91' title="bbox 2091 3219 3669 3291">
     <span class='ocr_line' id='line_1_91' title="bbox 2091 3219 3669 3291; baseline 0.002 -19"><span class='ocrx_word' id='word_1_666' title='bbox 2091 3220 2172 3274; x_wconf 91' lang='lat' dir='ltr'><strong>his</strong></span> <span class='ocrx_word' id='word_1_667' title='bbox 2193 3219 2426 3276; x_wconf 89' lang='lat' dir='ltr'><strong>medicos</strong></span> <span class='ocrx_word' id='word_1_668' title='bbox 2457 3230 2794 3289; x_wconf 89' lang='lat' dir='ltr'><strong>percontare,</strong></span> <span class='ocrx_word' id='word_1_669' title='bbox 2843 3221 3046 3291; x_wconf 83' lang='lat' dir='ltr'><strong>ipsique</strong></span> <span class='ocrx_word' id='word_1_670' title='bbox 3082 3221 3268 3275; x_wconf 89' lang='lat' dir='ltr'><strong>eadem</strong></span> <span class='ocrx_word' id='word_1_671' title='bbox 3299 3221 3390 3276; x_wconf 90' lang='lat' dir='ltr'><strong>tibi</strong></span> <span class='ocrx_word' id='word_1_672' title='bbox 3435 3220 3669 3275; x_wconf 86' lang='lat' dir='ltr'><strong>manife-</strong></span> 
     </span>
    </p>
   </div>
   <div class='ocr_carea' id='block_1_92' title="bbox 2087 3312 3677 3384">
    <p class='ocr_par' dir='ltr' id='par_1_92' title="bbox 2087 3312 3677 3384">
     <span class='ocr_line' id='line_1_92' title="bbox 2087 3312 3677 3384; baseline 0.001 -18"><span class='ocrx_word' id='word_1_673' title='bbox 2087 3313 2221 3366; x_wconf 89' lang='lat' dir='ltr'><strong>stius</strong></span> <span class='ocrx_word' id='word_1_674' title='bbox 2247 3313 2608 3382; x_wconf 87' lang='lat' dir='ltr'><strong>explicabunt,</strong></span> <span class='ocrx_word' id='word_1_675' title='bbox 2639 3314 2731 3384; x_wconf 91' lang='lat' dir='ltr'><strong>qui</strong></span> <span class='ocrx_word' id='word_1_676' title='bbox 2765 3314 3136 3368; x_wconf 86' lang='lat' dir='ltr'><strong>abstinentiam</strong></span> <span class='ocrx_word' id='word_1_677' title='bbox 3167 3325 3391 3368; x_wconf 87' lang='lat' dir='ltr'><strong>matrem</strong></span> <span class='ocrx_word' id='word_1_678' title='bbox 3428 3312 3677 3367; x_wconf 86' lang='lat' dir='ltr'><strong>sanitatis</strong></span> 
     </span>
    </p>
   </div>
   <div class='ocr_carea' id='block_1_93' title="bbox 2087 3405 3673 3477">
    <p class='ocr_par' dir='ltr' id='par_1_93' title="bbox 2087 3405 3673 3477">
     <span class='ocr_line' id='line_1_93' title="bbox 2087 3405 3673 3477; baseline 0.001 -19"><span class='ocrx_word' id='word_1_679' title='bbox 2087 3405 2356 3474; x_wconf 88' lang='lat' dir='ltr'><strong>appellant</strong></span> <span class='ocrx_word' id='word_1_680' title='bbox 2385 3422 2399 3458; x_wconf 90' lang='lat'><strong>:</strong></span> <span class='ocrx_word' id='word_1_681' title='bbox 2448 3407 2641 3475; x_wconf 91' lang='lat' dir='ltr'><strong>pedum</strong></span> <span class='ocrx_word' id='word_1_682' title='bbox 2682 3423 2810 3462; x_wconf 89' lang='lat' dir='ltr'><strong>vero</strong></span> <span class='ocrx_word' id='word_1_683' title='bbox 2837 3406 3072 3471; x_wconf 86' lang='lat' dir='ltr'><strong>dolores,</strong></span> <span class='ocrx_word' id='word_1_684' title='bbox 3093 3416 3150 3462; x_wconf 90' lang='lat' dir='ltr'><strong>et</strong></span> <span class='ocrx_word' id='word_1_685' title='bbox 3202 3407 3544 3477; x_wconf 84' lang='lat' dir='ltr'><strong>gravedinem</strong></span> <span class='ocrx_word' id='word_1_686' title='bbox 3573 3422 3673 3461; x_wconf 85' lang='lat' dir='ltr'><strong>ca-</strong></span> 
     </span>
    </p>
   </div>
   <div class='ocr_carea' id='block_1_94' title="bbox 2087 3497 3675 3569">
    <p class='ocr_par' dir='ltr' id='par_1_94' title="bbox 2087 3497 3675 3569">
     <span class='ocr_line' id='line_1_94' title="bbox 2087 3497 3675 3569; baseline 0.003 -21"><span class='ocrx_word' id='word_1_687' title='bbox 2087 3497 2603 3567; x_wconf 81' lang='lat' dir='ltr'><strong>pitis,apoplexiam,</strong></span> <span class='ocrx_word' id='word_1_688' title='bbox 2658 3497 2942 3562; x_wconf 90' lang='lat' dir='ltr'><strong>vomicam,</strong></span> <span class='ocrx_word' id='word_1_689' title='bbox 2988 3497 3338 3569; x_wconf 84' lang='lat' dir='ltr'><strong>hydropisim,</strong></span> <span class='ocrx_word' id='word_1_690' title='bbox 3371 3497 3675 3552; x_wconf 81' lang='lat' dir='ltr'><strong>inﬂamma-</strong></span> 
     </span>
    </p>
   </div>
   <div class='ocr_carea' id='block_1_95' title="bbox 2088 3589 3674 3659">
    <p class='ocr_par' dir='ltr' id='par_1_95' title="bbox 2088 3589 3674 3659">
     <span class='ocr_line' id='line_1_95' title="bbox 2088 3589 3674 3659; baseline 0.001 -18"><span class='ocrx_word' id='word_1_691' title='bbox 2088 3589 2258 3642; x_wconf 92' lang='lat' dir='ltr'><strong>tiones</strong></span> <span class='ocrx_word' id='word_1_692' title='bbox 2283 3605 2346 3644; x_wconf 90' lang='lat' dir='ltr'><strong>ac</strong></span> <span class='ocrx_word' id='word_1_693' title='bbox 2374 3597 2631 3656; x_wconf 89' lang='lat' dir='ltr'><strong>tumores,</strong></span> <span class='ocrx_word' id='word_1_694' title='bbox 2665 3590 2912 3659; x_wconf 90' lang='lat' dir='ltr'><strong>milleque</strong></span> <span class='ocrx_word' id='word_1_695' title='bbox 2939 3589 3244 3644; x_wconf 90' lang='lat' dir='ltr'><strong>morborum</strong></span> <span class='ocrx_word' id='word_1_696' title='bbox 3290 3589 3516 3642; x_wconf 88' lang='lat' dir='ltr'><strong>aliorum</strong></span> <span class='ocrx_word' id='word_1_697' title='bbox 3558 3599 3674 3642; x_wconf 86' lang='lat' dir='ltr'><strong>tor-</strong></span> 
     </span>
    </p>
   </div>
   <div class='ocr_carea' id='block_1_96' title="bbox 2085 3680 3670 3750">
    <p class='ocr_par' dir='ltr' id='par_1_96' title="bbox 2085 3680 3670 3750">
     <span class='ocr_line' id='line_1_96' title="bbox 2085 3680 3670 3750; baseline 0 -17"><span class='ocrx_word' id='word_1_698' title='bbox 2085 3688 2284 3745; x_wconf 88' lang='lat' dir='ltr'><strong>rentes,</strong></span> <span class='ocrx_word' id='word_1_699' title='bbox 2317 3695 2347 3734; x_wconf 88' lang='lat' dir='ltr'><strong>a</strong></span> <span class='ocrx_word' id='word_1_700' title='bbox 2375 3680 2613 3735; x_wconf 86' lang='lat' dir='ltr'><strong>delicatis</strong></span> <span class='ocrx_word' id='word_1_701' title='bbox 2643 3681 2774 3736; x_wconf 69' lang='lat' dir='ltr'><strong>ciliis</strong></span> <span class='ocrx_word' id='word_1_702' title='bbox 2802 3682 3122 3750; x_wconf 88' lang='lat' dir='ltr'><strong>crapulaque</strong></span> <span class='ocrx_word' id='word_1_703' title='bbox 3150 3680 3433 3750; x_wconf 87' lang='lat' dir='ltr'><strong>provenire</strong></span> <span class='ocrx_word' id='word_1_704' title='bbox 3457 3680 3670 3746; x_wconf 87' lang='lat' dir='ltr'><strong>dicunt,</strong></span> 
     </span>
    </p>
   </div>
   <div class='ocr_carea' id='block_1_97' title="bbox 2085 3769 3670 3841">
    <p class='ocr_par' dir='ltr' id='par_1_97' title="bbox 2085 3769 3670 3841">
     <span class='ocr_line' id='line_1_97' title="bbox 2085 3769 3670 3841; baseline -0.001 -17"><span class='ocrx_word' id='word_1_705' title='bbox 2085 3772 2234 3839; x_wconf 92' lang='lat' dir='ltr'><strong>quasi</strong></span> <span class='ocrx_word' id='word_1_706' title='bbox 2263 3786 2292 3824; x_wconf 90' lang='lat' dir='ltr'><strong>a</strong></span> <span class='ocrx_word' id='word_1_707' title='bbox 2318 3772 2548 3840; x_wconf 90' lang='lat' dir='ltr'><strong>pessimo</strong></span> <span class='ocrx_word' id='word_1_708' title='bbox 2570 3771 2798 3841; x_wconf 88' lang='lat' dir='ltr'><strong>quodam</strong></span> <span class='ocrx_word' id='word_1_709' title='bbox 2827 3769 2971 3826; x_wconf 87' lang='lat' dir='ltr'><strong>fonte</strong></span> <span class='ocrx_word' id='word_1_710' title='bbox 3000 3786 3192 3840; x_wconf 88' lang='lat' dir='ltr'><strong>pravos</strong></span> <span class='ocrx_word' id='word_1_711' title='bbox 3215 3771 3438 3838; x_wconf 89' lang='lat' dir='ltr'><strong>rivulos,</strong></span> <span class='ocrx_word' id='word_1_712' title='bbox 3470 3771 3670 3824; x_wconf 91' lang='lat' dir='ltr'><strong>bonam</strong></span> 
     </span>
    </p>
   </div>
   <div class='ocr_carea' id='block_1_98' title="bbox 2083 3862 3670 3932">
    <p class='ocr_par' dir='ltr' id='par_1_98' title="bbox 2083 3862 3670 3932">
     <span class='ocr_line' id='line_1_98' title="bbox 2083 3862 3670 3932; baseline -0.001 -16"><span class='ocrx_word' id='word_1_713' title='bbox 2083 3862 2324 3932; x_wconf 90' lang='lat' dir='ltr'><strong>corporis</strong></span> <span class='ocrx_word' id='word_1_714' title='bbox 2391 3862 2796 3931; x_wconf 89' lang='lat' dir='ltr'><strong>habitudinem,</strong></span> <span class='ocrx_word' id='word_1_715' title='bbox 2847 3871 2902 3918; x_wconf 92' lang='lat' dir='ltr'><strong>et</strong></span> <span class='ocrx_word' id='word_1_716' title='bbox 2947 3863 3138 3917; x_wconf 65' lang='lat' dir='ltr'><strong>animae</strong></span> <span class='ocrx_word' id='word_1_717' title='bbox 3191 3877 3376 3917; x_wconf 89' lang='lat' dir='ltr'><strong>sanam</strong></span> <span class='ocrx_word' id='word_1_718' title='bbox 3429 3868 3670 3918; x_wconf 84' lang='lat' dir='ltr'><strong>mentem</strong></span> 
     </span>
    </p>
   </div>
   <div class='ocr_carea' id='block_1_99' title="bbox 2081 3954 2358 4009">
    <p class='ocr_par' dir='ltr' id='par_1_99' title="bbox 2081 3954 2358 4009">
     <span class='ocr_line' id='line_1_99' title="bbox 2081 3954 2358 4009; baseline -0.004 -1"><span class='ocrx_word' id='word_1_719' title='bbox 2081 3954 2358 4009; x_wconf 69' lang='lat' dir='ltr'><strong>laedentes.</strong></span> 
     </span>
    </p>
   </div>
   <div class='ocr_carea' id='block_1_100' title="bbox 2151 4045 3670 4117">
    <p class='ocr_par' dir='ltr' id='par_1_100' title="bbox 2151 4045 3670 4117">
     <span class='ocr_line' id='line_1_100' title="bbox 2151 4045 3670 4117; baseline -0.001 -15"><span class='ocrx_word' id='word_1_720' title='bbox 2151 4048 2206 4102; x_wconf 90' lang='lat'><strong>5.</strong></span> <span class='ocrx_word' id='word_1_721' title='bbox 2239 4047 2315 4102; x_wconf 86' lang='lat' dir='ltr'><strong>Ne</strong></span> <span class='ocrx_word' id='word_1_722' title='bbox 2343 4048 2500 4117; x_wconf 87' lang='lat' dir='ltr'><strong>igitur</strong></span> <span class='ocrx_word' id='word_1_723' title='bbox 2521 4047 2784 4117; x_wconf 87' lang='lat' dir='ltr'><strong>jejunium</strong></span> <span class='ocrx_word' id='word_1_724' title='bbox 2811 4049 3092 4103; x_wconf 90' lang='lat' dir='ltr'><strong>timeamus</strong></span> <span class='ocrx_word' id='word_1_725' title='bbox 3113 4089 3128 4113; x_wconf 96' lang='lat'><strong>,</strong></span> <span class='ocrx_word' id='word_1_726' title='bbox 3156 4056 3280 4102; x_wconf 92' lang='lat' dir='ltr'><strong>tota</strong></span> <span class='ocrx_word' id='word_1_727' title='bbox 3310 4046 3463 4101; x_wconf 92' lang='lat' dir='ltr'><strong>nobis</strong></span> <span class='ocrx_word' id='word_1_728' title='bbox 3483 4045 3670 4102; x_wconf 80' lang='lat' dir='ltr'><strong>exelu-</strong></span> 
     </span>
    </p>
   </div>
   <div class='ocr_carea' id='block_1_101' title="bbox 2081 4138 3663 4210">
    <p class='ocr_par' dir='ltr' id='par_1_101' title="bbox 2081 4138 3663 4210">
     <span class='ocr_line' id='line_1_101' title="bbox 2081 4138 3663 4210; baseline -0.001 -16"><span class='ocrx_word' id='word_1_729' title='bbox 2081 4138 2213 4194; x_wconf 90' lang='lat' dir='ltr'><strong>dens</strong></span> <span class='ocrx_word' id='word_1_730' title='bbox 2237 4140 2393 4194; x_wconf 90' lang='lat' dir='ltr'><strong>mala.</strong></span> <span class='ocrx_word' id='word_1_731' title='bbox 2427 4139 2608 4208; x_wconf 87' lang='lat' dir='ltr'><strong>Neque</strong></span> <span class='ocrx_word' id='word_1_732' title='bbox 2633 4141 2774 4193; x_wconf 92' lang='lat' dir='ltr'><strong>enim</strong></span> <span class='ocrx_word' id='word_1_733' title='bbox 2798 4155 2896 4210; x_wconf 90' lang='lat' dir='ltr'><strong>ego</strong></span> <span class='ocrx_word' id='word_1_734' title='bbox 2923 4155 3017 4193; x_wconf 91' lang='lat' dir='ltr'><strong>vos</strong></span> <span class='ocrx_word' id='word_1_735' title='bbox 3037 4141 3151 4193; x_wconf 92' lang='lat' dir='ltr'><strong>sine</strong></span> <span class='ocrx_word' id='word_1_736' title='bbox 3180 4153 3338 4193; x_wconf 90' lang='lat' dir='ltr'><strong>causa</strong></span> <span class='ocrx_word' id='word_1_737' title='bbox 3358 4138 3410 4192; x_wconf 91' lang='lat' dir='ltr'><strong>id</strong></span> <span class='ocrx_word' id='word_1_738' title='bbox 3429 4152 3626 4192; x_wconf 88' lang='lat' dir='ltr'><strong>moneo</strong></span> <span class='ocrx_word' id='word_1_739' title='bbox 3643 4177 3663 4203; x_wconf 88' lang='lat'><strong>,</strong></span> 
     </span>
    </p>
   </div>
   <div class='ocr_carea' id='block_1_102' title="bbox 2079 4230 3666 4302">
    <p class='ocr_par' dir='ltr' id='par_1_102' title="bbox 2079 4230 3666 4302">
     <span class='ocr_line' id='line_1_102' title="bbox 2079 4230 3666 4302; baseline -0.001 -17"><span class='ocrx_word' id='word_1_740' title='bbox 2079 4231 2173 4285; x_wconf 89' lang='lat' dir='ltr'><strong>sed</strong></span> <span class='ocrx_word' id='word_1_741' title='bbox 2205 4231 2455 4302; x_wconf 89' lang='lat' dir='ltr'><strong>quoniam</strong></span> <span class='ocrx_word' id='word_1_742' title='bbox 2478 4232 2694 4301; x_wconf 87' lang='lat' dir='ltr'><strong>quidem</strong></span> <span class='ocrx_word' id='word_1_743' title='bbox 2724 4231 2980 4302; x_wconf 90' lang='lat' dir='ltr'><strong>plurimos</strong></span> <span class='ocrx_word' id='word_1_744' title='bbox 3010 4231 3167 4286; x_wconf 87' lang='lat' dir='ltr'><strong>video</strong></span> <span class='ocrx_word' id='word_1_745' title='bbox 3216 4230 3460 4285; x_wconf 89' lang='lat' dir='ltr'><strong>homines</strong></span> <span class='ocrx_word' id='word_1_746' title='bbox 3498 4231 3666 4300; x_wconf 85' lang='lat' dir='ltr'><strong>pigri-</strong></span> 
     </span>
    </p>
   </div>
   <div class='ocr_carea' id='block_1_103' title="bbox 2081 4324 3664 4381">
    <p class='ocr_par' dir='ltr' id='par_1_103' title="bbox 2081 4324 3664 4381">
     <span class='ocr_line' id='line_1_103' title="bbox 2081 4324 3664 4381; baseline 0.001 -3"><span class='ocrx_word' id='word_1_747' title='bbox 2081 4334 2251 4380; x_wconf 88' lang='lat' dir='ltr'><strong>tantes</strong></span> <span class='ocrx_word' id='word_1_748' title='bbox 2272 4334 2326 4379; x_wconf 91' lang='lat' dir='ltr'><strong>et</strong></span> <span class='ocrx_word' id='word_1_749' title='bbox 2347 4326 2710 4381; x_wconf 88' lang='lat' dir='ltr'><strong>detrectantes</strong></span> <span class='ocrx_word' id='word_1_750' title='bbox 2735 4341 2837 4380; x_wconf 93' lang='lat' dir='ltr'><strong>non</strong></span> <span class='ocrx_word' id='word_1_751' title='bbox 2869 4340 3026 4380; x_wconf 89' lang='lat' dir='ltr'><strong>secus</strong></span> <span class='ocrx_word' id='word_1_752' title='bbox 3053 4340 3116 4379; x_wconf 90' lang='lat' dir='ltr'><strong>ac</strong></span> <span class='ocrx_word' id='word_1_753' title='bbox 3145 4325 3188 4380; x_wconf 88' lang='lat' dir='ltr'><strong>si</strong></span> <span class='ocrx_word' id='word_1_754' title='bbox 3207 4324 3436 4379; x_wconf 75' lang='lat' dir='ltr'><strong>horrida:</strong></span> <span class='ocrx_word' id='word_1_755' title='bbox 3451 4325 3664 4379; x_wconf 87' lang='lat' dir='ltr'><strong>cuidam</strong></span> 
     </span>
    </p>
   </div>
   <div class='ocr_carea' id='block_1_104' title="bbox 2078 4413 3671 4482">
    <p class='ocr_par' dir='ltr' id='par_1_104' title="bbox 2078 4413 3671 4482">
     <span class='ocr_line' id='line_1_104' title="bbox 2078 4413 3671 4482; baseline -0.001 -13"><span class='ocrx_word' id='word_1_756' title='bbox 2078 4415 2287 4469; x_wconf 92' lang='lat' dir='ltr'><strong>mulieri</strong></span> <span class='ocrx_word' id='word_1_757' title='bbox 2310 4415 2469 4470; x_wconf 92' lang='lat' dir='ltr'><strong>dandi</strong></span> <span class='ocrx_word' id='word_1_758' title='bbox 2499 4416 2552 4469; x_wconf 93' lang='lat' dir='ltr'><strong>in</strong></span> <span class='ocrx_word' id='word_1_759' title='bbox 2581 4430 2767 4469; x_wconf 91' lang='lat' dir='ltr'><strong>manus</strong></span> <span class='ocrx_word' id='word_1_760' title='bbox 2796 4413 2988 4478; x_wconf 88' lang='lat' dir='ltr'><strong>forent,</strong></span> <span class='ocrx_word' id='word_1_761' title='bbox 3015 4415 3276 4469; x_wconf 86' lang='lat' dir='ltr'><strong>ebrietate</strong></span> <span class='ocrx_word' id='word_1_762' title='bbox 3297 4414 3456 4468; x_wconf 87' lang='lat' dir='ltr'><strong>hodie</strong></span> <span class='ocrx_word' id='word_1_763' title='bbox 3475 4428 3671 4482; x_wconf 82' lang='lat' dir='ltr'><strong>crapu-</strong></span> 
     </span>
    </p>
   </div>
   <div class='ocr_carea' id='block_1_105' title="bbox 2079 4506 3668 4577">
    <p class='ocr_par' dir='ltr' id='par_1_105' title="bbox 2079 4506 3668 4577">
     <span class='ocr_line' id='line_1_105' title="bbox 2079 4506 3668 4577; baseline 0 -17"><span class='ocrx_word' id='word_1_764' title='bbox 2079 4507 2235 4576; x_wconf 92' lang='lat' dir='ltr'><strong>laque</strong></span> <span class='ocrx_word' id='word_1_765' title='bbox 2261 4507 2466 4576; x_wconf 90' lang='lat' dir='ltr'><strong>seipsos</strong></span> <span class='ocrx_word' id='word_1_766' title='bbox 2511 4517 2934 4577; x_wconf 90' lang='lat' dir='ltr'><strong>corrumpentes,</strong></span> <span class='ocrx_word' id='word_1_767' title='bbox 2969 4506 3088 4561; x_wconf 90' lang='lat' dir='ltr'><strong>ideo</strong></span> <span class='ocrx_word' id='word_1_768' title='bbox 3118 4522 3310 4562; x_wconf 90' lang='lat' dir='ltr'><strong>moneo</strong></span> <span class='ocrx_word' id='word_1_769' title='bbox 3337 4521 3404 4560; x_wconf 94' lang='lat' dir='ltr'><strong>ne</strong></span> <span class='ocrx_word' id='word_1_770' title='bbox 3433 4507 3552 4576; x_wconf 81' lang='lat' dir='ltr'><strong>quis</strong></span> <span class='ocrx_word' id='word_1_771' title='bbox 3581 4506 3668 4560; x_wconf 84' lang='lat' dir='ltr'><strong>fu-</strong></span> 
     </span>
    </p>
   </div>
   <div class='ocr_carea' id='block_1_106' title="bbox 2079 4597 3677 4670">
    <p class='ocr_par' dir='ltr' id='par_1_106' title="bbox 2079 4597 3677 4670">
     <span class='ocr_line' id='line_1_106' title="bbox 2079 4597 3677 4670; baseline 0.001 -17"><span class='ocrx_word' id='word_1_772' title='bbox 2079 4611 2249 4655; x_wconf 92' lang='lat' dir='ltr'><strong>turam</strong></span> <span class='ocrx_word' id='word_1_773' title='bbox 2280 4617 2308 4654; x_wconf 91' lang='lat' dir='ltr'><strong>a</strong></span> <span class='ocrx_word' id='word_1_774' title='bbox 2334 4601 2539 4670; x_wconf 88' lang='lat' dir='ltr'><strong>jejunio</strong></span> <span class='ocrx_word' id='word_1_775' title='bbox 2579 4601 2860 4654; x_wconf 90' lang='lat' dir='ltr'><strong>utilitatem</strong></span> <span class='ocrx_word' id='word_1_776' title='bbox 2886 4601 3005 4670; x_wconf 89' lang='lat' dir='ltr'><strong>gula</strong></span> <span class='ocrx_word' id='word_1_777' title='bbox 3045 4601 3382 4670; x_wconf 85' lang='lat' dir='ltr'><strong>ingluvieque</strong></span> <span class='ocrx_word' id='word_1_778' title='bbox 3409 4597 3677 4668; x_wconf 88' lang='lat' dir='ltr'><strong>perimat..</strong></span> 
     </span>
    </p>
   </div>
   <div class='ocr_carea' id='block_1_107' title="bbox 2075 4690 3664 4762">
    <p class='ocr_par' dir='ltr' id='par_1_107' title="bbox 2075 4690 3664 4762">
     <span class='ocr_line' id='line_1_107' title="bbox 2075 4690 3664 4762; baseline 0 -17"><span class='ocrx_word' id='word_1_779' title='bbox 2075 4691 2207 4746; x_wconf 86' lang='lat' dir='ltr'><strong>Nam</strong></span> <span class='ocrx_word' id='word_1_780' title='bbox 2237 4691 2325 4762; x_wconf 93' lang='lat' dir='ltr'><strong>qui</strong></span> <span class='ocrx_word' id='word_1_781' title='bbox 2347 4691 2610 4745; x_wconf 90' lang='lat' dir='ltr'><strong>stomachi</strong></span> <span class='ocrx_word' id='word_1_782' title='bbox 2642 4691 2768 4743; x_wconf 82' lang='lat' dir='ltr'><strong>vitio</strong></span> <span class='ocrx_word' id='word_1_783' title='bbox 2795 4691 2946 4744; x_wconf 90' lang='lat' dir='ltr'><strong>cibos</strong></span> <span class='ocrx_word' id='word_1_784' title='bbox 2971 4690 3269 4757; x_wconf 89' lang='lat' dir='ltr'><strong>fastidiunt,</strong></span> <span class='ocrx_word' id='word_1_785' title='bbox 3293 4706 3410 4744; x_wconf 93' lang='lat' dir='ltr'><strong>cum</strong></span> <span class='ocrx_word' id='word_1_786' title='bbox 3437 4705 3664 4759; x_wconf 81' lang='lat' dir='ltr'><strong>asperas</strong></span> 
     </span>
    </p>
   </div>
   <div class='ocr_carea' id='block_1_108' title="bbox 2074 4781 3662 4852">
    <p class='ocr_par' dir='ltr' id='par_1_108' title="bbox 2074 4781 3662 4852">
     <span class='ocr_line' id='line_1_108' title="bbox 2074 4781 3662 4852; baseline -0.001 -15"><span class='ocrx_word' id='word_1_787' title='bbox 2074 4793 2196 4837; x_wconf 91' lang='lat' dir='ltr'><strong>sunt</strong></span> <span class='ocrx_word' id='word_1_788' title='bbox 2219 4783 2512 4837; x_wconf 87' lang='lat' dir='ltr'><strong>medicinas</strong></span> <span class='ocrx_word' id='word_1_789' title='bbox 2536 4782 2826 4852; x_wconf 88' lang='lat' dir='ltr'><strong>accepturi,</strong></span> <span class='ocrx_word' id='word_1_790' title='bbox 2854 4783 2899 4836; x_wconf 89' lang='lat' dir='ltr'><strong>si</strong></span> <span class='ocrx_word' id='word_1_791' title='bbox 2923 4783 3083 4835; x_wconf 90' lang='lat' dir='ltr'><strong>nimia</strong></span> <span class='ocrx_word' id='word_1_792' title='bbox 3116 4797 3236 4837; x_wconf 76' lang='lat' dir='ltr'><strong>sese</strong></span> <span class='ocrx_word' id='word_1_793' title='bbox 3252 4797 3371 4836; x_wconf 91' lang='lat' dir='ltr'><strong>esca</strong></span> <span class='ocrx_word' id='word_1_794' title='bbox 3393 4781 3662 4851; x_wconf 86' lang='lat' dir='ltr'><strong>repleant,</strong></span> 
     </span>
    </p>
   </div>
   <div class='ocr_carea' id='block_1_109' title="bbox 2073 4871 3662 4942">
    <p class='ocr_par' dir='ltr' id='par_1_109' title="bbox 2073 4871 3662 4942">
     <span class='ocr_line' id='line_1_109' title="bbox 2073 4871 3662 4942; baseline 0.001 -16"><span class='ocrx_word' id='word_1_795' title='bbox 2073 4882 2233 4942; x_wconf 90' lang='lat' dir='ltr'><strong>atque</strong></span> <span class='ocrx_word' id='word_1_796' title='bbox 2268 4873 2345 4926; x_wconf 92' lang='lat' dir='ltr'><strong>sic</strong></span> <span class='ocrx_word' id='word_1_797' title='bbox 2368 4873 2684 4927; x_wconf 90' lang='lat' dir='ltr'><strong>medicinam</strong></span> <span class='ocrx_word' id='word_1_798' title='bbox 2734 4871 3026 4942; x_wconf 87' lang='lat' dir='ltr'><strong>accipiant,</strong></span> <span class='ocrx_word' id='word_1_799' title='bbox 3055 4873 3396 4927; x_wconf 89' lang='lat' dir='ltr'><strong>acerbitatem</strong></span> <span class='ocrx_word' id='word_1_800' title='bbox 3441 4871 3662 4942; x_wconf 89' lang='lat' dir='ltr'><strong>quidem</strong></span> 
     </span>
    </p>
   </div>
   <div class='ocr_carea' id='block_1_110' title="bbox 2075 4963 3658 5032">
    <p class='ocr_par' dir='ltr' id='par_1_110' title="bbox 2075 4963 3658 5032">
     <span class='ocr_line' id='line_1_110' title="bbox 2075 4963 3658 5032; baseline 0.001 -15"><span class='ocrx_word' id='word_1_801' title='bbox 2075 4965 2217 5018; x_wconf 83' lang='lat' dir='ltr'><strong>illaut</strong></span> <span class='ocrx_word' id='word_1_802' title='bbox 2251 4964 2614 5032; x_wconf 87' lang='lat' dir='ltr'><strong>pertulerunt,</strong></span> <span class='ocrx_word' id='word_1_803' title='bbox 2647 4964 2873 5019; x_wconf 89' lang='lat' dir='ltr'><strong>utilitate</strong></span> <span class='ocrx_word' id='word_1_804' title='bbox 2919 4979 3046 5017; x_wconf 88' lang='lat' dir='ltr'><strong>vero</strong></span> <span class='ocrx_word' id='word_1_805' title='bbox 3072 4963 3389 5017; x_wconf 83' lang='lat' dir='ltr'><strong>exciderunt</strong></span> <span class='ocrx_word' id='word_1_806' title='bbox 3412 5003 3427 5028; x_wconf 93' lang='lat'><strong>,</strong></span> <span class='ocrx_word' id='word_1_807' title='bbox 3477 4978 3658 5018; x_wconf 44' lang='lat' dir='ltr'><strong>reme‘</strong></span> 
     </span>
    </p>
   </div>
   <div class='ocr_carea' id='block_1_111' title="bbox 2072 5056 3663 5126">
    <p class='ocr_par' dir='ltr' id='par_1_111' title="bbox 2072 5056 3663 5126">
     <span class='ocr_line' id='line_1_111' title="bbox 2072 5056 3663 5126; baseline 0 -16"><span class='ocrx_word' id='word_1_808' title='bbox 2072 5057 2160 5110; x_wconf 91' lang='lat' dir='ltr'><strong>dio</strong></span> <span class='ocrx_word' id='word_1_809' title='bbox 2200 5056 2559 5110; x_wconf 84' lang='lat' dir='ltr'><strong>difficiliorem</strong></span> <span class='ocrx_word' id='word_1_810' title='bbox 2603 5057 2857 5112; x_wconf 88' lang='lat' dir='ltr'><strong>adversus</strong></span> <span class='ocrx_word' id='word_1_811' title='bbox 2910 5070 3102 5126; x_wconf 87' lang='lat' dir='ltr'><strong>pravos</strong></span> <span class='ocrx_word' id='word_1_812' title='bbox 3131 5056 3382 5110; x_wconf 91' lang='lat' dir='ltr'><strong>humores</strong></span> <span class='ocrx_word' id='word_1_813' title='bbox 3425 5071 3663 5126; x_wconf 86' lang='lat' dir='ltr'><strong>pugnam</strong></span> 
     </span>
    </p>
   </div>
   <div class='ocr_carea' id='block_1_112' title="bbox 2073 5146 3662 5217">
    <p class='ocr_par' dir='ltr' id='par_1_112' title="bbox 2073 5146 3662 5217">
     <span class='ocr_line' id='line_1_112' title="bbox 2073 5146 3662 5217; baseline 0 -15"><span class='ocrx_word' id='word_1_814' title='bbox 2073 5157 2339 5217; x_wconf 88' lang='lat' dir='ltr'><strong>parantes.</strong></span> <span class='ocrx_word' id='word_1_815' title='bbox 2373 5147 2732 5216; x_wconf 88' lang='lat' dir='ltr'><strong>Quamobrem</strong></span> <span class='ocrx_word' id='word_1_816' title='bbox 2759 5147 2949 5203; x_wconf 90' lang='lat' dir='ltr'><strong>medici</strong></span> <span class='ocrx_word' id='word_1_817' title='bbox 2977 5163 3072 5202; x_wconf 91' lang='lat' dir='ltr'><strong>eos</strong></span> <span class='ocrx_word' id='word_1_818' title='bbox 3102 5149 3394 5202; x_wconf 81' lang='lat' dir='ltr'><strong>inccenatos</strong></span> <span class='ocrx_word' id='word_1_819' title='bbox 3418 5146 3662 5202; x_wconf 88' lang='lat' dir='ltr'><strong>dormire</strong></span> 
     </span>
    </p>
   </div>
   <div class='ocr_carea' id='block_1_113' title="bbox 2065 5239 3658 5314">
    <p class='ocr_par' dir='ltr' id='par_1_113' title="bbox 2065 5239 3658 5314">
     <span class='ocr_line' id='line_1_113' title="bbox 2065 5239 3658 5314; baseline 0.001 -18"><span class='ocrx_word' id='word_1_820' title='bbox 2065 5243 2286 5314; x_wconf 90' lang='lat' dir='ltr'><strong>jubent,</strong></span> <span class='ocrx_word' id='word_1_821' title='bbox 2315 5258 2421 5313; x_wconf 92' lang='lat' dir='ltr'><strong>quo</strong></span> <span class='ocrx_word' id='word_1_822' title='bbox 2448 5242 2613 5296; x_wconf 89' lang='lat' dir='ltr'><strong>virtus</strong></span> <span class='ocrx_word' id='word_1_823' title='bbox 2643 5243 2804 5296; x_wconf 92' lang='lat' dir='ltr'><strong>totius</strong></span> <span class='ocrx_word' id='word_1_824' title='bbox 2841 5241 3122 5296; x_wconf 74' lang='lat' dir='ltr'><strong>medicina:</strong></span> <span class='ocrx_word' id='word_1_825' title='bbox 3166 5240 3346 5295; x_wconf 89' lang='lat' dir='ltr'><strong>statim</strong></span> <span class='ocrx_word' id='word_1_826' title='bbox 3391 5239 3658 5297; x_wconf 67' lang='lat' dir='ltr'><strong>morbosi:</strong></span> 
     </span>
    </p>
   </div>
   <div class='ocr_carea' id='block_1_114' title="bbox 2069 5331 3656 5402">
    <p class='ocr_par' dir='ltr' id='par_1_114' title="bbox 2069 5331 3656 5402">
     <span class='ocr_line' id='line_1_114' title="bbox 2069 5331 3656 5402; baseline -0.001 -13"><span class='ocrx_word' id='word_1_827' title='bbox 2069 5344 2315 5389; x_wconf 84' lang='lat' dir='ltr'><strong>occurrat</strong></span> <span class='ocrx_word' id='word_1_828' title='bbox 2342 5334 2672 5389; x_wconf 90' lang='lat' dir='ltr'><strong>humoribus.</strong></span> <span class='ocrx_word' id='word_1_829' title='bbox 2712 5333 2800 5388; x_wconf 87' lang='lat' dir='ltr'><strong>Sic</strong></span> <span class='ocrx_word' id='word_1_830' title='bbox 2828 5341 2882 5388; x_wconf 91' lang='lat' dir='ltr'><strong>et</strong></span> <span class='ocrx_word' id='word_1_831' title='bbox 2905 5332 3111 5401; x_wconf 88' lang='lat' dir='ltr'><strong>jejunio</strong></span> <span class='ocrx_word' id='word_1_832' title='bbox 3137 5331 3430 5402; x_wconf 86' lang='lat' dir='ltr'><strong>contingit:</strong></span> <span class='ocrx_word' id='word_1_833' title='bbox 3469 5331 3514 5388; x_wconf 87' lang='lat' dir='ltr'><strong>si</strong></span> <span class='ocrx_word' id='word_1_834' title='bbox 3570 5343 3656 5387; x_wconf 87' lang='lat' dir='ltr'><strong>Ie-</strong></span> 
     </span>
    </p>
   </div>
   <div class='ocr_carea' id='block_1_115' title="bbox 2071 5423 3656 5496">
    <p class='ocr_par' dir='ltr' id='par_1_115' title="bbox 2071 5423 3656 5496">
     <span class='ocr_line' id='line_1_115' title="bbox 2071 5423 3656 5496; baseline -0.001 -17"><span class='ocrx_word' id='word_1_835' title='bbox 2071 5425 2242 5496; x_wconf 90' lang='lat' dir='ltr'><strong>ipsum</strong></span> <span class='ocrx_word' id='word_1_836' title='bbox 2274 5423 2433 5478; x_wconf 92' lang='lat' dir='ltr'><strong>hodie</strong></span> <span class='ocrx_word' id='word_1_837' title='bbox 2464 5423 2626 5476; x_wconf 91' lang='lat' dir='ltr'><strong>multa</strong></span> <span class='ocrx_word' id='word_1_838' title='bbox 2652 5423 2894 5477; x_wconf 91' lang='lat' dir='ltr'><strong>obrueris</strong></span> <span class='ocrx_word' id='word_1_839' title='bbox 2922 5423 3179 5477; x_wconf 82' lang='lat' dir='ltr'><strong>ebrietate</strong></span> <span class='ocrx_word' id='word_1_840' title='bbox 3199 5464 3214 5487; x_wconf 94' lang='lat'><strong>,</strong></span> <span class='ocrx_word' id='word_1_841' title='bbox 3247 5423 3476 5476; x_wconf 81' lang='lat' dir='ltr'><strong>crastina</strong></span> <span class='ocrx_word' id='word_1_842' title='bbox 3522 5437 3656 5478; x_wconf 86' lang='lat' dir='ltr'><strong>vero</strong></span> 
     </span>
    </p>
   </div>
   <div class='ocr_carea' id='block_1_116' title="bbox 2068 5510 3652 5585">
    <p class='ocr_par' dir='ltr' id='par_1_116' title="bbox 2068 5510 3652 5585">
     <span class='ocr_line' id='line_1_116' title="bbox 2068 5510 3652 5585; baseline -0.004 -13"><span class='ocrx_word' id='word_1_843' title='bbox 2068 5531 2186 5572; x_wconf 88' lang='lat' dir='ltr'><strong>eam</strong></span> <span class='ocrx_word' id='word_1_844' title='bbox 2215 5515 2489 5585; x_wconf 87' lang='lat' dir='ltr'><strong>acceperis</strong></span> <span class='ocrx_word' id='word_1_845' title='bbox 2515 5513 2866 5580; x_wconf 89' lang='lat' dir='ltr'><strong>medicinam,</strong></span> <span class='ocrx_word' id='word_1_846' title='bbox 2893 5511 3030 5567; x_wconf 90' lang='lat' dir='ltr'><strong>hanc</strong></span> <span class='ocrx_word' id='word_1_847' title='bbox 3061 5512 3153 5568; x_wconf 90' lang='lat' dir='ltr'><strong>tibi</strong></span> <span class='ocrx_word' id='word_1_848' title='bbox 3179 5510 3421 5583; x_wconf 87' lang='lat' dir='ltr'><strong>profecto</strong></span> <span class='ocrx_word' id='word_1_849' title='bbox 3458 5527 3652 5566; x_wconf 85' lang='lat' dir='ltr'><strong>vanam</strong></span> 
     </span>
    </p>
   </div>
   <div class='ocr_carea' id='block_1_117' title="bbox 2130 5693 3652 5779">
    <p class='ocr_par' dir='ltr' id='par_1_117' title="bbox 2130 5693 3652 5779">
     <span class='ocr_line' id='line_1_117' title="bbox 2130 5693 3652 5779; baseline 0 -11"><span class='ocrx_word' id='word_1_850' title='bbox 2130 5721 2146 5753; x_wconf 73' lang='grc' dir='ltr'>ί</span> <span class='ocrx_word' id='word_1_851' title='bbox 2182 5721 2254 5770; x_wconf 87' lang='lat' dir='ltr'><strong>Sic</strong></span> <span class='ocrx_word' id='word_1_852' title='bbox 2283 5717 2424 5768; x_wconf 78' lang='lat' dir='ltr'><strong>Savil.</strong></span> <span class='ocrx_word' id='word_1_853' title='bbox 2451 5725 2502 5768; x_wconf 89' lang='lat' dir='ltr'><strong>et</strong></span> <span class='ocrx_word' id='word_1_854' title='bbox 2544 5693 2671 5767; x_wconf 82' lang='lat' dir='ltr'><strong>nmis</strong></span> <span class='ocrx_word' id='word_1_855' title='bbox 2709 5726 2824 5779; x_wconf 79' lang='lat' dir='ltr'><strong>neg.</strong></span> <span class='ocrx_word' id='word_1_856' title='bbox 2859 5715 3024 5766; x_wconf 78' lang='lat' dir='ltr'><strong>Morel.</strong></span> <span class='ocrx_word' id='word_1_857' title='bbox 3051 5728 3188 5775; x_wconf 89' lang='lat' dir='ltr'><strong>vero,</strong></span> <span class='ocrx_word' id='word_1_858' title='bbox 3225 5720 3367 5778; x_wconf 82' lang='lat' dir='ltr'><strong>utque</strong></span> <span class='ocrx_word' id='word_1_859' title='bbox 3405 5714 3652 5777; x_wconf 69' lang='lat' dir='ltr'><strong>propheta</strong></span> 
     </span>
    </p>
   </div>
   <div class='ocr_carea' id='block_1_118' title="bbox 2066 5781 3565 5849">
    <p class='ocr_par' dir='ltr' id='par_1_118' title="bbox 2066 5781 3565 5849">
     <span class='ocr_line' id='line_1_118' title="bbox 2066 5781 3565 5849; baseline 0.004 -16"><span class='ocrx_word' id='word_1_860' title='bbox 2066 5783 2246 5834; x_wconf 77' lang='lat' dir='ltr'><strong>risrcra</strong></span> <span class='ocrx_word' id='word_1_861' title='bbox 2269 5782 2593 5844; x_wconf 80' lang='lat' dir='ltr'><strong>discerperent</strong></span> <span class='ocrx_word' id='word_1_862' title='bbox 2617 5781 2866 5849; x_wconf 61' lang='grc' dir='ltr'><strong>ι’(ιιιηαηιε2</strong></span> <span class='ocrx_word' id='word_1_863' title='bbox 2909 5836 2934 5849; x_wconf 39' lang='grc' dir='ltr'><strong><em>Α</em></strong></span> <span class='ocrx_word' id='word_1_864' title='bbox 3022 5841 3047 5849; x_wconf 17' lang='grc' dir='ltr'><em>,ν</em></span> <span class='ocrx_word' id='word_1_865' title='bbox 3089 5845 3098 5849; x_wconf 87' lang='lat'>_</span> <span class='ocrx_word' id='word_1_866' title='bbox 3369 5839 3380 5849; x_wconf 66' lang='grc'><em>,</em></span> <span class='ocrx_word' id='word_1_867' title='bbox 3503 5843 3516 5849; x_wconf 85' lang='lat'>_</span> <span class='ocrx_word' id='word_1_868' title='bbox 3553 5838 3565 5847; x_wconf 88' lang='grc'><em>,</em></span> 
     </span>
    </p>
   </div>
   <div class='ocr_carea' id='block_1_119' title="bbox 2131 5836 3582 5906">
    <p class='ocr_par' dir='ltr' id='par_1_119' title="bbox 2131 5836 3582 5906">
     <span class='ocr_line' id='line_1_119' title="bbox 2131 5836 3582 5906; baseline -0.006 -10"><span class='ocrx_word' id='word_1_869' title='bbox 2131 5849 2150 5877; x_wconf 88' lang='grc'>²</span> <span class='ocrx_word' id='word_1_870' title='bbox 2184 5852 2286 5896; x_wconf 85' lang='lat' dir='ltr'><strong>Sav.</strong></span> <span class='ocrx_word' id='word_1_871' title='bbox 2317 5852 2365 5894; x_wconf 90' lang='lat' dir='ltr'><strong>et</strong></span> <span class='ocrx_word' id='word_1_872' title='bbox 2389 5836 2515 5893; x_wconf 78' lang='lat' dir='ltr'><strong>unus</strong></span> <span class='ocrx_word' id='word_1_873' title='bbox 2539 5850 2674 5905; x_wconf 72' lang='lat' dir='ltr'><strong>Reg,</strong></span> <span class='ocrx_word' id='word_1_874' title='bbox 2696 5848 2831 5906; x_wconf 79' lang='lat' dir='ltr'><strong>urget</strong></span> <span class='ocrx_word' id='word_1_875' title='bbox 2849 5836 3172 5905; x_wconf 70' lang='lat' dir='ltr'><strong>inﬁrmitate»:</strong></span> <span class='ocrx_word' id='word_1_876' title='bbox 3187 5838 3582 5902; x_wconf 76' lang='lat' dir='ltr'><strong>corporisnostri.</strong></span> 
     </span>
    </p>
   </div>
  </div>
