4046 6396
273 431 370 490 6H

274 551 429 620 εἰπερ
454 538 600 600 οὗτοι
656 541 754 616 μέν
809 544 931 598 οὑδέ
972 550 1099 616 μιᾶς
1139 539 1541 614 καταφρονοῦσι
1590 539 1791 610 ψυχῆς,
1820 535 1942 590 οὑδέ

274 636 392 699 ἐνὸς
425 634 701 703 ἀφειδοῦσι
737 632 986 705 σώματος
1019 632 1111 686 τοῦ
1136 631 1230 685 σοῦ
1249 649 1264 663 ·
1295 630 1360 683 σὺ
1394 630 1450 683 δέ
1477 628 1768 699 ὁλόκληρον
1791 623 1946 677 πόλιν

275 725 542 787 τοσαύτας
583 725 808 795 ἔχουσαν
838 723 1104 794 μυριάδας
1130 722 1399 788 ἐξέδωκας
1436 719 1497 774 τό
1531 735 1595 789 γε
1618 718 1710 770 σὸν
1742 715 1905 786 μέρος
1927 728 1943 746 ο

278 810 368 864 καὶ
392 810 544 864 αὑτοὶ
580 811 680 880 μὲν
713 811 806 864 τὸν
843 810 1017 865 αίτιον
1049 810 1157 864 τῶν
1203 807 1586 880 γεγενημένων
1628 804 1816 865 αὑτοῖς
1842 818 1947 856 κα-

279 897 392 952 κῶν
433 899 703 970 εὑρόντες,
725 898 846 953 οὑδέ
893 898 1068 964 οὑτως
1103 898 1348 970 ὁρμῶσιν
1383 897 1477 950 ἐπὶ
1506 895 1610 964 τὴν
1645 888 1947 946 καταδικά-

277 985 475 1050 ζουσαν
501 986 680 1058 ψῆφον
701 1003 716 1018 ⁸
735 989 799 1042 σὺ
828 988 885 1042 δὲ
907 989 1058 1041 οὑδέν
1079 987 1216 1057 ἔχων
1239 985 1490 1054 ἐγκαλεῖν
1503 984 1618 1046 τοῖς
1640 980 1950 1041 Νινευῖταις

278 1074 573 1139 κατέδυσας
603 1076 801 1139 αὐτοὺς
837 1077 931 1130 καὶ
961 1075 1270 1138 ἀπώλεσας.
1299 1073 1412 1126 Καὶ
1437 1073 1500 1126 σὺ
1532 1071 1651 1143 μὲν,
1677 1068 1812 1139 ἐμοῦ
1856 1083 1950 1118 κε-

278 1161 565 1224 λεύσαντος
605 1165 849 1227 ἀπιέναι,
883 1165 979 1218 καὶ
1012 1165 1149 1235 πρὸς
1195 1160 1470 1233 σωτηρίαν
1513 1158 1712 1221 αὑτοὺς
1741 1158 1948 1211 ἀνακα-

279 1250 484 1304 λεῖσθαι
516 1251 604 1305 διά
636 1252 731 1305 τοῦ
763 1252 1137 1324 κηρύγματος,
1163 1251 1262 1322 οὑχ
1311 1250 1660 1320 ὑπήκουσας·
1694 1238 1841 1299 οὗτοι
1890 1242 1948 1295 δὲ

281 1338 489 1402 οὐδενὸς
522 1338 670 1412 [514]
693 1340 1044 1406 ἀκούσαντες,
1083 1340 1262 1394 πάντα
1298 1335 1531 1401 ποιοῦσι,
1553 1335 1652 1389 καὶ
1681 1349 1948 1405 πραγμαο

279 1427 550 1492 τεὺονται,
583 1428 724 1482 ῶστε
761 1447 820 1482 σε
845 1430 937 1484 τὸν
963 1430 1264 1484 ὑπεύθυνον
1291 1428 1584 1498 γενόμενον
1621 1423 1892 1494 τιμωρίας
1921 1431 1948 1460 ⁸

283 1515 739 1572 ἀνακαλέσασθαι.
758 1520 866 1573 Καὶ
888 1519 997 1589 γάρ
1026 1519 1120 1572 καὶ
1145 1517 1283 1589 μετά
1303 1517 1401 1587 τὴν
1419 1515 1527 1568 ἀπὸ
1554 1513 1654 1584 τῆς
1681 1510 1951 1578 θαλάττης

285 1605 650 1676 κατηγορίαν,
685 1607 822 1675 μετά
850 1607 951 1677 τὴν
989 1606 1261 1670 ἀπόδειξιν
1302 1605 1404 1676 τὴν
1445 1603 1533 1656 διὰ
1577 1599 1668 1654 τοῦ
1723 1599 1950 1670 κλήρου,

283 1691 368 1744 ὅτε
386 1693 544 1758 αὑτὸς
566 1695 764 1748 ἐαυτοῦ
781 1697 1147 1768 κατηγόρησε,
1164 1696 1259 1750 καὶ
1278 1696 1376 1767 τὴν
1406 1695 1584 1766 φυγὴν
1610 1691 1862 1762 ὡμολόγη
1871 1704 1927 1741 σε
1935 1729 1950 1751 ν

283 1779 402 1834 οὑδέ
437 1781 609 1845 οὑτως
641 1782 907 1855 ὥρμησαν
941 1786 1031 1838 ἐπὶ
1069 1786 1170 1857 τὴν
1202 1784 1481 1838 ἀπώλειαν
1521 1781 1615 1836 τοῦ
1649 1779 1952 1852 προφήτου,

286 1866 420 1921 ἀλλά
464 1871 676 1939 ήνεῖχον
719 1872 812 1924 καὶ
848 1872 1125 1936 ἐϐιάζοντο
1169 1873 1263 1926 κα)⁸
1310 1873 1488 1926 πάντα
1525 1870 1761 1932 ἐποίουν,
1810 1866 1951 1920 ὥστε

287 1956 449 2010 αὑτὸν
485 1958 618 2027 μηδὲ
675 1959 816 2029 μετά
863 1960 1132 2030 τοσαύτην
1165 1959 1437 2024 ἀπόδειξιν
1475 1957 1722 2012 ἐκδοῦναι
1753 1957 1821 2025 τῇ
1852 1953 1952 2022 τῆς

287 2043 553 2114 θαλάττης
593 2047 757 2118 ὁρμῇ.
811 2047 950 2100 Ἀλλ’
979 2050 1081 2102 οὑκ
1113 2049 1413 2120 ἐπέτρεπεν
1441 2046 1562 2100 οὑδὲ
1592 2043 1764 2106 οὑτως
1788 2045 1822 2113 ή
1863 2041 1958 2095 θά-

289 2131 455 2186 λαττα
479 2150 493 2164 ⁸
534 2134 734 2204 μᾶλλον
785 2137 840 2190 δέ
877 2138 906 2190 6
951 2136 1084 2201 Θεὸς
1121 2137 1221 2191 οὑκ
1265 2136 1452 2206 ήφίει,
1489 2133 1680 2204 ὥσπερ
1728 2131 1816 2184 διά
1847 2128 1958 2183 τῶν

289 2219 518 2288 ναυτῶν,
546 2221 687 2277 οὑτω
714 2225 808 2278 καὶ
825 2225 913 2278 διὰ
931 2223 1024 2278 106
1053 2226 1254 2293 κήτους
1279 2223 1442 2277 αὑτὸν
1471 2221 1805 2291 σωφρονίσαι
1837 2217 1959 2287 βου-

288 2306 532 2377 λόμενος-
573 2312 682 2364 Καὶ
705 2311 815 2385 γὰρ
851 2313 988 2382 μετά
1015 2313 1076 2366 16
1115 2312 1368 2375 ἀκοῦσαι,
1407 2307 1609 2378 Ἀρατέ
1639 2324 1716 2377 με
1745 2305 1845 2360 καί
1867 2306 1960 2372 ἐμ-

290 2395 498 2451 ϐάλετε
525 2401 612 2464 εὶς
636 2399 752 2469 τὴν
773 2401 1092 2465 θάλατταν,
1111 2401 1210 2454 καί
1231 2399 1489 2453 κοπὰσει
1507 2400 1546 2465 ἡ
1571 2395 1836 2450 θάλαττα
1855 2394 1957 2462 ἀφ’

289 2483 476 2552 ὑμῶν,
524 2487 919 2558 παρεϐιάζοντο
964 2491 1044 2552 είς
1084 2487 1184 2560 τὴν
1234 2488 1338 2559 γῆν
1377 2485 1633 2542 ἀπελθεῖν
1662 2523 1676 2547 ,
1705 2479 1844 2538 ἀλλά
1891 2480 1958 2534 τά

292 2571 515 2642 κύματα
553 2575 653 2627 οὑκ
682 2575 972 2646 ἐπέτρεπε.

359 2659 422 2713 6'.
446 2661 518 2714 Σὺ
534 2661 611 2725 δέ,
629 2661 816 2734 ῶσπερ
839 2658 977 2726 εἶδες
1001 2663 1091 2717 τὸν
1112 2663 1396 2736 προφήτην
1419 2659 1708 2730 φεύγοντα,
1733 2657 1962 2711 ἄκουσον

293 2746 457 2799 αὑτοῦ
499 2749 593 2802 καὶ
640 2749 1129 2821 ἐξομολογουμένου
1175 2747 1418 2804 κάτωθεν
1463 2747 1572 2802 ἀπὸ
1598 2746 1696 2816 τῆς
1728 2742 1963 2814 γαστρὸς

295 2835 388 2888 τοῦ
422 2835 639 2906 θηρίον’
660 2837 837 2890 ἐκεῖνο
868 2837 966 2908 μέν
997 2837 1106 2908 γὰρ
1139 2835 1341 2889 ἔπαθεν
1370 2835 1444 2898 ώς
1480 2833 1785 2903 ἄνθρωπος,
1805 2830 1965 2884 τοῦτο

295 2923 352 2975 δὲ
387 2921 462 2985 ὡς
513 2925 797 2994 προφήτης
837 2924 1170 2990 ἐπεδείξατο.
1219 2923 1472 2978 Λαϐοῦσα
1513 2921 1692 2974 τοίνυν
1738 2920 1902 2974 αὑτὸν
1929 2920 1963 2986 ἡ

296 3008 559 3074 θάλαττα,
588 3012 837 3081 καθάπερ
885 3013 942 3064 ἐν
983 3011 1340 3081 δεσμωτηρίῳ
1381 3011 1488 3064 τινὶ
1536 3013 1602 3081 τῇ
1632 3008 1832 3080 γαστρὶ
1871 3008 1966 3060 τοῦ

299 3100 502 3168 κήτους
534 3099 852 3159 ἐναπέθετο,
883 3098 1019 3153 σῶον
1068 3098 1146 3170 τῷ
1194 3099 1440 3171 Δεσπότῃ
1486 3097 1832 3166 φυλάττουσα
1876 3097 1968 3150 τὸν

301 3188 548 3255 φυγάδα⁹
579 3189 672 3242 καὶ
696 3187 819 3241 οὑτε
865 3188 1086 3258 κύματα
1130 3189 1298 3259 ἄγρια
1341 3187 1574 3241 λαϐόντα
1623 3186 1928 3253 ἀπέπνιξαν
1954 3227 1968 3249 ,

302 3274 427 3330 οὔτε
447 3262 610 3347 κῆτος
640 3279 900 3348 κυμάτων
931 3277 1268 3349 ἀγριώτερον
1297 3275 1695 3347 ὑποδεξάμενον
1727 3276 1890 3329 αὑτὸν
1913 3277 1971 3328 ἐν

304 3364 484 3435 κοιλίᾳ
531 3365 865 3437 διέφθειρεν,
910 3366 1047 3419 ἀλλά
1092 3365 1315 3419 διέσωσε
1357 3367 1452 3419 καὶ
1492 3365 1629 3435 πρὸς
1667 3365 1769 3434 τὴν
1819 3363 1974 3416 πόλιν

307 3452 620 3523 ἐπανήγαγε
637 3468 649 3480 ·
682 3455 776 3506 καὶ
801 3453 1039 3506 θάλαττα
1069 3454 1162 3506 καὶ
1187 3455 1349 3524 κῆτος
1374 3453 1524 3524 παρά
1548 3451 1709 3521 φύσιν
1734 3451 1976 3522 ὑπήκου-

310 3556 430 3606 σαν,
465 3540 553 3594 ἴνσ.
597 3540 689 3593 διά
739 3542 956 3596 πάντων
990 3543 1018 3594 6
1056 3543 1341 3613 προφήτης
1367 3539 1734 3610 ’παιδεύηται.
1774 3537 1976 3592 Ἐλθὼν

305 3631 488 3682 τοίνυν
510 3632 589 3692 είς
609 3630 704 3700 τὴν
736 3631 888 3684 πόλιν
920 3631 1130 3698 ἀνέγνω
1155 3631 1251 3701 τὴν
1277 3629 1566 3700 ἀπόφασιν,
1581 3629 1832 3699 καθάπερ
1859 3630 1981 3680 ἐπι-

313 3717 503 3786 στολὴν
538 3716 821 3788 βασιλικὴν
877 3717 1099 3772 κόλασιν
1152 3717 1402 3788 ἔχουσαν,
1447 3717 1542 3771 καὶ¹
1591 3716 1721 3770 ἐϐόα
1753 3716 1928 3786 λέγων
1961 3733 1975 3748 ⁶

314 3804 444 3857 Ἔτι
467 3805 624 3872 τρεῖς
647 3805 880 3875 ἡμέραι.
912 3808 1012 3858 καὶ
1045 3806 1250 3859 Νινευῒ
1289 3805 1870 3875 καταστραφήσεται.

383 3891 661 3944 Ἤκουσαν
692 3891 843 3944 ταῦτ’
871 3894 1090 3958 ἐκεῖνοι,
1117 3894 1177 3946 οὑ
1201 3893 1583 3965 διηπίστησαν,
1613 3895 1674 3948 οὑ
1708 3895 1980 3966 κατεφρό-

314 3993 505 4048 νησαν,
525 3979 638 4033 ἀλλ’
661 3979 862 4043 εὐθέως
880 3980 1080 4053 δρόμος
1099 3983 1352 4037 ἀπάντων
1367 3977 1446 4048 είς
1467 3984 1559 4037 ἐπὶ
1581 3983 1680 4054 τὴν
1709 3985 1984 4053 νηστείαν,

316 4065 542 4136 ἀνδρῶν,
573 4067 863 4135 γυναικῶν,
881 4069 1104 4134 δούλων,
1121 4070 1418 4135 δεσποτῶν,
1437 4071 1734 4143 ἀρχόντων,
1748 4071 1986 4142 ἀρχομέ-

319 4169 447 4215 νων,
464 4153 706 4220 παιδίων,
721 4157 1109 4232 πρεσϐυτέρων
1123 4177 1136 4190 ·
1156 4159 1264 4213 οὐδ’
1279 4160 1314 4229 ή
1330 4157 1439 4212 τῶν
1461 4159 1671 4227 ἀλόγων
1687 4157 1848 4228 φύσις
1857 4158 1989 4213 ταύ-

318 4257 420 4313 της
437 4242 631 4312 ἀτελὴς
646 4240 713 4314 ἦν
735 4245 833 4316 τῆς
857 4245 1195 4314 λειτουργίας
1214 4263 1227 4277 ⁸
1251 4247 1525 4319 πανταχοῦ
1545 4248 1767 4310 σάκκος,
1784 4264 1991 4301 παντα-

320 4329 416 4400 χοῦ
445 4329 657 4395 071066;,
695 4332 965 4403 πανταχοῦ
987 4333 1185 4404 θρῆνος
1211 4335 1304 4388 καὶ
1328 4335 1543 4407 οἰμωγή
1568 4336 1616 4391 δ.
1637 4337 1746 4388 Καὶ
1772 4335 1880 4407 γὰρ
1897 4336 1992 4389 καὶ

321 4415 483 4480 αὐτὸς
502 4419 530 4470 6
561 4418 620 4470 16
647 4418 880 4491 διάδημα
903 4422 1420 4493 περικείμενος,ἀπὺ
1432 4424 1524 4478 τοῦ
1546 4423 1735 4495 θρόνου
1753 4423 1994 4488 καταϐὰς

327 4504 416 4556 τοῦ
448 4503 750 4574 βασιλικοῦ,
771 4499 974 4564 σάκκον
995 4511 1402 4583 ὑπεστρώσατο,
1417 4513 1610 4567 σποδόν
1625 4513 1990 4579 κατεπάσατο,

327 4590 422 4644 καὶ
447 4591 590 4646 οὑτω
611 4593 708 4666 τὴν
736 4596 890 4650 πόλιν
911 4597 1184 4669 ἐξήρπασε
1205 4598 1311 4652 τῶν
1335 4600 1592 4653 κινδύνων
1612 4617 1626 4633 ο
1653 4602 1747 4654 καὶ
1774 4595 1842 4671 ἦν
1868 4601 1996 4654 ἰδεῖν

331 4681 566 4751 πρᾶγμα
593 4683 894 4753 παράδοξον
922 4685 1026 4738 ὑπὸ
1073 4686 1280 4740 σάκκου
1325 4688 1633 4760 πορφυρίδα
1675 4687 1998 4760 παρευδοκι-

334 4768 615 4838 μηθεῖσαν.
639 4773 814 4844 Ὅπερ
842 4775 949 4844 γάρ
976 4775 1075 4827 οὑκ
1103 4775 1320 4846 ἴσχυσεν
1354 4777 1626 4848 ἁλουργὶς,
1664 4777 1822 4830 τοῦτο
1847 4777 1998 4848 ῐσχυ-

333 4873 427 4908 σεν
462 4857 490 4908 6
519 4859 721 4924 σάκκος
743 4876 758 4891 ’
777 4863 912 4932 ὅπερ
939 4862 1038 4916 οὑκ
1059 4864 1222 4934 ῆνυσε
1247 4863 1308 4916 16
1325 4863 1581 4935 διάδημα,
1604 4865 1764 4918 τοῦτο
1783 4865 2000 4937 κατώρ-

337 4941 556 5015 θωσενή
580 4947 788 5012 σποδός.
815 4949 974 5020 Ὁρᾷς
993 4951 1067 5014 ὡς
1089 4951 1150 5003 οὑ
1179 4952 1358 5022 μάτην
1379 4946 1530 5005 εἷπον
1544 4953 1624 5006 ὅτι
1641 4953 1702 5006 οὑ
1727 4955 2000 5022 νηστείαν,

335 5029 475 5084 ἀλλά
514 5033 686 5106 μέθην
738 5037 831 5089 καὶ
884 5038 1193 5108 ἀδηφαγίαν
1233 5040 1528 5095 δεδοικέναι
1579 5041 1714 5113 χρή;
1786 5041 1850 5094 Ἠ
1903 5043 2004 5113 μὲν

339 5118 450 5190 γάρ
481 5120 615 5192 μέθη
650 5125 744 5176 καὶ
763 5125 1040 5194 ἀδηφαγία
1071 5127 1170 5199 τὴν
1201 5128 1354 5181 πόλιν
1379 5129 1621 5182 ἑστῶσαν
1642 5129 2004 5193 διέσεισε,καὶ

341 5207 664 5262 καταϐαλεῖν
693 5210 948 5282 ἔμελλεν·
989 5217 1022 5285 ή
1055 5215 1114 5268 δέ
1166 5216 1387 5287 νηστεία
1438 5218 1802 5287 σαλευομένην
1837 5216 2006 5288 αὑτὴν

341 5294 438 5346 καὶ
468 5295 765 5364 μέλλουσαν
787 5303 1152 5357 καταπίπτειν
1181 5303 1396 5375 ἔστησε.
1429 5306 1584 5360 Μετὰ
1625 5305 1828 5376 ταύτης
1855 5305 1947 5358 καὶ
1977 5307 2005 5357 6

344 5383 543 5453 Δανιὴλ
582 5387 661 5448 είς
701 5386 901 5444 λάκκον
934 5390 1164 5446 λεόντων
1198 5392 1486 5456 εἰσελθὼν,
1517 5392 1770 5464 καθάπερ
1808 5392 2009 5465 προϐά-

346 5484 462 5532 τοις
497 5472 718 5543 ἡμέροις
750 5478 1163 5548 συγγενόμενος,
1201 5479 1372 5543 οῦτως
1424 5480 1592 5551 ἐξῄει.
1628 5481 1738 5536 Καὶ
1776 5481 1884 5552 γὰρ
1917 5480 2010 5533 καὶ

349 5557 432 5630 τῷ
471 5558 626 5631 θυμῷ
656 5563 893 5629 ζέοντες,
924 5566 1018 5620 καὶ
1038 5568 1232 5636 ,φόνιον
1263 5569 1568 5640 βλέποντες,
1592 5569 1692 5640 τῆς
1732 5567 2013 5641 τραπέζης

388 5733 442 5810 ’⁸
470 5732 638 5810 λίψ-61.
663 5738 912 5810 τιμωρίαςε
942 5739 1080 5789 Unus
1111 5754 1203 5792 ms.
1245 5742 1367 5807 Reg.
1393 5751 1444 5794 cl
1468 5742 1594 5794 Savil
1619 5742 1664 5791 in
1696 5745 1831 5790 lexlu
1857 5757 2006 5803 τιμω-

355 5802 720 5864 ρίαν,.ἱρ.ηιειῐέζ.
745 5802 960 5864 τιμωρία.

419 5856 446 5898 ι)
467 5856 566 5908 Alii
597 5856 753 5922 θρῆνοι
773 5856 852 5909 καὶ
872 5856 1090 5926 οἰμωγαί.

1506 421 1595 476 DE
1635 413 2103 475 ΡΕΕΝΙΤΕΝΤΙΑ.
2144 412 2379 471 HOMIL.
2421 415 2492 472 ν,

3604 405 3711 463 512

2046 533 2436 603 περικειμένης
2460 532 2557 602 οὐχ
2585 531 2838 604 ἥπτοντο,
2868 530 3004 588 ἀλλά
3035 531 3129 586 καὶ
3163 531 3262 602 τῆς
3303 529 3517 600 φύσεως
3546 527 3719 600 αὑτῆς

2045 619 2414 693 διεγειροὺσης
2449 621 2621 693 (οὐδὲν
2665 622 2773 694 γάρ
2819 620 3156 693 ἀγριώτερον
3190 619 3416 672 ἐκείνων
3464 617 3576 670 τῶν
3615 616 3716 687 θη-

2048 709 2201 780 ρίων)
2229 710 2324 763 καὶ
2352 709 2446 762 τοῦ
2477 709 2634 781 λιμοῦ
2659 711 2775 780 (καὶ
2802 709 2911 782 γὰρ
2953 708 3093 763 ἐπτά
3125 708 3339 780 ἡμέρας
3365 705 3426 759 οὑ
3459 703 3722 776 μετέσχον

2045 799 2298 869 τροφῆς),
2322 798 2573 870 καθάπερ
2614 798 2808 869 δημίου
2841 799 2985 861 τινὸς
3010 797 3220 851 ἔνδοθεν
3249 795 3594 866 καθημένου,
3627 793 3722 847 καὶ

2045 884 2153 937 τῶν
2179 885 2419 953 λαγόνων
2456 885 2529 957 μὴ
2562 885 2832 940 ἀπτεσθαι
2859 897 2881 925 ο
2918 885 3150 956 βοῶντος
3193 883 3304 937 τῶν
3344 880 3723 954 προφητικῶν,

2047 972 2354 1044 ᾐδέσθησαν
2397 973 2495 1044 τήν
2538 974 2766 1045 τροφήν.
2798 973 2957 1028 Μετά
2995 972 3198 1041 ταύτης
3241 970 3336 1024 καὶ
3370 972 3420 1023 οί
3453 969 3644 1031 παῖδες
3677 969 3725 1022 οἱ

2045 1063 2196 1130 τρεῖς
2239 1060 2389 1133 [515]
2431 1063 2510 1126 είς
2545 1061 2645 1132 τὴν
2684 1060 3031 1114 Βαϐυλωνίαν
3082 1059 3312 1130 κάμινον
3369 1056 3726 1121 είσελθόντες,

2049 1148 2144 1202 καὶ
2167 1149 2336 1203 πολὺν
2367 1160 2558 1222 χρόνον
2601 1149 2962 1221 ὁμιλήσαντες
2987 1147 3067 1218 τῷ
3113 1147 3267 1218 πυρὶ,
3300 1144 3466 1200 αὑτοῦ
3495 1143 3590 1198 τοῦ
3623 1161 3730 1196 πυ-

2052 1236 2146 1308 ρὸς
2187 1236 2542 1310 λαμπρότερα
2587 1238 2802 1308 ἔχοντες
2846 1236 2914 1290 τά
2957 1234 3205 1305 σώματα,
3231 1233 3338 1287 ἀπὺ
3366 1234 3466 1303 τῆς
3492 1231 3728 1302 καμίνου

2051 1324 2174 1378 τότε
2207 1324 2436 1396 ἐξῄεσαν
2465 1341 2481 1357 ·
2512 1325 2690 1379 καίτοι
2717 1342 2782 1394 γε
2807 1325 2855 1377 εί
2885 1322 2997 1394 πῦρ
3017 1319 3084 1394 ἦν
3115 1323 3289 1375 ἐκεῖνο
3313 1321 3484 1385 ὅντως
3506 1320 3568 1373 16
3593 1319 3727 1389 πῦρ,

2054 1407 2172 1472 πῶς
2195 1409 2296 1462 οὑκ
2333 1408 2506 1462 ἐποίει
2533 1409 2604 1462 τὰ
2638 1408 2732 1461 τοῦ
2759 1408 2931 1478 πυρός
2958 1423 2972 1470 ;
3005 1409 3053 1459 εί
3095 1405 3323 1476 σώματα
3351 1401 3420 1477 ῆν
3449 1405 3630 1458 ἐκεῖνα
3659 1401 3732 1456 τά

2055 1496 2305 1567 σώματα,
2330 1496 2447 1561 πῶς
2476 1496 2546 1550 τὰ
2571 1495 2681 1550 τῶν
2717 1495 2986 1566 σωμάτων
3015 1494 3118 1547 οὑκ
3146 1492 3386 1564 ἐπασχες
3413 1490 3568 1555 Πῶς;
3597 1489 3736 1559 ἐρώο

2050 1600 2216 1655 τησον
2246 1583 2348 1655 τὴν
2379 1584 2651 1654 νηστείαν,
2676 1582 2772 1637 καὶ
2811 1581 3191 1653 ἀποκρινεῖται
3220 1598 3324 1644 σοι,
3345 1580 3440 1634 καί⁹
3470 1577 3609 1649 αὑτὴ
3640 1578 3734 1630 λύ-

2055 1687 2138 1724 σει
2165 1688 2261 1725 σου
2299 1671 2361 1724 16
2389 1672 2616 1742 αἴνιγμα
2640 1687 2654 1701 ·
2684 1673 2778 1724 καὶ
2806 1670 2917 1742 γάρ
2943 1668 3012 1742 ἦν
3043 1669 3214 1733 ὅντως
3249 1669 3481 1738 αἴνιγμα
3499 1682 3511 1696 '
3545 1665 3735 1735 σωμά-

2053 1777 2162 1813 των
2191 1759 2300 1831 γάρ
2342 1759 2505 1829 φύσις
2548 1759 2783 1830 ἐμάχετο
2827 1757 2990 1829 φύσει
3028 1758 3229 1828 πυρὸς,
3258 1757 3351 1810 καὶ
3397 1758 3432 1828 ή
3465 1754 3590 1826 νίκη
3625 1755 3734 1808 τῶν

2058 1848 2327 1919 σωμάτων
2364 1847 2593 1916 ἐγίνετο.
2629 1841 2781 1912 Εἶδες
2812 1847 3114 1916 παράδοξον
3155 1847 3368 1917 μάχην;
3398 1839 3540 1906 εἶδες
3567 1859 3740 1914 παρα-

2053 1934 2339 2006 δοξοτέραν
2395 1935 2492 2005 τὴν
2554 1935 2713 2006 νίκην
2748 1952 2762 2001 ;
2797 1934 3092 2005 Θαύμασον
3147 1933 3247 2004 τὴν
3308 1929 3604 2003 νηστείαν.
3641 1930 3739 1984 καὶ

2056 2027 2274 2090 ὑπτίαις
2295 2025 2548 2092 ὑπόδεξαι
2579 2025 2766 2097 χερσίν
2789 2043 2802 2057 ·
2825 2026 2953 2078 ὅταν
2973 2025 3080 2096 γάρ
3103 2023 3196 2076 καὶ
3220 2024 3278 2075 ἐν
3298 2021 3518 2092 καμίνῳ
3545 2020 3738 2092 βοηθῇ,

2056 2115 2150 2168 καὶ
2179 2116 2237 2168 ἐν
2261 2114 2451 2184 λάκκῳ
2483 2113 2712 2165 λεόντων
2739 2112 3006 2184 φυλάττῃ,
3038 2111 3130 2164 καὶ
3147 2109 3409 2180 δαίμονας
3432 2107 3740 2178 ἀπελαύνῃ,

2059 2201 2152 2255 καὶ
2189 2201 2465 2269 ἀπόφασιν
2512 2199 2718 2270 ἀναλύῃ
2763 2199 2920 2262 Θεοῦ,
2959 2199 3052 2251 καί
3093 2196 3284 2250 παθῶν
3331 2194 3531 2268 μανίαν
3575 2212 3744 2250 κατα-

2067 2289 2287 2359 στέλλῃ,
2315 2289 2410 2341 καὶ
2444 2288 2580 2358 πρὸς
2609 2286 2920 2358 ἐλευθερίαν
2949 2287 3098 2356 ἡμᾶς
3123 2283 3394 2357 ἐπανάγῃ,
3417 2284 3514 2337 καὶ
3541 2281 3746 2353 πολλὴν

2061 2378 2118 2429 ἐν
2146 2378 2256 2439 τοῖς
2283 2376 2565 2445 λογισμοῖς
2593 2377 2625 2445 ἡ
2636 2374 2752 2445 μῶν
2799 2373 3154 2446 ποιῆταιοτὴν
3193 2372 3462 2442 γαλήνην,
3496 2369 3614 2434 πῶς
3642 2371 3744 2424 οὑκ

2060 2463 2297 2533 ἐσχάτης
2325 2462 2391 2515 ἂν
2413 2461 2500 2531 εἴη
2531 2461 2853 2532 παρανοίας,
2872 2460 3110 2514 τοσαῦτα
3140 2459 3368 2530 ἔχουσαν
3395 2459 3454 2512 ἐν
3481 2460 3602 2521 ταῖς
3624 2475 3747 2530 χερ-

2061 2551 2145 2604 σὶν
2166 2549 2346 2618 ἀγαθά
2369 2548 2590 2619 φεύγειν
2615 2549 2707 2602 καὶ
2721 2548 3044 2613 δεδοικέναι;
3083 2547 3385 2619 Ἐπιτρίϐει
3404 2547 3661 2619 γάρὴμῖν
3683 2547 3748 2600 16

2063 2637 2222 2708 σῶμα
2243 2637 2378 2708 πρὸς
2399 2637 2499 2707 τὴν
2533 2635 2839 2697 ἀσθένειαν.
2859 2636 3022 2707 φησίν
3036 2636 3088 2690 d.
3117 2635 3258 2691 Ἀλλ’
3280 2637 3391 2708 ὅσῳ
3419 2638 3446 2690 6
3465 2635 3570 2701 ἔξω
3587 2635 3746 2708 ήμῶν

2064 2726 2352 2798 ἄνθρωπος
2389 2725 2690 2798 φθείρεται,
2721 2726 2960 2796 τοσούτῳ
2979 2728 3006 2779 6
3033 2725 3140 2779 ἔσω
3156 2726 3544 2781 ἀνακαινοῦται
3566 2726 3750 2799 ήμέρᾳ

2064 2815 2160 2867 καὶ
2186 2813 2368 2886 ἡμέρᾳ
2394 2829 2408 2844 °
2454 2813 2654 2884 μᾶλλον
2681 2814 2760 2878 δὲ,
2801 2816 2850 2867 ιί
2896 2813 3217 2885 βουληθείης
3272 2815 3414 2885 μετά
3463 2815 3751 2885 ἀκριϐείας

2065 2901 2318 2976 ἐξετάσαι
2353 2900 2414 2954 16
2436 2902 2690 2972 πρᾶγμα,
2705 2901 2801 2955 καὶ
2826 2900 3040 2968 εὐεξίας
3068 2903 3236 2974 αὑτὴν
3257 2903 3511 2973 εὑρήσεις
3540 2903 3752 2975 μητέρα

2067 2988 2458 3058 τυγχάνουσαν.
2493 2989 2604 3041 Καὶ
2632 2991 2681 3042 εί
2711 2993 2826 3053 τοῖς
2861 2991 3014 3057 ἐμοῖς
3041 2988 3292 3052 ἀπιστεῖς
3326 2989 3527 3058 λόγοις,
3555 2991 3752 3054 παῖδας

2073 3076 2273 3148 ἰατρῶν
2298 3077 2425 3148 περὶ
2456 3076 2662 3131 τούτων
2682 3076 2976 3148 ἐρώτησον,
2997 3077 3090 3130 καὶ
3107 3078 3261 3130 αὑτοὶ
3294 3077 3465 3130 ταῦτα
3484 3078 3751 3148 σαφέστε-

2073 3181 2164 3234 ρον
2199 3163 2440 3235 ἐροῦσιν,
2473 3164 2524 3217 οἳ
2553 3164 2652 3235 τὴν
2687 3166 2787 3236 μὲν
2817 3165 3026 3218 ἔνδειαν
3054 3165 3267 3236 μητέρα
3289 3165 3388 3235 τῆς
3418 3166 3628 3233 ὑγιείας
3655 3183 3753 3219 κα-

2071 3254 2244 3320 λοῦσι,
2267 3255 2367 3318 τάς
2390 3255 2447 3308 δὲ
2467 3255 2763 3324 ποδαλγίας
2792 3255 2886 3309 καὶ
2909 3254 3257 3326 καρηϐαρίας
3288 3255 3384 3308 καὶ
3411 3254 3754 3326 ἀποπληξίας

2074 3342 2168 3395 καὶ
2202 3342 2496 3412 φθόηνκαὶ
2522 3341 2710 3412 ὕδερον
2738 3343 2833 3396 καὶ
2876 3341 3188 3412 φλεγμονὰς
3214 3342 3308 3396 καὶ
3345 3342 3460 3412 οίδή
3470 3359 3633 3412 ματα,
3661 3343 3757 3395 καὶ

2080 3430 2289 3500 μυρίων
2317 3430 2524 3502 ἐτέρων
2553 3431 2877 3500 νοσημάτων
2902 3430 3256 3500 χειμάρρους,
3285 3429 3394 3483 ἀπὸ
3420 3431 3521 3500 τῆς
3545 3433 3758 3500 τρυφῆς

2079 3519 2172 3572 καὶ
2199 3518 2301 3587 τῆς
2331 3517 2637 3589 ἀδηφαγίας
2673 3517 2873 3584 ἐξιέναι
2913 3519 3101 3586 φασὶν,
3136 3517 3328 3589 ῶσπερ
3359 3518 3466 3571 ἀπό
3482 3535 3627 3582 τινος
3660 3535 3758 3572 πο-

2081 3607 2386 3679 νηροτάτης
2415 3607 2599 3678 πηγῆς
2638 3608 2911 3677 πονηροὺς
2947 3605 3180 3676 ῥύακας,
3222 3608 3316 3660 καὶ
3338 3609 3403 3678 τῇ
3439 3606 3532 3660 τοῦ
3574 3606 3763 3677 σώμα-

2081 3712 2173 3756 τος
2202 3692 2410 3764 εὐεξίᾳ,
2459 3694 2553 3746 καὶ
2593 3695 2660 3764 τῇ
2690 3693 2788 3764 τῆς
2830 3693 3010 3764 ψυχῆς
3061 3694 3387 3768 σωφροσύνῃ
3438 3694 3763 3766 λυμαινομέο

2083 3800 2228 3847 νους.

2158 3946 2220 3994 ε’.
2245 3938 2339 4010 Μὴ
2374 3939 2550 3994 τοίνυν
2579 3938 2870 4009 φοϐώμεθα
2898 3939 3152 4010 νηστείαν
3177 3980 3192 4004 ,
3226 3939 3326 4013 τὴν
3356 3941 3465 3996 τῶν
3493 3942 3766 4000 τοσούτων

2086 4027 2234 4098 ἡμᾶς
2265 4026 2711 4081 ἀπαλλάττουσαν
2741 4027 2945 4082 κακῶν.
2980 4028 3053 4080 Οὑ
3091 4029 3200 4098 γάρ
3237 4029 3421 4094 ἀπλῶς
3455 4033 3580 4102 ὑμῖν
3605 4033 3764 4087 τοῦτο

2090 4112 2373 4185 παραινῶ’
2432 4113 2546 4167 ἀλλ’
2602 4114 2788 4185 ἐπειδὴ
2846 4115 3072 4178 πολλοὺς
3122 4116 3233 4186 ὁρῶ
3281 4117 3389 4171 τῶν
3435 4117 3762 4188 ἀνθρώπων,

2091 4201 2343 4273 καθάπερ
2375 4202 2542 4272 ἀγρίᾳ.
2595 4203 2698 4255 τινὶ
2748 4203 2967 4270 γυναικὶ
3018 4203 3406 4274 παραδίδοσθαι
3448 4204 3764 4275 μέλλοντας,

2091 4288 2266 4353 οὕτως
2301 4289 2597 4352 ὀκνοῦντας
2622 4291 2715 4343 καὶ
2741 4291 3158 4362 ἀναδυομένους,
3202 4293 3294 4345 καὶ
3325 4292 3465 4366 μέθῃ
3491 4293 3588 4346 καὶ
3636 4295 3768 4366 ἀδη·

2095 4378 2270 4446 φαγίᾳ.
2299 4380 2538 4449 τήμερον
2583 4379 2806 4441 ἑαυτοὺς
2839 4378 3244 4450 διαφθείροντας
3264 4397 3277 4410 ·
3308 4380 3396 4433 διὰ
3431 4380 3590 4434 τοῦτο
3621 4399 3769 4454 παρ-

2094 4466 2229 4522 αινῶ
2260 4467 2400 4520 ῶστε
2447 4467 2521 4537 μῆ
2549 4467 2645 4536 τὴν
2682 4468 2746 4518 ἐκ
2776 4468 2874 4536 τῆς
2921 4468 3174 4538 νηστείας
3205 4467 3474 4539 ἐσομένην
3502 4469 3767 4538 ὠφέλειαν

2097 4553 2412 4624 προανελεῖν
2450 4553 2757 4625 λαιμαργία
2793 4555 2886 4607 καὶ
2922 4555 3080 4624 μέθῃ.
3113 4554 3222 4607 Καὶ
3261 4554 3369 4626 γὰρ
3397 4559 3447 4608 οἱ
3489 4557 3769 4612 κακόσιτοι

2099 4641 2207 4695 τῶν
2253 4639 2576 4712 ἀνθρώπων,
2617 4642 2741 4693 ὅταν
2789 4642 2960 4712 πικρά
2995 4641 3228 4708 μέλλωσι
3272 4642 3446 4694 πίνειν
3480 4644 3766 4715 φάρμακα,

2101 4729 2167 4783 ἀν
2214 4729 2416 4800 πολλῆς
2471 4729 2697 4792 ἑαυτοὺς
2747 4728 3064 4800 ἐμπλήσωσι
3115 4730 3350 4802 τροφῆς,
3392 4732 3485 4784 καὶ
3514 4732 3657 4786 οῦτω
3703 4735 3774 4788 τά

2102 4818 2372 4889 φάρμακα
2402 4816 2640 4881 λάϐωσι,
2673 4816 2771 4887 τὴν
2813 4818 2912 4888 μὲν
2956 4819 3180 4889 πικρίαν
3217 4819 3544 4892 ὑπέμειναν,
3573 4821 3676 4892 τῆς
3716 4821 3774 4876 δέ

2103 4904 2367 4974 ὠφελείας
2387 4903 2658 4971 ἐξέπεσον,
2681 4905 3085 4976 δυσκολωτέραν
3103 4906 3176 4978 τῷ
3199 4907 3474 4980 φαρμάκῳ
3495 4907 3776 4975 ποιοῦντες

2104 4996 2200 5068 τὴν
2227 4995 2407 5067 πάλην
2437 4993 2574 5068 πρὸς
2599 4995 2698 5067 τὴν
2738 4995 2846 5048 τῶν
2879 4995 3238 5070 διεφθορότων
3263 4998 3452 5070 χυμῶν
3485 4999 3773 5071 πονηρίαν.

2105 5085 2206 5138 Διά
2227 5083 2384 5138 τοῦτο
2411 5083 2607 5146 αὐτοὺς
2635 5084 2685 5136 οἱ
2711 5083 2818 5137 τῶν
2845 5085 3046 5155 ἰατρῶν
3071 5086 3257 5149 παῖδες
3284 5086 3357 5157 μή
3381 5087 3776 5158 δειπνήσαντας

2107 5174 2388 5227 κελεύουσι
2446 5171 2751 5234 καθεύδειν,
2806 5173 2892 5225 ἵνα
2941 5175 3122 5228 πᾶσαν
3174 5174 3280 5228 τῶν
3331 5176 3638 5245 φαρμάκων
3679 5175 3776 5247 τήν

2106 5262 2335 5332 δύναμιν
2369 5263 2433 5315 ἐκ
2465 5261 2688 5333 πρώτης
2717 5261 2919 5325 εὐθέως
2963 5265 3077 5325 τοῖς
3120 5264 3417 5325 νοσοποιοῖς
3443 5261 3552 5314 τῶν
3584 5279 3799 5333 115911--

2108 5358 2376 5426 τωμάτων
2408 5355 2734 5427 προσαγάγῃ
2765 5358 2980 5426 χυμοῖς.
3011 5354 3168 5408 Οὑτω
3190 5355 3283 5409 καὶ
3304 5356 3395 5408 ἐπὶ
3409 5355 3785 5428 τῆςνηστείας·

2111 5445 2204 5498 ἐὰν
2239 5444 2336 5514 μὲν
2373 5444 2571 5514 πολλῆς
2607 5444 2795 5497 ἑαυτὸν
2821 5443 3105 5516 ἐμπλήσῃς
3137 5443 3235 5512 τῆς
3287 5441 3458 5514 μέθης
3502 5445 3740 5514 τήμερον
3763 5483 3780 5509 ,

2112 5535 2208 5588 καὶ
2251 5533 2437 5605 αὑριον
2467 5532 2702 5606 ὑποδέξῃ
2747 5533 2806 5586 τὸ
2839 5534 2969 5604 παρ’
3009 5531 3223 5602 ἐκείνης
3267 5531 3581 5601 φάρμακον,
3612 5533 3782 5605 ἀχρη-

2178 5800 2204 5861 ‘_
2226 5797 2306 5847 Sic
2330 5798 2477 5848 Savil.
2507 5805 2554 5848 (ιι
2579 5814 2704 5850 unus
2723 5799 2844 5861 Reg.
2872 5799 3041 5847 Morel.
3070 5810 3188 5844 vero
3213 5796 3421 5861 λαγόνων
3445 5797 3694 5846 ἅπτεσθαι.

2177 5857 2210 5902 ἆ
2231 5861 2380 5912 δᾶνίι.
2406 5870 2456 5911 el
2480 5876 2601 5912 unus
2621 5857 2868 5926 Reguli»:
2887 5863 2972 5920 τήν
2997 5861 3240 5910 ἀσθένειαν
3263 5857 3346 5906 106
3372 5861 3613 5920 σώματος,
3641 5866 3796 5923 φησίν,
