4046 6396
406 346 511 404 513

410 459 754 530 inutilemque
780 457 1040 525 eﬂ‘eceris,
1069 467 1124 514 et
1161 457 1399 515 laborem
1424 458 1639 530 quidem
1666 462 1949 532 pertuleris
1967 502 1987 530 ,

410 549 613 604 lucrum
642 548 765 627 inde
792 548 1027 604 futurum
1053 564 1160 605 non
1200 552 1532 620 assequeris,
1564 551 1689 606 dum
1721 552 1837 623 ejus
1881 554 1989 608 vim

408 650 571 694 totam
600 639 654 695 in
682 640 880 694 malum
919 642 1123 697 recenti
1154 641 1411 697 ebrietate
1442 652 1650 711 partum
1681 644 1941 713 impendis
1971 663 1985 700 :

403 732 447 785 si
497 748 625 787 vero
664 732 779 787 leve
810 736 1189 804 praeparaveris
1227 750 1454 803 corpus,
1487 736 1769 806 sebriaque
1811 748 1990 794 mente

405 827 703 895 susceperis
754 827 1106 893 medicinam,
1151 844 1215 881 ex
1264 829 1475 883 delictis
1513 829 1782 885 veteribus
1823 831 1989 887 multa

406 917 606 986 poteris
629 932 942 988 expurgare.
994 918 1071 973 Ne
1099 919 1259 988 igitur
1290 934 1385 988 per
1405 920 1716 975 ebrietatem
1745 920 1813 974 ad
1847 921 1987 991 jeju-

403 1011 549 1064 nium
595 1025 875 1081 pergamus
898 1052 913 1076 ,
962 1027 1132 1081 neque
1162 1026 1191 1064 a
1214 1008 1418 1081 jejunio
1450 1012 1501 1064 in
1541 1011 1856 1068 ebrietatem
1886 1013 1978 1068 de-

400 1104 665 1158 clinemus
691 1144 705 1168 ,
732 1118 799 1159 ne
831 1103 965 1158 forte
990 1104 1210 1173 perinde
1235 1105 1442 1159 accidat
1465 1118 1528 1159 ac
1562 1105 1606 1159 si
1637 1106 1756 1175 quis
1786 1121 1987 1176 aegrum

402 1209 596 1263 corpus
622 1204 779 1264 atque
827 1210 1112 1267 resurgens
1140 1211 1168 1249 a
1199 1197 1503 1253 valetudine
1541 1197 1779 1254 calcibus
1820 1199 1989 1269 impe-

406 1294 524 1339 tens
578 1285 814 1340 velocius
844 1285 1078 1355 dejiciat.
1112 1286 1265 1354 Quod
1291 1299 1344 1343 e'.
1370 1288 1423 1342 in
1453 1298 1635 1343 nostra
1678 1288 1737 1343 ﬁt
1771 1291 1944 1344 anima
1966 1331 1982 1358 ,

402 1392 522 1433 cum
551 1386 774 1448 utraque
794 1377 982 1448 jejunii
1025 1393 1088 1435 ex
1132 1391 1281 1449 parte
1302 1420 1316 1445 ,
1347 1381 1609 1450 principio
1635 1380 1886 1437 videlicet
1925 1398 1989 1439 ac

403 1470 537 1536 ﬁne,
570 1472 842 1527 ebrietatis
865 1472 1005 1528 nube
1028 1472 1423 1527 mundationem
1467 1474 1518 1528 in
1541 1475 1697 1531 nobis
1725 1477 1792 1531 ab
1818 1475 1987 1530 absti-

402 1562 578 1616 nentia
610 1561 798 1617 factam
826 1562 1169 1619 eﬁ‘uscamus.
1197 1563 1374 1619 Veluti
1405 1566 1546 1620 enim
1575 1567 1663 1637 qui
1690 1582 1812 1622 cum
1860 1567 1987 1622 feris

401 1652 734 1718 dimicaturi,
762 1654 926 1708 armis
948 1655 1125 1709 multis
1146 1696 1161 1720 ,
1201 1655 1648 1726 munimentisque
1678 1658 1986 1727 principalia

400 1759 621 1814 qumque
650 1744 888 1799 membra
915 1745 1277 1811 circumdant,
1309 1756 1469 1815 atque
1499 1747 1567 1801 ita
1595 1763 1716 1801 cum
1749 1748 1853 1803 illis
1875 1748 1987 1804 bel-

403 1836 510 1889 lum
533 1837 830 1905 suscipiunt
860 1854 872 1889 :
902 1838 979 1891 sic
1005 1845 1060 1891 et
1086 1853 1225 1891 nunc
1249 1837 1492 1892 homines
1519 1839 1673 1893 multi
1701 1854 1821 1895 cum
1844 1840 1982 1910 jeju-

308 1946 311 1950 '
402 1929 490 1983 nie
544 1930 691 1999 quasi
735 1946 855 1984 cum
900 1930 1007 1984 fera
1043 1930 1269 2001 quadam
1312 1932 1626 2002 pugnaturi,
1670 1932 1871 1986 ventris
1922 1947 1983 1987 se

398 2022 614 2090 crapula
641 2023 919 2089 muniunt,
972 2022 1471 2093 disrumpentesque
1518 2039 1638 2079 sese
1682 2034 1736 2080 et
1762 2024 1988 2080 ehteneo

399 2111 613 2165 brantes
635 2152 649 2178 ,
679 2114 843 2167 multa
872 2129 994 2169 cum
1027 2114 1385 2183 imprudentia
1413 2116 1597 2169 mitem
1644 2130 1707 2170 ac
1745 2118 1981 2186 quietum

391 2203 579 2274 jejunii
608 2216 880 2276 aspectum
929 2208 1245 2278 suscipiunt.
1274 2209 1445 2279 Atque
1476 2209 1521 2263 si
1550 2210 1854 2280 quempiam
1902 2211 1983 2263 in-

395 2306 735 2367 terrogavere
756 2340 770 2364 ,
793 2298 958 2368 Cujus
985 2301 1063 2354 rei
1109 2300 1279 2370 gratia
1304 2300 1370 2354 ad
1400 2300 1635 2356 thermas
1663 2301 1819 2356 hodie
1860 2317 1981 2370 pre-

394 2403 548 2459 peras
578 2405 593 2444 :
620 2389 691 2447 Ut
717 2390 896 2447 ablute
925 2408 1148 2463 corpore
1173 2435 1187 2457 ,
1238 2394 1469 2463 inquies,
1495 2393 1759 2464 jejunium
1811 2394 1980 2449 susci-

392 2484 553 2551 piam.
605 2483 661 2539 Si
691 2500 816 2539 vere
867 2493 918 2539 te
962 2485 1404 2555 interrogavere,
1440 2484 1617 2552 Quare
1656 2485 1971 2552 inebriaris,

1564 347 1651 405 DE
1691 348 2156 407 ΡίΕΝΙΤΕΝΤΙΑ.
2194 352 2419 408 HOMlL.
2466 353 2553 409 Vl.

3586 364 3688 420 3M

2098 463 2289 518 iterum
2345 464 2512 532 dices,
2562 466 2822 534 Quoniam
2861 467 3124 540 jejunium
3167 486 3281 526 sum
3326 471 3687 542 ingressurus.

2097 555 2374 621 Quomodo
2405 558 2561 627 igitur
2584 575 2688 613 non
2714 575 3020 629 erronenm,
3052 578 3277 632 corpore
3296 565 3509 634 quidem
3528 582 3683 636 pure,

2094 646 2300 717 impura
2325 664 2451 703 vero
2462 648 2713 719 ebriaque
2730 652 2924 719 anima,
2940 652 3357 722 pulcherrimum
3375 656 3471 712 hoc
3488 656 3683 712 festum

2094 738 2341 807 excipere
2359 739 2588 794 ‘?Plura
2615 741 2839 796 dicenda
2867 753 3203 812 supererant,
3233 746 3329 800 sed
3358 746 3472 802 htec
3496 748 3692 804 sobriis

2095 828 2165 883 ad
2188 832 2577 886 correctionem
2607 833 2895 888 sufﬁciunt.
2921 837 3095 903 Quare
3124 854 3342 894 necesse
3366 849 3447 894 est
3476 841 3689 897 dicendi

2094 922 2253 977 ﬁnem
2283 922 2493 978 facere:
2525 940 2645 978 nam
2671 927 2828 995 cupio
2860 929 3027 996 patris
3066 929 3253 985 audire
3292 947 3474 986 vocem
3508 952 3519 986 :
3552 946 3686 1003 quo-

2097 1015 2237 1068 niam
2262 1016 2360 1085 ipsi
2376 1016 2588 1086 quidem
2613 1018 2765 1087 quasi
2792 1021 3083 1088 pastorales
3106 1023 3257 1091 pueri
3279 1022 3455 1077 subtili
3477 1026 3689 1081 calamo

2094 1105 2370 1161 sibilamus
2393 1148 2406 1172 ,
2442 1109 2604 1162 veluti
2629 1110 2729 1163 sub
2751 1127 2949 1179 quercu
2976 1124 3065 1166 aut
3088 1110 3211 1182 fago
3237 1116 3462 1183 quadam
3485 1116 3551 1171 ad
3575 1133 3685 1172 um-

2094 1198 2243 1253 bram
2264 1214 2537 1253 sacrerum
2558 1200 2747 1255 horum
2772 1203 3051 1269 sedentes;
3084 1204 3171 1260 hic
3187 1217 3364 1260 autem
3387 1209 3552 1263 veluti
3571 1225 3687 1264 mu-

2095 1292 2239 1346 sicus
2265 1294 2501 1361 eptimus
2527 1308 2742 1348 auream
2770 1295 3028 1349 citharam
3060 1299 3387 1365 modulatus,
3428 1305 3683 1357 seuerum

2093 1396 2355 1439 concentu
2396 1386 2707 1442 universum
2738 1390 2930 1443 excitat
2962 1389 3229 1445 theatrum
3258 1410 3272 1445 :
3315 1393 3392 1447 sic
3419 1403 3473 1448 et
3527 1394 3685 1464 hujus

2094 1483 2199 1523 non
2225 1471 2576 1538 pulsationum
2594 1514 2608 1537 ,
2633 1472 2727 1525 sed
2754 1473 3037 1527 verborum
3067 1483 3122 1529 et
3151 1490 3370 1544 operum
3388 1485 3680 1532 cencentus

2091 1560 2377 1629 plurimam
2417 1563 2569 1616 nobis
2605 1562 2759 1617 aﬂ'ert
2786 1565 3090 1619 utilitatem.
3127 1565 3403 1635 Ejusmodi
3430 1577 3483 1621 et
3524 1569 3684 1622 Chri-

2090 1661 2204 1706 stus
2230 1652 2478 1708 docteres
2504 1654 2730 1723 qumrit:
2760 1655 2859 1721 Qui
2884 1656 3015 1709 enim
3038 1657 3209 1726 fecerit
3239 1667 3283 1710 et
3309 1657 3552 1722 docuerit,
3598 1659 3683 1712 iu-

2090 1744 2224 1813 quit,
2246 1745 2326 1798 Itic
2352 1762 2565 1815 magnus
2585 1745 2842 1798 vocabitur
2866 1747 2917 1798 in
2943 1762 3098 1817 regno
3121 1748 3359 1800 caelorum
3389 1746 3600 1818 (Matth.
3623 1749 3678 1804 5.

2093 1834 2203 1904 19).
2237 1836 2513 1906 Ejusmodi
2539 1846 2623 1891 est
2666 1837 2766 1891 iste
2798 1855 2810 1890 :
2838 1836 3165 1906 quapropter
3192 1848 3247 1892 et
3277 1854 3498 1909 magnus
3520 1846 3601 1892 est
3628 1838 3683 1893 in

2088 1944 2253 1999 regno
2281 1930 2561 1984 caelorum.
2594 1930 2881 1998 Contingat
2928 1939 3107 1983 autem
3148 1939 3205 1985 et
3231 1945 3329 1983 nos
3372 1931 3521 1999 ejus,
3568 1945 3685 1983 em-

2087 2022 2341 2091 niumque
2380 2022 2666 2090 prmsulum
2690 2020 3020 2075 orationibus
3042 2036 3210 2091 regno
3228 2021 3478 2075 caslerutn
3496 2020 3684 2089 dignes

2088 2110 2227 2178 ﬁeri,
2252 2113 2418 2181 gratia
2449 2121 2503 2166 et
2524 2111 2848 2180 benignitate
2876 2112 3085 2165 Domini
3108 2114 3273 2167 nostri
3305 2112 3432 2166 Jesu
3453 2112 3676 2175 Christi,

2085 2220 2207 2259 cum
2237 2221 2342 2275 quo
2371 2205 2511 2259 Patri
2544 2206 2707 2273 gloria
2730 2248 2743 2271 ,
2776 2221 2898 2259 cum
2928 2214 3112 2259 sancte
3159 2206 3381 2275 Spiritu,
3432 2221 3576 2260 nunc
3621 2215 3677 2260 et

2083 2315 2316 2371 semper,
2348 2311 2402 2356 et
2425 2302 2477 2355 in
2499 2303 2691 2356 saecula
2719 2302 3060 2356 saeculorum.
3091 2304 3283 2356 Amen.

2147 2433 2163 2463 ί
2200 2433 2273 2502 sic
2294 2438 2397 2480 Sav.
2413 2439 2477 2502 .et
2509 2445 2631 2502 unus
2670 2439 2785 2502 Reg.
2826 2438 2878 2480 tn
2902 2437 2950 2480 Β.
2974 2439 3027 2482 et
3047 2432 3174 2495 apud
3198 2431 3383 2492 tterel.,
3408 2428 3678 2495 pulcherri-

2080 2506 2211 2543 mam
2231 2493 2355 2541 Itanc
2378 2493 2600 2542 virtutem
2621 2493 2883 2557 suscipere.

1599 2707 1741 2777 DE
1806 2705 2513 2793 P(ENITENTIA,

1263 2875 1514 2930 ΩΠΔΒΤΔ
1549 2880 1946 2924 ΗΕΒΒΟΜΔΒΔ
1986 2878 2200 2923 SACRE
2242 2877 2781 2931 QUADBAGESIME.

964 3144 1176 3185 HOMILIA
1217 3143 1269 3181 Vl
1320 3126 1418 3198 (a).

461 3222 511 3276 1.
552 3221 720 3287 Quam
739 3221 958 3290 jucundi
990 3219 1279 3291 spiritualis
1300 3218 1460 3287 hujus
1481 3216 1634 3272 nobis
1658 3216 1819 3270 maris
1843 3223 1969 3268 sunt

389 3311 599 3379 ﬂuctus,
622 3322 676 3366 et
706 3312 853 3380 ipsis,
883 3313 970 3381 qui
995 3312 1045 3366 in
1069 3312 1256 3381 pelage
1283 3320 1426 3375 sunt,
1445 3308 1812 3379 jucundieres.
1842 3306 1973 3360 Nam

389 3403 461 3456 illi
489 3402 704 3472 quidem
732 3412 1011 3457 ventorum
1042 3402 1351 3465 insolentia,
1386 3401 1437 3454 hi
1467 3401 1680 3455 auditus
1710 3399 1975 3453 desiderio

388 3497 685 3550 excitantur
725 3504 828 3550 :et
883 3495 958 3549 illi
1002 3495 1219 3565 quidem
1272 3492 1553 3548 sublimius
1607 3490 1970 3562 agglemerati,

390 3586 797 3655 trepidationem
825 3586 1166 3657 gubernatori
1191 3584 1471 3653 plurimam
1506 3582 1775 3636 inferunt:
1811 3583 1860 3635 hi
1884 3582 1973 3635 ubi

388 3691 762 3750 apparuerunt,
785 3680 1048 3734 dicentem
1072 3678 1259 3732 ﬁducia
1283 3677 1447 3732 multa
1470 3676 1697 3747 replent.
1726 3675 1801 3728 Ilii
1833 3677 1974 3728 enim

389 3769 655 3825 furibundi
684 3772 845 3825 maris
861 3780 1193 3840 argumenta,
1220 3768 1272 3822 hi
1300 3769 1490 3822 animae
1521 3766 1833 3822 lcetabundae
1852 3774 1976 3819 sunt

390 3860 584 3917 indicia
615 3881 627 3916 :
662 3862 736 3916 illi
767 3862 931 3931 petris
981 3861 1099 3915 illisi
1131 3860 1413 3930 ignobilem
1444 3860 1674 3912 sonitum
1722 3856 1969 3921 reddunt,

390 3954 444 4009 hi
469 3970 595 4009 vero
624 3955 878 4009 doctrinae
910 3953 1074 4009 verbo
1102 3952 1316 4007 contriti
1336 3951 1581 4005 blandam
1606 3965 1789 4005 vocem
1815 3950 1975 4003 emit-

390 4055 525 4099 tunt.
556 4047 643 4100 Sic
662 4056 715 4100 et
742 4046 960 4117 zephyri
989 4046 1143 4099 ﬂatus
1171 4045 1220 4098 in
1244 4052 1355 4097 sata
1376 4042 1649 4104 cadentes,
1679 4049 1839 4111 atque
1860 4040 1973 4108 ipsa

388 4138 655 4206 Spicarum
694 4138 867 4206 capita
912 4138 1227 4190 inclinantes
1266 4150 1329 4190 ac
1364 4136 1701 4199 relevantes,
1736 4135 1787 4187 iu
1834 4142 1974 4187 terra

389 4229 551 4282 maris
582 4230 771 4283 ﬂuctus
817 4230 1111 4282 imitantur.
1143 4228 1246 4283 Sed
1285 4239 1338 4281 et
1376 4228 1480 4282 illis
1507 4225 1974 4296 satisjucundiera

386 4329 511 4373 sunt
538 4319 648 4374 hace
674 4337 686 4372 :
718 4334 820 4374 non
842 4321 982 4374 enim
1006 4319 1220 4390 zephyri
1245 4318 1421 4384 ﬂatus,
1446 4319 1538 4373 sed
1559 4317 1788 4388 Spiritus
1802 4318 1969 4387 gratia

390 4420 593 4466 vestras
625 4413 830 4466 animas
866 4417 1064 4467 excitat
1092 4421 1145 4466 et
1174 4410 1487 4478 inﬂammat,
1517 4419 1571 4466 et
1599 4411 1774 4480 ignem
1803 4411 1971 4474 illum,

386 4504 456 4560 de
479 4521 585 4575 quo
622 4505 749 4559 olim
777 4505 1019 4560 Christus
1054 4523 1067 4558 :
1102 4502 1283 4574 Ignem
1322 4505 1430 4558 veni
1459 4506 1652 4557 mittere
1680 4505 1733 4556 in
1764 4513 1969 4568 terram,

384 4606 435 4650 et
462 4596 582 4667 quid
605 4596 739 4662 volo,
768 4597 867 4650 nisi
897 4605 951 4649 ut
978 4596 1285 4650 accendatur
1311 4596 1329 4665 (
1353 4592 1482 4647 Luc.
1517 4593 1602 4649 12.
1636 4594 1704 4649 49
1725 4596 1743 4664 )
1768 4594 1792 4647 ?
1821 4593 1974 4648 Hunc

387 4688 544 4743 video
594 4688 889 4742 immissum
920 4689 1305 4756 incensumque
1348 4687 1400 4741 in
1449 4688 1729 4741 animabus
1759 4687 1969 4749 vestris.

385 4781 648 4849 Quoniam
696 4782 854 4853 igitur
900 4790 977 4837 tot
1004 4782 1274 4851 lampades
1306 4780 1458 4835 nobis
1474 4778 1677 4835 Christi
1699 4784 1859 4835 timor
1886 4796 1973 4834 ae-

385 4876 583 4943 cendit,
621 4876 760 4946 agite
800 4875 924 4929 hinc
972 4874 1228 4953 doctrina:
1270 4872 1448 4929 oleum
1484 4872 1823 4940 instillemus,
1865 4888 1972 4943 quo

386 4968 542 5025 nobis
566 4968 869 5024 diuturnior
936 4968 1027 5022 lux
1058 4969 1164 5022 ﬁat.

456 5061 650 5131 Jejunii
672 5067 865 5133 fructus
889 5062 1188 5131 quaerendus
1209 5079 1228 5127 ;
1249 5062 1303 5115 in
1329 5061 1553 5115 studium
1573 5059 1971 5130 spectaculorum

389 5158 664 5211 invehitur.
694 5185 766 5195 -
796 5155 1004 5210 Etenim
1025 5154 1177 5210 nobis
1204 5154 1273 5209 de
1316 5163 1510 5209 cancro
1534 5153 1720 5224 jejunii
1763 5162 1970 5223 tempus

383 5248 449 5302 ad
467 5250 625 5303 ﬁnem
644 5257 798 5319 urget
819 5265 834 5302 :
858 5262 980 5302 nam
996 5249 1061 5302 ad
1085 5247 1240 5302 stadii
1262 5246 1494 5302 medium
1514 5247 1798 5317 progressi,
1813 5247 1968 5301 dein-

349 5404 354 5409 ,
381 5356 509 5410 ceps
537 5340 603 5395 ad
627 5340 800 5411 ipsum
826 5339 986 5395 ﬁnem
1014 5338 1375 5395 concedimus.
1417 5337 1563 5394 Sicut
1589 5339 1731 5394 enim
1755 5340 1845 5410 qui
1886 5338 1962 5393 in~

451 5678 524 5741 (α)
557 5679 731 5728 Cellata
755 5693 865 5729 cum
888 5677 1059 5728 Codice
1084 5684 1180 5726 Em.
1200 5677 1333 5741 Card.
1356 5678 1581 5741 Qttobeni
1604 5679 1741 5739 cujus
1757 5685 1869 5725 neta
1892 5683 1967 5725 est

381 5746 433 5850 ite.
458 5739 537 5810 vt.
558 5741 630 5800 16,
657 5751 709 5791 et
739 5755 848 5792 cum
878 5743 987 5791 (sed.
1015 5741 1294 5790 Barecciauo
1314 5739 1408 5788 212
1429 5752 1457 5788 a
1480 5747 1531 5788 υ.
1552 5743 1819 5793 wetstenio
1842 5741 1968 5789 Basi-

437 5816 558 5851 ensi.

1988 3022 2046 3037 τι..

2081 3124 2242 3195 cepit,
2273 3124 2325 3177 in
2354 3123 2529 3178 medie
2552 3131 2665 3177 est:
2700 3126 2770 3176 ita
2789 3123 2875 3192 qui
2909 3123 2973 3177 ad
3002 3123 3232 3178 medium
3252 3126 3484 3190 devenit,
3511 3126 3669 3183 ﬁnem

2080 3213 2450 3283 apprehendit.
2484 3213 2646 3282 Igitur
2675 3223 2885 3281 tempus
2912 3214 2976 3267 ad
3003 3215 3159 3269 linem
3192 3219 3380 3285 vergit,
3420 3228 3578 3286 atque
3607 3218 3674 3272 de

2080 3316 2277 3361 caetero
2316 3314 2527 3375 portum
2563 3304 2751 3375 cymba
2782 3305 3066 3373 prospicit;
3092 3306 3183 3358 sed
3230 3307 3370 3375 quod
3395 3308 3672 3376 quaeritur,

2081 3409 2187 3448 non
2222 3395 2330 3464 jam
2361 3405 2443 3449 est
2470 3395 2538 3449 ad
2573 3405 2786 3464 portum
2815 3396 3116 3464 pervenire,
3148 3397 3241 3450 sed
3291 3414 3480 3452 navem
3532 3399 3672 3453 haud

2081 3486 2212 3540 lucri
2236 3502 2451 3541 vacuam
2478 3486 2708 3542 trahere.
2733 3488 2840 3542 Ore
2867 3504 2960 3541 vos
2979 3504 3163 3541 omnes
3184 3500 3237 3543 et
3259 3491 3501 3553 obsecro,
3521 3506 3671 3545 suam

2079 3580 2301 3648 quisque
2318 3580 2384 3632 ad
2397 3580 2776 3632 conscientiam
2795 3580 2983 3648 jejunii
3012 3580 3418 3649 negotiationem
3438 3593 3666 3650 reputet,

2080 3691 2141 3730 ac
2168 3676 2214 3730 si
2239 3676 2452 3745 quidem
2482 3676 2691 3730 lucrum
2720 3676 2945 3729 multum
2966 3676 3353 3730 accumulatum
3382 3677 3667 3742 invenerit,

2081 3768 2428 3837 negetiatieni
2466 3769 2627 3822 addat
2656 3786 2667 3821 :
2701 3768 2745 3822 si
2780 3768 2908 3822 nihil
2949 3778 3354 3838 congregatum,
3399 3770 3665 3838 reliquum

2078 3862 2335 3931 temporis
2393 3861 2739 3930 negetiatieni
2794 3860 3085 3931 impendat.
3119 3861 3475 3930 Quoadusque
3525 3870 3669 3915 stant

2081 3954 2354 4017 nundinaz,
2400 3953 2731 4023 negotiantes
2760 3952 2828 4006 de
2864 3967 3057 4022 magno
3087 3953 3237 4006 lucro
3266 3954 3667 4020 contendamus,

2078 4061 2146 4100 ne
2176 4047 2354 4099 vacuis
2382 4045 2693 4099 recedamus
2724 4044 2987 4108 manibus,
3021 4046 3286 4114 nejejunii
3317 4046 3552 4101 laborem
3582 4055 3667 4101 to-

2078 4135 2329 4201 lerantes,
2357 4135 2545 4205 jejunii
2586 4136 2891 4190 amittamus
2923 4137 3221 4206 praemium.
3253 4136 3400 4190 Licet
3445 4139 3587 4191 enim
3613 4147 3668 4192 et

2070 4228 2260 4298 jejunii
2290 4228 2525 4283 laborem
2556 4228 2797 4294 suﬂ‘erre,
2832 4239 2887 4283 et
2904 4228 3088 4299 jejunii
3118 4228 3344 4283 fructum
3382 4246 3485 4284 non
3531 4246 3665 4285 cen-

2077 4320 2225 4389 seqni
2257 4337 2271 4373 :
2295 4318 2563 4388 quomodo
2584 4320 2607 4370 ’ἶ
2630 4318 2762 4373 Cum
2787 4319 2991 4373 scilicet
3015 4333 3136 4372 esca
3164 4320 3512 4383 abstinemus,
3538 4336 3665 4389 pec-

2076 4421 2196 4463 cato
2220 4426 2323 4463 non
2353 4410 2684 4464 abstinemus
2710 4430 2721 4463 :
2753 4426 2873 4463 cum
2891 4410 3140 4465 carnibus
3165 4412 3380 4480 quidem
3410 4427 3515 4465 neu
3570 4428 3662 4467 ve-

2076 4501 2291 4566 scimur,
2314 4501 2634 4555 deveramus
2655 4511 2831 4555 tamen
2856 4516 3142 4570 pauperum
3165 4501 3378 4557 demes:
3397 4518 3516 4556 cum
3540 4502 3664 4557 vino

2076 4592 2288 4662 quidem
2318 4591 2463 4646 haud
2488 4591 2835 4657 inchriamur,
2866 4592 3194 4646 inebriamur
3223 4608 3351 4647 vero
3380 4592 3664 4647 desideriis

2075 4684 2256 4752 pravis
2281 4700 2295 4736 :
2326 4698 2447 4738 cum
2476 4682 2689 4754 quidem
2719 4683 2893 4738 inedia
2935 4692 3097 4738 totam
3130 4686 3468 4753 transigimus
3497 4684 3660 4749 diem,

2073 4783 2233 4843 atque
2252 4774 2494 4829 eamdem
2525 4772 2806 4844 impudicis
2838 4776 2892 4828 in
2920 4775 3238 4843 spectaculis
3272 4777 3660 4843 consumimus,

2075 4866 2213 4922 Ecce
2253 4868 2437 4938 jejunii
2480 4868 2651 4937 labor,
2681 4876 2737 4923 et
2779 4868 2971 4937 jejunii
3017 4866 3218 4922 fructus
3254 4884 3512 4938 nusquam
3557 4882 3659 4938 εει,

2071 4976 2193 5015 cum
2234 4960 2522 5032 iniquitatis
2571 4964 2777 5015 theatra
2817 4960 3246 5015 conscendimus.
3297 4960 3413 5014 Non
3453 4961 3517 5016 ad
3564 4977 3663 5016 vos

2074 5052 2205 5107 mihi
2231 5062 2312 5108 est
2351 5069 2549 5118 sermo,
2583 5052 2703 5106 nevi
2727 5054 2870 5107 enim
2901 5052 2968 5107 ab
2988 5068 3049 5107 ea
3082 5053 3421 5108 accusatione
3446 5068 3542 5107 vos
3566 5070 3659 5106 va-

2071 5159 2199 5198 cuos
2228 5161 2386 5210 esse;
2418 5144 2511 5199 sed
2554 5160 2670 5199 mes
2715 5143 2900 5199 delere
2926 5146 3128 5214 pressis
3153 5153 3256 5210 est,
3288 5160 3406 5199 cum
3436 5145 3513 5199 eis
3552 5159 3658 5201 nera

2070 5235 2281 5301 adsunt,
2310 5237 2397 5305 qui
2429 5237 2630 5291 doloris
2673 5236 2801 5290 dant
2826 5251 3064 5302 causam,
3096 5238 3148 5290 in
3183 5248 3473 5305 praesentes
3526 5238 3648 5292 iram

2070 5342 2342 5382 evomere.
2388 5326 2540 5396 Quod
2582 5329 2722 5384 enim
2750 5328 2954 5383 lucrum
2980 5330 3281 5398 jejunanles
3314 5329 3519 5383 theatra
3552 5330 3655 5382 ini-

2068 5417 2283 5487 quitatis
2315 5421 2625 5488 ascendere,
2673 5420 2739 5475 ad
2776 5436 3115 5475 communem
3144 5421 3368 5479 luxuria:
3413 5420 3652 5475 scholam

2070 5510 2311 5575 introire,
2331 5512 2396 5567 ad
2416 5515 2683 5584 publicum
2702 5514 3099 5570 incontinentiae
3114 5514 3467 5584 gymnasium,
3491 5527 3653 5580 super

2067 5603 2377 5657 cathedram
2426 5605 2612 5659 sedere
2640 5605 3101 5674 pestilentiarum?
3130 5604 3342 5659 Etenim
3377 5613 3431 5659 et
3463 5603 3649 5657 cathe-

2065 5696 2216 5751 dram
2240 5697 2573 5766 pestilentiae,
2604 5706 2659 5752 et
2684 5697 3082 5753 incontinentiae
3108 5696 3464 5768 gymnasium.
3487 5694 3647 5749 sche-

2068 5793 2279 5862 Iamque
2328 5791 2569 5859 luxurim,
2600 5801 2650 5845 et
2680 5792 2856 5846 omnia
2890 5789 3192 5859 turpissima
3233 5788 3563 5843 orchestram
3603 5790 3649 5843 si
