4066 6392
428 331 534 389 515

428 447 551 512 quis
575 443 788 511 dixerit,
817 443 956 500 haud
982 443 1300 515 peccaverit,
1329 445 1616 514 pessimum
1644 443 1788 499 illum
1809 444 2006 508 locum,

428 538 885 610 plurintorumque
906 539 1214 594 morborum
1242 538 1480 608 plenum,
1502 537 1879 609 Babylonicam
1908 536 2015 591 for-

427 641 638 683 nacem.
664 629 796 684 Nam
827 631 968 684 velut
993 630 1043 682 in
1077 631 1342 684 fornacem
1374 629 1657 698 quamdam
1678 628 2009 698 compellens

428 718 486 772 in
516 717 781 774 theatrum
822 719 1067 774 diabolus
1095 718 1303 784 urbem,
1354 719 1431 774 sic
1457 719 1525 772 ab
1556 719 1664 772 imo
1707 717 2011 786 succendit,

429 825 536 864 non
572 812 683 881 jam
713 812 988 866 malleolos
1013 812 1332 867 submittens
1353 854 1367 878 ,
1393 812 1556 866 veluti
1593 822 1718 866 tunc
1758 811 2019 868 barbarus

433 901 546 967 ille,
578 917 752 972 neque
778 903 1093 973 napbtbam,
1125 919 1301 973 neque
1343 914 1575 974 stupam,
1608 919 1781 974 neque
1803 905 2013 974 picem;

427 992 524 1046 sed
545 992 630 1046 his
653 993 821 1048 multo
847 994 1072 1064 pejoraâ€˜,
1109 995 1421 1049 fornicarios
1445 997 1613 1061 visus,
1638 996 1809 1065 turpia
1830 997 2014 1064 verba,

428 1084 667 1138 membra
699 1086 930 1140 molliter
964 1084 1102 1140 flexa
1127 1129 1141 1152 ,
1190 1097 1350 1157 atque
1389 1088 1563 1142 omnis
1587 1087 1770 1156 plenos
1800 1087 2016 1142 malitia:

427 1185 636 1230 cantus.
667 1177 814 1231 Illam
872 1178 1031 1248 igitur
1070 1178 1337 1232 fornacem
1379 1178 1670 1233 barbarica:
1709 1195 1896 1233 manus
1928 1195 2016 1234 ac-

427 1267 746 1335 cenderunt,
763 1269 898 1323 banc
915 1279 1090 1324 autem
1110 1270 1380 1324 fornacem
1410 1271 1759 1340 cogitationes
1774 1271 2014 1325 barbaris

427 1360 826 1430 insipientiores
856 1361 1154 1418 accendunt
1184 1380 1197 1416 :
1232 1363 1346 1416 haec
1376 1363 1461 1416 illa
1493 1364 1664 1433 pejor,
1693 1364 2016 1434 quandoqui-

425 1451 550 1506 dem
597 1453 733 1523 ignis
759 1453 1012 1520 deterior,
1063 1469 1170 1508 non
1198 1455 1285 1523 qui
1318 1455 1560 1522 corporis
1605 1464 1870 1520 naturam,
1920 1457 2013 1510 sed

429 1545 519 1612 qui
543 1545 737 1599 bonam
764 1545 954 1599 animae
975 1545 1328 1616 depripulatur
1352 1547 1715 1602 habitudinem
1747 1566 1759 1601 :
1785 1559 1838 1602 et
1872 1548 2014 1615 quod

427 1636 710 1691 nocentius
753 1645 854 1700 est,
892 1652 1065 1706 neque
1096 1637 1195 1705 ipsi
1223 1639 1311 1708 qui
1347 1639 1752 1706 comburuntur,
1785 1641 2012 1710 idipsum

428 1728 701 1791 sentiunt;
731 1728 774 1790 si
802 1727 945 1782 enim
967 1728 1246 1792 sentirent,
1276 1743 1380 1782 non
1398 1729 1506 1798 jam
1538 1729 1763 1784 effusum
1783 1730 1930 1784 illum
1961 1731 2013 1785 in

429 1817 514 1872 his
535 1819 699 1873 risum
741 1820 1068 1874 emitterent.
1099 1821 1263 1889 Igitur
1292 1821 1343 1875 id
1372 1822 1453 1875 vel
1480 1824 1766 1890 pessimum
1795 1834 1873 1878 est
1904 1840 2015 1878 ma-

427 1909 559 1977 lum,
590 1926 710 1966 cum
735 1913 857 1981 quis
877 1911 1194 1980 infirmatur,
1223 1929 1396 1982 neque
1423 1913 1648 1982 idipsum
1676 1915 1816 1984 quod
1862 1917 2013 1968 infir-

425 2011 604 2055 matur
646 2003 834 2056 novit:
876 2011 930 2056 ct
968 2003 1164 2057 misere
1209 2001 1404 2056 ardens
1437 2012 1492 2057 et
1530 2019 1866 2068 asrumnose,
1909 2020 2012 2065 non

426 2095 591 2148 sentit
621 2094 947 2150 incendium.
991 2095 1244 2162 Quaenam
1268 2094 1456 2163 jejunii
1495 2095 1712 2160 utilitas,
1746 2096 1831 2152 dic
1859 2098 2010 2163 mihi,

425 2199 549 2238 cum
581 2185 796 2254 quidem
823 2200 1017 2254 corpus
1037 2201 1190 2240 arces
1212 2185 1448 2254 legitimo
1472 2201 1502 2239 a
1530 2187 1876 2254 nutrimento,
1911 2189 2015 2242 ini-

426 2291 591 2344 quum
616 2294 746 2333 vero
774 2280 1164 2333 nutrimentum
1203 2280 1398 2334 anima:
1427 2279 1681 2334 inducis?
1708 2295 1829 2334 cum
1872 2281 2016 2337 diem

426 2369 538 2423 illic
564 2370 729 2425 trabis
770 2370 984 2435 sedens,
1026 2385 1363 2424 communem
1403 2381 1648 2424 naturam
1680 2372 2012 2442 deturpatam

426 2465 643 2519 intuens
693 2480 756 2520 ac
786 2466 1103 2533 traductam,
1136 2465 1492 2534 mulieresque
1514 2463 1848 2531 fornicarias,
1875 2465 2017 2519 adul-

428 2555 562 2609 teria
612 2566 1058 2623 repraesentantes
1109 2556 1217 2610 illic
1245 2572 1360 2623 eos,
1390 2557 1478 2626 qui
1527 2556 1786 2628 cujusque
1823 2557 2016 2611 domus

426 2646 565 2700 mala
595 2646 849 2716 colligunt
876 2648 899 2701 ?
927 2647 1060 2701 Nam
1091 2657 1145 2702 et
1192 2647 1574 2702 fornicationes
1605 2648 1788 2702 videre
1833 2647 2013 2714 datur,

425 2745 482 2791 et
503 2737 691 2792 audire
718 2737 1095 2808 blasphemias,
1127 2753 1234 2808 quo
1262 2747 1316 2793 et
1344 2754 1438 2808 per
1463 2739 1669 2805 oculos,
1695 2748 1749 2793 et
1790 2753 1886 2808 per
1913 2754 2013 2792 au-

424 2829 595 2884 ditum
625 2831 722 2900 ipsi
751 2833 943 2886 animae
967 2833 1184 2888 morbus
1207 2833 1486 2902 procedat:
1512 2833 1713 2887 alienas
1740 2833 2015 2887 imitantur

424 2922 774 2990 calamitates,
825 2923 967 2979 unde
993 2934 1046 2978 et
1075 2924 1204 2995 ipsis
1231 2924 1572 2994 turpitudinis
1610 2940 1804 2980 nomen
1845 2926 2017 2996 impo-

425 3014 587 3068 situm
639 3023 742 3068 est.
771 3015 920 3082 Quod
967 3016 1126 3086 igitur
1164 3017 1352 3086 jejunii
1407 3017 1610 3072 lucrum
1656 3018 1832 3073 anima
1883 3019 2014 3073 cibis

425 3105 687 3173 ejusmodi
711 3107 912 3161 nutrita
935 3107 958 3160 ?
981 3107 1174 3175 quibus
1202 3107 1374 3161 oculis
1409 3123 1633 3162 uxorem
1662 3109 1764 3162 illis
1809 3124 1839 3163 a
1886 3125 2013 3178 spe-

425 3195 650 3250 ctaculis
677 3195 881 3250 videbis
905 3196 929 3248 ?
955 3196 1146 3266 quibus
1173 3198 1342 3252 oculis
1369 3198 1575 3253 videbis
1604 3197 2013 3270 filium?quibus

426 3285 824 3342 domesticum?
854 3288 1047 3358 quibus
1075 3290 1305 3344 amicum
1331 3290 1354 3343 ?
1378 3289 1608 3345 Necesse
1628 3301 1804 3345 autem
1832 3292 2016 3346 dicen-

428 3384 534 3428 tem
569 3376 676 3430 illic
702 3386 849 3446 gesta
876 3379 1217 3447 turpitudine,
1251 3390 1342 3434 aut
1367 3389 1628 3435 tacentem
1659 3382 1854 3436 rubore
1884 3397 2013 3437 cnn-

424 3464 592 3518 fundi.
626 3465 732 3520 Sed
762 3465 888 3522 hinc
915 3485 1023 3522 non
1049 3469 1127 3524 sic
1147 3468 1262 3523 abis
1288 3488 1302 3522 :
1327 3469 1505 3523 licebit
1525 3485 1654 3525 vero
1677 3471 1820 3525 domi
1848 3473 2012 3526 multa

424 3570 547 3610 eum
597 3556 794 3612 fiducia
849 3558 1093 3613 universa
1142 3575 1383 3624 narrare,
1442 3559 1782 3630 prolibcticas
1832 3577 2010 3628 voces,

425 3649 716 3717 apostolica
743 3649 1010 3720 dogmata,
1044 3651 1188 3719 leges
1211 3651 1532 3716 Dominicas,
1560 3667 1775 3706 omnem
1799 3652 2012 3707 virtutis

425 3753 663 3792 mensam
681 3754 969 3808 apponere,
989 3754 1316 3809 uxoremque
1336 3741 1729 3796 narrationibus
1749 3741 2012 3811 ejusmodi

425 3830 758 3898 pudiciorem
807 3831 1051 3898 reddere,
1109 3831 1508 3899 prudentiorem
1559 3831 2012 3898 filium,benevo-

425 3920 709 3975 lentiorem
764 3921 1139 3986 domesticum,
1195 3922 1502 3975 amiciorem
1559 3923 1812 3988 amicum,
1853 3934 2013 3994 atque

427 4012 602 4082 ipsum
649 4011 920 4066 inimicum
953 4013 1298 4082 persuadebis
1323 4013 1505 4066 odium
1542 4012 1830 4082 deponere.

496 4104 553 4156 2.
602 4102 730 4156 Vera
755 4104 934 4172 jejunii
975 4104 1106 4157 ratio
1133 4119 1268 4173 quae.
1316 4133 1388 4142 â€”
1416 4102 1577 4158 Vides
1606 4104 1872 4173 quomodo
1898 4104 2014 4161 lucc

424 4197 638 4268 quidem
689 4197 891 4266 ubique
941 4197 1194 4251 salutaria
1243 4195 1515 4266 dogmata,
1549 4195 1636 4249 illa
1667 4211 1796 4250 vero
1822 4212 2013 4251 acroa-

425 4299 568 4344 mata
616 4290 808 4360 ubique
859 4287 1111 4343 inutilia?
1155 4288 1285 4355 Qua:
1332 4288 1491 4358 igitur
1532 4287 1721 4358 jejunii
1773 4289 2010 4352 utilitas,

423 4397 625 4452 quaeso,
681 4396 800 4435 cum
852 4394 1078 4450 corpore
1127 4379 1341 4449 quidem
1381 4377 1613 4448 jejunas,
1667 4378 1837 4459 oculis
1885 4395 2014 4433 vero

426 4473 758 4529 mmcltaris?
784 4471 1118 4526 Adulterium
1146 4471 1288 4526 enim
1311 4478 1394 4524 est
1417 4484 1524 4525 non
1557 4470 1668 4540 ipsa
1698 4469 1859 4524 modo
1879 4485 2015 4524 con-

425 4564 707 4636 glutinatio
747 4573 840 4619 aut
884 4563 1076 4633 copula
1123 4560 1368 4631 corporis
1397 4602 1412 4625 ,
1468 4561 1564 4616 sed
1609 4570 1663 4615 et
1717 4560 2015 4631 impudicus

424 4658 591 4712 visus.
620 4656 750 4724 Quae
773 4656 972 4710 utilitas
992 4669 1114 4710 cum
1142 4653 1266 4707 illuc
1292 4652 1416 4707 hinc
1441 4651 1602 4707 abis?
1635 4652 1748 4721 Ego
1783 4652 2014 4720 corrigo,

425 4748 516 4803 ille
557 4747 851 4815 corrumpit
883 4764 896 4800 :
925 4761 1024 4816 ego
1072 4744 1368 4799 medicinas
1415 4742 1605 4798 morbo
1645 4741 1897 4810 adhibeo,
1927 4742 2016 4797 ille

365 4909 368 4912 Î‘
424 4851 644 4892 causam
685 4837 856 4892 morbi
906 4836 1213 4891 ministrat:
1245 4848 1344 4904 ego
1373 4843 1580 4889 natura:
1606 4831 1876 4888 ï¬‚ammam
1918 4849 2014 4888 ex-

425 4932 674 5001 stinguo,
727 4929 818 4984 ille
864 4927 1097 4982 libidinis
1124 4927 1393 4981 ï¬‚ammam
1439 4924 1702 4979 accendit.
1757 4924 1886 4989 Qua:
1907 4924 2017 4978 uti-

425 5023 548 5075 litas
575 5061 592 5088 ,
641 5021 728 5075 dic
773 5019 954 5074 mihi?
998 5017 1140 5073 Unus
1166 5019 1427 5087 wdi/icans
1477 5024 1524 5070 et
1548 5032 1678 5070 unus
1701 5016 1960 5070 destruens
1997 5031 2015 5069 :

425 5113 548 5184 quid
598 5113 788 5168 lucrati
834 5121 952 5167 sunt
1011 5111 1127 5182 plus
1187 5127 1341 5181 quam
1411 5107 1604 5163 labores
1652 5107 1865 5181 (Eccli.
1922 5109 2012 5163 54.

425 5205 496 5259 28
521 5203 564 5276 ).
617 5204 735 5259 Non
776 5219 903 5274 ergo
929 5203 1018 5258 hic
1070 5211 1125 5257 et
1151 5203 1302 5268 illic,
1374 5199 1470 5255 sed
1519 5200 1608 5255 hic
1662 5200 1834 5254 solum
1885 5214 2016 5253 con-

425 5311 724 5362 versemur,
745 5310 850 5365 quo
879 5293 1170 5358 fructuose,
1199 5307 1304 5362 quo
1329 5306 1438 5346 non
1467 5291 1520 5345 in
1546 5305 1740 5345 vanum
1769 5289 1877 5356 hic,
1909 5303 2016 5360 quo

426 5403 536 5442 non
562 5386 838 5451 inutiliter,
858 5401 1031 5457 neque
1054 5385 1119 5440 ad
1136 5384 1533 5438 damnationem
1555 5401 1568 5438 :
1592 5383 1734 5438 Unus
1754 5382 2016 5451 aadiï¬cans

426 5491 476 5535 et
501 5497 632 5534 unus
647 5480 908 5534 destrueus
933 5495 950 5532 :
978 5475 1100 5548 quid
1131 5476 1312 5530 lucrati
1330 5484 1447 5530 sunt
1474 5474 1586 5544 plus
1606 5491 1758 5547 quam
1779 5475 1972 5528 labores
1990 5475 2016 5528 ?

431 5574 501 5630 Et
526 5574 767 5645 quamvis
795 5571 947 5626 multi
976 5570 1300 5627 aedificantes
1326 5567 1522 5637 forent,
1548 5583 1683 5624 unus
1731 5582 1863 5624 vero
1913 5567 2012 5624 de-

493 5731 512 5761 á½·
547 5730 704 5792 verba
723 5741 883 5792 usque
905 5727 985 5786 ad,
1004 5725 1108 5778 hac
1135 5724 1223 5777 illa
1242 5725 1397 5792 pejor,
1415 5724 1818 5777 desiderabantur
1835 5727 1886 5776 in
1907 5721 2015 5775 Edi-

425 5791 520 5853 tis;
543 5791 634 5842 sed
651 5804 715 5842 ex
738 5790 898 5843 Ottob.
923 5797 976 5842 et
997 5796 1183 5841 Barocc.
1207 5790 1434 5841 restituta
1455 5795 1586 5840 sunt.

1101 332 1157 389 S.
1198 330 1476 389 JOANNIS
1513 329 1978 388 CHRYSOSTOMI
2016 331 2331 388 AllClllElâ€™.
2371 333 2898 394 CONSTANTINUP.

3597 339 3699 393 316

2121 455 2356 511 struens,
2379 446 2628 506 facilitate
2649 451 3012 508 subversionis
3035 453 3408 509 mdificantium
3424 453 3706 508 multitudo

2120 537 2370 592 vincitur.
2405 540 2604 610 Magnae
2646 543 2885 612 profecto
2917 546 3258 615 turpitudinis
3300 556 3354 601 et
3392 546 3614 616 juvenes
3649 557 3705 601 et

2123 643 2280 683 senes
2311 630 2377 684 ad
2421 633 2527 686 tale
2580 635 2816 688 studium
2865 635 3140 691 festinare.
3172 636 3276 692 Sed
3307 637 3506 691 utinam
3537 651 3706 705 usque

2125 718 2192 773 ad
2225 722 2602 790 turpitudinem
2631 734 2772 780 esset
2802 727 3000 780 malum
3028 745 3044 783 :
3071 729 3278 783 tametsi
3322 729 3375 783 id
3405 728 3605 783 homini
3633 728 3703 782 li-

2120 811 2252 865 bero
2279 813 2610 870 intolerabile
2636 815 2858 872 fortasse
2884 818 3112 886 videtur,
3131 830 3185 874 et
3212 819 3466 874 damnum
3481 817 3706 874 cordato

2121 903 2434 970 maximum,
2458 906 2500 959 si
2527 907 2850 976 turpitudine
2869 910 3225 980 etignominia
3248 920 3494 973 notetur;
3517 924 3704 965 verum

2121 1007 2226 1046 non
2253 993 2318 1048 ad
2345 994 2684 1064 ignominiam
2705 1013 2872 1068 usque
2901 1008 3102 1056 tantum
3130 1016 3284 1071 poena
3310 1000 3570 1070 procedit,
3607 1004 3704 1055 sed

2122 1083 2252 1138 ultio
2278 1085 2463 1154 ingens
2490 1101 2553 1140 ac
2579 1089 2894 1158 supplicium
2921 1090 3162 1146 imminet
3189 1106 3442 1147 :necesse
3461 1093 3702 1146 estenim

2121 1175 2228 1230 illic
2247 1177 2494 1232 sedentes
2511 1190 2726 1247 peccato
2734 1180 2986 1254 adulterii
3002 1199 3189 1238 omnes
3211 1184 3396 1249 teneri,
3420 1197 3524 1237 non
3551 1182 3698 1254 quod

2120 1266 2193 1320 ibi
2244 1267 2556 1323 mulieribus
2602 1271 2938 1340 COpulentur,
2981 1272 3076 1328 sed
3103 1273 3246 1343 quod
3288 1273 3562 1342 impudicis
3607 1287 3704 1326 eas

2120 1356 2424 1412 intueantur
2463 1360 2652 1414 oculis.
2696 1360 2907 1416 Etenim
2955 1362 3054 1416 hos
3077 1377 3289 1434 quoque
3324 1377 3542 1418 necesse
3579 1376 3704 1418 esse

2120 1451 2384 1506 adulterio
2405 1453 2571 1508 teneri
2597 1463 2656 1508 ut
2675 1454 3000 1524 intelligatis.
3023 1471 3126 1510 non
3149 1471 3324 1511 meum
3347 1455 3498 1510 vobis
3525 1453 3704 1510 dicam

2119 1559 2444 1612 sermonem,
2480 1561 2549 1602 ne
2595 1547 2729 1602 forte
2757 1548 3085 1619 dcspiciatis,
3125 1550 3218 1604 sed
3263 1548 3492 1603 divinam
3530 1547 3703 1618 legem

2119 1635 2416 1704 explicabo,
2437 1637 2525 1690 ubi
2552 1637 2826 1706 despectui
2853 1653 3181 1708 nequaquam
3213 1638 3384 1692 locus.
3413 1636 3546 1704 Quid
3571 1652 3705 1706 ergo

2119 1725 2295 1780 divina
2313 1727 2399 1781 lex
2421 1728 2617 1797 inquit?
2638 1729 2861 1782 Audistis
2875 1730 2992 1801 quia
3016 1730 3201 1783 dictum
3218 1739 3287 1784 est
3305 1728 3557 1798 mitiquis:
3579 1726 3707 1782 Non

2118 1818 2440 1872 mter/iuberis
2463 1818 2653 1889 (Exod.
2676 1819 2766 1874 20.
2797 1820 2887 1890 14)
2912 1837 2927 1885 Í¾
2954 1837 3046 1892 ego
3071 1831 3235 1874 autem
3260 1822 3371 1874 dico
3392 1821 3546 1887 vobis,
3569 1819 3707 1889 quod

2117 1910 2418 1979 quicumque
2463 1909 2643 1964 viderit
2680 1911 2937 1966 mulierem
2979 1912 3047 1965 ad
3089 1912 3542 1980 concupiscendum
3565 1929 3702 1976 eam,

2108 2001 2224 2070 jam
2252 2003 2526 2058 mine/tatus
2552 2013 2624 2057 est
2647 2020 2758 2058 eam
2783 2005 2836 2058 in
2864 2005 3015 2060 corde
3037 2022 3130 2060 suo
3169 2006 3377 2075 (Matth.
3407 2008 3460 2062 5.
3481 2003 3699 2077 27.28).

2120 2092 2311 2146 Vidisti
2331 2093 2652 2149 adulterium
2669 2107 3094 2150 consummatum
3124 2097 3147 2150 ?
3175 2096 3350 2151 vidisti
3379 2098 3705 2166 completum

2119 2195 2391 2254 peccatum
2411 2189 2434 2239 á¼²
2454 2195 2508 2241 et
2523 2187 2661 2256 quod
2683 2187 2938 2254 deterius,
2963 2189 3014 2243 in
3036 2189 3296 2244 adulterio
3315 2189 3705 2259 deprehensum

2117 2279 2438 2347 adulterum,
2466 2295 2572 2334 non
2604 2283 2856 2348 humano,
2871 2283 2963 2337 sed
2995 2282 3174 2336 divino
3201 2284 3300 2336 sub
3324 2282 3524 2351 judicio
3546 2282 3708 2336 adul-

2118 2369 2238 2424 terii
2259 2386 2406 2425 reum
2435 2386 2575 2436 esse,
2607 2373 2695 2427 ubi
2734 2373 3061 2429 immortales
3085 2383 3208 2428 sunt
3235 2389 3424 2444 pinnae.
3460 2373 3709 2439 Quicum-

2117 2477 2211 2529 que
2239 2463 2372 2514 enim
2399 2463 2575 2516 viderit
2600 2465 2857 2518 mulierem
2879 2466 2945 2518 ad
2961 2465 3412 2535 concupiscendum
3437 2481 3566 2527 eam,
3588 2466 3706 2535 jam

2117 2552 2392 2606 moechatus
2432 2563 2503 2606 est
2536 2570 2650 2607 eam
2688 2554 2738 2608 in
2767 2556 2917 2609 corde
2938 2572 3056 2609 suo.
3085 2555 3198 2610 Non
3237 2556 3396 2610 modo
3434 2555 3703 2621 morbum,

2118 2643 2213 2698 sed
2251 2653 2305 2697 et
2343 2645 2514 2698 morbi
2566 2645 2799 2701 radicem
2839 2648 3056 2712 evellit;
3087 2647 3236 2701 radix
3269 2648 3410 2703 enim
3457 2647 3706 2702 adulterii

2117 2735 2543 2806 concupiscentia
2583 2737 2846 2806 impudica
2894 2755 2907 2790 :
2958 2753 3125 2808 quare
3165 2753 3269 2793 non
3311 2738 3470 2792 modo
3519 2738 3708 2807 plectit

2117 2826 2454 2892 adulterium,
2471 2828 2563 2883 sed
2584 2838 2636 2884 et
2653 2830 3131 2900 concupiscentiam
3148 2872 3164 2898 ,
3191 2830 3432 2884 adulterii
3455 2841 3704 2885 matrem.

2117 2919 2206 2976 Sic
2225 2929 2278 2976 et
2301 2922 2494 2976 medici
2538 2921 2759 2990 faciunt,
2792 2939 2895 2976 non
2922 2923 2988 2977 ad
3019 2923 3236 2978 morbos
3269 2922 3467 2976 instant
3505 2923 3707 2989 solum,

2117 3012 2212 3069 sed
2251 3013 2316 3068 ad
2344 3028 2532 3069 causas
2557 3015 2717 3069 etiam
2759 3015 3021 3070 tollendas
3047 3032 3060 3068 :
3091 3015 3232 3084 quod
3262 3015 3307 3069 si
3353 3024 3704 3084 mgrotautem

2117 3103 2329 3159 oculum
2353 3104 2601 3172 viderint,
2631 3119 2848 3174 pravum
2879 3106 3153 3159 humorem
3182 3105 3413 3176 desuper
3437 3120 3467 3159 a
3497 3115 3710 3174 tempo-

2116 3193 2264 3249 ribus
2283 3204 2668 3264 compescunt:
2699 3195 2775 3249 sic
2797 3205 2852 3250 et
2874 3195 3120 3250 Christus
3140 3194 3284 3250 facit.
3313 3194 3537 3250 Caecitas
3561 3194 3707 3250 mala

2116 3294 2199 3338 est
2235 3285 2588 3351 adulterium;
2629 3286 2904 3340 oculorum
2932 3295 3016 3340 est
3044 3285 3281 3347 morbus.
3312 3300 3420 3339 non
3459 3286 3707 3356 corporis

2116 3375 2311 3440 solum,
2359 3375 2454 3430 sed
2492 3376 2681 3430 animae
2709 3377 2887 3446 prius:
2919 3376 3116 3430 idcirco
3142 3375 3263 3430 inde
3287 3376 3578 3445 compescit
3609 3375 3708 3430 bu~

2117 3481 2322 3521 morem
2353 3466 2698 3536 impudicitia:
2742 3482 2835 3536 per
2881 3467 3125 3521 timorem
3165 3466 3333 3536 legis;
3378 3481 3542 3536 quare
3593 3482 3706 3521 non

2115 3558 2277 3614 modo
2303 3558 2621 3613 adulterium
2641 3558 2816 3628 punit,
2860 3557 2952 3612 sed
2981 3557 3466 3627 concupiscentiam
3489 3571 3708 3627 quoque

2118 3651 2406 3706 ulciscitur.
2439 3649 2561 3704 Jam
2586 3650 2860 3704 masc/tatus
2900 3661 2971 3704 ÎµÎµÎ¹
2999 3667 3109 3703 eam
3132 3651 3183 3703 in
3211 3652 3358 3705 corde
3381 3667 3491 3704 suo.
3524 3649 3708 3723 Corde

2115 3751 2292 3797 autem
2318 3751 2590 3812 corrupto,
2617 3759 2734 3812 qua:
2766 3742 3017 3813 deinceps
3043 3743 3241 3797 utilitas
3268 3744 3320 3797 in
3348 3745 3552 3812 reliquo
3580 3760 3708 3799 enr-

2117 3831 2769 3902 pore?Quemadmodum
2824 3833 2964 3887 enim
3011 3834 3062 3886 in
3091 3833 3284 3902 plantis
3324 3843 3378 3887 et
3423 3835 3601 3904 lignis,
3655 3835 3704 3890 si

2115 3922 2330 3994 quando
2359 3939 2454 3978 cor
2477 3939 2693 3979 exesum
2721 3923 2982 3988 videmus,
3009 3925 3268 3994 reliquam
3288 3924 3354 3979 de
3385 3936 3582 3980 caetero
3610 3940 3706 3981 re-

2117 4015 2402 4085 pudiamus
2433 4024 2639 4084 partem
2665 4033 2678 4070 :
2703 4016 2782 4071 sic
2807 4025 2861 4070 et
2888 4017 2938 4070 in
2969 4016 3180 4070 bomine
3207 4031 3327 4070 cum
3370 4016 3422 4070 id
3457 4019 3702 4086 perierit,

2118 4107 2382 4162 incassum
2395 4106 2613 4162 estinde
2626 4107 2826 4176 reliqua
2843 4107 3080 4176 corporis
3092 4108 3309 4163 sanitas.
3330 4109 3368 4162 Î‘
3378 4109 3522 4178 uriga
3541 4110 3703 4178 perit,

2117 4198 2336 4266 fractus,
2351 4199 2587 4270 dejectus
2603 4208 2704 4265 est,
2721 4198 2914 4254 frustra
2940 4200 2992 4254 in
3011 4209 3281 4269 posterum
3301 4201 3421 4269 equi
3441 4211 3666 4255 currunt
3687 4219 3702 4255 :

2118 4291 2384 4346 laboriosa
2427 4291 2516 4346 lex
2547 4301 2603 4347 et
2649 4292 2872 4346 multum
2898 4291 3077 4347 oneris
3117 4291 3276 4346 habet
3307 4310 3320 4346 :
3346 4292 3425 4346 sic
3461 4293 3624 4363 igitur
3651 4305 3710 4349 et

2117 4398 2365 4454 magnam
2398 4383 2560 4439 habet
2582 4399 2857 4439 coronam.
2897 4382 3171 4452 Ejusmodi
3199 4393 3320 4438 sunt
3342 4384 3485 4438 enim
3515 4399 3604 4439 res
3633 4386 3713 4440 la-

2118 4475 2347 4530 boriosa:
2371 4491 2386 4540 ;
2411 4489 2631 4545 magnas
2675 4475 2876 4529 habent
2919 4475 3318 4529 retributiones.
3347 4475 3429 4529 Tu
3451 4490 3584 4531 vero
3616 4494 3713 4533 ue-

2117 4583 2379 4639 quaquam
2393 4567 2626 4623 laborem
2645 4567 2859 4622 attende
2876 4609 2889 4632 ,
2923 4567 3016 4622 sed
3034 4568 3436 4622 retributionem
3452 4571 3711 4625 conside-

2119 4679 2177 4717 ra
2204 4679 2220 4718 :
2252 4663 2329 4717 sic
2352 4671 2405 4718 et
2430 4662 2484 4716 in
2506 4663 2629 4717 vitae
2650 4661 2808 4717 rebus
2829 4659 2906 4716 fit.
2934 4661 2988 4716 Si
3015 4660 3155 4714 enim
3185 4660 3417 4714 laborem
3442 4659 3713 4716 bonorum

2119 4773 2341 4828 operum
2374 4758 2732 4828 prospexeris,
2763 4771 2924 4827 grave
2949 4765 3109 4826 atque
3133 4769 3418 4809 onerosum
3448 4770 3468 4819 ;
3499 4755 3545 4809 si
3577 4770 3714 4809 vero

2120 4849 2524 4904 retributionem
2555 4848 2891 4918 cogitaveris,
2915 4847 3034 4902 leve
3056 4855 3110 4901 et
3145 4846 3300 4901 facile
3328 4845 3469 4916 quod
3498 4846 3709 4901 subest.

2119 4942 2210 4998 Sic
2239 4951 2291 4996 ct
2313 4940 2657 5011 gubernator,
2679 4940 2722 4993 si
2747 4937 2941 4994 ï¬‚uctus
2970 4937 3164 4992 viderit
3189 4936 3384 5000 solum,
3410 4950 3712 5005 numquam

2121 5051 2154 5090 e
2180 5043 2333 5106 portu
2374 5033 2571 5104 scapha
2618 5031 2968 5102 digredietur,
3007 5030 3103 5086 sed
3147 5030 3191 5084 si
3231 5038 3494 5099 quastum
3533 5029 3709 5099 prius,

2121 5141 2278 5196 quam
2295 5125 2486 5180 fluctus
2506 5125 2820 5195 reSpexerit,
2839 5132 2965 5179 tunc
2981 5124 3295 5177 immensum
3313 5120 3462 5175 adire
3482 5120 3710 5192 pelagus

2121 5219 2301 5274 audet.
2330 5219 2418 5275 Sic
2453 5227 2508 5274 et
2533 5219 2684 5273 miles
2709 5219 2754 5273 si
2782 5217 2998 5272 vulnera
3030 5215 3310 5284 caedesque
3333 5210 3546 5278 viderit,
3578 5228 3712 5267 nus-

2120 5327 2279 5383 quam
2297 5312 2481 5367 induet
2496 5309 2768 5366 thoracem
2789 5327 2804 5377 ;
2828 5311 2873 5365 si
2887 5324 3015 5364 vero
3033 5307 3327 5377 triumphos
3346 5305 3710 5375 victoriasque

2121 5405 2290 5474 prius,
2316 5419 2474 5475 quam
2503 5405 2740 5470 vulnera,
2773 5412 3045 5473 tamquam
3092 5400 3158 5454 ad
3198 5407 3404 5470 pratum
3431 5399 3601 5452 currit
3640 5397 3709 5451 ad

2121 5496 2388 5566 przelium.
2417 5496 2549 5563 Quae
2587 5495 2728 5551 enim
2771 5505 2958 5548 natura
2995 5493 3195 5563 gravia,
3242 5493 3320 5546 sic
3350 5490 3491 5545 levia
3545 5492 3704 5552 ï¬unt,

2120 5603 2242 5643 cum
2260 5587 2370 5657 jam
2400 5601 2508 5642 non
2538 5585 2748 5642 labores
2793 5585 3106 5656 cogitamus,
3160 5581 3256 5639 sed
3285 5581 3431 5651 ipsos
3455 5581 3703 5635 laborum

2121 5679 2323 5735 fruetus
2345 5677 2769 5734 consideramus.
2795 5677 3079 5732 Discerene
3106 5674 3189 5730 vis
3213 5671 3483 5744 quomodo
3511 5680 3706 5726 natura

2122 5771 2324 5844 gravia,
2355 5770 2492 5827 levia
2523 5768 2694 5826 fiunt?
2721 5767 2944 5826 Paulum
2974 5765 3098 5824 audi
3141 5764 3436 5823 dicentem:
3468 5761 3609 5817 Nam
3657 5771 3705 5816 ÎµÎ¹
