  <div class='ocr_page' id='page_1' title='image "/cluster/home/n/w/nwhite01/storage/ocr_20150623/49/nnc1.0046978208/304.png"; bbox 0 0 4066 6392; ppageno 0'>
   <div class='ocr_carea' id='block_1_1' title="bbox 242 345 347 400">
    <p class='ocr_par' dir='ltr' id='par_1_1' title="bbox 242 345 347 400">
     <span class='ocr_line' id='line_1_1' title="bbox 242 345 347 400; baseline -0.029 1"><span class='ocrx_word' id='word_1_1' title='bbox 242 345 347 400; x_wconf 70' lang='grc'>515</span> 
     </span>
    </p>
   </div>
   <div class='ocr_carea' id='block_1_2' title="bbox 244 456 1914 531">
    <p class='ocr_par' dir='ltr' id='par_1_2' title="bbox 244 456 1914 531">
     <span class='ocr_line' id='line_1_2' title="bbox 244 456 1914 531; baseline -0.002 -17"><span class='ocrx_word' id='word_1_2' title='bbox 244 478 409 517; x_wconf 82' lang='grc' dir='ltr'>τατον</span> <span class='ocrx_word' id='word_1_3' title='bbox 454 461 634 513; x_wconf 79' lang='grc' dir='ltr'>έκεῖνο</span> <span class='ocrx_word' id='word_1_4' title='bbox 683 458 882 531; x_wconf 83' lang='grc' dir='ltr'>χωρίον</span> <span class='ocrx_word' id='word_1_5' title='bbox 930 456 1021 511; x_wconf 74' lang='grc' dir='ltr'>καὶ</span> <span class='ocrx_word' id='word_1_6' title='bbox 1063 458 1384 531; x_wconf 80' lang='grc' dir='ltr'>νοσημάτων</span> <span class='ocrx_word' id='word_1_7' title='bbox 1432 458 1601 527; x_wconf 83' lang='grc' dir='ltr'>γέμον</span> <span class='ocrx_word' id='word_1_8' title='bbox 1647 456 1914 512; x_wconf 85' lang='grc' dir='ltr'>παντοδα-</span> 
     </span>
    </p>
   </div>
   <div class='ocr_carea' id='block_1_3' title="bbox 248 544 1914 619">
    <p class='ocr_par' dir='ltr' id='par_1_3' title="bbox 248 544 1914 619">
     <span class='ocr_line' id='line_1_3' title="bbox 248 544 1914 619; baseline -0.004 -18"><span class='ocrx_word' id='word_1_9' title='bbox 248 548 394 612; x_wconf 86' lang='grc' dir='ltr'>πῶν,</span> <span class='ocrx_word' id='word_1_10' title='bbox 430 546 582 619; x_wconf 78' lang='grc'>[518]</span> <span class='ocrx_word' id='word_1_11' title='bbox 616 547 714 617; x_wconf 82' lang='grc' dir='ltr'>τὴν</span> <span class='ocrx_word' id='word_1_12' title='bbox 748 545 1137 600; x_wconf 68' lang='grc' dir='ltr'>Βαϐυλωνίανα</span> <span class='ocrx_word' id='word_1_13' title='bbox 1196 547 1447 617; x_wconf 80' lang='grc' dir='ltr'>κάμινον.</span> <span class='ocrx_word' id='word_1_14' title='bbox 1500 544 1765 617; x_wconf 80' lang='grc' dir='ltr'>Καθάπερ</span> <span class='ocrx_word' id='word_1_15' title='bbox 1806 544 1914 614; x_wconf 82' lang='grc' dir='ltr'>γάρ</span> 
     </span>
    </p>
   </div>
   <div class='ocr_carea' id='block_1_4' title="bbox 247 634 1917 708">
    <p class='ocr_par' dir='ltr' id='par_1_4' title="bbox 247 634 1917 708">
     <span class='ocr_line' id='line_1_4' title="bbox 247 634 1917 708; baseline -0.001 -18"><span class='ocrx_word' id='word_1_16' title='bbox 247 638 330 701; x_wconf 85' lang='grc' dir='ltr'>εἰς</span> <span class='ocrx_word' id='word_1_17' title='bbox 361 634 591 707; x_wconf 89' lang='grc' dir='ltr'>κάμινόν</span> <span class='ocrx_word' id='word_1_18' title='bbox 636 654 758 690; x_wconf 92' lang='grc' dir='ltr'>τινα</span> <span class='ocrx_word' id='word_1_19' title='bbox 802 639 881 700; x_wconf 91' lang='grc' dir='ltr'>εἰς</span> <span class='ocrx_word' id='word_1_20' title='bbox 918 636 978 689; x_wconf 83' lang='lat'>16</span> <span class='ocrx_word' id='word_1_21' title='bbox 1008 636 1237 708; x_wconf 89' lang='grc' dir='ltr'>θέατρον</span> <span class='ocrx_word' id='word_1_22' title='bbox 1264 637 1362 707; x_wconf 85' lang='grc' dir='ltr'>τὴν</span> <span class='ocrx_word' id='word_1_23' title='bbox 1401 636 1555 689; x_wconf 88' lang='grc' dir='ltr'>πόλιν</span> <span class='ocrx_word' id='word_1_24' title='bbox 1600 634 1853 706; x_wconf 88' lang='grc' dir='ltr'>ἐμϐαλὼν</span> <span class='ocrx_word' id='word_1_25' title='bbox 1889 637 1917 688; x_wconf 90' lang='grc' dir='ltr'>ὁ</span> 
     </span>
    </p>
   </div>
   <div class='ocr_carea' id='block_1_5' title="bbox 246 723 1917 794">
    <p class='ocr_par' dir='ltr' id='par_1_5' title="bbox 246 723 1917 794">
     <span class='ocr_line' id='line_1_5' title="bbox 246 723 1917 794; baseline -0.002 -16"><span class='ocrx_word' id='word_1_26' title='bbox 246 725 516 789; x_wconf 84' lang='grc' dir='ltr'>διάϐολος,</span> <span class='ocrx_word' id='word_1_27' title='bbox 550 723 695 777; x_wconf 76' lang='grc' dir='ltr'>οὕτω</span> <span class='ocrx_word' id='word_1_28' title='bbox 732 724 977 777; x_wconf 82' lang='grc' dir='ltr'>κάτωθεν</span> <span class='ocrx_word' id='word_1_29' title='bbox 1008 725 1281 786; x_wconf 87' lang='grc' dir='ltr'>ὑποκαίει,</span> <span class='ocrx_word' id='word_1_30' title='bbox 1318 725 1380 777; x_wconf 85' lang='grc' dir='ltr'>ού</span> <span class='ocrx_word' id='word_1_31' title='bbox 1409 723 1742 794; x_wconf 80' lang='grc' dir='ltr'>κληματίδας</span> <span class='ocrx_word' id='word_1_32' title='bbox 1785 723 1917 775; x_wconf 80' lang='grc' dir='ltr'>ὑπο-</span> 
     </span>
    </p>
   </div>
   <div class='ocr_carea' id='block_1_6' title="bbox 245 811 1912 884">
    <p class='ocr_par' dir='ltr' id='par_1_6' title="bbox 245 811 1912 884">
     <span class='ocr_line' id='line_1_6' title="bbox 245 811 1912 884; baseline -0.001 -19"><span class='ocrx_word' id='word_1_33' title='bbox 245 811 436 877; x_wconf 76' lang='grc' dir='ltr'>τιθεὶς,</span> <span class='ocrx_word' id='word_1_34' title='bbox 468 812 721 884; x_wconf 88' lang='grc' dir='ltr'>καθάπερ</span> <span class='ocrx_word' id='word_1_35' title='bbox 750 812 778 864; x_wconf 90' lang='lat'>6</span> <span class='ocrx_word' id='word_1_36' title='bbox 810 812 1085 883; x_wconf 89' lang='grc' dir='ltr'>βάρϐαρος</span> <span class='ocrx_word' id='word_1_37' title='bbox 1118 812 1237 865; x_wconf 90' lang='grc' dir='ltr'>τότε</span> <span class='ocrx_word' id='word_1_38' title='bbox 1264 813 1504 879; x_wconf 84' lang='grc' dir='ltr'>ἐκεῖνος,</span> <span class='ocrx_word' id='word_1_39' title='bbox 1534 812 1655 866; x_wconf 76' lang='grc' dir='ltr'>οὐδὲ</span> <span class='ocrx_word' id='word_1_40' title='bbox 1684 812 1912 880; x_wconf 80' lang='grc' dir='ltr'>νάφθαν,</span> 
     </span>
    </p>
   </div>
   <div class='ocr_carea' id='block_1_7' title="bbox 246 899 1915 970">
    <p class='ocr_par' dir='ltr' id='par_1_7' title="bbox 246 899 1915 970">
     <span class='ocr_line' id='line_1_7' title="bbox 246 899 1915 970; baseline -0.001 -17"><span class='ocrx_word' id='word_1_41' title='bbox 246 900 367 953; x_wconf 81' lang='grc' dir='ltr'>οὐδὲ</span> <span class='ocrx_word' id='word_1_42' title='bbox 398 902 724 962; x_wconf 82' lang='grc' dir='ltr'>στυππεῖον,</span> <span class='ocrx_word' id='word_1_43' title='bbox 767 899 888 952; x_wconf 81' lang='grc' dir='ltr'>οὐδὲ</span> <span class='ocrx_word' id='word_1_44' title='bbox 932 900 1168 966; x_wconf 85' lang='grc' dir='ltr'>πίσσαν,</span> <span class='ocrx_word' id='word_1_45' title='bbox 1203 899 1339 953; x_wconf 77' lang='grc' dir='ltr'>ἀλλά</span> <span class='ocrx_word' id='word_1_46' title='bbox 1380 900 1449 953; x_wconf 83' lang='grc' dir='ltr'>τά</span> <span class='ocrx_word' id='word_1_47' title='bbox 1495 899 1675 970; x_wconf 89' lang='grc' dir='ltr'>πολλῷ</span> <span class='ocrx_word' id='word_1_48' title='bbox 1712 899 1915 952; x_wconf 90' lang='grc' dir='ltr'>τούτων</span> 
     </span>
    </p>
   </div>
   <div class='ocr_carea' id='block_1_8' title="bbox 250 987 1915 1060">
    <p class='ocr_par' dir='ltr' id='par_1_8' title="bbox 250 987 1915 1060">
     <span class='ocr_line' id='line_1_8' title="bbox 250 987 1915 1060; baseline -0.001 -18"><span class='ocrx_word' id='word_1_49' title='bbox 250 988 604 1060; x_wconf 87' lang='grc' dir='ltr'>χαλεπώτερα</span> <span class='ocrx_word' id='word_1_50' title='bbox 634 990 683 1052; x_wconf 72' lang='grc' dir='ltr'>δ,</span> <span class='ocrx_word' id='word_1_51' title='bbox 717 989 981 1057; x_wconf 73' lang='grc' dir='ltr'>πορνικάς</span> <span class='ocrx_word' id='word_1_52' title='bbox 1009 987 1164 1057; x_wconf 74' lang='grc' dir='ltr'>ὄψεις</span> <span class='ocrx_word' id='word_1_53' title='bbox 1183 1030 1198 1055; x_wconf 94' lang='grc'>,</span> <span class='ocrx_word' id='word_1_54' title='bbox 1228 988 1429 1059; x_wconf 91' lang='grc' dir='ltr'>αἰσχρά</span> <span class='ocrx_word' id='word_1_55' title='bbox 1454 989 1706 1059; x_wconf 83' lang='grc' dir='ltr'>ῥήματα,</span> <span class='ocrx_word' id='word_1_56' title='bbox 1734 989 1915 1041; x_wconf 89' lang='grc' dir='ltr'>διακε-</span> 
     </span>
    </p>
   </div>
   <div class='ocr_carea' id='block_1_9' title="bbox 249 1076 1915 1147">
    <p class='ocr_par' dir='ltr' id='par_1_9' title="bbox 249 1076 1915 1147">
     <span class='ocr_line' id='line_1_9' title="bbox 249 1076 1915 1147; baseline 0.001 -20"><span class='ocrx_word' id='word_1_57' title='bbox 249 1076 533 1146; x_wconf 84' lang='grc' dir='ltr'>κλασμένα</span> <span class='ocrx_word' id='word_1_58' title='bbox 589 1076 764 1147; x_wconf 85' lang='grc' dir='ltr'>μέλη,</span> <span class='ocrx_word' id='word_1_59' title='bbox 822 1077 1004 1145; x_wconf 85' lang='grc' dir='ltr'>πάσης</span> <span class='ocrx_word' id='word_1_60' title='bbox 1064 1076 1304 1146; x_wconf 81' lang='grc' dir='ltr'>γέμοντα</span> <span class='ocrx_word' id='word_1_61' title='bbox 1350 1076 1617 1147; x_wconf 83' lang='grc' dir='ltr'>πονηρίας</span> <span class='ocrx_word' id='word_1_62' title='bbox 1675 1076 1915 1147; x_wconf 84' lang='grc' dir='ltr'>ᾄσματα.</span> 
     </span>
    </p>
   </div>
   <div class='ocr_carea' id='block_1_10' title="bbox 263 1161 1919 1235">
    <p class='ocr_par' dir='ltr' id='par_1_10' title="bbox 263 1161 1919 1235">
     <span class='ocr_line' id='line_1_10' title="bbox 263 1161 1919 1235; baseline 0.001 -19"><span class='ocrx_word' id='word_1_63' title='bbox 263 1162 507 1234; x_wconf 84' lang='grc' dir='ltr'>Ἐκείνην</span> <span class='ocrx_word' id='word_1_64' title='bbox 545 1165 644 1235; x_wconf 86' lang='grc' dir='ltr'>μὲν</span> <span class='ocrx_word' id='word_1_65' title='bbox 689 1161 781 1217; x_wconf 80' lang='grc' dir='ltr'>οὖν</span> <span class='ocrx_word' id='word_1_66' title='bbox 813 1164 1147 1235; x_wconf 74' lang='grc' dir='ltr'>βαρϐαρικαὶ</span> <span class='ocrx_word' id='word_1_67' title='bbox 1187 1164 1287 1235; x_wconf 85' lang='grc' dir='ltr'>τὴν</span> <span class='ocrx_word' id='word_1_68' title='bbox 1337 1164 1571 1235; x_wconf 86' lang='grc' dir='ltr'>κάμινον</span> <span class='ocrx_word' id='word_1_69' title='bbox 1604 1167 1785 1235; x_wconf 89' lang='grc' dir='ltr'>χεῖρες</span> <span class='ocrx_word' id='word_1_70' title='bbox 1824 1166 1919 1218; x_wconf 85' lang='grc' dir='ltr'>ἀν-</span> 
     </span>
    </p>
   </div>
   <div class='ocr_carea' id='block_1_11' title="bbox 248 1251 1919 1325">
    <p class='ocr_par' dir='ltr' id='par_1_11' title="bbox 248 1251 1919 1325">
     <span class='ocr_line' id='line_1_11' title="bbox 248 1251 1919 1325; baseline 0 -18"><span class='ocrx_word' id='word_1_71' title='bbox 248 1251 417 1322; x_wconf 80' lang='grc' dir='ltr'>ῆψαν,</span> <span class='ocrx_word' id='word_1_72' title='bbox 435 1252 639 1321; x_wconf 89' lang='grc' dir='ltr'>ταύτην</span> <span class='ocrx_word' id='word_1_73' title='bbox 656 1252 713 1305; x_wconf 85' lang='grc' dir='ltr'>δὲ</span> <span class='ocrx_word' id='word_1_74' title='bbox 740 1252 837 1322; x_wconf 83' lang='grc' dir='ltr'>τὴν</span> <span class='ocrx_word' id='word_1_75' title='bbox 868 1253 1099 1322; x_wconf 87' lang='grc' dir='ltr'>κάμινον</span> <span class='ocrx_word' id='word_1_76' title='bbox 1130 1252 1474 1323; x_wconf 84' lang='grc' dir='ltr'>ἀνοητότεροι</span> <span class='ocrx_word' id='word_1_77' title='bbox 1499 1253 1607 1308; x_wconf 88' lang='grc' dir='ltr'>τῶν</span> <span class='ocrx_word' id='word_1_78' title='bbox 1627 1253 1919 1325; x_wconf 86' lang='grc' dir='ltr'>βαρϐάρων</span> 
     </span>
    </p>
   </div>
   <div class='ocr_carea' id='block_1_12' title="bbox 249 1338 1919 1412">
    <p class='ocr_par' dir='ltr' id='par_1_12' title="bbox 249 1338 1919 1412">
     <span class='ocr_line' id='line_1_12' title="bbox 249 1338 1919 1412; baseline 0 -19"><span class='ocrx_word' id='word_1_79' title='bbox 249 1338 478 1393; x_wconf 75' lang='grc' dir='ltr'>ἅπτουσι</span> <span class='ocrx_word' id='word_1_80' title='bbox 502 1339 748 1409; x_wconf 87' lang='grc' dir='ltr'>λογισμοί</span> <span class='ocrx_word' id='word_1_81' title='bbox 766 1356 781 1370; x_wconf 77' lang='grc' dir='ltr'><strong>ο</strong></span> <span class='ocrx_word' id='word_1_82' title='bbox 812 1339 1168 1410; x_wconf 88' lang='grc' dir='ltr'>χαλεπωτέρα</span> <span class='ocrx_word' id='word_1_83' title='bbox 1187 1340 1327 1411; x_wconf 75' lang='grc' dir='ltr'>αὕτη</span> <span class='ocrx_word' id='word_1_84' title='bbox 1344 1340 1579 1411; x_wconf 82' lang='grc' dir='ltr'>ἐκείνης,</span> <span class='ocrx_word' id='word_1_85' title='bbox 1610 1340 1797 1412; x_wconf 80' lang='grc' dir='ltr'>ἐπειδὴ</span> <span class='ocrx_word' id='word_1_86' title='bbox 1824 1340 1919 1394; x_wconf 65' lang='grc' dir='ltr'>καί⁸</span> 
     </span>
    </p>
   </div>
   <div class='ocr_carea' id='block_1_13' title="bbox 249 1426 1915 1499">
    <p class='ocr_par' dir='ltr' id='par_1_13' title="bbox 249 1426 1915 1499">
     <span class='ocr_line' id='line_1_13' title="bbox 249 1426 1915 1499; baseline 0.001 -21"><span class='ocrx_word' id='word_1_87' title='bbox 249 1426 312 1478; x_wconf 88' lang='grc' dir='ltr'>τὸ</span> <span class='ocrx_word' id='word_1_88' title='bbox 347 1426 458 1497; x_wconf 90' lang='grc' dir='ltr'>πῦρ</span> <span class='ocrx_word' id='word_1_89' title='bbox 499 1426 906 1498; x_wconf 72' lang='grc' dir='ltr'>χαλεπώτεροψ</span> <span class='ocrx_word' id='word_1_90' title='bbox 958 1429 1020 1480; x_wconf 87' lang='grc' dir='ltr'>ού</span> <span class='ocrx_word' id='word_1_91' title='bbox 1058 1429 1169 1499; x_wconf 84' lang='grc' dir='ltr'>γὰρ</span> <span class='ocrx_word' id='word_1_92' title='bbox 1225 1428 1495 1499; x_wconf 88' lang='grc' dir='ltr'>σωμάτων</span> <span class='ocrx_word' id='word_1_93' title='bbox 1544 1428 1689 1481; x_wconf 86' lang='grc' dir='ltr'>καίει</span> <span class='ocrx_word' id='word_1_94' title='bbox 1734 1429 1915 1495; x_wconf 83' lang='grc' dir='ltr'>φύσιν,</span> 
     </span>
    </p>
   </div>
   <div class='ocr_carea' id='block_1_14' title="bbox 250 1513 1918 1587">
    <p class='ocr_par' dir='ltr' id='par_1_14' title="bbox 250 1513 1918 1587">
     <span class='ocr_line' id='line_1_14' title="bbox 250 1513 1918 1587; baseline 0.001 -21"><span class='ocrx_word' id='word_1_95' title='bbox 250 1513 385 1567; x_wconf 90' lang='grc' dir='ltr'>ἀλλά</span> <span class='ocrx_word' id='word_1_96' title='bbox 426 1513 606 1584; x_wconf 83' lang='grc' dir='ltr'>ψυχῆς</span> <span class='ocrx_word' id='word_1_97' title='bbox 649 1515 863 1586; x_wconf 80' lang='grc' dir='ltr'>εύεξίαν</span> <span class='ocrx_word' id='word_1_98' title='bbox 896 1515 1249 1586; x_wconf 84' lang='grc' dir='ltr'>λυμαίνεται·</span> <span class='ocrx_word' id='word_1_99' title='bbox 1276 1518 1371 1570; x_wconf 78' lang='grc' dir='ltr'>καί</span> <span class='ocrx_word' id='word_1_100' title='bbox 1410 1516 1471 1569; x_wconf 88' lang='grc' dir='ltr'>τὸ</span> <span class='ocrx_word' id='word_1_101' title='bbox 1515 1515 1918 1587; x_wconf 82' lang='grc' dir='ltr'>χαλεπώτερον,</span> 
     </span>
    </p>
   </div>
   <div class='ocr_carea' id='block_1_15' title="bbox 252 1602 1915 1677">
    <p class='ocr_par' dir='ltr' id='par_1_15' title="bbox 252 1602 1915 1677">
     <span class='ocr_line' id='line_1_15' title="bbox 252 1602 1915 1677; baseline 0.001 -21"><span class='ocrx_word' id='word_1_102' title='bbox 252 1602 335 1656; x_wconf 80' lang='grc' dir='ltr'>ὅτι</span> <span class='ocrx_word' id='word_1_103' title='bbox 378 1603 501 1657; x_wconf 72' lang='grc' dir='ltr'>οὐδὲ</span> <span class='ocrx_word' id='word_1_104' title='bbox 539 1602 884 1657; x_wconf 73' lang='grc' dir='ltr'>αἰσθάνονται</span> <span class='ocrx_word' id='word_1_105' title='bbox 927 1606 978 1657; x_wconf 90' lang='grc' dir='ltr'>οἱ</span> <span class='ocrx_word' id='word_1_106' title='bbox 1014 1604 1325 1677; x_wconf 90' lang='grc' dir='ltr'>καιόμενοι·</span> <span class='ocrx_word' id='word_1_107' title='bbox 1363 1606 1411 1657; x_wconf 89' lang='grc' dir='ltr'>εἰ</span> <span class='ocrx_word' id='word_1_108' title='bbox 1447 1605 1556 1677; x_wconf 82' lang='grc' dir='ltr'>γὰρ</span> <span class='ocrx_word' id='word_1_109' title='bbox 1600 1604 1915 1676; x_wconf 73' lang='grc' dir='ltr'>ᾐσθάνοντο,</span> 
     </span>
    </p>
   </div>
   <div class='ocr_carea' id='block_1_16' title="bbox 252 1691 1917 1765">
    <p class='ocr_par' dir='ltr' id='par_1_16' title="bbox 252 1691 1917 1765">
     <span class='ocr_line' id='line_1_16' title="bbox 252 1691 1917 1765; baseline 0.002 -21"><span class='ocrx_word' id='word_1_110' title='bbox 252 1692 352 1745; x_wconf 82' lang='grc' dir='ltr'>οὐκ</span> <span class='ocrx_word' id='word_1_111' title='bbox 398 1691 467 1746; x_wconf 83' lang='grc' dir='ltr'>ἀν</span> <span class='ocrx_word' id='word_1_112' title='bbox 500 1691 709 1744; x_wconf 81' lang='grc' dir='ltr'>πλατὺν</span> <span class='ocrx_word' id='word_1_113' title='bbox 745 1693 959 1761; x_wconf 86' lang='grc' dir='ltr'>γέλωτα</span> <span class='ocrx_word' id='word_1_114' title='bbox 1008 1693 1102 1746; x_wconf 86' lang='grc' dir='ltr'>ἐπί</span> <span class='ocrx_word' id='word_1_115' title='bbox 1150 1697 1265 1756; x_wconf 88' lang='grc' dir='ltr'>τοῖς</span> <span class='ocrx_word' id='word_1_116' title='bbox 1304 1694 1619 1763; x_wconf 82' lang='grc' dir='ltr'>γενομένοις</span> <span class='ocrx_word' id='word_1_117' title='bbox 1659 1695 1917 1765; x_wconf 87' lang='grc' dir='ltr'>ὴφίεσαν·</span> 
     </span>
    </p>
   </div>
   <div class='ocr_carea' id='block_1_17' title="bbox 253 1775 1923 1855">
    <p class='ocr_par' dir='ltr' id='par_1_17' title="bbox 253 1775 1923 1855">
     <span class='ocr_line' id='line_1_17' title="bbox 253 1775 1923 1855; baseline 0.004 -23"><span class='ocrx_word' id='word_1_118' title='bbox 253 1780 389 1851; x_wconf 87' lang='grc' dir='ltr'>ὅπερ</span> <span class='ocrx_word' id='word_1_119' title='bbox 418 1775 511 1833; x_wconf 77' lang='grc' dir='ltr'>οὖν</span> <span class='ocrx_word' id='word_1_120' title='bbox 536 1782 651 1833; x_wconf 84' lang='grc' dir='ltr'>ἐστι</span> <span class='ocrx_word' id='word_1_121' title='bbox 683 1780 1099 1850; x_wconf 89' lang='grc' dir='ltr'>χαλεπώτατον,</span> <span class='ocrx_word' id='word_1_122' title='bbox 1132 1782 1260 1835; x_wconf 83' lang='grc' dir='ltr'>ὅταν</span> <span class='ocrx_word' id='word_1_123' title='bbox 1305 1800 1390 1846; x_wconf 90' lang='grc' dir='ltr'>τις</span> <span class='ocrx_word' id='word_1_124' title='bbox 1426 1784 1596 1836; x_wconf 91' lang='grc' dir='ltr'>νοσῶν</span> <span class='ocrx_word' id='word_1_125' title='bbox 1626 1785 1759 1855; x_wconf 85' lang='grc' dir='ltr'>μηδὲ</span> <span class='ocrx_word' id='word_1_126' title='bbox 1792 1785 1923 1838; x_wconf 77' lang='grc' dir='ltr'>αὐτὸ</span> 
     </span>
    </p>
   </div>
   <div class='ocr_carea' id='block_1_18' title="bbox 253 1862 1922 1940">
    <p class='ocr_par' dir='ltr' id='par_1_18' title="bbox 253 1862 1922 1940">
     <span class='ocr_line' id='line_1_18' title="bbox 253 1862 1922 1940; baseline 0.003 -20"><span class='ocrx_word' id='word_1_127' title='bbox 253 1866 411 1920; x_wconf 85' lang='grc' dir='ltr'>τοῦτο</span> <span class='ocrx_word' id='word_1_128' title='bbox 433 1862 574 1921; x_wconf 77' lang='grc' dir='ltr'>οἶδεν</span> <span class='ocrx_word' id='word_1_129' title='bbox 609 1869 692 1921; x_wconf 89' lang='grc' dir='ltr'>ὅτι</span> <span class='ocrx_word' id='word_1_130' title='bbox 721 1872 899 1933; x_wconf 89' lang='grc' dir='ltr'>νοσεῖ,</span> <span class='ocrx_word' id='word_1_131' title='bbox 927 1870 1022 1923; x_wconf 74' lang='grc' dir='ltr'>καὶ</span> <span class='ocrx_word' id='word_1_132' title='bbox 1055 1870 1343 1940; x_wconf 79' lang='grc' dir='ltr'>καιόμενος</span> <span class='ocrx_word' id='word_1_133' title='bbox 1371 1871 1572 1934; x_wconf 86' lang='grc' dir='ltr'>ἀθλίως</span> <span class='ocrx_word' id='word_1_134' title='bbox 1604 1872 1699 1925; x_wconf 70' lang='grc' dir='ltr'>καί⁸</span> <span class='ocrx_word' id='word_1_135' title='bbox 1730 1871 1922 1925; x_wconf 80' lang='grc' dir='ltr'>ταλαι-</span> 
     </span>
    </p>
   </div>
   <div class='ocr_carea' id='block_1_19' title="bbox 255 1954 1923 2029">
    <p class='ocr_par' dir='ltr' id='par_1_19' title="bbox 255 1954 1923 2029">
     <span class='ocr_line' id='line_1_19' title="bbox 255 1954 1923 2029; baseline 0.003 -23"><span class='ocrx_word' id='word_1_136' title='bbox 255 1954 486 2025; x_wconf 88' lang='grc' dir='ltr'>πώρως,</span> <span class='ocrx_word' id='word_1_137' title='bbox 518 1955 618 2009; x_wconf 85' lang='grc' dir='ltr'>οὐκ</span> <span class='ocrx_word' id='word_1_138' title='bbox 648 1956 963 2009; x_wconf 88' lang='grc' dir='ltr'>αἰσθάνεται</span> <span class='ocrx_word' id='word_1_139' title='bbox 995 1957 1104 2011; x_wconf 88' lang='grc' dir='ltr'>τῶν</span> <span class='ocrx_word' id='word_1_140' title='bbox 1142 1957 1509 2028; x_wconf 84' lang='grc' dir='ltr'>ἐμπρησμῶν.</span> <span class='ocrx_word' id='word_1_141' title='bbox 1547 1958 1612 2011; x_wconf 91' lang='grc' dir='ltr'>Τί</span> <span class='ocrx_word' id='word_1_142' title='bbox 1644 1958 1704 2011; x_wconf 88' lang='grc' dir='ltr'>τδ</span> <span class='ocrx_word' id='word_1_143' title='bbox 1733 1958 1923 2029; x_wconf 77' lang='grc' dir='ltr'>ὄφελος</span> 
     </span>
    </p>
   </div>
   <div class='ocr_carea' id='block_1_20' title="bbox 252 2046 1925 2120">
    <p class='ocr_par' dir='ltr' id='par_1_20' title="bbox 252 2046 1925 2120">
     <span class='ocr_line' id='line_1_20' title="bbox 252 2046 1925 2120; baseline 0.002 -23"><span class='ocrx_word' id='word_1_144' title='bbox 252 2046 351 2112; x_wconf 76' lang='grc' dir='ltr'>τῆς</span> <span class='ocrx_word' id='word_1_145' title='bbox 380 2046 670 2117; x_wconf 80' lang='grc' dir='ltr'>νηστείας,</span> <span class='ocrx_word' id='word_1_146' title='bbox 704 2047 831 2099; x_wconf 85' lang='grc' dir='ltr'>ὅταν</span> <span class='ocrx_word' id='word_1_147' title='bbox 880 2046 942 2098; x_wconf 84' lang='grc' dir='ltr'>τὸ</span> <span class='ocrx_word' id='word_1_148' title='bbox 975 2046 1076 2117; x_wconf 83' lang='grc' dir='ltr'>μὲν</span> <span class='ocrx_word' id='word_1_149' title='bbox 1110 2046 1268 2116; x_wconf 91' lang='grc' dir='ltr'>σῶμα</span> <span class='ocrx_word' id='word_1_150' title='bbox 1294 2046 1544 2120; x_wconf 75' lang='grc' dir='ltr'>κωλύσῃς</span> <span class='ocrx_word' id='word_1_151' title='bbox 1574 2048 1675 2116; x_wconf 82' lang='grc' dir='ltr'>τῆς</span> <span class='ocrx_word' id='word_1_152' title='bbox 1712 2064 1925 2118; x_wconf 89' lang='grc' dir='ltr'>νενομι-</span> 
     </span>
    </p>
   </div>
   <div class='ocr_carea' id='block_1_21' title="bbox 257 2132 1926 2208">
    <p class='ocr_par' dir='ltr' id='par_1_21' title="bbox 257 2132 1926 2208">
     <span class='ocr_line' id='line_1_21' title="bbox 257 2132 1926 2208; baseline 0.002 -22"><span class='ocrx_word' id='word_1_153' title='bbox 257 2134 461 2205; x_wconf 87' lang='grc' dir='ltr'>σμένης</span> <span class='ocrx_word' id='word_1_154' title='bbox 498 2134 724 2204; x_wconf 77' lang='grc' dir='ltr'>τροφῆς,</span> <span class='ocrx_word' id='word_1_155' title='bbox 765 2136 831 2204; x_wconf 78' lang='grc' dir='ltr'>τῇ</span> <span class='ocrx_word' id='word_1_156' title='bbox 881 2133 937 2185; x_wconf 85' lang='grc' dir='ltr'>δὲ</span> <span class='ocrx_word' id='word_1_157' title='bbox 988 2132 1134 2205; x_wconf 76' lang='grc' dir='ltr'>ψυχῇ</span> <span class='ocrx_word' id='word_1_158' title='bbox 1176 2135 1459 2208; x_wconf 80' lang='grc' dir='ltr'>προσάγῃς</span> <span class='ocrx_word' id='word_1_159' title='bbox 1479 2135 1576 2206; x_wconf 84' lang='grc' dir='ltr'>τὴν</span> <span class='ocrx_word' id='word_1_160' title='bbox 1610 2136 1926 2207; x_wconf 85' lang='grc' dir='ltr'>παράνομον</span> 
     </span>
    </p>
   </div>
   <div class='ocr_carea' id='block_1_22' title="bbox 253 2222 1926 2296">
    <p class='ocr_par' dir='ltr' id='par_1_22' title="bbox 253 2222 1926 2296">
     <span class='ocr_line' id='line_1_22' title="bbox 253 2222 1926 2296; baseline 0.001 -21"><span class='ocrx_word' id='word_1_161' title='bbox 253 2224 492 2293; x_wconf 85' lang='grc' dir='ltr'>τροφήν;</span> <span class='ocrx_word' id='word_1_162' title='bbox 523 2224 651 2276; x_wconf 81' lang='grc' dir='ltr'>ὅταν</span> <span class='ocrx_word' id='word_1_163' title='bbox 682 2222 1052 2296; x_wconf 81' lang='grc' dir='ltr'>διημερεύσῃς</span> <span class='ocrx_word' id='word_1_164' title='bbox 1081 2226 1199 2278; x_wconf 82' lang='grc' dir='ltr'>ἐκεῖ</span> <span class='ocrx_word' id='word_1_165' title='bbox 1228 2224 1559 2292; x_wconf 79' lang='grc' dir='ltr'>καθήμενος,</span> <span class='ocrx_word' id='word_1_166' title='bbox 1592 2222 1803 2295; x_wconf 82' lang='grc' dir='ltr'>βλέπων</span> <span class='ocrx_word' id='word_1_167' title='bbox 1826 2224 1926 2295; x_wconf 77' lang='grc' dir='ltr'>τὴν</span> 
     </span>
    </p>
   </div>
   <div class='ocr_carea' id='block_1_23' title="bbox 253 2310 1923 2384">
    <p class='ocr_par' dir='ltr' id='par_1_23' title="bbox 253 2310 1923 2384">
     <span class='ocr_line' id='line_1_23' title="bbox 253 2310 1923 2384; baseline 0.001 -22"><span class='ocrx_word' id='word_1_168' title='bbox 253 2310 442 2383; x_wconf 83' lang='grc' dir='ltr'>κοινὴν</span> <span class='ocrx_word' id='word_1_169' title='bbox 476 2310 640 2379; x_wconf 89' lang='grc' dir='ltr'>φύσιν</span> <span class='ocrx_word' id='word_1_170' title='bbox 668 2310 1089 2381; x_wconf 88' lang='grc' dir='ltr'>ἀσχημονοῦσαν</span> <span class='ocrx_word' id='word_1_171' title='bbox 1120 2312 1216 2364; x_wconf 82' lang='grc' dir='ltr'>καί</span> <span class='ocrx_word' id='word_1_172' title='bbox 1256 2311 1923 2384; x_wconf 77' lang='grc' dir='ltr'>παραδειγματιζομένην,</span> 
     </span>
    </p>
   </div>
   <div class='ocr_carea' id='block_1_24' title="bbox 253 2400 1929 2472">
    <p class='ocr_par' dir='ltr' id='par_1_24' title="bbox 253 2400 1929 2472">
     <span class='ocr_line' id='line_1_24' title="bbox 253 2400 1929 2472; baseline 0.002 -22"><span class='ocrx_word' id='word_1_173' title='bbox 253 2401 522 2464; x_wconf 89' lang='grc' dir='ltr'>γυναῖκας</span> <span class='ocrx_word' id='word_1_174' title='bbox 551 2400 992 2470; x_wconf 84' lang='grc' dir='ltr'>πορνευομένας,</span> <span class='ocrx_word' id='word_1_175' title='bbox 1032 2401 1277 2472; x_wconf 83' lang='grc' dir='ltr'>μοιχείας</span> <span class='ocrx_word' id='word_1_176' title='bbox 1317 2400 1779 2471; x_wconf 76' lang='grc' dir='ltr'>ὑποκρινομένους</span> <span class='ocrx_word' id='word_1_177' title='bbox 1811 2402 1929 2454; x_wconf 88' lang='grc' dir='ltr'>ἐκεῖ</span> 
     </span>
    </p>
   </div>
   <div class='ocr_carea' id='block_1_25' title="bbox 250 2485 1926 2559">
    <p class='ocr_par' dir='ltr' id='par_1_25' title="bbox 250 2485 1926 2559">
     <span class='ocr_line' id='line_1_25' title="bbox 250 2485 1926 2559; baseline 0.002 -21"><span class='ocrx_word' id='word_1_178' title='bbox 250 2486 378 2549; x_wconf 81' lang='grc' dir='ltr'>τοὺς</span> <span class='ocrx_word' id='word_1_179' title='bbox 399 2495 421 2523; x_wconf 72' lang='grc' dir='ltr'>ε</span> <span class='ocrx_word' id='word_1_180' title='bbox 451 2485 519 2538; x_wconf 91' lang='grc' dir='ltr'>τά</span> <span class='ocrx_word' id='word_1_181' title='bbox 554 2486 792 2557; x_wconf 77' lang='grc' dir='ltr'>ἑκάστης</span> <span class='ocrx_word' id='word_1_182' title='bbox 833 2487 1011 2551; x_wconf 88' lang='grc' dir='ltr'>οἰκίας</span> <span class='ocrx_word' id='word_1_183' title='bbox 1052 2488 1199 2541; x_wconf 89' lang='grc' dir='ltr'>κακά</span> <span class='ocrx_word' id='word_1_184' title='bbox 1234 2487 1629 2554; x_wconf 89' lang='grc' dir='ltr'>συλλέγοντας;</span> <span class='ocrx_word' id='word_1_185' title='bbox 1677 2488 1790 2541; x_wconf 76' lang='grc' dir='ltr'>Καὶ</span> <span class='ocrx_word' id='word_1_186' title='bbox 1818 2488 1926 2559; x_wconf 90' lang='grc' dir='ltr'>γάρ</span> 
     </span>
    </p>
   </div>
   <div class='ocr_carea' id='block_1_26' title="bbox 254 2572 1928 2645">
    <p class='ocr_par' dir='ltr' id='par_1_26' title="bbox 254 2572 1928 2645">
     <span class='ocr_line' id='line_1_26' title="bbox 254 2572 1928 2645; baseline -0.007 -9"><span class='ocrx_word' id='word_1_187' title='bbox 254 2575 347 2627; x_wconf 76' lang='grc' dir='ltr'>καὶ</span> <span class='ocrx_word' id='word_1_188' title='bbox 388 2572 643 2645; x_wconf 75' lang='grc' dir='ltr'>πορνείας</span> <span class='ocrx_word' id='word_1_189' title='bbox 682 2575 775 2627; x_wconf 70' lang='grc' dir='ltr'>καὶ</span> <span class='ocrx_word' id='word_1_190' title='bbox 817 2574 1064 2645; x_wconf 81' lang='grc' dir='ltr'>μοιχείας</span> <span class='ocrx_word' id='word_1_191' title='bbox 1097 2580 1243 2636; x_wconf 77' lang='grc' dir='ltr'>ἔστιν</span> <span class='ocrx_word' id='word_1_192' title='bbox 1278 2578 1437 2641; x_wconf 84' lang='grc' dir='ltr'>ἰδεῖν,</span> <span class='ocrx_word' id='word_1_193' title='bbox 1462 2573 1555 2629; x_wconf 71' lang='grc' dir='ltr'>καὶ</span> <span class='ocrx_word' id='word_1_194' title='bbox 1582 2572 1928 2644; x_wconf 71' lang='grc' dir='ltr'>βλασφημίας</span> 
     </span>
    </p>
   </div>
   <div class='ocr_carea' id='block_1_27' title="bbox 252 2660 1928 2734">
    <p class='ocr_par' dir='ltr' id='par_1_27' title="bbox 252 2660 1928 2734">
     <span class='ocr_line' id='line_1_27' title="bbox 252 2660 1928 2734; baseline 0.001 -21"><span class='ocrx_word' id='word_1_195' title='bbox 252 2660 517 2725; x_wconf 85' lang='grc' dir='ltr'>ἀκοῦσαι,</span> <span class='ocrx_word' id='word_1_196' title='bbox 565 2662 654 2715; x_wconf 78' lang='grc' dir='ltr'>ἵνα</span> <span class='ocrx_word' id='word_1_197' title='bbox 684 2663 777 2715; x_wconf 77' lang='grc' dir='ltr'>καὶ</span> <span class='ocrx_word' id='word_1_198' title='bbox 815 2663 881 2715; x_wconf 81' lang='grc' dir='ltr'>δι’</span> <span class='ocrx_word' id='word_1_199' title='bbox 924 2662 1222 2733; x_wconf 83' lang='grc' dir='ltr'>ὀφθαλμῶν</span> <span class='ocrx_word' id='word_1_200' title='bbox 1254 2663 1350 2716; x_wconf 75' lang='grc' dir='ltr'>καὶ</span> <span class='ocrx_word' id='word_1_201' title='bbox 1382 2665 1449 2716; x_wconf 86' lang='grc' dir='ltr'>δι’</span> <span class='ocrx_word' id='word_1_202' title='bbox 1483 2663 1658 2732; x_wconf 81' lang='grc' dir='ltr'>ἀκοῆς</span> <span class='ocrx_word' id='word_1_203' title='bbox 1706 2663 1740 2734; x_wconf 80' lang='grc' dir='ltr'><strong>ἡ</strong></span> <span class='ocrx_word' id='word_1_204' title='bbox 1774 2663 1928 2727; x_wconf 86' lang='grc' dir='ltr'>νόσος</span> 
     </span>
    </p>
   </div>
   <div class='ocr_carea' id='block_1_28' title="bbox 254 2748 1926 2820">
    <p class='ocr_par' dir='ltr' id='par_1_28' title="bbox 254 2748 1926 2820">
     <span class='ocr_line' id='line_1_28' title="bbox 254 2748 1926 2820; baseline 0.002 -21"><span class='ocrx_word' id='word_1_205' title='bbox 254 2748 472 2818; x_wconf 78' lang='grc' dir='ltr'>ἐπεισίῃ</span> <span class='ocrx_word' id='word_1_206' title='bbox 516 2752 584 2820; x_wconf 74' lang='grc' dir='ltr'>τῇ</span> <span class='ocrx_word' id='word_1_207' title='bbox 611 2748 755 2819; x_wconf 78' lang='grc' dir='ltr'>ψυχῇ</span> <span class='ocrx_word' id='word_1_208' title='bbox 776 2766 788 2780; x_wconf 76' lang='grc' dir='ltr'>ο</span> <span class='ocrx_word' id='word_1_209' title='bbox 821 2748 1118 2819; x_wconf 88' lang='grc' dir='ltr'>μιμοῦνται</span> <span class='ocrx_word' id='word_1_210' title='bbox 1148 2750 1247 2813; x_wconf 73' lang='grc' dir='ltr'>τὰς</span> <span class='ocrx_word' id='word_1_211' title='bbox 1277 2749 1565 2819; x_wconf 85' lang='grc' dir='ltr'>ἀλλοτρίας</span> <span class='ocrx_word' id='word_1_212' title='bbox 1606 2748 1926 2820; x_wconf 83' lang='grc' dir='ltr'>συμφοράς,</span> 
     </span>
    </p>
   </div>
   <div class='ocr_carea' id='block_1_29' title="bbox 254 2833 1929 2907">
    <p class='ocr_par' dir='ltr' id='par_1_29' title="bbox 254 2833 1929 2907">
     <span class='ocr_line' id='line_1_29' title="bbox 254 2833 1929 2907; baseline 0.003 -22"><span class='ocrx_word' id='word_1_213' title='bbox 254 2833 375 2886; x_wconf 77' lang='grc' dir='ltr'>ὅθεν</span> <span class='ocrx_word' id='word_1_214' title='bbox 404 2836 588 2898; x_wconf 83' lang='grc' dir='ltr'>αὐτοῖς</span> <span class='ocrx_word' id='word_1_215' title='bbox 637 2836 825 2889; x_wconf 77' lang='grc' dir='ltr'>καὶτὸ</span> <span class='ocrx_word' id='word_1_216' title='bbox 868 2836 1040 2907; x_wconf 76' lang='grc' dir='ltr'>ὄνομα</span> <span class='ocrx_word' id='word_1_217' title='bbox 1087 2836 1185 2907; x_wconf 85' lang='grc' dir='ltr'>τῆς</span> <span class='ocrx_word' id='word_1_218' title='bbox 1216 2836 1481 2907; x_wconf 89' lang='grc' dir='ltr'>αἰσχύνης</span> <span class='ocrx_word' id='word_1_219' title='bbox 1526 2836 1821 2891; x_wconf 85' lang='grc' dir='ltr'>ἐπίκειται.</span> <span class='ocrx_word' id='word_1_220' title='bbox 1864 2837 1929 2890; x_wconf 90' lang='grc' dir='ltr'>Τί</span> 
     </span>
    </p>
   </div>
   <div class='ocr_carea' id='block_1_30' title="bbox 252 2916 1929 2995">
    <p class='ocr_par' dir='ltr' id='par_1_30' title="bbox 252 2916 1929 2995">
     <span class='ocr_line' id='line_1_30' title="bbox 252 2916 1929 2995; baseline 0.002 -21"><span class='ocrx_word' id='word_1_221' title='bbox 252 2916 348 2975; x_wconf 77' lang='grc' dir='ltr'>οὖν</span> <span class='ocrx_word' id='word_1_222' title='bbox 374 2920 437 2975; x_wconf 86' lang='grc' dir='ltr'>τδ</span> <span class='ocrx_word' id='word_1_223' title='bbox 476 2922 666 2994; x_wconf 80' lang='grc' dir='ltr'>κέρδος</span> <span class='ocrx_word' id='word_1_224' title='bbox 693 2923 794 2993; x_wconf 77' lang='grc' dir='ltr'>τῆς</span> <span class='ocrx_word' id='word_1_225' title='bbox 838 2924 1123 2995; x_wconf 87' lang='grc' dir='ltr'>νηστείας,</span> <span class='ocrx_word' id='word_1_226' title='bbox 1156 2923 1384 2977; x_wconf 86' lang='grc' dir='ltr'>τοιαῦτα</span> <span class='ocrx_word' id='word_1_227' title='bbox 1410 2924 1511 2993; x_wconf 82' lang='grc' dir='ltr'>τῆς</span> <span class='ocrx_word' id='word_1_228' title='bbox 1540 2924 1718 2995; x_wconf 80' lang='grc' dir='ltr'>ψυχῆς</span> <span class='ocrx_word' id='word_1_229' title='bbox 1749 2942 1929 2977; x_wconf 91' lang='grc' dir='ltr'>σιτου-</span> 
     </span>
    </p>
   </div>
   <div class='ocr_carea' id='block_1_31' title="bbox 258 3010 1930 3082">
    <p class='ocr_par' dir='ltr' id='par_1_31' title="bbox 258 3010 1930 3082">
     <span class='ocr_line' id='line_1_31' title="bbox 258 3010 1930 3082; baseline 0.001 -20"><span class='ocrx_word' id='word_1_230' title='bbox 258 3010 460 3081; x_wconf 85' lang='grc' dir='ltr'>μένης;</span> <span class='ocrx_word' id='word_1_231' title='bbox 516 3010 695 3074; x_wconf 90' lang='grc' dir='ltr'>ποίοις</span> <span class='ocrx_word' id='word_1_232' title='bbox 736 3010 1036 3081; x_wconf 81' lang='grc' dir='ltr'>ὀφθαλμοῖς</span> <span class='ocrx_word' id='word_1_233' title='bbox 1082 3012 1205 3081; x_wconf 73' lang='grc' dir='ltr'>ὄψει</span> <span class='ocrx_word' id='word_1_234' title='bbox 1255 3012 1355 3082; x_wconf 80' lang='grc' dir='ltr'>τὴν</span> <span class='ocrx_word' id='word_1_235' title='bbox 1400 3014 1636 3080; x_wconf 86' lang='grc' dir='ltr'>γυναῖκα</span> <span class='ocrx_word' id='word_1_236' title='bbox 1677 3012 1784 3065; x_wconf 90' lang='grc' dir='ltr'>ἀπὸ</span> <span class='ocrx_word' id='word_1_237' title='bbox 1819 3012 1930 3064; x_wconf 91' lang='grc' dir='ltr'>τῶν</span> 
     </span>
    </p>
   </div>
   <div class='ocr_carea' id='block_1_32' title="bbox 255 3098 1927 3172">
    <p class='ocr_par' dir='ltr' id='par_1_32' title="bbox 255 3098 1927 3172">
     <span class='ocr_line' id='line_1_32' title="bbox 255 3098 1927 3172; baseline 0.001 -20"><span class='ocrx_word' id='word_1_238' title='bbox 255 3098 547 3170; x_wconf 84' lang='grc' dir='ltr'>θεαμάτων</span> <span class='ocrx_word' id='word_1_239' title='bbox 605 3099 865 3165; x_wconf 85' lang='grc' dir='ltr'>ἐκείνων;</span> <span class='ocrx_word' id='word_1_240' title='bbox 914 3100 1083 3164; x_wconf 90' lang='grc' dir='ltr'>ποίοις</span> <span class='ocrx_word' id='word_1_241' title='bbox 1138 3099 1423 3172; x_wconf 78' lang='grc' dir='ltr'>ὄμμασινά</span> <span class='ocrx_word' id='word_1_242' title='bbox 1454 3100 1574 3169; x_wconf 79' lang='grc' dir='ltr'>ὄψει</span> <span class='ocrx_word' id='word_1_243' title='bbox 1630 3100 1724 3154; x_wconf 84' lang='grc' dir='ltr'>τὸν</span> <span class='ocrx_word' id='word_1_244' title='bbox 1783 3101 1927 3166; x_wconf 83' lang='grc' dir='ltr'>υἰὸν,</span> 
     </span>
    </p>
   </div>
   <div class='ocr_carea' id='block_1_33' title="bbox 257 3186 1930 3261">
    <p class='ocr_par' dir='ltr' id='par_1_33' title="bbox 257 3186 1930 3261">
     <span class='ocr_line' id='line_1_33' title="bbox 257 3186 1930 3261; baseline 0.003 -22"><span class='ocrx_word' id='word_1_245' title='bbox 257 3186 435 3250; x_wconf 89' lang='grc' dir='ltr'>ποίοις</span> <span class='ocrx_word' id='word_1_246' title='bbox 462 3186 555 3240; x_wconf 80' lang='grc' dir='ltr'>τὸν</span> <span class='ocrx_word' id='word_1_247' title='bbox 578 3186 826 3257; x_wconf 89' lang='grc' dir='ltr'>οἰκέτην,</span> <span class='ocrx_word' id='word_1_248' title='bbox 873 3187 1045 3251; x_wconf 88' lang='grc' dir='ltr'>ποίοις</span> <span class='ocrx_word' id='word_1_249' title='bbox 1068 3188 1159 3241; x_wconf 86' lang='grc' dir='ltr'>τὸν</span> <span class='ocrx_word' id='word_1_250' title='bbox 1194 3188 1376 3256; x_wconf 87' lang='grc' dir='ltr'>φίλον;</span> <span class='ocrx_word' id='word_1_251' title='bbox 1433 3190 1668 3261; x_wconf 87' lang='grc' dir='ltr'>Ἀνάγκη</span> <span class='ocrx_word' id='word_1_252' title='bbox 1703 3191 1813 3261; x_wconf 89' lang='grc' dir='ltr'>γάρ</span> <span class='ocrx_word' id='word_1_253' title='bbox 1838 3191 1930 3244; x_wconf 76' lang='grc' dir='ltr'>λέο</span> 
     </span>
    </p>
   </div>
   <div class='ocr_carea' id='block_1_34' title="bbox 258 3273 1932 3349">
    <p class='ocr_par' dir='ltr' id='par_1_34' title="bbox 258 3273 1932 3349">
     <span class='ocr_line' id='line_1_34' title="bbox 258 3273 1932 3349; baseline 0.005 -24"><span class='ocrx_word' id='word_1_254' title='bbox 258 3288 425 3341; x_wconf 88' lang='grc' dir='ltr'>γοντα</span> <span class='ocrx_word' id='word_1_255' title='bbox 451 3273 522 3327; x_wconf 89' lang='grc' dir='ltr'>τά</span> <span class='ocrx_word' id='word_1_256' title='bbox 547 3276 664 3327; x_wconf 88' lang='grc' dir='ltr'>ἐκεῖ</span> <span class='ocrx_word' id='word_1_257' title='bbox 702 3276 963 3345; x_wconf 88' lang='grc' dir='ltr'>γινόμενα</span> <span class='ocrx_word' id='word_1_258' title='bbox 989 3276 1351 3346; x_wconf 88' lang='grc' dir='ltr'>ἀσχημονεῖν,</span> <span class='ocrx_word' id='word_1_259' title='bbox 1386 3277 1417 3348; x_wconf 81' lang='grc' dir='ltr'>ἢ</span> <span class='ocrx_word' id='word_1_260' title='bbox 1447 3280 1606 3349; x_wconf 84' lang='grc' dir='ltr'>σιγᾷν</span> <span class='ocrx_word' id='word_1_261' title='bbox 1644 3280 1740 3333; x_wconf 77' lang='grc' dir='ltr'>καὶ</span> <span class='ocrx_word' id='word_1_262' title='bbox 1762 3297 1932 3333; x_wconf 89' lang='grc' dir='ltr'>κατα-</span> 
     </span>
    </p>
   </div>
   <div class='ocr_carea' id='block_1_35' title="bbox 255 3359 1932 3438">
    <p class='ocr_par' dir='ltr' id='par_1_35' title="bbox 255 3359 1932 3438">
     <span class='ocr_line' id='line_1_35' title="bbox 255 3359 1932 3438; baseline 0.005 -25"><span class='ocrx_word' id='word_1_263' title='bbox 255 3359 481 3414; x_wconf 88' lang='grc' dir='ltr'>δύεσθαι</span> <span class='ocrx_word' id='word_1_264' title='bbox 513 3361 870 3433; x_wconf 76' lang='grc' dir='ltr'>ἐρυθριῶντα.</span> <span class='ocrx_word' id='word_1_265' title='bbox 921 3362 1059 3415; x_wconf 85' lang='grc' dir='ltr'>Ἀλλ’</span> <span class='ocrx_word' id='word_1_266' title='bbox 1095 3364 1194 3416; x_wconf 85' lang='grc' dir='ltr'>οὐκ</span> <span class='ocrx_word' id='word_1_267' title='bbox 1225 3364 1476 3419; x_wconf 85' lang='grc' dir='ltr'>ἐντεῦθεν</span> <span class='ocrx_word' id='word_1_268' title='bbox 1503 3366 1677 3431; x_wconf 76' lang='grc' dir='ltr'>οὕτως</span> <span class='ocrx_word' id='word_1_269' title='bbox 1720 3369 1932 3438; x_wconf 87' lang='grc' dir='ltr'>ἀναχω-</span> 
     </span>
    </p>
   </div>
   <div class='ocr_carea' id='block_1_36' title="bbox 260 3447 1934 3527">
    <p class='ocr_par' dir='ltr' id='par_1_36' title="bbox 260 3447 1934 3527">
     <span class='ocr_line' id='line_1_36' title="bbox 260 3447 1934 3527; baseline 0.008 -29"><span class='ocrx_word' id='word_1_270' title='bbox 260 3448 373 3518; x_wconf 87' lang='grc' dir='ltr'>ρεῖς</span> <span class='ocrx_word' id='word_1_271' title='bbox 394 3489 409 3513; x_wconf 92' lang='grc'>,</span> <span class='ocrx_word' id='word_1_272' title='bbox 438 3447 554 3501; x_wconf 88' lang='grc' dir='ltr'>ἀλλ’</span> <span class='ocrx_word' id='word_1_273' title='bbox 586 3448 728 3515; x_wconf 76' lang='grc' dir='ltr'>ἕξεις</span> <span class='ocrx_word' id='word_1_274' title='bbox 774 3449 833 3503; x_wconf 85' lang='grc' dir='ltr'>ἐν</span> <span class='ocrx_word' id='word_1_275' title='bbox 864 3452 931 3521; x_wconf 78' lang='grc' dir='ltr'>τῇ</span> <span class='ocrx_word' id='word_1_276' title='bbox 974 3451 1123 3523; x_wconf 78' lang='grc' dir='ltr'>οἰκίᾳ</span> <span class='ocrx_word' id='word_1_277' title='bbox 1166 3453 1305 3521; x_wconf 88' lang='grc' dir='ltr'>μετά</span> <span class='ocrx_word' id='word_1_278' title='bbox 1340 3454 1546 3522; x_wconf 78' lang='grc' dir='ltr'>πολλῆς</span> <span class='ocrx_word' id='word_1_279' title='bbox 1585 3454 1684 3524; x_wconf 79' lang='grc' dir='ltr'>τῆς</span> <span class='ocrx_word' id='word_1_280' title='bbox 1714 3457 1934 3527; x_wconf 74' lang='grc' dir='ltr'>παρρη-</span> 
     </span>
    </p>
   </div>
   <div class='ocr_carea' id='block_1_37' title="bbox 260 3534 1933 3612">
    <p class='ocr_par' dir='ltr' id='par_1_37' title="bbox 260 3534 1933 3612">
     <span class='ocr_line' id='line_1_37' title="bbox 260 3534 1933 3612; baseline 0.005 -25"><span class='ocrx_word' id='word_1_281' title='bbox 260 3534 380 3599; x_wconf 85' lang='grc' dir='ltr'>σίας</span> <span class='ocrx_word' id='word_1_282' title='bbox 410 3536 588 3591; x_wconf 87' lang='grc' dir='ltr'>πάντα</span> <span class='ocrx_word' id='word_1_283' title='bbox 610 3537 679 3591; x_wconf 89' lang='grc' dir='ltr'>τά</span> <span class='ocrx_word' id='word_1_284' title='bbox 700 3538 967 3607; x_wconf 89' lang='grc' dir='ltr'>λεγόμενα</span> <span class='ocrx_word' id='word_1_285' title='bbox 989 3538 1317 3610; x_wconf 85' lang='grc' dir='ltr'>διηγεῖσθαι,</span> <span class='ocrx_word' id='word_1_286' title='bbox 1349 3541 1695 3612; x_wconf 86' lang='grc' dir='ltr'>προφητικάς</span> <span class='ocrx_word' id='word_1_287' title='bbox 1722 3542 1933 3611; x_wconf 85' lang='grc' dir='ltr'>φωνάς,</span> 
     </span>
    </p>
   </div>
   <div class='ocr_carea' id='block_1_38' title="bbox 258 3623 1933 3701">
    <p class='ocr_par' dir='ltr' id='par_1_38' title="bbox 258 3623 1933 3701">
     <span class='ocr_line' id='line_1_38' title="bbox 258 3623 1933 3701; baseline 0.006 -26"><span class='ocrx_word' id='word_1_288' title='bbox 258 3623 596 3678; x_wconf 86' lang='grc' dir='ltr'>ἀποστολικά</span> <span class='ocrx_word' id='word_1_289' title='bbox 626 3626 898 3696; x_wconf 86' lang='grc' dir='ltr'>δόγματα,</span> <span class='ocrx_word' id='word_1_290' title='bbox 933 3626 1135 3697; x_wconf 87' lang='grc' dir='ltr'>νόμους</span> <span class='ocrx_word' id='word_1_291' title='bbox 1168 3626 1545 3693; x_wconf 83' lang='grc' dir='ltr'>δεσποτικοὺς,</span> <span class='ocrx_word' id='word_1_292' title='bbox 1573 3629 1794 3684; x_wconf 79' lang='grc' dir='ltr'>ἃπασαν</span> <span class='ocrx_word' id='word_1_293' title='bbox 1832 3632 1933 3701; x_wconf 86' lang='grc' dir='ltr'>τῆς</span> 
     </span>
    </p>
   </div>
   <div class='ocr_carea' id='block_1_39' title="bbox 258 3710 1932 3788">
    <p class='ocr_par' dir='ltr' id='par_1_39' title="bbox 258 3710 1932 3788">
     <span class='ocr_line' id='line_1_39' title="bbox 258 3710 1932 3788; baseline 0.004 -25"><span class='ocrx_word' id='word_1_294' title='bbox 258 3710 466 3781; x_wconf 84' lang='grc' dir='ltr'>ἀρετῆς</span> <span class='ocrx_word' id='word_1_295' title='bbox 489 3712 847 3784; x_wconf 84' lang='grc' dir='ltr'>παρατιθέναι</span> <span class='ocrx_word' id='word_1_296' title='bbox 872 3712 969 3784; x_wconf 81' lang='grc' dir='ltr'>τὴν</span> <span class='ocrx_word' id='word_1_297' title='bbox 995 3712 1303 3784; x_wconf 81' lang='grc' dir='ltr'>τράπεζαν,</span> <span class='ocrx_word' id='word_1_298' title='bbox 1335 3716 1430 3769; x_wconf 75' lang='grc' dir='ltr'>καὶ</span> <span class='ocrx_word' id='word_1_299' title='bbox 1461 3718 1693 3784; x_wconf 89' lang='grc' dir='ltr'>γυναῖκα</span> <span class='ocrx_word' id='word_1_300' title='bbox 1721 3734 1932 3788; x_wconf 86' lang='grc' dir='ltr'>σωφρο-</span> 
     </span>
    </p>
   </div>
   <div class='ocr_carea' id='block_1_40' title="bbox 259 3799 1932 3874">
    <p class='ocr_par' dir='ltr' id='par_1_40' title="bbox 259 3799 1932 3874">
     <span class='ocr_line' id='line_1_40' title="bbox 259 3799 1932 3874; baseline 0.006 -25"><span class='ocrx_word' id='word_1_301' title='bbox 259 3799 520 3870; x_wconf 83' lang='grc' dir='ltr'>νεστέραν</span> <span class='ocrx_word' id='word_1_302' title='bbox 542 3804 715 3865; x_wconf 87' lang='grc' dir='ltr'>ποιεῖς</span> <span class='ocrx_word' id='word_1_303' title='bbox 740 3804 852 3865; x_wconf 90' lang='grc' dir='ltr'>τοῖς</span> <span class='ocrx_word' id='word_1_304' title='bbox 883 3801 1132 3855; x_wconf 83' lang='grc' dir='ltr'>ἐντεῦθεν</span> <span class='ocrx_word' id='word_1_305' title='bbox 1153 3803 1506 3874; x_wconf 86' lang='grc' dir='ltr'>διηγήμασιν,</span> <span class='ocrx_word' id='word_1_306' title='bbox 1536 3806 1629 3858; x_wconf 80' lang='grc' dir='ltr'>καὶ</span> <span class='ocrx_word' id='word_1_307' title='bbox 1661 3804 1775 3857; x_wconf 84' lang='grc' dir='ltr'>υἰὺν</span> <span class='ocrx_word' id='word_1_308' title='bbox 1806 3822 1932 3859; x_wconf 84' lang='grc' dir='ltr'>συν-</span> 
     </span>
    </p>
   </div>
   <div class='ocr_carea' id='block_1_41' title="bbox 260 3887 1934 3963">
    <p class='ocr_par' dir='ltr' id='par_1_41' title="bbox 260 3887 1934 3963">
     <span class='ocr_line' id='line_1_41' title="bbox 260 3887 1934 3963; baseline 0.005 -23"><span class='ocrx_word' id='word_1_309' title='bbox 260 3887 529 3959; x_wconf 78' lang='grc' dir='ltr'>ετώτερον</span> <span class='ocrx_word' id='word_1_310' title='bbox 567 3889 806 3962; x_wconf 80' lang='grc' dir='ltr'>ἐργάζῃ,</span> <span class='ocrx_word' id='word_1_311' title='bbox 836 3891 931 3943; x_wconf 84' lang='grc' dir='ltr'>καί</span> <span class='ocrx_word' id='word_1_312' title='bbox 974 3892 1192 3962; x_wconf 81' lang='grc' dir='ltr'>οἰκέτην</span> <span class='ocrx_word' id='word_1_313' title='bbox 1233 3893 1613 3962; x_wconf 79' lang='grc' dir='ltr'>εὐνούστερον,</span> <span class='ocrx_word' id='word_1_314' title='bbox 1661 3894 1753 3949; x_wconf 78' lang='grc' dir='ltr'>καὶ</span> <span class='ocrx_word' id='word_1_315' title='bbox 1782 3894 1934 3963; x_wconf 89' lang='grc' dir='ltr'>φίλον</span> 
     </span>
    </p>
   </div>
   <div class='ocr_carea' id='block_1_42' title="bbox 263 3973 1935 4049">
    <p class='ocr_par' dir='ltr' id='par_1_42' title="bbox 263 3973 1935 4049">
     <span class='ocr_line' id='line_1_42' title="bbox 263 3973 1935 4049; baseline 0.005 -22"><span class='ocrx_word' id='word_1_316' title='bbox 263 3973 647 4047; x_wconf 77' lang='grc' dir='ltr'>φιλικώτερον,</span> <span class='ocrx_word' id='word_1_317' title='bbox 676 3978 772 4030; x_wconf 79' lang='grc' dir='ltr'>καὶ</span> <span class='ocrx_word' id='word_1_318' title='bbox 800 3977 893 4032; x_wconf 84' lang='grc' dir='ltr'>τὸν</span> <span class='ocrx_word' id='word_1_319' title='bbox 925 3978 1118 4049; x_wconf 80' lang='grc' dir='ltr'>ἐχθρὸν</span> <span class='ocrx_word' id='word_1_320' title='bbox 1135 3979 1193 4032; x_wconf 84' lang='grc' dir='ltr'>δὲ</span> <span class='ocrx_word' id='word_1_321' title='bbox 1220 3979 1384 4033; x_wconf 80' lang='grc' dir='ltr'>αὑτὸν</span> <span class='ocrx_word' id='word_1_322' title='bbox 1406 3979 1612 4044; x_wconf 87' lang='grc' dir='ltr'>πείθεις</span> <span class='ocrx_word' id='word_1_323' title='bbox 1633 3980 1935 4036; x_wconf 86' lang='grc' dir='ltr'>καταλῦσαι</span> 
     </span>
    </p>
   </div>
   <div class='ocr_carea' id='block_1_43' title="bbox 262 4062 613 4135">
    <p class='ocr_par' dir='ltr' id='par_1_43' title="bbox 262 4062 613 4135">
     <span class='ocr_line' id='line_1_43' title="bbox 262 4062 613 4135; baseline 0.009 -21"><span class='ocrx_word' id='word_1_324' title='bbox 262 4063 364 4132; x_wconf 82' lang='grc' dir='ltr'>τὴν</span> <span class='ocrx_word' id='word_1_325' title='bbox 390 4062 483 4133; x_wconf 73' lang='grc' dir='ltr'>ἕχθ</span> <span class='ocrx_word' id='word_1_326' title='bbox 494 4080 613 4135; x_wconf 88' lang='grc' dir='ltr'>ραν.</span> 
     </span>
    </p>
   </div>
   <div class='ocr_carea' id='block_1_44' title="bbox 333 4149 1933 4229">
    <p class='ocr_par' dir='ltr' id='par_1_44' title="bbox 333 4149 1933 4229">
     <span class='ocr_line' id='line_1_44' title="bbox 333 4149 1933 4229; baseline 0.006 -26"><span class='ocrx_word' id='word_1_327' title='bbox 333 4149 403 4220; x_wconf 81' lang='grc' dir='ltr'>β’.</span> <span class='ocrx_word' id='word_1_328' title='bbox 432 4151 593 4223; x_wconf 80' lang='grc' dir='ltr'>Ὁρᾷς</span> <span class='ocrx_word' id='word_1_329' title='bbox 609 4152 684 4217; x_wconf 89' lang='grc' dir='ltr'>ώς</span> <span class='ocrx_word' id='word_1_330' title='bbox 698 4152 871 4206; x_wconf 87' lang='grc' dir='ltr'>ταῦτα</span> <span class='ocrx_word' id='word_1_331' title='bbox 902 4154 1004 4224; x_wconf 82' lang='grc' dir='ltr'>μὲν</span> <span class='ocrx_word' id='word_1_332' title='bbox 1022 4153 1298 4225; x_wconf 77' lang='grc' dir='ltr'>πανταχοῦ</span> <span class='ocrx_word' id='word_1_333' title='bbox 1326 4157 1568 4229; x_wconf 86' lang='grc' dir='ltr'>σωτήρια</span> <span class='ocrx_word' id='word_1_334' title='bbox 1582 4157 1650 4211; x_wconf 86' lang='grc' dir='ltr'>τά</span> <span class='ocrx_word' id='word_1_335' title='bbox 1664 4157 1933 4228; x_wconf 84' lang='grc' dir='ltr'>δόγματα,</span> 
     </span>
    </p>
   </div>
   <div class='ocr_carea' id='block_1_45' title="bbox 264 4239 1935 4314">
    <p class='ocr_par' dir='ltr' id='par_1_45' title="bbox 264 4239 1935 4314">
     <span class='ocr_line' id='line_1_45' title="bbox 264 4239 1935 4314; baseline 0.005 -24"><span class='ocrx_word' id='word_1_336' title='bbox 264 4239 450 4292; x_wconf 89' lang='grc' dir='ltr'>ἐκεῖνα</span> <span class='ocrx_word' id='word_1_337' title='bbox 494 4239 551 4293; x_wconf 86' lang='grc' dir='ltr'>δὲ</span> <span class='ocrx_word' id='word_1_338' title='bbox 592 4240 841 4314; x_wconf 82' lang='grc' dir='ltr'>ἀχρηστα</span> <span class='ocrx_word' id='word_1_339' title='bbox 872 4242 1151 4313; x_wconf 81' lang='grc' dir='ltr'>πανταχοῦ</span> <span class='ocrx_word' id='word_1_340' title='bbox 1183 4243 1251 4296; x_wconf 90' lang='grc' dir='ltr'>τά</span> <span class='ocrx_word' id='word_1_341' title='bbox 1280 4244 1636 4314; x_wconf 87' lang='grc' dir='ltr'>ἀκούσματα;</span> <span class='ocrx_word' id='word_1_342' title='bbox 1666 4246 1731 4298; x_wconf 88' lang='grc' dir='ltr'>Τί</span> <span class='ocrx_word' id='word_1_343' title='bbox 1756 4246 1935 4299; x_wconf 82' lang='grc' dir='ltr'>τοίνυν</span> 
     </span>
    </p>
   </div>
   <div class='ocr_carea' id='block_1_46' title="bbox 263 4324 1937 4402">
    <p class='ocr_par' dir='ltr' id='par_1_46' title="bbox 263 4324 1937 4402">
     <span class='ocr_line' id='line_1_46' title="bbox 263 4324 1937 4402; baseline 0.004 -25"><span class='ocrx_word' id='word_1_344' title='bbox 263 4324 458 4394; x_wconf 73' lang='grc' dir='ltr'>ὄφελος</span> <span class='ocrx_word' id='word_1_345' title='bbox 504 4327 792 4398; x_wconf 88' lang='grc' dir='ltr'>νηστείας,</span> <span class='ocrx_word' id='word_1_346' title='bbox 842 4326 963 4380; x_wconf 89' lang='grc' dir='ltr'>εἰπέ</span> <span class='ocrx_word' id='word_1_347' title='bbox 1008 4345 1131 4398; x_wconf 88' lang='grc' dir='ltr'>μοι,</span> <span class='ocrx_word' id='word_1_348' title='bbox 1184 4329 1312 4382; x_wconf 84' lang='grc' dir='ltr'>ὅταν</span> <span class='ocrx_word' id='word_1_349' title='bbox 1340 4328 1418 4399; x_wconf 84' lang='grc' dir='ltr'>τῷ</span> <span class='ocrx_word' id='word_1_350' title='bbox 1448 4328 1660 4399; x_wconf 89' lang='grc' dir='ltr'>σώματι</span> <span class='ocrx_word' id='word_1_351' title='bbox 1701 4331 1801 4401; x_wconf 87' lang='grc' dir='ltr'>μὲν</span> <span class='ocrx_word' id='word_1_352' title='bbox 1840 4350 1937 4402; x_wconf 86' lang='grc' dir='ltr'>νη-</span> 
     </span>
    </p>
   </div>
   <div class='ocr_carea' id='block_1_47' title="bbox 267 4414 1935 4491">
    <p class='ocr_par' dir='ltr' id='par_1_47' title="bbox 267 4414 1935 4491">
     <span class='ocr_line' id='line_1_47' title="bbox 267 4414 1935 4491; baseline 0.004 -24"><span class='ocrx_word' id='word_1_353' title='bbox 267 4414 498 4485; x_wconf 79' lang='grc' dir='ltr'>στεύῃς,</span> <span class='ocrx_word' id='word_1_354' title='bbox 540 4414 629 4468; x_wconf 78' lang='grc' dir='ltr'>διὰ</span> <span class='ocrx_word' id='word_1_355' title='bbox 670 4415 729 4468; x_wconf 79' lang='grc' dir='ltr'>δὲ</span> <span class='ocrx_word' id='word_1_356' title='bbox 768 4415 878 4469; x_wconf 89' lang='grc' dir='ltr'>τῶν</span> <span class='ocrx_word' id='word_1_357' title='bbox 919 4415 1215 4487; x_wconf 87' lang='grc' dir='ltr'>ὀφθαλμῶν</span> <span class='ocrx_word' id='word_1_358' title='bbox 1261 4416 1554 4489; x_wconf 75' lang='grc' dir='ltr'>μοιχεύῃςς</span> <span class='ocrx_word' id='word_1_359' title='bbox 1586 4418 1798 4489; x_wconf 90' lang='grc' dir='ltr'>μοιχεία</span> <span class='ocrx_word' id='word_1_360' title='bbox 1827 4420 1935 4491; x_wconf 90' lang='grc' dir='ltr'>γάρ</span> 
     </span>
    </p>
   </div>
   <div class='ocr_carea' id='block_1_48' title="bbox 264 4503 1976 4576">
    <p class='ocr_par' dir='ltr' id='par_1_48' title="bbox 264 4503 1976 4576">
     <span class='ocr_line' id='line_1_48' title="bbox 264 4503 1976 4576; baseline 0.004 -21"><span class='ocrx_word' id='word_1_361' title='bbox 264 4504 415 4556; x_wconf 87' lang='grc' dir='ltr'>ἐστιν</span> <span class='ocrx_word' id='word_1_362' title='bbox 456 4504 518 4557; x_wconf 86' lang='grc' dir='ltr'>οὐ</span> <span class='ocrx_word' id='word_1_363' title='bbox 549 4503 838 4575; x_wconf 86' lang='grc' dir='ltr'>συμπλοκὴ</span> <span class='ocrx_word' id='word_1_364' title='bbox 884 4504 1077 4573; x_wconf 92' lang='grc' dir='ltr'>μόνον,</span> <span class='ocrx_word' id='word_1_365' title='bbox 1110 4505 1230 4558; x_wconf 86' lang='grc' dir='ltr'>οὺδέ</span> <span class='ocrx_word' id='word_1_366' title='bbox 1273 4506 1459 4576; x_wconf 82' lang='grc' dir='ltr'>ὁμιλία</span> <span class='ocrx_word' id='word_1_367' title='bbox 1490 4507 1771 4576; x_wconf 91' lang='grc' dir='ltr'>σώματος,</span> <span class='ocrx_word' id='word_1_368' title='bbox 1799 4508 1935 4561; x_wconf 86' lang='grc' dir='ltr'>ἀλλά</span> <span class='ocrx_word' id='word_1_369' title='bbox 1969 4541 1976 4550; x_wconf 73' lang='grc' dir='ltr'>ι</span> 
     </span>
    </p>
   </div>
   <div class='ocr_carea' id='block_1_49' title="bbox 267 4590 1936 4661">
    <p class='ocr_par' dir='ltr' id='par_1_49' title="bbox 267 4590 1936 4661">
     <span class='ocr_line' id='line_1_49' title="bbox 267 4590 1936 4661; baseline 0.003 -19"><span class='ocrx_word' id='word_1_370' title='bbox 267 4591 362 4644; x_wconf 74' lang='grc' dir='ltr'>καὶ</span> <span class='ocrx_word' id='word_1_371' title='bbox 392 4590 514 4659; x_wconf 74' lang='grc' dir='ltr'>ὅψις</span> <span class='ocrx_word' id='word_1_372' title='bbox 542 4590 868 4654; x_wconf 85' lang='grc' dir='ltr'>ἀκόλαστος·</span> <span class='ocrx_word' id='word_1_373' title='bbox 917 4591 971 4644; x_wconf 89' lang='grc' dir='ltr'>τί</span> <span class='ocrx_word' id='word_1_374' title='bbox 1000 4591 1062 4645; x_wconf 86' lang='grc' dir='ltr'>τὸ</span> <span class='ocrx_word' id='word_1_375' title='bbox 1106 4591 1298 4661; x_wconf 74' lang='grc' dir='ltr'>ὄφελος</span> <span class='ocrx_word' id='word_1_376' title='bbox 1327 4594 1457 4646; x_wconf 85' lang='grc' dir='ltr'>ὅταν</span> <span class='ocrx_word' id='word_1_377' title='bbox 1486 4605 1510 4631; x_wconf 76' lang='grc' dir='ltr'>θ</span> <span class='ocrx_word' id='word_1_378' title='bbox 1544 4594 1779 4648; x_wconf 87' lang='grc' dir='ltr'>ἐνταῦθα</span> <span class='ocrx_word' id='word_1_379' title='bbox 1826 4612 1936 4647; x_wconf 88' lang='grc' dir='ltr'>πα-</span> 
     </span>
    </p>
   </div>
   <div class='ocr_carea' id='block_1_50' title="bbox 270 4678 1938 4754">
    <p class='ocr_par' dir='ltr' id='par_1_50' title="bbox 270 4678 1938 4754">
     <span class='ocr_line' id='line_1_50' title="bbox 270 4678 1938 4754; baseline 0.004 -24"><span class='ocrx_word' id='word_1_380' title='bbox 270 4678 470 4751; x_wconf 82' lang='grc' dir='ltr'>ραγίνῃ</span> <span class='ocrx_word' id='word_1_381' title='bbox 507 4680 701 4744; x_wconf 85' lang='grc' dir='ltr'>κάκεῖ;</span> <span class='ocrx_word' id='word_1_382' title='bbox 749 4678 891 4749; x_wconf 86' lang='grc' dir='ltr'>Ἐγὼ</span> <span class='ocrx_word' id='word_1_383' title='bbox 924 4680 1187 4743; x_wconf 89' lang='grc' dir='ltr'>παιδεύω,</span> <span class='ocrx_word' id='word_1_384' title='bbox 1218 4681 1425 4743; x_wconf 91' lang='grc' dir='ltr'>ἐκεῖνος</span> <span class='ocrx_word' id='word_1_385' title='bbox 1453 4681 1753 4754; x_wconf 82' lang='grc' dir='ltr'>διαφθείρει</span> <span class='ocrx_word' id='word_1_386' title='bbox 1777 4698 1790 4712; x_wconf 70' lang='grc'><strong><em>⁸</em></strong></span> <span class='ocrx_word' id='word_1_387' title='bbox 1825 4684 1938 4752; x_wconf 89' lang='grc' dir='ltr'>ἐγὼ</span> 
     </span>
    </p>
   </div>
   <div class='ocr_carea' id='block_1_51' title="bbox 267 4769 1937 4843">
    <p class='ocr_par' dir='ltr' id='par_1_51' title="bbox 267 4769 1937 4843">
     <span class='ocr_line' id='line_1_51' title="bbox 267 4769 1937 4843; baseline 0.005 -22"><span class='ocrx_word' id='word_1_388' title='bbox 267 4769 538 4840; x_wconf 78' lang='grc' dir='ltr'>φάρμακα</span> <span class='ocrx_word' id='word_1_389' title='bbox 571 4771 763 4839; x_wconf 84' lang='grc' dir='ltr'>ἐπάγω</span> <span class='ocrx_word' id='word_1_390' title='bbox 795 4773 860 4842; x_wconf 80' lang='grc' dir='ltr'>τῇ</span> <span class='ocrx_word' id='word_1_391' title='bbox 896 4771 1072 4841; x_wconf 87' lang='grc' dir='ltr'>νόσῳ,</span> <span class='ocrx_word' id='word_1_392' title='bbox 1104 4772 1311 4835; x_wconf 89' lang='grc' dir='ltr'>ἐκεῖνος</span> <span class='ocrx_word' id='word_1_393' title='bbox 1342 4772 1700 4843; x_wconf 90' lang='grc' dir='ltr'>προστίθησιν</span> <span class='ocrx_word' id='word_1_394' title='bbox 1739 4774 1937 4829; x_wconf 64' lang='grc' dir='ltr'>ὑπόθεο</span> 
     </span>
    </p>
   </div>
   <div class='ocr_carea' id='block_1_52' title="bbox 270 4857 1936 4931">
    <p class='ocr_par' dir='ltr' id='par_1_52' title="bbox 270 4857 1936 4931">
     <span class='ocr_line' id='line_1_52' title="bbox 270 4857 1936 4931; baseline 0.003 -21"><span class='ocrx_word' id='word_1_395' title='bbox 270 4873 357 4910; x_wconf 88' lang='grc' dir='ltr'>σιν</span> <span class='ocrx_word' id='word_1_396' title='bbox 398 4859 467 4929; x_wconf 76' lang='grc' dir='ltr'>τῇ</span> <span class='ocrx_word' id='word_1_397' title='bbox 525 4858 699 4928; x_wconf 89' lang='grc' dir='ltr'>νόσῳ·</span> <span class='ocrx_word' id='word_1_398' title='bbox 752 4857 863 4926; x_wconf 84' lang='grc' dir='ltr'>ἐγὼ</span> <span class='ocrx_word' id='word_1_399' title='bbox 912 4858 1155 4914; x_wconf 90' lang='grc' dir='ltr'>σϐεννύω</span> <span class='ocrx_word' id='word_1_400' title='bbox 1197 4859 1299 4929; x_wconf 84' lang='grc' dir='ltr'>τὴν</span> <span class='ocrx_word' id='word_1_401' title='bbox 1327 4859 1503 4929; x_wconf 86' lang='grc' dir='ltr'>φλόγα</span> <span class='ocrx_word' id='word_1_402' title='bbox 1540 4860 1640 4931; x_wconf 84' lang='grc' dir='ltr'>τῆς</span> <span class='ocrx_word' id='word_1_403' title='bbox 1683 4863 1936 4930; x_wconf 88' lang='grc' dir='ltr'>φύσεως,</span> 
     </span>
    </p>
   </div>
   <div class='ocr_carea' id='block_1_53' title="bbox 270 4944 1938 5019">
    <p class='ocr_par' dir='ltr' id='par_1_53' title="bbox 270 4944 1938 5019">
     <span class='ocr_line' id='line_1_53' title="bbox 270 4944 1938 5019; baseline 0.004 -22"><span class='ocrx_word' id='word_1_404' title='bbox 270 4945 477 5007; x_wconf 71' lang='grc' dir='ltr'>ἐκεῖνος</span> <span class='ocrx_word' id='word_1_405' title='bbox 504 4944 731 4998; x_wconf 88' lang='grc' dir='ltr'>ἀνάπτει</span> <span class='ocrx_word' id='word_1_406' title='bbox 761 4945 860 5017; x_wconf 83' lang='grc' dir='ltr'>τὴν</span> <span class='ocrx_word' id='word_1_407' title='bbox 887 4946 1061 5016; x_wconf 91' lang='grc' dir='ltr'>φλόγα</span> <span class='ocrx_word' id='word_1_408' title='bbox 1086 4946 1187 5017; x_wconf 85' lang='grc' dir='ltr'>τῆς</span> <span class='ocrx_word' id='word_1_409' title='bbox 1212 4947 1528 5019; x_wconf 86' lang='grc' dir='ltr'>ἐπιθυμίας.</span> <span class='ocrx_word' id='word_1_410' title='bbox 1557 4949 1622 5001; x_wconf 89' lang='grc' dir='ltr'>Τί</span> <span class='ocrx_word' id='word_1_411' title='bbox 1638 4948 1697 5002; x_wconf 84' lang='grc' dir='ltr'>τὸ</span> <span class='ocrx_word' id='word_1_412' title='bbox 1724 4949 1938 5018; x_wconf 79' lang='grc' dir='ltr'>ὄφελος,</span> 
     </span>
    </p>
   </div>
   <div class='ocr_carea' id='block_1_54' title="bbox 270 5027 1941 5106">
    <p class='ocr_par' dir='ltr' id='par_1_54' title="bbox 270 5027 1941 5106">
     <span class='ocr_line' id='line_1_54' title="bbox 270 5027 1941 5106; baseline 0.004 -22"><span class='ocrx_word' id='word_1_413' title='bbox 270 5030 395 5085; x_wconf 78' lang='grc' dir='ltr'>εἰπέ</span> <span class='ocrx_word' id='word_1_414' title='bbox 440 5048 565 5102; x_wconf 75' lang='grc' dir='ltr'>μοις</span> <span class='ocrx_word' id='word_1_415' title='bbox 600 5027 703 5099; x_wconf 83' lang='grc' dir='ltr'>Εἷς</span> <span class='ocrx_word' id='word_1_416' title='bbox 724 5032 1059 5103; x_wconf 82' lang='grc' dir='ltr'>οἰκοδομῶν</span> <span class='ocrx_word' id='word_1_417' title='bbox 1085 5034 1187 5089; x_wconf 76' lang='grc' dir='ltr'>καί</span> <span class='ocrx_word' id='word_1_418' title='bbox 1223 5035 1308 5101; x_wconf 80' lang='grc' dir='ltr'>εἷς</span> <span class='ocrx_word' id='word_1_419' title='bbox 1349 5034 1676 5103; x_wconf 80' lang='grc' dir='ltr'>καθαιρῶν’</span> <span class='ocrx_word' id='word_1_420' title='bbox 1709 5036 1767 5089; x_wconf 83' lang='grc' dir='ltr'>τί</span> <span class='ocrx_word' id='word_1_421' title='bbox 1793 5036 1941 5106; x_wconf 70' lang='grc' dir='ltr'>ὠφέ-</span> 
     </span>
    </p>
   </div>
   <div class='ocr_carea' id='block_1_55' title="bbox 269 5120 1943 5194">
    <p class='ocr_par' dir='ltr' id='par_1_55' title="bbox 269 5120 1943 5194">
     <span class='ocr_line' id='line_1_55' title="bbox 269 5120 1943 5194; baseline 0.003 -21"><span class='ocrx_word' id='word_1_422' title='bbox 269 5122 482 5189; x_wconf 79' lang='grc' dir='ltr'>λησαν</span> <span class='ocrx_word' id='word_1_423' title='bbox 536 5121 727 5175; x_wconf 83' lang='grc' dir='ltr'>πλέον</span> <span class='ocrx_word' id='word_1_424' title='bbox 772 5120 811 5189; x_wconf 78' lang='grc' dir='ltr'><strong>ἦ</strong></span> <span class='ocrx_word' id='word_1_425' title='bbox 862 5122 1127 5187; x_wconf 80' lang='grc' dir='ltr'>κόπους;</span> <span class='ocrx_word' id='word_1_426' title='bbox 1187 5122 1280 5194; x_wconf 85' lang='grc' dir='ltr'>Μὴ</span> <span class='ocrx_word' id='word_1_427' title='bbox 1330 5121 1508 5175; x_wconf 91' lang='grc' dir='ltr'>τοίνυν</span> <span class='ocrx_word' id='word_1_428' title='bbox 1560 5122 1792 5177; x_wconf 83' lang='grc' dir='ltr'>ἐνταῦθα</span> <span class='ocrx_word' id='word_1_429' title='bbox 1848 5124 1943 5178; x_wconf 72' lang='grc' dir='ltr'>καὶ</span> 
     </span>
    </p>
   </div>
   <div class='ocr_carea' id='block_1_56' title="bbox 272 5208 1941 5283">
    <p class='ocr_par' dir='ltr' id='par_1_56' title="bbox 272 5208 1941 5283">
     <span class='ocr_line' id='line_1_56' title="bbox 272 5208 1941 5283; baseline 0.003 -23"><span class='ocrx_word' id='word_1_430' title='bbox 272 5209 426 5273; x_wconf 71' lang='grc' dir='ltr'>ἐκεῖ,</span> <span class='ocrx_word' id='word_1_431' title='bbox 457 5208 571 5262; x_wconf 87' lang='grc' dir='ltr'>ἀλλ’</span> <span class='ocrx_word' id='word_1_432' title='bbox 603 5208 841 5263; x_wconf 79' lang='grc' dir='ltr'>ἐνταῦθα</span> <span class='ocrx_word' id='word_1_433' title='bbox 875 5210 1037 5281; x_wconf 87' lang='grc' dir='ltr'>μόνον</span> <span class='ocrx_word' id='word_1_434' title='bbox 1081 5208 1477 5281; x_wconf 88' lang='grc' dir='ltr'>διατρίϐωμεν,</span> <span class='ocrx_word' id='word_1_435' title='bbox 1524 5210 1611 5264; x_wconf 78' lang='grc' dir='ltr'>ἵνα</span> <span class='ocrx_word' id='word_1_436' title='bbox 1656 5211 1941 5283; x_wconf 88' lang='grc' dir='ltr'>χρησίμως</span> 
     </span>
    </p>
   </div>
   <div class='ocr_carea' id='block_1_57' title="bbox 274 5296 1940 5372">
    <p class='ocr_par' dir='ltr' id='par_1_57' title="bbox 274 5296 1940 5372">
     <span class='ocr_line' id='line_1_57' title="bbox 274 5296 1940 5372; baseline 0.003 -24"><span class='ocrx_word' id='word_1_437' title='bbox 274 5296 537 5364; x_wconf 82' lang='grc' dir='ltr'>ἐνταῦθα,</span> <span class='ocrx_word' id='word_1_438' title='bbox 564 5298 650 5351; x_wconf 79' lang='grc' dir='ltr'>ἵνα</span> <span class='ocrx_word' id='word_1_439' title='bbox 670 5298 744 5368; x_wconf 84' lang='grc' dir='ltr'>μὴ</span> <span class='ocrx_word' id='word_1_440' title='bbox 779 5299 954 5369; x_wconf 88' lang='grc' dir='ltr'>μάτην</span> <span class='ocrx_word' id='word_1_441' title='bbox 991 5298 1243 5363; x_wconf 86' lang='grc' dir='ltr'>ἐνταῦθα,</span> <span class='ocrx_word' id='word_1_442' title='bbox 1276 5297 1365 5351; x_wconf 79' lang='grc' dir='ltr'>ἵνα</span> <span class='ocrx_word' id='word_1_443' title='bbox 1390 5299 1465 5372; x_wconf 82' lang='grc' dir='ltr'>μὴ</span> <span class='ocrx_word' id='word_1_444' title='bbox 1499 5299 1641 5371; x_wconf 87' lang='grc' dir='ltr'>εἰκῆ,</span> <span class='ocrx_word' id='word_1_445' title='bbox 1685 5301 1819 5371; x_wconf 85' lang='grc' dir='ltr'>μηδὲ</span> <span class='ocrx_word' id='word_1_446' title='bbox 1846 5300 1940 5354; x_wconf 77' lang='grc' dir='ltr'>ἐπί⁸</span> 
     </span>
    </p>
   </div>
   <div class='ocr_carea' id='block_1_58' title="bbox 274 5380 1944 5458">
    <p class='ocr_par' dir='ltr' id='par_1_58' title="bbox 274 5380 1944 5458">
     <span class='ocr_line' id='line_1_58' title="bbox 274 5380 1944 5458; baseline 0.002 -20"><span class='ocrx_word' id='word_1_447' title='bbox 274 5385 602 5454; x_wconf 89' lang='grc' dir='ltr'>κατακρίσει</span> <span class='ocrx_word' id='word_1_448' title='bbox 625 5403 636 5413; x_wconf 94' lang='grc'>·</span> <span class='ocrx_word' id='word_1_449' title='bbox 666 5380 771 5451; x_wconf 82' lang='grc' dir='ltr'>Εἷς</span> <span class='ocrx_word' id='word_1_450' title='bbox 797 5384 1125 5454; x_wconf 82' lang='grc' dir='ltr'>οἰκοδομῶν</span> <span class='ocrx_word' id='word_1_451' title='bbox 1146 5386 1245 5442; x_wconf 79' lang='grc' dir='ltr'>καί</span> <span class='ocrx_word' id='word_1_452' title='bbox 1265 5382 1353 5453; x_wconf 84' lang='grc' dir='ltr'>εἷς</span> <span class='ocrx_word' id='word_1_453' title='bbox 1372 5386 1667 5457; x_wconf 80' lang='grc' dir='ltr'>καθαιρῶν</span> <span class='ocrx_word' id='word_1_454' title='bbox 1683 5404 1698 5420; x_wconf 77' lang='grc'><strong><em>⁸</em></strong></span> <span class='ocrx_word' id='word_1_455' title='bbox 1724 5389 1783 5442; x_wconf 85' lang='grc' dir='ltr'>τί</span> <span class='ocrx_word' id='word_1_456' title='bbox 1795 5387 1944 5458; x_wconf 70' lang='grc' dir='ltr'>ὠφέ-</span> 
     </span>
    </p>
   </div>
   <div class='ocr_carea' id='block_1_59' title="bbox 272 5474 1944 5548">
    <p class='ocr_par' dir='ltr' id='par_1_59' title="bbox 272 5474 1944 5548">
     <span class='ocr_line' id='line_1_59' title="bbox 272 5474 1944 5548; baseline 0.004 -21"><span class='ocrx_word' id='word_1_457' title='bbox 272 5477 481 5542; x_wconf 84' lang='grc' dir='ltr'>λησαν</span> <span class='ocrx_word' id='word_1_458' title='bbox 504 5474 693 5529; x_wconf 82' lang='grc' dir='ltr'>πλέον</span> <span class='ocrx_word' id='word_1_459' title='bbox 713 5475 750 5543; x_wconf 83' lang='grc' dir='ltr'>ἢ</span> <span class='ocrx_word' id='word_1_460' title='bbox 778 5474 927 5548; x_wconf 76' lang='grc'>[519]</span> <span class='ocrx_word' id='word_1_461' title='bbox 952 5477 1216 5545; x_wconf 79' lang='grc' dir='ltr'>κόπους;</span> <span class='ocrx_word' id='word_1_462' title='bbox 1248 5476 1440 5532; x_wconf 86' lang='grc' dir='ltr'>Καίτοι</span> <span class='ocrx_word' id='word_1_463' title='bbox 1467 5495 1531 5546; x_wconf 91' lang='grc' dir='ltr'>γε</span> <span class='ocrx_word' id='word_1_464' title='bbox 1561 5480 1610 5531; x_wconf 90' lang='grc' dir='ltr'>εἰ</span> <span class='ocrx_word' id='word_1_465' title='bbox 1636 5479 1730 5533; x_wconf 80' lang='grc' dir='ltr'>καὶ</span> <span class='ocrx_word' id='word_1_466' title='bbox 1755 5478 1944 5533; x_wconf 75' lang='grc' dir='ltr'>πολλοὶ</span> 
     </span>
    </p>
   </div>
   <div class='ocr_carea' id='block_1_60' title="bbox 338 5589 1603 5656">
    <p class='ocr_par' dir='ltr' id='par_1_60' title="bbox 338 5589 1603 5656">
     <span class='ocr_line' id='line_1_60' title="bbox 338 5589 1603 5656; baseline 0.004 -18"><span class='ocrx_word' id='word_1_467' title='bbox 338 5591 357 5656; x_wconf 65' lang='grc' dir='ltr'><strong>ξ</strong></span> <span class='ocrx_word' id='word_1_468' title='bbox 380 5589 542 5656; x_wconf 44' lang='lat' dir='ltr'><strong>Ambo</strong></span> <span class='ocrx_word' id='word_1_469' title='bbox 563 5592 944 5656; x_wconf 73' lang='grc' dir='ltr'>Βαϐυλωνιακήν.</span> <span class='ocrx_word' id='word_1_470' title='bbox 963 5591 1181 5654; x_wconf 85' lang='lat' dir='ltr'>Utraque</span> <span class='ocrx_word' id='word_1_471' title='bbox 1204 5591 1355 5643; x_wconf 82' lang='lat' dir='ltr'>lectio</span> <span class='ocrx_word' id='word_1_472' title='bbox 1379 5595 1603 5656; x_wconf 83' lang='lat' dir='ltr'><strong>quadrat.</strong></span> 
     </span>
    </p>
   </div>
   <div class='ocr_carea' id='block_1_61' title="bbox 337 5652 1946 5717">
    <p class='ocr_par' dir='ltr' id='par_1_61' title="bbox 337 5652 1946 5717">
     <span class='ocr_line' id='line_1_61' title="bbox 337 5652 1946 5717; baseline 0.008 -23"><span class='ocrx_word' id='word_1_473' title='bbox 337 5654 369 5694; x_wconf 65' lang='grc' dir='ltr'>δ</span> <span class='ocrx_word' id='word_1_474' title='bbox 389 5652 508 5717; x_wconf 42' lang='lat' dir='ltr'>Haec</span> <span class='ocrx_word' id='word_1_475' title='bbox 530 5664 686 5717; x_wconf 85' lang='lat' dir='ltr'><strong>usque</strong></span> <span class='ocrx_word' id='word_1_476' title='bbox 707 5653 765 5717; x_wconf 58' lang='lat' dir='ltr'>9d</span> <span class='ocrx_word' id='word_1_477' title='bbox 784 5652 1751 5717; x_wconf 56' lang='lat' dir='ltr'>xakenmépaéequens,desiderabantur</span> <span class='ocrx_word' id='word_1_478' title='bbox 1769 5659 1818 5707; x_wconf 89' lang='lat' dir='ltr'><strong>in</strong></span> <span class='ocrx_word' id='word_1_479' title='bbox 1843 5659 1946 5707; x_wconf 85' lang='lat' dir='ltr'>edi-</span> 
     </span>
    </p>
   </div>
   <div class='ocr_carea' id='block_1_62' title="bbox 275 5713 1945 5803">
    <p class='ocr_par' dir='ltr' id='par_1_62' title="bbox 275 5713 1945 5803">
     <span class='ocr_line' id='line_1_62' title="bbox 275 5713 1945 5803; baseline 0.004 -40"><span class='ocrx_word' id='word_1_480' title='bbox 275 5714 573 5803; x_wconf 48' lang='lat' dir='ltr'>tis-2</span> <span class='ocrx_word' id='word_1_481' title='bbox 594 5713 761 5764; x_wconf 85' lang='lat' dir='ltr'>Ottob.</span> <span class='ocrx_word' id='word_1_482' title='bbox 785 5713 841 5764; x_wconf 76' lang='lat' dir='ltr'>et</span> <span class='ocrx_word' id='word_1_483' title='bbox 865 5713 1063 5766; x_wconf 72' lang='lat' dir='ltr'>Baroce.</span> <span class='ocrx_word' id='word_1_484' title='bbox 1090 5713 1333 5803; x_wconf 31' lang='lat' dir='ltr'><strong>restituta&quot;</strong></span> <span class='ocrx_word' id='word_1_485' title='bbox 1344 5725 1479 5780; x_wconf 83' lang='lat' dir='ltr'><strong>sunt,</strong></span> <span class='ocrx_word' id='word_1_486' title='bbox 1504 5719 1633 5769; x_wconf 85' lang='lat' dir='ltr'><strong>etab</strong></span> <span class='ocrx_word' id='word_1_487' title='bbox 1664 5721 1945 5783; x_wconf 78' lang='lat' dir='ltr'><strong>interprete</strong></span> 
     </span>
    </p>
   </div>
   <div class='ocr_carea' id='block_1_63' title="bbox 276 5774 1936 5905">
    <p class='ocr_par' dir='ltr' id='par_1_63' title="bbox 276 5774 1936 5905">
     <span class='ocr_line' id='line_1_63' title="bbox 276 5774 1936 5905; baseline -0.004 -4"><span class='ocrx_word' id='word_1_488' title='bbox 276 5774 674 5905; x_wconf 8' lang='lat' dir='ltr'>legeltguggécq-</span> <span class='ocrx_word' id='word_1_489' title='bbox 700 5837 925 5905; x_wconf 53' lang='grc' dir='ltr'>ἐκεῖ-τούς</span> <span class='ocrx_word' id='word_1_490' title='bbox 943 5839 1104 5889; x_wconf 71' lang='grc' dir='ltr'>ἀθεεὶ.</span> <span class='ocrx_word' id='word_1_491' title='bbox 1130 5804 1298 5893; x_wconf 70' lang='grc' dir='ltr'>Οἰιδδ.</span> <span class='ocrx_word' id='word_1_492' title='bbox 1324 5845 1489 5895; x_wconf 83' lang='lat' dir='ltr'><strong>autem</strong></span> <span class='ocrx_word' id='word_1_493' title='bbox 1529 5842 1680 5896; x_wconf 82' lang='lat' dir='ltr'><strong>habet</strong></span> <span class='ocrx_word' id='word_1_494' title='bbox 1718 5843 1936 5905; x_wconf 77' lang='grc' dir='ltr'>ἐκείνους.</span> 
     </span>
    </p>
   </div>
   <div class='ocr_carea' id='block_1_64' title="bbox 338 5897 852 5962">
    <p class='ocr_par' dir='ltr' id='par_1_64' title="bbox 338 5897 852 5962">
     <span class='ocr_line' id='line_1_64' title="bbox 338 5897 852 5962; baseline 0.004 -15"><span class='ocrx_word' id='word_1_495' title='bbox 338 5897 367 5939; x_wconf 71' lang='grc' dir='ltr'>ἆ</span> <span class='ocrx_word' id='word_1_496' title='bbox 392 5898 560 5948; x_wconf 85' lang='lat' dir='ltr'>Ottob.</span> <span class='ocrx_word' id='word_1_497' title='bbox 582 5899 852 5962; x_wconf 79' lang='grc' dir='ltr'>ρφθαλμοῖς.</span> 
     </span>
    </p>
   </div>
   <div class='ocr_carea' id='block_1_65' title="bbox 345 5960 1233 6024">
    <p class='ocr_par' dir='ltr' id='par_1_65' title="bbox 345 5960 1233 6024">
     <span class='ocr_line' id='line_1_65' title="bbox 345 5960 1233 6024; baseline 0.006 -14"><span class='ocrx_word' id='word_1_498' title='bbox 345 5966 370 5994; x_wconf 71' lang='grc' dir='ltr'>ε</span> <span class='ocrx_word' id='word_1_499' title='bbox 393 5962 477 6012; x_wconf 78' lang='lat' dir='ltr'>Sic</span> <span class='ocrx_word' id='word_1_500' title='bbox 502 5960 671 6024; x_wconf 79' lang='lat' dir='ltr'>ambo;</span> <span class='ocrx_word' id='word_1_501' title='bbox 692 5960 804 6013; x_wconf 76' lang='grc' dir='ltr'>ὅταν</span> <span class='ocrx_word' id='word_1_502' title='bbox 822 5964 965 6015; x_wconf 80' lang='lat' dir='ltr'><strong>deest</strong></span> <span class='ocrx_word' id='word_1_503' title='bbox 992 5960 1044 6011; x_wconf 87' lang='lat' dir='ltr'>in</span> <span class='ocrx_word' id='word_1_504' title='bbox 1070 5961 1233 6015; x_wconf 82' lang='lat' dir='ltr'>editis.</span> 
     </span>
    </p>
   </div>
   <div class='ocr_carea' id='block_1_66' title="bbox 1478 333 2469 397">
    <p class='ocr_par' dir='ltr' id='par_1_66' title="bbox 1478 333 2469 397">
     <span class='ocr_line' id='line_1_66' title="bbox 1478 333 2469 397; baseline -0.004 -4"><span class='ocrx_word' id='word_1_505' title='bbox 1478 338 1569 397; x_wconf 84' lang='lat' dir='ltr'>DE</span> <span class='ocrx_word' id='word_1_506' title='bbox 1605 335 2074 396; x_wconf 73' lang='lat' dir='ltr'>PCENITENTIA.</span> <span class='ocrx_word' id='word_1_507' title='bbox 2106 333 2337 392; x_wconf 80' lang='lat' dir='ltr'>HOMIL.</span> <span class='ocrx_word' id='word_1_508' title='bbox 2378 335 2469 391; x_wconf 71' lang='lat' dir='ltr'>Vl.</span> 
     </span>
    </p>
   </div>
   <div class='ocr_carea' id='block_1_67' title="bbox 3586 334 3688 391">
    <p class='ocr_par' dir='ltr' id='par_1_67' title="bbox 3586 334 3688 391">
     <span class='ocr_line' id='line_1_67' title="bbox 3586 334 3688 391; baseline -0.039 0"><span class='ocrx_word' id='word_1_509' title='bbox 3586 334 3688 391; x_wconf 76' lang='grc'>516</span> 
     </span>
    </p>
   </div>
   <div class='ocr_carea' id='block_1_68' title="bbox 2023 445 3693 522">
    <p class='ocr_par' dir='ltr' id='par_1_68' title="bbox 2023 445 3693 522">
     <span class='ocr_line' id='line_1_68' title="bbox 2023 445 3693 522; baseline -0.002 -17"><span class='ocrx_word' id='word_1_510' title='bbox 2023 454 2071 505; x_wconf 90' lang='grc' dir='ltr'>οἰ</span> <span class='ocrx_word' id='word_1_511' title='bbox 2097 450 2506 522; x_wconf 88' lang='grc' dir='ltr'>οἰκοδομοῦντες</span> <span class='ocrx_word' id='word_1_512' title='bbox 2528 445 2637 503; x_wconf 77' lang='grc' dir='ltr'>εἷεν</span> <span class='ocrx_word' id='word_1_513' title='bbox 2655 490 2669 515; x_wconf 94' lang='grc'>,</span> <span class='ocrx_word' id='word_1_514' title='bbox 2694 446 2773 512; x_wconf 78' lang='grc' dir='ltr'>εἰς</span> <span class='ocrx_word' id='word_1_515' title='bbox 2798 447 2853 500; x_wconf 88' lang='grc' dir='ltr'>δέ</span> <span class='ocrx_word' id='word_1_516' title='bbox 2873 448 2899 500; x_wconf 96' lang='lat'>6</span> <span class='ocrx_word' id='word_1_517' title='bbox 2924 448 3222 519; x_wconf 86' lang='grc' dir='ltr'>καθαιρῶν,</span> <span class='ocrx_word' id='word_1_518' title='bbox 3256 452 3381 520; x_wconf 85' lang='grc' dir='ltr'>νικᾷ</span> <span class='ocrx_word' id='word_1_519' title='bbox 3407 451 3505 522; x_wconf 81' lang='grc' dir='ltr'>τὴν</span> <span class='ocrx_word' id='word_1_520' title='bbox 3524 451 3693 505; x_wconf 79' lang='grc' dir='ltr'>πολυ-</span> 
     </span>
    </p>
   </div>
   <div class='ocr_carea' id='block_1_69' title="bbox 2022 535 3688 610">
    <p class='ocr_par' dir='ltr' id='par_1_69' title="bbox 2022 535 3688 610">
     <span class='ocr_line' id='line_1_69' title="bbox 2022 535 3688 610; baseline -0.001 -19"><span class='ocrx_word' id='word_1_521' title='bbox 2022 539 2235 610; x_wconf 90' lang='grc' dir='ltr'>χειρίαν</span> <span class='ocrx_word' id='word_1_522' title='bbox 2260 537 2369 590; x_wconf 88' lang='grc' dir='ltr'>τῶν</span> <span class='ocrx_word' id='word_1_523' title='bbox 2392 535 2819 606; x_wconf 82' lang='grc' dir='ltr'>οἰκοδομούντων</span> <span class='ocrx_word' id='word_1_524' title='bbox 2848 538 2880 607; x_wconf 79' lang='grc' dir='ltr'>ἡ</span> <span class='ocrx_word' id='word_1_525' title='bbox 2915 536 3135 589; x_wconf 83' lang='grc' dir='ltr'>εὐκολία</span> <span class='ocrx_word' id='word_1_526' title='bbox 3162 537 3260 606; x_wconf 84' lang='grc' dir='ltr'>τῆς</span> <span class='ocrx_word' id='word_1_527' title='bbox 3288 538 3688 608; x_wconf 85' lang='grc' dir='ltr'>καταστροφῆς.</span> 
     </span>
    </p>
   </div>
   <div class='ocr_carea' id='block_1_70' title="bbox 2023 623 3688 697">
    <p class='ocr_par' dir='ltr' id='par_1_70' title="bbox 2023 623 3688 697">
     <span class='ocr_line' id='line_1_70' title="bbox 2023 623 3688 697; baseline -0.003 -16"><span class='ocrx_word' id='word_1_528' title='bbox 2023 627 2248 697; x_wconf 83' lang='grc' dir='ltr'>Μεγάλη</span> <span class='ocrx_word' id='word_1_529' title='bbox 2282 627 2452 689; x_wconf 79' lang='grc' dir='ltr'>ὅντως</span> <span class='ocrx_word' id='word_1_530' title='bbox 2485 624 2715 696; x_wconf 87' lang='grc' dir='ltr'>αἰσχύνη</span> <span class='ocrx_word' id='word_1_531' title='bbox 2746 625 2841 677; x_wconf 77' lang='grc' dir='ltr'>καὶ</span> <span class='ocrx_word' id='word_1_532' title='bbox 2870 623 3160 687; x_wconf 79' lang='grc' dir='ltr'>νεάζοντας</span> <span class='ocrx_word' id='word_1_533' title='bbox 3188 626 3282 678; x_wconf 78' lang='grc' dir='ltr'>καί</span> <span class='ocrx_word' id='word_1_534' title='bbox 3311 625 3688 696; x_wconf 85' lang='grc' dir='ltr'>γεγηρακότας</span> 
     </span>
    </p>
   </div>
   <div class='ocr_carea' id='block_1_71' title="bbox 2024 711 3692 783">
    <p class='ocr_par' dir='ltr' id='par_1_71' title="bbox 2024 711 3692 783">
     <span class='ocr_line' id='line_1_71' title="bbox 2024 711 3692 783; baseline -0.001 -17"><span class='ocrx_word' id='word_1_535' title='bbox 2024 716 2120 766; x_wconf 76' lang='grc' dir='ltr'>ἐπὶ</span> <span class='ocrx_word' id='word_1_536' title='bbox 2145 713 2243 783; x_wconf 81' lang='grc' dir='ltr'>τὴν</span> <span class='ocrx_word' id='word_1_537' title='bbox 2292 711 2549 781; x_wconf 85' lang='grc' dir='ltr'>τοιαύτην</span> <span class='ocrx_word' id='word_1_538' title='bbox 2597 712 2816 783; x_wconf 87' lang='grc' dir='ltr'>τρέχειν</span> <span class='ocrx_word' id='word_1_539' title='bbox 2863 711 3115 782; x_wconf 76' lang='grc' dir='ltr'>σπουδήν.</span> <span class='ocrx_word' id='word_1_540' title='bbox 3165 712 3302 763; x_wconf 81' lang='grc' dir='ltr'>Ἀλλ’</span> <span class='ocrx_word' id='word_1_541' title='bbox 3336 711 3448 764; x_wconf 79' lang='grc' dir='ltr'>εἴθε</span> <span class='ocrx_word' id='word_1_542' title='bbox 3499 712 3692 783; x_wconf 83' lang='grc' dir='ltr'>μέχρις</span> 
     </span>
    </p>
   </div>
   <div class='ocr_carea' id='block_1_72' title="bbox 2024 796 3693 871">
    <p class='ocr_par' dir='ltr' id='par_1_72' title="bbox 2024 796 3693 871">
     <span class='ocr_line' id='line_1_72' title="bbox 2024 796 3693 871; baseline -0.002 -16"><span class='ocrx_word' id='word_1_543' title='bbox 2024 800 2285 871; x_wconf 89' lang='grc' dir='ltr'>αἰσχύνης</span> <span class='ocrx_word' id='word_1_544' title='bbox 2328 796 2397 870; x_wconf 84' lang='grc' dir='ltr'>ἦν</span> <span class='ocrx_word' id='word_1_545' title='bbox 2437 800 2499 853; x_wconf 83' lang='grc' dir='ltr'>τὸ</span> <span class='ocrx_word' id='word_1_546' title='bbox 2550 798 2753 852; x_wconf 87' lang='grc' dir='ltr'>κακόν·</span> <span class='ocrx_word' id='word_1_547' title='bbox 2792 799 2968 851; x_wconf 89' lang='grc' dir='ltr'>καίτοι</span> <span class='ocrx_word' id='word_1_548' title='bbox 3013 816 3075 867; x_wconf 86' lang='grc' dir='ltr'>γε</span> <span class='ocrx_word' id='word_1_549' title='bbox 3122 798 3243 851; x_wconf 78' lang='grc' dir='ltr'>οὐδὲ</span> <span class='ocrx_word' id='word_1_550' title='bbox 3268 799 3427 852; x_wconf 89' lang='grc' dir='ltr'>τοῦτο</span> <span class='ocrx_word' id='word_1_551' title='bbox 3458 798 3693 870; x_wconf 79' lang='grc' dir='ltr'>φορητὸν</span> 
     </span>
    </p>
   </div>
   <div class='ocr_carea' id='block_1_73' title="bbox 2024 884 3693 958">
    <p class='ocr_par' dir='ltr' id='par_1_73' title="bbox 2024 884 3693 958">
     <span class='ocr_line' id='line_1_73' title="bbox 2024 884 3693 958; baseline 0 -19"><span class='ocrx_word' id='word_1_552' title='bbox 2024 887 2178 957; x_wconf 76' lang='grc' dir='ltr'>ἀνδρὶ</span> <span class='ocrx_word' id='word_1_553' title='bbox 2205 886 2478 958; x_wconf 81' lang='grc' dir='ltr'>ἐλευθέρῳ</span> <span class='ocrx_word' id='word_1_554' title='bbox 2500 926 2515 949; x_wconf 95' lang='grc'>,</span> <span class='ocrx_word' id='word_1_555' title='bbox 2560 886 2673 938; x_wconf 87' lang='grc' dir='ltr'>ἀλλ’</span> <span class='ocrx_word' id='word_1_556' title='bbox 2703 886 2903 955; x_wconf 78' lang='grc' dir='ltr'>ἐσχάτη</span> <span class='ocrx_word' id='word_1_557' title='bbox 2941 885 3114 956; x_wconf 81' lang='grc' dir='ltr'>ζημία</span> <span class='ocrx_word' id='word_1_558' title='bbox 3139 886 3217 956; x_wconf 79' lang='grc' dir='ltr'>τῷ</span> <span class='ocrx_word' id='word_1_559' title='bbox 3243 884 3367 939; x_wconf 88' lang='grc' dir='ltr'>νοῦν</span> <span class='ocrx_word' id='word_1_560' title='bbox 3396 886 3573 956; x_wconf 73' lang='grc' dir='ltr'>ἔχοντι</span> <span class='ocrx_word' id='word_1_561' title='bbox 3598 888 3693 940; x_wconf 78' lang='grc' dir='ltr'>καὶ</span> 
     </span>
    </p>
   </div>
   <div class='ocr_carea' id='block_1_74' title="bbox 2026 972 3694 1045">
    <p class='ocr_par' dir='ltr' id='par_1_74' title="bbox 2026 972 3694 1045">
     <span class='ocr_line' id='line_1_74' title="bbox 2026 972 3694 1045; baseline -0.002 -18"><span class='ocrx_word' id='word_1_562' title='bbox 2026 975 2370 1042; x_wconf 85' lang='grc' dir='ltr'>κατάγνωσις</span> <span class='ocrx_word' id='word_1_563' title='bbox 2403 974 2498 1026; x_wconf 73' lang='grc' dir='ltr'>καὶ</span> <span class='ocrx_word' id='word_1_564' title='bbox 2546 973 2777 1043; x_wconf 84' lang='grc' dir='ltr'>αἰσχύνη</span> <span class='ocrx_word' id='word_1_565' title='bbox 2802 991 2815 1003; x_wconf 77' lang='grc'><strong><em>⁸</em></strong></span> <span class='ocrx_word' id='word_1_566' title='bbox 2852 972 2967 1025; x_wconf 83' lang='grc' dir='ltr'>ἀλλ’</span> <span class='ocrx_word' id='word_1_567' title='bbox 3005 975 3065 1025; x_wconf 87' lang='grc' dir='ltr'>ού</span> <span class='ocrx_word' id='word_1_568' title='bbox 3103 974 3265 1045; x_wconf 84' lang='grc' dir='ltr'>μέχρι</span> <span class='ocrx_word' id='word_1_569' title='bbox 3304 974 3403 1043; x_wconf 81' lang='grc' dir='ltr'>τῆς</span> <span class='ocrx_word' id='word_1_570' title='bbox 3433 973 3694 1045; x_wconf 89' lang='grc' dir='ltr'>αἰσχύνης</span> 
     </span>
    </p>
   </div>
   <div class='ocr_carea' id='block_1_75' title="bbox 2022 1059 3694 1131">
    <p class='ocr_par' dir='ltr' id='par_1_75' title="bbox 2022 1059 3694 1131">
     <span class='ocr_line' id='line_1_75' title="bbox 2022 1059 3694 1131; baseline 0 -18"><span class='ocrx_word' id='word_1_571' title='bbox 2022 1061 2083 1113; x_wconf 86' lang='grc' dir='ltr'>τὸ</span> <span class='ocrx_word' id='word_1_572' title='bbox 2126 1062 2433 1131; x_wconf 82' lang='grc' dir='ltr'>ἐπιτίμιον,</span> <span class='ocrx_word' id='word_1_573' title='bbox 2476 1059 2611 1112; x_wconf 90' lang='grc' dir='ltr'>ἀλλά</span> <span class='ocrx_word' id='word_1_574' title='bbox 2658 1060 2751 1113; x_wconf 82' lang='grc' dir='ltr'>καὶ</span> <span class='ocrx_word' id='word_1_575' title='bbox 2790 1060 3010 1123; x_wconf 81' lang='grc' dir='ltr'>κόλασις</span> <span class='ocrx_word' id='word_1_576' title='bbox 3046 1060 3320 1113; x_wconf 85' lang='grc' dir='ltr'>ἐπίκειται</span> <span class='ocrx_word' id='word_1_577' title='bbox 3354 1061 3563 1130; x_wconf 87' lang='grc' dir='ltr'>μεγάλη</span> <span class='ocrx_word' id='word_1_578' title='bbox 3599 1062 3694 1113; x_wconf 82' lang='grc' dir='ltr'>καί.</span> 
     </span>
    </p>
   </div>
   <div class='ocr_carea' id='block_1_76' title="bbox 2024 1147 3695 1220">
    <p class='ocr_par' dir='ltr' id='par_1_76' title="bbox 2024 1147 3695 1220">
     <span class='ocr_line' id='line_1_76' title="bbox 2024 1147 3695 1220; baseline 0.001 -19"><span class='ocrx_word' id='word_1_579' title='bbox 2024 1150 2283 1220; x_wconf 88' lang='grc' dir='ltr'>τιμωρία.</span> <span class='ocrx_word' id='word_1_580' title='bbox 2334 1150 2571 1219; x_wconf 82' lang='grc' dir='ltr'>Ἀνάγκη</span> <span class='ocrx_word' id='word_1_581' title='bbox 2623 1149 2732 1218; x_wconf 85' lang='grc' dir='ltr'>γὰρ</span> <span class='ocrx_word' id='word_1_582' title='bbox 2778 1150 2902 1212; x_wconf 79' lang='grc' dir='ltr'>τοὺς</span> <span class='ocrx_word' id='word_1_583' title='bbox 2929 1150 3045 1200; x_wconf 85' lang='grc' dir='ltr'>ἐκεῖ</span> <span class='ocrx_word' id='word_1_584' title='bbox 3080 1147 3421 1217; x_wconf 85' lang='grc' dir='ltr'>καθημένους</span> <span class='ocrx_word' id='word_1_585' title='bbox 3451 1148 3695 1218; x_wconf 86' lang='grc' dir='ltr'>μοιχείας</span> 
     </span>
    </p>
   </div>
   <div class='ocr_carea' id='block_1_77' title="bbox 2026 1235 3693 1307">
    <p class='ocr_par' dir='ltr' id='par_1_77' title="bbox 2026 1235 3693 1307">
     <span class='ocr_line' id='line_1_77' title="bbox 2026 1235 3693 1307; baseline -0.002 -16"><span class='ocrx_word' id='word_1_586' title='bbox 2026 1236 2271 1307; x_wconf 78' lang='grc' dir='ltr'>ἁμαρτίᾳ</span> <span class='ocrx_word' id='word_1_587' title='bbox 2319 1237 2527 1299; x_wconf 88' lang='grc' dir='ltr'>πάντας</span> <span class='ocrx_word' id='word_1_588' title='bbox 2566 1235 2915 1302; x_wconf 86' lang='grc' dir='ltr'>ἁλίσκεσθαι,</span> <span class='ocrx_word' id='word_1_589' title='bbox 2942 1236 3043 1287; x_wconf 79' lang='grc' dir='ltr'>οὐκ</span> <span class='ocrx_word' id='word_1_590' title='bbox 3081 1235 3267 1305; x_wconf 81' lang='grc' dir='ltr'>ἐπειδὴ</span> <span class='ocrx_word' id='word_1_591' title='bbox 3292 1236 3693 1305; x_wconf 88' lang='grc' dir='ltr'>συμπλέκονται</span> 
     </span>
    </p>
   </div>
   <div class='ocr_carea' id='block_1_78' title="bbox 2024 1331 3696 1405">
    <p class='ocr_par' dir='ltr' id='par_1_78' title="bbox 2024 1331 3696 1405">
     <span class='ocr_line' id='line_1_78' title="bbox 2024 1331 3696 1405; baseline -0.001 -19"><span class='ocrx_word' id='word_1_592' title='bbox 2024 1337 2146 1398; x_wconf 89' lang='grc' dir='ltr'>ταῖς</span> <span class='ocrx_word' id='word_1_593' title='bbox 2178 1336 2295 1387; x_wconf 86' lang='grc' dir='ltr'>ἐκεῖ</span> <span class='ocrx_word' id='word_1_594' title='bbox 2332 1333 2610 1402; x_wconf 73' lang='grc' dir='ltr'>γυναιξὶν,</span> <span class='ocrx_word' id='word_1_595' title='bbox 2652 1332 2765 1386; x_wconf 88' lang='grc' dir='ltr'>ἀλλ’</span> <span class='ocrx_word' id='word_1_596' title='bbox 2811 1333 3000 1405; x_wconf 79' lang='grc' dir='ltr'>ἐπειδὴ</span> <span class='ocrx_word' id='word_1_597' title='bbox 3032 1331 3352 1394; x_wconf 85' lang='grc' dir='ltr'>ἀκολάστοις</span> <span class='ocrx_word' id='word_1_598' title='bbox 3409 1332 3696 1402; x_wconf 85' lang='grc' dir='ltr'>βλέπουσιν</span> 
     </span>
    </p>
   </div>
   <div class='ocr_carea' id='block_1_79' title="bbox 2026 1428 3697 1501">
    <p class='ocr_par' dir='ltr' id='par_1_79' title="bbox 2026 1428 3697 1501">
     <span class='ocr_line' id='line_1_79' title="bbox 2026 1428 3697 1501; baseline 0 -18"><span class='ocrx_word' id='word_1_599' title='bbox 2026 1431 2195 1493; x_wconf 79' lang='grc' dir='ltr'>αύτάς</span> <span class='ocrx_word' id='word_1_600' title='bbox 2240 1430 2560 1501; x_wconf 87' lang='grc' dir='ltr'>ὀφθαλμοῖς.</span> <span class='ocrx_word' id='word_1_601' title='bbox 2607 1431 2731 1483; x_wconf 88' lang='grc' dir='ltr'>Ὅτι</span> <span class='ocrx_word' id='word_1_602' title='bbox 2763 1430 2873 1501; x_wconf 86' lang='grc' dir='ltr'>γὰρ</span> <span class='ocrx_word' id='word_1_603' title='bbox 2922 1429 3019 1482; x_wconf 80' lang='grc' dir='ltr'>καὶ</span> <span class='ocrx_word' id='word_1_604' title='bbox 3058 1428 3279 1491; x_wconf 88' lang='grc' dir='ltr'>τούτους</span> <span class='ocrx_word' id='word_1_605' title='bbox 3325 1429 3538 1500; x_wconf 87' lang='grc' dir='ltr'>ἀνάγκη</span> <span class='ocrx_word' id='word_1_606' title='bbox 3580 1446 3697 1500; x_wconf 83' lang='grc' dir='ltr'>μοι·</span> 
     </span>
    </p>
   </div>
   <div class='ocr_carea' id='block_1_80' title="bbox 2028 1523 3698 1600">
    <p class='ocr_par' dir='ltr' id='par_1_80' title="bbox 2028 1523 3698 1600">
     <span class='ocr_line' id='line_1_80' title="bbox 2028 1523 3698 1600; baseline -0.001 -20"><span class='ocrx_word' id='word_1_607' title='bbox 2028 1529 2150 1600; x_wconf 81' lang='grc' dir='ltr'>χείᾳ</span> <span class='ocrx_word' id='word_1_608' title='bbox 2182 1527 2499 1581; x_wconf 88' lang='grc' dir='ltr'>ἁλίσκεσθαι</span> <span class='ocrx_word' id='word_1_609' title='bbox 2519 1566 2533 1591; x_wconf 91' lang='grc'>,</span> <span class='ocrx_word' id='word_1_610' title='bbox 2575 1527 2673 1579; x_wconf 86' lang='grc' dir='ltr'>ούκ</span> <span class='ocrx_word' id='word_1_611' title='bbox 2703 1526 2833 1596; x_wconf 78' lang='grc' dir='ltr'>ἐμὸν</span> <span class='ocrx_word' id='word_1_612' title='bbox 2866 1526 2997 1596; x_wconf 84' lang='grc' dir='ltr'>ὑμῖν</span> <span class='ocrx_word' id='word_1_613' title='bbox 3030 1523 3139 1595; x_wconf 88' lang='grc' dir='ltr'>ἐρῶ</span> <span class='ocrx_word' id='word_1_614' title='bbox 3165 1524 3341 1592; x_wconf 90' lang='grc' dir='ltr'>λόγον,</span> <span class='ocrx_word' id='word_1_615' title='bbox 3377 1526 3463 1577; x_wconf 84' lang='grc' dir='ltr'>ῖνα</span> <span class='ocrx_word' id='word_1_616' title='bbox 3491 1525 3565 1595; x_wconf 83' lang='grc' dir='ltr'>μὴ</span> <span class='ocrx_word' id='word_1_617' title='bbox 3595 1542 3698 1579; x_wconf 86' lang='grc' dir='ltr'>κα-</span> 
     </span>
    </p>
   </div>
   <div class='ocr_carea' id='block_1_81' title="bbox 2026 1610 3694 1687">
    <p class='ocr_par' dir='ltr' id='par_1_81' title="bbox 2026 1610 3694 1687">
     <span class='ocr_line' id='line_1_81' title="bbox 2026 1610 3694 1687; baseline -0.002 -17"><span class='ocrx_word' id='word_1_618' title='bbox 2026 1617 2446 1687; x_wconf 85' lang='grc' dir='ltr'>ταφρονήσητε,</span> <span class='ocrx_word' id='word_1_619' title='bbox 2487 1614 2625 1667; x_wconf 89' lang='grc' dir='ltr'>ἀλλά</span> <span class='ocrx_word' id='word_1_620' title='bbox 2678 1614 2822 1666; x_wconf 91' lang='grc' dir='ltr'>θεῖον</span> <span class='ocrx_word' id='word_1_621' title='bbox 2884 1614 3014 1683; x_wconf 85' lang='grc' dir='ltr'>ὑμῖν</span> <span class='ocrx_word' id='word_1_622' title='bbox 3066 1610 3451 1682; x_wconf 85' lang='grc' dir='ltr'>ἀναγνώσομαι</span> <span class='ocrx_word' id='word_1_623' title='bbox 3501 1614 3694 1684; x_wconf 58' lang='grc' dir='ltr'>νόμον</span> 
     </span>
    </p>
   </div>
   <div class='ocr_carea' id='block_1_82' title="bbox 2031 1697 3700 1774">
    <p class='ocr_par' dir='ltr' id='par_1_82' title="bbox 2031 1697 3700 1774">
     <span class='ocr_line' id='line_1_82' title="bbox 2031 1697 3700 1774; baseline -0.001 -18"><span class='ocrx_word' id='word_1_624' title='bbox 2031 1703 2265 1757; x_wconf 88' lang='grc' dir='ltr'>ἐνταῦθα</span> <span class='ocrx_word' id='word_1_625' title='bbox 2314 1704 2423 1774; x_wconf 82' lang='grc' dir='ltr'>γὰρ</span> <span class='ocrx_word' id='word_1_626' title='bbox 2480 1701 2662 1755; x_wconf 74' lang='grc' dir='ltr'>οὐκέτι</span> <span class='ocrx_word' id='word_1_627' title='bbox 2714 1701 3078 1769; x_wconf 86' lang='grc' dir='ltr'>καταφρονεῖν</span> <span class='ocrx_word' id='word_1_628' title='bbox 3125 1698 3369 1752; x_wconf 84' lang='grc' dir='ltr'>δυνατόν.</span> <span class='ocrx_word' id='word_1_629' title='bbox 3419 1700 3484 1753; x_wconf 94' lang='grc' dir='ltr'>Τί</span> <span class='ocrx_word' id='word_1_630' title='bbox 3533 1697 3624 1753; x_wconf 79' lang='grc' dir='ltr'>οὖν</span> <span class='ocrx_word' id='word_1_631' title='bbox 3670 1704 3700 1754; x_wconf 88' lang='lat'>6</span> 
     </span>
    </p>
   </div>
   <div class='ocr_carea' id='block_1_83' title="bbox 2030 1779 3702 1862">
    <p class='ocr_par' dir='ltr' id='par_1_83' title="bbox 2030 1779 3702 1862">
     <span class='ocr_line' id='line_1_83' title="bbox 2030 1779 3702 1862; baseline -0.009 -17"><span class='ocrx_word' id='word_1_632' title='bbox 2030 1779 2171 1855; x_wconf 69' lang='grc' dir='ltr'>θεῖσξ</span> <span class='ocrx_word' id='word_1_633' title='bbox 2216 1791 2380 1862; x_wconf 90' lang='grc' dir='ltr'>νόμος</span> <span class='ocrx_word' id='word_1_634' title='bbox 2424 1790 2622 1860; x_wconf 88' lang='grc' dir='ltr'>φησίν;</span> <span class='ocrx_word' id='word_1_635' title='bbox 2676 1789 2998 1843; x_wconf 81' lang='grc' dir='ltr'>Ἠκούσατε</span> <span class='ocrx_word' id='word_1_636' title='bbox 3047 1786 3137 1840; x_wconf 87' lang='grc' dir='ltr'>ὅτι</span> <span class='ocrx_word' id='word_1_637' title='bbox 3190 1785 3392 1854; x_wconf 77' lang='grc' dir='ltr'>ἐῤῥέθη</span> <span class='ocrx_word' id='word_1_638' title='bbox 3448 1788 3571 1853; x_wconf 82' lang='grc' dir='ltr'>τοῖς</span> <span class='ocrx_word' id='word_1_639' title='bbox 3598 1788 3702 1857; x_wconf 82' lang='grc' dir='ltr'>ἀρ-</span> 
     </span>
    </p>
   </div>
   <div class='ocr_carea' id='block_1_84' title="bbox 2030 1874 3701 1949">
    <p class='ocr_par' dir='ltr' id='par_1_84' title="bbox 2030 1874 3701 1949">
     <span class='ocr_line' id='line_1_84' title="bbox 2030 1874 3701 1949; baseline -0.003 -15"><span class='ocrx_word' id='word_1_640' title='bbox 2030 1880 2244 1949; x_wconf 81' lang='grc' dir='ltr'>χαίοις,</span> <span class='ocrx_word' id='word_1_641' title='bbox 2280 1882 2361 1933; x_wconf 83' lang='grc' dir='ltr'>Οὐ</span> <span class='ocrx_word' id='word_1_642' title='bbox 2382 1879 2729 1948; x_wconf 79' lang='grc' dir='ltr'>μοιχεύσεις</span> <span class='ocrx_word' id='word_1_643' title='bbox 2751 1893 2765 1907; x_wconf 76' lang='grc' dir='ltr'>ο</span> <span class='ocrx_word' id='word_1_644' title='bbox 2797 1876 2912 1945; x_wconf 79' lang='grc' dir='ltr'>ἐγὼ</span> <span class='ocrx_word' id='word_1_645' title='bbox 2933 1875 3000 1927; x_wconf 89' lang='grc' dir='ltr'>δὲ</span> <span class='ocrx_word' id='word_1_646' title='bbox 3020 1874 3176 1944; x_wconf 78' lang='grc' dir='ltr'>λέγω</span> <span class='ocrx_word' id='word_1_647' title='bbox 3211 1875 3375 1944; x_wconf 80' lang='grc' dir='ltr'>ὑμῖν,</span> <span class='ocrx_word' id='word_1_648' title='bbox 3411 1876 3500 1928; x_wconf 69' lang='grc' dir='ltr'>ὅτι</span> <span class='ocrx_word' id='word_1_649' title='bbox 3528 1876 3645 1941; x_wconf 79' lang='grc' dir='ltr'>πᾶς</span> <span class='ocrx_word' id='word_1_650' title='bbox 3668 1879 3701 1929; x_wconf 86' lang='grc' dir='ltr'>ό</span> 
     </span>
    </p>
   </div>
   <div class='ocr_carea' id='block_1_85' title="bbox 2031 1961 3700 2036">
    <p class='ocr_par' dir='ltr' id='par_1_85' title="bbox 2031 1961 3700 2036">
     <span class='ocr_line' id='line_1_85' title="bbox 2031 1961 3700 2036; baseline -0.002 -18"><span class='ocrx_word' id='word_1_651' title='bbox 2031 1967 2336 2035; x_wconf 75' lang='grc' dir='ltr'>ἐμϐλέψας</span> <span class='ocrx_word' id='word_1_652' title='bbox 2366 1965 2621 2036; x_wconf 75' lang='grc' dir='ltr'>γυναῖκα</span> <span class='ocrx_word' id='word_1_653' title='bbox 2658 1965 2810 2033; x_wconf 85' lang='grc' dir='ltr'>πρὸς</span> <span class='ocrx_word' id='word_1_654' title='bbox 2837 1964 2903 2017; x_wconf 85' lang='grc' dir='ltr'>τὸ</span> <span class='ocrx_word' id='word_1_655' title='bbox 2933 1963 3299 2033; x_wconf 81' lang='grc' dir='ltr'>ἐπιθυμῆσαι</span> <span class='ocrx_word' id='word_1_656' title='bbox 3324 1961 3545 2029; x_wconf 80' lang='grc' dir='ltr'>αὐτῆς,</span> <span class='ocrx_word' id='word_1_657' title='bbox 3583 1962 3700 2030; x_wconf 77' lang='grc' dir='ltr'>ἤδη</span> 
     </span>
    </p>
   </div>
   <div class='ocr_carea' id='block_1_86' title="bbox 2032 2040 3703 2125">
    <p class='ocr_par' dir='ltr' id='par_1_86' title="bbox 2032 2040 3703 2125">
     <span class='ocr_line' id='line_1_86' title="bbox 2032 2040 3703 2125; baseline -0.002 -17"><span class='ocrx_word' id='word_1_658' title='bbox 2032 2056 2390 2125; x_wconf 81' lang='grc' dir='ltr'>ἐμοίχευσεν</span> <span class='ocrx_word' id='word_1_659' title='bbox 2422 2055 2617 2120; x_wconf 81' lang='grc' dir='ltr'>αὐτὴν</span> <span class='ocrx_word' id='word_1_660' title='bbox 2650 2053 2719 2106; x_wconf 83' lang='grc' dir='ltr'>ἐν</span> <span class='ocrx_word' id='word_1_661' title='bbox 2757 2052 2832 2121; x_wconf 79' lang='grc' dir='ltr'>τῇ</span> <span class='ocrx_word' id='word_1_662' title='bbox 2870 2052 3081 2119; x_wconf 83' lang='grc' dir='ltr'>καρδίᾳ</span> <span class='ocrx_word' id='word_1_663' title='bbox 3111 2040 3498 2115; x_wconf 80' lang='grc' dir='ltr'>αὐτοῦ.Ἐῖδες</span> <span class='ocrx_word' id='word_1_664' title='bbox 3524 2053 3703 2121; x_wconf 84' lang='grc' dir='ltr'>ἀπηρ-</span> 
     </span>
    </p>
   </div>
   <div class='ocr_carea' id='block_1_87' title="bbox 2033 2135 3704 2212">
    <p class='ocr_par' dir='ltr' id='par_1_87' title="bbox 2033 2135 3704 2212">
     <span class='ocr_line' id='line_1_87' title="bbox 2033 2135 3704 2212; baseline -0.004 -17"><span class='ocrx_word' id='word_1_665' title='bbox 2033 2142 2284 2212; x_wconf 87' lang='grc' dir='ltr'>τισμένον</span> <span class='ocrx_word' id='word_1_666' title='bbox 2319 2140 2408 2193; x_wconf 80' lang='grc' dir='ltr'>τὸν</span> <span class='ocrx_word' id='word_1_667' title='bbox 2441 2139 2667 2209; x_wconf 83' lang='grc' dir='ltr'>μοιχόν;</span> <span class='ocrx_word' id='word_1_668' title='bbox 2717 2135 2855 2201; x_wconf 80' lang='grc' dir='ltr'>εἶδες</span> <span class='ocrx_word' id='word_1_669' title='bbox 2888 2136 3329 2208; x_wconf 86' lang='grc' dir='ltr'>πεπληρωμένην</span> <span class='ocrx_word' id='word_1_670' title='bbox 3376 2137 3475 2208; x_wconf 83' lang='grc' dir='ltr'>τὴν</span> <span class='ocrx_word' id='word_1_671' title='bbox 3525 2137 3704 2206; x_wconf 89' lang='grc' dir='ltr'>ἀμαρ-</span> 
     </span>
    </p>
   </div>
   <div class='ocr_carea' id='block_1_88' title="bbox 2032 2223 3705 2297">
    <p class='ocr_par' dir='ltr' id='par_1_88' title="bbox 2032 2223 3705 2297">
     <span class='ocr_line' id='line_1_88' title="bbox 2032 2223 3705 2297; baseline -0.002 -17"><span class='ocrx_word' id='word_1_672' title='bbox 2032 2229 2188 2293; x_wconf 88' lang='grc' dir='ltr'>τίαν;</span> <span class='ocrx_word' id='word_1_673' title='bbox 2238 2227 2331 2281; x_wconf 68' lang='grc' dir='ltr'>καὶ</span> <span class='ocrx_word' id='word_1_674' title='bbox 2355 2226 2416 2280; x_wconf 83' lang='grc' dir='ltr'>τὸ</span> <span class='ocrx_word' id='word_1_675' title='bbox 2437 2225 2817 2297; x_wconf 88' lang='grc' dir='ltr'>χαλεπώτερον</span> <span class='ocrx_word' id='word_1_676' title='bbox 2836 2265 2851 2289; x_wconf 97' lang='grc'>,</span> <span class='ocrx_word' id='word_1_677' title='bbox 2880 2225 2972 2278; x_wconf 84' lang='grc' dir='ltr'>τὸν</span> <span class='ocrx_word' id='word_1_678' title='bbox 3007 2224 3194 2294; x_wconf 82' lang='grc' dir='ltr'>μοιχὸν</span> <span class='ocrx_word' id='word_1_679' title='bbox 3231 2223 3475 2293; x_wconf 84' lang='grc' dir='ltr'>μοιχείας</span> <span class='ocrx_word' id='word_1_680' title='bbox 3508 2224 3705 2277; x_wconf 85' lang='grc' dir='ltr'>ἁλόντα</span> 
     </span>
    </p>
   </div>
   <div class='ocr_carea' id='block_1_89' title="bbox 2033 2311 3703 2385">
    <p class='ocr_par' dir='ltr' id='par_1_89' title="bbox 2033 2311 3703 2385">
     <span class='ocr_line' id='line_1_89' title="bbox 2033 2311 3703 2385; baseline -0.002 -17"><span class='ocrx_word' id='word_1_681' title='bbox 2033 2317 2134 2368; x_wconf 85' lang='grc' dir='ltr'>ούκ</span> <span class='ocrx_word' id='word_1_682' title='bbox 2156 2317 2215 2370; x_wconf 81' lang='grc' dir='ltr'>ἐν</span> <span class='ocrx_word' id='word_1_683' title='bbox 2245 2314 2604 2385; x_wconf 83' lang='grc' dir='ltr'>ἀνθρωπίνῳ,</span> <span class='ocrx_word' id='word_1_684' title='bbox 2649 2313 2765 2366; x_wconf 84' lang='grc' dir='ltr'>ἀλλ’</span> <span class='ocrx_word' id='word_1_685' title='bbox 2804 2313 2862 2366; x_wconf 84' lang='grc' dir='ltr'>ἐν</span> <span class='ocrx_word' id='word_1_686' title='bbox 2912 2312 3042 2382; x_wconf 85' lang='grc' dir='ltr'>θείῳ</span> <span class='ocrx_word' id='word_1_687' title='bbox 3074 2312 3412 2382; x_wconf 85' lang='grc' dir='ltr'>δικαστηρίῳ</span> <span class='ocrx_word' id='word_1_688' title='bbox 3444 2311 3547 2381; x_wconf 84' lang='grc' dir='ltr'>τῆς</span> <span class='ocrx_word' id='word_1_689' title='bbox 3583 2329 3703 2381; x_wconf 89' lang='grc' dir='ltr'>μοι·</span> 
     </span>
    </p>
   </div>
   <div class='ocr_carea' id='block_1_90' title="bbox 2034 2398 3705 2472">
    <p class='ocr_par' dir='ltr' id='par_1_90' title="bbox 2034 2398 3705 2472">
     <span class='ocr_line' id='line_1_90' title="bbox 2034 2398 3705 2472; baseline -0.003 -17"><span class='ocrx_word' id='word_1_690' title='bbox 2034 2403 2186 2472; x_wconf 88' lang='grc' dir='ltr'>χείας</span> <span class='ocrx_word' id='word_1_691' title='bbox 2218 2403 2503 2472; x_wconf 90' lang='grc' dir='ltr'>γινόμενον</span> <span class='ocrx_word' id='word_1_692' title='bbox 2537 2401 2856 2464; x_wconf 85' lang='grc' dir='ltr'>ὑπεύθυνον,</span> <span class='ocrx_word' id='word_1_693' title='bbox 2888 2401 3015 2453; x_wconf 82' lang='grc' dir='ltr'>ἔνθα</span> <span class='ocrx_word' id='word_1_694' title='bbox 3040 2399 3284 2454; x_wconf 89' lang='grc' dir='ltr'>ἀθάνατα</span> <span class='ocrx_word' id='word_1_695' title='bbox 3309 2399 3375 2452; x_wconf 88' lang='grc' dir='ltr'>τὰ</span> <span class='ocrx_word' id='word_1_696' title='bbox 3398 2398 3506 2453; x_wconf 89' lang='grc' dir='ltr'>τῶν</span> <span class='ocrx_word' id='word_1_697' title='bbox 3535 2417 3705 2469; x_wconf 87' lang='grc' dir='ltr'>τιμω-</span> 
     </span>
    </p>
   </div>
   <div class='ocr_carea' id='block_1_91' title="bbox 2037 2486 3706 2560">
    <p class='ocr_par' dir='ltr' id='par_1_91' title="bbox 2037 2486 3706 2560">
     <span class='ocr_line' id='line_1_91' title="bbox 2037 2486 3706 2560; baseline -0.002 -19"><span class='ocrx_word' id='word_1_698' title='bbox 2037 2488 2189 2560; x_wconf 89' lang='grc' dir='ltr'>ριῶν.</span> <span class='ocrx_word' id='word_1_699' title='bbox 2221 2487 2349 2553; x_wconf 86' lang='grc' dir='ltr'>Πᾶς</span> <span class='ocrx_word' id='word_1_700' title='bbox 2380 2491 2413 2542; x_wconf 85' lang='grc' dir='ltr'>ό</span> <span class='ocrx_word' id='word_1_701' title='bbox 2439 2487 2749 2556; x_wconf 72' lang='grc' dir='ltr'>ἐμϐλέψας</span> <span class='ocrx_word' id='word_1_702' title='bbox 2780 2487 3037 2557; x_wconf 74' lang='grc' dir='ltr'>γυναῖκα</span> <span class='ocrx_word' id='word_1_703' title='bbox 3064 2486 3214 2554; x_wconf 79' lang='grc' dir='ltr'>πρὸς</span> <span class='ocrx_word' id='word_1_704' title='bbox 3246 2486 3313 2539; x_wconf 78' lang='grc' dir='ltr'>τὸ</span> <span class='ocrx_word' id='word_1_705' title='bbox 3340 2486 3706 2555; x_wconf 78' lang='grc' dir='ltr'>ἐπιθυμῆσαι</span> 
     </span>
    </p>
   </div>
   <div class='ocr_carea' id='block_1_92' title="bbox 2036 2573 3704 2644">
    <p class='ocr_par' dir='ltr' id='par_1_92' title="bbox 2036 2573 3704 2644">
     <span class='ocr_line' id='line_1_92' title="bbox 2036 2573 3704 2644; baseline -0.001 -15"><span class='ocrx_word' id='word_1_706' title='bbox 2036 2574 2246 2644; x_wconf 80' lang='grc' dir='ltr'>αὐτῆς,</span> <span class='ocrx_word' id='word_1_707' title='bbox 2274 2574 2397 2643; x_wconf 80' lang='grc' dir='ltr'>ἤδη</span> <span class='ocrx_word' id='word_1_708' title='bbox 2438 2576 2799 2644; x_wconf 74' lang='grc' dir='ltr'>ἐμοίχευσεν</span> <span class='ocrx_word' id='word_1_709' title='bbox 2830 2573 3027 2642; x_wconf 79' lang='grc' dir='ltr'>αὐτὴν</span> <span class='ocrx_word' id='word_1_710' title='bbox 3052 2575 3124 2628; x_wconf 79' lang='grc' dir='ltr'>ἐν</span> <span class='ocrx_word' id='word_1_711' title='bbox 3150 2574 3224 2642; x_wconf 79' lang='grc' dir='ltr'>τῇ</span> <span class='ocrx_word' id='word_1_712' title='bbox 3257 2574 3469 2643; x_wconf 78' lang='grc' dir='ltr'>καρδίῃ</span> <span class='ocrx_word' id='word_1_713' title='bbox 3496 2574 3704 2628; x_wconf 81' lang='grc' dir='ltr'>αὑτοῦ.</span> 
     </span>
    </p>
   </div>
   <div class='ocr_carea' id='block_1_93' title="bbox 2036 2661 3708 2734">
    <p class='ocr_par' dir='ltr' id='par_1_93' title="bbox 2036 2661 3708 2734">
     <span class='ocr_line' id='line_1_93' title="bbox 2036 2661 3708 2734; baseline -0.002 -17"><span class='ocrx_word' id='word_1_714' title='bbox 2036 2664 2111 2717; x_wconf 86' lang='grc' dir='ltr'>υύ</span> <span class='ocrx_word' id='word_1_715' title='bbox 2142 2666 2203 2716; x_wconf 88' lang='grc' dir='ltr'>τὸ</span> <span class='ocrx_word' id='word_1_716' title='bbox 2242 2664 2489 2734; x_wconf 87' lang='grc' dir='ltr'>νόσημα,</span> <span class='ocrx_word' id='word_1_717' title='bbox 2519 2663 2654 2716; x_wconf 89' lang='grc' dir='ltr'>ἀλλά</span> <span class='ocrx_word' id='word_1_718' title='bbox 2702 2662 2796 2716; x_wconf 82' lang='grc' dir='ltr'>καὶ</span> <span class='ocrx_word' id='word_1_719' title='bbox 2841 2662 2940 2733; x_wconf 82' lang='grc' dir='ltr'>τὴν</span> <span class='ocrx_word' id='word_1_720' title='bbox 2985 2661 3140 2732; x_wconf 79' lang='grc' dir='ltr'>ῥίζαν</span> <span class='ocrx_word' id='word_1_721' title='bbox 3173 2663 3388 2732; x_wconf 86' lang='grc' dir='ltr'>ἀναιρεῖ</span> <span class='ocrx_word' id='word_1_722' title='bbox 3429 2661 3523 2714; x_wconf 92' lang='grc' dir='ltr'>τοῦ</span> <span class='ocrx_word' id='word_1_723' title='bbox 3552 2663 3708 2733; x_wconf 81' lang='grc' dir='ltr'>νοσή-</span> 
     </span>
    </p>
   </div>
   <div class='ocr_carea' id='block_1_94' title="bbox 2039 2749 3705 2822">
    <p class='ocr_par' dir='ltr' id='par_1_94' title="bbox 2039 2749 3705 2822">
     <span class='ocr_line' id='line_1_94' title="bbox 2039 2749 3705 2822; baseline -0.001 -18"><span class='ocrx_word' id='word_1_724' title='bbox 2039 2768 2208 2821; x_wconf 91' lang='grc' dir='ltr'>ματος</span> <span class='ocrx_word' id='word_1_725' title='bbox 2228 2768 2241 2782; x_wconf 81' lang='grc'><em>’</em></span> <span class='ocrx_word' id='word_1_726' title='bbox 2277 2750 2403 2822; x_wconf 76' lang='grc' dir='ltr'>ῥίζα</span> <span class='ocrx_word' id='word_1_727' title='bbox 2444 2751 2555 2821; x_wconf 84' lang='grc' dir='ltr'>γάρ</span> <span class='ocrx_word' id='word_1_728' title='bbox 2586 2750 2834 2821; x_wconf 88' lang='grc' dir='ltr'>μοιχείας</span> <span class='ocrx_word' id='word_1_729' title='bbox 2870 2749 3136 2819; x_wconf 81' lang='grc' dir='ltr'>ἐπιθυμία</span> <span class='ocrx_word' id='word_1_730' title='bbox 3167 2750 3490 2812; x_wconf 86' lang='grc' dir='ltr'>ἀκόλαστος·</span> <span class='ocrx_word' id='word_1_731' title='bbox 3520 2750 3618 2803; x_wconf 77' lang='grc' dir='ltr'>’διὸ</span> <span class='ocrx_word' id='word_1_732' title='bbox 3644 2752 3705 2803; x_wconf 86' lang='grc' dir='ltr'>ού</span> 
     </span>
    </p>
   </div>
   <div class='ocr_carea' id='block_1_95' title="bbox 2040 2835 3710 2909">
    <p class='ocr_par' dir='ltr' id='par_1_95' title="bbox 2040 2835 3710 2909">
     <span class='ocr_line' id='line_1_95' title="bbox 2040 2835 3710 2909; baseline -0.002 -18"><span class='ocrx_word' id='word_1_733' title='bbox 2040 2839 2285 2909; x_wconf 89' lang='grc' dir='ltr'>μοιχείαν</span> <span class='ocrx_word' id='word_1_734' title='bbox 2314 2838 2533 2901; x_wconf 76' lang='grc' dir='ltr'>κολάζει</span> <span class='ocrx_word' id='word_1_735' title='bbox 2586 2838 2747 2907; x_wconf 90' lang='grc' dir='ltr'>μόνον</span> <span class='ocrx_word' id='word_1_736' title='bbox 2768 2878 2783 2901; x_wconf 92' lang='grc'>,</span> <span class='ocrx_word' id='word_1_737' title='bbox 2811 2835 2947 2889; x_wconf 86' lang='grc' dir='ltr'>ἀλλά</span> <span class='ocrx_word' id='word_1_738' title='bbox 2988 2836 3082 2889; x_wconf 73' lang='grc' dir='ltr'>καί⁸</span> <span class='ocrx_word' id='word_1_739' title='bbox 3122 2836 3415 2906; x_wconf 85' lang='grc' dir='ltr'>ἐπιθυμίαν</span> <span class='ocrx_word' id='word_1_740' title='bbox 3435 2876 3449 2900; x_wconf 92' lang='grc'>,</span> <span class='ocrx_word' id='word_1_741' title='bbox 3481 2835 3580 2905; x_wconf 80' lang='grc' dir='ltr'>τὴν</span> <span class='ocrx_word' id='word_1_742' title='bbox 3609 2836 3710 2905; x_wconf 83' lang='grc' dir='ltr'>τῆς</span> 
     </span>
    </p>
   </div>
   <div class='ocr_carea' id='block_1_96' title="bbox 2040 2922 3709 2998">
    <p class='ocr_par' dir='ltr' id='par_1_96' title="bbox 2040 2922 3709 2998">
     <span class='ocr_line' id='line_1_96' title="bbox 2040 2922 3709 2998; baseline -0.002 -19"><span class='ocrx_word' id='word_1_743' title='bbox 2040 2928 2285 2997; x_wconf 86' lang='grc' dir='ltr'>μοιχείας</span> <span class='ocrx_word' id='word_1_744' title='bbox 2311 2927 2545 2998; x_wconf 89' lang='grc' dir='ltr'>μητέρα.</span> <span class='ocrx_word' id='word_1_745' title='bbox 2574 2925 2732 2978; x_wconf 83' lang='grc' dir='ltr'>Οῦτω</span> <span class='ocrx_word' id='word_1_746' title='bbox 2758 2925 2855 2976; x_wconf 75' lang='grc' dir='ltr'>καὶ</span> <span class='ocrx_word' id='word_1_747' title='bbox 2877 2926 2925 2977; x_wconf 87' lang='grc' dir='ltr'>οἰ</span> <span class='ocrx_word' id='word_1_748' title='bbox 2957 2924 3132 2995; x_wconf 85' lang='grc' dir='ltr'>ἰατροί</span> <span class='ocrx_word' id='word_1_749' title='bbox 3162 2923 3408 2977; x_wconf 87' lang='grc' dir='ltr'>ποιοῦσιν</span> <span class='ocrx_word' id='word_1_750' title='bbox 3428 2939 3441 2955; x_wconf 89' lang='grc'><strong>·</strong></span> <span class='ocrx_word' id='word_1_751' title='bbox 3472 2923 3533 2977; x_wconf 82' lang='grc' dir='ltr'>οὺ</span> <span class='ocrx_word' id='word_1_752' title='bbox 3571 2922 3709 2992; x_wconf 85' lang='grc' dir='ltr'>πρὸς</span> 
     </span>
    </p>
   </div>
   <div class='ocr_carea' id='block_1_97' title="bbox 2036 3010 3709 3086">
    <p class='ocr_par' dir='ltr' id='par_1_97' title="bbox 2036 3010 3709 3086">
     <span class='ocr_line' id='line_1_97' title="bbox 2036 3010 3709 3086; baseline -0.004 -16"><span class='ocrx_word' id='word_1_753' title='bbox 2036 3016 2104 3070; x_wconf 83' lang='grc' dir='ltr'>τὰ</span> <span class='ocrx_word' id='word_1_754' title='bbox 2128 3016 2412 3086; x_wconf 83' lang='grc' dir='ltr'>νοσήματα</span> <span class='ocrx_word' id='word_1_755' title='bbox 2450 3015 2696 3067; x_wconf 78' lang='grc' dir='ltr'>ἵστανται</span> <span class='ocrx_word' id='word_1_756' title='bbox 2731 3012 2922 3083; x_wconf 89' lang='grc' dir='ltr'>μόνον,</span> <span class='ocrx_word' id='word_1_757' title='bbox 2955 3010 3094 3063; x_wconf 85' lang='grc' dir='ltr'>ἀλλὰ</span> <span class='ocrx_word' id='word_1_758' title='bbox 3121 3011 3217 3063; x_wconf 73' lang='grc' dir='ltr'>καὶ</span> <span class='ocrx_word' id='word_1_759' title='bbox 3240 3011 3379 3082; x_wconf 81' lang='grc' dir='ltr'>πρὸς</span> <span class='ocrx_word' id='word_1_760' title='bbox 3407 3010 3507 3074; x_wconf 82' lang='grc' dir='ltr'>τὰς</span> <span class='ocrx_word' id='word_1_761' title='bbox 3535 3010 3709 3073; x_wconf 83' lang='grc' dir='ltr'>αἰτίας</span> 
     </span>
    </p>
   </div>
   <div class='ocr_carea' id='block_1_98' title="bbox 2037 3098 3712 3170">
    <p class='ocr_par' dir='ltr' id='par_1_98' title="bbox 2037 3098 3712 3170">
     <span class='ocr_line' id='line_1_98' title="bbox 2037 3098 3712 3170; baseline -0.002 -14"><span class='ocrx_word' id='word_1_762' title='bbox 2037 3104 2244 3168; x_wconf 78' lang='grc' dir='ltr'>αὑτάςο</span> <span class='ocrx_word' id='word_1_763' title='bbox 2285 3104 2388 3156; x_wconf 86' lang='grc' dir='ltr'>κᾶν</span> <span class='ocrx_word' id='word_1_764' title='bbox 2420 3102 2601 3156; x_wconf 78' lang='grc' dir='ltr'>ἴδωσιν</span> <span class='ocrx_word' id='word_1_765' title='bbox 2646 3098 2957 3170; x_wconf 72' lang='grc' dir='ltr'>ὀφθαλμοὺς</span> <span class='ocrx_word' id='word_1_766' title='bbox 3005 3098 3297 3162; x_wconf 88' lang='grc' dir='ltr'>νοσοῦντας</span> <span class='ocrx_word' id='word_1_767' title='bbox 3320 3138 3335 3163; x_wconf 89' lang='grc'>,</span> <span class='ocrx_word' id='word_1_768' title='bbox 3366 3098 3426 3151; x_wconf 88' lang='grc' dir='ltr'>τὸ</span> <span class='ocrx_word' id='word_1_769' title='bbox 3475 3098 3712 3170; x_wconf 81' lang='grc' dir='ltr'>πονηρὸν</span> 
     </span>
    </p>
   </div>
   <div class='ocr_carea' id='block_1_99' title="bbox 2040 3186 3708 3265">
    <p class='ocr_par' dir='ltr' id='par_1_99' title="bbox 2040 3186 3708 3265">
     <span class='ocr_line' id='line_1_99' title="bbox 2040 3186 3708 3265; baseline -0.004 -20"><span class='ocrx_word' id='word_1_770' title='bbox 2040 3192 2218 3265; x_wconf 81' lang='grc' dir='ltr'>ῥεῦμα</span> <span class='ocrx_word' id='word_1_771' title='bbox 2264 3191 2469 3245; x_wconf 82' lang='grc' dir='ltr'>ἀνωθεν</span> <span class='ocrx_word' id='word_1_772' title='bbox 2519 3191 2628 3243; x_wconf 84' lang='grc' dir='ltr'>ἀπὸ</span> <span class='ocrx_word' id='word_1_773' title='bbox 2676 3188 2785 3241; x_wconf 89' lang='grc' dir='ltr'>τῶν</span> <span class='ocrx_word' id='word_1_774' title='bbox 2840 3186 3132 3258; x_wconf 82' lang='grc' dir='ltr'>κροτάφων</span> <span class='ocrx_word' id='word_1_775' title='bbox 3195 3186 3609 3239; x_wconf 88' lang='grc' dir='ltr'>ἀναστέλλουσιν</span> <span class='ocrx_word' id='word_1_776' title='bbox 3643 3186 3663 3224; x_wconf 70' lang='grc' dir='ltr'>ί</span> <span class='ocrx_word' id='word_1_777' title='bbox 3693 3204 3708 3219; x_wconf 91' lang='grc'><strong>·</strong></span> 
     </span>
    </p>
   </div>
   <div class='ocr_carea' id='block_1_100' title="bbox 2039 3274 3708 3349">
    <p class='ocr_par' dir='ltr' id='par_1_100' title="bbox 2039 3274 3708 3349">
     <span class='ocr_line' id='line_1_100' title="bbox 2039 3274 3708 3349; baseline -0.003 -17"><span class='ocrx_word' id='word_1_778' title='bbox 2039 3280 2179 3332; x_wconf 75' lang='grc' dir='ltr'>οὕτω</span> <span class='ocrx_word' id='word_1_779' title='bbox 2210 3280 2304 3333; x_wconf 80' lang='grc' dir='ltr'>καὶ</span> <span class='ocrx_word' id='word_1_780' title='bbox 2330 3281 2358 3332; x_wconf 88' lang='grc' dir='ltr'>ὁ</span> <span class='ocrx_word' id='word_1_781' title='bbox 2384 3278 2619 3349; x_wconf 82' lang='grc' dir='ltr'>Χριστὸς</span> <span class='ocrx_word' id='word_1_782' title='bbox 2661 3279 2822 3330; x_wconf 86' lang='grc' dir='ltr'>ποιεῖ.</span> <span class='ocrx_word' id='word_1_783' title='bbox 2868 3274 3174 3345; x_wconf 82' lang='grc' dir='ltr'>Ὀφθαλμία</span> <span class='ocrx_word' id='word_1_784' title='bbox 3210 3274 3422 3346; x_wconf 86' lang='grc' dir='ltr'>χαλεπὴ</span> <span class='ocrx_word' id='word_1_785' title='bbox 3460 3274 3708 3345; x_wconf 82' lang='grc' dir='ltr'>μοιχεία·</span> 
     </span>
    </p>
   </div>
   <div class='ocr_carea' id='block_1_101' title="bbox 2038 3362 3708 3437">
    <p class='ocr_par' dir='ltr' id='par_1_101' title="bbox 2038 3362 3708 3437">
     <span class='ocr_line' id='line_1_101' title="bbox 2038 3362 3708 3437; baseline -0.002 -18"><span class='ocrx_word' id='word_1_786' title='bbox 2038 3366 2148 3419; x_wconf 88' lang='grc' dir='ltr'>τῶν</span> <span class='ocrx_word' id='word_1_787' title='bbox 2196 3366 2491 3437; x_wconf 84' lang='grc' dir='ltr'>ὀφθαλμῶν</span> <span class='ocrx_word' id='word_1_788' title='bbox 2532 3367 2650 3417; x_wconf 89' lang='grc' dir='ltr'>ἐστι</span> <span class='ocrx_word' id='word_1_789' title='bbox 2698 3363 2759 3417; x_wconf 79' lang='grc' dir='ltr'>τὸ</span> <span class='ocrx_word' id='word_1_790' title='bbox 2804 3364 3040 3435; x_wconf 87' lang='grc' dir='ltr'>νόσημα,</span> <span class='ocrx_word' id='word_1_791' title='bbox 3067 3363 3127 3415; x_wconf 86' lang='grc' dir='ltr'>ού</span> <span class='ocrx_word' id='word_1_792' title='bbox 3159 3362 3269 3414; x_wconf 86' lang='grc' dir='ltr'>τῶν</span> <span class='ocrx_word' id='word_1_793' title='bbox 3293 3362 3386 3415; x_wconf 90' lang='grc' dir='ltr'>τοῦ</span> <span class='ocrx_word' id='word_1_794' title='bbox 3415 3362 3708 3433; x_wconf 87' lang='grc' dir='ltr'>σώματος,</span> 
     </span>
    </p>
   </div>
   <div class='ocr_carea' id='block_1_102' title="bbox 2040 3447 3713 3523">
    <p class='ocr_par' dir='ltr' id='par_1_102' title="bbox 2040 3447 3713 3523">
     <span class='ocr_line' id='line_1_102' title="bbox 2040 3447 3713 3523; baseline -0.002 -16"><span class='ocrx_word' id='word_1_795' title='bbox 2040 3453 2174 3507; x_wconf 88' lang='grc' dir='ltr'>ἀλλά</span> <span class='ocrx_word' id='word_1_796' title='bbox 2213 3455 2477 3523; x_wconf 86' lang='grc' dir='ltr'>πρότερον</span> <span class='ocrx_word' id='word_1_797' title='bbox 2513 3452 2622 3504; x_wconf 90' lang='grc' dir='ltr'>τῶν</span> <span class='ocrx_word' id='word_1_798' title='bbox 2656 3452 2754 3519; x_wconf 85' lang='grc' dir='ltr'>τῆς</span> <span class='ocrx_word' id='word_1_799' title='bbox 2789 3450 3001 3520; x_wconf 74' lang='grc' dir='ltr'>ψυχῆς·</span> <span class='ocrx_word' id='word_1_800' title='bbox 3041 3448 3128 3501; x_wconf 77' lang='grc' dir='ltr'>διὰ</span> <span class='ocrx_word' id='word_1_801' title='bbox 3163 3447 3320 3501; x_wconf 86' lang='grc' dir='ltr'>τοῦτο</span> <span class='ocrx_word' id='word_1_802' title='bbox 3376 3450 3584 3502; x_wconf 83' lang='grc' dir='ltr'>ἐκεῖθεν</span> <span class='ocrx_word' id='word_1_803' title='bbox 3618 3452 3713 3504; x_wconf 88' lang='grc' dir='ltr'>ἀν-</span> 
     </span>
    </p>
   </div>
   <div class='ocr_carea' id='block_1_103' title="bbox 2041 3535 3711 3611">
    <p class='ocr_par' dir='ltr' id='par_1_103' title="bbox 2041 3535 3711 3611">
     <span class='ocr_line' id='line_1_103' title="bbox 2041 3535 3711 3611; baseline -0.002 -18"><span class='ocrx_word' id='word_1_804' title='bbox 2041 3539 2245 3593; x_wconf 87' lang='grc' dir='ltr'>έστειλε</span> <span class='ocrx_word' id='word_1_805' title='bbox 2286 3540 2350 3593; x_wconf 83' lang='grc' dir='ltr'>τὸ</span> <span class='ocrx_word' id='word_1_806' title='bbox 2382 3538 2562 3611; x_wconf 75' lang='grc' dir='ltr'>ῥεῦμα</span> <span class='ocrx_word' id='word_1_807' title='bbox 2596 3539 2698 3609; x_wconf 81' lang='grc' dir='ltr'>τῆς</span> <span class='ocrx_word' id='word_1_808' title='bbox 2728 3537 3026 3600; x_wconf 84' lang='grc' dir='ltr'>ἀκολασίας</span> <span class='ocrx_word' id='word_1_809' title='bbox 3045 3576 3059 3600; x_wconf 95' lang='grc'>,</span> <span class='ocrx_word' id='word_1_810' title='bbox 3080 3535 3160 3605; x_wconf 84' lang='grc' dir='ltr'>τῷ</span> <span class='ocrx_word' id='word_1_811' title='bbox 3194 3535 3343 3605; x_wconf 87' lang='grc' dir='ltr'>φόϐῳ</span> <span class='ocrx_word' id='word_1_812' title='bbox 3383 3536 3479 3589; x_wconf 80' lang='grc' dir='ltr'>τοῦ</span> <span class='ocrx_word' id='word_1_813' title='bbox 3506 3537 3671 3607; x_wconf 87' lang='grc' dir='ltr'>νόμου</span> <span class='ocrx_word' id='word_1_814' title='bbox 3696 3553 3711 3566; x_wconf 90' lang='grc'><strong>·</strong></span> 
     </span>
    </p>
   </div>
   <div class='ocr_carea' id='block_1_104' title="bbox 2039 3623 3715 3699">
    <p class='ocr_par' dir='ltr' id='par_1_104' title="bbox 2039 3623 3715 3699">
     <span class='ocr_line' id='line_1_104' title="bbox 2039 3623 3715 3699; baseline -0.002 -18"><span class='ocrx_word' id='word_1_815' title='bbox 2039 3628 2127 3681; x_wconf 84' lang='grc' dir='ltr'>διὰ</span> <span class='ocrx_word' id='word_1_816' title='bbox 2152 3627 2311 3681; x_wconf 87' lang='grc' dir='ltr'>τοῦτο</span> <span class='ocrx_word' id='word_1_817' title='bbox 2342 3628 2463 3699; x_wconf 72' lang='grc' dir='ltr'>ούχί</span> <span class='ocrx_word' id='word_1_818' title='bbox 2504 3627 2753 3698; x_wconf 89' lang='grc' dir='ltr'>μοιχείαν</span> <span class='ocrx_word' id='word_1_819' title='bbox 2790 3628 2949 3696; x_wconf 88' lang='grc' dir='ltr'>μόνον</span> <span class='ocrx_word' id='word_1_820' title='bbox 2979 3624 3261 3687; x_wconf 84' lang='grc' dir='ltr'>ἐκόλασεν,</span> <span class='ocrx_word' id='word_1_821' title='bbox 3294 3623 3434 3677; x_wconf 89' lang='grc' dir='ltr'>ἀλλά</span> <span class='ocrx_word' id='word_1_822' title='bbox 3466 3625 3559 3678; x_wconf 85' lang='grc' dir='ltr'>καί</span> <span class='ocrx_word' id='word_1_823' title='bbox 3592 3626 3715 3677; x_wconf 77' lang='grc' dir='ltr'>ἐπιο</span> 
     </span>
    </p>
   </div>
   <div class='ocr_carea' id='block_1_105' title="bbox 2042 3710 3716 3787">
    <p class='ocr_par' dir='ltr' id='par_1_105' title="bbox 2042 3710 3716 3787">
     <span class='ocr_line' id='line_1_105' title="bbox 2042 3710 3716 3787; baseline -0.002 -18"><span class='ocrx_word' id='word_1_824' title='bbox 2042 3716 2243 3787; x_wconf 89' lang='grc' dir='ltr'>θυμίαν</span> <span class='ocrx_word' id='word_1_825' title='bbox 2296 3716 2699 3786; x_wconf 87' lang='grc' dir='ltr'>ἐτιμωρήσατο.</span> <span class='ocrx_word' id='word_1_826' title='bbox 2736 3713 2879 3780; x_wconf 83' lang='grc' dir='ltr'>Ἤδη</span> <span class='ocrx_word' id='word_1_827' title='bbox 2906 3713 3264 3782; x_wconf 82' lang='grc' dir='ltr'>ἐμοίχευσεν</span> <span class='ocrx_word' id='word_1_828' title='bbox 3300 3710 3495 3780; x_wconf 83' lang='grc' dir='ltr'>αὐτὴν</span> <span class='ocrx_word' id='word_1_829' title='bbox 3539 3712 3609 3765; x_wconf 84' lang='grc' dir='ltr'>ἐν</span> <span class='ocrx_word' id='word_1_830' title='bbox 3639 3712 3716 3781; x_wconf 78' lang='grc' dir='ltr'>τῇ</span> 
     </span>
    </p>
   </div>
   <div class='ocr_carea' id='block_1_106' title="bbox 2040 3799 3717 3872">
    <p class='ocr_par' dir='ltr' id='par_1_106' title="bbox 2040 3799 3717 3872">
     <span class='ocr_line' id='line_1_106' title="bbox 2040 3799 3717 3872; baseline -0.002 -15"><span class='ocrx_word' id='word_1_831' title='bbox 2040 3804 2255 3872; x_wconf 80' lang='grc' dir='ltr'>καρδίᾳ</span> <span class='ocrx_word' id='word_1_832' title='bbox 2282 3803 2465 3857; x_wconf 83' lang='grc' dir='ltr'>αὐτοῦ</span> <span class='ocrx_word' id='word_1_833' title='bbox 2487 3818 2503 3833; x_wconf 85' lang='grc'><strong>·</strong></span> <span class='ocrx_word' id='word_1_834' title='bbox 2553 3802 2652 3871; x_wconf 79' lang='grc' dir='ltr'>τῆς</span> <span class='ocrx_word' id='word_1_835' title='bbox 2684 3801 2742 3852; x_wconf 79' lang='grc' dir='ltr'>δὲ</span> <span class='ocrx_word' id='word_1_836' title='bbox 2781 3800 3008 3870; x_wconf 90' lang='grc' dir='ltr'>καρδίας</span> <span class='ocrx_word' id='word_1_837' title='bbox 3050 3801 3455 3872; x_wconf 87' lang='grc' dir='ltr'>διεφθαρμένης</span> <span class='ocrx_word' id='word_1_838' title='bbox 3476 3841 3490 3866; x_wconf 93' lang='grc'>,</span> <span class='ocrx_word' id='word_1_839' title='bbox 3524 3802 3577 3854; x_wconf 91' lang='grc' dir='ltr'>τί</span> <span class='ocrx_word' id='word_1_840' title='bbox 3607 3799 3717 3853; x_wconf 86' lang='grc' dir='ltr'>λοι-</span> 
     </span>
    </p>
   </div>
   <div class='ocr_carea' id='block_1_107' title="bbox 2042 3885 3715 3961">
    <p class='ocr_par' dir='ltr' id='par_1_107' title="bbox 2042 3885 3715 3961">
     <span class='ocr_line' id='line_1_107' title="bbox 2042 3885 3715 3961; baseline 0 -18"><span class='ocrx_word' id='word_1_841' title='bbox 2042 3891 2143 3944; x_wconf 84' lang='grc' dir='ltr'>πὸν</span> <span class='ocrx_word' id='word_1_842' title='bbox 2175 3890 2365 3957; x_wconf 77' lang='grc' dir='ltr'>ὄφελος</span> <span class='ocrx_word' id='word_1_843' title='bbox 2396 3888 2490 3941; x_wconf 90' lang='grc' dir='ltr'>τοῦ</span> <span class='ocrx_word' id='word_1_844' title='bbox 2515 3886 2705 3939; x_wconf 89' lang='grc' dir='ltr'>λοιποῦ</span> <span class='ocrx_word' id='word_1_845' title='bbox 2737 3885 3024 3956; x_wconf 86' lang='grc' dir='ltr'>σώματος;</span> <span class='ocrx_word' id='word_1_846' title='bbox 3049 3887 3260 3959; x_wconf 85' lang='grc' dir='ltr'>Ὥσπερ</span> <span class='ocrx_word' id='word_1_847' title='bbox 3282 3888 3391 3961; x_wconf 91' lang='grc' dir='ltr'>γάρ</span> <span class='ocrx_word' id='word_1_848' title='bbox 3412 3891 3505 3942; x_wconf 73' lang='grc' dir='ltr'>ἐπὶ</span> <span class='ocrx_word' id='word_1_849' title='bbox 3531 3889 3715 3958; x_wconf 82' lang='grc' dir='ltr'>φυτῶν</span> 
     </span>
    </p>
   </div>
   <div class='ocr_carea' id='block_1_108' title="bbox 2044 3975 3715 4048">
    <p class='ocr_par' dir='ltr' id='par_1_108' title="bbox 2044 3975 3715 4048">
     <span class='ocr_line' id='line_1_108' title="bbox 2044 3975 3715 4048; baseline -0.001 -17"><span class='ocrx_word' id='word_1_850' title='bbox 2044 3979 2139 4031; x_wconf 76' lang='grc' dir='ltr'>καὶ</span> <span class='ocrx_word' id='word_1_851' title='bbox 2174 3975 2374 4041; x_wconf 81' lang='grc' dir='ltr'>ξύλων,</span> <span class='ocrx_word' id='word_1_852' title='bbox 2405 3977 2535 4028; x_wconf 84' lang='grc' dir='ltr'>ὅταν</span> <span class='ocrx_word' id='word_1_853' title='bbox 2566 3975 2769 4044; x_wconf 78' lang='grc' dir='ltr'>ἴδωμεν</span> <span class='ocrx_word' id='word_1_854' title='bbox 2811 3975 2909 4045; x_wconf 82' lang='grc' dir='ltr'>τὴν</span> <span class='ocrx_word' id='word_1_855' title='bbox 2939 3976 3167 4047; x_wconf 89' lang='grc' dir='ltr'>καρδίαν</span> <span class='ocrx_word' id='word_1_856' title='bbox 3200 3977 3618 4048; x_wconf 84' lang='grc' dir='ltr'>διαϐρωθεῖσαν,</span> <span class='ocrx_word' id='word_1_857' title='bbox 3652 3978 3715 4030; x_wconf 80' lang='grc' dir='ltr'>τὸ</span> 
     </span>
    </p>
   </div>
   <div class='ocr_carea' id='block_1_109' title="bbox 2044 4061 3714 4136">
    <p class='ocr_par' dir='ltr' id='par_1_109' title="bbox 2044 4061 3714 4136">
     <span class='ocr_line' id='line_1_109' title="bbox 2044 4061 3714 4136; baseline -0.001 -18"><span class='ocrx_word' id='word_1_858' title='bbox 2044 4065 2227 4118; x_wconf 70' lang='grc' dir='ltr'>λοιπὸν</span> <span class='ocrx_word' id='word_1_859' title='bbox 2251 4061 2729 4133; x_wconf 80' lang='grc' dir='ltr'>ἀποδοκιμάζομεν</span> <span class='ocrx_word' id='word_1_860' title='bbox 2757 4063 2923 4133; x_wconf 88' lang='grc' dir='ltr'>μέρος</span> <span class='ocrx_word' id='word_1_861' title='bbox 2943 4080 2956 4093; x_wconf 81' lang='grc'><em>’</em></span> <span class='ocrx_word' id='word_1_862' title='bbox 2976 4063 3118 4116; x_wconf 75' lang='grc' dir='ltr'>οὕτω</span> <span class='ocrx_word' id='word_1_863' title='bbox 3137 4064 3231 4115; x_wconf 78' lang='grc' dir='ltr'>καὶ</span> <span class='ocrx_word' id='word_1_864' title='bbox 3262 4065 3354 4115; x_wconf 77' lang='grc' dir='ltr'>ἐπὶ</span> <span class='ocrx_word' id='word_1_865' title='bbox 3382 4063 3477 4117; x_wconf 85' lang='grc' dir='ltr'>τοῦ</span> <span class='ocrx_word' id='word_1_866' title='bbox 3504 4064 3714 4136; x_wconf 85' lang='grc' dir='ltr'>ἀνθρώ-</span> 
     </span>
    </p>
   </div>
   <div class='ocr_carea' id='block_1_110' title="bbox 2044 4150 3713 4223">
    <p class='ocr_par' dir='ltr' id='par_1_110' title="bbox 2044 4150 3713 4223">
     <span class='ocr_line' id='line_1_110' title="bbox 2044 4150 3713 4223; baseline -0.001 -16"><span class='ocrx_word' id='word_1_867' title='bbox 2044 4171 2147 4207; x_wconf 93' lang='grc' dir='ltr'>που</span> <span class='ocrx_word' id='word_1_868' title='bbox 2183 4154 2310 4205; x_wconf 83' lang='grc' dir='ltr'>ὅταν</span> <span class='ocrx_word' id='word_1_869' title='bbox 2353 4152 2537 4223; x_wconf 83' lang='grc' dir='ltr'>ἐκείνη</span> <span class='ocrx_word' id='word_1_870' title='bbox 2572 4150 2877 4219; x_wconf 86' lang='grc' dir='ltr'>ἀπόληται,</span> <span class='ocrx_word' id='word_1_871' title='bbox 2910 4151 3031 4221; x_wconf 88' lang='grc' dir='ltr'>εἰκῆ</span> <span class='ocrx_word' id='word_1_872' title='bbox 3060 4150 3245 4205; x_wconf 88' lang='grc' dir='ltr'>λοιπὸν</span> <span class='ocrx_word' id='word_1_873' title='bbox 3276 4152 3309 4221; x_wconf 80' lang='grc' dir='ltr'>ἡ</span> <span class='ocrx_word' id='word_1_874' title='bbox 3344 4151 3438 4204; x_wconf 91' lang='grc' dir='ltr'>τοῦ</span> <span class='ocrx_word' id='word_1_875' title='bbox 3463 4151 3713 4222; x_wconf 88' lang='grc' dir='ltr'>σώματος</span> 
     </span>
    </p>
   </div>
   <div class='ocr_carea' id='block_1_111' title="bbox 2045 4238 3713 4313">
    <p class='ocr_par' dir='ltr' id='par_1_111' title="bbox 2045 4238 3713 4313">
     <span class='ocr_line' id='line_1_111' title="bbox 2045 4238 3713 4313; baseline -0.001 -18"><span class='ocrx_word' id='word_1_876' title='bbox 2045 4242 2243 4311; x_wconf 87' lang='grc' dir='ltr'>ὑγίεια.</span> <span class='ocrx_word' id='word_1_877' title='bbox 2287 4241 2345 4295; x_wconf 82' lang='grc' dir='ltr'><strong>Ὀ</strong></span> <span class='ocrx_word' id='word_1_878' title='bbox 2368 4241 2577 4313; x_wconf 79' lang='grc' dir='ltr'>ἡνίοχος</span> <span class='ocrx_word' id='word_1_879' title='bbox 2602 4238 2870 4303; x_wconf 87' lang='grc' dir='ltr'>ἀπόλωλε,</span> <span class='ocrx_word' id='word_1_880' title='bbox 2901 4238 3219 4308; x_wconf 87' lang='grc' dir='ltr'>διέφθαρται</span> <span class='ocrx_word' id='word_1_881' title='bbox 3252 4241 3347 4293; x_wconf 75' lang='grc' dir='ltr'>καὶ</span> <span class='ocrx_word' id='word_1_882' title='bbox 3370 4242 3713 4313; x_wconf 83' lang='grc' dir='ltr'>καταϐέϐλη-</span> 
     </span>
    </p>
   </div>
   <div class='ocr_carea' id='block_1_112' title="bbox 2042 4325 3716 4400">
    <p class='ocr_par' dir='ltr' id='par_1_112' title="bbox 2042 4325 3716 4400">
     <span class='ocr_line' id='line_1_112' title="bbox 2042 4325 3716 4400; baseline 0.001 -19"><span class='ocrx_word' id='word_1_883' title='bbox 2042 4346 2161 4393; x_wconf 89' lang='grc' dir='ltr'>ται,</span> <span class='ocrx_word' id='word_1_884' title='bbox 2198 4328 2372 4398; x_wconf 88' lang='grc' dir='ltr'>μάτην</span> <span class='ocrx_word' id='word_1_885' title='bbox 2408 4328 2694 4400; x_wconf 86' lang='grc' dir='ltr'>τρέχουσιν</span> <span class='ocrx_word' id='word_1_886' title='bbox 2719 4329 2768 4379; x_wconf 86' lang='grc' dir='ltr'>οἰ</span> <span class='ocrx_word' id='word_1_887' title='bbox 2801 4328 2955 4380; x_wconf 82' lang='grc' dir='ltr'>ἵπποι</span> <span class='ocrx_word' id='word_1_888' title='bbox 2981 4325 3164 4379; x_wconf 85' lang='grc' dir='ltr'>λοιπόν</span> <span class='ocrx_word' id='word_1_889' title='bbox 3184 4344 3197 4357; x_wconf 88' lang='grc'><strong>·</strong></span> <span class='ocrx_word' id='word_1_890' title='bbox 3225 4327 3480 4391; x_wconf 87' lang='grc' dir='ltr'>ἐπίπονος</span> <span class='ocrx_word' id='word_1_891' title='bbox 3503 4330 3531 4380; x_wconf 91' lang='grc' dir='ltr'>ό</span> <span class='ocrx_word' id='word_1_892' title='bbox 3554 4330 3716 4399; x_wconf 86' lang='grc' dir='ltr'>νόμος</span> 
     </span>
    </p>
   </div>
   <div class='ocr_carea' id='block_1_113' title="bbox 2045 4409 3716 4488">
    <p class='ocr_par' dir='ltr' id='par_1_113' title="bbox 2045 4409 3716 4488">
     <span class='ocr_line' id='line_1_113' title="bbox 2045 4409 3716 4488; baseline -0.001 -16"><span class='ocrx_word' id='word_1_893' title='bbox 2045 4420 2139 4472; x_wconf 69' lang='grc' dir='ltr'>καὶ</span> <span class='ocrx_word' id='word_1_894' title='bbox 2160 4417 2292 4471; x_wconf 86' lang='grc' dir='ltr'>πολὺ</span> <span class='ocrx_word' id='word_1_895' title='bbox 2333 4418 2395 4470; x_wconf 82' lang='grc' dir='ltr'>τὸ</span> <span class='ocrx_word' id='word_1_896' title='bbox 2411 4417 2666 4488; x_wconf 83' lang='grc' dir='ltr'>φορτικὸν</span> <span class='ocrx_word' id='word_1_897' title='bbox 2697 4416 2831 4486; x_wconf 79' lang='grc' dir='ltr'>ἔχει,</span> <span class='ocrx_word' id='word_1_898' title='bbox 2856 4415 3044 4487; x_wconf 87' lang='grc' dir='ltr'>ὥσπερ</span> <span class='ocrx_word' id='word_1_899' title='bbox 3066 4409 3158 4471; x_wconf 81' lang='grc' dir='ltr'>οὖν</span> <span class='ocrx_word' id='word_1_900' title='bbox 3180 4415 3274 4468; x_wconf 78' lang='grc' dir='ltr'>καὶ</span> <span class='ocrx_word' id='word_1_901' title='bbox 3300 4416 3473 4486; x_wconf 86' lang='grc' dir='ltr'>μέγαν</span> <span class='ocrx_word' id='word_1_902' title='bbox 3494 4415 3716 4487; x_wconf 79' lang='grc' dir='ltr'>ἔχειτὸν</span> 
     </span>
    </p>
   </div>
   <div class='ocr_carea' id='block_1_114' title="bbox 2050 4502 3718 4574">
    <p class='ocr_par' dir='ltr' id='par_1_114' title="bbox 2050 4502 3718 4574">
     <span class='ocr_line' id='line_1_114' title="bbox 2050 4502 3718 4574; baseline -0.001 -15"><span class='ocrx_word' id='word_1_903' title='bbox 2050 4506 2334 4574; x_wconf 90' lang='grc' dir='ltr'>στέφανον.</span> <span class='ocrx_word' id='word_1_904' title='bbox 2368 4503 2605 4557; x_wconf 89' lang='grc' dir='ltr'>Τοιαῦτα</span> <span class='ocrx_word' id='word_1_905' title='bbox 2634 4503 2743 4574; x_wconf 89' lang='grc' dir='ltr'>γὰρ</span> <span class='ocrx_word' id='word_1_906' title='bbox 2789 4502 2859 4555; x_wconf 91' lang='grc' dir='ltr'>τά</span> <span class='ocrx_word' id='word_1_907' title='bbox 2886 4503 3115 4555; x_wconf 84' lang='grc' dir='ltr'>ἐπίπονα</span> <span class='ocrx_word' id='word_1_908' title='bbox 3136 4541 3151 4567; x_wconf 92' lang='grc'>,</span> <span class='ocrx_word' id='word_1_909' title='bbox 3202 4502 3446 4572; x_wconf 88' lang='grc' dir='ltr'>μεγάλας</span> <span class='ocrx_word' id='word_1_910' title='bbox 3477 4503 3590 4573; x_wconf 73' lang='grc' dir='ltr'>ἔχει</span> <span class='ocrx_word' id='word_1_911' title='bbox 3618 4506 3718 4569; x_wconf 79' lang='grc' dir='ltr'>τὰς</span> 
     </span>
    </p>
   </div>
   <div class='ocr_carea' id='block_1_115' title="bbox 2049 4590 3718 4663">
    <p class='ocr_par' dir='ltr' id='par_1_115' title="bbox 2049 4590 3718 4663">
     <span class='ocr_line' id='line_1_115' title="bbox 2049 4590 3718 4663; baseline -0.001 -17"><span class='ocrx_word' id='word_1_912' title='bbox 2049 4593 2303 4663; x_wconf 87' lang='grc' dir='ltr'>ἀμοιϐάς.</span> <span class='ocrx_word' id='word_1_913' title='bbox 2329 4593 2401 4645; x_wconf 82' lang='grc' dir='ltr'>Σὺ</span> <span class='ocrx_word' id='word_1_914' title='bbox 2422 4592 2478 4644; x_wconf 83' lang='grc' dir='ltr'>δὲ</span> <span class='ocrx_word' id='word_1_915' title='bbox 2504 4591 2577 4663; x_wconf 80' lang='grc' dir='ltr'>μὴ</span> <span class='ocrx_word' id='word_1_916' title='bbox 2605 4590 2683 4661; x_wconf 81' lang='grc' dir='ltr'>τῷ</span> <span class='ocrx_word' id='word_1_917' title='bbox 2712 4591 2861 4661; x_wconf 85' lang='grc' dir='ltr'>πόνῳ</span> <span class='ocrx_word' id='word_1_918' title='bbox 2888 4591 3123 4661; x_wconf 87' lang='grc' dir='ltr'>πρόσεχε</span> <span class='ocrx_word' id='word_1_919' title='bbox 3141 4630 3155 4654; x_wconf 89' lang='grc'>,</span> <span class='ocrx_word' id='word_1_920' title='bbox 3192 4590 3330 4644; x_wconf 86' lang='grc' dir='ltr'>ἀλλὰ</span> <span class='ocrx_word' id='word_1_921' title='bbox 3358 4590 3455 4662; x_wconf 83' lang='grc' dir='ltr'>τὴν</span> <span class='ocrx_word' id='word_1_922' title='bbox 3484 4591 3718 4663; x_wconf 84' lang='grc' dir='ltr'>ἀμοιϐὴν</span> 
     </span>
    </p>
   </div>
   <div class='ocr_carea' id='block_1_116' title="bbox 2049 4678 3719 4751">
    <p class='ocr_par' dir='ltr' id='par_1_116' title="bbox 2049 4678 3719 4751">
     <span class='ocr_line' id='line_1_116' title="bbox 2049 4678 3719 4751; baseline 0.001 -19"><span class='ocrx_word' id='word_1_923' title='bbox 2049 4681 2219 4735; x_wconf 86' lang='grc' dir='ltr'>ἐννόει</span> <span class='ocrx_word' id='word_1_924' title='bbox 2241 4698 2252 4710; x_wconf 91' lang='grc'>·</span> <span class='ocrx_word' id='word_1_925' title='bbox 2281 4678 2422 4733; x_wconf 75' lang='grc' dir='ltr'>οὕτω</span> <span class='ocrx_word' id='word_1_926' title='bbox 2446 4679 2555 4749; x_wconf 86' lang='grc' dir='ltr'>γὰρ</span> <span class='ocrx_word' id='word_1_927' title='bbox 2577 4681 2671 4733; x_wconf 80' lang='grc' dir='ltr'>καί</span> <span class='ocrx_word' id='word_1_928' title='bbox 2691 4678 2911 4731; x_wconf 72' lang='grc' dir='ltr'>ἐπὶτῶν</span> <span class='ocrx_word' id='word_1_929' title='bbox 2936 4678 3203 4749; x_wconf 88' lang='grc' dir='ltr'>βιωτικῶν</span> <span class='ocrx_word' id='word_1_930' title='bbox 3228 4678 3436 4747; x_wconf 90' lang='grc' dir='ltr'>γίνεται</span> <span class='ocrx_word' id='word_1_931' title='bbox 3459 4680 3719 4751; x_wconf 87' lang='grc' dir='ltr'>πραγμά-</span> 
     </span>
    </p>
   </div>
   <div class='ocr_carea' id='block_1_117' title="bbox 2048 4766 3718 4838">
    <p class='ocr_par' dir='ltr' id='par_1_117' title="bbox 2048 4766 3718 4838">
     <span class='ocr_line' id='line_1_117' title="bbox 2048 4766 3718 4838; baseline -0.001 -16"><span class='ocrx_word' id='word_1_932' title='bbox 2048 4785 2177 4823; x_wconf 88' lang='grc' dir='ltr'>των.</span> <span class='ocrx_word' id='word_1_933' title='bbox 2217 4768 2315 4820; x_wconf 79' lang='grc' dir='ltr'>Ἂν</span> <span class='ocrx_word' id='word_1_934' title='bbox 2348 4767 2447 4838; x_wconf 83' lang='grc' dir='ltr'>μὲν</span> <span class='ocrx_word' id='word_1_935' title='bbox 2486 4767 2596 4837; x_wconf 86' lang='grc' dir='ltr'>γὰρ</span> <span class='ocrx_word' id='word_1_936' title='bbox 2626 4766 2717 4819; x_wconf 82' lang='grc' dir='ltr'>τὸν</span> <span class='ocrx_word' id='word_1_937' title='bbox 2745 4766 2907 4819; x_wconf 90' lang='grc' dir='ltr'>πόνον</span> <span class='ocrx_word' id='word_1_938' title='bbox 2948 4766 3063 4837; x_wconf 77' lang='grc' dir='ltr'>ἴδῃς</span> <span class='ocrx_word' id='word_1_939' title='bbox 3104 4766 3211 4819; x_wconf 88' lang='grc' dir='ltr'>τῶν</span> <span class='ocrx_word' id='word_1_940' title='bbox 3244 4766 3718 4838; x_wconf 89' lang='grc' dir='ltr'>κατορθωμάτων,</span> 
     </span>
    </p>
   </div>
   <div class='ocr_carea' id='block_1_118' title="bbox 2051 4852 3720 4929">
    <p class='ocr_par' dir='ltr' id='par_1_118' title="bbox 2051 4852 3720 4929">
     <span class='ocr_line' id='line_1_118' title="bbox 2051 4852 3720 4929; baseline -0.002 -18"><span class='ocrx_word' id='word_1_941' title='bbox 2051 4856 2191 4929; x_wconf 80' lang='grc' dir='ltr'>βαρὺ</span> <span class='ocrx_word' id='word_1_942' title='bbox 2216 4856 2310 4909; x_wconf 80' lang='grc' dir='ltr'>καὶ</span> <span class='ocrx_word' id='word_1_943' title='bbox 2341 4855 2598 4926; x_wconf 88' lang='grc' dir='ltr'>φορτικόν</span> <span class='ocrx_word' id='word_1_944' title='bbox 2616 4871 2631 4885; x_wconf 77' lang='grc' dir='ltr'><strong><em>ο</em></strong></span> <span class='ocrx_word' id='word_1_945' title='bbox 2658 4852 2726 4907; x_wconf 84' lang='grc' dir='ltr'>ἂν</span> <span class='ocrx_word' id='word_1_946' title='bbox 2754 4853 2809 4907; x_wconf 88' lang='grc' dir='ltr'>δέ</span> <span class='ocrx_word' id='word_1_947' title='bbox 2832 4854 2934 4928; x_wconf 81' lang='grc' dir='ltr'>τὴν</span> <span class='ocrx_word' id='word_1_948' title='bbox 2955 4854 3189 4925; x_wconf 81' lang='grc' dir='ltr'>ἀμοιϐὴν</span> <span class='ocrx_word' id='word_1_949' title='bbox 3227 4853 3364 4927; x_wconf 70' lang='grc' dir='ltr'>ἴδῃς,</span> <span class='ocrx_word' id='word_1_950' title='bbox 3394 4854 3594 4924; x_wconf 87' lang='grc' dir='ltr'>κοῦφον</span> <span class='ocrx_word' id='word_1_951' title='bbox 3624 4857 3720 4909; x_wconf 82' lang='grc' dir='ltr'>καὶ</span> 
     </span>
    </p>
   </div>
   <div class='ocr_carea' id='block_1_119' title="bbox 2051 4941 3719 5017">
    <p class='ocr_par' dir='ltr' id='par_1_119' title="bbox 2051 4941 3719 5017">
     <span class='ocr_line' id='line_1_119' title="bbox 2051 4941 3719 5017; baseline 0 -20"><span class='ocrx_word' id='word_1_952' title='bbox 2051 4947 2247 5017; x_wconf 75' lang='grc' dir='ltr'>ῥᾷστον</span> <span class='ocrx_word' id='word_1_953' title='bbox 2284 4943 2345 4996; x_wconf 90' lang='grc' dir='ltr'>τὸ</span> <span class='ocrx_word' id='word_1_954' title='bbox 2392 4943 2771 5014; x_wconf 83' lang='grc' dir='ltr'>προκείμενον.</span> <span class='ocrx_word' id='word_1_955' title='bbox 2828 4941 2984 4995; x_wconf 78' lang='grc' dir='ltr'>Οὕτω</span> <span class='ocrx_word' id='word_1_956' title='bbox 3029 4942 3125 4995; x_wconf 77' lang='grc' dir='ltr'>καὶ</span> <span class='ocrx_word' id='word_1_957' title='bbox 3167 4942 3508 5014; x_wconf 86' lang='grc' dir='ltr'>κυϐερνήτης</span> <span class='ocrx_word' id='word_1_958' title='bbox 3539 4942 3606 4997; x_wconf 82' lang='grc' dir='ltr'>ἂν</span> <span class='ocrx_word' id='word_1_959' title='bbox 3649 4945 3719 4997; x_wconf 77' lang='grc' dir='ltr'>τά</span> 
     </span>
    </p>
   </div>
   <div class='ocr_carea' id='block_1_120' title="bbox 2049 5028 3723 5104">
    <p class='ocr_par' dir='ltr' id='par_1_120' title="bbox 2049 5028 3723 5104">
     <span class='ocr_line' id='line_1_120' title="bbox 2049 5028 3723 5104; baseline -0.001 -18"><span class='ocrx_word' id='word_1_960' title='bbox 2049 5034 2272 5104; x_wconf 88' lang='grc' dir='ltr'>κύματα</span> <span class='ocrx_word' id='word_1_961' title='bbox 2309 5031 2482 5102; x_wconf 84' lang='grc' dir='ltr'>βλέπῃ</span> <span class='ocrx_word' id='word_1_962' title='bbox 2522 5031 2716 5101; x_wconf 88' lang='grc' dir='ltr'>μόνον,</span> <span class='ocrx_word' id='word_1_963' title='bbox 2744 5030 2999 5083; x_wconf 86' lang='grc' dir='ltr'>οὐδέποτε</span> <span class='ocrx_word' id='word_1_964' title='bbox 3042 5028 3251 5096; x_wconf 82' lang='grc' dir='ltr'>ἐξέλκει</span> <span class='ocrx_word' id='word_1_965' title='bbox 3288 5030 3381 5082; x_wconf 90' lang='grc' dir='ltr'>τοῦ</span> <span class='ocrx_word' id='word_1_966' title='bbox 3415 5030 3635 5101; x_wconf 87' lang='grc' dir='ltr'>λιμένος</span> <span class='ocrx_word' id='word_1_967' title='bbox 3659 5031 3723 5085; x_wconf 82' lang='grc' dir='ltr'>τὸ</span> 
     </span>
    </p>
   </div>
   <div class='ocr_carea' id='block_1_121' title="bbox 2052 5115 3721 5190">
    <p class='ocr_par' dir='ltr' id='par_1_121' title="bbox 2052 5115 3721 5190">
     <span class='ocr_line' id='line_1_121' title="bbox 2052 5115 3721 5190; baseline -0.002 -14"><span class='ocrx_word' id='word_1_968' title='bbox 2052 5121 2297 5189; x_wconf 85' lang='grc' dir='ltr'>σκάφος,</span> <span class='ocrx_word' id='word_1_969' title='bbox 2343 5118 2478 5172; x_wconf 89' lang='grc' dir='ltr'>ἀλλά</span> <span class='ocrx_word' id='word_1_970' title='bbox 2519 5118 2626 5190; x_wconf 89' lang='grc' dir='ltr'>πρὸ</span> <span class='ocrx_word' id='word_1_971' title='bbox 2657 5118 2768 5171; x_wconf 90' lang='grc' dir='ltr'>τῶν</span> <span class='ocrx_word' id='word_1_972' title='bbox 2823 5116 3082 5187; x_wconf 91' lang='grc' dir='ltr'>κυμάτων</span> <span class='ocrx_word' id='word_1_973' title='bbox 3131 5117 3231 5186; x_wconf 83' lang='grc' dir='ltr'>τὴν</span> <span class='ocrx_word' id='word_1_974' title='bbox 3265 5115 3411 5188; x_wconf 68' lang='grc'>[520]</span> <span class='ocrx_word' id='word_1_975' title='bbox 3448 5117 3721 5189; x_wconf 88' lang='grc' dir='ltr'>ἐμπορίαν</span> 
     </span>
    </p>
   </div>
   <div class='ocr_carea' id='block_1_122' title="bbox 2048 5204 3721 5282">
    <p class='ocr_par' dir='ltr' id='par_1_122' title="bbox 2048 5204 3721 5282">
     <span class='ocr_line' id='line_1_122' title="bbox 2048 5204 3721 5282; baseline -0.002 -20"><span class='ocrx_word' id='word_1_976' title='bbox 2048 5210 2215 5282; x_wconf 84' lang='grc' dir='ltr'>ὁρῶν,</span> <span class='ocrx_word' id='word_1_977' title='bbox 2248 5206 2390 5261; x_wconf 77' lang='grc' dir='ltr'>οὕτω</span> <span class='ocrx_word' id='word_1_978' title='bbox 2432 5206 2527 5259; x_wconf 72' lang='grc' dir='ltr'>καὶ</span> <span class='ocrx_word' id='word_1_979' title='bbox 2572 5205 2808 5261; x_wconf 86' lang='grc' dir='ltr'>ἀπλέτου</span> <span class='ocrx_word' id='word_1_980' title='bbox 2858 5204 3175 5276; x_wconf 84' lang='grc' dir='ltr'>κατατολμᾷ</span> <span class='ocrx_word' id='word_1_981' title='bbox 3220 5204 3510 5274; x_wconf 88' lang='grc' dir='ltr'>πελάγους.</span> <span class='ocrx_word' id='word_1_982' title='bbox 3561 5207 3721 5260; x_wconf 82' lang='grc' dir='ltr'>Οῦτω</span> 
     </span>
    </p>
   </div>
   <div class='ocr_carea' id='block_1_123' title="bbox 2050 5292 3717 5368">
    <p class='ocr_par' dir='ltr' id='par_1_123' title="bbox 2050 5292 3717 5368">
     <span class='ocr_line' id='line_1_123' title="bbox 2050 5292 3717 5368; baseline -0.002 -17"><span class='ocrx_word' id='word_1_983' title='bbox 2050 5299 2145 5351; x_wconf 70' lang='grc' dir='ltr'>καὶ</span> <span class='ocrx_word' id='word_1_984' title='bbox 2172 5294 2515 5368; x_wconf 84' lang='grc' dir='ltr'>στρατιώτης</span> <span class='ocrx_word' id='word_1_985' title='bbox 2541 5293 2607 5349; x_wconf 84' lang='grc' dir='ltr'>ἂν</span> <span class='ocrx_word' id='word_1_986' title='bbox 2626 5294 2695 5346; x_wconf 89' lang='grc' dir='ltr'>τά</span> <span class='ocrx_word' id='word_1_987' title='bbox 2714 5294 3004 5366; x_wconf 91' lang='grc' dir='ltr'>τραύματα</span> <span class='ocrx_word' id='word_1_988' title='bbox 3023 5293 3213 5365; x_wconf 80' lang='grc' dir='ltr'>βλέπῃ,</span> <span class='ocrx_word' id='word_1_989' title='bbox 3243 5294 3338 5346; x_wconf 74' lang='grc' dir='ltr'>καὶ</span> <span class='ocrx_word' id='word_1_990' title='bbox 3360 5292 3458 5356; x_wconf 90' lang='grc' dir='ltr'>τάς</span> <span class='ocrx_word' id='word_1_991' title='bbox 3482 5294 3717 5363; x_wconf 80' lang='grc' dir='ltr'>σφαγὰς,</span> 
     </span>
    </p>
   </div>
   <div class='ocr_carea' id='block_1_124' title="bbox 2050 5380 3720 5454">
    <p class='ocr_par' dir='ltr' id='par_1_124' title="bbox 2050 5380 3720 5454">
     <span class='ocr_line' id='line_1_124' title="bbox 2050 5380 3720 5454; baseline -0.003 -15"><span class='ocrx_word' id='word_1_992' title='bbox 2050 5386 2310 5439; x_wconf 86' lang='grc' dir='ltr'>οὐδέποτε</span> <span class='ocrx_word' id='word_1_993' title='bbox 2344 5382 2625 5437; x_wconf 84' lang='grc' dir='ltr'>ἐνδύσεται</span> <span class='ocrx_word' id='word_1_994' title='bbox 2653 5381 2879 5454; x_wconf 91' lang='grc' dir='ltr'>θώρακα</span> <span class='ocrx_word' id='word_1_995' title='bbox 2900 5398 2914 5411; x_wconf 72' lang='grc'><strong>⁸</strong></span> <span class='ocrx_word' id='word_1_996' title='bbox 2944 5380 3010 5434; x_wconf 83' lang='grc' dir='ltr'>ἂν</span> <span class='ocrx_word' id='word_1_997' title='bbox 3037 5382 3093 5434; x_wconf 85' lang='grc' dir='ltr'>δέ</span> <span class='ocrx_word' id='word_1_998' title='bbox 3124 5381 3231 5451; x_wconf 85' lang='grc' dir='ltr'>πρὸ</span> <span class='ocrx_word' id='word_1_999' title='bbox 3261 5381 3368 5434; x_wconf 88' lang='grc' dir='ltr'>τῶν</span> <span class='ocrx_word' id='word_1_1000' title='bbox 3388 5385 3720 5453; x_wconf 88' lang='grc' dir='ltr'>τραυμάτων</span> 
     </span>
    </p>
   </div>
   <div class='ocr_carea' id='block_1_125' title="bbox 2048 5466 3720 5544">
    <p class='ocr_par' dir='ltr' id='par_1_125' title="bbox 2048 5466 3720 5544">
     <span class='ocr_line' id='line_1_125' title="bbox 2048 5466 3720 5544; baseline -0.004 -16"><span class='ocrx_word' id='word_1_1001' title='bbox 2048 5474 2118 5528; x_wconf 86' lang='grc' dir='ltr'>τὰ</span> <span class='ocrx_word' id='word_1_1002' title='bbox 2150 5474 2387 5544; x_wconf 88' lang='grc' dir='ltr'>τρόπαια</span> <span class='ocrx_word' id='word_1_1003' title='bbox 2436 5472 2613 5542; x_wconf 85' lang='grc' dir='ltr'>σκοπῇ</span> <span class='ocrx_word' id='word_1_1004' title='bbox 2659 5470 2753 5523; x_wconf 80' lang='grc' dir='ltr'>καὶ</span> <span class='ocrx_word' id='word_1_1005' title='bbox 2797 5470 2897 5533; x_wconf 87' lang='grc' dir='ltr'>τάς</span> <span class='ocrx_word' id='word_1_1006' title='bbox 2929 5470 3111 5532; x_wconf 90' lang='grc' dir='ltr'>νίκας,</span> <span class='ocrx_word' id='word_1_1007' title='bbox 3153 5470 3343 5539; x_wconf 85' lang='grc' dir='ltr'>ὥσπερ</span> <span class='ocrx_word' id='word_1_1008' title='bbox 3369 5470 3449 5532; x_wconf 91' lang='grc' dir='ltr'>εἰς</span> <span class='ocrx_word' id='word_1_1009' title='bbox 3478 5466 3720 5539; x_wconf 88' lang='grc' dir='ltr'>λειμῶνα</span> 
     </span>
    </p>
   </div>
   <div class='ocr_carea' id='block_1_126' title="bbox 2049 5555 3721 5634">
    <p class='ocr_par' dir='ltr' id='par_1_126' title="bbox 2049 5555 3721 5634">
     <span class='ocr_line' id='line_1_126' title="bbox 2049 5555 3721 5634; baseline -0.004 -18"><span class='ocrx_word' id='word_1_1010' title='bbox 2049 5562 2341 5634; x_wconf 85' lang='grc' dir='ltr'>δραμεῖται</span> <span class='ocrx_word' id='word_1_1011' title='bbox 2376 5558 2473 5630; x_wconf 81' lang='grc' dir='ltr'>τὴν</span> <span class='ocrx_word' id='word_1_1012' title='bbox 2521 5557 2848 5630; x_wconf 81' lang='grc' dir='ltr'>παράταξιν.</span> <span class='ocrx_word' id='word_1_1013' title='bbox 2903 5558 2984 5609; x_wconf 90' lang='grc' dir='ltr'>Τά</span> <span class='ocrx_word' id='word_1_1014' title='bbox 3006 5557 3114 5626; x_wconf 82' lang='grc' dir='ltr'>γὰρ</span> <span class='ocrx_word' id='word_1_1015' title='bbox 3148 5555 3307 5624; x_wconf 89' lang='grc' dir='ltr'>φύσει</span> <span class='ocrx_word' id='word_1_1016' title='bbox 3343 5555 3538 5626; x_wconf 90' lang='grc' dir='ltr'>βαρέα,</span> <span class='ocrx_word' id='word_1_1017' title='bbox 3576 5555 3721 5610; x_wconf 75' lang='grc' dir='ltr'>οὕτω</span> 
     </span>
    </p>
   </div>
   <div class='ocr_carea' id='block_1_127' title="bbox 2051 5643 3723 5719">
    <p class='ocr_par' dir='ltr' id='par_1_127' title="bbox 2051 5643 3723 5719">
     <span class='ocr_line' id='line_1_127' title="bbox 2051 5643 3723 5719; baseline -0.002 -15"><span class='ocrx_word' id='word_1_1018' title='bbox 2051 5649 2233 5719; x_wconf 88' lang='grc' dir='ltr'>κοῦφα</span> <span class='ocrx_word' id='word_1_1019' title='bbox 2260 5649 2495 5717; x_wconf 89' lang='grc' dir='ltr'>γίνεται,</span> <span class='ocrx_word' id='word_1_1020' title='bbox 2528 5647 2656 5701; x_wconf 83' lang='grc' dir='ltr'>ὅταν</span> <span class='ocrx_word' id='word_1_1021' title='bbox 2689 5646 2764 5718; x_wconf 82' lang='grc' dir='ltr'>μὴ</span> <span class='ocrx_word' id='word_1_1022' title='bbox 2795 5646 2922 5709; x_wconf 81' lang='grc' dir='ltr'>τοὺς</span> <span class='ocrx_word' id='word_1_1023' title='bbox 2960 5645 3156 5708; x_wconf 87' lang='grc' dir='ltr'>πόνους</span> <span class='ocrx_word' id='word_1_1024' title='bbox 3187 5643 3554 5714; x_wconf 79' lang='grc' dir='ltr'>λογιζώμεθα,</span> <span class='ocrx_word' id='word_1_1025' title='bbox 3586 5644 3723 5701; x_wconf 90' lang='grc' dir='ltr'>ἀλλά</span> 
     </span>
    </p>
   </div>
   <div class='ocr_carea' id='block_1_128' title="bbox 2051 5732 3721 5809">
    <p class='ocr_par' dir='ltr' id='par_1_128' title="bbox 2051 5732 3721 5809">
     <span class='ocr_line' id='line_1_128' title="bbox 2051 5732 3721 5809; baseline -0.005 -16"><span class='ocrx_word' id='word_1_1026' title='bbox 2051 5738 2273 5802; x_wconf 76' lang='grc' dir='ltr'>καὶτὰς</span> <span class='ocrx_word' id='word_1_1027' title='bbox 2312 5735 2551 5809; x_wconf 80' lang='grc' dir='ltr'>ἀμοιϐὰς</span> <span class='ocrx_word' id='word_1_1028' title='bbox 2586 5735 2763 5789; x_wconf 83' lang='grc' dir='ltr'>αὐτῶν</span> <span class='ocrx_word' id='word_1_1029' title='bbox 2797 5732 3108 5805; x_wconf 86' lang='grc' dir='ltr'>σκοπῶμεν.</span> <span class='ocrx_word' id='word_1_1030' title='bbox 3148 5732 3337 5786; x_wconf 89' lang='grc' dir='ltr'>Βούλει</span> <span class='ocrx_word' id='word_1_1031' title='bbox 3378 5733 3571 5805; x_wconf 88' lang='grc' dir='ltr'>μαθεῖν</span> <span class='ocrx_word' id='word_1_1032' title='bbox 3600 5733 3721 5797; x_wconf 89' lang='grc' dir='ltr'>πῶς</span> 
     </span>
    </p>
   </div>
   <div class='ocr_carea' id='block_1_129' title="bbox 2053 5820 3722 5897">
    <p class='ocr_par' dir='ltr' id='par_1_129' title="bbox 2053 5820 3722 5897">
     <span class='ocr_line' id='line_1_129' title="bbox 2053 5820 3722 5897; baseline -0.003 -15"><span class='ocrx_word' id='word_1_1033' title='bbox 2053 5826 2125 5882; x_wconf 85' lang='grc' dir='ltr'>τὰ</span> <span class='ocrx_word' id='word_1_1034' title='bbox 2163 5826 2323 5897; x_wconf 91' lang='grc' dir='ltr'>φύσει</span> <span class='ocrx_word' id='word_1_1035' title='bbox 2373 5824 2544 5897; x_wconf 89' lang='grc' dir='ltr'>βαρέα</span> <span class='ocrx_word' id='word_1_1036' title='bbox 2573 5824 2755 5894; x_wconf 87' lang='grc' dir='ltr'>κοῦφα</span> <span class='ocrx_word' id='word_1_1037' title='bbox 2791 5824 3041 5894; x_wconf 89' lang='grc' dir='ltr'>γίνεται;</span> <span class='ocrx_word' id='word_1_1038' title='bbox 3092 5822 3323 5879; x_wconf 82' lang='grc' dir='ltr'>ἄκουσον</span> <span class='ocrx_word' id='word_1_1039' title='bbox 3370 5822 3462 5878; x_wconf 81' lang='grc' dir='ltr'>τοῦ</span> <span class='ocrx_word' id='word_1_1040' title='bbox 3508 5820 3722 5877; x_wconf 83' lang='grc' dir='ltr'>Παύλου</span> 
     </span>
    </p>
   </div>
   <div class='ocr_carea' id='block_1_130' title="bbox 2115 5964 2779 6019">
    <p class='ocr_par' dir='ltr' id='par_1_130' title="bbox 2115 5964 2779 6019">
     <span class='ocr_line' id='line_1_130' title="bbox 2115 5964 2779 6019; baseline -0.011 0"><span class='ocrx_word' id='word_1_1041' title='bbox 2115 5964 2137 6007; x_wconf 76' lang='grc' dir='ltr'>ί</span> <span class='ocrx_word' id='word_1_1042' title='bbox 2162 5966 2320 6019; x_wconf 76' lang='lat' dir='ltr'>Ambo</span> <span class='ocrx_word' id='word_1_1043' title='bbox 2352 5978 2467 6017; x_wconf 78' lang='lat' dir='ltr'>mss.</span> <span class='ocrx_word' id='word_1_1044' title='bbox 2497 5965 2779 6016; x_wconf 75' lang='grc' dir='ltr'>ἀνέστειλεν.</span> 
     </span>
    </p>
   </div>
  </div>
