4066 6392
377 319 480 373 317

377 434 625 501 λέγοντος
647 448 660 462 ·
714 430 783 486 T6
815 431 923 500 γὰρ
951 431 1287 497 παραυτίκα
1315 430 1580 498 ἐλαφρὸν
1611 428 1717 495 τῆς
1752 431 2034 496 θλίψεως,

377 521 505 575 καθ’
537 518 882 586 ὑπερϐολὴν
904 520 991 582 είς
1012 517 1358 586 ὑπερϐολὴν
1384 517 1622 571 αἰώνιον
1643 515 1831 584 ,βάρος
1857 515 2041 580 δόξης

375 613 524 682 ⁸ἡμῖν
568 610 995 679 κατεργάζεται.
1044 609 1284 679 Αἴνιγμά
1335 608 1396 661 τὸ
1435 607 1725 679 εἰρημένον
1777 606 1958 658 ἐστίν’
1992 606 2040 657 εί

377 700 641 770 θλίψεως,
675 701 793 764 πῶς
833 699 1102 770 ἐλαφρόν;
1145 701 1194 752 εί
1245 699 1510 770 ἐλαφρὸν,
1559 697 1677 760 πῶς
1723 696 1952 764 θλίψεως
1977 707 2038 759 ε;

375 789 548 843 ταῦτα
576 789 684 860 γὰρ
711 787 948 840 ἐναντία.
991 788 1131 839 Ἀλλ’
1163 788 1317 840 ἔλυσε
1343 787 1404 840 τὸ
1425 786 1653 853 αἴνιγμα
1685 787 1750 854 τῇ
1779 785 2039 851 ἐπαγωγῇ

378 875 558 942 δείξας
615 875 875 945 ἐλαφρόν·
936 873 1092 940 πῶς;
1150 874 1244 941 Μὴ
1297 875 1692 926 σκοπούντων
1746 868 1917 938 ’ἡμῶν
1974 870 2044 921 τὰ

374 964 748 1032 βλεπόμενα.
788 961 990 1033 Ἔθηκε
1017 963 1108 1014 τὸν
1133 963 1394 1031 στέφανον
1413 1002 1428 1026 ,
1458 964 1548 1015 καὶ
1588 960 1787 1028 κοῦφον
1821 957 2042 1027 ἐποίησε

377 1051 472 1106 τὸν
505 1051 724 1120 ἀγῶνα·
761 1050 928 1113 ἔδειξε
957 1051 1016 1103 τὸ
1047 1050 1318 1121 βραϐεῖον,
1350 1050 1444 1102 καὶ
1467 1047 1892 1119 παρεμυθήσατο
1918 1045 2044 1106 τοὺς

384 1139 629 1208 ἱδρῶτας.
668 1137 779 1194 Καὶ
822 1137 887 1190 σὺ
919 1138 1097 1190 τοίνυν
1126 1139 1255 1191 ὅταν
1300 1138 1413 1208 ι’δῃς
1441 1139 1676 1204 γυναῖκα
1725 1134 2042 1204 λάμπουσαν

379 1228 489 1281 ἀπὸ
515 1227 616 1297 τῆς
660 1226 871 1295 ὅψεως,
913 1226 1144 1296 φαιδρὰν
1187 1226 1292 1278 ἀπὸ
1319 1225 1417 1294 τῆς
1456 1223 1666 1294 στολῆς,
1702 1222 1818 1294 ῐδῃς
1851 1221 2043 1274 ἐπιθυ-

385 1315 514 1384 μίαν
559 1314 999 1384 γαργαλίζουσαν
1018 1313 1066 1376 ι),
1133 1313 1248 1384 ἴδῃς
1291 1313 1390 1383 τὴν
1443 1312 1622 1382 ψυχὴν
1672 1309 2043 1379 ἐπιθυμοῦσαν

379 1403 481 1471 τῆς
524 1401 788 1470 Θεωρίας·
850 1401 1151 1470 ἀνάϐλεψον
1208 1401 1343 1470 πρὸς
1395 1401 1486 1452 τὸν
1532 1401 1644 1454 ἄνω
1677 1415 1759 1450 σοι
1795 1399 2044 1468 κείμενον

382 1490 675 1557 στέφανον,
731 1490 818 1542 ἵνα
861 1488 1226 1559 παραδράμῃς
1270 1487 1368 1558 τὴν
1419 1485 1673 1555 τοιαύτην
1707 1486 1849 1554 ὄψιν.
1890 1481 2042 1546 Εἶδες

382 1576 710 1646 συνδούλην;
750 1577 1001 1646 ἐννόησον
1030 1576 1119 1628 τὸν
1147 1575 1422 1644 Δεσπότην
1443 1615 1456 1638 ,
1510 1573 1605 1626 καὶ
1634 1573 1848 1636 πάντως
1878 1589 2045 1625 κατα-

381 1663 612 1726 παύσεις
660 1663 722 1716 τό
769 1664 1001 1733 νόσημα.
1048 1663 1113 1716 Εἰ
1143 1663 1248 1733 γὰρ
1302 1662 1485 1714 παιδία
1535 1659 1867 1730 παιδαγωγῷ
1916 1661 2044 1713 ἀκο-

378 1754 670 1808 λουθοῦντα
692 1755 750 1807 ού
776 1754 1246 1825 περιστρέφονται,
1272 1754 1332 1806 ού
1355 1755 1669 1822 κεχήνασιν,
1691 1751 1788 1804 οὑκ
1816 1751 2044 1822 ἐπτόην-

378 1861 490 1906 ται,
534 1842 711 1912 πολλῷ
761 1843 959 1912 μᾶλλον
1003 1842 1064 1894 σὺ
1095 1841 1184 1894 τὸν
1229 1841 1464 1912 Χριστὸν
1495 1840 1560 1893 ἂν
1591 1839 1706 1912 ἴδῃς
1743 1841 1853 1901 τοῖς
1895 1838 2045 1906 λογι-

385 1931 541 2000 σμοῖς
575 1930 840 2000 παρόντα,
862 1929 1009 1982 οὐδὲν
1040 1930 1202 1998 πείσῃ
1220 1927 1479 1982 τοιοῦτον.
1526 1930 1580 1979 '0
1601 1928 1907 1996 ἐμϐλέψας
1936 1948 2043 1999 γυ-

380 2018 560 2071 ναῖκα
593 2017 743 2086 πρὸίζ·
779 2018 845 2070 τὸ
873 2017 1240 2086 ἐπιθυμῆσαι
1260 2057 1274 2081 ,
1307 2016 1422 2084 ἤδη
1451 2018 1807 2086 ἐμοίχευσεν
1851 2019 2046 2087 αὐτὴν

379 2106 450 2158 ἐν
479 2105 553 2172 τῇ
586 2107 798 2173 καρδίᾳ
824 2105 1031 2158 αὐτοῦ.
1087 2105 1286 2168 Ἡδέως
1319 2107 1412 2158 καὶ
1447 2108 1828 2178 συνεχέστερον
1857 2109 2045 2176 ἀναγι-

379 2192 574 2247 νώσκω
619 2193 716 2246 τοῦ
763 2194 926 2262 νόμου
964 2192 1034 2245 τὰ
1083 2193 1417 2262 γράμματα’
1462 2193 1573 2245 εἴθε
1608 2195 1701 2246 καὶ
1737 2194 1824 2246 διά
1864 2196 2045 2266 πάσης

378 2283 478 2352 τῆς
507 2281 720 2352 ἡμέρας
757 2278 825 2352 ἦν
849 2281 1006 2334 τοῦτο
1033 2280 1210 2348 λέγειν
1239 2281 1373 2348 πρὸς
1415 2283 1586 2352 ὑμᾶς,
1617 2284 1814 2353 μᾶλλον
1841 2285 1897 2337 δέ
1922 2287 2045 2356 οὑχὶ

381 2370 518 2439 πρὸς
548 2371 745 2439 ὑμᾶς,.
771 2369 908 2421 ἀλλά
939 2369 1074 2438 πρὸς
1113 2371 1237 2431 τοὺς
1273 2370 1602 2432 ὑπευθύνους
1642 2374 1754 2433 τοῖς
1793 2373 2044 2443 ἁμαρτή-

385 2473 548 2524 μασιν
571 2455 762 2518 ὅντας’
798 2455 997 2525 μᾶλλον
1023 2456 1079 2507 δὲ
1114 2455 1208 2508 καὶ
1246 2456 1380 2523 πρὸς
1411 2457 1556 2526 ὑμᾶς
1577 2474 1589 2487 ·
1619 2458 1713 2510 καὶ
1750 2459 1858 2531 γὰρ
1889 2461 2045 2531 ὑμεῖς

380 2542 775 2611 ἀσφαλέστεροι
835 2541 1017 2594 ἔσεσθε
1040 2581 1056 2607 ,
1102 2542 1153 2592 οί
1190 2541 1246 2593 δὲ
1290 2543 1348 2594 ἐν
1375 2546 1439 2614 τῇ
1474 2544 1613 2615 νόσῳ
1648 2545 1797 2609 ὄντες
1837 2548 2046 2617 ταχέως

383 2630 519 2698 πρὸς
553 2630 652 2700 τὴν
683 2629 894 2696 ὑγίειαν
927 2628 1303 2698 ἐπανήξουσιν.
1357 2631 1419 2682 '0
1461 2630 1764 2700 ἐμϐλέψας
1792 2635 2048 2702 γυναῖκα

380 2713 530 2780 πρὸς
567 2710 632 2764 τὸ
669 2709 1034 2779 ἐπιθυμῆσαι
1065 2711 1282 2780 αὐτῆς,
1319 2712 1435 2781 ἤδη
1467 2714 1823 2783 ἐμοίχευσεν
1853 2716 2047 2784 αὐτὴν

379 2799 449 2852 ἐν
475 2798 546 2867 τῇ
573 2799 783 2867 καρδίᾳ
807 2799 1014 2853 αὑτοῦ.

451 2893 520 2954 γ’.
555 2889 740 2959 Ἀρκεῖ
762 2889 938 2940 πᾶσαν
962 2887 1061 2958 τῆς
1092 2889 1366 2959 ἁμαρτίας
1388 2889 1486 2959 τὴν
1517 2891 1785 2966 σηπεδόνα
1810 2895 2046 2965 καθᾶραι

379 2972 510 3042 ψιλά
542 2973 954 3042 ἀναγνωσθέντα
979 2974 1048 3026 τὰ
1084 2977 1320 3045 ῥήματα.
1361 2976 1519 3029 Ἀλλά
1552 2978 1858 3046 σύγγνωτε⁹
1884 2981 2049 3052 τραύ-

385 3079 530 3132 ματα
564 3062 920 3132 καθαίρομεν,
953 3061 1045 3114 τὸν
1065 3061 1121 3114 δὲ
1145 3063 1435 3133 τραύματα
1458 3065 1806 3134 καθαίροντα,
1835 3069 2048 3140 ἀνάγκη

382 3148 476 3201 καὶ
496 3148 668 3220 πικρὰ
696 3148 996 3203 ἐπιτιθέναι
1025 3150 1322 3222 φάρμακα·
1354 3152 1571 3222 ὅσῳπερ
1597 3153 1663 3206 ἂν
1687 3155 1944 3225 ἐνέγκητε
1980 3158 2048 3210 τὰ

384 3237 636 3306 ῥήματα,
669 3235 921 3290 τοσοῦτον
968 3237 1168 3308 μᾶλλον
1209 3239 1593 3310 ἐκκαθαίρεται
1627 3242 1655 3292 6
1705 3243 1799 3305 ίός.
1839 3243 2050 3316 Ὥσπερ

384 3321 490 3391 γάρ
516 3323 610 3375 τοῦ
639 3325 810 3394 πυρὸς
835 3327 867 3395 ὴ
910 3325 1099 3394 φύσις,
1134 3327 1352 3396 ὅσῳπερ
1386 3327 1451 3379 ἂν
1479 3329 1734 3382 ἐπιπλέον
1757 3341 1779 3370 ε
1811 3331 2050 3404 ὁμιλήσῃ

384 3412 450 3480 τῇ
480 3409 574 3463 τοῦ
608 3411 811 3483 χρυσοῦ
838 3412 1019 3482 φύσει,
1060 3414 1312 3467 τοσοῦτον
1343 3415 1544 3484 μᾶλλον
1574 3417 1790 3488 δαπανᾷ
1819 3420 1910 3472 τὸν
1938 3421 2012 3472 ἰόν
2033 3437 2044 3447 ·

383 3498 526 3552 οὑτω
552 3500 648 3552 καὶ
675 3501 782 3555 τῶν
807 3503 1066 3572 ῥημάτων
1100 3503 1303 3557 τούτων
1339 3508 1366 3557 6
1393 3505 1575 3574 φόϐος,
1600 3507 1816 3578 ὅσῳπερ
1854 3508 1920 3561 ἂν
1967 3511 2054 3563 ἐν·

383 3585 562 3656 ηχηθῇ
587 3589 653 3658 τῇ
682 3588 923 3659 ὑμετέρᾳ
947 3590 1186 3659 διανοίᾳ,
1213 3591 1452 3661 τοσούτῳ
1485 3593 1682 3662 μᾶλλον
1716 3595 2047 3660 ἆπασανέκ-

385 3675 638 3746 καθαριεῖ
663 3677 760 3746 τῆς
790 3677 1082 3738 ἀκολασίας
1111 3678 1208 3748 τὴν
1243 3678 1539 3748 ἁμαρτίαν.
1573 3679 1919 3750 Πυρώσωμεν
1950 3683 2049 3733 αύ-

384 3765 486 3834 τὴν
509 3757 612 3816 ὧδε
648 3764 726 3834 τῷ
757 3765 901 3834 λόγῳ
930 3764 1026 3834 τῆς
1056 3763 1436 3830 διδασκαλίας,
1463 3767 1548 3818 ἵνα
1591 3767 1664 3836 μὴ
1690 3768 2051 3836 ἀναγκασθῶ-

391 3867 489 3920 μεν
512 3850 681 3921 αὑτὴν
710 3853 826 3904 ἐκεῖ
855 3853 1102 3921 πυρῶσαι
1129 3851 1207 3922 τῷ
1241 3853 1375 3922 πυρὶ
1401 3853 1502 3921 τῆς
1536 3854 1780 3925 γεέννης.
1818 3855 1929 3926 Τὴν
1954 3858 2051 3926 μὲν

385 3938 494 4008 γὰρ
525 3938 772 3992 ἐντεῦθεν
809 3937 1148 3992 ἀπελθοῦσαν
1185 3939 1431 4009 καθαρὰν
1459 3941 1614 3993 οὐδὲν
1650 3942 1824 3994 ἐκεῖνο
1860 3941 2050 4013 βλάψει

385 4026 447 4078 τὸ
475 4025 586 4096 πῦρ
607 4043 621 4056 ’
655 4026 752 4096 τὴν
783 4025 838 4077 δὲ
877 4025 1016 4094 μετά
1049 4027 1462 4096 ἁμαρτημάτων
1499 4027 1838 4082 ἀπελθοῦσαν
1868 4031 2050 4084 ἐντεῦ-

387 4114 478 4166 θεν
518 4116 692 4167 ἐκεῖνο
725 4113 934 4180 δέξεται
977 4115 1040 4167 τὸ
1090 4114 1220 4184 πῦρ.
1281 4115 1572 4169 Ἐκάστου
1610 4115 1741 4185 γὰρ,
1780 4120 1944 4188 φησὶ,
1985 4120 2053 4172 τὸ

387 4203 566 4271 ἔργον
602 4201 814 4256 ὁποῖόν
845 4203 976 4256 ἐστι
1017 4203 1084 4256 τὸ
1123 4203 1242 4272 πῦρ
1275 4202 1610 4272 δοκιμάσει.
1660 4206 2053 4278 Δοκιμάσωμεν

388 4288 614 4348 ἑαυτοὺς
628 4286 723 4339 νῦν
739 4287 904 4357 χωρὶς
926 4286 1138 4355 ὀδύνης,
1157 4287 1243 4339 ἵνα
1261 4286 1336 4357 μὴ
1349 4287 1762 4358 δοκιμασθῶμεν
1778 4289 1897 4342 τότε
1917 4290 2055 4360 μετά

387 4372 599 4441 ὀδύνης.
635 4371 786 4443 [521]
812 4373 952 4425 Ὅσα
993 4371 1058 4426 ἂν
1089 4372 1272 4443 εἴπῃς,
1305 4373 1498 4443 φησὶν,
1529 4374 1783 4438 ἐπίπονος
1809 4377 1836 4428 6
1867 4377 2050 4446 νόμος.

388 4461 455 4512 Τί
499 4457 623 4526 οῦν;
659 4460 898 4515 ἀδύνατα
938 4463 1069 4531 ἡμῖν
1101 4464 1130 4515 6
1171 4461 1303 4525 Θεὸς
1345 4464 1704 4532 προστάττεις
1751 4462 1824 4516 Ού
1870 4482 2052 4536 φημιο

389 4547 808 4618 ἐπιπομίζουά,
837 4547 911 4619 μὴ
943 4549 1238 4620 κατηγόρει
1257 4547 1350 4601 τοῦ
1373 4551 1643 4606 Δεσπότου
1659 4568 1673 4582 ·
1701 4552 1762 4605 ού
1779 4552 1885 4625 γάρ
1909 4555 2054 4608 ἐστιν

392 4635 688 4702 ἀπολογίας
707 4635 907 4704 τρόπος
927 4675 942 4699 ,
982 4635 1117 4689 ἀλλά
1149 4637 1422 4707 ἁμαρτίας
1448 4637 1731 4710 προσθήκη
1775 4641 1874 4710 τῆς
1922 4659 2056 4712 προ-

387 4721 552 4791 τέρας
590 4723 966 4793 χαλεπωτέρα.
1022 4723 1144 4778 Ὅτι
1176 4725 1230 4778 δὲ
1275 4727 1387 4787 τοῖς
1430 4725 1640 4790 πολλοῖς
1667 4726 1775 4779 τῶν
1803 4728 2055 4798 ἁμαρτα-

389 4807 590 4860 νόντων
619 4808 738 4871 έθος
763 4809 857 4862 ἐπὶ
897 4811 988 4862 τὸν
1025 4811 1301 4882 Δεσπότην
1346 4812 1524 4881 ἀφίειν
1551 4825 1574 4852 θ
1600 4814 1667 4868 τά
1709 4815 2051 4887 ἐγκλήματα,

389 4896 642 4952 ἄκουσον.
690 4897 1004 4968 Προσῆλθεν
1046 4901 1253 4963 ἐκεῖνος
1291 4902 1320 4952 6
1369 4899 1438 4954 τά
1478 4901 1639 4956 πέντε
1685 4903 1924 4958 τάλαντα
1966 4923 2054 4959 πιι

391 4984 670 5049 στευθεὶς,
705 4986 802 5038 καὶ
843 4988 1215 5056 προσήνεγκεν
1261 4987 1396 5041 ἄλλα
1447 4989 1606 5042 πέντε
1631 5005 1645 5020 ⁸
1693 4991 1998 5061 προσῆλθεν
2027 4994 2056 5045 6

388 5077 457 5129 τά
485 5076 580 5130 δύο
604 5076 842 5131 τάλαντα
875 5077 1202 5143 πιστευθεὶς,
1237 5078 1329 5131 καὶ
1358 5084 1731 5150 προσήνεγκεν
1760 5081 1895 5135 ἄλλα
1923 5082 2018 5134 δύο
2037 5099 2050 5112 ο

389 5163 692 5235 προσῆλθεν
743 5165 771 5216 ὁ
799 5166 859 5219 τὸ
889 5165 1150 5219 τάλαντον
1185 5166 1521 5232 πιστευθεὶς,
1559 5168 1653 5220 καὶ
1695 5169 1881 5240 ἐπειδὴ
1927 5168 2054 5222 ἄλλο

451 5320 478 5348 ⁸
502 5319 657 5388 Ambo
675 5322 960 5388 πῷςθλῖψις.
980 5321 1108 5388 7M0!
1128 5327 1236 5388 ppst
1274 5322 1472 5388 ἐλαφρόν
1499 5336 1717 5385 sequens
1737 5332 1946 5388 uterque
1971 5340 2054 5376 co-

389 5381 487 5447 de}
513 5382 569 5430 τὸ
591 5389 674 5447 τῆς
695 5381 909 5445 θλίψεως,
933 5386 1035 5447 πῶς
1054 5383 1135 5432 οὖν
1156 5381 1520 5447 ἐστινέλαῲρὸν,
1539 5381 1665 5444 πῶς

451 5442 479 5519 Ρ
502 5443 655 5492 Ambo
675 5442 792 5519 ηιξεζ
812 5446 1183 5519 γαργαλίζουσιν.
1229 5443 1360 5519 Εόὶςζ
1383 5442 1792 5519 γαργαλιζομένην.
1818 5448 1941 5499 Infra
1963 5449 2054 5519 ρι-

393 5504 493 5572 ιοί).
521 5504 887 5572 καταπαύσεταί
911 5504 995 5572 σοι
1013 5507 1068 5553 τὸ
1093 5506 1297 5568 νόσημα.
1321 5504 1613 5566 Ουξείοοιὶο
1637 5504 2048 5572 ιιοιιερετηοηᾱε.

393 5564 699 5630 ιωςικοιιρι).
723 5568 1040 5630 παιδαγωγόν.

453 5628 479 5694 (ξ
502 5626 668 5694 ριιοζ).
688 5630 847 5694 πλέον.
874 5626 934 5677 Et
951 5626 1064 5694 inp;
1086 5628 1339 5694 idem._m!
1362 5629 1549 5677 ἐπὶτῶν
1575 5632 1684 5694 ῥημ.

455 5685 481 5725 ά
506 5686 671 5751 Qttob.
702 5691 915 5751 εὐφήμει,
939 5691 1020 5737 καὶ
1041 5691 1360 5751 ἐπιστομίζου,
1388 5704 1481 5738 non
1505 5685 1648 5740 ma'le;

457 5753 481 5782 θ
505 5750 653 5798 Savil.
695 5750 961 5812 legendum
990 5751 1184 5812 ConJicil
1206 5750 1460 5815 ἀναφέρειν.
1492 5753 1620 5801 Enn.

1134 315 1192 369 S.
1232 313 1514 369 JOANNIS
1551 263 2037 368 CHRYSOSZI'OMI
2074 310 2392 368 ARCHIEP.
2429 317 2974 374 CONSTANTiNOP.

3705 319 3812 376 318

2154 428 2416 484 τάλαντον
2451 437 2838 504 προσενεγκεῖν
2857 435 2956 486 οὐκ
2975 429 3139 504 εἶχεν,
3159 432 3276 486 ἀντὶ
3295 432 3551 486 ταλάντου
3575 451 3812 504 κατηγο-

2151 516 2275 587 ρίαν
2319 521 2683 590 προσήνεγιιε.
2715 521 2841 583 Πῶς
2882 537 3076 592 φησιν;
3112 521 3335 589 Ἔγνων
3358 520 3473 574 σεῖ
3503 520 3593 573 ὅτι
3618 527 3815 586 σκλη-

2143 602 2258 669 ρὸς
2309 605 2384 658 εἷ.
2437 607 2502 658 Ὤ
2553 608 2946 678 ἀγνωμοσύνης
2992 606 3233 660 οίκέτουο
3282 607 3380 659 οὑκ
3436 609 3683 678 ἀρκεῖται
3739 611 3811 678 τῇ

2152 692 2418 764 ἁμαρτία,
2452 693 2586 746 ἀλλά
2615 696 2710 748 καὶ
2747 695 3080 766 κατηγορίαν
3107 695 3310 763 εἰσάγει
3334 695 3469 748 κατὰ
3499 695 3590 747 τοῦ
3617 694 3813 747 δεσπό-

2149 797 2243 833 του
2265 796 2278 808 ·
2312 782 2556 848 Θερίζων
2583 781 2735 836 ὅπου
2761 785 2870 836 οὐκ
2900 784 3201 851 ἔσπειρας,
3233 781 3330 836 καί
3360 781 3640 852 συνάγων
3671 783 3814 836 ὅθεν

2116 871 2218 921 -οὺ
2258 868 2712 936 διεσκςγπισας.
2756 872 2912 925 Οὕτω
2954 873 3048 926 καὶ
3102 874 3160 924 ἐν
3197 871 3274 942 τῷ
3315 872 3539 941 παρόντι
3567 872 3663 941 βίῳ
3694 872 3814 926 ὅσοι

2156 956 2324 1026 μηδὲν
2353 956 2674 1026 ἐργάζονται
2706 959 2930 1026 ἀγαθὸν,
2963 959 3281 1030 προσθήκην
3322 959 3430 1012 τῶν
3463 958 3645 1012 κακῶν
3679 961 3812 1011 ἐαυ-

2153 1043 2261 1094 τῶν
2297 1043 2574 1098 ποιοῦνται
2603 1044 2701 1116 τὴν
2737 1047 3070 1118 κατηγορίαν
3096 1046 3188 1099 τοῦ
3221 1046 3512 1098 Δεσπότου.

2227 1127 2314 1199 Μὴ
2362 1130 2539 1183 τοίνυν
2587 1133 2880 1203 κατηγόρει
2932 1133 3026 1186 τοῦ
3073 1132 3369 1185 Δεσπότουο
3409 1133 3509 1185 οὑκ
3553 1131 3816 1197 ἐπέταξεν

2155 1215 2414 1272 ἀδύνατα.
2461 1219 2648 1272 Βούλει
2699 1220 2889 1290 μαθεῖν
2937 1221 3018 1274 ὅτι
3069 1221 3168 1274 οὑκ
3219 1219 3473 1284 ἐπέταξεν
3538 1220 3810 1284 ἀδύνατα;

2152 1304 2343 1359 Πολλοὶ
2386 1306 2455 1359 τὰ
2493 1309 2888 1378 προστάγματα
2932 1309 3378 1379 ὑπερϐαίνουσιν,
3426 1308 3524 1361 οὑκ
3551 1307 3616 1360 ἂν
3645 1306 3733 1369 δὲ,
3763 1309 3815 1359 εἰ

2153 1391 2388 1446 ἀδύνατα
2429 1389 2528 1464 ἦν,
2556 1395 2902 1466 ὑπερέϐησαν
2926 1395 2985 1460 ἐξ
3014 1395 3216 1459 οἰκείας
3248 1396 3636 1467 προαιρέσεως.
3666 1394 3820 1464 Παρ-

2153 1477 2334 1532 θενίαν
2373 1481 2473 1534 ούκ
2517 1483 2771 1548 ἐπέταξε,
2823 1484 2916 1536 καὶ
2958 1483 3276 1554 κατορθοῦσι
3313 1482 3526 1534 πολλοί·
3570 1482 3820 1551 ἀκτημο-

2153 1564 2319 1636 σύνην
2366 1569 2465 1622 οὐκ
2505 1569 2772 1635 ἐπέταξε,
2821 1573 2915 1624 καὶ
2955 1571 3137 1624 πολλοὶ
3170 1570 3238 1623 τὰ
3288 1569 3494 1622 έαυτῶν
3539 1570 3815 1641 ῥίπτουσι,

2152 1655 2240 1706 διὰ
2272 1655 2380 1708 τῶν
2413 1657 2590 1728 ἔργων
2628 1659 3032 1731 μαρτυροῦντες
3071 1657 3268 1728 πολλὴν
3303 1656 3547 1709 εὐκολίαν
3571 1659 3685 1718 τοῖς
3713 1655 3818 1723 τῆς

2151 1741 2422 1812 ἐπιταγῆς
2463 1744 2678 1814 νόμοις·
2723 1745 2781 1798 οὑ
2812 1746 2919 1816 γάρ
2970 1744 3035 1798 ἂν
3078 1743 3421 1814 ὑπερέϐησαν
3450 1741 3620 1802 αὑτὰ,
3661 1739 3820 1809 εἰμὴ

2152 1828 2292 1881 αὑτά
2335 1829 2404 1882 τὰ
2439 1832 2767 1899 ἐπιταγέντα
2811 1832 3007 1886 εὔκολα
3053 1829 3140 1903 ἦν.
3185 1832 3298 1884 Οὑκ
3336 1829 3561 1895 ἐπέταξε
3609 1827 3819 1896 παρθε-

2151 1914 2270 1968 νίαν
2291 1930 2304 1943 ⁰
2343 1919 2371 1968 6
2415 1918 2514 1987 μέν
2553 1919 2660 1990 γὰρ
2695 1920 2953 1984 ἐπιτάξας
2996 1920 3291 1989 παρθενίαν
3321 1916 3424 1969 ὑπὸ
3445 1916 3539 1986 τὴν
3569 1915 3823 1983 ἀνάγκην

2151 2002 2274 2072 ἄγει
2307 2005 2400 2058 τοῦ
2430 2006 2594 2077 νόμου
2618 2008 2821 2061 καὶτὸν
2855 2007 2929 2078 μὴ
2960 2007 3278 2077 βουλόμενον
3299 2023 3313 2037 ’
3339 2008 3366 2058 6
3393 2005 3448 2057 δὲ
3476 2003 3822 2073 παραινέσας

2151 2091 2339 2163 κύριον
2377 2095 2571 2164 ἀφίησι
2616 2097 2711 2167 τῆς
2755 2097 3016 2165 αἱρέσεως
3057 2095 3149 2148 τὸν
3196 2094 3492 2164 ἀκροατήν.
3525 2090 3623 2143 Διά
3658 2089 3823 2142 τοῦτο

2152 2180 2244 2232 καὶ
2284 2181 2312 2232 6
2345 2182 2556 2246 Παῦλός
2599 2200 2755 2254 φησι,
2779 2183 2916 2250 Περὶ
2945 2182 3012 2234 δὲ
3037 2180 3154 2234 τῶν
3189 2181 3494 2248 παρθένων
3525 2176 3823 2246 ἐπιταγὴν

2151 2268 2375 2334 Κυρίου
2416 2271 2527 2322 οὐκ
2561 2270 2709 2338 ἔχω,
2741 2270 2982 2339 γνώμην
3014 2268 3084 2321 δὲ
3113 2267 3338 2334 δίδωμι.
3385 2266 3543 2336 Ὁρᾷς
3569 2264 3671 2317 οὑκ
3697 2264 3821 2315 ἐπι-

2153 2355 2496 2424 ταγὴν,ἀλλά
2530 2358 2874 2427 συμϐουλήν;
2903 2359 3030 2427 ὁρᾷς
3053 2355 3112 2408 οὐ
3136 2355 3480 2426 πρόσταγμα,
3507 2350 3648 2404 ἀλλά
3680 2367 3823 2419 παρ⁸

2151 2440 2391 2507 αίνεσιν;
2450 2443 2590 2496 Πολὺ
2641 2445 2699 2497 δὲ
2769 2445 2843 2513 τὸξ
2896 2445 3089 2514 μέσον·
3151 2443 3211 2494 τὸ
3269 2441 3366 2511 μὲν
3414 2441 3522 2511 γὰρ
3570 2439 3823 2508 ἀνάγκης

2153 2527 2322 2592 ἐστὶν,
2349 2529 2411 2581 τὸ
2439 2529 2496 2582 δέ
2522 2531 2911 2602 προαιρέσεως.
2943 2532 3056 2584 Οὑκ
3081 2531 3375 2592 ἐπιτάσσω,
3402 2528 3589 2598 φησὶν,
3633 2527 3720 2578 ἵνα
3744 2526 3816 2595 μή

2155 2613 2416 2686 βαρήσωο
2477 2619 2730 2688 παραινῶ
2779 2620 2871 2672 καὶ
2915 2617 3341 2688 συμϐουλεύωε,
3405 2617 3492 2668 ἵνα
3535 2615 3818 2680 ἐναγάγω.

2153 2699 2310 2754 Οὕτω
2333 2703 2427 2755 καὶ
2451 2705 2479 2756 6
2501 2705 2735 2774 Χριστός
2759 2721 2774 2734 ο
2802 2705 2903 2758 οὑκ
2925 2699 3068 2769 εἷπε,
3100 2705 3307 2767 Πάντες
3336 2704 3392 2756 δὲ
3415 2700 3782 2771 παρθενεύετε
3805 2717 3819 2729 ·

2153 2788 2202 2838 εί
2255 2788 2354 2857 μὲν
2415 2789 2524 2859 γάρ
2573 2790 2806 2855 ἐπέταξε
2857 2791 3207 2862 παρθενεύειν
3238 2794 3481 2853 ἅπαντας
3527 2789 3623 2842 καὶ
3657 2789 3825 2857 νόμον

2153 2875 2374 2946 ἐποίησε
2417 2878 2477 2930 τὸ
2517 2879 2874 2950 πρόσταγμα,
2915 2879 3041 2934 οὔτε
3097 2880 3447 2950 κατορθώσας
3500 2880 3566 2933 ἂν
3621 2879 3827 2946 πολλῆς

2154 2965 2431 3019 ἀπέλαυσε
2459 2968 2625 3038 τιμῆς
2660 2971 2792 3040 ὅσης
2825 2970 2950 3034 νῦν,
2977 2972 3070 3024 καὶ
3093 2972 3121 3023 ὀ
3155 2970 3504 3041 παρακούσας
3534 2969 3634 3038 τὴν
3657 2968 3825 3036 ἐσχὰο

2153 3073 2254 3122 την
2277 3059 2342 3112 ἂν
2375 3060 2541 3112 ἔδωκε
2579 3061 2755 3133 δίκην.
2793 3058 2945 3126 Εἶδες
2973 3063 3091 3126 πῶς
3119 3063 3274 3133 ἡμῶν
3314 3065 3342 3115 6
3370 3059 3667 3131 νομοθέτης
3704 3059 3824 3126 φεί-

2153 3144 2334 3213 δεται;
2377 3147 2494 3212 πῶς
2539 3150 2760 3219 κήδεται
2804 3151 2903 3220 τῆς
2937 3153 3204 3222 ἡμετέρας
3247 3149 3544 3220 σωτηρίας;
3584 3147 3678 3214 Μὴ
3715 3149 3823 3216 γὰρ

2155 3235 2255 3286 οὑκ
2289 3235 2508 3290 ἐδύνατο
2555 3239 2646 3290 καὶ
2685 3237 2841 3290 τοῦτο
2885 3237 3165 3308 ἐπίταγμα
3199 3237 3457 3306 ποιῆσαι,
3498 3235 3595 3288 καὶ
3646 3237 3825 3286 εἰπεῖν

2155 3323 2236 3375 ὅτι
2266 3320 2331 3377 Οἱ
2367 3324 2466 3393 μὲν
2511 3325 2934 3396 παρθενεύοντες
2972 3325 3352 3396 τιμάσθωσαν,
3383 3325 3432 3376 οί
3476 3323 3534 3376 δὲ
3567 3322 3644 3393 μὴ
3681 3339 3828 3394 παρο

2157 3410 2466 3476 θενεύοντες
2516 3413 2955 3480 κολαζέσθωσαν;
3022 3413 3161 3467 Ἀλλ’
3219 3413 3406 3482 ἐϐάρει
3462 3411 3562 3482 τὴν
3623 3411 3824 3478 φύσιν·

2157 3498 2394 3566 φείδεται
2436 3500 2534 3570 τῆς
2573 3501 2786 3569 φύσεως
2820 3502 2919 3570 τῆς
2953 3500 3246 3571 ἡμετέρας.
3307 3499 3542 3568 ’Λφῆκεν
3587 3497 3699 3563 ἔξω
3715 3497 3828 3548 τῶν

2160 3586 2406 3651 σταδίων,
2431 3589 2640 3657 ἀφῆκεν
2664 3588 2920 3659 ἀνωτέρω
2959 3588 3067 3640 τῶν
3103 3586 3329 3655 ἀγώνων
3346 3587 3442 3656 τὴν
3487 3583 3788 3654 παρθενίαν
3809 3625 3824 3644 ,

2158 3673 2245 3726 ἵνα
2297 3676 2391 3728 καὶ
2439 3677 2489 3728 οἱ
2540 3677 2931 3746 κατορθοῦντες
2991 3675 3090 3746 τὴν
3139 3674 3345 3727 οἰκείαν
3412 3672 3828 3742 μεγαλοψυχίαν

2157 3761 2558 3827 ἐπιδείξωνται,
2617 3763 2711 3816 καὶ
2758 3765 2808 3815 οί
2859 3763 2934 3833 μὴ
2987 3760 3378 3833 κατορθοῦντες
3424 3761 3523 3831 τῆς
3575 3759 3832 3826 συγγνώ-

2162 3861 2267 3918 μης
2314 3848 2659 3902 ἀπολαύσωσι
2708 3849 2802 3902 τοῦ
2853 3850 3146 3902 Δεσπότου.
3195 3848 3350 3902 Οὕτω
3398 3847 3492 3900 καὶ
3548 3846 3682 3916 περὶ
3728 3845 3828 3914 τῆς

2157 3935 2296 4006 ἀκτη
2306 3935 2542 4006 μοσύνης
2567 3937 2667 3989 οὑκ
2691 3937 2912 4006 ἐποίησε
2937 3937 2998 3989 τὸ
3027 3938 3258 4006 πρᾶγμα
3291 3935 3590 4004 ἐπίταγμα.
3617 3935 3694 3986 Οὑ
3719 3937 3831 4002 γάρ

2163 4022 2349 4086 ἁπλῶς
2377 4019 2498 4076 εἷπε
2519 4063 2532 4087 ,
2565 4023 2869 4091 Πώλησόν
2902 4041 3019 4077 σου
3053 4025 3123 4077 τὰ
3167 4023 3546 4091 ὑπάρχοντα,
3575 4020 3728 4084 ἀλλ’,
3763 4023 3833 4073 Εἰ

2159 4109 2352 4176 θέλεις
2377 4111 2604 4175 τέλειος
2632 4109 2804 4173 εἶναι,
2829 4112 3040 4180 ὕπαγε,
3072 4111 3362 4178 πώλησόν
3390 4125 3508 4164 σου
3539 4109 3616 4162 τὰ
3637 4109 3831 4176 ὑπάρ-

2159 4215 2364 4264 χοντα.
2423 4199 2512 4252 Ἑν
2560 4202 2626 4270 τῇ
2673 4198 2834 4270 βουλῇ
2884 4199 3084 4252 κείσθω
3119 4202 3186 4270 τῇ
3233 4201 3336 4268 σῇ,
3368 4197 3558 4268 κύριος
3599 4197 3696 4250 ἔσο
3729 4199 3829 4266 τῆς

2159 4284 2383 4355 γνώμης
2403 4301 2416 4314 '
2447 4286 2547 4340 οὑκ
2572 4285 2886 4354 ἀναγκάζω,
2909 4286 3028 4339 οὑδέ
3049 4285 3220 4356 βαρῶ,
3243 4283 3378 4337 ἀλλά
3399 4283 3833 4355 κατορθώσαντι

2165 4373 2262 4444 μὲν
2312 4374 2594 4444 στεφανῶ,
2649 4375 2722 4445 μὴ
2759 4373 3176 4444 κατορθώσαντα
3199 4372 3350 4444 [3‘22]
3386 4372 3442 4424 δὲ
3483 4373 3544 4424 οὗ
3586 4372 3829 4434 κολάζω.

2163 4461 2243 4514 Τά
2284 4463 2384 4530 μὲν
2416 4463 2523 4534 γάρ
2558 4463 2618 4527 ἐξ
2647 4465 2910 4533 ἐπιταγῆς
2951 4463 3208 4533 γινόμενα
3251 4462 3344 4515 καὶ
3372 4462 3430 4527 ἐξ
3466 4459 3720 4530 ὀφειλῆς,
3769 4463 3827 4513 οὐ

2161 4551 2413 4603 τοσοῦτον
2462 4549 2575 4620 ἔχει
2615 4551 2804 4620 μισθόν
2822 4568 2836 4581 ·
2876 4551 2944 4603 τά
2976 4550 3033 4602 δὲ
3057 4551 3121 4602 ἐκ
3147 4548 3518 4620 προαιρέσεως
3541 4549 3642 4600 καὶ
3665 4549 3728 4614 ἐξ
3751 4549 3830 4598 οἰ-

2161 4638 2316 4700 κείας
2358 4639 2667 4707 φιλοτιμίας
2715 4638 3000 4710 λαμπροὺς
3041 4637 3152 4707 ἔχει
3191 4637 3316 4699 τοὺς
3364 4637 3682 4702 στεφάνους.
3726 4637 3834 4688 Καὶ

2161 4726 2366 4780 τούτων
2401 4725 2616 4780 Παῦλον
2654 4727 2889 4798 παράγω
2934 4725 3214 4796 μάρτυροι⁸
3272 4722 3408 4778 Ἐὰν
3443 4723 3834 4791 εὐαγγελίω-

2154 4833 2282 4885 μαι,
2319 4817 2515 4887 φησὶν,
2542 4817 2652 4870 οὐκ
2677 4815 2808 4868 ἐστι
2835 4832 2935 4884 μοι
2976 4815 3274 4882 καύχημα.
3307 4811 3407 4864 Διά
3434 4811 3524 4877 τί;
3568 4811 3830 4879 Ἀνάγκη

2161 4903 2272 4974 γάρ
2296 4922 2397 4974 μοι
2419 4905 2722 4957 ἐπίκειται.
2747 4903 2893 4957 Οὐαὶ
2920 4901 2986 4955 δέ
3001 4904 3107 4970 μοι
3128 4902 3316 4964 ἐστιν,
3337 4901 3444 4953 ἐὰν
3469 4897 3556 4968 μὴ
3587 4902 3830 4966 eam.

2159 4991 2422 5061 λίζωμαι.
2461 4992 2656 5062 Ὁρᾷς,
2700 4991 2758 5042 ἐν
2802 4993 2915 5053 τοῖς
2944 4989 3130 5059 νόμοις
3155 4989 3183 5040 6
3210 4986 3308 5058 μέν
3338 4984 3702 5055 κατορθώσας
3733 4988 3830 5038 οὑκ

2161 5080 2273 5150 ἔχει
2301 5079 2467 5132 πολὺν
2509 5079 2727 5149 μισθόνο
2775 5078 2987 5146 ἀνάγκη
3023 5077 3130 5146 γάρ
3154 5077 3334 5128 ἐστιν·
3368 5075 3397 5126 6
3434 5073 3493 5126 δὲ
3526 5073 3607 5142 μὴ
3633 5091 3828 5143 κατορ-

2160 5166 2336 5230 θώσας
2364 5165 2663 5229 ὑπεύθυνός
2687 5166 2803 5217 ἐστι
2829 5167 2896 5235 τῇ
2924 5163 3142 5217 κολάσει
3169 5162 3262 5216 καὶ
3293 5162 3358 5231 τῇ
3380 5161 3646 5231 τιμωρίᾳ.
3685 5161 3828 5214 Οὐαί

2161 5255 2268 5326 γάρ
2289 5273 2390 5326 μοι
2411 5296 2425 5320 ,
2455 5254 2617 5324 φησὶν
2639 5295 2654 5318 ,
2681 5253 2788 5307 ἐὰν
2820 5252 2906 5320 μὴ
2948 5247 3421 5322 εὐαγγελίζωμαι.
3468 5249 3596 5301 Ἐπὶ
3630 5248 3689 5301 δὲ
3719 5248 3827 5301 τῶν

2161 5343 2335 5401 ἄλλων
2368 5345 2466 5414 οὐχ
2495 5343 2694 5410 οὔτως,
2733 5341 2828 5395 ἐπὶ
2860 5340 2969 5394 τῶν
3013 5342 3076 5393 ἐκ
3114 5338 3502 5410 προαιρέσεως,
3539 5336 3687 5390 ἀλλά
3744 5338 3825 5402 ei;

2168 5434 2255 5498 Τίς
2289 5429 2402 5488 οὖν
2431 5432 2536 5502 μοι
2576 5432 2746 5486 ἐστιν
2782 5434 2815 5484 ὁ
2850 5429 3103 5499 μισθός;
3136 5431 3268 5484 Ἵνα
3301 5426 3833 5496 εὐαγγελιζόμενος

2160 5521 2474 5574 ἀδάπανον
2498 5522 2664 5585 θήσω
2694 5519 2760 5573 τὸ
2783 5516 3150 5587 Εὐαγγέλιον
3176 5516 3284 5570 τοῦ
3315 5515 3484 5578 Θεοῦ,
3508 5516 3596 5580 εἰς
3638 5515 3703 5566 τὸ
3741 5512 3827 5582 μὴ

2227 5693 2242 5728 ι
2276 5691 2439 5739 ()ltob.
2467 5697 2521 5737 et
2548 5689 2742 5738 Barocc.
2784 5688 2943 5750 ᾛδειν
2972 5705 3026 5735 σε
3051 5689 3141 5737 ὅτι.

2227 5755 2253 5794 ⁸
2279 5752 2444 5803 Ollob.
2473 5754 2686 5807 παραινῶ
2713 5753 2762 5799 δὲ
2783 5754 2862 5798 καί
2890 5751 3030 5799 σνιισ.
