4066 6392
265 412 366 465 517

264 531 429 596 ipsum
457 527 855 577 momentaneunt
883 528 929 572 et
954 517 1057 571 leve
1082 513 1414 569 tribulationis
1443 524 1626 568 nostris
1674 530 1829 583 supra

267 621 468 674 modum
491 619 543 671 in
568 614 890 677 sublimitate,
914 620 1153 666 aeternum
1180 608 1358 678 gloria:
1381 607 1577 672 pondus
1597 617 1832 676 operatur

262 718 317 769 in
335 713 473 768 nobis
496 709 573 781 (2.
598 710 720 766 Cor.
745 709 798 762 4.
830 707 938 776 17).
970 703 1215 773 Ᾰὲηἰειηιι
1243 709 1324 755 est
1348 699 1492 769 quod
1517 699 1708 754 dicitur
1742 718 1754 751 :
1786 699 1832 754 si

265 802 633 867 tribulationis,
663 798 927 870 quomodo
958 798 1073 851 leve
1097 796 1121 847 ’ἐ
1141 795 1186 850 si
1217 794 1348 857 leve,
1379 790 1643 862 quomodo
1661 789 1826 844 tribu-

264 895 517 953 lationis?
556 896 671 949 hzcc
708 890 847 947 enim
874 894 1188 958 repugnant.
1249 883 1354 939 Sed
1384 882 1541 937 solvit
1580 882 1828 951 aenigma,

261 1005 379 1045 cum
418 1002 511 1057 per
544 983 865 1039 additionem
904 978 1137 1033 ostendit
1165 975 1447 1030 levitatem.
1474 972 1749 1039 Quomodo
1772 971 1829 1024 εἳ

263 1081 315 1136 Ν
320 1099 385 1135 οη
409 1082 513 1133 luet:
542 1093 652 1149 qua:
684 1076 910 1131 videntur
931 1073 1070 1127 nobis
1098 1072 1357 1125 dumtaxat
1378 1067 1826 1121 considerantibus.

262 1175 521 1229 Coronam
572 1168 881 1238 praposult,
933 1180 997 1219 ac
1054 1173 1322 1219 certamen
1379 1160 1494 1215 leve
1536 1158 1766 1212 reddidit
1811 1176 1822 1209 :

261 1264 492 1321 ostendit
514 1262 772 1324 bravium,
789 1266 843 1312 et
864 1255 1208 1311 desudantem
1236 1252 1434 1306 solatus
1453 1259 1552 1305 est.
1571 1248 1650 1302 Tu
1676 1261 1823 1315 ergo,

258 1372 378 1412 cum
408 1355 678 1408 mulierem
709 1349 903 1404 videris
928 1347 1234 1409 formosam,
1268 1342 1415 1396 vultu
1437 1340 1822 1410 splendentem,

260 1457 501 1502 ornatam
548 1443 703 1506 stola,
736 1455 855 1495 cum
889 1438 1084 1491 videris
1110 1434 1380 1489 libidinem
1427 1432 1743 1491 titillantem,
1773 1437 1826 1481 et

258 1545 473 1607 aspectu
516 1532 976 1601 concupiscentem
1030 1526 1259 1581 animam
1307 1540 1320 1575 :
1363 1521 1566 1591 respice
1597 1521 1826 1588 desuper

257 1637 481 1682 stantem
518 1639 789 1687 coronam,
823 1634 927 1690 quo
955 1620 1056 1673 tale
1108 1615 1464 1687 Spectaculunt
1514 1620 1822 1682 praetereas.

265 1721 442 1775 Vidisti
468 1715 799 1773 conservam?
819 1713 1096 1767 Dominum
1110 1708 1406 1773 considera,
1427 1716 1582 1774 atque
1608 1702 1825 1757 omnino

266 1812 507 1866 morbum
538 1804 768 1864 curaliis.
814 1803 869 1859 Si
916 1802 1055 1857 enim
1087 1800 1175 1870 qui
1217 1797 1459 1868 discipuli
1488 1796 1823 1866 pazdagogum

257 1911 565 1972 sequuntur,
590 1913 695 1953 non
720 1904 993 1965 vagantur,
1011 1907 1111 1946 n0n
1140 1893 1246 1945 otio
1269 1898 1497 1957 torpent,
1527 1904 1631 1941 non
1649 1885 1823 1939 studio

258 1996 551 2049 desistunt:
582 1990 748 2043 multo
801 1987 967 2057 magis
998 1994 1071 2047 tu,
1114 1984 1159 2035 si
1190 1980 1461 2036 Christum
1507 1978 1652 2048 quasi
1683 1990 1822 2046 prae-

260 2096 465 2141 sentem
487 2081 894 2153 cogitationibus
921 2077 1192 2140 intuearis,
1219 2073 1346 2127 nihil
1373 2071 1561 2126 horum
1587 2070 1820 2140 patieris.

267 2178 363 2242 Qui
379 2177 633 2230 mulierem
658 2173 832 2226 viderit
856 2172 923 2223 ad
942 2166 1389 2238 concupiscendum
1415 2180 1544 2227 eam,
1567 2163 1680 2232 jam
1703 2176 1824 2212 ma:-

256 2272 429 2325 chatus
458 2279 527 2323 est
557 2283 664 2321 eam
689 2267 739 2318 in
764 2265 911 2318 corde
936 2279 1025 2315 suo
1048 2261 1254 2333 (Matth.
1276 2260 1329 2313 5.
1354 2258 1467 2327 9.8).
1494 2255 1731 2311 Jucunde
1761 2268 1823 2307 ac

260 2362 452 2431 saepius
480 2360 609 2428 legis
643 2359 836 2426 scripta
876 2356 991 2424 lego
1017 2370 1030 2406 :
1064 2353 1261 2407 utinam
1293 2360 1346 2406 et
1375 2365 1469 2420 per
1495 2360 1658 2403 totum
1680 2348 1820 2402 diem

254 2456 320 2509 ad
346 2469 439 2507 vos
468 2450 655 2507 eadem
696 2448 852 2502 verba
883 2446 1058 2500 facere
1082 2458 1323 2513 possem:
1356 2443 1463 2495 imo
1490 2455 1593 2495 non
1619 2440 1685 2494 ad
1705 2453 1819 2501 vos,

254 2547 347 2600 sed
398 2543 468 2598 ad
495 2557 587 2598 eos
611 2542 701 2611 qui
750 2540 979 2609 peccatis
1027 2544 1153 2591 sunt
1183 2534 1398 2589 obnoxii
1428 2551 1441 2598 ;
1474 2534 1580 2586 imo
1633 2532 1699 2585 ad
1729 2546 1823 2585 vos

252 2650 463 2707 quoque
484 2650 499 2687 :
524 2647 645 2687 natu
668 2647 762 2686 vos
787 2630 1045 2684 lirmiores
1074 2628 1283 2692 essetis,
1317 2635 1371 2680 et
1398 2624 1484 2693 qui
1516 2623 1704 2677 morbo
1747 2622 1825 2675 la—

253 2730 465 2794 borant,
496 2725 563 2780 ad
590 2729 870 2779 sanitatem
900 2721 1056 2776 citius
1095 2719 1349 2774 redirent.
1384 2717 1482 2784 Qui
1506 2714 1683 2769 viderit
1708 2729 1821 2765 mu-

254 2821 423 2873 lierem
450 2818 517 2871 ad
536 2816 980 2886 concupiscendum
1002 2828 1130 2878 eam,
1169 2813 1283 2881 jam
1322 2809 1594 2863 niteo/tatus
1618 2814 1689 2859 est
1716 2821 1824 2857 eam

253 2916 304 2967 in
324 2913 475 2966 corde
500 2927 611 2964 suo.

327 3006 380 3059 5.
423 3003 703 3059 Sufﬁciunt
734 3000 803 3055 ad
835 3013 1045 3053 omnem
1078 2996 1275 3067 peccati
1306 2994 1547 3049 morbum
1591 3006 1823 3062 purgan-

255 3098 380 3153 dum
412 3096 551 3150 nuda
575 3094 689 3148 hinc
709 3092 865 3147 verba
895 3091 1133 3146 recitata.
1161 3087 1264 3143 Sed
1290 3085 1545 3156 ignoscite
1572 3100 1587 3137 :
1610 3084 1825 3137 vulnera

260 3206 565 3262 purgamus,
595 3189 811 3241 vulnera
842 3198 964 3239 vero
990 3190 1297 3253 purgantem
1328 3192 1547 3233 necesse
1575 3186 1657 3231 est
1681 3191 1825 3230 ama-

257 3300 346 3339 ras
383 3284 670 3337 medicinas
714 3282 1006 3349 imponere.
1052 3278 1257 3343 Quanto
1285 3288 1410 3326 vero
1440 3271 1604 3340 magis
1647 3277 1825 3338 porta-

258 3377 379 3431 bitis
407 3375 567 3429 verba
593 3414 607 3439 ,
640 3380 786 3426 tanto
830 3369 994 3439 magis
1021 3366 1326 3437 purgabitur
1354 3364 1517 3417 virus.
1562 3359 1825 3429 Quemad-

261 3467 474 3520 modum
503 3467 641 3519 enim
674 3463 808 3532 ignis
836 3472 1022 3515 natura
1050 3467 1246 3527 quanto
1286 3456 1449 3525 magis
1478 3454 1591 3508 auri
1627 3462 1829 3505 natura:

257 3556 569 3617 eohmrebit,
616 3562 762 3607 tanto
795 3553 963 3622 magis
1008 3550 1301 3619 rubiginem
1340 3548 1600 3602 consumit
1632 3563 1645 3599 :
1673 3545 1748 3599 sic
1776 3554 1830 3598 et

262 3648 514 3701 horumce
542 3644 820 3699 verborum
851 3644 1010 3695 tinior
1039 3650 1232 3710 quanto
1262 3639 1426 3708 magis
1451 3648 1640 3691 vestrae
1666 3635 1827 3690 meriti

262 3738 613 3807 imprimetur,
646 3744 790 3789 tanto
830 3734 996 3803 magis
1038 3740 1306 3802 peccatum
1342 3730 1680 3799 impudicitizc
1706 3744 1831 3798 pur-

259 3829 421 3898 gabit.
456 3828 551 3882 Hic
580 3828 698 3897 igne
724 3829 1108 3887 examinemus,
1138 3825 1300 3879 verbo
1326 3824 1527 3877 scilicet
1551 3822 1825 3886 doctrina»,

262 3934 366 3990 quo
397 3920 568 3973 minus
608 3920 776 3987 ipsum
802 3933 1051 3987 cogamur
1078 3914 1379 3970 examinare
1405 3914 1659 3983 gehenme
1691 3914 1825 3982 igne.

261 4015 392 4067 Nam
423 4024 689 4083 purgatam
714 4013 942 4066 animam
969 4009 1090 4064 hinc
1116 4011 1396 4064 abeuntem
1428 4009 1515 4062 ille
1542 4023 1645 4061 non
1677 4008 1831 4061 lcedet

263 4106 399 4176 ignis
424 4123 437 4171 ;
465 4121 580 4160 eam
611 4114 783 4159 autem
811 4120 929 4174 quae
953 4118 1073 4157 cum
1104 4102 1331 4171 peccatis
1360 4100 1479 4155 hinc
1505 4101 1713 4165 abierit,
1746 4101 1831 4156 ille

266 4198 400 4268 ignis
428 4199 676 4266 excipiet.
712 4196 1113 4264 Uniuscujusque
1138 4195 1269 4247 enim
1294 4210 1418 4262 opus
1447 4195 1613 4263 quale,
1642 4194 1827 4262 inquit,

262 4291 362 4354 sit,
394 4289 523 4359 ignis
553 4288 776 4357 probabit
804 4286 822 4360 ς
829 4286 879 4340 1.
905 4286 1020 4339 Cor.
1045 4284 1097 4338 5.
1126 4285 1250 4353 15).
1286 4284 1572 4339 l’robemus
1600 4293 1833 4338 nosmet-

262 4384 408 4453 ipsos
450 4394 589 4434 nunc
632 4379 747 4434 sine
789 4378 1006 4443 dolore,
1036 4391 1139 4447 quo
1187 4391 1285 4431 nec
1326 4391 1444 4430 cum
1483 4376 1664 4429 dolore
1709 4384 1833 4429 tunc

266 4472 569 4540 probemur.
593 4468 854 4538 Quidquid
874 4467 1094 4531 dixeris,
1119 4468 1303 4536 inquit,
1328 4466 1586 4520 laboriosa
1613 4474 1695 4519 est
1720 4465 1830 4518 lex.

261 4564 398 4630 Quid
438 4563 636 4633 igitur?
682 4560 1024 4629 impossibilia
1065 4561 1276 4613 mandat
1314 4560 1464 4614 nobis
1493 4557 1833 4627 Deus?Non,

262 4658 474 4725 inquam
500 4654 836 4720 ;obmutesce
860 4654 902 4715 ',
935 4666 1105 4720 neque
1134 4651 1407 4703 Dominum
1436 4665 1650 4705 accuses
1681 4667 1693 4702 :
1728 4665 1831 4703 non

262 4748 405 4800 enim
434 4746 517 4799 hic
541 4744 897 4799 excusationis
924 4742 1129 4807 modus,
1156 4742 1248 4795 sed
1280 4742 1480 4810 peccati
1505 4741 1834 4795 additamen-

266 4849 377 4891 tum
422 4837 582 4905 priori
630 4834 796 4904 pejus.
841 4834 991 4900 Quod
1039 4840 1214 4886 autem
1246 4843 1579 4901 peccatorum
1625 4831 1833 4901 plurimi

262 4927 640 4982 conSueverint
683 4926 734 4979 in
766 4926 1042 4979 Dominum
1091 4938 1213 4978 suas
1259 4924 1622 4978 accusationes
1661 4932 1831 4977 retor-

260 5033 444 5089 quere,
477 5020 619 5072 audi.
668 5018 903 5071 Accessit
929 5016 1019 5069 ille
1058 5016 1139 5070 cui
1172 5015 1362 5068 talenta
1391 5018 1619 5084 quinque
1647 5015 1832 5068 tradita

261 5111 503 5176 fuerant,
532 5120 585 5164 et
608 5111 707 5163 alia
747 5110 976 5178 quinque
1003 5107 1176 5160 attulit
1205 5125 1218 5160 :
1246 5107 1469 5161 accessit
1496 5107 1576 5159 cui
1616 5106 1751 5169 duo,
1782 5115 1836 5159 et

262 5202 366 5254 alia
391 5201 496 5254 duo
520 5202 694 5254 attulit
725 5218 737 5253 :
771 5201 994 5253 accessit
1019 5200 1101 5251 cui
1134 5214 1293 5251 unum
1323 5197 1418 5250 fuit
1446 5197 1704 5252 creditmn
1726 5238 1740 5262 ,
1781 5206 1835 5250 ct

265 5292 517 5358 quntiiam
547 5305 652 5344 non
684 5290 865 5343 habuit
894 5290 1144 5342 talentum
1172 5287 1311 5341 aliud
1337 5288 1475 5357 quod
1504 5288 1694 5353 ferret,
1739 5303 1835 5355 pro

263 5382 464 5435 talento
489 5381 876 5436 accusationem
899 5381 1095 5439 attulit.
1122 5378 1433 5444 Quomodo?
1463 5377 1615 5443 Novi,
1645 5379 1832 5447 inquit,

260 5471 397 5541 quod
420 5481 649 5524 austeras
674 5472 743 5525 sis
765 5468 973 5537 (Matth.
996 5470 1084 5524 95.
1106 5470 1219 5540 24).
1248 5468 1292 5523 Ο
1318 5468 1453 5523 servi
1484 5470 1831 5538 proterviam!

329 5644 345 5674 ¹
381 5650 482 5693 Duo
500 5646 689 5711 uss._sic
708 5643 881 5711 legunt
903 5643 1031 5711 hunc
1050 5640 1206 5711 locum
1231 5641 1473 5711 :ostendit
1496 5640 1744 5711 levitatem,
1768 5642 1836 5691 le-

261 5701 806 5827 zuugnteglggbulationis.
823 5704 1060 5765 quomodo
1075 5702 1219 5765 igitur
1237 5709 1305 5752 est
1322 5701 1635 5754 tribulationis
1655 5702 1834 5764 levitas,

327 5830 349 5859 ⁸
378 5829 560 5887 Uttob.,
581 5824 719 5876 obedi
739 5833 784 5876 et
805 5824 1095 5885 obmutesce;
1112 5838 1206 5874 non
1229 5824 1373 5875 male.

592 5909 859 5972 ΡΑτιιοι..
908 5914 1023 5973 Gn.
1070 5916 1286 5976 XLIX.

1390 357 1477 453 ne
1513 398 1972 458 POENITEN'I‘IA.
2017 403 2239 460 nomn.
2288 404 2372 459 vi.

3397 409 3498 463 318

1940 529 2045 571 non
2071 525 2349 573 contentus
2377 525 2592 587 peccato
2616 518 2773 574 etiam
2801 528 2983 574 contra
3012 518 3283 575 dominum
3322 532 3503 576 statuit

1938 612 2325 667 accusationem
2356 631 2368 666 :
2397 611 2593 666 Metens
2633 613 2717 665 ubi
2761 629 2860 666 non
2904 615 3193 680 seminasti,
3234 624 3278 667 et
3325 614 3501 667 tollens

1937 701 2069 769 quod
2093 717 2191 755 non
2220 702 2494 772 dispersisti
2518 702 2666 773 (Luc.
2691 704 2777 758 19.
2798 701 2910 773 21).
2954 702 3040 757 Sic
3078 712 3133 758 et
3173 703 3224 756 in
3256 702 3502 772 praesenti

1936 791 2041 845 vita
2088 802 2342 862 quotquot
2388 793 2517 847 nihil
2564 804 2849 863 operantur
2892 794 3035 857 boni,
3086 793 3501 848 additamentum

1935 882 2192 937 malorum
2242 898 2457 938 suorum
2512 882 2711 939 faciunt
2739 926 2755 951 ,
2804 884 3194 939 accusationem
3244 884 3501 940 adversus

1934 973 2235 1030 Dominum.
2384 986 2386 989 '

2003 1064 2141 1119 Deus
2171 1067 2367 1120 nonnisi
2404 1067 2659 1137 possibilia
2684 1066 2909 1119 mandat.
2932 1095 3001 1105 —
3025 1064 3367 1135 Nequaquam
3402 1065 3500 1135 igi-

1933 1162 2018 1209 tur
2058 1155 2337 1209 Dominum
2390 1156 2596 1210 incuses
2634 1174 2646 1211 :
2684 1156 2822 1209 haud
2870 1154 3083 1210 mandat
3134 1156 3496 1224 impossibilia.

1934 1245 2023 1299 Vis
2058 1245 2265 1301 discere
2295 1247 2466 1315 ipsum
2504 1263 2608 1300 non
2640 1247 2889 1302 mandare
2930 1246 3315 1315 impossibilia?
3352 1247 3498 1300 Multi

1929 1345 1982 1391 et
2010 1338 2118 1407 ipsa
2146 1348 2395 1407 superant
2419 1340 2699 1404 mandata;
2730 1349 2784 1393 at
2809 1340 2852 1393 si
2879 1339 3222 1407 impossibilia
3251 1340 3494 1401 fuissent,

1930 1446 2033 1484 non
2079 1446 2173 1486 sua
2214 1439 2403 1501 sponte
2441 1439 2797 1500 superassent.
2828 1430 3194 1500 Virginitatem
3237 1444 3495 1499 nusquam

1930 1522 2163 1589 mandat,
2197 1532 2252 1577 et
2276 1524 2417 1577 illam
2444 1523 2594 1577 multi
2623 1533 2834 1577 servant
2867 1542 2881 1577 :
2915 1524 2966 1576 in
2998 1522 3151 1577 bonis
3176 1522 3300 1574 nihil
3331 1522 3497 1590 possi-

1927 1612 2053 1667 dere
2081 1628 2338 1682 nusquam
2365 1614 2613 1680 mandat,
2643 1624 2697 1668 et
2718 1629 2747 1667 a
2777 1628 2834 1667 se
2859 1614 3123 1683 propriam
3152 1613 3495 1666 substantiam

1930 1702 2079 1755 multi
2104 1703 2374 1772 abjiciunt,
2405 1704 2532 1773 ipsis
2558 1704 2805 1773 operibus
2828 1704 3107 1757 rcddentes
3137 1702 3494 1756 testimonium

1926 1793 2126 1863 legibus
2147 1795 2511 1849 mandatorum
2536 1795 2710 1849 inesse
2731 1794 2947 1848 multum
2972 1794 3234 1849 facilitatis
3257 1810 3271 1846 :
3296 1809 3496 1863 nequa-

1926 1900 2080 1952 quam
2108 1885 2247 1939 enim
2278 1896 2613 1953 superassent
2643 1901 2725 1950 ea,
2756 1886 2853 1939 nisi
2880 1885 3068 1949 facilia,
3098 1900 3215 1954 quae
3245 1886 3493 1938 mandata

1926 1984 2070 2041 sunt,
2096 1986 2295 2030 essent.
2326 1975 2441 2030 Non
2469 1976 2733 2030 mandavit
2755 1976 3107 2045 virginitatem
3144 1994 3156 2027 :
3187 1989 3307 2028 nam
3337 1974 3495 2043 virgi-

1926 2068 2146 2120 nitatem
2189 2067 2276 2135 qui
2322 2068 2553 2133 mandat,
2588 2068 2884 2122 necessitati
2928 2067 3057 2137 legis
3098 2066 3307 2134 sulijicit
3331 2065 3492 2119 etiam

1927 2172 2031 2210 non
2062 2158 2362 2221 volentem;
2403 2158 2492 2226 qui
2523 2172 2647 2211 vero
2688 2156 2969 2221 admonet,
3001 2156 3292 2209 auditorem
3328 2155 3491 2208 relin-

1927 2251 2039 2320 quit
2076 2250 2345 2304 dominum
2383 2250 2609 2319 propriae
2636 2250 2935 2303 voluntatis.
2979 2248 3262 2316 Propterea
3299 2246 3493 2301 Paulus

1927 2341 2092 2410 inquit
2125 2359 2137 2394 :
2172 2340 2249 2394 De
2292 2342 2561 2412 virginibus
2606 2350 2769 2393 autem
2808 2350 3108 2409 prwceptum
3152 2338 3356 2391 Domini
3392 2355 3492 2390 non

1925 2434 2116 2498 habeo;
2142 2433 2405 2487 consilium
2434 2442 2597 2485 autem
2623 2434 2686 2485 do
2715 2431 2789 2501 (1.
2815 2429 2930 2486 Cor.
2955 2432 3007 2484 7.
3029 2430 3142 2501 25).
3174 2430 3361 2484 Cernis
3385 2445 3491 2483 non

1927 2523 2250 2586 mandatum,
2297 2523 2390 2579 sed
2433 2523 2754 2577 consilium?
2804 2524 2976 2578 cernis
3014 2540 3116 2576 non
3148 2530 3489 2592 praeceptum,

1926 2611 2021 2668 sed
2051 2613 2500 2669 admonitionem?
2538 2614 2752 2668 Multum
2796 2623 2877 2669 est
2919 2614 3292 2668 intermedium
3322 2632 3333 2665 :
3363 2615 3493 2667 alte-

1927 2721 2040 2759 rum
2068 2706 2398 2761 necessitatis
2423 2715 2535 2772 est,
2575 2708 2797 2761 alterum
2830 2711 3135 2766 voluntatis.
3163 2714 3282 2769 Non
3310 2720 3494 2785 pracci-

1927 2796 2037 2866 pio,
2068 2796 2266 2865 inquit,
2303 2805 2358 2850 ut
2386 2812 2490 2852 non
2516 2812 2728 2852 onerem
2760 2817 2774 2851 :
2804 2814 2995 2855 moneo
3022 2812 3076 2855 et
3099 2806 3376 2860 consilium
3400 2808 3491 2877 do,

1928 2896 1985 2941 ut
2020 2888 2268 2942 alliciam.
2309 2888 2396 2943 Sic
2424 2895 2477 2943 et
2504 2887 2743 2943 Christus
2775 2908 2788 2944 :
2821 2905 2925 2945 non
2954 2892 3085 2948 dixit
3116 2913 3127 2947 :
3162 2896 3357 2951 Omnes
3384 2899 3493 2951 vir-

1926 2976 2194 3046 ginitatem
2222 2988 2454 3034 servate.
2485 2978 2615 3033 Nam
2643 2980 2687 3034 si
2728 2982 3033 3038 mandasset
3058 3000 3246 3041 omnes
3276 2989 3493 3058 virgini-

1929 3079 2089 3125 tatem
2139 3080 2339 3136 tenere,
2386 3080 2439 3125 et
2482 3072 2652 3141 legem
2696 3074 2948 3129 voluisset
2991 3091 3111 3132 esse
3155 3091 3493 3150 praeceptum,

1928 3163 2011 3219 his
2049 3164 2303 3219 obediens
2341 3165 2449 3233 jam
2496 3181 2601 3219 non
2641 3165 2843 3222 honore
2887 3177 3030 3222 tanto
3059 3170 3398 3239 dignaretur,
3444 3184 3497 3228 et

1929 3255 2241 3310 inobediens
2271 3271 2452 3325 pcenas
2480 3256 2713 3313 dedisset
2738 3259 2992 3328 ingentes.
3026 3261 3211 3316 Vidisti
3239 3265 3495 3333 quemad-

1929 3347 2141 3401 modum
2169 3348 2319 3402 nobis
2347 3350 2513 3416 parcit
2540 3350 2849 3419 legislator?
2878 3354 3141 3421 quomodo
3182 3367 3357 3411 nostra
3389 3360 3498 3412 sol-

1930 3440 2101 3495 licitus
2126 3452 2206 3495 est
2231 3456 2328 3510 pro
2354 3442 2564 3496 salute?
2602 3442 2868 3513 Numquid
2897 3460 3000 3498 non
3034 3459 3238 3514 paterat
3266 3458 3321 3501 et
3360 3466 3497 3519 pra:-

1931 3542 2140 3601 ceptum
2186 3536 2287 3587 hoc
2337 3549 2569 3603 ponere,
2617 3549 2679 3588 ac
2726 3537 2903 3590 dicere
2945 3554 2959 3590 :
3003 3538 3102 3605 Qui
3145 3540 3496 3609 virginitatem

1932 3632 2252 3692 sequentur,
2304 3622 2629 3678 honorentur
2658 3642 2670 3676 :
2700 3625 2788 3693 qui
2821 3640 2945 3679 vero
2988 3642 3092 3681 non
3114 3670 3128 3695 ,
3173 3631 3499 3700 puniantur?

1932 3713 2034 3769 Sed
2060 3725 2336 3769 onerasset
2381 3723 2620 3769 naturam
2652 3734 2664 3768 :
2694 3716 2860 3784 parcit
2902 3732 3028 3787 ergo
3057 3727 3258 3775 natura:
3283 3733 3499 3778 nostrae.

1933 3805 2142 3865 Dimisit
2178 3816 2323 3860 extra
2348 3808 2595 3872 stadium,
2624 3806 2821 3861 dimisit
2846 3810 3172 3876 superiorem
3200 3815 3500 3869 certamini-

1932 3900 2031 3954 bus
2077 3899 2468 3969 virginitatem,
2514 3914 2617 3969 quo
2666 3909 2721 3954 et
2765 3915 2881 3954 eam
2933 3903 3181 3970 praeclare
3230 3916 3498 3961 servantes

1933 4008 2082 4047 suam
2111 3993 2590 4060 magnanimitatem
2621 3993 2902 4046 ostendant
2931 4010 2943 4046 :
2973 4010 3077 4047 non
3105 4007 3380 4051 servantes
3413 4014 3497 4053 ve.

1933 4102 1993 4140 ro
2013 4126 2027 4150 ,
2063 4085 2271 4139 Domini
2316 4083 2637 4154 indulgentia
2662 4084 2803 4153 digni
2834 4084 3142 4139 habeantur.
3182 4086 3270 4141 Sic
3295 4098 3346 4142 et
3370 4103 3503 4158 pau-

1935 4186 2194 4246 pertatem
2224 4192 2329 4229 non
2374 4176 2550 4245 posuit
2579 4175 2629 4229 in
2662 4185 2959 4244 prmcepto,
2988 4192 3159 4246 neque
3199 4178 3506 4247 simpliciter

1935 4269 2066 4323 dixit
2096 4287 2109 4322 :
2140 4268 2321 4324 Vende
2358 4284 2474 4337 qua:
2501 4267 2664 4323 habes
2697 4286 2709 4321 :
2739 4269 2832 4322 sed
2854 4308 2867 4332 ,
2902 4268 2961 4322 Si
2990 4269 3063 4321 vis
3100 4272 3345 4339 perfectas
3379 4288 3502 4335 esse,

1933 4361 2078 4424 vade,
2098 4371 2143 4412 et
2186 4359 2341 4413 vende
2376 4376 2485 4429 qua:
2521 4359 2670 4413 habes
2709 4360 2932 4428 (Matth.
2960 4360 3044 4415 19.
3069 4360 3188 4430 21).
3232 4362 3290 4416 1η
3320 4372 3408 4416 tua
3436 4364 3504 4418 sit

1936 4451 2205 4506 voluntate
2231 4450 2412 4514 situm,
2436 4450 2681 4505 dominus
2706 4459 2819 4505 esto
2843 4451 3048 4505 consilii
3078 4452 3151 4505 tui
3178 4470 3189 4504 :
3220 4468 3322 4506 non
3349 4468 3503 4523 cogo,

1936 4557 2041 4595 non
2084 4556 2245 4610 gravo
2268 4582 2284 4608 ,
2330 4541 2422 4595 sed
2465 4541 2847 4595 custodientem
2889 4541 3098 4610 quidem
3130 4557 3365 4608 corono,
3399 4560 3505 4598 non

1935 4633 2316 4687 custodientem
2338 4640 2514 4685 autem
2537 4647 2640 4685 non
2668 4632 2847 4700 punio.
2880 4632 3011 4685 Nam
3037 4648 3097 4686 ea
3124 4650 3241 4702 qum
3266 4649 3330 4689 ex
3358 4650 3506 4689 man-

1937 4726 2092 4791 dato,
2120 4739 2303 4793 quaeve
2328 4739 2394 4778 ex
2430 4724 2607 4778 debito
2641 4723 2769 4778 liunt
2790 4765 2803 4789 ,
2837 4727 3109 4793 prtemium
3135 4728 3240 4795 jam
3272 4744 3377 4783 non
3405 4730 3507 4783 tale

1936 4824 2330 4884 consequuntur
2362 4833 2375 4869 :
2402 4831 2520 4884 quae
2548 4831 2612 4870 ex
2634 4817 2905 4872 voluntate
2935 4827 2988 4872 et
3014 4820 3303 4887 proposito,
3332 4821 3507 4890 splen-

1936 4905 2086 4959 didas
2114 4920 2338 4959 coronas
2385 4907 2697 4976 suscipiunt.
2746 4909 2916 4977 Atque
2946 4908 3133 4964 horum
3175 4910 3393 4965 Paulum
3424 4913 3507 4967 in-

1937 4996 2124 5050 ducam
2157 5005 2345 5051 testem
2381 5014 2393 5049 :
2422 4997 2483 5051 Si
2508 4999 2925 5068 wangelizavero,
2957 5001 3141 5068 inquit,
3166 5018 3262 5054 non
3290 5012 3361 5055 est
3388 5005 3510 5057 mihi

1937 5088 2189 5157 gloriatio.
2234 5087 2452 5154 Quare?
2491 5087 2776 5141 Necessitas
2805 5089 2934 5141 enim
2975 5090 3097 5141 milii
3139 5090 3374 5160 imposita
3416 5103 3507 5147 est.

1950 5177 2035 5231 Va:
2059 5188 2221 5230 autem
2250 5178 2371 5230 mihi
2398 5188 2496 5242 est,
2526 5178 2621 5231 nisi
2649 5179 3047 5248 euangelizavero
3072 5182 3147 5249 (l.
3170 5181 3287 5234 Cor.
3313 5182 3370 5236 9.
3398 5184 3507 5249 16).

1937 5269 2122 5323 Cernis
2148 5270 2198 5322 in
2228 5264 2429 5337 legibus
2456 5268 2597 5323 hunc
2616 5268 2827 5337 quidem
2858 5270 3224 5324 observantem
3252 5286 3354 5337 non
3377 5273 3511 5325 mul-

1939 5368 2049 5413 tum
2072 5358 2268 5413 habere
2295 5360 2497 5428 praemii
2521 5377 2534 5411 :
2560 5361 2849 5415 necessitas
2872 5362 3013 5414 enim
3039 5371 3155 5427 est;
3188 5376 3308 5415 eum
3334 5373 3508 5416 autem

1940 5454 2028 5521 qui
2062 5469 2166 5507 non
2211 5453 2492 5518 observat,
2522 5467 2671 5507 reum
2709 5468 2829 5507 esse
2873 5454 3131 5522 supplicio
3160 5463 3212 5508 et
3236 5454 3463 5508 vindicta
3494 5471 3509 5507 :

1950 5541 2037 5596 Va:
2062 5544 2191 5596 enint
2218 5554 2288 5595 est
2318 5543 2441 5595 mihi
2466 5544 2562 5595 nisi
2592 5544 3009 5612 euangelizavero.
3048 5544 3099 5595 In
3130 5544 3335 5597 caneris
3361 5559 3508 5608 vero,

1940 5650 2057 5703 QUlB
2083 5650 2147 5687 ex
2176 5635 2444 5701 pronosito
2464 5675 2479 5701 ,
2522 5650 2626 5688 non
2656 5635 2732 5688 sic
2751 5674 2766 5699 ,
2806 5635 2899 5688 sed
2940 5634 3107 5703 quid?
3147 5634 3273 5699 Qua:
3299 5646 3369 5689 est
3393 5652 3511 5706 ergo

1941 5740 2125 5777 merces
2163 5725 2320 5779 mea?
2367 5724 2434 5778 Ut
2475 5726 2782 5795 evangelium
2813 5726 3091 5795 praedicans
3114 5768 3131 5792 ,
3170 5728 3277 5780 sine
3313 5740 3512 5796 sumptu

1947 5831 2129 5885 ponam
2160 5816 2465 5885 evangelium
2495 5814 2628 5883 Dei,
2672 5826 2853 5870 utnon
2901 5816 3079 5870 abutar
3126 5826 3363 5879 potestate
3404 5835 3513 5874 mea

3072 5914 3149 5976 20
