4066 6392
561 410 663 466 519

562 529 636 598 (l.
662 523 776 578 Cor.
800 521 854 579 9.
883 520 1005 590 l8).
1025 520 1099 575 lbi
1129 518 1212 574 lex
1237 527 1374 584 erat,
1399 526 1674 588 pr0pterea
1700 514 1959 571 mercedis
1989 509 2126 566 mul-

563 627 672 672 tum
721 631 826 671 non
875 614 1057 668 habuit
1095 630 1108 666 ε
1151 611 1236 665 hic
1277 611 1626 680 prepositum,
1669 622 1834 678 quare
1874 603 2133 659 mercedis

561 711 786 765 multum
823 707 1022 761 habuit.

634 802 688 854 4.
722 798 826 853 Lex
851 797 947 850 Dei
977 806 1138 866 potest
1177 795 1384 850 servari.
1411 823 1481 833 —
1508 793 1632 846 Haec
1659 807 1688 846 a
1717 806 1801 846 me
1827 790 2002 845 omnia
2032 802 2135 842 non

564 894 615 946 in
657 906 878 946 vacuum
923 889 1061 943 dicta
1109 896 1254 952 sunt,
1302 886 1396 942 sed
1439 885 1632 940 divinas
1680 884 1811 953 legis
1852 883 2040 952 gratia,
2083 889 2140 934 ut

566 981 840 1036 ostendam
869 995 1080 1051 gravem
1110 995 1212 1033 non
1239 992 1378 1044 esse,
1407 992 1513 1031 non
1555 990 1672 1030 esse
1699 989 2000 1039 onerosam,
2034 987 2140 1027 non

568 1075 920 1138 laboriosam,
964 1086 1134 1140 neque
1173 1068 1571 1139 impossibilem.
1603 1067 1714 1136 Age
1743 1081 1867 1120 vero
1913 1080 1975 1120 ex
2014 1063 2142 1132 ipsis

565 1165 761 1220 Christi
787 1164 965 1218 verbis
1011 1163 1111 1216 hoc
1153 1163 1324 1230 ipsum
1351 1159 1792 1214 demonstremus.
1843 1156 1942 1223 Qui
1969 1154 2144 1208 viderit

568 1254 829 1308 mulierem
865 1253 932 1305 ad
972 1250 1424 1320 concupiscendum
1451 1265 1592 1314 eam,
1624 1249 1737 1317 jam
1772 1247 2045 1300 mtechatus
2073 1252 2145 1298 est

569 1364 679 1402 eam
721 1347 775 1399 in
814 1345 962 1399 corde
1004 1361 1094 1398 suo
1140 1343 1356 1413 (Matth.
1380 1341 1587 1411 5.28).
1631 1340 1770 1395 Vidit
1812 1339 1966 1394 simul
2011 1349 2063 1393 et
2093 1338 2143 1392 id

571 1439 743 1506 ipsum
771 1435 1015 1490 Christus
1037 1476 1051 1499 ,
1084 1435 1279 1489 multos
1323 1433 1451 1503 legis
1477 1431 1841 1486 difﬁcultatem
1871 1439 2146 1484 accusatu-

573 1546 660 1584 ros
687 1547 699 1582 :
731 1537 1049 1598 quapropter
1076 1542 1192 1582 eam
1220 1525 1358 1580 haud
1385 1525 1580 1579 nudam
1597 1565 1612 1588 ,
1655 1538 1828 1594 neque
1852 1522 2144 1592 simplicem

574 1618 808 1683 induxit,
841 1633 1014 1687 neque
1050 1617 1215 1671 solam
1249 1636 1261 1670 :
1303 1615 1395 1670 sed
1426 1616 1654 1684 antiquae
1679 1614 1810 1684 legis
1838 1612 2146 1668 memoriam

575 1708 807 1774 reduxit,
830 1723 858 1761 a
880 1707 1273 1776 comparatione
1293 1706 1598 1761 facilitatem
1626 1705 1767 1760 illius
1790 1714 1947 1774 atque
1973 1704 2151 1758 huma-

578 1800 795 1852 nitatem
821 1814 970 1853 suam
1016 1798 1264 1853 ostendit.
1314 1796 1589 1865 Quomodo
1617 1804 1829 1862 autem,
1872 1795 2146 1852 attendite.

576 1889 690 1944 Non
721 1891 860 1944 enim
901 1889 1210 1959 simpliciter
1250 1889 1412 1952 dixit,
1445 1889 1545 1955 Qui
1584 1888 1760 1941 viderit
1801 1889 2056 1940 mulierem
2083 1887 2150 1940 ad

577 1980 1028 2048 concupiscendum
1058 1996 1167 2032 eam
1187 2021 1200 2044 ,
1237 1979 1351 2048 jam
1378 1979 1649 2033 nunc/tatus
1677 1987 1748 2032 est
1785 1994 1894 2032 eam
1922 1979 1975 2031 in
2001 1982 2150 2032 corde

576 2088 667 2126 suo
694 2071 803 2144 (hic
826 2071 1109 2143 diligenter
1135 2069 1410 2143 attendite)
1437 2088 1451 2137 ;
1481 2071 1573 2125 sed
1599 2070 1743 2139 prius
1769 2070 1998 2140 antiqua:
2023 2069 2151 2139 legis

577 2163 952 2228 reminiscitur,
978 2163 1160 2217 dicens
1185 2178 1198 2214 :
1222 2162 1446 2216 Audistis
1470 2164 1589 2231 quia
1613 2162 1798 2214 dictum
1818 2170 1889 2214 est
1912 2160 2148 2231 antiquis,

581 2251 701 2307 Non
727 2253 1048 2308 machaberis
1078 2251 1268 2323 (Exod.
1286 2252 1374 2307 20.
1401 2251 1524 2323 ll);
1551 2268 1640 2323 ego
1665 2263 1830 2306 autem
1850 2252 1961 2306 dico
1987 2252 2148 2305 vobis:

581 2345 756 2400 Omnis
796 2346 882 2415 qui
931 2345 1104 2399 viderit
1137 2345 1395 2398 mulierem
1433 2345 1501 2398 ad
1543 2343 1992 2414 concupiscendum
2019 2360 2149 2408 eam,

576 2436 684 2503 jam
707 2435 979 2489 moechatus
1007 2445 1079 2489 est
1107 2451 1217 2490 eam
1260 2436 1314 2489 in
1354 2435 1503 2490 corde
1548 2451 1640 2489 suo
1665 2434 1887 2507 (Matth.
1929 2435 1981 2488 5.
2023 2433 2150 2504 28).

581 2526 772 2582 Vidisti
797 2529 1036 2598 geminas
1063 2527 1227 2598 leges,
1259 2536 1491 2583 veterem
1528 2537 1584 2583 et
1608 2543 1819 2593 novam,
1857 2543 2016 2596 quam
2053 2542 2152 2598 po-

579 2620 686 2673 suit
723 2618 930 2686 Moses,
971 2630 1025 2674 et
1068 2634 1226 2690 quam
1272 2623 1384 2690 ipse
1426 2619 1761 2675 introduxit?
1804 2621 1913 2674 imo
1937 2635 2064 2674 vero
2102 2626 2156 2674 ct

579 2711 720 2764 illam
748 2712 960 2782 posuit;
1003 2713 1202 2768 etenim
1242 2728 1337 2782 per
1365 2713 1565 2768 Mosem
1608 2714 1722 2783 ipse
1766 2713 2012 2783 loquutus
2051 2721 2151 2767 est.

585 2804 732 2860 Unde
758 2821 886 2860 vero
912 2806 1249 2876 perspicuum
1273 2815 1354 2861 est
1382 2821 1499 2861 eam
1538 2807 1605 2860 ab
1648 2807 1761 2876 ipso
1809 2805 1971 2861 fuisse
2015 2806 2157 2874 posi-

579 2897 738 2950 tam?
785 2897 901 2952 Non
944 2912 1011 2952 ex
1056 2896 1294 2961 Joanne,
1342 2906 1435 2951 aut
1486 2897 1850 2967 apostolorum
1891 2911 2156 2966 quoquam

581 2988 942 3043 testimonium
971 2988 1243 3058 usurpabo
1271 3007 1284 3043 :
1317 3003 1438 3043 nam
1469 3003 1590 3044 cum
1614 2987 1812 3043 Iudaeis
1851 2987 1981 3042 mihi
2016 3002 2156 3042 nunc

579 3080 906 3135 concertatio
926 3087 1010 3135 est
1034 3095 1048 3146 ;
1081 3079 1174 3134 sed
1205 3094 1234 3134 a
1264 3079 1534 3150 pr0phetis
1558 3078 1748 3149 quibus
1775 3078 2019 3134 videntur
2038 3093 2156 3133 cre-

576 3172 705 3227 dere
735 3190 748 3226 :
777 3171 844 3227 ab
883 3172 1011 3242 ipsis
1035 3171 1313 3227 ostendam
1339 3179 1394 3226 et
1417 3171 1663 3226 Veterem
1691 3180 1743 3226 et
1765 3171 1963 3226 Novam
1994 3186 2154 3224 unum

577 3264 775 3320 habere
814 3264 1192 3336 legislatorem.
1238 3263 1373 3331 Quid
1420 3263 1580 3334 igitur
1633 3263 1889 3320 Jeremias
1947 3264 2156 3334 inquit?

579 3356 860 3428 Disponam
905 3355 1040 3411 vobis
1081 3365 1424 3411 testamentum
1471 3373 1650 3410 novum
1701 3355 1854 3426 (Jer.
1895 3357 1983 3411 51.
2021 3355 2151 3424 51),

579 3447 744 3503 ‘Vides
769 3456 822 3503 et
847 3447 968 3501 novi
997 3462 1189 3502 nomen
1218 3447 1271 3501 in
1294 3447 1455 3502 veteri
1479 3446 1502 3500 τ’
1531 3447 1677 3502 vides
1702 3457 1756 3501 et
1790 3448 1953 3518 ipsam
1976 3447 2154 3516 appel-

581 3538 830 3592 lationem
875 3545 954 3592 tot
995 3547 1119 3592 ante
1165 3538 1318 3592 annis
1359 3537 1659 3592 ell‘ulsisse?
1702 3536 1980 3607 Disponam
2019 3537 2156 3592 vobis

581 3637 928 3682 testamentum
953 3645 1156 3682 novum.
1187 3629 1291 3684 Sed
1317 3628 1459 3684 unde
1480 3628 1721 3684 videmus
1745 3629 1887 3699 quod
1925 3639 1979 3685 et
2003 3637 2155 3684 vetus

577 3720 695 3789 ipse
720 3720 968 3775 dederit?
993 3719 1126 3775 Cum
1153 3719 1388 3787 dixisset,
1424 3719 1705 3791 Disponam
1732 3720 1866 3774 vobis
1892 3729 2154 3775 testamen-

575 3825 687 3867 tum
732 3831 952 3879 novum,
1001 3814 1229 3884 adjecit,
1281 3814 1400 3869 Non
1437 3817 1589 3885 juxta
1635 3824 1981 3870 testamentum
2021 3817 2152 3885 quod

579 3904 804 3973 disposui
833 3903 1056 3974 patribus
1099 3905 1272 3958 vestris
1313 3903 1472 3974 (Ibid.
1499 3923 1546 3960 v.
1570 3905 1682 3976 52).
1727 3905 1836 3970 Ita;
1887 3905 1980 3960 sed
2021 3921 2153 3959 non-

561 3995 704 4048 ~dum
739 4010 855 4050 rem
898 3995 1268 4054 ostendimus:
1298 4005 1507 4066 oportet
1547 3997 1688 4052 enim
1729 3998 1974 4052 universa
2013 3998 2153 4067 ejus-

568 4084 720 4138 modi
747 4084 1066 4155 refragantia
1093 4085 1358 4141 adducere
1385 4087 1437 4140 in
1464 4087 1694 4142 medium
1716 4129 1729 4151 ,
1771 4087 2152 4158 manifestaque

576 4176 754 4232 facere
773 4220 787 4244 ,
818 4193 923 4248 quo
959 4193 1137 4233 sermo
1163 4179 1390 4249 undique
1429 4194 1592 4248 purus
1631 4180 1784 4235 nobis
1809 4181 1896 4244 sit,
1926 4181 2152 4235 nullam-

572 4282 680 4337 que
735 4267 1129 4338 impudentibus
1188 4269 1546 4338 relinquamus
1607 4285 1808 4323 ansam.
1868 4269 2151 4340 Disponam

576 4357 710 4412 vobis
738 4367 1083 4413 testamentum
1110 4375 1290 4414 novum
1309 4361 1486 4429 ,juxta
1513 4369 1856 4415 testamentum
1882 4361 2015 4432 quod
2042 4362 2150 4416 dis-

577 4451 720 4522 posui
778 4453 1000 4521 patribus
1044 4454 1237 4507 vestris.
1295 4452 1564 4523 Disposuit
1605 4460 1976 4507 testamentum
2017 4453 2147 4518 Noe,

575 4559 699 4598 cum
729 4543 982 4598 diluvium
1013 4543 1140 4610 fuit,
1173 4543 1354 4600 volens
1383 4559 1482 4598 nos
1508 4559 1538 4597 a
1566 4544 1755 4598 timore
1795 4544 2051 4610 liberare,
2083 4561 2151 4599 ue

577 4637 832 4692 diluvium
879 4637 1210 4708 cogitantes,
1261 4645 1314 4692 et
1360 4637 1584 4691 imbrem
1633 4637 1842 4692 assidue
1888 4637 2146 4702 videntes,

575 4743 861 4783 commune
903 4727 1035 4783 illud
1077 4727 1297 4784 exitium
1344 4727 1652 4783 timeremus
1695 4744 1708 4780 :
1753 4735 2032 4797 propterea
2075 4728 2154 4781 in-

576 4819 731 4887 quit:
763 4818 1041 4888 Disponam
1070 4827 1416 4873 testamentum
1461 4827 1620 4871 tecum
1639 4859 1653 4883 ,
1698 4827 1745 4872 et
1773 4836 1885 4872 cum
1922 4820 2154 4873 universa

577 4923 728 4961 carne
757 4905 920 4980 (Gen.
944 4907 998 4962 9.
1023 4908 1115 4976 9).
1146 4909 1338 4963 lterum
1377 4909 1445 4963 ad
1472 4909 1738 4964 Abraham
1778 4919 2150 4965 testamentum

575 4997 995 5053 circumcisionis
1040 4999 1299 5069 disposuit
1331 5018 1344 5053 :
1372 5000 1634 5070 disposuit
1678 5011 1731 5054 et
1779 5012 2150 5056 testamentum

578 5105 672 5158 per
699 5090 923 5157 Mosem,
951 5092 1196 5146 omnibus
1223 5102 1430 5148 notum.
1475 5094 1615 5147 Dixit
1639 5093 1894 5148 Jeremias
1923 5112 1935 5147 :
1968 5093 2152 5164 Dispo-

577 5199 694 5235 nam
722 5181 858 5237 vobis
904 5193 1248 5237 testamentum
1286 5201 1505 5250 novum,
1552 5201 1652 5238 non
1697 5185 1970 5238 secundum
1999 5194 2151 5238 testa-

578 5285 799 5328 mentum
847 5276 981 5345 quod
1025 5276 1252 5344 disposui
1299 5278 1522 5345 patribus
1571 5277 1763 5331 vestris.
1809 5277 1920 5342 Dic,
1961 5279 2152 5348 quibus

579 5368 856 5438 patribus?
900 5383 1020 5422 nam
1052 5377 1105 5423 et
1133 5367 1244 5423 Noe
1272 5377 1420 5438 pater
1447 5369 1574 5435 fuit,
1618 5380 1671 5423 et
1696 5369 1962 5424 Abraham
2004 5381 2153 5440 pater

578 5460 677 5514 luit
706 5477 720 5514 :
751 5459 1065 5529 quibusnam
1097 5461 1253 5529 igitur
1280 5460 1557 5530 patribus?
1585 5463 1777 5516 etenim
1806 5477 2150 5532 personarum

578 5549 1007 5606 indeterminatio
1054 5551 1414 5606 confusionem
1480 5553 1632 5621 parit.
1695 5553 1791 5608 llic
1851 5553 2148 5610 advertite:

581 5641 700 5696 Non
719 5646 872 5714 juxta
897 5652 1243 5698 testamentum
1278 5643 1412 5714 quod
1439 5645 1663 5715 disposui
1693 5645 1917 5714 patribus
1957 5649 2149 5702 vestris.

580 5735 656 5789 Ne
685 5737 840 5806 igitur
864 5736 1072 5791 diceres
1098 5736 1227 5792 illud
1269 5736 1381 5792 Noe
1421 5739 1746 5806 temporibus
1775 5740 1978 5807 datum,
2021 5755 2152 5796 neve

583 5827 905 5887 temporibus
931 5827 1196 5885 Abraham
1229 5828 1408 5885 datum
1437 5828 1756 5902 intelligeres
1776 5871 1791 5898 ,
1829 5831 1993 5901 ipsius
2022 5841 2152 5888 tem-

1275 405 1331 462 S.
1373 402 1649 460 JOANNIS
1687 394 2162 458 CllRYSOSTOMI
2200 393 2516 451 ARCHIEP.
2555 395 3082 454 CONSTANTINOP.

3703 402 3808 456 320

2244 508 2387 578 poris
2433 517 2866 566 testamentorum
2909 511 3193 567 meminit:
3224 527 3342 567 cum
3383 513 3523 568 enim
3566 514 3808 581 dixisSet,

2241 600 2524 670 Disponam
2547 601 2680 656 vobis
2710 611 3054 657 testamentum
3081 621 3261 657 novum
3280 645 3293 668 ,
3340 621 3437 658 non
3470 607 3621 675 juxta
3659 617 3814 660 testa-

2244 702 2464 746 mentum
2507 695 2640 762 quod
2679 695 2905 762 disposui
2949 695 3173 764 patribus
3209 698 3418 761 vestris,
3463 698 3733 766 subjunxit
3757 709 3815 753 et

2246 789 2452 850 tempus
2471 825 2486 848 ,
2519 781 2584 836 In
2611 784 2693 838 die
2714 801 2814 853 qua
2837 786 2973 839 tenui
3013 803 3217 840 manum
3241 803 3410 840 eorum
3431 829 3444 851 ,
3475 799 3530 841 ut
3557 789 3816 843 educerem

2244 891 2329 928 eos
2367 875 2428 929 de
2473 885 2604 929 terra
2631 875 2867 948 zEgypti.
2917 878 3074 933 Vides
3115 887 3363 949 quantam
3391 882 3814 950 perspicuitatem

2246 965 2480 1020 attulerit
2525 967 2781 1036 temporis
2821 967 3234 1023 determinatio?
3278 969 3394 1025 Jam
3439 986 3542 1025 non
3590 973 3818 1041 amplius

2247 1073 2315 1111 ne
2339 1057 2554 1112 Judaaus
2591 1059 2802 1127 quidem
2832 1062 3147 1116 contradicit
3175 1081 3189 1117 :
3221 1063 3498 1118 recordare
3536 1066 3844 1134 temporis,

2248 1157 2302 1203 et
2341 1148 2726 1219 legislationem
2751 1153 2930 1221 accipe
2958 1169 2972 1205 :
3008 1151 3075 1206 In
3101 1155 3180 1208 die
3209 1169 3307 1223 qua
3342 1156 3474 1208 tenui
3503 1172 3705 1209 manuni
3726 1172 3820 1209 eo-

2247 1257 2376 1294 rum.
2429 1241 2536 1296 Cur
2573 1251 2748 1296 autem
2801 1244 2959 1297 etiam
3008 1244 3220 1298 modum
3271 1247 3397 1300 dicit
3435 1248 3646 1302 exitus?
3691 1247 3825 1303 Cum

2250 1334 2513 1387 tenuissem
2541 1351 2746 1388 manum
2771 1353 2941 1390 eorum
2961 1379 2976 1404 ,
3009 1348 3064 1391 ut
3099 1340 3354 1393 educerem
3377 1357 3460 1394 eos
3483 1357 3544 1394 ea:
3565 1341 3820 1412 Egypto.

2254 1420 2365 1490 Quo
2396 1435 2672 1494 patermun
2699 1428 3003 1483 ostenderet
3029 1444 3288 1497 amorem,
3327 1447 3432 1485 non
3456 1433 3605 1502 quasi
3634 1448 3826 1488 servos

2255 1518 2450 1584 eduxit,
2499 1519 2593 1574 sed
2620 1521 2781 1576 veluti
2828 1522 3102 1591 parvulum
3149 1523 3312 1577 ﬁlium
3354 1540 3510 1580 manu
3553 1526 3829 1595 accipiens

2253 1619 2422 1678 pater,
2455 1611 2532 1666 sic
2559 1612 2801 1668 liberavit
2830 1632 2842 1667 :
2871 1629 2978 1668 non
3006 1624 3123 1685 post
3150 1625 3351 1686 tergum
3380 1617 3527 1687 sequi
3554 1617 3832 1672 mandavit

2253 1701 2402 1768 quasi
2445 1715 2679 1769 servum,
2723 1703 2817 1758 sed
2843 1704 3002 1759 veluti
3034 1705 3200 1760 ﬁlium
3237 1706 3464 1762 nobilem
3503 1717 3556 1763 et
3596 1707 3830 1763 liberum

2254 1813 2413 1851 manu
2441 1806 2648 1860 tenens,
2681 1797 2758 1852 sic
2781 1797 2982 1852 eduxit.
3013 1797 3200 1854 Vidisti
3229 1789 3658 1856 testamentorum
3689 1801 3832 1856 duo-

2253 1907 2371 1946 rum
2399 1892 2752 1963 legislatorem
2780 1893 3035 1946 unicum?
3063 1893 3321 1958 Quoniam
3358 1894 3513 1964 igitur
3534 1896 3835 1951 certamine

2257 1983 2465 2038 liberati
2493 1999 2698 2052 sumus,
2721 1992 2776 2040 et
2799 1999 2866 2038 ex
2892 1998 3029 2038 novo
3055 1984 3108 2039 id
3137 1985 3226 2038 tibi
3254 1985 3550 2050 ostendam,
3579 1994 3636 2040 ut
3662 1995 3835 2042 testa-

2257 2088 2556 2132 mentorum
2587 2077 2989 2132 consonantiam
3023 2091 3230 2132 noscas.
3264 2077 3449 2133 Vidisti
3492 2079 3833 2149 prophetiam

2255 2185 2372 2239 quae
2397 2185 2463 2224 ex
2490 2169 2666 2224 verbis
2692 2170 2810 2224 est?
2835 2169 2981 2224 disce
3006 2169 3089 2224 vel
3113 2184 3229 2224 eam
3253 2184 3372 2238 qua:
3394 2169 3572 2240 ﬁguris
3595 2181 3830 2236 constat,

2255 2265 2497 2336 quamvis
2528 2265 2577 2318 id
2608 2266 2777 2334 ipsum
2805 2263 2927 2320 ideo
2958 2264 3291 2334 perspicuum
3318 2279 3421 2318 non
3447 2265 3545 2327 sit,
3575 2265 3833 2334 quidnam

2259 2359 2324 2412 sit
2351 2357 2628 2428 prophetia
2666 2372 2764 2427 per
2788 2357 3031 2427 ﬁguram,
3061 2356 3252 2425 quidve
3281 2355 3550 2424 prophetia
3590 2371 3686 2426 per
3719 2371 3836 2410 ser-

2256 2462 2468 2502 monem
2499 2465 2512 2501 :
2546 2447 2726 2516 paucis
2754 2461 2881 2517 ergo
2918 2445 3144 2515 idipsum
3180 2446 3512 2500 manifestum
3552 2445 3832 2500 faciemus.

2260 2540 2540 2610 Protthetia
2570 2555 2664 2609 per
2694 2539 2911 2609 ﬁguram
2942 2548 3024 2592 est
3048 2553 3108 2593 ea
3133 2553 3249 2608 quae
3274 2553 3372 2608 per
3405 2552 3492 2592 res
3519 2536 3630 2591 ﬁcri
3657 2538 3832 2600 solet;

2257 2633 2420 2687 altera
2443 2646 2572 2686 vero
2596 2639 2677 2686 est
2694 2672 2709 2696 ,
2739 2645 2857 2700 quae
2884 2645 2979 2700 per
3004 2629 3164 2684 verba
3195 2629 3252 2683 ﬁt
3282 2648 3295 2682 :
3329 2645 3448 2683 nam
3475 2629 3834 2698 prudentiori-

2258 2722 2359 2777 bus
2397 2721 2701 2793 quibusque
2742 2721 2919 2776 verbis
2961 2722 3244 2791 persuasit,
3290 2721 3532 2775 rudiores
3570 2735 3701 2775 vero
3743 2736 3836 2790 per

2257 2828 2438 2868 rerum
2465 2815 2723 2870 visionem
2749 2813 3058 2870 cohortatus
3085 2821 3183 2868 est.
3225 2812 3483 2881 Quoniam
3521 2813 3662 2868 enim
3693 2812 3836 2867 futu-

2259 2922 2378 2961 rum
2419 2915 2532 2961 erat
2568 2922 2680 2961 rem
2725 2921 2966 2976 magnam
3015 2907 3068 2960 in
3111 2907 3280 2961 lucem
3319 2905 3564 2976 prodire,
3605 2917 3662 2960 et
3693 2903 3836 2962 Deus

2259 3013 2473 3053 carnem
2516 3008 2857 3068 suscepturus
2897 3008 3050 3053 erat:
3087 2998 3508 3068 quandoquidem
3547 3006 3690 3052 terra
3734 3015 3836 3054 cas-

2260 3088 2367 3143 lum
2398 3090 2412 3120 ¹
2445 3089 2556 3144 ﬁeri
2585 3088 2831 3154 debebat,
2876 3097 3160 3157 nostraque
3187 3097 3372 3142 natura
3416 3088 3480 3142 ad
3520 3090 3834 3159 angelorum

2260 3181 2586 3236 nobilitatem
2628 3181 2918 3235 ascendere
2949 3196 2961 3237 :
2992 3181 3111 3250 quia
3159 3195 3305 3248 spem
3349 3180 3516 3250 ipsam
3566 3180 3836 3250 superavit

2259 3281 2313 3327 et
2359 3273 2806 3342 exspectationem
2856 3286 3033 3325 sermo
3080 3270 3373 3325 futurorum
3421 3271 3684 3326 bonorum
3713 3314 3729 3336 ,
3767 3287 3833 3327 ne

2259 3380 2450 3419 novum
2477 3374 2532 3418 et
2553 3363 2844 3418 inauditum
2867 3363 3014 3428 illud,
3035 3373 3249 3432 repente
3268 3377 3605 3432 comparens,
3621 3364 3835 3418 audien-

2259 3463 2339 3508 tes
2367 3453 2712 3523 videutesque
2745 3453 2996 3517 turbaret,
3029 3452 3271 3520 ﬁguravit
3298 3452 3424 3507 olim
3451 3468 3545 3521 per
3569 3468 3679 3518 res,
3710 3469 3833 3521 per-

2257 3561 2357 3614 que
2379 3546 2536 3600 verba
2571 3554 2809 3599 nostrum
2845 3543 3205 3600 assuefaciens
3229 3553 3281 3598 et
3301 3545 3540 3598 auditum
3561 3553 3617 3599 et
3637 3545 3831 3608 visum,

2256 3637 2502 3705 quodque
2542 3637 2594 3691 in
2629 3636 2800 3690 lucem
2845 3635 3174 3706 proditurum
3214 3643 3331 3689 erat
3366 3649 3691 3704 praeparans.
3721 3635 3833 3689 Hoc

2255 3739 2432 3784 autem
2463 3738 2577 3784 erat
2604 3728 2745 3798 quod
2772 3728 3021 3791 diximus,
3067 3726 3192 3797 quid
3229 3729 3298 3780 sit
3335 3742 3430 3796 per
3454 3727 3679 3798 ﬁguram
3705 3743 3830 3797 pro-

2256 3820 2463 3890 phetia,
2492 3829 2545 3875 et
2589 3820 2712 3890 quid
2743 3821 2810 3876 sit
2840 3836 2934 3889 per
2969 3835 3268 3875 sermonem
3312 3818 3587 3888 prophetia
3621 3837 3634 3871 :
3665 3820 3829 3874 altera

2254 3910 2466 3981 quidem
2510 3926 2712 3976 rerum,
2754 3913 2919 3964 altera
2959 3925 3281 3965 sermonum.
3317 3911 3496 3964 Dicam
3529 3912 3621 3965 tibi
3652 3927 3829 3966 rerum

2254 4002 2586 4072 prophetiam
2627 4013 2682 4056 et
2708 4001 2990 4056 verborum
3031 4004 3170 4056 circa
3214 4016 3323 4056 rem
3367 4001 3830 4057 eamdem?Sicut

2254 4094 2358 4146 ovis
2387 4093 2453 4145 ad
2496 4093 2790 4146 occisionem
2834 4092 3011 4146 ductus
3055 4103 3162 4159 est,
3206 4105 3252 4146 et
3299 4095 3428 4147 sicut
3471 4111 3634 4164 agnus
3661 4111 3831 4148 coram

2253 4185 2484 4236 tondente
2523 4199 2575 4237 se
2605 4181 2752 4253 (lsai.
2781 4184 2870 4238 55.
2902 4183 2977 4253 7).
3028 4182 3152 4237 Haec
3191 4193 3271 4238 est
3315 4199 3410 4254 per
3453 4185 3676 4239 verbum
3709 4202 3832 4254 pro-

2253 4279 2452 4349 phetia.
2483 4277 2614 4334 Cum
2641 4279 2782 4333 enim
2809 4279 3073 4332 Abraham
3105 4279 3222 4333 tulit
3247 4277 3410 4342 Isaae,
3455 4289 3582 4335 tunc
3604 4283 3829 4337 arietem

2253 4371 2439 4427 videns
2503 4370 2795 4426 haerentem
2857 4369 3146 4432 cornibus.
3197 4369 3264 4423 ad
3312 4370 3631 4425 sacriﬁcium
3682 4371 3832 4425 duxit

2254 4479 2450 4535 opere,
2484 4464 2648 4519 veluti
2689 4478 2783 4533 per
2810 4462 3026 4534 ﬁguram
3056 4463 3388 4532 proclamans
3427 4464 3582 4518 nobis
3627 4463 3828 4518 saluta-

2238 4571 2369 4614 .rem
2410 4555 2730 4625 passionem.

2325 4647 2377 4702 5.
2399 4646 2543 4702 Unus
2565 4648 2820 4718 legislator
2840 4647 3096 4714 utriusque
3118 4648 3487 4701 testamenti.—
3506 4647 3660 4712 Quod
3674 4648 3831 4717 igitur

2257 4739 2386 4806 dixi,
2414 4739 2496 4793 vis
2523 4740 2614 4793 tibi
2634 4739 2739 4793 duo
2760 4737 2873 4792 haec
2886 4746 3197 4793 testamenta
3218 4753 3314 4807 per
3333 4752 3493 4807 Opera
3512 4738 3833 4792 ostendam?

2256 4829 2712 4896 Quemadmodum
2740 4829 2912 4883 vidisti
2940 4845 3091 4884 ovem
3121 4828 3171 4882 in
3203 4829 3384 4893 verbo,
3413 4829 3560 4884 disce
3588 4837 3644 4883 et
3669 4828 3719 4882 in
3750 4845 3828 4882 re.

2255 4921 2418 4976 Dicite
2443 4921 2593 4986 mihi,
2625 4921 2709 4991 qui
2739 4920 2828 4974 sub
2853 4921 2958 4990 lege
2984 4921 3131 4974 vultis
3156 4937 3260 4974 esse
3287 4919 3427 4991 (Gal.
3450 4920 3504 4974 4.
3539 4919 3656 4989 21).
3688 4919 3834 4972 Bene

2256 5014 2421 5081 dixit,
2444 5015 2610 5079 vultis,
2641 5028 2743 5067 non
2770 5012 2912 5066 enim
2958 5021 3108 5066 erant
3153 5011 3250 5066 sub
3277 5011 3394 5081 lege
3423 5029 3435 5063 :
3467 5011 3512 5065 si
3537 5013 3677 5065 enim
3706 5009 3834 5063 fuis—

2257 5117 2377 5162 sent
2401 5107 2499 5161 sub
2522 5107 2657 5176 lege,
2682 5121 2786 5159 non
2818 5105 3039 5159 fuissent
3062 5103 3160 5158 sub
3177 5105 3307 5173 lege.
3330 5103 3580 5158 Fortasse
3605 5103 3834 5173 arniguia

2257 5211 2339 5256 est
2364 5201 2504 5271 quod
2532 5200 2722 5262 dicitur
2748 5216 2762 5252 :
2793 5215 2913 5252 nam
2941 5199 3024 5252 lex
3053 5197 3319 5251 auditores
3347 5195 3561 5250 Christo
3585 5197 3836 5250 transmi-

2259 5294 2327 5346 sit
2357 5311 2368 5344 :
2403 5293 2491 5362 qui
2530 5292 2841 5361 magistrum
2870 5300 3199 5360 aspernatur,
3251 5288 3460 5356 ignorat
3496 5296 3549 5341 et
3588 5287 3836 5356 pzedago-

2257 5401 2400 5454 gum.
2431 5384 2624 5450 Quare,
2655 5383 2851 5452 inquit,
2884 5380 3043 5434 Dicite
3089 5380 3244 5445 mihi,
3275 5379 3362 5448 qui
3401 5379 3493 5433 sub
3535 5395 3642 5449 tege
3680 5378 3836 5432 vultis

2258 5495 2380 5545 esse,
2412 5478 2568 5549 legem
2592 5493 2691 5530 non
2719 5475 2932 5528 audistis
2958 5475 2982 5527 ?
3007 5473 3240 5543 quoniam
3267 5471 3524 5524 Abraham
3549 5472 3674 5523 duos
3701 5470 3837 5536 ﬁlios

2259 5570 2461 5637 habuit,
2489 5585 2647 5622 unum
2673 5567 2735 5620 de
2777 5566 2981 5629 ancilla,
3010 5565 3223 5617 alterum
3252 5562 3315 5616 de
3352 5561 3506 5616 libera
3532 5577 3551 5625 ;
3577 5575 3692 5630 qua
3719 5569 3839 5612 sunt

2257 5679 2347 5734 per
2371 5660 2663 5731 allegoriam
2692 5659 2824 5711 dicta
2854 5655 3012 5730 (Ibid.
3039 5673 3086 5710 v.
3117 5653 3207 5709 22.
3237 5653 3347 5724 23).
3379 5652 3564 5708 Vidisti
3594 5665 3692 5721 per
3721 5666 3837 5705 rem

2323 5778 2339 5808 ι
2375 5775 2447 5824 sic
2468 5777 2690 5836 plerique
2715 5771 2832 5836 editi
2856 5778 2908 5836 et
2945 5771 3051 5832 ipse
3071 5765 3476 5836 Montefaleonius.
3501 5774 3548 5836 In
3567 5763 3836 5817 recentiori

2261 5830 2483 5888 editione
2501 5830 2750 5886 I’aris'iensi
2771 5830 2978 5898 legitur;
2990 5839 3122 5883 terra
3142 5837 3187 5883 et
3209 5830 3380 5881 aetum
3409 5843 3426 5880 :
3449 5832 3586 5880 unde.
