4066 6392
188 437 290 496 519

189 553 678 625 καταχρήσασθαι
712 549 784 619 τῇ
806 549 1057 615 ἐξουσίᾳ
1077 566 1214 618 μου.
1260 547 1408 599 Ἑκεί
1448 545 1609 615 νόμος
1636 538 1725 612 ἦν,
1754 539 1841 592 διὰ

188 643 344 697 τοῦτο
370 641 559 713 μισθὸν
589 641 689 693 οὐκ
713 636 824 709 εἶχε
857 638 1048 691 πολύν·
1078 636 1237 690 τοῦτο
1262 636 1317 689 δὲ
1341 633 1711 705 προαιρέσεως
1749 625 1839 698 ἦν,

186 727 267 783 διὸ
284 729 453 781 πολὺν
482 728 605 798 ἔσχε
635 726 724 779 τὸν
752 724 958 795 μισθόν.

261 868 326 921 δ’.
360 866 547 920 Ταῦτά
571 883 659 936 μοι
682 865 855 918 πάντα
880 866 978 935 οὐχ
1003 863 1185 927 ἁπλῶς
1214 864 1449 934 εἴρηται,
1472 857 1607 913 ἀλλά
1639 856 1726 910 διά
1752 854 1841 906 τὸν

188 950 349 1021 νόμον
377 950 468 1003 τὸν
510 949 671 1013 θεῖον,
723 949 810 1001 ἵνα
838 948 996 1012 δείξω
1036 949 1136 1000 οὐκ
1180 946 1307 998 ὄντα
1344 944 1534 1014 βαρὺν,
1573 942 1672 994 οὐκ
1712 940 1842 992 ὄντα

190 1039 475 1109 φορτικὸν,
521 1038 619 1090 οὐκ
664 1036 792 1089 ὄντα
822 1035 1074 1088 ἐπίπονον
1117 1034 1235 1087 οὐδὲ
1278 1032 1558 1085 ἀδύνατον.
1594 1029 1729 1097 Φέρε
1776 1026 1839 1096 δὴ

189 1127 280 1178 καὶ
309 1126 403 1177 ἀπ’
442 1124 618 1177 αὐτῶν
649 1123 755 1175 τῶν
801 1122 893 1175 106
928 1120 1163 1192 Χριστοῦ
1210 1120 1468 1191 ῥημάτων
1507 1115 1637 1169 αὐτὸ
1682 1112 1840 1167 10610

187 1211 419 1281 φανερὸν
458 1212 799 1281 ποιήσωμεν·
854 1208 906 1259 '0
941 1208 1244 1278 ἐμϐλέψας
1296 1205 1550 1276 γυναῖκα
1587 1202 1735 1270 πρὸς
1773 1202 1839 1254 τὸ

185 1298 549 1367 ἐπιθυμῆσαι
598 1297 815 1366 αὐτῆς,
859 1296 974 1364 ἤδη
1019 1296 1375 1364 ἐμοίχευσεν
1417 1291 1611 1360 αὐτὴν
1654 1292 1723 1344 ἐν
1764 1288 1839 1358 τῇ

185 1386 399 1453 καρδίᾳ
426 1385 629 1438 αὑτοῦ.
669 1383 879 1436 Συνεῖδε
911 1384 1002 1435 καὶ
1038 1383 1065 1434 ὁ
1110 1380 1341 1451 Χριστὸς
1369 1380 1499 1432 αὐτὸ
1548 1380 1725 1441 τοῦτο,
1758 1378 1837 1430 ὅτι

188 1472 442 1543 μέλλουσι
475 1471 660 1524 πολλοὶ
686 1470 780 1523 106
817 1470 983 1540 νόμου
1025 1470 1349 1538 κατηγορεῖν
1378 1466 1477 1535 τὴν
1517 1463 1798 1518 δυσκολίαν
1820 1480 1833 1492 ⁸

183 1560 268 1613 διά
290 1560 448 1613 τοῦτο
476 1560 636 1613 αὐτὸν
667 1560 726 1611 οὐ
754 1557 958 1627 γυμνὸν
984 1556 1321 1626 εἰσήνεγκεν,
1356 1554 1478 1606 οὐδὲ
1507 1552 1681 1622 ψιλὸν,
1717 1550 1839 1604 οὐδὲ

184 1649 304 1701 καθ’
332 1648 545 1711 ἑαυτὸν,
578 1645 824 1699 ἀλλὰκαὶ
841 1642 933 1698 τοῦ
958 1643 1187 1697 παλαιοῦ
1218 1642 1623 1712 ἀναμιμνήσκει
1646 1640 1835 1709 νόμου,

182 1737 288 1790 ἀπὸ
312 1737 410 1805 τῆς
440 1736 777 1806 συγκρίσεως
827 1734 921 1786 καὶ
965 1733 1062 1803 τὴν
1108 1731 1358 1784 εὐκολίαν
1394 1731 1487 1784 καὶ
1529 1729 1626 1800 τὴν
1666 1727 1834 1781 αὐτοῦ

183 1824 587 1895 φιλανθρωπίαν
614 1821 1040 1891 ἐνδεικνύμενος.
1084 1820 1204 1883 Πῶς
1230 1819 1307 1881 δὲ,
1360 1817 1676 1887 προσέχετε.
1724 1817 1838 1869 Οὐκ

180 1910 298 1966 εἶπε
329 1913 438 1983 γὰρ
469 1911 679 1978 ἁπλῶς,
725 1911 789 1962 '0
811 1909 1116 1979 ἐμϐλέψας
1148 1908 1401 1978 γυναῖκα
1434 1907 1582 1974 πρὸς
1611 1905 1678 1958 τὸ
1713 1906 1839 1959 ἐπι-

180 2000 441 2068 θυμῆσαι
472 1998 682 2065 αὐτῆς,
709 1997 826 2065 ἤδη
849 1997 1204 2065 ἐμοίχευσεν
1226 1994 1420 2062 αὐτὴν
1437 1995 1507 2047 ἐν
1528 1993 1603 2062 τῇ
1627 1992 1838 2060 καρδίᾳ

179 2086 361 2140 αὐτοῦ
412 2084 690 2155 (ἐνταῦθα
746 2084 1042 2155 προσέχετε
1091 2082 1228 2153 μετὰ
1267 2081 1550 2153 ἀκριϐείας
1584 2082 1645 2150 )·
1701 2079 1838 2133 ἀλλά

179 2176 441 2244 πρότερον
479 2174 751 2243 ἀνέμνησε
800 2172 892 2226 τοῦ
933 2172 1165 2227 παλαιοῦ
1218 2171 1383 2241 νόμου
1429 2170 1573 2223 οὕτω
1625 2167 1831 2237 λέγων·

191 2265 510 2317 Ἠκούσατε
539 2264 629 2316 ὅτι
658 2262 867 2331 ἐρρέθη
892 2262 1016 2326 τοῖς
1038 2262 1327 2329 ἀρχαίοις,
1358 2262 1439 2313 Οὐ
1466 2260 1831 2328 μοιχεύσεις·

179 2351 291 2420 ἐγὼ
310 2351 378 2404 δὲ
398 2351 553 2419 λέγω
576 2350 735 2419 ὑμῖν,
766 2348 885 2414 πᾶς
913 2352 944 2402 ό
967 2349 1272 2417 ἐμϐλέψας
1298 2347 1548 2416 γυναῖκα
1586 2346 1735 2415 πρὸς
1770 2346 1836 2401 τὸ

178 2437 540 2507 ἐπιθυμῆσαι
587 2436 797 2503 αὐτῆς,
854 2437 968 2505 ἤδη
1008 2437 1364 2505 ἐμοίχευσεν
1410 2434 1604 2502 αὐτὴν
1651 2435 1720 2488 ἐν
1761 2435 1838 2504 τῇ

180 2526 393 2594 καρδίᾳ
442 2525 647 2578 αὑτοῦ.
695 2522 847 2588 Εἶδες
890 2525 1016 2586 τοὺς
1060 2523 1153 2575 δύο
1190 2524 1414 2593 νόμους,
1468 2523 1557 2576 τὸν
1610 2524 1838 2577 παλαιὸν

179 2614 273 2664 καὶ
301 2612 391 2664 τὸν
424 2612 629 2671 καινὸν,
666 2612 724 2664 ὃν
770 2611 933 2681 ἔθηκε
974 2610 1233 2679 Μωῡσῆς,
1276 2611 1367 2662 καὶ
1401 2610 1458 2662 ὃν
1499 2611 1708 2678 εἰσάγει
1742 2612 1840 2664 αύ-

179 2698 303 2761 τόςς
346 2697 546 2768 μᾶλλον
582 2698 638 2750 δὲ
686 2698 779 2750 καὶ
821 2697 1008 2750 τοῦτον
1043 2697 1205 2759 αὐτὸς
1240 2696 1436 2767 ἔθηκε·
1472 2698 1567 2750 καὶ
1614 2697 1718 2767 γάρ
1752 2698 1838 2751 διὰ

179 2784 457 2845 Μωῦσέως
484 2784 644 2846 αὐτὸς
675 2783 922 2854 ὲλάλησε.
966 2784 1071 2836 Καὶ
1105 2782 1266 2835 πόθεν
1289 2784 1447 2855 δῆλον
1473 2785 1553 2837 ὅτι
1589 2785 1839 2835 κάκεῖνον

182 2873 343 2936 αὐτὸς
390 2872 614 2942 ἓθηκεν;
661 2872 774 2924 Ούκ
802 2872 910 2925 ἀπὸ
943 2872 1212 2934 Ἰωάννου,
1246 2872 1365 2924 οὐδὲ
1406 2873 1512 2924 ἀπὸ
1556 2872 1661 2924 τῶν
1705 2874 1839 2924 ἀπο-

183 2961 383 3013 στόλων
411 2960 510 3029 τὴν
549 2960 851 3032 μαρτυρίαν
877 2959 1212 3029 παρέξομαι·
1250 2960 1383 3029 πρὸς
1406 2960 1513 3030 γὰρ
1552 2959 1839 3022 Ἰουδαίους

187 3064 276 3117 μοι
326 3047 423 3100 νύν
461 3050 488 3100 6
522 3047 703 3115 ἀγών·
750 3046 866 3099 ἀλλ’
900 3046 1008 3099 ἀπὸ
1033 3046 1141 3099 τῶν
1172 3047 1468 3117 προφητῶν
1495 3040 1576 3109 οἷς
1624 3046 1839 3099 δοκοῦσι

184 3136 484 3198 πιστεύειν,
533 3135 626 3187 ἀπ’
658 3134 834 3187 αὐτῶν
870 3132 1155 3199 ἀποδείξω,
1209 3135 1291 3185 ὅτι
1346 3134 1439 3186 καὶ
1491 3134 1701 3187 Παλαιὰ
1750 3136 1841 3188 καὶ

182 3222 362 3292 Καινὴ
405 3222 700 3292 νομοθέτην
741 3222 836 3274 ἕνα
869 3221 1003 3292 ἔχει.
1049 3222 1113 3273 Τί
1150 3216 1242 3274 οὖν
1275 3224 1302 3274 6
1349 3222 1617 3293 Ἱερεμίας
1666 3223 1838 3292 φησί;

183 3310 547 3379 Διαθήσομαι
600 3311 739 3379 ὑμῖν
783 3309 1079 3379 διαθήκην
1125 3308 1359 3375 καινήν.
1414 3306 1567 3373 Εἶδες
1620 3311 1842 3380 καὶτῆς

185 3397 397 3466 Καινῆς
434 3397 493 3449 τὸ
520 3397 689 3466 ὄνομα
718 3398 774 3449 ἐν
799 3400 864 3467 τῇ
900 3397 1141 3466 11αλαιᾷ;
1169 3392 1308 3460 εἶδες
1343 3398 1436 3449 καὶ
1455 3396 1553 3467 τὴν
1571 3414 1842 3467 προσηγο-

191 3484 312 3556 ρίαν
342 3484 448 3553 πρὸ
481 3484 752 3536 τοσούτων
769 3484 1179 3553 διαλάμπουσαν
1213 3484 1455 3556 χρόνωνς
1484 3484 1844 3553 Διαθήσομαι

186 3571 329 3640 ὑμῖν
353 3572 644 3639 διαθήκην
670 3571 906 3638 καινήν.
950 3572 1109 3625 Ἀλλά
1146 3573 1309 3624 πόθεν
1338 3572 1496 3642 δῆλον
1524 3573 1604 3625 ὅτι
1634 3574 1727 3625 καὶ
1748 3574 1846 3643 τὴν

188 3660 431 3712 Παλαιὰν
478 3661 638 3722 αὐτὸς
685 3659 919 3724 ἐδωκεν;
967 3660 1173 3724 Εἰπὼν,
1207 3662 1288 3714 ὅτι
1318 3659 1680 3729 Διαθήσομαι
1706 3660 1847 3729 ὑμῖν

188 3746 483 3815 διαθήκην
522 3747 758 3815 καινὴν,
783 3749 1083 3817 ἐπήγαγεν,
1112 3750 1192 3801 Οὐ
1215 3748 1363 3801 κατὰ
1409 3748 1519 3815 τὴν
1551 3747 1848 3815 διαθήκην

190 3833 271 3901 ἢν
299 3834 575 3904 διεθέμην
606 3835 727 3902 τοῖς
751 3835 1049 3903 πατράσιν
1074 3834 1257 3904 ὑμῶν.
1301 3836 1438 3888 Ναί·
1474 3836 1588 3888 ἀλλ’
1616 3834 1768 3889 οὔπω
1788 3835 1848 3887 τὸ

192 3924 423 3993 πρᾶγμα
458 3924 817 3993 ἀπεδείξαμεν
841 3941 855 3954 ·
886 3924 966 3976 δεῖ
988 3924 1095 3995 γὰρ
1126 3924 1340 3976 ἅπαντα
1369 3925 1437 3977 τά
1464 3924 1848 3995 ἀντικρούοντα

191 4014 531 4080 παραγαγεῖν
565 4013 643 4073 εἰς
691 4011 853 4078 μέσον
886 4012 980 4064 καὶ
1026 4010 1160 4079 δῆλα
1191 4012 1385 4074 ποιεῖν,
1422 4012 1507 4064 ἵνα
1536 4011 1797 4066 πάντοθεν
1820 4013 1849 4064 ό

190 4100 349 4168 λόγος
386 4102 516 4170 ἡμῖν
551 4100 965 4172 ὲκκαθαίρηται,
997 4102 1091 4155 καὶ
1119 4103 1253 4173 μηδὲ
1280 4105 1391 4166 τοῖς
1434 4102 1849 4172 ἀναισχυντοῦσι

195 4188 587 4258 καταλείπηται
639 4189 929 4260 πρόφασις.
992 4190 1357 4257 Διαθήσομαι
1380 4190 1520 4259 ὑμῖν
1556 4190 1852 4258 διαθήκην

194 4276 442 4343 καινήν,
492 4279 565 4331 οὺ
612 4275 759 4329 κατὰ
792 4275 906 4344 τὴν
948 4276 1240 4345 διαθήκην
1286 4277 1365 4345 ’ἣν
1412 4278 1689 4347 διεθέμην
1726 4279 1851 4345 τοῖς

193 4363 491 4431 πατράσιν
512 4360 697 4431 ὑμῶν.
727 4362 940 4415 Διέθετο
969 4363 1231 4435 διαθήκην
1256 4365 1405 4437 [525]
1432 4366 1565 4436 πρὸς
1586 4366 1675 4419 τὸν
1703 4364 1848 4427 Νῶε,

191 4452 356 4510 ἡνίκα
378 4452 406 4502 ὁ
444 4449 824 4520 κατακλυσμὸς
855 4450 1089 4518 ἐγένετο,
1150 4452 1468 4523 βουλόμενος
1503 4455 1649 4524 ἡμᾶς
1677 4453 1851 4506 ἀπαλ-

194 4537 356 4602 λάξαι
405 4538 512 4591 τῶν
538 4538 739 4606 φόϐων,
779 4540 865 4592 ἵνα
910 4540 983 4609 μὴ
1024 4540 1086 4610 δὴ
1126 4541 1509 4611 κατακλυσμὸν
1539 4540 1848 4610 βλέποντες,

196 4627 292 4678 καὶ
325 4627 522 4699 δμϐρον
553 4632 785 4701 ὁρῶντες
818 4632 933 4695 ἀεὶ,
970 4631 1062 4682 καὶ
1102 4629 1199 4700 τὴν
1238 4628 1614 4698 πανωλεθρίαν
1639 4629 1852 4697 ἐκείνην

195 4715 582 4787 προσδοκῶμεν
640 4717 891 4770 ἔσεσθαι·
945 4717 1033 4769 διὰ
1073 4716 1251 4778 τοῦτο,
1305 4715 1852 4783 φησῖ,Διαθήσομαι

194 4802 490 4871 διαθήκην
514 4806 665 4875 μετὰ
689 4806 825 4869 σοῦ,
848 4804 947 4859 καὶ
972 4805 1120 4874 μετὰ
1147 4804 1348 4871 πάσης
1372 4806 1617 4871 σαρκός.
1637 4804 1853 4857 Διέθετο

197 4891 361 4944 πάλιν
400 4892 533 4962 πρὸς
562 4893 653 4945 τὸν
697 4893 945 4965 Ἀϐραὰμ
965 4892 1231 4963 διαθήκην
1264 4892 1362 4963 τὴν
1387 4892 1485 4961 τῆς
1516 4892 1816 4961 περιτομῆς
1835 4909 1847 4921 ·

197 4978 403 5032 διέθετο
422 4978 683 5050 διαθήκην
715 4980 803 5034 διὰ
823 4980 1099 5043 Μωῦσέως
1134 4980 1230 5050 τὴν
1253 4980 1347 5032 καὶ
1384 4980 1516 5031 πᾶσι
1557 4978 1850 5049 γνώριμον.

198 5064 368 5119 Εἶπεν
391 5068 419 5119 6
448 5068 576 5137 Ἰερε
586 5068 736 5138 μίας·
758 5067 1118 5137 Διαθήσομαι
1145 5068 1287 5135 ὑμῖν
1304 5066 1596 5132 διαθήκην
1616 5066 1852 5132 καινὴν,

196 5159 272 5212 οὐ
318 5160 467 5211 κατὰ
508 5160 621 5225 τὴν
661 5158 953 5225 διαθήκην
984 5157 1063 5223 ῆν
1091 5157 1367 5225 διεθέμην
1400 5156 1517 5220 τοῖς
1561 5154 1857 5221 πατράσιν

196 5243 387 5313 ὑμῶν.
418 5246 576 5314 Εἰπὲ,
610 5250 781 5308 ποίοις
806 5245 1043 5316 πατράσι
1076 5262 1089 5309 ;
1134 5246 1228 5297 καὶ
1260 5244 1369 5313 γὰρ
1429 5246 1457 5296 6
1517 5244 1637 5295 Νῶε
1677 5243 1857 5311 πατὴρ

202 5330 291 5407 ἦν,
319 5332 413 5385 καὶ
436 5332 464 5384 6
489 5331 736 5403 Ἀϐραὰμ
764 5332 945 5402 πατὴρ
969 5328 1035 5402 ἦν
1053 5349 1066 5362 ·
1093 5332 1265 5394 ποίοις
1285 5327 1377 5384 οὖν
1409 5330 1556 5398 λέγει
1582 5330 1818 5400 πατράσι
1840 5347 1855 5395 ;

199 5420 264 5472 τὸ
297 5418 407 5489 γὰρ
432 5418 732 5489 ἀδιόριστον
778 5420 871 5472 106
908 5418 1198 5490 προσώπου
1233 5419 1492 5488 σύγχυσιν
1538 5421 1699 5470 ποιεῖ.
1738 5418 1857 5470 Ἑν-

200 5506 378 5561 ταῦθα
408 5508 698 5577 προσέχετε
721 5524 737 5537 ·
762 5510 842 5561 Οὐ
864 5507 1013 5560 κατὰ
1032 5507 1147 5575 τὴν
1171 5505 1466 5573 διαθήκην
1482 5504 1560 5572 ἣν
1584 5504 1860 5573 διεθέμην

202 5594 329 5660 τοῖς
357 5594 655 5661 πατράσιν
684 5593 865 5663 ὑμῶν.
912 5595 1029 5647 Ἵνα
1052 5594 1160 5665 γὰρ
1210 5596 1283 5665 μὴ
1335 5594 1497 5667 λέγῃς
1525 5595 1604 5647 ὃτι
1632 5594 1731 5664 τὴν
1769 5596 1861 5649 ἐπὶ

204 5682 333 5735 Νῶε
369 5682 537 5750 λέγει,
587 5683 671 5735 ’ίνα
724 5682 798 5755 μὴ
835 5683 1000 5755 λέγῃς
1054 5684 1135 5736 ὃτι
1182 5684 1281 5753 τὴν
1328 5683 1419 5735 ἐπὶ
1457 5683 1552 5735 106
1611 5682 1861 5753 Ἀϐραὰμ

208 5770 382 5839 λέγει,
416 5771 578 5825 αὑτοῦ
603 5770 696 5823 τοῦ
730 5771 925 5840 χρόνου
958 5770 1143 5823 λοιπὸν
1168 5770 1277 5823 τῶν
1314 5769 1587 5839 διαθηκῶν
1619 5772 1863 5841 ἐμνημό-

203 5877 395 5917 νευσεν
431 5860 635 5923 οὕτως·
678 5860 844 5914 εἰπὼν
870 5860 995 5931 γὰρ,
1029 5861 1110 5915 ὄτι
1154 5858 1519 5928 Διαθήσομαι
1548 5856 1690 5926 ὑμῖν
1732 5857 1860 5911 δια-

1415 430 1500 484 DE
1541 421 2005 483 ΡοΕιειτΕΝΤιΑ.
2055 421 2285 478 ιιοΜιι..
2327 422 2411 476 VI.

3494 411 3595 465 320

1946 538 2158 607 θήκην,
2189 541 2261 593 οὐ
2299 538 2449 593 κατὰ
2474 536 2589 605 τὴν
2608 536 2897 603 διαθήκην
2925 532 3003 601 ἢν
3032 530 3307 599 διεθέμην
3340 526 3461 591 τοῖς
3487 541 3596 578 παι-

1943 626 2155 695 τράσιν
2183 626 2367 696 ὑμῶν,
2401 626 2649 696 ἐπήγαγε
2696 622 2788 676 καὶ
2836 622 2926 675 τὸν
2976 620 3200 691 χρόνον·
3249 618 3351 669 Ἐν
3405 612 3596 683 ήμέρᾳ

1943 712 2376 781 ἐπιλαϐομένου
2404 730 2522 782 μου
2549 710 2659 778 τῆς
2700 709 2895 778 χειρὸς
2932 706 3129 761 αὐτῶν
3152 702 3464 771 ἐξαγαγεῖν
3488 701 3595 753 αὑ-

1942 798 2083 864 τοὺς
2107 800 2174 852 ἐκ
2204 799 2319 868 γῆς
2343 800 2662 869 Αἰγύπτου.
2692 794 2841 859 Εἶδες
2894 798 2922 848 6
2970 793 3065 846 τοῦ
3096 790 3288 862 καιροῦ
3317 786 3593 859 διορισμὸς

1942 887 2115 957 πόσην
2134 888 2355 957 ἐποίησε
2388 887 2486 958 τὴν
2518 887 2841 957 σαφήνειαν;
2873 882 3068 935 Οὐκέτι
3087 878 3269 932 λοιπὸν
3298 876 3418 930 οὐδὲ
3458 876 3592 927 Ἰου-

1942 972 2088 1036 δαῖος
2115 974 2413 1042 ἀντιλέγει·
2444 972 2818 1043 ἀναμνήσθητι
2845 969 2939 1023 106
2971 969 3186 1039 χρόνου,
3223 966 3316 1019 καὶ
3335 963 3469 1017 λάϐε
3492 961 3591 1032 τὴν

1942 1061 2262 1130 νομοθεσίαν
2278 1079 2293 1092 ·
2340 1063 2441 1115 Ἐν
2472 1061 2659 1130 ἡμέρα
2687 1056 3115 1126 ἐπιλαϐομένου
3126 1072 3244 1124 μου
3267 1051 3373 1120 τῆς
3394 1048 3591 1117 χειρὸς

1939 1148 2157 1202 αὐτῶν.
2205 1150 2303 1203 Διά
2346 1150 2396 1201 τί
2441 1150 2498 1202 δὲ
2548 1149 2641 1202 καὶ
2689 1148 2779 1200 τὸν
2812 1145 3011 1215 τρόπον
3047 1143 3195 1210 λέγει
3224 1140 3324 1209 τῆς
3363 1136 3587 1201 ἐξόδους

1950 1236 2414 1299 Ἐπιλαϐομένου
2430 1254 2548 1305 μου
2571 1234 2681 1304 τῆς
2714 1234 2911 1303 χειρὸς
2934 1230 3128 1286 αὐτῶν
3150 1226 3460 1297 ἐξαγαγεῖν
3484 1225 3591 1278 αὐ-

1936 1326 2077 1391 τοὺς
2098 1327 2166 1379 ἐκ
2199 1327 2313 1395 τῆς
2342 1327 2662 1395 Αἰγύπτου.
2696 1325 2812 1376 Ἵνα
2841 1320 3110 1391 πατρικὴν
3132 1317 3279 1388 δείξῃ
3310 1315 3591 1384 φιλοστορ-

1937 1415 2084 1482 γίαν,
2115 1416 2212 1485 ούχ
2243 1416 2317 1478 ώς
2349 1414 2567 1477 δούλους
2606 1414 2892 1485 ἐξήγαγεν,
2925 1410 3038 1464 ἀλλ’
3067 1409 3141 1472 ὡς
3172 1407 3380 1461 παιδίον
3410 1401 3589 1458 λαϐὼν

1937 1502 2137 1573 πατὴρ,
2162 1501 2332 1567 οὕτως
2360 1503 2687 1573 ἀπήλλαξεν,
2713 1503 2812 1555 οὐκ
2838 1499 3061 1553 ὄπισθεν
3092 1496 3328 1567 βαδίζειν
3356 1491 3591 1546 κελεύων

1936 1589 2125 1660 ὥσπερ
2144 1590 2382 1661 οἰκέτην,
2422 1591 2536 1644 ἀλλ’
2558 1591 2631 1654 ώς
2666 1590 2779 1642 υἱὸν
2810 1587 3001 1657 εὐγενῆ
3029 1586 3123 1638 καὶ
3160 1583 3465 1652 ἐλεύθερον,
3492 1581 3589 1650 τῆς

1936 1678 2114 1742 δεξιᾶς
2138 1678 2454 1749 λαϐόμενος,
2493 1678 2668 1742 οὕτως
2696 1678 2987 1748 ἐξήγαγεν,
3021 1671 3174 1738 Εἶδες
3200 1673 3292 1726 δύο
3315 1669 3590 1737 διαθηκῶν

1936 1765 2031 1818 ἕνα
2080 1765 2404 1837 νομοθέτην;
2454 1766 2665 1819 Οὐκοῦν
2721 1765 2904 1818 λοιπὸν
2955 1763 3141 1833 ἐπειδὴ
3195 1760 3301 1814 τῶν
3364 1757 3590 1826 ἀγώνων

1936 1852 2357 1923 ἀπηλλάγημεν,
2380 1854 2474 1906 καὶ
2507 1853 2615 1906 ἀπὸ
2632 1854 2730 1923 τῆς
2755 1852 2965 1922 Καινῆς
2992 1851 3148 1915 δείξω
3172 1866 3253 1901 σοι
3290 1846 3465 1910 τοῦτο,
3502 1845 3591 1897 ἴνα

1937 1941 2083 2012 εἰδῇς
2130 1941 2227 2011 τὴν
2264 1941 2583 2011 συμφωνίαν
2610 1930 2717 1993 τῶν
2754 1938 3047 2009 διαθηκῶν.
3077 1933 3228 1999 Εἶδες
3251 1936 3349 2005 τὴν
3374 1949 3590 2003 προφη-

1936 2030 2085 2082 τείαν
2109 2028 2196 2081 διὰ
2219 2029 2327 2081 τῶν
2359 2029 2647 2100 ῥημάτων;
2679 2027 2817 2097 μάθε
2858 2026 2954 2097 τὴν
2989 2023 3322 2096 προφητείαν
3365 2022 3457 2074 καί¹
3503 2016 3592 2073 διὰ

1936 2114 2044 2167 τῶν
2082 2114 2284 2177 τύπων,
2334 2116 2381 2166 εἰ
2413 2114 2505 2165 καὶ
2547 2112 2634 2166 διά
2662 2125 2688 2152 ⁸
2714 2110 2871 2164 τοῦτο
2910 2111 3071 2164 πάλιν
3100 2109 3309 2177 ἀσαφές
3335 2109 3502 2169 ἐστιν,
3538 2102 3591 2156 τί

1936 2201 2067 2253 ποτέ
2094 2202 2207 2254 ἐστι
2243 2200 2333 2254 διὰ
2372 2200 2543 2253 τύπου
2576 2198 2903 2268 προφητεία,
2936 2198 3029 2250 καὶ
3083 2197 3136 2249 τί
3188 2195 3317 2248 ποτέ
3346 2194 3461 2245 ἐστι
3503 2191 3591 2245 διὰ

1936 2288 2091 2357 λόγου
2127 2288 2462 2359 προφητεία·
2513 2286 2706 2339 οὐκοῦν
2733 2287 2787 2337 ὲν
2823 2284 3012 2356 βραχεῖ
3040 2284 3134 2337 καὶ
3179 2282 3335 2335 τοῦτο
3384 2281 3591 2351 ποιήσω

1939 2377 2127 2445 σαφές.
2176 2377 2240 2427 Ἡ
2265 2374 2569 2445 προφητεία
2590 2377 2621 2443 ἡ
2642 2373 2730 2425 διὰ
2752 2372 2845 2425 106
2876 2372 3046 2425 τύπου
3081 2373 3115 2442 ή
3137 2370 3224 2423 διὰ
3249 2369 3591 2440 πραγμάτων

1938 2462 2053 2515 ἐστὶ
2081 2460 2404 2533 προφητεία,
2430 2461 2462 2529 ή
2497 2460 2553 2511 δὲ
2583 2458 2718 2528 άλλη
2749 2456 3111 2529 προφητείαή
3159 2456 3248 2508 διὰ
3273 2456 3380 2507 τῶν
3414 2453 3593 2524 ῥημά-

1936 2566 2044 2602 των
2072 2549 2187 2601 ὲστὶ
2221 2546 2556 2617 προφητεία·
2607 2546 2735 2607 τοὺς
2786 2545 2881 2614 μὲν
2922 2543 3029 2613 γὰρ
3064 2542 3463 2611 συνετωτέρους
3501 2540 3589 2593 διά

1936 2636 2044 2688 τῶν
2066 2635 2238 2703 λόγων
2267 2634 2472 2699 ἔπειθε,
2497 2634 2623 2695 τοὺς
2650 2632 2707 2685 δὲ
2734 2630 3218 2702 ἀναισθητοτέρους
3254 2629 3349 2682 καὶ
3372 2628 3459 2680 διὰ
3492 2628 3592 2697 τῆς

1937 2722 2045 2775 τῶν
2105 2724 2445 2793 πραγμάτων
2498 2721 2673 2789 ὅψεως
2744 2718 3127 2789 έπληροφόρει.
3205 2714 3422 2785 Ἐπειδὴ
3483 2714 3592 2784 γὰρ

1940 2812 2170 2880 πρᾶγμα
2200 2810 2423 2880 ἔμελλεν
2452 2807 2782 2877 ὲκϐήσεσθαι
2826 2806 2988 2876 μέγα,
3029 2805 3123 2858 καὶ
3174 2806 3202 2857 6
3235 2802 3367 2865 Θεὸς
3414 2802 3595 2870 σάρκα

1938 2898 2161 2968 ἔμελλεν
2204 2897 2601 2968 ἀναλαμϐάνειν
2624 2910 2640 2926 ·
2680 2894 2864 2964 ἐπειδὴ
2904 2897 2936 2963 ή
2990 2893 3059 2961 γῆ
3104 2891 3331 2961 οὐρανὸς
3372 2889 3596 2960 ἔμελλεν

1941 2985 2181 3051 ἔσεσθαι,
2230 2986 2323 3039 καὶ
2356 2986 2389 3054 ἡ
2416 2984 2661 3055 ἡμετέρα
2713 2981 2874 3051 φύσις
2908 2981 3043 3051 πρὸς
3079 2980 3175 3050 τὴν
3205 2978 3312 3031 τῶν
3352 2976 3596 3045 ἀγγέλων

1941 3075 2217 3144 εὐγένειαν
2248 3073 2578 3141 ἀνάγεσθαι·
2629 3070 2817 3140 ἐπειδὴ
2874 3068 3229 3138 ὑπερέϐαινεν
3279 3064 3469 3118 ἐλπίδα
3502 3064 3598 3118 καὶ

1942 3162 2263 3234 προσδοκίαν
2289 3163 2316 3214 6
2340 3161 2495 3229 λόγος
2533 3159 2639 3212 τῶν
2664 3157 2960 3229 μελλόντων
3000 3154 3327 3225 ὲκϐήσεσθαι
3355 3152 3596 3221 ἀγαθῶν,

1946 3254 2032 3306 ῐνα
2061 3253 2134 3323 μὴ
2164 3253 2225 3304 τὸ
2251 3251 2433 3303 καινὸν
2463 3248 2557 3300 καὶ
2578 3243 2876 3317 παράδοξον
2904 3241 2969 3295 ἀθ
2980 3241 3114 3313 ρόως
3132 3242 3296 3310 φανὲν
3328 3238 3599 3311 θορυϐήσῃ

1945 3342 2071 3403 τοὺς
2100 3341 2217 3393 τότε
2250 3337 2510 3408 ὁρῶντας,
2539 3336 2633 3388 καὶ
2658 3332 2974 3393 ἀκούοντας,
3005 3328 3212 3383 ἀνωθεν
3249 3326 3601 3398 προετύπωσε

1946 3428 1975 3467 ι)
2012 3427 2101 3480 διὰ
2130 3427 2466 3497 πραγμάτων
2505 3425 2599 3477 καὶ
2641 3422 2729 3474 διὰ
2767 3421 3026 3492 ῥημάτων
3077 3417 3270 3481 ἐθίζων
3312 3414 3472 3486 ήμῶν
3504 3413 3603 3484 τήν

1946 3515 2113 3586 ἀκοὴν
2148 3516 2242 3568 καὶ
2279 3514 2376 3583 τὴν
2409 3513 2551 3581 ὄψιν,
2583 3511 2676 3564 καὶ
2704 3510 2765 3562 τὸ
2816 3508 3005 3579 μέλλον
3050 3503 3377 3577 ὲκϐήσεσθαι
3425 3518 3607 3571 παρα-

1949 3603 2246 3667 σκευάζων.
2287 3600 2456 3654 Τοῦτο
2486 3600 2543 3652 δὲ
2573 3594 2641 3669 ἦν
2691 3597 2826 3667 ὅπερ
2856 3595 3115 3665 ἐλέγομεν
3136 3634 3150 3657 ,
3185 3593 3237 3645 τί
3272 3594 3419 3644 ἐστιν
3451 3591 3483 3661 ή
3516 3589 3605 3642 διά

1946 3691 2117 3744 τύπου
2149 3690 2473 3761 προφητεία,
2507 3688 2601 3741 καὶ
2634 3688 2687 3738 τί
2716 3687 2862 3738 ἐστιν
2894 3686 2927 3753 ή
2954 3683 3044 3736 διὰ
3070 3682 3228 3749 λόγου
3264 3678 3601 3749 προφητεία·

1947 3781 1981 3849 ή
2021 3780 2117 3849 μὲν
2149 3779 2235 3832 διὰ
2270 3777 2629 3849 πραγμάτων,
2659 3777 2692 3846 ή
2719 3773 2886 3827 δὲδιά
2918 3771 3197 3842 ῥημάτων.
3227 3769 3379 3821 Εἴπω
3415 3782 3494 3818 σοι
3520 3764 3608 3817 διὰ

1950 3868 2275 3938 πράγματος
2306 3864 2641 3935 προφητείαν
2659 3862 2752 3915 καὶ
2780 3860 2867 3913 διὰ
2894 3861 3137 3929 ῥήματος
3166 3857 3245 3918 εἰς
3275 3853 3467 3917 αὑτόν;
3509 3852 3609 3917 Ὠς

1950 3957 2246 4024 πρόϐατον
2274 3954 2370 4006 ἐπὶ
2406 3951 2652 4021 σφαγὴν
2684 3950 2863 4018 ἤχθη,
2899 3946 2995 3999 καί
3029 3946 3110 4009 ὡς
3127 3942 3314 4013 ἀμνὸς
3332 3940 3610 3994 ἐναντίον

1951 4045 2056 4098 τοῦ
2098 4042 2246 4115 [524]
2281 4044 2586 4111 κείροντος
2619 4041 2823 4095 αὐτόν.
2856 4034 3026 4089 Τοῦτο
3054 4032 3143 4087 διὰ
3178 4032 3421 4103 ῥήματος
3471 4045 3607 4098 προ-

1954 4132 2171 4201 φητεία.
2214 4130 2341 4182 ’Ὀτε
2386 4128 2495 4197 γὰρ
2529 4127 2621 4179 τὸν
2674 4124 2862 4178 Ἰσαὰκ
2906 4123 3204 4192 ἀνήνεγκεν
3248 4121 3276 4172 6
3323 4115 3605 4186 Ἀϐραὰμ,

1951 4220 2070 4271 τότε
2111 4217 2384 4286 πρόϐατον
2425 4214 2546 4267 ἰδὼν
2580 4213 2998 4284 ἐκκρεμάμενον
3051 4209 3115 4260 ἐκ
3168 4205 3278 4258 τῶν
3338 4204 3606 4273 κεράτων,

1953 4305 2090 4374 πρὸς
2145 4303 2242 4373 τὴν
2301 4302 2490 4355 θυσίαν
2544 4301 2747 4369 ἤγαγεν
2806 4297 2981 4367 ἔργῳ,
3042 4294 3287 4361 καθάπερ
3346 4292 3403 4342 ὲν
3453 4288 3609 4358 τύπῳ

1957 4389 2365 4464 προαναφωνῶν
2394 4390 2524 4458 ἡμῖν
2557 4388 2618 4440 τὸ
2644 4386 2912 4455 σωτήριον
2943 4381 3133 4445 πάθος.

2023 4486 2083 4532 ε’.
2106 4481 2283 4548 Ὅπερ
2312 4473 2402 4530 οὖν
2420 4476 2620 4544 ἔλεγον,
2646 4472 2821 4542 βούλει
2845 4488 2926 4522 σοι
2947 4469 3103 4535 δείξω
3120 4468 3213 4529 τάς
3231 4465 3322 4518 δύο
3344 4464 3605 4534 διαθήκας

1954 4570 2154 4632 ταύτας
2183 4568 2270 4621 διά
2288 4567 2397 4619 τῶν
2420 4566 2595 4635 ἔργων
2617 4582 2630 4629 ;
2660 4564 2869 4633 Ὠσπερ
2896 4556 3035 4620 εἶδες
3057 4557 3117 4609 τὸ
3143 4555 3410 4626 πρόϐατον
3445 4555 3502 4607 ὲν
3532 4552 3608 4621 τῷ

1955 4662 2180 4731 ῥήματι,
2213 4655 2448 4727 μάνθανε
2482 4654 2575 4707 καὶ
2603 4655 2660 4705 ὲν
2700 4650 2777 4719 τῷ
2806 4647 3113 4719 πράγματι.
3144 4641 3357 4731 ιτέτετέ
3387 4658 3499 4731 μοι
3554 4643 3608 4693 οὶ

1956 4728 2070 4799 υπὸ
2132 4745 2319 4812 νόμον
2356 4740 2631 4803 θέλοντες
2678 4734 2850 4790 εἶναι.
2902 4731 3097 4795 Καλῶς
3134 4728 3276 4791 εἶπε,
3324 4729 3611 4793 Θέλοντες

1953 4830 2135 4887 εἶναι·
2189 4833 2247 4884 οὐ
2287 4830 2395 4899 γὰρ
2435 4825 2600 4898 ἦσαν·
2652 4828 2707 4878 εἰ·
2741 4824 2850 4894 γάρ
2878 4818 3018 4892 ἦσαν
3048 4820 3153 4873 ὑπὸ
3181 4819 3365 4887 νόμον,
3406 4817 3507 4869 οὐκ
3545 4814 3611 4868 ἀν

1954 4918 2092 4993 ἦσαν
2142 4921 2245 4973 ὑπὸ
2271 4919 2453 4988 νόμον.
2504 4916 2656 4984 Τάχα
2690 4912 2918 4982 αἴνιγμά
2958 4912 3071 4961 ἐστι
3103 4908 3164 4961 τὸ
3195 4907 3505 4976 λεγόμενον.
3554 4904 3612 4955 '0

1956 5010 2063 5082 γὰρ
2087 5010 2248 5079 νόμος
2276 5007 2354 5077 τῷ
2387 5002 2606 5074 Χριστῷ
2645 5001 2973 5072 παρέπεμπε
3003 4998 3130 5059 τοὺς
3151 4995 3516 5067 προσέχοντας
3538 5009 3549 5021 ·
3583 4993 3612 5043 6

1955 5080 2043 5151 τὸν
2076 5096 2391 5151 διδάσκαλον
2430 5092 2733 5162 ἀτιμάζων,
2777 5089 2964 5155 ἀγνοεῖ
2988 5086 3081 5138 καὶ
3120 5084 3208 5136 τὸν
3240 5080 3608 5150 παιδαγωγόν.

1957 5187 2067 5246 Διὸ,
2096 5186 2247 5256 φησὶ,
2281 5180 2494 5251 Λέγετέ
2527 5197 2628 5249 μοι
2661 5182 2714 5231 οἱ
2745 5176 2865 5231 ὑπὸ
2895 5174 3082 5243 νόμον
3116 5171 3392 5233 θέλοντες
3436 5165 3609 5256 εἶναι,

1956 5278 2061 5330 τὸν
2110 5254 2298 5342 νόμον
2331 5273 2441 5324 οὑκ
2474 5268 2720 5322 ἀκούετε
2741 5305 2756 5329 ,
2810 5264 2899 5317 ὅτι
2943 5266 2975 5317 ό
3018 5258 3271 5327 Ἀϐραὰμ
3302 5258 3410 5310 δύο
3442 5254 3613 5319 υἱοὺς

1958 5366 2161 5432 ἔσχεν,
2188 5361 2296 5415 ἕνα
2331 5360 2399 5411 ἐκ
2428 5357 2537 5424 τῆς
2572 5354 2915 5419 παιδίσκης,
2948 5350 3043 5403 καὶ
3068 5349 3174 5401 ἕνα
3196 5347 3262 5432 ἐκ
3295 5344 3403 5412 τῆς
3444 5343 3613 5432 ἐλευῖ

1958 5428 2152 5518 θέρας,
2206 5446 2379 5502 ἅτινά
2422 5446 2592 5498 ἐστιν
2622 5438 3139 5510 ἀλληγορούμενα.
3188 5430 3340 5496 Εἶδες
3381 5431 3468 5484 διά
3515 5428 3610 5481 106

2022 5682 2047 5731 δ
2076 5675 2561 5739 ιρςεηόιιιηίτοιιεαιι
2596 5672 2764 5739 ἐἰ-καὶ
2805 5670 2878 5726 δή·
2915 5666 3135 5729 quamvis
3167 5664 3207 5711 si
3254 5657 3615 5739 (611015103311!

1960 5718 2757 5806 ρτὲρρξῗιῖοιῖεἶο-διά-ειωρὶῖείιει·
2779 5718 3198 5801 προτίθεταρει·
3217 5735 3293 5771 me
3318 5718 3450 5769 licet.
3476 5718 3611 5768 Εοιτ.

2023 5804 2051 5842 δ
2077 5800 2236 5851 Oltob.
2272 5798 2677 5851 ποοανετύπωσεν.
2726 5793 2835 5842 Mox
2863 5791 3032 5841 Morel.
3078 5790 3254 5846 εθιζων,
3294 5783 3443 5832 Ξεινὶι.
3468 5778 3616 5841 ἐρεθί.

2024 5814 2051 5842 υ
2077 5814 2236 5851 Ultor).
2272 5814 2677 5861 προανετυπωσεν.
2727 5814 2835 5842 mox
2864 5814 3032 5841 MUl'cl.
3078 5814 3254 5846 wu.wv,

1965 5872 2070 5925 ζων.
2095 5861 2258 5915 οιιοι).
2284 5860 2506 5916 ἑνεθίζων.
