4066 6392
463 400 561 461 εει

464 518 788 589 πράγματος
810 520 1142 591 προφητείαν
1164 539 1178 588 ;
1205 523 1278 575 Τὸ
1290 523 1397 594 γάρ
1417 528 1682 592 γυναῖκας
1699 524 1844 595 ἔχειν
1858 526 1920 577 οὐ
1944 525 2115 594 ῥῆμα,

463 607 602 660 ἀλλά
629 611 860 680 πρᾶγμα
883 623 899 638 ·
940 609 1034 662 καὶ
1059 609 1254 678 δούλην
1281 611 1377 664 καὶ
1401 611 1692 684 ἐλευθέραν
1720 612 1898 678 ἐδειξά
1927 627 2008 664 σοι
2031 611 2120 664 διὰ

464 694 574 748 τῶν
628 695 907 766 ῥημάτων,
957 697 1039 749 ὅτι
1071 695 1166 750 δύο
1196 697 1470 768 διαθηκῶν
1500 693 1581 763 εἷς
1623 703 1740 754 ἐστι
1777 699 2073 770 νομοθέτης
2107 714 2121 731 ·

469 783 708 853 μάνθανε
727 784 821 836 καὶ
848 783 936 836 διὰ
960 785 1068 837 τῶν
1091 784 1274 838 τύπων
1303 787 1362 841 τὸ
1391 787 1524 840 αὐτὸ
1543 789 1720 842 τοῦτο.
1763 789 2010 860 Ἀϐραὰμ
2029 788 2122 842 δύο

465 872 732 937 γυναῖκας
781 871 964 940 ἔσχεν·
1023 866 1183 926 αὗται
1239 873 1296 926 δέ
1345 875 1450 927 είσι
1487 875 1579 928 δύο
1615 876 1888 945 διαθῆκαι,
1926 877 2018 928 καὶ
2042 871 2122 939 εἷς

465 956 789 1026 νομοθέτης·
823 956 1008 1030 ῶσπερ
1032 961 1148 1013 ἐκεῖ
1171 960 1440 1031 πρόϐατον
1475 963 1568 1014 καὶ
1603 963 1891 1032 πρόϐατον.
1930 964 1989 1015 16
2025 964 2122 1031 μὲν

465 1042 525 1094 ἐν
550 1044 773 1114 ῥήματι,
801 1044 862 1098 16
899 1045 956 1098 66
987 1048 1045 1098 6v
1076 1049 1379 1118 πράγματι,
1414 1049 1580 1119 πολλὴ
1615 1050 1670 1102 66
1697 1051 1791 1103 καὶ
1812 1051 1921 1102 τῶν
1948 1051 2123 1121 ἔργων

467 1129 572 1206 καὶἰ
588 1129 695 1182 τῶν
725 1130 894 1198 λόγων
927 1133 959 1202 ἡ
995 1133 1278 1202 συμφωνία
1298 1151 1310 1164 ·
1338 1137 1478 1188 οὕτω
1499 1137 1592 1190 καὶ
1625 1137 1855 1191 ἐνταῦθα
1873 1139 2123 1207 διαθῆκαι

462 1213 575 1278 δύο,
607 1217 698 1270 καὶ
726 1219 928 1282 ταύτας
960 1221 988 1272 6
1019 1221 1118 1290 μὲν
1163 1221 1426 1292 Ἱερεμίας
1460 1222 1547 1276 διά
1571 1226 1810 1295 ῥήματος
1842 1229 2120 1296 προεῖπεν,

463 1304 492 1354 6
517 1302 572 1356 66
607 1303 853 1374 Ἀϐραὰμ
878 1306 966 1359 διὰ
1000 1306 1104 1359 τῶν
1131 1307 1306 1377 ἔργων
1332 1309 1610 1364 ἐτύπωσεν
1632 1312 1689 1363 ἐν
1711 1311 1788 1380 τῷ
1816 1312 1909 1364 δύο
1933 1316 2122 1379 γυναῖ-

465 1404 566 1450 κας
595 1387 755 1458 ἔχειν.
775 1391 982 1462 Ὥσπερ
1011 1393 1117 1464 γὰρ
1137 1389 1217 1456 εἷς
1241 1394 1377 1464 ἀνηρ
1413 1397 1504 1448 καὶ
1535 1394 1626 1448 δύο
1654 1400 1927 1465 γυναῖκες,
1950 1398 2122 1464 οὕτως

464 1472 544 1540 εἷς
574 1478 865 1550 νομοθέτης
891 1482 984 1533 καὶ
1010 1481 1102 1534 δύο
1131 1481 1404 1552 διαθῆκαι.
1445 1483 1584 1536 Ἀλλ’
1617 1487 1750 1557 ὅπερ
1792 1485 1994 1554 ἔλεγον,
2029 1490 2123 1541 καὶ

463 1568 529 1621 δι’
545 1567 574 1620 δ
599 1570 778 1624 πάντα
798 1569 967 1624 ταῦτα
989 1572 1285 1642 κεκίνηται·
1308 1571 1427 1626 οὐδὲ
1445 1573 1550 1644 γὰρ
1567 1575 1671 1644 χρὴ
1697 1576 1795 1645 τῆς
1813 1576 2119 1641 ὑποθέσεως

464 1657 716 1709 ἐκπεσεῖν
735 1673 750 1688 ·
782 1656 845 1710 '0
876 1657 1180 1726 ἐμϐλέψας
1208 1660 1461 1728 γυναῖκα
1490 1661 1639 1728 πρὸς
1659 1664 1723 1715 τὸ
1755 1662 2118 1732 ἐπιθυμῆσαι

463 1743 672 1812 αὐτῆς,
702 1742 818 1812 ἤδη
853 1745 1206 1814 ἐμοίχευσεν
1233 1747 1426 1815 αὐτὴν
1457 1749 1527 1801 ὲν
1564 1747 1639 1816 τῇ
1673 1749 1886 1818 καρδίᾳ
1909 1753 2114 1806 αὐτοῦ.

463 1829 603 1881 Ναί·
630 1829 786 1895 ἀλλά,
814 1830 880 1884 δι’
916 1831 944 1883 6
970 1831 1140 1885 ταῦτα
1182 1833 1358 1887 πάντα
1387 1836 1738 1907 ἐκινήσαμεν,
1767 1839 1910 1902 τίνος
1936 1839 2118 1893 ἕνεκεν

463 1915 643 1979 αὐτοῖς
682 1916 907 1970 παλαιὸν
943 1917 1300 1985 ἀναγινώσκει
1325 1920 1515 1992 νόμον;
1570 1923 1715 1991 λέγει
1762 1925 1869 1996 γὰρ
1896 1925 2077 1989 αὐτοῖς
2100 1943 2114 1957 ο

473 2004 798 2058 Ἠκούσατε
825 2003 914 2057 ὅτι
939 2005 1145 2073 ἐρρέθη
1171 2007 1293 2070 τοῖς
1328 2009 1617 2076 ἀρχαίοις,
1642 2013 1724 2064 Οὐ
1748 2012 2114 2079 μοιχεύσεις.

462 2091 702 2145 Συνεῖδεν
729 2093 810 2146 611
836 2091 1089 2146 δύσκολόν
1138 2096 1252 2147 ἐστι
1299 2096 1361 2148 16
1391 2096 1698 2167 ἐπίταγμα,
1721 2137 1724 2142 -
1746 2099 1807 2152 οὐ
1842 2101 1990 2170 παρά
2017 2101 2116 2170 τὴν

459 2181 666 2235 οἰκείαν
695 2181 874 2251 φύσιν,
903 2182 1036 2236 άλλά
1067 2185 1217 2255 παρά
1235 2185 1331 2256 τὴν
1353 2187 1626 2259 ρᾳθυμίαν
1650 2189 1757 2241 τῶν
1787 2190 2112 2244 ἀκουόντων.

463 2267 639 2322 Πολλά
666 2269 775 2338 γὰρ
809 2271 902 2323 καὶ
937 2270 1097 2339 φύσει
1129 2271 1326 2326 εὔκολα
1352 2273 1480 2328 ὄντα
1509 2274 1928 2346 δυσκατόρθωτα
1967 2279 2114 2346 γίνε-

460 2371 568 2420 ται,
617 2357 744 2408 ὅταν
800 2355 1160 2427 ρᾳθυμῶμεν·
1204 2358 1392 2430 ὥσπερ
1423 2355 1515 2414 οὖν
1561 2363 1654 2414 καὶ
1704 2363 1933 2417 δύσκολα
1966 2366 2113 2433 ὄντα,

461 2441 762 2511 κοῦφακαὶ
792 2446 966 2514 ῥᾷστα
995 2445 1203 2513 γίνεται
1254 2447 1658 2512 σπουδαζόντων
1694 2451 1870 2520 ἡμῶν.
1905 2453 1979 2504 Οὐ
2005 2453 2114 2525 γὰρ

461 2530 518 2582 ἐν
563 2532 628 2599 τῇ
676 2529 834 2598 φύσει
861 2531 969 2584 τῶν
1021 2533 1363 2604 πραγμάτων
1410 2538 1444 2606 ἡ
1493 2537 1770 2603 δυσκολία,
1818 2539 1932 2593 ἀλλ’
1963 2542 2022 2594 ἐν
2045 2545 2112 2613 τῇ

459 2618 774 2688 προαιρέσει
804 2617 911 2672 τῶν
951 2621 1260 2689 μετιόντων.
1304 2622 1414 2674 Καὶ
1446 2623 1528 2676 ὄτι
1555 2623 1711 2678 τοῦτό
1742 2629 1887 2679 ἐστιν
1917 2628 2113 2701 ἀληθὲς

460 2705 615 2774 δῆλον
636 2705 882 2760 ἐντεῦθεν
899 2725 912 2738 ·
937 2707 997 2760 16
1022 2709 1144 2779 μέλι
1169 2708 1330 2778 φύσιν
1347 2710 1457 2782 ἔχει
1473 2713 1728 2780 γλυκεῖαν
1755 2717 1849 2770 καὶ
1869 2718 2110 2789 ἡδίστην,

459 2790 596 2844 ἀλλά
624 2794 735 2854 τοῖς
773 2793 986 2847 νοσοῦσι
1038 2797 1131 2848 καὶ¹
1180 2797 1372 2868 πικρόν
1418 2799 1654 2854 ἐστικαὶ
1684 2803 1865 2872 ἀηδὲς,
1903 2805 2016 2858 ἀλλ’
2051 2808 2111 2860 οὐ

460 2878 612 2948 παρά
659 2877 756 2949 τὴν
795 2880 1002 2934 οίκείαν
1043 2881 1232 2950 φύσιν,
1280 2884 1417 2938 ἀλλά
1470 2887 1620 2958 παρά
1659 2889 1755 2959 τὴν
1803 2892 2112 2962 ἀρρωστίαν

460 2965 711 3020 ἐκείνων·
753 2965 896 3020 οὕτω
934 2969 1028 3022 καὶ
1068 2973 1097 3023 6
1129 2971 1290 3040 νόμος
1321 2972 1386 3026 ἀν
1417 2973 1545 3044 δοκῇ
1579 2978 1830 3047 φορτικὸς
1861 2976 2018 3044 εἶναι,
2050 2983 2112 3034 οὐ

459 3053 610 3122 παρά
631 3054 730 3125 τὴν
753 3055 958 3109 οἰκείαν
984 3055 1166 3126 φύσιν,
1195 3058 1332 3112 ἀλλά
1352 3061 1506 3132 παρά
1536 3063 1633 3133 τὴν
1656 3065 1928 3138 ἡμετέραν
1951 3067 2114 3138 ρᾳθυ-

461 3141 608 3210 μίαν.
661 3142 736 3195 06
781 3143 945 3208 πολύς
998 3162 1086 3216 μοι
1134 3147 1294 3211 πόνος
1339 3147 1510 3214 δεῖξαι
1559 3149 1778 3204 εὖκολον
1826 3154 1974 3217 δντα,
2027 3157 2115 3210 ἵνα

457 3229 775 3301 κατορθωθῇ
793 3247 806 3262 ·
841 3231 900 3284 τὸ
929 3232 1037 3304 γὰρ
1060 3231 1314 3287 δύσκολον
1337 3237 1498 3290 αὐτὸν
1539 3239 1724 3292 ποιοῦν
1750 3241 1812 3293 16
1839 3242 2023 3314 ἕτερον
2047 3241 2114 3315 ἦν

457 3317 648 3370 εἰπεῖν.
677 3317 792 3370 Νῦν
824 3319 920 3388 μὲν
941 3319 1046 3390 γὰρ
1069 3319 1236 3389 λέγει,
1267 3323 1407 3390 Φύγε
1438 3323 1535 3394 τὴν
1563 3325 1682 3394 ὄψιν
1707 3328 1804 3397 τῆς
1836 3330 2111 3396 γυναικὸς,

455 3402 727 3475 ἀπόστηθι
759 3408 857 3476 τῆς
888 3407 1206 3475 ἀσελγείας·
1242 3410 1302 3462 16
1336 3410 1391 3462 66
1419 3413 1654 3480 χαλεπὸν
1685 3415 1745 3467 16
1777 3417 2017 3469 ἐναντίον
2045 3414 2113 3488 ἦν

458 3493 660 3545 εἰπεῖν·
691 3493 1088 3563 Καταμάνθανε
1133 3497 1232 3558 16;
1286 3502 1577 3564 γυναῖκας,
1633 3504 1996 3572 περιεργάζου
2047 3507 2113 3559 τά

463 3575 636 3647 κάλλη
681 3576 749 3630 τά
799 3578 1076 3650 ἀλλότρια,
1105 3582 1200 3634 καὶ
1244 3581 1386 3635 οὑτω
1430 3585 1528 3654 τῆς
1570 3585 1866 3656 ἐπιθυμίας
1897 3591 2108 3660 κράτει.

463 3665 716 3736 Τοῦτοδὴ
734 3666 987 3721 δύσκολον
1005 3665 1072 3739 ἦν
1089 3685 1102 3697 °
1125 3670 1186 3722 16
1203 3671 1260 3724 66
1281 3673 1450 3725 εἰπεῖν
1470 3674 1649 3738 αὐτὸν,
1671 3675 1811 3743 Φύγε
1833 3675 1931 3747 τὴν
1952 3679 2115 3748 κάμι-

457 3769 567 3817 νον,
603 3752 869 3823 ἀπόστηθι
907 3754 1001 3808 τοῦ
1032 3757 1230 3826 πυρὸς,
1278 3759 1352 3827 μὴ
1402 3760 1765 3832 προσεγγίσῃς
1807 3765 1874 3832 τῇ
1925 3765 2108 3832 φλογὶ,

459 3837 548 3892 ῖνα
569 3838 759 3910 μείνῃς
792 3840 1010 3911 ἀσινὴς,
1033 3843 1230 3914 πολλὴν
1258 3843 1368 3912 ἔχει
1387 3845 1484 3916 τὴν
1512 3845 1778 3898 εὐκολίαν·
1801 3848 1942 3901 κατά
1963 3848 2109 3922 [525]

459 3924 620 3995 φύσιν
660 3927 768 3996 γάρ
803 3927 918 3980 ἐστι
959 3927 1019 3980 16
1073 3929 1373 3999 ἐπίταγμα.
1422 3932 1747 3987 Ἠκούσατε
1777 3934 1866 3988 ὅτι
1900 3936 2110 4006 ἐῤῥέθη

457 4010 582 4078 τοῖς
611 4011 900 4081 ἀρχαίοις,
932 4015 1012 4068 Οὐ
1033 4016 1392 4083 μοιχεύσεις.
1435 4018 1591 4081 Τίνος
1617 4015 1709 4072 οὖν
1739 4021 1923 4074 ἕνεκεν
1967 4025 2113 4093 ἡμᾶς

458 4098 868 4170 ὑπομιμνήσκει
919 4100 1013 4152 τοῦ
1066 4101 1294 4154 παλαιοῦ
1325 4105 1513 4173 νόμου,
1539 4107 1723 4176 ἓτερον
1756 4109 1965 4178 μέλλων
1996 4114 2106 4164 εἰσι

459 4186 638 4256 ἀγειν;
677 4188 794 4240 Ἵνα
836 4188 943 4241 ἀπὸ
969 4188 1070 4257 τῆς
1106 4192 1446 4259 συγκρίσεως
1493 4193 1688 4266 μάθῃς,
1723 4197 1806 4248 ὅτι
1849 4199 1949 4250 οὐκ
1995 4198 2110 4253 ἔστι

460 4274 606 4344 μάχη
655 4275 844 4329 τούτου
895 4277 1184 4330 κάκείνου·
1225 4277 1353 4330 ὅταν
1403 4279 1508 4350 γάρ
1547 4280 1832 4352 σύγκρισις
1882 4278 1938 4354 ᾖ,
1991 4286 2111 4336 τότε

459 4363 812 4434 φανερωτέρα
856 4365 889 4434 ἡ
939 4365 1117 4433 κρίσις
1175 4367 1404 4433 γίνεται.
1460 4368 1674 4440 Ἐπειδὴ
1729 4371 1836 4441 γὰρ
1888 4371 2112 4442 ἔμελλον

458 4448 709 4516 ἐγκαλεῖν
737 4466 901 4514 τινες,
950 4451 1033 4504 ὃτι
1064 4452 1495 4522 ἀντινομοθετῶν
1528 4455 1700 4509 ταῦτα
1729 4457 1910 4525 λέγει·
1957 4460 2110 4525 Ἰδοὺ,

459 4536 642 4607 φησὶν,
692 4538 986 4608 ἑκατέρους
1045 4541 1364 4611 παράλληλα
1413 4541 1634 4613 τίθεμαι
1695 4547 1821 4609 τοὺς
1872 4549 2068 4617 νόμους
2095 4567 2108 4580 ·

457 4621 747 4693 ὼκίμασον
787 4625 880 4677 καὶ
922 4624 1060 4694 μάθε
1103 4625 1199 4697 τὴν
1254 4629 1572 4696 συμφωνίαν
1599 4646 1610 4658 ’
1659 4631 1720 4683 οὐ
1771 4633 1962 4687 τούτου
2002 4635 2058 4686 66
2085 4648 2111 4676 ι

463 4709 644 4778 μόνον,
695 4710 809 4764 ἀλλ’
843 4711 931 4765 ἵνα
960 4711 1108 4784 δείξῃ
1140 4713 1234 4766 καὶ
1283 4713 1504 4768 εὑκολον
1532 4717 1682 4781 ὄντα,
1717 4719 1809 4772 καὶ¹
1843 4721 2114 4791 εὐκαίρως

459 4796 832 4867 εἰσαγόμενον.
867 4798 966 4852 Διά
985 4799 1145 4855 τοῦτό
1198 4817 1380 4872 φησιν⁹
1423 4803 1759 4869 Ἠκούσατε,
1787 4806 1875 4859 ὅτι
1904 4807 2110 4875 ἐρρέθη

456 4884 581 4950 τοῖς
622 4884 911 4953 ἀρχαίοις,
947 4888 1029 4939 Οὐ
1054 4889 1430 4955 μοιχεύσεις·
1460 4889 1713 4944 τοσοῦτον
1747 4893 1935 4964 χρόνον
1983 4899 2112 4965 ἐμε-

460 4970 720 5042 λετὴσατε
770 4972 860 5025 τὸν
897 4973 1128 5028 παλαιὸν
1160 4975 1343 5044 νόμον.
1378 4976 1588 5048 Ὥσπερ
1618 4977 1933 5044 διδάσκαλος
1977 4983 2114 5053 πρὸς

457 5053 670 5108 παιδίον
695 5053 867 5123 λέγων
911 5054 1142 5126 ὀκνηρὸν
1184 5061 1296 5119 τοῖς
1333 5057 1498 5112 πάλαι
1536 5059 1563 5099 b
1597 5060 1914 5132 βουλόμενον
1941 5064 2113 5117 ἐνδια-

455 5141 664 5211 τρίϐειν
718 5141 797 5194 ἐτι
845 5144 1179 5216 μαθήμασιν,
1227 5147 1320 5199 ἐπὶ
1369 5147 1438 5199 τὰ
1472 5147 1780 5220 ὑψηλότερα
1818 5151 2112 5220 ἀναγαγεῖν

459 5228 629 5282 θέλων
654 5229 820 5300 λέγει,
855 5233 1134 5304 Ἐννόησον
1165 5233 1329 5287 πόσον
1361 5235 1550 5306 χρόνον
1577 5236 1640 5289 16
1685 5237 1915 5310 μάθημα
1957 5240 2113 5292 τοῦτο

457 5318 722 5390 κατέσχες
743 5337 756 5350 ·
777 5320 918 5374 οὕτω
945 5321 1040 5374 καὶ
1059 5323 1088 5375 6
1116 5321 1347 5392 X91016;
1367 5324 1815 5394 ἀναμιμνήσκων.
1834 5327 1914 5378 ὅτι
1948 5329 2112 5384 πολὺν

457 5407 648 5477 χρόνον
681 5408 1033 5479 ἐμελέτησαν,
1087 5411 1181 5464 καὶ
1226 5411 1488 5480 κατέσχον
1527 5412 1616 5466 16v
1657 5413 1883 5468 παλαιὸν
1925 5417 2109 5487 νόμον,

457 5495 551 5549 καὶ
581 5495 768 5567 καιρὸς
815 5495 998 5549 λοιπὸν
1031 5498 1167 5568 πρὸς
1210 5498 1300 5551 τὸν
1339 5499 1671 5572 ὑψηλότερον
1705 5503 1979 5569 ἀνελθεῖν,
2032 5509 2111 5571 είς

527 5599 552 5630 l

525 5752 549 5818 ξ
579 5751 766 5818 §upp‘.e
789 5754 961 5818 ἕνεκεν,
984 5755 1078 5804 nisi
1115 5757 1254 5804 malis
1275 5758 1447 5818 legere
1471 5758 1613 5809 τοῦτο
1636 5761 1743 5812 loco
1762 5763 1945 5815 τούτου.
1973 5767 2106 5818 Enn.

524 5809 551 5850 δ
573 5809 742 5862 Οιιοδ.
763 5820 816 5862 ει
842 5809 1034 5866 Bardcc.
1057 5818 1153 5874 τοῖς
1173 5809 1402 5876 παλαιόἷς.

1233 407 1289 461 S.
1320 407 1603 465 JOANNIS
1636 405 2127 465 CHRYSOSTOLH
2165 405 2479 463 ARCHIEP.
2509 407 3049 466 CONSTANTINOP.
3771 406 3877 463 329.

2220 523 2321 592 τήν
2381 539 2510 577 ποτε
2562 525 2758 588 αὐτοὺς
2812 525 3131 594 νομοθεσίαν
3178 524 3286 578 τῶν
3324 522 3572 596 πατέρων
3627 527 3873 595 ἀνήγαγε

2220 613 2427 681 λέγων,
2483 615 2812 668 Ἠκούσατε
2863 615 2952 668 ὅτι
3003 615 3208 683 ἐρῤέθη
3266 613 3388 680 τοῖς
3437 614 3740 684 ἀρχαίοις,
3792 617 3877 666 Οὺ

2214 704 2580 770 μοιχεύσεις.
2635 703 2841 755 Ἐκεῖνο
2882 704 2996 765 τοῖς
3044 702 3291 772 ἀρχαίοις
3339 701 3557 772 ἐρρέθη,
3607 700 3754 769 Ἐγὼ
3808 698 3879 752 δὲ

2222 787 2377 857 λέγω
2416 787 2575 856 ὑμῖν.
2611 789 2674 840 Et
2709 789 2808 859 μέν
2837 788 2945 861 γὰρ
2975 792 3086 852 τοῖς
3114 788 3359 858 ἀρχαίοις
3403 788 3606 856 ἔλεγεν,
3645 787 3876 850 εἰκότως

2222 873 2506 943 ἡσχαλλες,
2553 874 2642 927 ὅτε
2689 875 3038 946 ἀτελέστερον
3065 875 3216 944 ὑμῶν
3238 877 3270 943 ἡ
3298 874 3460 943 φύσις
3485 874 3716 928 διέκειτο
3734 893 3748 905 ·
3783 875 3875 926 ὅτε

2221 959 2277 1011 δὲ
2329 961 2598 1013 ἐπέδωκεν
2655 963 2688 1032 ἡ
2743 962 2942 1030 φύσις,
2994 963 3083 1014 ὅτε
3137 961 3442 1032 τελεωτέρα
3515 960 3726 1029 γέγονε,
3781 961 3878 1013 καὶ

2221 1045 2563 1116 διδαγμάτων
2596 1048 2944 1119 τελειοτέρων
2988 1048 3172 1101 λοιπὸν
3201 1048 3410 1120 καιρός.
3457 1046 3556 1099 Διά
3583 1046 3739 1100 τοῦτο
3783 1048 3878 1099 καὶ

2221 1135 2520 1204 ἀρχόμενος
2540 1135 2637 1205 τῆς
2665 1136 3002 1205 νομοθεσίας,
3035 1137 3118 1190 ἵνα
3138 1138 3210 1207 μή
3235 1153 3319 1199 τις
3344 1136 3443 1205 τὴν
3465 1135 3708 1188 ἐπίτασιν
3731 1135 3878 1205 δρῶν

2223 1225 2318 1292 τῆς
2355 1222 2672 1292 φιλοσοφίας
2703 1225 2834 1293 ὀκνῇ
2869 1225 2962 1276 καὶ
3009 1221 3322 1288 ἀναδύηται,
3346 1223 3527 1293 ’φησὶν
3551 1264 3567 1288 ,
3619 1223 3761 1276 Ἐὰν
3786 1222 3878 1290 μὴ

2221 1312 2594 1378 περισσεύσῃ
2626 1311 2664 1377 η
2692 1310 3041 1377 δικαιοσύνη
3065 1309 3231 1379 ὑμῶν
3261 1309 3450 1363 πλέον
3473 1309 3584 1362 τῶν
3611 1327 3879 1379 πβαμμιμ

2220 1394 2368 1448 τέων
2395 1397 2494 1449 καὶ
2519 1397 2876 1465 Φαρισαίων,
2905 1400 2974 1450 οὺ
2993 1397 3078 1465 μὴ
3114 1395 3422 1464 εἰσέλθητε
3445 1398 3531 1462 είς
3559 1396 3671 1463 τὴν
3692 1397 3879 1460 ,βασι-

2218 1484 2390 1536 λείαν
2417 1483 2534 1538 τῶν
2567 1484 2856 1553 οὐρανῶν.
2910 1485 3137 1538 Πλείονά
3177 1503 3244 1554 με
3273 1486 3522 1547 ἀπαιτεῖς
3552 1485 3641 1538 16v
3676 1481 3877 1546 116v0v;

2218 1571 2304 1624 διὰ
2352 1571 2439 1638 τί;
2486 1573 2604 1643 οὐχὶ¹
2628 1573 2727 1640 τῆς
2755 1573 2924 1642 αὐτῆς
2969 1571 3211 1625 κοινωνῶ
3237 1571 3449 1639 φύσεως
3483 1571 3730 1637 ἐκείνοις,
3753 1571 3880 1640 οὐχὶ

2219 1657 2504 1727 ἄνθρωπός
2532 1661 2644 1730 εἰμι
2671 1659 2919 1730 καθάπερ
2953 1661 3183 1723 ἐκεῖνοι;
3211 1659 3327 1711 Ἵνα
3355 1658 3428 1730 μὴ
3455 1658 3622 1710 ταῦτα
3648 1657 3879 1725 λέγωσι,

2218 1745 2361 1808 τίνος
2391 1745 2575 1798 ἕνεκεν
2640 1745 2913 1798 ἐπέτεινεν
2950 1748 3081 1815 ἡμῖν
3122 1746 3243 1807 τοὺς
3268 1746 3491 1810 πόνους;
3521 1746 3663 1807 τίνος
3686 1745 3879 1797 ἕνεκεν

2221 1831 2438 1900 μείζονα
2469 1831 2630 1900 ἔθηκε
2663 1832 2732 1884 16
2785 1831 3113 1902 σκάμματα;
3165 1831 3446 1902 προανεῖλε
3477 1831 3571 1900 τὴν
3600 1829 3880 1883 ἀντίθεσιν

2217 1918 2386 1972 εἰπὼν
2422 1921 2521 1990 τὴν
2548 1919 2820 1990 βασιλείαν
2844 1919 2951 1972 τῶν
2981 1919 3224 1990 οὐρανῶν
3241 1936 3254 1948 °
3275 1917 3531 1982 Μείζονα,
3548 1922 3700 1989 φησὶ,
3722 1919 3879 1990 φέρω

2215 2006 2283 2060 τά
2314 2007 2555 2062 ἔπαθλα·
2605 2006 2773 2060 εἰπὼν
2806 2007 2935 2070 τοὺς
2969 2007 3185 2071 πόνους,
3236 2006 3402 2059 εἰπὼν
3445 2007 3570 2068 τοὺς
3619 2005 3877 2073 ἀγῶνας,

2215 2093 2384 2146 είπὼν
2432 2095 2528 2165 τὴν
2558 2094 2806 2147 ἐπίτασιν
2838 2095 2934 2164 τῆς
2965 2093 3304 2163 νομοθεσίας,
3352 2093 3726 2163 ἐμνημόνευσε
3779 2095 3881 2146 καὶ

2213 2180 2324 2233 τῶν
2360 2180 2629 2236 ἐπάθλων.
2674 2181 2748 2232 Οὐ
2790 2180 2898 2250 γάρ
2944 2180 3044 2250 τὴν
3077 2179 3436 2250 Παλαιστίνην
3465 2180 3592 2249 ὑμῖν
3626 2179 3874 2242 δέδωκα,

2215 2268 2399 2336 φησιν,
2429 2268 2550 2321 οὐδέ
2578 2269 2680 2338 τήν
2705 2268 2808 2338 γῆν
2838 2267 3067 2337 ῥέουσαν
3091 2267 3232 2334 γάλα
3265 2267 3358 2320 καὶ
3389 2267 3529 2336 μέλι,
3571 2266 3688 2319 ἀλλ’
3711 2267 3876 2318 αὐτὲν

2216 2355 2344 2424 ὑμῖν
2375 2355 2584 2425 κομίζω
2629 2355 2720 2408 τὸν
2764 2355 3008 2425 οὐρανόν.
3041 2356 3155 2408 Οὐκ
3195 2357 3253 2407 ἐν
3298 2354 3376 2424 τῷ
3424 2353 3600 2424 μισθῷ
3648 2354 3706 2406 δὲ
3761 2355 3879 2406 τῶν

2215 2441 2651 2512 κατορθωμάτων
2674 2441 3099 2511 πλεονεκτοῦμεν
3120 2441 3297 2512 μόνον,
3327 2440 3462 2494 ἀλλὰ
3487 2442 3583 2495 καὶ
3610 2443 3668 2493 ἐν
3693 2458 3881 2512 παρα-

2215 2528 2368 2582 ϐάσει
2398 2529 2505 2580 τῶν
2529 2528 2936 2598 ἁμαρτημάτων
2962 2527 3184 2598 μείζονα
3212 2528 3306 2598 τὴν
3347 2528 3566 2582 κόλασιν
3599 2528 3877 2597 ὑπομένο-

2217 2631 2336 2685 μεν.
2370 2615 2579 2686 Ὠσπερ
2625 2614 2732 2685 γάρ
2757 2617 2806 2668 οἱ
2840 2615 2944 2683 πρὸ
2979 2614 3074 2668 106
3113 2616 3278 2685 νόμου
3313 2615 3623 2687 πραοτέραν
3664 2615 3877 2670 διδόασι

2211 2701 2479 2772 τιμωρίαν
2507 2702 2615 2754 τῶν
2647 2705 2703 2754 ἐν
2731 2702 2809 2772 τῷ
2833 2703 3008 2770 νόμῳ·
3037 2703 3209 2756 Ὅσοι
3239 2703 3365 2771 γὰρ,
3388 2706 3550 2772 φησὶν
3571 2744 3585 2765 ,
3634 2703 3882 2772 ἀνόμως

2213 2787 2498 2856 ἥμαρτον,
2545 2790 2780 2858 ἀνόμως
2821 2789 2920 2841 καὶ
2957 2789 3349 2852 ἀπολοῦνται,
3404 2789 3714 2851 τουτέστιν,
3769 2791 3879 2843 οὐκ

2212 2873 2394 2944 ἔχουσι
2417 2875 2506 2927 τὸν
2527 2875 2691 2943 νόμον
2718 2876 3043 2945 κατήγορον,
3074 2875 3186 2928 ἀλλ’
3219 2876 3325 2929 ἀπὸ
3344 2876 3440 2946 τῆς
3461 2875 3674 2944 φύσεως
3700 2876 3882 2944 αὐτῆς

2211 2961 2343 3012 οἴσω
2369 2959 2466 3031 τὴν
2510 2959 2711 3029 ψῆφον,
2745 2961 2900 3030 φησὶ,
2934 2961 3136 3032 μεταξὺ
3165 2962 3274 3016 τῶν
3327 2961 3602 3032 λογισμῶν
3636 2980 3880 3032 κατηγο-

2214 3046 2472 3116 ρούντων,
2507 3049 2539 3119 ἡ
2570 3048 2663 3100 καὶ
2700 3048 3180 3118 ἀπολογουμένων·
3213 3048 3355 3102 οὕτω
3387 3049 3494 3101 τῶν
3522 3049 3582 3102 ἐν
3616 3049 3697 3119 τῷ
3721 3049 3878 3118 νόμῳ

2213 3134 2554 3188 πταισάντων
2586 3135 2635 3188 οἱ
2665 3133 2755 3187 ἐπὶ
2788 3135 2884 3206 τῆς
2913 3135 3136 3206 χάριτος
3166 3136 3574 3207 ἁμαρτάνοντες
3603 3137 3880 3205 ἀφορητό-

2213 3212 2378 3294 τέραν
2413 3223 2803 3292 ὐποστήσονται
2838 3221 2936 3294 τὴν
2973 3223 3210 3277 κόλασιν.
3242 3225 3351 3277 Καὶ
3382 3224 3586 3277 τούτων
3614 3225 3714 3294 τὴν
3753 3223 3880 3276 δια-

2213 3310 2383 3379 φορὰν
2415 3309 2584 3373 οὕτως
2610 3308 2808 3372 ἔδειξεν
2855 3311 2882 3363 6
2932 3309 3140 3373 Παῦλος
3178 3310 3376 3374 εἰπὼν,
3427 3311 3749 3376 Ἀθετήσας
3787 3328 3880 3376 τις

2211 3397 2398 3465 νόμον
2430 3394 2704 3458 Μωσέως,
2735 3397 2913 3464 χωρὶς
2953 3397 3266 3466 οἰκτιρμῶν
3295 3397 3395 3450 ἐπὶ
3434 3397 3673 3465 δυσὶνῆ
3715 3398 3881 3466 τρισί

2206 3485 2508 3554 μάρτυσιν
2533 3484 2935 3552 ἀποθνήσκει·
2956 3487 3126 3552 πόσῳ
3155 3487 3381 3540 δοκεῖτε
3407 3489 3681 3556 χειρονος
3696 3488 3879 3551 ἀξιω-

2211 3572 2456 3640 θήσεται
2486 3571 2758 3638 τιμωρίας
2775 3574 2806 3623 ό
2823 3572 2929 3624 τὸν
2947 3572 3078 3626 Υίὸν
3107 3573 3211 3626 τοῦ
3235 3573 3380 3627 Θεοῦ
3413 3576 3878 3642 καταπατήσας,

2212 3660 2307 3711 καὶ
2342 3659 2403 3711 τὸ
2428 3654 2569 3727 αἷμα
2597 3657 2742 3728 [5'26]
2774 3656 2882 3724 τῆς
2910 3657 3199 3725 διαθήκης
3231 3660 3436 3712 κοινὸν
3464 3659 3876 3730 ἡγησάμενος,

2211 3745 2309 3796 καὶ
2343 3744 2406 3796 τὸ
2434 3743 2673 3811 Πνεῦμα
2702 3741 2812 3809 τῆς
2832 3742 3066 3812 χάριτος
3084 3745 3440 3812 ἐνυϐρίσας;
3474 3747 3639 3816 Ὁρᾷς
3661 3747 3757 3798 ἐπὶ
3778 3748 3881 3816 τῆς

2211 3831 2430 3900 χάριτος
2453 3829 2673 3899 μείζονα
2696 3829 2791 3896 τὴν
2807 3831 3095 3901 τιμωρίαν,
3120 3831 3306 3901 ὥσπερ
3330 3827 3421 3884 οὖν
3450 3833 3546 3884 καὶ
3575 3833 3646 3885 16
3661 3832 3883 3885 ἔπαθλα

2215 3918 2464 3988 μείζονας
2515 3918 2652 3970 Ἀλλ’
2687 3919 2872 3990 ἐπειδὴ
2907 3918 3015 3970 τῶν
3049 3919 3360 3989 μυστηρίων
3410 3919 3555 3988 ὑμᾶς
3589 3920 3883 3989 ἀνέμνησα

2209 4005 2317 4057 τῶν
2345 4005 2793 4075 φρικωδεστάτων
2828 4008 2922 4058 καὶ
2980 4005 3386 4076 πνευματικῶν,
3437 4006 3752 4077 παρακαλῶ
3781 4010 3880 4059 καὶ

2210 4096 2469 4148 ἀντιϐολῶ
2495 4096 2588 4148 καὶ
2610 4095 2797 4166 δέομαι
2821 4097 2914 4150 καὶ
2939 4097 3074 4166 μετά
3092 4095 3274 4164 πάσης
3297 4095 3429 4158 ἀξιῶ
3453 4097 3718 4166 σπουδῆς,
3734 4097 3880 4150 ὥστε

2211 4183 2390 4234 πᾶσαν
2412 4182 2684 4252 ἁμαρτίαν
2703 4181 3069 4251 ἀποθεμένους
3099 4181 3240 4234 οὕτω
3256 4181 3538 4251 προσιέναι
3566 4185 3636 4251 τῇ
3669 4187 3879 4252 φρικτῇ

2209 4267 2381 4339 ταύτῃ
2424 4267 2689 4340 τραπέζῃ.
2744 4267 3008 4336 Εἰρήνην
3039 4268 3169 4339 γὰρ,
3223 4269 3374 4338 φησὶ,
3423 4266 3666 4320 διώκετε
3724 4269 3883 4337 μετὰ

2211 4355 2470 4420 πάντων,
2510 4355 2608 4408 καὶ
2635 4356 2740 4409 τὸν
2767 4355 3080 4425 ἁγιασμόν,
3103 4351 3175 4411 οὗ
3210 4355 3386 4423 χωρὶς
3422 4354 3628 4420 οὐδεὶς
3661 4354 3883 4424 ὄψεται

2211 4443 2318 4494 τὸν
2343 4443 2579 4510 Κύριον.
2621 4443 2678 4494 '0
2707 4443 2764 4495 66
2798 4443 2886 4495 16v
2919 4442 3120 4513 Κύριον
3153 4443 3252 4495 οὐκ
3277 4441 3352 4494 ῶν
3378 4440 3526 4505 ἄξιος
3573 4441 3727 4508 ίδείν,
3755 4441 3882 4495 οὐδὲ

2209 4529 2310 4599 τῆς
2360 4529 2640 4593 κοινωνίας
2675 4529 2820 4593 ἄξιός
2847 4532 2961 4582 ἐστι
2989 4530 3082 4582 τοῦ
3114 4529 3364 4601 σώματος
3386 4528 3481 4582 τοῦ
3518 4528 3880 4582 δεσποτικοῦ.

2211 4617 2307 4670 Διά
2334 4616 2486 4670 τοῦτό
2516 4633 2678 4688 φησιν
2709 4619 2738 4669 6
2767 4617 2994 4680 Παῦλος.
3031 4617 3333 4682 ’Ἕκαστος
3351 4616 3416 4674 δὲ
3450 4616 3813 4686 δοκιμαζέτω
3851 4628 3874 4655 ε

2210 4702 2445 4766 ἑαυτὸν,
2484 4704 2580 4756 καὶ
2617 4703 2804 4767 οὕτως
2829 4704 2897 4756 ἐκ
2920 4703 3024 4756 τοῦ
3055 4703 3236 4770 ἄρτου
3267 4701 3510 4756 ἐσθιέτω
3543 4703 3644 4755 καὶ
3671 4705 3745 4757 ἐκ
3766 4703 3880 4756 τοῦ

2210 4789 2497 4856 ποτηρίου
2543 4788 2758 4843 πινέτω
2785 4830 2796 4841 .
2840 4791 2952 4843 Οὐκ
3002 4789 3316 4858 ἀπεκάλυψε
3355 4789 3418 4842 τὸ
3447 4789 3626 4852 ἕλκος,
3656 4791 3760 4841 οὐκ
3795 4793 3881 4852 εἰς

2211 4875 2386 4927 κοινὸν
2429 4873 2655 4944 θέατρον
2702 4875 2877 4944 ἡγαγε
2911 4876 3009 4945 τὴν
3040 4875 3394 4945 κατηγορίαν,
3448 4875 3509 4926 οὐ
3539 4875 3880 4948 περιέστησε

2213 4963 2494 5032 μάρτυρας
2523 4962 2629 5015 τῶν
2655 4962 3172 5034 πλημμελημάτων·
3208 4961 3354 5016 ἔνδον
3383 4964 3442 5016 ἐν
3471 4962 3550 5032 τῷ
3579 4963 3877 5024 συνειδότι,

2213 5047 2437 5118 μηδενὸς
2468 5049 2732 5119 παρόντος
2786 5050 2925 5120 πλὴν
2968 5050 3061 5104 τοῦ
3102 5049 3170 5103 16
3221 5052 3397 5104 πάντα
3433 5049 3669 5121 δρῶντος
3702 5049 3877 5112 Θεοῦ,

2211 5134 2364 5186 ποιοῦ
2403 5134 2499 5205 τὴν
2532 5135 2731 5205 κρίσιν,
2769 5135 2861 5188 καὶ
2896 5135 3002 5189 τῶν
3046 5136 3448 5206 ἡμαρτημένων
3477 5136 3572 5206 τὴν
3600 5135 3876 5199 ἐξέτασιν,

2211 5222 2303 5274 καὶ
2353 5221 2528 5275 πάντα
2562 5223 2652 5276 16v
2697 5223 2809 5292 βίον
2859 5223 3312 5294 ἀναλογιζόμενος
3362 5223 3468 5275 ὑπὸ
3515 5223 3610 5275 τοῦ
3665 5227 3762 5276 νοῦ
3819 5225 3884 5277 16

2213 5309 2491 5379 κριτήριον
2529 5311 2627 5377 ἄγε
2659 5311 2726 5362 16
2757 5311 3127 5381 ἁμαρτήματα
3147 5327 3159 5340 ·
3194 5310 3407 5380 διόρθου
3435 5311 3500 5363 16
3534 5311 3874 5382 πλημμελή-

2215 5411 2381 5462 ματα,
2413 5397 2506 5448 καὶ
2525 5395 2666 5449 οὕτω
2692 5396 2830 5467 μετά
2877 5395 3116 5467 καθαροῦ
3140 5395 3230 5449 τοῦ
3259 5397 3556 5458 συνειδότος
3587 5399 3688 5466 τῆς
3721 5399 3880 5467 ἱερᾶς

2214 5482 2385 5536 ἆπτου
2417 5484 2712 5556 τραπέζης,
2747 5487 2840 5537 καὶ
2882 5486 2984 5554 τῆς
3023 5486 3184 5553 ἁγίας
3211 5486 3406 5556 μέτεχε
3435 5486 3643 5550 θυσίας.
3682 5487 3879 5540 Ταῦτα

2276 5835 2299 5865 ⁸
2327 5833 2544 5896 Uterque
2564 5836 2716 5886 codex
2731 5836 3013 5912 ἀνακρινέτω
3037 5848 3127 5898 pro
3154 5837 3458 5898 δοκιμαζέτω.
