4066 6392
332 428 423 483 3‘11
1348 419 1437 473 DE
1476 417 1940 476 PLENITENTIA.
1982 417 2210 476 HOMIL.
2255 422 2342 475 Vl.

333 538 656 609 prophetiam
686 536 711 590 τ
746 534 803 590 In
841 548 905 589 eo
934 533 1073 589 enim
1102 531 1243 603 quod
1272 532 1519 587 mulieres
1563 532 1722 586 habet
1741 574 1755 597 ,
1785 546 1893 586 non

330 633 579 696 verbum,
621 628 716 683 sed
764 641 851 682 res
874 636 956 682 est
985 644 999 680 :
1027 634 1081 679 et
1117 638 1322 679 servam
1348 632 1401 677 et
1438 623 1655 677 liberam
1686 622 1893 677 ostendi

335 723 424 777 tibi
455 736 547 790 per
576 720 758 785 verba,
782 717 1029 787 quoniam
1060 715 1282 769 duorum
1310 722 1741 769 testamentorum
1762 728 1895 767 unus

328 819 411 865 est
444 808 747 879 legislator,
776 808 921 861 disce
950 812 1004 860 et
1045 805 1217 873 ipsum
1257 818 1352 873 per
1383 803 1596 872 figuras.
1625 801 1895 856 Abraham

327 903 458 956 duas
482 914 676 955 uxores
701 897 915 960 habuit;
946 897 1029 950 hae
1053 904 1229 948 autem
1258 901 1380 948 sunt
1408 893 1513 947 duo
1540 900 1850 947 testamenta
1876 934 1892 958 ,

324 1002 380 1047 et
411 1008 546 1047 unus
574 990 842 1061 legislator
870 1006 882 1041 :
910 984 1354 1057 quemadmodum
1378 984 1484 1038 illic
1508 984 1622 1038 ovis
1655 990 1709 1038 et
1746 983 1859 1037 ovis
1878 1023 1892 1047 ,

329 1086 492 1141 altera
517 1083 728 1153 quidem
756 1083 808 1135 in
854 1080 1016 1135 verbo
1034 1120 1051 1145 ,
1080 1078 1245 1133 altera
1288 1086 1464 1131 autem
1506 1077 1562 1129 in
1607 1091 1666 1130 re
1691 1116 1705 1139 ,
1734 1076 1895 1130 multa

325 1192 455 1231 vero
478 1184 531 1229 et
549 1189 767 1243 operum
786 1179 840 1225 et
860 1170 1141 1226 verborum
1163 1166 1534 1223 concordantia
1557 1166 1692 1220 inest
1716 1185 1729 1220 :
1750 1169 1825 1220 sic
1845 1173 1898 1220 et

326 1267 413 1323 hic
437 1272 746 1323 testamenta
769 1263 900 1316 duo:
921 1270 975 1315 et
996 1261 1109 1315 haec
1131 1259 1390 1314 Jeremias
1411 1256 1625 1327 quidem
1654 1271 1746 1325 per
1774 1270 1895 1327 ver-

326 1363 393 1417 ba
410 1359 673 1431 praedixit,
691 1355 957 1411 Abraham
976 1361 1151 1407 autem
1177 1351 1306 1405 duas
1336 1349 1535 1403 habens
1554 1360 1899 1415 uxores,ope—

328 1452 473 1506 ribus
491 1448 748 1519 ﬁguravit.
762 1441 1214 1511 Quemadmodum
1231 1441 1373 1495 enim
1392 1455 1527 1493 unus
1538 1440 1619 1493 vir
1634 1450 1686 1493 et
1706 1452 1898 1492 uxores

328 1542 466 1607 duae,
482 1541 558 1594 sic
575 1548 628 1593 et
640 1553 775 1591 unus
793 1535 1077 1605 legislator,
1094 1541 1147 1588 et
1165 1539 1476 1587 testamenta
1495 1530 1621 1584 duo.
1638 1528 1741 1583 Sed
1757 1526 1895 1597 quod

329 1631 457 1693 dixi,
485 1639 539 1684 et
563 1629 714 1696 cujus
740 1641 898 1681 causa
927 1625 1168 1679 universa
1200 1623 1312 1676 hzec
1335 1621 1599 1691 proposita
1626 1628 1897 1673 suntznon

330 1723 469 1777 enim
508 1736 540 1775 a
567 1720 836 1789 proposito
856 1716 1230 1771 discedendum
1257 1724 1337 1768 est
1367 1733 1378 1765 :
1421 1713 1520 1779 Qui
1563 1712 1740 1765 viderit
1780 1727 1895 1763 mu-

329 1814 495 1866 lierem
518 1810 584 1864 ad
610 1806 1059 1878 concupiscendum
1098 1822 1207 1859 eam
1225 1846 1239 1869 ,
1261 1806 1373 1875 jam
1400 1803 1668 1855 moechatus
1694 1812 1765 1854 est
1786 1817 1897 1853 eam

328 1906 381 1958 in
400 1904 549 1958 corde
568 1918 657 1956 suo
691 1900 900 1971 (Matth.
932 1898 982 1952 5.
1013 1897 1124 1967 28).
1156 1897 1230 1951 lla
1257 1904 1367 1960 est;
1409 1894 1501 1949 sed
1530 1892 1669 1962 quod
1691 1893 1742 1946 in
1769 1907 1895 1961 pro-

329 1994 500 2062 posito
525 1992 677 2045 nobis
704 2000 819 2044 erat
846 2004 966 2043 cum
990 1988 1104 2042 haec
1122 1986 1297 2040 omnia
1317 1985 1635 2054 agitaremus
1652 2024 1665 2046 ,
1689 1997 1783 2035 cur
1808 1997 1900 2035 ve—

331 2096 493 2138 terem
522 2081 651 2150 ipsis
677 2081 845 2150 legem
876 2078 1060 2132 reeitat
1086 2074 1258 2129 ?dicit
1299 2075 1441 2128 enim
1472 2073 1601 2140 ipsis
1627 2091 1640 2125 :
1674 2072 1897 2125 Audistis

327 2175 559 2244 quoniam
583 2172 770 2225 dictum
795 2180 866 2223 est
891 2169 1130 2236 antiquis,
1163 2164 1283 2218 Non
1313 2162 1654 2217 mazchaberis.
1684 2163 1895 2230 Cogno-

327 2267 403 2319 vit
441 2263 657 2319 difﬁcile
684 2276 804 2317 esse
833 2259 1134 2314 mandatum
1161 2297 1175 2322 ,
1206 2272 1310 2309 non
1342 2263 1528 2323 suapte
1554 2263 1738 2306 natura
1758 2293 1771 2314 ,
1803 2249 1895 2304 sed

328 2355 648 2410 audientium
701 2351 922 2406 desidia.
973 2349 1130 2403 Multa
1175 2347 1317 2401 enim
1347 2361 1463 2415 qua:
1493 2353 1681 2398 natura
1729 2342 1895 2395 facilia

329 2458 486 2513 sunt,
513 2445 745 2501 difficilia
772 2444 905 2496 fiunt
946 2456 1066 2495 cum
1117 2438 1441 2509 pigritamur,
1490 2437 1625 2490 sicut
1664 2432 1892 2489 difficilia

329 2556 444 2608 qua:
469 2548 591 2593 sunt
609 2578 623 2601 ,
652 2536 788 2591 levia
810 2545 864 2589 et
892 2533 1060 2588 facilia
1088 2532 1219 2585 fiunt
1245 2530 1397 2584 nobis
1418 2536 1660 2582 accurate
1687 2526 1894 2596 prospi-

327 2633 603 2687 cientibus.
637 2629 754 2684 Non
780 2628 922 2683 enim
963 2624 1244 2680 difficultas
1283 2638 1459 2677 rerum
1486 2630 1688 2674 natura:
1724 2621 1892 2683 inest,

328 2723 420 2777 sed
461 2722 821 2777 exercentium
867 2717 1140 2787 preposito
1173 2713 1355 2783 :quod
1403 2711 1736 2766 verissimum
1777 2722 1896 2763 esse

327 2815 411 2869 vel
448 2830 513 2868 ex
559 2814 658 2867 hoc
685 2819 921 2881 apparet.
953 2808 1055 2863 Mel
1100 2815 1285 2861 natura
1326 2803 1657 2860 dulcedinem
1701 2802 1893 2867 habet,

326 2915 484 2974 atque
509 2903 749 2959 eamdem
784 2898 1253 2972 jucundissimam,
1300 2895 1390 2950 sed
1421 2894 1633 2964 :rgrotis
1657 2907 1893 2946 amarum

327 2996 451 3065 quid
495 3005 656 3064 atque
702 2995 960 3063 ingratum
986 2998 1098 3055 est,
1155 3004 1259 3043 non
1300 2986 1533 3057 propria,
1565 2983 1656 3038 sed
1686 2982 1893 3036 illorum

328 3085 651 3157 a-gritudinis
676 3092 859 3137 natura
893 3098 905 3134 :
931 3083 1007 3136 sic
1035 3080 1125 3134 lex
1151 3078 1357 3132 tametsi
1384 3075 1622 3130 videatur
1645 3086 1891 3139 onerosa,

329 3195 432 3234 non
457 3193 551 3234 sua
575 3187 778 3238 natura,
798 3175 892 3229 sed
915 3182 1095 3228 nostra
1113 3172 1169 3226 fit
1188 3171 1415 3241 pigritia.
1441 3167 1588 3221 llaud
1607 3166 1735 3221 mihi
1760 3165 1895 3219 mul-

330 3284 436 3325 tum
464 3270 677 3334 laboris,
701 3266 980 3321 ostendere
1010 3264 1151 3318 factu
1181 3262 1383 3317 facilem
1414 3275 1532 3314 esse
1562 3276 1575 3312 :
1606 3273 1725 3311 nam
1752 3255 1893 3327 quod

327 3362 593 3415 difficilem
620 3359 763 3412 illam
793 3356 919 3410 facit
947 3354 1087 3408 aliud
1113 3351 1392 3407 dicendum
1414 3359 1547 3405 erat.
1578 3348 1728 3402 Nunc
1752 3346 1892 3400 enim

327 3456 473 3519 dicit,
504 3453 647 3522 Fuge
679 3450 916 3504 mulieris
959 3448 1160 3509 visum,
1189 3459 1217 3496 a
1250 3442 1452 3497 luxuria
1496 3439 1726 3494 recede:
1754 3436 1893 3508 quod

327 3557 502 3601 autem
535 3545 764 3609 difficile,
810 3540 1109 3610 oppositum
1155 3537 1330 3589 dicere
1372 3542 1612 3603 poterat,
1666 3530 1895 3598 Exquire

329 3641 578 3694 mulieres
602 3681 615 3699 ,
646 3647 880 3690 scrutare
906 3634 1107 3687 alienas
1138 3630 1353 3693 formas,
1386 3636 1541 3694 atque
1589 3625 1666 3678 sic
1717 3621 1893 3676 libidi-

327 3746 448 3784 nem
479 3730 648 3782 vince.
668 3726 723 3780 ld
748 3740 875 3800 ergo
901 3720 1115 3778 difficile
1136 3718 1307 3773 fuerat
1339 3733 1353 3769 :
1383 3730 1501 3769 nam
1531 3712 1736 3777 dicere,
1760 3711 1894 3765 For-

330 3838 513 3876 nacem
545 3819 687 3889 fuge,
720 3817 908 3873 recede
932 3814 1137 3884 longius
1157 3812 1221 3865 ab
1248 3812 1395 3878 igne,
1427 3808 1650 3862 flammae
1680 3804 1894 3875 pr0pius

329 3930 432 3967 non
461 3910 779 3975 accesseris,
818 3921 922 3976 quo
959 3907 1031 3958 sis
1061 3906 1347 3965 innocuus,
1381 3898 1601 3952 multum
1630 3894 1895 3949 facilitatis

330 4006 522 4059 habet:
553 4004 745 4055 etenim
772 4001 917 4068 juxta
949 4006 1188 4051 naturam
1217 3992 1521 4049 mandatum
1543 4000 1641 4043 est.
1674 3988 1895 4041 Audistis

327 4098 446 4168 quia
488 4096 676 4149 dictum
718 4102 790 4146 est
837 4090 1087 4158 antiquis,
1130 4086 1251 4140 Non
1288 4084 1605 4138 mazchaben's
1646 4082 1666 4149 (
1688 4079 1890 4151 lbid.).

329 4186 490 4255 Cujus
519 4184 676 4254 igitur
704 4182 779 4236 rei
807 4181 973 4251 gratia
1003 4178 1266 4246 antiquam
1310 4176 1477 4243 legem
1507 4172 1658 4227 nobis
1686 4170 1752 4224 ad
1778 4186 1892 4223 tne-

330 4278 551 4332 moriam
595 4273 819 4342 redegit,
851 4271 1069 4324 alteram
1098 4264 1531 4321 introducturus?
1558 4262 1672 4329 Quo
1697 4260 1894 4315 scilicet

328 4386 393 4423 cx
418 4365 809 4435 comparatione
829 4361 1003 4416 discas
1024 4375 1126 4414 non
1145 4374 1260 4413 esse
1283 4357 1439 4425 hujus
1461 4364 1616 4423 atque
1640 4351 1777 4405 illius
1799 4365 1898 4419 pn-

327 4475 483 4529 gnam
515 4475 527 4510 :
560 4472 679 4510 cum
703 4456 843 4509 enim
870 4454 1080 4523 ponitur
1107 4450 1431 4518 comparatio
1451 4490 1467 4513 ,
1490 4456 1614 4501 tunc
1642 4446 1698 4497 fit
1724 4442 1895 4496 mani-

327 4552 513 4606 festius
552 4547 827 4618 judicium.
882 4544 1145 4614 Quoniam
1194 4540 1451 4611 objecturi
1480 4545 1632 4594 erant
1682 4534 1894 4603 quidam

329 4643 473 4714 quod
502 4651 558 4695 ut
578 4640 896 4696 contrariam
917 4639 1086 4707 legem
1116 4635 1299 4698 ferret,
1325 4633 1438 4687 haec
1463 4631 1701 4685 diceret:
1736 4627 1892 4699 Ecce,

330 4735 525 4804 inquit,
554 4742 803 4800 utrasque
829 4726 1127 4783 alternatim
1157 4726 1301 4793 leges
1328 4736 1486 4791 pono,
1518 4728 1658 4773 tenta
1676 4725 1730 4771 et
1746 4716 1893 4770 disce

328 4824 727 4879 consonantiam
752 4836 765 4875 :
795 4836 900 4873 non
939 4818 1008 4872 ob
1041 4816 1092 4871 id
1120 4815 1313 4877 solum,
1336 4811 1429 4866 sed
1451 4810 1607 4864 etiam
1629 4818 1687 4861 ut
1710 4814 1896 4880 osten-

329 4916 417 4967 dat
445 4914 645 4967 facilem
677 4904 1451 4979 opportunequeintroductam
1475 4918 1485 4950 :
1512 4908 1790 4969 propterea
1812 4896 1896 4949 in-

328 5007 441 5072 quit
468 5021 480 5055 :
512 5002 732 5056 Audistis
757 4999 873 5069 quia
892 4999 1078 5049 dictant
1107 5006 1176 5049 est
1207 4993 1440 5063 antiquis,
1472 4989 1591 5042 Non
1617 4985 1897 5040 mmcltabe-

329 5095 657 5149 ris:tamdiu
702 5096 754 5148 in
791 5094 1001 5161 antiqua
1054 5092 1166 5159 lege
1216 5102 1311 5141 vos
1356 5080 1685 5139 excrcuistis.
1738 5076 1897 5144 Quasi

328 5187 515 5240 doctor
540 5185 804 5254 pigritanti
847 5182 1063 5252 parvulo
1090 5177 1370 5249 prasteritis
1396 5172 1571 5227 adhuc
1606 5167 1899 5237 disciplinis

330 5278 493 5344 inniti,
523 5278 753 5339 volenti,
799 5284 956 5344 atque
998 5273 1062 5325 ad
1112 5270 1296 5323 altiora
1325 5283 1443 5322 cum
1473 5265 1656 5318 tollere
1680 5261 1898 5329 cupiens

331 5368 506 5422 dicit:
548 5366 731 5435 Cogita
775 5373 1028 5434 quantum
1084 5360 1335 5430 temporis
1381 5358 1479 5411 hac
1524 5356 1579 5409 in
1627 5351 1900 5421 disciplina

329 5458 667 5514 contrivisti:
708 5457 786 5511 sic
831 5467 885 5510 et
931 5453 1170 5509 Christus
1212 5464 1464 5505 revocans
1502 5448 1556 5501 in
1588 5443 1900 5499 memoriam

330 5565 425 5606 eos
445 5549 715 5620 prolixiori
737 5561 975 5618 tempore
999 5546 1234 5601 tenuisse
1252 5544 1420 5613 legem
1446 5540 1710 5609 antiquam
1730 5579 1745 5605 ,
1768 5547 1822 5592 et
1848 5536 1901 5589 in

331 5658 392 5696 ea
415 5656 475 5697 se
494 5642 813 5706 exercuisse,
838 5653 1060 5708 esseque
1086 5644 1295 5705 tempus
1320 5633 1385 5688 de
1409 5641 1604 5687 caetero
1644 5628 1711 5683 ad
1749 5626 1901 5681 altio-

330 5757 444 5796 rem
484 5736 841 5794 conscendere
864 5778 877 5803 ,
906 5734 970 5789 ad
999 5733 1165 5803 ipsam
1193 5743 1309 5800 qua:
1352 5733 1560 5796 patrum
1587 5718 1902 5792 quandoque

3470 433 3575 487 ΣΞὶί

2006 535 2197 602 fuerat,
2239 535 2620 604 legislationem
2665 537 2890 594 traducit
2935 538 3116 596 dicens
3151 559 3164 595 :
3197 542 3419 597 Audistis
3457 549 3574 614 quia

2003 626 2190 678 dictum
2219 636 2290 680 est
2313 629 2563 699 antiquis,
2605 628 2725 683 Non
2749 631 3087 685 mwcftaberis.
3120 631 3173 687 ld
3212 635 3441 705 antiquis
3488 635 3574 689 tli-
3602 674 3607 681 ς

2004 727 2147 769 ctum
2173 724 2287 781 est,
2331 717 2440 787 Ego
2484 729 2648 771 autem
2695 719 2806 773 dico
2847 721 2998 774 vobis.
3043 721 3096 776 Si
3150 723 3291 777 enim
3341 726 3573 793 antiquis

2003 806 2242 873 dixisset,
2273 810 2464 864 merito
2494 812 2791 879 querereris
2811 852 2825 875 ,
2858 828 2979 866 cum
3015 813 3373 881 imperfectior
3396 816 3573 871 adhuc

2004 910 2145 956 esset
2167 911 2345 956 nostra
2377 912 2584 956 natura.
2628 903 2705 957 Ea
2730 918 2854 958 vero
2879 919 2998 958 cum
3026 915 3200 973 aucta,
3240 921 3361 961 cum
3402 907 3574 976 perfe-

2004 993 2138 1046 ctior
2158 993 2293 1047 facta
2321 1002 2403 1048 est
2421 1035 2435 1060 ,
2464 993 2739 1063 disciplina
2765 996 2924 1049 etiam
2954 997 3249 1065 perfectiori
3276 998 3343 1053 de
3374 1008 3571 1054 czetero

2004 1097 2137 1151 opus
2156 1094 2287 1138 erat.
2320 1085 2601 1154 Propterea
2624 1087 2879 1154 incipiens
2909 1102 2938 1140 a
2967 1088 3326 1157 legislatione,
3358 1107 3424 1147 ne
3453 1093 3573 1162 quis

2004 1174 2213 1228 intuens
2243 1175 2588 1245 phil050phia:
2608 1177 2981 1232 sublimitatem
2999 1179 3292 1248 pigritetur,
3312 1190 3405 1237 aut
3424 1198 3570 1237 mora

2004 1273 2266 1330 teneatur,
2300 1266 2465 1335 inquit
2500 1284 2511 1319 :
2546 1266 2665 1319 Nisi
2692 1266 3015 1321 abundaverit
3035 1271 3234 1340 justitia
3268 1283 3429 1327 vestra
3456 1292 3571 1344 pius

2004 1372 2156 1425 quam
2182 1356 2457 1409 scribarum
2483 1366 2529 1411 et
2551 1356 2948 1423 Pharisa’orum,
2980 1376 3078 1412 non
3115 1361 3363 1416 intrabitis
3397 1365 3450 1417 in
3488 1381 3569 1417 re-

2002 1457 2155 1516 gnum
2196 1450 2430 1503 cwlorum
2470 1449 2676 1519 (Matth.
2711 1453 2762 1507 5.
2791 1450 2905 1523 20).
2949 1452 3073 1507 Plus
3094 1468 3123 1507 a
3149 1468 3233 1509 me
3256 1455 3451 1510 laboris
3474 1472 3570 1512 ex-

2005 1539 2325 1608 igis?quare
2358 1539 2382 1593 ?
2412 1558 2538 1625 num
2575 1557 2681 1596 una
2728 1559 2848 1599 cum
2890 1544 2996 1597 illis
3025 1560 3132 1599 non
3179 1561 3296 1601 sum
3344 1552 3570 1604 natura?

2004 1632 2256 1701 numquid
2284 1648 2389 1687 non
2432 1634 2591 1688 homo
2630 1636 2819 1691 similis
2860 1637 2963 1691 illis
3000 1637 3023 1690 Ἰ
3061 1638 3130 1694 Ut
3155 1654 3259 1693 non
3290 1642 3401 1695 hare
3429 1641 3570 1696 dice-

2005 1732 2125 1776 rent
2150 1723 2248 1793 (a),
2286 1724 2460 1790 Quare
2488 1726 2641 1781 nobis
2672 1728 2880 1783 labores
2908 1729 3107 1784 addidit
3134 1730 3157 1783 ?
3180 1747 3343 1800 quare
3370 1733 3569 1801 majora

2004 1818 2288 1870 certamina
2322 1818 2529 1885 posuit?
2544 1820 2774 1873 occurrit
2789 1821 3068 1891 ohjeetioni
3086 1839 3303 1893 regnum
3322 1825 3568 1879 crelorum

2005 1904 2277 1972 proferens
2297 1923 2310 1959 :
2327 1906 2541 1975 Majora,
2560 1910 2748 1978 inquit,
2767 1911 2979 1978 prmmia
2997 1911 3176 1965 defero
3197 1931 3208 1965 :
3229 1913 3569 1969 dicenslabo-

2002 2009 2109 2061 res,
2123 1994 2305 2049 dicens
2316 2007 2621 2064 certamina,
2638 1998 2820 2053 dicens
2834 2000 3193 2055 extensionem
3208 2002 3356 2071 legis,
3374 2012 3423 2057 et
3439 2020 3571 2073 prie-

2003 2085 2228 2138 miortnn
2259 2086 2517 2140 meminit.
2545 2086 2881 2157 Nequaquam
2907 2091 3046 2143 enim
3065 2132 3077 2154 ,
3111 2092 3279 2160 inquit
3297 2134 3309 2155 ,
3339 2094 3571 2149 Palaesti-

2002 2193 2122 2230 nam
2148 2178 2249 2243 do,
2285 2194 2455 2248 neque
2486 2188 2681 2233 terram
2716 2178 2965 2235 ﬂuentem
3010 2182 3145 2237 lacte
3178 2192 3233 2238 et
3265 2185 3449 2252 melle,
3478 2186 3571 2243 sed

2002 2268 2173 2335 ipsum
2199 2270 2349 2324 vobis
2368 2270 2554 2324 crelum
2593 2271 2795 2326 defero.
2822 2272 3003 2342 Neque
3030 2274 3079 2327 in
3112 2274 3403 2331 officiorum
3432 2294 3573 2334 mer-

2001 2361 2185 2416 cedem
2214 2362 2359 2431 plura
2390 2363 2559 2416 solum
2590 2364 2894 2434 recipimus,
2923 2365 3015 2419 sed
3044 2367 3203 2421 etiam
3230 2370 3282 2422 in
3314 2370 3422 2439 ipsa
3445 2387 3570 2441 pec-

2000 2464 2239 2509 catorum
2286 2456 2704 2526 transgressione
2750 2460 3062 2527 supplicium
3095 2461 3264 2529 majus
3293 2464 3565 2520 trahimus.

2001 2544 2456 2612 Quemadmodum
2484 2548 2623 2601 enim
2647 2548 2735 2616 qui
2764 2548 2929 2617 legem
2955 2560 3359 2618 praecesserunt,
3399 2553 3572 2608 mitia.

2004 2650 2118 2689 rem
2150 2650 2359 2704 ptenam
2406 2636 2471 2691 iis
2505 2636 2792 2702 dederunt,
2834 2640 2922 2707 qui
2968 2652 3314 2709 peccaverunt
3344 2643 3395 2696 in
3427 2644 3569 2713 lege,

1962 2776 1966 2783 λ
2004 2723 2314 2792 Quicumque
2350 2727 2481 2780 enim
2519 2728 2625 2779 sine
2663 2727 2770 2797 lege
2803 2739 3141 2797 peccaverunt,
3172 2732 3281 2785 sine
3309 2730 3415 2801 lege
3454 2750 3570 2802 per-

1999 2814 2139 2869 ibunt
2168 2814 2344 2882 (Rom.
2366 2817 2419 2881 2,
2454 2816 2568 2887 12),
2602 2817 2652 2871 id
2682 2826 2764 2870 est
2786 2818 2955 2887 legem
2983 2830 3343 2875 accusatorem
3374 2816 3573 2893 nequa-

1998 2922 2156 2978 quam
2186 2908 2489 2973 habebunt;
2532 2908 2626 2963 sed
2655 2919 2837 2963 contra
2864 2909 2980 2963 illos
3005 2911 3070 2965 ab
3098 2911 3207 2980 ipsa
3237 2923 3422 2967 natura
3450 2928 3572 2970 sen-

2002 2998 2220 3052 tentiam
2237 3038 2251 3064 ,
2282 2998 2483 3067 inquit,
2507 2996 2669 3052 feram
2702 2999 2839 3052 inter
2857 2999 3203 3069 cogitationes
3228 3013 3535 3059 accusantes
3554 3047 3568 3071 ,

1999 3089 2083 3143 vel
2112 3088 2453 3144 defendentes
2502 3088 2658 3161 (Ibid.
2694 3104 2742 3143 υ.
2771 3088 2875 3160 15)
2907 3107 2919 3143 :
2952 3091 3028 3145 sic
3057 3101 3109 3145 et
3136 3092 3219 3155 iis,
3246 3095 3336 3163 qui
3368 3096 3418 3148 in
3460 3097 3572 3167 lege

2000 3188 2371 3250 peccaverunt,
2390 3179 2754 3249 delinquentes
2780 3181 2878 3235 sub
2900 3181 3063 3250 gratia
3083 3182 3413 3251 gravioribus
3442 3188 3570 3241 sub-

1999 3282 2155 3327 erunt
2185 3273 2480 3327 tormentis.
2531 3272 2599 3327 Et
2625 3273 2845 3327 istorum
2877 3273 3227 3330 differentiam
3257 3278 3369 3346 ipse
3395 3274 3572 3333 osten-L

2000 3362 2079 3417 dit
2102 3363 2314 3427 Paulus,
2340 3362 2523 3417 dicens
2553 3381 2566 3417 :
2598 3361 2805 3416 Irritam
2829 3365 2939 3435 quis
2965 3365 3155 3434 faciens
3180 3364 3336 3436 legem
3366 3367 3535 3438 Moysi
3555 3411 3570 3435 ,

1999 3456 2107 3509 sine
2130 3456 2235 3508 ulla
2259 3456 2574 3508 miseratione
2597 3455 2790 3509 duobus
2814 3457 2889 3510 vel
2913 3456 3068 3510 tribus
3097 3459 3297 3513 testibus
3317 3464 3530 3515 moritur
3551 3479 3571 3517 :

1999 3555 2186 3615 quanto
2209 3547 2364 3616 magis
2392 3547 2577 3616 putatis
2607 3546 2853 3600 deteriora
2879 3548 3053 3601 mereri
3074 3550 3340 3616 supplicia,
3364 3553 3448 3620 qui
3476 3552 3572 3606 Fi-

2000 3639 2125 3693 lium
2154 3637 2249 3690 Dei
2273 3637 2663 3703 conculcaverit,
2688 3648 2732 3690 et
2757 3638 3049 3708 sanguinem
3088 3642 3363 3694 testamenti
3406 3642 3573 3711 pollu-

2002 3738 2106 3783 tum
2134 3729 2327 3783 duxerit
2348 3771 2362 3795 ,
2390 3730 2442 3783 in
2477 3746 2573 3798 quo
2599 3731 2936 3798 sanctiﬁcatus
2968 3740 3056 3796 est,
3086 3741 3131 3785 et
3158 3734 3374 3802 Spiritui
3398 3738 3574 3805 gratia:

2001 3820 2351 3874 contumeliam
2395 3820 2563 3889 fecerit
2617 3819 2795 3889 (Hebr.
2846 3821 2929 3875 10.
2960 3822 3047 3876 Ξ8.
3080 3822 3195 3892 29).
3242 3825 3426 3879 Cernis
3474 3828 3573 3880 sub

2002 3913 2169 3982 gratia
2200 3912 2457 3981 majorem
2488 3927 2697 3981 pinnam
2721 3954 2734 3976 ,
2760 3913 2921 3965 veluti
2968 3922 3020 3967 et
3065 3916 3279 3982 prmmia
3324 3917 3519 3984 majora
3550 3919 3573 3971 ?

2001 4002 2104 4057 Sed
2126 4003 2376 4073 quoniam
2402 4011 2584 4057 sancta
2610 4002 2861 4073 mysteria
2890 4001 2953 4055 ad
2982 4004 3293 4057 memoriam
3322 4006 3472 4059 vobis
3495 4022 3574 4060 re-

2002 4095 2096 4149 tuli
2119 4095 2393 4149 tremenda
2414 4109 2477 4147 ac
2514 4094 2824 4161 spiritualia,
2859 4107 3009 4160 rogo,
3038 4092 3281 4159 obsecro,
3314 4094 3571 4163 deprecor

2002 4193 2160 4254 atque
2200 4183 2341 4237 omni
2375 4198 2493 4236 cum
2535 4182 2781 4236 instantia
2825 4191 3037 4250 expeto,
3062 4197 3219 4235 omne
3245 4182 3571 4250 deponentes

2003 4284 2277 4344 peccatum
2297 4316 2312 4341 ,
2340 4275 2416 4329 sic
2444 4273 2508 4328 ad
2532 4273 2858 4327 tremendam
2881 4274 3013 4325 hanc
3034 4286 3270 4325 mensam
3294 4272 3566 4327 accedere.

2004 4365 2218 4429 Pacem,
2248 4365 2451 4433 inquit,
2482 4364 2740 4433 sequimini
2762 4378 2871 4414 cum
2894 4362 3121 4415 omnibus
3142 4372 3186 4414 et
3214 4362 3571 4429 sanctiﬁcatio-

2002 4475 2113 4511 nem
2137 4498 2152 4522 ,
2178 4458 2284 4511 sine
2312 4472 2409 4525 qua
2435 4471 2577 4508 nemo
2602 4455 2780 4507 videbit
2810 4452 2969 4506 Deum
3000 4452 3179 4523 (Hebr.
3212 4455 3298 4508 l2.
3326 4455 3437 4526 M).
3469 4454 3572 4522 Qui

2001 4559 2176 4605 autem
2218 4549 2497 4604 Dominum
2527 4547 2707 4601 videre
2732 4547 2920 4616 dignus
2948 4562 3056 4599 non
3085 4554 3196 4612 est,
3229 4561 3401 4615 neque
3424 4562 3571 4601 com-

2004 4642 2252 4695 munione
2290 4639 2480 4707 dignus
2526 4648 2608 4693 est
2659 4637 2914 4691 Dominici
2971 4637 3226 4705 corporis.
3284 4637 3587 4706 Propterea.

2004 4733 2196 4786 Paulus
2216 4732 2385 4801 inquit
2405 4748 2416 4782 :
2440 4730 2644 4783 I’robet‘
2660 4740 2827 4782 autent
2848 4745 2899 4781 se
2918 4729 3085 4792 homo,
3103 4738 3151 4781 et
3171 4729 3240 4781 sic
3257 4729 3319 4782 de
3332 4747 3463 4801 pane
3480 4732 3570 4785 illo

2004 4823 2249 4888 comedat,
2278 4832 2322 4875 et
2346 4822 2406 4874 de
2432 4822 2585 4874 calice
2614 4820 2744 4873 bibat
2774 4821 2848 4889 (ι.
2881 4819 2997 4871 Cor.
3027 4820 3112 4875 11.
3136 4820 3389 4890 28)._Non
3416 4838 3569 4876 reve-

2004 4917 2131 4970 lavit
2160 4916 2325 4980 ulcus,
2360 4931 2464 4967 non
2491 4914 2543 4967 in
2573 4927 2854 4967 commune
2882 4910 3149 4971 theatrum
3179 4914 3568 4969 accusationem

2006 5010 2271 5078 produxit,
2303 5022 2407 5060 non
2433 5005 2743 5059 delictorum
2773 5012 2936 5057 testes
2963 5003 3143 5061 statuit
3167 5020 3181 5057 :
3211 5003 3348 5057 intus
3375 5004 3425 5056 in
3453 5019 3577 5058 con-

2006 5102 2224 5156 scientia
2242 5100 2490 5154 adstante
2512 5097 2738 5161 nemine,
2764 5105 2956 5165 prmter
2976 5109 3095 5148 eum
3113 5094 3200 5163 qui
3221 5103 3409 5148 cuncta
3432 5094 3581 5149 videt

2006 5192 2205 5257 Deum,
2246 5190 2498 5260 judicium
2548 5198 2601 5243 et
2645 5201 2866 5245 examen
2906 5195 3243 5254 peccatorum
3280 5195 3486 5251 statue,
3522 5196 3575 5238 et

2005 5285 2165 5338 vitam
2196 5297 2406 5336 omnem
2447 5278 2743 5348 recogitans
2773 5276 2824 5329 in
2854 5276 3047 5330 mentis
3065 5276 3315 5345 judicium
3358 5287 3572 5345 peccata

2008 5377 2271 5439 deducito,
2319 5373 2547 5428 reforma
2592 5369 2733 5439 quod
2779 5368 3066 5437 deliquisti,
3119 5376 3276 5436 atque
3326 5368 3404 5421 sic
3443 5382 3571 5436 pura

2009 5467 2329 5525 conscientia
2376 5479 2581 5520 sacram
2638 5462 2837 5531 attinge
2888 5476 3163 5526 mensam,
3218 5467 3271 5514 et
3312 5459 3573 5529 particeps

2071 5604 2088 5634 ι
2122 5606 2334 5662 Uterque
2355 5597 2513 5662 codex
2533 5609 2552 5662 _:
2584 5592 2841 5657 Dijudicet,
2863 5605 2965 5656 pro,
2989 5593 3169 5655 probet.

2009 5662 2145 5777 mm)
2175 5654 2495 5730 Hic'quzedatu
2517 5654 2879 5720 deeranthuai
2911 5667 2973 5704 ex
2992 5654 3204 5719 utroque
3236 5661 3315 5703 Ms.
3343 5654 3574 5718 supplen-
