4066 6392
479 409 585 464 523

474 523 641 578 sancti
659 522 902 577 sacriﬁcii
933 520 1044 576 ﬁas.
1066 519 1188 575 Haec
1206 528 1383 574 mente
1407 518 1718 578 retinentes,
1741 523 1794 568 et
1809 512 2044 567 omnium

473 630 591 686 qua:
635 614 704 670 de
751 614 956 668 luxuria
999 613 1228 667 diximus
1272 607 1564 673 recordati,
1615 613 1916 676 quantaque
1966 601 2048 656 his

472 722 631 777 paena
678 707 846 776 posita
879 707 986 770 sit,
1028 704 1114 774 qui
1147 704 1539 758 incontinenter
1565 709 1620 755 et
1660 699 1834 752 minus
1863 697 2049 765 pudice

474 798 764 866 respiciunt
803 797 856 850 in
890 796 1126 850 mulieris
1152 793 1336 849 faciem
1355 834 1369 858 ,
1396 802 1450 847 et
1478 807 1584 860 prae
1611 790 1851 860 gehenna
1874 789 1963 841 Dei
1987 789 2048 841 ti-

475 903 680 943 morem
707 897 759 942 et
779 887 1052 942 caritatem
1096 886 1354 941 habentes
1404 891 1526 936 ante
1555 881 1763 943 oculos,
1811 887 2044 932 nosmet-

473 981 618 1049 ipsos
648 979 879 1049 undique
908 987 1214 1049 purgantes,
1243 978 1321 1032 sic
1352 977 1518 1031 sacris
1539 974 1807 1044 mysteriis
1831 973 2049 1042 propiu-

474 1086 713 1142 quemus,
733 1086 801 1126 ne
828 1072 878 1124 in
905 1070 1160 1139 judicium
1188 1068 1690 1135 damnationemque
1717 1065 1869 1119 nobis
1895 1064 2043 1125 ﬁant,

1207 401 1265 456 S.
1306 397 1580 457 JOANNIS
1618 393 2085 454 CHRYSOSTOMI
2125 392 2440 449 ARCIIIEP.
2481 392 3017 452 CONSTANTINOP.

2154 505 2250 562 sed
2279 507 2330 560 in
2355 507 2602 576 salutem,
2626 519 2679 562 et
2695 510 2884 564 animae.
2905 511 3204 578 sanitatem,
3228 512 3578 584 ﬁduciamque
3601 530 3724 570 eou-

2156 596 2353 650 tinuam
2398 597 2581 652 salutis
2634 599 2790 669 hujus
2829 603 3181 671 suscipiamus

2155 689 2382 743 Domino
2409 699 2591 744 nostro
2620 733 2634 756 ,
2665 693 2750 746 cui
2807 691 2975 763 gloria
3023 703 3077 748 et
3129 695 3407 765 imperium
3437 697 3489 751 in
3532 699 3725 753 sazculz

2153 780 2490 834 saeculorum.
2519 781 2688 836 Amen
2719 783 2758 837 ¹.

3623 399 3728 452 521

3230 620 3244 656 :
3284 605 3334 658 in
3363 603 3574 660 Christo
3598 606 3727 661 Jesu

2221 1016 2236 1046 ¹
2262 1016 2450 1090 ωορδ,
2463 1017 2551 1068 Cui
2563 1017 2720 1090 gloria
2736 1024 2782 1070 et
2797 1019 3069 1090 imperium,
3086 1023 3361 1090 nmquitudo
3374 1030 3418 1090 et
3433 1024 3733 1090 magni/5cm-

2156 1074 2224 1126 εἰσ
2248 1089 2354 1126 cum
2363 1077 2507 1128 Putre
2528 1074 2758 1131 eisancto
2775 1074 2958 1146 Spiritu
2980 1083 3030 1132 in
3051 1074 3228 1134 saecula
3249 1074 3548 1136 saeculorum.
3569 1074 3732 1136 inani.

476 1199 3723 1224 ________________________.__.___________________________

1484 1307 1844 1382 SERMO
1889 1309 2026 1377 DE
2093 1310 2763 1393 P(ENITENTIA

478 1487 557 1530 ΕΤ
601 1484 1110 1541 COMPUNCTIONE,
1157 1484 1237 1526 ΕΤ
1281 1481 1448 1534 QUOD
1478 1480 1637 1522 DEUS
1681 1479 1776 1521 SIT
1818 1477 2150 1523 PROMPTUS
2182 1483 2265 1524 AD
2307 1486 2622 1549 SALUTEM,
2668 1494 2748 1538 ET
2791 1497 3037 1542 TARDUS
3081 1501 3165 1542 ΔΙ)
3192 1501 3435 1546 ΡπΝΔΜ
3467 1507 3482 1545 ἶ
3513 1505 3578 1546 IN
3613 1503 3739 1558 QUO

1506 1580 1586 1621 ΕΤ
1628 1577 1950 1622 κικηιιιε
1993 1577 2074 1618 DE
2118 1579 2330 1626 BAHAB
2374 1589 2690 1636 HISTORIA.

1777 1723 2076 1735 ’-

1006 1837 1220 1876 ηοιίιιιλ
1263 1836 1333 1874 vn
1352 1817 1448 1892 (a).

559 1938 613 1991 1.
665 1934 888 2005 Semper
909 1934 1120 2004 quidem
1148 1933 1355 1988 divinus
1379 1931 1649 2000 apostolus
1675 1931 1848 1986 divina
1889 1931 2050 1983 caele-

487 2027 661 2097 stique
687 2026 851 2080 utitur
887 2024 1061 2092 lingua
1086 2065 1100 2090 ,
1148 2039 1209 2078 ac
1247 2024 1461 2077 scientia
1491 2023 1655 2076 multa
1697 2020 2055 2091 evangelicum

484 2119 616 2172 texit
641 2118 860 2172 verbum
895 2134 908 2170 :
943 2131 1048 2170 non
1079 2132 1144 2170 ex
1175 2131 1266 2170 sua
1295 2116 1554 2170 sententia
1587 2123 1787 2170 temere
1814 2115 2055 2184 loquens,

486 2208 579 2264 sed
607 2209 770 2278 regali
807 2208 1122 2262 auctoritate
1150 2205 1396 2276 dogmata
1427 2205 1721 2276 proferens.
1780 2205 1890 2260 Hac
1935 2219 2058 2260 vero

483 2299 816 2372 potissimum
839 2298 1002 2352 utitur
1027 2297 1270 2359 scientia,
1295 2296 1504 2366 quando
1531 2295 1868 2364 peccantibus
1893 2294 2061 2364 poeni-

485 2394 660 2448 tentiae
689 2391 905 2446 verbum
937 2390 1128 2460 ingerit
1155 2407 1168 2443 :
1198 2405 1300 2458 qua
1327 2389 1395 2444 de
1426 2405 1484 2444 re
1510 2403 1601 2443 vos
1626 2388 1732 2458 jam
1755 2387 2060 2442 admonitu-

485 2499 577 2537 rus
602 2497 737 2536 sum.
771 2481 1007 2535 Audistis
1037 2481 1246 2549 itaque,
1277 2488 1334 2534 ut
1371 2479 1634 2549 sigillatim
1680 2494 1740 2533 ea
1777 2494 1897 2550 quae
1921 2478 2058 2533 dicta

485 2580 609 2626 sunt
639 2583 847 2640 tangam
872 2611 887 2635 ,
923 2570 1188 2643 quomodo
1215 2569 1520 2624 Corinthios
1555 2569 1827 2640 alloquens
1854 2569 2062 2625 dicebat

486 2671 734 2717 strenuus
764 2661 853 2716 ille
879 2661 958 2714 vir
979 2670 1137 2730 atque
1162 2660 1505 2715 admirandus
1529 2676 1542 2711 :
1576 2660 1658 2714 Ne
1687 2668 1818 2732 forte
1840 2663 2060 2730 veniens,

485 2753 668 2806 multos
704 2751 918 2821 deﬂeam
947 2767 1116 2805 eorum
1139 2753 1224 2821 qui
1253 2753 1394 2822 prius
1422 2762 1768 2822 peccaverunt,
1810 2764 1856 2807 et
1901 2754 2061 2822 poeni-

483 2843 689 2897 tentiam
713 2858 814 2894 non
838 2850 1043 2912 egerunt
1067 2841 1140 2912 (2.
1160 2840 1278 2897 Cor.
1305 2841 1386 2896 12.
1404 2840 1516 2914 21).
1542 2841 1712 2897 Homo
1729 2842 1939 2913 quidem
1964 2858 2061 2897 na-

484 2941 600 2985 tura
643 2947 864 3001 magnus
903 2930 991 2986 hic
1015 2931 1201 2986 doctor
1229 2941 1344 2986 erat
1366 2972 1381 2997 ,
1411 2932 1504 2986 sed
1532 2934 1801 3003 proposito
1843 2934 1932 2989 Dei
1959 2934 2062 2989 mi-

485 3021 652 3075 nister
680 3038 693 3075 :
724 3020 842 3074 ideo
871 3021 1017 3075 velut
1060 3021 1258 3076 caelesti
1287 3023 1512 3091 quadam
1561 3024 1727 3076 utitur
1769 3023 1945 3094 lingua
1968 3064 1984 3089 ,
2010 3033 2065 3079 et

483 3113 636 3182 quasi
660 3128 726 3166 ex
749 3112 876 3181 ipsis
903 3111 1046 3166 caelis
1073 3112 1397 3184 loqueretur,
1431 3114 1508 3167 sic
1534 3114 1904 3169 interminatur
1932 3130 2061 3186 pec-

488 3205 778 3270 catoribus,
824 3213 876 3257 et
908 3204 1287 3275 paenitentibus
1325 3205 1758 3275 propitiationem
1778 3207 2059 3276 promittit.

483 3294 615 3349 Cum
659 3303 834 3349 autem
879 3294 994 3348 haec
1020 3293 1174 3362 dico,
1212 3310 1547 3366 nequaquam
1574 3295 1722 3351 Pauli
1749 3297 1940 3368 linguae
1969 3313 2062 3354 au-

484 3386 786 3441 ctoritatem
808 3386 1179 3453 adscribo,sed
1209 3387 1275 3441 ad
1295 3387 1387 3442 Dei
1413 3389 1636 3456 gratiam
1655 3396 1822 3444 totum
1847 3389 2020 3444 refero
2046 3407 2060 3445 :

489 3477 558 3533 de
582 3493 689 3547 quo
717 3478 830 3547 ipse
859 3477 1069 3533 dicebat
1100 3496 1112 3532 :
1153 3479 1232 3532 An
1260 3479 1656 3548 experimentum
1682 3481 1788 3548 ejus
1815 3481 2059 3550 quaeritis,

485 3570 574 3641 qui
607 3571 662 3623 in
711 3587 790 3623 me
829 3569 1048 3638 loquitur
1072 3611 1087 3635 ,
1121 3568 1308 3624 Christi
1335 3570 1354 3640 (
1387 3570 1441 3624 2.
1470 3569 1589 3626 Cor.
1630 3572 1716 3625 15.
1749 3571 1783 3626 5
1809 3571 1874 3642 )7
1902 3571 2064 3640 Igitur

486 3661 824 3737 peccantibus
840 3661 1081 3716 beneﬁcii
1111 3660 1425 3716 medicinam
1448 3663 1714 3732 supponit,
1729 3671 1782 3718 et
1802 3665 2063 3733 poeniten-

485 3753 614 3806 tiam
662 3751 730 3805 ad
770 3751 1014 3805 salutem.
1047 3751 1331 3806 Concurrit
1359 3763 1537 3809 autem
1586 3754 1742 3809 hodie
1775 3770 1895 3811 cum
1933 3771 2064 3826 apo-

486 3842 671 3895 stolica
691 3840 919 3896 lectione
936 3842 1238 3911 evangelica
1255 3843 1413 3897 etiam
1435 3844 1725 3899 Salvatoris
1754 3849 2058 3914 auctoritas,

484 3946 601 4000 qua:
627 3941 959 4001 peccatorum
999 3933 1364 3987 remissionem
1395 3936 1611 4006 copiose
1647 3936 1882 4006 largitur.
1934 3937 2062 3993 Nam

485 4038 604 4077 cum
633 4023 978 4095 paralyticum
1010 4033 1243 4090 sanaret,
1273 4025 1486 4081 dicebat
1522 4027 1784 4095 Salvator,
1815 4038 1875 4084 ut
1905 4033 2065 4086 modo

485 4114 732 4169 audistis:
759 4114 887 4179 Fili,
918 4116 1238 4170 remittuntur
1264 4118 1355 4170 tibi
1375 4128 1578 4187 peccata
1596 4129 1681 4173 tua
1703 4120 2062 4190 multa(1llarc.

482 4204 537 4258 2.
563 4205 654 4274 5):
686 4205 929 4260 remissio
975 4215 1153 4260 autem
1186 4218 1520 4276 peccatorum
1559 4218 1642 4264 est
1683 4211 1798 4265 fons
1836 4213 2021 4266 salutis
2046 4254 2064 4284 ,

485 4304 540 4348 et
567 4296 841 4364 prmmium
891 4297 1237 4364 poenitentiae.
1269 4297 1585 4354 Remedium
1614 4301 1807 4371 quippe
1844 4291 1926 4357 est
1948 4318 2064 4372 poe-
2113 4330 2119 4335 -

487 4386 731 4453 nitentia,
761 4386 901 4456 quod
932 4396 1210 4456 peccatum
1252 4389 1391 4444 tollit
1420 4407 1432 4444 :
1469 4390 1666 4446 donum
1709 4394 1941 4458 caeleste,
1962 4395 2068 4448 vir-

482 4487 569 4530 tus
588 4475 932 4546 admirabilis,
955 4480 1121 4546 gratia
1148 4479 1320 4550 legum
1347 4495 1559 4536 cursum
1581 4484 2064 4553 superans.Quam-

483 4569 668 4624 obrem
705 4585 808 4625 non
831 4569 1207 4628 fornicatorem
1243 4574 1435 4640 renuit,
1455 4589 1561 4629 non
1583 4576 1849 4631 moechum
1877 4577 2062 4649 abigit,

485 4677 591 4718 non
621 4662 888 4718 ebriosum
931 4674 1206 4719 aversatur
1227 4706 1242 4732 ,
1267 4681 1372 4720 non
1394 4666 1723 4724 idololatram
1751 4670 2063 4739 detestatur,

485 4771 590 4810 non
612 4756 925 4812 maledicum
943 4759 1170 4828 repellit,
1193 4773 1297 4814 non
1319 4759 1688 4830 blasphemum
1711 4765 2063 4834 persequitur,

485 4862 592 4899 non
623 4857 958 4916 arrogantem
985 4864 998 4913 ;
1030 4847 1124 4903 sed
1161 4863 1350 4904 omnes
1393 4851 1660 4918 immutat,
1693 4855 1893 4923 peccati
1922 4855 2065 4910 enim

484 4935 851 4992 conﬁatorium
877 4949 960 4993 est
981 4941 1293 5008 paenitentia
1320 4943 1360 4995 ί.
1405 4943 1594 5014 Operae
1629 4945 1860 5014 pretium
1887 4957 2064 5002 autem

482 5038 565 5084 est
593 5028 820 5096 primum
855 5029 949 5083 Dei
974 5045 1192 5101 scopum
1215 5047 1570 5104 cognoscere,
1605 5051 1709 5090 non
1760 5053 1825 5091 ex
1866 5039 2065 5109 cogita-

483 5119 717 5174 tionibus
745 5121 941 5174 nostris
962 5123 1121 5177 talem
1138 5124 1552 5193 speculationem
1574 5126 1854 5193 adeuntes,
1877 5129 1970 5184 sed
1998 5145 2065 5184 ex

484 5210 615 5280 ipsis
638 5209 831 5269 divinis
854 5210 1147 5283 Scripturis
1175 5223 1483 5271 attestatam
1515 5220 1796 5276 veritatem
1837 5221 2063 5276 demon-

481 5311 735 5356 strautes.

566 5391 737 5448 Virtus
759 5403 1025 5461 parentum
1062 5398 1275 5467 posteris
1314 5399 1534 5470 prodest.
1561 5433 1633 5443 —
1678 5403 1880 5473 Scopus
1921 5404 2058 5466 Deo,

482 5484 608 5538 dum
661 5485 1034 5556 longanimiter
1065 5489 1208 5559 agit,
1240 5489 1438 5560 duplex
1485 5503 1587 5560 est,
1615 5495 1681 5549 ad
1734 5497 2064 5566 salutemque

508 5657 731 5736 Agnus
740 5659 986 5736 neggsed
1003 5672 1164 5736 omnes
1184 5661 1623 5736 recipitomnesque
1646 5667 1897 5732 immutat;
1916 5671 2040 5725 virtu

482 5723 545 5768 tis
556 5723 686 5785 enim
706 5723 1033 5785 gonﬂatorium
1056 5730 1126 5772 est
1148 5724 1441 5785 pmnitentm.

547 5778 621 5840 (α)
643 5777 818 5830 Collata
842 5795 951 5832 cum
972 5791 1074 5833 Mss.
1097 5777 1255 5849 Regiis
1289 5787 1426 5848 1828,
1446 5787 1585 5852 23-i9,
1601 5787 1742 5847 2425..
1763 5793 1905 5844 ‘2809.

2081 1699 2459 1754 W—

2163 1823 2420 1890 pr0pitius
2455 1844 2466 1878 :
2507 1827 2636 1897 ipsis
2666 1830 2916 1886 nimirum
2951 1835 3326 1903 paenitentibus
3358 1839 3578 1895 salutem
3619 1857 3742 1910 pro-

2164 1922 2333 1979 curat,
2364 1931 2655 1986 eorumque
2685 1924 2912 1990 pOSteris
2935 1966 2950 1991 ,
2983 1926 3069 1994 qui
3120 1928 3172 1981 in
3209 1929 3400 1984 virtute
3431 1947 3742 2002 progressus

2165 2001 2348 2058 facturi
2377 2021 2517 2072 sunt,
2553 2011 2864 2067 beneﬁcium
2893 2026 3146 2071 reservat.
3177 2017 3242 2072 Et
3289 2031 3344 2074 ut
3402 1999 3590 2076 iterum
3629 2039 3744 2080 ser-

2165 2109 2374 2150 monem
2405 2108 2660 2169 repetam,
2693 2103 2830 2158 Deus
2861 2105 3228 2175 longanimiter
3262 2112 3401 2180 agit,
3425 2123 3481 2167 ut
3517 2126 3571 2170 et
3611 2133 3740 2186 pec-

2164 2199 2313 2242 cator
2337 2191 2635 2260 resipiscat,
2669 2205 2721 2249 et
2751 2205 2806 2250 ut
2839 2201 3062 2266 posteris
3110 2202 3218 2256 suis
3252 2205 3433 2260 salutis
3457 2209 3594 2262 viam
3635 2225 3744 2264 non

2164 2277 2394 2332 claudat.
2423 2280 2571 2336 Licet
2600 2285 2740 2338 enim
2764 2298 3011 2356 peccator
3042 2291 3093 2344 in
3137 2290 3369 2361 lapsibus
3395 2309 3699 2365 perseveret
3725 2342 3742 2366 ,

2165 2369 2333 2436 parcit
2364 2385 2506 2441 saepe
2527 2373 2712 2438 radici,
2732 2387 2789 2430 ut
2809 2377 3010 2435 fructus
3036 2383 3299 2438 custodiat
3325 2402 3338 2451 ;
3373 2402 3745 2456 saepenumero

2166 2461 2324 2515 etiam
2358 2462 2523 2532 ipsam
2549 2465 2780 2522 radicem
2804 2469 3065 2539 immutat,
3106 2483 3164 2528 ut
3189 2484 3312 2530 ante
3355 2476 3484 2532 dixi.
3526 2479 3630 2535 Sed
3657 2482 3747 2536 ubi

2168 2551 2254 2605 illa
2295 2553 2345 2606 in
2368 2555 2728 2611 omnimodam
2758 2561 3045 2630 nequitiam
3076 2563 3289 2632 delapsa
3318 2578 3399 2621 est
3418 2610 3433 2633 ,
3465 2568 3605 2624 Deus
3631 2573 3740 2625 uti-

2168 2641 2290 2696 liter
2336 2642 2513 2698 difl'ert
2538 2648 2882 2716 supplicium,
2917 2653 3282 2720 ptenitentium
3313 2657 3533 2714 salutem
3559 2675 3747 2730 exspe

2166 2741 2318 2788 ctans
2353 2752 2364 2788 :
2397 2740 2666 2806 quomodo
2693 2752 2868 2795 autem
2897 2784 2910 2807 ,
2946 2735 3086 2798 audi.
3115 2744 3314 2802 Tharra
3341 2758 3491 2818 pater
3519 2752 3750 2808 Abrahte

2169 2825 2428 2882 idolorum
2457 2831 2629 2886 cultor
2667 2842 2815 2899 erat;
2860 2835 2956 2890 sed
2986 2851 3092 2891 non
3141 2838 3229 2893 hic
3268 2839 3413 2896 dedit
3460 2843 3750 2914 impietatis

2168 2935 2375 2990 pmnas,
2405 2932 2457 2977 et
2485 2924 2698 2992 quidem
2722 2925 2860 2994 jure.
2891 2927 3022 2982 Nam
3055 2931 3099 2984 si
3125 2929 3263 2986 Deus
3292 2933 3523 2990 radicem
3555 2937 3748 3005 praeci-

2167 3010 2356 3079 disset,
2386 3013 2649 3069 undenam
2674 3025 2852 3073 tantus
2874 3020 2993 3074 ﬁdei
3021 3020 3220 3077 fructus
3249 3024 3587 3092 pullulasset?
3611 3028 3750 3095 Quid

2167 3101 2308 3157 Esau
2341 3107 2606 3174 nequius?
2628 3106 2759 3163 Vide
2784 3111 2912 3165 mihi
2935 3121 2988 3166 et
3027 3114 3168 3168 aliud
3208 3115 3546 3186 benignitatis
3590 3137 3752 3192 argn-

2168 3203 2423 3248 mentum.
2451 3195 2586 3263 Quid
2615 3199 2700 3253 illa
2728 3201 2926 3256 malitia
2957 3204 3354 3274 impudentius?
3379 3225 3552 3266 nonne
3578 3212 3749 3267 forni-

2167 3291 2317 3337 cator
2343 3292 2398 3340 et
2440 3285 2691 3354 profanus
2732 3289 2888 3359 (Heb.
2926 3293 3011 3347 12.
3049 3294 3162 3366 16)
3189 3337 3204 3357 .
3237 3307 3293 3352 ιιι
3328 3300 3403 3353 ait
3437 3303 3754 3370 apostolus?

2167 3386 2346 3427 nonne
2393 3377 2653 3443 parricida
2679 3388 2732 3433 et
2770 3383 3263 3443 matricida?nonne
3286 3388 3560 3444 fratricida
3575 3410 3747 3462 quan-

2170 3471 2278 3517 tum
2304 3465 2368 3519 ad
2398 3470 2772 3537 propositum?
2802 3489 2981 3530 nonne
3019 3476 3128 3531 Deo
3155 3493 3406 3547 perOSus,
3426 3491 3483 3537 ut
3508 3486 3756 3541 testiﬁca-

2168 3561 2255 3608 tur
2295 3555 2562 3626 Scriptura
2594 3561 2797 3627 dicens,
2857 3564 3018 3621 Iacob
3046 3569 3200 3623 dilata
3228 3611 3243 3634 ,
3269 3570 3411 3627 Esau
3439 3584 3607 3628 autem
3633 3576 3758 3632 odio

2173 3644 2524 3718 habui(Rom.
2566 3651 2619 3706 9.
2651 3653 2716 3708 15
2740 3655 2805 3720 )1
2858 3656 2912 3712 Si
2961 3673 3089 3728 ergo
3120 3659 3407 3718 fornicator
3431 3665 3756 3735 ,fratricida,

2179 3740 2434 3808 profanus
2463 3753 2517 3800 et
2541 3747 2665 3801 odio
2697 3747 2908 3805 habitus
2931 3791 2946 3817 ,
2978 3768 3075 3806 cur
3097 3768 3203 3807 non
3233 3769 3263 3809 e
3290 3755 3466 3811 medio
3500 3759 3703 3816 tollitur
3729 3763 3757 3817 2

2175 3847 2273 3887 cur
2303 3850 2407 3888 non
2429 3838 2885 3897 exscinditur?cur
2911 3858 3014 3898 non
3041 3846 3218 3900 statim
3243 3849 3531 3916 promerito
3550 3853 3764 3923 suppli-

2177 3923 2260 3977 cio
2277 3925 2542 3982 afﬁcitur?
2568 3927 2784 3997 Quare?
2810 3932 3090 4002 pulchrum
3125 3950 3257 3992 sane
3280 3947 3360 3993 est
3389 3954 3603 3996 causam
3629 3959 3758 4012 pro-

2170 4016 2333 4073 ferre.
2376 4019 2430 4074 Si
2479 4023 2690 4078 excisus
2722 4025 2938 4091 fuisset,
2970 4043 3218 4099 magnum
3262 4033 3492 4088 mundus
3532 4035 3757 4105 justitiae

2170 4108 2393 4166 fructum
2423 4114 2728 4179 amisisset;
2765 4126 2819 4172 et
2847 4120 3056 4188 qualem
3088 4123 3230 4178 audi.
3262 4121 3401 4178 Esau
3428 4128 3598 4196 genuit
3640 4125 3756 4181 Ra-

2170 4202 2365 4269 guelem
2389 4243 2404 4268 ,
2446 4203 2645 4276 Raguel
2691 4206 2910 4275 Zaram,
2939 4209 3078 4264 Zara
3105 4209 3204 4266 Job
3227 4213 3388 4283 (Gen.
3425 4215 3537 4288 56).
3572 4217 3761 4273 Viden’

2169 4303 2398 4361 quantus
2434 4296 2702 4363 patientia:
2747 4299 2846 4354 flos
2882 4301 3089 4356 deletus
3137 4311 3315 4372 esset,
3346 4305 3391 4359 si
3423 4310 3760 4376 praeveniens

2170 4383 2314 4439 Deus
2337 4399 2520 4454 poenas
2540 4403 2570 4441 a
2591 4389 2769 4445 radice
2795 4393 3103 4461 exegisset?

2239 4477 2294 4532 2.
2330 4478 2587 4536 Omnibus
2619 4483 2774 4553 igitur
2812 4485 2864 4538 in
2903 4489 3062 4540 rebus
3098 4486 3236 4542 hanc
3268 4489 3770 4548 considerationem

2169 4568 2409 4626 admitte.
2442 4571 2567 4627 [deo
2591 4573 2963 4644 longanimiter
2990 4578 3096 4648 agit
3122 4594 3242 4633 cum
3271 4578 3536 4652 )Egyptﬁs
3562 4583 3758 4639 intole-

2170 4661 2363 4716 rabiles
2408 4661 2765 4733 blaspliemias
2795 4667 3216 4736 proferentibus.
3241 4671 3310 4725 ob
3329 4672 3584 4727 ecclesias
3605 4690 3759 4729 nem-

2171 4766 2257 4820 pe,
2289 4769 2406 4822 qure
2434 4769 2575 4809 nunc
2608 4754 2800 4811 florent
2828 4759 2877 4812 in
2902 4758 3153 4830 IEgyplo,
3186 4761 3257 4815 ob
3318 4765 3644 4819 monasteria
3700 4776 3755 4820 et

2168 4855 2260 4896 eos
2289 4843 2377 4912 qui
2420 4845 2738 4915 angelicam‘
2777 4848 2937 4903 vitam
2973 4860 3094 4905 sunt
3121 4851 3366 4920 amplexi.
3416 4851 3668 4922 Etenim,
3701 4865 3749 4911 ut

2169 4933 2319 4988 aiunt
2355 4936 2492 5005 juris
2520 4939 2711 5006 publici
2741 4942 2936 5009 periti,
2967 4952 3020 4996 et
3051 4951 3108 4996 ut
3153 4945 3463 5014 prmcipiunt
3494 4946 3758 5004 Romana:

2169 5024 2333 5096 leges,
2365 5042 2645 5099 praegnans
2673 5033 2716 5085 si
2757 5034 2808 5086 in
2840 5033 3038 5088 crimen
3071 5035 3269 5090 incidat
3295 5047 3466 5092 morte
3494 5037 3757 5110 dignum,

2169 5133 2274 5174 non
2293 5120 2441 5190 prius
2468 5121 2692 5177 interﬁci
2704 5123 2940 5193 jubetur,
2955 5141 3112 5196 quam
3141 5128 3432 5197 pepererit:
3449 5129 3613 5199 idque
3636 5132 3760 5199 jure

2168 5213 2361 5267 merito
2392 5231 2407 5266 :
2439 5228 2543 5268 non
2576 5216 2719 5270 enim
2742 5217 2944 5285 justum
2977 5230 3302 5275 censuerunt
3326 5221 3500 5292 legum
3530 5222 3754 5289 latores,

2169 5303 2444 5358 innoxium
2482 5319 2604 5360 cum
2635 5309 2792 5362 noxia
2827 5307 2894 5362 de
2938 5310 3116 5365 medio
3142 5310 3274 5366 tolli.
3297 5310 3451 5379 Quod
3482 5313 3526 5367 si
3555 5312 3754 5369 huma-

2169 5408 2252 5448 nae
2277 5394 2422 5464 leges
2451 5395 2582 5449 nihil
2603 5397 2945 5466 peccantibus
2969 5408 3209 5468 parcunt,
3232 5414 3412 5455 annon
3441 5402 3612 5458 multo
3633 5418 3754 5459 ma-

2167 5483 2247 5551 gis
2278 5485 2415 5539 Deus
2439 5485 2672 5542 radicem
2712 5489 2997 5556 custodiet,
3021 5488 3282 5546 fructibus
3304 5494 3631 5562 ptenitentiae
3658 5495 3755 5551 ho-

2169 5574 2416 5630 ncﬁcium
2465 5579 2790 5634 reservans?
2843 5580 3040 5650 Accipe
3080 5580 3149 5637 de
3189 5593 3384 5636 cetero
3428 5598 3590 5654 super
3618 5585 3751 5656 ipsis

2171 5666 2512 5735 peccantibus
2553 5668 2880 5738 paenitentia:
2924 5670 3240 5728 beneﬁcium
3266 5691 3278 5728 :
3307 5689 3430 5728 nam
3455 5684 3509 5729 et
3535 5674 3588 5730 in
3617 5676 3751 5746 ipsis

2233 5801 2248 5831 ³
2286 5804 2412 5850 Unus
2435 5807 2568 5863 neg.,
2601 5800 2946 5865 Eumtgelicam.
