4066 6392
142 384 248 441 393

1366 387 1453 443 DE
1492 385 1961 444 POENITENTIA.
2000 383 2232 440 HOMIL.
2276 383 2379 437 VII.

3449 383 3573 442 323'

146 476 358 575 ἔχοντες
380 500 437 552 ἐν
465 499 562 569 νῷ,
592 500 685 552 καὶ
724 498 832 553 τῶν
860 500 983 571 περὶ⁴
1016 501 1311 566 ἀκολασίας
1340 503 1469 573 ἡμῖν
1502 503 1802 574 εἰρημένων
1898 500 1990 553 καὶ
2022 499 2360 570 κατάκριμα,
2393 497 2505 550 ἀλλ’
2542 497 2620 559 εἰς
2666 494 2940 567 σωτηρίαν
2983 496 3076 550 καὶ
3119 497 3327 565 ὑγίειαν
3356 498 3551 569 ψυχῆς,

148 586 505 657 μεμνημένοι,
540 588 631 641 καὶ
669 588 767 658 ὅση
809 591 985 642 κεῖται
1034 591 1276 661 τιμωρία
1323 592 1435 655 τοῖς
1482 591 1665 655 ἁπλῶς
1710 594 1802 645 καὶ
1896 589 1976 648 εἰς
2023 588 2333 658 παρρησίαν
2371 585 2613 656 διηνεκῆ
2648 586 2743 654 τῆς
2794 584 3065 656 σωτηρίας
3095 584 3295 655 ταύτης
3346 586 3553 639 ἀπολά-

145 674 463 737 ἀκολάστως
489 675 653 746 ὁρῶσι
689 675 787 737 τάς
809 675 918 728 τῶν
938 678 1213 744 γυναικῶν
1245 677 1416 746 ὄψεις,
1446 679 1539 731 καὶ
1574 680 1677 750 πρὸ
1705 680 1801 749 τῆς
1899 676 2101 743 ϐωμεν,
2125 677 2181 728 ἐν
2207 673 2429 745 Χριστῷ
2463 672 2636 742 Ἰησοῦ
2667 673 2743 743 τῷ
2776 672 2963 743 Κυρίῳ
2985 673 3158 742 ήμῶν,
3180 667 3273 743 ᾦὴ
3304 673 3553 738 δόξα,καὶ

146 763 368 830 γεέννης
390 759 484 814 τοῦ
507 761 640 814 Θεοῦ
666 762 754 815 τὸν
787 762 949 831 φόϐον
977 764 1069 815 καὶ
1106 765 1202 835 τὴν
1230 765 1451 836 ἀγάπην
1477 766 1581 836 πρὸ
1608 765 1801 834 ὀφθαλ-

152 862 266 931 μῶν
295 861 525 930 ἔχοντες,
578 863 912 932 πανταχόθεν
969 865 1195 928 ὲαυτοὺς
1239 865 1610 937 καθαίροντες,
1663 866 1801 919 οὑτω

150 950 243 1002 καὶ
272 950 582 1020 προσίωμεν
607 954 717 1013 τοῖς
744 953 908 1021 ἱεροῖς
934 953 1268 1023 μυστηρίοις,
1299 954 1385 1007 ἵνα
1427 953 1500 1023 μὴ
1530 955 1607 1016 εἰς
1634 961 1804 1026 κρῖμα

1896 760 1956 811 τὸ
1986 762 2209 832 κράτος,
2242 763 2321 825 εἰς
2349 763 2475 823 τοὺς
2500 761 2699 824 αἰῶνας
2721 759 2827 813 τῶν
2863 760 3090 825 αἰώνων.
3158 762 3327 831 Ἀμήν
3359 774 3408 815 ι.

1964 845 2185 911 ‘_Ollo_b.
2224 848 2303 911 καὶ
2324 847 2379 911 τὸ
2398 848 2586 910 κράτος,
2615 847 2918 910 μεγαλωσύνη
2941 866 3019 897 και
3051 849 3438 910 μεγαλοπρέπεια,
3456 850 3555 911 ἅμα

1908 908 1975 966 τῷ
1999 909 2248 974 Πατρῖκαὶ
2277 910 2345 970 τῷ
2363 908 2581 974 -παναγίῳ
2614 908 2693 957 καὶ
2717 911 2934 973 ζωοποιῷ
2962 908 3201 971 ΙΙνεύματι
3231 908 3293 963 είς
3310 911 3416 966 τοὺς
3438 908 3553 958 αἰῶ-

1909 983 1989 1023 νας
2011 970 2106 1015 τῶν
2129 970 2329 1019 αἰώνων.
2363 970 2525 1031 Ἀμήν.

1455 1315 1676 1373 ΛΟΓΟΣ
1710 1318 1864 1371 ΠΕΡΙ
1904 1318 2303 1373 ΜΕΤΑΝΟΙΛΣ

204 1492 295 1544 καί
326 1491 717 1557 κατανύξεως,
751 1494 845 1546 καί
878 1492 965 1547 ὅτι
994 1495 1184 1561 ταχὺς
1213 1496 1245 1547 o'
1273 1494 1413 1562 Θεὸς
1439 1498 1525 1561 εἰς
1564 1497 1864 1563 σωτηρίαν
1894 1499 1992 1565 καὶ
2017 1501 2248 1568 βραδὺς
2274 1505 2359 1568 είς
2384 1505 2688 1580 τιμωρίαν]
2717 1500 2847 1577 ἐνῷ
2909 1508 3003 1559 καὶ
3031 1508 3160 1575 περί
3189 1500 3297 1570 τῆς
3340 1508 3517 1563 Ῥαὰο

1548 1587 1883 1654 παράδοξος
1912 1593 2160 1657 ἱστορία.

814 1927 1043 1995 Ὀμιλία
1082 1927 1139 1987 ζ’.

223 2022 289 2067 α’.
330 2015 564 2067 Πάντοτε
601 2016 697 2084 μὲν
722 2018 749 2068 ό
774 2015 913 2077 θεῖος
952 2017 1265 2080 Ἀπόστολος
1299 2017 1414 2087 θείᾳ
1453 2018 1544 2070 καὶ
1577 2017 1807 2087 οὐρανίῳ

153 2104 415 2172 κέχρηται
439 2101 672 2172 γλώττῃ,
700 2104 791 2155 καὶ
819 2103 955 2173 μετά
981 2104 1177 2175 πολλῆς
1204 2107 1509 2175 ἐπιστήμης
1538 2105 1628 2158 τὸν
1654 2105 1811 2172 εὑαγ-

151 2190 364 2256 τελικὸν
412 2190 625 2257 ὑφαίνει
668 2189 861 2257 λόγον’
906 2192 1003 2243 οὑκ
1045 2191 1104 2255 ἐξ
1142 2192 1346 2255 οἰκείας
1374 2192 1595 2263 γνώμης
1624 2192 1811 2255 ἁπλῶς

154 2276 541 2345 φθεγγόμενος,
580 2276 691 2328 ἀλλ’
722 2278 786 2329 ἐκ
839 2277 936 2347 τῆς
988 2278 1269 2348 βασιλικῆς
1314 2278 1478 2331 αὑτοῦ
1527 2278 1811 2341 αὑθεντίας

152 2363 439 2434 προφέρων
471 2365 537 2417 τά
564 2363 808 2433 δόγματα
827 2380 840 2394 ·
873 2364 1164 2435 ἐξαιρέτως
1186 2365 1242 2417 δὲ
1268 2365 1435 2435 ταύτῃ
1458 2366 1722 2435 κέχρηται
1743 2367 1808 2434 τῇ

152 2452 452 2523 ἐπιστήμῃ,
484 2453 610 2506 ὅταν
660 2454 751 2505 τὸν
806 2453 905 2522 τῆς
955 2454 1238 2523 μετανοίας
1282 2454 1475 2523 εἰσάγῃ
1510 2453 1665 2521 λόγον
1700 2455 1812 2515 τοῖς

151 2540 523 2610 ἁμαρτάνουσι
548 2555 561 2570 ·
590 2540 715 2611 περὶ
741 2542 798 2593 δὲ
820 2541 983 2593 αὑτοῦ
1009 2541 1100 2593 τοῦ
1125 2542 1413 2608 κεφαλαίου
1439 2542 1644 2603 πάντας
1669 2542 1812 2609 ὑμᾶς

154 2626 471 2695 ὑπομνήσω.
515 2627 810 2678 Ἠκούσατε
865 2628 1065 2688 τοίνυν,
1104 2628 1189 2679 ἵνα
1235 2627 1298 2679 ἐκ
1352 2628 1547 2698 μέρους
1587 2628 1812 2696 ἅψωμαι

153 2714 260 2765 τῶν
286 2714 609 2783 εἰρημένων,
637 2714 712 2773 ώς
741 2712 940 2783 ἀρτίως
964 2714 1341 2785 διαλεγόμενος
1370 2718 1481 2777 τοῖς
1508 2714 1812 2785 Κορινθίοις

156 2801 339 2869 ἔλεγεν
370 2803 397 2854 6
422 2804 667 2870 γενναῖος
690 2803 894 2865 ἐκεῖνος
923 2803 1017 2855 καὶ
1046 2802 1341 2872 θαυμάσιος
1366 2804 1535 2872 ἀνήρ·
1589 2802 1812 2869 Μήπως

152 2890 345 2942 ἐλθὼν
378 2890 650 2955 πολλοὺς
682 2889 961 2955 πενθήσω
990 2890 1107 2942 τῶν
1135 2891 1687 2957 προημαρτηκότων,
1714 2889 1812 2941 καί

149 2977 233 3045 μὴ
262 2977 1114 3046 μετανοησάντων.Ἀνθρωπος
1157 2978 1252 3047 μὲν
1281 2971 1348 3046 ἦν
1378 2979 1442 3046 τῇ
1478 2976 1635 3044 φύσει
1662 2978 1689 3028 6
1716 2976 1812 3044 μέ-

154 3081 254 3130 γας
286 3058 440 3127 οὗτος
470 3064 806 3129 διδάσκαλος,
839 3062 974 3116 Θεοῦ
1006 3064 1049 3117 δ’
1076 3063 1353 3134 ὑπηρέτης
1384 3063 1480 3133 τὴν
1516 3062 1771 3132 πρόθεσιν
1796 3079 1809 3091 θ

152 3151 239 3203 διὰ
269 3152 426 3203 τοῦτο
458 3151 645 3222 ὥσπερ
683 3151 917 3222 οὐρανίῳ
959 3150 1220 3221 κέχρηται
1256 3149 1487 3222 γλώττῃ,
1519 3151 1613 3202 καὶ
1649 3148 1723 3212 ώς
1756 3148 1813 3214 ἐξ

153 3238 330 3289 αὑτῶν
364 3238 471 3290 τῶν
498 3238 741 3307 οὐρανῶν
776 3238 1163 3307 φθεγγόμενος,
1199 3237 1340 3290 οὕτω
1378 3239 1469 3291 καὶ
1499 3240 1609 3298 τοῖς
1644 3237 1815 3307 ἀμαρ-

152 3326 405 3377 τάνουσιν
453 3325 698 3387 ἀπειλεῖ,
730 3326 824 3377 καὶ
858 3328 967 3387 τοῖς
1009 3325 1357 3394 μετανοοῦσιν
1394 3324 1616 3394 ἱλασμὸν
1649 3324 1820 3391 ἐπαγ-

153 3412 423 3479 γέλλεται.
468 3412 618 3483 [32⁸7]
662 3414 829 3465 Ὅταν
877 3411 933 3464 δέ
983 3410 1153 3464 ταῦτα
1208 3412 1365 3475 εἴπω,
1397 3412 1455 3463 οὑ
1498 3414 1564 3480 τῇ
1606 3410 1816 3463 Παύλου

154 3498 492 3569 γλώττῃρτὴν
526 3499 812 3552 αὑθεντίαν
839 3498 1147 3567 ἐπιγράφω,
1181 3498 1292 3550 ἀλλ’
1324 3498 1419 3550 ἐπί
1450 3497 1547 3566 τὴν
1570 3497 1663 3549 τοῦ
1685 3498 1818 3550 Θεοῦ

156 3586 316 3653 χάριν
349 3585 409 3637 τὸ
440 3588 543 3638 πᾶν
581 3586 862 3664 ἀναφέρω,
898 3588 1026 3657 περὶ
1070 3579 1130 3637 οῦ
1163 3584 1257 3638 νῦν
1300 3585 1459 3647 αὐτὸς
1497 3584 1679 3652 ἔλεγεν
1702 3600 1714 3612 ·
1751 3586 1821 3637 Εἰ

155 3673 416 3742 δοκιμὴν
460 3671 677 3740 ζητεῖτε
714 3673 821 3726 τοῦ
862 3674 931 3725 ἐν
976 3673 1103 3741 ἐμοὶ
1151 3671 1489 3737 λαλοῦντος
1522 3671 1821 3738 Χριστοῦ;

166 3759 515 3813 Ὕποτίθεται
550 3760 726 3813 τοίνυν
749 3762 863 3821 τοῖς
900 3759 1266 3830 ἁμαρτάνουσι
1296 3759 1583 3828 φάρμακον
1603 3759 1823 3829 εὐεργε-

159 3852 301 3912 σίας.
339 3850 436 3902 καὶ
469 3849 755 3918 μετάνοιαν
794 3850 873 3911 εἰς
906 3848 1200 3919 σωτηρίαν.
1236 3848 1545 3917 Συνέδραμε
1571 3847 1626 3899 δὲ
1654 3848 1823 3916 σήμε-

162 3956 252 4007 ρον
294 3941 358 4007 τῇ
399 3936 726 4007 ἀποστολικῇ
771 3936 1074 4005 ἀναγνώσει
1125 3936 1219 3989 καὶ
1270 3938 1301 4005 ή
1349 3936 1678 4004 εὑαγγελικὴ
1727 3935 1820 3987 τοῦ

159 4023 414 4093 Σωτῆρος
451 4022 723 4086 αὑθεντία,
754 4022 1038 4093 ἁμαρτιῶν
1084 4023 1274 4090 ἄφεσιν
1324 4021 1570 4089 ἀφθόνως
1614 4018 1825 4090 χαριζο-

162 4112 321 4181 μένη.
349 4110 452 4162 Τὸν
478 4110 585 4179 γὰρ
617 4110 980 4181 παραλυτικὸν
1007 4113 1033 4163 6
1056 4110 1245 4180 Σωτὴρ
1271 4108 1495 4179 ἰώμενος
1528 4108 1730 4176 ἔλεγεν,
1750 4108 1824 4171 ώς

159 4198 362 4267 ἀρτίως
396 4196 709 4263 ἀκηκόατε·
749 4196 985 4260 Τέκνον,
1017 4196 1312 4264 ἀφέωνταί
1338 4210 1436 4249 σοι
1468 4198 1527 4249 αἱ
1554 4195 1824 4264 ἁμαρτίαι

160 4300 278 4337 σου
325 4288 383 4336 αἰ
427 4284 675 4336 πολλαίο
726 4284 919 4351 ἄφεσις
961 4284 1017 4335 δὲ
1062 4282 1345 4353 ἁμαρτιῶν
1372 4283 1520 4353 πηγὴ
1555 4283 1825 4353 σωτηρίας

160 4373 255 4423 καὶ
283 4371 512 4424 ἔπαθλον
554 4370 865 4439 μετανοίας’
904 4371 1135 4440 ἰατρεῖον
1169 4371 1277 4439 γάρ
1307 4372 1451 4421 ἐστιν
1488 4370 1825 4439 ἀναιρετικὸν

159 4463 259 4529 τῆς
294 4458 570 4530 ἁμαρτίας
611 4460 643 4528 ἡ
690 4457 977 4526 μετάνοιαν
1006 4457 1175 4527 δῶρόν
1200 4459 1347 4509 ἐστιν
1373 4456 1639 4526 οὐράνιον,
1665 4456 1824 4508 δύνα-

180 4564 257 4607 .ιις
301 4546 609 4616 θαυμαστὴ,
642 4546 822 4615 χάριτι
870 4543 1074 4595 νικῶσα
1119 4544 1216 4611 τὴν
1250 4544 1356 4595 τῶν
1386 4542 1575 4612 νόμων
1606 4542 1825 4595 ἀκολου-

177 4632 304 4683 )ίαν.
348 4632 445 4684 Διά
477 4632 636 4684 τοῦτο
666 4632 725 4683 οὑ
763 4631 957 4702 πόρνον
998 4630 1331 4690 ἀποσείεται,
1370 4630 1428 4681 οὑ
1482 4629 1665 4698 μοιχὸν
1699 4630 1829 4681 ἀπο-

166 4717 331 4781 σοϐεῖ,
360 4717 420 4769 οὑ
453 4717 680 4788 μέθυσον
709 4717 1134 4787 ἀποστρέφεται,
1166 4716 1264 4767 οὐκ
1293 4715 1677 4784 εἰδωλολάτρην
1702 4714 1823 4783 βδε-

161 4802 443 4867 λύσσεται,
466 4804 525 4856 οὑ
558 4803 795 4875 λοίδορον
821 4802 1136 4865 ἀπελαύνει,
1168 4802 1226 4853 οὑ
1255 4800 1569 4870 βλάσφημον
1596 4799 1826 4853 ἀποδιώ-

162 4909 267 4957 κει,
291 4893 393 4945 οὐκ
428 4892 678 4958 ἀλαζόνα,
708 4893 842 4946 ἀλλὰ
870 4893 1077 4955 πάντας
1112 4893 1432 4962 μεταποιεῖ·
1466 4892 1826 4961 χωνευτήριον

162 4981 271 5051 γάρ
303 4982 420 5033 ἐστι
446 4981 545 5051 τῆς
575 4981 847 5051 ἁμαρτίας
866 4982 899 5050 ή
926 4980 1179 5049 μετάνοια
1200 4992 1246 5034 α.
1268 4980 1582 5046 Ἀναγκαῖον
1603 4978 1659 5030 δὲ
1678 4978 1827 5049 πρῶ-

158 5084 252 5120 τον
286 5069 547 5138 γνωρίσαι
579 5069 673 5122 τοῦ
703 5068 837 5121 Θεοῦ
866 5069 956 5121 τὸν
989 5068 1210 5130 σκοπὸν,
1237 5068 1337 5119 οὑκ
1363 5067 1421 5130 ἐξ
1442 5066 1722 5137 ἡμετέρων
1742 5068 1826 5118 ὲν-

160 5155 318 5206 νοιῶν
346 5155 733 5218 ἐπιϐάλλοντας
758 5154 930 5227 ταύτῃ
954 5157 1017 5225 τῇ
1055 5154 1275 5224 θεωρίᾳ,
1300 5153 1413 5206 ἀλλ’
1437 5152 1497 5216 ἐξ
1522 5153 1698 5206 αὑτῶν
1719 5153 1827 5207 τῶν

163 5240 323 5294 θείων
356 5242 585 5311 Γραφῶν
618 5242 1118 5313 μεμαρτυρημένην
1140 5240 1559 5303 ἀποδεικνύντας
1586 5240 1682 5311 τὴν
1705 5240 1830 5311 ἀλή-

163 5328 335 5383 θειαν.
371 5330 578 5393 Σκοπὸς
605 5330 682 5400 τῷ
722 5330 840 5399 Θεῷ
889 5329 1258 5399 μακροθυμεῖν
1300 5330 1413 5391 τοῖς
1455 5328 1827 5399 ἁμαρτάνουσι

159 5414 383 5479 διπλοῦς
414 5419 560 5470 ἐστιν
582 5420 658 5481 εἰς
684 5417 955 5487 σωτηρίαν
977 5416 1132 5479 ἵλεως
1150 5430 1164 5445 ’
1199 5417 1627 5486 μνηστευόμενος
1647 5417 1827 5480 αὑτοῖς

160 5503 261 5571 τὴν
290 5504 354 5555 ἐκ
380 5505 664 5573 μετανοίας
688 5505 980 5576 σωτηρίαν,
1011 5505 1105 5559 καὶ
1128 5505 1239 5566 τοῖς
1267 5503 1324 5569 ἐξ
1347 5503 1523 5556 αὑτῶν
1544 5503 1827 5571 ἀπογόνοις

161 5592 273 5651 τοῖς
325 5592 405 5652 εἰς
455 5591 651 5662 ἀρετὴν
694 5592 985 5646 ἐπιδιδόναι
1018 5590 1267 5663 μέλλουσι
1299 5590 1686 5660 ταμιευόμενος
1729 5592 1826 5661 τὴν

227 5702 251 5729 α
285 5694 419 5759 Unus
442 5695 565 5759 Regf
590 5698 768 5752 πάντας
792 5698 977 5759 δέχεται
1001 5698 1080 5747 καὶ
1105 5696 1279 5751 πάντας
1304 5695 1559 5757 μεταποιεῖ·
1588 5697 1823 5756 χωνευτή-

166 5775 264 5824 ριον
289 5757 378 5819 γάρ
400 5758 525 5805 ἐστιν
546 5758 709 5820 ἀρετῆς
728 5761 757 5816 ἡ
785 5757 1026 5821 μετάνοιαέ

746 5924 764 5959 Ι

1918 1928 2257 1996 εὐεργεσίαν.
2291 1929 2398 1981 Καὶ
2441 1929 2523 1980 ἵνα
2568 1929 2727 1981 πάλιν
2774 1931 3026 1985 ἀναλάόω
3055 1932 3149 1986 τὸν
3175 1932 3353 2003 λόγον,
3386 1938 3412 1989 6
3441 1934 3572 2000 Θεὸς

1918 2013 2277 2084 μακροθυμεῖ,
2315 2012 2397 2067 ἵνα
2440 2016 2531 2067 καὶ
2569 2016 2595 2067 6
2630 2018 2953 2085 ἁμαρτάνων
2984 2024 3305 2091 μετανοήσῃ,
3336 2024 3427 2076 καὶ
3460 2026 3571 2086 τοῖς

1915 2098 1975 2163 ἐξ
1998 2099 2161 2152 αὑτοῦ
2195 2101 2529 2171 τικτομένοις
2566 2102 2639 2172 μὴ
2676 2104 2973 2175 ἀποκλείσῃ
3000 2107 3096 2176 τὴν
3135 2110 3425 2178 σωτηρίαν.
3454 2109 3571 2164 Κᾶν

1915 2187 2022 2257 γὰρ
2068 2187 2229 2250 αὑτὸς
2271 2190 2298 2240 6
2336 2189 2663 2259 ἁμαρτάνων
2713 2191 3054 2261 ἀμετανόητα
3102 2196 3286 2263 πταίῃ,
3337 2197 3571 2264 φείδεται

1916 2272 2173 2334 πολλάκις
2214 2272 2311 2341 τῆς
2337 2272 2511 2342 ῥίζης,
2546 2275 2631 2326 ἵνα
2662 2275 2870 2348 φυλάξῃ
2905 2279 3026 2341 τοὺς
3062 2280 3336 2347 καρπούςο
3373 2281 3570 2333 πολλά⁴

1917 2377 2003 2422 κις
2044 2359 2141 2429 μὲν
2169 2355 2259 2413 οῦν
2292 2361 2384 2412 καὶ
2418 2360 2585 2431 αὑτὴν
2618 2362 2937 2431 μεταϐάλλει
2966 2364 3062 2436 τὴν
3097 2366 3272 2436 ῥίζαν,
3301 2368 3374 2431 ὡς
3405 2368 3579 2439 ἔφθηνρ

1918 2445 2119 2498 εἰπών’
2154 2445 2271 2498 ἀλλ’
2298 2448 2515 2501 ἐπειδὰν
2548 2452 2625 2512 εἰς
2660 2454 2893 2523 παντελῆ
2927 2456 3124 2508 κακίαν
3155 2457 3333 2527 ἐκείνη
3364 2459 3523 2529 πέσῃ,
3546 2458 3575 2509 6

1917 2532 2049 2596 Θεὸς
2072 2534 2416 2603 ὑπερτίθεται
2440 2538 2722 2607 χρησίμως
2743 2540 2839 2611 τὴν
2862 2542 3153 2613 τιμωρίαν,
3168 2544 3447 2614 ἀναμένων
3468 2545 3574 2597 τῶν

1921 2623 2320 2691 μετανοούντων
2344 2623 2442 2695 τὴν
2478 2629 2749 2698 σωτηρίαν
2772 2646 2783 2659 ·
2816 2630 2907 2681 καὶ
2943 2631 3108 2695 ὅπως,
3137 2632 3319 2686 ἄκουε.
3344 2633 3529 2702 Θάρῤα
3548 2634 3577 2686 6

1921 2712 2102 2782 πατὴρ
2136 2712 2387 2783 Ἀϐραάμ
2413 2714 2645 2767 εἰδώλων
2672 2711 2739 2787 ἦν
2762 2720 3158 2789 προσκυνητὴς,
3191 2720 3303 2772 ἀλλ’
3328 2721 3390 2773 οὑ
3418 2720 3577 2773 δέδω-

1920 2816 2011 2851 κεν
2043 2800 2273 2853 ἐνταῦθα
2307 2804 2405 2871 τῆς
2440 2803 2692 2866 ἀσεϐείας
2734 2804 2835 2874 τὴν
2880 2805 3070 2874 δίκην·
3118 2808 3209 2859 καὶ
3243 2809 3483 2869 εἰκότως.
3515 2809 3577 2860 Εἰ

1920 2886 2027 2958 γὰρ
2050 2887 2331 2957 προλαϐὼν
2360 2891 2389 2941 ό
2418 2888 2550 2952 Θεὸς
2578 2891 2818 2959 ἀπέτεμε
2845 2891 2941 2961 τὴν
2967 2892 3139 2962 ῥίζαν,
3172 2893 3333 2945 πόθεν
3354 2897 3380 2947 6
3401 2894 3579 2948 τοσοῦ⁶

1920 2990 2009 3035 τος
2042 2976 2248 3044 καρπὸς
2276 2976 2374 3045 τῆς
2400 2977 2632 3039 πίστεως
2655 2978 2949 3041 ἀνεδίδοτο;
2974 2980 3038 3032 Τί
3064 2979 3155 3031 τοῦ
3186 2980 3353 3033 Ἠσαῦ
3382 2982 3579 3052 μοχθη-

1924 3059 2169 3129 ρότερον;
2200 3062 2396 3114 Σκόπει
2421 3081 2507 3132 μοι
2528 3064 2620 3115 καὶ
2641 3063 2832 3133 ἐτέρας
2861 3064 3268 3135 φιλανθρωπίας
3305 3067 3577 3122 ὑπόθεσιν.

1922 3144 1987 3195 Τί
2015 3146 2114 3210 τῆς
2144 3146 2338 3209 κακίας
2369 3149 2580 3218 ἐκείνης
2608 3149 3013 3219 ἀναιδέστερον;
3042 3154 3099 3204 οὑ
3136 3154 3330 3223 πόρνος
3358 3153 3451 3205 καὶ
3489 3152 3580 3220 βέο

1922 3232 2102 3301 ϐηλος,
2143 3231 2216 3296 ῶς
2242 3250 2402 3303 φησιν
2424 3235 2452 3284 6
2488 3236 2835 3301 Ἀπόστολος;
2871 3240 2930 3290 οὑ
2968 3239 3288 3309 μητρολοίας
3335 3240 3427 3291 καὶ
3473 3258 3579 3292 πα-

1917 3319 2206 3389 τρολοίας;
2243 3322 2341 3373 οὑκ
2388 3322 2615 3388 ἀδελφοῦ
2668 3326 2860 3390 φονεὺς
2887 3325 3007 3377 ὅσον
3033 3328 3110 3387 εἰς
3145 3326 3434 3395 πρόθεσιν;
3484 3327 3599 3396 οὑχ,

1922 3406 2027 3458 ὑπὸ
2055 3406 2149 3459 τοῦ
2176 3407 2311 3459 Θεοῦ
2346 3408 2702 3477 μισούμενος;
2736 3412 2768 3478 ἡ
2801 3411 2989 3482 Γραφὴ
3022 3415 3283 3483 μαρτυρεῖ
3311 3412 3541 3479 λέγουσα
3565 3431 3578 3443 ⁸

1923 3492 2040 3547 Τὸν
2074 3494 2273 3547 Ἰακὼϐ
2298 3493 2605 3562 ἠγάπησα,
2634 3495 2742 3547 τὸν
2761 3496 2829 3548 δὲ
2861 3496 3049 3551 Ἡσαῦ
3080 3498 3364 3566 ἐμίσησα.
3394 3501 3457 3553 Εἰ
3478 3500 3584 3554 τοί-

1921 3598 2012 3634 νυν
2047 3582 2241 3650 πόρνος
2285 3583 2377 3635 καὶ
2407 3582 2787 3650 ἀδελφοκτόνος
2824 3583 2917 3635 καὶ
2964 3583 3188 3653 βέϐηλος
3220 3587 3313 3638 καὶ
3344 3604 3581 3656 μεμιση-

1925 3669 2101 3737 μένος,
2136 3669 2223 3721 διά
2251 3669 2301 3720 τί
2333 3668 2404 3739 μὴ
2430 3668 2783 3736 ἀφανίζεται;
2815 3670 2900 3722 διὰ
2929 3670 2982 3721 τί
3011 3671 3085 3740 μὴ
3114 3672 3436 3726 ἐκκόπτεται
3457 3690 3471 3738 ;
3495 3674 3582 3726 διὰ

1920 3756 1971 3807 τί
2011 3757 2345 3825 παραχρῆμα
2375 3755 2471 3825 τὴν
2505 3758 2881 3827 προσήκουσαν
2915 3758 3181 3827 τιμωρίαν
3226 3759 3285 3810 οὑ
3333 3758 3581 3828 δέχεται;

1923 3842 2021 3895 Διά
2054 3843 2139 3909 τί;
2172 3842 2336 3894 καλὸν
2364 3842 2437 3906 ὡς
2474 3842 2689 3912 ἀληθῶς
2731 3845 2824 3895 καὶ
2852 3842 2949 3913 τὴν
2977 3844 3152 3897 αἰτίαν
3186 3847 3373 3898 εἰπεῖν.
3407 3847 3469 3897 Εἰ
3500 3844 3585 3909 ἐξ·

1923 3930 2116 3999 εκόπη,
2144 3930 2398 3997 μέγιστον
2428 3928 2635 3999 καρπὸν
2655 3929 2997 3999 δικαιοσύνης
3023 3933 3050 3983 6
3073 3931 3273 4001 κόσμος
3306 3930 3585 3984 ἀπώλεσεν

1924 4014 1989 4067 ἄν
2009 4029 2022 4043 ·
2054 4016 2144 4067 καὶ
2176 4015 2582 4081 ὁποῖον,’άκουε.
2601 4015 2787 4070 Ἡσαῦ
2813 4016 3101 4083 ἐγέννησε
3129 4017 3235 4069 τὸν
3265 4017 3582 4087 Ῥαγουὴλ,

1938 4100 2225 4170 Ῥαγουὴλ
2270 4103 2378 4154 τὸν
2422 4102 2601 4169 Ζαρὰ,
2648 4103 2805 4173 Ζαρὰ
2838 4101 2943 4153 τὸν
2978 4101 3119 4154 Ἰώϐ.
3153 4101 3315 4172 Ὁρᾷς
3358 4104 3585 4173 πηλίκον

1926 4187 2203 4256 ὑπομονῆς
2241 4187 2397 4249 ἄνθος
2438 4186 2747 4256 ἠφανίζετο,
2781 4188 2829 4238 εί
2877 4185 3162 4257 προλαϐὼν
3202 4188 3231 4239 6
3271 4188 3399 4251 Θεὸς
3432 4189 3585 4259 δίκην

1928 4272 2176 4342 ἀπῄτησε
2205 4273 2300 4341 τὴν
2335 4272 2490 4343 ῥίζαν
2511 4289 2525 4337 ;

1999 4360 2063 4428 β’.
2098 4358 2234 4411 Καθ’
2259 4358 2395 4412 ὅλων
2426 4354 2517 4411 οῦν
2539 4358 2645 4412 τῶν
2675 4359 3012 4430 πραγμάτων
3042 4361 3244 4432 ταύτην
3276 4361 3607 4437 ὲκλάμϐανε

1930 4444 2027 4513 τὴν
2052 4444 2302 4515 θεωρίαν.
2320 4446 2419 4498 Διά
2436 4445 2593 4497 τοῦτο
2620 4447 2961 4516 μακροθυμεῖ
2977 4450 3087 4510 τοῖς
3110 4448 3420 4515 Αἰγυπτίοις
3437 4446 3583 4521 [528]

1929 4532 2227 4585 ἀνύποισσα
2259 4532 2655 4603 βλασφημοῦσι,
2686 4534 2771 4586 διὰ
2801 4535 2899 4597 τάς
2924 4534 3017 4588 νῦν
3050 4536 3315 4599 ἀνθούσας
3360 4538 3589 4609 Ἐκκλη-

1929 4618 2047 4681 σίας
2078 4620 2135 4669 ἐν
2168 4619 2446 4688 Αἰγύπτῳ,
2477 4619 2564 4671 διὰ
2594 4620 2659 4671 τὰ
2691 4621 3024 4690 μοναστήρια
3070 4621 3161 4673 καὶ
3215 4623 3341 4685 τοὺς
3371 4623 3587 4691 ἀγγελι-

1928 4705 2021 4757 κὸν
2053 4705 2547 4776 ι’ἐπανῃρημένους
2597 4705 2729 4774 βίον.
2780 4707 2890 4759 Καὶ
2940 4707 3070 4779 γὰρ,
3106 4709 3180 4771 ὥς
3216 4727 3376 4779 φασιν
3402 4713 3450 4764 οί
3480 4712 3587 4765 τῶν

1926 4792 2103 4861 νόμων
2134 4792 2243 4845 τῶν
2272 4792 2466 4845 κοινῶν
2499 4792 2769 4862 ἔμπειροι,
2798 4794 2887 4845 καὶ
2919 4794 2992 4857 ώς
3019 4796 3065 4847 οἰ
3095 4796 3378 4866 Ῥωμαίων
3412 4816 3587 4870 παρα-

1928 4879 2238 4932 κελεύονται
2282 4880 2456 4949 νόμοι,
2485 4879 2581 4949 τὴν
2611 4878 3002 4949 κυοφοροῦσαν,
3037 4881 3091 4932 εί
3120 4899 3248 4935 ποτε
3300 4886 3585 4956 περιπέσοι

1926 4968 2226 5038 πταίσματι
2262 4967 2486 5021 θανάτου
2516 4967 2671 5037 δίκην
2704 4967 2980 5035 ἐπάγοντι,
3014 4969 3087 5038 μὴ
3137 4970 3397 5041 πρότερον
3442 4975 3588 5028 ἀναι-

1929 5056 2160 5127 ρεῖσθαι,
2199 5056 2329 5125 πρὶν
2359 5054 2423 5107 ἂν
2454 5054 2588 5125 τέκῃ
2626 5054 2685 5107 τὸ
2712 5056 3148 5127 κυοφορούμενον
3167 5075 3179 5087 ο
3213 5061 3305 5111 καὶ
3338 5060 3480 5128 μάλα
3511 5065 3588 5115 εί-

1927 5142 2098 5205 κότως
2118 5158 2130 5170 -
2163 5142 2223 5193 οὑ
2250 5143 2357 5211 γὰρ
2391 5141 2707 5195 ἐδικαίωσαν
2736 5143 2785 5194 οἰ
2812 5142 2991 5205 καλῶς
3016 5142 3315 5208 τεθεικότες
3348 5146 3471 5209 τοὺς
3503 5149 3587 5201 νό-

1930 5245 2062 5297 μους
2110 5228 2571 5298 συναφανισθῆναι
2598 5228 2656 5280 τὸ
2684 5230 3067 5300 ἀναμάρτητον
3102 5234 3166 5302 τῇ
3199 5232 3582 5306 ἀμαρτησάσῃ.

1928 5315 1990 5367 Εἰ
2020 5314 2075 5367 δὲ
2104 5316 2153 5367 οί
2179 5314 2506 5386 ἀνθρώπινοι
2534 5317 2685 5386 νόμοι
2716 5316 2984 5385 φείδονται
3007 5318 3116 5371 τῶν
3148 5320 3311 5391 μηδὲν
3332 5323 3585 5393 ἡμαρτη-

1927 5403 2120 5467 κότων,
2152 5406 2179 5456 6
2203 5404 2332 5467 Θεὸς
2356 5406 2416 5457 οὑ
2452 5404 2630 5476 πολλῴ
2658 5405 2853 5475 μᾶλλον
2877 5404 3099 5469 εἰκότως
3125 5406 3343 5474 φυλάξει
3376 5408 3471 5479 τὴν
3501 5409 3582 5479 ῥί-

1926 5489 2048 5553 ζαν,
2081 5493 2194 5555 τοῖς
2238 5494 2469 5563 καρποῖς
2499 5492 2889 5563 ταμιευόμενος
2919 5492 3016 5564 τὴν
3060 5494 3124 5545 ἐκ
3167 5494 3264 5563 τῆς
3303 5498 3585 5564 μετανοίας

1926 5579 2276 5650 εὐεργεσίαν;
2310 5580 2453 5633 Λάϐε
2489 5598 2576 5649 μοι
2616 5580 2798 5634 λοιπὸν
2825 5580 2918 5635 καὶ
2948 5580 3033 5633 ἐπ’
3062 5580 3238 5633 αὑτῶν
3267 5581 3373 5635 τῶν
3403 5581 3579 5653 ἁμαρ-

1926 5668 2193 5719 τανόντων
2222 5666 2315 5736 τὴν
2349 5668 2411 5718 ἐκ
2444 5666 2728 5736 μετανοίας
2753 5668 3067 5740 εὐεργεσίαν
3088 5686 3099 5699 ⁸
3125 5668 3218 5724 καὶ
3246 5668 3354 5741 γὰρ
3379 5670 3469 5726 καὶ
3489 5669 3583 5726 ἐπὶ

1990 5757 2015 5796 b
2045 5756 2177 5805 Unus
2198 5756 2319 5818 Reg.
2356 5756 2666 5817 εὐαγγελικὸν.
3542 5782 3591 5810 ,κ
