4066 6392
426 280 532 338 535

425 398 627 454 τούτων
668 403 696 454 6
729 401 888 466 αὐτὸς
922 403 1020 472 τῆς
1052 401 1456 474 φιλανθρωπίας
1484 404 1787 459 ἀποδίδοται
1811 405 1984 474 λόγος.
2018 406 2080 458 El

428 487 835 559 προελάμϐανεν
861 491 894 559 ή
919 491 1036 561 δίκη
1064 491 1162 562 τὴν
1189 490 1490 562 διόρθωσιν,
1522 493 1550 543 6
1572 492 1771 561 κόσμος
1808 491 2083 556 παντελῶς

427 574 709 628 ἀπώλλυτο
735 578 829 630 καὶ
858 577 1186 649 διεφθείρετο
1205 596 1217 609 ·
1256 582 1304 632 εί
1336 579 1457 645 ὀξὺς
1486 576 1553 652 ἦν
1597 581 1732 650 πρὸς
1755 581 2022 651 τιμωρίαν
2054 582 2083 632 6

427 663 577 729 Θεὸς,
608 665 706 719 οὐκ
727 665 792 719 ἀν
814 667 1080 737 ἐκτήσατο
1109 667 1317 720 Παῦλον
1344 669 1376 738 ἡ
1413 668 1724 739 Ἐκκλησία,
1749 670 1847 721 ούκ
1873 668 2083 738 ἐδέχετο

428 752 519 804 τὸν
553 751 789 805 τοιοῦτον
818 754 910 807 καὶ
941 753 1270 825 τηλικοῦτον.
1302 755 1400 808 Διά
1444 755 1601 808 τοῦτο
1649 752 1740 808 οὖν
1789 755 2081 825 ὑπερέθετο

433 837 871 908 βλασφημοῦντα,
900 841 985 894 ἵνα
1029 842 1176 913 δείξῃ
1210 842 1587 912 μετανοοῦντα.
1607 845 1667 896 'H
1694 843 1786 896 τοῦ
1815 843 1948 896 Θεοῦ
1981 860 2083 914 μα-

429 927 694 996 κροθυμία
736 927 826 980 τὸν
851 927 1082 999 διώκτην
1107 929 1327 1000 ἐποίησε
1360 932 1573 1001 κήρυκα
1595 948 1609 958 ·
1638 932 1669 998 ἡ
1695 930 1788 982 τοῦ
1814 928 1947 982 Θεοῦ
1982 947 2082 1000 μα-

429 1012 700 1082 κροθυμία
728 1015 816 1066 τὸν
855 1014 1016 1067 λύκον
1054 1017 1342 1086 μετέϐαλεν
1373 1019 1450 1078 εἰς
1478 1019 1733 1088 ποιμένα·
1765 1021 1797 1087 ἡ
1829 1016 1921 1070 τοῦ
1950 1016 2081 1069 Θεοῦ

433 1101 779 1172 μακροθυμία
804 1104 894 1155 τὸν
926 1103 1162 1173 τελώνην
1193 1106 1443 1175 ἐποίησεν
1473 1106 1860 1177 εύαγγελιστήν
1879 1123 1894 1139 ·
1933 1105 2082 1176 ήτοῦ

429 1188 563 1242 Θεοῦ
614 1192 958 1262 μακροθυμία
1005 1195 1208 1258 πάντας
1257 1197 1404 1264 ἡμᾶς
1443 1196 1656 1265 ἠλέησε,
1701 1197 1905 1260 πάντας
1958 1213 2082 1265 μετ-

429 1276 828 1341 έϐαλε,πάντας
858 1280 1236 1350 μετέστρεψεν.
1256 1282 1378 1335 Ἐἀν
1410 1282 1522 1356 ἴδῃς
1555 1285 1644 1337 τόν
1671 1301 1796 1337 ποτε
1830 1283 2079 1354 μέθυσον,

429 1367 742 1436 νηστευτὴν,
773 1368 865 1420 ἐὰν
899 1368 1010 1439 ἴδῃς
1035 1370 1122 1423 τόν
1154 1388 1280 1423 ποτε
1315 1372 1651 1442 βλάσφημον,
1694 1373 1960 1442 θεολόγον,
1989 1374 2082 1425 ἐὰν

430 1451 546 1523 ἴδῃς
592 1454 684 1507 τόν
727 1473 852 1508 ποτε
882 1459 1130 1528 αἰσχραῖς
1155 1461 1314 1529 ᾠδαῖς
1339 1462 1398 1514 τὸ
1427 1462 1598 1530 στόμα
1630 1461 1950 1532 μολύναντα,
1989 1462 2082 1514 νῦν

428 1542 540 1603 τοῖς
569 1540 731 1604 θείοις
777 1542 962 1612 ὕμνοις
1004 1547 1100 1616 τὴν
1127 1547 1300 1616 ψυχὴν
1334 1548 1680 1618 καθαίροντα,
1713 1549 1955 1620 θαύμαζε
1986 1549 2082 1620 τὴν

433 1627 810 1698 μακροθυμίαν
840 1631 931 1683 τοῦ
955 1631 1110 1698 Θεοῦ,
1147 1635 1241 1686 καὶ
1266 1636 1474 1688 ἐπαίνει
1510 1638 1607 1708 τὴν
1648 1637 1954 1707 μετάνοιαν,
1987 1638 2079 1690 καὶ

429 1713 494 1765 ἐκ
526 1714 624 1783 τῆς
648 1716 980 1780 ἀλλοιώσεως
1018 1720 1138 1788 λέγε
1168 1721 1474 1775 ἀναλαϐών
1508 1723 1667 1791 Αὕτη
1693 1726 1731 1792 ἡ
1761 1725 2082 1790 ἀλλοίωσις

429 1797 537 1866 τῆς
582 1801 781 1870 δεξιᾶς
817 1805 922 1859 τοῦ
957 1807 1507 1878 ’Υψίστου.Ἀγαθὸς
1560 1811 1657 1882 μὲν
1701 1814 1730 1865 6
1769 1811 1902 1874 Θεὸς
1947 1813 2083 1882 πρὸς

432 1889 656 1955 πάντας,
680 1891 970 1963 ἐξαιρέτως
995 1896 1052 1948 δὲ
1073 1897 1170 1968 τὴν
1200 1898 1390 1951 ἑαυτοῦ
1421 1899 1797 1970 μακροθυμίαν
1819 1900 2083 1952 ἐνδείκνυ-

430 1991 520 2029 ται
564 1979 700 2048 πρὸς
741 1984 863 2044 τοὺς
893 1984 1320 2054 ἁμαρτάνοντας.
1357 1989 1465 2041 Καὶ
1507 1990 1554 2039 εἰ
1589 1987 1764 2058 βούλει
1808 1987 1954 2056 ξένον
1987 1989 2084 2040 ἐπ-

431 2063 658 2118 ακοῦσαι
703 2067 876 2137 λόγον,
909 2071 1054 2136 ξένον
1099 2074 1194 2142 μὲν
1240 2075 1360 2128 ὅσον
1394 2077 1472 2138 είς
1507 2076 1808 2146 συνήθειαν,
1836 2075 2081 2145 ἀληθινὸν

430 2149 486 2202 δέ
517 2151 638 2204 ὅσον
670 2155 750 2218 είς
775 2157 1074 2223 εὐσέϐειαν,
1107 2161 1358 2216 ἄκουσον.

501 2240 680 2313 Βαρὺς
725 2249 752 2298 6
785 2246 915 2311 Θεὸς
954 2253 1225 2322 πανταχοῦ
1257 2253 1503 2321 φαίνεται
1531 2257 1640 2316 τοῖς
1672 2254 1918 2317 δικαίοις,
1949 2271 2084 2325 χρη-

435 2328 556 2393 στὸς
593 2331 649 2383 δὲ
677 2336 786 2396 τοῖς
829 2336 1186 2407 ἁμαρτωλοῖς,
1219 2340 1310 2392 καὶ
1335 2342 1498 2410 ταχὺς
1528 2343 1607 2404 είς
1642 2339 2046 2409 φιλανθρωπίαν
2065 2357 2080 2372 ο

432 2415 524 2468 τὸν
550 2418 928 2488 ἁμαρτάνοντα
954 2425 1044 2475 κα)⁵
1079 2427 1307 2480 πεσόντα
1327 2427 1643 2498 διανίστησι,
1675 2427 1766 2480 καί
1796 2445 1927 2498 φησι
1949 2427 2084 2498 πρὸς

435 2505 622 2558 αὐτόν’
657 2507 754 2573 Μὴ
788 2512 821 2562 ό
855 2513 1086 2565 πίπτων
1126 2516 1233 2567 οὐκ
1263 2515 1610 2580 ἀνίσταται;
1654 2515 1692 2584 ἢ
1729 2517 1760 2569 ὀ
1791 2515 2082 2584 ἀποστρέ-

435 2609 564 2661 φων
607 2598 717 2650 οὐκ
756 2599 1129 2669 ἐπιστρέφεις
1173 2605 1287 2656 καῖ’
1312 2607 1492 2658 Ἰνατί
1535 2605 1913 2674 ἀπέστρεψεν
1941 2606 2084 2659 ἀπο-

435 2684 707 2752 στροφὴν
755 2685 967 2754 ἀναιδῆ
1015 2689 1052 2754 ἡ
1102 2690 1392 2756 ἀσύνετος
1425 2694 1683 2762 θυγάτηρ
1723 2693 1916 2768 Ἰούδα
1931 2709 1950 2756 ;
1993 2693 2086 2746 καὶ

435 2773 597 2826 πάλιν
619 2790 633 2802 ·
680 2774 1106 2844 Ἐπιστράφητε
1137 2777 1298 2845 πρὸς⁹
1316 2779 1413 2848 μὲ,
1449 2781 1546 2833 καὶ
1571 2781 2086 2850 ἐπιστραφήσομαι

436 2860 584 2928 πρὸς
609 2861 780 2930 ὑμᾶς.
811 2865 921 2916 Καὶ
951 2865 1173 2936 ἑτέρωθι
1203 2866 1258 2919 δέ
1288 2867 1435 2938 ὅρκῳ
1469 2867 1672 2938 βεϐαιοῖ
1697 2870 1793 2939 τὴν
1826 2871 1889 2921 ὲκ
1926 2886 2088 2938 μετα-

326 3029 330 3038 .
436 2948 583 3038 νοίας
609 2952 876 3020 σωτηρίαν
902 2953 989 3004 διὰ
1019 2953 1211 3024 πολλὴν
1241 2955 1428 3024 φιλανθ
1439 2958 1666 3026 ρωπίαν.
1703 2957 1792 3010 Ζῶ
1818 2958 1925 3026 γὰρ
1952 2957 2084 3026 ἐγὼ,

435 3037 593 3104 λέγει
632 3037 870 3104 Κύριος·
906 3041 976 3092 οὐ
1008 3040 1306 3111 ,βούλομαι
1340 3045 1446 3096 τὸν
1477 3043 1732 3098 θάνατον
1763 3045 1867 3098 τοῦ
1905 3045 2088 3113 ἁμαρ-

437 3123 649 3187 τωνίοῦ,
680 3125 759 3189 ὡς
782 3125 846 3177 τὸ
877 3126 1231 3197 ἐπιστρέψαι
1258 3130 1355 3183 καὶ
1389 3129 1495 3199 ζῇν
1521 3133 1721 3185 αὐτόν.
1752 3132 1892 3204 Πρὸς
1920 3133 1974 3184 δὲ
2000 3133 2088 3184 τὸν

438 3208 640 3263 δίκαιον
669 3211 812 3279 λέγει
834 3231 846 3242 ·
895 3214 1036 3267 Ἐὰν
1062 3215 1284 3284 ποιήσῃ
1313 3216 1619 3282 ἅνθρωπος
1647 3215 1851 3273 πᾶσαν
1876 3217 2091 3271 δικαιο-

439 3297 638 3363 σύνην
678 3297 774 3352 καί
819 3297 1023 3353 πᾶσαν
1065 3301 1368 3366 ἀλήθειαν,
1397 3303 1492 3356 καί
1522 3305 1803 3374 στραφεὶς
1839 3305 2087 3374 ἁμάρτῃ,

440 3385 511 3437 οὐ
538 3382 623 3452 μὴ
656 3385 904 3453 μνησθῶ
947 3386 1058 3454 τῆς
1091 3387 1479 3456 δικαιοσύνης
1522 3391 1726 3456 αὑτοῦ,
1765 3392 1990 3445 ἀλλ’ἐν
2016 3391 2091 3459 τῇ

440 3469 689 3537 ἁμαρτίᾳ
717 3471 901 3525 αὐτοῦ
940 3473 1408 3530 ἀποθανεῖται.Ὢ
1436 3476 1634 3546 πολλῆς
1677 3477 1953 3549 ἀκριϐείας
1993 3479 2090 3547 τῆς

441 3559 576 3628 πρὸς
593 3559 680 3612 τὸν
705 3559 907 3614 δίκαιον
925 3578 936 3590 ·
961 3561 1005 3614 ὣ
1028 3562 1221 3633 πολλῆς
1242 3565 1514 3634 δαψιλείας
1536 3567 1631 3635 τῆς
1656 3566 1788 3636 πρὸς
1810 3566 1897 3618 τὸν
1917 3568 2094 3639 ἁμαρ-

442 3647 686 3698 τάνοντα.
727 3645 882 3700 Οὕτω
926 3648 981 3700 δὲ
1026 3650 1282 3714 ποικίλως
1322 3652 1415 3704 καὶ
1441 3652 1710 3724 διαφόρως
1765 3655 2089 3725 μηχανᾶται,

442 3731 541 3784 οὐκ
567 3732 729 3795 αὐτὸς
758 3734 1238 3807 μεταϐαλλόμενος,
1271 3738 1404 3792 ἀλλά
1432 3739 1714 3811 χρησίμως
1741 3740 1974 3811 μερίζων
1998 3744 2095 3812 τῆς

443 3816 768 3889 ἀγαθότητος
792 3819 953 3872 αὐτοῦ
976 3821 1074 3885 τὰς
1097 3823 1401 3894 οἰκονομίας
1423 3841 1435 3852 ·
1469 3828 1560 3879 καὶ
1589 3827 1754 3890 ὅπως,
1787 3827 1966 3881 ἄκουε.
1993 3830 2095 3881 Τὸν

443 3903 763 3974 ἁμαρτωλὸν
793 3907 888 3960 καὶ
917 3909 1220 3979 ἐμμένοντα
1254 3914 1372 3975 ταῖς
1393 3913 1706 3982 ἁμαρτίαις,
1739 3914 1832 3967 ἐὰν
1863 3915 2090 3987 φοϐήσῃ,

445 3993 524 4052 εις
550 3992 855 4060 ἀπόγνωσιν
899 3996 1058 4049 αὐτὸν
1091 3999 1182 4050 καὶ
1214 3999 1583 4070 ἀπαγόρευσιν
1619 4002 1718 4071 τῆς
1748 4001 1959 4066 ἐλπίδος
2005 4004 2097 4072 φέ-

449 4095 530 4148 ρει
551 4097 564 4110 ο
587 4080 678 4133 τὸν
705 4082 760 4135 δὲ
783 4082 982 4137 δίκαιον
1008 4085 1100 4138 ἐὰν
1129 4089 1426 4158 μακαρίσῃ,
1457 4092 1644 4158 χαυνοῖ
1667 4087 1815 4160 [529]
1843 4091 1941 4160 τῆς
1969 4092 2099 4160 ἀρε-

445 4167 543 4236 τῆς
572 4169 735 4221 αὐτοῦ
779 4171 870 4223 τὸν
904 4173 1070 4236 τόνον,
1102 4175 1194 4227 καὶ
1239 4175 1313 4238 ὡς
1357 4175 1454 4246 ἥδη
1503 4177 1926 4248 μακαρισθέντα,
1957 4179 2096 4248 ἀμε⁴

444 4255 555 4310 λεῖν
593 4259 751 4313 αὐτὸν
795 4262 891 4331 τῆς
936 4263 1167 4334 σπουδῆς
1209 4266 1630 4335 παρασκευάζει.
1664 4265 1760 4318 Διὰ
1802 4265 1958 4319 τοῦτο
2007 4268 2097 4321 τὸν

450 4345 549 4415 μὲν
603 4348 920 4418 ἁμαρτωλὸν
964 4351 1120 4416 ἐλεεῖ,
1152 4351 1243 4404 τὸν
1283 4353 1340 4406 δὲ
1382 4354 1586 4407 δίκαιον
1626 4354 1810 4424 φοϐεῖο
1845 4356 2098 4424 Φοϐερὸς

448 4432 556 4504 γὰρ
598 4435 695 4491 ἐπὶ
743 4436 970 4502 πάντας
1008 4439 1148 4504 τοὺς
1179 4443 1511 4508 περικύκλῳ
1528 4443 1745 4496 αὑτοῦ·
1799 4444 1912 4517 καὶ,
1951 4446 2099 4512 Χρη-

449 4523 594 4587 στὸς
645 4525 849 4590 Κύριος
898 4525 1018 4593 τοῖς
1049 4527 1344 4594 σύμπασι.
1389 4530 1659 4597 Φοϐερὸς,
1701 4530 1885 4600 φησὶν,
1931 4531 2101 4584 ἐστὶν

449 4607 546 4660 ἐπὶ
571 4609 797 4676 πάντας
823 4612 964 4678 τοὺς
991 4616 1330 4681 περικύκλῳ
1350 4617 1534 4670 αὑτοῦ
1553 4635 1566 4646 ·
1593 4617 1686 4670 καὶ
1708 4618 1852 4680 τίνες
1875 4617 1940 4671 ἂν
1969 4613 2096 4684 εἷεν,

451 4695 562 4747 ἀλλ’
595 4695 628 4765 ἢ
671 4699 734 4771 οἱ.
754 4700 930 4765 ἆγιοι;
971 4699 1031 4752 '0
1062 4701 1202 4766 Θεὸς
1235 4701 1362 4774 γὰρ,
1401 4703 1562 4774 φησὶν
1599 4705 1629 4756 6
1657 4704 1839 4768 Δαυῖδ,
1870 4707 1903 4758 ό
1934 4705 2100 4758 ἐνδο-

452 4778 768 4851 ξαζὶὅμενος
789 4786 857 4837 ἐν
876 4787 1078 4855 ,ϐουλῇ
1104 4788 1304 4858 ἁγίων,
1321 4789 1508 4859 μέγας
1536 4791 1633 4844 καὶ
1664 4793 1909 4860 φοϐερός
1931 4792 2100 4846 ἐστιν

452 4870 548 4922 ἐπὶ
580 4870 810 4938 πάντας
833 4875 974 4939 τσὺς
1004 4879 1339 4942 περικύκλῳ
1360 4877 1563 4931 αὑτοῦ.
1583 4879 1703 4931 Ἐὰν
1735 4880 1819 4952 ίδῃ
1846 4881 2096 4943 πεσόν-τα,

455 4959 682 5012 ἐκτείνει
723 4962 876 5031 χεῖρα
908 4961 1346 5034 φιλανθρωπίας*
1378 4965 1471 5018 ἐὰν
1517 4964 1603 5038 ἴδῃ
1648 4966 1873 5028 ἑστῶτα,
1905 4969 2100 5034 ἐπάγει

453 5043 646 5114 φόϐονο
691 5047 784 5100 καὶ
829 5047 982 5102 τοῦτο
1015 5049 1355 5121 δικαιοσύνης
1409 5052 1501 5104 καὶ
1553 5052 1962 5123 δικαιοκρισίας.
1998 5054 2100 5107 Τὸν

456 5133 555 5203 μὲν
589 5133 693 5205 γάρ
741 5134 943 5190 δίκαιον
972 5137 1048 5206 τῷ
1086 5137 1234 5207 φόϐῳ
1261 5137 1520 5209 στηρίξει,
1549 5138 1639 5192 τὸν
1681 5139 1736 5192 δέ
1784 5131 2103 5210 ἁμαρτωλὸν

453 5221 518 5290 τῇ
565 5221 937 5294 φιλανθρωπίᾳ
985 5223 1305 5295 διεγείρειο.
1343 5225 1450 5278 Καὶ¹
1483 5225 1654 5288 θέλεις
1693 5227 1857 5279 αὑτοῦ
1902 5227 2102 5295 γνῶναι

456 5308 552 5378 τὴν
589 5307 840 5380 εὔκαιρον
873 5311 1179 5382 ἁγαθότητα
1207 5313 1301 5366 καὶ
1348 5311 1444 5382 τὴν
1490 5311 1785 5384 εῠχρηστον
1815 5315 1906 5367 καὶ
1936 5316 2104 5385 ἁρμό-

456 5392 652 5458 ζουσαν
677 5399 808 5467 ἡμῖν
836 5398 1167 5468 ἁποτομίαν;
1211 5400 1447 5470 Πρόσεχε
1477 5400 1738 5471 ἀκριϐῶς,
1783 5403 1856 5472 μή
1901 5419 1959 5454 σε
1993 5403 2103 5456 δια-

459 5481 600 5555 φύγῃ
628 5484 725 5554 τῆς
749 5483 976 5556 θεωρίας
1014 5486 1074 5539 τὸ
1105 5487 1330 5557 μέγεθος
1350 5504 1364 5517 ·
1391 5491 1422 5558 ἡ
1457 5488 1770 5558 ἁμαρτωλὸς
1807 5489 1985 5559 ἐκείνη
2009 5506 2105 5558 γυ-

519 5644 547 5712 ξ
572 5643 703 5712 [Ιηυὲ
720 5644 842 5712 Κείς.
868 5646 1027 5712 ὀηάγει
1052 5648 1510 5712 φόϐονᾉδικαιοσῦνης
1544 5650 1624 5697 καὶ
1648 5649 2001 5712 δικαιοκρισίας·
2025 5653 2105 5700 καὶ

462 5702 626 5752 τοῦτον
646 5708 714 5772 τῷ
737 5702 867 5770 φόϐῳ
890 5702 1134 5770 στηρίζων,
1161 5710 1372 5760 κάκεῖνον
1394 5717 1450 5774 τῇ
1468 5702 1779 5775 ᾦὶλανθρωπίᾳ
1806 5702 2007 5773 ἐγείρων.

1198 286 1254 340 S.
1295 284 1575 342 JUANNIS
1607 283 2098 344 CHRYSOSTOMI
2133 283 2454 341 ARCHIEP.
2493 284 3034 343 CONSTANTINOP.

3721 293 3829 347 526

2183 399 2270 472 νὴ.
2302 402 2334 470 ἠ
2369 403 2830 476 μεμαρτυρημένη
2860 406 2952 457 ἐπὶ
2985 405 3131 475 πάσῃ
3162 405 3400 477 ἁμαρτίᾳ
3426 409 3521 460 καὶ
3547 407 3764 479 ἀνομίᾳ,
3793 411 3826 479 ή

2179 494 2414 548 τοσαῦτα
2464 497 2846 567 ἀμαρτήσασα,
2881 497 2974 550 καὶ
3021 497 3288 560 τοσούτοις
3320 497 3599 567 ἁμαρτιῶν
3644 498 3828 568 ἔργοις

2180 581 2491 654 ἐνεχομένη,
2525 581 2791 652 διψήσασα
2819 584 2915 652 τὴν
2945 586 3007 638 ὲκ
3044 584 3322 654 μετανοίας
3346 585 3612 654 σωτηρίαν
3640 587 3830 638 ὑπεισ-

2178 670 2306 739 ῆλθε
2325 670 2402 741 τῷ
2423 671 2704 741 συμποσίῳ
2720 670 2826 724 τῶν
2849 671 3016 740 ἁγίων
3036 690 3048 703 ·
3080 672 3226 726 καλῶ
3244 673 3300 725 δὲ
3321 673 3614 743 συμπόσιον
3633 674 3824 742 ἁγίων,

2180 758 2365 830 ἐπειδὴ
2399 759 2578 828 παρῆν
2598 760 2627 812 6
2650 759 2832 827 ’Ἄγιος
2857 759 2964 813 τῶν
2987 759 3172 828 ἁγίων.
3205 759 3309 813 Τοῦ
3341 760 3446 831 γὰρ
3469 761 3716 830 Σωτῆρος
3737 777 3832 812 κα-

2179 845 2563 915 τακεκλιμένου
2592 847 2648 898 ἐν
2670 847 2746 911 τῷ
2777 847 2909 916 οίκῳ
2936 847 3172 916 Σίμωνος
3193 847 3284 899 τοῦ
3311 847 3619 917 Φαρισαίου,
3637 847 3832 898 ὑπεισ-

2177 933 2336 1001 ῆλθεν
2361 934 2392 1002 ἡ
2416 933 2550 1004 γυνὴ
2574 935 2606 1004 ἡ
2628 934 2946 1004 ἁμαρτωλὸς
2967 934 3164 1004 ἐκείνη,
3190 935 3281 987 καὶ
3306 934 3412 987 τῶν
3433 934 3605 988 ποδῶν
3624 935 3833 1004 ἥπτετο

2179 1019 2272 1072 τοῦ
2311 1021 2582 1091 Σωτῆρος,
2609 1021 2703 1074 καὶ
2743 1023 2852 1085 τοῖς
2889 1021 3145 1092 δάκρυσιν
3179 1022 3479 1076 ἀπέπλυνεν
3503 1022 3668 1076 αὑτοῦ
3699 1025 3833 1085 τοὺς

2183 1109 2366 1172 πόδας,
2397 1109 2490 1161 καὶ
2526 1111 2644 1172 ταῖς
2674 1109 2845 1180 θριξὶν
2875 1110 3134 1180 ὲξέματτε
3153 1129 3164 1140 ·
3197 1111 3287 1163 καὶ
3310 1111 3406 1181 τὴν
3429 1111 3694 1173 τοσούτοις
3729 1126 3832 1161 κε-

2181 1197 2465 1267 χωσμένην
2499 1198 2855 1268 ἁμαρτήμασι
2887 1197 3217 1268 διανίστησιν
3244 1200 3273 1250 6
3314 1197 3704 1266 φιλάνθρωπος,
3739 1195 3837 1248 λέ-

2181 1300 2290 1350 γων
2308 1301 2319 1313 ο
2369 1284 2673 1352 Ἆφέωνται
2699 1285 2886 1352 αὐτῆς
2907 1289 2964 1339 αἱ
2989 1285 3280 1352 ἁμαρτίαι.
3310 1285 3382 1338 Ού
3412 1284 3518 1356 γὰρ
3545 1284 3835 1354 πρόκειταί

2186 1388 2272 1440 μοι
2302 1371 2394 1424 νῦν
2422 1373 2669 1436 ἐξετάσαι
2696 1375 2873 1426 πᾶσαν
2901 1373 2998 1444 τὴν
3024 1373 3280 1443 ἱστορίαν,
3308 1371 3442 1426 ἀλλά
3486 1372 3650 1442 μόνην
3686 1389 3838 1440 παρ-

2183 1462 2404 1529 αγαγεῖν
2421 1459 2449 1498 δ
2471 1461 2567 1529 τὴν
2595 1461 3063 1531 μαρτυρίαν.”ορα
3089 1459 3262 1511 τοίνυν
3281 1459 3376 1528 τὴν
3404 1458 3678 1528 δαψίλειαν
3696 1475 3710 1488 ο
3747 1453 3838 1512 Οὖ

2183 1546 2355 1614 χάριν
2401 1546 2556 1616 λέγω
2603 1562 2722 1609 σοι,
2779 1546 3069 1615 ἀφέωνται
3113 1545 3302 1614 αὐτῆς
3346 1549 3402 1599 αἱ
3444 1546 3717 1613 ἁμαρτίαι
3774 1547 3838 1596 αἱ

2183 1636 2420 1700 πολλαὶ,
2450 1635 2538 1689 ὅτι
2572 1636 2728 1688 πολὺ
2761 1635 3053 1705 ἠγπὰπησε.
3081 1634 3358 1688 Τοσούτων
3388 1630 3479 1688 οὖν
3499 1633 3838 1703 ἁμαρτημάο

2181 1723 2616 1794 το>νιάμνηστίαν
2650 1723 2940 1792 ἐκομίσατο
2977 1725 3010 1792 ἡ
3043 1721 3363 1794 ἁμαρτωλὸς
3389 1722 3544 1790 γυνή.
3578 1722 3687 1773 Καὶ
3715 1721 3842 1772 Μα-

2187 1810 2271 1880 ρία
2299 1811 2374 1876 δὲ,
2413 1814 2444 1881 ή
2481 1810 2681 1880 ἀδελφὴ
2715 1810 3008 1872 Μωῡσέως,
3053 1809 3140 1862 διὰ
3176 1809 3364 1880 μικρὸν
3394 1807 3704 1876 γογγυσμδν
3746 1807 3841 1858 λέ-

2183 1914 2296 1968 πρᾳ
2317 1896 2750 1961 καταδικάζεται,
2770 1897 2895 1959 Τοῖς
2914 1896 3280 1966 ἁμαρτάνουσι
3304 1894 3450 1962 λέγει
3467 1911 3482 1924 ο
3517 1893 3661 1948 Ἐὰν
3682 1888 3843 1947 ὦσιν

2181 1988 2238 2037 al
2272 1984 2543 2054 ἁμαρτίαι
2575 1985 2740 2053 ὑμῶν
2762 1984 2841 2049 ὡς
2871 1985 3166 2047 κόκκινον,
3189 1984 3269 2049 ὡς
3297 1983 3467 2050 χιόνα
3485 1992 3507 2020 ο
3535 1979 3837 2034 λευκανῶ·

2182 2074 2275 2126 καὶ
2304 2072 2621 2144 μεταϐάλλει
2672 2073 2732 2124 τὸ
2778 2073 2964 2134 σκότος
3011 2074 3088 2134 εἰς
3137 2071 3271 2141 φῶς,
3300 2073 3364 2140 τῇ
3417 2068 3688 2140 μεταϐολῇ
3736 2069 3842 2136 τῆς

2184 2161 2484 2231 μετανοίας,
2523 2161 2615 2214 καὶ
2661 2160 2926 2231 τοσαύτην
2970 2159 3154 2212 κακῶν
3200 2158 3456 2228 ἀφθονίαν
3509 2156 3714 2210 διαλύει
3766 2157 3838 2225 τῇ

2181 2251 2330 2319 φωνῇ
2369 2248 2469 2319 τῆς
2503 2247 2832 2320 ἀγαθότητος
2857 2265 2870 2278 ο
2903 2247 3036 2318 πρὸς
3063 2247 3118 2300 δὲ
3143 2246 3230 2299 τὸν
3260 2248 3318 2298 ἐν
3346 2244 3658 2316 δικαιοσύνῃ
3686 2242 3843 2312 βαδί-

2182 2335 2343 2398 ζοντὰ
2373 2351 2564 2404 φησιν’
2601 2337 2698 2400 Ὃς
2731 2333 2806 2387 ἂν
2831 2334 2972 2401 εἴπῃ
3014 2332 3092 2398 τῷ
3132 2331 3370 2401 ἀδελφῷ
3400 2331 3606 2394 αὑτοῦ,
3645 2329 3843 2396 Μωρέ,

2181 2422 2393 2492 ἔνοχός
2419 2423 2547 2476 ἐστι
2567 2422 2641 2490 τῇ
2667 2424 2880 2491 γεέννῃ
2913 2421 3015 2474 τοῦ
3041 2424 3250 2488 πυρός.
3267 2421 3378 2473 Ἑνὶ
3409 2421 3609 2489 ῥήματι
3641 2419 3849 2472 τοσαύο

2181 2528 2281 2581 την
2307 2510 2570 2582 ἐπέθηκεν
2591 2511 2890 2581 ἀκρίϐειαν,
2917 2510 3008 2562 καὶ
3035 2507 3306 2572 τοσούτοις
3334 2510 3694 2579 ἁμαρτήμασι
3714 2522 3845 2559 τοσ-

2185 2597 2352 2668 αύτην
2381 2601 2569 2669 μετρεῖ
2590 2598 2686 2668 τὴν
2711 2597 2989 2666 ἀφθονίαν.

2254 2686 2356 2739 Καὶ
2385 2685 2570 2757 ἕτερόν
2595 2704 2683 2757 μοι
2701 2686 2970 2758 σκόπησον
2994 2685 3318 2755 θαυμαστόν.
3338 2683 3551 2753 Ἐπειδὴ
3572 2682 3638 2736 τὰ
3659 2683 3850 2752 ἀμαρ-

2185 2774 2248 2843 τή
2260 2790 2402 2841 ματα
2423 2773 2496 2836 ὡς
2520 2772 2808 2844 ὀφλήματα
2835 2774 3223 2845 ἀναγράφεται,
3245 2774 3355 2834 τοῖς
3378 2771 3475 2840 μὲν
3498 2769 3850 2840 ἁμαρτωλοῖς

2187 2861 2278 2913 καὶ
2305 2861 2365 2912 τὸ
2395 2861 2683 2929 κεφάλαιον
2729 2862 2998 2931 συγχωρεῖ
3036 2859 3380 2930 μετανοοῦσι·
3433 2857 3582 2929 παρά
3625 2857 3686 2908 δὲ
3738 2857 3854 2909 τῶν

2185 2947 2404 3002 δικαίων
2434 2949 2527 3002 καὶ
2552 2949 2739 3012 τόκους
2765 2951 3000 3002 ἀπαιτεῖ.
3037 2947 3344 3018 Προσῆλθεν
3390 2946 3532 3015 αὐτῷ
3577 2962 3851 3016 χρεωφει-

2181 3031 2344 3105 λέτης
2391 3034 2596 3088 πολλῶν
2646 3035 2942 3098 ταλάντων,
2981 3037 3072 3090 καὶ
3126 3036 3199 3098 ὡς
3247 3037 3312 3105 τῇ
3370 3035 3626 3104 μετανοίᾳ
3651 3034 3751 3087 καὶ
3781 3036 3850 3104 τῇ

2189 3123 2353 3194 πολλῇ
2394 3123 2570 3194 ἱκεσίᾳ
2609 3123 2922 3194 ἐδυσώπησε
2966 3125 3066 3194 τὴν
3107 3123 3280 3194 δίκην,
3319 3124 3411 3177 καὶ
3440 3119 3560 3175 εἷπε
3586 3137 3599 3149 ·
3645 3123 3852 3188 Κύριε.

2183 3212 2648 3280 μακροθύμησον
2691 3212 2782 3263 ἐπ’
2809 3211 2957 3279 ἐμοὶ,
3000 3211 3098 3264 καὶ
3153 3211 3346 3266 πάντα
3390 3208 3703 3263 ἀποδώσω.
3737 3209 3856 3261 Οῦκ

2190 3298 2438 3366 ἀνέμεινε
2486 3301 2582 3367 τὴν
2627 3297 2876 3351 ἀπόδοσιν
2906 3301 2934 3350 6
2965 3297 3356 3368 φιλάνθρωπος,
3388 3296 3520 3350 ἀλλά
3543 3297 3643 3364 τὴν
3669 3295 3856 3365 ἐξομο-

2190 3383 2408 3454 λόγησιν
2436 3383 2584 3436 λύσιν
2617 3385 2836 3453 ἐποίησε
2865 3383 2957 3437 τοῦ
2987 3385 3295 3454 ὀφλήματος
3316 3401 3327 3412 ·
3461 3382 3720 3452 ὀφειλέτῃ
3743 3382 3855 3434 τῶν

2195 3473 2400 3542 μυρίων
2430 3471 2703 3525 ταλάντων
2729 3472 2902 3526 πάντα
2932 3466 3271 3541 συνεχώρησε
3302 3469 3392 3523 καὶ
3418 3469 3547 3523 αύτὸ
3571 3469 3633 3521 τὸ
3676 3471 3854 3538 κεφά-

2191 3559 2357 3613 λαιον.
2394 3559 2552 3630 Παρά
2590 3559 2648 3613 δὲ
2690 3559 2797 3612 τῶν
2843 3559 3066 3612 δικαίων
3095 3557 3484 3626 ἐπαγγέλλεται
3528 3558 3625 3611 καὶ
3658 3557 3854 3619 τόκους

2192 3647 2471 3700 ἀπαιτεῖν·
2502 3646 2606 3700 Διὰ
2643 3648 2700 3700 τί
2745 3645 2851 3714 γὰρ
2889 3649 2997 3700 οὐκ
3033 3646 3288 3700 ἐδώκατε
3329 3647 3396 3700 τὸ
3423 3645 3713 3714 ἀργίιρίόν
3734 3663 3855 3714 μου

2193 3734 2316 3800 τοῖς
2342 3733 2706 3800 τραπεζίταις
2723 3733 2750 3773 ά
2777 3749 2792 3764 θ
2837 3733 2997 3801 κὰγ-ὼ
3023 3732 3213 3787 ἐλθὼν
3251 3732 3372 3786 σὺν
3397 3734 3596 3797 τόκοις
3625 3732 3858 3799 ἀπῄτη-

2194 3837 2310 3884 σα;
2344 3820 2526 3873 Ταῦτα
2570 3821 2733 3888 λέγω,
2765 3821 2861 3890 οὐχ
2888 3820 2962 3883 ὡς
2988 3820 3079 3873 τοῦ
3111 3818 3244 3872 Θεοῦ
3287 3818 3422 3889 πρὸς
3457 3820 3585 3881 τοὺς
3611 3819 3856 3881 δικαίους

2198 3907 2344 3978 [550]
2377 3906 2626 3976 ἀπεχθῶς
2652 3906 3020 3976 διακειμένουο
3050 3904 3201 3959 οὐδὲν
3229 3904 3339 3973 γὰρ
3384 3903 3461 3973 τῷ
3493 3903 3613 3973 Θεῷ
3657 3903 3758 3956 τοῦ
3779 3905 3858 3958 δι-

2195 3994 2348 4046 καίου
2379 3993 2745 4063 ποθεινότερον
2771 4009 2786 4024 ο
2825 3993 2961 4055 ἀλλ’,
2986 3991 3057 4056 ὼς
3088 3991 3256 4062 ἐφθην
3288 3990 3475 4051 εἰπὼν,
3512 3991 3858 4061 παραμυθεῖ-

2194 4098 2284 4133 ται
2306 4081 2396 4133 τὸν
2429 4080 2768 4150 ἁμαρτωλὸν,
2804 4081 2889 4132 ἵνα
2913 4079 3152 4152 διεγείρῃ
3172 4095 3185 4109 ·
3222 4078 3376 4147 φοϐεῖ
3400 4079 3490 4132 καὶ
3511 4078 3603 4131 τὸν
3623 4079 3856 4142 δίκαιον,

2196 4167 2283 4220 ἵνα
2317 4167 2540 4238 στηρίξῃ
2562 4183 2574 4195 ·
2605 4167 2698 4219 καὶ
2727 4169 2839 4228 τοῖς
2876 4167 2971 4236 μὲν
2997 4165 3065 4218 τὰ
3097 4165 3266 4219 πολλά
3301 4168 3568 4236 συγχωρεῖ
3599 4166 3860 4238 πλημμε-

2197 4253 2410 4324 λήματα
2438 4254 2512 4317 ὡς
2538 4253 2748 4325 ἐχθροῖς
2773 4255 2866 4306 καὶ
2894 4253 3344 4322 πεφυσιωμένοις,
3372 4254 3484 4315 τοῖς
3511 4252 3567 4304 δὲ
3600 4254 3697 4306 καὶ
3730 4253 3852 4324 περῖ

2197 4341 2301 4394 τῶν
2327 4341 2593 4410 τυχόντων
2623 4339 3088 4411 ἀκριϐολογεῖτσιι,¹
3116 4339 3281 4410 μηδὲν
3324 4340 3502 4402 αὐτοῖς
3538 4340 3761 4403 ἐλλιπὲς
3785 4336 3860 4392 εἴ·

2198 4447 2283 4480 ναι
2313 4428 2625 4497 βουλόμενος
2658 4429 2737 4491 εἰς
2760 4426 3129 4497 ἀκρότητα.¹’0
3153 4427 3260 4498 γάρ
3296 4428 3440 4480 ἐστιν
3477 4429 3534 4480 ἐν
3564 4426 3645 4496 τῷ
3665 4427 3860 4498 κόσμῳ

2197 4514 2370 4583 τούτῳ
2409 4513 2679 4577 πλούσιος,
2710 4513 2868 4566 τοῦτο
2893 4513 2970 4581 τῷ
3001 4513 3119 4582 Θεῷ
3143 4513 3376 4577 δίκαιοςο
3407 4513 3502 4570 καὶ
3544 4513 3574 4566 ὅ
3616 4515 3770 4566 ἐστιν
3802 4514 3858 4566 ἐν

2304 4601 2490 4672 κόσμῳ
2515 4600 2702 4670 πένης,
2726 4598 2882 4653 τοῦτο
2909 4599 2985 4669 τῷ
3013 4599 3130 4670 Θεῷ
3154 4599 3498 4670 ἁμαρτωλός·
3526 4600 3680 4653 οὐδὲν
3710 4618 3854 4654 πτω-

2198 4691 2415 4759 χότερον
2439 4688 2530 4741 τοῦ
2567 4689 2985 4759 ἁμαρτάνοντος,
3019 4689 3113 4742 καὶ
3141 4688 3291 4742 οὐδὲν
3332 4685 3729 4758 πλουσιώτερον
3761 4688 3855 4742 τοῦ

2198 4777 2726 4847 δικαιοπραγοῦντος.
2759 4777 2856 4830 Διά
2885 4777 3041 4830 τοῦτο
3072 4778 3200 4848 περὶ
3241 4777 3336 4847 μὲν
3367 4776 3471 4829 τῶν
3515 4776 3574 4828 ἐν
3601 4776 3857 4845 εὐσεϐείᾳ

2201 4864 2294 4917 καὶ⁸
2343 4864 2563 4936 εύθηνίᾳ
2606 4865 2897 4932 διαγόντων
2948 4865 3111 4935 φησὶν
3147 4867 3175 4918 6
3207 4864 3447 4927 Παῦλοςο
3498 4862 3858 4931 Εὐχαριστῶ

2199 4953 2278 5017 τῷ
2327 4953 2467 5016 Θεῷ,
2499 4953 2587 5007 ὅτι
2635 4954 2702 5007 ἐν
2751 4953 2927 5006 παντί
2969 4954 3399 5017 ἐπλουτίσθητε
3447 4953 3516 5007 ἐν
3556 4950 3748 5016 αὐτῷ,
3792 4952 3860 5005 ἐν

2200 5040 2374 5092 παντὶ
2409 5041 2566 5108 λόγῳ
2598 5039 2693 5092 καὶ
2737 5039 2904 5108 πάσῃ
2933 5041 3165 5109 γνώσει.
3199 5041 3331 5110 Περὶ
3369 5040 3425 5094 δὲ
3453 5040 3562 5094 τῶν
3592 5039 3855 5094 ἀσεϐούνο

2200 5145 2307 5180 των
2345 5130 2374 5181 6
2408 5129 2672 5199 μακάριος
2716 5129 2982 5199 Ἱερεμίας
3025 5128 3203 5196 λέγει·
3239 5129 3412 5195 Ἰσως
3449 5129 3674 5198 πτωχοί
3712 5132 3854 5191 εισι,

2202 5216 2298 5269 διὰ
2357 5216 2524 5269 τοῦτο
2571 5219 2681 5270 οὐκ
2727 5217 3024 5284 ἠδύναντο
3076 5217 3317 5271 ἀκούειν
3377 5217 3563 5286 λόγον
3610 5217 3852 5284 Κιιρίου.

2215 5304 2374 5376 Ὁρᾷς
2403 5306 2547 5368 ὅπως
2579 5307 2824 5376 πτωχοὺς
2853 5305 3007 5360 καλεῖ
3052 5305 3174 5368 τοὺς
3220 5303 3733 5376 ἀπεσχοινισμένους
3759 5302 3856 5373 τῆς

2266 5526 2294 5564 ιι
2317 5524 2410 5587 ᾼιὶἱ
2447 5523 2764 5587 παρεισάγειν.

2237 5649 2248 5662 ν
2269 5589 2292 5616 ο
2325 5585 2459 5662 Uni]?
2481 5580 2601 5660 B‘ég.
2716 5582 2968 5659 φοινικοῦν,
3008 5583 3242 5662 ώςᾳχιόναι.
3271 5580 3397 5662 [gfra
3425 5580 3557 5632 idem
3582 5580 3851 5645 βαδίζοντα,

2204 5649 2248 5698 τί
2270 5663 2409 5704 φησιν
2433 5649 2458 5694 6
2479 5647 2538 5694 τά
2559 5643 2708 5694 πολλὰ
2729 5643 3000 5707 χαρίσματα
3022 5643 3192 5705 διδοὺς,
3211 5645 3261 5700 ὃς
3290 5643 3364 5691 ἀν.

2271 5697 2296 5756 ἁ
2321 5709 2441 5770 Reg.
2468 5721 2592 5757 unus
2611 5709 2673 5764 είς
2690 5708 2931 5770 τράπεζαν.
