4066 6392
331 402 435 453 Βῖδ

331 515 515 567 eadem
551 508 848 565 clementire
902 507 1143 563 redditur
1188 505 1343 561 ratio.
1384 504 1440 561 Si
1467 503 1893 559 emendationem

332 603 458 655 ultio
487 598 875 670 praevertisset,
904 597 1131 652 mundus
1156 596 1364 652 deletus
1385 603 1528 651 esset
1558 594 1901 662 funditusque

330 694 574 763 periisset
606 711 619 744 :
646 692 691 748 si
711 692 858 746 velox
873 690 937 745 ad
964 704 1173 760 poenam
1193 687 1501 742 sumendam
1529 686 1715 740 fuisset
1738 685 1900 749 Deus,

332 784 550 838 Paulum
578 782 814 837 Ecclesia
858 796 965 835 non
1011 778 1336 849 possedisset
1359 818 1373 841 ,
1409 779 1675 845 talemque
1700 790 1761 829 ac
1788 783 1902 828 tan-

332 886 439 930 tum
466 875 635 929 virum
677 890 783 927 non
808 871 1122 941 accepisset.
1165 871 1451 938 Pr0pterea
1501 868 1657 937 igitur
1702 865 1905 921 distulit

332 970 829 1038 olasphemantetn,
897 975 954 1021 ut
1015 964 1320 1020 ostenderet
1386 962 1750 1031 pteuitentem.
1812 958 1903 1014 Dei

333 1059 698 1128 longanimitas
741 1064 1174 1126 persequutorem
1202 1053 1376 1109 eﬁ‘ecit
1424 1066 1725 1122 przeconem
1757 1069 1769 1105 :
1804 1050 1900 1103 Dei

331 1148 704 1220 longanimitas
736 1149 914 1216 lupum
954 1146 1178 1200 mutavit
1222 1145 1275 1199 in
1321 1155 1590 1213 pastorem
1619 1160 1631 1194 :
1658 1141 1749 1195 Dei
1780 1141 1900 1194 lon-

327 1242 604 1312 ganimitas
634 1240 972 1310 publicanum
1001 1238 1125 1292 fecit
1149 1235 1528 1306 evangelistam
1562 1249 1575 1285 :
1604 1234 1694 1288 Dei
1717 1233 1899 1303 longa-

327 1334 539 1389 nimitas
555 1341 794 1387 nostrum
817 1332 1055 1385 omnium
1080 1329 1303 1384 miserta
1332 1337 1433 1395 est,
1450 1342 1635 1382 omnes
1656 1327 1897 1391 mutavit,

327 1444 510 1483 omnes
537 1428 821 1483 convertit.
863 1426 917 1482 Si
960 1425 1156 1481 videris
1181 1424 1450 1479 ebriosum
1480 1423 1605 1477 olim
1657 1436 1798 1476 nunc
1822 1421 1904 1489 je-

324 1520 511 1590 jnnare
536 1536 550 1582 ;
579 1519 623 1573 si
652 1517 851 1573 videris
880 1517 1007 1571 olim
1042 1516 1434 1585 blaSphemum,
1479 1512 1815 1581 theologum;
1856 1511 1903 1566 si

329 1610 523 1664 videris
552 1624 704 1672 eum,
728 1609 816 1677 qui
853 1605 1120 1678 quondam
1146 1606 1391 1673 turpibus
1430 1603 1708 1657 cantilenis
1725 1617 1785 1655 os
1825 1603 1904 1655 in-

336 1701 595 1771 quinabat,
646 1714 786 1754 nunc
832 1699 1027 1753 divinis
1070 1697 1283 1768 hymnis
1334 1697 1571 1750 animum
1627 1709 1899 1764 purgare:

328 1792 519 1847 mirare
539 1791 630 1846 Dei
657 1788 1308 1861 longanimitatem,lauda
1338 1788 1723 1857 paenitentiam,
1756 1794 1811 1842 et
1837 1802 1901 1840 ex

328 1885 415 1940 illa
445 1884 734 1939 mutatione
759 1885 1095 1939 occasionem
1133 1881 1316 1951 accipe
1352 1881 1558 1935 dicendi
1592 1897 1605 1932 :
1632 1878 1757 1933 Haec
1786 1896 1899 1932 mu-

328 1980 449 2032 tatio
495 1978 714 2033 dextera:
753 1976 954 2031 Επειδὶ
990 1974 1160 2044 (Psal.
1190 1973 1277 2028 76.
1307 1974 1412 2043 11).
1443 1972 1622 2027 Bonus
1643 1980 1723 2026 est
1762 1971 1901 2027 Deus

328 2085 450 2140 erga
472 2084 659 2123 omnes
680 2109 692 2133 ,
726 2068 992 2136 prmcipuc
1019 2081 1145 2119 vero
1176 2065 1468 2119 bonitatem
1499 2078 1649 2117 suam
1680 2062 1904 2119 exhibet

327 2176 451 2231 erga
482 2169 813 2231 peccatores.
854 2159 923 2213 Et
948 2157 993 2213 si
1020 2157 1252 2211 volueris
1274 2156 1610 2227 peregrinum
1633 2154 1901 2224 quidpiam

326 2253 529 2315 audire,
555 2252 889 2321 peregrinum
903 2250 1115 2319 quidem
1135 2247 1424 2303 secundum
1440 2246 1900 2312 consuetudinem,

325 2360 508 2400 verum
536 2355 717 2399 autem
747 2343 1040 2399 secundum
1069 2342 1322 2412 pietatem
1345 2382 1359 2407 ,
1395 2340 1539 2395 audi.

398 2434 499 2491 Cur
527 2452 640 2490 cum
660 2437 814 2506 justis
840 2451 1014 2504 aspere
1058 2444 1173 2504 agat
1213 2432 1369 2487 Deus.
1402 2461 1471 2471 —
1498 2430 1685 2486 Gravis
1741 2425 1904 2499 justis

325 2527 519 2596 ubique
547 2527 755 2581 videtur
786 2526 945 2592 Deus,
976 2526 1109 2580 lenis
1133 2533 1307 2578 autem
1334 2522 1716 2593 peccatoribus,
1743 2531 1905 2591 atque

326 2620 480 2673 velox
511 2617 576 2671 ad
604 2618 974 2681 clementiam;
996 2624 1304 2687 peccantem
1333 2624 1387 2668 et
1412 2613 1695 2668 cadentem
1718 2612 1901 2683 erigit,

324 2724 387 2762 ac
411 2709 489 2763 sic
512 2708 797 2778 alloquitur
822 2725 835 2762 :
869 2705 1135 2777 Numquid
1164 2707 1348 2760 cadens
1374 2722 1475 2760 non
1501 2706 1716 2775 resurgit
1747 2746 1763 2772 ,
1815 2713 1902 2759 aut

324 2815 523 2853 aversus
553 2814 655 2852 non
696 2799 959 2852 revertitur
992 2796 1123 2868 (Jer.
1154 2797 1206 2852 8.
1239 2795 1338 2867 4)⁶ῖ
1380 2806 1454 2862 et,
1509 2796 1681 2863 Quare
1733 2811 1905 2853 aversa

324 2899 396 2943 est
418 2890 672 2943 aversione
697 2888 976 2959 impudenti
1006 2887 1298 2958 imprudens
1337 2887 1445 2955 filia
1469 2885 1609 2939 Juda
1646 2884 1802 2955 (Ibid.
1852 2902 1917 2951 v.,

324 2980 434 3051 5)?
462 2995 524 3034 ac
547 2994 781 3045 rursum,
834 2978 1194 3032 Convertimini
1213 2978 1282 3030 ad
1319 2993 1416 3043 me,
1444 2986 1488 3030 et
1513 2992 1601 3047 ego
1645 2988 1907 3029 convertar

323 3072 392 3123 ad
417 3086 503 3125 vos
525 3069 710 3139 (Zach.
740 3071 788 3123 1.
821 3066 898 3140 5).
923 3068 1061 3122 Alibi
1083 3075 1259 3122 autem
1280 3083 1386 3135 prae
1404 3066 1559 3120 nimia
1579 3066 1904 3136 benignitate

325 3162 547 3217 salutem
578 3178 641 3217 ex
665 3161 977 3232 poenitentia
995 3160 1297 3230 juramento
1316 3158 1611 3214 confirmat.
1654 3158 1773 3213 Vivo
1789 3175 1901 3230 ego,

325 3256 442 3308 dicit
466 3254 732 3318 Dominus,
767 3254 884 3307 nolo
921 3262 1125 3306 mortem
1153 3252 1449 3321 peccatoris,
1468 3250 1554 3305 sed
1578 3259 1905 3305 utconverta-

325 3358 425 3414 tur,
477 3357 520 3402 et
544 3348 671 3401 vivat
694 3346 905 3418 (Ezech.
936 3348 1025 3402 55.
1056 3345 1167 3415 11).
1202 3344 1280 3399 Ad
1302 3345 1500 3414 justum
1529 3352 1705 3397 autem
1736 3343 1897 3399 dicit:

326 3441 386 3495 Si
414 3441 583 3513 fecerit
612 3442 759 3493 homo
783 3456 978 3493 omnem
994 3438 1276 3507 justitiam,
1309 3446 1355 3491 et
1400 3453 1597 3490 omnem
1623 3437 1895 3498 veritatem,

324 3541 368 3586 et
394 3549 592 3586 aversus
614 3534 906 3601 peccaverit,
938 3547 1037 3584 non
1059 3528 1584 3601 recordaborjustitite
1613 3527 1775 3591 illius.
1817 3528 1903 3583 sed

324 3624 375 3675 in
401 3631 600 3692 peccato
630 3624 870 3675 morietur
893 3621 1110 3692 (Ezech.
1146 3622 1230 3676 18.
1254 3618 1367 3692 24).
1395 3620 1439 3677 Ο
1489 3637 1731 3692 magnam
1778 3637 1903 3692 erga

324 3714 518 3783 justum
544 3714 844 3769 cautionem
867 3714 880 3768 ε
912 3731 943 3767 ο
973 3730 1215 3784 magnam
1238 3729 1362 3783 erga
1384 3722 1714 3783 peccatorem
1742 3713 1904 3783 largi-

325 3814 484 3859 tatem
507 3806 519 3858 !
550 3803 638 3860 Sic
663 3806 806 3859 varia
832 3814 885 3860 et
906 3805 1114 3860 diversa
1139 3805 1373 3871 molitur,
1402 3820 1505 3858 non
1522 3805 1633 3874 ipse
1650 3814 1900 3869 mutatus,

326 3896 419 3949 sed
450 3895 701 3949 bonitatis
732 3907 843 3949 suae
890 3894 1336 3962 dispensationem
1388 3895 1587 3949 utiliter
1638 3894 1900 3950 dividens.

326 3986 393 4040 Et
422 3986 709 4056 quomodo,
741 3985 885 4041 audi.
911 3986 1252 4040 Peccatorem
1278 3994 1331 4040 et
1352 3985 1403 4039 in
1444 3986 1676 4054 peccatis
1720 4001 1902 4055 perse-

327 4085 594 4129 verantem
619 4077 662 4130 si
693 4076 963 4142 terruerit,
998 4076 1047 4128 in
1080 4074 1502 4143 desperationem
1534 4075 1623 4129 ille
1671 4075 1894 4129 labitur:

326 4167 527 4235 justum
555 4182 682 4221 vero
709 4167 752 4221 si
795 4165 1107 4233 laudaverit,
1144 4167 1246 4219 vim
1270 4165 1479 4219 virtutis
1523 4166 1638 4236 ejus
1674 4167 1906 4233 emollit;

328 4266 383 4313 et
425 4273 545 4312 eum
564 4298 579 4323 ,
630 4268 811 4327 utpote
841 4258 930 4328 qui
956 4258 1066 4325 jam
1095 4261 1163 4311 sit
1193 4267 1548 4327 consequutus
1578 4259 1782 4313 laudem
1809 4299 1824 4323 ,
1853 4264 1904 4315 in

332 4348 707 4420 negligentiam
730 4348 833 4403 labi
861 4347 1040 4403 efficit.
1071 4348 1428 4414 Quamobrem
1450 4356 1783 4417 peccatorem
1813 4340 1903 4403 mi«

244 4506 255 4515 _
326 4450 554 4503 seratur,
580 4439 780 4510 justum
821 4449 985 4495 terret
1027 4457 1039 4491 :
1075 4438 1331 4495 Terribilis
1370 4440 1511 4494 enim
1536 4456 1687 4511 super
1712 4456 1901 4506 omnes,

327 4534 408 4605 qui
429 4535 482 4588 in
497 4534 707 4587 circuitu
731 4534 839 4603 ejus
867 4542 979 4587 sunt
998 4531 1164 4605 (Psal.
1184 4533 1273 4588 88.
1293 4530 1382 4603 8),
1416 4543 1487 4599 et,
1523 4532 1706 4587 Suavis
1730 4532 1897 4585 Domi-

329 4645 422 4681 nus
447 4627 690 4681 universis
712 4625 879 4697 (Psal.
898 4626 1020 4680 1M.
1040 4623 1115 4693 9).
1143 4623 1423 4691 Terribilis,
1445 4624 1633 4691 inquit,
1660 4635 1733 4676 est
1756 4640 1898 4692 super

328 4702 520 4785 omnes,
551 4718 715 4788 quiin
746 4716 960 4770 circuitu
988 4732 1096 4786 ejus
1120 4725 1257 4769 sunt.
1319 4714 1386 4768 Et
1414 4715 1626 4783 quinam
1660 4714 1732 4767 illi
1756 4756 1771 4781 ,
1806 4715 1904 4767 nisi

331 4809 531 4863 sancti?
560 4808 696 4862 Deus
721 4809 884 4873 enim,
927 4807 1097 4878 inquit
1125 4805 1286 4859 David
1317 4845 1331 4869 ,
1380 4805 1466 4874 qui
1507 4805 1820 4875 gloriﬁcatur
1857 4806 1910 4860 in

332 4903 542 4955 consilio
574 4911 883 4966 sanctorum,
906 4918 1118 4971 magnus
1140 4911 1183 4952 et
1215 4899 1447 4953 terribilis
1461 4910 1531 4953 est
1546 4916 1699 4969 super
1716 4917 1906 4968 omnes,

332 4992 416 5062 qui
445 4992 496 5044 in
522 4993 729 5045 circuitu
744 4993 852 5062 ejus
869 5002 985 5045 sunt
1008 4989 1175 5062 (Psal.
1200 4990 1288 5045 88.
1309 4989 1388 5059 8).
1407 4988 1463 5044 Si
1480 4988 1908 5059 videritlapsum,

334 5084 629 5139 clementiae
657 5098 869 5137 manum
898 5083 1148 5153 porrigit;
1183 5082 1226 5137 si
1255 5090 1482 5136 stantem
1510 5081 1719 5146 viderit,
1751 5082 1909 5135 timo-

336 5191 444 5229 rem
474 5175 660 5229 incutit
686 5194 700 5231 :
728 5184 783 5231 et
811 5175 910 5229 hoc
938 5185 1020 5230 cst
1041 5175 1259 5243 justitiae
1294 5173 1530 5243 justique
1572 5171 1779 5241 judicii.
1815 5172 1909 5227 Ju-

335 5278 473 5320 stum
495 5268 634 5321 enim
666 5269 852 5322 timore
878 5268 1071 5334 firmat,
1108 5275 1436 5336 peccatorem
1468 5280 1594 5320 vero
1631 5264 1910 5320 clementia

336 5359 557 5415 suscitat
582 5360 601 5391 ¹
620 5401 633 5414 .
662 5359 757 5414 Vis
786 5359 922 5414 scire
944 5370 1294 5429 Opportunum
1330 5373 1446 5428 ejus
1488 5358 1864 5427 benignitatem
1892 5397 1908 5422 ,

337 5452 600 5521 simulque
619 5452 797 5506 utilem
820 5461 873 5507 et
893 5451 1345 5506 accommodatam
1368 5450 1520 5505 nobis
1541 5451 1912 5505 severitatem?

339 5541 567 5596 Attende
595 5542 896 5611 diligenter,
930 5556 997 5596 ne
1027 5549 1080 5596 te
1115 5540 1580 5609 contemplationis
1608 5539 1764 5610 hujus
1797 5556 1911 5594 ma-

336 5631 556 5703 gnitudo
585 5634 765 5705 fugiat.
790 5633 975 5689 Mulier
1012 5634 1099 5688 illa
1148 5633 1434 5704 peccatrix,
1481 5647 1639 5703 quam
1687 5633 1738 5688 in
1770 5633 1911 5689 omni

405 5764 422 5795 ι
456 5770 586 5835 Unus
606 5771 743 5835 Reg.)
767 5765 989 5835 timerent
1005 5765 1176 5817 incutit
1198 5764 1393 5835 institue
1412 5772 1458 5815 et
1471 5763 1598 5835 justi
1606 5767 1790 5829 judicii
1807 5782 1825 5830 ;
1841 5768 1915 5821 al-

340 5832 495 5875 terum
518 5825 917 5891 tutiore—ﬁrmans,
942 5827 1143 5879 alterum
1167 5826 1415 5879 clementia
1437 5825 1685 5881 suscitans.

1529 392 1615 446 DE
1654 386 2120 447 ΡΟΕΝΙΤΕΝἹΊΑ.
2162 388 2389 443 1103111..
2432 388 2546 444 VII.

3479 396 3584 454 3'26

2015 510 2232 570 peccato
2252 510 2307 556 et
2333 502 2609 571 iniquitate
2637 502 2920 559 volutatam
2947 520 3067 561 esse
3095 506 3147 562 in
3176 508 3426 570 confesso
3450 527 3585 580 erat,

2012 601 2088 646 tot
2117 602 2452 662 peccatorum
2478 608 2598 660 rea,
2627 602 2682 647 et
2715 602 2792 649 tot
2835 596 3012 663 pravis
3057 599 3305 667 operibus
3351 601 3583 668 detenta,

2015 682 2237 737 salutem
2261 698 2328 737 ex
2373 683 2684 752 paenitentia
2732 684 2952 752 sitiens,
2996 697 3300 745 sanctorum
3346 695 3590 749 convivio

2014 775 2317 843 subrepsit;
2345 784 2650 830 sanctorum
2677 777 2977 832 convivium
3020 792 3190 846 VOCO,
3240 783 3362 852 quia
3406 785 3591 841 aderat

2006 867 2237 921 Sanctus
2269 877 2596 922 sanctormn.
2637 868 2768 921 Nam
2815 868 3089 926 Salvatore
3125 873 3489 929 discumbente
3538 877 3592 931 in

2011 955 2170 1011 domo
2199 956 2432 1012 Simonis
2458 957 2734 1025 Phariszci,
2763 960 3097 1031 subingressa
3141 974 3223 1018 est
3271 966 3458 1021 mulier
3504 970 3592 1022 illa

2008 1051 2295 1117 peccatrix,
2327 1050 2733 1121 Salvatorisque‘
2782 1054 2944 1122 pedes
2993 1056 3180 1126 tetigit,
3238 1058 3592 1130 lacrymisque

2008 1140 2216 1195 lavabat
2243 1143 2407 1212 pedes
2433 1144 2569 1213 ejus,
2607 1155 2658 1199 et
2688 1146 2891 1214 capillis
2914 1149 3149 1217 tergebat
3184 1150 3393 1221 (Matth.
3419 1153 3507 1206 26.
3539 1154 3593 1208 6.

2011 1232 2171 1302 sqq.).
2196 1234 2261 1287 Et
2291 1243 2369 1288 tot
2394 1237 2625 1304 peccatis
2653 1236 2893 1290 obrutam
2916 1239 3069 1308 erigit
3098 1240 3183 1294 ille
3204 1241 3481 1313 benignus,
3513 1245 3594 1299 di—

2007 1343 2133 1382 cens
2154 1327 2637 1400 :Dimittunturejus
2652 1340 2854 1402 peccata
2871 1331 3021 1401 (Luc.
3043 1334 3095 1387 7.
3113 1334 3225 1405 47).
3248 1336 3429 1407 Neque
3449 1340 3589 1393 enim

2009 1419 2138 1474 mihi
2170 1421 2221 1474 in
2250 1421 2522 1490 proposito
2541 1438 2681 1477 nunc
2700 1432 2781 1476 est
2800 1432 2962 1477 totam
2994 1424 3261 1482 discutere
3277 1427 3548 1483 historiam
3573 1448 3588 1482 :

2007 1510 2101 1565 sed
2127 1513 2298 1564 solum
2345 1514 2708 1567 testimonium
2765 1515 3022 1582 proferre.
3071 1515 3361 1574 Considera
3414 1521 3590 1591 itaque

2008 1601 2305 1673 largitatem
2333 1620 2346 1657 :
2380 1602 2663 1675 Propterea
2689 1606 2802 1659 dico
2828 1606 2914 1660 tibi
2939 1649 2952 1671 ,
2986 1610 3307 1664 remittuntur
3330 1614 3375 1666 ei
3392 1625 3594 1682 peccata

2006 1694 2184 1759 multa,
2208 1696 2325 1763 quia
2338 1696 2512 1749 dilexit
2533 1697 2744 1750 multum
2767 1695 2974 1768 (Ibid.).
2997 1699 3233 1772 Totergo
3256 1714 3591 1769 peccatorum

2008 1785 2330 1840 oblivionem
2393 1788 2577 1842 retulit
2609 1791 2874 1854 peccatrix
2904 1792 2989 1844 illa
3019 1793 3227 1847 mulier.
3281 1795 3349 1848 Et
3390 1795 3549 1850 Maria
3577 1837 3591 1867 ι

2009 1889 2164 1930 soror
2192 1878 2418 1949 Moysis,
2450 1880 2517 1933 ob
2546 1880 2790 1949 exiguum
2818 1897 3061 1936 murmur
3084 1883 3244 1952 lepra:
3290 1884 3593 1942 damnatio-

2012 1981 2135 2022 nem
2164 1968 2325 2023 rcfert
2355 1970 2537 2039 (Num.
2583 1971 2671 2025 12.
2716 1973 2828 2043 10).
2886 1974 3260 2030 Peccatoribus
3305 1977 3478 2033 dicit:
3531 1980 3594 2035 St

2008 2061 2194 2130 fuerint
2225 2072 2427 2130 peccata
2450 2073 2611 2116 vestra
2634 2066 2762 2117 sicut
2782 2066 3058 2128 coccinum,
3102 2069 3244 2136 quasi
3266 2069 3423 2123 nivem
3449 2070 3592 2124 deal-

2011 2151 2302 2221 babo(1sai.
2331 2156 2491 2223 1.18)
2517 2171 2530 2208 :
2554 2165 2607 2210 et
2624 2157 2868 2211 tenebras
2891 2158 2940 2211 in
2971 2158 3141 2213 lucem
3160 2160 3410 2215 transfert
3426 2162 3593 2231 paeni-

2008 2242 2525 2329 tentiaamutatione,
2558 2257 2740 2317 totque
2789 2248 3047 2302 malorum
3097 2250 3302 2320 copiam
3344 2252 3594 2310 bonitatis

2006 2350 2138 2393 voce
2158 2338 2336 2393 solvit.
2370 2340 2673 2394 Ambulanti
2706 2356 2833 2395 vero
2855 2341 3126 2411 injustitia
3147 2343 3313 2398 dicit:
3350 2344 3595 2412 Quicum-

2008 2444 2104 2497 que
2128 2430 2146 2460 ί
2179 2430 2368 2484 dia‘erit
2399 2432 2549 2501 fratri
2576 2449 2688 2498 suo,
2714 2431 2896 2501 Fatue,
2923 2451 3037 2488 reus
3059 2436 3154 2488 erit
3181 2438 3420 2505 gehennae
3462 2438 3595 2508 ignis

2013 2518 2225 2589 (Matth.
2250 2522 2303 2576 5.
2336 2520 2574 2591 22).Uni
2602 2523 2766 2578 verbo
2796 2532 2994 2580 tantam
3022 2527 3271 2594 imposuit
3298 2528 3548 2583 mulctam
3578 2570 3593 2595 ,

2008 2621 2060 2666 et
2093 2620 2174 2665 tot
2201 2613 2429 2680 peccatis
2453 2624 2651 2668 tantam
2679 2616 2895 2671 exhibet
2920 2618 3309 2675 liberalitatem.

2084 2702 2137 2756 5.
2181 2702 2351 2770 Atque
2368 2703 2507 2757 aliud
2534 2703 2901 2759 admirandum
2930 2707 3313 2764 animadverte.
3332 2711 3593 2777 Quoniam

2016 2802 2234 2863 peccata
2262 2796 2413 2864 quasi
2443 2794 2621 2850 debita
2650 2796 3045 2863 adscribuntur,
3068 2802 3435 2868 peccatoribus
3473 2806 3592 2874 qui-

2009 2884 2132 2941 dem
2172 2894 2332 2939 totam
2375 2901 2635 2941 summam
2678 2889 2955 2955 concedit,
2992 2906 3020 2943 a
3064 2893 3221 2960 justis
3266 2909 3393 2949 vero
3432 2896 3594 2950 etiam

2012 2990 2203 3030 usuras
2228 2977 2409 3042 exigit.
2443 2979 2684 3034 Accessit
2702 2979 2769 3034 ad
2800 2996 2920 3035 eum
2946 2983 3033 3053 qui
3064 2983 3293 3041 debebat
3319 2988 3483 3042 multa
3516 3000 3594 3042 ta-

2003 3063 2169 3132 ‘lenta,
2197 3074 2249 3122 et
2275 3069 2425 3138 quasi
2459 3085 2556 3138 per
2585 3071 2947 3139 paenitentiam
2978 3074 3363 3147 plurimamque
3391 3080 3592 3149 suppli-

2007 3160 2269 3214 cationem
2310 3160 2566 3228 judicium
2610 3163 2884 3233 mitigavit,
2916 3175 2969 3219 et
3006 3165 3138 3221 dixit
3167 3186 3180 3220 :
3212 3166 3427 3222 Domine
3448 3211 3463 3235 ,
3495 3189 3590 3240 pa-

2008 3250 2234 3304 tientiam
2269 3251 2397 3306 habe
2424 3253 2475 3307 in
2507 3270 2603 3318 me,
2635 3264 2683 3309 et
2709 3256 2878 3309 omnia
2907 3257 3116 3311 reddam
3142 3259 3231 3312 tibi
3258 3260 3471 3328 (Matt/1.
3504 3264 3590 3317 18.

2012 3337 2127 3407 26).
2155 3340 2269 3395 Non
2292 3345 2618 3411 exspcuavit
2643 3353 2700 3398 ut
2722 3345 2955 3400 solveret
2982 3347 3071 3402 ille
3098 3348 3356 3419 benignus
3385 3362 3439 3407 et
3478 3354 3594 3407 cle-

2011 3446 2185 3496 mens,
2214 3432 2309 3488 sed
2334 3434 2721 3490 confessionem
2749 3435 2912 3492 debiti
2931 3440 3246 3495 solutionem
3271 3441 3411 3497 fecit.
3438 3445 3594 3500 Debi-

2012 3522 2115 3576 tori
2146 3522 2328 3578 decem
2359 3525 2583 3579 millium
2616 3526 2935 3582 talentorum
2968 3531 3144 3584 omnia
3168 3533 3375 3588 remisit
3402 3543 3593 3590 totam-

2009 3628 2113 3683 que
2139 3629 2399 3669 summam
2432 3634 2445 3670 :
2475 3632 2506 3670 a
2529 3617 2688 3684 justis
2716 3633 2843 3673 vero
2880 3620 3040 3674 etiam
3069 3637 3281 3677 usuram
3312 3639 3370 3679 se
3392 3628 3590 3695 repeti-

2010 3713 2185 3759 turum
2214 3706 2376 3761 edicit
2404 3725 2417 3761 :
2451 3708 2621 3772 Quare
2637 3726 2737 3762 non
2755 3709 2961 3765 dedistis
2977 3721 3241 3782 argentum
3256 3731 3420 3769 meum
3446 3735 3595 3771 num-

2010 3796 2239 3850 mulariis
2262 3839 2277 3861 ,
2306 3807 2349 3851 et
2373 3814 2462 3868 ego
2492 3798 2691 3853 veniens
2712 3816 2825 3853 cum
2855 3803 3022 3855 usuris
3049 3804 3318 3873 exegissem
3338 3803 3488 3878 (Luc.
3506 3808 3595 3864 19.

2009 3886 2080 3941 23
2109 3903 2123 3951 ;
2158 3886 2343 3940 Matth.
2370 3887 2459 3941 25.
2486 3888 2578 3960 27)
2604 3888 2629 3942 ?

2083 3976 2355 4032 Peccatore
2378 3979 2506 4033 nihil
2533 3981 2826 4050 pauperius,
2846 3982 2990 4052 justo
3010 3984 3137 4037 nihil
3159 3985 3333 4041 ditius.
3365 4018 3437 4029 —
3464 3990 3594 4046 Hinc

2012 4082 2173 4138 porro
2208 4069 2346 4132 dico,
2364 4084 2467 4123 non
2494 4071 2643 4139 quasi
2668 4070 2806 4125 Deus
2826 4086 2947 4142 erga
2966 4072 3136 4141 justos
3164 4075 3375 4131 inimico
3390 4079 3457 4131 sit
3477 4080 3597 4133 ani—

2013 4174 2135 4213 mo:
2161 4159 2268 4214 Deo
2289 4160 2431 4214 enim
2452 4160 2583 4214 nihil
2600 4161 2746 4229 justo
2770 4165 3038 4231 acceptius
3068 4184 3081 4220 :
3114 4166 3297 4232 sed,ut
3315 4178 3437 4223 ante
3462 4170 3596 4238 dixi,

2012 4251 2316 4304 consolatur
2364 4259 2722 4319 peccatorem,
2754 4262 2811 4306 ut
2836 4254 3057 4320 excitet;
3082 4255 3281 4324 justum
3332 4268 3513 4328 terret,
3540 4272 3599 4315 ut

2011 4340 2309 4394 confirmet.
2330 4341 2393 4395 Et
2411 4342 2513 4396 illis
2538 4342 2769 4411 quidem,
2789 4352 2846 4397 ut
2874 4344 3099 4401 inimicis
3119 4356 3172 4400 et
3193 4347 3406 4416 inﬂatis,
3435 4352 3601 4406 multa

2014 4432 2231 4485 remittit
2274 4431 2494 4497 delicta;
2526 4432 2624 4487 hos
2669 4450 2795 4489 vero
2841 4438 2999 4490 etiam
3029 4437 3095 4491 de
3123 4439 3402 4496 levissimis
3432 4444 3598 4499 ratio-

2013 4538 2133 4576 nem
2164 4522 2387 4577 reddere
2413 4526 2570 4593 cogit,
2601 4516 2816 4580 nihil'iis
2837 4527 2901 4581 ad
2929 4543 3189 4583 summam
3216 4533 3597 4600 perfectionem

2014 4612 2240 4668 deiicere
2263 4616 2468 4668 volens.
2504 4615 2655 4682 Quod
2701 4617 2840 4671 enim
2872 4618 3029 4673 estin
3064 4621 3164 4675 hoc
3200 4625 3400 4678 mundo
3425 4626 3596 4694 dives,

2016 4701 2117 4757 hoc
2140 4711 2224 4757 est
2250 4703 2387 4771 apud
2408 4705 2569 4761 Deum
2593 4705 2767 4774 justus
2798 4723 2811 4761 :
2846 4720 2899 4761 et
2919 4708 3057 4777 quod
3087 4721 3167 4763 est
3195 4711 3245 4765 in
3275 4713 3375 4768 hac
3399 4718 3601 4772 mundo

2018 4808 2237 4863 pauper,
2273 4794 2374 4849 hoc
2398 4804 2479 4850 est
2503 4795 2640 4865 apud
2685 4797 2852 4851 Deum
2896 4806 3141 4867 peccator
3172 4819 3185 4855 :
3218 4803 3344 4858 nihil
3373 4816 3449 4860 est
3478 4825 3601 4877 pec-

2017 4898 2196 4943 catore
2240 4890 2541 4958 pauperius,
2565 4898 2619 4944 et
2650 4890 2778 4945 nihil
2803 4891 2947 4961 justo
2975 4892 3155 4947 ditius.
3180 4896 3514 4969 Quapropter
3535 4903 3607 4960 de

2018 4981 2103 5047 iis,
2135 4982 2221 5051 qui
2246 4982 2296 5034 in
2319 4982 2514 5050 pietate
2542 4994 2595 5036 et
2621 4984 2829 5037 virtutis
2855 4986 3007 5054 copia
3030 4985 3247 5056 degunt,
3272 4990 3342 5044 ait
3369 4991 3599 5048 Paulus:

2019 5070 2220 5125 Gratias
2247 5088 2341 5142 ago
2366 5071 2474 5125 Deo
2499 5115 2513 5138 ,
2542 5072 2659 5143 quia
2687 5074 2737 5127 in
2760 5076 2897 5128 omni
2924 5076 3096 5131 divites
3129 5080 3252 5148 facti
3277 5084 3393 5135 estis
3413 5084 3465 5137 in
3486 5086 3595 5149 illo,

2016 5162 2069 5215 in
2093 5162 2227 5219 omni
2245 5162 2387 5215 verbo
2410 5173 2454 5215 et
2479 5164 2529 5216 in
2546 5165 2680 5217 omni
2695 5166 2988 5237 scientia(1.
3014 5167 3129 5222 Cor.
3164 5171 3282 5225 1.4.
3305 5171 3381 5245 5).
3405 5174 3476 5229 De
3497 5176 3597 5230 int-‘-

2022 5254 2120 5323 piis
2138 5269 2262 5308 vero
2286 5254 2468 5308 beatus
2485 5252 2741 5309 Jeretnias
2755 5257 2881 5311 dicit
2909 5276 2920 5311 :
2948 5256 3185 5313 Fortasse
3207 5279 3449 5332 pauperes
3464 5276 3601 5334 sunt,

2015 5346 2129 5399 ideo
2154 5361 2251 5397 non
2282 5355 2550 5415 potuerunt
2590 5348 2765 5401 audire
2814 5348 3013 5402 verbum
3055 5350 3259 5405 Domini
3282 5353 3415 5426 (.Ier.
3439 5357 3491 5411 5.
3516 5358 3595 5424 4).

2024 5434 2182 5490 Vides
2221 5437 2489 5505 quomodo
2533 5454 2794 5509 pauperes
2841 5449 2993 5494 vocat
3020 5456 3133 5507 eos,
3165 5445 3252 5513 qui
3280 5454 3402 5499 sunt
3429 5461 3457 5499 a
3487 5449 3597 5516 pie-

2084 5526 2102 5557 ί
2138 5531 2262 5573 Unus
2283 5532 2398 5589 Reg.
2436 5540 2464 5599 ς,
2489 5525 2757 5599 Ambulanti
2782 5528 2978 5599 veroin
3010 5529 3217 5599 iustitia,
3268 5537 3501 5595 quomodo
3523 5540 3604 5599 qui

2337 5584 2519 5648 gratias
2559 5589 2765 5661 largitur
2784 5629 2797 5649 ν
2819 5590 2938 5641 dic“
2976 5584 3062 5641 -"¢
3095 5584 3383 5656 Otiicunimte
3400 5630 3414 5655 ,
3441 5584 3603 5649 {eihi

2021 5656 2115 5695 N151
2138 5661 2211 5695 ma
2233 5663 2273 5695 ts
2305 5656 2758 5695 tuternretatmnem
2793 5666 2903 5695 num
2927 5666 2989 5695 ex
3016 5662 3195 5695 mutata
3222 5663 3406 5695 tantum
3430 5672 3603 5695 ποιμα,

2021 5656 2115 5698 Nisi
2138 5656 2273 5719 malis
2289 5656 2763 5719 _tnterpretationem
2793 5666 2903 5715 qua:
2927 5666 2991 5702 ex
3016 5662 3196 5704 mutata
3222 5663 3408 5707 tantum
3429 5672 3603 5719 grm

2022 5710 2259 5779 versionis
2287 5710 2926 5779 interpunctioneoriretur,
2951 5728 3127 5779 nempe
3153 5730 3260 5765 eam
3292 5731 3305 5766 :
3343 5710 3605 5775 ambulanti

2024 5784 2135 5845 ver_o
2154 5771 2429 5845 iniustitia,
2440 5772 2557 5845 quid
2593 5774 2711 5826 dicit
2734 5775 2817 5840 qui
2842 5771 3027 5838 gratias
3048 5771 3329 5843 plerumque
3351 5780 3556 5834 (eruitur
3571 5771 3608 5837 ’.ί

2035 5838 2393 5902 «Quicumque,
2422 5854 2441 5888 ι
2468 5844 2580 5890 etc.-
