4066 6392
453 391 554 446 527

451 514 556 558 tate
580 500 785 556 dissiti?
809 499 1120 554 Peccatores
1149 497 1305 567 igitur
1333 496 1482 567 quasi
1513 509 1770 565 pauperes
1797 495 2020 548 misera-

450 606 552 660 tur,
583 605 637 650 et
665 609 694 648 a
725 592 883 662 jnstis
902 592 1046 660 quasi
1069 606 1096 642 a
1123 589 1372 644 divitibus
1395 589 1650 642 rationem
1674 586 1868 656 exigit;
1896 584 2024 655 ipsis

446 686 657 756 quidem
675 685 742 740 ob
759 691 1122 754 paupertatem
1139 681 1417 750 elargiens,
1432 680 1498 734 ab
1513 681 1617 734 illis
1636 694 1762 734 vero
1778 679 1844 732 ob
1861 679 2024 746 pieta-

446 779 513 832 tis
542 777 751 833 divitias
770 791 890 829 cum
919 775 1079 829 multa
1100 774 1436 829 accuratione
1455 773 1686 827 rationes
1707 787 1769 826 ex
1779 784 2020 840 poscens.

443 869 596 936 Quod
621 877 794 923 autem
829 865 954 921 facit
996 867 1135 921 circa
1170 865 1342 935 justos
1367 871 1420 918 et
1448 873 1771 934 peccatores,
1795 861 2020 932 idipsum

445 961 570 1016 facit
612 961 751 1015 circa
794 959 982 1014 divites
1027 966 1080 1012 et
1127 971 1385 1025 pauperes
1425 971 1438 1007 :
1476 969 1538 1008 ac
1577 952 2021 1024 quemadmodum

446 1063 773 1124 peccatorem
796 1067 887 1122 per
905 1051 1236 1106 clementiam
1260 1046 1738 1116 excitat,etjustum
1753 1061 1846 1114 per
1872 1059 2023 1098 seve-

443 1148 653 1202 ritatem
685 1156 866 1211 terret,
897 1145 975 1199 sic
1002 1153 1056 1198 et
1085 1143 1137 1196 in
1164 1142 1348 1214 mundi
1381 1140 1606 1210 negotiis
1631 1154 1778 1193 suam
1803 1138 2022 1207 dispen-

441 1239 700 1292 sationem
731 1236 1054 1291 moderatur.
1078 1234 1134 1290 Si
1154 1234 1344 1289 viderit
1369 1232 1709 1303 dignitatibus
1737 1230 2018 1301 fulgentes,

443 1347 614 1402 rcges,
633 1330 920 1400 principes,
944 1335 1201 1398 quotquot
1236 1325 1431 1381 divitiis
1456 1323 1698 1388 afﬂuunt,
1728 1323 1824 1376 hos
1855 1331 2020 1376 terro-

442 1442 552 1478 rem
583 1425 844 1478 incutiens
873 1421 1174 1491 alloquitur,
1190 1427 1352 1490 atque
1376 1418 1572 1472 utiliter
1598 1415 1841 1486 potestati
1867 1415 2021 1470 timo-

443 1533 554 1572 rem
584 1517 820 1571 immittit
847 1534 860 1570 :
894 1514 960 1568 Et
988 1528 1117 1568 nunc
1139 1530 1278 1584 reges
1296 1512 1573 1582 intelligite,
1602 1510 1868 1564 erudimini
1907 1525 2019 1562 om-

441 1626 528 1663 nes
552 1610 639 1679 qui
667 1608 916 1679 'judicatis
959 1618 1160 1660 terram.
1195 1605 1386 1659 Servite
1431 1602 1647 1656 Domino
1673 1602 1726 1655 in
1753 1602 1947 1666 timore,
1975 1609 2021 1653 et

440 1703 686 1757 etsultate
723 1702 770 1756 ei
806 1717 920 1754 cum
947 1708 1156 1754 tremore
1176 1695 1344 1769 (Psal.
1373 1697 1425 1750 2.
1460 1695 1578 1767 10);
1610 1695 1858 1765 quoniam
1909 1692 2021 1747 Rea;

439 1803 512 1847 est
556 1810 750 1864 regum,
782 1801 829 1846 et
872 1791 1120 1845 Dominus
1164 1789 1531 1843 dominantium
1557 1789 1631 1857 (1.
1662 1785 1796 1841 Tim.
1819 1786 1872 1842 6.
1903 1783 2014 1856 15).

439 1882 538 1939 Ubi
585 1883 863 1953 imperium
907 1890 987 1936 est
1031 1879 1325 1950 potestatis,
1359 1879 1427 1934 ibi
1475 1877 1623 1947 regni
1651 1877 1731 1930 stti
1760 1886 2014 1931 terrorem

438 1975 702 2042 imponit:
732 1973 818 2026 ubi
850 1987 979 2025 vero
1007 1970 1278 2024 humilitas
1324 1969 1558 2034 vilitatis,
1610 1967 1680 2022 ibi
1723 1965 2015 2021 remedium

438 2064 639 2134 profert
664 2080 775 2118 sum
807 2062 1165 2130 benignitatis.
1193 2061 1332 2114 Deus
1367 2060 1506 2114 enim
1547 2069 1628 2113 eSt
1669 2058 1753 2111 hic
1794 2071 2016 2126 magnus

436 2159 548 2213 Rex
577 2171 757 2226 regum
785 2198 799 2222 ,
833 2169 884 2208 et
919 2156 1170 2208 Dominus
1200 2152 1602 2207 dominantium.
1651 2151 1744 2205 llic
1767 2151 1879 2219 ipse
1899 2165 2017 2203 rur-

434 2264 550 2303 sum
575 2247 640 2303 de
667 2263 760 2302 sua
789 2247 1041 2315 dignitate
1069 2243 1415 2305 descendens,
1436 2242 1701 2296 invenitur
1726 2239 2012 2295 secundum

378 2365 380 2368 -
433 2350 668 2394 sanctam
694 2337 1015 2405 Scripturam
1047 2335 1202 2388 Pater
1243 2333 1620 2402 orphanorum,
1656 2340 1709 2387 et
1735 2331 1904 2386 Judex
1933 2331 2012 2384 vi-

433 2431 654 2484 duarum
687 2429 856 2501 (Psat.
886 2429 973 2482 6'7.
1006 2428 1084 2498 6),
1114 2426 1231 2481 Rex
1276 2441 1482 2496 regum.
1524 2425 1776 2493 Princeps
1818 2423 2014 2494 princi-

433 2539 578 2592 pum,
610 2522 943 2576 dominorum
977 2519 1248 2573 Dominus.
1282 2517 1444 2571 Vides
1471 2517 1688 2570 multam
1717 2516 2012 2570 clementiae

433 2613 767 2668 ubertatem?
793 2612 940 2666 vides
971 2611 1150 2664 utilem
1179 2619 1376 2662 metum
1407 2608 1614 2676 pictatis
1643 2617 1696 2660 et
1727 2606 2013 2674 potentiae?

438 2703 534 2759 Ubi
558 2720 783 2776 namque
812 2703 942 2758 vidit
972 2701 1258 2772 potentiam
1287 2698 1352 2754 ad
1380 2702 1615 2754 solamen
1641 2699 1905 2763 sufficere,
1940 2697 2009 2751 ibi

431 2809 627 2853 int-tum
657 2797 721 2852 ad
745 2797 1019 2851 utilitatem
1043 2795 1292 2864 imposuit
1314 2812 1327 2848 :
1347 2793 1433 2848 ubi
1452 2809 1578 2847 vero
1601 2792 1732 2847 vidit
1757 2791 2009 2862 orphani-

431 2899 591 2944 tatem
636 2890 854 2954 vilitate,
887 2899 940 2942 et
963 2896 1328 2957 paupertatem
1377 2885 1741 2940 imbecillitate
1787 2884 2012 2938 viduita-

431 2985 526 3036 tis‘
555 2982 905 3047 debilitatam,
935 2982 1266 3036 clementiam
1300 2980 1363 3033 ad
1392 2980 1807 3035 consolationem
1854 2979 2009 3034 adhi-

430 3077 560 3130 huit.
603 3075 714 3147 Ego
760 3075 916 3129 Pater
955 3076 1316 3144 orpltanorum.
1367 3073 1482 3127 Duo
1521 3073 1665 3139 facit,
1693 3081 1745 3126 et
1770 3073 2010 3143 benigni-

429 3179 590 3223 tatem
634 3168 887 3234 ostendit,
931 3176 987 3221 et
1035 3169 1319 3236 potentiam
1367 3166 1533 3235 punit.
1581 3165 1743 3218 Vocat
1775 3164 2005 3233 seipsum

430 3259 637 3314 I‘atrem
681 3259 1078 3329 orphanorum,
1127 3267 1184 3312 ut
1229 3265 1283 3311 ct
1328 3271 1454 3321 eos,
1497 3256 1583 3325 qui
1621 3255 1670 3308 in
1709 3254 2008 3308 calamitate

426 3351 697 3404 constituti
753 3360 912 3414 sunt,
963 3350 1287 3410 consoletur,
1332 3357 1385 3402 et
1431 3356 1674 3416 potentes
1716 3346 2003 3411 deterreat,

427 3458 496 3496 ne
539 3441 791 3510 orphanis
830 3441 1104 3510 viduisque
1147 3439 1355 3494 molesti
1396 3441 1534 3504 sint;
1581 3437 2004 3508 quandoquidem

427 3550 572 3587 tuors
597 3532 737 3587 hunc
763 3541 931 3603 patre,
956 3533 1096 3585 illam
1127 3533 1242 3586 viro
1272 3532 1500 3596 orbavit,
1534 3543 1587 3584 et
1609 3546 1744 3600 quos
1769 3532 2007 3599 corrupit

425 3640 569 3679 mors
605 3625 892 3688 naturalis,
943 3625 1282 3693 benignitatis
1317 3622 1590 3676 decretum
1628 3624 1877 3678 restituit.
1911 3627 2008 3676 At-

425 3731 530 3785 que
567 3715 750 3769 eadem
785 3717 895 3784 ipsa
925 3716 1089 3782 gratia
1136 3715 1258 3768 huic
1297 3714 1511 3784 quidem
1557 3713 1704 3768 dedit
1749 3713 2001 3782 judicem,

426 3807 666 3875 orphano
692 3816 868 3859 autem
909 3812 1109 3873 patrem
1139 3805 1340 3874 Regem
1385 3816 1706 3859 sanctorum.
1739 3805 1940 3874 Itaque,
1971 3821 2002 3860 ο

423 3898 619 3968 inique,
649 3901 742 3964 ait,
771 3898 814 3950 si
845 3896 1056 3949 viduam
1089 3896 1270 3962 lazdas,
1301 3895 1576 3950 viduarum
1607 3905 1998 3964 procuratorem

422 4004 712 4061 provocas;
745 3989 786 4042 si
818 3989 1086 4056 orphanos
1130 4001 1314 4049 vexes,
1362 4003 1523 4041 vexas
1565 3987 1703 4041 filios
1748 3987 1860 4041 Dei.
1893 3986 2003 4053 Ego

423 4099 540 4138 sum
563 4084 718 4137 Pater
746 4081 1124 4150 orphanorum,
1155 4090 1208 4133 et
1232 4079 1402 4134 Judex
1430 4081 1724 4134 viduarum.
1754 4081 1882 4146 Quis
1910 4096 2004 4133 au-

424 4187 529 4230 tem
578 4177 655 4230 sic
691 4174 861 4229 audax
905 4173 969 4227 ad
999 4173 1343 4242 impietatem,
1374 4181 1427 4224 ut
1453 4171 1589 4225 filios
1621 4173 1710 4225 Dei
1743 4171 1917 4236 lardat,
1950 4179 2005 4225 et

422 4268 594 4322 viduis
617 4267 715 4322 sub
747 4265 841 4320 Dei
869 4266 1029 4319 tutela
1060 4265 1244 4334 positis
1273 4263 1564 4316 molestiam
1599 4263 1803 4332 pariat?
1837 4261 2000 4317 Vides

423 4375 580 4428 quam
613 4358 813 4412 utiliter
841 4358 1050 4427 pietatis
1077 4356 1313 4411 remedia
1362 4363 1640 4424 prccparet,
1674 4365 1726 4408 et
1758 4354 1854 4407 hos
1881 4355 2001 4424 qni-

423 4451 543 4504 dem
578 4458 793 4516 terreat,
823 4450 942 4503 illos
985 4464 1114 4502 vero
1159 4448 1459 4511 miseretur,
1489 4461 1594 4500 non
1624 4447 1736 4515 ipse
1779 4445 1998 4511 divisus,

423 4543 516 4598 scd
545 4543 610 4596 ad
655 4542 925 4595 hominum
973 4540 1288 4594 sententiam
1335 4537 1799 4592 accommodatus?
1842 4536 2001 4590 Nobis

424 4636 600 4704 itaque
629 4636 678 4688 in
709 4633 1000 4688 remedium
1027 4633 1091 4686 ad
1116 4633 1338 4686 salutem
1372 4631 1717 4685 adhibeamus
1749 4630 2002 4699 pmniten-

426 4728 550 4780 tiam
575 4743 589 4792 ;
619 4727 725 4778 imo
753 4727 925 4794 potius
946 4739 975 4776 a
994 4725 1102 4777 Deo
1120 4723 1440 4791 accipiamus
1468 4723 1824 4791 pmnitentiam
1848 4720 2002 4775 nobis

425 4816 747 4870 medentem.
777 4815 889 4868 Non
913 4815 1055 4868 enim
1086 4829 1182 4867 nos
1211 4814 1346 4868 hanc
1372 4814 1445 4867 illi
1471 4814 1761 4877 offerimus,
1793 4813 1884 4867 sed
1916 4813 2001 4866 ille

425 4908 577 4961 nobis
596 4921 710 4959 eam
738 4905 1169 4960 subministravit.
1193 4905 1352 4958 Vides
1379 4905 1493 4973 ejus
1523 4905 1574 4958 in
1605 4906 1718 4974 lege
1747 4905 2001 4960 severita-

425 5009 530 5054 tem
552 4998 576 5052 ?
601 4998 750 5052 vides
786 4997 902 5066 ejus
934 5014 986 5051 tn
1013 4999 1177 5066 gratia
1208 4997 1625 5067 benignitatem?
1663 4997 1794 5051 Cum
1822 5007 1999 5051 autem

422 5093 542 5147 dico
584 5091 918 5146 severitatem
961 5093 1014 5145 in
1053 5092 1168 5161 lege
1195 5132 1207 5155 ,
1250 5106 1354 5145 non
1383 5090 1605 5146 detraho
1637 5091 1836 5161 judicio
1860 5133 1873 5154 ,
1906 5091 2000 5147 sed

420 5183 738 5254 evangelica:
765 5183 947 5253 gratim
975 5182 1309 5236 clementiam
1338 5181 1570 5250 prmdico
1599 5199 1612 5235 :
1643 5183 1889 5252 quoniam
1920 5184 1999 5236 lex

418 5276 534 5331 sine
556 5275 867 5331 remissione
888 5284 1196 5345 peccatores
1220 5273 1487 5342 puniebat,
1508 5275 1672 5343 gratia
1692 5290 1815 5327 vero
1839 5275 2000 5329 multa

419 5385 539 5423 cum
570 5368 963 5438 longanimitate
992 5367 1166 5421 differt
1192 5367 1547 5435 supplicium,
1587 5376 1639 5420 ut
1673 5367 2000 5424 emendatio-

421 5477 541 5516 nem
565 5461 796 5515 inducat.
818 5460 1186 5514 Pmnitentiam
1209 5459 1382 5527 itaque
1403 5458 1770 5526 suscipiamus,
1793 5458 1996 5526 fratres,

422 5555 680 5611 medelam
707 5551 773 5607 ad
803 5552 1044 5630 salutem,
1070 5551 1418 5620 suscipiamus
1445 5549 1758 5604 medicinam
1788 5561 1999 5619 peccata

421 5659 601 5702 nostra
622 5645 908 5701 delentem.
929 5643 1242 5698 I’cnnitentia
1263 5653 1437 5696 autem
1459 5650 1559 5708 est,
1581 5659 1684 5698 non
1700 5658 1818 5713 qum
1839 5641 2001 5697 vt‘rbo

491 5843 510 5875 ⁸
549 5843 708 5892 Morel.
737 5852 787 5894 et
804 5842 964 5902 Savtl.,
989 5841 1192 5893 amentia
1218 5813 1472 5894 t'iduitdtts.

1177 383 1232 440 S.
1272 382 1548 440 JO.\NNIS
1581 375 2052 438 CIIRYSOSTOMI
2093 377 2411 440 ARCIIIEP.
2452 381 2986 443 CONS’I‘AN'I'INOP.

3602 391 3706 445 328

2137 495 2488 562 praedicatur,
2528 501 2621 554 sed
2659 516 2776 570 quae
2804 502 3053 570 aperibus
3091 503 3367 572 firmatur;
3402 501 3710 576 paenitentia

2134 594 2232 650 est,
2255 602 2372 656 qua:
2391 603 2454 642 ex
2480 589 2594 658 ipso
2614 592 2773 646 corde
2793 593 2934 648 delet
2963 595 3223 649 maculam
3251 597 3551 668 impietatis.
3572 599 3707 655 Nam

2131 676 2412 742 Lauamini,
2437 681 2625 752 inquit,
2649 686 2823 738 mundi
2841 696 3015 754 estote,
3044 691 3237 758 auferte
3259 691 3499 759 nequitias
3514 708 3706 746 excor-

2131 769 2276 824 dibus
2303 772 2476 826 vestris
2496 790 2528 827 a
2545 786 2811 844 conspectu
2834 781 3092 832 oculorum
3111 796 3334 833 meomm
3357 780 3404 853 (I
3411 783 3502 835 sai.
3518 785 3569 838 1.
3591 786 3706 851 16).

2131 859 2266 928 Quid
2294 861 2394 917 sibi
2423 864 2534 918 vult
2564 880 2624 920 ea
2661 867 2907 921 dictionis
2946 869 3336 925 redundantia?
3375 889 3494 926 nam
3531 875 3661 929 illud
3689 916 3705 942 ,

2131 953 2339 1023 Auferte
2379 957 2622 1024 nequitias
2654 974 2716 1012 ea:
2743 960 2973 1014 cordibus
2999 963 3168 1016 vestris
3193 1004 3205 1027 ,
3236 979 3412 1019 nonne
3439 967 3564 1021 satis
3591 977 3710 1023 erat

2128 1045 2192 1096 ad
2224 1053 2388 1099 totum
2419 1048 2755 1104 indicandum
2778 1051 2800 1104 Τ
2827 1051 2932 1106 Cur
2957 1054 3195 1121 addidit,
3222 1055 3262 1108 Α
3295 1069 3554 1128 conspectu
3583 1077 3708 1114 ocu-

2129 1135 2294 1189 lorum
2333 1154 2556 1192 meorum
2581 1141 2605 1192 ?
2632 1141 2893 1209 Quoniam
2922 1144 3027 1199 alio
3056 1146 3213 1200 modo
3239 1148 3414 1203 vident
3442 1151 3578 1204 oculi
3609 1151 3707 1204 ho-

2129 1227 2351 1292 minum,
2384 1229 2488 1283 alio
2517 1231 2701 1285 oculus
2732 1233 2823 1288 Dei
2856 1252 2868 1287 :
2903 1235 3070 1290 Homo
3095 1239 3234 1292 enim
3263 1241 3314 1292 in
3337 1243 3536 1309 faciem,
3567 1241 3705 1296 Deus

2128 1318 2178 1370 in
2198 1319 2386 1392 cor(1.
2410 1321 2534 1394 Reg.
2563 1325 2646 1380 16.
2677 1323 2748 1395 7).
2774 1327 2850 1381 Ne
2878 1331 3050 1397 specie
3073 1371 3088 1397 ,
3121 1333 3307 1402 inquit,
3342 1338 3702 1403 paenitentiam

2127 1413 2468 1481 adulteretis,
2503 1417 2596 1470 sed
2630 1425 2686 1471 in
2729 1432 3014 1489 conspectu
3044 1425 3315 1478 oculorum
3347 1442 3584 1482 meorutn
3611 1445 3704 1483 oc-

2126 1505 2266 1558 culta
2293 1509 2639 1563 scrutantium
2669 1512 2930 1566 ostendite
2959 1513 3154 1570 fructus
3183 1519 3521 1586 poenitentiae.

2209 1599 2260 1652 4.
2303 1598 2524 1668 Oportet
2547 1611 2722 1656 autem
2771 1618 2868 1658 nos
2914 1620 2942 1658 a
3001 1609 3233 1675 peccatis
3289 1621 3538 1680 purgatos
3586 1612 3700 1683 ipsa

2128 1700 2341 1757 peccata
2372 1702 2494 1746 ante
2523 1695 2705 1750 oculos
2734 1697 2946 1752 habere.
2976 1699 3228 1767 Quamvis
3249 1704 3388 1756 enim
3419 1705 3553 1759 Deus
3585 1706 3699 1762 cle-

2124 1784 2319 1835 mentia
2361 1799 2452 1838 sua
2498 1797 2770 1854 peccatum
2810 1792 3108 1858 condonet,
3159 1805 3210 1848 tu
3255 1796 3320 1850 ad
3363 1800 3701 1855 securitatem

2123 1874 2313 1927 animae
2350 1883 2452 1930 tuac
2500 1892 2774 1947 peccatum
2819 1894 2940 1937 ante
2969 1886 3152 1941 oculos
3181 1887 3318 1941 habe
3349 1909 3361 1942 :
3392 1891 3700 1958 prazceden-

2125 1964 2250 2016 tium
2277 1966 2418 2020 enim
2445 1972 2698 2024 memoria
2730 1970 3021 2028 futurorum
3045 1977 3475 2046 impedimentum
3503 1993 3616 2037 est:
3642 1993 3702 2039 et

2121 2057 2210 2124 qui
2240 2057 2307 2111 de
2349 2060 2613 2127 prioribus
2660 2063 2946 2129 mordetur,
2974 2066 3038 2118 ad
3085 2069 3359 2136 sequentia
3405 2074 3700 2129 cautiorem

2121 2149 2334 2203 exhibet
2360 2161 2610 2206 mentem.
2642 2151 2869 2222 Ideoque
2897 2157 3084 2222 David,
3112 2157 3179 2210 Et
3202 2171 3455 2228 peccatum
3493 2181 3654 2218 meum
3679 2206 3697 2231 ,

2120 2237 2320 2308 inquit,
2352 2253 2528 2294 contra
2554 2260 2630 2298 me
2653 2255 2726 2298 est
2762 2262 2954 2315 semper
2975 2247 3141 2316 (Psal.
3162 2250 3249 2304 50.
3282 2251 3358 2319 5),
3395 2263 3454 2307 ut
3490 2270 3698 2324 prtece-

2118 2330 2294 2386 dentia
2316 2346 2439 2389 ante
2465 2338 2646 2390 oculos
2676 2338 2895 2406 habens,
2927 2356 2992 2394 tte
3019 2341 3213 2396 incidat
3239 2346 3291 2398 in
3319 2346 3511 2402 futura.
3542 2349 3696 2415 Quod

2118 2431 2293 2479 autem
2339 2425 2475 2481 hunc
2521 2444 2549 2481 a
2593 2429 2745 2484 nobis
2797 2431 2932 2485 Deus
2978 2443 3171 2488 statum
3223 2448 3476 2506 expetat,
3522 2441 3698 2511 ipsum

2118 2519 2238 2569 audi
2271 2517 2531 2574 dicentem
2567 2538 2578 2572 :
2615 2521 2724 2592 Ego
2753 2541 2861 2576 sum
2880 2525 2964 2596 qui
2991 2527 3131 2581 deleo
3160 2541 3362 2596 peccata
3387 2541 3492 2596 tua,
3522 2544 3568 2586 el
3594 2552 3697 2588 non

2117 2611 2456 2666 recordabar:
2502 2623 2554 2665 tu
2600 2624 2767 2668 autem
2812 2619 3110 2683 recordare,
3162 2632 3206 2674 et
3237 2623 3544 2691 judicemur,
3577 2628 3698 2678 dicit

2118 2703 2363 2758 Dominus
2386 2721 2404 2757 :
2425 2706 2505 2758 dic
2533 2717 2584 2758 tu
2610 2709 2750 2775 prius
2776 2721 2980 2777 peccata
3020 2721 3123 2776 tua,
3155 2724 3208 2766 ut
3224 2717 3518 2784 justiﬁceris
3539 2717 3692 2787 (Isai.

2116 2795 2203 2850 45.
2223 2796 2441 2863 25.26).
2469 2797 2583 2852 Non
2606 2812 2878 2867 exspectat
2905 2802 3042 2856 Deus
3074 2813 3278 2874 tempus
3306 2821 3334 2859 a
3359 2810 3702 2876 paruitentia-

2117 2887 2300 2942 Dixisti
2329 2899 2602 2957 peccatum
2636 2901 2812 2960 tuum,
2839 2893 3160 2963 justificatus
3193 2912 3250 2951 es
3282 2917 3294 2951 :
3330 2901 3696 2967 paenitentiam

2115 2980 2305 3048 egisti,
2352 2981 2769 3037 misericordiam
2818 2999 2876 3038 es
2913 2996 3290 3054 consequutus.
3325 2989 3438 3043 Non
3486 3000 3696 3060 tempus

2114 3083 2350 3138 excusat,
2378 3075 2471 3130 sed
2498 3079 2802 3145 paenitentis
2827 3095 3003 3136 mores
3031 3094 3300 3151 peccatum
3327 3088 3694 3157 exstinguuut.

2117 3163 2252 3218 Fieri
2303 3175 2511 3233 potest,
2576 3180 2630 3221 ut
2689 3173 2774 3238 qui
2831 3171 2995 3225 multo
3041 3183 3277 3242 tempore
3324 3178 3692 3245 excubaverit.

2112 3257 2336 3311 salutem
2370 3274 2472 3313 non
2499 3272 2874 3331 consequatur,
2899 3274 2952 3319 et
2981 3266 3187 3320 modico
3213 3277 3449 3336 tempore
3484 3273 3694 3327 sincere

2114 3352 2422 3417 confessus,
2475 3362 2748 3421 peccatum
2805 3365 2981 3409 exuat.
3042 3357 3259 3411 Multum
3305 3363 3558 3431 temporis
3611 3365 3696 3418 in-

2112 3443 2336 3511 sumpsit
2393 3443 2609 3498 Samuel
2656 3461 2751 3514 pro
2805 3447 2962 3501 Saiile
3009 3449 3338 3517 deprecans,
3391 3455 3692 3525 ntultasque

2112 3545 2296 3589 noctes
2324 3537 2592 3591 insomnes
2624 3541 2878 3610 transegit
2909 3557 3002 3610 pro
3032 3545 3297 3610 peccantis
3323 3546 3522 3610 salute;
3552 3549 3692 3604 Deus

2111 3638 2286 3681 autem
2312 3629 2531 3697 tempori
2563 3645 2666 3682 non
2695 3631 3007 3699 attendens,
3033 3633 3153 3701 quia
3183 3635 3455 3703 propheta:
3487 3640 3690 3706 suppli-

2110 3719 2248 3772 catio
2287 3735 2394 3773 non
2437 3722 2785 3775 concurrebat
2839 3737 2957 3776 cum
3009 3727 3302 3792 peccatoris
3358 3729 3687 3795 pmoitentia,

2110 3810 2382 3879 propheta:
2412 3826 2510 3866 suo
2538 3812 2704 3867 dixit:
2741 3812 3008 3885 Usquequo
3047 3826 3100 3868 tu
3147 3818 3285 3888 luges
3349 3819 3497 3884 Saul,
3524 3832 3572 3874 et
3597 3841 3684 3892 eg:

2108 3901 2259 3972 rejeci
2282 3917 2392 3954 eum
2417 3902 2493 3973 (1.
2530 3901 2655 3974 Reg.
2708 3905 2792 3958 16.
2823 3905 2875 3975 1)
2900 3907 2923 3958 ἲ
2951 3907 3078 3960 Illud
3101 3949 3114 3973 ,
3144 3925 3428 3978 usquequo,
3481 3921 3691 3981 tempus

2109 3994 2377 4062 declarat,
2404 4005 2458 4050 et
2505 3997 2849 4066 supplicantis
2894 4003 3339 4068 perseverantiam
3369 4021 3380 4056 :
3411 4012 3463 4058 et
3497 4007 3681 4073 repulit

2110 4087 2250 4140 Deus
2281 4097 2484 4157 tempus
2511 4088 2898 4158 deprecationis
2927 4093 3194 4162 propheta:
3219 4112 3232 4146 :
3265 4111 3372 4148 non
3398 4097 3538 4149 enim
3565 4113 3673 4151 cun

2103 4179 2231 4248 justi
2279 4180 2578 4235 interventu
2638 4183 2777 4252 regis
2821 4185 3129 4252 poenitentia
3186 4190 3471 4242 concurrit.
3523 4189 3692 4244 Beato

2107 4281 2284 4326 autem
2315 4274 2523 4340 Davidi,
2555 4275 2642 4344 qui
2675 4279 3063 4346 correptionem
3089 4281 3252 4332 sancti
3276 4279 3527 4336 Nathauis
3559 4298 3689 4352 pro-

2108 4366 2282 4434 pheta:
2331 4379 2671 4437 susceperat,
2712 4379 2767 4423 et
2814 4373 2990 4425 statim
3047 4381 3162 4440 post
3217 4375 3688 4430 comminationem

2107 4475 2286 4513 veram
2313 4461 2718 4515 conversionem
2747 4463 3068 4530 ostenderat,
3101 4464 3438 4534 dixeratque,
3469 4465 3689 4521 Peccavi

2107 4550 2327 4605 Domino
2358 4551 2431 4624 (2.
2459 4552 2584 4623 Reg.
2614 4554 2701 4606 12.
2737 4555 2858 4622 15);
2904 4557 3080 4609 statim
3128 4572 3235 4609 uno
3272 4558 3526 4626 temporis
3574 4575 3689 4613 mo~

2108 4649 2288 4696 mento
2309 4643 2529 4697 verbum
2561 4645 2766 4700 sincere
2803 4647 3065 4714 prolatum
3111 4648 3368 4717 integram
3407 4651 3691 4718 poenitenti

2107 4735 2279 4788 attulit
2303 4736 2526 4791 salutem
2554 4755 2566 4789 :
2592 4738 2867 4791 confestim
2905 4755 3131 4810 namque
3157 4743 3473 4795 sententiam
3503 4759 3690 4798 emen-

2107 4823 2250 4878 datio
2275 4835 2499 4895 sequuta
2540 4839 2638 4882 est.
2670 4828 2757 4882 Ait
2783 4828 2940 4898 igitur
2964 4830 3035 4883 illi
3067 4831 3272 4887 Nathan
3305 4851 3318 4886 :
3347 4834 3412 4886 Et
3435 4833 3689 4891 Dominus

2109 4917 2297 4971 dimisit
2329 4920 2344 4950 ¹
2378 4931 2638 4988 peccatum
2667 4930 2806 4974 tuum
2837 4921 3044 4994 (Ibid)

2179 5010 2316 5066 Deus
2368 5012 2540 5066 tardus
2577 5013 2644 5066 ad
2674 5031 2870 5084 poenam
2889 5055 2904 5082 ,
2935 5016 3078 5069 velox
3099 5016 3168 5069 ad
3193 5017 3425 5072 salutem.
3453 5051 3525 5060 —
3562 5022 3689 5077 Vide

2107 5103 2236 5157 mihi
2267 5105 2429 5157 Deum
2455 5105 2661 5158 tardum
2689 5105 2754 5160 ad
2779 5121 2989 5175 poenam
3020 5117 3073 5163 ct
3097 5109 3328 5164 velocem
3354 5111 3418 5164 ad
3437 5115 3683 5168 salutem.

2109 5196 2174 5250 Et
2197 5197 2323 5250 mihi
2355 5200 2580 5268 primum
2610 5201 2780 5270 cogita
2811 5201 3077 5270 quomodo
3108 5203 3275 5258 multo
3305 5213 3424 5272 post
3447 5216 3689 5278 tempore

2108 5292 2488 5347 correctionem
2519 5292 2753 5349 clemens
2784 5294 2977 5349 intulit.
3001 5295 3240 5350 Peccavit
3263 5297 3446 5363 David,
3477 5310 3686 5354 uterum

2108 5384 2331 5453 gestavit
2358 5385 2567 5452 mulier,
2598 5385 2845 5456 nullaque
2871 5388 3132 5442 correctio
3160 5399 3435 5457 peccatum
3462 5403 3684 5461 sequuta

2110 5487 2224 5542 est;
2257 5477 2352 5532 sed
2382 5486 2499 5546 post
2530 5476 2749 5532 infantis
2774 5479 2839 5533 de
2868 5489 3085 5549 peccato
3111 5483 3218 5534 nati
3250 5488 3458 5550 partum
3479 5524 3493 5547 ,
3523 5483 3685 5536 mitti-

2112 5578 2194 5622 tur
2219 5570 2416 5639 peccati
2445 5569 2698 5624 medicus.
2726 5569 2834 5624 Cur
2869 5580 3044 5626 autem
3090 5582 3397 5642 peccantem
3442 5576 3682 5643 protinus

2110 5675 2212 5716 non
2269 5662 2542 5716 correxit?
2591 5661 2848 5728 Quoniam
2894 5662 3022 5717 vidit
3067 5663 3117 5717 in
3170 5664 3295 5734 ipsis
3345 5674 3679 5735 peccatorum

2175 5843 2188 5873 ί
2227 5848 2342 5903 Reg.
2371 5852 2509 5900 unus,
2536 5840 2760 5890 Dominus
2783 5839 2984 5890 susttdit.
