4066 6392
203 418 306 472 59.7

207 534 513 599 εὐσεϐείας,
551 535 636 598 Ὠς
664 534 910 603 πτωχοὺς
927 530 1105 584 τοίνυν
1123 529 1248 591 τοὺς
1277 524 1683 596 ἁμαρτάνοντας
1703 518 1860 585 ἐλεεῖ,

209 623 301 676 καὶ
325 623 400 684 ώς
430 621 715 683 πλουσίους
749 621 875 682 τοὺς
916 612 1436 686 δικαιοπραγοῦντας
1485 609 1724 668 ἀπαιτεῖ,
1753 607 1863 666 τοῖς

212 709 310 778 μὲν
347 707 434 760 διὰ
457 709 553 777 τὴν
584 706 770 759 πενίαν
803 703 1174 774 χαριζόμενος,
1203 701 1316 761 τοῖς
1342 697 1398 750 δὲ
1424 694 1513 749 διὰ
1538 695 1628 746 τὸν
1653 692 1750 762 τῆς
1775 691 1863 742 εὐ-

211 795 424 857 σεϐείας
472 793 698 847 πλοῦτον
749 792 884 862 μετὰ
935 789 1134 858 πολλῆς
1181 784 1464 856 ἀκριϐείας
1505 782 1629 844 τοὺς
1677 779 1864 846 λόγους

209 880 762 952 είσπραττόμενος.Ὃ
792 879 848 932 δὲ
882 878 1022 930 ποιεῖ
1057 875 1148 928 ἐπὶ
1191 874 1411 927 δικαίων
1462 871 1555 922 καὶ
1604 868 1836 935 ἁμαρτω

208 967 338 1031 λῶν,
363 967 520 1020 τοῦτο
553 969 695 1020 ποιεῖ
731 967 827 1019 καὶ
869 965 960 1017 ἐπὶ
1006 962 1274 1015 πλουσίων
1325 957 1419 1012 καὶ
1462 955 1736 1023 πενήτων·
1775 947 1866 1000 καὶ

209 1052 397 1124 ῶσπερ
423 1053 512 1107 τὸν
549 1054 924 1124 ἁμαρτάνοντα
961 1049 1160 1120 ἐγείρει
1199 1046 1285 1100 διὰ
1316 1038 1739 1113 φιλανθρωπίαν,
1776 1033 1866 1086 τὸν

209 1139 266 1192 δέ
305 1122 510 1193 δίκαιον
551 1122 705 1208 φοϐεῖ
743 1138 830 1191 διὰ
871 1138 971 1207 τῆς
1015 1133 1311 1204 ἀποτομίας
1335 1145 1349 1159 ο
1383 1128 1521 1182 οὕτω
1549 1124 1641 1178 καὶ
1673 1123 1729 1175 ἐν
1757 1122 1866 1182 τοῖς

211 1229 494 1296 κοσμικοῖς
533 1227 849 1297 πράγμασιν
891 1224 1155 1294 διατίθησι
1188 1222 1283 1291 τὴν
1313 1213 1505 1271 ἑαυτοῦ
1538 1207 1862 1279 οἰκονομίαν.

225 1312 348 1366 Ἐὰν
374 1313 456 1383 ἴδῃ
488 1312 751 1376 δυναστὰς
787 1311 1085 1382 ἀξιώμασιν
1107 1307 1578 1377 ὑπερλάμποντας,
1612 1297 1862 1368 βασιλεῖς,

211 1379 495 1467 ἄρχοντας,
529 1399 734 1462 πάντας
776 1399 900 1462 τοὺς
927 1379 1004 1450 ’ἐν
1053 1394 1265 1463 πλούτῳ
1308 1389 1730 1459 διαπρέποντας’
1753 1379 1866 1432 τού-

210 1500 322 1547 τοις
347 1484 647 1554 διαλέγεται
680 1485 818 1556 μετὰ
854 1484 1039 1554 φόϐου,
1071 1481 1163 1536 καὶ
1196 1477 1467 1547 ἐπιτίθησι
1493 1471 1775 1544 χρησίμως
1797 1468 1863 1536 τῇ

209 1571 496 1644 δυναστείᾳ
541 1573 632 1629 τὸν
677 1574 872 1643 φόϐον*
920 1572 1031 1627 Καὶ
1082 1570 1220 1633 νῦν,
1264 1562 1576 1632 βασιλεῖς,
1629 1557 1863 1619 σύνετε,

210 1643 562 1728 παιδεύθὴτε
584 1661 806 1727 πάντες
843 1663 896 1714 οἱ
939 1660 1243 1728 κρίνοντες
1284 1653 1397 1721 τὴν
1439 1648 1554 1720 γῆν
1575 1663 1588 1676 °
1621 1643 1866 1699 δουλεύ-

210 1761 357 1799 crate
398 1727 491 1813 τῷί
518 1749 711 1816 Κυρίῳ
755 1748 825 1801 ἐν
864 1727 1042 1814 φόϐῳ,
1083 1744 1181 1797 καί
1208 1735 1574 1809 ἀγαλλιᾶσθε
1613 1727 1770 1794 αὐτῷ
1798 1729 1867 1779 ἐν

211 1834 438 1902 τρόμῳ·
483 1835 564 1888 ὅτι
590 1813 887 1899 ἑασιλεύς
925 1833 1054 1885 ἐστι
1100 1828 1217 1882 τῶν
1249 1821 1721 1891 βασιλευόντων,
1767 1813 1864 1867 καί

208 1921 422 1987 Κύριος
452 1920 568 1974 τῶν
591 1919 1184 1989 κυριευόντων.”υπου
1224 1914 1364 1984 ἁρχὴ
1390 1907 1726 1967 δυναστείας,
1757 1905 1868 1955 ἐπι-

209 2005 388 2075 τίθησι
420 2007 509 2059 τὸν
533 2007 695 2075 φόϐον
719 2007 818 2076 τῆς
846 2005 1008 2059 αὐτοῦ
1036 2002 1304 2074 βασιλείας
1329 2017 1342 2032 ο
1383 1999 1515 2051 ὅπου
1545 1991 1868 2050 ταπείνωσις

209 2091 500 2157 εὐτελείας,
532 2094 872 2166 ττροσφὲρειει
910 2093 971 2146 τὸ
1005 2093 1288 2162 φάρμακον
1317 2089 1413 2157 τῆς
1447 2080 1640 2137 ἑαυτοῦ
1677 2078 1866 2148 φιλαν-

211 2180 549 2250 θρωπίας.Ὀ
582 2183 688 2254 γὰρ
713 2184 843 2247 Θεὸς
873 2177 1023 2245 οὗτος
1069 2181 1238 2250 μέγας
1272 2176 1516 2249 βασιλεὺς
1563 2172 1670 2226 τῶν
1713 2170 1866 2239 βασι-

208 2265 490 2332 λευόντων,
516 2271 608 2323 καὶ
654 2271 856 2340 Κύριος
904 2270 1010 2322 τῶν
1059 2267 1444 2337 κυριευόντων·
1487 2254 1640 2323 οὗτος
1685 2257 1864 2322 αὐτὸς,

209 2355 372 2408 πάλιν
398 2355 700 2410 ὐποϐαίνων
725 2359 822 2427 τῆς
850 2356 1041 2410 ἐαυτοῦ
1067 2355 1241 2418 ἀξίας,
1269 2353 1578 2423 εὑρίσκεται
1607 2345 1745 2400 κατά
1769 2345 1866 2415 τὴν

208 2441 370 2509 ἁγίαν
405 2443 621 2514 Γραφὴν
671 2445 853 2515 πατὴρ
879 2443 1126 2514 ὀρφανῶν
1155 2441 1246 2495 καὶ
1278 2439 1468 2510 κριτὴς
1508 2436 1617 2488 τῶν
1662 2433 1865 2504 χηρῶν,

211 2527 476 2597 βασιλέων
518 2529 787 2599 βασιλεὺς,
831 2531 1105 2601 ἀρχόντων
1132 2529 1334 2598 ἄρχων,
1375 2524 1731 2596 κυριευόντων
1764 2521 1869 2574 Κύ-

215 2631 346 2684 ριος.
366 2617 523 2688 Ὁρᾷς
571 2619 768 2689 πολλὴν
812 2618 1068 2686 ἀφθονίαν
1101 2614 1544 2684 φιλανθρωπίας;
1579 2611 1708 2680 ὁρᾷς
1739 2608 1866 2678 χρή-

213 2717 372 2772 σιμον
396 2705 487 2757 τὸν
517 2705 676 2771 φόϐον
698 2705 798 2775 τῆς
825 2704 1108 2767 εὐσεϐείας
1141 2702 1234 2756 καὶ
1265 2701 1361 2770 τῆς
1383 2697 1630 2763 ἐξουσίας
1652 2713 1667 2756 ;
1695 2695 1866 2747 Ὅπου

213 2788 314 2860 μὲν
350 2791 456 2861 γὰρ
495 2787 631 2844 εἶδεν
663 2792 934 2863 ἀρκοῦσαν
959 2792 1057 2862 τὴν
1093 2789 1335 2854 ἐξουσίαν
1370 2789 1448 2849 είς
1494 2781 1865 2853 παραμυθίαν,

213 2877 447 2947 ἐπέθηκε
475 2879 563 2930 τὸν
594 2878 755 2946 φόϐον
795 2880 872 2940 είς
905 2877 1169 2946 ὠφέλειαν
1189 2892 1201 2905 '
1247 2877 1380 2928 ὃπου
1409 2872 1466 2926 δὲ
1498 2867 1605 2924 εἶδε
1635 2868 1868 2939 παραλε-

212 2962 448 3035 λυμένην
476 2969 542 3037 τῇ
567 2965 808 3036 εὐτελείᾳ
834 2965 931 3036 τὴν
955 2965 1236 3037 ὀρφανίαν,
1260 2962 1353 3015 καὶ
1378 2960 1476 3031 τὴν
1503 2957 1772 3027 πτωχείαν
1799 2958 1864 3025 τῇ

212 3051 399 3123 ἀτονίᾳ
418 3053 445 3092 b
470 3055 580 3124 ’τῆς
613 3054 856 3124 χηρείας,
893 3054 1204 3122 προσήγαγε
1231 3050 1330 3119 τὴν
1359 3045 1758 3117 φιλανθρωπίαν
1787 3045 1866 3107 είς

213 3138 584 3208 παραμυθίαν.
603 3141 749 3208 Ἐγὼ
776 3140 970 3207 πατὴρ
991 3137 1109 3192 τῶν
1134 3135 1426 3206 ὀρφανῶν.
1462 3133 1564 3186 Δύο
1590 3134 1746 3194 ποιεῖ,
1775 3131 1868 3183 καὶ

213 3223 310 3294 τὴν
337 3224 744 3296 φιλανθρωπίαν
767 3226 1020 3289 δείκνυσι,
1049 3225 1142 3278 καὶ
1169 3225 1266 3292 τὴν
1291 3220 1602 3274 δυναστείαν
1630 3217 1864 3280 κολάζει.

214 3310 388 3364 Καλεῖ
415 3313 602 3364 ἑαυτὸν
631 3313 846 3383 πατέρα
865 3312 970 3365 τῶν
993 3312 1258 3382 ὀρφανῶν,
1287 3311 1373 3363 ἴνα
1399 3308 1637 3370 καὶτοὺς
1662 3309 1718 3358 ἐν
1742 3323 1870 3375 συμ-

215 3401 358 3470 φορᾷ
377 3399 860 3472 παραμυθήσηται,
881 3400 970 3453 καὶ
994 3401 1117 3462 τοὺς
1145 3401 1200 3450 ἐν
1223 3396 1507 3466 δυναστείᾳ
1530 3393 1868 3466 καταπλήξῃ,

214 3485 353 3539 ὥστε
410 3488 484 3557 μὴ
529 3489 850 3560 ἐπηρεάζειν
881 3490 1132 3559 ὀρφανοῖς
1168 3503 1225 3537 τε
1255 3487 1350 3538 καὶ
1375 3484 1597 3553 χήραιςο
1628 3481 1814 3551 ἐπειδὴ
1841 3481 1869 3531 6

213 3574 442 3638 θάνατος
469 3576 751 3647 ἐγύμνωσε
776 3577 864 3628 τὸν
895 3577 991 3646 μὲν
1024 3574 1116 3627 τοῦ
1151 3574 1370 3644 πατρὸς,
1404 3572 1500 3643 τὴν
1525 3571 1580 3623 δὲ
1613 3569 1868 3639 ἐστέρησε

211 3661 308 3714 τοῦ
357 3660 567 3732 ἀνδρὸς,
595 3663 689 3715 καὶ
733 3662 826 3725 οὒς
869 3661 1168 3731 διέφθειρεν
1217 3663 1244 3712 6
1294 3659 1395 3728 τῆς
1449 3659 1659 3727 φύσεως
1687 3655 1865 3724 νόμος,

212 3748 555 3803 ἀνεκαίνισεν
583 3753 610 3803 6
634 3751 732 3821 τῆς
763 3748 1168 3820 φιλανθρωπίας
1189 3749 1310 3816 ὅρος
1333 3763 1345 3778 ·
1371 3747 1464 3799 καὶ
1494 3748 1525 3816 ή
1550 3745 1685 3814 αὐτὴ
1711 3743 1868 3813 χάρις

211 3843 279 3911 τῇ
323 3841 421 3910 μὲν
470 3841 634 3895 ἔδωκε
678 3842 770 3894 τὸν
815 3841 1024 3912 κριτὴν,
1054 3840 1130 3912 τῷ
1170 3839 1227 3892 δέ
1265 3836 1481 3908 ὀρφανῷ
1518 3835 1746 3904 πατέρα,
1782 3833 1870 3885 τὸν

215 3928 442 3998 βασιλέα
462 3929 570 3982 τῶν
597 3929 744 4001 [551]
773 3930 1150 3996 ἀγίων.”Ωστε,
1178 3928 1357 3997 φησὶν,
1388 3920 1433 3979 ὦ
1461 3924 1630 3987 άδικε,
1656 3923 1750 3974 ἐὰν
1774 3921 1872 3991 χή-

217 4032 338 4085 ραις
372 4016 699 4089 ὲπηρεάζῃς,
724 4017 814 4070 τὸν
836 4015 942 4068 τῶν
975 4015 1154 4086 χηρῶν
1182 4013 1482 4084 προνοητὴν
1515 4008 1831 4080 παροξύνεις
1852 4024 1866 4037 ·

212 4103 310 4156 ἐὰν
357 4104 620 4174 ὀρφανοὺς
649 4104 858 4175 ἀδικῇς,
901 4105 1046 4166 υἱοὺς
1093 4103 1298 4164 ἀδικεῖς
1345 4097 1658 4166 Θεοῦ.Ἐγώ
1705 4097 1872 4166 είμιό

211 4194 400 4262 πατὴρ
428 4193 532 4245 τῶν
559 4193 824 4262 ὀρφανῶν,
844 4195 936 4246 κα)¹
963 4191 1153 4262 κριτὴς
1175 4189 1284 4242 τῶν
1309 4189 1492 4259 χηρῶν
1513 4205 1526 4218 °
1558 4189 1639 4250 τίς
1653 4185 1709 4238 δέ
1732 4183 1872 4237 οὓτω

209 4279 486 4350 τολμηρὸς
527 4280 662 4350 πρὸς
700 4280 976 4346 ἀσέϐειαν,
1007 4278 1146 4330 ὥστε
1180 4277 1327 4338 υἱοὺς
1355 4275 1557 4328 ἀδικεῖν
1587 4273 1742 4338 Θεοῦ,
1779 4274 1872 4326 καὶ

209 4369 336 4430 ταῖς
383 4367 486 4420 ὐπὸ
527 4367 620 4421 τοῦ
653 4367 787 4420 Θεοῦ
828 4365 1244 4436 προνοουμέναις
1277 4364 1471 4433 χήραις
1512 4360 1868 4432 ἐπηρεάζειν;

221 4454 388 4525 Ὁρᾷς
439 4454 557 4518 πῶς
605 4453 888 4524 χρησίμως
935 4451 1330 4514 κατασκευάζει
1362 4449 1431 4501 τά
1462 4449 1726 4517 φάρμακα
1774 4449 1871 4516 τῆς

209 4543 515 4606 εὐσεϐείας,
543 4543 636 4596 καὶ
663 4544 787 4605 τοὺς
821 4542 917 4612 μὲν
947 4540 1118 4609 φοϐεῖ,
1151 4541 1275 4601 τοὺς
1307 4538 1362 4591 δέ
1391 4537 1548 4601 ἐλεεῖ,
1583 4536 1682 4588 οὐκ
1714 4535 1872 4598 αὐτὸς

213 4628 596 4701 μεριζόμενος,
624 4630 760 4699 πρὸς
783 4628 838 4681 δὲ
866 4627 963 4690 τὰς
992 4626 1217 4697 γνώμας
1246 4624 1354 4676 τῶν
1381 4622 1679 4694 ἀνθρώπων
1704 4622 1874 4691 ἁρμο-

211 4717 473 4786 ζόμενοςς
510 4716 878 4785 Προσάγωμεν
920 4714 1096 4766 τοίνυν
1139 4714 1367 4774 ἑαυτοῖς,
1396 4709 1630 4778 ἀδελφοὶ,
1658 4709 1875 4778 φάρμα-

211 4820 311 4856 κον
345 4805 424 4866 είς
455 4804 726 4874 σωτηρίαν
753 4801 850 4872 τήν
896 4801 1177 4872 μετάνοιαν
1201 4816 1212 4828 ·
1269 4799 1463 4868 μᾶλλον
1503 4797 1560 4850 δὲ
1598 4794 1873 4866 δεξώμεθα

211 4889 371 4960 παρὰ
401 4889 493 4942 τοῦ
514 4889 646 4942 Θεοῦ
673 4889 769 4960 τὴν
803 4889 1088 4958 μετάνοιαν
1118 4885 1464 4957 ίατρεύουσαν
1487 4884 1654 4954 ἡμᾶς.
1674 4883 1745 4936 Οὐ
1766 4883 1874 4954 γὰρ

211 4980 380 5049 ἡμεῖς
411 4976 558 5046 αὐτῷ
578 4976 780 5046 ταύτην
806 4975 1168 5046 προσάγομεν,
1199 4973 1318 5027 ἀλλ’Δ
1335 4972 1494 5034 αὐτὸς
1524 4973 1651 5041 ἡμῖν
1672 4970 1874 5038 ταύτην

211 5066 753 5137 ἐχορήγησεν.”ορᾷς
801 5063 964 5117 αὐτοῦ
1006 5064 1104 5133 τὴν
1151 5061 1432 5133 ἀκρίϐειαν
1461 5059 1560 5127 τὴν
1604 5060 1662 5110 ἐν
1693 5057 1770 5127 τῷ
1799 5058 1878 5110 νό-

215 5171 343 5224 μφὶ
377 5155 510 5224 ὁρᾷς
548 5153 645 5222 τὴν
678 5150 1079 5220 φιλανθρωπίαν
1116 5150 1279 5204 αὐτοῦ
1323 5149 1420 5220 τὴν
1454 5149 1511 5199 ἐν
1550 5149 1616 5216 τῇ
1659 5147 1873 5216 χάριτι;

215 5243 395 5295 Ὅταν
434 5241 491 5293 δὲ
519 5242 654 5293 εἴπω
680 5240 778 5310 τὴν
809 5239 1091 5309 ἀκρίϐειαν
1120 5239 1217 5308 τὴν
1250 5239 1308 5290 ἐν
1349 5237 1427 5306 τῷ
1466 5236 1635 5306 νόμῳ,
1661 5236 1721 5288 οὐ
1768 5235 1878 5290 δια-

213 5331 404 5386 ϐἀλλω
436 5331 636 5401 κρίσιν,
663 5329 800 5383 ἀλλὰ
839 5329 939 5398 τῆς
972 5328 1324 5398 εὐαγγελικῆς
1375 5327 1592 5398 χάριτος
1627 5325 1879 5396 κηρύττω

209 5421 319 5492 τὴν
353 5418 787 5489 φιλανθρωπίαν·
834 5417 915 5470 ὅτι
959 5417 988 5469 6
1032 5415 1130 5486 μὲν
1162 5415 1321 5482 νόμος
1353 5413 1738 5484 ἀπαραιτήτως
1760 5412 1871 5464 ἐκό-

211 5506 353 5570 λαζε
385 5505 510 5568 τοὺς
542 5505 969 5576 ἁμαρτάνοντας,
1002 5505 1036 5573 ἡ
1077 5502 1134 5555 δὲ
1176 5501 1334 5571 χάρις
1369 5499 1503 5570 μετά
1545 5498 1743 5568 πολλῆς
1775 5514 1879 5568 μα·-

212 5595 530 5666 κροθυμίας
559 5593 906 5664 ὑπερτίθεται
929 5593 1028 5663 τὴν
1055 5590 1342 5662 τιμωρίαν,
1374 5589 1458 5641 ἵνα
1499 5588 1753 5658 ἐπαγάγῃ
1782 5585 1880 5657 τὴν

214 5682 531 5753 διόρθωσιν.
558 5681 847 5752 Δεξώμεθα
866 5680 1043 5734 τοίνυν
1078 5677 1383 5748 μετάνοιαν,
1402 5674 1634 5742 ἀδελφοὶ,
1661 5675 1880 5744 φάρμα-

217 5786 321 5822 κον
351 5769 432 5830 είς
462 5768 752 5839 σωτηρίαν,
783 5765 1058 5836 δεξώμεθα
1099 5764 1384 5834 φάρμακον
1417 5760 1691 5829 ἐξαλεῖφον
1723 5760 1880 5830 ήμῶν

286 5857 317 5886 ⁸
340 5855 424 5906 Sic
446 5858 616 5917 Savil.,
637 5857 790 5919 magis
812 5857 1005 5918 proprie
1025 5866 1167 5915 quam
1191 5851 1745 5912 Monlf.,quiscripserat
1761 5866 1877 5912 προ-

219 5921 372 6024 φέίει.
401 5919 530 5965 Ευιτ.

348 5980 504 6024 Morel
527 5999 530 6020 ι

347 5980 504 6036 Morel
527 5984 580 6029 et
600 5979 729 6030 Savil
773 5985 829 6038 τῆ
852 5977 1068 6045 ἀπονοίᾳ.
1094 5975 1227 6028 Unus
1249 5975 1372 6041 Reg.
1393 5980 1450 6040 τῇ
1472 5973 1651 6041 ἀτονία,
1676 5971 1870 6022 melius.

1431 407 1518 462 DE
1556 399 2018 461 ΡΟΕΝΙΤΕΝΤΙΑ.
2051 393 2282 453 HOMIL.
2321 392 2432 452 VII.

3505 379 3606 434 528

1965 515 2034 568 τὰ
2085 514 2418 583 πταίσματα.
2447 505 2712 561 Μετάνοια
2760 502 2818 557 δέ
2853 503 3018 560 ἐστιν,
3046 497 3141 565 οὐχ
3171 496 3204 566 ὴ
3230 493 3374 565 λόγῳ
3407 512 3607 565 κηρυτο

1959 601 2179 670 τομένη,
2217 598 2329 651 ἀλλ’
2363 599 2395 666 ἡ
2438 594 2723 664 πράγμασι
2757 584 3144 658 βεϐαιουμένη·
3183 583 3434 653 μετάνοια
3474 583 3507 651 ή
3547 582 3607 648 ἐξ

1959 669 2128 756 αὐτῆς
2148 669 2250 756 τῆς
2284 682 2508 754 καρδίας
2543 677 2893 744 ἐξαλείφουσα
2913 673 3003 725 τὸν
3027 670 3190 742 ῥύπον
3211 671 3307 740 τῆς
3333 669 3605 732 ἀσεϐείας.

1959 781 2274 836 Λούσασθε
2301 777 2432 844 γὰρ,
2461 773 2612 842 φησὶ,
2652 765 2891 833 καθαροί
2919 764 3184 833 γίνεσθε·
3217 760 3468 829 ἀφέλετε
3501 760 3608 824 τὰς

1958 866 2253 934 πονηρίας
2303 861 2420 917 ἀπὸ
2468 859 2584 913 τῶν
2628 853 2879 924 καρδιῶν
2926 850 3109 920 ὑμῶν,
3165 849 3450 902 ἀπέναντι
3489 845 3609 899 τῶν

1957 930 2277 1020 ὀφθαλμῶν
2298 966 2436 1018 μου.
2473 947 2536 998 Τί
2564 944 2807 1014 βούλεται
2828 940 2887 992 τὸ
2913 936 3157 1008 περιττὸν
3185 935 3282 1003 τῆς
3303 933 3527 997 λέξεως;
3547 930 3608 984 τὸ

1959 1017 2067 1108 γάρ
2105 1017 2368 1106 Ἄ-φέλείτε
2399 1033 2503 1098 τὰς
2529 1030 2815 1096 πονηρίας
2838 1027 2951 1080 ἀπὸ
2990 1024 3106 1076 τῶν
3136 1019 3387 1089 καρδιῶν
3418 1017 3605 1087 ὑμῶν,

1961 1127 2059 1196 οὐχ
2095 1125 2278 1178 ἱκανὸν
2312 1121 2546 1193 μηνῦσαι
2579 1119 2638 1172 τὸ
2663 1119 2802 1182 πᾶν;
2831 1114 2928 1167 Διά
2960 1112 3011 1164 τί
3043 1108 3133 1164 οὖν
3171 1109 3469 1163 Ἀπέναντι
3492 1106 3609 1160 τῶν

1961 1213 2284 1284 ὀφθαλμῶν
2323 1226 2470 1279 μου;
2516 1206 2729 1277 Ἐπειδὴ
2773 1204 2944 1264 ἄλλως
2989 1200 3184 1270 ὁρῶσιν
3221 1197 3484 1266 ὀφθαλμοὶ
3517 1196 3610 1248 ἀν-

1961 1300 2210 1372 θρώπων,
2241 1298 2336 1350 καὶ
2368 1296 2538 1358 ἄλλως
2576 1294 2677 1364 ὁρᾷ
2717 1289 2988 1360 ὀφθαλμὸς
3028 1285 3122 1339 τοῦ
3157 1283 3288 1337 Θεοῦ
3310 1299 3322 1311 °
3359 1285 3607 1350 Ἀνθρω-

1961 1368 2074 1454 σέος
2118 1388 2226 1456 γὰρ
2270 1388 2354 1450 εὶς
2398 1383 2740 1452 πρόσωπον,
2781 1375 2922 1441 Θεὸς
2969 1372 3037 1426 δὲ
3081 1375 3165 1438 είς
3212 1370 3477 1438 καρδίαν.
3519 1368 3607 1439 Μὴ

1963 1478 2224 1548 σχήμασι,
2255 1476 2406 1544 φησι,
2421 1471 2705 1548 νοθεύσητε
2725 1477 2746 1505 ε
2766 1465 2862 1532 τὴν
2893 1461 3194 1532 μετάνοιαν,
3219 1459 3330 1511 ἀλλ’
3349 1457 3609 1510 ἀπέναντι

1960 1565 2068 1617 τῶν
2099 1561 2386 1632 ὀφθαλμῶν
2412 1540 2659 1630 μουίτῶν
2688 1554 2757 1606 τὰ
2782 1549 2998 1621 κρυπτά
3025 1544 3381 1616 ἐρευνώντων,
3403 1543 3610 1608 δείξατε

1961 1652 2083 1714 τοὺς
2119 1650 2362 1719 καρποὺς
2383 1647 2484 1714 τῆς
2518 1641 2819 1714 μετανοίας.

2031 1713 2093 1791 δέ.
2117 1713 2206 1789 Δεῖ
2229 1737 2283 1789 δὲ
2310 1713 2456 1805 ἡμᾶς
2478 1713 2899 1801 καθαιρομένους
2927 1720 3050 1774 ’ἀπὸ
3070 1717 3178 1771 τῶν
3203 1713 3480 1786 ἁμαρτιῶν
3505 1713 3606 1784 πρὸ

1962 1825 2254 1895 ὀφθαλμῶν
2283 1800 2426 1892 ἔχειν
2461 1819 2600 1872 αὐτά
2629 1800 2696 1869 τὰ
2740 1812 3140 1884 ἁμαρτήματα·
3180 1805 3284 1858 κᾶν
3309 1806 3336 1856 ό
3367 1800 3494 1863 Θεὸς
3521 1800 3609 1854 διά

1963 1889 2370 1983 φιλανθρωπίαν
2417 1905 2742 1974 συγχωρήσῃ
2787 1917 2867 1952 σοι
2897 1898 2994 1967 τὴν
3038 1893 3326 1964 ἁμαρτίαν,
3377 1889 3511 1942 ἀλλὰ
3545 1889 3608 1940 σὺ

1965 1974 2100 2072 πρὸς
2132 1974 2231 2068 τήν
2274 1995 2570 2064 ἀσφάλειαν
2611 1991 2708 2060 τῆς
2759 1985 2950 2040 ἐαυτοῦ
2980 1983 3152 2053 ψυχῆς
3187 1978 3292 2050 πρὸ
3319 1974 3610 2045 ὀφθαλμῶν

1963 2063 2052 2157 ἔχε
2253 2063 2543 2154 ἁμαρτίαν.
2595 2080 2658 2132 Ἢ
2703 2076 2810 2145 γὰρ
2863 2073 3049 2143 μνήμη
3090 2067 3196 2120 τῶν
3236 2063 3610 2136 προλαϐόντων

1961 2148 2132 2243 ἐποχὴ
2159 2148 2506 2240 γίνεται-τῶν
2539 2163 2834 2236 μελλόντων
2854 2176 2867 2189 ·
2898 2158 2992 2210 καὶ
3017 2158 3044 2208 6
3074 2153 3165 2206 ἐπὶ
3193 2154 3302 2213 τοῖς
3330 2148 3610 2219 προτέροις

1961 2234 2304 2328 δακνόμενος,
2333 2255 2461 2322 περὶ
2492 2234 2561 2305 τά
2588 2249 2813 2317 δεύτερα
2836 2240 3237 2313 ἀσφαλεστέραν
3267 2237 3364 2308 τὴν
3389 2234 3611 2306 γνώμην

1961 2326 2218 2400 δείκνυσι.
2263 2343 2362 2396 Διὰ
2387 2341 2545 2394 τοῦτο
2574 2337 2668 2390 καὶ
2704 2337 2732 2387 ὁ
2765 2331 2951 2387 Δαυῖδ·
2983 2329 3092 2383 Καὶ
3119 2329 3156 2395 ἡ
3191 2326 3442 2395 ἁμαρτία
3469 2341 3610 2392 μου,

1964 2436 2145 2505 φησὶν,
2179 2431 2433 2486 ἐνώπιόν
2458 2428 2574 2496 μού
2600 2426 2732 2478 ἐστι
2755 2421 2851 2474 διὰ
2878 2417 3101 2481 παντός
3121 2436 3134 2449 ·
3164 2415 3250 2467 ἵνα
3278 2413 3382 2484 πρὸ
3411 2410 3611 2479 ὀφθαλ-

2115 2521 2251 2590 ἐχων
2277 2518 2344 2571 τά
2373 2513 2726 2586 προλαϐόντα,
2755 2508 2829 2578 μὴ
2867 2503 3138 2576 περιπέσῃ
3165 2505 3276 2563 τοῖς
3312 2499 3610 2570 μέλλουσιν.

1964 2612 2085 2664 ’Ότι
2113 2610 2170 2661 δὲ
2217 2605 2418 2674 ταύτην
2449 2601 2577 2670 παρ’
2612 2596 2766 2668 ήμῶν
2801 2598 2828 2648 6
2872 2593 3002 2655 Θεὸς
3045 2591 3266 2643 ἀπαιτεῖ
3310 2586 3408 2656 τὴν
3447 2585 3614 2638 κατά-

1965 2713 2169 2759 στασιν,
2188 2673 2416 2748 ἄκουσον
2436 2685 2596 2741 αὐτοῦ
2618 2686 2862 2753 λέγοντος
2885 2698 2896 2710 ·
2930 2677 3073 2747 Ἐγώ
3098 2679 3211 2744 ειμι
3232 2677 3262 2727 ό
3283 2673 3614 2740 ἐξαλείφων

1961 2782 2067 2848 τὰς
2108 2756 2393 2849 ἁμαρτίας
2420 2791 2557 2835 σου,
2597 2771 2695 2824 καί
2733 2770 2801 2822 οὐ
2833 2767 2918 2837 μὴ
2945 2761 3401 2834 μνησθήσομαι·
3436 2757 3516 2810 σὺ
3545 2756 3614 2809 δὲ

1958 2844 2294 2940 μνήσθητι,
2340 2861 2440 2916 καὶ
2492 2857 2811 2927 κριθῶμεν,
2860 2853 3019 2923 λέγει
3072 2851 3314 2915 Κύριος·
3359 2845 3498 2914 λέγε
3531 2844 3612 2896 σὺ

1964 2933 2199 3025 πρῶτον
2229 2953 2334 3016 τὰς
2369 2947 2656 3018 ἁμαρτίας
2687 2955 2825 3005 σου,
2847 2942 2948 2994 ἵνα
2978 2934 3312 3002 δικαιωθῇς.
3341 2934 3453 2986 Οὐκ
3483 2933 3615 2985 ἀνα-

1967 3017 2115 3116 μένει
2143 3045 2170 3095 ὀ
2198 3039 2330 3102 Θεὸς
2367 3017 2555 3109 χρόνον
2587 3033 2676 3086 τὸν
2707 3029 2812 3084 ἀπὸ
2843 3029 2939 3096 τῆς
2975 3023 3256 3096 μετανοίας
3279 3039 3292 3052 ·
3331 3017 3481 3083 εἶπες
3513 3020 3614 3090 τὴν

1962 3105 2234 3203 ἀμαρτίαν
2285 3105 2416 3187 σου,
2444 3119 2794 3187 ἐδικαιώθης·
2845 3113 3189 3185 μετενόησας,
3230 3107 3483 3178 ὴλεήθης.
3537 3105 3610 3158 Οὐ

1962 3223 2151 3293 χρόνος
2178 3215 2540 3283 ἀπολογεῖται,
2565 3208 2677 3262 ἀλλ’
2709 3209 2736 3259 ὁ
2763 3204 2958 3274 τρόπος
2983 3200 3072 3253 τοῦ
3105 3195 3486 3269 μετανοοῦντος
3515 3195 3616 3264 τὴν

1965 3281 2236 3380 ἀμαρτίαν
2265 3281 2573 3356 σϐέννυσιν·
2607 3295 2720 3347 ἐστι
2754 3293 2848 3345 καὶ
2889 3288 3062 3359 χρόνῳ
3105 3284 3281 3354 πολλῷ
3314 3281 3614 3352 παρεδρεύ-

1967 3371 2135 3450 σαντα
2168 3392 2239 3464 μὴ
2289 3390 2469 3458 τυχεῖν
2507 3381 2776 3453 σωτηρίας
2798 3419 2811 3443 ,
2845 3378 2936 3464 καὶ
2975 3379 3031 3429 ἐν
3068 3373 3229 3442 ὀλίγῳ
3261 3371 3436 3442 χρόνῳ
3479 3385 3612 3440 γνη-

1967 3484 2094 3545 σίως
2127 3454 2724 3547 ίὲξομολογησάμενον
2767 3461 3135 3518 ἀποδύσασθαι
3172 3458 3268 3527 τὴν
3318 3454 3612 3526 ἁμαρτίαν.

1963 3541 2136 3625 Πολύν
2161 3541 2402 3620 ἀνάλωσε
2444 3541 2632 3630 χρόνον
2658 3557 2685 3607 6
2719 3553 2984 3624 μακάριος
3009 3545 3256 3618 Σαμουὴλ
3283 3543 3445 3608 ἀξιῶν
3487 3559 3554 3592 πε
3565 3541 3616 3611 pl

1965 3656 2060 3709 τοῦ
2087 3652 2280 3714 Σαοὺλ,
2303 3651 2398 3702 καὶ
2425 3628 2623 3707 πολλὰς
2647 3639 2799 3714 [552]
2829 3638 3025 3698 νύκτας
3048 3635 3292 3704 διήνυσεν
3325 3628 3615 3699 ἀγρυπνῶν

1966 3747 2094 3814 περὶ
2140 3740 2240 3809 τῆς
2267 3713 2384 3789 τοῦ
2425 3713 2838 3805 ἁμαρτήσαντος
2877 3720 3148 3793 σωτηρίας
3167 3734 3181 3748 ·
3209 3720 3237 3770 6
3279 3717 3334 3768 δὲ
3363 3715 3494 3776 Θεὸς
3526 3713 3616 3765 τὸν

1965 3799 2154 3900 χρόνον
2197 3799 2699 3894 ’παραπεμπόμενος
2725 3815 2819 3883 (οὐ
2863 3811 2968 3881 γὰρ
3001 3807 3296 3876 συνέδραμε
3343 3804 3406 3871 τῇ
3441 3799 3618 3870 ἱκεσίᾳ

1966 3886 2059 3969 τοῦ
2082 3886 2358 3984 προφήτου
2381 3886 2700 3977 ήῖμετάνοια
2722 3899 2817 3953 τοῦ
2839 3892 3291 3968 ἁμαρτήσαντος),
3311 3889 3454 3955 λέγει
3485 3886 3618 3955 πρὸς

1967 4005 2056 4056 τὸν
2094 3973 2284 4054 ἑαυτοῦ
2323 3973 2637 4067 προφήτην·
2695 3991 2842 4052 Ἕως
2889 3987 3032 4037 πότε
3083 3979 3164 4034 σὺ
3213 3975 3451 4038 πενθεῖς
3488 3973 3619 4040 περὶ

1967 4090 2188 4150 Σαοὺλ,
2236 4059 2397 4153 κάγώ
2441 4059 2718 4148 ἀαῶσμαι
2759 4075 2980 4138 αὺτόν;
3026 4069 3098 4121 Τὸ
3127 4069 3278 4130 Ἕως
3333 4065 3496 4125 πότε,
3527 4059 3620 4113 τὸν

1969 4176 2158 4247 χρόνον
2190 4173 2461 4232 δείκνυσι,
2492 4167 2586 4219 καὶ
2615 4165 2712 4234 τὴν
2763 4156 3080 4231 παραμονὴν
3111 4153 3202 4206 τοῦ
3249 4149 3579 4209 ἱκετεύοντος
3598 4159 3617 4172 ⁸·

1967 4230 2063 4316 ἔξὲιι
2114 4230 2475 4328 ἀπεπέμψατο
2527 4255 2555 4305 6
2611 4230 2742 4313 Θεὸς
2783 4230 2872 4301 τὸν
2917 4243 3103 4315 χρόνον
3135 4239 3234 4307 τῆς
3277 4235 3481 4296 ίκεσίας
3523 4230 3617 4286 τοῦ

1969 4321 2380 4422 προφήτουονού
2419 4343 2527 4412 γὰρ
2563 4337 2860 4407 συνέδραμε
2887 4334 2954 4402 τῇ
2987 4326 3249 4399 πρεσϐείᾳ
3280 4322 3372 4376 τοῦ
3410 4321 3618 4374 δικαίου

1970 4406 2295 4509 η’μετάνοια
2336 4406 2442 4484 τοῦ-
2479 4406 2757 4497 βασιλέως.
2802 4419 2891 4490 Τῷ
2923 4417 2979 4470 δέ
3021 4432 3082 4484 γε
3127 4409 3382 4483 μακαρίῳ
3423 4406 3617 4469 Δαυῒδ,

1975 4494 2253 4595 δεξαμένῳ
2277 4520 2366 4573 τὸν
2394 4494 2610 4586 ἔλεγχον
2643 4513 2739 4583 τῆς
2777 4506 3046 4580 ἁμαρτίας
3086 4502 3174 4555 διά
3203 4498 3296 4553 τοῦ
3321 4496 3474 4564 ἁγίου
3503 4494 3618 4548 Na—

1975 4584 2072 4668 ea;
2102 4584 2196 4665 τοῦ
2225 4584 2534 4680 προφήτου,
2560 4602 2654 4656 καὶ
2694 4597 2894 4658 εὐθέως
2923 4592 3057 4665 πρὸς
3085 4590 3182 4660 τὴν
3232 4585 3457 4654 ἀπειλὴν
3501 4584 3620 4634 ἐπι-

1973 4673 2649 4770 δειξαμένῳ’τήν’γνησίαν
2671 4681 3019 4754 ἐπιστροφήν,
3041 4678 3135 4731 καὶ
3157 4675 3379 4737 εἰπόντι,
3408 4673 3621 4740 Ἥμαρ-

1974 4757 2086 4844 τον
2099 4757 2178 4853 τῶ
2200 4757 2413 4852 Κρρίίρ,
2434 4757 2641 4840 ἐὐθέως
2671 4775 2818 4846 ῥῆμα
2840 4771 2896 4822 ἓν
2918 4771 2975 4822 ἐν
3010 4767 3109 4837 μιᾷ
3138 4765 3275 4835 ῥοπῇ
3305 4757 3621 4853 προενεχθέν

1972 4847 2209 4948 γνησίως
2247 4847 2539 4938 ὀλόκληρον
2565 4866 2757 4935 ἤνεγκε
2786 4858 2862 4929 τῷ
2905 4854 3291 4927 μετανοήσαντι
3320 4847 3417 4918 τὴν
3447 4861 3622 4914 σωτη-

1977 4935 2096 5037 ρίαν
2117 4979 2131 4994 ’
2171 4935 2333 5022 εὐθὺς
2520 4956 2552 5022 ὴ
2582 4950 2861 5021 διόρθωσις
2909 4941 3174 4998 κατέλαϐε
3206 4938 3303 5008 τὴν
3331 4935 3617 5003 ἀπόφασιν.

1971 5020 2110 5122 ὧησὶ
2146 5047 2276 5116 γοῦν
2315 5020 2462 5115 πρὸς
2486 5020 2644 5094 αὐτὸν
2669 5039 2698 5090 6
2728 5035 2912 5089 Ναθᾶν
2933 5030 3088 5085 ἰΚαὶ
3123 5027 3335 5094 Κύριος
3369 5020 3563 5090 ἀφῆκε
3594 5028 3619 5057 ο

1973 5139 2086 5206 τὴν
2116 5133 2408 5204 ἁμαρτίαν
2431 5143 2569 5182 σου.

2047 5238 2189 5307 Ὅρα
2215 5233 2271 5286 δέ
2304 5248 2392 5300 μοι
2419 5229 2506 5281 τὸν
2537 5224 2666 5278 Θεὸν
2697 5221 2890 5294 βραδὺν
2921 5219 2998 5282 είς
3025 5213 3310 5286 τιμωρίαν,
3337 5211 3428 5263 καὶ
3455 5207 3623 5278 ταχὺν

1974 5329 2052 5388 εἰς
2113 5292 2414 5391 σωτηρίαν·
2479 5315 2573 5368 καί
2625 5292 2972 5382 μοιγπρῶτον
3010 5305 3293 5374 ἐννόησον,
3341 5300 3487 5360 ὅπως
3535 5292 3624 5348 τὸν

1975 5382 2190 5482 ἔλεγχον
2220 5382 2657 5477 ὀηφιλάνθρωπος
2693 5398 2831 5470 μετὰ
2882 5395 3105 5455 πολλοὺς
3153 5391 3467 5460 προσήγαγε
3500 5382 3626 5454 χρό-

1976 5470 2421 5567 νουςῒἭμαρτεν
2443 5470 2665 5544 δ’Δαυῖδ
2683 5501 2700 5516 ⁶
2725 5483 3084 5554 ἐκυοφόρησεν
3115 5475 3320 5548 ήγυνὴ,
3343 5472 3437 5526 καὶ
3454 5470 3628 5532 οὐδεὶς

1978 5556 2196 5655 ἔλεγχος
2218 5556 2229 5567 ’
2253 5556 2320 5652 τῇ
2371 5578 2613 5649 ἁμαρτίᾳ
2659 5568 3133 5644 παρηκολούθησεν
3156 5605 3172 5632 ,
3213 5562 3345 5616 ἀλλά
3396 5557 3531 5629 μετά
3559 5556 3630 5655 ⁹τὸ

1983 5642 2338 5742 απότέχθῆναι
2370 5642 2429 5721 τὸ
2474 5642 2670 5737 βρέφος
2700 5642 2761 5714 τὸ
2801 5663 2865 5712 ὲκ
2894 5657 2993 5725 τῆς
3037 5651 3340 5724 ἁμαρτίας,
3373 5642 3630 5701 ἀποστέλ-

1981 5734 2191 5814 λεται
2239 5734 2422 5826 ίατρὸς
2465 5734 2564 5820 τῆς
2595 5747 2888 5821 ἁμαρτίας.
2915 5743 3010 5796 Διά
3054 5741 3105 5793 τί
3143 5738 3198 5792 δέ
3247 5734 3632 5808 ἁμαρτήσαντα

2053 5853 2074 5880 ι’
2103 5846 2248 5895 Savil.
2275 5850 2326 5892 el
2347 5854 2471 5890 unus
2492 5841 2615 5899 Reg.
2641 5835 2880 5899 νοθεύσῃς.

2050 5911 2073 5949 δ
2103 5891 2378 5965 UaunsVRég.
2405 5904 2484 5950 καὶ
2521 5891 2867 5965 ἐν”ἀθρόιξροπῇ
2890 5891 3090 5954 γνησίως

2055 5977 2077 6004 θ
2101 5973 2224 6034 Reg.
2253 5958 2379 6019 umis
2396 5965 2564 6028 Κύριος
2584 5958 2888 6024 παρεϐίϐασε.
