4066 6392
389 347 492 402 39.9

390 547 498 600 τῶν
524 549 936 621 ἁμαρτημάτων
961 547 1375 617 τυφλώττουσαν
1402 549 1501 618 τὴν
1536 546 1712 617 ψυχὴν
1740 545 1846 597 τῶν
1873 546 2051 614 ἀμαρ-

392 636 680 700 τανόντων,
711 637 843 690 διότι
875 637 1266 705 ἐκκεκώφωται
1295 637 1362 689 τὰ
1387 629 1504 689 ὧτα
1537 634 1647 688 τῶν
1687 631 2053 704 βεϐαπτισμέ-

391 740 500 776 νων
518 726 574 776 ἐν
611 724 687 795 τῷ
720 725 870 795 βάθει
910 725 1008 796 τῆς
1051 724 1343 796 ἁμαρτίας.
1388 722 1766 795 ’Υπερτίθεται
1794 717 1886 774 οὖν
1925 720 2052 788 φλε-

393 811 677 880 γμαίνοντι
709 813 786 883 τῷ
823 812 985 866 πάθει
1032 813 1330 882 προσάγειν
1362 813 1461 883 τὴν
1494 810 1768 882 βοήθειαν,
1797 810 1890 862 καὶ
1919 807 2054 878 μετά

395 900 645 952 τοσοῦτον
707 901 895 971 χρόνον
937 903 966 954 6
1012 900 1232 970 ἐλεγχος
1277 900 1672 970 προσέρχεται·
1725 898 1818 950 καὶ
1861 897 1918 948 ἐν
1959 895 2057 965 μιᾷ.

397 986 588 1057 καιροῦ
629 989 767 1058 ῥοπῇ
822 990 856 1059 ή
913 987 1172 1058 μετάνοια
1221 988 1314 1040 καὶ
1363 990 1396 1056 ἡ
1448 988 1659 1054 ἄφεσις.
1692 983 1802 1039 Καὶ
1844 983 2057 1050 Κύριος

394 1069 592 1139 ἀφῆκε
623 1070 736 1138 τὴν
765 1071 1058 1140 ἁμαρτίαν
1085 1086 1218 1124 σου.
1240 1072 1304 1122 Ὢ
1327 1070 1427 1140 τῆς
1454 1068 1764 1133 οἰκονομίας
1788 1065 1880 1119 τοῦ
1911 1067 2059 1118 ἀπει-

395 1157 679 1226 λήσαντος.
719 1158 879 1230 Ὁρᾷς
911 1158 994 1211 ὅτι
1029 1159 1154 1224 ὀξὺς
1191 1160 1271 1222 είς
1304 1157 1612 1227 σωτηρίαν;
1641 1155 1809 1209 Τοῦτο
1839 1153 1933 1207 καὶ
1967 1153 2060 1205 ἐπὶ

395 1245 504 1298 τῶν
531 1245 705 1300 ἀλλων
740 1249 900 1312 ποιεῖ,
934 1245 1211 1318 βραδύνων
1244 1245 1342 1314 μὲν
1373 1245 1506 1315 πρὸς
1531 1243 1867 1313 καθαίρεσιν,
1897 1241 2058 1311 ταχύ-

396 1350 504 1386 νων
549 1333 606 1386 δὲ
653 1334 790 1405 πρὸς
823 1333 1125 1404 ἀντίληψιν.
1164 1329 1377 1386 Οἴόν·τι
1412 1332 1579 1400 λέγω·
1622 1332 1705 1398 ἐφ’
1749 1329 1905 1401 ἡμῶν
1951 1327 2060 1380 τῶν

397 1420 697 1491 ἀνθρώπων
725 1410 812 1474 διά
846 1421 1055 1473 πολλῶν
1095 1421 1301 1491 χρόνων
1322 1419 1391 1472 τά
1423 1435 1692 1489 κτισματα
1719 1416 2060 1471 κατασκευά-

398 1505 569 1572 ζεται,
593 1509 687 1561 καὶ
720 1509 777 1560 ἐν
808 1508 987 1579 πολλῷ
1023 1509 1197 1578 χρόνῳ
1222 1507 1474 1577 κτίζομεν
1499 1502 1644 1559 οἷκον
1664 1522 1678 1536 ·
1707 1505 1798 1556 καὶ
1831 1504 1928 1572 τῆς
1965 1502 2062 1572 μὲν

399 1592 686 1662 οἰκοδομῆς
711 1592 877 1656 πολὺς
905 1595 933 1646 6
973 1595 1179 1665 χρόνος,
1211 1595 1309 1662 τῆς
1339 1592 1396 1645 δὲ
1446 1590 1817 1660 καθαιρέσεως
1864 1588 2060 1656 ὀλίγος.

415 1678 537 1730 Ἐπὶ
580 1678 636 1730 δὲ
681 1678 775 1730 τοῦ
821 1679 956 1732 Θεοῦ
1001 1679 1060 1731 τὸ
1105 1679 1409 1732 ἀνάπαλιν·
1448 1678 1576 1730 ὅταν
1617 1675 1812 1747 κτίζῃ,
1856 1674 2065 1744 ταχέως

403 1762 607 1827 κτίζει·
645 1765 772 1818 ὅταν
810 1766 1181 1836 καταστρέφῃ,
1210 1765 1451 1836 βραδέως
1473 1765 1859 1833 καταστρέφει.
1885 1761 2066 1830 Ταχὺς

402 1855 430 1904 ὁ
459 1851 593 1915 Θεὸς
631 1850 862 1916 κτίζων,
890 1851 1085 1922 βραδὺς
1137 1854 1559 1924 καταστρέφων·
1596 1852 1782 1922 ἐπειδὴ
1833 1849 1953 1920 Θεῴ
2000 1851 2066 1904 τὰ

401 1938 493 1991 δύο
537 1939 849 2008 πρέποντα·
895 1940 987 1992 καὶ
1033 1939 1140 2008 γάρ
1189 1942 1384 2002 ἐκεῖνο,
1410 1940 1711 2009 δυνάμεως,
1746 1938 1840 1990 καὶ
1883 1936 2062 1999 τοῦτο,

403 2023 763 2094 ἀγαθότητος·
792 2025 858 2078 δι’
892 2024 1195 2096 ὑπερϐολὴν
1225 2026 1506 2096 δυνάμεως
1534 2027 1720 2096 ταχὺς,
1752 2024 1840 2077 διὰ
1868 2023 2066 2093 πολλὴν

403 2112 715 2182 ἁγαθότητα
757 2112 982 2182 βραδύς·
1027 2112 1247 2182 ἐλεγχος
1275 2113 1332 2165 δὲ
1376 2113 1484 2166 τῶν
1525 2115 1807 2183 ῥημάτων,
1842 2115 1874 2182 ὴ
1906 2114 2067 2181 πεῖρα

402 2195 512 2248 τῶν
545 2197 905 2267 πραγμάτων.
956 2197 1043 2248 Ἐν
1083 2195 1144 2260 ἒξ
1173 2196 1408 2266 ἡμέραις
1458 2197 1710 2265 ἐποίησεν
1750 2198 1778 2249 6
1806 2195 1936 2258 Θεὸς
1975 2196 2068 2246 τὸν

404 2285 632 2353 οὐρανὸν
673 2286 768 2338 καὶ
801 2286 900 2356 τὴν
934 2286 1057 2354 γῆν,
1098 2285 1168 2338 τὰ
1211 2285 1419 2355 μεγέθη
1452 2285 1558 2338 τῶν
1593 2285 1784 2354 ὀρέων,
1829 2284 1930 2345 τὰς
1973 2301 2069 2336 πε-

403 2372 607 2438 διάδας,
647 2375 745 2435 τὰς
790 2373 1114 2442 φάραγγας,
1145 2372 1243 2436 τὰς
1278 2372 1482 2436 νάπας,
1533 2373 1631 2435 τὰς
1659 2371 1808 2435 ὕλας,
1836 2372 1905 2425 τὰ
1943 2371 2069 2442 βλα-

407 2461 690 2530 στήματα,
732 2461 947 2531 πηγὰς,
995 2461 1270 2530 ποταμοὺς
1289 2501 1302 2525 ,
1343 2460 1666 2531 παράδεισον
1689 2500 1704 2524 ,
1741 2462 1918 2513 πᾶσαν
1949 2461 2070 2530 ,τὴν

404 2546 689 2616 ὁρωμένην
716 2547 1008 2609 ποικιλίαν,
1035 2547 1134 2617 τὴν
1168 2546 1435 2601 θάλατταν
1464 2547 1665 2617 ταύτην
1696 2547 1794 2618 τὴν
1831 2547 2070 2618 μεγάλην

407 2634 500 2686 καὶ
526 2634 855 2704 εὐρύχωρον,
887 2633 982 2697 τὰς
1011 2635 1225 2705 νήσους,
1254 2634 1347 2697 τὰς
1391 2634 1690 2705 παραλίους
1719 2633 1898 2705 χώρας
1921 2674 1935 2697 ,
1977 2635 2072 2689 καὶ

405 2721 504 2784 τάς
533 2720 878 2791 μεσογείους·
934 2721 1110 2774 πάντα
1152 2721 1245 2774 τὸν
1294 2721 1570 2794 ὁρώμενον
1619 2721 1804 2776 τοῦτον
1846 2723 2068 2794 κόσμον,

405 2810 501 2862 καῖ
527 2809 588 2861 τὸ
614 2810 671 2861 ἐν
701 2808 845 2879 αὐτῷ
867 2808 1083 2873 κάλλος,
1125 2812 1181 2862 ἐν
1209 2809 1267 2876 ἒξ
1306 2810 1542 2880 ἡμέραις
1569 2810 1822 2880 ἐποίησεν
1849 2813 1877 2864 6
1903 2811 2035 2874 Θεός
2055 2827 2067 2841 ·

407 2896 474 2947 τὰ
508 2897 565 2948 ἐν
605 2895 752 2966 αὐτῷ
786 2895 901 2958 ζῶα
932 2895 1000 2948 τά
1046 2895 1258 2964 λογικὰ,
1288 2896 1382 2948 καὶ
1424 2895 1494 2948 τά
1537 2895 1726 2964 ἄλογα,
1761 2897 1854 2950 καὶ
1893 2899 2072 2950 πᾶσαν

407 2983 506 3053 τὴν
533 2983 816 3053 ὁρωμένην
852 2983 1211 3052 διακόσμησιν
1245 2985 1302 3036 ἐν
1332 2983 1391 3047 ἓξ
1432 2984 1665 3055 ἡμέραις
1699 2988 1862 3040 ποιεῖ.
1904 2978 2072 3048 Οὗτος

407 3067 501 3124 οὖν
531 3072 559 3122 6
585 3071 752 3140 ταχὺς
783 3073 863 3134 είς
891 3070 950 3123 τὸ
983 3071 1205 3136 κτίζειν,
1240 3071 1328 3123 ὅτε
1371 3072 1725 3125 ἐϐουλεύσατο
1754 3073 1882 3143 μίαν
1919 3073 2073 3127 πόλιν

406 3159 677 3224 καθελεῖν,
728 3159 924 3230 εὑρέθη
970 3158 1170 3228 βραδὺς
1220 3159 1369 3231 [555]
1413 3160 1480 3211 δι’
1532 3161 1865 3232 ἀγαθότητα.
1918 3162 2072 3214 Θέλει

408 3245 654 3298 καθελεῖν
684 3245 782 3317 τὴν
823 3244 1052 3316 Ἰεριχὼ,
1084 3247 1176 3298 καί
1211 3263 1344 3315 φησι
1375 3246 1514 3316 πρὸς
1540 3247 1630 3300 τὸν
1663 3248 1877 3318 Ἰσραήλ
1901 3265 1914 3280 ·
1955 3252 2071 3302 K—v-

409 3332 682 3386 κλώσατε
715 3332 908 3399 αὐτὴν·
951 3333 1050 3387 ἐπὶ
1097 3333 1248 3388 ἑπτὰ
1294 3334 1546 3403 ἡμέρας·
1593 3335 1693 3389 καὶ
1733 3335 1810 3403 τῇ
1855 3337 2072 3406 ἐϐδόμῃ

410 3423 601 3491 ἡμέρᾳ
645 3424 916 3477 πεσεῖται
955 3424 1022 3477 τὸ
1068 3424 1282 3493 τεῖχος.
1339 3426 1441 3478 Τὸν
1494 3426 1696 3496 κόσμον
1741 3427 1859 3480 ὅλον
1907 3429 1966 3482 ἐν
2015 3429 2074 3493 ἒξ

410 3512 647 3580 ἡμέραις
675 3512 1126 3574 κατασκευάζεις,
1145 3513 1240 3564 καὶ
1268 3513 1394 3581 μίαν
1419 3513 1572 3566 πόλιν
1595 3515 1652 3566 ἐν
1675 3514 1816 3567 ἐπτά
1841 3514 2073 3586 ἡμέραις

410 3598 591 3662 λύεις;
621 3599 674 3650 τί
711 3598 820 3666 γὰρ
863 3598 1140 3668 ἐμποδίζει
1177 3616 1270 3651 σου
1317 3603 1380 3671 τῇ
1413 3601 1732 3674 δυναστείας
1762 3601 1848 3656 διὰ
1885 3602 1936 3655 τί
1965 3604 2074 3674 γὰρ

417 3686 491 3755 μὴ
525 3686 720 3756 ἀθρόον
769 3683 1085 3754 καθαιρεῖς;
1140 3686 1200 3738 οὐ
1246 3687 1375 3757 περὶ
1417 3687 1510 3740 σοῦ
1565 3689 1594 3742 6
1647 3691 1932 3760 προφήτης
1977 3690 2075 3761 βοᾷ

412 3771 586 3838 λέγων
608 3787 622 3800 ·
667 3769 802 3822 Ἐὰν
825 3770 1079 3836 ἀνοίξῃς
1113 3771 1220 3824 τὸν
1253 3773 1534 3839 οὐρανὸν,
1573 3776 1788 3843 τρόμος
1815 3775 2074 3843 λήψεται

411 3860 530 3912 ἀπὸ
561 3857 676 3912 σοῦ
709 3857 837 3926 ὄρη,
873 3859 968 3910 καί
1011 3859 1377 3924 τακήσονται
1409 3861 1490 3925 ὠς
1530 3862 1711 3930 κηρὸς
1747 3863 1864 3917 ἀπὸ
1892 3880 2078 3931 προσ-

410 3947 576 3999 ώπου
591 3947 815 4012 πυρός;
840 3945 902 3997 οὐ
924 3944 990 3997 τὰ.
1017 3945 1152 4017 ἔργα
1174 3947 1269 4016 τῆς
1291 3947 1568 4016 δυνάμεώς
1591 3965 1682 4002 σου
1698 3949 2073 4019 διηγούμενος,

414 4032 577 4102 φησὶν
609 4033 637 4083 6
659 4030 840 4095 Δαυῒδ,
875 4035 956 4085 Οὐ
985 4034 1438 4102 φοϐηθησόμεθα
1463 4035 1534 4087 ἐν
1559 4033 1639 4100 τῷ
1667 4036 2075 4103 ταράσσεσθαι

411 4119 528 4186 τὴν
560 4118 698 4187 γῆν,
734 4119 833 4172 καὶ
859 4121 1274 4189 μετατίθεσθαι
1308 4121 1415 4190 ὅρη
1449 4123 1520 4175 ἐν
1545 4123 1816 4191 καρδίαις
1845 4127 2071 4178 θαλασ-

411 4205 571 4272 σῶν;
596 4209 735 4278 Ὅρη
764 4205 894 4280 δύνῃ
923 4207 1200 4278 μεθιστᾷν,
1225 4209 1317 4262 καὶ
1347 4211 1429 4272 είς
1458 4210 1729 4265 θάλασσαν
1761 4211 2071 4282 ἐμϐάλλειν,

414 4295 510 4347 καὶ
551 4294 679 4364 μίαν
725 4294 879 4348 πόλιν
909 4295 968 4347 οὐ
1008 4294 1180 4358 θέλεις
1209 4295 1456 4349 καθελεῖν
1486 4298 1908 4366 ἀντιλέγουσαν,
1959 4299 2074 4352 ἀλλ’

413 4382 555 4434 ἑπτὰ
587 4381 799 4453 ἡμέρας
837 4382 994 4444 δίδως
1021 4384 1088 4452 τῇ
1120 4381 1462 4452 καθαιρέσει;
1482 4384 1568 4438 διὰ
1601 4384 1683 4451 τί;
1718 4385 1828 4454 Οὐχ
1855 4387 1888 4456 ή
1919 4385 2076 4438 δύνα-

417 4485 528 4538 μις,
577 4468 762 4540 φησὶν,
807 4472 1016 4532 ἀτονεῖ,
1052 4469 1164 4522 ἀλλ’
1211 4471 1246 4539 ή
1291 4470 1668 4542 φιλανθρωπία
1711 4472 2072 4543 μακροθυμεῖ.

413 4555 614 4625 Δίδωμι
643 4555 781 4608 ἐπτά
803 4555 1037 4628 ἡμέρας,
1075 4555 1150 4619 ώς
1181 4558 1246 4626 τῇ
1270 4557 1454 4610 Νινευῖ
1486 4561 1634 4628 τρεῖς
1662 4558 1874 4629 ἡμέρας
1897 4573 1911 4588 ·
1949 4559 2076 4623 ἴσως

412 4642 621 4708 δέξεται
651 4645 910 4715 κήρυγμα
949 4644 1255 4714 μετανοίας,
1294 4646 1387 4698 καὶ
1427 4645 1748 4716 σωθήσεται.
1774 4646 1881 4699 Καὶ
1931 4648 2014 4711 τίς
2049 4651 2078 4701 ό

415 4728 697 4800 κηρύττων
719 4730 898 4792 αὐτοῖς
920 4729 1018 4801 τὴν
1050 4731 1364 4800 μετάνοιαν;
1403 4732 1657 4802 Πολέμιοι
1683 4733 1781 4804 τὴν
1803 4733 1955 4786 πόλιν
1985 4752 2081 4787 πε-

417 4818 843 4886 ριετειχίσαντοα
864 4833 877 4848 ·
920 4819 948 4870 ό
983 4818 1286 4889 στρατηγὸς
1324 4819 1550 4872 ὲκύκλου
1581 4819 1648 4872 τὰ
1692 4821 1842 4891 τείχη
1865 4837 1878 4851 ·
1915 4821 2079 4883 πολὺς

414 4907 444 4958 6
472 4903 656 4972 φόϐος,
695 4904 861 4967 πολὺς
899 4906 927 4957 6
963 4905 1220 4976 θόρυϐος·
1269 4906 1428 4960 ποίαν
1465 4903 1558 4960 οὖν
1587 4909 1772 4972 αὐτοῖς
1815 4909 1932 4962 ὁδὸν
1979 4909 2079 4978 τῆς

419 4990 706 5061 μετανοίας
729 4989 1004 5061 ἀνέῳξας;
1040 4993 1113 5062 μὴ
1146 4992 1254 5062 γὰρ
1289 4993 1572 5064 προφήτην
1607 4993 1968 5060 ἀπέστειλας;
2003 4997 2076 5067 μὴ

416 5077 527 5149 γὰρ
569 5078 958 5149 εὐαγγελιστὴν
1013 5080 1324 5150 διεπέμψω,
1373 5082 1445 5152 μὴ
1489 5081 1598 5152 γάρ
1656 5080 1726 5152 ῆν
1773 5100 1857 5146 τις
1897 5085 2079 5148 αὐτοῖς

418 5165 801 5236 ὑποτιθέμενος
833 5167 894 5220 τὸ
925 5168 1233 5237 συμφέρον;
1265 5169 1392 5232 Nal,
1427 5171 1610 5239 φησὶν,
1646 5166 1788 5241 εἷχον
1824 5171 1970 5225 ἔνδον
1998 5173 2076 5225 δι-

417 5254 682 5307 δάσκαλον
721 5255 818 5324 τῆς
853 5256 1139 5322 μετανοίας
1164 5256 1262 5327 τὴν
1289 5255 1606 5328 θαυμαστὴν
1634 5259 1849 5330 ἐκείνην
1885 5260 2075 5327 Ῥαὰϐ,

419 5341 486 5410 ἢν
518 5341 698 5394 ἔσωσα
722 5340 809 5394 διὰ
832 5343 1140 5410 μετανοίας.
1165 5343 1270 5396 Τοῦ
1300 5345 1464 5398 αὐτοῦ
1487 5340 1555 5416 ἦν
1585 5346 1934 5418 φυράματος·
1966 5349 2078 5400 ἀλλ’

419 5424 605 5496 ἐπειδὴ
629 5423 689 5488 ὲξ
715 5424 878 5477 αὐτοῦ
905 5426 1003 5478 οὐκ
1029 5421 1096 5496 ῆν
1122 5425 1216 5479 τοῦ
1237 5429 1602 5497 φρονήματος,
1634 5431 1732 5483 οὐκ
1755 5429 2080 5500 ἐκοινώνησε

418 5515 485 5582 τῇ
510 5513 758 5584 ἁμαρτίᾳ
782 5514 815 5582 ή
852 5514 927 5584 μὴ
965 5516 1342 5585 κοινωνήσασα
1370 5517 1436 5586 τῇ
1472 5517 1719 5588 ἀπιστίᾳ.

494 5605 554 5652 ε’.
574 5599 682 5652 Καὶ
706 5600 810 5669 δρα
832 5617 924 5670 μοι
941 5600 1003 5653 τὸ
1030 5600 1180 5666 ξένον
1204 5603 1303 5671 τῆς
1331 5601 1740 5674 φιλανθρωπίας
1757 5605 2033 5676 κήρυγμα·
2055 5609 2083 5660 6

423 5684 598 5752 λέγων
626 5686 684 5738 ἐν
711 5686 788 5756 τῷ
817 5687 965 5756 νόμῳ
985 5703 997 5716 ·
1026 5689 1109 5743 Οὐ
1137 5690 1503 5757 μοιχεύσεις,
1531 5690 1592 5744 οὐ
1627 5692 1962 5763 πορνεύσεις,
1997 5711 2082 5765 με⁹

485 5791 509 5825 ’⁸
533 5790 656 5854 Βρε.
673 5803 808 5840 .unus
835 5798 887 5840 el
907 5791 1057 5843 Savil.
1077 5795 1520 5858 περιεστοιχίσαντο.

1193 346 1250 400 S.
1296 343 1584 401 JOANNIS
1620 339 2104 399 CHRYSOSTOMI
2135 339 2454 395 ARCHIEP.
2491 335 3031 393 CONSTANTINOP.

387 461 589 525 εὐθέως
619 463 681 516 οὐ
723 461 1095 534 διωρθώσατο;
1150 460 1367 531 Ἐπειδὴ
1401 456 1539 513 οἶδεν
1587 461 1644 512 ἐν
1677 461 1796 520 ταῖς
1845 458 2048 526 ἀκμαῖς
2077 483 2088 492 -

3696 335 3810 390 550

2152 454 2402 508 ταϐαλὼν
2427 454 2486 506 τὸ
2520 454 2669 523 ῥῆμα
2699 452 2785 505 διὰ
2808 450 3229 520 φιλανθρωπίαν,
3261 449 3357 520 βοᾷ
3387 449 3475 502 διὰ
3500 449 3591 502 τοῦ
3628 467 3811 520 μακα-

2159 545 2272 613 ρίου
2324 543 2530 612 Ἰησοῦ·
2571 542 2754 595 Ῥαὰϐ
2792 542 2831 607 ἡ
2875 541 3064 608 πόρνη
3092 539 3256 605 ζήτω.
3295 538 3497 610 Ἰησοῦς
3540 539 3746 602 ἐκεῖνος
3776 538 3811 591 6

2153 631 2312 702 Ναυῆ
2347 631 2460 695 υίὸς
2485 631 2515 681 6
2545 630 2738 698 λέγων,
2774 630 2836 685 Ἡ
2855 630 3044 697 πόρνη
3078 626 3243 695 ζήτω,
3279 627 3435 682 είκὼν
3463 623 3532 698 ῆν
3557 627 3650 681 τοῦ
3686 629 3808 680 Κυ-

2158 720 2273 790 ρίου
2309 717 2483 790 Ἰησοῦ
2546 717 2638 771 τοῦ
2686 717 2954 784 λέγοντος·
2988 717 3207 784 Πόρναι
3246 716 3341 768 καὶ
3383 713 3630 768 τελῶναι
3662 729 3813 782 προ-

2156 805 2414 871 ἀξουσιν
2438 804 2592 874 ὑμᾶς
2621 807 2708 869 εὶς
2740 804 2856 871 τὴν
2882 803 3207 867 βασιλείαν
3245 801 3364 856 τῶν
3400 801 3688 868 οὐρανῶν.
3740 801 3811 854 Et

2157 895 2256 966 ζῇν
2289 895 2512 963 ὀφείλει,
2534 895 2622 946 διά
2643 893 2694 946 τί
2715 893 2885 963 πόρνη
2909 907 2923 955 ;
2950 893 2998 944 εί
3027 890 3220 962 πόρνη,
3241 890 3327 943 διά
3351 890 3401 942 τί
3426 889 3597 962 ζήτω;
3623 887 3810 958 Λέγω,

2157 983 2311 1050 φησὶ,
2341 980 2440 1051 τήν
2475 980 2745 1051 προτέραν
2768 979 3118 1037 κατάστασιν,
3142 977 3227 1030 ἶνα
3247 976 3530 1048 θαυμάσῃς
3557 976 3654 1047 τὴν
3681 976 3816 1028 δευ-

2156 1069 2320 1140 τέραν
2367 1069 2713 1138 μετάστασιν.
2741 1067 2850 1119 Καὶ
2883 1065 2936 1118 τί
2967 1066 3210 1136 ἐποίησε,
3234 1066 3415 1134 φησὶν,
3442 1065 3476 1134 ή
3511 1065 3678 1118 Ῥαάϐ
3703 1082 3816 1117 σω-

2157 1155 2352 1226 τηρίας
2404 1153 2698 1224 πρόξενον;
2730 1153 2812 1206 ὅτι
2853 1151 3066 1216 ἐδέξατο
3107 1152 3232 1214 τοὺς
3268 1150 3638 1215 κατασκόπους
3669 1149 3820 1221 μετά

2159 1245 2410 1314 εἰρήνης;
2445 1241 2617 1295 Τοῦτο
2657 1241 2749 1295 καὶ
2785 1239 3175 1310 πανδοχεύτρια
3209 1241 3365 1292 ποιεῖ.
3403 1239 3538 1291 Ἀλλ’
3573 1239 3672 1291 οὐκ
3703 1239 3819 1292 ἀπὸ

2158 1330 2258 1399 τῆς
2289 1329 2485 1394 λέξεως
2532 1329 2700 1399 μόνης
2733 1327 3036 1398 καρποῦται
3082 1327 3178 1398 τὴν
3209 1325 3643 1396 σωτηρίαν,ἀλλά
3671 1343 3814 1396 προ-

2160 1418 2479 1488 ηγουμένως
2507 1417 2613 1470 ἀπὸ
2649 1416 2746 1486 τῆς
2775 1415 3029 1477 πίστεως,
3063 1415 3156 1466 καὶ
3187 1413 3286 1483 τῆς
3317 1412 3449 1484 πρὸς
3471 1412 3600 1465 Θεὸν
3630 1413 3823 1466 διαθέ-

2165 1523 2320 1568 σεως,
2353 1505 2460 1556 Kal
2496 1506 2583 1556 ἵνα
2627 1504 2803 1575 μάθῃς
2846 1502 2942 1573 τήν
2984 1501 3283 1573 ὑπερϐολὴν
3325 1500 3425 1570 τῆς
3458 1501 3514 1552 ἐν
3554 1500 3690 1569 αὐτῇ
3722 1499 3824 1552 πί-

2167 1609 2354 1655 στεως,
2385 1592 2548 1645 ἄκουε
2578 1593 2745 1661 αὐτῆς
2770 1592 2870 1660 τῆς
2896 1589 3118 1661 Γραφῆς
3148 1587 3502 1658 διηγουμένης
3522 1586 3588 1639 τά
3609 1603 3828 1657 μεμαρ-

2165 1679 2446 1751 τυρημένα
2485 1679 2621 1750 αὐτῇ
2653 1677 3068 1748 κατορθώματα.
3114 1672 3220 1729 ’Ἦν
3249 1679 3305 1729 ἐν
3344 1675 3594 1746 πορνείῳ,
3629 1674 3828 1743 ὥσπερ

2172 1769 2515 1839 μαργαρίτης
2575 1769 2632 1820 ἐν
2684 1767 2928 1838 βορϐόρῳ
2980 1764 3472 1834 συμπεφυρμένος,
3513 1761 3710 1832 χρυσὸς
3765 1764 3828 1814 ἐν

2169 1854 2325 1925 πηλῷ
2375 1855 2791 1925 διερῤιμμένος,
2837 1853 2996 1916 ἄνθος
3026 1851 3303 1914 εὐσεϐείας
3339 1849 3602 1912 ἀκάνθαις
3648 1867 3830 1918 κεχω-

2171 1942 2384 2011 σμένον,
2406 1942 2633 2013 εὐσεϐὴς
2663 1942 2808 2012 ψυχὴ
2831 1943 2888 1993 ἐν
2910 1939 3162 2001 ἀσεϐείας
3191 1938 3352 2009 χώρῳ
3381 1937 3828 1990 κατεκέκλειστο.

2170 2029 2272 2083 Καί
2303 2047 2390 2100 μοι
2416 2030 2647 2100 πρόσεχε
2671 2029 2760 2082 τὸν
2784 2029 2905 2082 νοῦν
2937 2025 3195 2097 ἀκριϐῶς.
3219 2024 3482 2094 ,Ἐδέξατο
3505 2026 3628 2088 τοὺς
3653 2041 3830 2076 κατα-

2171 2119 2423 2180 σκόπους,
2466 2118 2558 2170 καὶ
2595 2116 2988 2185 δν,προέδωκεν
3023 2112 3236 2184 Ἰσραὴλ
3264 2114 3320 2165 ἐν
3355 2115 3418 2183 τῇ
3455 2113 3665 2182 ἐρήμῳ,
3698 2109 3832 2163 τοῦ-

2168 2222 2260 2257 τον
2288 2204 2553 2276 ἐκήρυξεν
2591 2206 2624 2274 ή
2669 2203 2838 2256 Ῥαὰϐ
2870 2205 2926 2254 ἐν
2964 2201 3040 2272 τῷ
3073 2201 3322 2270 πορνείῳ.
3351 2194 3474 2252 Οίον
3514 2199 3567 2251 τί
3600 2198 3764 2266 λέγω,
3802 2200 3833 2250 6

2183 2291 2397 2362 Ἰσραὴλ
2424 2293 2481 2346 ἐν
2509 2293 2576 2362 τῇ
2607 2292 2825 2361 ὲρήμῳ;
2864 2291 2989 2342 Ὅτε
3021 2287 3082 2341 τὸ
3125 2288 3247 2356 ὅρος
3281 2287 3632 2357 ἐπεπλήρωτο
3671 2285 3833 2353 νεφέο

2169 2379 2288 2449 λης,
2325 2380 2417 2433 καὶ
2457 2379 2677 2448 γνόφου,
2734 2379 2826 2432 καὶ
2875 2377 3208 2444 σαλπίγγων,
3247 2377 3340 2427 καὶ⁵
3370 2373 3687 2444 ἀστραπῶν,
3732 2374 3834 2426 καὶ

2170 2467 2279 2520 τῶν
2304 2466 2478 2519 ἄλλων
2507 2465 2812 2536 φοϐήτρων,
2857 2465 3053 2534 ήκουσε
3083 2463 3234 2534 παρά
3264 2461 3356 2514 τοῦ
3387 2460 3521 2514 Θεοῦ
3558 2463 3622 2513 ὲκ
3661 2460 3834 2528 μέσου

2171 2554 2263 2607 τοῦ
2294 2555 2463 2623 πυρός
2483 2570 2495 2582 ·
2527 2555 2731 2606 Ἄκουε
2763 2550 3039 2619 Ἰσραήλ·
3067 2552 3280 2619 Κύριος
3304 2553 3336 2603 ὁ
3362 2551 3504 2614 Θεός
3534 2564 3674 2611 σου,
3711 2550 3834 2601 Κύ-

2163 2659 2295 2710 ριος
2323 2637 2409 2706 εἰς
2437 2641 2608 2694 ἐστιν
2627 2657 2640 2670 ·
2672 2642 2783 2694 οὐκ
2807 2640 3049 2692 ἔσονταί
3080 2653 3179 2692 σοι
3209 2638 3328 2692 θεοί
3357 2637 3573 2704 ἕτεροι·
3617 2635 3734 2704 ἐγὼ
3760 2637 3837 2689 ἐν

2171 2729 2250 2795 τῷ
2276 2727 2518 2798 οὐρανῷ.
2549 2729 2692 2791 ἅνω,
2724 2727 2820 2782 καὶ
2848 2728 2916 2781 ἐν
2946 2725 3020 2796 τῇ
3058 2725 3133 2796 γῇ
3163 2725 3339 2787 κάτω,
3367 2725 3465 2778 καὶ
3487 2723 3654 2791 πλὴν
3683 2722 3838 2792 ἐμοῦ

2175 2817 2318 2883 Θεὸς
2341 2819 2452 2870 οὐκ
2487 2815 2638 2887 [554]
2663 2815 2825 2869 ἐστι·
2855 2814 3028 2867 ταῦτα
3051 2813 3260 2866 ἀκούων
3290 2814 3317 2865 6
3358 2813 3590 2882 Ἰσραὴλ,
3630 2813 3838 2882 μόσχον

2173 2905 2460 2976 ἐχώνευσε,
2489 2906 2583 2958 καὶ
2623 2904 2755 2957 Θεὸν
2801 2903 3095 2974 ήθέτησεν·
3123 2903 3354 2972 ἠγνόησε
3392 2902 3481 2954 τὸν
3529 2903 3834 2972 Δεσπότην,

2172 2992 2393 3060 ἀπέγνω
2415 2992 2505 3045 τὸν
2527 2991 2841 3062 εὐεργέτην,
2875 2990 2968 3043 καὶ
2999 2990 3144 3057 λέγει
3175 2989 3252 3059 τῷ
3286 2990 3492 3059 Ἀαρών
3513 3005 3525 3017 ·
3563 2989 3840 3054 [10111001-

2171 3081 2316 3148 ἡμῖν
2351 3080 2543 3145 θεούς.
2594 3081 2656 3132 Εί
2703 3079 2884 3141 θεοὺς,
2927 3077 3016 3130 διὰ
3042 3077 3094 3129 τί
3124 3078 3415 3143 ποίησον;
3451 3075 3567 3138 πῶς
3618 3076 3735 3128 θεοὶ
3766 3075 3841 3127 τά

2173 3166 2462 3236 γινόμενα;
2516 3164 2700 3228 Οὕτως
2749 3167 2782 3234 ἡ
2822 3165 2990 3217 κακία
3036 3161 3446 3232 τυφλώττουσα,
3493 3161 3629 3232 αὐτὴ
3667 3162 3840 3232 ἑαυτῇ

2177 3252 2428 3322 μάχεται,
2459 3251 2552 3303 καὶ
2593 3249 2789 3318 ἑαυτὴν
2827 3248 3092 3318 ἀφανίζει.
3117 3244 3212 3312 Εἷς
3245 3247 3458 3316 ἐγένετο
3487 3248 3711 3318 μόσχος,
3744 3247 3842 3299 καὶ

2176 3339 2275 3411 βοᾷ
2299 3341 2326 3391 6
2351 3338 2640 3409 ἀχάριστος
2677 3338 2889 3409 Ἰσραήλ
2907 3355 2920 3368 ·
2949 3334 3122 3392 Οὗτοι
3151 3339 3206 3390 οἱ
3235 3337 3358 3390 θεοί
3385 3350 3519 3398 σου,
3563 3336 3838 3403 Ἰσραὴλ,

2173 3429 2227 3480 οἱ
2261 3426 2654 3495 ἐξαγαγόντες
2692 3439 2764 3478 σε
2799 3424 2865 3477 ἐκ
2895 3424 3007 3494 γῆς
3039 3425 3357 3492 Διγύπτου.
3401 3419 3557 3477 Οὗτοι
3597 3426 3645 3475 οἱ
3690 3422 3805 3475 θεοί

2175 3515 2270 3566 ἕνα
2299 3513 2482 3584 βλέπει
2512 3515 2729 3584 μόσχον,
2760 3512 2818 3564 ἓν
2854 3513 2914 3565 τὸ
2942 3513 3222 3582 γινόμενον
3248 3512 3483 3575 εἴδωλον,
3513 3511 3603 3564 διὰ
3635 3511 3691 3563 τί
3725 3507 3839 3574 οὖν,

2178 3595 2354 3653 οὗτοι
2385 3602 2438 3652 οἱ
2468 3600 2592 3653 θεοί
2613 3615 2632 3661 ;
2655 3601 2767 3651 Ἵνα
2799 3598 2964 3668 δείξῃ,
2989 3599 3068 3650 ὅτι
3091 3598 3187 3667 οὐχ
3209 3599 3236 3650 ὃ
3262 3598 3446 3666 βλέπει
3474 3598 3634 3667 μόνον
3668 3615 3843 3668 προσ-

2176 3686 2345 3749 κυνεῖ,
2377 3683 2510 3736 ἀλλά
2537 3682 2826 3736 πολυθεῖαν
2869 3683 3227 3751 φαντάζεται·
3261 3682 3360 3752 τὴν
3396 3682 3622 3752 γνώμην
3664 3684 3843 3754 ἑρμη-

2176 3771 2340 3833 νεύει,
2374 3771 2434 3823 οὐ
2474 3771 2535 3824 τὸ
2574 3771 2892 3840 φαινόμενον
2934 3771 3126 3841 κρίνει.
3155 3770 3272 3823 Ἵνα
3303 3769 3359 3822 δὲ
3388 3771 3467 3832 εἰς
3510 3770 3572 3822 τὸ
3619 3771 3842 3842 προκεί-

2178 3875 2336 3926 μενον
2368 3857 2747 3928 ἐπανέλθωμεν
2777 3858 2958 3923 πάλιν,
3001 3857 3037 3910 ἀ
3064 3858 3291 3928 ἣκουσεν
3324 3857 3556 3928 Ἰσραὴλ,
3595 3859 3625 3910 6
3651 3857 3844 3910 τοσού-

2173 3963 2284 4009 τοις
2311 3945 2839 4016 περιστοιχιζόμενος
2871 3944 3128 4015 θαύμασι,
3155 3945 3248 3998 καὶ
3270 3944 3507 4014 τοσούτῳ
3535 3944 3690 4014 νόμῳ
3716 3962 3845 3998 παι-

2175 4033 2608 4104 δαγωγούμενος,
2658 4033 2752 4086 καὶ
2797 4034 3093 4104 ἠρνήσατο,
3128 4032 3303 4086 ταῦτα
3341 4036 3373 4103 ἡ
3425 4033 3596 4086 Ῥαὰϐ
3631 4036 3841 4086 ἀποκε-

2176 4121 2466 4191 κλεισμένη
2510 4121 2567 4172 ἐν
2624 4119 2700 4189 τῷ
2753 4119 2987 4191 πορνείῳ
3035 4120 3326 4189 κηρύττει·
3380 4121 3524 4187 λέγει
3571 4121 3684 4192 γὰρ
3729 4126 3843 4185 τοῖς

2177 4208 2573 4270 κατασκόποις·
2611 4208 2907 4276 Ἐγνωμεν
2931 4206 3047 4260 ὅσα
3089 4207 3374 4275 ἐποίησεν
3417 4211 3450 4262 ό
3479 4210 3626 4274 Θεὸς
3672 4209 3844 4278 ὑμῶν

2175 4295 2684 4364 τοῖςεΑὶγυπτίοις.
2720 4295 2778 4348 'I)
2804 4295 3050 4357 Ἰουδαῖος
3077 4295 3252 4363 λέγει·
3287 4291 3460 4350 Οὗτοι
3482 4299 3537 4349 ot
3567 4299 3698 4349 θεοί
3725 4315 3843 4351 σου

2179 4385 2232 4436 οἱ
2261 4382 2652 4459 ἐξαγαγόντες
2683 4400 2754 4436 σε
2782 4383 2852 4435 ἐκ
2882 4381 2993 4452 γῆς
3021 4383 3338 4451 Αἰγύπτου,
3366 4384 3457 4436 καὶ
3487 4384 3520 4452 ή
3550 4384 3751 4453 πόρνη,
3779 4385 3842 4436 οὐ

2178 4470 2340 4533 θεοῖς,
2376 4469 2509 4523 ἀλλά
2543 4469 2660 4539 Θεῷ
2702 4469 2995 4540 ἐπιγράφει
3047 4471 3145 4539 τὴν
3185 4470 3476 4541 σοηηρίαν.
3530 4471 3846 4540 "Eri-war

2177 4558 2294 4611 ὅσα
2320 4560 2353 4610 ό
2373 4557 2516 4622 Θεὸς
2543 4556 2707 4624 ὑμῶν
2733 4558 2985 4624 ἐποίησε
3017 4557 3490 4625 τοῖςΑίγυπτίοις
3507 4557 3578 4611 ἐν
3607 4558 3684 4626 τῇ
3707 4560 3842 4626 ἐρή-

2171 4662 2285 4715 μῳ,
2315 4645 2412 4698 καὶ
2449 4646 2820 4713 ἠκούσαμεν,
2855 4645 2950 4697 καὶ
2975 4644 3154 4711 ἐτάκη
3192 4642 3359 4712 ἡμῶν
3396 4646 3433 4711 ἡ
3470 4645 3708 4711 καρδία,
3742 4648 3840 4699 καὶ

2179 4733 2356 4802 ἰσχὺς
2387 4733 2456 4786 ἐν
2477 4732 2620 4801 ἡμῖν
2641 4734 2751 4786 οὐκ
2783 4733 2970 4786 ἐστιν.
2994 4734 3295 4799 Ἔγνωμεν
3319 4730 3434 4785 ὅσα
3451 4734 3482 4784 ὁ
3501 4732 3646 4798 Θεὸς
3674 4732 3843 4798 ὑμῶν

2175 4820 2447 4888 ἐποίησε.
2487 4819 2712 4882 Βλέπεις
2753 4817 2870 4880 πῶς
2899 4817 3269 4888 ἀναλαμϐάνει
3309 4818 3400 4871 τοῦ
3451 4820 3748 4889 νομοθέτου
3781 4821 3842 4873 τὸ

2180 4908 2331 4978 ῥῆμα
2355 4901 2442 4960 διὰ
2469 4906 2738 4972 πίστεως;
2768 4907 2879 4960 Καὶ
2910 4903 3062 4968 οἶδα,
3095 4906 3183 4958 ὅτι
3222 4909 3254 4959 ό
3282 4905 3424 4971 Θεὸς
3457 4905 3627 4974 ὑμῶν
3658 4908 3730 4959 ἐν
3765 4907 3842 4971 τῷ

2178 4993 2410 5062 οὐρανῷ
2457 4994 2599 5057 ἅνω,
2649 4993 2748 5048 καὶ
2788 4994 2859 5047 ἐν
2889 4992 2964 5062 τῇ
2999 4992 3076 5062 τῇ
3109 4993 3282 5059 κάτω,
3320 4994 3416 5047 καί
3448 4993 3623 5062 πλὴν
3652 4995 3838 5050 αὐτοῦ

2181 5083 2325 5149 Θεὸς
2351 5084 2460 5135 οὐκ
2491 5082 2682 5135 ἐστιν.

2250 5169 2426 5222 Είκὼν
2450 5170 2550 5239 τῆς
2583 5168 2963 5239 Ἐκκλησίαςή
2998 5168 3164 5221 Ῥαὰϐ
3197 5168 3294 5237 τῆς
3319 5186 3448 5222 ποτε
3484 5171 3842 5240 πεφυρμένης

2177 5260 2244 5329 τῇ
2275 5255 2498 5327 πορνείᾳ
2542 5257 2650 5308 τῶν
2701 5256 2990 5326 δαιμόνων,
3039 5256 3407 5327 δεχομένηςδὲ
3435 5256 3531 5310 νῦν
3575 5258 3706 5321 τοὺς
3745 5259 3839 5312 τοῦ

2181 5345 2420 5416 Χριστοῦ
2452 5343 2850 5409 κατασκόπους,
2885 5344 2944 5396 οὐ
2971 5345 3096 5408 τοὺς
3131 5346 3279 5415 παρὰ
3332 5344 3504 5414 Ἰησοῦ
3535 5346 3632 5398 τοῦ
3655 5347 3837 5416 Ναυῆ,

2180 5433 2314 5488 ἀλλά
2343 5433 2468 5494 τοὺς
2521 5431 2850 5494 ἀποστόλους
2888 5433 3012 5497 τοὺς
3058 5433 3210 5504 παρά
3243 5433 3416 5505 Ἰησοῦ
3456 5433 3549 5485 τοῦ
3581 5434 3839 5504 ἀληθινοῦ

2182 5522 2432 5592 Σωτῆρος
2467 5519 2932 5589 ἀπεσταλμένους.
2966 5522 3216 5590 Ἔγννων,
3258 5521 3451 5590 φησὶν,
3493 5521 3582 5573 ὅτι
3620 5526 3655 5575 ό
3695 5523 3838 5588 Θεὸς

2182 5608 2348 5678 ὑμῶν
2379 5609 2448 5660 ἐν
2485 5605 2564 5670 τῷ
2603 5606 2836 5675 οὐρανῷ
2865 5607 3004 5673 ἅνω,
3056 5609 3155 5661 καὶ
3198 5610 3266 5661 ἐν
3298 5606 3371 5676 τῇ
3403 5607 3480 5676 τῇ
3518 5609 3694 5673 κάτω,
3742 5611 3837 5663 καὶ

2187 5694 2353 5762 πλὴν
2383 5693 2568 5747 αὑτοῦ
2593 5695 2730 5761 Θεὸς
2762 5697 2873 5749 οὐκ
2903 5694 3051 5748 ἔστι.
3077 5695 3261 5748 Ταῦτα
3290 5694 3596 5765 παρέλαϐον
3622 5698 3670 5748 οί
3713 5697 3839 5749 Ἰου-

2186 5785 2341 5850 δαῖοι,
2379 5780 2474 5834 καὶ
2513 5781 2613 5834 οὐκ
2643 5781 2938 5850 ἐφύλαξαν·
2972 5782 3142 5836 ταῦτα
3178 5783 3405 5852 ήκουσεν
3448 5784 3481 5852 ή
3523 5781 3836 5853 Ἐκκλησία,
