4066 6392
325 399 427 454 329

329 523 634 590 primordiis
685 526 1002 577 excaecatum
1064 510 1394 584 peccantium
1462 507 1726 569 animam,
1778 502 1901 571 quia

336 618 590 673 obturatas
616 622 766 669 erant
786 625 940 665 aures
972 621 1178 669 eorum,
1207 618 1326 658 cum
1366 601 1419 655 in
1440 596 1753 667 profundum
1780 606 1903 661 pec-

332 710 432 763 cati
498 705 728 761 demersi
779 709 977 757 essent.
1038 696 1220 751 Dillert
1283 707 1409 761 ergo
1462 686 1683 743 tumenti
1746 683 1905 737 animi

340 800 521 859 morbo
545 796 796 851 auxilium
826 792 1131 855 admovere,
1159 795 1384 858 postque
1418 790 1620 836 tantum
1652 773 1906 844 temporis

338 892 511 963 prodit
552 887 851 952 correctio;
879 894 1035 953 atque
1080 881 1131 935 in
1166 893 1297 932 uno
1340 872 1594 944 temporis
1635 874 1907 923 momento

335 960 642 1054 poenitentia
689 986 743 1031 et
788 972 1051 1031 remissio.
1086 969 1151 1023 Et
1201 966 1444 1022 Dominus
1501 960 1689 1015 dimisit
1735 972 1908 1026 pecca-

335 1042 439 1126 ium
486 1082 645 1123 tuum.
683 1066 727 1122 Ο
767 1061 1215 1134 dispensationem
1262 1049 1664 1111 comminantis!
1719 1042 1908 1101 Viden’

333 1162 473 1232 quod
528 1161 686 1215 velox
741 1158 808 1210 sit
854 1133 918 1209 ad
980 1148 1244 1206 salutem?
1304 1146 1359 1200 ld
1412 1154 1464 1198 et
1513 1143 1565 1196 in
1620 1138 1737 1195 aliis
1785 1133 1910 1189 facit

337 1229 550 1307 tardans
577 1250 788 1319 quidem
838 1245 903 1299 ad
945 1234 1477 1299 destructionem,ad
1526 1229 1909 1302 protectionem

339 1360 465 1399 vero
507 1356 814 1412 properans.
844 1334 1082 1405 Exempli
1124 1347 1315 1395 causa,
1348 1326 1483 1397 apud
1530 1339 1626 1378 nos
1667 1320 1910 1375 homines

338 1436 505 1489 multo
526 1443 763 1501 tempore
789 1428 1008 1484 aediﬁcia
1053 1430 1451 1486 construuntur,
1477 1417 1745 1484 multoque
1774 1422 1911 1465 tem-

344 1543 472 1598 pore.
493 1527 707 1580 domum
736 1523 1059 1576 aediﬁcamus
1087 1535 1098 1570 :
1123 1525 1279 1585 atque
1297 1514 1459 1582 ipsius
1480 1516 1755 1563 structura:
1774 1502 1911 1557 inul-

342 1629 448 1673 tum
468 1625 549 1671 est
569 1613 843 1683 temporis,
866 1625 1053 1681 parum
1076 1622 1201 1661 vero
1212 1601 1601 1659 destructionis.
1626 1598 1679 1652 In
1698 1598 1804 1650 Deo
1822 1609 1914 1646 au-

344 1720 446 1763 tem
474 1682 798 1760 contrarium
822 1700 1011 1755 accidit
1045 1716 1058 1752 :
1086 1711 1205 1751 cum
1222 1693 1463 1754 aediﬁcat,
1484 1689 1735 1743 velociter
1757 1682 1915 1739 aediﬁ-

340 1811 425 1857 cat
449 1818 462 1854 :
493 1817 611 1855 cum
638 1795 879 1859 destruit,
902 1791 1047 1846 tarde
1076 1787 1318 1843 destruit.
1336 1783 1503 1837 Velox
1527 1782 1663 1834 Deus
1682 1787 1910 1840 struens,

344 1895 526 1950 tardus
547 1893 763 1947 diruens
781 1906 793 1938 :
814 1886 935 1956 quia
963 1884 1074 1938 Deo
1096 1881 1209 1934 haec
1225 1878 1382 1931 ambo
1396 1872 1715 1928 conveniunt
1746 1888 1757 1922 :
1790 1866 1913 1920 illud

343 1988 484 2042 enim
520 1985 766 2055 potentiae
800 1989 901 2047 est,
924 1977 1026 2031 hoc
1058 1973 1342 2030 bonitatis:
1378 1967 1627 2039 potentiae
1653 1962 1917 2018 excellen-

349 2080 417 2133 tia
442 2078 616 2137 velox,
641 2070 1003 2142 magnitudine
1024 2065 1271 2121 bonitatis
1308 2060 1505 2115 tardus.
1535 2059 1916 2126 Argumentum

344 2169 627 2223 verborum
653 2172 736 2219 est
756 2159 1078 2231 experientia
1097 2169 1295 2211 rerum.
1316 2153 1421 2205 Sex
1438 2148 1623 2203 diebus
1641 2145 1764 2199 fecit
1780 2143 1918 2196 Deus

346 2259 534 2313 caelum
562 2266 617 2311 et
648 2265 868 2315 terram,
901 2246 1289 2320 magnitudines
1314 2242 1570 2297 montium
1589 2280 1602 2299 ,
1634 2234 1878 2306 planities
1901 2274 1916 2298 ,

344 2352 529 2415 valles,
558 2349 741 2408 saltus,
769 2345 966 2417 sylvas,
1000 2341 1225 2410 plantas,
1258 2336 1448 2397 fontes,
1478 2331 1692 2385 ﬁumina
1712 2368 1726 2393 ,
1759 2340 1915 2396 para-

346 2444 542 2508 disum,
573 2439 833 2494 visibilem
865 2448 1077 2489 omnem
1104 2430 1411 2485 varietatem
1434 2468 1449 2492 ,
1481 2425 1582 2479 hoc
1626 2437 1775 2477 mare
1804 2435 1918 2474 ma-

347 2550 505 2605 gnum
551 2542 604 2587 et
648 2531 961 2600 spatiosum,
992 2524 1210 2587 insulas,
1236 2520 1528 2574 maritimas
1562 2517 1807 2586 regiones
1829 2555 1843 2579 ,
1868 2520 1921 2567 et

351 2625 808 2686 mediterraneas;
862 2633 1075 2675 omnem
1139 2615 1280 2669 hunc
1341 2611 1601 2665 visibilem
1667 2606 1921 2661 mundum

349 2720 569 2788 ejusque
596 2712 1037 2786 pulchritudinem
1060 2723 1152 2762 sex
1174 2704 1360 2760 diebus
1388 2702 1509 2757 fecit
1528 2702 1664 2756 Deus
1685 2718 1697 2754 :
1722 2699 1922 2752 anima-

348 2811 415 2866 lia
436 2811 488 2864 in
509 2823 573 2862 eo
602 2804 897 2869 rationalia,
919 2812 973 2855 et
1000 2795 1341 2858 irrationaiia,
1360 2806 1695 2859 omnemque,
1718 2789 1807 2859 qui
1827 2788 1926 2842 sub

350 2911 619 2972 aspectum
646 2898 805 2963 cadit,
837 2904 1081 2950 ornatum
1122 2906 1215 2946 sex
1245 2889 1431 2945 diebus
1460 2884 1683 2957 perﬁcit.
1715 2884 1809 2937 Hic
1830 2881 1925 2951 igi-

354 3005 440 3049 tur
473 3003 576 3047 tam
604 2990 756 3045 velox
805 2989 858 3042 in
907 2982 1284 3045 construendo,
1328 2995 1447 3034 cum
1497 2977 1817 3031 deliberaret
1855 2973 1924 3027 de

353 3102 456 3141 una
498 3081 816 3139 destruenda
853 3080 1005 3142 urbe,
1050 3076 1231 3131 tardus
1268 3073 1338 3127 ob
1366 3072 1651 3127 bonitatem
1682 3077 1922 3135 repertus

350 3188 455 3232 est.
489 3175 612 3229 Vult
656 3171 1020 3228 Jerichuntem
1067 3167 1297 3229 diruere,
1328 3174 1381 3217 et
1418 3163 1492 3215 ait
1531 3159 1597 3214 ad
1638 3158 1923 3213 lsraelem:

353 3270 571 3323 Circuite
599 3283 708 3319 eam
733 3274 917 3333 septem
948 3262 1139 3323 diebus,
1167 3269 1211 3312 et
1253 3258 1462 3326 septima
1487 3255 1568 3307 die
1588 3255 1731 3306 cadet
1754 3266 1927 3303 murus

355 3359 487 3432 (los.
522 3361 573 3413 6.
597 3360 648 3413 '5.
671 3356 748 3427 5).
783 3354 1034 3409 Mundum
1064 3352 1368 3405 universum
1391 3363 1483 3401 sex
1510 3345 1694 3399 condis
1717 3343 1924 3407 diebus,

356 3462 413 3506 et
445 3465 603 3504 unam
645 3448 831 3502 urbem
891 3454 1093 3513 septem
1139 3441 1326 3496 diebus
1374 3437 1577 3493 solvis?
1607 3434 1734 3505 quid
1784 3442 1926 3487 tuam

356 3541 577 3610 impedit
605 3536 935 3608 potentiam?
962 3550 1058 3590 cur
1086 3548 1203 3588 eam
1244 3537 1464 3599 repente
1509 3543 1613 3582 non
1660 3524 1930 3580 destruis?

356 3647 533 3685 annon
562 3631 629 3684 de
668 3639 719 3685 te
766 3630 960 3682 clamat
1005 3624 1291 3693 propheta,
1328 3622 1530 3684 dicens,
1561 3619 1620 3673 Si
1674 3614 1930 3686 aperueris

355 3722 557 3787 cazlum,
587 3732 771 3775 tremor
795 3737 826 3771 a
851 3728 897 3771 te
924 3726 1113 3770 montes
1133 3713 1413 3782 occupabit,
1443 3723 1487 3763 et
1510 3710 1775 3779 liquescent
1800 3707 1930 3759 sicut

356 3830 471 3868 cera
513 3830 545 3865 a
582 3812 712 3881 [acie
752 3811 882 3880 ignis
909 3806 1056 3878 (1εαὶ.
1081 3807 1169 3861 64.
1206 3806 1255 3859 1.
1287 3803 1388 3874 2)?
1417 3816 1590 3855 annon
1640 3797 1797 3851 David
1838 3812 1933 3865 po-

361 3907 539 3962 tentia:
589 3914 691 3958 tua:
738 3918 899 3972 opera
949 3914 1170 3953 narrans
1219 3896 1311 3961 ait,
1342 3892 1462 3947 Non
1493 3890 1770 3944 timebimus
1812 3889 1930 3940 dum

360 3998 640 4052 tnrbabitur
667 4006 818 4058 terra,
851 4004 897 4046 et
940 3993 1303 4061 transferentur
1341 3993 1531 4038 montes
1557 3983 1609 4034 in
1654 3998 1739 4034 cor
1778 3979 1932 4032 maris

360 4090 530 4162 (Psal.
558 4090 645 4143 45.
671 4090 703 4141 5
728 4088 779 4157 )?
806 4086 1011 4140 Montes
1040 4081 1331 4137 transferre
1352 4088 1405 4133 et
1448 4079 1499 4131 in
1539 4089 1685 4130 mare
1716 4074 1932 4144 injicere

360 4193 533 4252 potes.
566 4191 723 4249 atque
760 4178 944 4231 urbem
982 4190 1140 4228 unam
1181 4178 1560 4241 repugnantem
1598 4181 1702 4220 non
1730 4166 1809 4219 vis
1835 4164 1931 4219 de-

360 4283 599 4337 struere,
633 4271 726 4326 sed
782 4278 986 4339 septem
1032 4267 1147 4321 dies
1195 4263 1401 4319 excidio
1447 4259 1673 4315 tribuis?
1724 4255 1934 4326 quare?

360 4365 476 4421 Non
508 4362 761 4433 potentia,
788 4360 987 4430 inquit,
1032 4356 1230 4421 delicit,
1278 4352 1371 4407 sed
1418 4350 1696 4405 clementia
1738 4349 1935 4402 diutius

363 4458 557 4511 tolerat
584 4473 596 4508 :
627 4455 695 4509 do
724 4463 926 4523 septem
954 4451 1068 4505 dies
1093 4491 1105 4511 ,
1139 4456 1197 4501 ut
1246 4445 1475 4500 triduum
1519 4443 1719 4497 Ninivae
1753 4458 1768 4495 :
1799 4441 1934 4494 forte

359 4547 581 4616 recipiet
610 4544 931 4616 poenitentiae
960 4540 1410 4611 prmdicationem,
1442 4545 1495 4589 et
1532 4536 1753 4589 salutem
1807 4548 1935 4587 con-

362 4648 635 4709 sequetur.
668 4636 733 4689 Et
760 4636 877 4705 quis
903 4634 981 4688 eis
1010 4630 1334 4701 paenitentia:
1365 4626 1718 4697 praedicator?
1746 4624 1936 4677 Hostes

364 4733 549 4786 urbem
605 4730 1107 4795 circumsepserant,
1137 4723 1242 4777 dux
1292 4718 1657 4776 circumdabat
1709 4730 1929 4770 muros:

366 4836 586 4892 magnus
639 4831 831 4881 terror,
861 4820 1048 4886 ingens
1092 4814 1345 4868 tumultus
1378 4827 1571 4881 :quam
1630 4823 1757 4878 ergo
1807 4807 1936 4876 ipsis

364 4913 690 4985 ptenitentia:
718 4914 857 4964 viam
888 4907 1140 4979 aperuisti
1164 4907 1186 4958 ?
1211 4921 1333 4958 num
1363 4901 1673 4973 prophetam
1697 4898 1925 4952 misisti?

364 5021 491 5060 num
516 4999 933 5073 evangelistam?
960 5014 1083 5052 num
1115 4997 1233 5067 quis
1259 5001 1372 5049 erat
1403 4995 1535 5045 inter
1564 5005 1656 5044 eos
1677 5031 1690 5054 ,
1719 4991 1806 5058 qui
1832 5004 1892 5041 ea
1918 5029 1934 5053 ,

364 5112 481 5165 qua:
534 5094 709 5150 facere
764 5092 1091 5151 conveniret,
1138 5084 1479 5157 suggereret?
1523 5082 1714 5143 Etiam,
1746 5079 1933 5147 inquit,

368 5188 628 5241 habebant
659 5186 797 5239 intus
844 5183 1164 5254 paenitentia:
1209 5179 1497 5239 doctorem,
1530 5172 1824 5227 mirabilem
1872 5171 1935 5223 il-

363 5282 466 5335 lam
497 5279 701 5342 Rahab,
726 5292 881 5347 quam
904 5291 998 5345 per
1020 5271 1381 5341 paenitentiam
1406 5268 1605 5321 salvam
1636 5264 1749 5318 feci.
1784 5262 1937 5331 Ejus-

362 5377 485 5431 dem
510 5382 630 5432 erat
654 5388 867 5438 massae,
898 5371 990 5427 sed
1020 5369 1141 5439 quia
1163 5365 1400 5437 ejusdem
1430 5378 1532 5417 non
1566 5370 1680 5417 erat
1718 5367 1935 5413 senten-

366 5472 475 5535 tiae,
503 5485 609 5524 non
647 5464 1057 5523 communicavit
1088 5472 1322 5533 peccato,
1353 5473 1470 5528 qua:
1503 5471 1609 5511 non
1640 5452 1937 5509 communi-

367 5566 512 5620 cavit
539 5559 915 5617 incredulitati.

434 5657 489 5711 5.
531 5654 599 5709 Et
626 5652 744 5707 vide
770 5651 899 5705 mihi
928 5662 1120 5703 novam
1143 5644 1440 5701 clementizc
1471 5641 1933 5711 praedicationem:

361 5748 453 5809 qui
506 5746 557 5800 in
606 5746 724 5814 lege
775 5743 931 5806 dicit,
967 5740 1087 5795 Non
1114 5736 1435 5793 mwchaberis
1463 5734 1651 5805 (Exod.
1682 5732 1772 5787 20.
1806 5729 1895 5801 14)
1919 5770 1934 5794 ,

358 5854 470 5894 non
526 5836 897 5905 fornicaberis,
928 5835 1030 5891 hoc
1066 5831 1287 5890 verbum
1339 5836 1552 5900 propter
1598 5824 1934 5882 clementiam

1392 440 1395 443 ,
1456 387 1545 443 DE
1582 380 2042 441 PfENITENTIA.
2084 377 2312 434 HOMIL.
2356 376 2465 432 VII.

3477 373 3579 428 330

2011 504 2222 553 mutans
2247 496 2441 550 clamat
2484 508 2578 562 per
2617 490 2829 545 beatum
2875 488 3097 544 Iesum:
3130 486 3308 542 Raliab
3346 489 3582 541 meretrix

2009 593 2139 645 vivat
2170 590 2303 662 (los.
2336 589 2389 644 6.
2430 587 2549 658 l7)!
2578 587 2732 642 Jesus
2782 585 2874 639 ille
2932 584 3067 637 ﬁlius
3104 584 3268 649 Nave,
3292 583 3379 652 qui
3430 583 3580 648 dicit,

2012 682 2256 736 Meretrix
2292 681 2442 745 vivat,
2475 680 2646 748 imago
2694 686 2808 732 erat
2856 676 3061 729 llomiui
3100 675 3242 739 Jesu,
3276 675 3365 743 qui
3410 675 3581 730 dicit:

2012 770 2300 825 Meretrices
2320 780 2365 823 et
2392 769 2646 839 publicani
2672 766 2950 838 prwcedent
2976 782 3061 819 vos
3085 767 3138 820 in
3167 783 3321 836 regno
3343 767 3583 819 cwlorum

2011 861 2225 931 (Matth.
2248 861 2337 915 21.
2372 859 2485 929 51).
2518 859 2573 914 Si
2598 860 2775 913 vivere
2793 858 2969 923 debet,
2993 873 3155 927 quare
3181 858 3436 912 meretrix
3465 859 3585 911 est?

2013 957 2057 1011 si
2086 955 2358 1017 meretrix,
2387 969 2551 1024 quare
2596 953 2776 1006 vivat?
2805 953 2951 1018 Dico,
2979 952 3169 1021 inquit,
3198 952 3427 1020 priorem
3472 962 3582 1003 sta-

2014 1056 2147 1131 tum,
2172 1060 2277 1115 quo
2322 1054 2630 1114 sequentem
2682 1043 2891 1097 mireris
2941 1043 3306 1096 mutationem.
3347 1043 3414 1096 Et
3459 1042 3583 1112 quid

2012 1136 2163 1202 fecit,
2197 1138 2419 1207 inquies,
2450 1135 2637 1191 Rahab
2666 1136 2804 1205 quod
2849 1135 2914 1189 ad
2961 1136 3184 1189 salutem
3223 1133 3579 1189 conduceret?

2011 1231 2152 1301 quod
2178 1232 2543 1299 exploratores
2569 1244 2689 1282 cum
2729 1242 2856 1296 pace
2878 1226 3212 1295 susceperit?
3241 1226 3351 1281 Hoc
3388 1235 3441 1280 et
3482 1224 3583 1279 ho-

2013 1326 2149 1392 Spita
2178 1321 2319 1375 facit.
2351 1324 2420 1375 At
2450 1336 2552 1374 non
2591 1335 2656 1374 ex
2694 1319 2811 1373 solo
2859 1332 3104 1373 sermone
3134 1318 3354 1371 salutem
3401 1331 3588 1371 consc-

2014 1418 2228 1485 quitur;
2256 1415 2348 1470 sed
2381 1412 2645 1483 praecipue
2680 1428 2744 1465 ex
2786 1411 2888 1466 ﬁde
2923 1420 2978 1465 et
3005 1410 3198 1465 affectu
3238 1425 3361 1480 erga
3400 1409 3586 1463 Deum.

2016 1512 2189 1577 Atque
2218 1518 2277 1561 ut
2302 1508 2475 1562 discas
2509 1507 2629 1560 ﬁdei
2658 1506 2800 1560 illius
2826 1504 3262 1575 magnitudinem,
3294 1502 3415 1557 audi
3437 1518 3586 1557 eam-

2015 1601 2134 1655 dem
2164 1602 2329 1669 ipsam
2358 1598 2706 1667 Scripturam,
2735 1598 2848 1665 ejus
2888 1596 3139 1666 praeclara
3184 1606 3331 1663 gesta
3371 1610 3589 1647 narran-

2020 1701 2127 1746 tem
2155 1700 2312 1761 atque
2343 1698 2646 1744 testantem.
2680 1690 2809 1742 Erat
2834 1688 2886 1741 in
2914 1686 3117 1742 fornice
3138 1727 3152 1749 ,
3185 1701 3280 1740 ceu
3310 1686 3591 1755 margarita

2018 1784 2071 1836 in
2093 1798 2245 1837 οωηο
2268 1782 2500 1836 volutata
2521 1820 2537 1847 ,
2565 1796 2749 1833 aurum
2796 1778 3089 1850 projectum
3141 1779 3193 1832 in
3239 1778 3349 1833 luto
3375 1779 3580 1846 jacens,

2020 1873 2117 1928 ﬂos
2145 1874 2355 1943 pictatis
2385 1873 2551 1942 spinis
2578 1872 2798 1925 obrutus
2819 1911 2833 1935 ,
2869 1871 2952 1938 pia
2992 1870 3167 1922 anima
3209 1868 3262 1923 in
3308 1869 3593 1937 impietatis

2021 1966 2140 2020 loco
2189 1964 2622 2019 concludebatur.
2652 1963 2880 2016 Mentem
2918 1961 3045 2014 mihi
3074 1961 3359 2029 diligenter
3381 1960 3590 2014 adhibe.

2021 2056 2244 2125 Excepit
2294 2056 2678 2123 exploratores,
2731 2063 2785 2107 et
2834 2068 2993 2121 qUem
3042 2052 3270 2121 prodidit
3324 2051 3483 2105 Israel
3542 2052 3593 2105 in

2021 2146 2272 2211 deserto,
2300 2147 2439 2199 hunc
2490 2144 2795 2214 pra-dicavit
2846 2145 3027 2197 llaliab
3071 2145 3123 2197 in
3170 2145 3425 2213 lupanari.
3453 2143 3587 2209 Quid

2022 2252 2260 2293 memoro
2314 2237 2472 2291 Israel
2522 2238 2572 2290 in
2626 2236 2880 2291 desertae?
2908 2238 3036 2289 Cum
3084 2251 3238 2290 mons
3296 2237 3599 2306 replebatur

2022 2331 2164 2385 nube
2204 2336 2260 2384 et
2308 2330 2551 2399 caligine,
2579 2329 2735 2392 tubis,
2763 2328 3048 2398 fulguribus
3077 2370 3091 2393 ,
3120 2329 3342 2398 aliisque
3390 2330 3599 2383 terribi-

2023 2421 2182 2489 libus,
2214 2420 2413 2475 audivit
2441 2436 2468 2472 a
2511 2421 2618 2474 Deo
2662 2418 2729 2473 de
2776 2419 2949 2473 medio
3001 2420 3135 2489 ignis
3168 2437 3181 2473 :
3222 2420 3356 2473 Audi
3386 2419 3552 2474 Israel
3586 2437 3599 2451 ·

2024 2511 2273 2566 Dominus
2323 2512 2455 2565 Deus
2511 2521 2644 2577 tuus,
2675 2510 2920 2565 Dominus
2968 2529 3095 2565 unus
3142 2522 3210 2566 est
3238 2512 3413 2584 (Deut.
3443 2514 3495 2568 6.
3519 2512 3597 2582 4).

2027 2604 2148 2659 Νοη
2174 2614 2318 2658 erunt
2344 2604 2431 2656 tibi
2466 2603 2537 2656 dii
2562 2604 2650 2656 alii
2679 2603 2975 2675 (Exedit).
3002 2604 3080 2669 4).
3114 2602 3221 2674 Ego
3248 2605 3299 2657 in
3326 2605 3447 2657 caelo
3485 2621 3599 2657 sur-

2025 2713 2135 2751 sum
2160 2706 2205 2748 et
2230 2696 2283 2747 in
2315 2704 2448 2747 terra
2474 2693 2726 2755 deorsum,
2749 2704 2797 2748 et
2841 2705 3019 2763 prieter
3073 2710 3149 2747 me
3195 2710 3294 2747 non
3345 2706 3413 2747 est
3464 2693 3601 2747 Deus

2032 2787 2204 2860 (Deut.
2243 2788 2296 2841 4.
2327 2786 2438 2857 39).
2470 2787 2593 2841 ΙΙωο
2627 2785 2849 2840 audiens
2877 2785 3035 2839 Israel
3066 2785 3282 2839 vitulum
3326 2784 3597 2847 conflavit.

2029 2880 2299 2948 Deumque
2324 2878 2630 2949 reprobavit
2659 2896 2671 2932 :
2697 2878 2955 2947 ignoravit
2978 2877 3275 2940 Dominum,
3303 2878 3600 2947 repudiavit

2031 2970 2442 3033 benefactoreni,
2471 2980 2522 3024 et
2543 2969 2670 3024 dicit
2699 2970 2893 3023 Aaroni
2917 2987 2930 3024 :
2954 2966 3063 3021 Fac
3085 2968 3224 3022 nobis
3253 2968 3385 3021 Deos
3408 2968 3598 3041 (Exod.

2028 3062 2115 3117 52.
2138 3062 2213 3131 1).
2233 3062 2288 3116 Si
2309 3061 2401 3124 dii,
2425 3078 2587 3131 quare
2611 3061 2763 3124 dicis,
2794 3061 2914 3134 fac?
2941 3062 3208 3131 quomodo
3234 3062 3327 3128 dii,
3359 3062 3403 3117 si
3438 3064 3602 3117 fiant?

2029 3153 2117 3209 Sic
2137 3155 2330 3208 malitia
2362 3164 2649 3221 excaecata,
2678 3168 2857 3208 secum
2886 3154 2997 3222 ipsa
3025 3161 3240 3223 pugnat,
3265 3155 3601 3223 semetipsam

2030 3248 2276 3302 destruit.
2301 3247 2450 3301 Unus
2484 3246 2654 3301 factus
2679 3254 2761 3301 est
2799 3247 3014 3312 vitulus,
3042 3256 3097 3301 et
3139 3246 3332 3301 clamat
3370 3247 3605 3315 ingratus

2032 3338 2193 3393 Israel
2225 3356 2239 3391 :
2279 3337 2346 3390 Hi
2385 3338 2456 3390 dii
2502 3339 2593 3398 tui,
2622 3336 2817 3402 Israel,
2840 3338 2923 3407 qui
2970 3337 3245 3390 eduxerunt
3289 3346 3335 3390 te
3371 3338 3432 3390 de
3474 3347 3605 3390 terra

2031 3430 2250 3502 J‘Egyplt'
2272 3430 2465 3499 (Exod.
2514 3429 2601 3483 52.
2624 3430 2699 3499 4).
2733 3428 2801 3482 Hi
2839 3430 2954 3482 dii:
2982 3445 3143 3483 unum
3182 3429 3323 3485 videt
3363 3430 3603 3492 vitulum,

2033 3538 2195 3577 unum
2219 3522 2412 3577 factum
2440 3520 2678 3584 idolum;
2710 3535 2803 3574 cur
2823 3535 2949 3589 ergo
2976 3522 3027 3574 lii
3059 3522 3175 3575 dii?
3213 3521 3278 3577 Ut
3303 3522 3608 3577 ostenderet

2033 3627 2090 3667 se
2122 3602 2224 3666 non
2255 3613 2415 3667 modo
2444 3612 2493 3665 id
2524 3611 2663 3680 quod
2690 3610 3162 3675 videbatadorare,
3190 3612 3282 3666 sed
3306 3622 3359 3666 et
3385 3611 3605 3666 deorum

2034 3705 2392 3774 pluralitatem
2424 3702 2731 3773 confingere
2758 3722 2771 3758 :
2799 3704 3117 3757 sententiam
3149 3718 3297 3756 suam
3340 3703 3605 3771 interpre-

2038 3804 2196 3859 tatur,
2228 3812 2334 3850 uon
2371 3805 2547 3850 autem
2600 3796 2651 3849 id
2680 3795 2819 3864 quod
2848 3794 3057 3849 videtur
3074 3793 3294 3862 judicat.
3327 3792 3397 3847 Ut
3430 3804 3607 3847 autem

2034 3888 2101 3941 ad
2134 3887 2461 3956 propositum
2509 3892 2859 3950 revertamur,
2898 3901 3016 3954 quae
3064 3884 3263 3938 audivit
3304 3882 3500 3949 Israel,
3531 3893 3609 3937 tot

2034 3982 2419 4049 circumseptus
2472 3981 2763 4047 portentis,
2791 3988 2846 4033 et
2898 3986 3039 4032 tanta
3084 3977 3316 4031 imbutus
3365 3976 3513 4045 lege,
3558 3985 3610 4029 et

2039 4083 2216 4126 tamen
2243 4070 2469 4140 negavit,
2505 4071 2617 4123 haec
2639 4070 2823 4123 Bahab
2850 4070 2902 4123 in
2929 4069 3167 4139 lupanari
3197 4067 3397 4121 inclusa
3422 4065 3611 4134 praedi-

2038 4174 2121 4216 eat
2155 4181 2167 4217 :
2200 4161 2329 4215 dicit
2357 4160 2497 4215 enim
2520 4159 2946 4227 exploratoribus
2970 4201 2983 4221 ,
3009 4157 3255 4211 Nouimus
3280 4167 3468 4225 quanta
3490 4156 3606 4226 fecit

2039 4252 2174 4306 Deus
2220 4263 2378 4305 vester
2428 4250 2691 4321 .Egyptiis
2720 4250 2853 4319 (los.
2885 4250 2938 4304 2.
2966 4250 3042 4320 9).
3070 4249 3283 4304 Iuda-us
3323 4247 3489 4314 dicit,
3539 4247 3611 4301 lli

2037 4352 2151 4397 sunt
2189 4343 2260 4407 dii
2303 4342 2395 4407 tui,
2423 4342 2508 4407 qui
2549 4342 2829 4395 eduxerunt
2868 4351 2914 4393 te
2941 4340 3002 4393 de
3028 4350 3159 4393 terra
3180 4337 3395 4410 χερειρή
3415 4337 3611 4406 (Exod.

2040 4438 2127 4491 52.
2152 4437 2206 4505 4)
2231 4452 2245 4499 ;
2274 4444 2329 4490 et
2354 4436 2608 4489 meretrix
2636 4449 2742 4488 non
2765 4433 2887 4498 diis,
2913 4431 3003 4487 sed
3027 4432 3137 4485 Deo
3164 4431 3386 4485 salutem
3414 4430 3613 4484 adscri-

2042 4530 2114 4582 bit
2140 4546 2152 4580 :
2185 4528 2431 4581 Nouimus
2451 4538 2637 4596 quanta
2664 4524 2805 4579 Deus
2830 4534 2987 4578 vester
3006 4524 3121 4591 fecit
3149 4521 3221 4575 1E
3226 4523 3410 4593 gyptiis
3437 4523 3489 4574 in
3518 4522 3609 4575 de-

2041 4629 2170 4674 serto
2197 4661 2212 4685 ,
2244 4629 2288 4673 et
2320 4621 2601 4671 audiuimus
2621 4658 2636 4683 ,
2670 4627 2716 4671 et
2760 4618 3082 4687 liquefactum
3129 4625 3199 4669 est
3231 4631 3318 4668 cor
3360 4624 3609 4679 nostrum,

2042 4721 2088 4764 et
2132 4710 2371 4780 fortitudo
2418 4726 2519 4763 non
2562 4719 2634 4762 est
2685 4710 2736 4760 in
2766 4706 2927 4760 nobis.
2970 4704 3215 4759 Nouimus
3263 4712 3450 4775 quanta
3501 4705 3616 4775 fecit

2044 4803 2179 4857 Deus
2200 4813 2373 4856 uester.
2406 4800 2568 4855 Vides
2609 4799 2874 4869 quomodo
2922 4798 3109 4867 recipit
3147 4797 3465 4867 legislatoris
3497 4813 3618 4851 ver-

2044 4893 2169 4947 bum
2224 4907 2317 4961 per
2355 4890 2555 4945 ﬁdem?
2584 4888 2651 4942 Et
2692 4890 2805 4942 novi
2841 4889 2975 4959 quod
3022 4888 3157 4942 Deus
3187 4899 3344 4942 vester
3390 4891 3443 4942 in
3495 4890 3617 4941 cwlo

2045 5001 2281 5049 sursum,
2309 4994 2354 5037 et
2378 4984 2431 5037 in
2470 4992 2603 5036 terra
2639 4981 2873 5034 deorsum
2905 4990 2993 5034 :et
3022 4991 3203 5050 prwter
3252 4997 3365 5035 eum
3409 4997 3510 5034 non
3547 4990 3617 5033 est

2046 5078 2204 5132 Deus.

2119 5170 2298 5225 Rabab
2330 5168 2568 5223 Ecclesia:
2609 5168 2795 5238 ﬁgura.
2819 5197 2889 5208 —
2913 5167 3195 5221 Rahabest
3231 5168 3394 5234 figura
3431 5163 3619 5218 Eccle-

2048 5262 2141 5316 si:e
2171 5263 2221 5316 in
2270 5260 2618 5315 fornicatione
2661 5258 2960 5312 daemonum
3001 5257 3127 5309 olim
3164 5256 3447 5318 volutatte,
3482 5268 3619 5307 nunc

2048 5370 2178 5408 vero
2228 5342 2420 5407 ChriSti
2474 5349 2837 5420 exploratores
2883 5347 3242 5417 suscipientis,
3268 5360 3375 5399 non
3414 5360 3442 5395 a
3492 5342 3618 5397 .Iesu

2044 5447 2186 5502 Nave
2210 5446 2341 5511 ﬁlio,
2368 5441 2517 5499 seda
2548 5444 2673 5499 Jesu
2701 5458 2830 5496 vero
2858 5443 3145 5495 Servatore
3176 5439 3367 5491 missos
3393 5447 3611 5502 aposto-

2043 5542 2145 5595 los.
2171 5537 2321 5605 Novi,
2353 5538 2523 5606 inquit
2544 5578 2558 5596 ,
2587 5535 2721 5606 quod
2756 5534 2886 5586 Deus
2907 5540 3063 5585 vester
3086 5533 3139 5582 in
3167 5529 3290 5583 casio
3318 5544 3551 5591 sursum,
3572 5543 3613 5580 et

2043 5634 2097 5684 in
2144 5641 2276 5683 terra
2302 5630 2533 5682 deorsum
2569 5637 2659 5680 :et
2690 5633 2870 5696 prteler
2897 5639 3008 5676 eum
3051 5638 3150 5675 non
3200 5628 3273 5674 est
3315 5618 3453 5672 Deus
3484 5618 3620 5688 (los.

2044 5722 2099 5777 2.
2134 5721 2244 5793 11).
2281 5721 2403 5775 Hmc
2426 5690 2749 5787 acceperunt
2778 5715 2967 5774 Judaei.
2998 5724 3054 5770 et
3093 5728 3196 5768 non
3219 5711 3619 5767 custodierunt:
3676 5690 3678 5693 V

2048 5815 2166 5872 haec
2219 5812 2420 5871 audivit
2456 5809 2694 5868 Ecclesia
2720 5850 2736 5879 ,
2788 5818 2843 5865 et
2888 5808 3205 5865 observavit.
3253 5805 3419 5880 Digna
3469 5804 3619 5875 igitur
