4066 6392
533 355 631 411 331

527 465 672 521 omni
699 459 856 522 laude
881 466 1086 528 Rabab.
1113 468 1364 524 Ecclesiae
1388 473 1579 542 imago.
1613 474 1786 540 Quare
1812 491 2103 546 generosus

530 559 724 614 Paulus
761 575 882 615 cum
913 560 1030 629 ejus
1084 561 1207 616 lidei
1257 562 1566 633 dignitatem
1612 565 1949 632 edidicisset,
1999 585 2106 626 non

527 666 648 706 eam
677 651 956 720 reprobam
986 660 1177 722 putans
1215 653 1285 708 ob
1321 655 1549 724 priorem
1577 667 1770 712 statum
1791 700 1804 724 ,
1833 661 1926 714 sed
1955 675 2107 716 acce-

523 743 770 812 ptabilem
790 743 858 797 ob
878 743 1110 799 divinam
1131 747 1497 814 mutationem,
1513 763 1629 804 eam
1649 754 1845 804 sanctis
1861 752 2106 808 omnibus

520 845 874 890 connumerat
898 855 910 890 :
938 847 991 892 et
1021 849 1299 908 postquam
1328 840 1553 906 dixerat,
1582 840 1714 896 Fide
1748 843 1873 898 Abel
1906 846 2106 914 sacriﬁ-

521 930 654 978 cium
697 927 892 991 obtulit,
920 929 1022 993 ﬁde
1041 929 1297 983 Abraham
1341 933 1442 985 hoc
1486 941 1541 986 et
1591 933 1718 987 illud
1770 935 2099 1005 fecit(ﬂebr.

522 1018 614 1069 Η.
636 1015 692 1086 4)
711 1059 724 1079 ,
768 1017 870 1072 fide
893 1017 1008 1074 Noe
1047 1034 1223 1074 arcam
1257 1019 1400 1088 fecit,
1430 1022 1534 1078 ﬁde
1555 1024 1765 1096 Moyses
1793 1026 1906 1081 hare
1934 1038 1988 1083 et
2014 1028 2100 1082 illa

518 1108 774 1177 praeclare
825 1118 970 1178 gesta
1027 1111 1231 1174 edidit;
1285 1127 1348 1166 ac
1403 1115 1598 1170 multos
1649 1117 1843 1173 deinde
1886 1130 2100 1176 sanctos

514 1213 905 1256 memoraverat
966 1204 1176 1258 tandem
1206 1206 1431 1275 adjecit,
1463 1208 1596 1262 Fide
1642 1211 1817 1264 Rahab
1867 1216 2100 1269 meretrix

513 1309 613 1345 non
640 1294 786 1362 periit
813 1311 928 1347 cum
952 1295 1242 1362 incredulis,
1267 1301 1608 1367 exploratores
1634 1303 1906 1370 excipiens,
1929 1314 1975 1358 et
1994 1306 2098 1359 alia

511 1387 590 1438 via
620 1387 872 1439 remittens
902 1386 1082 1457 (llebr.
1117 1389 1202 1441 ll.
1232 1390 1343 1461 51).
1377 1391 1447 1444 Ει
1484 1392 1604 1446 vide
1631 1395 1897 1463 quomodo
1932 1398 2094 1453 multa

511 1493 631 1531 cum
684 1479 942 1547 sapientia
992 1479 1374 1536 humanitatem
1427 1491 1570 1538 tuam
1637 1489 2090 1556 attemperaverit.

507 1567 641 1622 Nam
668 1583 789 1622 cum
816 1586 844 1622 a
872 1586 997 1640 rege
1027 1573 1173 1628 missi
1209 1583 1333 1628 sunt
1365 1576 1452 1644 qui
1479 1577 1852 1644 exploratores
1881 1581 2094 1650 perqui-

508 1669 690 1714 rerent
708 1701 724 1727 ,
756 1661 939 1716 dicunt
959 1664 1030 1731 ei,
1056 1664 1116 1718 Si
1142 1666 1356 1736 ingressi
1379 1678 1494 1722 sunt
1523 1670 1590 1721 ad
1616 1680 1662 1724 te
1687 1672 1779 1724 uiri
1797 1671 1930 1742 (Jos.
1959 1673 2012 1726 2.
2033 1676 2087 1729 5.

507 1749 563 1818 4)
585 1751 607 1799 't
628 1752 902 1820 respondit
928 1755 1005 1808 eis
1029 1795 1044 1820 ,
1073 1756 1243 1809 Etiam
1272 1758 1495 1828 ingressi
1517 1771 1660 1815 sunt.
1691 1761 1869 1818 Primo
1895 1766 2090 1820 verita-

507 1846 615 1893 tem
642 1841 888 1908 aedificat,
908 1851 1064 1913 atque
1091 1845 1161 1900 ita
1189 1848 1524 1905 mendacium
1551 1853 1766 1909 inducit.
1791 1856 2086 1927 Numquam

502 1929 646 1984 enim
675 1933 1005 1989 mendacium
1039 1951 1131 2005 per
1148 1953 1204 1992 se
1222 1941 1474 2006 creditur,
1506 1944 1606 1998 nisi
1630 1947 1907 2002 veritatem
1940 1949 2086 2018 prius

501 2022 789 2078 ostendere
814 2029 1173 2095 occupaverit.
1207 2029 1332 2085 ldeo
1358 2033 1446 2102 qui
1465 2034 1626 2088 modo
1655 2036 1722 2090 ad
1765 2039 2084 2106 persuaden-

500 2110 626 2166 dum
659 2125 784 2184 apto
816 2118 1161 2186 mentiuntur,
1206 2124 1378 2190 primo
1424 2140 1547 2178 vera
1586 2126 1772 2182 dicunt
1809 2138 1967 2200 atque
1993 2149 2079 2202 ea,

498 2219 618 2274 qua:
647 2207 786 2276 apud
811 2223 999 2265 onmes
1039 2212 1090 2264 in
1121 2213 1368 2288 conj'esso
1412 2225 1569 2282 sunt;
1602 2233 1666 2273 ac
1689 2219 1883 2277 deinde
1926 2240 2081 2279 men-

497 2296 645 2352 dacia
677 2309 730 2352 et
756 2299 914 2355 dubia
946 2303 1218 2360 inducunt.
1252 2305 1479 2377 lngressi
1509 2320 1634 2364 sunt
1658 2312 1723 2366 ad
1754 2323 1805 2368 te
1832 2317 2080 2385 explem-

498 2397 644 2444 tores
671 2390 1024 2460 ‘trespondet,
1062 2396 1250 2451 Etiam.
1283 2399 1339 2453 Si
1371 2402 1513 2454 enim
1550 2417 1580 2455 a
1605 2405 1868 2474 principio
1913 2408 2077 2462 dixis-

495 2489 597 2545 set,
623 2480 758 2548 Non,
788 2483 852 2537 ad
881 2487 1192 2541 scrutininm
1221 2503 1566 2559 provocasset
1595 2510 1707 2558 eos,
1730 2499 1817 2566 qui
1849 2499 2076 2554 advene-

494 2579 632 2626 rant.
651 2571 776 2638 Sed,
802 2575 868 2628 Et
888 2577 1110 2647 ingressi
1135 2588 1278 2645 sunt,
1299 2581 1489 2650 inquit,
1518 2593 1573 2639 et
1599 2589 1800 2655 egressi
1831 2601 1953 2643 sunt
1979 2590 2076 2646 hac

492 2664 606 2719 via:
626 2668 1026 2738 persequimini,
1046 2681 1097 2726 et
1115 2675 1581 2742 comprehendetis
1599 2694 1710 2733 eos.
1733 2680 1776 2735 Ο
1791 2684 2070 2750 pulchrum

492 2757 826 2812 mendacium
855 2760 868 2813 !
900 2775 932 2814 ο
960 2764 1240 2831 pulchrum
1259 2765 1462 2834 dolum,
1491 2768 1666 2824 divina
1708 2787 1816 2826 non
1845 2777 2073 2844 proden-

491 2856 620 2911 tem,
659 2849 754 2905 sed
807 2852 1059 2921 pietatem
1104 2856 1490 2914 custodientem
1521 2861 1533 2915 !
1567 2861 1622 2917 Si
1679 2864 1836 2934 igitur
1888 2867 2072 2924 Rabab

488 2940 631 2996 illam
663 2945 968 3012 pmnitentia
1019 2949 1188 3004 salute
1224 2950 1437 3021 dignam
1482 2954 1685 3022 ellecit,
1717 2967 1770 3012 et
1819 2960 1931 3030 ipsa
1978 2979 2072 3030 per

487 3045 790 3090 Sanctorum
821 3051 914 3092 ora
943 3041 1262 3107 prmdicatur
1281 3086 1295 3110 ,
1322 3044 1446 3099 Jesu
1480 3047 1620 3103 Nave
1643 3051 1694 3103 in
1724 3051 1940 3107 deserto
1960 3055 2070 3108 cla-

484 3135 684 3192 mante,
729 3127 868 3182 Vivat
905 3129 1082 3184 Ila/tab
1131 3138 1398 3201 meretrix,
1433 3137 1594 3192 Paulo
1621 3151 1796 3196 autem
1832 3144 2062 3212 dicente,

488 3219 616 3272 Fide
647 3219 823 3274 lia/tab
854 3227 1091 3278 meretrix
1116 3243 1216 3280 nun
1248 3230 1393 3296 periit
1434 3247 1547 3285 cum
1576 3250 1675 3288 non
1706 3238 2020 3294 credentibus
2045 3257 2063 3294 :

481 3322 680 3380 quanto
710 3316 880 3384 magis
909 3333 1004 3372 nos
1033 3319 1076 3371 si
1113 3322 1480 3388 paenitentiam
1514 3325 1884 3397 exhibeamus,
1917 3334 2059 3386 salu-

483 3410 589 3456 tem
641 3410 1072 3476 censequemur?
1106 3410 1438 3469 Pmnitentiae
1489 3427 1698 3487 tempus
1742 3437 1883 3477 nunc
1931 3434 2057 3478 est:

480 3493 666 3563 ingens
693 3499 834 3552 enim
858 3499 1016 3556 timor
1046 3503 1206 3557 instat
1242 3507 1631 3565 imminentium
1681 3527 2013 3581 peccatorum
2043 3560 2057 3584 ,

479 3586 578 3640 nisi
599 3589 920 3658 supplicium
941 3605 1221 3659 prmvertat
1261 3601 1590 3666 ptenitentia.
1641 3602 2060 3677 Prwoccupemus

476 3677 658 3745 faciem
684 3681 792 3748 ejus
819 3681 870 3733 in
893 3685 1204 3753 confessione
1229 3687 1396 3759 (Psal.
1422 3692 1508 3746 94.
1537 3693 1592 3763 2)
1618 3712 1631 3747 :
1663 3698 2058 3768 exstinguatnus

479 3779 820 3837 peccatorum
865 3789 1084 3843 rogum,
1134 3793 1242 3832 non
1295 3785 1474 3838 multis
1529 3788 1700 3855 aquis,
1729 3791 1823 3844 sed
1877 3787 2056 3861 parvis

475 3861 743 3931 lacrymis.
767 3863 959 3920 Multus
985 3877 1066 3921 est
1097 3869 1231 3937 ignis
1259 3876 1480 3940 peccati,
1524 3889 1578 3930 et
1606 3888 1780 3934 tamen
1834 3884 2055 3938 modicis

472 3952 721 4024 lacrymis
743 3957 1092 4027 exstinguitur
1121 3979 1134 4014 :
1165 3979 1285 4018 nam
1317 3967 1565 4039 lat‘ryma:
1593 3975 1936 4044 esstinguunt
1961 3995 2052 4032 ro-

471 4058 595 4111 gutn
653 4056 1010 4114 peccatorum,
1040 4060 1094 4105 et
1156 4058 1354 4123 peccati
1404 4058 1647 4115 fmtorem
1694 4065 1940 4122 abluunt.
1994 4071 2048 4125 ld

471 4136 783 4192 testiﬁcatur
837 4141 1024 4196 beatus
1081 4145 1241 4200 David
1291 4148 1514 4217 dicens,
1543 4161 1596 4208 et
1623 4167 1819 4224 quanta
1855 4162 1922 4215 sit
1971 4163 2050 4218 vis

468 4229 820 4300 lacrymarum
849 4238 1137 4292 ostendens
1161 4257 1174 4293 :
1205 4239 1405 4295 Lavabo
1429 4285 1443 4311 ,
1488 4246 1685 4316 inquit,
1713 4267 1802 4319 per
1820 4255 2048 4324 singulas

464 4333 636 4377 noctes
659 4325 838 4378 lectum
866 4344 1048 4394 meum,
1082 4342 1128 4383 et
1175 4332 1414 4403 lacrymis
1457 4339 1578 4392 meis
1623 4351 1836 4396 stratum
1861 4363 2045 4404 .meum

462 4415 638 4486 rigabo
666 4417 836 4486 (l’sal.
863 4419 916 4474 6.
945 4422 1019 4490 7).
1053 4425 1212 4490 Atqui
1259 4427 1303 4479 si
1351 4427 1704 4501 lacrymarum
1748 4437 2042 4495 ubertatem

463 4510 719 4565 voluisset
746 4513 1048 4580 ostendere,
1081 4519 1208 4573 satis
1233 4531 1346 4574 erat
1369 4523 1595 4589 dixisse,
1631 4528 1895 4602 Lacrymis
1923 4538 2043 4590 meis

461 4609 671 4653 stratum
700 4620 862 4656 meum
899 4607 1072 4676 rigubo
1101 4625 1120 4662 .'
1147 4625 1242 4664 cur
1270 4629 1398 4683 ergo
1440 4621 1696 4685 prmmisit
1740 4623 1865 4678 illud
1887 4669 1901 4690 ,
1936 4626 2041 4682 La-

459 4693 624 4746 rabo?
655 4694 718 4749 Ut
744 4699 990 4753 ostendat
1013 4701 1282 4759 lavacrum
1309 4717 1363 4761 et
1392 4710 1657 4778 piaculum
1697 4730 2035 4786 peccatorum

457 4799 576 4838 esse
602 4787 883 4858 larrymas.

526 4876 582 4930 6.
632 4875 846 4932 Ρεεεαια
895 4885 1114 4938 omnium
1156 4904 1310 4943 causa
1362 4895 1630 4952 malorunt.
1676 4931 1746 4941 —
1791 4902 2036 4962 Omnium

454 4982 610 5019 causa
636 4971 889 5026 maiorum
910 4987 1031 5030 sunt
1061 4993 1269 5045 peccata
1291 5001 1304 5037 :
1328 4997 1538 5056 propter
1559 5006 1772 5060 peccata
1799 4997 2031 5068 dolores,

453 5068 671 5127 propter
721 5074 934 5132 peccata
984 5072 1274 5138 tumultus,
1331 5087 1548 5146 propter
1597 5097 1812 5152 peceata
1859 5090 2031 5158 bella,

452 5152 661 5217 morbi,
689 5164 743 5208 et
785 5166 1039 5228 quotquot
1084 5163 1235 5218 nobis
1285 5169 1532 5224 accidunt
1573 5186 1759 5230 sanatu
1790 5152 2032 5238 difﬁciles

450 5243 806 5310 aegritudines.
837 5249 1290 5314 Quemadmodum
1319 5259 1477 5328 igitur
1500 5266 1686 5333 optimi
1708 5275 1896 5328 medici
1925 5293 2030 5332 non

450 5335 610 5391 modo
638 5351 954 5407 apparentes
979 5346 1190 5401 morbos
1221 5352 1519 5418 explorant,
1542 5359 1634 5413 sed
1657 5362 1816 5418 etiam
1845 5382 2028 5425 eorum

447 5440 661 5481 causam
692 5440 996 5487 scrutantur
1023 5453 1038 5490 :
1067 5435 1136 5491 ita
1175 5448 1230 5492 et
1252 5441 1506 5498 Servator
1532 5453 1816 5510 ostendere
1847 5461 2030 5519 volens

449 5518 684 5573 omnium
715 5539 833 5592 qua:
859 5522 1162 5583 hominibus
1188 5534 1498 5604 contingunt
1524 5542 1783 5600 malorum
1814 5564 2026 5608 causam

447 5624 566 5664 esse
596 5623 865 5679 peccatum
892 5658 906 5680 ,
937 5619 1226 5690 paralytico
1255 5622 1382 5680 dicit
1408 5667 1421 5690 ,
1455 5631 1574 5698 quia
1603 5649 1795 5706 nempe
1819 5642 2031 5700 videbat

448 5700 536 5753 ille
560 5704 852 5760 animarum
883 5711 1119 5766 medicus
1138 5729 1260 5768 eum
1284 5718 1459 5774 anima
1489 5725 1652 5791 prius,
1681 5728 1874 5789 deinde
1903 5751 2026 5790 cor-

447 5805 576 5862 pore
623 5799 966 5870 paralyticum
987 5844 1002 5871 ,
1030 5806 1100 5860 ait
1125 5847 1140 5875 ,
1169 5808 1380 5880 inquam
1402 5853 1417 5882 ,
1455 5813 1529 5872 illi
1563 5837 1576 5873 :
1613 5821 1742 5880 Ecce
1767 5845 1917 5884 sanus
1945 5836 2025 5900 [a-

1267 358 1322 414 S.
1354 357 1631 418 JOANNIS
1665 361 2135 421 CllRYSOSTO-Ml
2165 367 2480 425 ARCHIEP.
2511 371 3042 434 CONSTANTINOP.

3687 391 3795 444 55?.

2231 486 2339 533 ctus
2361 495 2414 533 es
2438 521 2451 543 ,
2476 483 2581 536 noli
2603 485 2822 556 amplius
2848 504 3070 557 peccare,
3101 509 3164 547 ne
3185 497 3306 558 quid
3331 499 3417 552 tibi
3441 501 3656 559 deterius
3678 522 3802 559 con-

2211 569 2370 640 tingat
2395 572 2587 641 (Joan.
2605 575 2659 629 5.
2687 577 2798 648 lt).
2837 579 2997 650 Igitur
3019 592 3072 638 et
3099 587 3449 653 praecedentis
3474 593 3802 653 inﬁrmitatis

2211 675 2372 716 causa
2399 674 2676 732 peccatum
2712 679 2860 736 erat;
2890 672 2942 726 id
2970 672 3149 730 damni
3176 693 3331 734 causa
3351 722 3366 746 ,
3396 683 3448 737 id
3489 684 3708 755 doloris,
3741 689 3800 745 id

2209 755 2522 812 calamitatis
2551 760 2810 816 universae
2829 765 3067 819 materia.
3095 767 3354 825 Caeterum
3380 773 3506 828 illud
3529 777 3789 844 admiror,

2208 847 2477 912 quomodo
2513 850 2601 918 qui
2628 848 2770 906 hunc
2797 852 3032 910 dolorem
3063 857 3131 912 ab
3160 859 3310 916 initio
3339 862 3540 920 homini
3570 869 3796 925 dederat

2208 933 2348 987 Deus
2377 947 2593 1007 propter
2619 953 2913 1010 peccatum,
2941 951 3202 1005 sententia
3229 958 3544 1012 sententiam
3572 961 3789 1030 solvat,

2209 1033 2264 1078 et
2293 1028 2736 1087 condenmatione
2755 1036 3247 1096 condemnationem
3269 1045 3461 1114 ejiciat.
3487 1049 3789 1121 Quomodo,

2203 1117 2348 1171 audi.
2380 1120 2507 1174 Data
2536 1133 2616 1177 est
2643 1126 2850 1180 tristitia
2890 1141 3107 1199 propter
3138 1146 3410 1202 peccatum
3431 1182 3444 1207 ,
3475 1152 3529 1197 et
3557 1159 3652 1213 per
3683 1117 3788 1200 tri;

2201 1210 2396 1265 stitiam
2428 1224 2698 1282 peccatum
2723 1219 2962 1276 solvitur.
2986 1224 3214 1281 Attende
3236 1228 3513 1300 diligenter
3535 1210 3787 1292 {mulieri

2203 1303 2532 1360 comminans
2571 1306 2713 1362 Deus
2735 1349 2752 1376 ,
2781 1321 2835 1364 et
2882 1327 3094 1384 propter
3126 1322 3606 1387 praevaricationem
3652 1345 3788 1401 sup-

2199 1391 2414 1460 plicium
2451 1395 2730 1466 inducens,
2761 1402 2833 1454 ait
2860 1403 2931 1456 illi
2958 1423 2970 1456 :
2994 1403 3060 1460 In
3088 1407 3260 1464 dolore
3284 1415 3446 1483 paries
3464 1417 3596 1485 ﬁlios
3626 1391 3783 1490 (Gen.

2196 1482 2252 1538 5.
2284 1484 2389 1556 16)
2424 1503 2436 1540 :
2466 1489 2802 1561 ostenditque
2845 1493 3068 1550 fructum
3107 1482 3309 1568 peccati
3350 1482 3474 1560 esse
3512 1482 3781 1566 dolorem.

2195 1575 2303 1631 Sed
2325 1619 2340 1643 ,
2373 1594 2406 1633 o
2450 1583 2825 1650 magniﬁcum!
2853 1588 2994 1656 quod
3035 1590 3181 1646 dedit
3225 1593 3291 1648 ad
3341 1599 3653 1669 supplicium
3677 1645 3692 1667 ,
3725 1605 3781 1658 in

2193 1667 2418 1722 salutem
2457 1675 2697 1726 mutavit.
2729 1675 3006 1732 Peccatum
3038 1680 3276 1737 dolorem
3307 1667 3510 1757 peperit
3542 1709 3558 1746 :
3587 1692 3780 1749 dolore

2193 1770 2466 1826 peccatum
2509 1767 2838 1837 consumpsit
2882 1786 2895 1820 :
2942 1779 2996 1824 et
3023 1775 3464 1840 quemadmodum
3503 1787 3701 1839 vermis
3745 1802 3780 1840 e

2191 1847 2333 1919 ligno
2374 1861 2530 1907 natus
2570 1857 2740 1924 ipsum
2767 1858 2965 1928 lignum
3007 1869 3303 1933 consumit,
3333 1871 3411 1925 sic
3451 1880 3506 1927 et
3547 1877 3702 1930 dolor
3741 1893 3778 1933 θ

2189 1951 2409 2008 peccato
2456 1954 2612 2000 natus
2648 1960 2920 2016 peccatum
2973 1958 3237 2012 consumit
3269 1976 3362 2029 per
3406 1967 3772 2032 paenitentiam

2189 2030 2460 2087 inductus.
2503 2035 2836 2109 Quapropter
2881 2042 3076 2098 Paulus
3123 2047 3295 2106 dixit:
3327 2030 3452 2120 Qua:
3497 2061 3772 2115 secundum

2185 2121 2350 2177 Deum
2375 2137 2446 2179 est
2486 2129 2686 2183 tristitia
2714 2133 3051 2202 paenitentiam
3079 2141 3132 2192 in
3156 2144 3364 2197 salutem
3389 2148 3615 2203 stabilem
3643 2168 3771 2221 ope-

2183 2225 2325 2268 ratur
2355 2216 2430 2287 (2.
2456 2217 2574 2272 Cor.
2605 2221 2654 2274 7.
2689 2223 2799 2294 10).
2829 2225 2975 2281 Bona
3005 2239 3086 2283 est
3115 2233 3324 2289 tristitia
3350 2253 3477 2293 vere
3505 2216 3770 2309 paeniten-

2185 2309 2322 2363 tibus
2349 2329 2361 2364 :
2384 2315 2631 2368 convenit
2650 2319 2992 2386 peccantibus
3018 2322 3191 2380 luctus
3217 2342 3312 2396 pro
3341 2341 3556 2398 peccato
3580 2352 3593 2386 :
3622 2335 3770 2390 Beati

2181 2402 2266 2468 qui
2294 2403 2500 2474 lugent,
2529 2410 2766 2476 quoniam
2798 2413 2897 2480 ipsi
2934 2417 3323 2475 consolabuntur
3349 2423 3564 2497 (Matth.
3597 2431 3650 2484 5.
3686 2433 3763 2501 5).

2180 2491 2324 2560 Lnge
2352 2506 2624 2562 peccatum
2651 2541 2664 2563 ,
2695 2509 2752 2554 ut
2779 2517 2884 2557 non
2912 2505 3094 2576 lugeas
3127 2491 3439 2580 suppl-icium
3465 2535 3480 2570 :
3505 2532 3669 2590 purga
3713 2491 3764 2578 te

2177 2587 2318 2656 apud
2343 2589 2593 2658 judicem,
2623 2605 2910 2665 antequam
2933 2600 3000 2654 ad
3025 2603 3254 2659 tribunal
3277 2610 3474 2664 venias.
3499 2612 3580 2666 An
3607 2587 3762 2684 igno-

2177 2693 2264 2732 ras
2305 2690 2562 2751 quotquot
2593 2684 2826 2753 judicem
2878 2691 3120 2762 mitigare
3163 2701 3378 2766 volunt,
3411 2716 3515 2756 non
3546 2704 3598 2757 in
3643 2707 3761 2775 ipso

2175 2771 2419 2825 examine
2443 2786 2634 2840 causrc,
2659 2781 2751 2831 sed
2787 2789 3070 2850 antequam
3097 2784 3149 2838 in
3173 2788 3425 2856 judicium
3458 2795 3762 2864 ingredian-

2177 2869 2261 2914 tur
2285 2903 2300 2927 ,
2331 2863 2499 2932 ipsum
2533 2866 2630 2921 sibi
2662 2869 2974 2927 benevolum
3007 2891 3219 2945 parare,
3247 2882 3358 2936 sive
3397 2899 3490 2952 per
3514 2890 3717 2944 amicos
3741 2934 3757 2958 ,

2173 2950 2286 3004 sive
2333 2966 2425 3021 per
2463 2965 2752 3026 patronos,
2779 2960 2891 3016 sive
2915 2963 3020 3018 alio
3062 2969 3247 3034 quovis
3285 2973 3488 3028 modo?
3516 2975 3680 3046 Igitur
3707 2990 3762 3034 et

2172 3043 2310 3110 apud
2345 3044 2509 3098 Deum
2542 3046 2727 3116 judicii
2759 3060 3027 3122 tempore,
3058 3072 3162 3111 non
3211 3070 3293 3114 est
3340 3065 3479 3132 quod
3522 3043 3757 3135 judicem

2173 3129 2352 3188 ﬂectas
2379 3153 2391 3188 :
2414 3137 2506 3191 sed
2527 3150 2649 3194 ante
2665 3141 2848 3210 judicii
2881 3153 3087 3216 tempus
3114 3161 3287 3219 potest
3311 3129 3473 3223 judex
3502 3161 3754 3231 miti-gari.

2168 3223 2528 3289 Quamobrem
2557 3228 2767 3286 dicebat
2792 3233 2984 3289 David:
3003 3237 3417 3313 Prteoccupemus
3436 3223 3756 3326 faciem'ejue

2165 3314 2219 3367 in
2267 3317 2577 3386 confessione
2624 3320 2793 3392 (Psal.
2841 3325 2928 3380 94.
2961 3328 3040 3396 2).
3085 3329 3199 3384 lllic
3239 3314 3484 3404 magnum
3518 3314 3753 3406 judicem

2167 3419 2271 3458 non
2298 3406 2650 3463 circumvenit
2693 3428 2779 3466 ars
2810 3415 3080 3472 rhetorum
3101 3461 3115 3484 ,
3145 3437 3251 3476 non
3281 3428 3512 3492 potentia
3541 3429 3707 3484 ﬂectit
3732 3448 3749 3496 ;

2163 3493 2404 3565 dignitati
2453 3515 2556 3553 non
2602 3501 2691 3556 ille
2719 3519 2920 3560 morem
2947 3510 3101 3578 gerit,
3136 3527 3415 3579 personam
3461 3533 3570 3573 non
3599 3536 3755 3575 vere-

2163 3592 2267 3649 tur,
2297 3589 2533 3655 pecuniis
2555 3606 2657 3645 non
2681 3599 3056 3666 corrumpitur,
3084 3601 3177 3656 sed
3209 3607 3538 3662 tremendum
3563 3620 3620 3665 et
3645 3612 3751 3666 im-

2164 3675 2423 3744 placabile
2450 3689 2532 3733 est
2555 3680 2755 3748 justum
2783 3685 3062 3753 judicium.

2235 3764 2570 3839 Eleemosyna
2612 3769 2777 3826 Deum
2808 3775 2995 3846 placat.
3035 3810 3107 3820 —
3143 3781 3238 3838 llic
3290 3785 3467 3856 itaque
3508 3788 3748 3858 judicem

2159 3869 2440 3912 exoremus
2459 3868 2513 3914 et
2531 3861 2816 3930 placemus,
2838 3866 2960 3923 huic
2974 3872 3116 3924 omni
3138 3874 3329 3931 robore
3346 3880 3708 3948 supplicemus
3729 3903 3744 3938 :

2159 3963 2262 4000 non
2289 3951 2556 4017 pecuniis;
2583 3955 2690 4008 imo
2721 3966 2776 4011 ut
2803 3961 2974 4015 verius
3000 3962 3260 4032 dicamus,
3292 3972 3528 4037 pecuniis
3560 3975 3743 4042 placa-

2157 4045 2242 4090 tur
2271 4038 2528 4110 benignus
2559 4043 2664 4108 ille,
2698 4061 2803 4102 non
2837 4049 2947 4118 ipse
2975 4053 3254 4122 recipiens,
3288 4059 3380 4112 sed
3412 4075 3508 4128 per
3536 4038 3712 4131 paupe

2155 4143 2258 4182 res.
2287 4129 2358 4182 Da
2384 4131 2527 4202 inopi
2557 4139 2850 4204 pecuniam,
2881 4152 2935 4195 et
2955 4143 3187 4211 judicem
3211 4149 3452 4216 placasti.
3484 4129 3610 4208 "1—126
3637 4172 3740 4209 au-

2155 4227 2261 4272 tem
2304 4221 2424 4277 dico
2469 4225 2622 4280 vobis
2668 4231 2816 4297 quasi
2860 4231 3240 4305 familiaribus;
3272 4241 3394 4310 quia
3425 4246 3740 4312 poenitentia

2151 4310 2269 4365 sine
2290 4313 2626 4387 clecmosyna
2649 4333 2854 4375 mortua
2877 4333 2958 4377 est
2983 4327 3184 4397 alisque
3203 4340 3349 4386 caret
3373 4349 3386 4387 :
3413 4337 3595 4404 nequit
3626 4355 3743 4406 pae-

2153 4401 2372 4457 nitentia
2429 4407 2639 4473 volare,
2691 4411 2808 4466 sine
2851 4413 2932 4467 ala
2975 4417 3350 4490 eleemosynze.
3407 4425 3527 4479 Ideo
3571 4432 3742 4496 probe

2151 4494 2426 4559 pmnitcnti
2455 4497 2703 4554 Cornelio
2736 4503 2818 4557 ala
2855 4505 2919 4560 ad
2947 4508 3196 4576 pietatem
3229 4513 3324 4566 i'uit
3349 4494 3692 4589 eleettiosj'na
3720 4541 3736 4576 :

2147 4579 2498 4655 Eleemosyna:
2532 4599 2664 4655 tuaz,
2690 4591 2957 4662 inquit,et
3002 4601 3253 4655 arationes
3303 4612 3402 4656 tua:
3443 4606 3496 4658 in
3551 4611 3740 4664 cwlum

2146 4676 2478 4730 ascenderunt
2505 4677 2640 4750 (Act.
2678 4682 2763 4738 10.
2791 4686 2846 4756 ti)
2879 4705 2891 4740 :
2920 4688 2990 4742 ita
3021 4699 3080 4744 ut
3104 4692 3147 4745 si
3173 4707 3277 4747 non
3300 4696 3570 4754 habuisset
3589 4702 3735 4756 alam

2143 4766 2494 4837 eleemosyme
2525 4773 2850 4840 poenitentia,
2880 4794 3210 4851 nequaquam
3243 4785 3296 4838 in
3325 4787 3513 4842 caelum
3542 4806 3734 4860 perve-

2145 4859 2326 4913 nisset.
2359 4862 2610 4930 Aperitur
2648 4882 2776 4937 ergo
2818 4869 2975 4927 hodie
3019 4876 3312 4945 emporium
3342 4880 3730 4952 eleemosynze.

2144 4945 2394 5006 Videmus
2422 4955 2561 5007 enim
2589 4959 2823 5025 captivos
2849 4971 2902 5016 et
2930 4977 3188 5032 pauperes
3207 5009 3222 5032 ,
3252 4969 3495 5026 videmus
3525 4973 3578 5027 in
3611 4975 3734 5032 foro

2140 5039 2550 5109 circumeuntes,
2578 5045 2818 5103 videmus
2839 5051 3132 5109 clamantes
3151 5097 3164 5118 ,
3199 5057 3556 5130 lacryniantes
3584 5106 3598 5128 ,
3630 5081 3733 5135 ge-

2141 5144 2349 5187 mentes
2402 5152 2416 5188 :
2469 5138 2720 5194 nundinae
2775 5143 2930 5197 nobis
2988 5149 3256 5205 mirabiles
3307 5169 3729 5223 proponuntur:

2140 5223 2494 5278 nundinarum
2522 5243 2649 5282 vero
2681 5245 2784 5284 non
2831 5234 2931 5287 alia
2977 5238 3111 5291 ratio
3136 5250 3217 5294 est
3236 5281 3249 5304 ,
3278 5245 3594 5312 negotiatori
3624 5267 3730 5305 non

2137 5310 2270 5366 alius
2313 5316 2560 5383 animus,
2605 5335 2761 5390 quam
2807 5325 3014 5378 venalia
3066 5342 3228 5396 parvo
3284 5349 3500 5402 emere,
3532 5354 3729 5408 magno

2136 5404 2385 5463 vendere.
2433 5410 2622 5465 Annon
2663 5411 2750 5467 hic
2791 5425 2875 5470 est
2932 5421 3290 5487 quorumlibet
3330 5428 3725 5495 negotiatorum

2136 5501 2513 5564 scopus?num
2551 5513 2770 5573 propter
2807 5505 2950 5560 aliud
2996 5510 3256 5580 quispiam
3305 5518 3723 5586 negotiationem

2135 5583 2263 5647 adit,
2291 5586 2389 5640 nisi
2420 5597 2477 5642 ut
2501 5607 2618 5660 qua:
2647 5612 2810 5664 parvo
2836 5600 2967 5653 emit
2991 5615 3182 5672 magno
3205 5583 3430 5674 vendat,
3453 5617 3510 5663 et
3535 5615 3722 5666 multi-

2134 5674 2380 5744 plicatam
2426 5684 2834 5751 negotiationem
2883 5690 3119 5746 referat?
3148 5693 3303 5750 Tales
3348 5697 3508 5768 igitur
3563 5703 3720 5757 nobis

2133 5767 2396 5824 nundinas
2439 5771 2578 5828 Deus
2623 5779 2895 5846 proposuit
2925 5799 2938 5835 :
2970 5782 3179 5838 modico
3203 5767 3433 5855 justitias
3476 5805 3634 5857 eme,
3663 5802 3718 5846 ut

2135 5861 2303 5917 multo
2333 5864 2528 5922 vendas
2557 5865 2608 5922 in
2639 5867 2835 5940 futuro;
2867 5873 2911 5929 si
2939 5881 3115 5932 tamen
3143 5879 3502 5937 venditionem
3528 5885 3718 5953 appele
