4066 6392
326 311 423 366 35!
1483 305 1571 360 DE
1609 305 2075 364 PCENITENTIA.
2119 305 2354 363 HOMIL.
2395 305 2507 364 VII.

323 426 417 480 καὶ
455 425 790 497 διετήρησεν.
828 424 976 492 Ἀξία
1017 423 1194 478 τοίνυν
1222 421 1443 477 ἐπαίνου
1479 421 1678 484 παντὸς
1709 420 1896 486 Ῥαὰϐ,
1942 423 1974 492 ή

321 512 479 567 εἰκὼν
503 513 601 582 τῆς
629 513 973 581 Ἐκκλησίας.
997 511 1096 564 Διὰ
1117 511 1273 564 τοῦτο
1299 509 1393 563 καὶ
1425 509 1454 560 6
1482 511 1723 578 γενναῖος
1744 508 1972 571 Παῦλος,

321 599 652 671 καταμαθὼν
703 599 875 670 αὐτῆς
928 599 988 652 τὸ
1037 597 1252 668 ἀξίωμα
1279 598 1377 668 τῆς
1429 597 1683 660 πίστεως,
1731 595 1824 648 καὶ
1876 595 1976 648 ούκ

319 688 570 759 ἀδόκιμον
592 688 937 758 ἡγησάμενος
957 686 1043 739 διὰ
1058 687 1153 757 τὴν
1174 685 1440 756 προτέραν
1462 683 1812 747 κατάστασιν,
1841 681 1974 737 ἀλλά

317 774 533 846 δόκιμον
591 776 677 829 διὰ
705 774 802 846 τὴν
845 773 1022 828 ἔνθεον
1071 772 1399 844 μεταϐολὴν,
1449 770 1769 842 συναριθμεῖ
1807 771 1974 842 αὐτὴν

317 865 426 926 τοῖς
461 863 634 931 ἁγίοις
668 863 832 925 πᾶσι,
880 862 973 914 καὶ
1005 859 1267 932 εἰρηκώς·
1296 860 1501 912 Πίστει
1550 860 1719 912 Ἅϐελ
1751 859 1972 912 θυσίαν

316 947 713 1018 προσήνεγκε·
747 950 944 1002 πίστει
979 947 1224 1016 Ἀϐραὰμ
1264 946 1323 999 τὸ
1354 948 1446 1000 καὶ
1487 946 1547 998 τὸ
1581 946 1835 1016 ἐποίησε·
1880 945 1973 998 πί-

317 1053 429 1089 στει
454 1037 576 1089 Νῶε
605 1036 832 1090 κιϐωτὸν
861 1036 1153 1106 εἰργάσατο
1173 1053 1184 1065 ·
1219 1037 1397 1089 πίστει
1423 1036 1661 1106 Μωῦσῆς
1688 1036 1756 1088 τὰ
1783 1035 1874 1089 καὶ
1905 1035 1971 1088 τὰ

314 1122 535 1193 ἐποίησε
585 1124 678 1175 καὶ
715 1121 1070 1193 κατώρθωσε·
1103 1123 1196 1176 καὶ
1227 1123 1434 1175 πολλῶν
1463 1122 1660 1193 ἐφεξῆς
1713 1121 1971 1192 μνησθεὶς

315 1211 504 1278 ἁγίων,
531 1210 591 1262 τὸ
619 1210 924 1263 τελευταῖον
956 1213 1199 1282 ἐπήγαγε
1217 1227 1229 1240 ·
1259 1211 1464 1263 Πίστει
1502 1210 1682 1263 Ῥαὰϐ
1708 1209 1746 1275 ή
1779 1209 1968 1277 πόρνη

313 1299 384 1350 οὐ
434 1297 822 1352 συναπώλετο
868 1297 992 1363 τοῖς
1037 1297 1433 1362 ἀπειθήσασι,
1475 1297 1769 1365 δεξαμένη
1828 1296 1970 1361 τοὺς

312 1386 754 1451 κατασκόπους,
811 1385 908 1438 καὶ
950 1385 1119 1454 ἑτέρᾳ
1167 1383 1283 1448 ὁδῷ
1324 1384 1684 1438 ἐκϐαλοῦσα.
1726 1384 1836 1436 Καὶ
1867 1384 1968 1453 δρα

314 1472 429 1534 πῶς
461 1473 598 1543 μετὰ
630 1472 827 1544 πολλῆς
859 1473 1049 1543 σοφίας
1081 1473 1310 1544 ἐκέρασε
1341 1472 1438 1543 τὴν
1470 1472 1666 1541 ἑαυτῆς
1693 1472 1970 1540 εὐγνωμο-

313 1558 499 1629 σύνην.
528 1562 656 1613 Ὅτε
689 1560 796 1630 γὰρ
825 1561 1207 1631 ἀπεστάλησαν
1235 1560 1382 1630 παρά
1427 1559 1520 1612 τοῦ
1560 1559 1821 1630 βασιλέως
1870 1558 1968 1627 ζη-

310 1647 528 1709 τοῦντες
549 1649 673 1711 τοὺς
705 1648 1098 1711 κατασκόπους,
1116 1648 1362 1717 λέγουσιν
1389 1648 1524 1716 αὐτῇ
1550 1664 1561 1676 ·
1590 1649 1658 1700 El
1679 1645 1970 1713 εἰσῆλθον

309 1733 461 1800 πρὸς
489 1733 564 1788 σὲ
592 1733 840 1802 ἅνδρες;
883 1736 944 1786 'H
973 1734 1026 1786 δὲ
1053 1734 1186 1805 πρὸς
1221 1732 1444 1796 αὐτούς·
1474 1733 1602 1794 Ναὶ,
1643 1732 1822 1802 φησὶν,
1855 1733 1968 1783 εἰσ-

308 1818 487 1888 ῆλθον.
519 1821 739 1890 Πρῶτον
773 1821 1041 1892 οἰκοδομεῖ
1079 1821 1178 1891 τὴν
1212 1819 1489 1890 ἀλήθειαν,
1545 1819 1638 1871 καὶ
1671 1817 1842 1880 οὕτως
1879 1820 1969 1869 ἐπ-

307 1907 430 1976 άγει
463 1909 522 1962 τὸ
568 1909 779 1978 ψεῦδος.
826 1909 1090 1962 Οὐδέποτε
1127 1909 1233 1978 γὰρ
1262 1907 1381 1960 καθ’
1409 1907 1540 1961 αὐτὸ
1577 1908 1636 1959 τὸ
1656 1905 1849 1974 ψεῦδος
1882 1924 1967 1958 πι-

309 1996 577 2059 στεύεται,
607 1997 698 2050 ἐὰν
724 1998 796 2067 μὴ
825 1996 1095 2067 προλαϐὸν
1121 1994 1418 2064 ἐνδείξηται
1448 1993 1545 2064 τὴν
1566 1993 1849 2063 ἀλήθειαν·
1880 1991 1967 2044 διά

304 2081 463 2135 τοῦτο
484 2085 532 2135 οἰ
564 2083 799 2147 πιθανῶς
819 2083 1137 2154 ψευδόμενοι
1165 2083 1379 2154 πρῶτον
1402 2083 1616 2152 λέγουσι
1641 2083 1850 2153 τάληθῆ
1873 2083 1966 2136 καὶ

302 2172 469 2222 πᾶσιν
491 2170 905 2242 ὡμολογημένα,
929 2173 1022 2224 καὶ
1043 2173 1164 2224 τότε
1184 2172 1448 2239 ἐπάγουσι
1467 2171 1534 2225 τά
1551 2165 1720 2241 ψευδῆ
1741 2171 1834 2224 καὶ
1856 2172 1964 2240 ἀμ-

303 2256 688 2326 φιϐαλλόμενα.
708 2259 968 2328 Εἰσῆλθον
990 2259 1124 2330 πρὸς
1152 2259 1210 2311 σὲ
1235 2259 1597 2324 κατάσκοποι;
1616 2259 1801 2327 Λέγει,
1818 2258 1925 2310 Ναί
1946 2276 1959 2289 ·

301 2346 348 2396 εἰ
375 2345 483 2414 γὰρ
505 2341 656 2398 εἶπεν
685 2345 744 2410 ἐξ
769 2347 960 2416 ἀρχῆς,
986 2345 1082 2411 OG,
1108 2346 1460 2417 προεκαλεῖτο
1490 2349 1568 2409 εἰς
1593 2346 1815 2416 ἔρευναν
1837 2346 1962 2409 τοὺς

301 2432 623 2496 ἐπελθόντας
643 2449 656 2462 ·
685 2432 831 2504 [555]
860 2432 1016 2498 ἀλλά,
1033 2434 1142 2486 Καὶ
1164 2434 1428 2505 εἰσῆλθον,
1447 2435 1601 2504 φησί,
1624 2434 1718 2486 καὶ
1743 2433 1961 2504 ἐξῆλθον

297 2519 422 2589 τῇδε
438 2523 501 2590 τῇ
522 2519 643 2590 ὁδῷ,
662 2519 1042 2585 καταδιώξατε,
1059 2521 1153 2574 καὶ
1171 2521 1543 2592 καταλήψεσθε
1558 2521 1773 2584 αὐτούς.
1791 2522 1854 2573 Ὢ
1871 2539 1962 2574 κα-

297 2605 390 2657 λοῦ
406 2606 660 2674 ψεύδους·
689 2606 733 2659 ῶ
759 2607 922 2660 καλοῦ
944 2607 1094 2659 δόλου
1115 2608 1174 2660 ού
1201 2607 1540 2678 προδιδόντος
1567 2608 1635 2660 τά
1659 2607 1796 2672 θεῖα,
1823 2610 1957 2664 ἀλλὰ

297 2694 654 2762 φυλάττοντος
686 2694 782 2765 τὴν
807 2694 1183 2748 εύσέϐειαν.Εἰ
1213 2694 1391 2747 τοίνυν
1420 2696 1518 2767 τὴν
1543 2695 1711 2748 Ῥαὰϐ
1745 2697 1956 2768 ἐκείνην

294 2783 327 2850 ἡ
362 2782 619 2852 μετάνοια
631 2782 902 2852 σωτηρίας
924 2781 1190 2851 τοσαύτης
1212 2783 1432 2852 ἠξίωσε,
1459 2782 1552 2837 καὶ
1575 2782 1662 2836 διὰ
1691 2783 1957 2854 στόματος

293 2872 462 2939 ἁγίων
497 2870 842 2941 κηρύττεται,
875 2869 1048 2942 Ἰησοῦ
1088 2871 1184 2937 μὲν
1212 2871 1305 2924 τοῦ
1340 2871 1497 2940 Ναυῆ
1537 2870 1763 2939 βοῶντος
1805 2873 1862 2924 ἐν
1889 2875 1952 2942 τῇ

291 2963 485 3032 ἐρήμῳ
504 2979 517 2991 ·
542 2961 706 3028 Ζήτω
732 2961 911 3014 Ῥαὰϐ
931 2962 968 3028 ή
996 2961 1210 3027 πόρνη,
1242 2959 1453 3013 Παύλου
1479 2960 1533 3012 δὲ
1552 2959 1818 3027 λέγοντος,
1851 2962 1954 3013 Πί-

290 3064 421 3103 στει
441 3049 616 3102 Ῥαὰϐ
631 3051 669 3117 ή
693 3050 882 3116 πόρνη
906 3051 976 3102 οὺ
999 3047 1388 3101 συναπώλετο
1418 3047 1540 3112 τοῖς
1565 3047 1949 3113 ἀπειθήσασι,

291 3140 442 3209 πόσῳ
471 3138 666 3208 μᾶλλον
715 3141 894 3209 ἡμεῖς,
932 3138 1028 3190 ἐὰν
1069 3137 1431 3207 προσάγωμεν
1463 3135 1560 3207 τὴν
1619 3137 1906 3206 μετάνοιαν
1934 3177 1948 3201 ,

287 3227 547 3297 δεξόμεθα
572 3226 667 3297 τὴν
692 3227 992 3297 σωτηρίαν;
1017 3224 1316 3286 Μετανοίας
1339 3224 1433 3277 νῦν
1463 3227 1490 3277 6
1517 3224 1705 3296 παρὼν
1730 3226 1916 3296 καιρός
1935 3244 1946 3256 ·

289 3317 455 3380 πολὺς
479 3316 583 3388 γὰρ
609 3318 636 3368 6
659 3316 817 3384 φόϐος
839 3315 946 3367 τῶν
980 3314 1337 3385 ἐπικειμένων
1362 3316 1492 3383 ἡμῖν
1516 3315 1946 3384 ἁμαρτημάτων,

288 3406 356 3460 ἂν
387 3405 462 3476 μὴ
491 3404 749 3475 προλάϐοι
780 3395 879 3473 τὴν
912 3403 1178 3473 τιμωρίαν
1209 3405 1242 3472 ἡ
1283 3401 1558 3471 μετάνοια.
1591 3402 1949 3470 Προφθάσω-

284 3511 398 3562 μεν
421 3492 489 3545 τὸ
528 3493 852 3559 πρόσωπον
895 3490 1079 3543 αὑτοῦ
1113 3489 1182 3542 ἐν
1234 3488 1663 3557 ἐξομολογήσει
1696 3506 1708 3518 ·
1749 3490 1950 3542 σϐέσω-

290 3598 389 3651 μεν
409 3579 506 3650 τὴν
534 3578 808 3650 πυρκαϊὰν
830 3576 937 3631 τῶν
962 3578 1182 3646 ἀμαρτη
1193 3576 1394 3646 μάτων,
1413 3577 1511 3645 ούχ
1533 3575 1686 3628 ὕδασι
1713 3577 1944 3640 πολλοῖς,

286 3668 420 3721 ἀλλά
458 3669 671 3738 μικροῖς
696 3666 947 3736 δάκρυσι.
978 3665 1120 3716 Πολὺ
1160 3664 1220 3715 τὸ
1247 3664 1356 3734 πῦρ
1397 3663 1498 3733 τῆς
1529 3665 1824 3734 ἁμαρτίας,
1858 3666 1946 3718 καὶ

283 3755 450 3825 ὀλίγῳ
508 3753 724 3825 δακρύῳ
767 3752 1087 3805 σϐέννυται·
1145 3751 1205 3803 τὸ
1252 3751 1359 3821 γάρ
1409 3751 1642 3823 δάκρυον
1695 3751 1944 3806 σϐέννυσι
2031 3793 2047 3814 ,

285 3843 557 3915 πυρκαϊάν
585 3844 1018 3914 ἁμαρτημάτων,
1042 3843 1134 3895 καὶ
1163 3841 1460 3894 ἁποπλύνει
1487 3841 1746 3894 δυσωδίαν
1774 3843 1947 3914 ἀμαρ-

282 3935 421 3998 τίας.
452 3935 737 4004 Μαρτυρεῖ
767 3931 926 3984 Δαυῒδ
960 3935 987 3984 ὁ
1028 3931 1295 4002 μακάριος
1327 3930 1521 3997 λέγων,
1557 3931 1650 3982 καὶ
1684 3931 1939 3984 δεικνύων

282 4023 381 4094 τήν
411 4023 638 4092 δύναμιν
687 4019 795 4073 τῶν
836 4018 1089 4090 δακρύων
1132 4019 1254 4070 ὅσον
1305 4018 1506 4086 ἰσχύει·
1551 4019 1764 4071 Λούσω
1813 4018 1940 4088 γὰρ,

284 4117 436 4186 φησὶ,
469 4114 596 4167 καθ’
645 4111 914 4178 ἑκάστην
949 4111 1138 4163 νύκτα
1171 4109 1286 4177 τὴν
1317 4111 1535 4176 κλίνην
1560 4128 1700 4178 μου,
1737 4111 1806 4163 ἐν
1838 4111 1942 4164 δά-

281 4206 463 4273 κρυσί
501 4222 619 4273 μου
666 4201 779 4267 τὴν
818 4200 1135 4268 στρωμνήν
1178 4217 1296 4268 μου
1341 4199 1560 4265 βρέξω.
1598 4201 1707 4252 Καὶ
1743 4201 1851 4271 μὴν
1895 4204 1942 4254 εἰ

278 4294 379 4364 τὴν
420 4291 680 4360 ἀφθονίαν
718 4287 968 4341 ἐϐούλετο
999 4287 1166 4352 δεῖξαι
1209 4285 1317 4340 τῶν
1361 4287 1642 4356 δακρύων,
1694 4288 1851 4358 ἤρκει
1883 4290 1942 4341 τὸ

279 4384 452 4435 εἰπεῖν
470 4399 484 4412 ·
530 4382 632 4433 Ἐν
658 4376 918 4444 δάκρυσί
934 4393 1054 4443 μου
1095 4374 1208 4442 τὴν
1231 4374 1555 4443 στρωμνήν
1574 4394 1693 4444 μου
1718 4376 1935 4444 βρέξω.

277 4467 378 4523 Διά
405 4469 455 4519 τί
480 4463 570 4520 οῦν
601 4462 860 4536 προέταξε
886 4463 968 4528 τὸ,
1001 4463 1248 4520 Λούσω;
1285 4462 1399 4513 ’Ὶνα
1429 4461 1572 4531 δείξῃ
1605 4464 1686 4516 ὅτι
1712 4463 1937 4535 λουτρόν

277 4557 392 4609 ἐστι
419 4555 512 4607 καὶ
537 4553 831 4622 καθάρσιον
859 4550 1268 4619 ἁμαρτημάτων
1292 4549 1360 4600 τὰ
1385 4549 1617 4620 δάκρυα.

348 4647 422 4704 ς’.
454 4639 677 4692 Πάντων
707 4635 815 4688 τῶν
848 4634 1033 4686 κακῶν
1063 4634 1209 4685 αἴτια
1231 4632 1296 4685 τά
1319 4634 1711 4703 ἁμαρτήματα.
1738 4636 1835 4687 Διά
1872 4637 1936 4689 τὰ

275 4727 648 4799 ἁμαρτήματα
702 4721 891 4786 λῦπαι,
926 4721 1016 4774 διὰ
1040 4720 1110 4772 τά
1150 4721 1521 4790 ἁμαρτήματα
1555 4722 1813 4791 ταραχαὶ,
1850 4723 1937 4776 διά

270 4816 340 4869 τὰ
363 4813 736 4884 ἁμαρτήματα
764 4809 1008 4879 πόλεμοι,
1043 4808 1129 4861 διὰ
1156 4809 1225 4861 τὰ
1253 4809 1623 4878 ἁμαρτήματα
1644 4808 1807 4871 νόσοι,
1841 4813 1934 4864 καὶ

272 4903 452 4956 πάντα
483 4902 582 4954 ὅσα
615 4902 746 4969 ἡμῖν
771 4897 1099 4969 προσπίπτει
1135 4897 1360 4950 δυσίατα
1406 4895 1572 4965 πάθη.
1602 4896 1814 4966 ’Ὠσπερ
1842 4895 1935 4952 οῦν

269 4993 320 5044 οἱ
343 4991 555 5060 ἄριστοι
591 4987 698 5040 τῶν
728 4985 926 5055 ἰατρῶν
953 4985 1014 5037 ού
1045 4984 1110 5036 τὰ
1135 4983 1432 5052 φαινόμενα
1465 4981 1612 5051 πάθη
1648 4983 1934 5048 ἐξετάζου-

272 5096 378 5141 σιν,
402 5077 536 5130 ἀλλά
561 5075 657 5145 τὴν
678 5075 852 5127 αἰτίαν
878 5072 984 5126 τῶν
1017 5072 1352 5140 φαινομένων
1381 5071 1728 5141 ἐπιζητοῦσιν
1749 5090 1762 5102 ·
1790 5073 1930 5126 οὕτω

270 5168 367 5220 καὶ
397 5168 427 5218 6
449 5164 636 5234 Σωτὴρ
667 5161 982 5232 βουλόμενος
1009 5160 1176 5224 δεῖξαι
1210 5158 1428 5210 πάντων
1460 5157 1568 5210 τῶν
1601 5159 1790 5212 κακῶν
1825 5161 1932 5215 τῶν

267 5259 329 5310 ἐν
358 5252 662 5322 ἀνθρώποις
698 5248 874 5302 αἰτίαν
916 5249 1012 5318 τὴν
1044 5247 1335 5317 ἁμαρτίαν,
1361 5248 1495 5316 φησὶ
1520 5247 1598 5316 τῷ
1624 5249 1934 5318 παραλελυ-

272 5342 419 5412 μένῳ
442 5339 502 5392 τδ
531 5338 686 5407 σῶμα
711 5355 722 5366 ·
754 5335 939 5404 ἐπειδὴ
974 5329 1111 5386 εἶδεν
1141 5333 1301 5386 αὐτὸν
1329 5334 1356 5384 6
1384 5334 1568 5402 ἰατρὸς
1603 5334 1712 5386 τῶν
1744 5336 1930 5404 ψυχῶν

267 5428 533 5501 πρότερον
559 5424 654 5494 τὴν
701 5422 877 5492 ψυχὴν
927 5420 1322 5492 παραλυθέντα,
1358 5423 1451 5473 καὶ
1496 5423 1613 5475 τότε
1645 5422 1706 5473 τὸ
1749 5423 1927 5494 σῶμα,

265 5514 417 5581 λέγει
447 5511 580 5580 πρὸς
611 5509 795 5561 αὐτόν·
827 5507 968 5571 Ἴδε,
994 5505 1168 5574 ὑγιὴς
1193 5505 1465 5575 γέγονας,
1501 5509 1712 5572 μηκέτι
1749 5508 1932 5576 ἁμάρ.

264 5618 429 5664 tam,
461 5600 560 5652 ἵνα
583 5597 667 5666 μὴ
698 5595 899 5666 χεῖρόν
934 5596 990 5647 τί
1019 5612 1118 5648 σοι
1146 5594 1407 5661 γένηται.
1444 5593 1652 5644 Οὐκοῦν
1696 5596 1791 5648 καὶ
1827 5596 1929 5665 τῆς

264 5685 646 5759 προλαϐούσης
695 5683 1003 5755 ἀρρωστίας
1050 5683 1219 5736 αἴτιον
1260 5682 1291 5752 ἡ
1339 5680 1606 5753 ἁμαρτία·
1641 5681 1800 5735 τοῦτο
1830 5684 1927 5734 καὶ

265 5777 470 5846 ζημίας
506 5774 702 5828 αἴτιον·
735 5771 892 5826 τοῦτο
933 5771 1026 5825 καὶ
1060 5769 1256 5840 λύπης,
1308 5769 1465 5823 τοῦτο
1508 5769 1601 5823 καὶ
1636 5770 1925 5840 συμφορᾶς

3640 317 3741 372 552

2085 422 2302 492 ἁπάσης
2336 422 2589 487 ὑπόθεσις
2637 423 2863 492 γίνεται.
2911 422 3058 495 Πλὴν
3093 425 3355 496 θαυμάζω
3403 429 3593 494 ἐκεῖνο,
3625 430 3743 495 πῶς

2081 508 2178 579 τὴν
2211 509 2385 581 λύπην
2408 511 2501 563 ἀπ’
2535 511 2711 582 ἀρχῆς
2747 510 2824 582 τῷ
2849 511 3121 584 ἀνθρώπῳ
3152 513 3275 576 δοὺς
3306 515 3334 565 6
3363 513 3494 580 Θεὸς
3525 515 3611 570 διὰ
3642 518 3743 589 τὴν

2082 596 2356 667 ἁμαρτίαν
2386 599 2451 667 τῇ
2479 598 2750 667 ἀποφάσει
2773 598 2871 669 τὴν
2895 599 3170 668 ἀπόφασιν
3196 599 3332 665 λύει,
3365 601 3460 653 καὶ
3488 605 3552 674 τῇ
3583 621 3744 659 κατα-

2079 683 2204 756 δίκῃ
2234 684 2330 756 τὴν
2368 686 2667 758 καταδίκην
2702 687 2984 741 ἐκϐάλλει·
3012 689 3106 740 καὶ
3128 690 3294 753 ὅπως,
3329 689 3517 743 ἄκουε.
3554 691 3738 764 Ἐδόθη

2079 771 2221 844 λύπη
2243 773 2330 826 διά
2352 775 2448 844 τὴν
2478 775 2772 844 ἁμαρτίαν,
2806 775 2900 829 καὶ
2940 775 3028 830 διά
3059 775 3235 846 λύπης
3263 776 3446 829 λύεται
3476 778 3737 849 ἁμαρτία.

2078 859 2317 930 Πρόσεχε
2347 861 2588 931 ἀκριϐῶς
2608 879 2623 893 ·
2651 865 2717 932 τῇ
2746 863 2965 932 γυναικὶ
2997 863 3236 916 ἀπειλῶν
3265 866 3291 917 6
3327 863 3478 928 Θεὸς,
3528 865 3624 919 καὶ
3650 865 3738 920 διά

2076 947 2174 1017 τὴν
2198 949 2509 1019 παράϐασιν
2535 950 2630 1020 τὴν
2657 951 2926 1021 τιμωρίαν
2949 951 3190 1020 ἐπάγων,
3217 951 3350 1021 φησὶ
3375 953 3508 1022 πρὸς
3532 954 3700 1023 αὐτήν
3719 970 3736 986 ·

2091 1035 2184 1086 Ἐν
2206 1037 2430 1100 λύπαις
2458 1036 2598 1104 τέξῃ
2623 1036 2829 1090 τέκνα·
2864 1039 2959 1090 καὶ
2987 1038 3154 1104 ἔδειξε
3190 1041 3401 1111 καρπὸν
3428 1042 3526 1110 τῆς
3563 1042 3739 1112 ἀμαρ-

2076 1121 2216 1184 τίας,
2253 1123 2350 1193 τὴν
2393 1122 2568 1193 λύπην
2593 1140 2604 1152 ·
2649 1124 2748 1176 ἀλλ
2773 1165 2786 1188 ,
2818 1123 2863 1176 ῶ
2900 1125 2993 1177 τοῦ
3026 1126 3434 1198 μεγαλοδώρουί
3476 1129 3503 1180 ὂ
3541 1128 3738 1183 ἔδωκεν

2077 1209 2156 1271 είς
2181 1211 2470 1280 τιμωρίαν,
2511 1210 2802 1280 μετέϐαλεν
2828 1214 2908 1274 είς
2934 1214 3227 1283 σωτηρίαν.
3257 1215 3526 1285 Ἀμαρτία
3561 1215 3737 1286 λύπην

2077 1296 2362 1367 ἐγέννησε·
2413 1297 2556 1367 λύπη
2608 1295 2707 1368 τὴν
2755 1299 3031 1369 ἁμαρτίαν
3082 1301 3359 1364 ἀνάλωσε,
3402 1305 3497 1355 καὶ
3549 1302 3737 1373 ῶσπερ

2078 1383 2291 1454 σκώληξ
2341 1386 2448 1439 ἀπὸ
2492 1387 2586 1439 τοῦ
2615 1387 2773 1450 ξύλου
2828 1388 3179 1457 τικτόμενος,
3229 1389 3362 1442 αὐτὸ
3409 1391 3621 1461 δαπανᾷ
3675 1391 3738 1442 τὸ

2077 1468 2262 1534 ξύλον·
2299 1470 2442 1525 οὕτω
2473 1474 2566 1525 καὶ
2597 1477 2628 1545 ἡ
2684 1477 2827 1546 λύπη
2873 1475 3123 1544 τεχθεῖσα
3150 1475 3256 1529 ἀπὸ
3293 1477 3390 1545 τῆς
3437 1477 3733 1546 ἁμαρτίας,

2075 1558 2358 1611 ἀναλίσκει
2408 1561 2506 1630 τὴν
2545 1562 2835 1631 ἁμαρτίαν,
2876 1562 2961 1614 διὰ
2992 1563 3090 1631 τῆς
3136 1564 3420 1632 μετανοίας
3467 1581 3737 1634 προσαγο-

2078 1645 2235 1715 μένη.
2265 1645 2362 1715 Διά
2395 1646 2550 1699 τοῦτό
2579 1665 2742 1717 φησιν
2773 1651 2800 1701 ό
2837 1649 3048 1712 Παῦλος
3068 1664 3082 1680 ’
3127 1651 3194 1704 ἸΙ
3223 1652 3372 1704 κατά
3399 1651 3549 1704 Θεὸν
3567 1653 3733 1720 λύπη

2069 1732 2389 1801 μετάνοιαν
2445 1737 2532 1798 εἰς
2565 1737 2866 1803 σωτηρίαν
2905 1738 3351 1806 ἀμεταμέλητον
3381 1738 3528 1810 [³556]
3573 1740 3737 1809 ἐργά-

2073 1820 2242 1880 ζεται.
2273 1820 2425 1890 Καλὴ
2458 1824 2489 1892 ή
2521 1822 2662 1892 λύπη
2707 1826 2819 1884 τοῖς
2846 1824 3081 1892 γνησίως
3137 1826 3459 1893 μετανοοῦσι
3481 1841 3493 1854 ·
3533 1827 3732 1896 πρέπει

2071 1913 2182 1972 τοῖς
2213 1910 2580 1978 ἁμαρτάνουσι
2603 1911 2661 1962 τὸ
2686 1911 2824 1981 ὑπὲρ
2847 1914 2944 1981 τῆς
2973 1914 3241 1982 ἁμαρτίας
3276 1914 3469 1976 πένθος
3491 1932 3502 1946 ·
3528 1916 3732 1968 Μακά-

2064 2013 2182 2063 ριοι
2205 1999 2310 2065 γὰρ
2338 2001 2389 2049 οί
2422 1997 2802 2062 πενθοῦντες,
2826 1998 2914 2050 ὅτι
2942 2000 3109 2052 αὐτοί
3139 2003 3728 2070 παρακληθήσονται.

2071 2082 2346 2152 Πένθησον
2379 2084 2476 2152 τὴν
2523 2084 2815 2153 ἁμαρτίαν,
2865 2085 2948 2136 ἵνα
2986 2086 3058 2156 μὴ
3107 2085 3382 2160 θρηνήσῃς
3422 2089 3521 2159 τὴν
3565 2107 3732 2160 τιμω-

2073 2169 2192 2240 ρίαν
2213 2187 2226 2199 ·
2259 2170 2592 2238 ἀπολόγησαι
2632 2170 2709 2239 τῷ
2737 2174 2916 2242 κριτῇ,
2954 2176 3082 2242 πρὶν
3133 2173 3293 2245 ἔλθῃς
3322 2177 3402 2237 εἰς
3434 2176 3492 2227 τὸ
3536 2180 3728 2248 κριτήιο

2073 2274 2203 2326 ριον.
2240 2259 2310 2309 ’Ἡ
2342 2258 2439 2309 οὐκ
2467 2253 2632 2320 οἶδας,
2659 2259 2740 2310 ὅτι
2770 2259 2966 2320 πάντες
2999 2262 3044 2312 οἱ
3072 2259 3382 2330 βουλόμενοι
3411 2262 3729 2333 δυσωπῆσαι

2066 2345 2157 2397 τὸν
2211 2345 2434 2416 κριτὴν,
2486 2345 2584 2397 ούκ
2619 2347 2674 2398 ἐν
2723 2347 2859 2415 αὐτῇ
2908 2349 2972 2416 τῇ
3012 2347 3195 2400 ἐτάσει
3223 2349 3321 2418 τῆς
3360 2349 3514 2420 δίκης
3561 2351 3726 2422 θερα·

2069 2430 2342 2494 πεύουσιν,
2383 2430 2520 2482 ἀλλά
2558 2431 2686 2500 πρὶν
2726 2430 2986 2483 εἰσελθεῖν
3026 2434 3105 2496 είς
3147 2433 3208 2485 τὸ
3235 2436 3542 2509 κριτήριον,
3574 2440 3606 2507 ἢ
3638 2438 3726 2492 διά

2068 2518 2256 2588 φίλων,
2291 2517 2322 2589 ἢ
2348 2518 2434 2570 διὰ
2457 2518 2796 2589 προστατῶν,
2833 2519 2864 2589 ἢ
2896 2519 2960 2571 δι’
3000 2520 3187 2590 ἑτέρου
3227 2523 3430 2592 τρόπου
3461 2523 3604 2587 τινὸς
3635 2526 3726 2580 τὸν

2063 2606 2324 2675 δικαστὴν
2375 2605 2803 2675 θεραπεύουσιν;
2837 2607 3044 2659 Οὐκοῦν
3090 2609 3184 2660 καὶ
3229 2611 3321 2661 ἐπὶ
3372 2610 3465 2663 τοῦ
3497 2611 3631 2663 Θεοῦ
3667 2616 3726 2665 ἐν

2063 2693 2139 2764 τῷ
2169 2692 2344 2764 καιρῷ
2376 2692 2469 2745 τοῦ
2514 2693 2756 2763 βήματος
2790 2694 2890 2746 οὐκ
2921 2694 3036 2746 ἔστι
3079 2698 3263 2749 πεῖσαι
3307 2697 3399 2750 τὸν
3427 2699 3687 2770 δικαστήν
3710 2719 3724 2732 ·

2063 2781 2168 2853 πρὸ
2195 2781 2250 2834 δὲ
2277 2781 2369 2833 τοῦ
2407 2780 2598 2851 καιροῦ
2632 2783 2730 2850 τῆς
2760 2781 2994 2851 κρίσεως
3025 2782 3248 2835 δυνατὸν
3287 2783 3604 2854 δυσωπῆσαι
3630 2787 3724 2839 τὸν

2064 2871 2272 2938 κριτήν.
2299 2869 2496 2936 Διόπερ
2523 2868 2705 2934 ἔλεγεν
2727 2870 2753 2919 6
2775 2868 2933 2920 Δαυῖδ
2955 2889 2963 2898 υ
2989 2871 3432 2940 Προφθάσωμεν
3458 2874 3522 2925 τό
3547 2877 3726 2941 πρόσ-

2062 2973 2223 3007 ωπον
2251 2955 2433 3008 αὺτοῦ
2457 2955 2526 3006 ἑν
2556 2954 3009 3024 ἐξομολογήσει.
3046 2957 3190 3009 Ἐκεῖ
3211 2957 3300 3009 τὸν
3335 2959 3508 3028 μέγαν
3534 2962 3723 3032 κριτὴν

2060 3045 2118 3094 οὺ
2173 3041 2590 3111 παραλογίζεται
2649 3043 2892 3110 ρητόρων
2941 3042 3138 3113 τέχνη·
3173 3044 3233 3095 οὐ
3273 3043 3510 3098 δυσωπεῖ
3561 3047 3722 3101 δυνα-

2062 3129 2240 3181 στεία·
2284 3127 2551 3198 ἀξιώματι
2596 3129 2654 3179 ού
2689 3129 2962 3181 πείθεται·
2997 3132 3286 3200 πρόσωπον
3331 3132 3431 3184 οὐκ
3475 3133 3724 3202 αἰσχύνε-

2057 3234 2181 3269 ται·
2213 3217 2488 3286 χρήμασιν
2522 3217 2582 3268 ού
2624 3217 3018 3287 διαφθείρεται,
3059 3218 3193 3272 ἀλλὰ
3224 3219 3430 3290 φοϐερά
3468 3224 3584 3274 ἐστι
3626 3227 3722 3278 καὶ

2057 3305 2406 3374 ἀδυσώπητος
2437 3305 2470 3374 ή
2496 3304 2876 3374 δικαιοκρισία.

2141 3391 2405 3444 Ἐνταῦθα
2432 3403 2458 3431 ει
2491 3388 2582 3444 οὖν
2608 3391 2700 3443 τὸν
2733 3393 2927 3462 κριτὴν
2949 3392 3376 3463 δυσωπήσωμεν,
3417 3397 3510 3450 καὶ
3543 3415 3722 3467 παρα-

2056 3481 2407 3550 καλέσωμεν·
2467 3479 2698 3533 ὲνταῦθα
2758 3481 2922 3532 παντὶ
2982 3480 3155 3533 σθένει
3210 3481 3722 3555 καθικετεύσωμεν,

2054 3567 2167 3622 ἀλλ’
2213 3571 2272 3622 ού
2322 3570 2599 3640 χρήμασι·
2653 3567 2852 3638 μᾶλλον
2891 3568 2968 3632 δὲ,
3028 3570 3076 3620 εί
3121 3568 3224 3640 χρὴ
3267 3570 3473 3641 τάληθῆ
3514 3572 3717 3641 λέγειν,

2056 3660 2302 3714 πείθεται
2332 3660 2426 3710 καὶ
2471 3658 2743 3727 χρήμασιν
2775 3660 2802 3710 ὁ
2831 3657 3227 3726 φιλάνθρωπος,
3253 3659 3352 3712 ούκ
3385 3660 3544 3724 αὐτὸς
3567 3661 3719 3731 δεχό-

2057 3767 2236 3820 μενος,
2267 3746 2401 3800 ἁλλά
2435 3747 2520 3798 διὰ
2547 3746 2654 3797 τῶν
2696 3748 2962 3816 πενήτων.
2995 3746 3093 3808 Δὸς
3121 3747 3402 3816 πενομένῳ
3439 3751 3716 3819 χρήματα,

2053 3837 2145 3888 καὶ
2165 3836 2256 3887 τὸν
2280 3832 2472 3904 κριτὴν
2497 3831 2875 3902 ἐδυσώπησας.
2902 3832 3086 3885 Ταῦτα
3105 3832 3161 3885 δὲ
3191 3833 3332 3902 λέγω
3351 3835 3718 3906 οἰκειούμενος

2052 3925 2216 3993 ὑμᾶς,
2247 3920 2432 3990 ἐπειδὴ
2489 3919 2748 3989 μετάνοια
2781 3920 2936 3983 ἐκτὸς
2979 3921 3347 3993 ἐλεημοσύνης
3394 3925 3562 3995 νεκρά
3597 3927 3718 3980 ἐστι

2051 4011 2145 4064 καὶ
2196 4009 2466 4075 ἄπτερος·
2515 4008 2575 4059 ού
2630 4004 2849 4059 δύναται
2904 4008 3162 4077 μετάνοια
3209 4010 3596 4080 πτερωθῆναι,
3638 4013 3714 4084 μὴ

2051 4098 2250 4166 ἔχουσα
2283 4093 2484 4163 πτερὸν
2521 4092 2909 4163 ἐλεημοσύνης.
2937 4094 3033 4146 Διὰ
3054 4093 3212 4146 τοῦτο
3235 4094 3310 4165 τῷ
3335 4097 3512 4161 καλῶς
3547 4116 3713 4168 μετα-

2051 4187 2302 4255 νοήσαντι
2325 4181 2606 4252 Κορνηλίῳ
2629 4181 2821 4250 πτερὸν
2847 4182 3061 4248 ἐγένετο
3089 4183 3185 4251 τῆς
3207 4183 3484 4246 εὐσεϐείας
3513 4187 3544 4254 ἡ
3568 4184 3715 4255 ἐλεη-

2053 4271 2259 4343 μοσύνη
2277 4288 2288 4299 ·
2318 4273 2386 4323 Ai
2410 4269 2813 4337 ἐλεημοσύναι
2841 4284 2957 4322 σου
2979 4268 3107 4340 γάρ,
3141 4272 3291 4339 φησὶ,
3325 4271 3424 4324 καί
3450 4276 3508 4325 αἱ
3529 4290 3713 4340 προσ-

2047 4359 2221 4426 ευχαί
2270 4374 2385 4410 σου
2435 4359 2520 4420 είς
2567 4357 2826 4423 οὐρανίην
2874 4355 3202 4423 ἀνέϐησαν.
3255 4358 3340 4419 Ὠς
3373 4359 3421 4410 εἰ
3473 4359 3547 4430 μὴ
3597 4356 3711 4430 εἶχε

2048 4446 2246 4515 πτερὸν
2274 4444 2368 4513 τὴν
2398 4443 2766 4514 ἐλεημοσύνην
2799 4446 2831 4512 ή
2867 4445 3146 4512 μετάνοια,
3180 4445 3278 4497 οὐκ
3325 4445 3391 4498 ἂν
3443 4447 3522 4510 εἰς
3555 4448 3712 4518 ούρα-

2044 4535 2133 4588 νὺν
2177 4532 2472 4602 ἐχώρησεν.
2517 4531 2807 4600 Ἀνέῳκται
2835 4527 2926 4583 οὖν
2969 4533 3207 4600 σήμερον
3241 4533 3530 4603 ὲμπορεῖον
3563 4535 3710 4607 ἐλεη-

2049 4621 2284 4691 μοσύνης
2305 4638 2316 4649 ·
2364 4619 2579 4689 ὁρῶμεν
2615 4622 2721 4687 γὰρ
2753 4619 2875 4680 τοὺς
2909 4618 3286 4687 αἰχμαλώτους
3321 4621 3414 4672 καὶ
3447 4622 3572 4683 τοὺς
3605 4625 3706 4676 πέ-

2044 4725 2242 4776 νητας·
2279 4706 2490 4776 ὁρῶμεν
2519 4707 2641 4768 τοὺς
2667 4708 2724 4757 ἐν
2754 4707 2926 4776 ἀγορᾷ
2975 4707 3457 4777 περιφερομένους,
3492 4709 3706 4780 ὁρῶμεν

2041 4799 2164 4860 τοὺς
2216 4796 2470 4865 βοῶντας,
2514 4793 2729 4864 ὁρῶμεν
2759 4795 2884 4856 τοὺς
2923 4793 3274 4862 δακρύοντας,
3320 4795 3536 4864 ὁρῶμεν
3581 4799 3704 4860 τοὺς

2045 4885 2327 4945 στένοντας
2354 4902 2364 4914 ·
2398 4885 2703 4952 πανήγυρις
2734 4883 2866 4950 ἡμῖν
2893 4882 3173 4951 πρόκειται
3205 4883 3510 4952 θαυμαστὴ,
3540 4901 3705 4955 πανη-

2039 4973 2250 5044 γύρεως
2267 4972 2321 5023 6‘5
2345 4971 2494 5023 οὐδὲν
2513 4969 2699 5038 ’έτερόν
2724 4971 2868 5021 ἐστιν
2896 4969 3238 5038 ἐπάγγελμα,
3265 4973 3354 5022 καὶ
3376 4972 3451 5042 τῷ
3475 4975 3702 5046 ἐμπόρῳ

2040 5061 2190 5113 οὐδὲν
2234 5059 2419 5129 ἕτερόν
2467 5060 2580 5109 ἐστι
2616 5057 2889 5127 φρόνημα.
2929 5057 3060 5127 ἢτὰ
3108 5058 3164 5109 ἐν
3214 5061 3326 5121 τοῖς
3372 5059 3550 5124 ὠνίοις
3597 5063 3702 5116 ὀλί-

2038 5165 2134 5216 γου
2164 5148 2261 5217 μὲν
2283 5147 2569 5215 ἀγοράσαι,
2621 5145 2810 5197 πολλοῦ
2841 5145 2895 5196 δὲ
2928 5145 3200 5213 πωλῆσαι.
3245 5147 3355 5216 Ούχ
3401 5138 3554 5212 οὗτος
3588 5153 3696 5205 τῶν

2039 5233 2293 5302 ἐμπόριον
2340 5232 2569 5284 ἑκάστου
2600 5233 2627 5283 6
2659 5230 2888 5295 σκοπός;
2925 5230 2997 5300 μὴ
3053 5231 3119 5282 δι’
3161 5231 3346 5302 ἕτερόν
3382 5251 3433 5285 τι
3480 5235 3701 5291 ὲπιϐἀλ-

2038 5320 2188 5373 λεταί
2229 5337 2310 5381 τις
2352 5323 2418 5390 τῇ
2460 5319 2717 5390 ἐμπορίᾳ,
2751 5319 2783 5389 ἢ
2822 5319 2907 5372 ἵνα
2947 5318 3015 5369 τὰ
3057 5319 3250 5388 μικροῦ
3283 5321 3563 5391 ἐωνημένα
3598 5342 3697 5393 με-

2038 5409 2204 5479 γάλου
2253 5407 2568 5480 διαπωλήσῃ
2591 5448 2604 5469 ,
2646 5408 2739 5460 καὶ
2773 5408 2882 5478 ἄρῃ
2916 5406 3492 5479 πολυπλασιαζομένην
3545 5414 3696 5484 αὐτῷ

2034 5497 2133 5568 τὴν
2162 5497 2460 5567 ἐμπορίαν;
2488 5497 2753 5566 Τοιαύτην
2780 5493 2870 5549 οὖν
2899 5498 3203 5568 πανήγυριν
3237 5496 3541 5568 προέθηκεν
3564 5502 3694 5571 ήμῖν

2035 5588 2064 5640 6
2094 5586 2254 5647 Θεὸς·
2291 5585 2472 5652 ὀλίγου
2502 5585 2601 5647 τὰς
2644 5585 2988 5649 δικαιοσύνας
3030 5586 3335 5656 ἀγόρασον,
3381 5587 3466 5641 ἵνα
3496 5588 3694 5646 πολλοῦ

2039 5672 2433 5746 μεταπωλήσῃς
2461 5674 2516 5725 ἐν
2536 5675 2612 5742 τῷ
2651 5675 2926 5744 μέλλοντι·
2959 5676 3012 5728 εί
3037 5692 3099 5743 γε
3135 5674 3214 5727 δεῖ
3248 5676 3589 5747 μετάπρασιν
3617 5678 3693 5730 εἰ·

2097 5779 2126 5809 ⁸
2152 5776 2286 5829 Unus
2310 5777 2432 5840 Reg.
2460 5777 2662 5828 ἐντεῦθεν
2691 5779 2778 5828 bis.
