4066 6392
329 339 438 394 τιὗὸ

337 456 460 508 πεῖν
491 454 588 527 τὴν
624 455 997 511 ἀνταπόδοσιν.
1046 456 1405 528 Ἐνταῦθανδΰ
1433 458 1628 527 ὀλίγων
1663 459 1993 530 ἀγοράζεται

335 542 672 614 δικαιοσύνη,
701 543 770 596 δι’
803 543 1051 607 εὐτελοῦς
1095 544 1407 615 κλάσματος
1437 547 1624 616 ἄρτου,
1651 547 1718 600 δι’
1753 546 1999 610 εὐτελοῦς

340 627 578 696 ίματίου,
619 625 708 679 διὰ
737 625 996 696 ποτηρίου
1037 625 1243 696 ψυχροῦ
1271 644 1284 657 ·
1328 630 1432 694 Ὃς
1465 631 1688 697 ποτίσῃ
1719 629 2003 698 ποτήριον

337 709 603 780 ψυχροῦ,
633 709 794 779 ἀμὴν
835 710 988 778 λέγω
1023 709 1182 779 ὑμῖν,
1223 711 1386 781 φησὶν
1418 713 1446 763 6
1489 713 1588 782 τῆς
1624 714 2003 785 πνευματικῆς

343 797 616 868 ἐμπορίας
669 796 985 861 διδάσκαλος
1012 838 1026 862 ,
1080 800 1153 851 οὐ
1199 798 1286 868 μὴ
1326 799 1602 869 ἀπολέσῃ
1636 801 1743 853 τὸν
1783 801 2005 869 μισθὸν

337 885 547 951 αὐτοῦ.
569 885 834 956 Ποτήριον
857 883 1067 955 ψυχροῦ
1091 884 1377 955 ἔμμισθον,
1414 887 1605 955 ίμάτια
1634 888 1727 940 καὶ
1747 887 2005 958 χρήματα

341 971 592 1041 διδόμενα
637 972 703 1026 δι’
737 973 1058 1042 εὐεργεσίαν
1097 973 1197 1026 οὑκ
1237 973 1512 1044 ἔμμισθα;
1558 975 1876 1028 Τούναντίον
1909 976 2005 1045 μὲν

341 1054 430 1112 οὖν
473 1061 570 1112 καὶ
606 1059 934 1128 πολύμισθα.
969 1060 1068 1113 Διά
1101 1060 1151 1113 τί
1187 1057 1280 1114 οὖν
1327 1063 1585 1132 ποτήριον
1628 1063 2003 1132 ἐμνημόνευσε

341 1148 584 1220 ψυχροῦς
627 1149 924 1204 ’Δδάπανον
963 1146 1112 1203 εἶπεν
1141 1151 1510 1222 ἐλεημοσύνην
1533 1169 1546 1182 ·
1576 1151 1653 1221 τῷ
1683 1153 1788 1222 γὰρ
1812 1151 2006 1222 ψυχρῷ

337 1236 466 1289 οὐτε
497 1235 650 1301 ξύλον
689 1237 1020 1301 ἀναλίσκεις,
1051 1238 1172 1291 οῦτε
1205 1239 1392 1310 ἔτερόν
1423 1257 1470 1292 τι
1503 1239 1912 1310 προσδαπανᾷς.
1944 1239 2005 1290 Εἰ

339 1323 388 1378 δ’
424 1325 557 1378 ὅπου
600 1325 871 1389 ἀδάπανος
910 1329 942 1396 ἠ
993 1327 1156 1389 δόσις,
1197 1327 1429 1388 τοσαύτη
1464 1327 1563 1396 τῆς
1605 1327 1922 1398 εὐεργεσίας
1972 1328 2005 1398 ή

345 1412 524 1483 χάρις,
565 1411 692 1466 ἔνθα
727 1414 955 1484 ἱματίων
1001 1413 1250 1482 ἀφθονία,
1300 1413 1450 1485 [337]
1504 1413 1802 1484 χρημάτων
1841 1428 2009 1484 χορη-

345 1500 464 1570 γία,
493 1500 601 1554 τῶν
636 1501 810 1554 ἄλλων
843 1500 1063 1568 ἀγαθῶν
1091 1503 1124 1571 ἡ
1156 1500 1440 1571 περιουσία
1462 1542 1478 1566 ,
1513 1501 1674 1553 πόσον
1717 1501 2012 1570 ἀπεκδέχεο

346 1590 472 1644 σθαι
503 1590 608 1661 χρὴ
641 1591 832 1661 μισθὸν
865 1591 1016 1660 παρά
1047 1590 1140 1643 τοῦ
1165 1591 1373 1643 δικαίου
1397 1590 1620 1661 κριτοῦ;
1665 1591 1750 1642 Ἐν
1775 1591 1884 1660 ὅσῳ
1917 1585 2010 1642 οῦν

348 1678 663 1750 πρόκεινται
713 1680 767 1732 αί
812 1679 1002 1748 ἀρεταὶ
1047 1678 1228 1746 ὀλίγου
1280 1678 1663 1748 πωλούμεναι,
1716 1677 1870 1750 παρὰ
1915 1677 2010 1730 τοῦ

351 1765 732 1837 μεγαλοδώρου
781 1765 1056 1835 λάϐωμεν,
1100 1767 1454 1836 ἀρπάσωμεν,
1516 1765 1898 1837 ἀγοράσωμεν.
1947 1767 2011 1818 Ol

346 1853 639 1923 διψῶντες
660 1893 674 1915 ,
717 1854 868 1922 φησὶ,
903 1855 1229 1922 πορεύεσθε
1266 1854 1358 1921 ἐφ’
1392 1852 1578 1920 ὕδωρ,
1623 1854 1721 1906 καί
1763 1854 1896 1907 ὅσοι
1924 1853 2010 1922 μὴ

346 1941 515 2010 ἔχετε
563 1942 864 2010 ἀργύριον,
912 1941 1281 2006 βαδίσαντες
1345 1939 1699 2009 ἀγοράσατε.
1769 1942 1858 1994 Ἐν
1903 1943 2014 2010 ὅσῳ

349 2031 636 2101 πρόκειται
665 2031 696 2099 ή
722 2032 1048 2100 πανήγυρις,
1077 2029 1434 2100 ἀγοράσωμεν
1462 2028 1849 2097 ἐλεημοσύνας,
1878 2029 2014 2099 μᾶλ-

348 2114 440 2168 λον
469 2116 526 2169 δὲ
559 2115 645 2168 διά
669 2116 768 2184 τῆς
795 2115 1161 2185 ἐλεημοσύνης
1187 2115 1548 2186 ἀγοράσωμεν
1579 2117 1680 2186 τὴν
1717 2116 2013 2187 σωτηρίαν.

356 2204 588 2275 Χριστὸν
623 2202 825 2265 ἐνδύεις
846 2244 860 2266 ,
910 2203 1125 2271 πτωχὸν
1161 2202 1380 2256 ἐνδύων.
1426 2201 1609 2254 Ταῦτα
1631 2243 1645 2267 ,
1676 2204 1859 2273 φησὶν,
1900 2199 2016 2256 οἶδα

351 2289 532 2353 καλῶς
560 2291 653 2342 καὶ
679 2288 946 2359 ἀκριϐῶς·
979 2290 1149 2341 ταῦτα
1179 2289 1602 2360 προμεμάθηκα,
1626 2290 1684 2341 οὐ
1715 2291 1778 2342 σὺ
1805 2289 2018 2358 πρῶτος

352 2375 599 2441 ἐδίδαξας
622 2393 635 2406 ·
685 2376 746 2429 οὑ
799 2375 952 2446 παρά
982 2376 1074 2428 σοῦ
1118 2376 1277 2428 τοῦτο
1324 2375 1539 2444 πρῶτον
1567 2376 1882 2445 ἀκηκόαμεν
1909 2393 1923 2407 ·
1956 2377 2018 2429 οὑ

354 2462 480 2528 ξένα
505 2462 813 2534 κηρύττεις,
843 2462 956 2516 ἀλλ’
984 2462 1019 2516 ἃ
1051 2462 1310 2534 πολλάκις
1335 2463 1483 2533 ἡμᾶς
1512 2461 1698 2514 πολλοὶ
1738 2462 1846 2514 τῶν
1878 2479 2021 2534 παρ-

353 2550 523 2606 όντων
563 2551 826 2614 ἐδίδαξαν.
881 2546 1012 2603 Οἶδα
1057 2528 1153 2603 καῖ
1203 2551 1386 2614 αὐτὸς,
1424 2546 1560 2613 οἶδα,
1602 2551 1684 2603 ὃτι
1721 2549 1899 2618 ⁸ταῦτα
1929 2552 2023 2605 καὶ

357 2642 427 2699 τά
459 2639 681 2692 τοιαῦτα
731 2637 988 2701 πολλάκις
1038 2637 1411 2707 μεμαθήκατε,
1451 2637 1567 2690 ἀλλ’
1601 2636 1713 2690 εἴθε
1760 2637 2022 2701 πολλάκις

355 2727 640 2801 μαθόντες,
671 2724 771 2778 κᾶν
802 2725 980 2792 ὀλίγον
1007 2725 1067 2776 τὸ
1093 2724 1258 2777 καλὸν
1307 2723 1711 2796 είργαζώμεθα.
1766 2725 1823 2779 Ὀ
1856 2725 2022 2778 ἐλεῶν

358 2812 572 2882 πτωχὸν
597 2811 832 2873 δανείζει
853 2810 989 2880 Θεῷ.
1019 2810 1490 2882 Θεῷδανείσωμεν
1510 2811 1606 2883 τὴν
1633 2812 2024 2883 ἐλεημοσύνην,

357 2901 444 2954 ἵνα
471 2899 598 2971 παρ’
629 2897 794 2951 αὑτοῦ
825 2898 1080 2967 λάθωμεν
1112 2898 1518 2970 φιλανθρωπίας
1550 2900 1842 2955 ἀντίδοσιν.
1890 2901 2026 2952 Ἀλλ’

356 2982 403 3038 ὣ
430 2983 521 3038 τοῦ
550 2985 862 3052 σοφωτάτου
906 2985 1182 3054 ῥήματοςῑ
1221 2985 1273 3036 '0
1295 2984 1482 3038 ἐλεῶν
1509 2987 1748 3055 πτωχὸν
1774 2985 2026 3048 δανείζει

359 3071 502 3136 Θεῷ.
539 3070 636 3124 Διὰ
669 3070 721 3123 τί
753 3067 846 3124 οὖν
872 3071 972 3124 οὐκ
1001 3066 1173 3132 εἶπεν,
1219 3072 1272 3122 Ὁ
1303 3071 1490 3124 ἐλεῶν
1532 3072 1774 3142 πτωχὸν
1811 3073 2023 3128 δίδωσι

361 3159 509 3226 Θεῷ,
544 3158 700 3221 ἀλλά,
739 3157 1037 3223 Δανείζει;
1075 3153 1227 3212 Οἶδεν
1271 3161 1305 3230 ἡ
1358 3159 1549 3230 Γραφὴ
1592 3160 1690 3231 τὴν
1743 3161 2024 3232 ἡμετέραν

359 3247 672 3315 πλεονεξίαν
693 3264 707 3278 ·
737 3247 1038 3319 προσέσχεν
1060 3248 1142 3301 ὅτι
1175 3249 1207 3318 ή
1241 3248 1516 3319 ἀπληστία
1543 3251 1698 3320 ἡμῶν
1736 3251 1872 3320 πρὸς
1902 3251 2029 3304 πλε-

359 3336 566 3401 ονεξίαν
598 3335 868 3405 βλέπουσα
902 3337 994 3388 τὸν
1034 3335 1371 3405 πλεονασμὸν
1404 3337 1575 3406 ζητεῖ.
1618 3339 1725 3391 Καὶ
1755 3338 1843 3391 διά
1869 3339 2029 3391 τοῦτο

359 3424 461 3477 οὐκ
491 3419 643 3476 εἶπεν
670 3422 854 3486 ἁπλῶς
879 3439 892 3453 ·
935 3423 994 3476 '0
1018 3422 1184 3475 ἐλεῶν
1215 3425 1428 3492 πτωχὸν
1450 3423 1632 3476 δίδωσι
1658 3425 1798 3496 Θεῷ,
1827 3427 1913 3479 ἵνα
1953 3427 2028 3497 μὴ

361 3510 538 3580 ἁπλῆν
564 3510 661 3580 τὴν
686 3509 1030 3579 ἀντιμισθίαν
1052 3509 1279 3580 νομίσῃς
1295 3527 1308 3539 ·
1342 3510 1455 3563 ἀλλ’
1488 3511 1552 3563 '0
1571 3510 1758 3564 ἐλεῶν
1791 3513 2030 3581 πτωχὸν

359 3595 609 3657 δανείζει
640 3595 780 3660 Θεῷ.
806 3597 868 3648 Et
890 3595 1191 3659 δανείζεται
1215 3597 1348 3660 Θεὸς
1365 3597 1494 3667 παρ’
1517 3598 1694 3668 ἡμῶν,
1723 3598 1833 3670 ἄρα,
1855 3599 2030 3670 χρεώ-

363 3701 496 3754 στης
526 3682 684 3753 ἡμῶν
723 3685 861 3736 ἐστι.
899 3681 961 3734 Τί
999 3678 1091 3735 οῦν
1139 3682 1313 3746 θέλεις
1363 3685 1525 3738 αὑτὸν
1567 3685 1732 3756 ἔχειν,
1769 3688 1962 3758 κριτὴν
1993 3688 2026 3759 ἢ

359 3769 643 3842 χρεώστην
669 3785 684 3833 ;
717 3770 776 3822 Ὀ
804 3769 1086 3840 χρεώστης
1111 3769 1336 3824 αἰδεῖται
1356 3771 1446 3823 τὸν
1477 3772 1799 3828 δανείσαντα
1816 3792 1829 3805 ·
1855 3777 1884 3828 ὀ
1911 3792 2054 3856 κριπ

359 3860 460 3930 τὴς
491 3860 551 3912 οὐ
582 3860 909 3912 δυσωπεῖται
938 3857 1031 3910 τὸν
1057 3856 1456 3928 δανειζόμενον.

436 3997 502 4062 ζ’.
533 3998 852 4065 Ἀναγκαῖον
878 3996 933 4049 δέ
963 3996 1057 4049 καὶ
1090 3996 1210 4049 καθ’
1245 3997 1427 4068 ἕτερον
1458 3984 1658 4068 τρ’όπον
1693 3998 1840 4059 ἰδεῖν,
1887 3998 2028 4061 τίνος

359 4085 548 4139 ἕνεκεν
588 4086 616 4138 6
641 4083 771 4146 Θεὸς
801 4079 973 4148 εἶπεν,
999 4084 1080 4136 ὅτι
1121 4083 1273 4152 Ἐμοὶ
1301 4081 1535 4147 δανείζει
1561 4087 1588 4137 6
1611 4084 1783 4147 διδοὺς
1809 4083 2027 4154 πτωχῷ.

374 4173 591 4242 Ἐπειδὴ
626 4168 762 4224 εἶδεν
794 4170 951 4242 ἡμῶν
979 4169 1076 4240 τὴν
1106 4170 1423 4236 πλεονεξίαν
1454 4168 1718 4238 ῥέπουσαν
1731 4176 1809 4238 εἰς
1825 4173 2024 4229 πλεον--

370 4261 574 4330 ασμὸν,
645 4260 720 4322 ὡς
760 4258 931 4329 ἔφθην
974 4258 1164 4316 εἰπὼν.
1210 4260 1302 4311 καὶ
1353 4258 1601 4328 μηδαμοῦ
1647 4259 1736 4312 τὸν
1772 4262 2032 4330 χρήματα

361 4348 552 4417 ἔχοντα
583 4344 847 4410 δανείζειν
887 4345 1108 4400 θέλοντα
1141 4344 1266 4398 ἄνευ
1303 4345 1600 4413 ἀσφαλείας
1622 4363 1635 4377 ·
1672 4347 1892 4399 ἀπαιτεῖ
1922 4347 2032 4418 γὰρ

361 4437 392 4489 6
420 4433 681 4499 δανείζων
703 4434 736 4505 ἢ
762 4432 1067 4506 ὑποθήκην,
1093 4435 1126 4505 ἣ
1159 4434 1461 4505 ἐνέχυρα,ἢ
1488 4435 1581 4488 τὸν
1604 4435 2030 4504 ἀντιφωνοῦντα,

364 4523 461 4575 καὶ
498 4522 588 4576 διὰ
637 4520 744 4574 τῶν
787 4521 953 4593 τριῶν
993 4522 1197 4575 τούτων
1234 4521 1542 4590 ἀσφαλειῶν
1596 4522 1916 4591 ἐμπιστεύει
1963 4525 2033 4576 τὰ

367 4609 564 4663 ἐαυτοῦ
587 4611 866 4681 χρήματα,
898 4608 931 4678 ἢ
963 4608 1165 4677 ἐγγύας
1192 4609 1502 4678 δεχόμενος,
1533 4608 1608 4671 ὡς
1637 4607 1808 4679 ἔφθην
1833 4608 2030 4673 εἰπὼν,

364 4694 400 4768 ἢ
440 4695 720 4765 ὑποθήκην
759 4695 1118 4765 πραγμάτων,
1167 4694 1199 4765 ἢ
1235 4695 1463 4766 ἐνέχυρα
1486 4711 1499 4724 ·
1548 4694 1734 4766 ἐπειδὴ
1777 4691 1869 4749 οὖν
1895 4692 2034 4749 είδεν

365 4785 395 4836 6
422 4784 575 4846 Θεὸς,
610 4784 690 4836 ὅτι
725 4782 879 4845 ἐκτὸς
912 4783 1116 4836 τούτων
1153 4782 1330 4848 οὐδεὶς
1363 4780 1614 4846 δανείζει,
1647 4782 1768 4836 οὐδὲ
1799 4785 1877 4846 είς
1913 4784 2034 4852 φιλ-

366 4870 684 4940 ανθρωπίαν
733 4868 949 4939 βλέπει,
987 4869 1102 4923 ἀλλ’
1135 4871 1215 4934 είς
1245 4860 1402 4941 μόνον
1427 4871 1488 4924 τὸ
1518 4870 1707 4942 κέρδος
1738 4871 1860 4942 ὁρᾷ,
1895 4871 2034 4924 πάν-

366 4975 476 5012 των
503 4958 558 5011 δὲ
584 4957 788 5010 τούτων
810 4957 1011 5028 ἔρημος
1037 4960 1065 5010 6
1090 4959 1322 5028 πτωχὸς,
1345 4960 1444 5029 οὐχ
1468 4959 1748 5029 ὑποθήκην
1773 4958 1908 5028 έχων
1929 4975 1941 4986 '
1974 4961 2033 5011 οὐ

368 5045 744 5117 κέπηταιγάρ
758 5045 926 5098 οὐδέν·
943 5047 1041 5098 οὐκ
1065 5046 1294 5117 ἐνέχυρα
1322 5047 1522 5118 φέρων·
1540 5046 1886 5116 γεγύμνωται
1906 5047 2031 5118 γάρ’

367 5135 431 5188 οὐ
477 5134 566 5186 τὸν
595 5132 996 5202 ἀντιφωνοῦντα
1025 5133 1275 5205 παρέχων
1296 5151 1308 5163 ·
1340 5135 1647 5187 ἀπιστεῖται
1681 5133 1789 5205 γάρ
1817 5133 1903 5185 διά
1939 5135 2036 5204 τὴν

368 5221 629 5292 ἀπορίαν·
673 5219 747 5283 ὡς
795 5216 887 5273 οὖν
918 5215 1056 5272 εἶδεν
1095 5221 1254 5273 αὑτὸν
1287 5221 1756 5274 διακινδυνεύοντα
1789 5223 1853 5290 τῇ
1898 5222 2037 5273 ἀπο-

369 5306 482 5382 ρίᾳ,
504 5306 706 5362 καὶτὸν
728 5305 919 5377 ἔχοντα
949 5309 1206 5377 χρήματα
1235 5307 1607 5360 κινδυνεύοντα
1632 5307 1720 5360 διά
1741 5307 1840 5376 τὴν
1863 5308 2037 5359 ἀπαν-

369 5396 636 5467 θρωπίαν,
673 5394 833 5466 μέσον
865 5393 1050 5446 ἐαυτὸν
1085 5395 1471 5466 παρενέθηκεν,
1516 5395 1776 5465 ἐχέγγυον
1822 5395 1918 5464 μὲν
1959 5394 2037 5466 τῷ

369 5485 584 5556 πένητι,
632 5482 879 5553 ἐνέχυρον
923 5480 978 5533 δέ
1022 5480 1099 5550 τῷ
1139 5481 1452 5546 δανείζοντι.
1516 5483 1790 5547 ’Λπιστεῖς
1837 5483 2034 5553 τούτῳ,

371 5571 526 5640 φησὶ,
561 5569 649 5623 διά
696 5568 792 5640 τὴν
819 5568 1080 5639 ἀπορίαν,
1112 5568 1235 5639 ἐμοὶ
1279 5570 1563 5623 πίστευσον
1610 5572 1700 5624 διά
1729 5573 1828 5643 τὴν
1867 5572 2035 5642 ἀφθο-

371 5660 512 5711 νίαν.
547 5652 668 5710 Είδε
699 5656 789 5710 τὸν
828 5655 1062 5726 πτωχὸν,
1103 5657 1199 5709 καί
1227 5656 1452 5727 ἠλέησεν
1476 5674 1492 5688 ·
1526 5653 1636 5710 εἶδε
1666 5658 1756 5711 τὸν
1790 5661 2027 5730 πτωχὸν,

376 5744 467 5800 καὶ
495 5743 555 5796 οὐ
579 5741 860 5814 παρεῖδεν,
890 5742 1003 5797 ἀλλ’
1031 5743 1220 5798 ἐαυτὸν
1247 5743 1442 5797 ἔδωκεν
1467 5744 1726 5816 ἐνέχυρον
1747 5744 1823 5815 τῷ
1861 5746 2027 5816 μηδὲν

1014 349 1018 354 “
1109 342 1166 399 S.
1207 341 1493 399 JOANNIS
1529 341 2018 399 CHRYSOSTOMI
2057 341 2377 401 ARCHIEP.
2417 339 2966 398 CONSTANTINOP.

3649 339 3758 393 3'56

2109 459 2306 529 ἔχοντι,
2337 460 2432 512 καὶ
2457 459 2534 528 τῷ
2561 459 2751 530 ἀπόρῳ
2792 456 3036 528 παρέστη
3067 454 3157 508 διὰ
3183 453 3377 525 πολλὴν
3414 453 3722 526 ἀγαθότητιι
3745 495 3760 515 .

2106 545 2532 616 ἐπαληθεύοντος
2578 545 2671 599 τοῦ
2729 544 2996 614 μακαρίου
3056 539 3220 596 Δανῒδ
3269 544 3336 612 τῇ
3387 541 3768 613 φιλανθρωπίᾳ,

2108 630 2259 702 [558]
2294 630 2485 701 ταύτῃ,
2517 629 2610 683 καὶ
2639 628 2917 697 λέγοντος·
2968 626 3097 680 ’Ὅτι
3142 625 3406 694 παρέστη
3444 623 3514 678 ἐκ
3551 624 3768 690 δεξιῶν

2107 718 2382 785 πένητος.
2451 718 2513 769 '0
2555 715 2742 770 ἐλεῶν
2783 713 3021 782 πτωχὸν
3074 710 3322 772 δανείζει
3365 711 3506 778 Θεῷ.
3540 712 3768 784 Θάρσει,

2108 803 2291 873 φησὶν,
2323 802 2446 872 ἐμοὶ
2471 799 2756 864 δανείζεις.
2787 799 2898 851 Καὶ
2921 798 2973 850 τί
2995 796 3244 850 τοσοῦτον
3265 797 3531 867 κερδαίνω
3557 815 3640 850 σοι
3674 797 3771 850 δα-

2108 889 2328 954 νείζων;
2376 887 2626 942 Μάλιστα
2670 887 2768 956 μὲν
2818 881 2911 938 οὖν
2951 882 3410 954 παρανομώτατον
3447 883 3599 954 παρά
3632 883 3772 937 Θεοῦ

2109 976 2263 1044 λόγον
2304 976 2584 1029 ἀπαιτεῖν·
2627 973 2765 1044 πλὴν
2804 972 2892 1024 ἵνα
2929 971 3257 1040 ωγκαταὸῶ
3301 987 3394 1024 σου
3445 973 3511 1042 τῇ
3546 973 3774 1042 ἀνομίᾳ,

2109 1065 2202 1118 καὶ
2233 1062 2380 1116 λύσω
2409 1065 2474 1132 τῇ
2507 1061 2885 1132 φιλανθρωπίᾳ
2917 1061 3015 1130 τὴν
3043 1060 3367 1131 ἀποτομίαν,
3401 1058 3775 1124 ἀντεξετάσω-

2114 1169 2210 1223 μεν
2243 1150 2377 1222 πρὸς
2404 1149 2597 1203 ταῦτα.
2629 1147 2900 1211 Δανείζων
2930 1150 3043 1211 τοῖς
3074 1147 3253 1210 ἄλλοις
3271 1146 3690 1216 τίκερδαίνεις;
3723 1148 3777 1200 τί

2110 1238 2240 1310 παρ’
2277 1236 2455 1291 αὐτῶν
2491 1238 2570 1299 εἰς
2611 1235 2945 1304 πλεονασμὸν
2989 1234 3296 1305 ἐπιζητεῖς;
3326 1234 3423 1304 οὐχ
3452 1233 3777 1304 ἑκατοστὴν,

2112 1336 2206 1390 ἐὰν
2238 1335 2332 1404 τὴν
2362 1335 2584 1404 ἔννομον
2613 1334 2853 1405 ζητήσῃς
2878 1349 2893 1397 ;
2937 1331 3060 1384 Ἐἀν
3084 1332 3140 1384 δέ
3162 1331 3460 1402 πλεονάσης
3483 1332 3580 1400 τὴν
3608 1331 3785 1400 ἀπλη-

2115 1434 2266 1487 στίαν
2283 1445 2331 1496 α,
2360 1432 2554 1501 διπλῆν
2577 1432 2670 1484 καὶ
2699 1430 2926 1500 τριπλῆν
2953 1428 3220 1501 καρπώσῃ
3244 1426 3341 1498 τὴν
3361 1429 3592 1480 ἀδικίαν.
3638 1428 3784 1496 Ἐγὼ

2113 1531 2169 1584 δέ
2197 1548 2288 1582 σου
2318 1529 2452 1584 νικῶ
2480 1529 2577 1600 τὴν
2622 1527 2960 1592 πλεονεξίαν·
2997 1526 3310 1597 ὑπερϐαίνω
3349 1542 3440 1579 σου
3465 1525 3563 1596 τὴν
3600 1525 3784 1596 ὄρεξιν

2115 1629 2211 1698 τῆς
2240 1627 2572 1697 ἀπληστίας·
2602 1624 2859 1679 καλύπτω
2882 1627 2947 1695 τῇ
2978 1625 3084 1694 ἐμῇ
3129 1623 3359 1695 ἀφθονίᾳ
3388 1623 3486 1694 τὴν
3517 1623 3616 1693 σὴν
3651 1624 3787 1693 ἀμε-

2114 1726 2288 1796 τρίαν.
2320 1726 2391 1778 Σὺ
2425 1723 2719 1793 ἑκατοστὴν
2765 1724 2946 1792 ζητεῖς
2967 1761 2980 1783 ,
3019 1721 3129 1790 ἐγὼ
3156 1721 3213 1774 δέ
3251 1721 3786 1776 ἑκατονταπλασίονα

2113 1822 2306 1892 δίδωμί
2341 1839 2442 1876 σοι.
2474 1816 2608 1874 Εἶτα
2633 1820 2867 1892 δανείζῃ,
2889 1820 3091 1888 Κύριε·
3120 1823 3214 1874 καὶ
3237 1821 3456 1893 δανείζῃ
3487 1823 3619 1892 παρ’
3650 1820 3787 1893 ἐμοῦ

2116 1918 2350 1973 ἐνταῦθα
2381 1919 2478 1988 τὴν
2508 1920 2587 1981 είς
2615 1919 2706 1971 τὸν
2733 1918 2946 1988 πτωχὸν
2979 1918 3372 1988 ἐλεημοσύνην,
3408 1919 3497 1973 ἵνα
3529 1919 3665 1972 πότε
3697 1935 3787 1988 μοι

2115 2015 2288 2068 ταῦτα
2310 2013 2559 2084 ἀποδῷς;
2605 2013 2848 2068 ’Ᾱπαιτῶ
2881 2013 2950 2066 τά
2997 2014 3285 2084 σύμφωνα,
3325 2013 3578 2085 στηρίξαι
3607 2014 3790 2084 βουλό-

2121 2129 2278 2183 μενος
2299 2111 2359 2165 τὸ
2374 2110 2746 2180 συνάλλαγμα.
2772 2111 2870 2173 Δός
2890 2128 2979 2180 μοι
3003 2110 3104 2180 τῆς
3124 2112 3442 2174 ἀντιδόσεως
3459 2111 3552 2164 τὸν
3571 2111 3785 2182 καιρόν·

2116 2211 2298 2280 ὄρισον
2346 2208 2446 2278 τῆς
2490 2203 2816 2277 ἀπολήψεως
2858 2206 2958 2278 τὴν
3005 2206 3366 2277 προθεσμίαν.
3399 2207 3656 2261 Μάλιστα
3694 2208 3791 2278 μὲν

2118 2301 2212 2358 οὖν
2236 2305 2392 2358 τοῦτο
2425 2303 2676 2372 περιττόν
2701 2319 2715 2336 ·
2753 2303 2975 2369 Πιστὸς
3009 2302 3120 2374 γὰρ
3145 2304 3444 2371 Κύριοςέν
3479 2304 3628 2357 πᾶσι
3670 2304 3794 2369 τοῖς

2118 2399 2321 2466 λόγοις
2347 2399 2557 2454 αὐτοῦ.
2595 2398 2809 2468 Ἐπειδὴ
2837 2399 2892 2452 δέ
2921 2398 3041 2462 ἐθος
3083 2400 3177 2453 καὶ
3218 2399 3416 2463 σκοπὸς
3448 2399 3526 2469 τῷ
3551 2399 3794 2464 δανειζοο

2124 2496 2272 2566 μένῳ
2297 2496 2674 2566 εὐγνωμόνως,
2699 2496 2925 2566 χρόνους
2952 2497 3192 2567 μετρεῖν,
3216 2496 3311 2548 καὶ
3331 2496 3543 2566 ἡμέρας
3561 2493 3793 2565 ὁρίζειν,

2123 2593 2284 2648 ἄκουε
2335 2595 2465 2648 πότε
2510 2595 2602 2646 καὶ
2648 2593 2750 2646 ποῦ
2783 2610 2862 2646 σοι
2897 2593 2995 2664 τὴν
3025 2593 3242 2664 ὀφειλὴν
3283 2593 3610 2647 ἀποδίδωσιν
3650 2595 3680 2646 6
3706 2591 3797 2647 διᾶ

2123 2691 2216 2743 τοῦ
2253 2690 2468 2761 πτωχοῦ
2510 2691 2916 2760 δανεισάμενος.
2953 2691 3137 2743 Ὅταν
3178 2691 3397 2759 καθίσῃ
3429 2693 3464 2744 d
3521 2690 3657 2755 Υἱὸς
3686 2689 3797 2743 τοῦ

2123 2787 2438 2855 ἀνθρώπου
2483 2789 2580 2842 ἐπὶ
2620 2789 2836 2856 θρόνου
2871 2789 3056 2856 δόξης
3085 2790 3303 2851 αὑτοῦ,
3334 2789 3431 2842 καὶ
3473 2789 3682 2858 στήσῃ
3724 2790 3802 2843 τὰ

2120 2883 2238 2954 μὲν
2265 2886 2529 2953 πρόϐατα
2557 2885 2624 2936 ἐκ
2653 2883 2867 2949 δεξιῶν
2899 2885 3106 2948 αὑτοῦ,
3144 2883 3215 2938 τὰ
3244 2885 3313 2938 δὲ
3332 2886 3527 2954 ἐρίφια
3553 2885 3622 2949 ἐξ
3647 2889 3798 2940 εὐω-

2125 2981 2348 3050 νύμων,
2401 2981 2499 3034 καὶ
2545 2980 2669 3047 ἐρεῖ
2707 2980 2830 3045 τοῖς
2877 2981 2945 3033 ἐκ
2988 2979 3238 3045 δεξιῶν·
3284 2979 3517 3035 ἐνταῦθα
3560 2981 3801 3052 πρόσεχε

2129 3077 2246 3141 πῶς
2279 3081 2306 3131 6
2339 3077 2619 3150 χρεώστης
2651 3078 2948 3150 εὐγνώμων
2973 3080 3100 3150 περὶ
3126 3079 3216 3132 τὸν
3247 3079 3594 3143 δανείσαντα,
3630 3081 3748 3144 πῶς
3769 3084 3805 3135 6

2126 3177 2509 3247 δανεισάμενος
2540 3177 2676 3248 μετά
2704 3177 2904 3246 πολλῆς
2935 3177 3155 3249 χάριτος
3179 3177 3506 3231 ἀποδίδωσι·
3539 3179 3720 3232 Δεῦτε
3739 3182 3803 3233 οι

2127 3275 2517 3346 εὐλογημένοι
2547 3277 2652 3330 τοῦ
2693 3278 2922 3344 Πατρός
2965 3293 3104 3345 μου,
3149 3278 3646 3352 κληρονομήσατε
3681 3278 3804 3346 τὴν

2128 3371 2579 3442 ἡτοιμασμένην
2615 3371 2756 3441 ὑμῖν
2787 3373 3117 3436 ,βασιλείαν
3147 3375 3264 3428 ἀπὸ
3301 3374 3644 3441 καταϐολῆς
3694 3377 3803 3430 κό-

2129 3484 2308 3538 σμου.
2343 3470 2512 3539 ’Υπὲρ
2539 3470 2737 3535 τίνων;
2776 3469 2896 3522 Ὅτι
2929 3469 3242 3535 ἐπείνασα,
3272 3470 3370 3523 καί
3409 3470 3672 3524 ἐδώκατέ
3699 3490 3807 3540 μοι

2131 3569 2368 3638 φαγεῖν·
2391 3568 2676 3636 ἐδίψησα,
2717 3565 2811 3619 καί
2854 3566 3173 3620 ἐποτίσατέ
3205 3584 3282 3634 με
3306 3585 3321 3598 ·
3359 3568 3587 3636 γυμνὸς
3614 3566 3806 3638 ἥμην,

2130 3665 2229 3717 καὶ
2261 3661 2586 3716 ἐνεδύσατέ
2600 3679 2678 3730 με
2696 3678 2710 3691 ·
2739 3661 2809 3713 ἐν
2835 3659 3102 3729 φυλακῇ,
3135 3661 3232 3714 καὶ
3257 3660 3474 3729 ἤλθετε
3513 3662 3664 3730 πρὸς
3687 3663 3763 3732 μέ
3786 3681 3804 3695 ·

2130 3759 2395 3825 ἀσθενὴς
2429 3757 2610 3826 ἤμην,
2654 3757 2750 3810 καί
2787 3755 3212 3824 ἐπεσκέψασθέ
3245 3773 3354 3826 με·
3396 3755 3570 3824 ξένος
3612 3757 3805 3826 ἥμην,

2131 3857 2228 3910 καὶ
2262 3854 2632 3924 συνηγάγετέ
2659 3872 2755 3923 με.
2803 3851 2937 3908 Εἶτα
2971 3855 3019 3907 οἱ
3046 3853 3228 3916 καλῶς
3259 3856 3319 3907 ἐν
3348 3854 3526 3926 καιρῷ
3550 3854 3810 3926 διακονή-

2133 3969 2344 4015 σαντες,
2375 3953 2453 4014 εἰς
2473 3951 2569 4021 τὴν
2592 3951 2798 4004 οἰκείαν
2822 3950 3101 4004 ἀσθένειαν
3127 3949 3460 4021 ἀφορῶντες,
3480 3953 3575 4004 καὶ
3597 3953 3675 4014 εἰς
3706 3953 3810 4020 τὴν

2131 4041 2287 4108 ἀξίαν
2331 4043 2424 4096 τοῦ
2463 4043 2871 4112 δανεισαμένου,
2905 4042 3150 4110 λέγουσι·
3188 4044 3368 4110 Κύριε
3389 4085 3404 4108 ,
3436 4044 3582 4097 πότε
3613 4060 3688 4096 σε
3724 4045 3811 4096 ετ-

2131 4139 2315 4206 δομεν
2355 4138 2667 4203 πεινῶντα,
2704 4139 2804 4192 καὶ
2853 4139 3223 4208 ἑθρέψαμεν;
3269 4140 3308 4206 ἣ
3355 4138 3646 4208 διψῶντα,
3701 4139 3801 4190 καὶ

2131 4234 2534 4305 ἐποτίσαμεν;
2563 4237 2641 4299 είς
2669 4235 2727 4288 ὃν
2755 4237 2804 4288 οἱ
2825 4235 3092 4305 ὀφθαλμοὶ
3125 4235 3343 4289 πάντων
3369 4235 3676 4298 ἐλπίζουσι,
3712 4238 3812 4288 καὶ

2137 4333 2202 4384 σὺ
2228 4331 2385 4395 δίδως
2416 4333 2514 4403 τὴν
2541 4332 2747 4403 τροφὴν
2780 4332 2960 4386 αὐτῶν
2993 4333 3050 4384 ἐν
3082 4331 3346 4402 ἀφθονίᾳ;
3379 4331 3443 4383 Ὢ
3483 4332 3582 4400 τῆς
3608 4332 3816 4401 πολλῆς

2135 4427 2506 4498 ἀγαθότητοςε
2573 4429 2806 4499 κρύπτει
2855 4428 2954 4498 τὴν
3009 4428 3162 4493 ἀξίαν
3213 4429 3302 4481 διά
3358 4427 3808 4500 φιλανθρωπίαν·

2148 4523 2471 4578 Ἐπείνασα
2503 4525 2610 4594 γὰρ
2639 4526 2737 4578 καὶ
2779 4524 3038 4579 ἐδώκατέ
3060 4543 3160 4595 μοι
3191 4525 3406 4594 φαγεῖν
3425 4540 3438 4554 ·
3469 4524 3515 4578 ὣ
3540 4526 3655 4605 ,τῆς
3691 4527 3816 4578 πολ-

2134 4620 2234 4689 λῆς
2256 4621 2610 4692 ἀγαθότητος,
2658 4622 2704 4674 ὣ
2732 4622 2831 4692 τῆς
2867 4622 3106 4692 ἀμέτρου
3140 4621 3538 4693 χρηστότητοςί
3581 4625 3611 4675 6
3635 4623 3813 4685 διδοὺς

2135 4717 2341 4785 τροφὴν
2371 4716 2517 4786 πάσῃ
2565 4718 2747 4788 σαρκὶ,
2777 4716 2870 4770 καὶ
2894 4716 3124 4786 ἀνοίγων
3155 4717 3251 4779 τὰς
3293 4720 3498 4788 χεῖρας,
3529 4721 3626 4771 καὶ
3656 4721 3815 4790 ἐμπι-

2137 4809 2286 4862 πλῶν
2310 4811 2416 4862 πᾶν
2444 4812 2582 4876 ζῶον
2604 4812 2874 4876 εὐδοκίας,
2917 4814 3222 4876 Ἐπείνων,
3248 4815 3400 4883 φησὶ,
3430 4815 3526 4866 καί
3543 4813 3814 4868 ἐδώκατέ

2131 4924 2232 4974 μοι
2270 4908 2485 4976 φαγεῖν
2507 4926 2521 4940 ·
2550 4911 2610 4962 οὐ
2637 4910 2735 4978 τῆς
2766 4911 2924 4974 ἀξίας
2952 4910 3366 4982 ἐλαττουμένης,
3402 4911 3536 4964 ἀλλά
3563 4911 3667 4980 τῆς
3697 4910 3815 4978 φιλ-

2137 5003 2450 5075 ανθρωπίας
2503 5008 2629 5070 τοὺς
2702 5009 2950 5077 πτωχοὺς
3017 5008 3390 5079 ἐγγυωμένης.
3470 5009 3813 5077 Ἑδίψησσ,

2139 5102 2236 5153 καὶ
2268 5103 2586 5156 ἐποτίσατέ
2616 5121 2710 5173 με.
2743 5105 2842 5167 Τίς
2869 5107 2897 5157 6
2922 5103 3095 5158 ταῦτα
3126 5107 3328 5174 λέγων;
3372 5108 3431 5159 '0
3459 5106 3684 5176 λίμναις
3723 5107 3816 5162 καὶ

2140 5202 2402 5268 ποταμοῖς
2428 5201 2520 5253 καὶ
2547 5205 2750 5271 πηγαῖς
2775 5201 2882 5254 τῶν
2905 5203 3111 5256 ὑδάτων
3141 5203 3238 5273 τὴν
3279 5202 3438 5272 φύσιν
3465 5204 3677 5272 ἐγχέων
3702 5207 3758 5245 ιι·
3789 5209 3817 5259 6

2138 5294 2227 5347 διά
2253 5297 2362 5348 τῶν
2391 5298 2736 5366 Εὐαγγελίων
2767 5299 3009 5367 φάσκων,
3039 5301 3120 5352 ὃτι
3158 5301 3212 5351 ’0
3239 5301 3542 5353 πιστεύων
3569 5303 3660 5368 είς
3686 5303 3814 5371 ἐμὲ,

2140 5393 2334 5459 καθὼς
2376 5391 2545 5448 εἶπεν
2584 5397 2622 5463 ἡ
2663 5397 2894 5465 Γραφὴ,
2942 5399 3196 5466 ποταμοὶ
3235 5397 3302 5451 ἐκ
3355 5401 3596 5466 κοιλίας
3623 5403 3816 5456 αὐτοῦ

2132 5489 2467 5554 ῥεύσουσιν
2498 5492 2716 5559 ὕδατος
2754 5493 2964 5560 ζῶντος
2984 5513 2996 5526 ·
3022 5498 3050 5548 ὀ
3074 5494 3264 5558 εἰπὼν,
3292 5497 3364 5550 Εἴ
3394 5514 3484 5562 τις
3508 5496 3660 5566 διψᾷ
3678 5541 3695 5564 ,
3731 5500 3816 5569 ἐρ-

2139 5583 2337 5654 χέσθω
2378 5587 2526 5654 πρὸς
2557 5587 2655 5656 μὲ,
2698 5590 2796 5643 καὶ
2825 5590 3059 5645 πινέτω.
3113 5592 3290 5656 Ἀλλὰ,
3337 5594 3584 5662 Γυμνός
3624 5593 3812 5665 ἤμην,

2213 5699 2229 5774 ς
2252 5700 2401 5774 ξενίιἶ
2427 5710 2627 5774 et_um_ls
2645 5707 2768 5770 Reg.
2791 5709 3052 5772 πλεονάσῃς
3072 5712 3157 5768 τήν
3179 5710 3419 5760 ἀπιστίαν.

2203 5760 2233 5802 δ
2254 5763 2462 5816 Savilius
2479 5767 2670 5831 ἑκχέων.
