4066 6392
329 384 430 439 355

332 496 443 552 lare
458 508 669 568 oportet
695 502 1118 559 retributionem.
1141 503 1237 558 Hic
1256 504 1463 559 modico
1478 504 1679 574 justitia
1697 504 1913 570 emitur,

330 590 416 643 vili
440 591 589 659 panis
614 592 927 663 fragmento,
959 596 1047 649 vili
1072 598 1411 658 vestimento,
1443 598 1608 651 calice
1634 614 1787 667 aqum
1818 596 1914 650 fri-

329 680 462 749 gida:
496 699 507 733 :
540 681 600 737 Si
645 686 757 752 quis
790 696 961 754 initum
1011 688 1200 740 dederit
1243 688 1449 741 calicem
1492 704 1635 758 aqua:
1674 689 1913 759 frigidae,

328 788 471 824 amen
512 774 623 827 diro
653 774 787 829 vobis
808 817 823 841 ,
848 777 922 831 ait
960 778 1247 846 spiritualis
1290 779 1662 849 negotiationis
1688 780 1875 834 doctor
1896 822 1910 845 ,

329 878 429 915 non
458 864 633 931 perdet
652 867 929 921 mercedem
942 885 1087 922 suam
1104 869 1318 941 (Matth.
1344 870 1429 926 10.
1454 870 1568 941 42).
1595 871 1745 926 Caiix
1766 887 1915 942 aqu-.e

330 952 530 1023 frigida:
546 956 735 1027 dignus
754 969 839 1014 est
862 962 1129 1028 mercede,
1153 972 1205 1017 et
1230 964 1541 1018 vestimenta
1571 966 1913 1034 pecuniaeque

330 1060 424 1110 per
449 1045 761 1102 beneficium
792 1049 930 1104 data:
962 1068 1065 1105 non
1106 1053 1262 1123 digna
1293 1062 1450 1109 erunt
1486 1055 1777 1110 mercede?
1804 1057 1915 1109 lmo

327 1151 358 1188 e
387 1139 654 1192 coniti-ario
698 1134 861 1195 multa
901 1154 1057 1197 erunt
1085 1145 1328 1199 mercede
1372 1144 1553 1215 digna.
1582 1145 1758 1211 Quare
1787 1162 1915 1216 ergo

326 1226 547 1282 culicem
613 1244 764 1299 aquae
816 1232 1020 1303 frigida:
1069 1236 1386 1290 memoravit
1429 1236 1453 1288 ?
1504 1237 1909 1308 Elecmosynam

327 1320 443 1373 sine
485 1323 785 1391 sumptibus
827 1325 971 1379 dixit
1005 1344 1017 1380 :
1062 1345 1182 1381 nam
1234 1328 1419 1399 frigida
1458 1346 1593 1401 aqua
1635 1347 1806 1402 neque
1849 1332 1912 1385 li-

325 1422 486 1475 gnum
508 1452 523 1475 ,
554 1428 725 1480 neque
764 1416 902 1470 aliud
933 1418 1202 1487 quidpiam
1244 1420 1527 1490 impendis.
1558 1422 1708 1489 Quod
1735 1423 1778 1477 si
1806 1424 1912 1477 lar-

327 1499 526 1566 gitione
570 1503 686 1557 sine
730 1518 943 1575 sumptu
992 1508 1127 1563 facta
1157 1519 1299 1564 tanta
1325 1521 1409 1566 est
1432 1512 1673 1568 beneficii
1707 1516 1909 1584 gratia,

329 1588 411 1641 ubi
442 1591 876 1649 vestimentorum
901 1599 1072 1667 copia,
1099 1604 1437 1668 pecuniarum
1470 1605 1908 1669 subministratio,

324 1678 657 1752 aliorumque
687 1684 945 1741 bonorum
976 1690 1296 1747 abundantia
1320 1734 1334 1758 ,
1366 1694 1578 1764 qualem
1608 1712 1635 1747 a
1660 1695 1908 1765 justoju-

325 1769 444 1824 dice
488 1776 788 1830 mercedem
820 1779 1022 1836 referre
1050 1786 1303 1853 oportet?
1329 1785 1553 1853 Quando
1597 1789 1754 1857 igitur
1792 1806 1913 1857 pro-

326 1870 471 1915 stant
497 1864 718 1920 virtutes
743 1883 908 1937 parvo
937 1872 1250 1936 vendibiles,
1279 1890 1309 1929 a
1339 1878 1619 1947 magniﬁco
1650 1879 1741 1933 illo
1766 1882 1909 1935 acci-

329 1952 554 2021 piamus,
575 1958 865 2027 rapiamus,
890 1978 1148 2020 amamus.
1177 1967 1433 2034 Sitientes,
1460 1970 1646 2039 inquit,
1672 1974 1827 2025 venite
1846 1974 1913 2026 ad

326 2060 508 2108 aquam
530 2066 548 2101 :
569 2059 617 2103 et
640 2052 728 2120 qui
752 2070 851 2107 non
878 2055 1066 2110 habetis
1091 2071 1373 2129 argentum,
1398 2074 1568 2116 euntes
1591 2065 1735 2118 emite
1761 2064 1907 2133 (Isni.

325 2138 415 2193 55.
442 2138 515 2213 1).
543 2142 674 2196 Dum
708 2159 1072 2215 proponuntur
1096 2153 1345 2206 nundinat
1364 2197 1379 2219 ,
1408 2170 1647 2209 emamus
1676 2157 1911 2212 eleemo-

324 2246 503 2302 synas,
532 2235 639 2289 imo
670 2237 843 2304 potius
864 2256 959 2309 per
976 2242 1370 2314 elcemOsynam
1401 2261 1640 2302 emantus
1660 2248 1907 2305 salutem.

323 2320 593 2377 Chiistum
622 2327 803 2393 vestis,
832 2332 919 2399 qui
944 2346 1232 2401 pauperem
1271 2337 1452 2390 vestis.
1479 2336 1602 2392 Hzcc
1622 2379 1636 2402 ,
1663 2340 1867 2409 inquies
1890 2381 1905 2405 ,

326 2413 490 2480 probe
516 2427 570 2469 et
588 2430 832 2475 accurate
859 2424 978 2476 novi
1007 2442 1017 2477 :
1046 2424 1158 2480 hmo
1185 2429 1334 2496 prius
1353 2429 1531 2495 didici,
1556 2446 1659 2485 non
1691 2442 1743 2485 tu
1768 2434 1911 2501 prior

323 2507 553 2564 docuisti
588 2530 599 2564 :
635 2528 805 2583 neque
843 2532 873 2569 a
921 2527 972 2572 te
1004 2522 1230 2589 primum
1271 2522 1372 2577 hoc
1416 2524 1713 2580 audivimus
1748 2545 1760 2579 :
1804 2542 1908 2580 non

325 2613 459 2653 nova
486 2604 741 2669 praedicas
764 2648 778 2673 ,
811 2608 905 2663 sed
934 2625 1051 2679 qua:
1076 2628 1219 2682 saepe
1258 2615 1405 2668 multi
1449 2632 1514 2679 es
1558 2619 1907 2685 praesentibus

324 2704 423 2742 nos
449 2691 768 2750 docuerunt.
801 2699 930 2754 Novi
962 2703 1165 2773 utique,
1198 2707 1316 2759 novi
1347 2716 1402 2761 et
1440 2708 1553 2778 ipse
1589 2724 1685 2763 vos
1710 2721 1764 2765 et
1793 2711 1908 2765 hinc

322 2789 376 2834 et
418 2782 608 2838 similia
652 2802 796 2858 sirpe
841 2791 1129 2859 didicisse;
1160 2796 1253 2850 sed
1300 2798 1499 2853 utinam
1543 2815 1686 2870 saepe
1724 2801 1904 2867 docti,

322 2876 509 2931 saltem
538 2878 733 2935 bonum
757 2884 967 2955 aliquod
998 2887 1246 2958 exiguum
1274 2902 1603 2960 praestemus.
1633 2895 1732 2962 Qui
1760 2896 1907 2949 mise-

321 2976 458 3020 retur
484 2974 741 3041 pauperis,
774 2978 1048 3046 fmtteratur
1071 2980 1176 3036 Deo
1207 2982 1384 3050 (Prov.
1417 2985 1506 3040 19.
1536 2987 1645 3057 17).
1680 2988 1902 3042 Deoia:—

323 3074 574 3115 neremur
602 3065 997 3139 eleemosynam
1021 3112 1035 3133 ,
1067 3083 1127 3126 ut
1154 3074 1221 3126 ab
1247 3090 1312 3129 eo
1338 3076 1635 3132 clementiae
1671 3079 1903 3134 retribu-

323 3150 520 3205 tionem
560 3156 903 3224 accipiamus.
934 3159 1038 3215 Sed
1059 3203 1074 3227 ,
1106 3178 1139 3216 o
1163 3164 1613 3233 sapientissimum
1645 3170 1859 3224 verbum
1888 3172 1900 3225 !

324 3241 424 3306 Qui
452 3245 714 3300 miseretur
749 3254 1019 3320 pauperis,
1046 3257 1319 3324 [arceretur
1350 3258 1478 3313 Deo.
1504 3261 1608 3315 Cur
1644 3278 1772 3332 ergo
1798 3278 1902 3318 non

318 3335 472 3400 dixit,
506 3340 605 3404 Qui
639 3342 921 3399 miseretur
950 3350 1214 3417 pauperis,
1251 3351 1342 3405 dat
1371 3352 1495 3418 Deo,
1536 3356 1629 3409 sed
1658 3354 1903 3410 Faenera-

318 3428 443 3480 tur?
467 3428 631 3483 Novit
652 3434 921 3502 Scriptura
948 3440 1225 3493 avaritiam
1259 3453 1495 3498 nostram
1522 3462 1535 3496 :
1564 3446 1789 3500 attendit
1817 3446 1901 3500 itt-

317 3518 613 3574 satiahilem
658 3524 999 3591 cupiditatem
1043 3540 1318 3597 nostram,
1364 3533 1430 3586 ad
1472 3536 1748 3589 avaritiam
1780 3552 1900 3606 spe-

315 3618 550 3663 ctantetn
581 3652 597 3676 ,
646 3625 908 3683 quaestum
968 3623 1239 3690 requirere
1270 3665 1284 3688 ,
1340 3622 1565 3694 ideoque
1614 3642 1718 3679 non
1770 3627 1902 3681 dixit

316 3700 664 3770 simpliciter,
707 3707 806 3774 Qui
859 3710 1144 3766 miseretur
1191 3715 1478 3783 pauperis,
1522 3715 1612 3770 dat
1656 3718 1803 3771 Deo:
1833 3734 1901 3773 ne

314 3790 611 3861 simplicem
661 3799 1062 3856 retributionem
1105 3815 1349 3872 putares,
1375 3806 1468 3860 sed
1501 3806 1603 3873 Qui
1643 3809 1902 3862 miseretur

316 3886 554 3951 pauperis
578 3928 592 3951 ,
625 3892 896 3958 fmaeratur
939 3892 1066 3948 Deo.
1122 3895 1176 3949 Si
1220 3896 1329 3950 Deo
1378 3897 1701 3952 fmneratnur
1727 3942 1740 3966 ,
1772 3914 1901 3970 ergo

314 3976 526 4032 debitor
554 3981 643 4036 ille
672 3984 826 4039 nobis
854 3996 958 4041 est.
989 3990 1157 4055 Quem
1185 4006 1314 4060 ergo
1343 4006 1464 4046 eum
1497 3994 1588 4047 tibi
1614 3994 1695 4047 vis
1738 4009 1857 4050 esse
1880 4037 1894 4059 ,

311 4066 543 4136 judicent
587 4088 653 4127 an
699 4075 1030 4133 debitorem?
1062 4082 1277 4135 Debitor
1302 4094 1586 4140 veneratur
1627 4087 1897 4142 fmneran-

318 4162 624 4230 tcm,judex
656 4182 781 4221 vero
807 4184 911 4224 non
935 4183 1211 4228 reveretur
1250 4190 1389 4242 eum,
1421 4179 1504 4231 cui
1535 4180 1647 4249 ipse
1670 4180 1900 4234 fmnera-

314 4262 399 4308 tus
426 4264 528 4309 est.

386 4349 437 4401 7.
468 4349 695 4408 Necesse
720 4366 895 4411 autem
925 4370 1024 4424 est,
1054 4372 1112 4415 ut
1139 4365 1429 4421 secundum
1452 4368 1607 4423 aliam
1631 4372 1890 4426 rationem

319 4438 626 4509 videamus,
667 4461 763 4499 cur
806 4448 946 4503 Deus
985 4452 1186 4508 dixerit
1226 4457 1325 4511 sibi
1353 4460 1775 4529 l’mncrarieum,
1805 4465 1893 4533 qui

314 4531 407 4586 dat
450 4538 687 4604 pauperi.
720 4539 979 4606 Quoniam
1011 4546 1218 4602 videbat
1256 4553 1527 4607 avaritiam
1570 4565 1804 4610 nostram
1823 4531 1893 4611 ad

312 4634 573 4714 qmcstum
603 4630 818 4685 tendere
838 4675 852 4697 ,
882 4643 937 4687 ut
955 4633 1065 4704 jam
1097 4638 1234 4706 dixi,
1272 4649 1326 4694 et
1349 4656 1470 4695 eum
1502 4645 1588 4713 qui
1616 4648 1891 4714 pecuniam

316 4710 544 4783 habeat,
583 4720 884 4778 nullatenus
925 4728 1062 4783 velle
1104 4730 1219 4784 sine
1257 4710 1542 4789 securitate
1585 4710 1831 4794 fmnerari
1876 4756 1891 4795 :

317 4805 546 4871 postulat
569 4810 711 4865 enim
740 4812 1045 4882 faenerator,
1066 4828 1157 4874 aut
1177 4820 1551 4893 hypothecam,
1573 4838 1657 4883 aut
1685 4830 1889 4899 pignus,

311 4905 406 4949 aut
428 4911 741 4967 sponsorem
772 4923 786 4960 :
814 4915 971 4977 atque
996 4909 1095 4964 hac
1116 4912 1307 4981 triplici
1340 4917 1584 4971 cautione
1616 4923 1892 4987 pecuniam

311 4987 483 5042 credit
502 5006 652 5046 suam
674 5036 687 5057 ,
715 5004 807 5050 aut.
838 5002 1180 5068 sponsionem
1208 5007 1472 5076 accipiens
1490 5050 1505 5076 ,
1539 5020 1594 5063 tit
1615 5011 1723 5079 jam
1748 5013 1886 5079 dixi,

312 5090 404 5133 aut
433 5082 782 5153 bypotltecam
801 5130 815 5154 ,
845 5103 936 5145 aut
963 5095 1169 5164 pignus.
1197 5097 1329 5152 Cum
1355 5103 1514 5157 sciret
1549 5104 1724 5174 itaque
1754 5106 1891 5163 Deus

311 5173 576 5230 neminem
605 5178 687 5234 his
707 5182 824 5237 sine
844 5187 1174 5242 cautionibus
1196 5187 1467 5258 ftenerari,
1492 5173 1755 5251 neminem
1779 5199 1887 5252 sola

308 5266 589 5324 clementia
619 5276 852 5337 moveri,
886 5279 978 5332 sed
1003 5280 1147 5334 lucro
1170 5291 1373 5338 tantum
1403 5287 1631 5342 intentos
1657 5305 1841 5347 omnes
1872 5312 1885 5345 :

307 5371 597 5429 pauperem
625 5381 751 5419 vero
774 5368 877 5421 illis
895 5373 1140 5425 omnibus
1166 5389 1284 5429 esse
1303 5376 1643 5445 destitutum;
1668 5397 1771 5434 non
1797 5382 1890 5453 hy-

308 5454 592 5520 potltecam
636 5457 860 5527 habere,
902 5464 989 5532 qui
1031 5465 1161 5517 nihil
1194 5469 1492 5537 I'iossitleut,
1536 5486 1639 5525 non
1672 5473 1887 5543 pignora

305 5544 393 5612 qui
442 5546 614 5600 nudus
654 5552 753 5615 sit,
796 5567 898 5605 non
938 5569 1281 5623 sponsorem,
1315 5561 1399 5614 cui
1432 5576 1587 5615 nemo
1614 5564 1798 5619 credat
1821 5565 1890 5619 ob

306 5637 539 5707 inopiam
566 5657 580 5694 ε
614 5653 668 5695 ut
697 5644 825 5699 vidit
846 5648 1022 5717 itaque
1049 5650 1193 5704 illum
1222 5652 1291 5705 ob
1314 5653 1542 5722 impiam
1578 5658 1884 5726 periclitari,

304 5730 522 5786 divitem
554 5751 762 5804 quoque
782 5742 1064 5808 periclitari
1086 5730 1626 5809 obinltumuuitatem,
1655 5750 1886 5819 seipsum

308 5825 541 5881 medium
582 5831 798 5897 protulit
826 5834 1011 5887 vadem
1053 5839 1303 5907 pauperi,
1350 5842 1535 5911 pignus
1585 5844 1881 5898 twneranti.

623 5920 891 5981 PATBOL.
941 5924 1055 5982 (in.
1107 5925 1323 5984 XLIX.

1446 390 1532 445 DE
1572 388 2038 448 ΡΟΕΝΙΤΕΝΤΙΑ.
2081 394 2306 445 HOMIL.
2352 391 2459 448 ΥΠ.

3492 396 3596 449 33's

2022 504 2136 561 Non
2175 506 2351 563 credis
2373 509 2529 571 huic,
2574 509 2773 580 inquit,
2822 509 2891 564 ob
2921 510 3184 579 inopiam,
3214 509 3341 563 mihi
3384 519 3600 579 propter

2019 597 2225 665 cupiam
2248 598 2425 654 crede.
2459 599 2598 653 Vidit
2628 616 2933 670 pauperem,
2964 609 3018 653 et
3041 598 3401 654 misericordia
3426 609 3599 653 motus

2018 697 2100 742 est
2129 706 2140 741 :
2176 690 2307 743 vidit
2334 706 2617 760 pauperem
2639 734 2653 755 ,
2699 705 2753 748 et
2784 709 2889 745 non
2925 692 3199 761 despexit;
3243 690 3336 747 sed
3364 691 3598 759 seipsum

2018 780 2162 834 dedit
2192 782 2240 835 in
2271 784 2459 851 pignus
2482 783 2565 848 ei,
2597 785 2684 853 qui
2713 784 2840 838 nihil
2870 783 3121 846 haberet,
3152 792 3206 837 et
3238 782 3307 837 ob
3332 782 3600 852 ingentem

2021 870 2398 941 benignitatem
2434 873 2576 943 inopi
2606 872 2809 927 adstitit
2838 890 2850 923 :
2885 872 3021 928 banc
3060 887 3185 928 vere
3220 871 3602 942 benignitatem

2018 978 2136 1017 esse
2162 963 2470 1019 testificatur
2502 964 2691 1020 beatus
2717 965 2879 1019 David
2910 964 2992 1018 his
3015 965 3220 1030 verbis,
3253 965 3385 1032 Quia
3407 965 3602 1018 adstitit

2016 1070 2047 1106 a
2083 1053 2271 1107 dextris
2305 1057 2540 1124 pauperis
2569 1054 2737 1125 (Psal.
2772 1056 2891 1110 108.
2921 1056 3034 1126 51).
3067 1056 3165 1121 Qui
3191 1058 3455 1111 miseretur
3476 1073 3602 1125 pau-

2021 1147 2175 1212 peris,
2206 1150 2485 1215 [teneretur
2510 1147 2619 1202 Deo
2650 1147 2828 1217 (Prov.
2863 1148 2950 1203 19.
2985 1150 3105 1222 17).
3130 1148 3366 1214 Confide,
3397 1149 3595 1219 inquit,

2020 1240 2147 1294 mihi
2178 1241 2472 1296 fmueraris.
2508 1242 2573 1296 Et
2601 1243 2725 1312 quid
2754 1251 2953 1297 ctutum
2981 1242 3113 1296 lucri
3136 1240 3272 1298 facio
3302 1243 3395 1298 tibi
3425 1246 3596 1298 tuane-

2018 1334 2175 1388 rans?
2204 1337 2342 1389 Sane
2359 1334 2744 1402 iniquissimum
2769 1344 2849 1389 est
2874 1350 2903 1387 a
2930 1336 3041 1389 Deo
3066 1335 3324 1389 rationem
3344 1336 3557 1404 exigere
3578 1351 3596 1388 :

2019 1442 2200 1481 verum
2228 1436 2287 1481 ut
2314 1429 2562 1498 nequitia:
2590 1438 2693 1483 tuac
2714 1443 2800 1481 me
2828 1437 3176 1497 attempcrem
3194 1471 3209 1491 ,
3237 1438 3292 1485 et
3315 1427 3595 1483 clementia

2015 1519 2273 1573 saevitiem
2301 1528 2442 1573 tuam
2470 1520 2693 1583 solvam,
2719 1518 2836 1573 huic
2856 1530 3037 1573 mutuo
3062 1520 3443 1575 examinemus.
3467 1519 3595 1573 Aliis

2017 1611 2285 1664 frriterans
2311 1611 2437 1680 quid
2457 1612 2717 1667 lucraris?
2741 1611 2867 1682 quid
2887 1612 3079 1667 abillis
3106 1611 3324 1668 fenoris
3346 1612 3594 1681 requiris?

2017 1719 2142 1757 num
2189 1706 2567 1771 centesimam,
2599 1707 2644 1759 si
2691 1706 2979 1775 legitimam
3025 1705 3312 1775 requiras?
3352 1705 3505 1771 Quod
3551 1706 3595 1761 si

2017 1796 2388 1865 inexplebilem
2428 1797 2768 1866 cupiditatem
2809 1798 3021 1852 anseris
3050 1797 3091 1864 ί,
3126 1798 3392 1867 duplicem
3425 1797 3594 1865 tripli-

2015 1901 2237 1956 cemque
2282 1888 2573 1942 lucraberis
2614 1888 2965 1957 iniquitatem.
2996 1888 3107 1958 Ego
3153 1903 3281 1942 vero
3319 1888 3593 1941 avaritiam

2017 1988 2159 2030 tuam
2204 1992 2433 2047 supero,
2483 1978 2963 2049 inexplebilemque
3009 1978 3350 2048 cupiditatem
3389 1979 3592 2032 vinco:

2013 2068 2163 2136 copia
2192 2083 2308 2121 mea
2340 2069 2745 2123 immoderatum
2781 2070 3072 2139 appetitum
3113 2079 3259 2124 tuum
3281 2070 3484 2138 operio.
3514 2069 3592 2123 Tu

2014 2161 2356 2215 centesimam
2388 2161 2610 2230 quatris,
2637 2177 2736 2231 ego
2760 2163 3062 2232 centuplum
3100 2163 3167 2217 do
3191 2163 3305 2217 tibi.
3336 2163 3513 2231 Itaque
3540 2162 3592 2216 in

2013 2250 2182 2305 faenus
2203 2251 2419 2319 accipis,
2447 2252 2687 2314 Domine,
2710 2260 2763 2306 et
2782 2252 2868 2306 hic
2885 2253 2935 2305 in
2958 2252 3131 2306 fmnus
3151 2253 3343 2322 accipis
3363 2253 3592 2307 eleemo-

2012 2359 2199 2415 synam
2232 2346 2448 2414 pauperi
2474 2346 2671 2411 datam,
2699 2346 3035 2416 quandonam
3065 2348 3179 2402 hate
3205 2347 3332 2402 mihi
3362 2346 3593 2402 reddes?

2010 2436 2202 2503 Quer
2229 2447 2375 2507 pacta
2396 2449 2677 2505 conventa,
2699 2448 3031 2493 contractum
3048 2439 3367 2495 eonfirmare
3388 2441 3590 2495 volens.

2012 2528 2239 2597 Designa
2282 2529 2412 2582 mihi
2452 2531 2813 2584 retributionis
2846 2541 3053 2599 tempus
3092 2549 3104 2585 :
3141 2531 3405 2586 constitue
3441 2532 3591 2587 solu-

2012 2619 2170 2673 tionis
2201 2620 2503 2673 terminum.
2538 2621 2649 2674 lmo
2683 2636 2813 2675 vero
2841 2621 2943 2676 hoc
2971 2620 3293 2691 superﬂuum
3318 2631 3401 2675 est
3420 2662 3435 2684 ,
3467 2637 3589 2675 nam

2010 2709 2204 2765 Fidelis
2232 2709 2479 2765 Dominus
2499 2712 2551 2763 iu
2580 2712 2809 2766 omnibus
2827 2712 2981 2766 verbis
3000 2713 3105 2765 suis
3127 2711 3293 2784 (Psal.
3317 2712 3436 2767 144.
3462 2712 3551 2775 15)
3575 2730 3588 2765 :

2008 2804 2129 2872 quia
2158 2818 2283 2858 vero
2310 2804 2361 2856 in
2395 2819 2545 2857 more
2585 2815 2635 2856 et
2676 2804 2727 2856 in
2756 2817 2919 2872 scopo
2944 2812 3028 2858 est
3066 2803 3146 2867 ei,
3186 2802 3276 2872 qui
3308 2801 3454 2873 bona
3486 2802 3588 2857 (ide

2011 2896 2185 2950 fmnus
2207 2896 2433 2965 accipit,
2457 2906 2662 2965 tempus
2692 2895 2887 2960 metiri,
2919 2894 3168 2966 diemque
3190 2894 3436 2960 delinire,
3466 2894 3587 2948 audi

2007 2988 2219 3059 quando
2243 2998 2297 3042 et
2325 2988 2411 3043 ubi
2442 2988 2678 3042 debitum
2715 2987 2803 3043 tibi
2836 2987 3022 3042 reddat
3055 2987 3123 3053 is,
3150 2988 3233 3043 cui
3264 3002 3361 3057 per
3389 3001 3587 3056 paupe-

2007 3098 2118 3136 rctn
2149 3081 2442 3136 fmneraris.
2472 3079 2599 3135 Cum
2634 3081 2816 3135 sederit
2864 3079 3031 3135 Filius
3064 3080 3280 3133 hominis
3314 3081 3369 3133 in
3407 3079 3587 3132 throno

2005 3174 2181 3243 gloria!
2201 3188 2327 3239 sua,
2352 3182 2399 3226 et
2424 3173 2651 3230 statuerit
2675 3188 2786 3227 oves
2807 3172 3007 3240 quidem
3032 3190 3063 3225 α
3092 3172 3283 3226 dextris
3309 3172 3413 3227 suis
3430 3211 3446 3236 ,
3479 3171 3585 3225 hc-

2006 3267 2097 3319 dos
2120 3282 2235 3320 vero
2259 3284 2289 3318 a
2317 3266 2557 3330 sinistris,
2589 3276 2637 3320 et
2655 3267 2784 3320 dicet
2811 3268 2903 3331 iis,
2933 3266 3020 3335 qui
3047 3282 3079 3318 a
3104 3265 3295 3318 dextris
3315 3273 3432 3318 sint
3454 3279 3475 3317 :
3500 3262 3584 3317 hic

2005 3359 2218 3414 attende
2238 3375 2394 3428 quam
2418 3358 2705 3415 benevolus
2725 3359 2794 3413 sit
2813 3358 3019 3413 debitor
3036 3373 3159 3428 erga
3176 3358 3583 3412 fmucratorem:

2004 3466 2110 3519 quo
2140 3461 2294 3519 pacto
2324 3452 2390 3517 is,
2420 3452 2509 3521 qui
2539 3460 2779 3506 mutuum
2809 3450 3043 3519 accepit,
3076 3451 3239 3504 multa
3269 3464 3391 3504 cum
3419 3449 3583 3519 gratia

2005 3540 2210 3597 reddat.
2245 3542 2438 3606 Venite,
2467 3544 2709 3597 benedicti
2736 3541 2907 3596 Patris
2927 3543 3022 3595 mei
3042 3585 3057 3609 ,
3085 3543 3334 3610 possidete
3353 3552 3583 3611 paratum

2004 3636 2140 3690 vobis
2165 3652 2374 3707 regnum
2403 3653 2434 3690 a
2462 3637 2818 3691 constitutione
2847 3636 3041 3689 mundi.
3067 3635 3279 3703 Quare?
3309 3635 3442 3700 Quia
3466 3651 3584 3688 esu-

2004 3728 2116 3786 rivi.
2150 3738 2196 3781 et
2225 3728 2431 3782 dedistis
2456 3728 2578 3781 mihi
2605 3728 2912 3782 manducare
2933 3743 2952 3780 :
2979 3728 3133 3790 sitivi,
3165 3736 3211 3779 et
3231 3726 3439 3779 dedistis
3460 3727 3583 3779 mihi

2002 3820 2165 3874 bibere
2200 3838 2217 3875 :
2247 3822 2414 3875 nudus
2435 3837 2571 3875 cram
2591 3864 2605 3886 ,
2636 3831 2686 3876 et
2711 3822 3037 3889 cooperuistis
3066 3838 3143 3874 me
3170 3836 3187 3874 :
3211 3821 3263 3874 in
3292 3836 3511 3885 carcere,
3539 3830 3585 3874 et

2001 3915 2202 3968 venistis
2232 3914 2299 3966 ad
2322 3931 2400 3967 me
2426 3931 2445 3968 :
2470 3915 2704 3982 inﬁrmus
2730 3931 2889 3977 εναυι,
2920 3922 2965 3968 et
2994 3914 3231 3969 visitastis
3257 3931 3338 3969 me
3356 3929 3377 3969 .'
3403 3914 3583 3984 hospes

2000 4023 2137 4059 cram
2157 4046 2171 4070 ,
2222 4016 2266 4059 et
2293 4006 2560 4076 collegistis
2585 4023 2664 4058 me
2689 4005 2911 4077 (Matth.
2940 4006 3030 4061 25.
3064 4008 3152 4062 51.
3174 4005 3355 4080 seqq.).
3385 4007 3585 4063 Deinde

2002 4098 2091 4166 qui
2123 4098 2173 4151 itt
2209 4106 2449 4167 tempore
2473 4097 2609 4152 bene
2638 4098 3021 4163 ministrarunt,
3058 4102 3322 4168 propriam
3352 4099 3581 4153 inﬁrmi-

2000 4198 2160 4243 tatem
2189 4189 2539 4258 respicientes
2559 4228 2575 4252 ,
2603 4198 2760 4259 atque
2783 4191 2933 4260 ejus,
2957 4192 3044 4260 qui
3072 4200 3311 4245 mutuum
3337 4193 3541 4262 accepit
3564 4234 3580 4253 .

1998 4280 2309 4350 dignitatem
2330 4321 2346 4347 ,
2377 4280 2557 4335 dicent
2590 4279 2615 4335 ε’
2636 4279 2882 4345 Domine,
2922 4282 3123 4350 quando
3150 4294 3196 4336 te
3228 4284 3444 4338 uidimus
3470 4301 3581 4338 esu-

1998 4374 2239 4438 rientem,
2277 4383 2325 4425 et
2352 4372 2580 4443 pavimus
2607 4373 2691 4425 te?
2728 4383 2815 4425 aut
2854 4374 3135 4441 sitientem,
3172 4385 3219 4428 et
3265 4378 3582 4444 putavimus?

1998 4463 2050 4517 in
2089 4478 2246 4533 quem
2289 4464 2427 4517 oculi
2455 4465 2691 4518 omnium
2722 4476 2973 4532 sperant,
3000 4474 3054 4520 et
3090 4475 3145 4520 ιιι
3174 4467 3270 4521 das
3305 4482 3483 4521 escam
3514 4469 3579 4522 il-

1998 4553 2171 4607 lorum
2216 4553 2270 4607 itt
2313 4553 2634 4609 abundantia
2667 4555 2837 4625 (Psal.
2867 4558 2987 4611 144.
3014 4557 3139 4629 i5)?
3168 4558 3211 4612 Ο
3233 4560 3452 4613 multam
3484 4559 3583 4613 bo-

1997 4647 2247 4701 nitatem!
2280 4647 2510 4701 occultat
2532 4648 2840 4717 dignitatem
2865 4649 2935 4703 ob
2963 4649 3302 4705 clementiam
3334 4668 3347 4705 :
3379 4650 3580 4707 Esurivi

1995 4741 2148 4806 enim,
2168 4749 2213 4794 et
2234 4739 2441 4794 dedistis
2462 4741 2585 4794 mihi
2602 4742 2925 4796 manducare.
2946 4742 2990 4798 0
3010 4744 3227 4798 multam
3252 4744 3540 4801 bonitatem
3561 4749 3576 4803 ε

1995 4848 2029 4886 o
2047 4833 2357 4887 immensam
2381 4832 2787 4902 benignitatem!
2810 4832 2898 4903 qui
2922 4834 3013 4888 dat
3035 4849 3209 4890 escam
3235 4837 3378 4891 omni
3408 4839 3575 4902 carni,

1994 4929 2083 4995 qui
2121 4928 2295 4994 aperit
2338 4940 2556 4991 manus,
2606 4935 2658 4980 et
2704 4926 2887 4995 implet
2922 4942 3081 4981 omne
3118 4928 3312 4983 animal
3357 4931 3576 4985 benedi.

1993 5019 2171 5073 ctione
2200 5016 2373 5087 (Psal.
2400 5018 2519 5072 144.
2547 5018 2660 5087 16),
2687 5017 2907 5083 Esurivi,
2936 5020 3124 5088 inquit,
3152 5031 3198 5073 et
3227 5020 3436 5076 dedistis
3454 5024 3578 5076 nti/ti

1994 5110 2331 5173 manducare,
2380 5125 2484 5162 non
2529 5110 2804 5163 imminuta
2844 5110 3133 5179 dignitate.
3178 5111 3269 5166 scd
3309 5113 3425 5183 ejus
3460 5114 3574 5169 cle-

1994 5204 2187 5257 mentia
2224 5216 2318 5271 pro
2363 5202 2683 5271 pauperibus
2706 5201 3051 5271 ﬁdejubente.
3092 5205 3261 5267 Sitivi,
3293 5214 3343 5257 et
3367 5207 3578 5274 putastis

1992 5309 2090 5346 me.
2130 5293 2384 5360 Quisnam
2433 5293 2551 5347 hare
2591 5292 2759 5347 dicit?
2796 5294 2895 5360 Qui
2943 5295 3195 5361 lacubus,
3234 5295 3569 5363 ﬂuminibus,

1995 5386 2229 5439 fontibus
2257 5400 2409 5455 aqua:
2447 5394 2691 5440 naturam
2720 5385 2983 5450 infundit,
3031 5387 3118 5455 qui
3163 5402 3256 5455 per
3292 5386 3569 5457 Evangelia

1992 5476 2118 5529 dicit
2145 5493 2157 5528 :
2190 5475 2289 5541 Qui
2310 5475 2466 5529 credit
2504 5476 2557 5529 in
2582 5491 2681 5542 me,
2712 5476 2842 5529 sicut
2868 5476 2989 5530 dicit
3027 5476 3322 5547 Scriptura,
3355 5477 3567 5547 ﬂumina

1990 5567 2053 5620 de
2076 5576 2243 5620 ventre
2267 5568 2377 5636 ejus
2400 5568 2557 5637 ﬂuent
2572 5582 2719 5637 aqua:
2736 5568 2859 5621 victe
2875 5566 3051 5639 (Joan.
3079 5568 3130 5621 7.
3154 5566 3244 5633 58)
3267 5583 3281 5618 :
3307 5568 3394 5636 qui
3417 5567 3572 5635 dixit,

1992 5657 2052 5712 Si
2072 5658 2182 5727 quis
2210 5657 2352 5725 sitit,
2381 5659 2545 5712 veniat
2568 5661 2637 5712 ad
2672 5675 2751 5714 me
2769 5701 2783 5727 ,
2815 5668 2862 5714 et
2891 5659 3023 5713 bibat
3050 5658 3211 5729 (Ibid.
3240 5678 3266 5713 υ
3313 5660 3436 5732 '37).
3460 5658 3570 5714 Sed

1991 5794 2163 5913 recte
2179 5791 2316 5844 savil.
2341 5801 2392 5844 et
2414 5807 2512 5846 uno
2542 5801 2678 5858 tteg.,
2703 5795 2830 5859 quod
2870 5794 2915 5847 si
2936 5794 3114 5845 malam
3155 5794 3304 5859 [idem
3325 5798 3571 5850 abwutwe

3137 5930 3209 5988 ‘21
