4066 6392
475 365 576 421 335

476 480 641 534 nudus
665 480 1064 551 eram,'inquit,
1095 491 1141 535 et
1171 482 1499 552 cooperuistis
1528 497 1623 536 me.
1667 481 2053 552 Cooperuimus

477 588 598 628 eum
620 572 749 643 ,qui
775 573 947 643 operit
980 572 1165 629 caelum
1197 573 1458 639 nubibus,
1497 572 1589 644 qui
1619 572 1918 627 universam
1948 572 2055 627 Ec-

478 665 694 720 clesiam
716 708 730 732 ,
767 675 821 721 et
844 666 1049 720 orbem.
1077 665 1330 737 Quotquot
1354 667 1487 720 enim
1514 666 1567 719 in
1590 663 1789 721 Christo
1815 665 2057 735 baptizati

482 757 617 822 estis,
648 754 904 811 Christum
931 756 1167 811 induistis
1193 754 1336 827 (Gal.
1362 757 1417 811 5.
1446 755 1562 829 27).
1584 756 1651 810 In
1669 772 1868 811 carcere
1895 772 2056 809 eram.

482 845 535 899 In
570 861 787 901 carcere
816 854 901 909 tu,
933 847 1023 916 qui
1063 845 1245 902 educis
1284 846 1523 901 vinctos?
1553 845 1907 917 Interpretate
1942 862 2059 915 qua:

484 938 717 1007 loqueris
741 955 754 991 :
783 953 903 991 nam
927 937 1159 1008 dignitas
1187 938 1346 992 fidem
1378 939 1601 1008 derogat
1624 938 1804 992 dictis.
1838 936 2061 1004 Quando

486 1039 536 1083 te
561 1031 613 1083 in
643 1038 787 1084 tanta
822 1029 998 1100 inopia
1029 1028 1293 1084 vidimus?
1317 1030 1528 1100 quando
1568 1031 1682 1085 haec
1710 1028 1966 1085 fecimus?
1999 1027 2062 1082 In

482 1132 725 1191 quantum
748 1164 763 1188 ,
796 1124 902 1186 ait,
934 1124 1022 1177 uni
1047 1140 1110 1178 ea:
1136 1124 1215 1178 Itis
1237 1124 1456 1178 minimis
1482 1124 1669 1195 fecistis
1686 1166 1699 1186 ,
1723 1123 1848 1177 mihi
1876 1124 2064 1193 fecistis

494 1216 707 1280 (Matth.
728 1215 821 1273 25.
841 1217 955 1287 40).
979 1218 1170 1273 Annon
1192 1233 1350 1273 verus
1364 1228 1447 1273 est
1462 1233 1659 1286 sermo,
1682 1217 1783 1283 Qui
1804 1219 2066 1272 miseretur

489 1309 745 1378 pauperis,
774 1308 1048 1375 {teneratur
1071 1308 1179 1363 Deo
1205 1308 1387 1381 (Prov.
1424 1311 1509 1365 19.
1536 1310 1666 1379 l7)?
1695 1310 1761 1365 Et
1792 1310 1913 1364 vide
1951 1326 2063 1365 rem

489 1401 785 1455 mirabilem
816 1418 829 1454 :
871 1401 1072 1456 nullum
1112 1402 1255 1456 aliud
1296 1403 1505 1457 virtutis
1538 1417 1673 1470 Opus
1710 1412 1902 1472 praater
1937 1402 2065 1456 illud

489 1492 823 1545 memoravit.
853 1492 1011 1562 Atqui
1041 1501 1249 1562 poterat
1288 1494 1465 1549 dicere
1495 1514 1507 1548 :
1538 1492 1727 1549 Venite
1769 1492 2061 1557 benedicti,

492 1582 614 1648 quia
644 1581 1008 1647 continentes,
1041 1582 1164 1653 quia
1190 1583 1421 1653 virgines
1453 1583 1625 1639 fuistis
1648 1626 1661 1647 ,
1692 1583 1813 1654 quia
1841 1598 2069 1653 evange-

488 1673 640 1728 licam
683 1674 845 1728 vitam
887 1675 1227 1744 suscepistis;
1268 1676 1364 1730 sed
1400 1675 1514 1731 lucc
1560 1684 1733 1743 tacet,
1779 1690 1885 1729 non
1926 1674 2066 1745 quod

489 1765 758 1819 mentione
797 1764 904 1818 sint
933 1765 1180 1835 indigna,
1217 1766 1310 1821 sed
1348 1767 1493 1837 quod
1529 1777 1651 1837 post
1685 1767 2066 1837 benignitatem

493 1854 726 1909 secunda
758 1856 883 1910 sint.
909 1855 1103 1911 Verum
1124 1858 1571 1927 quemadmodum
1596 1859 1679 1925 iis,
1706 1859 1845 1929 quia
1867 1857 2070 1913 dextris

487 1954 659 2010 erant,
691 1946 760 2001 ob
791 1946 1167 2016 benignitatem
1194 1949 1425 2004 delatum
1453 1951 1685 2005 OSlclIdil
1714 1966 1931 2020 regnum
1950 1992 1963 2016 ,
1992 1953 2070 2007 sic

489 2048 544 2093 et
573 2040 636 2095 iis
664 2042 752 2111 qui
777 2056 807 2095 a
836 2043 1102 2113 sini-tris,
1134 2046 1203 2101 ob
1235 2047 1566 2103 sterilitatem
1596 2051 1949 2104 comminatus
1989 2060 2071 2106 cst

489 2146 699 2200 ptenam
731 2150 742 2185 :
776 2132 874 2199 Ite,
903 2136 1155 2190 maledicti
1173 2178 1187 2201 ,
1216 2138 1271 2191 in
1296 2137 1523 2191 tenebras
1548 2141 1835 2202 exteriores.
1868 2152 2072 2210 paratas

489 2222 709 2290 diabolo,
738 2234 784 2278 et
807 2225 1001 2295 angelis
1026 2228 1136 2294 eius
1159 2226 1373 2299 (Matth.
1402 2230 1494 2285 25.
1513 2230 1627 2302 41).
1646 2232 1855 2298 Quare“?
1880 2250 1981 2303 qua
2004 2235 2070 2291 de

487 2315 684 2369 causa?
708 2315 840 2382 Quia
874 2318 1055 2371 esurivi
1075 2360 1090 2384 ,
1117 2328 1165 2373 et
1191 2336 1292 2373 non
1331 2319 1539 2376 dedistis
1568 2323 1692 2376 mihi
1742 2325 2065 2379 manducare.

475 2406 605 2461 .Non
630 2407 784 2473 dixit,
825 2410 949 2479 quia
987 2409 1229 2466 fornicati
1260 2412 1417 2477 estis,
1447 2414 1570 2483 quia
1608 2415 1835 2470 adulteri
1866 2415 2063 2482 fuistis,

476 2501 615 2568 quia
658 2500 813 2556 furati
842 2502 1009 2568 estis,
1041 2505 1163 2573 quia
1203 2503 1391 2559 falsum
1437 2506 1797 2562 testimonium
1840 2508 2066 2576 tulistis,

473 2594 612 2661 ηυίο
655 2593 951 2663 pejerastis.
984 2594 1110 2651 Haec
1138 2597 1333 2666 quippe
1374 2597 1653 2653 manifeste
1679 2601 1893 2669 quidem
1935 2604 2069 2657 mala

474 2692 648 2750 ~.~unt,
679 2685 774 2740 sed
819 2685 1068 2741 inferiora
1112 2704 1271 2758 quam
1322 2690 1545 2745 durities
1588 2702 1645 2747 et
1692 2693 2066 2749 inhumanitas.

469 2775 947 2843 ‘Quare,'Domine,
972 2794 1077 2833 non
1103 2780 1323 2835 aliarum
1346 2782 1547 2837 viarum
1567 2786 1893 2841 mentionem
1918 2787 2069 2842 facis?

486 2866 602 2921 Non
640 2866 819 2959 judico
840 2909 857 2935 ,
885 2869 1089 2940 inquit,
1122 2882 1429 2942 peccatum,
1454 2875 1547 2930 sed
1583 2876 2020 2934 inhumanitatetn
2053 2899 2065 2933 :

489 2971 593 3010 non
614 2956 797 3026 judico
824 2971 1131 3029 peccatores
1152 3004 1167 3029 ,
1202 2965 1298 3019 sed
1337 2981 1431 3021 eos
1453 2968 1541 3037 qui
1570 2970 1932 3037 paenitentiam
1961 2988 2065 3026 non

472 3058 706 3118 'cgerunt
736 3067 748 3103 :
784 3052 1134 3109 inelementia;
1167 3070 1262 3110 vos
1293 3057 1523 3125 damno,
1564 3060 1705 3130 quod
1749 3061 1907 3116 talem
1951 3072 2067 3117 tan-

486 3149 700 3212 tamque
732 3144 926 3200 salutis
969 3147 1285 3204 medicinam
1326 3149 1621 3219 habentes,
1670 3154 2064 3228 eleemosynam

484 3231 709 3298 scilicet,
738 3248 840 3303 qua
869 3238 1047 3292 omnia
1076 3251 1289 3308 peccata
1327 3240 1591 3308 delentur,
1624 3244 1726 3299 hoc
1751 3246 2064 3303 beneficium

483 3321 820 3397 despexistis.
848 3326 1043 3399 altaque
1086 3330 1477 3387 inclementiam
1517 3336 1821 3405 exprobro,
1865 3348 1921 3392 ut
1964 3354 2064 3393 ne-

482 3419 662 3486 quitiae
686 3419 965 3491 omnisque
986 3420 1272 3493 impietatis
1296 3422 1551 3493 radicem,
1574 3428 1912 3485 clementiam
1939 3446 2066 3487 vero

485 3507 663 3573 laudo,
695 3517 754 3564 ut
779 3511 1009 3567 radicem
1034 3515 1273 3571 omnium
1310 3517 1605 3585 bonorum;
1646 3532 1701 3576 et
1727 3523 1830 3579 illis
1848 3525 2061 3595 quidem

489 3613 661 3666 Ignem
687 3608 943 3657 aeternum
964 3608 1279 3675 comntinur,
1308 3610 1390 3665 his
1410 3627 1536 3666 vero
1564 3629 1784 3684 regnum
1812 3618 2062 3672 caelorum

490 3690 761 3755 promitto.
788 3691 1036 3758 Pulchra,
1062 3696 1305 3767 Domine,
1329 3704 1587 3770 promissa
1621 3714 1728 3773 tua,
1761 3708 2060 3776 pulchrum,

470 3779 628 3848 quod
654 3794 989 3852 exSpectatur
1028 3804 1248 3859 regnum
1289 3801 1471 3859 tuum,
1519 3796 1752 3868 itemque
1796 3800 2060 3870 gehenna,

470 3885 643 3939 quam
684 3877 1056 3945 comminaris;
1101 3897 1326 3951 quorum
1374 3884 1503 3942 illud
1532 3890 1728 3957 allicit,
1774 3892 1887 3948 hate
1934 3910 2062 3950 vero

1179 365 1236 421 S.
1277 365 1555 423 JOANNIS
1592 364 2068 423 CHRYSOSTOMI
2103 364 2421 422 ARCHIEP.
2450 366 2979 424 CONSTANTINOP.

3636 368 3742 424 33$

2162 481 2466 537 deterret‘:
2501 482 2666 537 allicit
2711 482 2931 552 pulchre
2982 497 3241 553 regnum,
3268 482 3504 537 deterret
3546 482 3746 536 utiliter

2163 572 2426 643 gehenna.
2457 572 2766 628 Gehennam
2798 573 2938 628 enim
2965 574 3321 628 comminatur
3344 573 3482 628 Deus
3502 615 3517 637 ,
3549 588 3653 628 non
3687 584 3746 627 ut

2164 664 2215 716 in
2234 663 2530 733 gehennam
2557 664 2773 734 injicial,
2795 665 2886 720 sed
2911 666 3262 736 utagehenna
3290 666 3494 721 liberet.
3520 666 3574 722 Si
3602 666 3745 720 enim

2166 757 2353 825 punire
2386 757 2566 817 vellet.
2598 773 2700 810 non
2738 767 2861 813 ante
2882 759 3109 813 minatus
3129 769 3288 823 esset,
3320 769 3375 812 ut
3402 770 3553 813 caute
3575 759 3750 813 atinas

2165 847 2856 903 vitaremus.Comminatur
2878 848 3217 918 supplicium,
3243 858 3294 903 ut
3319 850 3561 919 supplicii
3587 865 3748 918 expe-

2168 937 2453 992 rimentum
2499 938 2806 1007 fugiamus:
2851 948 3018 995 terret
3063 940 3263 1006 verbo,
3311 949 3369 994 ut
3416 956 3520 994 non
3563 942 3751 1011 puniat

2168 1044 2347 1099 opere.
2377 1028 2726 1085 Fteneremur
2748 1030 2923 1101 itaque
2957 1032 3065 1086 Deo
3102 1032 3462 1086 clementiam.
3495 1031 3748 1087 anere-

2170 1137 2321 1187 mur,
2357 1131 2414 1175 ut
2454 1122 2787 1177 inveniamus
2818 1124 2963 1177 illum
2993 1123 3287 1178 debitorem
3309 1165 3324 1186 ,
3374 1133 3432 1178 ut
3456 1133 3579 1179 ante
3606 1124 3749 1188 dixi,

2171 1228 2275 1267 non
2299 1212 2573 1282 judicem:
2618 1223 2897 1268 reveretur
2937 1214 3078 1268 enim
3124 1214 3331 1268 debitor
3371 1214 3748 1275 faenerantem,

2172 1315 2445 1360 reveretur
2466 1321 2589 1360 eum
2619 1316 2673 1361 et
2700 1306 2986 1361 erubescit.
3010 1306 3066 1361 Si
3093 1305 3380 1360 fmnerator
3399 1306 3463 1359 ad
3492 1305 3748 1360 debitoris

2167 1395 2383 1465 januam
2409 1397 2648 1463 accedat,
2676 1396 2761 1451 hic
2786 1397 2829 1451 si
2857 1398 3009 1466 inops
3032 1398 3121 1460 sit,
3150 1399 3308 1465 fugit;
3337 1398 3415 1451 sin
3447 1397 3751 1467 opulentus,

2172 1504 2295 1541 eum
2326 1503 2447 1542 cum
2478 1488 2666 1543 fiducia
2696 1490 2913 1559 excipit.
2939 1489 3074 1544 Vide
3102 1490 3229 1544 mihi
3256 1491 3479 1544 alterum
3506 1491 3635 1560 justi
3667 1490 3751 1559 ju-

2173 1578 2308 1633 dicis
2334 1580 2651 1635 miraculum
2678 1581 2922 1635 humanis
2952 1598 3016 1637 ex
3042 1584 3200 1637 rebus
3222 1583 3567 1652 propositum.
3594 1584 3647 1636 Si
3668 1584 3752 1635 cui

2178 1670 2228 1724 in
2261 1682 2571 1739 paupertate
2600 1672 2811 1742 degenti
2844 1672 3135 1728 fmne'ratus
3166 1673 3350 1738 fueris,
3383 1690 3445 1729 ac
3470 1674 3663 1729 deinde
3686 1676 3751 1728 ad

2176 1777 2486 1832 prosperam
2513 1764 2778 1819 fortunam
2810 1766 3018 1820 venerit
3041 1767 3084 1820 is
3104 1806 3119 1830 ,
3144 1769 3231 1836 qui
3260 1776 3498 1820 mutuum
3526 1767 3751 1836 accepit,

2177 1854 2377 1924 tibique
2405 1856 2643 1911 debitum
2671 1856 2895 1912 reddere
2927 1858 3121 1927 possit,
3152 1858 3347 1912 multos
3367 1860 3521 1924 latet,
3551 1869 3604 1914 et
3630 1859 3755 1913 red-

2177 1944 2275 2009 dit,
2306 1960 2372 1999 ne
2392 1945 2459 2000 de
2486 1946 2649 2015 priori
2677 1960 2775 2001 suo
2803 1956 2945 2002 statu
2974 1949 3257 2003 erubescat
3282 1967 3293 2001 :
3327 1957 3381 2004 et
3408 1951 3606 2019 gratias
3631 1950 3756 2020 qui—

2177 2036 2298 2091 dem
2328 2036 2535 2102 reddit,
2564 2039 2656 2093 sed
2684 2054 2792 2108 pra:
2825 2040 3017 2107 inopia:
3048 2040 3286 2109 pristinae
3326 2042 3524 2111 pudore
3554 2043 3756 2097 beneﬁ-

2176 2134 2316 2187 cium
2339 2135 2589 2191 occultat.
2615 2137 2681 2189 At
2698 2150 2802 2189 non
2826 2136 2895 2189 ita
2920 2136 3058 2191 Deus
3083 2137 3224 2200 facit,
3246 2137 3336 2191 sed
3360 2137 3494 2191 clam
3518 2148 3757 2191 mutuum

2177 2225 2388 2292 accipit,
2414 2234 2467 2279 et
2492 2226 2665 2295 palam
2689 2226 2959 2296 libereque
2984 2236 3225 2280 mutuum
3250 2226 3438 2281 reddit.
3463 2228 3593 2280 Cum
3616 2228 3756 2280 enim

2179 2316 2402 2384 accipit,
2430 2316 2567 2371 clam
2610 2333 2705 2386 per
2744 2317 3139 2386 eleemosynam
3167 2318 3389 2387 accipit;
3431 2333 3551 2371 cum
3581 2330 3757 2373 autem

2180 2407 2386 2473 reddit,
2431 2409 2482 2462 in
2513 2410 2680 2464 oculis
2722 2411 2983 2465 universa:
3027 2420 3294 2489 creaturas.
3325 2410 3518 2465 reddit.
3549 2412 3617 2464 At
3655 2410 3757 2463 fur-

2181 2508 2321 2555 tasse
2356 2500 2502 2555 dicat
2528 2502 2790 2571 quispiam
2820 2521 2833 2557 :
2864 2504 3040 2568 Quare
3064 2502 3273 2557 tandem
3296 2544 3311 2567 ,
3355 2513 3413 2556 ut
3442 2502 3571 2556 mihi
3608 2502 3757 2557 diviti

2178 2590 2342 2656 dedit,
2376 2608 2479 2645 non
2507 2593 2574 2647 ita
2595 2608 2806 2663 quoque
2846 2594 3062 2663 pauperi
3097 2593 3282 2648 dedit?
3310 2594 3520 2648 Poterat
3542 2593 3756 2663 quidem

2178 2684 2271 2739 tibi
2296 2685 2543 2741 similiter
2568 2686 2695 2739 dare
2715 2728 2727 2749 ,
2761 2696 2821 2740 ut
2845 2687 3060 2756 pauperi
3090 2685 3270 2750 dedit;
3305 2685 3398 2740 sed
3429 2687 3625 2749 noluit,
3662 2701 3756 2739 nec

2178 2774 2387 2828 divitias
2415 2784 2529 2829 tuas
2560 2773 2917 2832 infructuosas
2943 2791 3063 2830 esse
3102 2776 3293 2842 voluit,
3325 2792 3422 2829 nec
3462 2777 3601 2830 illius
3641 2793 3754 2845 pau-

2178 2874 2437 2934 pertatem
2477 2867 2595 2921 sine
2638 2867 2903 2922 mercede.
2934 2866 3051 2922 Tibi
3095 2867 3241 2921 diviti
3281 2867 3547 2922 concessit
3575 2878 3628 2921 ut
3666 2884 3755 2938 per

2177 2960 2571 3031 elecmosynam
2594 2960 2743 3015 dives
2768 2976 2913 3015 esses
2934 3002 2947 3023 ,
2981 2969 3036 3015 et
3062 2961 3396 3031 dispergeres
3436 2960 3488 3015 in
3512 2961 3715 3031 justitia
3744 2981 3755 3013 :

2178 3050 2427 3122 Dispersit
2457 3052 2619 3118 enim,
2646 3052 2783 3107 dedit
2803 3054 3104 3122 pauperibus
3134 3069 3153 3107 :
3170 3054 3371 3123 justitia
3394 3054 3501 3123 ejus
3521 3065 3688 3107 manet
3709 3056 3756 3105 in

2176 3144 2415 3196 socculum
2437 3142 2604 3210 (Psal.
2639 3144 2761 3198 111.
2790 3143 2867 3214 9).
2892 3143 3053 3198 Vides
3077 3144 3217 3213 quod
3245 3144 3393 3198 dives
3415 3158 3507 3212 per
3527 3143 3754 3199 eleemo-

2174 3248 2363 3304 synam
2411 3244 2667 3289 aeternam
2708 3235 3030 3290 thesaurizet
3071 3234 3367 3305 justitiam?
3406 3234 3529 3289 vide
3566 3248 3759 3287 rursus

2176 3340 2465 3394 pauperem
2484 3367 2497 3389 ,
2529 3327 2649 3397 quia
2681 3325 2899 3385 divitias
2926 3342 3031 3383 non
3058 3325 3251 3395 habet,
3281 3329 3473 3398 quibus
3496 3330 3757 3399 justitiam

2174 3425 2441 3487 Operetur,
2472 3419 2629 3475 habet
2654 3429 3039 3489 paupertatem,
3064 3434 3165 3491 qua
3193 3422 3503 3487 patientiam
3527 3422 3756 3475 lucratur

2173 3519 2445 3565 aeternam.
2474 3511 2605 3566 Nam
2636 3511 2892 3567 Patientia
2920 3530 3199 3584 pauperum
3220 3530 3319 3567 non
3348 3515 3523 3583 peribit
3543 3515 3596 3567 in
3616 3526 3754 3568 teter-

2175 3618 2298 3654 num
2339 3602 2511 3671 (Psal.
2539 3603 2594 3658 9.
2631 3603 2763 3674 l9):
2807 3603 2858 3657 in
2900 3603 3116 3658 Christo
3156 3603 3379 3658 Domino
3424 3614 3640 3668 nostro.
3673 3607 3757 3660 cui

2175 3693 2340 3763 gloria
2369 3694 2421 3748 in
2445 3694 2634 3749 saecula
2657 3694 2994 3750 saeculorum.
3028 3697 3217 3750 Amen.

2238 3806 2254 3836 ι
2288 3806 2462 3865 Verba,
2488 3805 2593 3857 haec
2617 3820 2728 3858 vero
2761 3807 2985 3866 deterret,
3025 3822 3119 3859 non
3142 3809 3383 3859 habentur
3419 3811 3469 3860 in
3502 3812 3669 3864 Morel.
3708 3820 3765 3861 et

2172 3866 2311 3936 Savil.
2332 3882 2346 3926 ;
2371 3869 2546 3936 sed_in
2584 3877 2703 3933 Reg.
2741 3883 2886 3933 supra
2920 3879 3187 3922 memorato
3222 3872 3470 3935 leguntur,
3504 3882 3561 3923 et
3580 3874 3765 3936 optime

2175 3929 2410 3990 quadrant
2428 3931 2484 3979 ad
2507 3929 2724 3980 sensum.

1685 4100 1826 4169 DE
1880 4101 2583 4178 ΡίΕΝΙΤΕΝΤΙᾹ.

1800 4230 2092 4246 ᾗ.

1006 4306 1229 4351 ποπιιιλ
1269 4315 1361 4353 vm
1393 4298 1490 4373 (a).

555 4420 606 4475 l.
632 4421 851 4488 Etiamsi
875 4424 989 4481 beri
1020 4442 1050 4481 a
1078 4429 1229 4486 vobis
1257 4431 1541 4502 abfuerim,
1576 4446 1631 4491 at
1657 4438 1872 4509 invitus,
1893 4454 1947 4498 at
1972 4461 2065 4501 ne-

487 4513 736 4571 cessitate
780 4519 1087 4587 compulsus
1117 4539 1129 4573 :
1158 4538 1385 4593 corpore
1427 4526 1593 4593 abfui,
1618 4546 1722 4586 non
1756 4538 2063 4605 proposito;

484 4606 723 4663 absentia
734 4611 929 4677 carnis,
942 4627 1045 4666 non
1062 4613 1252 4671 all'ectu
1270 4618 1673 4677 animi.Etenim
1690 4640 1787 4694 pro
1799 4627 1932 4682 virili
1949 4645 2065 4685 mea

486 4710 581 4750 vos
610 4700 1035 4771 complectebar,
1059 4717 1342 4778 menteque
1376 4726 1565 4767 omnes
1599 4715 2062 4774 circumferebant.

489 4788 709 4853 Rursus,
735 4790 925 4848 fratres
942 4836 955 4857 ,
981 4794 1081 4852 hoc
1112 4803 1431 4869 teniporario
1452 4803 1616 4860 misso
1644 4807 1835 4862 morbo
1857 4810 2065 4866 ardenti

479 4876 1031 4939 studiocontendimus
1056 4897 1284 4942 vestram
1306 4895 1539 4948 contueri
1568 4894 1756 4951 faciem
1779 4916 1791 4951 :
1814 4904 2066 4956 manenti-

482 4967 579 5023 bus
597 4970 740 5025 enim
757 4972 930 5029 adhuc
954 4977 1279 5046 :rgritudinis
1296 4983 1529 5053 reliquiis
1551 4991 1829 5057 properavi
1849 4992 1915 5046 ad
1931 4995 2064 5048 cari-

481 5070 641 5118 tatem
660 5074 909 5122 vestram.
942 5068 1071 5124 Nam
1096 5074 1222 5142 :egri
1240 5076 1453 5143 quidem
1480 5075 1688 5149 [morbo
1718 5084 1960 5157 relevati]
1990 5087 2064 5140 Ia-

485 5169 639 5211 vacra
676 5168 931 5228 expetunt
961 5171 1014 5218 et
1054 5164 1278 5233 balnea;
1307 5185 1407 5240 ego
1448 5187 1575 5226 vero
1616 5190 1792 5243 opene
1835 5180 2059 5247 pretium

476 5259 597 5302 esse
622 5247 748 5303 duxi
769 5250 1123 5309 desideratam
1154 5267 1385 5315 vestram
1430 5261 1615 5318 faciem
1644 5266 1856 5331 videre,
1878 5284 1942 5323 ac
1970 5270 2063 5325 de-

475 5338 639 5395 bitum
672 5342 798 5397 illud
824 5353 1059 5401 vestrum
1104 5349 1351 5406 audiendi
1381 5354 1595 5422 explere
1630 5357 1886 5425 studium,
1938 5376 2052 5414 ma-

474 5447 636 5499 gnum
682 5432 785 5489 hoc
829 5437 1063 5507 pelagus,
1116 5440 1246 5496 nihil
1296 5442 1498 5499 habens
1548 5447 1850 5517 salsuginis,
1905 5468 2054 5507 mare

481 5522 727 5578 ﬂtmtibus
755 5539 999 5580 vacuum.
1046 5529 1171 5585 Veni
1193 5547 1375 5586 arvum
1402 5535 1667 5591 invisurus
1696 5552 1927 5594 vestrum
1958 5558 2053 5596 ex-

482 5625 783 5683 purgatum.
816 5617 945 5684 Quis
972 5620 1112 5675 enim
1163 5624 1281 5679 talis
1348 5637 1530 5694 portus
1572 5641 1655 5684 est
1682 5632 1721 5699 ¹,
1756 5633 1928 5701 qualis
1974 5646 2052 5691 est

532 5724 1431 5818 ialgliiif.°33.§9di?$§?lﬁ2§f9'
1520 5803 1633 5818 ,,..,.

592 5794 694 5849 Pro,
711 5790 820 5841 talis
842 5801 1023 5856 portus,
1047 5797 1172 5858 quod
1192 5790 1338 5849 habet
1357 5807 1492 5865 tte-3.,
1520 5803 1655 5863 Editi,
1674 5803 1767 5855 tale
1789 5814 1997 5871 pratum.

2097 4215 2511 4269 W—

2175 4318 2414 4374 Ecclcsia
2436 4320 2459 4371 ?
2478 4320 2599 4389 quis
2620 4318 2899 4389 paradisus
2922 4319 3084 4374 coetui
3116 4326 3293 4373 vestro
3316 4317 3550 4373 similis?
3575 4318 3761 4373 Nullus

2178 4410 2264 4465 hic
2296 4410 2574 4469 insidiator
2619 4425 2863 4480 serpens,
2895 4409 2990 4465 sed
3018 4408 3262 4464 Christus
3306 4410 3579 4464 institutor
3608 4428 3621 4463 :
3652 4425 3760 4464 non

2174 4502 2284 4557 Eva
2313 4502 2724 4571 supplantatrix,
2758 4502 2851 4556 sed
2876 4502 3112 4556 Ecclesia
3140 4501 3370 4556 erectrix
3402 4520 3415 4554 :
3449 4517 3556 4557 non
3582 4501 3669 4557 hic
3693 4501 3762 4556 fo-

2172 4593 2238 4646 lia
2266 4593 2517 4648 arborum
2547 4634 2561 4658 ,
2593 4594 2685 4647 sed
2724 4594 2925 4648 fructus
2954 4593 3170 4662 spiritus
3201 4611 3213 4646 :
3256 4610 3361 4648 non
3386 4610 3545 4663 sepcs
3571 4597 3759 4665 spina-

2172 4701 2312 4749 rum,
2345 4685 2438 4741 sed
2468 4687 2622 4741 vinea
2653 4686 2940 4741 fructifera.
2976 4684 3034 4740 Si
3084 4700 3242 4756 quam
3272 4687 3411 4741 enim
3440 4687 3649 4755 spinam
3680 4686 3758 4741 of-

2170 4776 2403 4843 fendam,
2449 4778 2501 4832 in
2529 4778 2723 4832 olivam
2757 4786 3028 4833 commuto
3057 4795 3070 4829 :
3101 4793 3205 4831 non
3229 4778 3367 4832 enim
3400 4777 3488 4832 hic
3510 4778 3653 4833 valet
3681 4780 3754 4832 in-

2169 4869 2289 4938 epia
2312 4880 2530 4935 natura},
2555 4869 2646 4924 sed
2681 4869 2895 4924 libertas
2925 4869 3130 4923 arbitrii
3154 4869 3464 4923 honoratur.
3488 4869 3543 4925 Si
3573 4871 3753 4939 lupum

2169 4958 2443 5026 invenero,
2472 4976 2623 5015 ovem
2647 4960 2802 5029 facio,
2832 4976 2937 5015 non
2969 4969 3211 5015 naturam
3237 4971 3469 5025 mutans,
3500 4962 3596 5017 sed
3630 4978 3751 5031 pro-

2168 5053 2400 5122 positum
2444 5053 2786 5107 transferens.

2242 5143 2464 5199 Ecclesia
2491 5160 2625 5197 arca:
2664 5143 2779 5199 Noe
2819 5153 3141 5215 comparatur
3168 5144 3265 5213 (a).
3294 5172 3365 5182 --
3392 5142 3758 5210 Quamobrem

2167 5251 2270 5289 non
2300 5238 2564 5291 erraverit
2583 5236 2842 5305 quispiam
2872 5238 2914 5290 si
2941 5237 3137 5291 dixerit
3164 5235 3453 5289 Ecclesiam
3479 5249 3601 5290 esse
3628 5251 3757 5291 area

2165 5330 2609 5399 praestantiorem.
2652 5329 2859 5385 Etenim
2899 5345 3020 5383 arca
3070 5329 3315 5385 animalia
3367 5328 3755 5398 excipiebant

2164 5422 2411 5475 animalia
2439 5421 2812 5487 conservabat,
2847 5421 3079 5475 Ecclesia
3107 5437 3233 5475 vero
3269 5420 3518 5475 animalia
3549 5422 3753 5491 excipit

2162 5525 2215 5569 et
2248 5516 2508 5570 immutat.
2539 5514 2780 5585 Exempli
2806 5530 2987 5579 causa,
3016 5514 3137 5568 illuc
3172 5514 3443 5582 ingressus
3469 5514 3731 5583 accipiter

2161 5608 2415 5677 accipiter
2440 5609 2585 5672 exit;
2620 5608 2889 5679 ingressus
2937 5608 3109 5675 lupus,
3144 5607 3274 5661 exiit
3318 5606 3473 5675 lupus
3502 5624 3517 5660 :
3559 5616 3614 5660 at
3646 5607 3757 5661 huc

2167 5699 2437 5768 ingressus
2465 5700 2738 5769 accipiter,
2771 5699 2879 5753 exit
2907 5697 3152 5755 columba
3178 5713 3192 5759 ;
3220 5695 3494 5766 ingressus
3552 5694 3717 5763 lupus
3740 5733 3755 5753 .

2212 5810 2284 5871 (a)
2319 5810 2431 5860 vide
2457 5810 2623 5861 ttomil.
2658 5813 2707 5861 in
2725 5818 2870 5861 terra:
2891 5817 3072 5859 motum
3106 5815 3221 5858 tom.
3248 5807 3293 5855 1.
