4066 6392
435 337 541 392 537

435 454 632 508 ϐατον·
668 451 972 522 εἰσέρχεται
1009 451 1150 518 δφις,
1189 451 1282 503 καὶ
1318 449 1468 521 [541]
1501 449 1779 522 ἐξέρχεται
1807 449 2016 521 ἀρνίον,
2047 449 2106 501 οὑ

434 541 535 610 τῆς
577 538 790 610 φύσεως
823 537 1318 609 μεταϐαλλομένης,
1351 538 1486 591 ἀλλά
1526 537 1627 607 τῆς
1672 537 1867 600 κακίας
1893 537 2109 590 ἐλαυνο-

439 629 626 698 μένης.
675 627 774 680 Διά
816 625 974 679 τοῦτο
1029 626 1266 696 συνεχῶς
1316 626 1410 679 τὸν
1466 627 1594 698 περὶ
1638 627 1924 696 μετανοίας
1977 625 2111 678 κινῶ

435 717 611 786 λόγον.
631 716 690 769 Ἢ
717 716 826 786 γὰρ
851 715 1128 786 μετάνοια,
1157 714 1304 785 δεινὴ
1326 716 1421 768 καὶ
1447 714 1653 785 φοϐερὰ
1683 714 1760 785 τῷ
1779 711 2108 784 ἁμαρτωλῷ,

436 805 726 874 φάρμακον
751 803 859 854 τῶν
881 801 1390 872 πλημμελημάτων,
1417 801 1627 872 δαπάνη
1637 820 1713 873 μα
1734 802 1842 855 τῶν
1871 817 2110 873 παρα-λος

439 891 596 960 μιῶν,
621 890 881 961 ἀνάλωμα
907 889 1016 942 τῶν
1043 889 1316 960 δακρύων,
1358 891 1639 960 παρρησία
1674 890 1810 960 πρὸς
1830 889 1921 943 τὸν
1950 889 2106 954 Θεὸν,

435 979 595 1032 ὅπλον
633 977 775 1032 κατά
806 976 899 1030 τοῦ
935 977 1182 1030 διαϐόλου
1201 1017 1214 1039 ,
1251 977 1496 1048 μάχαιρα
1528 977 1912 1047 ἀποτέμνουσα
1943 975 2108 1029 αὑτοῦ

432 1067 532 1137 τὴν
557 1065 818 1136 κεφαλὴν,
847 1065 1117 1136 σωτηρίας
1139 1065 1314 1128 ἐλπὶς,
1343 1065 1706 1133 ἀπογνώσεως
1737 1066 2017 1136 ἀναίρεσις
2045 1078 2070 1104 ι
2091 1081 2104 1094 ·

433 1154 572 1224 αῦτη
601 1155 692 1207 τὸν
727 1155 954 1224 οὐρανὸν
981 1155 1221 1223 ἀνοίγει,
1251 1153 1388 1225 αῦτη
1426 1155 1504 1216 εἰς
1527 1153 1618 1206 τὸν
1652 1154 1980 1223 παράδεισον
2003 1155 2109 1205 εἰσ-

434 1243 577 1309 άγει,
606 1241 745 1310 αῦτη
774 1241 868 1294 τοῦ
897 1241 1143 1296 διαϐόλου
1174 1242 1518 1313 περιγίνεται
1551 1241 1672 1310 (διὰ
1708 1241 1772 1312 δὴ
1797 1240 1955 1294 τοῦτο
1985 1259 2109 1293 συν-

434 1329 572 1398 εχῶς
596 1330 686 1382 τὸν
730 1331 858 1400 περὶ
895 1329 1084 1382 τούτου
1119 1330 1253 1383 κινῶ
1284 1329 1502 1399 λόγον),
1540 1329 1732 1400 ὥσπερ
1769 1331 1864 1381 καὶ
1888 1329 1947 1381 τὺ
1972 1328 2107 1399 θαρ-

433 1419 546 1486 ρεῖν
575 1419 717 1470 ποιεῖ
746 1418 1218 1482 ὑποσκελίζεσθαι.
1251 1417 1600 1488 ’Λμαρτωλδς
1626 1416 1705 1480 εἷς
1729 1417 1802 1486 μὴ
1823 1417 2074 1487 ἀπογνῷς
2092 1434 2104 1446 ·

430 1506 490 1557 οὐ
519 1505 764 1575 παύομαι
790 1505 1028 1575 συνεχῶς
1059 1506 1230 1558 ταῦτα
1262 1505 1571 1574 ἐπαλείφων
1599 1506 1668 1557 τά
1693 1506 1988 1576 φάρμακα·
2014 1506 2108 1558 καὶ

431 1594 540 1665 γὰρ
578 1589 692 1646 οἴδα
734 1593 920 1663 ἡλίκον
969 1593 1132 1646 ὅπλον
1172 1594 1288 1646 ἐστὶ
1319 1594 1463 1646 κατά
1517 1593 1612 1645 τυῦ
1642 1593 1900 1646 διαϐόλου
1937 1595 1998 1647 τὸ
2032 1597 2105 1664 μὴ

429 1681 826 1750 ἀπογινώσκειν
847 1683 1010 1751 ὑμᾶς.
1034 1685 1128 1735 ‘Av
1147 1682 1275 1753 ἔχῃς
1292 1684 1511 1753 ἁμαρτῆ
1521 1700 1685 1752 ματα,
1713 1682 1788 1753 μὴ
1817 1682 2070 1752 ἀπογνῷς
2091 1699 2102 1710 ·

430 1770 492 1821 οὐ
531 1769 774 1839 παύομαι
817 1770 990 1824 ταῦτα
1042 1770 1281 1839 συνεχῶς
1329 1770 1502 1837 λέγων
1527 1785 1543 1798 ·
1581 1769 1680 1823 κάν
1723 1769 1844 1822 καθ’
1892 1770 2106 1841 ἡμέραν

431 1857 785 1928 ἀμαρτάνῃς,
839 1857 959 1910 καθ’
1001 1857 1214 1928 ἡμέραν
1263 1859 1510 1928 μετανόει
1535 1875 1550 1889 ·
1589 1859 1681 1910 καὶ
1724 1859 1860 1927 ὅπερ
1899 1861 1955 1910 ἐν
1987 1860 2106 1920 ταῖς

430 1945 689 2008 παλαιαῖς
743 1946 1000 2015 ποιοῦμεν
1038 1945 1256 2009 οἰκίαις,
1292 1947 1420 1998 ὅταν
1457 1945 1833 2015 σαθρωθῶσιν,
1885 1945 2106 2010 ὑπεξαι-

418 2030 671 2103 ,ρούμεθα
708 2031 775 2084 τὰ
826 2032 1250 2101 σεσαθρωμένα,
1302 2034 1396 2084 καὶ
1445 2033 1607 2084 καινὰ
1645 2031 2102 2102 ἐπισκευάζομεν,

425 2123 524 2175 καὶ
565 2122 818 2174 οὐδέποτε
870 2123 1126 2192 συνεχοῦς
1191 2123 1511 2192 ἐπιμελείας
1543 2121 2012 2192 ἐπιλανθανόμεθα
2039 2123 2065 2162 δ
2089 2140 2102 2152 ·

427 2210 586 2264 τοῦτο
615 2212 709 2262 καὶ
759 2213 816 2263 ἐν
847 2212 976 2280 ἡμῖν
1006 2210 1248 2281 ποιῶμεν
1283 2221 1329 2262 ε.
1367 2212 1427 2263 Εἰ
1477 2210 1819 2281 ἐπαλαιώθης
1868 2214 2106 2282 σήμερον

427 2299 538 2353 ἀπὸ
563 2300 664 2369 τῆς
699 2299 994 2368 ἁμαρτίας,
1031 2298 1380 2351 ἀνακαίνισον
1417 2299 1645 2351 σεαυτὸν
1679 2299 1788 2351 ἀπὸ
1816 2300 1914 2368 τῆς
1942 2316 2106 2367 μετα-

428 2387 595 2450 νοίας.
624 2388 733 2440 Καὶ
763 2387 862 2450 ἔνι,
895 2387 1048 2456 φησί,
1083 2388 1492 2457 μετανοήσαντα
1525 2386 1795 2457 σωθῆναις
1828 2388 1933 2439 Καὶ
1964 2388 2104 2440 πάνυ

428 2473 528 2527 ενι.
553 2475 738 2527 Πάντα
770 2473 858 2527 τὸν
893 2473 1005 2543 βίον
1041 2475 1098 2525 ἐν
1129 2473 1428 2545 ἁμαρτίαις
1455 2473 1723 2544 διέτριψα,
1766 2475 1859 2527 καὶ
1889 2474 1984 2526 ἐὰν
2017 2491 2107 2544 με.

427 2562 696 2631 τανοήσω,
737 2561 1016 2630 σώζομαις
1052 2562 1221 2614 Πάνυ.
1264 2560 1435 2613 Πόθεν
1473 2560 1672 2630 δῆλον;
1724 2561 1855 2613 ’Λπδ
1887 2562 1984 2631 τῆς
2012 2560 2103 2614 τοῦ

423 2649 699 2702 Δεσπότου
740 2666 831 2702 σου
877 2649 1306 2720 φιλανθρωπίας.
1353 2648 1444 2720 Μὴ
1473 2649 1582 2720 γὰρ
1614 2652 1680 2720 τῇ
1723 2651 1979 2720 μετανοίᾳ
2009 2666 2102 2702 σου

429 2737 645 2810 θαρρῶ;
690 2739 764 2810 μὴ
791 2737 900 2810 γὰρ
941 2739 972 2807 ή
1025 2737 1286 2809 μετάνοιά
1325 2754 1419 2790 σου
1469 2737 1643 2808 ἰσχύει
1688 2738 1925 2792 τοσαῦτα
1955 2738 2104 2791 κακά

428 2826 883 2898 ἀποσμήξασθαι;
910 2828 972 2881 Εἰ
1000 2828 1031 2897 ή
1061 2825 1318 2896 μετάνοια
1349 2826 1482 2896 μόνη
1506 2822 1594 2896 ἦν,
1618 2825 1842 2888 εἰκότως
1869 2825 2064 2895 ἐφόϐου
2087 2843 2099 2854 ·

427 2912 617 2984 ἐπειδὴ
647 2913 705 2966 δέ
736 2916 804 2984 τῇ
847 2914 1107 2984 μετανοίᾳ
1139 2914 1468 2985 κεράννυται
1509 2913 1644 2966 Θεοῦ
1677 2913 2063 2984 φιλανθρωπία
2085 2953 2099 2975 ,

429 3000 622 3072 θάρρει
643 3017 657 3033 ·
685 3001 821 3055 Θεοῦ
850 3001 961 3072 γάρ
983 3000 1394 3072 φιλανθρωπίας
1432 3001 1630 3072 μέτρον
1656 3002 1756 3054 οὐκ
1779 3001 1946 3064 ἐστιν,
1983 3002 2104 3056 ούδὶ

427 3087 571 3160 λόγῳ
599 3090 999 3161 ἐρμηνευθῆναι
1025 3089 1248 3143 δύναται
1279 3089 1446 3143 αὐτοῦ
1485 3091 1516 3158 ή
1557 3089 1849 3160 ἀγαθότης.
1895 3091 1957 3142 Ἠ
2004 3091 2102 3160 μὲν

427 3177 536 3248 γάρ
564 3177 630 3249 σὴ
664 3178 834 3232 κακία
870 3179 1065 3249 μέτρον
1091 3177 1226 3249 ἔχει,
1255 3177 1317 3230 τδ
1356 3177 1413 3230 δέ
1443 3178 1736 3248 φάρμακον
1772 3179 1971 3248 μέτρον
2004 3179 2104 3231 οὐκ

419 3263 540 3334 τὲχει
565 3281 576 3295 ·
606 3267 639 3334 ἡ
677 3267 744 3336 σὴ
773 3266 940 3319 κακία
968 3266 1053 3318 οἵα
1076 3268 1169 3318 ἐάν
1202 3262 1258 3337 ᾗ,
1292 3267 1605 3336 ἀνθρωπίνη
1639 3266 1756 3318 ἐστί
1777 3267 1961 3329 κακία,
1988 3268 2020 3335 ή
2046 3266 2103 3318 δὲ

427 3352 521 3405 τοῦ
551 3351 686 3405 Θεοῦ
725 3353 1104 3423 φιλανθρωπία
1144 3353 1402 3422 ἀφατος·ά
1426 3371 1438 3382 ·
1477 3355 1570 3406 καὶ
1602 3353 1812 3424 θάρρει,
1844 3355 1923 3404 ὅτι
1953 3370 2105 3425 περι-

427 3439 636 3508 γίνεται
669 3456 762 3492 σου
790 3441 886 3511 τῆς
916 3442 1132 3504 κακίας.
1166 3440 1448 3511 Ἐννόησον
1470 3440 1740 3511 σπινθῆρα
1765 3442 1841 3503 εἰς
1869 3440 2103 3508 πέλαγος

423 3527 737 3596 ἐμπεσόντα
760 3545 774 3558 ·
811 3527 885 3597 μὴ
909 3527 1132 3581 δύναται
1164 3528 1355 3598 στῆναι
1383 3528 1414 3598 ἦ
1440 3529 1672 3598 φανῆναι
1703 3545 1717 3592 ;
1759 3529 1921 3580 Ὅσον
1950 3545 2100 3580 σπιν-

433 3614 533 3684 θὴρ
565 3613 701 3682 πρὸς
730 3613 988 3681 πέλαγος,
1019 3613 1274 3667 τοσοῦτον
1324 3615 1493 3667 κακία
1542 3614 1676 3684 πρὸς
1705 3615 1804 3684 τὴν
1834 3614 1926 3666 τοῦ
1967 3614 2102 3667 Θεοῦ

436 3701 869 3773 φιλανθρωπίαν·
929 3703 1126 3771 μᾶλλον
1162 3702 1216 3754 δέ
1262 3703 1379 3755 οὐδὲ
1430 3702 1701 3764 τοσοῦτον,
1750 3701 1886 3754 ἀλλά
1926 3702 2102 3771 πολλῴ

425 3788 612 3842 πλέον.
649 3779 722 3842 Τὸ
754 3789 851 3860 μὲν
893 3791 1001 3861 γὰρ
1046 3791 1302 3858 πέλαγος,
1342 3789 1442 3842 κᾶν
1481 3790 1620 3859 μέγα
1641 3785 1696 3863 ᾗ,
1727 3790 1922 3861 μέτρον
1951 3791 2062 3860 ἕχει
2083 3806 2096 3820 ·

430 3880 468 3950 ή
492 3878 548 3931 δὲ
575 3877 666 3931 τοῦ
701 3877 836 3931 Θεοῦ
865 3877 1239 3949 φιλανθρωπία
1270 3880 1671 3950 ἀπεριόριστος.

501 3966 685 4020 Ταῦτα
705 3965 866 4034 λέγω,
901 3967 998 4035 οὐχ
1025 3967 1110 4019 ἵνα
1141 3968 1284 4036 ὑμᾶς
1318 3966 1722 4037 ῥᾳθυμοτέρους
1756 3967 2096 4037 ἐργάσωμαι,

427 4055 542 4111 ἀλλ’
564 4055 647 4108 ἵνα
680 4055 1126 4125 σπουδαιοτέρους
1150 4057 1501 4124 καταστήσω.
1533 4055 1822 4126 Παρῄνεσα
1841 4054 2098 4118 πολλάκις

430 4146 508 4207 εἰς
546 4143 773 4216 θέατρον
817 4143 892 4214 μὴ
930 4143 1270 4198 ἀναϐαίνειν·
1323 4145 1583 4213 ἡκούσας,
1637 4145 1738 4196 οὐκ
1799 4143 2093 4214 ἐπείσθης·

430 4230 627 4302 ἀνέϐης
649 4233 729 4294 εἰς
756 4231 818 4284 τὸ
846 4231 1092 4301 θέατρον,
1136 4227 1487 4302 παρήκουσάς
1519 4249 1619 4300 μου
1652 4231 1744 4283 τοῦ
1797 4231 1953 4300 λόγου
1973 4249 1986 4261 ·
2019 4232 2095 4303 μὴ

429 4321 720 4392 αἰσχυνθῇς
745 4319 906 4374 πάλιν
931 4320 1212 4384 εἰσελθεῖν,
1252 4322 1343 4373 καὶ
1392 4319 1640 4372 ἀκοῦσαι.
1689 4320 1965 4382 Ἤκουσα,
2002 4323 2096 4372 καὶ

425 4411 525 4464 οὐκ
549 4412 812 4480 ἐτήρησα,
843 4410 959 4473 πῶς
984 4411 1219 4480 δύναμαι
1251 4409 1413 4462 πάλιν
1441 4409 1698 4462 εἰσελθεῖν
1724 4425 1736 4472 ;
1785 4409 1934 4472 Τέως
1966 4410 2096 4462 αὐτὸ

423 4500 582 4554 τοῦτο
607 4497 773 4564 οἶδας,
801 4501 882 4553 ὅτι
905 4501 1005 4553 οὐκ
1032 4501 1336 4571 ἐτήρησας·
1363 4501 1500 4562 τέως
1524 4499 1774 4570 αἰσχύνῃ.
1800 4497 1937 4560 τέως
1967 4499 2094 4569 ἐρυ-

428 4590 604 4661 θριᾷς,
630 4591 767 4654 τέως
797 4590 1022 4661 μηδενός
1045 4608 1104 4644 σε
1152 4590 1462 4660 ἐλέγχοντος
1495 4590 1584 4643 τὸν
1618 4588 1834 4659 χαλινὸν
1868 4589 2095 4659 περιφέ-

429 4695 562 4747 ρεις.
597 4679 732 4743 τέως
764 4679 854 4732 τδν
901 4679 1057 4748 λόγον
1093 4696 1192 4749 μου
1229 4678 1370 4748 έχεις
1411 4677 1800 4750 ἐρριζωμένον,
1835 4676 1972 4740 τέως
2017 4678 2093 4748 μὴ

427 4767 751 4834 φαινομένου
774 4769 806 4837 ή
832 4766 1148 4821 διδασκαλία
1184 4783 1284 4838 μου
1323 4765 1572 4836 καθαίρει
1616 4783 1696 4819 σε.
1739 4766 1852 4819 Ούκ
1895 4767 2094 4837 ἐτήρη·

429 4869 546 4934 σας,
579 4854 858 4922 κατέγνως
886 4853 1149 4922 σεαυτοῦ;
1179 4857 1258 4918 εἰς
1279 4854 1340 4908 τὸ
1370 4855 1541 4924 ἥμισυ
1573 4854 1863 4924 ἐτήρησας,
1891 4854 1994 4907 κᾶν
2019 4854 2094 4925 μὴ

425 4942 691 5012 τηρήσῃς,
719 4940 879 5013 εἴπῃς
901 4941 976 5006 δέ,
1007 4941 1123 4997 Οὐκ
1144 4944 1388 5014 ἐτήρησα
1407 4959 1419 4972 ·
1449 4944 1476 4994 ὁ
1504 4942 1612 5012 γὰρ
1641 4942 1942 5010 καταγνοὺς
1971 4943 2097 4994 ἐαυ-

424 5028 519 5082 τοῦ
545 5031 636 5083 ἐπὶ
667 5029 745 5101 τῷ
785 5031 859 5102 μή
887 5033 1144 5103 τηρῆσαι,
1176 5033 1268 5084 ἐπὶ
1297 5033 1358 5085 τὸ
1388 5030 1539 5102 [542]
1570 5031 1808 5101 τηρῆσαι
1859 5031 2093 5086 σπουδά-

425 5116 530 5182 ζει.
589 5117 964 5191 Ἐθειτ›ρησας;
1020 5119 1260 5188 εἰργάσω
1310 5119 1687 5190 παρανομίαν;
1748 5117 2093 5188 αἰχμάλωτος

425 5207 612 5275 ἐγένου
665 5208 764 5278 τῆς
807 5210 1045 5279 πόρνης;
1075 5206 1310 5276 κατέϐης
1337 5207 1443 5260 ἀπὸ
1484 5207 1577 5259 τοῦ
1605 5207 1875 5277 θεάτρου;
1931 5207 2093 5260 πάλιν

487 5417 623 5482 ᾗξίϐ
643 5418 792 5482 Savil.
829 5420 1010 5482 melius
1035 5429 1179 5482 quam
1211 5419 1384 5482 Morel.
1414 5418 1653 5482 ἀγνωσίας
1678 5419 1932 5480 ἀναίρεσις.

484 5474 514 5519 Β
539 5479 622 5542 Sic
651 5481 800 5542 Savi}.
830 5474 1004 5529 Morel.
1027 5474 1146 5530 v'ero
1162 5481 1426 5542 ἐπιμελείας
1448 5474 1734 5542 ἀπολύομεν,
1753 5474 1909 5528 nimus
1930 5487 2087 5530 recte.

487 5544 510 5571 ο
537 5541 666 5604 Haec,
687 5541 828 5590 τοῦτο
849 5543 929 5589 καὶ
958 5544 1004 5590 ἐν
1037 5543 1148 5604 ἡμῖν
1178 5540 1406 5604 ποιῶμεν,
1440 5540 1619 5602 quibus
1639 5540 1903 5589 ’seulemia
1943 5547 2091 5603 perli-

423 5600 568 5665 citglr,
590 5603 730 5651 nobis
755 5600 1083 5665 suppeditavii
1113 5600 1338 5652 Saviliué.
1367 5600 1498 5665 Emi.

486 5661 513 5701 ιι
537 5663 683 5729 δεινῇ.
709 5661 1027 5728 φιλανθρωπία
1050 5667 1401 5729 ἀπεριόριστος,
1428 5664 1598 5729 Morel.
1628 5678 1744 5729 \_'CI:0
1770 5666 2090 5728 φιλανθρωπία

424 5722 628 5790 ἄφθιτοςζ
646 5722 772 5790 θος,
790 5722 903 5790 ροέι
924 5722 1241 5790 φιλανθρωπία
1289 5725 1404 5790 nihil
1441 5725 1606 5790 habet.
1633 5725 1762 5776 Infra
1781 5722 1912 5777 "vero
1937 5722 2085 5778 Savil.

418 5794 453 5848 ἠ
470 5784 525 5834 δέ
547 5784 633 5833 τοῦ
654 5784 1122 5848 Θεόῦφιλανθρωπία
1144 5790 1310 5857 μέτρον
1332 5789 1420 5837 οὐκ
1443 5787 1556 5850 ἔχει.

1218 332 1272 389 S.
1315 332 1600 388 JOANNIS
1639 329 2141 388 CIIRYSOSTOMI
2178 331 2495 388 ARCHIEP.
2535 332 3078 390 CONSTANTINOP.

3777 335 3877 392 338

2213 449 2518 521 ἐμνήσθης;
2553 449 2865 522 ᾗσχύνθηςς
2911 449 3195 522 πρόσελθε.
3246 440 3578 522 Ἐλυπήθης;
3627 452 3876 520 παρακά-

2211 535 2365 590 λεσον
2398 538 2489 591 τὸν
2519 538 2652 591 Θεόν
2670 555 2686 572 ·
2712 539 2943 609 ἀνέστης
2971 539 3131 609 μέχρι
3155 550 3180 578 ο
3201 539 3410 595 τούτου.
3429 539 3563 592 Οὐαί
3585 555 3692 608 μοι,
3711 539 3880 609 ηκου-

2213 643 2300 690 σα,
2333 629 2428 681 καί
2455 628 2554 682 οὐκ
2574 628 2844 700 ἐτήρησα·
2882 628 3000 692 πῶς
3045 628 3270 680 εἰσέλθω
3302 630 3381 690 εἰς
3416 626 3511 697 τὴν
3538 627 3836 698 ἐκκλησίαν
3862 644 3876 690 ;

2212 717 2330 782 πῶς
2363 718 2524 772 πάλιν
2547 718 2796 782 ἀκούσω;
2831 717 3050 772 Μᾶλλον
3079 717 3304 780 εῖσελθε,
3342 716 3527 788 ἐπειδὴ
3559 718 3658 769 οὐκ
3682 719 3879 786 ἐτήρη-

2211 822 2329 869 σας,
2358 807 2444 858 ἵνα
2473 806 2630 860 πάλιν
2659 806 2895 869 ἀκούσας
2923 807 3190 876 τηρήσῃς.
3245 806 3540 876 Φάρμακον
3577 804 3676 858 ἐὰν
3716 804 3876 874 ἐπιθῇ

2212 909 2293 947 σοι
2324 896 2352 947 ό
2384 895 2588 964 ἰατρὸς,
2624 897 2718 948 καὶ
2765 895 2839 965 μὴ
2893 893 3163 964 καθαρίσῃ
3216 910 3294 957 σε,
3349 894 3512 964 ἄλλην
3537 891 3754 964 ἡμέραν
3775 893 3879 945 οὐκ

2210 983 2518 1053 ἐπιτίθησιν
2546 983 2677 1036 αὐτὸ
2733 982 2924 1046 πάλιν;
2968 982 3123 1033 Ἔστι
3173 997 3256 1043 τις
3306 980 3633 1050 δρυοτόμος·
3679 980 3882 1034 θελέτω

2206 1069 2428 1139 τέμνειν
2459 1068 2608 1137 δρῦν,
2640 1068 2902 1140 λαμϐάνει
2925 1066 3111 1137 ἀξίνην
3139 1108 3152 1130 ,
3187 1068 3375 1120 κόπτει
3408 1068 3506 1137 τὴν
3552 1065 3737 1137 ρίξαν·
3785 1068 3883 1120 ἐὰν

2207 1157 2283 1227 δῷ
2319 1157 2445 1228 μίαν
2481 1157 2717 1229 πληγὴν,
2752 1157 2847 1210 καὶ
2898 1156 2973 1226 μὴ
3006 1157 3142 1229 πέσῃ
3183 1156 3244 1208 τὸ
3276 1157 3522 1224 ἄκαρπον
3548 1155 3786 1226 δένδρον,
3816 1158 3881 1209 οὐ

2208 1245 2422 1299 δίδωσιν
2449 1246 2614 1317 ἄλλην
2644 1245 2855 1315 πληγὴν
2881 1284 2895 1307 ,
2936 1246 2994 1298 οὐ
3041 1245 3138 1316 τὴν
3166 1245 3430 1315 τετάρτην
3449 1283 3463 1308 ,
3496 1245 3555 1296 οὐ
3607 1245 3709 1314 τὴν
3735 1244 3883 1314 πέμ-

2210 1351 2372 1404 πτην,
2403 1335 2465 1388 ού
2495 1335 2592 1402 τὴν
2621 1334 2881 1404 δεκάτηνς
2921 1332 3076 1386 Οὕτω
3104 1333 3197 1386 καὶ
3227 1333 3292 1386 σὺ
3349 1332 3487 1385 ποίει
3508 1347 3519 1359 ·
3553 1331 3684 1400 δρῦς
3731 1334 3884 1384 ἐστιν

2210 1422 2444 1492 ήπόρνη
2483 1421 2529 1486 ί,
2566 1421 2812 1492 ἄκαρπον
2839 1420 3081 1492 δένδρον,
3115 1419 3374 1489 βαλάνους
3418 1420 3725 1490 ἐκφέρουσα
3767 1421 3886 1490 χοί-

2213 1527 2320 1581 ρων
2368 1509 2576 1578 ἀλόγων
2627 1514 2868 1581 τροφήν·
2903 1511 2960 1560 ἐν
2994 1507 3170 1578 πολλῷ
3198 1508 3374 1578 χρόνῳ
3424 1506 3689 1579 ἐρριζώθη
3723 1509 3782 1559 ἐν
3814 1511 3884 1579 τῇ

2207 1598 2416 1668 διανοίᾳ
2447 1615 2560 1664 σου,
2593 1599 2650 1649 ἐν
2684 1601 2748 1668 τῇ
2783 1596 3039 1668 περιϐολῇ
3067 1595 3173 1649 τῶν
3204 1597 3434 1667 δένδρων
3482 1595 3747 1649 κατέϐαλέ
3785 1613 3884 1648 σου

2209 1685 2268 1736 τὸ
2317 1685 2582 1748 συνειδὸς·
2615 1686 2643 1736 ό
2678 1683 2834 1750 λόγος
2867 1701 2966 1753 μου
3009 1683 3165 1752 ἀξίνη
3199 1682 3365 1737 ἐστίν.
3417 1683 3692 1744 Ἤκουσας
3755 1683 3890 1750 μίαν

2209 1771 2419 1842 ήμέραν
2439 1789 2450 1800 ·
2472 1771 2588 1834 πῶς
2613 1772 2692 1833 εἰς
2726 1771 2855 1840 μίαν
2883 1769 3094 1840 ἡμέραν
3121 1771 3144 1808 Β
3169 1770 3356 1821 πίπτει
3383 1771 3414 1839 ή
3445 1767 3683 1838 τοσούτῳ
3703 1769 3893 1839 χρόνῳ

2207 1857 2582 1930 ἐρριζωμένη;
2633 1859 2758 1911 Ἐὰν
2784 1858 2891 1928 γὰρ
2919 1858 3021 1920 δὶς,
3054 1857 3147 1910 ἐὰν
3173 1857 3281 1928 γὰρ
3313 1857 3452 1927 τρὶς,
3495 1856 3589 1910 ἐὰν
3618 1855 3727 1926 γὰρ
3751 1859 3892 1908 ἐκα-

2207 1947 2476 2009 τοντάκις,
2519 1947 2613 2000 ἐὰν
2642 1945 2751 2016 γὰρ
2789 1946 3068 2016 μυριάκις,
3105 1947 3204 1998 οὐκ
3239 1945 3354 1998 ἔστι
3397 1945 3711 2015 θαυμαστόν
3735 1963 3750 1974 ·
3787 1946 3893 2015 μό-

2207 2050 2295 2086 νον
2336 2033 2562 2103 ἐκκοψον
2608 2036 2840 2105 πρᾶγμα
2886 2034 3120 2105 πονηρὸν
3177 2034 3265 2087 καὶ
3315 2033 3554 2104 ἰσχυρὸν,
3587 2032 3892 2103 συνήθειαν

2208 2124 2468 2194 πονηράν.
2497 2125 2687 2176 Μάννα
2721 2123 2907 2193 ἤσθιον
2939 2125 2988 2177 οἰ
3035 2123 3297 2182 Ἰουδαῖοι,
3330 2122 3424 2175 καὶ
3448 2121 3712 2193 κρόμμυα
3747 2121 3889 2191 ea,

2205 2227 2332 2263 τουν
2365 2212 2432 2265 τὰ
2463 2213 2519 2263 ἐν
2565 2211 2828 2280 Αἰγύπτῳ
2855 2228 2866 2243 ·
2907 2209 3116 2276 Καλῶς
3168 2206 3248 2280 ἦν
3277 2209 3420 2278 ἡμῖν
3458 2211 3529 2264 ἐν
3563 2211 3851 2278 Αἰγύπτιε)
3875 2228 3890 2240 ·

2206 2298 2379 2362 οὓτως
2412 2300 2635 2372 αἰσχρὸν
2661 2301 2892 2371 πρᾶγμα
2917 2299 3174 2369 συνήθεια
3195 2299 3288 2351 καὶ
3318 2297 3602 2352 κάκιστον.
3635 2297 3755 2351 Κάν
3772 2297 3893 2367 γὰρ

2206 2389 2286 2450 εἰς
2311 2388 2442 2442 δέκα
2467 2390 2677 2458 ἡμέρας
2715 2387 3086 2461 κατορθώσῃς,
3123 2388 3217 2440 ἐὰν
3247 2386 3353 2457 γὰρ
3408 2388 3488 2449 εἰς
3523 2385 3750 2446 εἴκοσιν,
3789 2387 3894 2437 ἐὰν

2205 2475 2314 2545 γὰρ
2339 2477 2418 2539 εἰς
2452 2477 2762 2546 τριάκοντα,
2810 2477 2910 2529 οὐκ
2957 2475 3173 2544 ἀγαπῶ,
3207 2476 3268 2528 οὐ
3290 2475 3447 2546 χάριν
3472 2473 3602 2544 ἔχω,
3629 2475 3692 2526 οὐ
3722 2490 3890 2543 περι-

2206 2566 2514 2636 πτύσσομαί
2545 2581 2604 2617 σε
2624 2581 2636 2594 ·
2669 2565 2828 2635 μόνον
2861 2565 2937 2636 μὴ
2967 2565 3283 2635 ἀποκάμῃς,
3319 2563 3452 2617 ἀλλὰ
3494 2561 3757 2633 αἰσχύνου
3789 2563 3897 2614 καὶ

2206 2654 2601 2721 καταγίνωσκε.

2279 2741 2321 2810 β’
2338 2781 2350 2793 .
2371 2741 2540 2797 Πάλιν
2557 2742 2836 2813 διελέχθην
2854 2743 2981 2814 περὶ
2999 2741 3239 2812 ἀγάπης·
3259 2742 3518 2811 ἡκούσας,
3532 2737 3776 2808 ἀπῆλθες
3793 2740 3897 2791 καὶ

2203 2829 2498 2900 ἥρπασαςς
2535 2830 2635 2882 οὐκ
2670 2829 2930 2896 ἐπεδείξω
2957 2829 3046 2882 διὰ
3081 2828 3190 2882 τῶν
3224 2828 3398 2898 ἔργων
3423 2826 3514 2881 τὸν
3552 2826 3754 2894 λόγον;
3788 2827 3895 2896 Μὴ

2203 2917 2499 2988 αἰσχυνθῇς
2527 2917 2688 2970 πάλιν
2718 2917 2978 2969 εἰσελθεῖν
3011 2918 3089 2978 εἰς
3119 2915 3215 2986 τὴν
3256 2914 3550 2985 ἐκκλησίαν
3570 2931 3583 2944 ο
3621 2913 3897 2983 αἰσχύνοι»

2205 3004 2556 3075 ἁμαρτάνων,
2587 3005 2659 3076 μὴ
2685 3004 2940 3073 αἰσχύνου
2971 3003 3266 3072 μετανοῶν.
3298 3002 3538 3072 Πρόσεχε
3571 3001 3626 3053 τί
3657 3002 3900 3071 ἐποίησέ

2207 3110 2290 3146 σοι
2319 3095 2347 3145 ό
2377 3092 2639 3156 διάϐολος.
2670 3092 2773 3145 Δύο
2793 3093 2964 3146 ταῦτά
2986 3094 3151 3154 ἐστιν,
3189 3091 3430 3162 ἁμαρτία
3469 3091 3562 3142 καὶ
3598 3089 3897 3160 μετάνοια·

2203 3182 2447 3253 ἁμαρτία
2490 3181 2746 3252 τραῦμα,
2787 3181 3042 3251 μετάνοια
3089 3179 3397 3250 φάρμακον.
3435 3179 3648 3248 Ὥσπερ
3682 3177 3794 3248 γάρ
3831 3179 3902 3227 ἐν

2203 3267 2282 3339 τῷ
2318 3268 2532 3338 σώματι
2568 3267 2857 3339 τραύματα
2910 3267 3002 3319 καὶ
3042 3266 3341 3338 φάρμακα·
3393 3264 3535 3316 οὕτω
3594 3264 3690 3316 καὶ
3717 3265 3775 3316 ἐν
3820 3265 3896 3333 τῇ

2203 3354 2346 3425 ψυχῇ
2390 3356 2764 3424 ἁμαρτήματα
2794 3355 2886 3406 καὶ
2920 3353 3208 3422 μετάνοια·
3261 3352 3374 3404 ἀλλ’
3422 3351 3734 3421 ήάμαρτία
3783 3351 3900 3421 τὴν

2203 3442 2465 3512 αἰσχύνην
2504 3441 2637 3512 ἕχει,
2672 3443 2703 3512 ἡ
2740 3442 2795 3494 δέ
2819 3442 3075 3512 μετάνοια
3105 3441 3202 3493 τὴν
3239 3440 3549 3510 παρρησίαν
3591 3439 3894 3508 κέκτηται.

2205 3530 2444 3601 Πρόσεχέ
2478 3547 2566 3600 μοι
2604 3529 2739 3598 μετά
2760 3527 3065 3600 ἀκριϐείας,
3095 3525 3418 3599 παρακαλῶ,
3443 3526 3530 3578 ἴνα
3557 3528 3630 3595 μὴ
3658 3526 3759 3595 τὴν
3788 3526 3900 3576 τά-

2205 3615 2285 3682 ξιν
2322 3617 2565 3686 συγχέων
2592 3615 2863 3687 ἀπολέσῃς
2899 3614 2994 3685 τὴν
3028 3613 3294 3682 ὠφέλειαν
3349 3611 3503 3665 Ἔστι
3534 3609 3761 3682 τραῦμα
3787 3610 3901 3663 καὶ

2205 3705 2512 3776 φάρμακον,
2531 3704 2774 3773 ἁμαρτία
2805 3704 2895 3756 καὶ
2915 3703 3169 3772 μετάνοια
3190 3717 3203 3730 ·
3227 3701 3286 3753 τὸ
3306 3699 3528 3772 τραῦμα
3552 3701 3586 3769 ἡ
3609 3699 3895 3767 ἁμαρτία,

2202 3792 2262 3844 τὸ
2288 3793 2574 3862 φάρμακον
2603 3793 2634 3861 ή
2666 3791 2949 3861 μετάνοια·
2986 3791 3043 3842 ἐν
3079 3787 3154 3854 τῷ
3184 3787 3456 3857 τραύματι
3488 3783 3736 3856 σηπεδὼν
3761 3825 3774 3843 ,
3825 3785 3900 3835 ἐν

2200 3878 2277 3949 τῷ
2309 3880 2584 3950 φαρμάκῳ
2617 3878 2957 3948 καθαρισμδς
2986 3876 3273 3946 σηπεδόνος
3292 3893 3304 3904 ·
3328 3877 3385 3927 ἐν
3409 3875 3475 3943 τῇ
3507 3873 3756 3943 ἁμαρτίᾳ
3782 3887 3903 3940 me

2202 3966 2400 4029 πεδὼν,
2434 3968 2490 4018 ἐν
2532 3968 2596 4037 τῇ
2625 3966 2870 4036 ἁμαρτίᾳ
2896 3964 3117 4027 δνειδος,
3140 3965 3197 4015 ἐν
3217 3966 3284 4032 τῇ
3308 3961 3553 4031 ἁμαρτίᾳ
3577 3960 3782 4028 γέλως·
3826 3962 3899 4011 ἐν

2199 4058 2264 4125 τῇ
2298 4055 2554 4124 μετανοίᾳ
2588 4054 2891 4125 παρρησία,
2924 4054 2982 4105 ἐν
3015 4054 3078 4122 τῇ
3107 4051 3363 4121 μετανοίᾳ
3383 4047 3689 4118 ἐλευθερία,
3726 4049 3784 4099 ἐν
3808 4050 3891 4117 τῇ

2203 4144 2459 4213 μετανοίᾳ
2485 4141 2824 4214 καθαρισμδς
2850 4142 3063 4210 ἀμαρτή
3074 4156 3259 4209 ματος.
3280 4139 3520 4208 Πρόσεχε
3550 4136 3690 4206 μετά
3711 4137 3897 4205 ἀκρι-

2200 4230 2371 4294 ϐείας.
2403 4231 2481 4301 Τῇ
2516 4230 2759 4300 ἁμαρτίᾳ
2778 4228 3004 4298 αἰσχύνη
3038 4228 3248 4289 ἕπεται,
3281 4228 3344 4296 τῇ
3379 4224 3638 4295 μετανοίᾳ
3659 4224 3900 4294 παρρη-

2201 4317 2290 4370 σία
2321 4317 2620 4372 ἀκολουθεῖ.
2646 4316 2952 4388 Προσέσχες
2981 4309 3025 4382 ᾧ
3057 4315 3233 4383 λέγω;
3261 4315 3372 4385 Τὴν
3397 4313 3554 4376 τάξιν
3578 4314 3606 4364 ὀ
3627 4313 3900 4373 Σατανᾶς

2195 4405 2547 4476 ἀντέστρεφε,
2573 4405 2666 4458 καὶ
2694 4405 2859 4458 ἔδωκε
2887 4404 2985 4475 τὴν
3016 4403 3324 4474 παρρησίαν
3364 4404 3431 4471 τῇ
3461 4399 3729 4470 ἁμαρτίᾳ,
3784 4400 3903 4453 καὶ

2195 4495 2293 4564 τὴν
2327 4492 2583 4563 αἰσχύνην
2608 4493 2673 4562 τῇ
2700 4491 2974 4562 μετανοίᾳ.
2999 4489 3114 4542 Ούκ
3139 4490 3446 4557 ἀφίσταμαι
3473 4487 3579 4548 ἕως
3608 4486 3898 4554 ἑσπέρας,

2196 4581 2301 4644 ἓως
2328 4573 2389 4633 οῦ
2420 4579 2550 4633 αὐτὸ
2599 4579 2776 4632 λύσω·
2813 4579 2893 4632 δεῖ
2924 4596 2990 4649 με
3039 4577 3136 4648 τὴν
3191 4576 3484 4644 ὑπόσχεσιν
3543 4573 3853 4644 πληρῶσαι
3879 4591 3897 4604 ·

2196 4669 2478 4739 ἀμήχανόν
2509 4685 2575 4739 με
2607 4667 2926 4736 ἀποστῆναι.
2973 4667 3127 4718 Ἐστι
3159 4663 3381 4735 τραῦμα
3419 4661 3514 4715 καὶ
3541 4661 3856 4731 φάρμακον
3877 4681 3900 4695 ο

2193 4755 2257 4807 τὸ
2308 4754 2526 4826 τραῦμα
2603 4753 2702 4824 τὴν
2758 4752 3030 4823 σηπεδόνα
3087 4751 3232 4822 ἔχει,
3306 4751 3365 4803 τὸ
3432 4750 3723 4818 φαρμάκον
3779 4740 3900 4794 τὸν

2195 4841 2535 4912 καθαρισμὸν
2589 4842 2688 4912 τῆς
2746 4841 3038 4912 σηπεδόνος
3082 4841 3362 4908 κέκτηται.
3415 4837 3507 4906 Μὴ
3536 4837 3596 4888 ἐν
3616 4836 3694 4906 τῷ

2196 4931 2474 5000 φαρμάκῳ
2505 4927 2786 4999 σηπεδών;
2819 4930 2894 4999 μὴ
2920 4929 2976 4980 ἐν
3009 4925 3087 4997 τῷ
3115 4927 3389 4997 τραύματι
3428 4925 3569 4987 ῖασις
3593 4943 3609 4987 ;
3631 4925 3731 4975 οὐκ
3761 4923 3904 4994 ἔχει

2196 5015 2365 5069 ταῦτα
2392 5018 2491 5088 τὴν
2511 5017 2711 5070 οἰκείαν
2746 5015 2920 5081 τάξιν,
2954 5015 3180 5067 κάκεῖνα
3202 5013 3298 5082 τὴν
3331 5013 3565 5076 οἰκείαν;
3605 5010 3679 5081 μή
3703 5010 3901 5065 δύνα-

2194 5123 2284 5158 ται
2315 5105 2609 5178 μεταϐῆναι
2640 5103 2797 5157 τοῦτο
2835 5103 2968 5176 πρὸς
3001 5103 3197 5168 ἐκεῖνο,
3227 5101 3258 5171 ἦ
3299 5103 3472 5154 ἐκεῖνο
3501 5099 3637 5170 πρὸς
3672 5097 3896 5166 τοῦ-ξος

2195 5193 2478 5266 Οὐδαμῶς.
2520 5194 2802 5263 Ἐλθωμεν
2830 5193 3017 5246 λοιπὸν
3037 5192 3129 5246 ἐπὶ
3156 5189 3184 5228 ιι
3207 5191 3304 5263 τῆς
3334 5190 3512 5261 ψυχῆς
3549 5190 3656 5242 τῶν
3681 5189 3902 5260 ἀμαρ-

2193 5283 2472 5354 τημάτων.
2512 5282 2575 5335 Ἦ
2601 5282 2845 5352 ἁμαρτία
2872 5285 2967 5351 τήν
2994 5279 3254 5351 αἰσχύνην
3280 5279 3393 5350 ἔχει
3417 5319 3432 5344 ,
3462 5281 3493 5349 ή
3531 5279 3790 5348 ἁμαρτία
3827 5282 3899 5334 τὸ

2193 5369 2393 5432 ὄνειδος
2424 5369 2555 5438 ἔχει,
2594 5371 2686 5421 καὶ
2715 5369 2813 5440 τὴν
2845 5368 3068 5438 ἀτιμίαν
3102 5365 3634 5437 συγκεκληρωμένην
3655 5382 3668 5392 ·
3706 5366 3748 5434 ἡ
3784 5385 3898 5436 με-

2193 5457 2381 5510 τάνοια
2434 5457 2531 5525 τὴν
2567 5457 2875 5528 παρρησίαν
2905 5456 3102 5526 ἔχει,ή
3153 5455 3407 5524 μετάνοια
3460 5455 3558 5526 τήν
3605 5458 3904 5523 νηστείαν

2259 5615 2281 5669 9
2307 5605 2457 5669 Savi}.
2501 5612 2555 5654 et
2577 5605 2697 5668 Reg.
2722 5607 2824 5655 ἀλλ’
2849 5608 2988 5664 ἔστης
3023 5606 3173 5669 μέχρι.

2259 5667 2278 5706 τ
2305 5667 2454 5730 Savil.
2477 5670 2507 5724 ἡ
2526 5669 2734 5730 πορνεία.

2256 5731 2280 5798 β
2302 5732 2383 5798 ξίο
2410 5729 2519 5777 Sav.
2540 5725 2716 5798 Mhrel.
2740 5731 2921 5798 ᾐκοςυσε
2946 5729 3273 5798 μίαν-ἡμέραν,
3295 5730 3410 5798 πρὸς
3433 5728 3544 5798 μίαχ

2245 5791 2282 5830 'h
2306 5791 2485 5841 Locum
2509 5790 2731 5841 vitiatum
2753 5790 3247 5855 Boisius‘conjecmra
3272 5790 3454 5840 sarcire
3480 5790 3663 5838 nititur.
