4066 6392
269 452 368 506 537

269 573 377 623 exit
406 568 558 629 ovis;
602 567 875 636 ingressus
906 581 1129 634 serpens
1157 608 1170 628 ,
1201 565 1476 635 egreditur
1516 578 1720 633 agnus;
1752 577 1857 615 non

272 670 471 715 mutata
504 669 688 713 natura
720 702 734 724 ,
768 660 858 713 sed
889 659 1105 726 explosa
1154 658 1409 725 nequitia.
1454 656 1578 709 Ideo
1621 654 1860 723 frequen-

273 763 378 805 tem
402 751 471 803 de
500 751 815 819 paenitentia
848 765 1037 805 moveo
1079 765 1406 803 sermonem.
1450 749 1541 803 Est
1569 748 1710 801 enim
1752 762 1861 814 pa:-

272 844 492 895 nitentia
520 884 533 907 ,
569 843 789 896 molesta
835 853 887 895 et
940 842 1290 896 formidabilis
1324 842 1583 911 peccatori
1607 881 1620 904 ,
1654 839 1859 891 medela

271 934 606 999 delictorum,
638 934 972 1002 ciinsnmptio
1003 933 1359 1002 iniquitatum,
1385 931 1573 985 cﬂ‘usio
1598 930 1861 1001 lacryma-

277 1042 389 1078 rnm
422 1067 439 1091 ,
466 1025 657 1079 fiducia
689 1025 826 1096 apud
860 1027 1043 1091 Deum,
1063 1034 1330 1079 armatura
1358 1035 1540 1078 contra
1567 1022 1857 1087 diabolum,

271 1117 476 1183 gladius
502 1117 615 1186 ejus
637 1128 794 1186 caput
820 1118 1139 1173 abscindens
1168 1160 1184 1183 ,
1216 1133 1339 1187 spes
1365 1116 1552 1171 salutis
1573 1157 1587 1179 ,
1609 1116 1876 1185 despero-3

271 1208 429 1263 tionis
455 1209 797 1278 proﬂigatio‘.
837 1209 963 1264 Hinc
986 1209 1177 1264 caelum
1203 1208 1395 1277 aperit,
1420 1207 1535 1261 haec
1556 1208 1608 1260 in
1640 1205 1853 1275 paradi-

272 1314 385 1352 sum
436 1300 743 1367 introducit,
790 1300 906 1356 haec
930 1300 1197 1356 diabolum
1226 1309 1443 1369 superat
1467 1299 1486 1371 (
1510 1298 1734 1369 ideoque
1761 1298 1860 1353 hac

274 1391 334 1444 ile
368 1406 425 1445 re
456 1390 759 1462 frequenter
802 1407 1102 1447 sermonem
1152 1390 1381 1463 moveo)
1418 1408 1431 1444 :
1463 1406 1581 1444 nam
1612 1389 1855 1444 fiduciam

276 1484 469 1539 inducit
494 1486 664 1554 ipsum
697 1501 854 1556 posse
883 1486 1169 1556 prosterni.
1221 1486 1475 1539 Peccator
1517 1484 1615 1538 es?
1655 1500 1721 1537 ne
1764 1482 1861 1537 de-

270 1592 448 1641 speres
483 1593 495 1628 :
529 1592 634 1631 non
661 1576 850 1631 desino
891 1593 985 1631 vos
1016 1575 1211 1646 jugiter
1264 1575 1409 1631 hisce
1457 1574 1857 1629 medicamentis

271 1667 491 1721 allincre
522 1685 534 1720 :
563 1669 759 1722 ctenim
810 1668 930 1722 novi
960 1678 1211 1737 quantum
1242 1676 1427 1721 contra
1471 1665 1742 1719 diabolum
1790 1665 1857 1717 sit

273 1756 434 1810 telum
465 1773 571 1812 non
602 1758 914 1827 deSpcrare.
940 1757 997 1813 Si
1026 1758 1078 1813 in
1096 1758 1331 1828 peccatis
1354 1758 1448 1822 sis,
1479 1771 1546 1811 ne
1568 1756 1851 1824 desperes:

269 1847 384 1902 haec
408 1847 619 1903 dicendi
650 1849 852 1902 nullum
890 1848 1053 1903 ﬁnem
1089 1849 1225 1902 facio
1256 1866 1269 1901 :
1307 1848 1351 1901 si
1381 1848 1616 1917 quotidie
1645 1862 1852 1916 peccas,

269 1941 506 2009 quotidie
533 1942 895 2009 pomitentiam
925 1957 1057 2011 age:
1080 1950 1138 1996 et
1157 1940 1297 2011 quod
1326 1940 1377 1993 in
1401 1940 1623 1995 vetustis
1651 1938 1856 1992 mdibus

270 2046 428 2101 agere
455 2032 708 2095 solemus,
741 2048 863 2086 cum
904 2033 1230 2086 labefactatas
1279 2030 1515 2096 fuerint,
1558 2045 1676 2099 quae
1715 2028 1856 2082 labe-

272 2120 462 2175 factata
506 2132 631 2176 sunt
653 2121 945 2177 auferimus
972 2165 988 2190 ,
1019 2138 1085 2176 ac
1113 2137 1250 2177 nova
1278 2122 1643 2187 admovemus,
1686 2137 1857 2191 neque

272 2230 490 2284 usquam
522 2216 590 2270 ab
614 2216 825 2271 assidua
848 2232 972 2271 cura
1002 2216 1309 2271 desistimus
1333 2233 1346 2268 :
1376 2216 1477 2271 hoc
1501 2216 1661 2270 etiam
1689 2214 1743 2268 in
1761 2230 1858 2267 no-

274 2306 352 2360 bis
375 2306 629 2361 faciamus
654 2310 695 2361 ².
726 2308 782 2363 Si
809 2309 1135 2363 inveteratus
1164 2322 1223 2363 es
1269 2307 1427 2362 hodie
1455 2324 1484 2361 a
1516 2310 1753 2377 peccato,
1776 2320 1859 2359 re-

276 2412 408 2452 nova
438 2400 662 2469 teipsum
693 2415 790 2469 per
818 2400 1205 2468 paenitentiam.
1238 2398 1474 2465 Licetne,
1509 2397 1733 2466 inquies,
1766 2412 1861 2465 per

272 2489 637 2556 paenitentiam
706 2492 930 2546 salutem
969 2492 1267 2560 consequi?
1306 2491 1470 2549 Plane
1498 2492 1641 2545 licet.
1670 2490 1854 2544 Totam

274 2584 432 2636 vitam
485 2585 536 2637 in
587 2586 817 2654 peccatis
846 2586 1091 2652 contrivi,
1121 2595 1174 2640 et
1199 2585 1244 2639 si
1275 2584 1636 2652 pmnitentiam
1665 2597 1824 2653 egero
1843 2623 1857 2646 ,

275 2676 450 2728 salvus
477 2677 612 2731 ero?
661 2677 884 2733 Prorsus
927 2679 1056 2735 eris.
1094 2677 1151 2732 ld
1198 2678 1335 2732 unde
1384 2676 1588 2748 liquet?
1616 2676 1699 2730 Ab
1748 2676 1859 2744 ipsa

279 2769 486 2822 Domini
516 2770 588 2823 tui
635 2786 755 2841 erga
785 2770 1027 2825 homines
1057 2770 1401 2840 benignitate.
1444 2768 1580 2823 Num
1632 2783 1695 2822 ex
1742 2782 1861 2837 pm-

280 2862 499 2916 nitentia
552 2871 637 2917 tua
669 2877 823 2917 sumo
854 2863 1131 2917 fiduciam?
1160 2878 1284 2917 num
1314 2860 1623 2931 paenitentia
1655 2868 1739 2913 tua
1770 2874 1865 2928 po-

278 2964 378 3008 test
409 2963 485 3008 tot
506 2954 812 3025 abstergere
841 2955 1016 3009 mala?
1038 2955 1179 3009 Sane
1219 2954 1262 3008 si
1288 2953 1594 3023 pmnitentia
1634 2952 1745 3005 sola
1774 2963 1859 3004 es-

277 3054 374 3103 set.
396 3044 517 3112 jure
540 3045 754 3099 timeres
779 3063 791 3111 ;
825 3046 916 3100 sed
946 3045 1158 3116 quando
1185 3045 1517 3116 paenitentiae
1561 3054 1662 3098 ture
1690 3042 1863 3096 admi-

279 3149 458 3190 scetur
486 3137 576 3192 Dei
617 3138 900 3193 clementia
926 3179 940 3204 ,
977 3138 1209 3193 confide.
1244 3136 1338 3191 Dei
1380 3137 1523 3191 enim
1564 3134 1865 3189 clementia:

276 3229 419 3281 nulla
448 3240 531 3283 est
558 3244 824 3293 mensura,
872 3244 1046 3297 neque
1086 3229 1202 3298 ejus
1239 3226 1446 3284 bonitas
1476 3226 1725 3295 explicari
1754 3241 1868 3279 ser-

280 3338 436 3377 mone
466 3330 654 3391 potest.
683 3322 812 3375 Nam
855 3322 1051 3376 malitia
1075 3320 1291 3391 quidem
1324 3330 1407 3374 tua
1440 3334 1742 3374 mensuram
1763 3318 1860 3371 hac

282 3415 391 3478 bet,
421 3413 712 3468 remedium
744 3429 871 3468 vero
902 3429 1204 3468 mensuram
1256 3430 1358 3466 non
1407 3412 1605 3478 habet;
1661 3412 1858 3465 malitia

282 3517 390 3570 tua,
418 3506 821 3576 qualiscumque
867 3508 963 3571 sit,
994 3507 1222 3561 humana
1249 3516 1328 3561 est
1356 3505 1591 3569 malitia;
1622 3505 1714 3559 Dei
1741 3519 1868 3558 vero

278 3602 558 3655 clementia
601 3609 684 3654 est
726 3600 1064 3655 immensa’:
1117 3599 1327 3654 confide
1376 3598 1490 3653 fore
1530 3607 1587 3653 ut
1627 3613 1691 3651 ca
1723 3607 1867 3651 tuam

281 3696 457 3747 vincat
504 3694 778 3747 malitiam.
818 3693 1001 3764 Cogita
1054 3693 1182 3747 mihi
1224 3693 1506 3747 scintillam
1546 3693 1597 3747 in
1653 3692 1871 3761 pelagus

279 3786 558 3840 cadentem
608 3802 621 3839 :
684 3801 808 3838 num
862 3794 1036 3854 potest
1076 3786 1162 3839 illa
1215 3794 1393 3848 stare,
1440 3793 1532 3838 aut
1574 3780 1871 3851 apparere?

280 3881 491 3944 Quanta
516 3887 597 3931 est
622 3877 851 3932 scintilla
876 3892 995 3933 cum
1026 3878 1211 3945 pelago
1243 3875 1454 3939 collata,
1487 3882 1625 3926 tanta
1649 3880 1732 3928 est
1753 3886 1870 3925 ma-

284 3972 396 4025 litia
424 4011 438 4034 ,
474 3973 516 4023 si
546 3986 667 4025 cum
709 3970 1032 4039 benignitate
1060 3970 1152 4023 Dei
1192 3976 1564 4037 comparetur;
1606 3967 1714 4021 imo
1740 3982 1872 4022 vero

283 4080 390 4118 non
424 4072 589 4127 tanta,
619 4063 712 4118 sed
760 4063 933 4117 multo
963 4061 1137 4131 major
1172 4060 1470 4130 benignitas
1499 4059 1605 4115 illa.
1650 4060 1873 4131 Pelagus

281 4156 450 4221 ciiim,
483 4172 734 4225 magnum
757 4156 885 4209 licet
910 4155 998 4221 sit,
1026 4170 1329 4209 mensuram
1357 4153 1515 4211 habet
1534 4195 1550 4220 ,
1576 4152 1873 4223 benignitas

283 4262 415 4301 vero
448 4247 541 4301 Dei
559 4247 763 4301 nullum
793 4246 951 4301 habet
978 4246 1285 4300 terminum.

366 4336 498 4389 Vitia
526 4337 774 4406 paulatim
789 4337 1133 4391 cradicantur.
1159 4367 1229 4377 —
1251 4337 1375 4391 [lure
1396 4335 1538 4398 dico,
1569 4350 1673 4389 non
1698 4344 1754 4389 ut
1780 4349 1875 4388 vos

283 4430 558 4498 segniores
597 4427 838 4495 reddam,
879 4430 972 4484 sed
1006 4438 1062 4483 ut
1100 4430 1462 4498 diligentiores
1490 4427 1739 4482 efﬁciam.
1766 4426 1875 4481 Vos

281 4538 427 4591 Saepe
449 4523 629 4575 monui
659 4538 725 4576 ne
751 4523 802 4576 in
834 4523 1035 4577 theatra
1077 4523 1456 4576 ascenderetis.
1512 4522 1742 4587 Audisti,
1778 4536 1876 4576 nec

285 4630 489 4669 morem
510 4616 720 4684 gessisti
755 4616 841 4669 :in
868 4614 1129 4669 theatrum
1162 4615 1468 4680 ascendisti,
1496 4615 1729 4671 sermoni
1754 4628 1874 4668 meo

288 4725 391 4763 non
434 4709 812 4778 obtemperasti
860 4725 972 4763 :ne
1024 4719 1075 4762 te
1121 4708 1315 4776 pudeat
1355 4721 1538 4761 rursus
1563 4706 1791 4777 ingredi,
1822 4714 1877 4760 et

284 4801 492 4855 audire.
521 4800 733 4865 Audivi,
765 4815 862 4853 nec
900 4800 1201 4860 observavi,
1244 4796 1513 4867 quomodo
1548 4811 1764 4865 possum
1796 4795 1878 4849 in-

286 4895 715 4966 gredi?lnterim
749 4893 849 4946 hoc
877 4892 1047 4961 ipsum
1079 4892 1213 4944 no.in
1240 4930 1256 4954 ,
1290 4900 1339 4944 te
1366 4905 1473 4943 non
1510 4889 1826 4944 observasse
1859 4905 1871 4941 :

288 4986 500 5041 interim
534 4996 584 5040 te
614 4985 794 5054 pudet,
839 4984 1051 5038 interim
1081 4981 1384 5046 erubescis;
1419 4980 1633 5035 interim
1660 4980 1876 5034 nemine

286 5086 543 5149 arguente
612 5077 819 5131 frenum
868 5074 1219 5140 circumfers;
1297 5072 1507 5128 interim
1571 5088 1873 5129 sermonem

289 5188 467 5225 meum
509 5171 800 5224 radicatum
839 5165 1077 5233 habes",
1120 5182 1291 5235 neque
1329 5180 1432 5219 non
1480 5172 1746 5234 prtesente
1777 5164 1876 5217 do—

288 5265 459 5319 ctrina
492 5278 607 5317 mea
639 5272 691 5318 te
714 5260 975 5332 purificat.
1006 5259 1124 5314 Non
1158 5257 1476 5321 observasti,
1507 5253 1875 5311 condenmasti

290 5356 384 5409 te?
407 5370 473 5408 ex
501 5354 719 5408 dimidia
764 5361 913 5422 parte
938 5348 1251 5413 observasti,
1299 5347 1507 5402 etiamsi
1538 5362 1641 5399 non
1686 5345 1877 5401 obser—

290 5448 518 5510 vaveris,
548 5447 640 5501 sed
668 5445 868 5500 dixeris
894 5451 1118 5507 tantum,
1148 5456 1254 5496 non
1281 5438 1596 5495 observavi:
1628 5454 1749 5492 nam
1787 5437 1877 5508 qui

356 5605 373 5637 ί
393 5603 485 5673 fio
505 5602 644 5673 savii.
691 5600 868 5651 melius
898 5612 1042 5664 quam
1059 5597 1226 5649 Morel.
1246 5635 1261 5657 ,
1284 5599 1370 5662 qui
1409 5597 1549 5662 legit,
1595 5598 1880 5663 ignorantia:

291 5662 941 5787 preﬂlll‘igttrziopropositionem
962 5722 1143 5787 addidit
1165 5722 1305 5773 Savil.
1320 5729 1372 5787 et
1394 5734 1494 5787 nos
1507 5735 1569 5771 ex
1593 5722 1783 5787 Savilio.

357 5791 378 5821 ³
414 5784 828 5859 [tegu'clenwmia
848 5801 958 5859 vero
1110 5793 1195 5836 est.
1246 5784 1405 5845 savil.,
1447 5784 1700 5837 clementia
1725 5788 1881 5837 autem

301 5848 489 5903 L'unini
512 5863 785 5901 mensuram
807 5864 899 5899 non
921 5848 1077 5899 habet.

366 5916 386 5944 ⁸
423 5915 629 5965 Savilius
652 5911 803 5976 addit,
818 5913 868 5965 in
889 5917 1041 5962 mente
1063 5919 1162 5961 tua.

1376 450 1461 504 DE
1515 446 1979 504 ΡΟΕΝΙΤΕΝΤΙΑ.
2023 448 2249 503 ΙΙυΜΙί..
2296 450 2427 504 Vill.

3453 448 3555 502 5'58

1965 562 2197 630 Scipsnm
2226 565 2545 619 condemnat
2569 578 2635 619 eo
2658 562 2798 633 quod
2827 578 2929 618 non
2958 561 3360 626 observaverit,
3396 578 3460 618 eo
3485 563 3561 618 fe-

1964 659 2130 711 stinat
2159 664 2215 709 ut
2244 658 2516 715 observet.
2550 662 2896 731 llcspexisti?
2940 662 3271 730 iniquitatem
3302 673 3558 730 operatus

1964 747 2059 801 es?
2097 751 2396 804 meretricis
2439 753 2680 821 captivus
2723 752 2947 807 elfectus
2999 754 3093 806 es?
3121 752 3447 807 descendisti
3490 752 3559 806 de

1967 838 2192 902 theatro,
2222 850 2273 895 et
2298 842 2489 897 iterum
2519 844 2830 899 recordatus
2857 845 3058 914 pudore
3086 844 3310 899 affectus
3335 859 3395 899 es
3416 844 3441 896 ?
3471 858 3561 898 ac.-

1963 932 2113 987 eede.
2146 934 2373 990 Maerore
2399 936 2619 991 aﬂ‘ectus
2643 936 2995 992 es?0bsccra
3026 938 3193 995 Deum
3225 955 3238 990 :
3267 938 3547 1006 hucusque

1966 1028 2323 1089 resurrexisti.
2358 1029 2449 1091 Va:
2471 1030 2623 1097 mihi,
2653 1030 2833 1084 audivi
2858 1040 2913 1085 et
2938 1046 3043 1084 non
3072 1032 3354 1085 olis-ervavi
3379 1074 3395 1095 ,
3423 1047 3557 1102 quo-

1962 1117 2127 1172 modo
2172 1118 2223 1171 in
2269 1120 2552 1175 ecclesiam
2600 1122 2907 1192 ingrediar?
2942 1124 3211 1192 quomodo
3255 1138 3441 1179 rursus
3467 1140 3558 1176 an-

1964 1209 2147 1264 diam?
2174 1210 2284 1266 lmo
2306 1212 2607 1283 ingredere,
2636 1214 2758 1284 quia
2791 1230 2895 1268 non
2927 1214 3247 1279 observasti,
3275 1225 3331 1268 ut
3370 1230 3563 1269 rursus

1962 1304 2219 1371 audiens,
2268 1305 2542 1360 observes.
2592 1307 3037 1362 Medicamentum
3090 1308 3134 1362 si
3178 1308 3275 1362 tibi
3322 1307 3562 1362 medicus

1964 1396 2223 1466 imponat,
2248 1413 2349 1451 nec
2378 1408 2428 1453 te
2455 1400 2743 1463 curaverit,
2778 1414 2955 1453 annon
2984 1400 3282 1468 insequenti
3323 1400 3409 1455 die
3439 1416 3557 1453 rur-

1963 1502 2052 1541 sus
2073 1490 2337 1557 apponet?
2365 1489 2418 1543 Si
2445 1490 2565 1559 quis
2592 1490 2848 1559 lignarios
2894 1507 3149 1561 quercum
3179 1491 3299 1545 velit
3328 1492 3559 1555 czedcre.

1961 1580 2189 1634 securim
2219 1581 2423 1650 arripit,
2454 1582 2640 1637 incidit
2666 1582 2900 1639 radicem
2927 1601 2939 1635 :
2982 1584 3025 1638 si
3061 1600 3167 1637 uno
3195 1584 3303 1638 ictu
3332 1582 3559 1654 infrugi-

1962 1674 2072 1727 fera
2099 1672 2259 1725 arbor
2289 1688 2394 1726 non
2434 1672 2722 1741 deciderit,
2750 1689 2928 1729 annon
2955 1674 3101 1729 addit
3131 1675 3335 1730 alium?
3380 1692 3561 1733 annon

1959 1770 2206 1829 quartum
2225 1773 2278 1817 et
2304 1765 2580 1834 quintum?
2602 1781 2778 1819 annon
2792 1766 3094 1820 decinmm?
3120 1767 3207 1821 Sic
3224 1775 3276 1821 et
3298 1775 3352 1822 tu
3376 1767 3557 1823 facito.

1960 1855 2198 1918 Quercus
2255 1865 2337 1908 est
2375 1858 2625 1911 meretrix
2681 1858 2719 1923 ¹,
2774 1857 2935 1913 arbor
2992 1856 3299 1929 infrugifera
3335 1901 3350 1923 ,
3406 1860 3561 1931 glan-

1959 1946 2055 2001 des
2102 1948 2386 2016 proferens
2441 1950 2493 2003 in
2524 1951 2831 2004 alimoniam
2886 1966 3167 2021 porcorum
3219 1953 3563 2025 irrationabi-

1962 2036 2091 2094 lium
2119 2060 2131 2093 :
2155 2042 2321 2096 multo
2344 2052 2587 2113 tempore
2610 2044 2815 2098 radices
2845 2047 3021 2114 posuit
3053 2046 3102 2099 in
3139 2048 3318 2100 animo
3351 2057 3461 2113 tuo,
3510 2047 3560 2100 in

1960 2133 2211 2189 arborum
2259 2136 2492 2191 ambitus
2519 2138 2899 2192 conscientiam
2942 2150 3091 2193 tuam
3122 2140 3315 2208 dcjecit
3343 2159 3353 2194 :
3383 2156 3562 2196 sermo

1961 2242 2112 2282 meus
2151 2231 2356 2285 securis
2392 2239 2491 2285 est.
2535 2231 2744 2286 Audisti
2770 2232 2856 2286 die
2879 2248 3003 2287 uno.
3029 2233 3309 2303 Quomodo
3330 2235 3417 2289 die
3446 2251 3555 2290 uno

1960 2320 2153 2374 cadat'
2180 2330 2326 2377 tanto
2350 2323 2582 2379 radieata
2611 2326 2892 2394 tempore?
2926 2326 2979 2382 Si
3025 2325 3166 2380 enim
3210 2327 3296 2381 bis
3317 2368 3331 2391 ,
3374 2327 3560 2390 sitter,

1962 2412 2007 2466 si
2029 2414 2230 2469 centies
2261 2456 2274 2478 ,
2305 2416 2348 2468 si
2377 2414 2558 2472 decies
2606 2417 2833 2485 millies,
2869 2418 3000 2472 nihil
3036 2417 3279 2472 mirabile
3301 2417 3478 2482 fuerit,
3507 2429 3563 2472 nt

1963 2523 2050 2561 res
2080 2508 2218 2562 mala
2266 2518 2318 2562 et
2347 2509 2499 2563 firma
2528 2551 2542 2572 ,
2570 2526 2730 2579 prava
2771 2510 3103 2567 consuetudo
3135 2551 3150 2572 .
3196 2509 3558 2565 exscindatur.

1962 2602 2153 2656 Manna
2192 2602 2543 2657 comedebant
2582 2603 2775 2669 Judtei,
2821 2614 2877 2659 et
2912 2618 3071 2673 cepas
3097 2604 3375 2675 {Egyptias
3397 2605 3563 2674 requi-

1964 2698 2154 2749 rebant
2178 2713 2189 2748 :
2221 2695 2357 2750 Bene
2378 2696 2518 2751 nobis
2538 2707 2645 2750 erat
2666 2698 2719 2751 in
2742 2697 2972 2768 .KEgypto
3004 2696 3190 2769 (Nam.
3224 2695 3419 2767 ΗΑΒ)
3447 2714 3460 2751 :
3485 2699 3556 2751 ita

1967 2790 2137 2858 turpis
2153 2790 2490 2859 pessimaque
2508 2805 2593 2844 res
2615 2799 2700 2845 est
2728 2791 3081 2846 consuetudo.
3114 2791 3228 2847 Etsi
3260 2805 3355 2860 per
3380 2790 3562 2845 decem

1966 2880 2079 2934 dies
2106 2891 2249 2937 recte
2273 2882 2447 2951 egeris
2469 2924 2482 2947 ,
2510 2884 2553 2937 si
2587 2900 2678 2952 per
2697 2884 2899 2953 viginti,
2924 2883 2967 2937 si
2995 2899 3089 2954 per
3115 2883 3348 2954 triginta,
3378 2899 3483 2938 non
3515 2892 3567 2938 te

1967 2972 2225 3040 approbo,
2257 2988 2359 3027 non
2390 2974 2484 3028 tibi
2510 2976 2732 3044 gratiam
2768 2976 2960 3041 habeo,
3015 2991 3125 3030 non
3156 2986 3205 3031 te
3226 2976 3520 3046 amplector
3548 2993 3563 3029 :

1970 3070 2174 3129 tantum
2223 3079 2291 3118 ne
2315 3063 2551 3130 deficias,
2580 3064 2676 3121 sed
2708 3075 2759 3120 te
2782 3067 2994 3135 pudeat,
3026 3066 3253 3137 teipsum
3282 3080 3561 3136 coarguas.

2042 3155 2096 3209 2.
2124 3156 2352 3212 Rursum
2374 3158 2441 3213 de
2473 3160 2696 3214 caritate
2730 3161 2994 3216 disserui:
3023 3160 3252 3223 audisti,
3278 3159 3477 3227 abiisti,
3506 3170 3561 3213 et

1970 3248 2233 3317 rapuisti?
2271 3251 2523 3321 operibus
2560 3252 2780 3306 verbum
2842 3268 2946 3306 non
2998 3250 3321 3306 exhibuisti?
3371 3250 3449 3305 Ne
3493 3260 3567 3305 ta-

1972 3361 2093 3401 men
2134 3357 2185 3400 te
2215 3345 2413 3415 pudeat
2442 3361 2655 3400 rursum
2706 3345 2911 3415 ingredi
2954 3345 3004 3398 in
3032 3345 3313 3399 ecclesiam
3349 3359 3362 3394 :
3390 3351 3440 3396 te
3466 3357 3565 3411 pu-

1971 3439 2093 3493 deat
2118 3437 2344 3508 peccati,
2370 3453 2475 3490 non
2507 3446 2557 3490 te
2588 3434 2780 3505 pudeat
2810 3435 3154 3505 poenitentiae.
3184 3432 3412 3489 Attende
3438 3432 3565 3502 quid

1974 3529 2068 3583 tibi
2088 3528 2273 3584 fecerit
2295 3527 2560 3583 diabolus.
2600 3527 2711 3581 Duo
2739 3535 2862 3581 sunt
2888 3526 3024 3591 inec,
3058 3539 3334 3594 peccatum
3367 3533 3421 3579 et
3451 3540 3569 3594 pue-

1975 3621 2239 3676 nitentia:
2275 3626 2552 3689 peccatum
2580 3626 2660 3672 est
2686 3618 2899 3678 vulnus.
2944 3616 3257 3686 paenitentia
3293 3630 3425 3671 vero
3448 3631 3564 3668 me-

1972 3714 2113 3768 dela.
2143 3711 2601 3781 Quemadmodum
2653 3711 2793 3765 enim
2840 3709 2892 3763 in
2921 3723 3147 3777 corpore
3192 3716 3316 3761 sunt
3344 3705 3569 3761 medela:

1974 3815 2029 3860 et
2052 3806 2271 3860 vulnera
2319 3823 2331 3858 :
2360 3805 2437 3858 sic
2460 3813 2514 3858 et
2542 3805 2591 3856 in
2633 3802 2809 3855 anima
2861 3809 3079 3871 peccata
3110 3807 3165 3853 ct
3214 3798 3526 3869 [imiiitentia
3553 3814 3568 3863 ;

1976 3898 2069 3952 sed
2106 3906 2377 3966 peccatum
2409 3895 2664 3963 pudorem
2698 3893 2877 3957 habet,
2926 3891 3237 3961 paenitentia
3277 3905 3408 3945 vero
3430 3888 3568 3945 fidu-

1978 3991 2116 4045 ciam
2145 3989 2368 4043 obtinet.
2395 3986 2644 4049 Attentie,
2668 3999 2871 4055 quaeso,
2905 3985 3034 4038 milii
3055 3984 3360 4053 diligenter,
3390 3999 3457 4037 ne
3478 3998 3569 4037 or—

1979 4085 2157 4138 dinem
2209 4080 2543 4136 confundens
2584 4078 2866 4133 utilitatem
2919 4076 3129 4146 perdas.
3164 4076 3258 4130 Est
3295 4074 3486 4128 vulnus
3514 4084 3569 4127 et

1979 4173 2295 4239 remedium,
2330 4180 2602 4241 peccatum
2620 4178 2673 4223 et
2696 4169 3008 4240 pmnitentia
3032 4185 3045 4221 :
3076 4166 3264 4220 vulnus
3281 4174 3363 4220 est
3387 4179 3568 4235 pecca-

1984 4278 2116 4331 tum,
2145 4264 2439 4320 remedium
2472 4261 2781 4331 pmnitentia
2812 4278 2825 4314 :
2854 4260 2904 4313 in
2933 4258 3153 4312 vulnere
3184 4257 3381 4319 sanies,
3406 4258 3459 4310 in
3478 4271 3568 4310 re-

1980 4357 2158 4412 medio
2186 4353 2500 4423 expurgalio
2528 4352 2695 4407 saniei
2731 4370 2743 4405 :
2776 4352 2827 4404 in
2855 4358 3075 4419 peccato
3112 4348 3311 4411 sanies,
3360 4348 3411 4401 in
3441 4362 3568 4417 pec-

1982 4459 2100 4505 cato
2126 4448 2404 4518 probrum,
2430 4446 2483 4500 in
2508 4454 2732 4514 peccato
2752 4443 2890 4498 risus
2917 4460 2929 4496 :
2952 4441 3004 4496 in
3024 4439 3331 4510 paenitentia
3355 4438 3573 4505 ﬁducia,
3588 4498 3601 4504 η

1982 4544 2034 4596 in
2064 4540 2374 4612 ptenitentia
2399 4539 2636 4603 libertas,
2665 4538 2717 4591 in
2738 4534 3049 4607 poenitentia
3081 4534 3324 4603 purgatio
3344 4533 3571 4600 peccati.

1983 4635 2214 4690 Attende
2267 4632 2568 4702 diligenter.
2614 4629 2895 4684 Peccatum
2945 4625 3151 4697 pudor,
3205 4622 3599 4694 pteiiitentiam.

1985 4728 2175 4784 fiducia
2202 4728 2461 4797 sequitur.
2487 4721 2926 4779 Animadvertisti
2952 4719 3095 4790 quod
3124 4716 3289 4773 dico?
3316 4714 3581 4771 Ordinem.

1984 4820 2203 4877 invertit
2221 4828 2455 4882 satanas,
2478 4815 2731 4884 deditque
2760 4823 2980 4883 peccato
3007 4810 3382 4866 confidentiam
3405 4851 3419 4873 ,
3452 4822 3569 4878 pa;-

1985 4913 2221 4969 nitentiae
2256 4909 2535 4980 pudorem.
2577 4907 2692 4962 Non
2718 4906 2955 4960 desinam
2985 4917 3156 4972 usque
3182 4901 3247 4954 ad
3270 4914 3569 4970 vesperam,

1983 5006 2155 5063 donec
2181 5002 2311 5058 illud
2351 5002 2604 5057 solvero:
2651 4995 2968 5066 promissum
3018 4995 3266 5062 impleam
3315 5000 3574 5061 Oportet:

1986 5114 2093 5153 non
2122 5112 2336 5166 possum
2359 5095 2640 5148 absistere.
2676 5089 2773 5143 Est
2794 5089 2982 5142 vulnus
3007 5098 3061 5141 et
3084 5085 3380 5141 remedium
3415 5084 3576 5137 :vul.

1988 5205 2088 5243 nus
2112 5188 2315 5243 saniem
2349 5185 2538 5249 habet,
2569 5179 2863 5236 remedium
2891 5178 3055 5233 saniei
3081 5176 3452 5246 purgationem
3477 5174 3569 5225 ob-

1987 5279 2287 5337 tinet.Num
2314 5279 2364 5333 in
2380 5276 2616 5332 remedio
2634 5274 2848 5330 sanies?
2868 5287 2991 5326 num
3010 5273 3060 5325 in
3084 5270 3303 5324 vulnere
3327 5266 3530 5322 medela
3554 5266 3565 5317 l

1988 5392 2165 5432 annon
2195 5384 2248 5429 et
2273 5374 2388 5429 lucc
2412 5382 2466 5428 et
2504 5371 2592 5425 illa
2621 5368 2890 5439 preprium
2939 5372 3122 5420 tenent
3145 5360 3424 5418 ordinem?
3447 5374 3577 5414 num

1988 5479 2162 5540 potest
2191 5468 2291 5521 hoc
2318 5466 2383 5520 ad
2411 5464 2561 5528 illud,
2584 5460 2713 5516 illud
2739 5459 2806 5513 ad
2834 5458 2936 5512 hoc
2980 5450 3393 5510 transcendere?
3417 5450 3576 5506 Nullo

1985 5561 2165 5617 modo.
2218 5559 2334 5614 Jam
2374 5556 2647 5611 veniamus
2663 5553 2727 5606 ad
2761 5552 2991 5605 animam
3034 5545 3262 5617 peccatis
3305 5552 3575 5599 onustam.

1990 5656 2271 5712 Peccatum
2303 5651 2574 5721 probrum,
2612 5654 2884 5717 peccatum
2916 5641 3170 5712 pudorem
3198 5636 3575 5708 ignominiam-

1989 5762 2092 5819 que
2118 5745 2340 5801 sortitur
2372 5761 2385 5797 :
2420 5738 2728 5811 pmnitcntia
2774 5734 3021 5790 fiduciam
3050 5731 3230 5799 habet,
3262 5728 3573 5801 pmoitentia

2055 5843 2072 5873 ι
2109 5847 2159 5889 In
2175 5837 2337 5896 Savil.,
2357 5832 2623 5898 formatio,
2649 5842 2756 5894 pro,
2778 5826 3033 5898 mretrix.
3118 5886 3149 5898 η

2054 5905 2075 5935 ³
2108 5884 2505 5963 ἦοῆἱξξίςίιαὶυὶι
2527 5884 2751 5957 dictum;
2770 5894 2896 5944 intra
2922 5900 3072 5942 unum
3095 5886 3223 5941 diem
3247 5884 3461 5947 caderet,
3481 5891 3577 5935 etc.
