4066 6392
546 440 648 493 559

545 550 826 617 jejunium,
882 552 1187 620 pteuitcutia
1216 553 1477 621 justitiam
1504 555 1749 610 obtinet:
1781 553 1877 609 Dic
1911 556 2053 611 enim
2080 567 2135 610 tu

547 642 833 709 iniquitates
854 653 967 697 tuas
988 643 1201 713 primus,
1223 646 1580 716 utjustiﬁceris
1613 645 1765 717 (lsai.
1788 646 1875 701 45.
1896 646 1986 701 25.
2004 646 2129 719 26):

544 742 618 794 et,
646 731 829 788 Justus
853 735 906 787 in
924 736 1172 804 principio
1192 737 1437 790 sermonis
1457 748 1723 792 accusator
1747 747 1819 791 est
1836 739 1912 792 sui
1933 738 1950 805 (
1972 736 2128 792 Prov.

544 826 628 881 18.
665 828 729 880 Π
749 825 791 898 ).
810 826 943 881 Cum
974 827 1133 897 igitur
1152 829 1285 882 sciat
1313 838 1546 894 satanas,
1577 831 1715 900 quod
1744 840 2017 898 peccatum
2048 845 2133 884 se—

540 928 734 988 quatur
775 920 966 988 pudor,
995 921 1083 990 qui
1114 921 1280 989 possit
1308 934 1642 990 peccatorem
1669 922 1975 987 deterrere;
2010 937 2130 992 pm-

538 1011 758 1066 niteutia
800 1024 928 1065 vero
952 1010 1197 1065 ﬁduciam
1232 1010 1459 1078 habeat,
1509 1025 1628 1083 qua:
1656 1012 1823 1082 possit
1866 1011 2130 1081 peniten-

548 1102 671 1153 tiam
702 1102 914 1157 allicere
946 1122 958 1156 :
991 1104 1233 1158 ordinem
1262 1104 1495 1167 invertit,
1524 1102 1775 1173 deditque
1800 1103 2128 1172 paenitentia:

546 1191 821 1257 pudorem,
856 1204 1073 1262 peccato
1105 1195 1373 1249 ﬁduciam.
1405 1194 1681 1250 Undenam
1728 1194 1781 1249 id
1807 1195 2009 1265 liquet?
2029 1210 2128 1264 ego

540 1282 735 1338 dicam.
769 1285 989 1355 Capitur
1033 1291 1153 1357 quis
1194 1288 1399 1343 ardenti
1427 1290 1854 1358 concupiscentia
1903 1288 2128 1359 publica:

542 1376 874 1443 meretricis;
920 1384 1254 1435 meretricem
1309 1381 1397 1436 ille
1440 1396 1537 1436 ceu
1582 1381 1821 1451 captivus
1841 1381 2125 1452 sequitur,

541 1486 592 1520 ιιι
624 1470 973 1537 prostibulum
996 1473 1318 1543 ingreditur;
1350 1474 1496 1529 nullo
1522 1475 1745 1544 pudore,
1765 1477 1960 1531 rubore
1982 1476 2127 1532 nullo

540 1558 759 1616 atl‘ectus
775 1577 896 1617 cum
923 1565 1203 1620 meretrice
1229 1566 1587 1634 congreditur,
1623 1578 2004 1639 peccatumque
2028 1569 2125 1624 ad-

540 1653 697 1707 mittit
740 1671 754 1707 :
813 1664 933 1724 post
976 1657 1265 1712 admissum
1318 1670 1591 1729 peccatum
1648 1660 1788 1716 illinc
1833 1662 2123 1732 egreditur:

538 1756 591 1800 et
631 1747 699 1802 de
754 1749 1061 1818 ptenitentia
1107 1754 1307 1823 agenda
1356 1754 1638 1808 erubescit.
1694 1754 1870 1819 Miser,
1914 1754 2126 1824 quando

536 1854 659 1893 eum
685 1843 962 1898 meretrice
1005 1846 1456 1915 congrediebaris,
1504 1864 1609 1901 non
1653 1848 2037 1911 crubescebas;
2071 1859 2126 1904 at

537 1946 655 1984 cum
687 1931 752 1986 ad
785 1935 1149 2001 ptenitentiam
1190 1938 1422 2004 accedis,
1455 1948 1579 1993 tunc
1607 1940 1915 1995 erubescis?
1955 1940 2125 1995 Pudet

536 2037 656 2075 eum
682 2064 696 2087 ,
729 2023 814 2079 dic
858 2025 1009 2081 mihi.
1041 2026 1219 2094 Quare
1244 2044 1363 2083 cum
1392 2029 1741 2085 foruicaretur
1788 2046 1894 2086 non
1920 2031 2123 2102 pudore

535 2114 899 2172 afficiebatur?
926 2118 1129 2175 facinus
1158 2131 1445 2191 perpetrat.
1474 2133 1528 2176 et
1557 2139 1662 2177 non
1715 2124 1917 2192 pudore
1947 2124 2120 2179 afﬁci-

538 2220 643 2273 tur,
675 2208 822 2263 etde
857 2210 1019 2265 verbo
1063 2212 1374 2267 erubescit?
1424 2213 1625 2267 Diaboli
1672 2216 1864 2269 astutia
1909 2226 2010 2270 est.
2064 2216 2120 2271 ln

534 2309 752 2368 peccato
774 2317 878 2355 non
900 2302 1027 2357 sinit
1052 2319 1171 2357 eum
1203 2304 1541 2371 erubescere,
1584 2306 1679 2361 sed
1728 2308 1933 2377 publice
1962 2308 2119 2362 inno-

536 2400 740 2447 tescere
768 2393 933 2459 sinit;
974 2394 1075 2448 scit
1104 2396 1246 2450 enim
1277 2396 1391 2453 fore
1436 2408 1492 2452 ut
1516 2398 1562 2453 si
1606 2399 1807 2469 pudore
1836 2399 2117 2466 afﬁciatur,

534 2491 809 2550 peccatum
834 2484 1000 2553 fugiat
1029 2503 1042 2539 :
1075 2486 1127 2540 in
1151 2486 1458 2555 paenitentia
1477 2504 1604 2544 vero
1624 2490 1943 2546 erubescere
1960 2492 2117 2557 facit;

533 2575 679 2629 novit
698 2576 840 2631 enim
870 2593 992 2632 eum
1016 2594 1123 2648 prae
1141 2581 1342 2649 pudore
1364 2582 1727 2651 penitentiam
1752 2601 1855 2639 non
1873 2595 2119 2641 acturum

534 2682 670 2721 esse.
710 2667 822 2723 Duo
849 2669 984 2723 mala
1008 2670 1133 2725 facit
1158 2714 1173 2733 .
1220 2672 1286 2727 ad
1318 2682 1590 2743 peccatum
1638 2676 1856 2745 pellicit,
1886 2688 2121 2748 etapoe-

531 2758 746 2812 nitentia
779 2770 940 2816 arcet.
971 2761 1079 2817 Cur
1110 2772 1159 2818 te
1184 2765 1295 2834 jam
1326 2766 1523 2835 pudet?
1566 2765 1701 2822 Cum
1751 2768 2115 2839 fornicareris,

531 2865 634 2904 non
687 2852 1077 2919 erubescebas;
1108 2871 1229 2910 cum
1275 2858 1570 2913 remedium
1618 2861 1891 2930 admoves,
1918 2863 2118 2932 pudore

532 2942 890 2999 suffunderis?
936 2961 1057 3001 cum
1104 2948 1330 3019 teipsum
1371 2964 1401 3003 a
1439 2962 1660 3021 peccato
1683 2954 1896 3017 liberas,
1926 2954 2120 3011 erube-

536 3034 666 3088 scis?
696 3034 846 3091 Tuuc
873 3039 1191 3095 erubescere
1218 3040 1451 3097 debebas
1471 3084 1486 3109 ,
1514 3054 1640 3098 tunc
1681 3044 1934 3115 pudefieri
1955 3061 2117 3117 opor-

531 3125 694 3193 tebat,
722 3142 842 3183 cum
875 3144 1142 3200 peccares.
1165 3132 1298 3187 Cum
1326 3144 1574 3205 peccator
1595 3138 1772 3200 ﬁeres,
1803 3153 1906 3192 non
1928 3138 2119 3193 erube-

530 3219 746 3285 seebas;
776 3236 895 3275 cmn
917 3222 1092 3292 justus
1120 3224 1369 3293 efﬁceris,
1396 3227 1708 3283 erubescis?
1732 3228 1829 3283 Dic
1856 3239 1907 3282 tu
1933 3231 2118 3300 iniqui-

532 3319 656 3365 tates
683 3322 795 3366 tuas
840 3316 1032 3384 primus
1057 3358 1070 3383 ,
1119 3327 1173 3370 ut
1189 3319 1489 3389 justiﬁceris
1515 3319 1667 3390 (Isai.
1721 3322 1809 3380 45.
1858 3322 1947 3377 25.
1977 3323 2047 3378 ‘26
2073 3324 2113 3392 ).

531 3401 644 3456 Non
669 3403 823 3477 dixit,
852 3415 911 3459 ut
938 3422 1042 3461 nou
1071 3409 1319 3476 plectaris
1344 3413 1639 3482 supplicio;
1680 3414 1797 3481 sed,
1834 3413 1900 3469 Ut
1921 3416 2118 3484 justiﬁ-

530 3494 673 3547 ceris.
721 3497 911 3549 Annon
953 3497 1244 3553 sufficiebat
1292 3502 1377 3569 ei,
1425 3502 1567 3572 quod
1610 3518 1716 3559 non
1744 3506 1930 3574 punias
1956 3522 2113 3572 eum,

529 3584 687 3637 etiam
709 3584 908 3652 justum
937 3588 1143 3643 efficis?
1168 3591 1328 3645 Plane
1358 3593 1592 3662 quidem.
1646 3598 1715 3649 At
1763 3597 1995 3651 sermoni
2026 3613 2115 3650 se-

531 3675 656 3729 dulo
685 3686 919 3731 mentem
948 3679 1161 3735 adhibe.
1190 3682 1398 3738 Justum
1428 3685 1574 3739 illum
1600 3686 1796 3741 efficio.
1818 3688 1882 3741 Et
1902 3688 2116 3744 ubinam

534 3766 633 3821 hoc
662 3766 828 3822 fecit?
852 3768 909 3824 ln
937 3771 1164 3840 latrone,
1210 3784 1267 3826 ut
1297 3776 1397 3830 hoc
1420 3787 1622 3832 tantum
1653 3779 1821 3834 sodali
1864 3780 2068 3836 diceret
2102 3801 2114 3836 :

534 3856 714 3930 Neque
739 3870 791 3914 tu
832 3864 976 3918 times
1008 3863 1187 3919 Deum.
1219 3866 1283 3920 Et
1302 3886 1393 3922 nos
1418 3872 1619 3941 quidem
1642 3874 1797 3943 jure;
1824 3891 1942 3927 nam
1964 3874 2118 3945 digna

532 3950 681 4017 factis
708 3953 978 4021 recipimus
1000 3954 1147 4025 (Luc.
1181 3957 1270 4011 25.
1301 3959 1392 4014 40.
1424 3963 1539 4031 Η).
1573 3962 1707 4016 Dicit
1730 3972 1784 4018 et
1826 3964 2070 4019 Salvator
2100 3983 2112 4018 :

533 4039 702 4095 Ilodie
737 4058 929 4095 mecum
970 4046 1066 4099 eris
1094 4046 1146 4099 in
1176 4049 1414 4117 paradiso
1449 4050 1606 4123 (Ibid.
1638 4052 1754 4123 ‘5).
1800 4052 1916 4108 Non
1941 4054 2113 4120 dixit,

532 4131 608 4187 Te
633 4148 663 4187 a
697 4149 850 4203 ptena
880 4145 935 4191 et
978 4138 1242 4207 supplicio
1272 4142 1469 4209 eximo,
1494 4144 1586 4199 sed
1634 4145 1803 4215 ipsum
1830 4148 2030 4217 justum
2062 4149 2114 4203 in

534 4227 834 4295 paradisum
866 4230 1170 4286 introducit.

601 4319 859 4392 Confessio
877 4324 1075 4393 justum
1099 4326 1261 4396 cﬂicit.
1293 4358 1359 4368 —
1384 4328 1843 4401 Vidistin’justum
1868 4347 1962 4402 per
1981 4348 2116 4387 con-

532 4412 815 4468 fessionem
862 4415 1148 4471 etl'ectum?
1186 4420 1487 4475 Admodum
1519 4422 1778 4494 benignus
1806 4435 1888 4480 est
1932 4428 2114 4484 Deus:

533 4501 641 4556 tilio
667 4519 775 4559 non
810 4508 1068 4576 pepercit,
1094 4518 1150 4564 ut
1180 4526 1335 4566 servo
1362 4524 1608 4582 parceret
1639 4535 1650 4569 :
1681 4517 1895 4572 tradidit
1918 4518 2117 4589 Unige-

534 4595 722 4663 uitum,
753 4606 809 4651 ut
834 4598 1070 4669 ingratos
1096 4615 1284 4656 servos
1312 4603 1604 4661 redimeret
1629 4625 1643 4662 :
1669 4610 1978 4678 sanguinem
1996 4610 2116 4665 Filii

532 4689 615 4741 sui
645 4688 696 4741 in
726 4688 954 4759 pretium
983 4690 1245 4759 deposuit.
1279 4692 1323 4748 Ο
1349 4694 1726 4766 benignitatem
1768 4700 2010 4755 Domini!
2040 4702 2118 4758 Ne

530 4779 660 4832 mihi
687 4795 902 4835 rursum
929 4782 1077 4838 dicas
1108 4785 1360 4840 :Peccavi
1385 4790 1629 4856 multum,
1649 4793 1915 4859 quomodo
1932 4802 2117 4864 potero

531 4870 752 4925 salutem
773 4876 1024 4943 consequi
1047 4875 1164 4930 ?Tu
1186 4892 1289 4930 non
1309 4890 1480 4947 potes,
1503 4880 1755 4936 Dominus
1767 4892 1887 4938 tuus
1908 4895 2076 4954 potest
2100 4903 2113 4939 :

529 4971 691 5030 atque
716 4962 785 5017 ita
820 4974 1027 5035 potest,
1054 4978 1109 5021 ut
1148 4967 1324 5024 deleat
1351 4981 1564 5039 peccata
1598 4982 1705 5027 tua.
1738 4975 1969 5031 Attende
1995 4978 2117 5031 dili-

528 5064 753 5124 genter:
785 5059 855 5112 ita
881 5058 1022 5115 delet
1049 5074 1287 5132 peccata,
1316 5074 1373 5118 ut
1399 5080 1464 5120 ne
1483 5066 1760 5137 vestigium
1788 5068 1999 5138 quidem
2026 5087 2120 5124 eo-

531 5163 649 5201 rum
678 5159 911 5206 maneat.
955 5150 1014 5206 ln
1042 5154 1357 5223 corporibus
1386 5171 1493 5210 non
1524 5157 1649 5211 item
1675 5173 1688 5210 :
1722 5173 1843 5212 nam
1872 5161 1970 5214 etsi
2001 5177 2117 5216 me-

528 5242 679 5295 dicus
708 5244 899 5299 millies
938 5246 1171 5300 studium
1224 5258 1279 5303 et
1324 5251 1556 5305 remedia
1614 5251 1883 5313 adhibeat,
1929 5255 2119 5310 vulnus

528 5334 745 5403 quidem
776 5351 808 5390 e
838 5338 1012 5392 medio
1036 5339 1173 5393 tollit
1197 5356 1211 5404 ;
1240 5341 1332 5395 sed
1357 5342 1666 5413 plerumque
1691 5345 1761 5411 ei,
1788 5346 1875 5415 qui
1899 5346 1950 5399 in
1982 5345 2118 5401 facie

536 5427 744 5496 plagam
792 5435 1039 5503 accepit,
1068 5435 1262 5489 vulnus
1306 5438 1521 5507 quidem
1572 5448 1742 5501 curat.
1775 5441 1867 5494 sed
1897 5442 2117 5495 cicatrix

533 5532 793 5590 remanet,
815 5533 870 5579 et
901 5526 951 5578 in
981 5537 1349 5596 argumentum
1398 5529 1629 5585 vulneris
1656 5532 1832 5586 vultus
1860 5532 2117 5586 deformi-

534 5622 699 5667 tatem
733 5614 1083 5673 circumfert:
1113 5618 1363 5690 milleque
1393 5620 1566 5675 modis
1591 5623 1847 5677 annititur
1880 5625 2117 5679 medicus

532 5702 834 5760 cicatricem
862 5709 1063 5771 delere,
1092 5709 1186 5765 sed
1209 5725 1311 5765 non
1345 5720 1548 5781 potest;
1585 5724 1840 5783 repugnat
1859 5715 1999 5768 enim
2030 5717 2115 5768 iu-

534 5793 759 5849 ﬁrmitas
785 5807 986 5853 naturre
1008 5842 1022 5865 ,
1056 5816 1153 5855 nec
1180 5816 1285 5856 non
1314 5803 1443 5857 artis
1470 5812 1524 5857 et
1553 5805 1909 5859 remediorum
1945 5807 2112 5862 imbe-

532 5884 740 5940 cillitas.
769 5889 962 5944 Contra
985 5908 1111 5950 vero
1141 5893 1281 5950 Deus
1310 5909 1429 5951 cum
1461 5908 1676 5967 peccata
1708 5898 1870 5967 delet,
1916 5916 2011 5957 uec
2034 5903 2109 5957 ci-

1256 445 1314 499 s.
1354 440 1633 498 .IOANNIS
1668 430 2145 491 cum'sosrout
2185 431 2505 491 ARCIIIEP.
2545 436 3075 495 CONSTANTINOP.

3720 443 3824 496 549

2242 551 2492 605 catricem
2521 554 2794 623 relinquit,
2827 570 2924 609 nec
2974 553 3257 624 vestigium
3296 570 3511 610 manere
3556 556 3716 616 sinit.
3759 572 3823 611 ac

2239 659 2359 698 cum
2387 646 2613 700 sanitate
2643 646 2828 701 forma:
2854 647 3018 702 decus
3054 648 3291 718 largitur,
3319 663 3439 702 cum
3488 649 3823 706 immunitate

2236 750 2264 788 a
2296 736 2556 806 supplicio
2578 737 2837 807 justitiam
2858 738 2971 795 dat.
3001 755 3229 807 eumque
3255 741 3342 810 qui
3364 743 3599 811 peccavit
3618 742 3666 797 ei
3689 784 3704 807 ,
3730 742 3822 810 qui

2237 842 2341 881 non
2384 830 2645 897 peccavit,
2700 845 2880 898 parem
2912 830 3096 885 efficit.
3127 829 3290 885 Tollit
3332 832 3472 885 enim
3520 846 3819 901 peccatum,

2234 930 2396 990 atque
2426 922 2476 976 id
2504 922 2667 977 efﬁcit
2689 933 2743 977 ut
2765 940 2938 992 neque
2973 926 3060 986 sit,
3092 939 3262 993 neque
3293 924 3488 980 factum
3520 926 3717 990 fuerit;
3748 929 3819 980 ita

2234 1013 2434 1067 scilicet
2474 1015 2760 1069 uuiversim
2800 1015 2944 1070 delet
2984 1016 3111 1069 illud
3145 1030 3292 1071 :nou
3336 1025 3513 1072 manet
3553 1017 3777 1071 cicatrix
3802 1059 3818 1081 ,

2234 1119 2341 1158 non
2372 1106 2670 1175 vestigium,
2696 1121 2799 1160 non
2828 1118 3216 1176 argumentum,
3248 1123 3352 1161 non
3374 1109 3600 1176 signum.

2304 1197 2355 1250 5.
2390 1194 2443 1251 Id
2476 1197 2737 1253 undenam
2787 1199 2989 1267 liquet?
3012 1199 3283 1253 Dictorum
3314 1200 3453 1253 enim
3481 1199 3821 1254 demonstra-

2235 1288 2405 1342 tiones
2449 1289 2706 1344 exhibere
2746 1289 2938 1352 debeo.
2991 1291 3061 1345 ita
3087 1299 3144 1344 ut
3172 1305 3275 1345 non
3323 1307 3493 1345 meam
3545 1290 3818 1361 proferam

2230 1381 2570 1444 sententiam,
2589 1381 2680 1436 sed
2698 1397 2763 1436 ex
2781 1381 3070 1451 Scripturis
3088 1381 3470 1446 demonstrem,
3489 1389 3648 1435 utres
3667 1391 3819 1435 certa

2232 1470 2632 1542 indubitataque
2670 1482 2902 1527 maneat.
2951 1472 3146 1527 lndueo
3186 1472 3346 1543 igitur
3385 1473 3531 1527 vobis
3569 1472 3820 1527 homines

2237 1561 2548 1617 vulneribus
2592 1564 2895 1630 sauciatos,
2954 1564 3204 1633 populum
3250 1565 3512 1634 integrum
3569 1564 3820 1618 homines

2232 1654 2416 1723 plenos
2436 1654 2722 1721 ulceribus,
2737 1656 2905 1721 sanie,
2928 1656 3217 1721 vermibus,
3240 1656 3327 1726 qui
3345 1655 3471 1709 nihil
3492 1655 3633 1710 aliud
3652 1670 3816 1725 quam

2231 1746 2420 1801 vulnus
2446 1755 2499 1802 et
2527 1748 2676 1802 ulcus
2700 1748 2809 1801 sint
2842 1765 2855 1801 :
2887 1748 2976 1817 qui
3004 1757 3176 1801 tamen
3210 1747 3280 1801 ita
3303 1746 3480 1803 curari
3507 1748 3732 1816 possint,
3758 1755 3819 1799 ut

2230 1852 2330 1891 nec
2359 1837 2574 1893 cicatrix
2602 1878 2617 1903 ,
2671 1855 2769 1893 nec.
2799 1838 3098 1909 vestigium,
3153 1852 3252 1893 nec
3296 1838 3503 1907 signum
3531 1834 3762 1905 supersit
3796 1854 3813 1889 :

2230 1930 2471 1986 homines
2496 1932 2583 2001 qui
2611 1946 2717 1986 non
2746 1946 2931 1994 unum,
2961 1946 3065 1985 non
3094 1930 3219 1996 duo,
3265 1945 3371 1984 non
3402 1928 3521 1993 tria,
3553 1944 3654 1982 non
3676 1944 3816 1998 qua-

2230 2032 2349 2077 tuor
2366 2024 2585 2080 vulnera
2616 2023 2862 2091 habeant,
2894 2022 2989 2079 sed
3032 2038 3061 2077 a
3096 2022 3267 2090 capite
3290 2020 3354 2075 ad
3381 2020 3542 2091 pedes
3573 2021 3666 2075 toti
3697 2020 3819 2073 vul-

2228 2132 2327 2170 nus
2366 2119 2493 2171 siut.
2540 2116 2773 2173 Attende
2822 2117 3107 2187 diligenter
3128 2116 3355 2171 orationi
3384 2123 3503 2169 :est
3531 2115 3672 2168 enim
3726 2115 3817 2168 hic

2226 2224 2404 2263 sermo
2428 2219 2608 2264 noster
2626 2209 2925 2263 communis
2946 2220 3103 2280 atque
3131 2208 3396 2262 salutaris.
3423 2207 3818 2262 Medicamenta

2228 2316 2355 2373 paro
2385 2302 2714 2357 medicorum
2744 2302 2994 2357 remediis
3041 2301 3431 2371 praestantiora,
3489 2315 3610 2369 quas
3636 2315 3705 2353 ne
3728 2314 3818 2353 re-

2226 2410 2322 2465 ges
2363 2394 2577 2465 quidem
2626 2394 2890 2448 adornare
2936 2402 3175 2462 possunt.
3210 2391 3343 2458 Quid
3370 2407 3463 2445 rex
3508 2391 3726 2460 potest?
3769 2389 3817 2445 Ε

2225 2503 2443 2543 carcere
2495 2502 2704 2553 eruere,
2758 2503 2786 2539 a
2817 2487 3059 2556 gehenna
3112 2493 3285 2539 autem
3315 2484 3550 2538 eximere
3578 2498 3683 2536 non
3710 2498 3816 2552 po-

2227 2590 2330 2635 test
2362 2599 2373 2634 :
2406 2580 2657 2649 pecunias
2689 2579 2889 2649 largiri,
2920 2579 3150 2631 animam
3182 2593 3309 2631 vero
3339 2592 3552 2631 servare
3579 2591 3683 2629 non
3716 2592 3816 2629 va-

2224 2672 2315 2726 let.
2348 2671 2452 2726 Sed
2481 2672 2534 2725 in
2565 2686 2753 2725 manus
2784 2670 3109 2739 paenitentia:
3131 2684 3223 2723 vos
3257 2667 3426 2731 trado,
3458 2678 3516 2721 ut
3542 2668 3647 2719 vim
3694 2667 3819 2735 ejus

2224 2762 2492 2827 ediscatis,
2560 2771 2616 2816 ut
2641 2762 2858 2816 discatis
2914 2770 3189 2831 peccatum
3247 2776 3351 2813 non
3396 2761 3443 2814 ei
3493 2761 3813 2830 prmvalere,

2228 2871 2404 2925 neque
2435 2856 2593 2909 ullam
2622 2870 2741 2910 esse
2768 2855 3120 2924 iniquitatem,
3146 2868 3263 2924 qua:
3292 2853 3395 2905 vim
3419 2853 3534 2919 ejus
3554 2867 3818 2921 saperare

2226 2949 2412 3017 possit.
2440 2946 2655 3002 Interim
2687 2946 2880 3001 induco
2908 2961 3018 3000 non
3074 2961 3235 2999 unum
3261 2988 3275 3010 ,
3330 2960 3434 2998 non
3482 2944 3617 2997 duos
3642 2984 3655 3005 ,
3705 2959 3818 3022 non

2227 3049 2354 3103 tres,
2384 3038 2479 3094 sed
2509 3039 2707 3109 pluries
2736 3038 2982 3094 millenos
3010 3038 3271 3103 homines,
3291 3036 3597 3091 vulneribus
3621 3036 3784 3091 ulceri
3806 3065 3821 3077 -

2223 3131 2426 3201 busque
2453 3131 2659 3200 plenos,
2703 3129 2994 3205 innumeris
3025 3128 3253 3199 peccatis
3300 3136 3524 3197 onustos
3548 3167 3562 3192 ,
3597 3128 3685 3197 qui
3720 3143 3816 3196 per

2226 3224 2593 3294 paenitentiam
2621 3223 2690 3277 ita
2740 3222 2964 3276 salutem
2992 3221 3243 3289 consequi
3274 3228 3518 3289 potuere,
3549 3228 3607 3272 ut
3634 3234 3817 3288 neque

2223 3302 2502 3386 vestigium
2533 3332 2702 3386 neque
2720 3316 2932 3369 cicatrix
2958 3315 3191 3383 priorum
3225 3315 3461 3367 ulcerum
3487 3322 3817 3368 remaneret.

2222 3410 2419 3465 Verum
2440 3410 2723 3479 diligenter
2750 3408 3008 3463 attendite
3039 3407 3294 3473 sermoni,
3320 3422 3492 3476 neque
3512 3406 3683 3460 solum
3727 3415 3819 3459 at»

2220 3504 2443 3568 tendite,
2458 3504 2549 3558 sed
2569 3504 2726 3557 etiam
2748 3518 2831 3569 ea,
2847 3518 2963 3571 qua:
2982 3499 3525 3565 dicuntur,memoria:
3542 3498 3817 3565 mandate,

2224 3606 2279 3650 ut
2306 3597 2555 3650 absentes
2590 3595 2908 3654 iustituatis.
2947 3603 3142 3656 eteos,
3174 3593 3261 3662 qui
3291 3591 3518 3646 utilitate
3546 3592 3820 3645 sermonis

2222 3690 2379 3760 hujus
2404 3690 2639 3745 destituti
2670 3698 2824 3753 sunt,
2851 3689 3216 3757 diligentiores
3271 3685 3525 3740 reddatis.
3578 3684 3821 3739 Accedat

2222 3785 2383 3852 igitur
2412 3784 2499 3837 ille
2526 3782 2948 3851 Seraphinorum
2979 3788 3253 3849 spectator
3280 3779 3461 3840 Isaias,
3492 3778 3583 3847 qui
3625 3778 3811 3848 mysti-

2222 3891 2336 3928 cam
2371 3875 2512 3928 illam
2543 3874 2829 3929 melodiam
2854 3873 3088 3938 audivit,
3129 3872 3218 3941 qui
3257 3870 3461 3924 inﬁnita
3502 3869 3570 3923 de
3598 3868 3821 3923 Cbrism

2225 3967 2485 4037 prmdixit.
2515 3966 2653 4033 Quid
2680 3967 2821 4022 dicat
2851 3975 3231 4035 percontemur
3257 3980 3271 4012 :
3310 3960 3477 4027 Visio,
3512 3977 3665 4027 quant
3694 3961 3823 4013 vidit

2222 4060 2389 4115 Isaias
2437 4062 2676 4115 adversus
2700 4058 2937 4114 Judteam
2975 4068 3022 4111 et
3048 4058 3285 4111 adversus
3324 4054 3615 4108 Jerusalem
3658 4053 3820 4126 (Isai.

2223 4153 2275 4206 1.
2305 4154 2381 4221 l).
2423 4152 2517 4206 Dic
2547 4152 2830 4216 visionem,
2862 4166 3019 4220 quam
3063 4148 3263 4203 vidisti.
3294 4147 3456 4210 Audi,
3504 4146 3722 4209 calum,
3768 4158 3824 4199 et

2222 4245 2427 4298 auribus
2437 4245 2657 4316 percipe,
2672 4254 2825 4310 terra,
2838 4244 2956 4314 quia
2969 4240 3218 4295 Dominus
3232 4241 3463 4309 loquutus
3474 4250 3546 4293 est
3558 4237 3721 4309 (Ibid.
3734 4240 3792 4305 9)
3804 4280 3821 4294 .

2222 4337 2337 4391 Alia
2371 4336 2634 4406 pollicitus
2659 4350 2738 4401 es,
2769 4343 2824 4389 ct
2864 4335 2963 4388 alia
2986 4332 3142 4387 dicis.
3173 4332 3427 4399 Quantam
3465 4331 3571 4385 alia
3600 4331 3820 4399 pollici-

2225 4438 2309 4485 tus
2339 4430 2497 4485 sum?
2525 4429 2792 4499 Principio
2814 4428 2968 4493 dicis,
2992 4426 3141 4481 Visio
3163 4425 3420 4479 adversus
3448 4423 3691 4477 .ludzeam
3716 4465 3731 4487 ,
3765 4433 3826 4477 et

2222 4523 2479 4577 adversus
2498 4521 2793 4577 Jerusalem
2817 4563 2829 4585 ,
2857 4528 2912 4575 et
2951 4519 3113 4574 missa
3151 4517 3331 4573 Judma
3389 4525 3550 4586 atque
3594 4516 3826 4569 Jerusa-

2224 4614 2361 4677 lem,
2391 4614 2578 4669 earluut
2606 4611 2926 4681 alloqneris,
2950 4618 3005 4666 et
3036 4609 3100 4664 ad
3129 4616 3324 4662 terram
3366 4621 3676 4660 sermonem
3725 4606 3828 4660 dc-

2223 4705 2391 4758 clinas
2416 4722 2429 4756 :
2456 4703 2741 4756 rationales
2768 4701 3011 4756 homines
3040 4701 3232 4753 missos
3252 4698 3413 4761 facis,
3439 4708 3495 4751 et
3530 4712 3654 4751 cum
3688 4697 3827 4749 irra-

2227 4794 2565 4850 tionabilibus
2609 4794 2891 4849 elementis
2945 4793 3106 4846 verba
3134 4792 3375 4845 censeris
3399 4791 3424 4842 ?
3448 4790 3583 4857 Quia
3616 4804 3820 4858 nempe

2227 4888 2673 4942 irrationabilibus
2703 4884 3127 4940 rationabiliores
3165 4883 3284 4937 facti
3314 4892 3436 4937 sunt
3464 4880 3826 4935 rationabiles

2227 4981 2297 5034 illi
2324 4996 2338 5033 :
2372 4995 2543 5050 neque
2576 4979 2699 5033 ideo
2729 4986 2931 5032 tantum
2958 5018 2972 5043 ,
2996 4976 3088 5031 sed
3119 4976 3240 5045 quia
3267 4990 3385 5028 cum
3412 4973 3827 5028 itttroducturus

2225 5088 2318 5127 eos
2344 5082 2487 5127 esset
2513 5070 2724 5142 Moyses
2749 5072 2800 5124 in
2833 5078 3027 5125 terram
3056 5068 3425 5139 promissionis
3445 5109 3459 5133 ,
3490 5076 3546 5120 et
3577 5082 3699 5133 qua:
3729 5066 3827 5118 fu-

2228 5174 2343 5218 tura
2372 5171 2524 5217 erant
2556 5161 2909 5233 praevideret,
2939 5160 3081 5230 quod
3113 5159 3364 5213 nimirum
3400 5173 3520 5226 qua“:
3570 5156 3673 5210 sibi
3705 5165 3824 5209 tra-

2224 5257 2331 5309 dita
2363 5256 2573 5310 fuerant
2589 5254 2942 5324 contempturi
2969 5262 3149 5308 essent
3177 5270 3191 5305 :
3218 5250 3374 5316 Audi,
3394 5252 3596 5315 calum,
3624 5250 3825 5318 inquit,

2225 5358 2271 5401 et
2300 5348 2522 5401 nttendat
2544 5356 2679 5400 terra
2707 5348 2855 5400 verba
2880 5363 2942 5400 ex
2958 5362 3045 5399 ore
3071 5362 3181 5398 meo
3207 5343 3381 5413 (Deut.
3407 5343 3590 5411 ΒΞΔ).
3612 5342 3827 5396 Conte-

2224 5450 2338 5495 stor
2362 5440 2512 5494 vobis
2529 5442 2716 5493 ozelum
2738 5448 2793 5492 et
2814 5452 3029 5500 terram,
3053 5438 3221 5507 inquit
3244 5436 3479 5507 Moyses,
3515 5435 3659 5504 quod
3677 5436 3721 5487 si
3739 5436 3828 5487 in.

2224 5534 2394 5601 gressi
2424 5532 2626 5586 fueritis
2644 5532 2693 5584 in
2714 5540 2908 5584 terram
2933 5527 3301 5599 promissionis
3315 5569 3330 5591 ,
3347 5537 3401 5581 et
3416 5526 3827 5595 dereliqueritis

2228 5624 2513 5677 Dominum
2539 5624 2724 5686 Deum,
2745 5621 2973 5674 futurum
2991 5619 3061 5673 sit
3078 5629 3133 5673 ut
3154 5617 3529 5688 dispergamini
3548 5619 3601 5671 in
3630 5632 3831 5673 omnes

2205 5714 2593 5783 geutcsNenit
2611 5713 2770 5768 Isaias
2790 5730 2801 5764 :
2820 5712 3049 5766 futurum
3064 5720 3178 5765 erat
3193 5719 3248 5763 ut
3263 5708 3605 5763 comminatio
3619 5708 3670 5760 iu
3684 5722 3832 5775 opus

2226 5808 2461 5876 prodiret
2491 5825 2502 5859 :
2535 5821 2639 5860 non
2669 5813 2873 5875 poterat
2911 5803 3143 5873 Moysen:
3174 5815 3418 5861 evocare,
3450 5813 3549 5853 nec
3579 5813 3693 5861 eos,
3726 5800 3833 5866 qui

2228 5903 2398 5971 ipsum
2420 5899 2713 5963 audierant,
2745 5907 2927 5968 utpote
2949 5896 3255 5962 defunctos;
3286 5902 3339 5948 ct
3368 5892 3631 5947 elementa
3652 5889 3832 5944 advo-
