4066 6392
236 379 337 433 Γιῦθ

234 502 367 572 εχει,
398 503 431 572 ἡ
471 502 726 573 μετάνοια
764 502 860 573 τὴν
891 502 1235 574 δικαιοσύνην
1278 503 1576 573 κέκτηται·
1622 501 1769 570 Λέγε
1795 497 1903 567 γὰρ

234 590 339 655 τὰς
374 590 625 659 ἀνομίας
671 606 788 644 σου
836 589 1084 659 πρῶτος.
1135 591 1235 643 ἵνα
1266 589 1612 658 δικαιωθῇς*
1670 590 1783 651 καὶ,
1816 589 1908 640 Δί-

236 694 401 743 καιος
434 678 653 731 ἑαυτοῦ
678 677 1009 747 κατήγορος
1036 679 1107 732 ἐν
1137 680 1526 747 πρωτολογίᾳ.
1558 676 1728 740 Εἰδὼς
1752 672 1845 729 οῦν
1878 679 1907 730 6

234 768 497 832 Σατανᾶς,
526 767 658 836 ὅτιή
692 766 789 837 μὲν
814 766 1055 837 ἁμαρτία
1077 766 1187 837 ἔχει
1220 767 1321 838 τὴν
1346 766 1635 837 αἰσχύνην,
1676 767 1908 835 πρᾶγμα

237 856 433 920 ἱκανῶς
452 855 789 927 ἀποκροῦσαι
814 856 903 909 τὸν
928 857 1308 927 ἁμαρτάνοντα
1332 856 1646 925 δυνάμενον,
1674 856 1708 924 ἡ
1730 854 1786 907 δέ
1813 872 1907 924 με-

233 946 420 999 τάνοια
461 944 573 1015 ἔχει
614 944 711 1017 τὴν
738 945 1074 1017 παρρησίαν,
1107 947 1338 1016 πρᾶγμα
1385 943 1568 999 ἱκανὸν
1596 940 1907 995 ἐπισπάσα-

237 1036 359 1089 σθαι
386 1035 478 1088 τὸν
517 1033 898 1105 μετανοοῦντα,
953 1031 1209 1105 ἐνήλλαξε
1254 1033 1352 1102 τὴν
1383 1032 1559 1099 τάξιν,
1609 1031 1703 1085 καὶ
1736 1029 1905 1083 ἔδωκε

233 1125 334 1196 τὴν
363 1122 623 1195 αἰσχύνην
650 1126 716 1194 τῇ
753 1121 1030 1193 μετανοίᾳ,
1061 1123 1153 1175 καὶ
1168 1121 1264 1192 τὴν
1292 1120 1606 1193 παρρησίαν
1628 1122 1694 1189 τῇ
1720 1120 1903 1189 ἀμαρ-

234 1213 342 1283 τίᾳ.
372 1211 540 1265 Πόθεν
568 1209 756 1276 τοῦτο;
786 1209 895 1279 ἐγὼ
924 1209 1085 1278 λέγω.
1125 1208 1431 1263 Ἀλίσκεταί
1460 1226 1544 1271 τις
1579 1208 1684 1260 ὑπὸ
1716 1204 1906 1259 ἐπιθυ-

236 1302 365 1372 μίας
413 1300 656 1371 χαλεπῆς
700 1300 855 1371 πρὸς,
894 1299 1173 1368 πάνδημον
1228 1298 1471 1370 πόρνηψ
1525 1295 1808 1351 ἀκολουθεῖ
1835 1298 1903 1366 τῇ

234 1389 407 1461 πόρνῃ
460 1389 535 1452 ώς
570 1388 914 1459 αἰχμάλωτος
937 1405 950 1417 ⁶
984 1387 1288 1458 εἰσέρχεται
1322 1388 1403 1448 εἰς
1438 1386 1499 1439 τὸ
1522 1382 1897 1452 καταγώγιονο

230 1480 330 1532 οὐκ
355 1480 759 1550 αἰσχυνόμενος,
789 1479 887 1531 οὐκ
919 1477 1186 1550 ἐρυθριῶν
1222 1476 1592 1546 συμπλέκεται
1614 1479 1679 1547 τῇ
1706 1475 1901 1546 πόρνῃ,

233 1568 459 1638 πράττει
482 1570 578 1639 τὴν
606 1568 878 1639 ἁμαρτίαν
897 1583 912 1598 ο
947 1565 1183 1637 οὐδαμοῦ
1202 1566 1431 1637 αἰσχύνη
1462 1563 1628 1635 αὐτῷ,
1664 1563 1902 1634 οὐδαμοῦ

230 1655 456 1727 ἐρυθριᾷ
476 1674 489 1687 ο
513 1656 794 1727 ἐξέρχεται
823 1654 1032 1709 ἐκεῖθεν
1056 1655 1192 1725 μετά
1215 1653 1277 1706 τὸ
1295 1652 1445 1715 τέλος
1475 1652 1575 1722 τῆς
1608 1650 1902 1720 ἁμαρτίας,

230 1748 324 1800 καὶ
348 1748 434 1799 ἵνα
470 1746 775 1816 μετανοήσῃ
798 1742 1131 1814 αἰσχύνεται.
1170 1742 1355 1795 ’Λθλιε
1375 1781 1390 1805 ,
1421 1742 1508 1795 ὅτε
1543 1739 1903 1811 περιεπλέκου

230 1838 296 1905 τῇ
329 1836 526 1905 πόρνῃ.
558 1834 657 1886 οὐκ
683 1832 939 1903 ᾐσχύνου,
967 1831 1079 1885 ἀλλ’
1113 1832 1201 1884 ὅτε
1220 1826 1381 1900 ἦλθες
1410 1829 1763 1901 μετανοῆσαι,
1781 1829 1903 1881 τότε

228 1923 495 1993 αἰσχύνῃ;
545 1920 885 1992 Αἰσχύνεται,
914 1920 1064 1985 εἰπέ;
1115 1921 1195 1982 εἰς
1228 1918 1279 1970 τί
1325 1918 1412 1970 ὅτε
1450 1916 1777 1987 ἐπόρνευσεν
1806 1917 1905 1968 οὐκ

228 2010 527 2081 ῂσχύνετος
553 2011 625 2062 Τὸ
656 2010 885 2079 πρᾶγμα
908 2009 1156 2078 πράττει,
1186 2007 1279 2060 καὶ
1308 2006 1408 2058 οὐκ
1443 2004 1777 2075 αἰσχύνεται,
1810 2004 1905 2057 καὶ

228 2099 290 2152 τὸ
319 2100 471 2170 ῥῆμα
503 2099 763 2170 ἐρυθριᾷ;
793 2096 1047 2150 Διαϐόλου
1068 2094 1125 2149 δέ
1148 2097 1263 2148 ἐστι
1290 2093 1596 2163 κακουργία
1628 2093 1789 2160 αῦτη.
1818 2094 1906 2145 Ἐν

227 2189 294 2256 τῇ
330 2187 573 2257 ἁμαρτίᾳ.
612 2188 709 2238 οὐκ
734 2183 956 2256 ἀφίησιν
984 2182 1143 2236 αὐτὸν
1166 2180 1537 2251 αἰσχύνεσθαι,
1566 2180 1700 2233 ἀλλά
1736 2181 1903 2251 δημο-

231 2274 506 2327 σιεύεσθαι
528 2291 539 2303 ·
560 2269 667 2326 οἶδε
700 2272 827 2342 γάρ,
852 2273 933 2324 ὅτι
959 2271 1053 2323 ἐάν
1076 2271 1361 2341 αἰσχυνθῇ,
1387 2268 1576 2337 φεύγει
1602 2269 1701 2340 τὴν
1720 2270 1904 2340 ἁμαρ-

226 2364 377 2416 τίαν·
412 2364 470 2415 ἐν
498 2364 562 2432 τῇ
598 2361 855 2432 μετανοίᾳ
877 2361 1019 2411 ποιεῖ
1046 2359 1209 2411 αὐτὸν
1241 2357 1625 2427 αἰσχύνεσθαι,
1654 2353 1761 2411 οἶδε
1796 2356 1906 2427 γάρ

226 2453 309 2504 ὅτι
337 2450 725 2520 αἰσχυνόμενος
751 2449 811 2501 οὐ
869 2449 1136 2518 μετανοεῖ.
1173 2445 1275 2498 Δύο
1309 2444 1455 2497 κακά
1485 2447 1646 2508 ποιεῖ,
1680 2445 1774 2497 καὶ
1824 2448 1904 2509 εἰς

226 2540 325 2609 τὴν
347 2538 619 2609 ἁμαρτίαν
647 2536 816 2597 ἕλκει,
848 2537 943 2588 καί¹
960 2533 1055 2604 τὴν
1077 2534 1365 2604 μετάνοιαν
1392 2533 1597 2603 ἐπέχει.
1628 2532 1692 2584 Τί
1716 2533 1905 2602 αἰσχύ·-

227 2646 293 2699 νῃ
315 2627 536 2692 λοιπόν;
565 2628 692 2680 Ὅτε
715 2625 1007 2696 ἐπόρνευες
1027 2664 1042 2689 ,
1082 2624 1182 2677 οὐκ
1212 2621 1445 2693 ᾐσχύνου
1468 2638 1479 2650 ·
1534 2623 1622 2675 ὅτε
1665 2622 1726 2675 τὸ
1761 2622 1904 2692 φάρ-

231 2734 402 2787 μακον
428 2716 696 2786 ἐπιτίθης,
723 2716 953 2787 αἰσχύνῃ
974 2733 988 2781 ;
1013 2717 1100 2768 ὅτε
1127 2714 1487 2776 ἀπαλλάττεις
1509 2712 1699 2767 ἑαυτὸν
1727 2714 1906 2783 ἀμαρ-

226 2806 365 2870 τίας,
390 2806 655 2877 αἰσχύνῃ;
697 2805 831 2859 Τότε
864 2803 1092 2873 ώφειλες
1136 2802 1508 2873 αἰσχύνεσθαι,
1552 2802 1671 2854 τότε
1700 2800 1805 2854 ἔδει
1844 2818 1902 2854 σε

225 2896 576 2966 αἰσχύνεσθαι
608 2935 622 2957 ,
666 2896 755 2948 ὅτε
788 2896 1125 2966 ήμάρτανες.
1153 2894 1281 2945 Ὅτε
1328 2892 1508 2960 ἐγίνου
1558 2890 1902 2962 ἁμαρτωλὸς,

224 2987 326 3039 οὐκ
377 2984 611 3055 ᾐσχύνου
640 3003 653 3015 ο
699 2984 788 3037 ὅτε
839 2984 964 3055 γίνῃ
1024 2983 1248 3044 δίκαιος,
1306 2978 1568 3050 αἰσχύνῃ;
1620 2979 1769 3047 Λέγε
1799 2978 1904 3045 τὰς

223 3075 473 3142 ἀνομίας
506 3089 623 3127 σου
653 3070 901 3139 πρῶτος,
936 3072 1037 3123 ἵνα
1060 3067 1399 3137 δικαιωθῇς.
1424 3064 1495 3119 Ὦ
1524 3066 1903 3137 φιλανθρωπία

224 3167 516 3215 Δεσπότου.
554 3162 666 3215 Οὐκ
700 3157 873 3223 εἶπεν,
909 3160 1026 3212 Ἵνα
1059 3159 1132 3229 μὴ
1175 3157 1465 3228 κολασθῇς,
1499 3156 1613 3210 ἀλλ’
1657 3156 1792 3209 Ἵνα
1820 3155 1904 3208 δι-

223 3250 484 3318 καιωθῇς
506 3266 518 3277 ·
567 3251 666 3302 οὐκ
701 3251 859 3320 ἢρκει
893 3246 1061 3318 αὐτῷ,
1097 3248 1178 3299 ὅτι
1207 3247 1268 3298 οὐ
1305 3246 1555 3310 κολάζεις
1584 3246 1766 3307 αὐτὸν,
1822 3244 1900 3297 ἔτι

224 3342 319 3392 καὶ
340 3339 548 3392 δίκαιον
570 3340 743 3400 ποιεῖς
763 3353 777 3401 ;
800 3337 910 3389 Καὶ
927 3335 1089 3389 πάνυ.
1137 3333 1296 3387 Ἀλλά
1318 3334 1550 3404 πρόσεχε
1585 3333 1724 3405 μετά
1745 3335 1902 3404 ἀκρι-

222 3428 375 3491 ϐείας
423 3427 501 3497 τῷ
538 3427 700 3496 λόγῳ.
765 3426 984 3478 Δίκαιον
1014 3423 1175 3476 αὐτὸν
1208 3422 1367 3476 ποιῶ.
1434 3424 1542 3475 Καὶ
1589 3422 1692 3475 ποῦ
1744 3422 1901 3475 τοῦτο

222 3518 509 3586 ἐποίησεν;
556 3516 677 3568 Ἐπί
704 3514 796 3568 τοῦ
823 3511 1045 3584 λῃστοῦ,
1086 3512 1172 3563 ἵνα
1196 3512 1323 3583 εἴπῃ
1348 3511 1506 3580 μόνον
1527 3513 1721 3574 ἐκεῖνο,
1749 3510 1901 3563 Οὐδὲ

221 3604 379 3674 φοϐῇ
418 3603 499 3657 σὺ
527 3603 635 3657 τὸν
661 3603 830 3667 Θεὸν,
862 3600 939 3670 τῷ
966 3599 1167 3671 ἑταίρῳ
1199 3598 1384 3652 αὐτοῦ.
1431 3599 1539 3651 Καὶ
1583 3598 1755 3665 ἡμεῖς
1783 3598 1902 3667 μὲν

220 3694 497 3757 δικαίως·
546 3691 683 3755 ἄξια
713 3692 821 3760 γὰρ
858 3684 945 3744 ὧν
997 3686 1339 3756 ἐπράξαμεν
1378 3684 1896 3754 ἀπολαμϐάνομεν.

222 3780 388 3848 Λέγει
421 3779 556 3851 πρὸς
581 3779 740 3831 αὐτὸν
767 3779 795 3829 6
822 3778 1034 3848 Σωτήρο
1068 3773 1339 3844 Σήμερον
1353 3772 1480 3841 μετ’
1509 3772 1655 3842 ἐμοῦ
1680 3775 1793 3841 ἔσῃ
1831 3774 1901 3827 ἐν

222 3868 303 3933 τῷ
332 3867 700 3937 παραδείσῳ.
756 3867 870 3919 Οὐκ
924 3862 1098 3927 εἶπεν,
1145 3862 1497 3917 Ἀπαλλάττω
1536 3878 1596 3914 σε
1624 3862 1899 3926 κολάσεως

224 3958 319 4009 καὶ
334 3957 623 4030 τιμωρίας,
656 3955 769 4008 ἀλλ’
794 3956 871 4018 εἰς
898 3954 990 4007 τὸν
1020 3952 1346 4023 παράδεισον
1374 3950 1583 4019 εἰσάγει
1629 3950 1791 4003 αὐτὸν
1820 3950 1898 4003 δί-

221 4063 399 4101 καιον.

293 4132 450 4197 Εἶδες
489 4133 597 4187 ἀπὸ
642 4131 1080 4202 ἐξομολογήσεως
1137 4130 1343 4183 δίκαιον
1393 4130 1719 4200 γενόμενον;
1756 4130 1894 4183 Πολύ

222 4223 603 4294 φιλάνθρωπός
628 4224 774 4275 ἐστιν
801 4223 830 4274 6
854 4220 986 4284 Θεός
1009 4236 1021 4249 ⁸
1060 4218 1189 4271 Υἰοῦ
1214 4220 1314 4272 οὐκ
1347 4219 1620 4286 ἐφείσατο,
1655 4218 1740 4272 ἵνα
1772 4218 1891 4271 δού-

219 4313 314 4366 λου
348 4312 601 4381 φείσηται
622 4326 635 4341 ο
672 4308 956 4380 παρέδωκε
1008 4308 1098 4360 τὸν
1158 4307 1462 4376 Μονογενῆ,
1507 4308 1594 4360 ἵνα
1648 4307 1894 4379 ἀγοράσῃ

216 4399 440 4461 δούλους
485 4395 845 4466 ἀγνώμονας’
901 4395 962 4448 τὸ
1019 4389 1158 4463 αἷμα
1214 4393 1309 4447 τοῦ
1344 4393 1475 4446 Υίοῦ
1528 4390 1695 4448 αὐτοῦ
1726 4393 1893 4464 τιμὴν

219 4486 543 4541 κατέϐαλεν.
567 4481 638 4538 Ὦ
670 4482 1048 4553 φιλανθρωπία
1073 4482 1366 4535 Δεσπότου.
1404 4483 1512 4534 Καὶ
1543 4482 1616 4553 μή
1657 4499 1745 4552 μοι
1766 4482 1889 4549 λέγε

217 4576 405 4630 πάλιν·
442 4575 728 4645 Ἥμαρτον
768 4571 957 4635 πολλὰ,
994 4571 1089 4625 καὶ
1119 4570 1234 4632 πῶς
1271 4571 1568 4640 δυνήσομαι
1611 4570 1888 4641 σωθῆναι;

217 4666 292 4717 Συ
312 4666 374 4717 οὐ
402 4664 645 4725 δύνασαι,
678 4665 706 4715 6
738 4661 1015 4730 Δεσπότης
1073 4676 1165 4711 σου
1193 4658 1414 4711 δύναται
1433 4700 1446 4721 ,
1484 4658 1576 4711 καὶ
1607 4658 1778 4721 οὕτως
1817 4660 1892 4722 ('0;

214 4752 492 4820 ἐξαλεῖψαι
508 4751 575 4804 τὰ
601 4749 750 4822 [544]
769 4749 987 4819 ἁμαρτή
997 4764 1161 4818 ματα.
1184 4746 1424 4818 Πρόσεχε
1445 4745 1583 4816 μετά
1606 4747 1891 4817 ἀκριϐείας

212 4840 294 4910 τῷ
322 4841 484 4909 λόγῳ·
509 4838 680 4900 οὕτως
704 4836 974 4905 ἐξαλείφει
993 4835 1063 4888 τά
1080 4835 1471 4905 ἁμαρτήματα,
1491 4834 1566 4895 ὼς
1587 4835 1725 4905 μήτε
1747 4833 1889 4903 ἴχνος

214 4929 397 4981 αὐτῶν
431 4932 631 4998 μεῖναι.
668 4926 788 4979 Ἐπὶ
814 4925 910 4995 μέν
933 4923 1041 4995 γὰρ
1067 4923 1175 4975 τῶν
1200 4922 1466 4993 σωμάτων
1496 4921 1596 4974 οὐκ
1613 4920 1691 4974 ἔνι
1708 4922 1885 4986 τοῦτο,

212 5018 353 5071 ἀλλά
386 5017 487 5070 κᾶν
518 5015 775 5089 μυριάκις
810 5012 1088 5083 σπουδάσῃ
1114 5014 1143 5063 6
1199 5010 1403 5083 ἰατρὸς,
1462 5010 1563 5063 κᾶν
1614 5010 1885 5081 φάρμακα

212 5105 377 5175 ἐπιθῇ
411 5105 489 5175 τῷ
526 5103 839 5174 τραύματι,
891 5103 951 5153 τὸ
982 5101 1079 5172 μὲν
1127 5099 1347 5171 τραῦμα
1397 5099 1695 5167 ἠφάνισενο
1748 5098 1883 5151 ἀλλὰ

212 5193 474 5256 πολλάκις
509 5192 722 5262 ἐπλήγη
748 5208 831 5252 τις
881 5190 960 5252 εἰς
988 5188 1084 5259 τὴν
1110 5188 1233 5257 ὅφιν
1257 5226 1271 5250 ,
1311 5187 1404 5239 καὶ
1435 5186 1495 5238 τὸ
1525 5185 1622 5255 μὲν
1661 5185 1883 5257 τραῦμα

207 5282 540 5353 διώρθωσεν,
570 5284 603 5351 ἡ
629 5280 687 5333 δέ
709 5279 839 5349 οὐλὴ
869 5277 1241 5346 ἐναπέμεινεν,
1264 5274 1483 5344 ἔλεγχον
1504 5274 1597 5326 τοῦ
1632 5275 1881 5345 τραύμα-

206 5388 301 5433 τος
331 5370 701 5440 περιφέρουσα
732 5366 830 5437 τὴν
860 5362 1136 5434 ἀμορφίαν
1168 5363 1267 5433 τῆς
1294 5361 1495 5430 ὅψεως·
1522 5362 1615 5414 καὶ
1650 5362 1882 5430 φιλονει-

208 5462 297 5511 κεῖ
335 5458 503 5528 μυρία
536 5459 563 5508 6
600 5455 779 5525 ἰατρὸς
804 5452 1081 5521 ἐξαλεῖψαι
1116 5450 1211 5503 καὶ
1233 5450 1333 5518 τὴν
1360 5448 1539 5520 οὐλὴν,
1569 5450 1628 5501 ού
1659 5450 1879 5503 δύναται

206 5546 299 5599 δέ.
333 5544 643 5598 ἀντιπίπτει
678 5542 785 5611 γὰρ
818 5540 964 5610 αὐτῷ
992 5542 1025 5609 ή
1062 5538 1316 5593 ἀσθένεια
1353 5537 1450 5599 τῆς
1491 5537 1730 5606 φύσεως,
1788 5540 1881 5591 καὶ

269 5765 296 5873 ἶ
337 5766 419 5874 ῗὶο
459 5763 569 5813 Sav.
614 5764 666 5811 in
710 5762 827 5813 Mor.
874 5763 1095 5812 quaedam
1134 5762 1329 5811 desunt.
1370 5761 1492 5824 Reg.
1541 5762 1645 5811 11:20
1701 5764 1869 5812 vitiata

290 5838 344 5874 er
372 5862 386 5874 .

212 5838 386 5876 relerl.

1395 388 1483 442 DE
1522 379 1994 441 ΡαΞΝΙΤΕΝΤΙΑ.
2038 380 2272 437 ΗΟΜΙΙ..
2317 383 2445 439 VIII.

3580 392 3687 449 3ίο

2011 495 2073 548 τὸ
2104 498 2395 571 ἀνίσχυρον
2428 502 2526 571 τῆς
2545 503 2760 575 τέχνης,
2793 506 2964 560 καὶτὸ
2990 506 3203 571 εὐτελὲς
3228 506 3338 561 τῶν
3361 509 3685 581 φαρμάκων.

2023 585 2080 637 Ὀ
2104 584 2159 638 δὲ
2188 586 2319 651 Θεὸς
2356 590 2485 643 ὅταν
2517 590 2773 665 ἐξαλείφῃ
2802 593 2870 647 τὰ
2924 596 3317 666 ἁμαρτήματα.
3354 596 3476 651 οὐδὲ
3526 597 3689 669 οὐλὴν

2009 673 2253 745 ἀφίησιν,
2310 677 2430 730 οὐδέ
2486 677 2629 749 ίχνος
2678 686 2955 752 συγχωρεῖ
3008 686 3208 754 μεῖναι,
3243 683 3380 738 ἀλλά
3406 684 3690 756 μετάτῆς

2010 763 2218 830 ὑγιείας
2244 764 2335 817 καί⁵
2355 764 2453 837 τὴν
2483 767 2788 839 εὐμορφίαν
2808 770 3113 840 χαρίζεται,
3142 773 3279 841 μετά
3303 772 3403 843 τῆς
3444 772 3689 830 ἀπαλλαρ

2009 850 2115 921 γῆς
2143 852 2244 923 τῆς
2281 854 2565 919 κολάσεως.
2582 859 2677 909 καὶ
2705 857 3055 930 δικαιοσύνην
3083 860 3287 925 δίδωσι,
3309 863 3401 915 καί
3431 865 3575 915 ποιεῖ
3595 862 3686 918 τὸν

2007 941 2512 1012 ἡμαρτηκότα,ἷσον
2529 940 2666 997 εἶναι
2688 945 2769 1016 τῷ
2798 945 2873 1017 μὴ
2904 948 3266 1018 ἡμαρτηκότι.
3308 951 3551 1021 Ἀναιρᾶ
3578 950 3688 1023 γάρ

1958 1050 1979 1055 ε·
2006 1028 2069 1081 τὸ
2101 1030 2432 1102 ἁμάρτημα,
2470 1035 2561 1087 καὶ
2590 1039 2733 1088 ποιεῖ
2757 1036 2889 1089 αὐτὸ
2916 1036 3050 1108 μηδέ
3090 1033 3229 1092 εἰναι
3249 1079 3263 1101 ,
3304 1039 3440 1111 μηδέ
3472 1041 3690 1109 γεγονέ-

2008 1133 2095 1169 ναι
2116 1134 2130 1147 ο
2165 1117 2307 1172 οὕτω
2351 1120 2579 1174 καθόλου
2624 1123 2758 1176 αὐτὸ
2783 1124 2996 1195 ἀναιρεῖ
3012 1140 3028 1165 -'
3075 1126 3173 1179 οὐκ
3201 1125 3352 1197 οὐλὴ,
3386 1127 3486 1183 οὐκ
3517 1128 3685 1198 ἴχνος,

2007 1207 2107 1258 οὐκ
2130 1206 2366 1277 ἔλεγχος,
2398 1210 2457 1263 οὐ
2484 1211 2698 1281 δεῖγμα.

2082 1301 2154 1362 γ’.
2178 1294 2282 1348 Καὶ
2316 1296 2481 1350 πόθεν
2506 1298 2664 1369 δῆλον
2679 1299 2839 1353 τοῦτο
2858 1318 2872 1367 ;
2888 1293 3001 1355 κὯν
3015 1300 3124 1372 γὰρ
3149 1300 3259 1370 ἐγὼ
3287 1301 3558 1370 λέγω,καὶ
3588 1310 3689 1370 τὰς

2007 1383 2311 1449 ἀποδείξεις
2339 1386 2539 1455 ὀφείλω
2569 1389 2969 1461 παρασχέσθαι,
3004 1389 3145 1442 ὥστε
3184 1390 3261 1461 μὴ
3290 1392 3685 1461 ἀποφαίνεσθαι

2010 1470 2190 1540 μόνον,
2228 1473 2341 1526 ἀλλ’
2371 1475 2750 1529 ἀποδεικνύναι
2781 1478 2887 1531 ἀπὸ
2913 1476 3023 1532 τῶν
3046 1478 3297 1550 Γραφῶν,
3321 1479 3407 1533 ἴνα
3436 1481 3687 1552 ἀσφαλὴς

2010 1560 2167 1633 μείνῃ
2207 1564 2239 1632 ἡ
2273 1562 2634 1637 πληροφορία.
2678 1566 2901 1635 Εἰσάγω
2937 1562 3030 1620 οῦν
3062 1568 3191 1638 ὑμῖν
3226 1566 3546 1639 ἀνθρώπους
3594 1587 3685 1623 τε·

2004 1652 2513 1721 τραυματισμένους
2541 1693 2555 1715 ,
2590 1653 2760 1725 δῆμον
2807 1654 3120 1726 ὁλόκληρον,
3178 1654 3353 1709 ἐλκῶν
3390 1657 3683 1728 γέμοντας,

2008 1738 2318 1806 σηπεδόνος,
2356 1739 2655 1813 σκωλήκων
2676 1782 2691 1805 ,
2730 1742 2850 1797 ὅλον
2879 1743 3100 1815 τραῦμα
3128 1743 3310 1809 ὄντας,
3358 1744 3477 1798 ὅλον
3508 1746 3684 1813 ἕλκος,

2006 1825 2100 1878 καί
2132 1825 2273 1879 οὕτω
2298 1827 2632 1898 δυναμένους
2649 1830 3073 1901 θεραπευθῆναι,
3098 1831 3174 1895 ὡς
3199 1830 3274 1903 μὴ
3299 1835 3480 1902 μεῖναι
3500 1834 3683 1905 οὐλὴν,

2004 1912 2080 1976 ὠς
2109 1912 2185 1985 μὴ
2218 1916 2401 1985 μεῖναι
2434 1915 2597 1986 ἴχνος,
2628 1917 2703 1983 ὼς
2747 1920 2821 1991 μὴ
2856 1922 3035 1990 μεῖναι
3075 1920 3300 1989 δεῖγμαο
3334 1921 3433 1992 οὐχ
3453 1920 3511 1974 ἒν
3534 1922 3689 1994 έχοντ-

2004 2017 2102 2066 τας
2126 2001 2368 2073 τραῦμα,
2394 2005 2453 2056 ού
2478 2004 2592 2065 δύο,
2624 2008 2685 2059 οὐ
2720 2008 2865 2077 τρία,
2898 2009 2959 2061 οὐ
2990 2008 3252 2080 τέσσαρα,
3287 2010 3403 2065 ἀλλ’
3438 2011 3547 2065 ἀπὸ
3585 2029 3683 2067 ποτ

2003 2086 2109 2174 δῶν
2158 2089 2261 2153 ἕως
2316 2091 2558 2162 κεφαλῆς
2586 2092 2809 2164 τραῦμα
2841 2094 3019 2160 ὄντας.
3055 2099 3298 2171 Πρόσεχε
3347 2102 3486 2173 μετὰ
3533 2102 3688 2174 ἀκρι-

2005 2173 2157 2238 ϐείας
2186 2176 2262 2247 τῷ
2294 2177 2436 2249 λόγῳ
2457 2196 2470 2209 ⁸
2503 2180 2682 2244 κοινὸς
2707 2180 2814 2251 γὰρ
2836 2184 2864 2234 6
2893 2182 3049 2251 λόγος
3087 2179 3237 2252 οὗτος
3268 2189 3424 2258 ήμῶν
3453 2189 3545 2241 καὶ
3575 2205 3680 2241 σω-

2003 2261 2212 2334 τήριος.
2258 2265 2529 2337 Φάρμακα
2567 2266 2965 2334 κατασκευὰζω
3016 2270 3126 2323 τῶν
3168 2273 3370 2345 ἰατρῶν
3418 2274 3681 2344 βελτίονα,

2005 2345 2092 2403 οἶα
2120 2352 2246 2406 οὐτε
2282 2354 2523 2424 βασιλεῖς
2554 2357 2967 2412 κατασκευάσαι
3009 2359 3285 2415 δύνανται.
3337 2362 3599 2427 Βασιλεὺς
3631 2364 3682 2417 τί

2003 2439 2257 2507 δύναται;
2290 2444 2676 2514 Δεσμωτηρίου
2710 2445 2981 2508 ἐκϐαλεῖν,
3023 2449 3248 2520 γεέννης
3293 2450 3350 2503 δὲ
3379 2451 3679 2523 ἐλευθερῶ-

2007 2546 2095 2583 σαι
2125 2531 2185 2583 οὐ
2220 2531 2469 2585 δύναται·
2503 2534 2761 2604 χρήματα
2801 2536 3168 2605 χαρίσασθαι,
3216 2537 3394 2611 ψυχὴν
3419 2540 3475 2593 δὲ
3508 2541 3680 2594 σῶσαι

2003 2620 2064 2671 οὐ
2098 2621 2337 2674 δύναται.
2380 2621 2540 2674 Ἀλλά
2583 2625 2649 2692 τῇ
2686 2624 2829 2694 χειρὶ
2856 2624 2956 2693 τῆς
2990 2626 3277 2695 μετανοίας
3328 2628 3473 2698 ὗμᾶς
3505 2631 3684 2699 ἐγχει-

2007 2707 2160 2778 ρίζω,
2195 2710 2280 2761 ἵνα
2308 2708 2515 2779 μάθητε
2546 2710 2717 2780 αὐτῆς
2746 2713 2844 2781 τὴν
2874 2711 3126 2783 δύναμιν,
3162 2714 3248 2767 ἵνα
3281 2715 3488 2787 μάθητε
3510 2718 3681 2790 αὐτῆς

2002 2797 2102 2869 τὴν
2132 2798 2304 2867 ἰσχὺν,
2339 2798 2425 2850 ἵνα
2457 2798 2667 2869 μάθητε
2705 2800 2786 2852 ὅτι
2817 2801 2878 2852 οὐ
2916 2801 3254 2872 περιγίνεται
3292 2804 3464 2875 αὐτῆς
3500 2806 3683 2877 ἁμάρ.

2002 2902 2174 2955 τημα,
2206 2885 2327 2940 οὐδέ
2361 2886 2476 2939 ἔστι
2509 2887 2826 2957 παρανομία
2869 2888 3128 2958 ἰσχύουσα
3158 2892 3544 2962 περιγενέσθαι
3579 2896 3680 2954 αὐτ

2001 2976 2100 3046 τῆς
2133 2976 2230 3047 τῆς
2259 2974 2562 3045 δυνάμεως.
2622 2974 2769 3038 Τέως
2820 2977 3029 3044 εἰσάγω
3060 2978 3158 3048 οὐχ
3208 2978 3325 3041 ἕνα,
3373 2980 3461 3037 οὐ,
3478 2980 3592 3046 δύο,
3618 2984 3679 3043 οὐ

2002 3066 2170 3134 τρεῖς,
2211 3063 2349 3117 ἀλλά
2390 3062 2634 3133 χιλιάδας
2683 3063 2885 3126 πολλὰς
2930 3065 3275 3136 ἡλκωμένας,
3317 3085 3681 3140 τετραυματι-

2003 3156 2230 3227 σμένας,
2264 3155 2472 3225 μυρίων
2500 3154 2915 3225 ἁμαρτημάτων
2938 3155 3237 3223 γεμούσας,
3260 3157 3373 3214 ἀπὸ
3385 3158 3487 3228 τῆς
3516 3178 3681 3231 μετα-

2001 3244 2151 3307 νοίας
2197 3242 2503 3313 δυναμένας
2545 3241 2804 3313 σωθῆναι,
2857 3242 2933 3305 ώς
2965 3244 3100 3313 μηδὲ
3131 3244 3296 3314 ἴχνος,
3332 3247 3466 3319 μηδὲ
3517 3250 3681 3320 οὐλὴν

2002 3334 2144 3403 ἔχειν
2168 3333 2275 3386 τῶν
2305 3332 2478 3385 ἐλκῶν
2512 3331 2620 3385 τῶν
2659 3333 2960 3403 προτέρων.
3011 3333 3177 3387 ’Λλλά
3210 3339 3507 3408 προσέχετε
3541 3342 3680 3409 μετά

2001 3422 2287 3492 ἀκριϐείας
2302 3420 2381 3490 τῷ
2405 3420 2567 3489 λόγῳ,
2593 3421 2686 3472 καὶ
2709 3421 2782 3491 μὴ
2810 3422 3102 3491 προσέχετε
3130 3424 3311 3492 μόνον,
3338 3425 3472 3480 ἀλλά
3497 3430 3589 3481 καὶ
3610 3434 3677 3501 τῇ

2004 3512 2192 3581 μνήμῃ
2248 3509 2564 3581 παραδίδοτε
2605 3510 2671 3563 τὰ
2703 3510 2991 3579 λεγόμενα,
3022 3512 3107 3567 ἵνα
3161 3516 3408 3580 καὶτοὺς
3460 3520 3679 3573 ἀπολειο

2001 3599 2234 3667 φθέντας
2257 3598 2655 3670 συμϐιϐάσητε,
2691 3600 2784 3652 καὶ
2824 3600 2967 3653 οὕτω
3001 3605 3066 3673 τῇ
3105 3603 3345 3676 ὠφελείᾳ
3380 3606 3490 3660 τῶν
3528 3611 3676 3680 εἰρη-

2004 3690 2187 3758 μένων
2238 3689 2476 3759 ἐρήμους
2532 3689 2691 3753 ὄντας
2768 3690 3221 3764 σπουδαιοτέρους
3274 3700 3672 3768 καταστήσητε,

2000 3779 2267 3851 Παρέστω
2300 3779 2480 3833 τοίνυν
2517 3780 2747 3843 Ἠσαίας
2791 3779 2819 3830 ό
2860 3781 2967 3833 τῶν
3002 3782 3252 3853 Σεραφίμ
3277 3784 3499 3857 θεωρὸς,
3539 3790 3567 3841 6
3613 3787 3675 3839 τὸ

2002 3868 2265 3938 μυστικὸν
2294 3867 2454 3938 μέλος
2498 3866 2741 3931 ἀκούσας
2766 3870 2963 3933 ἐκεῖνο,
2991 3872 3018 3923 6
3066 3872 3236 3942 μυρία
3276 3874 3517 3944 περὶτοῦ
3544 3877 3676 3948 Χρι-

2000 3955 2124 4010 στοῦ
2162 3955 2439 4025 προειπών
2459 3972 2471 3985 ⁸
2507 3957 2876 4027 ἐρωτήσωμεν
2909 3957 2963 4009 τί
2992 3974 3184 4028 φησιν·
3218 3961 3465 4028 ’Ὁρασις
3496 3962 3575 4031 ἣν
3592 3966 3674 4018 εἰ·

1996 4044 2103 4097 δεν
2135 4045 2383 4110 Ἡσαΐας
2418 4044 2567 4097 κατὰ
2590 4042 2701 4111 τῆς
2740 4044 3057 4112 Ἰουδαίας,
3093 4047 3190 4100 καὶ
3225 4050 3377 4104 κατὰ
3411 4050 3522 4120 τῆς
3572 4053 3677 4109 '15-

1989 4132 2334 4202 povaalriy.
2372 4133 2507 4185 Εἰπὲ
2547 4133 2646 4203 τὴν
2698 4133 2887 4204 ὅρασιν
2947 4134 3013 4204 ἦν
3074 4132 3233 4199 εἶδες,
3298 4140 3526 4207 Ἄκουε,
3570 4145 3673 4197 οὺ,

1988 4222 2161 4289 ρανὲ,
2205 4221 2301 4275 καί
2322 4220 2617 4285 ἑνωτίζου,
2650 4222 2749 4291 τῇ,
2781 4221 2871 4275 ὅτι
2896 4225 3108 4291 Κύριος
3138 4224 3464 4293 ἐλάλησεν.
3506 4231 3672 4284 Ἀλλα

1998 4308 2446 4379 ἐπηγγείλω,κα“ι
2490 4308 2626 4362 ἄλλα
2671 4309 2866 4378 λέγεις.
2930 4309 3076 4383 [545]
3122 4313 3256 4367 Ποῖα
3306 4314 3443 4371 ἄλλα
3497 4319 3671 4390 ἐπηγ-

1994 4396 2300 4467 γειλάμην;
2371 4396 2695 4466 ’Λρχόμενος
2754 4396 2967 4467 λέγεις’
3027 4400 3274 4467 Ὄρασις
3342 4406 3501 4461 κατὰι
3559 4406 3671 4477 τῆς

2008 4484 2301 4549 Ἰουδαίας
2352 4484 2448 4537 καὶ
2510 4484 2659 4537 κατὰ
2716 4485 3152 4557 Ἰερουσαλὴμ,
3205 4490 3299 4541 καὶ
3350 4491 3508 4560 ἀφεὶς
3569 4495 3670 4567 τήν

2006 4575 2263 4630 Ἰουδαίαν
2290 4616 2304 4638 ,
2347 4574 2439 4627 καὶ
2474 4575 2571 4643 τὴν
2610 4574 2984 4648 Ἰερουσαλὴμ,
3033 4577 3249 4648 οὐρανῷ
3283 4580 3667 4657 προσδιαλέγῃ,

1993 4669 2087 4719 καὶ
2122 4666 2214 4719 ἐπὶ
2248 4666 2348 4738 τὴν
2376 4665 2482 4735 γῆν
2510 4664 2764 4728 ἐκκλίνας
2790 4666 2880 4717 τὸν
2910 4666 3085 4735 λόγον,
3115 4668 3336 4738 ἀφῆκας
3364 4672 3489 4735 τοὺς
3519 4672 3668 4743 λογι-

1992 4756 2123 4818 κοὺς
2152 4753 2494 4826 ἀνθρώπους,
2529 4755 2622 4807 καὶ
2665 4757 2777 4818 τοῖς
2816 4755 3031 4824 ἀλόγοις
3065 4759 3351 4828 στοιχείοις
3402 4760 3665 4836 διαλέγῃς

2003 4842 2222 4914 Ἐπειδὴ
2254 4842 2362 4896 τῶν
2391 4843 2601 4910 ἀλόγων
2632 4842 2963 4914 ἀλογώτεροι
2988 4845 3035 4896 οί
3057 4844 3263 4914 λογικοὶ
3294 4848 3541 4915 ἐγένοντο
3566 4868 3577 4879 ·
3602 4852 3665 4905 οὐ

1989 4931 2076 4984 διὰ
2105 4930 2263 4985 τοῦτο
2289 4931 2344 4983 δὲ
2373 4931 2552 5001 μόνον,
2594 4930 2708 4985 ἀλλ’
2744 4932 2931 4998 ἐπειδὴ
2966 4932 3174 5001 μέλλων
3211 4936 3239 4987 6
3272 4936 3512 5008 Μωΰσῆς
3546 4941 3665 4992 εἰσ-

1991 5023 2144 5090 άγειν
2172 5020 2369 5083 αὐτοὺς
2407 5022 2487 5082 εἰς
2520 5020 2619 5090 τὴν
2658 5019 2762 5089 γῆν
2786 5019 2884 5089 τῆς
2922 5022 3277 5089 ἐπαγγελίας,
3307 5024 3402 5076 καὶ
3443 5027 3665 5099 ἀφορῶν

1987 5110 2057 5162 τὰ
2086 5108 2345 5178 μέλλοντα
2362 5107 2601 5172 ἔσεσθαι,
2619 5108 2700 5159 ὅτι
2729 5106 2797 5160 τά
2828 5107 3240 5178 παραδεδομένα
3272 5110 3496 5180 ἔμελλον
3521 5132 3661 5187 παρ-

1990 5197 2139 5251 ιδεῖν.
2174 5198 2400 5252 Ἄκουε.
2437 5195 2675 5263 οὺρανὲ,
2706 5195 2861 5266 φησι,
2894 5197 2992 5250 καὶ
3042 5198 3384 5266 προσεχέτω
3426 5200 3502 5269 γῆ
3549 5204 3658 5270 ῥή-

1980 5301 2141 5354 ματα
2169 5285 2239 5339 ἐκ
2267 5286 2563 5354 στόματός
2583 5302 2720 5352 μου.
2752 5284 3204 5355 Διαμαρτύρομαι
3229 5287 3359 5354 ὑμῖν
3378 5288 3469 5340 τὸν
3498 5290 3659 5361 ούρα-

1985 5374 2074 5427 νὸν
2104 5375 2195 5427 καὶ
2217 5373 2315 5444 τὴν
2346 5375 2468 5443 γῆν,
2496 5374 2523 5424 ὁ
2548 5372 2793 5439 Μωύσῆς
2816 5388 3000 5441 φησιν,
3033 5374 3115 5425 ὅτι
3135 5373 3241 5432 ⁴ὲάν
3266 5375 3545 5447 εἰσέλθητε
3577 5381 3657 5442 εἰς

1984 5462 2085 5532 τὴν
2114 5462 2218 5528 γῆν
2257 5454 2625 5527 ἐπαγγελίας,
2679 5459 2772 5512 καὶ
2819 5458 3252 5531 ἐγκαταλείπητε
3314 5461 3516 5531 Κύριον
3564 5466 3657 5521 τὸν

1984 5548 2137 5613 Θεὸν,
2168 5549 2319 5621 ἔχετε
2365 5548 2819 5618 διασκεδασθῆναι
2868 5550 2949 5611 εἰς
2972 5548 3151 5602 πάντα
3174 5548 3242 5601 τὰ
3265 5547 3416 5620 ἔθνη.
3450 5547 3653 5608 Ἦλθεν

1996 5640 2240 5704 Ἡσαΐας,
2268 5637 2489 5708 ἔμελλεν
2524 5639 2556 5707 ή
2586 5638 2782 5708 ἀπειλὴ
2811 5639 2890 5701 εἰς
2922 5637 3083 5708 ἔργον
3135 5638 3500 5709 ἐκφέρεσθαι*
3553 5644 3655 5699 οὐκ

1983 5727 2209 5796 ἠδύνατο
2229 5727 2468 5781 Μωῦσέα
2497 5726 2723 5779 καλέσαι
2747 5726 2838 5779 τὸν
2866 5726 3223 5788 ἀποθανόντα,
3264 5729 3501 5793 καὶτοὺς
3530 5734 3654 5787 τότε

1984 5814 2325 5880 ἀκούσαντας
2357 5814 2449 5872 καὶ
2486 5814 2943 5885 τελευτήσαντας,
2988 5817 3080 5870 καὶ
3114 5815 3267 5873 καλεί
3293 5817 3362 5875 τὰ
3389 5825 3650 5893 στοιχεῖα,
