4066 6392
371 499 517 571 άπερ
537 498 926 572 διεμαρτύρετο
944 499 1204 569 Muniis-71;.
1249 499 1378 552 Ἰδοὺ
1401 499 1726 569 ἐξεϐλήθητε
1750 501 1848 571 τῆς
1868 502 2031 568 ἐπαγ-

368 590 575 660 γελίας,
593 583 638 643 ὦ
660 589 898 643 Ἰουδαῖοι
925 606 937 620 ’
973 589 1080 641 ίδοὺ
1107 588 1594 656 ἐγκαταλελοίπατε
1609 589 1702 640 τὸν
1722 588 1853 641 Θεόν
1873 603 1885 615 ·
1914 586 2035 652 πῶς

373 696 433 732 σε
461 678 695 742 καλέσω,
722 678 926 748 Μωῦσῆ
949 695 962 742 ;
982 675 1250 739 ἀπέθανες
1269 676 1376 746 γὰρ
1406 676 1500 729 καὶ
1513 674 1888 746 ἐτελεύτησας.
1909 674 2034 739 Πῶς

371 765 586 821 καλέσω
605 766 694 818 τὸν
743 763 986 834 Ἀαρών;
1032 765 1280 826 κάκεῖνος
1322 763 1545 834 τελευτῇ
1594 763 1888 834 παρεδόθη.
1921 764 2035 815 Οὐκ

370 855 514 926 ἔχεις
543 853 656 916 πῶς
688 853 912 906 καλέσαι
937 851 1252 922 ἄνθρωπον;
1284 852 1527 904 Κάλεσον
1551 852 1620 906 τὰ
1650 854 1908 921 στοιχεῖα,
1937 850 2035 903 Διά

368 944 479 1015 γὰρ
506 943 663 997 τοῦτο
687 939 840 1010 κάγὼ
874 941 980 1006 ζῶν
1007 942 1126 1010 οὐχὶ
1146 940 1237 993 τὸν
1279 939 1487 1010 Ἀαρὼν
1522 940 1680 1010 μόνον
1705 980 1719 1001 ,
1767 940 1860 993 καὶ
1884 940 2032 992 τόνδε

367 1033 462 1084 καὶ
491 1030 639 1083 τόνδε
669 1029 1139 1099 διεμαρτυράμην,
1166 1028 1462 1098 ἐπειδήπερ
1495 1027 1716 1098 ἔμελλον
1755 1027 2030 1097 τελευτᾷν,

367 1118 503 1174 ἀλλά
532 1120 625 1172 καὶ
655 1117 724 1170 τὰ
759 1118 996 1186 στοιχεῖα
1030 1115 1099 1168 τὰ
1130 1116 1360 1185 μένοντα
1401 1114 1844 1186 διαμαρτύρομαι
1880 1115 2030 1184 ὑμῖν,

367 1210 457 1263 τὸν
488 1207 711 1280 οὑρανὸν
739 1208 832 1260 καὶ
865 1207 962 1275 τὴν
983 1205 1105 1276 γῆν.
1133 1207 1295 1272 Λέγει
1323 1202 1413 1259 οὖν
1436 1209 1463 1259 6
1501 1207 1746 1268 Ἡσαΐας
1802 1208 2028 1270 Ἄκουε,

369 1295 604 1364 οὐρανέ,
631 1293 726 1348 καὶ
751 1293 1045 1352 ὲνωτίζου.
1076 1289 1174 1360 τῆ.
1215 1291 1389 1363 Ὑμᾶς
1419 1292 1526 1366 γάρ
1550 1293 1851 1346 ἐνετείλατο
1869 1294 2032 1345 Μωῦ-

369 1385 469 1454 σῆς
492 1382 716 1436 καλέσαι
745 1385 1002 1451 σήμερον.
1036 1381 1109 1432 Ού
1133 1379 1219 1432 διὰ
1248 1379 1406 1433 τοῦτο
1427 1381 1483 1432 δέ
1512 1381 1670 1450 μόνον
1695 1381 1833 1434 αὑτά
1879 1381 2034 1434 καλεῖ

365 1473 433 1525 τά
456 1473 712 1542 στοιχεῖα,
728 1470 841 1522 ἀλλ’
858 1468 1044 1538 ἐπειδὴ
1061 1467 1304 1538 διελέχθη
1335 1471 1446 1530 τοῖς
1484 1469 1778 1533 Ἰουδαίοις.
1800 1471 2029 1534 Ἄκουε,

365 1559 611 1626 οὐρανέ,
653 1559 718 1610 σὺ
733 1556 842 1627 γὰρ
883 1556 946 1608 τὸ
995 1555 1168 1625 μάννα
1209 1558 1582 1626 κατήνεγκας’
1627 1556 1958 1623 Ἐ’νωτίζου,
1991 1559 2030 1625 ἡ

365 1647 465 1717 γῆ,
485 1648 548 1700 σὺ
573 1647 682 1717 γὰρ
707 1645 805 1715 τήν
830 1647 1244 1715 όρτυγομήτραν
1270 1644 1496 1708 ἔδωκας.
1520 1646 1758 1709 Ἀκουε,
1789 1645 2030 1714 οὐρανὲ,

366 1737 546 1789 ἄκουε
565 1752 580 1768 ·
622 1735 686 1786 σὺ
725 1733 832 1803 γὰρ
856 1732 917 1785 τὺ
954 1732 1126 1802 μάννα
1157 1733 1522 1802 κατήνεγκας,
1550 1735 1615 1785 σὺ
1637 1734 1746 1804 γάρ
1771 1734 1912 1803 ὑπὲρ
1933 1733 2032 1804 τὴν

366 1823 528 1891 φύσιν
556 1821 844 1886 ἐπεδείξω·
881 1820 993 1874 ἄνω
1018 1816 1104 1890 ἧς,
1135 1821 1227 1872 καὶ
1255 1819 1434 1872 άλωνα
1467 1822 1744 1891 ἐμιμήσω.
1794 1822 2030 1874 Ἐνωτί-

365 1911 487 1974 ζου.
646 1911 710 1963 σὺ
742 1908 848 1980 γὰρ
873 1909 1022 1962 κάτω
1051 1905 1139 1979 ἦς,
1172 1910 1264 1962 καὶ
1295 1907 1574 1979 τράπεζαν
1606 1909 2030 1980 ἐσχεδιασμένην

363 2001 781 2063 κατεσκεύασας.
821 2001 1018 2070 Ἥργει
1047 2001 1079 2070 ή
1114 1999 1295 2067 φύσις,
1324 2000 1418 2052 καί⁷
1455 1998 1742 2070 είργάζετο
1776 2001 1810 2070 ή
1846 2000 2029 2071 χάρις·

362 2091 484 2144 οὑδὲ
513 2089 649 2160 βοῶν
686 2088 934 2160 ἐργασία,
965 2088 1056 2140 καὶ
1080 2089 1108 2138 6
1140 2086 1339 2155 στάχυς
1375 2085 1892 2156 παρεσκευασμένος
1917 2103 1930 2116 ·
1967 2089 2029 2141 οὐ

367 2178 642 2250 μαγείρων
665 2179 864 2246 χεῖρες,
895 2176 994 2227 οὑκ
1024 2173 1324 2243 ἐπίταγμα,
1348 2172 1463 2226 ἀλλ’
1487 2167 1555 2243 ἦν
1577 2172 1638 2225 τὸ
1663 2172 1837 2242 μάννα
1853 2175 2031 2229 πάντα

363 2266 670 2336 γινόμενον,
695 2263 844 2334 πηγὴ
879 2262 1188 2332 ἡγιασμένη
1208 2278 1222 2291 ο
1254 2262 1288 2331 ή
1323 2259 1482 2328 φύσις
1513 2259 1614 2327 τῆς
1643 2261 1848 2324 οἰκείας
1871 2261 2032 2314 ἀσθε-

363 2353 511 2416 νείας
544 2350 857 2405 ἐπελάθετο.
888 2347 1010 2412 Πῶς
1035 2347 1104 2400 τὰ
1141 2347 1330 2418 ἱμάτια
1373 2345 1553 2400 αὑτῶν
1591 2347 1652 2400 οὑ
1687 2349 1980 2420 κατετρίϐη
2014 2366 2028 2412 ;

363 2441 482 2505 πῶς
510 2440 578 2494 τά
630 2439 950 2508 ὑποδήματα
999 2433 1176 2488 αὑτῶν
1213 2435 1312 2487 οὑκ
1362 2434 1810 2506 ἐπαλαιώθησαν;
1848 2437 2032 2490 Πάντα

347 2530 611 2599 ’ἐγένοντο
634 2527 769 2599 πρὸς
793 2525 889 2596 τὴν
922 2523 1126 2576 τούτων
1176 2522 1470 2576 διακονίαν.
1513 2523 1578 2576 Ἀ
1590 2539 1751 2587 κουε,
1789 2524 2030 2590 οὐρανέ,

364 2618 462 2672 καί
503 2612 797 2679 ἑνωτίζου,
853 2611 952 2682 γῆ.
1005 2611 1160 2665 Μετὰ
1197 2611 1304 2664 τῶν
1337 2610 1748 2681 ὑπομνημάτων
1805 2613 2033 2666 καὶτῶν

363 2702 690 2779 εὐεργεσιῶν
724 2701 968 2763 ἐκείνων,
1009 2698 1286 2770 ὑϐρίζεται
1332 2701 1359 2751 6
1393 2700 1688 2770 Δεσπότης.
1731 2700 1848 2753 Τίνι
1881 2703 2033 2754 ἐντύ-

363 2811 472 2866 χω;
504 2793 538 2865 ἦ
572 2794 728 2862 ὑμῖνς
768 2789 1088 2860 Ἄνθρωπον
1126 2789 1226 2840 οὑκ
1275 2787 1384 2858 ἔχω
1418 2787 1510 2840 τὸν
1535 2788 1822 2842 ἀκούοντα.
1886 2790 2032 2845 Ἰδοὺ

362 2880 570 2953 ἦλθον,
595 2880 692 2936 καὶ
717 2881 828 2932 οὐκ
864 2873 942 2947 ἦν
973 2875 1280 2944 ἅνθρωπος
1302 2892 1315 2905 ·
1345 2875 1641 2942 ἐλάλησα,
1690 2877 1786 2930 καί
1816 2880 1926 2930 οὐκ
1956 2876 2034 2949 ἦν

363 2969 845 3037 όάκουσόμενος.
872 2965 998 3026 Τοῖς
1018 2963 1228 3030 ἀλόγοις
1262 2962 1598 3031 διαλέγομαι,
1637 2965 1822 3036 ἐπειδὴ
1859 2968 1906 3018 οί
1947 2966 2034 3019 λο-

362 3058 511 3126 γικοὶ
537 3059 616 3120 είς
643 3054 851 3123 ἀλόγων
876 3051 1147 3104 εὐτέλειαν
1172 3049 1602 3119 κατηνέχθησαν.
1634 3051 1731 3104 Διὰ
1759 3052 1916 3105 τοῦτο
1939 3056 2032 3106 καὶ

365 3147 521 3208 ἄλλος
551 3143 838 3216 προφήτης
857 3139 1044 3211 βλέπει
1068 3138 1158 3189 τὸν
1187 3136 1412 3206 βασιλέα
1429 3139 1774 3208 μαινόμενον,
1796 3139 1858 3192 τὸ
1881 3141 2033 3193 εἴδω-

364 3246 452 3288 λον
482 3231 933 3304 θεραπευόμενον,
959 3228 1049 3280 τὸν
1081 3226 1210 3278 Θεὸν
1235 3225 1585 3296 ὑϐριζόμενον
1607 3267 1620 3288 ,
1675 3229 1801 3290 τοὺς
1839 3229 2033 3292 ἄλλους

363 3325 604 3384 ἅπαντας
627 3315 1058 3387 κατεπτηχότας,
1094 3313 1188 3366 καὶ
1224 3312 1406 3380 λέγει·
1449 3314 1775 3376 Ἄκουσον,
1819 3319 2032 3372 θυσία-

364 3408 633 3477 στήριον,
661 3404 930 3458 ἄκουσόν
950 3417 1089 3469 μου.
1121 3398 1266 3468 Λίθῳ
1293 3398 1539 3470 διαλέγῃ;
1573 3400 1680 3452 Ναί
1701 3417 1714 3430 ο
1743 3402 1930 3474 ἐπειδὴ
1956 3403 2033 3454 λί-

364 3499 458 3550 οου
505 3493 957 3564 ἀναισθητότερος
997 3491 1025 3542 6
1071 3486 1338 3557 βασιλεύς.
1391 3488 1696 3541 Ἀκουσόν
1735 3507 1874 3556 μου,
1930 3497 2032 3544 θυ-

363 3585 739 3654 σιαστήριον,
763 3583 1033 3635 ἄκουσον
1050 3591 1064 3604 '
1090 3575 1232 3629 τάδε
1251 3574 1408 3645 λέγει
1435 3579 1664 3644 Κύριος.
1699 3580 1806 3631 Καὶ
1831 3580 2030 3645 εὐθέως

364 3672 638 3744 διεσχίσθη
667 3670 727 3724 τὸ
756 3667 1135 3737 θυσιαστήριον
1155 3681 1168 3694 ⁸
1205 3665 1297 3716 καὶ
1325 3666 1352 3716 ὁ
1377 3664 1521 3727 λίθος
1543 3667 1791 3734 ἤκουσεν,
1833 3669 1861 3720 6
1883 3667 2030 3731 λίθος

364 3761 598 3833 ἐρράγη,
634 3759 726 3812 καὶ
752 3754 930 3825 ἐξέχεε
967 3752 1065 3822 τὴν
1093 3751 1302 3804 θυσίαν.
1335 3750 1458 3812 Πῶς
1502 3752 1600 3803 οὑκ
1627 3753 1860 3823 ήκουσεν
1887 3758 1916 3809 6
1941 3755 2033 3808 άν-

365 3851 614 3921 opm-cog;
655 3845 914 3911 Ἑξέτεινε
957 3839 1109 3912 [546]
1134 3839 1231 3909 τὴν
1264 3841 1420 3907 χεῖρα
1467 3839 1632 3892 αὑτοῦ
1663 3843 1908 3911 ἁρπάσαι
1938 3845 2030 3898 τόν

363 3938 651 4008 προφήτην
676 3950 688 3962 ·
729 3934 823 3986 καὶ
873 3931 923 3983 τί
951 3931 1092 3981 ποιεῖ
1121 3928 1150 3978 6
1189 3925 1360 3990 956;;
1405 3926 1694 3998 Ἐξήρανεν
1739 3932 1901 3984 αὑτοῦ
1934 3933 2032 4004 τὴν

361 4024 541 4094 χεῖρα.
577 4023 750 4076 Βλέπε
771 4020 822 4074 τί
849 4019 1093 4090 ἐποίησε,
1116 4015 1279 4084 βλέπε
1309 4012 1717 4086 φιλανθρωπίαν
1735 4021 2032 4090 Δεσπότον,

368 4112 462 4166 καὶ
497 4111 768 4184 ἁμαρτίαν
799 4107 1007 4164 δούλου.
1045 4110 1144 4164 Διὰ
1165 4112 1216 4164 τί
1247 4112 1308 4177 ἐξ
1325 4111 1494 4182 ἀρχῆς
1520 4111 1619 4162 οὑκ
1651 4109 1910 4181 ἐξήρανεν
1937 4113 2033 4165 αὑ-

365 4201 459 4255 τοῦ
481 4202 582 4272 τήν
607 4202 791 4270 χεῖρας
820 4198 937 4252 Ἵνα
964 4197 1041 4269 τῷ
1072 4200 1234 4252 πάθει
1273 4199 1367 4252 τοῦ
1401 4199 1547 4252 λίθου
1596 4199 2034 4270 σωφρονέστερος

365 4291 610 4361 γένηται.
645 4288 708 4341 Εί.
737 4289 846 4359 γάρ
877 4288 950 4358 μὴ
981 4287 1202 4359 ἐσχίσθη
1240 4290 1268 4340 6
1315 4287 1462 4350 λίθος
1483 4328 1496 4344 .
1559 4286 1850 4357 ἐφειδόμην
1908 4303 2029 4339 σου·

367 4378 556 4449 ἐπειδὴ
587 4376 643 4430 δέ
669 4375 948 4445 διεσχίσθη
972 4377 1000 4428 6
1033 4374 1200 4438 λίθος,
1231 4376 1324 4428 καὶ
1359 4376 1422 4428 σὺ
1451 4375 1512 4426 ού
1559 4373 1874 4444 διωρθὼθης
1893 4415 1907 4439 ,
1941 4377 2034 4429 ἐπὶ

366 4466 430 4519 σὲ
453 4466 602 4536 φέρω
624 4465 722 4522 τὴν
749 4463 938 4532 ὀργήν.
998 4461 1260 4526 Ἐξέτεινε
1299 4461 1396 4532 τὴν
1442 4466 1594 4532 χεῖρα
1648 4463 1892 4533 ἁρπάσαι
1944 4464 2034 4515 τὸν

1133 380 1188 434 S.
1222 378 1510 435 JOANNIS
1548 380 2040 436 CﬂﬂlbUSTOMI
2083 381 2404 439 ARCIIIEP.
2450 383 2998 440 CONSTANTINOP.

3693 387 3799 444 5ιὶ

2139 500 2426 571 ἐλάλησεν;
2475 501 2645 567 Υἱούς
2677 499 2976 570 ἐγέννησα
3006 499 3100 553 καί
3132 500 3377 568 {Eg-ama,
3410 501 3581 555 αὐτοὶ
3621 504 3687 558 δέ
3720 521 3798 573 με

2135 588 2456 656 ἠθέτησαν.
2477 591 2668 658 Ἔγνω
2683 589 2840 652 ,ϐοῦς
2862 589 2968 640 τόν
2989 587 3382 657 κτησάμενον,
3415 589 3646 660 [ἀλόγων
3671 589 3800 644 ἀλο-

2134 676 2411 750 γώτεροι,]
2451 679 2548 730 καὶ
2589 679 2729 744 ὄνος
2771 677 2887 744 τὴν
2930 675 3164 745 φάτνην
3215 676 3320 730 τοῦ
3363 678 3572 745 κυρίου
3607 677 3799 731 αὐτοῦ

2139 765 2306 835 [ὄνων
2329 764 2740 837 ὁνωδέστεροιο]
2795 765 3040 833 Ἰσραὴλ
3068 764 3137 818 δέ
3156 781 3234 833 με
3261 766 3371 820 οὐκ
3412 766 3585 834 ἔγνω,
3640 766 3738 818 καί
3763 768 3800 819 ό

2134 855 2282 918 λαός
2293 870 2370 922 με
2390 855 2460 907 οὐ
2481 853 2772 920 συνῆκεν.
2805 853 2947 906 Οὐαί
2981 853 3154 918 ἔθνος
3190 853 3559 922 ἁμαρτωλόν.
3593 852 3693 906 Διὰ
3719 853 3795 915 τί,

2136 943 2318 1011 φησὶν,
2350 941 2449 994 οὐκ
2477 941 2552 994 ἔνι
2583 940 2850 1011 σωτηρίας
2875 941 3057 1004 ἐλπίς;
3094 941 3236 994 Οὐαὶ
3265 941 3354 994 διὰ
3375 941 3428 994 τί
3450 940 3644 1008 λέγεις,
3671 941 3799 994 είπὲ

2138 1049 2228 1099 μοι
2254 1049 2268 1096 ;
2303 1032 2422 1085 Ὅτι
2453 1034 2549 1102 οὐχ
2572 1032 2806 1101 εὑρίσκω
2833 1033 2993 1086 ἴασιν.
3033 1030 3179 1084 Οὐαὶ
3205 1031 3294 1084 διὰ
3326 1030 3377 1084 τί
3417 1031 3636 1099 λέγεις;
3673 1031 3800 1084 Ὅτι

2135 1119 2379 1190 ἐπέθηκα
2427 1120 2716 1191 φάρμακα,
2773 1120 2866 1172 καὶ
2911 1119 3010 1172 οὐκ
3047 1114 3156 1183 εἶξε
3193 1117 3255 1170 τὸ
3281 1118 3438 1182 ἕλκος
3463 1135 3476 1148 ·
3518 1118 3608 1172 διὰ
3637 1118 3803 1172 τοῦτο

2135 1208 2508 1277 ἀπεστράφην.
2541 1207 2605 1259 Τί
2631 1203 2723 1260 οὖν
2757 1208 2863 1278 ἔχω
2903 1206 3155 1276 ποιῆσαι;
3192 1205 3311 1259 οὑδὲ
3342 1205 3678 1278 θεραπεῦσαι
3706 1223 3801 1259 κο-

2135 1296 2310 1349 πιῶι.
2345 1298 2514 1351 Οὐαί.
2557 1296 2872 1368 Θρηνοῦσαν
2898 1298 3128 1364 γυναῖκα
3167 1299 3439 1366 μιμεῖται·
3475 1295 3568 1347 καὶ
3617 1294 3802 1359 καλῶς

2135 1388 2295 1438 ποιεῖ.
2332 1384 2660 1456 Παρακαλῶ,
2693 1384 2986 1455 προσέχετέ
3015 1399 3103 1452 μοι
3137 1382 3274 1453 μετά
3299 1382 3600 1454 ἀκριϐείας.
3626 1384 3796 1444 Οὐαί,

2133 1471 2219 1525 διὰ
2245 1473 2324 1536 τίς
2360 1473 2574 1542 Ἐπειδὴ
2607 1473 2697 1524 καὶ
2715 1472 2776 1524 τὸ
2796 1472 2925 1524 αὑτὸ
2955 1471 3046 1523 ἐπὶ
3077 1474 3344 1540 σωμάτων
3373 1471 3600 1539 γίνεται.
3627 1472 3803 1525 Ὅταν

2134 1560 2242 1630 γὰρ
2269 1560 2351 1632 ἴδῃ
2379 1563 2405 1612 6
2439 1561 2619 1630 ἰατρὸς
2650 1560 2740 1612 τὸν
2772 1559 3029 1611 νοσοῦντα
3051 1560 3151 1611 οὑκ
3179 1557 3374 1628 ἔχοντα
3406 1559 3680 1630 σωτηρίας
3710 1559 3804 1613 ἐλ-

2135 1647 2281 1707 πίδα,
2304 1647 2551 1717 δακρύει,
2583 1648 2676 1698 καὶ
2703 1648 2751 1697 οί
2785 1647 2973 1696 οἰκεῖοι
3011 1645 3104 1697 καὶ
3141 1647 3508 1716 προσήκοντες
3538 1646 3804 1717 ὀλοφυρό-

2137 1750 2285 1803 μενοι
2307 1733 2653 1796 στενάζουσιν
2676 1748 2691 1763 ο
2718 1733 2827 1784 ἀλλ’
2862 1735 2976 1784 ἐκεῖ
2994 1732 3116 1802 εἰκῆ
3148 1734 3241 1784 καὶ
3269 1733 3462 1803 μάτην.
3498 1733 3667 1787 Ὅταν
3688 1733 3804 1803 γὰρ

2137 1820 2305 1892 μέλλῃ
2329 1821 2582 1890 τελευτᾷν
2610 1819 2933 1881 ότελευτῶν,
2966 1819 3066 1872 κᾶν
3098 1821 3125 1870 6
3149 1819 3350 1890 κόσμος
3377 1820 3497 1883 ὅλος
3527 1821 3800 1892 θρηνήσῃ,

2133 1909 2231 1961 οὑκ
2265 1911 2444 1977 ἐγερεῖ
2497 1908 2689 1960 αὐτόν’
2717 1909 2856 1961 ὥστε
2896 1907 3118 1969 πένθους
3157 1909 3186 1960 6
3224 1907 3440 1977 θρῆνος,
3471 1910 3532 1962 οὑ
3581 1909 3807 1978 διορθώ-

2136 2013 2290 2060 σεως.
2339 1998 2463 2050 Ἐπὶ⁵
2480 1998 2537 2050 δὲ
2559 1998 2658 2067 τῆς
2679 1997 2858 2068 ψυχῆς
2885 1999 2985 2050 οὐκ
3013 1998 3129 2050 ἔστι
3163 1997 3340 2060 τοῦτο,
3379 1999 3495 2052 ἀλλ’
3539 1999 3635 2052 ἐὰν
3667 1999 3805 2071 θρη-

2134 2087 2323 2156 νήσῃς,
2352 2084 2611 2148 πολλάκις
2643 2086 2876 2156 ἐγείρεις
2909 2086 2998 2138 τὸν
3041 2087 3232 2156 νεκρὸν
3275 2089 3338 2157 τῇ
3370 2087 3534 2157 ψυχῇ.
3573 2086 3675 2139 Διὰ
3702 2087 3759 2139 τί
3785 2105 3802 2153 ;

2135 2173 2258 2226 Ὅτι
2285 2174 2346 2226 τὸ
2372 2171 2529 2243 σῶμα
2556 2173 2654 2244 μὲν
2677 2173 2969 2240 ἀποθανὸν,
3003 2173 3102 2227 οὑκ
3140 2175 3411 2245 ἐγείρεται
3448 2175 3676 2246 δυνάμει
3707 2177 3806 2228 ἀν-

2134 2258 2399 2332 θρωπίνῃ,
2415 2261 2560 2332 ψυχὴ
2581 2261 2636 2314 δὲ
2652 2260 2993 2314 ἀποθανοῦσα
3017 2260 3296 2332 διορθώσει
3314 2261 3606 2332 ἐγείρεται.
3624 2262 3805 2316 Βλέπε

2134 2349 2351 2419 πόρνον,
2382 2349 2474 2401 καὶ
2503 2349 2799 2419 θρήνησον·
2841 2348 2932 2402 καὶ
2947 2349 3156 2418 ἐγερεῖς
3187 2349 3349 2401 αὑτὸν
3380 2349 3660 2412 πολλάκις.
3701 2351 3808 2403 Διὰ

2132 2435 2289 2488 τοῦτο
2313 2437 2407 2490 καὶ
2427 2436 2639 2498 Παῦλος
2660 2437 2758 2488 οὐκ
2791 2436 2996 2507 ἔγραφε
3029 2437 3210 2506 μόνον,
3232 2437 3350 2490 οὐδὲ
3380 2437 3634 2508 παρῄνει,
3661 2439 3805 2492 ἀλλὰ

2135 2525 2226 2576 καὶ
2245 2523 2454 2594 ἐθρήνει
2486 2524 2622 2593 μετὰ
2643 2522 2911 2595 δακρύων,
2931 2524 3194 2576 νουθετῶν
3212 2524 3306 2576 ’ένα
3327 2523 3576 2578 ἕκαστον.
3594 2527 3803 2590 Ἔστω,

2135 2611 2422 2675 νουθετεῖς,
2450 2612 2501 2663 τί
2521 2612 2613 2664 καὶ
2635 2611 2889 2681 δακρύεις
2915 2629 2930 2676 ;
2965 2614 3079 2665 Ἵνα
3095 2613 3190 2665 ἐὰν
3217 2614 3293 2684 μὴ
3322 2613 3514 2685 ἰσχύσῃ
3546 2615 3580 2683 ή
3608 2614 3805 2668 νουθε-

2136 2700 2245 2762 σία,
2280 2699 2347 2752 τά
2382 2699 2593 2770 δάκρυα
2620 2699 2880 2771 βοηθήσῃ.
2911 2698 3068 2752 Οὑτω
3101 2702 3194 2754 καὶ
3221 2701 3248 2752 6
3277 2702 3563 2772 προφήτης
3587 2700 3804 2772 θρηνεῖ.

2147 2788 2204 2840 '0
2233 2788 2508 2858 Δεσπότης
2537 2788 2693 2859 ήμῶν
2734 2787 2856 2840 ἰδὼν
2899 2787 2998 2858 τὴν
3049 2788 3402 2858 Ἰερουσαλὴμ
3449 2793 3809 2844 πεπτωκυῖαν

2134 2876 2314 2945 λέγει·
2355 2876 2747 2944 Ἰερουσαλὴμ
2772 2877 2809 2943 ἠ
2831 2877 3274 2930 ἀποκτείνουσα
3300 2877 3441 2942 τοὺς
3465 2878 3806 2945 προφήτας,

2135 2966 2232 3018 καί
2305 2964 2706 3020 λιθοϐολοῦσα
2756 2965 2898 3030 τοὺς
2945 2965 3444 3033 ἀπεσταλμένους
3491 2966 3646 3033 πρὸς
3705 2966 3804 3022 σέ.

2146 3053 2521 3107 Ἀνακαλεῖται
2567 3053 2664 3123 τὴν
2711 3053 2864 3106 πόλιν
2894 3057 3264 3116 πεπτωκυῖαν,
3296 3056 3388 3107 καὶ
3432 3057 3679 3123 μιμεῖται
3711 3055 3811 3107 άν-

2133 3139 2346 3212 θρωπον
2375 3140 2694 3212 θρηνοῦντα.
2725 3142 2834 3194 Καὶ
2861 3144 2890 3193 6
2917 3143 3222 3212 προφήτης·
3255 3142 3396 3194 Οὐαί
3423 3143 3600 3208 ἔθνος
3617 3143 3810 3212 dmp-

2132 3228 2342 3290 τωλὸν,
2391 3230 2540 3294 λα’ςν
2588 3229 2827 3296 πλήρης
2880 3227 3205 3298 ἁμαρτιῶν·
3257 3229 3330 3300 μή
3379 3229 3490 3299 ἔχει
3542 3231 3694 3298 ὑγιὲς
3741 3232 3811 3284 τὸ

2135 3315 2312 3387 σῶμα.
2344 3314 2495 3378 Εἶδες
2526 3317 2719 3379 αὐτοὺς
2751 3317 3130 3386 ήλκωμένουςς
3172 3317 3409 3387 Σπέρμα
3435 3318 3586 3390 [547]
3611 3336 3809 3388 norn-

2124 3403 2262 3470 ρὸν,
2305 3403 2424 3457 υἱοὶ
2465 3404 2693 3472 ἄνομοι.
2731 3405 2831 3457 Διὰ
2872 3405 2925 3456 τί
2969 3405 3205 3475 θρηνεῖς.
3245 3407 3364 3458 εἰπέ
3397 3423 3520 3474 μοι;
3561 3409 3811 3475 Ἐγκατ-

2131 3493 2364 3545 ελίπετε
2388 3492 2496 3544 τὸν
2524 3494 2760 3560 Κύριον,
2788 3494 2882 3545 καί
2911 3494 3320 3562 παρωργίσιιτε
3341 3494 3446 3546 τὸν
3470 3493 3673 3562 "Arta"
3697 3495 3812 3547 τοῦ

2147 3579 2408 3647 Ἰσραήλ.
2444 3580 2504 3633 Τί
2531 3580 2617 3633 ἔτι
2645 3579 2947 3650 πληγῆτε;
2971 3575 3036 3632 Τί
3065 3581 3172 3650 έχω
3203 3582 3346 3650 ὑμᾶς
3373 3581 3608 3650 πλῆξαι;
3634 3582 3808 3653 λιμῷ,

2131 3669 2165 3739 ἢ
2184 3669 2380 3740 λοιμῴς
2407 3670 2560 3722 Πᾶσα
2589 3670 2824 3740 τιμωρία
2845 3665 2996 3740 ἦλθε.
3031 3669 3125 3720 καὶ
3150 3672 3184 3739 ή
3220 3669 3385 3721 κακία
3412 3669 3566 3739 ὑμῶν
3595 3670 3696 3722 οὐκ
3710 3670 3813 3723 άνο

2131 3756 2312 3829 ηλώθη
2323 3773 2335 3785 ο
2350 3755 2772 3826 Προστιθέντες
2785 3757 3053 3826 ἀνομίας.
3063 3757 3233 3812 Πᾶσα
3247 3755 3577 3826 κεφαλὴεὶς
3588 3759 3810 3824 πόνον,

2132 3847 2231 3899 καὶ
2259 3845 2426 3900 πᾶσα
2461 3843 2674 3912 καρδία
2695 3847 2782 3909 εἰς
2803 3845 3023 3912 λύπην.
3055 3845 3178 3897 Οὐκ
3193 3837 3285 3898 Ἐνι
3301 3844 3549 3913 τραῦμα,
3588 3848 3660 3899 οὐ
3676 3846 3809 3914 μώ-

2133 3937 2289 4000 λωψ.
2328 3931 2504 3986 Καινά
2532 3933 2559 3971 b
2587 3931 2906 4001 πράγματα.
2946 3931 3059 4001 Πρὸ
3091 3931 3288 4002 μικροῦ
3318 3931 3535 4000 ἔλεγες·
3562 3935 3810 4002 Σπέρμα

2134 4022 2420 4090 πονηρὸν,
2453 4021 2568 4074 vlo!
2602 4020 2829 4088 ἄνομοι,
2847 4020 3263 4088 ἐγκατελίπετε
3293 4019 3401 4072 τὸν
3428 4023 3664 4088 Κύριον,
3699 4022 3808 4074 καὶ

2135 4113 2541 4180 παρωργίσατε
2585 4110 2693 4162 τὸν
2755 4108 2962 4177 "Aram"
3013 4107 3119 4161 τοῦ
3177 4108 3413 4177 Ἰσραήλ
3430 4127 3444 4138 ο
3494 4111 3607 4174 καὶ,
3651 4112 3805 4164 Οὐαί

2134 4199 2308 4263 ἔθνος
2334 4195 2716 4267 ἀμαρτωλόνί
2741 4193 2991 4265 Θρηνεῖς,
3033 4195 3228 4267 κόπτῃ,
3263 4195 3448 4268 ὀδύρῃ,
3481 4197 3808 4265 καταλέγεις

2135 4286 2203 4339 τὰ
2230 4285 2538 4356 τραύματα,
2576 4285 2669 4337 καὶ
2697 4281 2934 4336 ἐπανιὼν
2960 4283 3156 4350 λέγεις,
3193 4283 3344 4336 Οὔτε
3381 4284 3629 4353 τραῦμα,
3662 4287 3809 4338 οὔτε

2132 4373 2395 4443 μώλωψ;
2441 4373 2712 4442 Πρόσεχετ
2746 4368 2966 4439 τραῦμα
2997 4369 3115 4421 τότε
3152 4368 3386 4436 γίνεται,
3435 4371 3565 4423 ὅταν
3607 4371 3668 4424 τὸ
3701 4371 3809 4440 μὲν

2138 4461 2265 4514 ἄλλο
2293 4460 2458 4532 μέρος
2499 4459 2592 4511 τοῦ
2632 4457 2880 4526 σώματος
2913 4458 3060 4526 ὑγιὲς
3089 4453 3146 4530 ᾖ,
3177 4456 3235 4510 ἓν
3276 4457 3332 4510 δὲ
3376 4459 3538 4530 μέρος
3567 4459 3661 4511 τοῦ
3699 4459 3808 4510 σὼ-

367 4554 678 4624 προφήτην,
709 4552 803 4602 καὶ
836 4547 1106 4618 ἐξηράνθη
1137 4550 1171 4618 ή
1201 4547 1343 4618 χείρ.
1377 4548 1633 4616 Είστήκει
1667 4547 1726 4598 τὸ
1751 4548 2109 4619 τρόπαιονοιθ
2141 4565 2306 4620 ματος
2343 4547 2663 4616 ἀναίσθητον
2697 4546 2833 4616 μένῃ
2856 4563 2869 4576 -
2917 4545 3150 4598 ἐνταῦθα
3187 4556 3210 4583 ε
3247 4545 3305 4598 δέ
3351 4545 3520 4614 λέγει,
3568 4548 3649 4600 δτι
3682 4547 3808 4600 ὅλον

367 4639 655 4711 δορυφόροι
691 4634 935 4689 τοσοῦτοι
989 4635 1081 4688 καὶ
1130 4634 1426 4704 στρατηγοὶ
1453 4634 1546 4686 καὶ
1595 4633 1815 4704 βοήθεια
1843 4635 2032 4704 πολλὴ,

367 4734 461 4787 καὶ
489 4726 586 4797 τὴν
605 4728 763 4795 χεῖρα
790 4722 954 4776 αὑτοῦ
973 4722 1248 4775 συστεῖλαι
1267 4722 1366 4774 οὑκ
1385 4720 1647 4790 ἠδύναντο
1669 4740 1683 4751 ·
1720 4721 1836 4775 ἀλλ’
1864 4724 2038 4793 εἱστή-

366 4828 453 4864 κει
492 4817 525 4885 ή
569 4813 689 4882 χεὶρ
717 4810 899 4880 φωνὴν
928 4811 1170 4877 ἀφιεῖσα,
1210 4807 1593 4879 στηλιτεύουσα
1640 4807 1740 4878 τῆς
1781 4809 2038 4872 ἀσεϐείας

363 4902 465 4973 τὴν
497 4896 684 4971 ἧτταν,
713 4897 806 4951 καὶ
834 4895 1088 4958 ἀσεϐείας
1131 4895 1194 4947 τὸ
1235 4894 1511 4964 τρόπαιον,
1539 4894 1634 4948 τοῦ
1660 4894 1795 4948 Θεοῦ
1847 4897 2036 4965 φιλαν-

371 4988 642 5060 θρωπίαν,
678 4982 928 5038 κάκείνου
958 4981 1055 5053 τὴν
1091 4982 1367 5036 ἀπόνοιαν.
1415 4981 1518 5036 Καὶ
1559 4983 1833 5038 συστεῖλαι
1869 4984 2039 5055 αὐτὴν

368 5077 470 5130 οὑκ
497 5074 776 5145 ἠδύναντο.

446 5203 508 5255 6'.
544 5199 680 5253 Ἀλλ’
709 5199 798 5250 ἵνα
830 5194 902 5266 μὴ
919 5194 1074 5262 λόγον
1099 5193 1163 5245 ἐκ
1186 5192 1345 5260 λόγου
1366 5191 1678 5260 ὑφαίνοντες
1711 5195 1810 5266 τῆς
1835 5197 2036 5250 ὑποθέ-

378 5307 517 5352 σεως
544 5283 950 5355 ἐπιλαθώμεθα,
973 5282 1106 5352 φέρε
1129 5275 1219 5334 οὖν
1237 5279 1274 5334 ἀ
1292 5280 1735 5351 ἐπηγγειλάμεθα
1753 5283 2038 5356 δείξωμεν.

376 5377 444 5430 Τί
475 5377 532 5430 δέ
563 5372 1016 5445 ἐπηγγειλάμην;
1048 5370 1170 5422 "On
1198 5369 1246 5420 εί
1281 5367 1449 5439 μυρία
1469 5368 1761 5439 τραύματὰ
1794 5390 1878 5436 τις
1902 5374 2037 5444 ἔχει,

379 5463 702 5533 μετανοήσει
730 5459 786 5512 δέ
821 5457 917 5511 καὶ
949 5456 1163 5526 ποιήσει
1186 5453 1245 5508 τὸ
1270 5454 1532 5526 χρηστὸν,
1571 5455 1744 5521 οὓτως
1786 5459 1924 5514 αὑτὰ
1952 5461 2041 5526 ἐξ-

375 5551 586 5619 αλείφει
607 5550 634 5602 6
659 5545 811 5611 Θεὸς,
833 5545 911 5608 ὡς
941 5543 1076 5615 μηδὲ
1100 5541 1283 5613 οὐλὴν,
1311 5543 1445 5613 μηδὲ
1477 5543 1649 5613 ἴχνος,
1684 5547 1818 5616 μηδὲ
1844 5547 2041 5618 δεῖγμα

380 5637 663 5710 φαίνεσθαι
682 5634 792 5688 τῶν
817 5632 1096 5706 προτέρων
1130 5630 1537 5702 ἁμαρτημάτων
1559 5647 1575 5663 ⁸
1602 5631 1772 5686 ταῦτα
1809 5635 2042 5706 ὑποσχό-

383 5744 563 5797 μενος,
596 5723 770 5778 ταῦτα
813 5721 1075 5787 ἐπιδεῖξαι
1123 5720 1470 5790 πειράσομαι.
1528 5721 1765 5784 Ἄκουε,
1798 5725 2039 5792 οὐρανέ,

379 5813 477 5868 καί
505 5810 794 5878 ἐνωτίζου,
817 5809 913 5880 γῆ,
937 5809 1026 5863 ὅτι
1060 5810 1268 5876 Κύριος
1297 5806 1622 5876 ἐλάλησεν.
1678 5809 1811 5863 Εἰπέ
1857 5830 1946 5881 μοι
1981 5813 2036 5866 τί

2137 4635 2356 4707 τραῦμά
2384 4637 2547 4688 ἐστιν.
2570 4635 2715 4688 Οὔτε
2737 4633 2985 4702 τραῦμα,
3006 4635 3142 4687 οὔτε
3164 4635 3412 4704 μώλωψ,
3435 4635 3574 4689 οὔτε
3594 4635 3806 4705 πληγὴ

2140 4724 2610 4794 φλεγμαίνουσα,
2643 4721 2780 4774 ἀλλά
2806 4721 2914 4774 ἀπὸ
2945 4721 3118 4774 ποδῶν
3149 4723 3252 4784 ἓως
3281 4721 3523 4790 κεφαλῆς
3555 4724 3654 4775 οὐκ
3686 4724 3805 4776 ἔστι

2143 4812 2406 4882 μάλαγμα
2448 4809 2734 4873 ἐπιθεῖναι,
2763 4809 2886 4862 οὔτε
2917 4809 3113 4869 ἔλαιον,
3143 4809 3265 4862 οὔτε
3306 4810 3693 4879 καταδέσμους.
3734 4812 3808 4866 ’11

2141 4899 2214 4970 γῆ
2244 4899 2412 4968 ὑμῶν
2434 4899 2671 4968 ἔρημος,
2695 4901 2752 4951 al
2787 4901 2995 4963 πόλεις
3017 4898 3435 4965 πυρίκαυστοι,
3470 4898 3586 4965 τὴν
3604 4898 3807 4968 χώραν

2140 4987 2306 5056 ὑμῶν
2345 4989 2650 5055 ἀλλότριοι
2682 4988 3086 5040 κατεσθίουσι.
3127 4987 3311 5039 Πάντα
3343 4986 3514 5040 ταῦτα
3543 4987 3804 5060 ἐποίησα,

2142 5077 2236 5129 καὶ
2259 5077 2415 5146 ὑμεῖς
2434 5075 2494 5127 οὑ
2513 5072 2856 5146 διωρθὼθητε
2876 5090 2890 5103 ’
2914 5074 3091 5128 πάντα
3117 5074 3350 5142 ἐποίησα
3367 5074 3436 5128 τά
3463 5074 3563 5146 τῆς
3585 5075 3804 5148 τέχνης,

2141 5164 2169 5215 6
2201 5162 2255 5215 δὲ
2299 5159 2517 5231 νοσερός
2572 5161 2721 5230 μένει
2769 5159 2978 5231 νεκρός.
3024 5161 3217 5226 Δεῦτε,
3265 5162 3567 5215 ἀκούσατε
3615 5164 3804 5232 λόγον

2144 5251 2384 5315 Κυρίου,
2408 5252 2461 5302 οἱ
2493 5248 2778 5317 ἄρχοντες
2805 5248 3082 5317 Σοδόμων
3107 5248 3205 5301 καί
3247 5251 3296 5301 Γ
3299 5250 3575 5317 ομόρρας.
3607 5251 3668 5302 Τί
3700 5268 3805 5319 μοι

2143 5335 2374 5404 πλῆθος
2403 5335 2522 5389 τῶν
2550 5336 2774 5390 θυσιῶν
2801 5336 3003 5405 ὑμῶν;
3049 5337 3113 5388 Τί
3162 5331 3286 5399 οὗνς
3335 5336 3658 5407 Σοδομηνοῖς
3688 5339 3806 5391 δία-

2144 5424 2395 5494 λέγεται;
2452 5425 2618 5494 Οὐχὶ,
2671 5423 2805 5477 ἀλλὰ
2878 5423 3161 5487 Ἰουδαίους
3225 5423 3556 5497 Σοδομηνοὺς
3607 5423 3797 5480 καλεῖ·

2206 5695 2230 5724 ⁸
2268 5694 2415 5742 Savil.
2439 5694 2492 5740 ού
2519 5693 2716 5754 δύναμαι
2736 5693 3032 5754 θεραπεύσαι.

2206 5758 2233 5796 b
2253 5755 2333 5804 Sic
2355 5755 2504 5803 Savil.
2526 5759 2591 5803 At
2616 5755 2785 5802 Morel.
2811 5755 2940 5802 κενοὶ.

2214 5824 2235 5848 ο
2263 5817 2411 5867 Savil.
2434 5817 2652 5870 σώματος
2674 5817 2758 5879 έχῃ
2783 5816 2983 5881 τραῦμα·
3010 5816 3216 5864 ἐνταῦθα.
