4066 6392
309 447 405 501 πάι
1409 448 1498 501 DE
1542 447 1897 504 ΡιἙΝΙΤΙίΝΊ

2053 452 2275 506 llllillL.
2322 452 2455 508 Vill.

306 552 413 605 cat,
436 548 555 608 qtae
583 547 913 593 contestatus
936 540 1290 611 eratMoyses.
1317 541 1453 596 Ecce
1480 558 1507 596 ιι
1540 544 1890 611 promissione

310 629 580 687 excidistis
607 673 620 691 .
668 646 702 685 ο
737 630 905 686 Judaei
940 648 954 685 :
985 648 1111 687 ecce
1148 633 1505 704 dereliquistis
1539 636 1725 691 Deum.
1776 637 1892 704 Quo

309 734 462 794 pacto
503 734 554 777 te
592 724 896 789 advocabo,
945 725 1190 798 Moyses?
1225 726 1507 783 defunctus
1548 729 1692 784 enim
1733 745 1812 796 es,
1842 742 1892 785 et

310 818 468 871 vitam
491 816 691 871 obiisti.
722 818 841 883 Quo
867 828 1020 887 pacto
1050 820 1173 873 item
1211 820 1473 875 Aaronem
1504 821 1777 877 evocabo?
1807 822 1895 876 ille

308 925 521 979 quoque
584 921 809 964 mortem
873 910 1147 979 oppetivit.
1227 910 1342 965 Non
1412 922 1566 982 potes
1624 912 1893 967 hominem

306 1000 569 1055 evocare?
608 1016 772 1056 evoca
818 1002 1101 1057 elementa.
1145 1002 1344 1057 Idcirco
1370 1004 1510 1057 enim
1541 1012 1595 1058 et
1639 1020 1739 1073 ego
1766 1004 1892 1058 dum

307 1094 561 1160 viverem,
598 1109 704 1149 non
742 1096 1008 1150 Aaronem
1055 1095 1249 1163 solum,
1295 1112 1398 1151 non
1442 1096 1589 1151 illum
1640 1106 1694 1153 et
1746 1098 1893 1152 illum

309 1187 647 1241 contestabar
668 1229 682 1251 ,
713 1188 835 1257 quia
864 1188 1058 1243 obituri
1098 1198 1277 1255 erant;
1315 1189 1407 1243 sed
1450 1190 1709 1245 elementa
1732 1234 1745 1255 ,
1776 1208 1895 1260 quze

308 1287 545 1342 manent,
568 1294 760 1348 nempe
781 1280 969 1334 ctelum
1007 1290 1061 1336 et
1090 1292 1308 1347 terram,
1340 1290 1631 1337 contestor.
1662 1285 1745 1339 Ait
1794 1285 1891 1352 igi-

309 1379 393 1424 tur
423 1370 603 1434 Isaias,
630 1373 784 1439 Audi,
812 1374 1012 1439 calum,
1041 1384 1088 1428 et
1110 1375 1315 1429 auribus
1343 1377 1559 1443 percipe,
1590 1386 1743 1430 terra.
1786 1377 1893 1431 Vos

307 1465 446 1517 enim
466 1466 624 1534 jussit
649 1466 857 1538 Moyses
882 1466 1039 1523 hodie
1062 1468 1343 1524 advocare.
1365 1468 1547 1539 Neque
1568 1469 1703 1524 hanc
1722 1470 1894 1525 solum

308 1556 376 1611 ob
400 1573 614 1613 causam
656 1570 809 1614 vocat
834 1561 1117 1627 elementa,
1146 1562 1238 1617 sed
1266 1563 1389 1633 quia
1416 1562 1632 1619 Iudaeos
1661 1565 1897 1633 alloque-

308 1647 481 1703 batur.
516 1650 673 1715 Audi,
716 1650 896 1707 ctelum
920 1668 939 1716 ;
966 1664 1019 1707 tu
1044 1652 1186 1707 enim
1216 1669 1407 1708 manna
1450 1654 1712 1710 demisisti
1743 1674 1756 1709 :
1787 1654 1895 1708 Au-

306 1740 441 1794 ribus
470 1743 689 1812 percipe,
736 1754 908 1809 terra;
935 1754 992 1799 tu
1036 1760 1267 1816 namque
1308 1747 1638 1802 coturnicem
1682 1746 1894 1802 dedisti.

307 1837 463 1904 Audi,
488 1838 688 1902 caelum,
711 1838 832 1891 audi
863 1856 878 1893 :
909 1848 962 1893 tu
987 1839 1129 1894 enim
1151 1854 1340 1894 manna
1362 1839 1624 1894 demisisti
1643 1856 1657 1905 ;
1676 1848 1732 1894 tu
1753 1841 1894 1894 enim

306 1944 425 1997 qtae
451 1945 607 1998 supra
636 1940 877 1986 naturam
900 1940 1053 1987 erant
1072 1924 1356 1987 exhibuisti
1393 1951 1407 1988 :
1436 1948 1647 1988 sursum
1671 1949 1812 1999 eras,
1837 1944 1894 1988 et

304 2036 483 2075 aream
534 2021 846 2078 imitabaris.
904 2024 1124 2078 Auribus
1168 2027 1390 2095 percipe,
1426 2035 1557 2079 terra
1595 2041 1615 2079 :
1660 2034 1715 2079 tu
1754 2028 1895 2081 enim

306 2111 552 2167 deorsum
593 2128 711 2168 eras
741 2154 756 2177 ,
799 2123 854 2167 et
916 2116 1334 2183 extemporalem
1389 2131 1630 2171 mensam
1669 2116 1887 2184 parasti.

305 2203 484 2257 Otiosa
503 2214 619 2258 erat
649 2213 857 2270 natura,
882 2215 936 2258 et
952 2206 1117 2274 gratia
1144 2215 1359 2274 operata
1382 2214 1465 2261 est
1494 2221 1509 2259 :
1540 2206 1699 2260 boum
1721 2206 1897 2260 nullus

306 2305 425 2349 erat
450 2295 618 2359 labor,
647 2307 702 2351 et
723 2298 873 2366 spica
902 2296 1299 2366 proferebatur:
1333 2313 1436 2351 non
1463 2313 1751 2367 eoquorum
1780 2314 1895 2352 ma-

305 2404 427 2452 nus,
453 2405 558 2443 non
585 2390 789 2458 jussum
820 2391 1006 2445 aderat
1040 2409 1053 2445 :
1081 2391 1174 2446 sed
1214 2407 1407 2445 manna
1433 2391 1593 2445 fontis
1619 2392 1788 2445 sancti
1818 2392 1898 2443 in-

304 2492 416 2536 Star
437 2483 675 2537 omnium
705 2484 875 2538 vicem
906 2483 1192 2552 supplebat
1230 2502 1244 2539 :
1277 2492 1461 2538 natura
1492 2485 1718 2553 propria:
1744 2484 1897 2538 inlir-

306 2575 505 2628 mitatis
558 2574 991 2630 obliviscebatur.
1048 2576 1171 2641 Quo
1223 2583 1375 2645 pacto
1436 2576 1675 2644 ipsorum
1722 2586 1900 2633 vestes

305 2665 514 2720 detrita:
540 2681 645 2719 non
666 2676 795 2721 sunt
816 2667 839 2719 ?
866 2666 1145 2733 Quomodo
1163 2669 1396 2739 ipsorum
1414 2668 1772 2723 calceamenta
1792 2684 1895 2722 non

306 2766 429 2811 sunt
453 2766 713 2814 vetustate
735 2760 1087 2827 consumpta?
1117 2761 1303 2814 Omnia
1332 2760 1401 2814 ad
1424 2760 1634 2813 illorum
1658 2759 1900 2816 ministe-

307 2848 444 2903 rium
503 2849 881 2905 inserviebant.
930 2851 1084 2913 Audi,
1130 2850 1333 2917 cazlunt,
1365 2860 1412 2905 et
1438 2852 1644 2905 aim'bus
1679 2853 1895 2921 percipe,

306 2948 461 2993 terra.
494 2939 619 2993 Post
651 2949 727 2994 tot
756 2942 977 3000 monita.
1007 2952 1125 3011 post
1152 2950 1227 2995 tot
1271 2942 1551 3006 beneficia,
1576 2943 1898 2998 contumelia

307 3030 538 3084 allicitur
566 3032 841 3085 Dominus.
872 3033 1041 3100 Quem
1090 3033 1370 3102 alloquar?
1397 3050 1522 3087 num
1549 3035 1687 3088 vos?
1714 3033 1896 3089 Nemi-

308 3138 428 3174 nem
458 3122 546 3190 qui
573 3122 747 3176 audiat
781 3122 974 3178 habeo.
1006 3123 1137 3176 Ecce
1155 3125 1285 3190 ueni,
1309 3134 1356 3178 et
1377 3126 1549 3179 nullus
1580 3135 1685 3179 erat
1707 3126 1859 3179 homo
1878 3141 1897 3178 :

307 3216 543 3280 loquutus
573 3233 704 3281 sum,
736 3234 828 3270 nec
849 3229 959 3271 erat
985 3220 1069 3288 qui
1090 3220 1305 3271 audiret.
1344 3219 1728 3273 lrrationabilia
1760 3219 1897 3274 allo-

307 3322 462 3372 quar,
511 3307 937 3377 quandoquidem
986 3309 1328 3363 rationabiles
1357 3309 1421 3363 ad
1460 3308 1898 3365 irrationabilium

308 3398 561 3450 vilitatem
585 3398 786 3467 delapsi
814 3411 955 3453 sunt.
981 3400 1336 3467 Quamobrem
1369 3401 1503 3455 alius
1534 3402 1795 3470 propheta
1821 3403 1899 3455 vi-

306 3490 395 3543 det
424 3489 686 3545 furentem
722 3508 925 3560 regem,
956 3493 1150 3546 idolum
1176 3494 1321 3547 culltt
1359 3492 1697 3555 honoratum,
1732 3494 1896 3548 Deum

305 3584 623 3638 contumelia
653 3584 922 3651 allectum,
966 3586 1101 3640 alios
1130 3602 1317 3641 omnes
1336 3589 1610 3649 attonitos,
1641 3598 1696 3642 et
1723 3588 1849 3642 dicit
1881 3603 1895 3642 :

308 3676 441 3727 Audi
484 3693 581 3739 me,
632 3678 811 3739 altare,
863 3679 987 3730 audi
1027 3695 1105 3732 me
1148 3681 1229 3747 (5.
1280 3677 1407 3749 Reg.
1457 3680 1543 3732 15.
1590 3680 1682 3749 Ξ).
1738 3678 1896 3748 Lapi-

308 3767 428 3820 dem
457 3783 524 3821 ne
550 3767 873 3838 alloqucris?
901 3770 1074 3824 Etiam
1109 3789 1123 3823 :
1146 3770 1576 3840 quandoquidem
1605 3787 1697 3825 rex
1724 3771 1899 3825 minus

306 3870 388 3912 est
432 3875 650 3930 compos
696 3879 968 3926 si-nsuum,
1012 3879 1167 3932 quam
1212 3864 1364 3932 lapis.
1405 3863 1541 3917 Audi
1577 3880 1674 3929 me,
1715 3865 1896 3931 altare,

308 3952 429 4004 audi
453 3969 473 4017 ;
504 3952 610 4005 lucc
634 3954 757 4005 dicit
786 3952 1055 4009 Dominus.
1089 3955 1153 4009 Et
1191 3956 1367 4009 statim
1414 3955 1581 4010 altare
1628 3956 1897 4023 diruptum

308 4055 390 4097 σιςι
423 4064 435 4098 :
466 4055 519 4099 et
539 4046 671 4114 lapis
693 4047 912 4109 audivit,
943 4048 1076 4116 lapis
1101 4048 1343 4117 diruptus
1370 4058 1470 4107 est.
1497 4061 1550 4102 et
1575 4049 1896 4103 sacriﬁcium

309 4134 515 4187 clfutlit.
549 4136 945 4201 Quomodonon
978 4138 1176 4191 audivit
1198 4138 1897 4193 homo?Extrudittnanum

308 4242 480 4290 suam,
540 4239 592 4281 ut
637 4238 846 4297 raperet
884 4230 1193 4298 prophetam
1224 4248 1237 4283 :
1267 4240 1322 4284 et
1366 4230 1493 4300 quid
1539 4230 1662 4285 facit
1717 4231 1900 4284 Deus?

308 4318 543 4374 Arefecit
569 4320 684 4388 ejus
712 4336 948 4374 manum.
974 4321 1106 4375 Vide
1128 4321 1378 4390 quidnam
1424 4320 1626 4385 fecerit,
1648 4321 1769 4376 vide
1796 4322 1900 4376 Do-

313 4410 440 4463 mini
470 4410 808 4465 clementiam
842 4452 855 4474 ,
886 4421 938 4466 et
965 4412 1104 4465 servi
1150 4423 1447 4480 peccatum.
1479 4413 1655 4479 Quare
1702 4429 1806 4467 non
1831 4413 1901 4467 ab

310 4499 460 4553 initio
485 4516 698 4554 manum
726 4502 843 4570 ejus
884 4502 1141 4557 arefecit?
1168 4502 1235 4558 Ut
1275 4503 1486 4572 dirupto
1516 4504 1687 4573 lapide
1713 4482 1901 4572 resipi-

309 4601 504 4647 sceret.
538 4593 747 4648 Etenim
800 4594 844 4648 si
877 4595 1007 4664 lapis
1036 4596 1280 4664 diruptus
1303 4611 1411 4649 non
1456 4598 1664 4658 fuisset.
1695 4599 1786 4652 tibi
1811 4613 1902 4667 pe-

312 4684 638 4750 percissent:
689 4685 810 4753 quia
840 4701 967 4739 vero
1012 4686 1266 4741 discissus
1314 4696 1395 4741 est
1433 4688 1586 4757 lapis,
1636 4696 1691 4741 et
1710 4699 1762 4741 tu
1795 4704 1898 4742 non

310 4775 622 4829 emendatus
662 4793 742 4839 es,
773 4777 904 4830 iram
932 4778 984 4832 in
1026 4787 1077 4832 te
1102 4779 1379 4832 transiero.
1412 4779 1662 4833 Extendit
1687 4795 1899 4834 manum

313 4872 371 4919 ut
415 4877 627 4935 raperet
673 4868 1008 4937 prophetam.
1046 4881 1095 4923 et
1140 4870 1366 4924 arefacta
1398 4878 1479 4925 est
1528 4885 1736 4941 manus.
1768 4872 1902 4927 Ere-

310 4968 455 5012 ctum
486 4968 599 5013 erat
647 4969 903 5027 lrnpmum
938 4980 950 5014 :
984 4961 1206 5015 aderant
1254 4969 1330 5016 tot
1357 4962 1615 5017 satellites
1643 4972 1695 5015 et
1743 4962 1903 5016 duces

312 5049 607 5113 exercitus,
625 5051 881 5104 auxilium
906 5053 1114 5119 ingens,
1137 5060 1191 5105 et
1212 5068 1426 5106 manum
1447 5052 1563 5121 ejus
1587 5054 1904 5107 contrahere

314 5156 418 5193 non
463 5149 743 5209 poterant;
792 5144 885 5198 sed
916 5144 1085 5198 stabat
1115 5161 1301 5198 manus
1341 5160 1471 5199 voce
1495 5144 1773 5199 declarans
1800 5145 1903 5198 im-

314 5230 524 5297 pietatis
557 5231 1001 5300 proﬂigatioaem,
1045 5236 1257 5303 pietatis
1303 5244 1583 5305 tropaeum,
1634 5235 1727 5291 Dei
1775 5251 1902 5306 erga

316 5321 561 5377 homines
588 5323 986 5395 benignitatem,
1022 5327 1162 5380 illius
1189 5326 1467 5381 insaniam.
1496 5327 1564 5382 Et
1592 5326 1735 5383 illam
1770 5342 1903 5382 con-

318 5414 530 5467 trahere
552 5429 657 5469 non
687 5426 949 5484 poterant.

386 5508 441 5561 4.
469 5505 667 5562 Verum
700 5525 764 5563 ne
794 5511 1014 5565 verbum
1041 5526 1105 5566 ex
1140 5510 1305 5566 verbo
1334 5520 1575 5566 texentes
1605 5510 1903 5581 argumenti

326 5598 715 5665 obliviscamur,
759 5617 856 5671 age
902 5618 1019 5667 quin
1048 5604 1267 5672 polliciti
1305 5619 1491 5658 sumus
1534 5603 1900 5658 ostendamus.

319 5692 579 5759 Quidnam
612 5694 831 5765 polliciti
870 5712 1054 5750 sumus
1083 5695 1106 5748 ἲ
1132 5696 1283 5764 Quod
1316 5696 1359 5751 si
1384 5697 1505 5767 quis
1542 5696 1809 5751 sexcentis
1837 5695 1907 5749 sit

321 5784 544 5839 allectus
572 5785 900 5849 vulneribus,
930 5787 1397 5856 pmnitentiamque
1425 5795 1563 5855 agat,
1609 5796 1657 5840 et
1710 5787 1905 5840 bonum

320 5886 592 5944 operetur,
644 5878 721 5931 sic
759 5894 817 5932 ea
846 5877 1045 5937 delebit
1090 5879 1249 5944 Deus,
1294 5889 1347 5933 ut
1397 5894 1494 5933 nec
1526 5876 1781 5947 cicatrix,
1810 5891 1909 5933 nec

322 5966 625 6030 vestigium.
666 5983 764 6024 nec
810 5968 1059 6024 indicium
1098 5970 1333 6039 priorum
1365 5980 1703 6041 peccatorum
1744 5983 1908 6040 appa-

3479 456 3584 510 5i!

2004 555 2134 599 reat.
2160 546 2285 600 Hzrc
2311 548 2553 615 promisi,
2585 547 2700 602 haec
2728 547 3099 604 demonstrare
3119 556 3376 605 conabor.
3409 551 3578 617 Audi,

1999 639 2197 700 cretum,
2238 647 2284 693 et
2341 640 2545 693 auribus
2594 657 2793 710 percipe
2830 681 2845 707 ,
2880 651 3033 705 terra,
3065 642 3183 711 quia
3221 641 3462 695 Dominus
3499 643 3579 696 lc-

1998 742 2181 800 quutus
2209 740 2279 785 est
2308 730 2460 801 (Isai.
2487 734 2536 787 l.
2565 732 2620 786 2.
2654 732 2721 786 ad
2750 733 2828 802 4.)
2858 734 2949 788 Dic
2993 734 3142 796 mihi,
3176 733 3299 802 quid
3322 733 3579 799 loquutus

2000 824 2116 877 est?
2146 822 2307 878 Filios
2323 826 2472 895 genui
2500 834 2546 879 et
2577 826 2812 890 exaltari,
2847 826 2946 897 ipsi
2973 835 3141 879 autem
3165 835 3457 893 spreverunt
3486 825 3583 879 nte.

2004 913 2245 983 Cognovit
2268 916 2354 967 bos
2374 932 2731 984 possessorem,
2763 916 3212 970 irrationabilibus
3244 916 3585 970 irrationabio

2000 1006 2199 1063 liores:
2230 1018 2276 1061 et
2300 1010 2471 1063 asinus
2514 1026 2734 1079 praesepe
2770 1008 2961 1062 domini
2995 1010 3109 1072 sui,
3142 1009 3307 1064 asinis
3342 1008 3588 1063 hebetio-

2001 1114 2109 1153 res.
2141 1099 2305 1154 Israel
2329 1110 2495 1154 autem
2527 1118 2604 1153 me
2630 1118 2730 1154 non
2760 1101 3007 1170 cognovit.
3052 1110 3095 1154 et
3134 1100 3353 1171 papulas
3380 1116 3461 1153 me
3482 1115 3584 1152 non

2003 1192 2267 1247 intellexit.
2309 1192 2397 1248 Va:
2424 1194 2562 1263 grati
2601 1194 2882 1262 peccatrici.
2937 1191 3063 1253 Cur,
3093 1192 3283 1260 inquit,
3326 1192 3465 1245 nulla
3504 1199 3587 1244 est

2001 1298 2126 1353 spes
2150 1284 2333 1338 salutis
2353 1285 2376 1337 ?
2397 1285 2506 1350 Qua
2530 1284 2598 1339 de
2624 1300 2782 1339 causa
2809 1283 2960 1349 dicis,
2990 1282 3113 1336 Vae?
3138 1283 3269 1349 Quia
3307 1298 3410 1337 non
3437 1282 3586 1335 inve-

2005 1380 2095 1433 nio
2118 1379 2399 1434 medelam.
2431 1379 2542 1447 Qua
2574 1380 2641 1435 de
2664 1394 2818 1433 causa
2838 1379 2992 1439 dicis,
3037 1376 3165 1431 Vw?
3193 1377 3323 1444 Quia
3348 1375 3587 1430 medica-

2004 1483 2183 1528 menta
2211 1472 2455 1533 adhibui,
2490 1488 2588 1526 nec
2622 1473 2786 1526 cessit
2804 1471 2953 1525 uicus
2984 1472 2996 1522 !
3038 1470 3158 1524 ideo
3202 1483 3418 1523 aversus
3448 1482 3586 1521 sum.

2005 1565 2141 1633 Quid
2169 1565 2296 1619 mihi
2323 1565 2481 1633 igitur
2501 1564 2799 1619 faciendum
2833 1572 2913 1618 est
2941 1564 2964 1616 ’ἒ
2992 1562 3106 1617 Non
3126 1560 3378 1615 laborabo
3403 1568 3460 1613 ut
3487 1574 3585 1612 cu-

2004 1673 2139 1713 rem.
2173 1656 2311 1711 Vm!
2350 1657 2621 1711 Mulierem
2665 1664 3011 1726 repraascntat
3044 1654 3424 1708 lamentantem
3462 1670 3476 1705 :
3532 1661 3585 1704 et

2006 1747 2139 1803 bene
2168 1747 2309 1803 facit.
2328 1748 2596 1811 Animum,
2616 1764 2816 1815 qu:eso,
2846 1747 2974 1801 mihi
3004 1745 3255 1799 adhibete
3282 1743 3586 1813 diligenter.

2016 1839 2125 1905 ναξ,
2156 1841 2369 1910 quare?
2407 1840 2541 1906 Quia
2583 1840 2809 1908 idipsum
2839 1840 2890 1892 in
2920 1838 3232 1907 corporibus
3273 1836 3382 1889 tieri
3429 1834 3590 1887 Solet.

2004 1930 2138 1986 Cum
2156 1933 2296 1987 enim
2324 1932 2515 1986 viderit
2538 1931 2775 1985 medicus
2794 1945 2991 2000 mgnum
3010 1928 3209 1981 nullam
3238 1927 3423 1980 salutis
3440 1940 3591 1991 Spem

2006 2023 2311 2089 habentem,
2337 2024 2659 2093 lacrymatur
2684 2041 2696 2079 :
2717 2030 2772 2076 ct
2797 2020 3072 2075 domestici
3106 2028 3159 2072 et
3179 2018 3363 2072 afﬁnes
3389 2016 3594 2084 ejulant

2005 2126 2163 2184 atque
2183 2116 2562 2180 lamentantur,
2592 2115 2685 2169 sed
2718 2114 2911 2168 frustra
2945 2113 3195 2180 nulloque
3237 2110 3407 2164 fructu
3434 2127 3447 2162 :
3480 2124 3594 2163 mo-

2005 2209 2230 2262 riturum
2275 2208 2416 2263 enim
2466 2223 2532 2261 ne
2584 2205 2815 2261 mundus
2866 2204 3078 2274 quidem
3120 2212 3260 2256 totus
3306 2201 3593 2271 deplorans

2006 2300 2278 2357 excitabit.
2310 2301 2558 2355 Planctus
2589 2314 2717 2369 ergo
2744 2298 2834 2353 ille
2860 2298 2924 2350 ad
2949 2297 3147 2351 luctum
3171 2295 3339 2360 valet,
3374 2310 3477 2348 non
3526 2292 3592 2348 ad

2006 2392 2408 2446 restaurandam
2424 2393 2729 2445 sanitatem.
2756 2389 2928 2443 'Secns
2944 2399 3121 2442 autem
3144 2388 3195 2440 in
3224 2386 3399 2441 anima
3424 2403 3438 2439 :
3468 2402 3591 2440 nam

2008 2482 2050 2536 si
2078 2482 2311 2543 ﬂeveris.
2336 2497 2478 2549 smpe
2503 2480 2751 2549 eum,qui
2779 2480 2951 2532 anima
2984 2489 3226 2532 mortuus
3256 2486 3365 2542 est,
3392 2477 3595 2530 excita-

2006 2572 2109 2628 bis.
2149 2572 2363 2639 Quare?
2401 2573 2535 2639 Quia
2582 2586 2777 2640 corpus
2820 2580 3090 2625 mortuum
3132 2570 3181 2621 vi
3229 2568 3457 2622 humana
3490 2582 3593 2620 non

2008 2666 2295 2729 excitatur,
2340 2666 2516 2718 anima
2544 2678 2674 2719 vero
2697 2672 2907 2716 mortua
2935 2662 3269 2715 correctione
3310 2658 3591 2713 excitatur.

2009 2757 2235 2827 Respice
2267 2757 2631 2817 fornicarium,
2656 2766 2707 2809 et
2734 2755 2901 2825 plora.
2931 2768 3181 2823 saepeque
3208 2751 3353 2805 illum
3388 2751 3594 2805 excita-

2008 2851 2107 2907 bis.
2133 2849 2363 2919 ldeoque
2390 2848 2582 2903 Paulus
2610 2862 2714 2902 non
2764 2846 3031 2900 scribebat
3072 2856 3129 2899 et
3156 2842 3476 2897 admonebat
3500 2856 3594 2895 so-

2009 2946 2114 2999 lmn
2149 2984 2164 3010 ,
2214 2942 2308 2997 sed
2332 2942 2494 2996 etiam
2522 2957 2642 2995 cum
2693 2938 2941 3011 lacrymis
2969 2947 3021 2991 et
3050 2936 3303 2990 lamentis
3337 2932 3594 2987 hortaba-

2015 3046 2102 3090 tur
2130 3050 2584 3104 unumquemque.
2616 3033 2745 3088 Esto
2766 3032 3075 3095 admoneas,
3096 3045 3192 3084 cu-r
3207 3029 3364 3084 etiam
3392 3026 3596 3096 ploras?

2010 3127 2080 3182 Ut
2108 3128 2151 3180 si
2182 3143 2286 3180 non
2314 3126 2487 3180 valeat
2510 3123 2825 3187 admonitio,
2853 3122 3176 3176 auxilientur
3200 3120 3472 3189 lacmnae.
3502 3117 3596 3171 Sic

2009 3228 2063 3274 et
2095 3218 2352 3287 propheta
2384 3219 2723 3271 lamentatur.
2759 3216 3011 3270 Dominus
3040 3214 3166 3268 item
3194 3222 3378 3266 noster
3403 3210 3589 3265 videns

2011 3312 2307 3381 proximam
2333 3309 2682 3381 Jerosolymte
2709 3309 2916 3361 ruinam
2948 3306 3077 3361 dicit
3102 3323 3115 3359 :
3143 3304 3454 3366 Jerusalem,
3476 3315 3593 3369 quo

2008 3404 2193 3457 occidis
2251 3402 2550 3472 prophetas,
2597 3410 2643 3455 et
2684 3401 2880 3469 lapidas
2913 3415 2996 3452 eos
3042 3398 3128 3468 qni
3154 3398 3222 3451 ad
3243 3408 3289 3450 te
3314 3396 3452 3449 missi
3482 3402 3595 3447 sunt

2010 3493 2030 3565 (
2061 3494 2246 3548 Matth.
2272 3493 2372 3548 εδ.
2394 3492 2506 3562 57).
2538 3492 2731 3548 Urbem
2768 3491 3053 3560 compellat
3090 3490 3195 3559 jam
3238 3490 3461 3557 lapsam.
3492 3486 3594 3543 ho-

2011 3587 2315 3657 minemque
2366 3586 2631 3654 lugentem
2674 3584 2929 3637 imitatur.
2983 3581 3249 3650 Propheta
3301 3594 3463 3641 vero,
3501 3578 3592 3633 Va:

2008 3678 2144 3748 genti
2188 3676 2451 3747 peccatrici
2476 3717 2490 3739 ,
2526 3674 2712 3744 papula
2763 3674 2911 3741 pleno
2958 3673 3174 3740 peccatis
3208 3670 3226 3743 (
3255 3669 3383 3723 Isai.
3404 3670 3506 3724 l.‘
3530 3670 3548 3738 )
3576 3689 3592 3723 :

2009 3769 2138 3823 nihil
2168 3768 2326 3823 habet
2344 3784 2532 3822 sanum
2554 3783 2747 3837 corpus
2776 3766 2923 3821 illud.
2952 3765 3190 3820 Vidistin‘
3209 3778 3302 3819 eos
3320 3763 3597 3818 niceribns

2008 3861 2196 3931 plenos
2220 3861 2244 3914 ?
2273 3860 2467 3915 Semini
2488 3876 2720 3925 nequam,
2745 3862 2934 3929 populo
2976 3857 3127 3927 pleno
3172 3856 3409 3925 peccatis.
3463 3853 3589 3918 Cur,

2009 3969 2212 4023 quaeso,
2240 3953 2583 4008 lamentatis?
2620 3950 2969 4020 Dercliquistis
3004 3949 3277 4002 Dominum
3298 3989 3311 4010 ,
3344 3956 3388 3999 et
3416 3947 3589 4000 irrita-

2009 4045 2098 4099 stis
2126 4045 2371 4099 Sanctum
2393 4043 2575 4097 Israel.
2609 4042 2743 4107 Quid
2770 4042 2901 4095 ultra
2930 4039 3277 4111 percutimnini
3311 4036 3473 4109 (Ibid.
3498 4036 3595 4105 5)?

2009 4136 2123 4201 Qua
2150 4151 2245 4191 vos
2271 4136 2420 4205 plaga
2455 4134 2675 4189 feriam?
2703 4132 2914 4187 famenc
2944 4148 3010 4185 an
3043 4142 3189 4200 peste
3214 4131 3237 4183 ?
3265 4130 3435 4183 Onne
3464 4144 3593 4196 snp-

2010 4230 2152 4297 plicii
2192 4245 2361 4300 genus
2409 4229 2661 4291 accessit,
2691 4236 2742 4279 ct
2785 4225 3017 4294 nequitia
3065 4234 3239 4277 vestra
3279 4231 3593 4289 consumpta

2012 4340 2118 4378 non
2167 4332 2248 4378 est
2304 4341 2317 4377 :
2363 4322 2614 4376 Addentes
2662 4318 3120 4386 prwt'arimtiones.
3165 4316 3326 4369 Omne
3366 4322 3515 4383 caput
3543 4314 3595 4366 in

2013 4416 2253 4479 laborem,
2292 4424 2339 4469 et
2368 4431 2514 4468 omne
2561 4432 2645 4466 cor
2672 4414 2722 4464 in
2751 4413 3004 4465 tristitiam
3028 4427 3045 4463 :
3072 4426 3170 4462 non
3202 4418 3275 4462 est
3302 4408 3473 4478 plaga,
3491 4425 3593 4460 non

2010 4509 2223 4563 cicatrix
2250 4506 2409 4575 (Ibid.
2434 4507 2507 4573 6).
2536 4506 2640 4559 Res
2667 4520 2799 4558 nova
2818 4505 2857 4556 ¹.
2882 4502 3044 4556 Paulo
3073 4509 3195 4555 ante
3225 4499 3439 4553 dicebas
3464 4517 3475 4551 :
3500 4498 3597 4553 Se-

2012 4617 2123 4653 men
2144 4615 2356 4669 nequam
2383 4639 2396 4661 ,
2426 4597 2521 4664 lilii
2546 4596 2723 4667 iniqui,
2758 4593 3089 4663 dereliquistis
3135 4590 3427 4655 Dominum,
3454 4598 3498 4643 et
3520 4594 3596 4642 ir-

2012 4694 2200 4747 ritastis
2222 4692 2466 4747 Sanctum
2490 4688 2673 4751 Israel;
2692 4697 2764 4754 et,
2792 4686 2881 4741 Va:
2896 4688 3031 4757 genti
3060 4683 3340 4755 peccatrici.
3370 4682 3599 4737 Lamen-

2016 4788 2162 4847 taris,
2195 4786 2344 4854 luges
2368 4823 2384 4848 ,
2437 4781 2677 4851 quereris
2705 4822 2719 4843 ,
2749 4780 2964 4833 vulnera
3008 4792 3291 4841 recenses;
3321 4783 3375 4830 et
3404 4772 3599 4829 deinde

2014 4877 2169 4940 dicis,
2202 4873 2381 4943 Neque
2428 4874 2639 4934 vulnus,
2674 4887 2829 4939 neque
2867 4869 3118 4923 cicatrix?
3148 4868 3395 4923 Attende.
3450 4866 3599 4921 Tunc

2014 4967 2206 5020 vulnus
2231 4966 2460 5020 efﬁcitur
2486 5006 2501 5029 ,
2533 4979 2652 5018 cum
2704 4963 2805 5015 alia
2835 4961 3075 5030 corporis
3116 4968 3268 5030 parte
3298 4958 3545 5013 incohuni
3581 4997 3598 5022 ,

2016 5074 2115 5112 una
2145 5058 2386 5127 corporis
2412 5072 2534 5126 pars
2579 5070 2738 5109 sensu
2792 5053 3043 5107 destituta
3089 5062 3268 5106 manet
3314 5068 3328 5105 :
3361 5050 3445 5105 hic
3470 5067 3599 5103 vero

2016 5149 2175 5213 dicit,
2206 5159 2370 5204 totum
2401 5162 2595 5215 corpus
2622 5160 2743 5200 esse
2784 5144 2979 5198 vulnus
3007 5159 3021 5195 :
3053 5140 3234 5212 Neque
3262 5140 3473 5203 vulnus,
3508 5158 3599 5193 ne-

2015 5258 2110 5311 que
2131 5240 2359 5303 cicatrix,
2394 5253 2552 5308 neque
2582 5237 2733 5306 plaga
2761 5246 2987 5299 tumens;
3006 5234 3098 5289 sed
3132 5250 3158 5286 a
3188 5233 3410 5302 pedibus
3432 5247 3601 5299 usque

2015 5332 2081 5385 ad
2103 5340 2261 5400 caput
2296 5346 2399 5384 non
2434 5338 2609 5399 potest
2635 5328 2833 5396 imponi
2866 5325 3162 5379 fomentum
3194 5366 3207 5387 ,
3241 5339 3347 5377 non
3390 5322 3587 5383 oleum,

2015 5440 2122 5479 non
2175 5424 2445 5493 ligamina.
2502 5420 2656 5474 Terra
2687 5429 2844 5473 vestra
2885 5417 3100 5479 deserta,
3150 5417 3374 5469 civitates
3427 5426 3599 5468 vestri!

2016 5533 2266 5572 succensa:
2294 5517 2419 5587 igni,
2450 5518 2678 5586 regiones
2703 5523 2892 5567 vestras
2932 5512 3088 5567 alieni
3116 5510 3384 5563 comedunt
3413 5510 3431 5579 (
3463 5508 3585 5562 Ibid,

2018 5610 2093 5678 7).
2127 5608 2253 5663 llaec
2282 5607 2459 5661 omnia
2498 5604 2620 5671 feci,
2651 5615 2705 5660 ct
2726 5620 2821 5659 vos
2864 5620 2969 5658 non
3014 5602 3313 5671 resipuistis
3340 5616 3356 5655 :
3385 5616 3597 5656 omnem

2019 5699 2233 5754 adhibui
2260 5708 2427 5753 artem
2450 5736 2466 5763 ,
2492 5704 2550 5752 et
2572 5711 2716 5767 aeger
2762 5704 3003 5751 mortuus
3048 5702 3246 5749 manet.
3280 5691 3476 5757 Venite,
3502 5709 3600 5746 an-

2020 5792 2123 5844 dite
2145 5789 2347 5844 verbum
2386 5787 2594 5841 Domini
2618 5829 2632 5853 ,
2663 5787 2912 5857 principes
2944 5784 3283 5842 Sodomorum
3309 5796 3356 5839 et
3384 5781 3597 5839 Gomor-

2022 5884 2147 5937 rhw.
2202 5881 2315 5949 Quo
2355 5881 2478 5933 mihi
2532 5878 2899 5933 multitudinem
2956 5879 3266 5935 victimarum
3319 5886 3608 5932 ttcstrarunt

2082 5979 2097 6007 ι
2133 5976 2206 6025 sic
2226 5971 2365 6025 savii.
2387 5970 2637 6029 AtMor01.,
2664 5980 2740 6019 res
2767 5980 2897 6019 vane.
