4066 6392
440 422 544 478 56⁸5

444 510 828 580 (Isai.i.|0)?
870 507 1006 578 Quid
1057 507 1246 579 igitur?
1298 506 1670 563 Sodomitasne
1697 504 2026 576 alloquitur?

444 601 907 674 Ncquaquam,sed
921 600 1136 656 Judznos
1148 599 1452 655 Sodomitas
1477 598 1730 668 appellat.
1763 596 2023 664 Quoniam

443 700 586 753 enim
607 711 790 751 eorum
832 709 1009 748 mores
1040 690 1420 756 imitabantur,
1453 705 1639 745 eorum
1671 690 1806 758 ipsis
1830 705 2023 744 nomen

447 792 693 861 imponit.
723 787 914 849 Venite,
948 786 1120 840 audite
1148 785 1351 839 verbum
1378 785 1605 847 Domini,
1638 783 1891 853 principes
1921 781 2025 837 So-

446 885 709 938 domorum
733 889 780 933 et
810 878 1127 934 Gomorrhte.
1155 877 1268 942 Quo
1294 875 1418 928 mihi
1464 873 1838 927 multitudinem
1880 873 2023 926 victi-

445 990 643 1028 marum
672 981 946 1026 vestrarum
974 969 999 1022 ?
1049 970 1170 1021 dicit
1220 966 1488 1021 Dominus.
1522 965 1712 1020 Plenus
1741 983 1851 1018 sum
1878 963 2025 1018 holo-

446 1067 638 1120 caustis
662 1065 909 1126 arietum,
937 1071 984 1115 et
1011 1062 1216 1131 adipem
1260 1077 1508 1132 agnorum
1538 1060 1674 1113 nolo.
1706 1059 1766 1114 Si
1802 1057 2027 1124 offeratis

448 1160 573 1213 mihi
600 1159 837 1220 similam,
869 1173 1051 1211 vanum
1077 1171 1095 1209 :
1127 1155 1403 1225 thymiama
1427 1153 1730 1206 abominatio
1767 1161 1837 1206 est
1863 1151 2027 1204 mihi:

446 1251 733 1306 neomenias
759 1258 946 1302 vestras
967 1257 1013 1301 et
1039 1247 1243 1301 sabbata
1272 1247 1378 1299 odit
1406 1247 1576 1298 anima
1597 1262 1706 1299 mea
1734 1261 1754 1298 :
1773 1245 2027 1317 jejunium

452 1353 498 1395 et
521 1343 653 1396 diem
685 1358 922 1412 magnum
951 1357 1051 1394 non
1073 1340 1201 1409 fero.
1233 1338 1360 1394 Cum
1389 1339 1706 1392 extenderitis
1744 1353 1927 1390 manus
1947 1351 2031 1389 ve-

439 1444 578 1486 stras
621 1431 688 1484 ad
730 1449 808 1484 me
830 1471 845 1496 ,
881 1442 1104 1484 avertam
1147 1429 1318 1483 oculos
1346 1446 1479 1483 meos
1505 1447 1535 1481 a
1561 1428 1698 1483 vobis
1726 1427 1890 1495 (Ibid.
1931 1429 2030 1483 15-

449 1524 745 1591 15).Εειιιθ
777 1524 850 1576 ira
886 1523 1006 1576 huic
1031 1523 1296 1590 aequalis?
1331 1521 1594 1591 Propheta
1639 1522 1827 1574 caelum
1862 1520 2029 1574 advo-

445 1627 552 1683 cat,
583 1617 902 1670 lamentatur
925 1658 941 1683 ,
979 1616 1164 1685 ejulat,
1195 1616 1387 1684 plorat,
1416 1615 1650 1684 dicitque
1675 1614 1784 1681 illi,
1811 1613 1934 1668 Non
1963 1623 2033 1669 est

441 1708 648 1770 vulnus,
695 1723 795 1760 non
823 1716 896 1760 est
922 1707 1132 1760 cicatrix
1158 1722 1177 1761 :
1211 1707 1350 1761 Deus
1393 1707 1642 1761 irascitur
1665 1747 1680 1768 ,
1728 1723 1852 1760 non.
1873 1706 2035 1762 susci-

445 1802 523 1872 pit
546 1801 837 1866 victimam,
863 1815 969 1854 non
1021 1801 1380 1866 neomeniam,
1425 1816 1528 1853 non
1580 1799 1893 1864 sabbatum,
1927 1815 2033 1853 non

445 1894 700 1957 similam,
733 1911 839 1948 non
869 1895 1187 1957 orationem,
1220 1908 1326 1948 non
1356 1909 1605 1947 manuum
1625 1893 2014 1948 extensionem.

457 1985 704 2039 Vidistin'
725 1984 876 2038 ulcus
896 1988 920 2036 Ἰ
961 1984 1197 2038 vidistin’
1219 1983 1460 2040 morbum
1507 1983 1854 2038 incurabilem
1881 2024 1897 2050 ,
1927 1997 2034 2036 non

447 2075 627 2142 unius,
657 2090 760 2130 non
789 2075 1016 2129 duorum
1037 2119 1051 2140 ,
1083 2092 1190 2129 non
1213 2075 1424 2141 decem,
1449 2074 1543 2130 sed
1589 2075 1876 2128 multorum
1916 2073 2036 2128 mil-

459 2167 592 2222 lium
623 2167 806 2233 ?Quid
836 2167 995 2236 igitur
1042 2176 1226 2236 postea
1255 2167 1279 2220 ?
1314 2165 1579 2220 Lavamini
1605 2209 1618 2227 ,
1666 2166 1844 2218 mundi
1885 2173 2037 2219 estote

451 2262 471 2332 (
505 2258 643 2313 Ibid.
679 2258 807 2328 l6).
851 2259 986 2314 Num
1034 2268 1116 2313 est
1163 2268 1438 2328 peccatum
1469 2273 1568 2328 pro
1593 2273 1698 2326 quo
1727 2257 1797 2311 sit
1846 2255 2035 2326 despe-

448 2350 722 2405 randum?
748 2349 863 2420 ipse
895 2351 1151 2404 Dominus
1179 2391 1194 2417 ,
1221 2351 1310 2420 qui
1349 2349 1510 2416 dicit,
1546 2349 1662 2404 Non
1702 2347 1861 2403 audio
1895 2364 2032 2413 vos;

461 2442 593 2496 dicit
621 2444 803 2505 etiam,
831 2440 1115 2496 Lavamini.
1171 2443 1253 2498 Ad
1285 2441 1410 2511 quid
1457 2443 1571 2499 hzec
1601 2443 1835 2512 loqueris
1864 2442 1888 2496 ?
1928 2442 2038 2496 Cur

449 2535 549 2588 ista
576 2534 600 2586 ?
625 2535 784 2589 ambo
813 2547 937 2589 sunt
966 2535 1113 2590 utilia
1146 2553 1158 2588 :
1192 2535 1279 2589 illa
1309 2577 1325 2598 ,
1353 2545 1410 2589 ut
1453 2545 1683 2590 terream
1711 2551 1726 2599 ;
1781 2533 1897 2588 ham
1931 2575 1946 2597 ,
1977 2540 2036 2586 ut

451 2627 738 2683 attraham.
779 2627 834 2684 Si
887 2643 991 2683 non
1018 2629 1169 2684 audis
1209 2629 1327 2684 illos
1355 2671 1368 2693 ,
1402 2645 1550 2698 spem
1593 2629 1780 2683 salutis
1809 2642 1912 2682 non
1943 2627 2039 2680 ha-

451 2730 618 2778 bent:
650 2723 694 2776 si
720 2739 870 2792 spem
917 2724 1103 2779 salutis
1131 2739 1236 2778 non
1265 2725 1463 2780 habent
1489 2765 1506 2788 ,
1535 2739 1631 2780 cur
1659 2723 1792 2777 dicis
1818 2763 1834 2789 ,
1871 2721 2036 2775 Lava-

451 2814 573 2868 mini
605 2815 630 2868 ?
661 2813 855 2868 Verum
884 2814 1040 2870 Pater
1060 2824 1144 2870 est
1171 2815 1397 2871 filiorum
1419 2831 1624 2884 amans,
1648 2815 1795 2870 solus
1824 2817 1992 2870 bonus
2015 2856 2031 2879 ,

455 2904 576 2972 plus
598 2919 755 2974 quam
791 2915 940 2974 pater
968 2904 1035 2960 ad
1065 2907 1587 2962 commiserationem
1618 2921 1839 2976 pronus.
1882 2906 1952 2960 Et
1979 2915 2038 2961 ut

453 2995 634 3050 discas
664 2996 834 3064 ipsum
861 3011 982 3050 esse
1007 3004 1234 3066 patrem,
1266 2997 1340 3050 ait
1369 2998 1493 3062 illis,
1515 2996 1652 3062 Quid
1676 2998 1864 3068 faciant
1892 3038 1906 3059 ,
1933 2994 2038 3049 Ju-

451 3093 519 3144 da
543 3090 569 3143 ?
595 3091 676 3144 An
706 3091 884 3146 nescis
915 3091 1046 3161 quid
1089 3091 1321 3147 facturus
1357 3093 1471 3148 sis?
1517 3093 1649 3148 Novi
1705 3096 1860 3163 plane
1885 3135 1899 3158 ,
1942 3093 2038 3148 sed

452 3183 615 3238 nolo:
646 3182 812 3253 exigit
837 3195 1175 3253 peccatorum
1213 3195 1421 3251 natura,
1451 3184 1544 3240 sed
1572 3185 1786 3240 cohibet
1805 3185 2039 3240 clemen-

450 3275 538 3329 tiae
559 3275 884 3344 magnitudo.
913 3276 1050 3342 Quid
1101 3277 1286 3331 faciam
1321 3277 1460 3333 tibi?
1490 3293 1773 3347 parcamus
1818 3277 1949 3332 tibi?
1985 3286 2040 3330 at

449 3368 664 3437 segnior
689 3369 903 3424 evades.
931 3369 1195 3426 Ultionem
1223 3370 1289 3425 de
1320 3379 1377 3426 te
1404 3372 1657 3425 sumam?
1705 3372 1798 3425 sed
1842 3371 1893 3426 id
1931 3385 2038 3424 non

455 3461 650 3528 patitur
678 3461 957 3517 clementia
982 3479 1121 3518 mea.
1149 3463 1284 3532 Quid
1313 3463 1501 3519 faciant
1533 3465 1666 3520 tibi?
1694 3481 1760 3518 an
1785 3474 1842 3519 ut
1864 3464 2037 3520 Sodo-

454 3566 595 3606 mam
633 3561 685 3606 te
728 3568 964 3622 ponam,
1010 3555 1092 3609 vel
1137 3565 1194 3610 ut
1238 3554 1592 3611 Gomorrham
1647 3566 1882 3618 eveg’am
1938 3556 2040 3610 te?

455 3643 785 3699 Conversum
811 3655 894 3700 est
922 3661 1015 3699 cor
1058 3661 1256 3701 meum.
1290 3647 1497 3702 Alfectu
1523 3648 1639 3702 licet
1672 3661 1870 3702 vacuus
1893 3689 1907 3710 ,
1938 3645 2040 3701 ho-

456 3734 655 3788 minem
682 3733 873 3790 aflectu
919 3735 1197 3805 prteditum
1244 3737 1524 3804 imitatur;
1554 3739 1663 3794 imo
1714 3740 1888 3808 potius
1928 3754 2043 3793 ma-

451 3834 588 3879 trem
615 3824 781 3894 prolis
826 3835 1117 3882 amantem.
1137 3828 1468 3884 Conversum
1491 3838 1574 3884 est
1611 3845 1708 3885 cor
1735 3846 1949 3896 meum;
1976 3845 2040 3886 ac

643 3940 806 3947 _—..._._

451 3933 640 3946 νῇ.

815 3942 1130 3949 -—____

1183 412 1240 472 S.
1285 411 1562 472 JOANMS
1597 411 2070 470 ιὶιιιιιδοετυιιι
2110 410 2428 468 ΛΒΕΙΠΕΡ.
2469 409 3000 468 CONSTANTINOP.

3604 415 3706 470 3H

2137 526 2180 581 si
2217 525 2363 579 dicat
2387 526 2578 580 mulier
2604 526 2673 581 de
2703 541 2887 595 puero,
2919 525 3247 581 Converaum
3278 534 3360 579 est
3401 539 3496 580 cor
3535 542 3711 582 mean.

2132 626 2373 674 materno
2398 634 2566 673 more.
2599 619 2668 672 At
2698 632 2802 672 non
2829 617 2960 672 satis
2984 617 3166 672 habuit
3187 617 3366 687 priora
3389 617 3474 671 illa
3491 616 3712 684 dixisse,

2131 708 2249 770 sed,
2298 707 2554 763 Turbatus
2579 725 2689 762 sum
2717 709 2780 762 in
2799 709 3089 781 pauitantia
3132 725 3243 763 mea
3276 709 3294 778 (
3322 707 3448 762 Osee
3517 711 3603 766 11.
3633 712 3711 780 8).

2139 799 2350 853 Deusne
2377 800 2618 854 turbatur
2643 800 2665 854 ?
2691 800 2866 854 Absit.
2916 798 3126 854 Numen
3170 799 3484 854 turbationis
3525 816 3721 858 exuere

2132 901 2214 944 est
2240 909 2254 956 ;
2287 891 2402 957 sed,
2438 900 2499 946 ut
2517 892 2626 962 jam
2653 893 2788 959 dixi,
2820 901 3061 946 nostrum
3095 892 3342 963 loquendi
3372 909 3571 949 morem
3595 896 3723 948 imi-

2133 991 2293 1038 tatur.
2325 982 2650 1037 Conversum
2703 993 2784 1038 est
2821 1000 2915 1038 cor
2949 999 3161 1047 meum;
3210 985 3490 1050 Lammini,
3543 985 3726 1040 mundi

2133 1085 2308 1128 estote.
2336 1073 2480 1142 Quid
2511 1089 2628 1129 sum
2669 1075 2820 1130 vobis
2850 1075 3157 1146 pollicitus?
3183 1076 3333 1142 Quod
3363 1087 3670 1146 peccatores
3704 1116 3722 1138 .

2132 1168 2290 1221 etiam
2335 1167 2599 1222 sexcentis
2627 1176 2846 1221 onustos
2873 1169 3104 1237 peccatis
3128 1209 3145 1235 ,
3198 1168 3564 1237 ulceribusque
3608 1169 3726 1239 ple-

2135 1275 2251 1322 nos,
2285 1259 2328 1312 si
2365 1260 2727 1327 pmnitentiam
2759 1269 2955 1329 agant,
2986 1260 3123 1314 Deus
3151 1268 3428 1328 susceptos
3453 1261 3521 1313 ita
3548 1268 3723 1327 curet,

2136 1361 2192 1405 ut
2224 1367 2290 1404 ne
2323 1351 2602 1420 vestigium
2636 1393 2649 1414 ,
2683 1360 2740 1404 ut
2791 1366 2859 1405 ne
2901 1351 3199 1406 cicatricem
3224 1392 3240 1417 ,
3273 1359 3330 1404 ut
3375 1367 3442 1405 ne
3470 1351 3727 1405 indicium

2135 1444 2347 1513 quidem
2375 1455 2714 1514 peccatorum
2739 1444 3018 1513 relinquat.
3043 1442 3322 1508 Lammini,
3350 1444 3524 1497 mundi
3547 1454 3726 1508 estote,

2137 1537 2332 1604 auferte
2358 1535 2604 1606 nequitias
2651 1545 2839 1588 vestras
2881 1535 2943 1587 ab
2969 1535 3234 1588 animabus
3279 1535 3452 1590 vestris
3489 1552 3506 1589 :
3549 1535 3733 1589 discite

2138 1631 2259 1682 bene
2283 1632 2447 1698 facere
2475 1629 2495 1700 (
2525 1627 2653 1683 Isai.
2686 1629 2735 1682 1.
2769 1627 2855 1682 16.
2886 1626 2993 1698 17).
3024 1627 3091 1681 Ει
3118 1627 3244 1697 quid
3275 1628 3398 1682 boni
3449 1628 3732 1697 prmoipis?

2135 1717 2371 1772 ludicate
2419 1718 2702 1787 pupillum,
2745 1727 2792 1771 et
2813 1718 3095 1789 justiﬁcate
3136 1717 3374 1773 viduam-
3406 1717 3520 1772 Non
3549 1719 3729 1789 gravia

2143 1820 2407 1878 prwcepta
2460 1821 2604 1874 sunt,
2657 1808 2752 1862 sed
2779 1809 2844 1862 ad
2870 1824 2987 1878 qua:
3033 1818 3217 1863 natura
3247 1809 3358 1877 ipsa
3406 1824 3569 1878 prona
3619 1809 3729 1863 sit:

2139 1901 2346 1956 mulieri
2369 1901 2509 1955 enim
2540 1903 2788 1956 convenit
2809 1902 3194 1957 misericordia.
3236 1901 3302 1956 Et
3326 1903 3505 1966 venite,
3537 1911 3585 1956 et
3614 1903 3726 1956 dis-

2139 1993 2428 2064 ceptemus(
2459 1992 2596 2048 Ibid.
2625 1993 2754 2066 18).
2808 1995 2943 2049 Dicit
2981 1995 3258 2060 Dominus,
3282 1996 3543 2050 modicum
3571 1994 3734 2064 quid-

2141 2089 2283 2157 piam
2314 2088 2470 2144 facite
2494 2131 2508 2154 ,
2532 2103 2585 2144 et
2611 2106 2712 2160 ego
2738 2090 2878 2161 quod
2906 2091 3166 2159 reliquum
3215 2099 3309 2145 est.
3346 2089 3538 2143 addam
3567 2105 3582 2141 :
3609 2089 3735 2142 exi-

2140 2181 2516 2251 gnum-aliquid
2538 2180 2671 2234 mihi
2691 2181 2834 2247 date,
2865 2191 2919 2236 et
2941 2191 3108 2236 totum
3136 2196 3236 2250 ego
3263 2182 3578 2250 impertiam.
3622 2178 3731 2232 Vc-

2140 2274 2263 2327 nite.
2292 2273 2533 2340 Quonam
2560 2275 2857 2329 abeamus?
2911 2275 3000 2329 Ad-
3038 2290 3145 2336 me,
3185 2290 3341 2344 quem
3373 2273 3727 2342 provocastis,

2140 2380 2297 2434 quem
2325 2365 2600 2431 irritastis;
2623 2364 2689 2419 ad
2719 2381 2805 2420 me
2829 2365 3082 2436 quivdico,
3109 2364 3232 2418 Non
3255 2364 3544 2426 audiovos,
3567 2371 3625 2415 ut
3648 2363 3736 2415 in-

2144 2457 2522 2513 terminatione
2547 2459 2816 2528 perterriti
2842 2500 2857 2524 ,
2891 2459 3024 2513 iram
3064 2457 3284 2513 sedetis.
3315 2456 3505 2512 Venite
3529 2455 3594 2509 ad
3619 2470 3730 2508 non

2143 2547 2447 2604 audientem
2477 2589 2496 2616 ,
2524 2559 2582 2604 ut
2608 2549 2808 2604 audiat.
2859 2549 2926 2604 Et
2965 2549 3091 2618 quid
3141 2549 3306 2604 facis?
3335 2548 3450 2603 Non
3490 2547 3742 2617 relinquo

2144 2639 2428 2709 vestigium
2461 2681 2477 2706 ,
2517 2655 2623 2694 non
2653 2640 2882 2695 indicem
2913 2683 2929 2708 ,
2961 2655 3066 2694 non
3094 2640 3419 2695 cicatricem.
3460 2637 3658 2703 Venite,
3686 2646 3740 2691 et

2143 2730 2493 2800 disceptemus,
2521 2731 2645 2784 dicit
2675 2730 2922 2785 Dominus
2955 2747 2972 2783 :
3020 2739 3075 2785 et
3112 2730 3280 2796 addit,
3325 2729 3388 2784 Si
3407 2729 3595 2798 fuerint
3620 2745 3739 2795 pec-

2143 2831 2257 2874 cata
2279 2831 2443 2876 vestra
2465 2831 2522 2877 ut
2549 2823 2844 2888 coccinum,
2875 2822 3022 2892 quasi
3047 2822 3210 2876 nivem
3252 2819 3495 2875 dealbabo
3541 2832 3560 2890 ι
3591 2817 3734 2872 Ibid.

2145 2913 2256 2984 18).
2304 2912 2562 2970 Numeubi
2611 2915 2876 2969 cicatrix?
2926 2913 3177 2968 numcubi
3221 2927 3349 2982 ruga
3397 2912 3556 2966 etiam
3607 2925 3734 2964 cum

2143 3007 2324 3061 colore
2348 3006 2702 3075 expiationis?
2728 3007 2793 3060 Et
2821 3007 2864 3060 si
2890 3007 3076 3077 fuerint
3102 3014 3156 3058 ut
3184 3006 3457 3067 coccinum,
3483 3005 3628 3072 quasi
3650 3003 3738 3054 la—

2147 3114 2268 3152 nam
2297 3097 2565 3153 dealbabo.
2624 3097 2889 3154 Numcubi
2941 3099 3210 3168 nigricans
3250 3097 3450 3152 color?
3487 3096 3751 3149 nmncubi

2147 3191 2352 3244 macula
2379 3189 2486 3244 ?Et
2514 3205 2623 3260 quo
2651 3201 2805 3260 pacto
2857 3191 2992 3246 ﬂuat
3018 3191 3161 3245 ista?
3189 3189 3324 3244 Num
3351 3189 3468 3242 alia:
3498 3188 3736 3256 promis-

2147 3281 2375 3336 siones?
2421 3297 2483 3335 os
2530 3283 2672 3337 enim
2723 3283 2932 3338 Domini
2981 3283 3096 3338 haec
3143 3283 3418 3352 quuutum
3465 3290 3565 3336 est.
3617 3279 3749 3333 Non

2147 3373 2318 3426 solum
2343 3373 2758 3442 magnitudinem
2784 3375 2958 3430 vidisti
2997 3377 3378 3444 promissorum
3407 3415 3422 3438 ,
3450 3373 3542 3427 sed
3571 3382 3624 3425 et
3647 3371 3740 3426 di-

2146 3465 2402 3536 gnitatem
2429 3467 2720 3536 largientis.
2750 3468 2859 3522 Deo
2888 3470 3030 3523 enim
3061 3467 3330 3538 possibilia
3361 3474 3485 3520 sunt
3503 3464 3682 3518 omnia
3711 3506 3726 3528 ,

2148 3558 2237 3626 qui
2266 3567 2441 3627 potest
2461 3574 2490 3612 a
2520 3559 2736 3614 sordido
2760 3559 2935 3615 facere
2955 3559 3233 3615 mundum.
3254 3559 3406 3613 Hunc
3435 3558 3591 3627 igitur
3614 3571 3752 3610 cum

2147 3651 2492 3716 audierimus,
2523 3663 2576 3707 et
2601 3653 2927 3722 paenitentiae
2957 3653 3218 3708 medelam
3249 3651 3554 3706 noverimus
3576 3690 3592 3712 ,
3619 3650 3740 3718 glo-

2149 3743 2281 3795 riam
2331 3741 2430 3810 ipsi
2478 3744 2904 3799 transmittamus
2936 3760 2953 3796 :
2981 3744 3112 3814 quia
3154 3742 3318 3813 ipsius
3345 3750 3429 3795 est
3470 3738 3638 3810 gloria
3683 3745 3754 3792 et

2153 3833 2435 3901 imperium
2461 3833 2512 3887 in
2535 3835 2752 3888 sa3cula.
2779 3835 2973 3889 Amen.

454 4014 536 4056 DE
581 4014 1024 4069 POENITENTIA,
1071 4017 1152 4058 ET
1197 4017 1278 4058 DE
1335 4016 1415 4058 IIS
1459 4016 1566 4068 QUI
1615 4021 1651 4061 Δ
1697 3984 2031 4060 εοιιιζοτιὲ
2089 4019 2498 4079 ABF’UERUNT,
2571 4023 2856 4075 ITEMQUE
2900 4022 2981 4063 DE
3038 4021 3232 4064 SACRA
3278 4021 3485 4063 MENSA
3531 4019 3611 4061 ΕΤ
3654 4017 3746 4060 ιιι

1939 4098 2190 4140 JL‘DICIO
2224 4086 2262 4141 ί.

1088 4218 1303 4257 ιιοιιιιιΑ
1332 4218 1403 4256 IX.

528 4337 986 4406 Quemadmodum
1037 4337 1168 4391 nihil
1201 4337 1418 4406 prodest
1462 4337 1523 4391 iis
1549 4339 1635 4402 ιιιιὶ
1667 4339 1954 4403 seminaut,
2001 4339 2044 4392 si

452 4430 607 4499 juxta
660 4431 796 4482 viam
838 4433 1041 4482 semina
1081 4428 1281 4498 jaciant
1309 4447 1321 4481 :
1352 4429 1421 4482 ita
1468 4444 1640 4498 neque
1689 4429 1841 4484 nobis
1888 4429 2044 4498 quid-

458 4538 618 4592 quam
654 4521 914 4592 proderit,
954 4521 1000 4575 si
1029 4519 1315 4574 Christiani
1363 4518 1624 4583 dicamur,
1666 4520 1766 4575 nisi
1794 4536 1911 4589 qua:
1954 4535 2049 4588 ap-

460 4613 730 4682 pellatioui
774 4621 968 4666 nostra:
994 4611 1319 4667 conveniant
1358 4625 1519 4678 opera
1553 4620 1888 4679 prmstemus.
1918 4610 2047 4678 Ejus

457 4703 556 4764 rei,
599 4703 643 4757 si
689 4703 880 4771 placet,
907 4701 1172 4756 adhibebo
1201 4701 1302 4755 fide
1348 4701 1564 4772 dignum
1608 4710 1795 4756 testem
1829 4702 2045 4756 fratrem

457 4797 550 4850 Dei
595 4794 854 4848 Jacobum
897 4795 1198 4848 dicentem:
1232 4793 1386 4847 Fides
1429 4794 1536 4846 sine
1581 4793 1814 4862 operibus
1849 4805 2050 4847 mortua

456 4899 530 4942 est
561 4886 741 4960 (Iacob
788 4888 841 4942 9..
875 4886 985 4958 17).
1021 4889 1158 4956 Ergo
1184 4887 1376 4956 ubique
1408 4901 1541 4956 opus
1566 4897 1647 4939 cst
1678 4887 2044 4940 mandatorum

458 4979 770 5048 Operatione
795 4996 808 5032 :
841 4995 960 5031 nam
990 4979 1074 5032 illa
1101 4979 1340 5039 absente.
1374 4993 1544 5043 neque
1563 4977 1848 5032 Christiani
1879 4979 2049 5030 nomi-

463 5072 547 5124 nis
575 5070 862 5140 appellatio
882 5070 1032 5124 nobis
1064 5070 1320 5140 prodesse
1351 5070 1564 5138 poterit.
1601 5069 1666 5124 Et
1705 5085 1773 5122 ne
1814 5069 2043 5122 mireris.

455 5161 592 5229 Quid
638 5163 807 5226 enim,
847 5160 934 5214 dic
985 5160 1136 5223 mihi,
1182 5161 1313 5213 lucri
1359 5160 1519 5214 habet
1568 5160 1719 5214 miles
1757 5161 1967 5230 quando
1995 5161 2047 5213 in

459 5253 697 5308 exercitu
725 5263 826 5316 est,
856 5253 956 5306 nisi
985 5253 1173 5306 militia
1200 5251 1388 5320 dignus
1414 5253 1512 5316 sit,
1539 5262 1592 5305 et
1619 5267 1714 5321 pro
1741 5267 1862 5320 rege
1893 5267 1921 5304 a
1943 5268 2047 5320 quo

549 5507 746 5561 Titulus
799 5509 846 5558 in
905 5509 1124 5561 Colbert.
1150 5545 1162 5568 ,
1227 5509 1453 5572 Ejusdem
1485 5511 1547 5560 de
1577 5512 1857 5560 necessitate
1894 5509 2049 5560 sacris

461 5573 714 5634 (assistendi
730 5572 955 5634 collectis,
975 5573 1150 5634 rejecto
1170 5571 1661 5632 omniimpedimento,
1679 5578 1724 5622 et
1746 5577 1806 5622 de
1823 5571 2051 5631 pwniten-

459 5632 546 5689 tia,
571 5648 727 5682 sermo
747 5632 1037 5696 tiigesinttts,
1057 5633 1324 5696 secundum
1343 5635 1688 5696 ttss.ordinem.
1720 5636 1906 5684 Initium
1931 5647 2050 5696 vero

463 5687 702 5767 sermonis
717 5699 794 5767 sic
807 5687 958 5767 liabet
982 5707 996 5744 :
1016 5687 1207 5764 Dilecti,
1234 5694 1534 5767 nausa/ﬁcit
1573 5708 1658 5767 nos
1695 5700 1872 5767 temere
1894 5702 1952 5767 let
1973 5695 2048 5767 in-

467 5756 678 5820 consqu
699 5757 995 5820 Citristitatos
1025 5755 1287 5820 nominari,
1305 5763 1368 5818 et,
1403 5755 1451 5820 si
1471 5755 1676 5820 placeat,
1710 5756 1947 5820 adhibebo
1967 5763 2048 5820 te-

469 5820 587 5883 stem
610 5815 706 5883 fide
730 5817 932 5880 dignum
962 5819 1164 5883 fratrem
1201 5819 1288 5870 Dei
1317 5815 1547 5870 Jacobitm
1577 5815 1814 5872 dicentem
1839 5832 1856 5870 :
1886 5817 2044 5871 Fides.

467 5877 590 5924 intra
611 5877 842 5940 deest,'Ct
864 5892 922 5930 ne
947 5877 1153 5932 mireris.

2151 4205 2333 4270 alitur,
2382 4207 2647 4262 militet“?
2691 4207 2849 4262 Forte
2889 4216 3088 4266 autem,
3142 4206 3350 4260 tametsi
3387 4204 3621 4258 terribile
3657 4213 3751 4258 est

2151 4297 2289 4364 quod
2320 4284 2531 4364 dicitur,
2577 4299 2763 4354 melius
2803 4300 2850 4352 ci
2896 4308 3011 4354 erat
3051 4315 3153 4352 non
3197 4299 3442 4358 militare,
3483 4310 3642 4365 quam
3684 4296 3744 4350 in

2152 4388 2337 4440 militia
2368 4404 2550 4443 curam
2578 4400 2633 4444 et
2667 4391 2922 4445 honorem
2969 4391 3108 4460 regis
3147 4391 3438 4460 negligere.
3466 4387 3569 4455 Qui
3593 4389 3743 4444 enim

2151 4480 2263 4534 ﬁeri
2295 4491 2469 4550 putest
2495 4491 2554 4536 ut
2592 4497 2698 4536 non
2743 4483 2994 4552 puniatur
3025 4483 3090 4546 is,
3117 4481 3205 4550 qui
3246 4496 3275 4534 a
3321 4495 3446 4550 rege
3485 4473 3760 4543 nutritur,

2152 4587 2250 4640 pro
2292 4587 2416 4642 rege
2463 4583 2638 4626 autem
2685 4588 2790 4626 non
2838 4573 3048 4627 certat?
3095 4571 3232 4639 Quid
3281 4581 3455 4625 autem
3493 4569 3614 4623 dics
3642 4584 3745 4638 pro

2151 4667 2317 4734 rege?
2356 4666 2556 4720 utinam
2585 4666 2745 4721 etiam
2778 4681 2873 4735 pro
2917 4666 3113 4720 nostris
3138 4664 3416 4718 animabus
3443 4677 3620 4717 curam
3648 4677 3744 4731 ge-

2151 4773 2395 4812 reremus
2431 4758 2538 4813 iEt
2580 4759 2867 4828 quomodo,
2912 4759 3006 4822 ait,
3046 4757 3300 4828 possibile
3345 4757 3398 4811 in
3444 4753 3640 4810 mundo
3686 4761 3745 4808 et

2155 4851 2331 4905 medio
2360 4850 2634 4905 hominum
2676 4854 2752 4907 sic
2781 4861 3079 4906 versantem
3124 4850 3362 4905 salvari?
3405 4849 3539 4916 Quid
3577 4847 3740 4909 dicis,

2153 4942 2354 4997 homo?
2394 4944 2484 4997 Vis
2529 4945 2760 4998 breviter
2802 4943 3079 4998 ostendam
3126 4958 3230 4996 non
3279 4956 3399 4996 esse
3426 4942 3598 4994 locum
3646 4937 3740 5007 qui

2151 5036 2336 5097 salvet,
2383 5035 2476 5088 sed
2519 5051 2697 5089 mores
2719 5045 2773 5088 et
2801 5036 3122 5088 voluntatem
3146 5034 3170 5085 ’ἶ
3193 5033 3360 5087 Adam
3393 5033 3442 5086 in
3468 5030 3738 5101 paradiso,

2153 5137 2210 5180 ut
2239 5127 2290 5181 in
2331 5138 2484 5197 portu
2519 5128 2848 5198 naufragium
2893 5127 3017 5182 fecit
3046 5125 3196 5199 (Gen.
3225 5126 3282 5194 '5)
3313 5143 3326 5178 :
3358 5124 3488 5179 Loth
3540 5124 3590 5177 in
3638 5124 3742 5177 So-

2151 5220 2324 5274 domis
2345 5222 2481 5274 sicut
2508 5222 2560 5274 in
2590 5222 2775 5290 pelago
2803 5231 3043 5274 servatus
3072 5229 3153 5272 est
3181 5218 3331 5288 (Gen.
3385 5218 3474 5284 19;
3499 5233 3512 5268 :
3537 5214 3639 5270 Job
3690 5215 3737 5268 in

2151 5323 2388 5367 stercore
2441 5314 2759 5382 jnstiticatus
2803 5323 2886 5368 est
2930 5313 3048 5383 (Job
3091 5312 3147 5383 2)
3191 5311 3355 5367 :Saiil
3400 5311 3487 5364 ille
3535 5309 3586 5362 in
3628 5309 3739 5360 the.

2152 5405 2323 5458 Sauris
2378 5420 2599 5460 versans
2668 5421 2831 5475 regno
2886 5405 3133 5474 praesenti
3197 5413 3248 5456 et
3300 5403 3476 5456 futuro
3540 5399 3740 5454 excidit

2153 5496 2366 5566 (LReg.
2383 5497 2494 5563 18).
2519 5498 2631 5552 Νοιι
2653 5504 2736 5552 est
2755 5497 3016 5563 defensio,
3038 5495 3178 5566 quod
3209 5495 3364 5560 dicis,
3390 5493 3502 5547 Non
3524 5506 3738 5561 possum

2154 5589 2204 5641 in
2221 5589 2417 5643 mundo
2444 5589 2665 5653 versari,
2695 5601 2853 5658 atque
2885 5589 2936 5642 in
2971 5587 3146 5641 medio
3161 5586 3491 5655 negotiorum
3511 5581 3724 5638 salvari.

2155 5679 2261 5734 Sed
2291 5679 2405 5734 haec
2431 5681 2608 5750 gravia
2637 5680 2775 5735 unde
2814 5679 3101 5734 accidunt?
3125 5677 3257 5745 Quia
3287 5677 3376 5730 alii
3401 5672 3594 5730 divinis
3621 5687 3743 5742 ιιι-θ’

2217 5819 2233 5850 ί
2262 5825 2309 5866 ιιι
2328 5817 2480 5872 Colh.,
2495 5817 2619 5878 Quid
2636 5817 2764 5867 enim
2782 5817 2906 5868 lucri
2924 5815 3062 5866 habet
3086 5811 3223 5878 miles
3245 5819 3316 5864 car-
3327 5807 3516 5871 militia,
3541 5823 3628 5861 nan
3646 5818 3740 5871 τω

2156 5877 2329 5931 virtute
2370 5875 2568 5932 militem
2593 5881 2728 5933 dccct
2750 5893 2840 5936 aro
2863 5891 2974 5942 reg:
2997 5875 3206 5929 unum?
