4066 6392
274 443 382 498 353

278 560 466 634 ἐπειδὴ
498 559 606 632 γάρ
626 559 805 616 αύτῶν
831 561 921 615 τὸν
943 561 1144 632 τρόπον
1171 563 1533 634 ἐμιμησαντο,
1566 565 1658 617 καὶ
1689 564 1750 616 16
1775 563 1948 634 ὄνομα

280 653 462 714 αὐτοῖς
511 651 806 722 ἐπιτίθησι.
875 650 1072 715 Δεῦτε,
1124 651 1426 705 ἀκούσατε
1475 651 1661 721 λόγον
1699 654 1943 720 Κυρίου,

277 738 567 808 ἄρχοντες
618 738 898 808 Σοδόμων
948 740 1046 793 καί
1093 741 1421 808 Γομόρρας.
1470 740 1530 793 Τί
1572 757 1673 808 μοι
1712 739 1947 806 πλῆθος

278 826 396 880 τῶν
425 826 649 880 θυσιῶν
680 826 882 896 ὑμῶν;
911 826 1073 896 λέγει
1102 826 1340 895 Κύριος.
1385 828 1633 895 Πλήρης
1667 828 1783 897 ειμι
1809 831 1945 882 ὀλο-

277 912 677 983 καυτωμάτων
708 914 906 983 κριῶν,
943 915 1041 968 καὶ
1085 917 1270 984 στέαρ
1298 914 1498 983 ἀρνῶν
1523 917 1594 968 οὐ
1622 916 1942 984 βούλομαι.

292 1002 419 1054 Ἐὰν
461 1001 840 1070 προσφέρητέ
872 1020 971 1072 μοι
1003 1002 1340 1071 σεμίδαλιν,
1369 1001 1655 1070 μάταιον·
1685 1004 1947 1070 θυμίαμα

274 1086 588 1156 ,βδέλυγμά
629 1106 730 1156 μοι
783 1089 946 1142 ἐστί·
1006 1089 1112 1155 τὰς
1161 1090 1480 1159 νεομηνίας
1523 1087 1689 1158 ὑμῶν
1729 1089 1827 1142 καί
1878 1089 1948 1142 τὰ

278 1173 546 1228 σάϐϐατα
570 1175 741 1244 μισεῖ
777 1177 815 1243 ἡ
857 1177 1026 1245 ψυχή
1063 1191 1214 1245 μου·
1258 1177 1550 1244 νηστείαν
1579 1176 1676 1230 καὶ
1719 1175 1948 1245 ἡμέραν

277 1259 552 1330 μεγάλην
581 1264 691 1316 οὐκ
732 1263 1039 1332 ἀνέχομαι.
1075 1264 1249 1316 Ὅταν
1274 1264 1576 1330 ἐκτείνητε
1616 1263 1724 1330 τὰς
1744 1263 1948 1333 χεῖρας

279 1346 445 1416 ὑμῶν
481 1349 628 1415 πρὸς
648 1348 746 1418 μὲ,
776 1350 1136 1420 ἀποστρέψω
1157 1351 1298 1417 τοὺς
1326 1352 1670 1421 ὀφθαλμούς
1692 1369 1812 1419 μου
1844 1351 1945 1419 ἀφ’

278 1432 462 1502 ὑμῶν.
502 1435 618 1487 Ἐνι
656 1435 754 1504 τῆς
785 1437 953 1508 ὀργῆς
993 1437 1196 1509 ταύτης
1234 1437 1379 1502 ἵσον;
1436 1438 1495 1490 ὐ
1538 1439 1821 1509 προφήτης
1855 1439 1946 1494 τὸν

277 1521 502 1594 οὐρανὸν
545 1522 716 1584 καλεῖ,
774 1523 982 1594 θρηνεῖ,
1034 1525 1376 1594 ὀλοφύρεται,
1424 1525 1706 1596 ὀδύρεται,
1762 1525 1942 1595 λέγει·

273 1612 393 1664 οὐκ
421 1611 512 1664 ἔνι
544 1611 793 1680 τραῦμα,
826 1615 936 1666 οὐκ
968 1613 1057 1667 ἔνι
1095 1614 1356 1683 μώλωψο
1404 1617 1433 1668 ὀ
1479 1614 1610 1678 Θεὸς
1646 1614 1944 1684 ὀργίζεται,

275 1698 336 1750 ού
363 1697 578 1768 δέχεται
611 1699 824 1762 θυσίαν,
858 1701 920 1753 οὐ
963 1701 1273 1772 νεομηνίαν,
1315 1702 1376 1755 ού
1419 1700 1705 1765 σάϐϐατον,
1745 1704 1806 1756 ού
1855 1719 1944 1755 σε·

279 1785 509 1856 μὶδαλιν,
539 1787 638 1840 οὐκ
680 1787 868 1858 εὐχὴν,
909 1788 1010 1841 ούκ
1053 1788 1271 1842 ἔκτασιν
1305 1788 1522 1860 χειρῶν.
1566 1786 1718 1852 Εἶδες
1757 1790 1942 1856 ἓλκοςς

276 1867 413 1934 εἶδες
446 1871 658 1943 νόσημα
700 1873 941 1936 ἀνίατον,
970 1875 1068 1945 ούχ
1114 1875 1252 1942 ἐνὸς,
1295 1877 1355 1928 ού
1390 1874 1502 1938 δύο,
1545 1876 1606 1929 ού
1633 1876 1782 1940 δέκα,
1810 1876 1943 1930 ἀλλά

278 1955 558 2026 χιλιάδωνς
607 1961 672 2013 Τί
712 1956 806 2015 οὖν
858 1963 994 2032 μετά
1036 1963 1240 2028 ταῦτα;
1295 1965 1648 2026 Λούσασθε,
1701 1963 1944 2030 καθαροί

274 2049 536 2115 γίνεσθε.
570 2049 659 2119 Μή
692 2052 839 2102 ἐστιν
877 2050 1118 2121 ἁμαρτία
1161 2051 1467 2118 ἀπόγνωσιν
1502 2050 1731 2120 έχουσα;
1772 2051 1944 2113 Αὐτὸς

273 2133 419 2202 λέγει
445 2138 474 2188 6
502 2135 654 2197 Θεὸς,
686 2137 786 2189 οὐκ
814 2137 997 2190 ἀκούω
1023 2137 1176 2208 ὑμῶν
1198 2154 1211 2166 ο
1243 2139 1335 2191 καὶ
1358 2138 1534 2206 λέγεις
1555 2156 1568 2167 ·
1603 2139 1940 2193 Λοὺσασθε.

275 2222 368 2284 Εἰς
408 2222 462 2274 τί
511 2225 691 2275 ὲκεῖνα
727 2223 941 2293 λέγεις;
987 2226 1081 2290 Et;
1118 2225 1170 2278 τί
1197 2223 1402 2287 ταῦτας
1449 2225 1733 2296 χρησίμως
1768 2225 1944 2296 ἀμφό-

273 2326 405 2380 τερα
427 2327 438 2338 ·
468 2311 669 2373 ἐκεῖνα,
703 2310 788 2364 ἵνα
818 2312 1167 2383 φοϐήσωμαι,
1191 2312 1381 2376 ταῦτα,
1412 2313 1498 2367 ἴνα
1525 2313 1940 2383 ὲπισπάσωμαι.

275 2397 336 2450 Ei
363 2399 463 2452 οὐκ
490 2397 707 2463 ἀκούεις
735 2399 936 2465 αὐτῶν,
965 2400 1066 2454 οὐκ
1095 2399 1307 2470 έχουσιν
1335 2400 1522 2454 ὲλπίδα
1559 2401 1862 2472 σωτηρίας·
1895 2403 1944 2454 εἰ

271 2487 373 2541 οὐκ
399 2486 610 2555 ἔχουσιν
645 2486 837 2540 ἐλπίδα
868 2487 1160 2558 σωτηρίας,
1192 2489 1312 2552 πῶς
1351 2488 1550 2558 λέγεις,
1592 2491 1944 2552 Λούσασθε;

287 2573 448 2626 Ἀλλά
514 2575 696 2645 πατήρ
759 2575 876 2628 ἐστι
938 2575 1308 2647 φιλόστοργος,
1342 2577 1498 2646 μόνος
1556 2575 1792 2644 ἀγαθὸς,
1849 2577 1946 2629 καὶ

276 2661 774 2732 σπλαγχνιζόμενος
821 2662 961 2732 ὑπὲρ
1019 2664 1250 2734 πατέρα.
1302 2664 1410 2716 Καὶ
1467 2664 1552 2716 ἵνα
1607 2663 1808 2736 μάθῃς,
1863 2665 1944 2716 ὅτι

275 2750 460 2820 πατήρ
505 2749 642 2812 ἐστι,
688 2749 835 2816 λέγει
879 2751 1095 2814 αὐτοῖς’
1143 2751 1203 2804 Τί
1241 2749 1494 2815 ποιήσω,
1558 2750 1786 2814 Ἰούδας
1832 2751 1946 2804 Ούκ

275 2829 421 2898 οἶδας
465 2835 517 2889 τί
573 2838 848 2909 ποιήσεις;
897 2832 1062 2892 Οίδαο
1112 2837 1226 2891 ἀλλ’
1263 2837 1323 2890 ού
1382 2836 1673 2907 βούλομαιο
1727 2837 1947 2890 ἀπαιτεῖ

273 2921 384 2975 τῶν
412 2924 827 2994 ἁμαρτημάτων
864 2926 897 2995 ὴ
931 2927 1110 2994 φύσις,
1144 2927 1237 2978 καὶ
1263 2924 1481 2994 κατέχει
1509 2925 1608 2994 τῆς
1640 2924 1945 2994 φιλανθρω-

275 3005 404 3067 πίας
435 3005 497 3057 16
537 3005 782 3075 μέγεθος.
818 3006 883 3058 Τί
933 3023 1014 3059 σοι
1051 3008 1293 3076 ποιήσω;
1347 3006 1605 3075 Φείσομαί
1639 3022 1765 3067 σου;
1811 3005 1946 3058 ἀλλά

277 3093 400 3164 γίνῃ
431 3091 818 3165 ῥᾳθυμότερος.
864 3092 1002 3145 Ἀλλ’
1031 3092 1242 3146 ἐπέλθω
1269 3110 1384 3157 σοι;
1419 3093 1532 3145 ἀλλ’
1560 3093 1659 3146 οὐκ
1695 3094 1944 3163 ἀνέχεται

274 3179 310 3248 ἠ
344 3177 734 3249 φιλανθρωπία.
770 3179 835 3232 Τί
866 3195 945 3232 σοι
977 3181 1220 3251 ποιήσω;
1251 3181 1325 3244 ὡς
1360 3179 1569 3250 Σόδομα
1600 3179 1831 3250 θήσομαί
1862 3196 1940 3242 σε,

275 3266 372 3318 καὶ
413 3265 487 3328 ὡς
530 3267 567 3318 Γ
570 3266 780 3339 ὀμορῤα
828 3267 978 3339 [548]
1029 3268 1388 3338 καταστρέφω
1435 3285 1528 3334 σε;
1599 3269 1870 3338 Ἐστράφη
1911 3271 1945 3338 ἡ

276 3351 472 3421 καρδία
513 3369 636 3422 μου.
702 3351 760 3404 ὐ
809 3353 1024 3421 ἀπαθὴς
1075 3354 1297 3424 ὲμπαθῆ
1343 3353 1628 3425 ἄνθρωπον
1675 3357 1942 3424 μιμεῖται,

280 3437 476 3508 μᾶλλον
499 3437 555 3491 δὲ
581 3439 791 3511 μητέρα
820 3440 1190 3510 φιλόστοργον.
1228 3441 1502 3511 Ἐστράφη
1527 3443 1560 3511 ἡ
1589 3440 1784 3509 καρδία
1809 3457 1908 3508 μου
1930 3455 1944 3469 ·

276 3527 413 3597 ὅπερ
439 3525 505 3579 ἂν
530 3527 671 3580 είποι
702 3528 839 3599 γυνὴ
872 3528 964 3580 ἐπὶ
989 3528 1200 3581 παιδίου
1220 3545 1233 3558 ·
1266 3529 1508 3599 ἐστράφη
1614 3527 1811 3596 καρδία
1843 3545 1945 3598 μου

377 3746 632 3758 '——__.

731 3750 938 3760 ...-

1553 3754 1836 3761 ———.—_

1454 446 1542 503 DE
1582 447 2056 506 NENITENTIA.
2100 448 2334 505 HOMIL.
2381 451 2474 505 IX.

1869 3753 2063 3760 ...ι-ῤ-

3610 453 3711 509 5-H

2053 564 2193 617 κατά
2219 564 2315 636 τὴν
2344 566 2575 636 μητέρα.
2622 566 2762 620 Ἀλλ’
2793 570 2893 622 ούκ
2913 570 3156 642 ἠρκέσθη
3185 576 3250 645 τῇ
3280 575 3517 647 προτέρᾳ
3541 573 3716 642 λέξει·

2048 652 2186 718 ἀλλ’,
2231 653 2599 722 Ἐταρὰχθην
2616 654 2686 706 ἐν
2716 654 2789 723 τῇ
2807 661 3165 727 μεταμελείᾳ
3189 678 3325 729 μου,
3357 662 3484 726 Θεὸς
3516 665 3712 734 ταράτ-

2045 756 2231 804 τεται;
2263 740 2505 808 Ἀπαγεί
2562 740 2636 811 μὴ
2683 741 2923 809 γένοιτοε
2978 746 3247 816 ἀτάραχον
3292 747 3354 801 16
3393 748 3564 802 Θεῖον’
3602 749 3715 802 ἀλλ’

2045 829 2179 899 ὅπερ
2224 824 2396 892 εἷπον,
2449 833 2698 900 μιμεῖται
2747 831 2847 894 τὰς
2894 831 3066 899 λέξεις
3119 835 3324 904 ήμῶν.·
3365 836 3638 908 Ἐστρὰφη
3679 850 3697 890 1

2048 915 2243 986 καρδία
2275 932 2376 985 μου
2397 932 2408 946 ·
2446 917 2786 980 Λούσασθε,
2817 921 3057 988 καθαροὶ
3097 922 3352 989 γίνεσθε.
3387 924 3452 976 Τί
3483 926 3701 995 ὑπεσχό-

2050 1020 2158 1074 μην
2183 1004 2339 1073 ὐμῖν;
2373 1005 2489 1058 Ὅτι
2527 1007 2650 1068 τοὺς
2681 1007 3055 1076 ἁμαρτωλοὺς,
3083 1011 3175 1062 καὶ
3217 1012 3423 1082 μυρίων
3451 1013 3713 1084 γέμοντας

2045 1089 2481 1160 ἁμαρτημάτων,
2539 1092 2633 1144 καὶ
2687 1092 3036 1163 ήλκωμένους
3069 1095 3248 1149 λαϐὼν
3294 1101 3323 1151 6
3368 1098 3500 1161 Θεὸς
3550 1110 3716 1170 μετα-

2045 1175 2324 1240 νοοῦντας,
2360 1177 2502 1230 οὖτω
2532 1177 2841 1249 θεραπεύει,
2877 1180 2952 1242 ὡς
2987 1181 3061 1252 μὴ
3107 1183 3321 1252 ἀφεῖναι
3352 1186 3531 1250 αὐτοῖς
3575 1187 3717 1257 ἴχνος

2047 1262 2478 1335 ἁμαρτημάτων,
2532 1264 2608 1328 ὼς
2657 1267 2730 1337 μὴ
2782 1268 2996 1336 ἀφεῖναι
3040 1269 3221 1342 οὐλὴν,
3261 1271 3337 1334 ὼς
3383 1272 3456 1343 μὴ
3499 1274 3718 1342 ἀφεῖναι

2027 1351 2366 1422 ὑπόμνημα.
2408 1353 2744 1412 Λούσασθε,
2782 1357 3024 1423 καθαροί
3055 1359 3311 1426 ¹Γίνεσθε,
3334 1360 3588 1428 ἀφέλετε
3613 1361 3720 1428 τὰς

2047 1441 2337 1507 ,πονηρίας
2381 1439 2548 1508 ὑμῶν
2572 1440 2691 1494 ἀπὸ
2723 1441 2843 1494 τῶν
2883 1442 3099 1512 ’ψυχῶν
3129 1445 3326 1515 ὑμῶν·
3362 1447 3580 1517 μάθετε
3615 1467 3720 1504 κα-

2046 1526 2162 1580 λὸν
2193 1527 2402 1581 ποιεῖν.
2441 1529 2552 1581 Καὶ
2581 1527 2742 1582 καλὸν
2769 1530 2822 1582 τί
2861 1531 3204 1598 ὲπιτάττεις;
3253 1535 3500 1601 Κρίνατε
3536 1537 3718 1604 ὀρείας

2047 1615 2157 1668 νὸν
2178 1615 2278 1668 καί
2297 1614 2648 1668 δικαιώσατε
2662 1616 2876 1684 χήραν.
2901 1618 3035 1672 Ούδὲ
3062 1619 3232 1692 βαρέα
3259 1620 3329 1674 τὰ
3350 1622 3716 1694 ἐπιτάγματα,

2047 1701 2320 1768 ἀλλὰκαὶ
2354 1703 2454 1754 ὅσα
2504 1704 2538 1774 ἡ
2593 1702 2754 1771 φύσις
2804 1704 3112 1772 ἐπίσταται,
3167 1709 3250 1760 ὅτι
3293 1711 3388 1762 καὶ
3439 1712 3656 1778 γυναικὶ
3688 1713 3718 1763 6

2048 1789 2195 1853 ἔλεος
2230 1789 2515 1860 συμφέρει.
2550 1790 2659 1845 Καὶ
2706 1791 2897 1854 δεῦτε.
2952 1795 3048 1848 καί
3103 1795 3530 1866 διαλεχθῶμεν,
3557 1797 3720 1868 λέγει

2043 1877 2289 1944 Κύριος·
2324 1879 2584 1946 ποιήσατε
2640 1880 2853 1951 μικρὸν,
2903 1881 2996 1934 καὶ
3024 1881 3084 1934 16
3122 1882 3305 1937 λοιπὸν
3350 1883 3461 1952 ἐγὼ
3493 1885 3718 1955 προσ-τίοι

2045 1963 2216 2034 θημι·
2269 1965 2448 2033 ὀλίγον
2484 1981 2572 2035 μοι
2620 1966 2770 2031 δότε,
2825 1967 2919 2020 καὶ
2958 1969 3018 2020 τὸ
3062 1968 3181 2022 ὅλον
3235 1969 3346 2038 ἐγὼ
3402 1971 3716 2043 χαρίζομαι.

2044 2051 2238 2105 Δεῦτε.
2278 2054 2388 2106 Καὶ
2413 2053 2514 2106 πού
2545 2055 2908 2125 ἀπέλθωμεν;
2941 2055 3082 2126 Πρὸς
3115 2057 3234 2126 ὲμὲ,
3257 2059 3317 2111 ὂι
3339 2060 3717 2130 παρωξύνατε,

2043 2137 2102 2190 ὃν
2129 2139 2536 2210 παρωργίσατε.
2585 2141 2722 2210 πρὸς
2774 2141 2873 2211 ἐμὲ
2914 2141 3005 2194 τδι
3061 2143 3312 2196 εἰπόνταο
3352 2148 3475 2198 Οὐκ
3520 2147 3719 2200 ἀκούω

2043 2224 2228 2293 ὑμῶν,
2261 2227 2346 2278 ἵνα
2381 2225 2707 2296 φοϐηθέντες
2737 2227 2836 2298 τὴν
2879 2229 3128 2300 ἀπειλὴν,
3167 2230 3364 2302 λύσητε
3389 2231 3488 2303 τὴν
3522 2235 3715 2310 ὀργήν.

2044 2312 2208 2365 Δεῦτε
2262 2313 2398 2383 πρὸς
2447 2315 2536 2366 16v
2581 2315 2680 2367 οὐκ
2733 2315 3020 2379 ἀκούοντα,
3086 2318 3172 2371 ῖνα
3221 2319 3459 2372 ἀκούσω.
3515 2320 3624 2371 Καὶ
3663 2331 3717 2372 τι

2045 2403 2256 2465 ποιείςς
2291 2403 2410 2454 Ὀτι
2439 2401 2540 2454 οὐκ
2563 2401 2767 2473 ἀφίημι
2815 2403 2979 2472 ίχνος,
3013 2404 3112 2457 οὐκ
3143 2405 3343 2476 ἀφίημι
3373 2406 3592 2475 δεῖγμα,
3617 2407 3715 2460 οὐκ

2045 2489 2244 2558 ἀφίημι
2277 2489 2458 2559 οὐλήν.
2501 2489 2679 2542 Δεῦτε
2707 2491 2802 2542 καί
2827 2489 3254 2560 διαλεχθῶμεν.
3279 2494 3440 2562 λέγει
3471 2495 3716 2561 Κίιριος·

2045 2577 2138 2628 καί
2172 2593 2365 2646 φησιν’
2417 2575 2553 2629 Ἐὰν
2583 2571 2735 2630 ὦσιν
2781 2580 2839 2630 al
2882 2578 3157 2646 ἁμαρτίαι
3203 2580 3370 2648 ὑμῶν
3409 2581 3490 2646 ὠς
3525 2599 3722 2650 gmw-

2045 2664 2213 2726 κοῦν,
2245 2665 2324 2729 ὡς
2354 2665 2526 2733 χιόνα
2564 2664 2860 2718 λευκανῶ.
2908 2667 3106 2736 Μήπου
3151 2667 3316 2738 οὐλήξ
3356 2668 3536 2738 μήπου
3567 2670 3720 2739 ῥυτὶς

2046 2754 2138 2805 καὶ
2185 2753 2323 2823 μετά
2355 2751 2448 2804 106
2502 2751 2792 2822 χρώματος
2838 2753 2938 2822 τῆς
2989 2752 3396 2826 καθαρότητιςς
3447 2756 3555 2809 Καὶ
3611 2755 3721 2810 ἐὰν

2042 2835 2194 2893 ὦσιν
2239 2840 2319 2904 ὡς
2368 2839 2671 2900 κόκκινον,
2725 2841 2804 2904 ὠς
2843 2840 3006 2906 ἔριον
3047 2841 3342 2895 λευκανῶ.
3392 2843 3588 2912 Μήπου
3625 2861 3721 2913 με-

2046 2925 2258 2993 λανίαι;
2300 2928 2480 2996 μήπου
2530 2926 2751 2992 σπίλος;
2805 2928 2916 2979 Καὶ
2964 2927 3082 2990 πῶς
3133 2928 3341 2996 γίνεται
3374 2929 3582 2997 ταῦτα;
3627 2932 3719 3003 Μὴ

2047 3013 2200 3067 ἄλλαι
2247 3016 2303 3066 αἱ
2337 3015 2693 3082 ὲπαγγελίαι;
2727 3013 2789 3066 16
2827 3013 2935 3085 γάρ
2988 3015 3161 3085 στόμα
3209 3016 3302 3070 τού
3352 3018 3557 3088 Κυρίου
3591 3017 3720 3071 ὲλά-

2050 3101 2181 3170 λησε
2212 3100 2402 3152 ταῦτα.
2458 3101 2530 3153 Ού
2571 3099 2728 3170 μόνον
2770 3100 2832 3153 16
2861 3101 3090 3171 μέγεθος
3131 3098 3268 3166 εἶδες
3296 3103 3404 3157 τῶν
3452 3105 3722 3172 ἐπαγγελ-

2050 3189 2270 3248 θέντων.
2303 3189 2437 3243 άλλά
2467 3189 2561 3242 καὶ
2592 3188 2653 3241 16
2690 3189 2906 3258 ἀξίωμα
2949 3189 3039 3242 106
3069 3190 3453 3262 δεδωρηκότος.
3497 3193 3586 3263 Τῷ
3611 3191 3720 3264 γὰρ

2048 3276 2168 3347 Θεῷ
2198 3277 2373 3329 πάντα
2399 3275 2603 3330 δυνατὰ
2631 3276 2709 3348 τῷ
2737 3276 3019 3347 δυναμένῳ
3064 3277 3285 3346 ποιῆσαι
3332 3277 3568 3349 καθαρὸν
3613 3281 3722 3334 ἀπὸ

2051 3365 2244 3437 ῥύπου.
2277 3365 2476 3417 Τοῦτον
2509 3365 2686 3417 τοίνυν
2721 3363 3072 3427 ἀκούσαντες,
3099 3363 3194 3416 καὶ
3222 3365 3321 3434 τῆς
3352 3367 3637 3434 μετανοίας
3661 3368 3721 3421 16

2051 3454 2340 3524 φάρμακον
2365 3451 2587 3514 εἰδότες,
2613 3451 2770 3516 δόξαν
2795 3449 2943 3520 αύτῷ
2971 3450 3384 3521 ἀναπέμψωμεν
3403 3469 3414 3482 ·
3452 3455 3533 3507 ὅτι
3553 3454 3720 3508 αὑτοῦ

2051 3541 2085 3610 ἡ
2117 3537 2242 3602 δόξα
2277 3539 2371 3592 καὶ
2399 3537 2457 3590 16
2489 3539 2684 3608 κράτος
2715 3539 2793 3601 είς
2819 3537 2911 3590 τὸν
2939 3537 3130 3592 αἰῶνα.
3174 3539 3369 3610 Ἀμήν.

2072 3751 2398 3758 _————————

2469 3751 2612 3758 ____

281 3841 306 3868 ⁸
346 3829 485 3898 Περὶ
517 3830 859 3899 μετανοίας,
909 3831 1007 3884 καί
1052 3835 1138 3898 εἰς
1178 3833 1317 3900 τοὺς
1370 3833 1843 3955 ἀπολειφθέντῖις
2021 3831 2150 3918 ταῖς
2178 3831 2622 3896 συνάξεσιν,ἐν
2648 3824 2696 3897 ᾧ
2747 3831 2843 3884 καὶ
2895 3831 3027 3898 περὶ
3084 3828 3189 3898 τῆς
3219 3828 3382 3898 ίερᾶς
3434 3827 3720 3899 τραπέζης

1689 3922 1762 3956 κα
1814 3918 1923 3956 πεο
1979 3919 2251 3956 κοισεωίο.

1689 3918 1784 3956 και
1814 3918 1946 3970 περι
1979 3919 2251 3971 κρισεως.

953 4110 1179 4164 Ὀιιιλία
1215 4113 1280 4163 θ’.

972 4128 1179 4180 υμι.ιια
1215 4128 1280 4163 0r.

359 4197 582 4267 Ὠσπερ
602 4199 715 4259 τοῖς
747 4196 1057 4268 σπείρουσιν
1084 4197 1273 4265 ὄφελος
1303 4195 1476 4259 οὐδὲν,
1508 4195 1635 4248 ὅταν
1667 4195 1812 4266 παρά
1853 4196 1950 4266 τὴν

282 4283 398 4336 ὀδόν
430 4285 657 4354 ρίπτωσι
689 4284 756 4336 τὰ
783 4285 1072 4355 σπέρματα
1091 4301 1104 4314 ο
1147 4284 1320 4348 οὕτως
1349 4284 1472 4337 οὐδὲ
1503 4284 1632 4354 ἡμῖν
1670 4282 1861 4353 ὄφελος
1887 4287 1950 4337 ἐκ

283 4370 377 4424 106
412 4369 628 4424 ἀκούειν
658 4373 803 4442 ἡμᾶς
831 4373 1215 4442 Χριστιανοὺς,
1251 4373 1345 4425 ἐὰν
1389 4371 1465 4444 μὴ
1493 4373 1587 4425 καὶ
1622 4374 1732 4434 τοῖς
1770 4372 1950 4442 ἔργοις

285 4459 615 4529 κατάλληλον
645 4457 856 4529 ἔχωμεν
885 4459 983 4529 τὴν
1017 4459 1407 4530 προσηγορίαν.
1465 4459 1572 4511 Καὶ
1599 4460 1645 4511 εἰ
1676 4457 1950 4528 βούλεσθε,

286 4546 517 4616 παράξω
566 4547 694 4617 ύμῖν
726 4547 1038 4610 ἀξιόπιστον
1087 4548 1339 4619 μάρτυρα
1362 4547 1452 4599 τὸν
1492 4546 1806 4614 ἁδελφόθεον
1848 4547 1952 4600 Ἰά-

286 4633 463 4685 κωϐον
507 4634 804 4702 φάσκοντα·
846 4635 906 4688 Ἠ
948 4636 1148 4700 πίστις
1179 4635 1358 4704 χωρίς
1393 4633 1512 4688 τῶν
1553 4635 1740 4703 ἔργων
1775 4632 1956 4700 νεκρά

286 4721 475 4774 ἐστιν.
553 4722 698 4792 Ἀρα
759 4718 849 4774 οὖν
929 4721 1201 4791 πανταχοῦ
1273 4722 1378 4792 χρὴ
1460 4720 1612 4793 [549]
1666 4721 1766 4791 τῆς
1848 4721 1954 4773 τῶν

288 4807 462 4879 ἔργων
525 4809 814 4877 ἐργασίαςο
869 4811 1069 4880 ταύτης
1121 4810 1228 4880 γάρ
1286 4809 1548 4873 ἀπούσης,
1604 4808 1726 4861 οὔτε
1770 4809 1803 4879 ἡ
1861 4807 1952 4859 106

290 4894 615 4965 Χριστιανοῦ
665 4897 1001 4966 προσηγορία
1049 4895 1326 4966 ὠφελῆσαι
1373 4898 1519 4965 ἡμᾶς
1556 4895 1793 4948 δύναται.
1846 4893 1956 4947 Καὶ

294 4981 370 5052 μὴ
403 4981 707 5052 θαυμάσῃς.
733 4983 796 5034 Τί
825 4985 952 5054 γάρ,
989 4982 1107 5036 εἰπέ
1141 5000 1251 5054 μοι,
1287 4983 1476 5054 κέρδος
1497 4983 1606 5052 ἔχει
1641 4985 1668 5035 ὀ
1697 4980 1958 5052 στρατιώ-

291 5084 391 5136 της
440 5070 505 5120 ἐκ
551 5068 642 5121 τοῦ
691 5071 1077 5139 στρατεύεσθαι
1129 5071 1310 5135 αὐτὸν,
1351 5070 1446 5123 ἐὰν
1491 5071 1564 5141 μὴ
1597 5071 1744 5135 ἄξιος
1859 5069 1958 5138 τῆς

294 5156 600 5226 στρατείας,
634 5159 727 5210 καὶ
765 5158 972 5229 πολεμῇ
1004 5159 1142 5230 ὑπὲρ
1182 5159 1276 5212 τοῦ
1324 5157 1584 5230 βασιλέως
1627 5157 1959 5227 τρεφόμενος

295 5245 425 5314 παρ’
457 5244 621 5297 αὑτοῦ
645 5262 658 5310 ;
687 5244 837 5314 Τάχα
859 5246 934 5308 δὲ,
962 5249 1009 5298 εἰ
1039 5248 1133 5300 καὶ
1162 5245 1390 5316 φοϐερόν
1415 5247 1528 5298 ὲστι
1557 5243 1617 5297 τὸ
1645 5243 1955 5314 λεγόμενον,

293 5331 516 5402 ἄμεινον
557 5327 626 5402 ἧν
669 5332 830 5386 αὑτὸν
885 5333 959 5403 μὴ
1003 5333 1428 5404 στρατευθῆναι,
1481 5333 1514 5404 ἢ
1567 5329 1958 5402 στρατευθέντα

357 5457 383 5484 ⁸
409 5455 596 5516 Collala
619 5469 728 5504 cum
762 5456 930 5507 codice
973 5457 1256 5509 Colberlino
1279 5456 1362 5516 49,
1397 5457 1480 5516 qui
1506 5463 1610 5505 toto
1648 5456 1774 5505 caelo
1793 5454 1963 5504 differt

296 5517 356 5567 ab
375 5515 526 5565 edito.
552 5517 748 5567 Tilulus
785 5521 832 5567 in
873 5519 1045 5571 C0|b.:
1090 5517 1187 5568 T06
1222 5515 1475 5573 αὐτοῦ’ἐίς
1511 5519 1566 5565 τὸ
1608 5517 1962 5579 ἀνεμποδίστως

294 5579 541 5642 σχολάζειν
572 5581 696 5642 ἡμεῖς
734 5580 834 5636 ταῖς
856 5582 1009 5642 ἁγίαις
1045 5581 1280 5642 συνάξεσι,
1318 5580 1399 5626 καὶ
1442 5581 1548 5642 περὶ
1593 5580 1838 5642 μετανοίας
1875 5579 1962 5642 λό-

291 5638 379 5704 γος
402 5641 452 5704 λ.
469 5638 737 5704 secundum
760 5655 848 5704 ms.
870 5638 1108 5690 o'rdinem.
1139 5640 1332 5704 Initium
1373 5652 1489 5704 νειξο
1508 5638 1763 5704 'sel‘mnnis
1783 5644 1853 5688 sic
1875 5638 1958 5686 ha-

294 5700 383 5774 [ζει
405 5713 417 5743 ε
441 5700 817 5774 Ἀγαπητ-οὶηούκ
835 5704 967 5774 ἀρκεῖ
989 5705 1046 5774 16
1062 5705 1226 5774 ἁπλῶς
1244 5703 1324 5749 καὶ
1347 5704 1411 5756 ὡς
1431 5702 1590 5774 ἔτυχεν
1620 5701 1809 5774 ἀκούειν
1834 5704 1958 5774 ἡμᾷς

293 5764 619 5842 ξριρτιατούὲ
634 5765 758 5842 ’Καὶρ
773 5765 812 5811 εἰ
831 5764 1399 5842 κβούλεσθεᾎάξιόπιστον
1411 5764 1609 5842 1ιξιοιρέξω
1651 5764 1860 5842 μίάρτυρα
1877 5764 1956 5830 τὸν

293 5823 574 5887 ὀδελφόθιον
587 5824 811 5872 Ἰάκωϐον
831 5823 1044 5887 λέγοντα,
1058 5847 1080 5868 «ι
1093 5823 1152 5873 Ἦ
1172 5824 1342 5879 πίστις.
1362 5844 1383 5865 υ
1411 5823 1562 5887 Ρειῌο
1586 5823 1696 5887 poSt
1712 5823 1956 5887 πάνταχοῦ

293 5884 449 5959 χρεία.
478 5884 630 5958 Paujp
669 5893 778 5959 p033:
793 5884 980 5959 fami;
1007 5889 1250 5959 θαυμάσῃς
1289 5884 1602 5959 (ΙΕςεῑ.ΙΜο]ς“
1627 5886 1682 5959 έκ
1701 5884 1788 5953 106
1811 5901 1956 5959 στρα-

294 5943 544 6011 τεύματος,
568 5947 647 6011 ἐάν
670 5943 734 6006 μή
757 5948 896 6011 ἀξίως
917 5943 1000 6004 τῆς
1020 5943 1264 6011 στρατείας
1300 5948 1548 6011 πολεμήσῃ
1568 5948 1683 6007 ὑπὲρ
1708 5943 1793 5994 τοῦ
1819 5943 1955 6007 βασι-

295 6010 435 6066 λέως.
461 6007 586 6057 Infra
611 6009 732 6069 hac,
756 6010 1032 6072 τρεφόμενος
1052 6007 1160 6074 παρ’
1185 6007 1350 6069 ovi-.06,
1375 6009 1567 6057 dcsunl.

2052 4109 2275 4180 ἀμελεῖν
2301 4108 2398 4178 τῆς
2436 4108 2531 4160 106
2575 4107 2836 4178 βασιλέως
2878 4107 3041 4176 τιμῆς
3059 4123 3072 4136 ·
3101 4105 3216 4168 πῶς
3245 4105 3352 4178 γὰρ
3381 4107 3442 4159 ού
3479 4123 3723 4178 τιμωρη-

2054 4197 2276 4268 θήσεται
2323 4197 2353 4248 ὁ
2403 4198 2467 4249 ἐκ
2496 4195 2592 4248 106
2637 4194 2898 4264 βασιλέως
2944 4193 3298 4265 τρεφόμενος,
3350 4195 3491 4266 ὑπὲρ
3521 4194 3578 4247 δὲ
3624 4191 3720 4248 106

2056 4283 2315 4354 βασιλέως
2347 4280 2422 4351 μὴ
2468 4279 2899 4350 ἀγωνιζόμενος;
2943 4281 3051 4332 Καὶ
3075 4281 3126 4333 τί
3155 4281 3297 4348 λέγω
3325 4280 3464 4351 ὑπὲρ
3491 4279 3586 4333 106
3629 4280 3724 4351 βα-

2055 4371 2278 4432 σιλέως;
2325 4369 2435 4420 εἴθε
2474 4367 2576 4422 κᾶν
2609 4366 2748 4439 ὑπὲρ
2790 4367 2898 4420 τῶν
2943 4367 3151 4420 ἑαυτῶν
3192 4365 3382 4436 ψυχῶν
3415 4366 3727 4438 ἐφροντιζο-

2057 4473 2175 4528 μεν.
2227 4455 2338 4508 Καὶ
2385 4454 2524 4517 πῶς,
2573 4447 2601 4487 δ
2645 4455 2796 4522 φησὶ,
2831 4452 3066 4524 δύναμαι
3109 4457 3166 4507 ὲν
3199 4454 3277 4525 τῷ
3319 4453 3510 4524 κόσμῳ
3561 4449 3723 4520 εἶναι,

2056 4544 2149 4597 καὶ
2197 4544 2254 4596 ὲν
2309 4542 2458 4614 μέσῳ
2498 4542 2856 4612 πραγμάτων,
2904 4542 2998 4594 καὶ
3043 4541 3342 4606 σώζεσθαις
3400 4541 3466 4593 Τί
3520 4540 3722 4610 λέγεις,

2055 4633 2348 4703 ἀνθρωπε;
2403 4628 2589 4681 Βούλει
2631 4628 2910 4698 συντόμως
2953 4627 3123 4693 δεῖξαί
3177 4645 3244 4698 με
3293 4628 3368 4700 μὴ
3427 4627 3520 4681 τὸν
3561 4628 3727 4682 τόπον

2056 4715 2192 4771 εἶναι
2212 4717 2303 4770 τὸν
2331 4714 2594 4778 σώζοντα,
2619 4713 2754 4767 ἀλλά
2783 4714 2871 4768 τὸν
2892 4713 3093 4786 τρόπον
3125 4716 3220 4767 καὶ
3242 4715 3342 4786 τὴν
3371 4715 3724 4788 προαίρεσιν;

2067 4807 2126 4860 Ὀ
2165 4805 2336 4875 Ἀδὰμ
2385 4807 2442 4856 ἐν
2487 4801 2798 4873 παραδείσῳ
2836 4803 2912 4865 ὡς
2949 4804 3006 4856 ὲν
3035 4802 3212 4872 λιμένι
3239 4803 3302 4856 16
3339 4803 3594 4872 ναυάγιον
3625 4805 3728 4858 ὐπ-

2056 4893 2186 4963 έστη
2207 4910 2220 4923 ·
2257 4894 2285 4944 ὀ
2327 4891 2382 4943 δὲ
2420 4889 2545 4944 Λὼτ
2587 4891 2646 4941 ἐν
2677 4892 2789 4952 τοῖς
2817 4889 3069 4960 Σοδόμοις
3099 4889 3287 4962 ῶσπερ
3315 4892 3373 4944 ὲν
3400 4891 3624 4960 πελάγει
3651 4890 3729 4944 δι-

2057 4977 2234 5048 εσώθη
2254 4993 2270 5007 ⁸
2301 4979 2330 5030 ὀ
2371 4976 2489 5029 Ἰὼϐ
2519 4978 2613 5028 ἐπὶ
2651 4977 2751 5047 τῆς
2798 4976 3027 5047 κοπρίας
3054 4977 3345 5048 ἐδικαιώθη
3367 4994 3382 5008 ·
3416 4979 3445 5030 ὀ
3472 4977 3528 5030 δὲ
3556 4978 3728 5030 Σαοὺλ

2058 5067 2114 5118 ἐν
2143 5067 2255 5128 τοῖς
2301 5064 2546 5134 ταμείοις
2588 5063 2686 5130 ὢν,
2734 5065 2833 5134 τῆς
2863 5064 3136 5134 βασιλείας
3168 5062 3190 5089 °
3227 5068 3320 5118 καὶ
3360 5065 3460 5133 τῆς
3495 5064 3730 5118 ἐνταῦθα

2058 5152 2151 5204 καὶ
2180 5151 2279 5221 τῆς
2325 5153 2442 5204 ἐκεῖ
2498 5151 2772 5214 ἐξέπεσεν.
2828 5151 2942 5204 Ούκ
2986 5151 3100 5204 ἔστι
3149 5151 3308 5204 τοῦτο
3339 5152 3626 5220 ἀπολογία,
3667 5152 3730 5204 τὸ

2057 5239 2258 5307 λέγειν’
2309 5239 2382 5292 Ού
2431 5237 2666 5309 δύναμαι
2713 5240 2769 5290 ὲν
2809 5237 2887 5309 τῷ
2919 5239 3108 5308 κόσμῳ
3148 5234 3308 5303 εἶναι,
3345 5239 3440 5291 καὶ
3475 5241 3532 5291 ὲν
3580 5239 3730 5310 μέσῳ

2061 5328 2421 5399 πραγμάτων,
2471 5329 2567 5381 καὶ
2607 5327 2894 5393 σώζεσθαι.
2943 5327 3103 5380 Ἀλλὰ
3146 5327 3321 5382 ταῦτα
3370 5326 3566 5394 πόθεν;
3607 5327 3732 5382 Ὅτι

2058 5417 2115 5475 οἱ,
2144 5416 2243 5485 μὲν
2271 5416 2330 5468 ὲν
2363 5418 2482 5480 ταῖς
2522 5418 2869 5487 προσευχαῖς,
2893 5417 2941 5468 οί
2977 5415 3033 5468 δὲ
3063 5415 3120 5467 ὲν
3147 5417 3268 5478 ταῖς
3301 5413 3476 5476 θείαις
3507 5413 3732 5480 συνάξερ

2119 5514 2148 5554 b
2172 5515 2440 5575 Sequenlia
2467 5515 2516 5563 in
2559 5516 2682 5576 Reg.
2711 5517 2784 5564 sic
2815 5529 2869 5564 se
2890 5513 3098 5563 habent:
3131 5516 3247 5576 φησί
3271 5513 3466 5561 δυνατὸν
3489 5513 3538 5576 έν
3561 5511 3732 5576 κόσμῳ

2059 5578 2141 5640 καί
2163 5577 2210 5623 έν
2232 5573 2366 5639 μέσῳ
2375 5578 2470 5640 τῶν
2491 5573 2779 5640 πραγμάτων
2798 5573 3168 5640 ἀνατρεφόμενον
3195 5576 3446 5640 σῴζεσθαι.
3471 5573 3730 5640 Τί-λέγειςς

2061 5592 2141 5623 παι
2163 5592 2210 5623 εν
2232 5592 2366 5639 μεσῳ
2375 5593 2470 5624 των
2491 5592 2586 5686 πέα
2619 5594 2779 5638 μάτων
2798 5592 3168 5640 ανατρεφομενον
3195 5592 3446 5630 σωςεστιαι.
3473 5592 3530 5623 νιι
3554 5592 3728 5634 una;

2061 5637 2222 5708 Θέλεις
2259 5638 2502 5710 συντόμως
2551 5593 2660 5710 ego:
2678 5640 2746 5710 μή
2787 5639 2867 5686 τὸν
2888 5639 3090 5686 τόπον...
3114 5639 3198 5694 τὴν
3223 5637 3359 5700 ὀρθήν
3400 5635 3673 5700 προαίρεσιν
3695 5671 3728 5684 ..

2061 5699 2280 5761 ναυάγιον
2303 5699 2567 5761 ὑπέμεινεν,
2587 5702 2613 5748 6
2635 5699 2704 5761 δέ.

2125 5715 2179 5745 υα
2211 5714 2280 5746 ιον
2303 5715 2567 5761 υπεμεινεν,
2587 5714 2613 5748 ο
2637 5714 2704 5748 οε.

2125 5762 2147 5789 °
2171 5714 2278 5822 K93
2317 5762 2502 5818 καὶτῆς
2533 5758 2737 5808 ἐντεῦθεν
2757 5762 2838 5809 καὶ
2859 5768 2943 5819 τῆς
2979 5761 3150 5810 ἐκεῖθεν
3176 5761 3428 5814 ἐξέπεσεν..
3472 5758 3530 5806 τὸ
3563 5755 3732 5822 λέγειν,

2063 5821 2149 5890 οὐκ
2171 5819 2272 5869 ἐστὶ
2299 5822 2493 5892 δυνατὸν
2515 5823 2595 5892 τόν
2623 5822 2672 5869 ἐν
2690 5824 2849 5892 μέσῳ·
2866 5825 2974 5892 τῶν.
2993 5823 3280 5892 πραγμάτων
3324 5821 3574 5892 σῴζεσθαυ
3593 5819 3732 5892 Δἀλλά

2061 5880 2213 5951 ταῦτα
2236 5883 2536 5951 μανθάνωμεν
2558 5884 2610 5931 ἐκ
2632 5880 2718 5931 106
2740 5880 2812 5951 μῇ
2832 5885 2878 5951 ἐν
2898 5885 2998 5940 ταῖς
3021 5880 3178 5946 εὐχαῖς
3200 5884 3279 5951 καὶ
3300 5883 3402 5951 ταῖς
3421 5880 3572 5930 ταῦτα
3592 5882 3732 5951 θείαις

2063 5946 2284 6010 συνάξεσι
2303 5945 2547 6010 σχολάζειν
2567 5949 2708 6010 ᾑμδις.
2740 5945 2799 5992 Ἣ
2819 5946 2963 6010 ούχᾷ..
2989 5945 3090 6002 πῶς
3109 5945 3504 6010 παρεδρεύουσι...
3526 5945 3731 5991 κινοῦσιν

2061 6008 2135 6054 ἵνα
2163 6005 2443 6071 ἐπιτύχωσιν
2465 6005 2519 6054 οὗ
2542 6005 2804 6071 αἰτούνταις
2832 6005 3009 6059 Ταῦτα.
