4066 6392
372 372 407 425 5
420 369 477 425 ιδ
774 372 786 447 χ

377 482 550 544 cibus,
570 478 659 534 alii
676 478 869 534 divinis
888 477 1238 533 conventibus
1267 476 1568 545 frequentes
1584 492 1689 531 non
1712 474 1964 531 adestis‘.

380 574 572 626 Annon
621 569 813 624 videtis
850 584 944 623 eos
984 568 1070 639 qui
1099 568 1287 622 vo'mnt
1326 566 1632 637 dignitatem
1678 582 1709 622 a
1757 575 1966 621 terreno

380 678 505 733 rege
545 661 810 731 accipere,
842 660 1110 730 quomodo
1139 648 1393 725 assident,
1432 660 1700 728 quomodo
1738 658 1871 712 alios
1898 657 1964 712 ad

379 752 816 825 patrocinandum
862 753 1101 818 incitant,
1149 760 1205 805 ut
1244 750 1514 821 potiantur
1541 766 1607 805 eo
1643 750 1787 821 quod
1819 766 1966 819 qum-

379 846 544 902 runt?
565 845 695 899 Haec
736 859 837 914 ego
863 844 1088 898 dixerim
1131 843 1195 895 ad
1244 856 1336 898 eos
1367 830 1454 912 qui
1484 842 1688 897 divinas
1717 842 1965 895 collectas

378 937 708 1006 relinquunt,
737 944 789 989 et
810 936 909 989 sub
935 935 1120 990 horam
1146 935 1397 989 terribilis
1424 941 1478 987 ct
1506 934 1742 1005 mystica?
1768 948 1965 987 mensa:

378 1029 657 1098 colloquiis
693 1036 747 1081 et
783 1026 930 1081 vanis
977 1026 1510 1081 sermocinationibus
1539 1025 1779 1093 occupati
1820 1035 1960 1077 sunt.

374 1118 514 1183 Quid
566 1118 727 1182 facis,
784 1116 983 1170 homo?
1030 1134 1133 1170 non
1187 1118 1473 1186 promisisti
1528 1116 1826 1180 sacerdoti,
1875 1116 1963 1184 qui

379 1208 529 1271 dixit,
557 1208 773 1262 Sursum
804 1218 1014 1261 mentem
1042 1218 1089 1261 et
1113 1208 1288 1273 corda,
1316 1216 1370 1261 ct
1390 1207 1583 1269 dixisti,
1612 1205 1871 1259 Habemus
1898 1207 1966 1258 ad

381 1301 695 1355 Dominum?
726 1314 829 1354 non
867 1302 1129 1355 revereris
1159 1310 1211 1353 et
1241 1299 1533 1364 erubescis,
1571 1298 1710 1368 quod
1738 1300 1823 1352 illa
1853 1299 1963 1366 ipsa

372 1394 507 1448 ‘hora
538 1394 762 1448 mendax
808 1393 1132 1448 inveniaris‘!
1161 1394 1353 1463 Papae!
1406 1407 1586 1446 mensa
1616 1392 1838 1462 mystica
1868 1407 1966 1459 pa-

384 1497 495 1539 rata
520 1497 622 1550 est,
653 1496 706 1541 et
733 1502 898 1555 agnus
920 1486 1010 1540 Dei
1038 1501 1133 1555 pro
1161 1495 1210 1539 te
1241 1486 1564 1551 immolatur,
1594 1486 1843 1539 sacerdos
1867 1500 1963 1553 pro

369 1585 433 1632 te
459 1576 688 1646 angitur,
720 1576 855 1646 ignis
886 1576 1175 1644 Spiritualis
1206 1591 1271 1629 ex
1318 1591 1465 1629 sacra
1502 1592 1681 1630 mensa
1712 1574 1961 1643 erumpit,

370 1667 663 1723 'Chcrubim
689 1668 919 1731 adstant,
948 1667 1223 1735 Seraphim
1246 1666 1520 1732 advolant,
1551 1677 1604 1721 et
1635 1667 1850 1735 spiritus
1872 1681 1961 1720 sex

377 1759 490 1812 alas
520 1758 778 1813 habentes
811 1760 996 1812 faciem
1040 1767 1242 1826 tegunt,
1275 1773 1459 1812 omnes
1502 1759 1827 1826 incorporea:
1855 1758 1963 1810 vir-

378 1861 519 1905 tutes
547 1867 641 1920 pro
686 1862 736 1905 te
765 1866 883 1904 cum
929 1852 1203 1906 sacerdote
1242 1851 1575 1905 intercedunt
1604 1870 1615 1904 :
1647 1852 1781 1921 ignis
1810 1853 1964 1919 spiri-

379 1944 533 1998 tualis
567 1959 599 1998 e
645 1943 777 1998 callo
806 1944 1101 2011 descendit,
1130 1944 1347 2014 sanguis
1387 1944 1439 1998 in
1488 1955 1694 1999 cratere
1738 1945 1789 1998 in
1822 1954 1961 1999 tuam

370 2038 796 2105 puriﬁcationem
840 2053 905 2091 ex
949 2038 1287 2092 immaculato
1327 2038 1494 2092 latere
1519 2037 1718 2093 ellusus
1755 2048 1836 2092 est
1869 2055 1881 2090 :
1910 2046 1965 2091 et

376 2145 483 2182 non
512 2130 783 2184 erubescis
812 2146 874 2185 ac
918 2130 1202 2195 revereris,
1244 2145 1341 2185 nec
1380 2138 1431 2185 te
1457 2130 1617 2199 pudet
1648 2131 1697 2184 in
1739 2130 1825 2183 illa
1856 2140 1965 2184 tre-

375 2224 567 2279 menda
594 2225 723 2278 hora
753 2225 1061 2279 mendacem
1094 2235 1145 2279 te
1172 2222 1535 2291 deprehendi?
1554 2223 1779 2278 Centum
1808 2238 1964 2277 sexa-

374 2316 517 2385 ginta
549 2324 669 2369 octo
690 2314 849 2368 horas
879 2313 1106 2368 habente
1135 2313 1491 2378 hebdomada,
1524 2329 1680 2367 unam
1711 2320 1766 2367 et
1792 2313 1959 2365 solam

370 2408 562 2462 horam
610 2407 709 2461 sibi
739 2407 838 2476 ipsi
886 2406 1185 2475 segregavit
1216 2406 1373 2470 Deus,
1419 2414 1473 2459 et
1514 2403 1652 2458 hanc
1701 2405 1754 2458 in
1799 2419 1960 2472 opera

375 2498 671 2561 surcularis,
714 2507 767 2552 et
808 2498 859 2551 in
894 2498 1137 2560 ridicula,
1171 2507 1225 2550 et
1271 2497 1322 2549 in
1352 2511 1483 2549 vana
1521 2496 1781 2565 colloquia
1811 2496 1958 2549 insu-

370 2588 520 2642 mis?
563 2587 696 2643 Cum
727 2604 829 2658 qua
861 2598 1038 2657 postea
1069 2588 1260 2643 liducia
1300 2588 1364 2641 ad
1406 2589 1657 2658 mysteria
1698 2588 1961 2642 accedes?

374 2694 496 2734 cum
520 2696 619 2750 qua
654 2680 851 2749 polluta
876 2681 1241 2735 conscientia?
1267 2681 1403 2734 Num
1442 2682 1485 2734 si
1522 2690 1725 2735 stercus
1757 2682 1806 2733 in
1841 2698 1954 2733 ma-

376 2770 532 2824 nibus
578 2770 824 2837 haberes,
858 2770 1084 2825 auderes
1110 2772 1418 2841 contingere
1448 2770 1712 2825 ﬁmbriam
1759 2772 1959 2826 terreni

374 2862 515 2933 regis
530 2863 586 2915 '?

448 2951 512 3005 In
540 2948 861 3006 Eucharistia
890 2970 992 3006 non
1021 2955 1185 3018 panis,
1220 2971 1320 3006 non
1344 2954 1511 3007 vinum
1538 2964 1632 3020 est,
1665 2956 1753 3008 sed
1778 2971 1960 3025 corpus

375 3055 423 3100 et
464 3046 669 3113 sanguis
713 3044 1114 3099 Christi—Ne
1157 3045 1307 3115 quasi
1356 3061 1541 3115 panem
1584 3046 1634 3099 id
1680 3047 1953 3115 respicias,

375 3151 480 3189 neu
507 3135 656 3205 quasi
691 3138 871 3189 vinum
913 3136 1227 3191 existimes:
1262 3152 1430 3206 neque
1475 3138 1619 3191 enim
1666 3136 1780 3191 h.rc
1825 3137 1962 3191 sicut

375 3228 565 3297 reliqui
602 3230 704 3283 cibi
736 3230 789 3283 in
819 3245 1089 3285 secessum
1121 3229 1340 3283 vadunt.
1375 3229 1528 3283 Absit
1556 3246 1569 3281 :
1616 3245 1683 3284 ne
1709 3230 1785 3284 sic
1816 3229 1962 3299 cogi-

372 3328 479 3375 tes.
528 3319 984 3388 Quemadmodum
1037 3320 1177 3374 enim
1221 3336 1343 3375 cera
1398 3321 1503 3390 igni
1554 3320 1788 3385 admota,
1832 3301 1961 3374 nihil

373 3413 684 3468 substantia:
712 3414 992 3480 amittitur,
1024 3413 1153 3467 nihil
1180 3415 1455 3483 superﬂuit
1483 3433 1495 3468 :
1524 3413 1602 3468 sic
1626 3424 1678 3468 et
1724 3414 1809 3469 hic
1837 3425 1959 3481 puta

374 3504 628 3574 mysteria
645 3505 888 3558 consumi
909 3506 1147 3573 corporis
1167 3505 1480 3559 substantia.
1509 3505 1727 3574 Propter
1742 3506 1879 3575 quod
1909 3514 1963 3560 et

374 3594 693 3649 accedentes
733 3610 801 3650 ne
842 3597 1038 3664 putetis
1081 3610 1174 3650 vos
1218 3597 1457 3665 accipere
1495 3597 1730 3651 divinum
1769 3613 1962 3667 corpus

370 3700 440 3740 ex
460 3685 696 3748 homine,
728 3687 819 3742 sed
849 3704 914 3742 ex
946 3688 1072 3756 ipsis
1112 3686 1389 3759 Seraphim
1434 3689 1635 3760 forcipe
1675 3692 1869 3761 ignem,
1902 3700 1959 3745 ut

375 3775 579 3830 scilicet
602 3775 762 3830 Isaias
785 3776 916 3831 vidit
947 3776 1099 3850 (Isai.
1128 3778 1207 3849 6),
1232 3780 1466 3834 divinum
1497 3796 1691 3850 corpus
1719 3784 1961 3852 accipere

375 3880 560 3939 nitate
591 3880 681 3924 :et
722 3872 872 3940 quasi
916 3872 1096 3925 divino
1140 3883 1193 3927 et
1240 3872 1517 3942 impolluta
1557 3875 1709 3928 lateri
1763 3875 1959 3930 admoti

377 3961 550 4027 labiis,
603 3964 680 4017 sic
707 3964 929 4017 salutari
962 3966 1202 4034 sanguini
1248 3967 1642 4034 participemus.
1675 3967 1953 4034 Quocirca,

376 4050 594 4118 fratres,
625 4069 719 4107 oro
751 4069 846 4107 vos
872 4064 924 4108 et
960 4054 1204 4117 obsecro,
1238 4071 1305 4110 ne
1340 4055 1578 4110 absimus
1606 4055 1673 4110 ab
1699 4058 1958 4122 ecclesiis,

376 4161 554 4216 neque
599 4145 667 4200 ibi
711 4147 990 4216 colloquiis
1017 4156 1072 4201 et
1109 4149 1400 4217 garrulitati
1442 4165 1730 4204 vacemus:
1761 4159 1961 4204 stemus

378 4245 673 4291 trementes
712 4245 765 4291 et
811 4238 1002 4303 timidi,
1035 4238 1279 4292 demissis
1318 4240 1504 4305 oculis,
1556 4240 1754 4295 elevata
1783 4252 1959 4295 autem

380 4328 579 4393 anima,
612 4337 885 4399 gementes
910 4330 1026 4384 sine
1055 4344 1204 4397 voce,
1228 4330 1514 4397 jubilantes
1555 4331 1735 4385 corde.
1770 4333 1960 4385 Annon

382 4420 576 4476 videtis
615 4437 732 4487 eos,
760 4423 849 4492 qui
893 4423 1151 4489 sensibili,
1198 4422 1545 4493 corruptibili,
1580 4424 1879 4494 temporali,
1911 4435 1965 4479 et

447 4600 463 4630 ³
488 4604 605 4660 Reg.
634 4612 646 4646 :
679 4606 773 4646 Non
794 4602 862 4646 est
899 4595 1113 4659 defensio
1136 4597 1263 4660 quod
1286 4595 1409 4660 dicis
1439 4609 1456 4646 :
1486 4595 1778 4660 Impossibile
1813 4604 1880 4647 est
1912 4597 1964 4660 in

381 4659 543 4723 medio
560 4658 863 4723 negotiorum
873 4658 1156 4723 uersantem
1171 4658 1348 4723 saluari
1359 4672 1385 4723 _;_
1401 4660 1486 4723 sed
1506 4658 1829 4723 eagdiscqmus
1844 4659 1967 4710 oriri

381 4735 447 4771 ex
469 4719 558 4770 hoc
580 4719 706 4783 quod
731 4719 951 4784 precibus
973 4727 1019 4770 et
1042 4720 1312 4783 prwsertim
1334 4719 1509 4771 divinis
1525 4720 1623 4771 illis
1646 4719 1855 4771 collectis
1871 4736 1965 4774 non

386 4796 623 4833 racamus.

447 4848 467 4878 ⁸
489 4852 659 4893 Totum
681 4844 810 4893 hunc
834 4842 987 4893 locum
1013 4846 1083 4893 sic
1102 4844 1224 4907 legit
1247 4851 1363 4907 Reg.
1388 4858 1400 4892 :
1422 4852 1570 4906 Papa?
1586 4844 1605 4894 !
1642 4853 1759 4907 Cum
1803 4859 1968 4897 mensa

384 4908 603 4970 mystica
629 4913 802 4970 parata
832 4913 918 4964 est,
953 4912 998 4955 et
1042 4905 1193 4969 agnus
1219 4905 1307 4955 Dei
1343 4918 1433 4970 pro
1465 4905 1509 4955 te
1531 4905 1966 4970 immolatur;cum

386 4966 508 5031 ignis
530 4966 795 5031 spiritualis
813 4982 840 5018 e
853 4982 1004 5031 sacra
1025 4966 1185 5031 mensa
1202 4966 1410 5030 erumpit
1431 4980 1581 5031 ,‘cum
1612 4969 1803 5031 adstant
1820 4966 1965 5019 Sera-

388 5028 663 5091 animum;
685 5030 937 5079 cherubim
955 5029 1176 5091 advolant
1198 5044 1220 5091 ;Δ
1248 5028 1359 5079 cum
1389 5028 1587 5091 spiritus
1616 5043 1703 5079 sea:
1745 5030 1849 5080 atlas
1881 5033 1967 5081 Ita-

392 5089 544 5143 bentes
565 5091 740 5155 faciem
761 5099 956 5155 tegunt;
979 5104 1089 5155 cum
1119 5089 1245 5153 ignis
1276 5091 1329 5140 in
1354 5089 1529 5154 spiritu
1553 5091 1831 5155 descendit;
1855 5105 1967 5144 cum

386 5153 580 5217 sanguis
601 5154 653 5204 in
674 5153 961 5205 cratere...”
984 5154 1161 5217 effusus
1183 5159 1268 5203 est.
1298 5153 1398 5217 Non
1414 5160 1459 5203 te
1482 5153 1647 5216 pudet,
1672 5166 1765 5217 non
1796 5156 1966 5206 erube-

386 5214 499 5274 scis",
524 5230 673 5279 neque
706 5225 851 5279 curas
883 5229 971 5279 pro
1008 5214 1052 5265 te
1081 5214 1187 5278 ipso
1223 5215 1420 5279 quidem
1455 5214 1609 5279 Deum
1632 5214 1860 5279 placare.
1884 5231 1966 5267 ne-

388 5291 480 5341 que
503 5274 807 5341 conscientia,
830 5292 858 5341 ρ
881 5274 1039 5341 homo,
1070 5274 1114 5327 te
1150 5274 1343 5327 accusat
1365 5274 1387 5324 ?
1410 5276 1538 5341 quod
1570 5276 1770 5337 scilicet,
1786 5285 1967 5341 septem

389 5338 494 5389 dies
534 5338 732 5389 [tabente
770 5338 1097 5395 hebdomade,
1132 5352 1278 5388 unam
1309 5351 1401 5387 non
1424 5338 1620 5388 tribuas
1656 5347 1756 5388 Deo
1778 5338 1847 5390 ex'
1873 5347 1967 5391 toto

387 5402 556 5465 corde,
598 5401 682 5465 sed
708 5400 755 5465 in
778 5401 863 5450 illa
879 5400 983 5463 ipsa
1007 5400 1086 5465 die
1102 5399 1235 5465 panis
1261 5399 1573 5465 colloquiiset
1604 5401 1802 5465 negotiis
1824 5402 1965 5465 judie

388 5463 590 5527 dotibus
611 5462 879 5527 indulgeas.
899 5461 961 5510 'Et
994 5462 1110 5527 quid
1149 5461 1273 5527 dico,
1309 5475 1455 5527 tatam
1486 5461 1616 5527 diem
1636 5461 1863 5513 Tutinam
1895 5464 1968 5514 vel

388 5533 486 5576 tres
509 5523 651 5576 horas
676 5523 775 5575 Deo
788 5537 896 5574 cum
920 5525 1093 5586 .-rdore
1111 5523 1498 5586 persolverimus!
1519 5524 1628 5586 Sed,
1653 5538 1682 5575 ο
1703 5529 1853 5576 corda
1868 5532 1968 5577 tor-

389 5589 567 5659 pentia,
589 5595 671 5638 aut
692 5590 845 5659 potius
866 5585 1091 5659 ingrata!
1115 5585 1333 5659 unam_et
1353 5585 1521 5658 solam
1542 5585 1670 5657 diem
1690 5587 1785 5659 sibi
1806 5602 1967 5659 segrc-
2000 5626 2009 5635 .

388 5647 518 5712 gavit
534 5660 679 5712 Deus,
693 5647 749 5699 ἐι
761 5649 895 5700 illam
910 5647 957 5699 in
970 5647 1407 5712 operastecularia.
1418 5685 1448 5696 ..
1495 5648 1695 5712 insanas
1715 5647 1735 5698 .'
1757 5658 1795 5699 ο
1810 5647 1964 5711 hoino,

390 5709 597 5773 quacum
632 5710 813 5775 ﬁducia
837 5713 901 5762 ad
933 5709 1162 5775 mysteria
1193 5717 1353 5775 postea
1374 5709 1593 5770 accedes,
1638 5717 1722 5760 aut
1764 5709 1969 5775 quacum

391 5770 721 5824 conscientia?
745 5784 881 5831 Nam,
917 5774 959 5824 si
981 5770 1151 5822 manus
1174 5770 1376 5833 pollutas
1399 5781 1480 5821 aut
1503 5778 1713 5822 stercore
1738 5770 1967 5827 contami-

391 5842 529 5887 natas
550 5835 768 5895 haberes,
793 5836 1034 5901 ﬁmbriam
1057 5834 1187 5899 regis
1209 5833 1413 5884 auderes
1438 5833 1707 5898 contingere
1729 5834 1753 5885 ?

1498 364 1586 420 DE
1628 361 2089 421 POENITE‘NTM.
2134 359 2361 417 [lOlllL
2407 362 2492 420 ιχ.

3552 361 3653 417 3m

2073 481 2286 528 terreno
2338 476 2447 546 regi
2489 475 2807 539 assistunt’,
2838 490 2995 544 quam
3037 475 3144 530 sint
3192 474 3508 542 immobiles,
3546 493 3652 531 non

2071 566 2367 636 loquentes,
2400 582 2503 621 non
2531 567 2850 635 agitati,non
2892 567 3073 622 oculos
3118 566 3223 622 huc
3264 576 3318 622 et
3358 566 3483 622 illuc
3528 569 3652 622 mit-

2072 668 2262 722 tentes,
2294 660 2385 715 sed
2428 661 2625 724 mmSti,
2649 660 2886 727 demissi,
2921 659 3395 730 pertimescentes?
3421 660 3497 715 Ex
3525 665 3655 731 ipsis

2070 754 2443 809 documentum
2471 753 2711 822 accipite,
2745 768 2777 806 ο
2801 753 3062 817 homines,
3085 762 3138 807 et
3166 754 3242 807 sic
3266 752 3497 806 assistitc
3521 753 3651 816 Det.

2042 848 2230 901 .vcluli
2261 847 2327 902 ad
2373 857 2647 902 terrenum
2688 862 2864 917 regem
2902 846 3215 901 accedentes
3245 846 3415 902 facitis
3446 865 3458 899 :
3489 847 3655 900 multo

2048 942 2238 1011 magis
2283 941 2479 996 caelesti
2507 942 2617 1011 regi
2660 956 2779 994 cum
2811 940 3002 993 timore
3043 938 3255 994 adstare
3281 947 3508 1010 oportet.
3542 939 3655 993 Hoc

2069 1049 2211 1104 smpe
2240 1032 2381 1098 dico,
2432 1044 2485 1089 et
2522 1034 2699 1087 dicere
2747 1049 2849 1086 non
2880 1031 3122 1096 cessabo,
3174 1031 3343 1086 donec
3382 1042 3651 1085 correctos

2070 1127 2296 1181 videam.
2354 1126 2715 1195 lngredientes
2760 1134 2933 1179 autem
2968 1125 3018 1177 in
3065 1124 3366 1189 ecclesiam,
3398 1131 3457 1178 ut
3494 1124 3652 1178 decet

2071 1218 2235 1272 Deum
2260 1218 2595 1278 accedamus.
2629 1233 2696 1272 ne
2722 1217 2967 1272 vindictae
3008 1217 3345 1286 cupiditatem
3392 1218 3441 1271 in
3471 1228 3649 1273 mento

2070 1310 2349 1372 habentes,
2379 1309 2634 1363 adversus
2662 1324 2755 1362 nos
2796 1324 3089 1378 preenmur,
3132 1309 3370 1362 dicentes
3401 1326 3412 1361 :
3446 1306 3653 1361 Dimitte

2070 1402 2247 1467 nobis,
2310 1403 2441 1455 sicut
2504 1412 2550 1455 et
2604 1418 2693 1454 nos
2751 1402 3047 1453 dimittimus
3104 1399 3407 1453 debitoribus
3468 1403 3652 1453 nostris

2071 1497 2282 1568 (Matth.
2311 1498 2362 1551 (i.
2393 1497 2503 1568 12).
2542 1495 2801 1551 Terribile
2832 1496 2974 1551 enim
3006 1505 3087 1551 cst
3114 1497 3233 1562 hoc,
3266 1497 3407 1568 quod
3434 1496 3648 1561 dicitur,

2069 1597 2122 1642 et
2151 1587 2315 1643 ferme
2351 1588 2428 1642 sic
2453 1588 2517 1641 ad
2547 1588 2712 1642 Deum
2741 1588 2952 1652 clamat,
2983 1588 3067 1657 qui
3101 1588 3200 1641 hoc
3233 1588 3361 1641 dicit
3389 1604 3402 1642 :
3440 1588 3644 1647 Dimisi,

2072 1682 2311 1742 Domine,
2359 1680 2598 1745 dimitte;
2651 1681 2807 1742 solvi,
2849 1680 3030 1744 solve;
3079 1681 3273 1750 ignovi,
3319 1679 3648 1749 ignoscczsi

2068 1774 2283 1840 retinui,
2318 1775 2520 1835 retine;
2549 1773 2591 1826 si
2624 1787 2728 1825 non
2767 1770 2902 1826 Solvi
2930 1772 3193 1841 proximo,
3228 1787 3401 1841 neque
3430 1781 3483 1825 tu
3531 1787 3647 1824 mea

2069 1865 2245 1919 solvas
2292 1875 2503 1934 peccata
2545 1882 2557 1916 :
2596 1864 2647 1917 in
2701 1881 2801 1932 qua
2851 1879 3099 1919 mensura
3150 1865 3341 1918 metior
3384 1864 3645 1933 proximo,

2066 1956 2252 2011 eadem
2280 1956 2577 2011 rcmeliaris
2604 1955 2750 2008 mihi.

2142 2046 2265 2101 Post
2321 2058 2535 2100 mortem
2586 2046 2714 2101 nihil
2763 2046 3311 2115 meremur.—lgilnr
3362 2060 3481 2099 cum
3534 2045 3647 2099 hare

2067 2137 2321 2201 sciamus,
2354 2151 2417 2191 ac
2441 2137 2581 2191 diem
2623 2134 2787 2189 illum
2811 2136 3099 2190 terribilem
3131 2136 3284 2189 nobis
3317 2148 3646 2204 reputemus,

2067 2243 2121 2285 et
2151 2231 2325 2300 ignem
2361 2231 2526 2296 illum,
2560 2241 2615 2285 et
2645 2228 2934 2285 terribilem
2970 2238 3351 2282 tormentorum
3390 2230 3561 2281 locum
3594 2231 3644 2281 in

2066 2331 2301 2376 mentem
2328 2322 2668 2392 accipiamus,
2712 2332 3082 2375 convet'lamus
3113 2336 3211 2374 nos
3237 2322 3288 2374 in
3314 2328 3586 2391 posterum
3617 2337 3645 2375 a

2063 2413 2148 2466 via
2177 2428 2279 2483 qua
2324 2414 2640 2467 erravimus.
2679 2414 2868 2467 Veniet
2910 2413 3053 2467 enim
3085 2412 3217 2466 hora
3248 2412 3461 2483 quando
3503 2412 3648 2466 thea-

2066 2514 2204 2559 trum
2236 2505 2359 2559 vitaa
2385 2505 2540 2573 hujus
2578 2506 2832 2569 solvetur,
2879 2514 2935 2560 et
2964 2505 3137 2559 nullus
3170 2513 3350 2573 postea
3379 2505 3604 2559 certabit
3630 2523 3643 2557 :

2065 2612 2171 2650 non
2199 2606 2283 2651 est
2313 2605 2431 2665 post
2464 2596 2619 2665 hujus
2645 2596 2766 2650 vitze
2797 2597 2952 2650 linem
2982 2596 3307 2666 negotiatio:
3340 2595 3441 2650 hoc
3475 2595 3648 2649 soluto

2066 2688 2275 2742 theatro
2313 2703 2541 2743 coronas
2583 2689 2776 2742 mereri
2820 2704 2925 2742 non
2954 2688 3129 2742 datur.
3174 2687 3287 2741 Hoc
3317 2696 3525 2756 tempus
3567 2696 3648 2740 est

2064 2781 2413 2847 ptenitentiaa,
2448 2779 2575 2833 illud
2596 2778 2779 2849 jndicii
2813 2797 2825 2831 :
2860 2778 2960 2833 hoc
2986 2795 3235 2849 agonum.
3271 2777 3397 2832 illud
3426 2794 3648 2833 corona-

2066 2886 2181 2925 rum
2215 2889 2227 2924 :
2264 2871 2364 2925 hoc
2408 2870 2624 2934 laboris,
2672 2868 2798 2923 illud
2829 2870 3171 2924 relaxationis
3196 2884 3209 2921 :
3237 2868 3338 2921 hoc
3372 2884 3645 2931 sariuntur,

2066 2962 2197 3017 illud
2223 2962 2606 3017 retributionis.
2632 2960 2952 3025 Excitemni,
2978 2960 3219 3023 obsecro,
3245 2958 3571 3019 cxcitemini,
3591 2966 3647 3009 et

2065 3070 2185 3123 quae
2210 3053 2462 3107 dicuntur
2500 3052 2736 3106 suaviter
2770 3051 3067 3105 audiamus.
3100 3050 3340 3104 Viximus
3380 3051 3431 3103 in
3458 3064 3642 3110 carne,

2065 3147 2306 3198 vivamus
2331 3142 2553 3213 posthac
2578 3143 2630 3197 in
2670 3143 2859 3212 spiritu
2888 3159 2901 3196 :
2930 3142 3156 3195 viximus
3186 3141 3239 3195 in
3266 3140 3643 3210 voluptatibus,

2065 3237 2307 3290 vivamus
2334 3236 2384 3289 in
2413 3235 2698 3290 virtutibus
2727 3251 2739 3286 :
2771 3235 2999 3288 viximus
3030 3234 3085 3287 in
3126 3232 3468 3302 negligentia,
3500 3232 3646 3283 viva-

2065 3342 2184 3381 mus
2224 3327 2274 3379 in
2310 3327 2635 3395 ptenitentia.
2672 3325 2806 3392 Quid
2845 3326 3063 3391 superbit
3094 3334 3229 3376 terra
3274 3332 3319 3376 et
3359 3322 3486 3375 cinis
3517 3320 3646 3392 (Ec-

2065 3420 2149 3471 cli.
2176 3418 2261 3472 10.
2293 3416 2391 3488 9)?
2431 3418 2567 3484 Quid
2599 3416 2822 3477 inﬂaris,
2862 3415 3056 3469 homo?
3086 3414 3212 3483 quid
3249 3429 3505 3484 arrogans
3544 3413 3644 3468 es?

2065 3511 2190 3581 quid
2211 3526 2393 3579 speras
2411 3525 2473 3564 cx
2495 3510 2661 3579 gloria
2684 3508 2863 3562 mundi
2886 3517 2939 3563 et
2962 3507 3198 3561 divitiis?
3217 3506 3560 3577 Egrediamur
3580 3505 3645 3559 ad

2066 3604 2327 3672 sepulcra,
2358 3603 2618 3667 obsecro;
2652 3603 2922 3657 videamus
2954 3603 3024 3657 ibi
3064 3602 3339 3673 mysteria,
3372 3594 3647 3654 videamus

2066 3697 2387 3765 discerptam
2423 3707 2685 3756 naturam.
2717 3710 2837 3750 ossa
2868 3710 3109 3759 corrosa,
3150 3708 3374 3762 corpora
3406 3690 3647 3761 putrefa-

2064 3802 2171 3845 cta.
2202 3789 2259 3844 Si
2287 3790 2500 3858 sapiens
2526 3804 2607 3853 es,
2639 3788 2948 3850 considera;
2992 3788 3038 3841 si
3078 3786 3333 3855 prudens,
3375 3784 3462 3838 die
3492 3784 3642 3844 mihi,

2064 3883 2184 3953 quis
2232 3882 2340 3935 illic
2379 3896 2472 3935 rex
2519 3889 2573 3934 et
2602 3882 2721 3950 quis
2763 3881 3023 3949 privatus,
3067 3878 3185 3948 quis
3214 3877 3405 3931 nobilis
3450 3884 3502 3929 et
3530 3876 3650 3944 quis

2066 3989 2287 4037 servus,
2341 3974 2459 4043 quis
2504 3972 2717 4040 sapiens
2756 3982 2810 4026 et
2856 3970 2974 4040 quis
3030 3967 3319 4037 insipiens?
3376 3964 3475 4021 Ubi
3534 3965 3649 4037 pul-

2064 4065 2311 4120 chritudo
2358 4064 2467 4118 illic
2511 4062 2905 4126 adolescentia,
2956 4061 3043 4116 ubi
3077 4060 3343 4130 gratiosus
3377 4067 3645 4128 aspectus,

2066 4159 2156 4214 ubi
2182 4159 2320 4212 oculi
2347 4157 2594 4227 speciosi,
2625 4156 2710 4209 ubi
2732 4156 2947 4224 elegans
2975 4167 3153 4217 nasus,
3180 4151 3268 4207 ubi
3297 4151 3460 4221 ignita
3486 4150 3646 4212 labia,

2067 4253 2155 4307 ubi
2187 4249 2523 4321 pulchritudo
2567 4261 2843 4318 genarum.
2896 4246 2985 4300 ubi
3016 4245 3161 4298 l'rons
3190 4242 3442 4297 radians?
3471 4256 3645 4295 annon

2065 4344 2244 4398 omnia
2270 4342 2447 4398 cinis?
2479 4356 2655 4395 nonne
2694 4339 2873 4393 omnia
2918 4337 3127 4407 pulvis?
3155 4350 3331 4391 nonne
3357 4334 3533 4388 omnia
3572 4332 3650 4385 la-

2069 4437 2227 4489 villa?
2259 4450 2435 4489 nonne
2460 4434 2637 4488 omnia
2664 4432 2900 4486 vermis?
2931 4445 3108 4484 nonne
3134 4428 3310 4483 omnia
3349 4426 3573 4496 putredo
3595 4433 3651 4479 et

2071 4528 2261 4585 laetor?
2290 4528 2416 4582 Hmc
2442 4526 2622 4581 animo
2666 4531 2997 4593 reputantes,
3031 4520 3239 4584 fratres,
3272 4527 3328 4573 et
3353 4529 3648 4573 extremum

2073 4621 2215 4676 diem
2245 4621 2422 4674 animo
2454 4625 2749 4679 versantes,
2796 4612 2919 4668 dum
2965 4622 3174 4681 tempus
3219 4607 3496 4671 habemus,
3524 4623 3649 4662 con-

2070 4723 2336 4770 vertamur
2362 4728 2391 4766 a
2420 4712 2501 4765 via
2524 4718 2727 4773 nostra,
2757 4723 2859 4777 qua
2886 4705 3198 4760 erravimus.
3229 4702 3498 4773 Sanguine
3527 4717 3648 4770 pre-

2072 4809 2208 4861 tioso
2237 4803 2495 4873 redempti
2516 4817 2701 4857 sumus
2730 4801 2806 4869 (L
2835 4798 2979 4852 Petr.
3014 4798 3089 4865 l).
3116 4797 3340 4864 Propter
3362 4806 3433 4854 te.
3466 4795 3647 4855 homo.

2074 4900 2213 4953 Deus
2253 4908 2412 4965 super
2445 4905 2640 4949 terram
2679 4894 2827 4946 visus
2871 4898 2973 4953 est,
3005 4905 3109 4944 non
3142 4889 3342 4943 habens
3379 4888 3463 4943 ubi
3493 4897 3653 4955 caput

2072 4991 2292 5046 reclinet
2336 4985 2483 5059 (Luc.
2507 4986 2560 5042 9.
2590 4983 2704 5053 58).
2738 4984 2915 5054 Papae,
2964 4998 3075 5038 rem
3121 4982 3452 5037 mirabileml
3489 4980 3653 5050 jUdl'X

2072 5082 2137 5138 ad
2166 5080 2392 5136 tribunal
2430 5078 2638 5133 ducitur
2682 5085 2898 5147 propter
2941 5076 3233 5132 reoszvita
3279 5085 3506 5129 mortem
3550 5087 3650 5141 gu-

2135 5262 2151 5293 ί
2184 5267 2402 5323 Reg......
2427 5255 2502 5307 sic
2526 5254 2730 5323 salutari
2751 5253 2972 5323 sanguini
2993 5251 3289 5317 participare
3304 5250 3463 5323 animo
3474 5248 3653 5322 ducite,

2070 5313 2471 5383 nequejbsecro,
2517 5318 2578 5369 ab
2601 5316 2815 5383 ecclesiis
2839 5313 3076 5372 ~absim'us,
3117 5313 3268 5377 neque
3306 5313 3653 5383 colloquiisjnf-

2072 5372 2367 5449 dulgeamus
2385 5395 2400 5431 :
2418 5372 2612 5449 stem,
2630 5379 2753 5449 sicut
2775 5384 3067 5449 prtpceptum
3084 5383 3171 5449 est,
3190 5372 3449 5449 trementes
3464 5381 3509 5449 et
3532 5372 3654 5449 timi-

2073 5447 2144 5505 di,
2158 5435 2295 5499 iiultu
2334 5444 2539 5495 demisso
2559 5435 2815 5505 mossti,in
2839 5435 3018 5489 terram
3042 5437 3219 5505 oculos,
3242 5435 3491 5505 in‘cwliun
3514 5447 3650 5483 men-

2073 5496 2412 5570 tem—ferattes,
2437 5513 2685 5570 pensamus
2722 5496 2824 5553 sine
2862 5513 2989 5558 voce,
3021 5501 3175 5570 corde
3187 5496 3466 5570 jubilemus:
3495 5506 3656 5570 nonne

2072 5555 2307 5620 uides—eos
2330 5555 2412 5629 qui
2432 5565 2543 5629 huic
2566 5573 2755 5629 terreno
2776 5571 2820 5612 et
2837 5555 3139 5629 corruptibili
3152 5555 3197 5608 et
3214 5555 3470 5629 temporali
3482 5565 3531 5629 ﬁt
3544 5571 3653 5629 seu:

2072 5616 2203 5682 sibili
2226 5616 2602 5694 reyi'assistunt.
2636 5626 2829 5694 Reliqua
2848 5623 2911 5694 _ad
2935 5616 3080 5694 ﬁdem
3102 5635 3258 5694 usque
3282 5616 3405 5692 adeo
3425 5616 3656 5694 uiderunt

2072 5679 2264 5752 honre,
2279 5679 2371 5742 sed
2388 5704 2553 5750 sensu,
2575 5697 2629 5739 ut
2652 5679 2861 5738 exséribi
2875 5685 3032 5752 omnia
3055 5679 3259 5752 opus'sit
3282 5682 3348 5739 ei,
3383 5693 3464 5752 qui
3490 5679 3656 5728 discri-

2074 5758 2202 5806 mina
2238 5745 2398 5864 oénnia
2420 5745 2778 5817 repriesentare
2822 5746 2969 5809 velit;
3015 5745 3143 5808 quod
3176 5757 3296 5794 sane
3334 5745 3465 5792 nullo
3491 5753 3657 5805 aperta

2077 5819 2236 5864 pretio
2290 5823 2415 5864 eret.

2077 5819 2236 5881 pretio
2258 5819 2415 5865 ﬁeret.
