4066 6392
372 332 469 389 551

1310 324 1373 379 IN
1414 321 1578 379 DIEM
1617 319 1942 376 NATALEM
1984 320 2042 372 D.
2086 318 2148 371 Ν.
2191 317 2352 372 .IESU
2393 313 2681 370 CHRISTI.

3558 322 3662 375 Si)?

373 449 2976 482 _________________________..___________________

373 558 642 603 IIItMIIJA
685 556 749 596 IN
794 548 1176 596 SEBVATORIS
1220 545 1444 589 NOSTRI
1487 543 1634 586 JESU
1701 541 1949 584 CHRISTI
2016 540 2173 582 DIEM
2238 542 2556 595 NATALEM,
2613 545 2719 596 QUI
2774 546 3019 598 QUIDEM
3082 548 3224 591 DIES
3282 549 3657 592 INCOGNITL'S

451 656 664 702 annue
710 653 866 697 lLus
910 645 1331 702 TEMPORIBUS,
1377 644 1543 688 ANTE
1588 641 1820 684 PAUCOS
1864 638 2179 681 ADMODUM
2226 642 2420 683 ANxos
2466 644 2870 688 momen”
2914 649 3034 689 PER
3081 648 3363 703 ALIQUOS,
3409 650 3515 701 QUI
3576 650 3659 692 EX

447 757 793 806 occmENTE
835 749 1172 797 VENERANT
1213 746 1422 800 ATQUE
1466 741 1937 787 INDICAVERANT
1985 719 2097 803 (α).

442 1043 491 1095 1.
518 1039 647 1106 Quae
684 1037 792 1105 jam
817 1033 943 1087 olim
987 1028 1303 1100 patriarchae
1344 1021 1642 1087 ardebant,
1685 1018 1960 1089 propheta;

369 1132 756 1206 praedicebant,
787 1127 915 1196 justi
940 1136 1161 1178 cernere
1185 1118 1469 1188 cupiebant
1490 1114 1700 1184 (Matth.
1726 1112 1812 1206 15:
1839 1110 1954 1178 l7),

367 1202 432 1284 ea
458 1239 705 1288 evenere,
735 1231 787 1276 et
816 1220 975 1289 linem
1005 1216 1262 1269 hodierno
1284 1212 1372 1266 die
1397 1212 1719 1277 acceperunt
1745 1221 1759 1257 :
1781 1202 1956 1305 Pens-

369 1336 474 1391 que
503 1333 596 1387 per
624 1328 838 1370 carnem
863 1312 915 1365 in
948 1320 1087 1363 terra
1117 1307 1262 1361 visus
1290 1310 1392 1367 est,
1418 1310 1472 1355 et
1501 1314 1623 1353 cum
1652 1294 1955 1391 hominibus

365 1386 715 1465 conversatus
729 1414 813 1469 est
832 1400 1059 1472 (Baruch
1097 1398 1151 1454 '5.
1171 1397 1283 1459 '58).
1303 1392 1641 1451 Gaudeamus
1658 1386 1882 1459 proinde
1900 1395 1957 1440 et

363 1502 708 1563 exsultemus,
726 1496 926 1551 dilecti.
944 1493 1077 1548 Nam
1094 1491 1139 1547 si
1158 1492 1390 1545 Joannes
1411 1484 1649 1540 adhucin
1667 1491 1816 1536 utero
1836 1493 1953 1533 ma-

364 1606 537 1659 terno,
561 1591 725 1645 Maria
745 1586 1073 1658 ingrediente
1085 1584 1151 1639 ad
1176 1575 1733 1646 Elizabet,exsultavit
1751 1590 1764 1627 :
1785 1571 1953 1626 multo

365 1687 533 1758 magis
554 1699 668 1747 nos,
691 1698 796 1737 non
817 1680 1057 1745 Mariam,
1075 1676 1169 1732 sed
1191 1676 1473 1745 ipsummet
1494 1672 1833 1727 Servatoretn
1857 1682 1949 1769 no-

362 1792 530 1836 strum
559 1777 718 1832 hodie
746 1785 927 1830 natum
951 1772 1358 1839 conspicientes,
1383 1764 1652 1821 exsultare
1680 1771 1734 1817 et
1756 1759 1950 1831 gaudio

359 1875 554 1946 gestire
580 1888 675 1942 par
700 1878 814 1933 cst;
842 1877 897 1940 et
917 1865 1188 1936 suspicere
1209 1871 1368 1930 atque
1392 1873 1511 1913 cum
1535 1866 1754 1954 stupore
1773 1851 1948 1954 admi-

360 1969 464 2021 rari
483 1962 863 2019 incarnationis
880 1961 995 2027 ejus
1011 1951 1448 2024 magnitudinem,
1467 1946 1615 2001 onmi
1630 1946 1949 2016 cogitatione

358 2059 713 2130 superiorem.
750 2054 948 2107 Tecum
974 2048 1116 2103 enim
1145 2054 1331 2113 reputa
1357 2050 1613 2110 quantum
1640 2037 1740 2102 sit,
1777 2036 1947 2090 solem

357 2168 425 2207 ex
461 2151 607 2205 c:elis
644 2144 1056 2201 descendentem
1097 2137 1280 2192 videre
1321 2138 1375 2188 in
1416 2143 1557 2186 terra
1600 2136 1902 2185 currentem
1928 2165 1945 2191 ,

359 2245 646 2311 radiosque
673 2240 797 2292 hinc
818 2250 944 2289 suos
964 2230 1211 2287 omnibus
1232 2227 1583 2284 emittentem.
1607 2220 1759 2290 Quod
1779 2222 1824 2274 si
1842 2219 1947 2273 tale

355 2336 552 2407 aliquid
575 2336 628 2387 in
655 2330 836 2387 sensili
860 2329 951 2382 illo
968 2324 1216 2382 luminari
1233 2321 1504 2384 eveniens,
1524 2318 1713 2371 merito
1733 2327 1941 2414 omnes,

354 2403 614 2498 quotquot
638 2423 691 2478 id
720 2420 996 2484 viderent,
1025 2418 1076 2471 in
1106 2426 1376 2485 stuporem
1397 2419 1643 2508 raperet:
1663 2403 1943 2508 conside—ra

355 2534 498 2575 nunc
526 2516 653 2570 mihi
690 2523 742 2568 et
770 2510 1036 2583 perpende
1056 2550 1069 2573 ,
1102 2522 1260 2577 quam
1288 2506 1443 2574 longe
1470 2502 1641 2570 majus
1667 2501 1764 2563 sit,
1787 2501 1944 2566 justi-

354 2615 443 2667 tice
483 2609 651 2664 solem
693 2620 760 2659 ex
799 2615 980 2660 nostra
1018 2616 1179 2657 carne
1216 2599 1395 2653 radios
1430 2610 1556 2651 suos
1592 2593 1941 2663 ejaculantcm

352 2704 931 2776 aspicere,animasque
946 2705 1153 2751 nostras
1170 2693 1517 2746 illustrantem
1532 2727 1544 2739 .
1562 2684 1939 2787 Desiderabam

351 2814 451 2868 ego
468 2799 575 2866 jam
601 2794 803 2865 pridem
832 2792 973 2846 diem
1001 2787 1142 2841 hunc
1164 2785 1344 2838 videre
1371 2800 1385 2845 ;
1418 2782 1575 2850 idque
1600 2794 1704 2880 non
1728 2777 1938 2880 simpli-

350 2894 504 2955 citer,
532 2888 625 2943 sed
643 2902 763 2940 cum
787 2892 930 2938 tanta
962 2878 1255 2949 frequentia
1273 2918 1287 2942 ,
1315 2882 1511 2944 quanta
1535 2872 1677 2925 nunc
1696 2871 1892 2972 adestis
1922 2887 1935 2921 :

351 2980 747 3048 identidemque
764 2975 954 3029 intueri
982 2969 1299 3041 exoptabam
1319 2968 1583 3021 theatrum
1605 2970 1844 3063 nostrum
1867 2968 1935 3063 ita

349 3072 629 3142 compleri,
656 3064 1105 3139 quemadmodum
1135 3075 1274 3115 nunc
1289 3059 1471 3113 videre
1488 3068 1588 3111 est.
1608 3055 1773 3125 Cujus
1792 3054 1935 3108 desi-

348 3162 627 3221 derii-mei
663 3174 871 3215 summa
900 3156 1129 3225 denique
1165 3154 1363 3209 evenit.
1410 3150 1654 3205 Nondum
1696 3148 1935 3201 decimus

348 3271 522 3309 annus
549 3262 632 3308 est
659 3268 726 3307 ex
755 3266 860 3321 quo
890 3249 976 3303 hic
1003 3249 1117 3316 ipse
1145 3246 1260 3300 dies
1286 3243 1569 3297 manifeste
1592 3240 1748 3295 nobis
1776 3240 1933 3293 inno-

349 3347 447 3400 tuit
476 3363 490 3399 :
518 3354 753 3398 attamen
777 3384 792 3406 ,
821 3339 1045 3410 perinde
1071 3352 1132 3391 ac
1157 3338 1201 3391 si
1223 3336 1332 3406 jam
1359 3335 1483 3387 olim
1514 3349 1545 3387 a
1577 3332 1755 3386 multis
1781 3331 1933 3386 annis

348 3438 502 3492 nobis
528 3434 755 3490 traditus
778 3440 940 3496 esset,
964 3431 1035 3483 ita
1060 3442 1219 3498 opera
1246 3437 1419 3481 vestra
1444 3425 1742 3479 celebratus
1765 3421 1932 3477 incla-

348 3532 474 3584 ruit.
509 3530 683 3596 Quare
713 3541 816 3579 non
845 3523 1124 3587 erraverit,
1152 3519 1240 3589 qui
1271 3517 1516 3572 eumdem
1550 3531 1744 3570 novum
1774 3515 1931 3569 simul

346 3631 402 3677 et
446 3622 721 3690 antiquum
767 3624 1079 3683 nuncupet:
1112 3625 1306 3666 novum
1354 3608 1566 3678 quidem
1609 3605 1750 3676 quod
1790 3620 1931 3659 nunc

345 3718 562 3771 demum
592 3713 733 3766 illius
762 3709 945 3764 notitia
972 3706 1038 3760 ad
1064 3720 1160 3759 nos
1188 3702 1516 3773 pervenerit;
1540 3701 1813 3768 antiquum
1838 3713 1930 3752 ve-

346 3824 406 3863 ro
432 3817 487 3861 et
512 3813 800 3869 vetustum,
824 3799 964 3870 quod
989 3797 1233 3852 celeriter
1256 3792 1632 3848 vetustioribus
1657 3799 1813 3846 (etate
1838 3805 1931 3844 ve-

347 3900 424 3954 lut
443 3912 639 3967 suppar
659 3893 897 3950 redditus
918 3891 1007 3956 sit,
1030 3901 1081 3944 et
1107 3887 1173 3942 ad
1195 3886 1434 3941 eamdem
1458 3901 1579 3939 cum
1608 3885 1737 3955 ipsis
1757 3885 1928 3938 inlatis

346 4002 652 4045 mensuram
698 3981 1016 4055 pervenerit.
1058 3978 1129 4034 Ut
1154 3978 1297 4034 enim
1328 3992 1599 4048 generosa:
1634 3987 1688 4031 et
1724 3976 1928 4030 nobiles

347 4083 538 4149 stirpes
565 4077 719 4133 simul
744 4087 903 4145 atque
930 4085 1088 4128 terra:
1113 4071 1416 4125 inseruntur
1440 4113 1456 4133 ,
1489 4071 1649 4125 etiam
1680 4069 1929 4123 celeriter

345 4174 396 4227 in
418 4170 749 4225 altitudinem
768 4181 1014 4235 magnam
1032 4170 1393 4227 succrescunt,
1421 4161 1778 4230 fructibusque
1796 4176 1926 4215 one-

344 4277 528 4321 rantur
560 4282 573 4318 :
603 4279 711 4317 non
736 4262 888 4315 aliter
912 4259 999 4312 hic
1022 4258 1137 4312 dies
1160 4299 1175 4324 ,
1202 4271 1323 4311 cum
1355 4255 1422 4309 ab
1450 4255 1669 4310 exordio
1698 4256 1762 4308 iis
1785 4296 1799 4319 ,
1836 4256 1928 4324 qni

346 4361 397 4413 in
429 4357 716 4413 Occidente
745 4353 983 4407 habitant
1005 4392 1019 4415 ,
1048 4349 1293 4418 cognitus
1330 4346 1527 4412 fuerit,
1557 4362 1697 4400 nunc
1725 4348 1790 4400 ad
1828 4361 1926 4399 nos

346 4452 558 4504 demum
591 4462 696 4500 non
724 4454 848 4497 ante
875 4441 1070 4495 multos
1096 4454 1267 4494 annos
1295 4438 1636 4493 transmissus
1661 4479 1675 4504 ,
1705 4450 1927 4506 repente

347 4543 416 4594 ita
461 4537 721 4602 increvit,
762 4535 1029 4602 talemque
1068 4529 1189 4584 tulit
1224 4528 1487 4595 fructum,
1530 4528 1741 4598 qualem
1788 4546 1929 4585 nunc

346 4645 565 4686 cernere
586 4629 728 4694 licet,
751 4626 914 4694 septis
937 4622 1132 4678 nostris
1155 4621 1349 4691 ubique
1370 4620 1599 4684 refertis,
1624 4625 1926 4692 temploque

348 4724 595 4778 universo
633 4736 742 4789 pra:
784 4715 1120 4771 multitudine
1158 4711 1588 4768 concurrentium
1624 4723 1923 4781 angustato.

347 4816 461 4883 Quo
484 4822 662 4868 vestro
694 4820 797 4863 tam
826 4817 1072 4878 prompto
1104 4804 1280 4859 studio
1307 4804 1523 4872 dignum
1558 4804 1832 4871 praemium
1862 4804 1929 4857 ab

347 4923 412 4962 eo
432 4948 448 4971 ,
474 4907 562 4976 qui
594 4904 750 4958 hodie
783 4900 1073 4957 secundum
1102 4913 1316 4953 carnem
1346 4896 1586 4951 Christus
1614 4906 1770 4951 natus
1805 4910 1926 4963 est,

346 5006 686 5066 exspectate:
710 4994 801 5049 ille
827 4991 976 5047 vobis
1003 4991 1141 5045 hanc
1166 4989 1493 5043 alacritatem
1520 4988 1730 5043 abunde
1751 5004 1930 5044 remu-

347 5089 657 5151 nerabitur;
704 5086 990 5140 maximum
1034 5080 1294 5151 siquidem
1337 5096 1460 5149 erga
1505 5091 1685 5134 natum
1730 5082 1928 5137 amoris

349 5180 597 5234 indicium
628 5186 712 5232 est
740 5176 972 5230 studium
1011 5174 1269 5229 hodierno
1298 5171 1383 5225 die
1414 5173 1727 5240 impensum.
1778 5171 1927 5239 Quod

347 5272 390 5325 si
419 5270 671 5324 nonnulla
711 5270 871 5323 etiam
905 5283 934 5320 a
971 5266 1123 5320 nobis
1159 5264 1433 5319 conservis
1465 5265 1654 5317 vestris
1691 5263 1757 5317 ad
1795 5265 1930 5318 hanc

348 5377 462 5415 rem
487 5360 728 5413 facientia
756 5357 931 5412 aii'crri
961 5365 1221 5424 oporteat,
1248 5372 1307 5408 ea
1336 5353 1567 5407 feremus
1589 5368 1641 5407 et
1670 5370 1787 5415 nos,
1813 5372 1929 5423 qua:

351 5454 676 5525 poterimus;
703 5453 785 5505 vel
810 5451 1001 5519 potius,
1031 5464 1146 5517 quae
1167 5446 1343 5501 divina
1369 5448 1535 5516 gratia
1558 5446 1624 5501 ad
1651 5449 1928 5502 utilitatem

418 5696 437 5727 ι
469 5704 567 5741 uno
589 5700 693 5739 MSS.
729 5724 745 5749 ,
766 5701 859 5739 non
882 5696 1165 5750 possumus;
1201 5691 1252 5733 et
1276 5697 1405 5743 mox,
1428 5684 1743 5737 inveniamur.

409 5796 479 5855 (τι)
504 5791 685 5844 Collata
709 5803 815 5838 cum
842 5788 953 5839 Mss.
978 5788 1138 5852 Regiis
1162 5785 1302 5845 1959,
1323 5787 1464 5849 2026,
1488 5790 1631 5852 2028,
1654 5792 1779 5844 2.14.3

655 5875 920 5938 ΡΑτιιοι..
970 5884 1082 5941 Gn.
1136 5883 1190 5940 Χ
1205 5882 1267 5941 LI
1282 5883 1357 5944 Χ.

2064 1019 2293 1066 vestram
2318 1013 2791 1072 dieenda'dederit.
2821 1019 2956 1087 Quid
2983 1021 3140 1091 igitur
3167 1023 3425 1079 hodierno
3449 1026 3537 1080 die
3560 1043 3656 1080 an-

2063 1101 2178 1156 dire
2206 1106 2436 1172 cupitis?
2468 1107 2591 1176 quid
2619 1109 2783 1176 aliud,
2812 1127 2969 1181 quam
2995 1113 3063 1168 de
3091 1115 3191 1169 hoc
3217 1116 3333 1186 ipso
3361 1117 3487 1173 die?
3516 1120 3649 1175 Nam

2062 1193 2261 1249 multos
2281 1197 2437 1250 etiam
2461 1215 2601 1253 nunc
2624 1201 2760 1256 inter
2778 1218 2837 1258 se
2856 1203 2924 1259 de
2944 1219 3010 1259 eo
3030 1206 3145 1276 ipso
3162 1208 3459 1279 disceptare
3480 1214 3649 1283 probe

2061 1286 2185 1340 novi
2216 1306 2229 1343 :
2262 1298 2316 1343 et
2352 1289 2450 1345 hos
2482 1292 2698 1362 quidem
2736 1296 2885 1351 illum
2927 1300 3318 1368 reprehendere
3342 1345 3356 1369 ,
3386 1305 3521 1360 alios
3550 1308 3647 1361 dce

2060 1378 2306 1446 fundere;
2335 1386 2532 1441 multus
2562 1388 2755 1457 ubique
2781 1389 2849 1444 de
2872 1390 2971 1446 hoc
2998 1391 3085 1447 die
3113 1409 3311 1461 sermo,
3341 1399 3533 1466 partim
3563 1400 3616 1454 in

2058 1472 2378 1540 cusantium,
2408 1477 2555 1544 quasi
2585 1493 2752 1533 novus
2782 1481 2870 1546 sit,
2899 1497 3145 1553 nuncque
3173 1500 3359 1543 recens
3383 1489 3642 1557 invectus,

2059 1562 2250 1631 partim
2280 1566 2526 1621 eumdem
2556 1575 3041 1641 propugnantium,
3072 1584 3339 1646 tamquam
3369 1581 3645 1651 antiquum
3693 1633 3696 1637 .

2057 1670 2120 1710 ac
2146 1667 2445 1725 vetustum;
2477 1676 2597 1714 cum
2625 1674 2678 1717 et
2708 1664 2834 1718 olim
2866 1667 3191 1723 nativitatem
3227 1670 3342 1740 ejus
3373 1672 3646 1743 prepheta:

2058 1746 2417 1816 prardixerint,
2441 1760 2495 1804 et
2514 1752 2623 1820 jam
2655 1754 2778 1809 inde
2803 1772 2834 1811 a
2864 1758 3156 1827 primordio
3181 1762 3249 1816 ab
3276 1764 3388 1833 ipsa
3413 1766 3641 1823 Thracia

2057 1836 2233 1892 Gades
2253 1854 2417 1910 usque
2441 1842 2792 1902 incolentibus
2814 1849 3122 1905 manifestus
3143 1863 3197 1907 et
3217 1855 3441 1911 celebris
3460 1858 3639 1914 fuerit.

2059 1930 2299 1996 Agedum
2340 1933 2498 2001 igitur
2522 1975 2538 2001 ,
2572 1935 2638 1989 de
2679 1935 2825 1991 hisce
2864 1953 3169 1995 sermonem
3197 1945 3552 2003 exordiamur.
3586 1949 3644 2005 Si

2056 2023 2199 2073 enim
2227 2020 2313 2076 hic
2340 2023 2452 2093 ipse
2474 2027 2590 2080 dies
2616 2028 2790 2083 adhuc
2816 2031 2867 2084 in
2894 2031 3277 2104 disceptatione
3302 2039 3504 2106 positus
3530 2050 3644 2095 tan-

2058 2121 2111 2166 ta
2141 2114 2305 2169 animi
2332 2118 2491 2171 vestri
2520 2122 2874 2189 pr0pensione
2901 2122 3114 2190 fruitur,
3145 2128 3325 2198 utique
3351 2129 3397 2184 si
3423 2132 3600 2186 notior
3621 2172 3639 2197 ,

2052 2215 2210 2274 atque
2230 2208 2364 2263 adeo
2387 2210 2699 2267 manifestus
2720 2215 2927 2280 evadat,
2953 2216 3092 2272 haud
3115 2219 3273 2275 dubie
3294 2222 3450 2292 longe
3472 2224 3641 2294 majo-

2053 2312 2164 2351 rem
2190 2299 2410 2368 hujusce
2428 2303 2589 2357 studii
2609 2306 2773 2361 vestri
2795 2306 3025 2362 fructum
3049 2313 3323 2381 percipiet,
3347 2317 3638 2385 perspicui-

2054 2399 2179 2455 tate,
2204 2407 2320 2461 qua:
2343 2409 2407 2447 ex
2433 2395 2531 2449 hac
2550 2397 2772 2452 docendi
2796 2402 3000 2455 ratione
3022 2415 3285 2469 nascetur,
3313 2405 3448 2461 hanc
3468 2411 3635 2478 ipsam

2050 2483 2212 2536 animi
2241 2487 2401 2539 vestri
2430 2487 2761 2544 affectionem
2791 2493 3044 2562 majorem
3082 2496 3134 2549 in
3163 2496 3312 2552 vobis
3350 2499 3635 2557 efficiente.

2124 2572 2302 2627 Tribus
2344 2576 2851 2635 demonstrationibus
2882 2585 3058 2651 probat
3097 2602 3155 2639 eo
3195 2596 3415 2659 tempore
3459 2602 3634 2647 natum

2047 2681 2154 2719 esse
2182 2666 2453 2724 Christum.
2503 2670 2775 2743 Evangelii
2814 2677 3104 2746 prwdicatio
3139 2680 3321 2749 qualis.
3354 2709 3424 2720 ——
3454 2682 3637 2740 Habeo

2050 2775 2207 2817 ιη»ηό
2237 2770 2344 2814 tres
2372 2762 2436 2815 ad
2466 2764 2794 2831 probandum
2823 2767 3310 2825 demonstrationes
3336 2813 3349 2837 ,
3383 2790 3477 2843 per
3502 2790 3635 2844 quas

2046 2854 2262 2908 omnino
2291 2856 2632 2921 intelligimus
2660 2858 2763 2914 hoc
2794 2861 2964 2929 ipsum
2992 2878 3112 2918 esse
3142 2874 3378 2935 tempus,
3409 2883 3514 2937 quo
3540 2870 3633 2923 Je-

2045 2960 2135 2998 sus
2156 2944 2399 3002 Christus
2424 2949 2676 3004 Dominus
2694 2963 2875 3006 noster
2891 2969 2954 3008 ac
2973 2954 3110 3009 Deus
3127 2954 3359 3011 Verbum
3384 2963 3435 3012 in
3458 2960 3631 3015 lucem

2044 3044 2129 3089 est
2154 3036 2344 3091 editus.
2380 3038 2611 3106 Quarum
2654 3044 2769 3096 haec
2808 3044 2977 3112 prima
3016 3055 3114 3109 est,
3164 3047 3306 3116 quod
3360 3060 3502 3105 tanta
3542 3067 3632 3107 ce-

2042 3125 2248 3180 leritate
2275 3143 2671 3199 quaquaversus
2700 3133 2799 3186 hoc
2830 3134 3020 3188 festum
3045 3135 3413 3193 denuntiatum
3443 3141 3544 3208 sit,
3576 3151 3632 3197 et

2044 3217 2113 3271 ad
2146 3225 2350 3273 tantum
2380 3218 2645 3290 fastigium
2676 3225 2971 3279 excreverit
2991 3266 3004 3287 ,
3031 3226 3272 3297 adeoque
3301 3229 3625 3288 inclaruerit.

2043 3309 2111 3363 Et
2133 3311 2274 3380 quod
2301 3311 2560 3368 Gamaliel
2585 3314 2653 3370 de
2696 3317 3068 3384 praedicatione
3091 3319 3224 3375 dixit
3253 3338 3265 3372 :
3299 3322 3557 3390 Quoniam
3583 3328 3628 3382 si

2037 3410 2121 3455 est
2157 3417 2225 3457 ex
2254 3402 2558 3461 hominibus
2580 3446 2596 3473 ,
2640 3406 2993 3477 dissolvetur;
3040 3410 3082 3465 si
3111 3427 3242 3467 vero
3276 3430 3339 3468 ex
3371 3415 3482 3471 Deo
3506 3429 3586 3472 est
3606 3460 3622 3481 ,

2038 3508 2141 3547 non
2172 3497 2396 3564 potestis
2426 3497 2443 3528 ¹
2469 3497 2762 3555 dissolvere
2790 3502 2918 3557 illud
2940 3544 2955 3569 ,
2985 3519 3052 3559 ne
3081 3506 3217 3561 forte
3245 3516 3300 3562 et
3328 3509 3436 3564 Deo
3465 3526 3627 3580 repn-

2036 3599 2202 3653 gnaro
2232 3587 2575 3643 inveniamini
2606 3590 2738 3660 (Act.
2765 3592 2815 3645 5.
2846 3592 2933 3647 38.
2962 3592 3050 3664 59)
3079 3614 3091 3648 :
3122 3596 3224 3652 hoc
3248 3607 3303 3652 et
3327 3614 3425 3669 ego
3456 3601 3593 3656 fiden
3612 3634 3627 3646 -

2039 3688 2122 3732 ter
2146 3678 2213 3733 de
2237 3680 2325 3735 die
2351 3681 2450 3736 hoc
2473 3684 2923 3751 pronuntiaverim
2950 3706 2962 3741 :
2986 3689 3237 3755 quoniam
3260 3706 3325 3744 ex
3352 3693 3460 3747 Deo
3488 3695 3625 3749 Deus

2040 3767 2391 3831 Verbmn.est
2426 3774 2624 3827 idcirco
2651 3790 2756 3828 non
2784 3776 2955 3829 solum
2987 3792 3090 3831 non
3121 3778 3433 3836 diSSolutum
3462 3799 3581 3839 esse
3605 3804 3620 3839 :

2035 3862 2160 3930 quin
2202 3864 2375 3931 petius
2421 3881 2518 3935 per
2548 3882 2716 3921 annos
2751 3868 2988 3938 singulos
3030 3873 3200 3940 majus
3237 3873 3624 3935 incrementum

2035 3967 2248 4009 sumere
2276 3955 2664 4027 clarioremque
2697 3960 2924 4016 evadere
2953 3978 2965 4014 :
2996 3964 3246 4031 quoniam
3277 3973 3332 4018 et
3359 3964 3448 4020 illa
3483 3983 3624 4037 prm-

2036 4046 2231 4101 dicatio
2250 4064 2537 4117 paucorum
2561 4066 2821 4107 annorum
2845 4055 3015 4122 spatio
3037 4058 3338 4112 universum
3360 4068 3623 4118 terrarum

2034 4139 2219 4192 orbem
2261 4141 2570 4211 occupavit;
2604 4159 2925 4214 quamquam
2970 4148 3317 4202 tentoriorum
3358 4152 3580 4221 Opificex

2036 4231 2345 4297 piscatores,
2368 4232 2634 4288 literarum
2654 4235 2812 4290 rudes
2832 4247 2885 4291 et
2907 4238 3133 4308 imperiti
3158 4240 3398 4297 homines
3420 4254 3615 4311 essent,

2034 4323 2121 4390 qui
2168 4322 2309 4378 illam
2341 4340 2741 4394 quoquoversus
2767 4328 3062 4396 perferrent
3090 4347 3104 4383 :
3136 4346 3308 4400 neque
3336 4334 3606 4405 quidqnan

2036 4413 2397 4467 ministrorum
2444 4416 2617 4470 vilitas
2664 4418 2883 4481 nocuit,
2935 4435 3053 4472 cum
3101 4423 3330 4489 potentia
3376 4425 3493 4493 ejus
3531 4430 3622 4496 qui

2037 4506 2451 4573 praitlicabatur,
2485 4508 2662 4561 omnia
2692 4510 3005 4580 anticiparet
3028 4554 3043 4579 ,
3079 4514 3456 4584 impedimenta
3491 4522 3621 4575 snh-

2036 4606 2293 4663 moveret,
2325 4614 2387 4653 ac
2411 4613 2558 4652 suam
2590 4599 2697 4653 vim
2726 4614 3015 4658 exsereret.

2102 4689 2158 4743 ‘2.
2200 4690 2374 4745 Altera
2389 4690 2767 4747 demonstratio.
2792 4693 2874 4747 Et:
2892 4705 3111 4765 tempore
3130 4699 3478 4769 descriptionis
3494 4712 3620 4756 tem-

2044 4801 2140 4852 pus
2175 4783 2481 4837 Nativitatis
2519 4793 2683 4851 patet.
2708 4816 2774 4824 —
2800 4786 2953 4849 Quod
2984 4786 3028 4839 si
3060 4786 3182 4855 quis
3205 4787 3344 4843 forte
3370 4792 3618 4859 pervica-

2049 4876 2179 4941 cior,
2204 4875 2309 4929 illis
2338 4892 2459 4945 qua:
2483 4874 2626 4929 dicta
2663 4883 2785 4929 sunt
2814 4892 2920 4929 non
2951 4878 3259 4946 acquiescat
3289 4898 3301 4933 ε
3334 4889 3417 4934 est
3448 4882 3618 4938 altera

2043 4967 2449 5027 demonstratio,
2468 4982 2626 5036 quam
2644 4967 2951 5021 afi‘erenius.
2971 4967 3102 5033 Qua:
3118 4986 3248 5026 vero
3264 4971 3398 5026 ista?
3413 4972 3541 5039 Qua:
3560 4975 3611 5027 in

2044 5053 2405 5121 descriptione
2428 5054 2535 5116 illa,
2558 5054 2712 5122 cujus
2729 5053 3014 5124 Evangelia
3038 5059 3370 5114 mentionem
3386 5061 3609 5128 faciunt,

2045 5144 2145 5197 sita
2163 5154 2262 5197 est.
2290 5143 2512 5197 Factum
2535 5156 2607 5197 est
2632 5145 2789 5210 enim,
2810 5147 2985 5215 inquit
3004 5150 3331 5219 evangelista
3357 5152 3505 5218 (Luc.
3530 5156 3609 5217 9),

2033 5246 2085 5289 in
2115 5238 2285 5291 diebus
2310 5238 2411 5291 illis
2434 5280 2449 5303 ,
2478 5246 2596 5291 exiit
2622 5242 2841 5291 edictum
2870 5258 2899 5291 ιι
2929 5244 3127 5294 Gwsare
3154 5247 3376 5312 Augusto
3396 5282 3411 5307 ,
3442 5252 3496 5295 ut
3532 5244 3614 5293 de-

2034 5332 2327 5384 scriberetur
2354 5331 2611 5385 universus
2637 5331 2788 5384 orbis.
2834 5331 2956 5386 Παῖς
2996 5335 3266 5403 descriptio
3297 5336 3459 5404 prima
3485 5337 3614 5405 facta

2036 5431 2103 5474 est
2132 5421 2344 5491 prazsidc
2381 5421 2549 5490 Syria:
2575 5421 2804 5491 (.‘yrenio.
2843 5421 2907 5474 Et
2933 5424 3070 5476 ibant
3108 5442 3276 5478 omnes
3296 5467 3309 5489 ,
3338 5436 3388 5477 ut
3416 5426 3610 5494 proﬁte-

2036 5521 2226 5573 rentur,
2254 5513 2438 5581 singuli
2463 5513 2512 5565 in
2535 5514 2786 5566 civitatem
2810 5530 2972 5566 suam.
3008 5515 3235 5569 Ascendit
3262 5525 3430 5571 autem
3451 5528 3497 5571 et
3521 5515 3621 5571 Jo-

2035 5606 2158 5675 seph
2184 5623 2214 5658 a
2242 5602 2457 5658 Galilaza
2480 5608 2541 5658 de
2567 5607 2764 5659 civitate
2794 5605 3053 5661 Nazareth
3081 5610 3131 5662 in
3159 5608 3395 5664 Judwam
3420 5652 3436 5676 ,
3464 5612 3518 5664 in
3543 5612 3619 5663 ci-

2037 5698 2237 5750 vitatem
2274 5695 2439 5749 David
2462 5738 2477 5760 ,
2507 5712 2618 5766 qua:
2645 5709 2850 5751 vocatur
2878 5697 3166 5753 Betlilehem
3189 5743 3203 5763 ,
3235 5718 3291 5754 eo
3332 5702 3464 5773 quod
3498 5712 3622 5754 esset

2041 5787 2101 5843 de
2136 5787 2284 5842 donzo
2318 5799 2361 5842 ct
2396 5787 2592 5858 familia
2637 5788 2798 5845 David
2826 5806 2844 5844 :
2871 5800 2923 5844 ut
2961 5794 3278 5862 proﬁteretur
3313 5811 3423 5848 cum
3457 5792 3624 5848 Maria

3207 5880 3282 5923 ea
