4066 6392
485 334 586 390 θῖνες

483 460 788 515 desponsata
829 449 924 502 sibi
962 463 1118 502 uxore
1159 456 1467 516 prwgnante.
1512 443 1728 499 Factum
1754 456 1823 500 est
1855 456 2024 500 autem
2048 489 2062 511 ,

479 561 594 598 cum
631 551 791 598 essent
827 543 896 594 ibi
919 583 934 606 ,
961 539 1150 609 impleti
1179 548 1296 592 sunt
1332 539 1438 592 dies
1463 548 1516 591 ut
1543 549 1738 608 pareret
1762 553 1782 592 :
1804 548 1850 592 et
1877 541 2066 609 peperit

480 638 644 702 ﬁlium
671 652 820 690 suum
850 631 1233 704 primogenitum
1257 670 1274 695 ,
1300 639 1348 684 et
1389 623 1570 700 pahnis
1610 647 1723 683 eum
1753 629 1955 683 involvit
1973 671 1988 696 ,
2019 639 2068 684 et

479 729 739 782 reclinavit
768 743 878 780 eum
917 727 969 778 in
1010 724 1252 794 praesepio
1277 740 1296 777 :
1320 725 1440 794 quia
1468 739 1568 777 non
1603 733 1710 777 erat
1740 723 1810 777 eis
1848 723 1986 778 locus
2014 723 2067 777 in

481 821 775 874 diversorio.
804 819 880 872 Ex
907 817 987 870 his
1011 816 1196 887 liquet,
1226 817 1411 885 prima:
1435 815 1808 885 descriptionis
1829 823 2068 886 tempore

485 923 666 967 natum
697 926 835 965 esse.
869 910 936 964 Et
963 910 1048 964 cui
1073 918 1281 963 veteres
1320 908 1662 962 historiarum
1700 907 1912 964 codices
1934 948 1949 973 ,
1977 908 2067 978 qui

485 1004 667 1058 Romae
693 1002 899 1072 publice
923 1011 1293 1064 asservantur,
1325 998 1566 1054 lectitare
1595 999 1789 1065 libeat,
1816 997 2070 1069 perfacile

481 1097 640 1150 etiam
673 1105 877 1163 tempus
903 1093 1060 1163 hujus
1084 1092 1458 1163 descriptionis
1482 1101 1727 1146 accurate
1745 1091 1954 1148 discere
1976 1107 2068 1161 po-

482 1192 626 1246 terit.
657 1190 922 1246 Ca-temm
955 1188 1077 1258 quid
1103 1188 1204 1243 hoc
1227 1189 1294 1243 ad
1322 1203 1422 1242 nos
1446 1187 1588 1243 dicat
1614 1188 1822 1258 aliquis,
1847 1187 1938 1258 qui
1963 1188 2071 1244 illic

481 1299 656 1353 neque
685 1298 868 1338 sumus
886 1297 1068 1353 neque
1107 1282 1301 1336 fuimus
1331 1281 1621 1353 umquam?
1649 1282 1938 1348 Ausculta;
1968 1297 2070 1337 ne-

481 1390 586 1445 que
603 1374 833 1439 difﬁdas,
862 1377 985 1445 quia
1009 1374 1076 1429 ab
1097 1373 1199 1428 illis
1221 1373 1310 1444 qui
1332 1381 1572 1428 exactam
1597 1372 1755 1443 hujus
1781 1373 1858 1428 rei
1883 1373 2068 1444 cogni-

482 1468 683 1521 tionem
714 1465 910 1520 habent
937 1467 1132 1534 quique
1160 1465 1304 1518 illam
1344 1464 1531 1520 urbem
1563 1464 1898 1531 inhabitant,
1927 1463 2070 1520 hunc

483 1559 626 1612 diem
649 1556 950 1625 accepimus
975 1574 990 1610 :
1012 1570 1131 1609 nam
1157 1555 1232 1608 illi
1257 1555 1377 1625 ipsi,
1403 1556 1492 1624 qui
1517 1554 1623 1609 illic
1648 1564 2066 1624 commorantur,

483 1648 651 1703 multo
671 1657 792 1702 ante
813 1657 866 1702 et
885 1663 947 1701 ex
971 1649 1183 1716 antiqua
1207 1645 1488 1700 traditione
1513 1645 1684 1716 ipsum
1709 1647 2067 1714 celebrantes,

483 1739 550 1793 ad
581 1752 678 1792 nos
705 1752 872 1807 usque
901 1736 1042 1791 illius
1072 1737 1312 1791 notitiam
1342 1753 1481 1792 nunc
1507 1738 1934 1792 transmiserunt.
1968 1737 2072 1793 Ne-

483 1845 588 1900 que
625 1831 768 1885 enim
808 1829 1133 1899 evangelista
1173 1829 1486 1900 simpliciter
1515 1830 1668 1885 nobis
1703 1830 1830 1885 illud
1860 1840 2070 1901 tempus

484 1923 768 1988 indicavit;
796 1921 889 1976 sed
918 1922 1010 1986 ita,
1041 1929 1101 1975 ut
1124 1921 1284 1976 etiam
1313 1937 1415 1974 una
1447 1921 1588 1976 hunc
1613 1921 1753 1977 diem
1778 1921 1932 1977 nobis
1959 1936 2072 1976 ma-

485 2014 734 2068 nifestum
765 2011 1012 2066 redderet
1039 2021 1092 2066 et
1121 2011 1453 2081 exploratum
1477 2052 1493 2077 ,
1523 2011 1722 2082 Deique
1751 2011 2073 2066 incarnatio-

483 2120 607 2159 nem
638 2105 977 2173 patefaceret.
1014 2102 1197 2172 Neque
1223 2103 1364 2156 enim
1391 2111 1581 2172 su0pte
1606 2103 1858 2172 impulsu,
1889 2114 1981 2157 aut
2004 2120 2070 2158 ex

483 2210 544 2250 se
572 2194 688 2265 ipso
717 2194 985 2264 Augustus
1023 2193 1256 2248 edictum
1286 2193 1388 2247 hoc
1415 2193 1802 2263 promulgavit,
1835 2195 1928 2250 sed
1960 2195 2071 2250 Deo

484 2285 720 2339 animum
765 2285 931 2354 ipsius
974 2285 1309 2351 concitante,
1359 2294 1416 2339 ut.
1453 2283 1539 2338 vel
1582 2285 1776 2340 invitus
1823 2286 2071 2341 adventui

485 2377 754 2448 Unigeniti
781 2377 1130 2431 subserviret.
1160 2379 1230 2430 At
1253 2376 1379 2446 quid
1407 2376 1541 2443 hoc,
1570 2378 1747 2447 inquis
1766 2419 1781 2443 ,
1809 2377 1874 2433 ad
1900 2379 2070 2433 incar-

484 2469 754 2523 nationem
787 2466 1168 2522 ostendendam
1193 2468 1448 2522 momenti
1471 2466 1664 2522 habet?
1686 2467 1801 2523 Non
1823 2485 2067 2540 parvum,

484 2559 697 2624 dilecte,
727 2574 898 2629 neque
926 2559 1095 2614 ubivis
1121 2558 1333 2613 obvium
1354 2600 1368 2625 ,
1401 2559 1494 2614 sed
1524 2575 1772 2630 magnum
1804 2561 2024 2616 omnino
2055 2579 2068 2615 :

483 2652 724 2721 adeoque
754 2667 915 2705 unum
941 2667 1006 2704 ex
1037 2651 1100 2704 iis
1128 2651 1226 2705 hoc
1251 2661 1332 2705 est
1351 2693 1364 2713 ,
1393 2667 1512 2722 qua:
1538 2653 1842 2708 necessario
1870 2668 1931 2707 ac
1959 2666 2072 2708 stu-

482 2743 635 2798 diose
664 2751 990 2812 quacruntur.
1025 2741 1192 2810 Quale
1221 2741 1434 2796 tandem
1464 2743 1632 2797 illud?
1678 2743 1893 2799 Galiltca
1923 2746 2070 2816 regio

483 2832 725 2904 qua‘tlam
755 2832 1182 2900 estPalaestinze;
1208 2833 1470 2888 Nazareth
1492 2845 1669 2890 autem
1697 2837 1748 2890 in
1773 2852 1833 2891 ea
1857 2838 2064 2892 civitas.

482 2925 688 2980 Rursus
712 2924 896 2979 Judata
925 2925 1072 2994 regio
1096 2936 1198 2985 est.
1225 2925 1292 2980 ab
1317 2925 1580 2996 indigenis
1607 2926 1708 2982 hoc
1734 2929 1950 2985 nomine
1975 2946 2069 2986 vo-

481 3018 675 3080 citata;
709 3015 1018 3070 Bethlehent
1040 3031 1168 3071 vero
1193 3016 1391 3071 Judmae
1415 3019 1624 3073 civitas.
1653 3018 1920 3075 Christum
1947 3037 2070 3091 por-

481 3123 546 3163 ro
587 3123 778 3163 omnes
823 3107 1097 3178 propheta:
1129 3108 1484 3178 praedixerant
1507 3151 1523 3179 ,
1553 3126 1658 3165 non
1689 3127 1718 3166 a
1763 3112 2022 3168 Nazareth
2051 3156 2067 3181 ,

482 3203 577 3257 sed
605 3218 633 3255 a
666 3202 979 3258 Bethlehem
1011 3211 1321 3267 venturum,
1355 3204 1568 3274 illicque
1595 3205 1939 3261 nasciturum.
1995 3207 2068 3262 Ita

482 3293 625 3347 enim
669 3293 928 3362 scriptum
958 3304 1040 3348 est
1073 3311 1086 3348 :
1117 3292 1180 3346 Et
1211 3305 1264 3347 tu
1294 3292 1585 3348 Bethlehem
1615 3305 1750 3350 terra
1775 3297 1916 3350 Iuda
1939 3339 1954 3363 ,
1985 3315 2072 3352 ne-

481 3403 729 3459 quaquam
774 3387 982 3438 minium
1025 3403 1076 3440 es
1111 3387 1163 3440 in
1200 3388 1509 3458 principibus
1540 3386 1702 3442 Iuda.
1751 3389 1834 3444 Ea:
1863 3400 1910 3444 te
1937 3393 2070 3446 enim

489 3480 618 3532 exiet
646 3477 770 3531 Dua:
799 3518 813 3540 ,
841 3479 925 3546 qui
949 3489 1083 3546 reget
1113 3478 1355 3548 populum
1384 3494 1549 3532 meum
1575 3477 1742 3534 Israel
1760 3470 1978 3550 ’(Hatth.
2010 3482 2064 3537 2.

483 3569 517 3623 6
561 3585 575 3633 ;
608 3568 767 3622 Mich.
798 3570 850 3624 5.
880 3569 915 3621 2
936 3566 976 3640 ).
1021 3569 1088 3622 lit
1128 3568 1298 3623 Judmi
1340 3568 1467 3624 olim
1506 3573 1574 3624 ab
1602 3569 1813 3626 Herode
1842 3571 2070 3627 interro-

481 3662 611 3730 gati,
642 3661 730 3716 ubi
762 3671 1071 3716 nasceretur
1100 3659 1343 3717 Christus
1371 3701 1385 3726 ,
1416 3663 1519 3717 hoc
1545 3662 1716 3732 ipsum
1749 3665 1796 3718 ei
1827 3665 2067 3719 testimo-

481 3753 628 3805 nium
658 3752 971 3806 retulerunt.
1020 3751 1168 3806 Hanc
1193 3753 1436 3807 eamdem
1472 3752 1542 3808 ob
1569 3768 1785 3809 causam
1818 3755 2070 3825 loquente

480 3840 806 3896 Nathanacle
832 3841 899 3894 ad
930 3840 1252 3910 Philippum,
1271 3852 1554 3912 postquam
1576 3845 1624 3898 ei
1647 3844 1865 3910 dicenti,
1889 3843 2069 3900 Iesum

481 3949 514 3986 a
547 3931 807 3986 Nazareth
833 3932 1109 3987 invenimus
1133 3930 1308 4005 (Ioan.
1343 3934 1396 3986 1.
1423 3934 1493 3987 45
1511 3935 1655 4004 47),
1684 3936 2065 4006 respondisset,

483 4026 527 4079 Α
558 4022 818 4078 Nazareth
847 4033 1010 4094 potest
1038 4025 1230 4093 aliquid
1258 4024 1374 4078 boni
1410 4041 1516 4079 esse
1536 4025 1562 4079 .9
1587 4026 1832 4080 Christus
1856 4027 1923 4083 de
1953 4028 2069 4097 ipso

483 4114 558 4168 ait
587 4133 600 4169 ;
631 4111 762 4167 Ecce
787 4130 899 4168 vere
924 4112 1158 4168 Israelita
1184 4155 1200 4181 ,
1228 4115 1282 4168 in
1317 4131 1415 4185 quo
1455 4116 1601 4170 dolus
1629 4132 1729 4170 non
1767 4126 1859 4170 est.
1907 4116 2069 4186 Cujus

481 4215 658 4260 autem
693 4205 769 4260 rei
794 4207 963 4277 gratia
991 4207 1162 4276 ipsum
1194 4207 1264 4260 ita
1293 4208 1725 4262 commendavit?
1748 4207 1900 4275 Quod
1932 4227 2070 4264 nun-

481 4299 558 4353 tio
587 4299 676 4353 illo
715 4299 940 4368 Philippi
982 4313 1086 4353 non
1134 4300 1374 4368 protinus
1418 4300 1576 4355 fuerit
1616 4302 1868 4370 abreptus
1901 4319 1914 4352 :
1945 4317 2065 4356 nam

481 4389 767 4446 manifeste
791 4393 1051 4461 planeque
1071 4391 1294 4458 sciebat,
1323 4408 1493 4461 neque
1516 4394 1567 4446 in
1589 4391 1871 4460 Nazareth,
1897 4409 2068 4465 neque

481 4485 536 4538 in
565 4483 781 4538 Galilaea
807 4483 1075 4538 Christum
1102 4483 1248 4538 nasci
1278 4485 1499 4550 debere,
1525 4485 1619 4538 sed
1652 4485 1703 4537 in
1729 4484 1912 4539 Iudaea
1939 4494 1990 4540 et
2016 4487 2067 4539 in

480 4576 794 4630 Bethlehem
821 4593 833 4628 :
858 4576 998 4646 quod
1024 4587 1079 4631 et
1101 4577 1170 4630 ita
1193 4576 1388 4630 factum
1411 4575 1599 4630 fuerat.
1628 4575 2067 4646 Quandoquidem

481 4685 610 4739 ergo
638 4669 938 4738 Philippum
972 4668 1022 4722 id
1050 4669 1286 4736 latebat,
1316 4667 1608 4724 Natbanacl
1645 4678 1822 4723 autem
1849 4685 1946 4740 pro
1971 4685 2068 4740 pe-

481 4762 602 4814 ritia
626 4775 786 4830 quam
814 4761 944 4830 legis
973 4760 1236 4827 habebat,
1265 4777 1385 4815 cum
1417 4763 1578 4814 sciret
1606 4776 1667 4815 ea
1693 4803 1708 4828 ,
1737 4777 1856 4832 qua:
1884 4779 1911 4814 a
1943 4777 2068 4830 pro-

484 4851 661 4920 phetis
689 4852 826 4905 dicta
861 4861 1062 4919 essent,
1093 4867 1410 4923 responsum
1439 4854 1689 4907 vaticinia
1718 4855 1964 4923 superius
1992 4855 2070 4908 al-

482 4942 591 4994 lato
629 4952 1046 4998 consentaneum
1080 4943 1278 5009 dabat,
1307 4961 1337 4999 a
1365 4944 1628 5000 Nazareth
1663 4943 1930 5000 Christmn
1962 4963 2068 5002 non

482 5048 761 5092 venturum
811 5057 824 5092 :
870 5049 1151 5110 pr0pterea
1197 5043 1357 5096 etiam
1402 5043 1571 5113 inquit
1615 5043 1904 5099 Christus:
1941 5045 2070 5101 Ecce

481 5144 593 5182 vere
639 5129 874 5184 Israelita
901 5172 917 5196 ,
951 5132 1005 5185 in
1045 5148 1144 5202 quo
1185 5133 1331 5187 dolus
1376 5151 1476 5188 non
1517 5144 1608 5188 est.
1659 5135 1769 5189 Hac
1811 5137 1971 5190 etiam
2001 5139 2069 5192 de

478 5236 639 5276 causa
661 5222 874 5291 quidam
893 5222 1195 5278 Judazorum
1207 5224 1496 5280 Nicodemo
1512 5226 1785 5281 (licebant:
1807 5229 2061 5295 Scrutare,

480 5323 527 5365 et
554 5313 666 5365 vide
693 5315 812 5383 quia
838 5332 864 5367 e
891 5315 1104 5369 Galilwa
1146 5319 1391 5387 propheta
1420 5335 1518 5371 non
1534 5320 1792 5372 excitatur
1812 5319 1989 5386 (Joan.
2013 5321 2065 5374 7.

480 5403 593 5472 52).
628 5405 694 5458 Ει
722 5421 906 5460 rursus
937 5425 948 5460 :
986 5407 1172 5461 Nonne
1196 5426 1225 5460 a
1251 5408 1543 5462 Bethlehem
1585 5411 1794 5464 castello
1814 5451 1828 5477 ,
1853 5413 1936 5464 ubi
1961 5422 2067 5465 erat

481 5498 673 5564 David,
701 5498 931 5553 Christus
958 5502 1086 5553 venit
1114 5499 1272 5571 (Ibid.
1305 5502 1397 5573 4‘2)
1421 5503 1444 5555 ?
1469 5505 1642 5572 Atque
1669 5503 1803 5557 adeo
1828 5519 2066 5558 commu-

481 5591 563 5641 nis
594 5592 829 5644 omnium
880 5594 1141 5647 sententia
1180 5603 1296 5648 erat
1319 5635 1333 5660 ,
1365 5595 1503 5648 haud
1535 5595 1696 5649 dubie
1733 5596 1879 5650 illinc
1902 5639 1918 5665 ,
1959 5613 2064 5652 non

479 5695 658 5736 autem
686 5699 718 5738 a
745 5685 959 5740 Galilaea
982 5724 998 5751 ,
1032 5696 1314 5740 venturum
1343 5702 1482 5742 esse.

555 5775 666 5839 Qua
694 5780 954 5832 occasione
981 5777 1208 5834 Christus
1234 5791 1382 5834 natus
1406 5781 1458 5834 in
1498 5778 2065 5852 Bethlehem.—-ltaque

1213 329 1268 386 S.
1309 328 1584 388 JOANNIS
1621 329 2094 390 CHRYSOSTOMI
2133 334 2450 392 ARCIIIEP.
2493 337 3028 399 CONSTANTINOP.

3646 345 3751 400 355

2172 468 2294 508 cum
2340 451 2537 524 Joseph
2586 463 2640 508 et
2686 454 2870 524 Maria,
2919 457 3064 512 cives
3101 457 3520 528 Bellileliemitm,
3572 463 3755 517 relicta

2173 545 2338 612 patria
2368 545 2419 598 in
2451 544 2709 602 Nazareth
2740 547 2901 602 vitam
2950 563 3100 604 suam
3145 551 3512 617 instituissent,
3559 563 3614 609 et
3652 557 3760 611 illic

2171 646 2650 705 commorarentur,
2682 649 2738 694 ut
2779 641 3026 696 videlicet
3067 657 3209 713 saepe
3236 645 3413 700 multis
3458 644 3760 701 hominibus

2172 741 2271 780 usu
2299 728 2484 784 venire
2508 729 2666 796 solet,
2694 731 2782 800 qui
2813 746 2846 786 e
2872 732 3197 801 civitatibus,
3228 735 3368 789 unde
3392 745 3564 791 ortum
3593 738 3760 793 duxe-

2175 827 2314 885 rant,
2344 820 2690 890 emigrantes,
2718 821 2770 875 in
2805 823 2922 877 aliis
2955 824 3006 876 in
3034 824 3225 894 quibus
3248 825 3314 880 ab
3341 825 3490 882 initio
3511 829 3617 884 nati
3645 847 3753 883 nou

2172 907 2402 977 fuerant,
2425 923 2849 978 commoremur;
2883 923 3260 987 oporteretque
3282 917 3552 974 Cbristmn
3571 921 3623 975 iu
3651 921 3760 976 Bc.

2175 1001 2410 1058 thlehem
2443 1005 2588 1059 nasci
2613 1022 2626 1057 :
2651 1005 2780 1060 exiit
2809 1009 3064 1073 edictum,
3096 1009 3256 1079 quod,
3283 1011 3391 1066 Deo
3419 1013 3487 1067 ita
3515 1022 3760 1070 statuen-

2175 1101 2247 1158 te,
2279 1094 2439 1149 etiam
2470 1096 2662 1152 invitos
2693 1098 2834 1153 illam
2887 1100 2940 1155 in
2970 1101 3150 1156 urbem
3181 1106 3452 1174 compulit.
3484 1105 3593 1162 Lex
3616 1107 3763 1164 enim

2173 1202 2292 1256 quae
2313 1186 2535 1256 jubebat
2560 1204 2991 1262 unumquemque
3019 1193 3071 1246 in
3093 1197 3258 1262 patria
3287 1211 3380 1248 sua
3412 1212 3605 1252 nomen
3637 1215 3766 1268 pro-

2177 1278 2334 1346 fiteri,
2356 1279 2533 1351 adegit
2561 1297 2656 1336 eos
2683 1298 2714 1336 a
2743 1282 3004 1338 Nazareth
3031 1286 3218 1355 pedem
3242 1288 3430 1344 eﬂ'errc
3445 1299 3501 1344 et
3527 1291 3580 1344 in
3595 1290 3766 1347 Beth-

2175 1371 2350 1428 lel.em
2402 1374 2579 1430 redire
2605 1375 2671 1430 ad
2710 1392 2905 1432 nomen
2963 1379 3068 1435 illic
3123 1395 3276 1435 suum
3326 1383 3767 1440 describendum.

2176 1466 2289 1523 lloc
2316 1482 2444 1538 ergo
2485 1469 2828 1526 subindicans
2864 1474 3190 1543 evangelista
3227 1477 3299 1528 ait
3328 1494 3342 1529 :
3371 1477 3609 1531 Ascendit
3643 1495 3763 1550 ergo

2173 1560 2365 1631 Ioseph
2408 1579 2442 1617 α
2481 1562 2694 1619 Galilwa
2730 1581 2792 1620 ex
2821 1567 3020 1622 civitate
3057 1567 3316 1622 Nazareth
3343 1570 3394 1623 in
3423 1568 3676 1638 Indicam,
3711 1573 3769 1626 in

2174 1656 2423 1710 ciuitatem
2459 1657 2647 1726 David,
2683 1676 2797 1731 qua:
2822 1668 3023 1714 vocatur
3049 1660 3362 1728 Bethlehem,
3383 1679 3441 1717 eo
3467 1663 3601 1734 quod
3634 1676 3770 1718 esset

2175 1748 2238 1802 de
2267 1748 2416 1803 domo
2450 1758 2495 1803 et
2538 1750 2736 1819 familia
2764 1749 2933 1806 David
2965 1768 2982 1806 :
3010 1763 3065 1807 ut
3107 1756 3425 1824 profiteretur
3452 1772 3567 1809 cum
3595 1756 3772 1811 Maria

2177 1842 2483 1910 desponsata
2507 1844 2603 1897 sibi
2621 1861 2779 1900 uxore
2793 1856 3102 1918 praegnante.
3127 1847 3342 1902 Factum
3362 1860 3434 1904 est
3447 1861 3629 1916 autem,
3649 1869 3774 1905 cum

2173 1945 2334 1988 essent
2359 1936 2446 2004 ibi,
2471 1937 2668 2008 impleti
2690 1951 2807 1994 sunt
2831 1942 2957 2008 dies,
2980 1952 3036 1996 ut
3056 1955 3268 2012 pareret,
3315 1955 3362 1999 et
3387 1948 3579 2016 peperit
3600 1948 3773 2016 ﬁlium

2177 2043 2324 2080 suum
2354 2030 2743 2102 primogenitum
2769 2031 2918 2102 (Luc.
2947 2033 3003 2086 2.
3029 2035 3172 2106 4-7).

2246 2122 2299 2175 3.
2333 2122 2554 2190 Vidisti,
2585 2124 2799 2190 dilecte,
2831 2127 3197 2196 providentem
3223 2129 3315 2184 Dei
3353 2130 3772 2186 administratis»

2175 2228 2318 2275 nem,
2351 2229 2448 2282 per
2491 2215 2734 2270 inlidcles
2772 2227 2933 2288 atque
2962 2219 3144 2275 ﬁdeles
3170 2236 3231 2276 ea
3261 2237 3380 2290 qua:
3420 2222 3486 2276 ad
3517 2238 3576 2278 se
3604 2227 3776 2294 perti-

2176 2313 2303 2358 nent
2330 2305 2688 2374 dispensantis
2721 2326 2735 2362 :
2769 2324 2959 2378 nempe
2989 2312 3172 2365 utvim
3203 2314 3596 2384 potentiamque
3624 2316 3773 2384 ejus,

2175 2395 2322 2465 quia
2353 2411 2484 2451 vero
2529 2397 2696 2466 ipsius
2734 2400 2876 2453 cultu
2923 2401 3082 2455 alieni
3138 2412 3282 2467 sunt,
3333 2416 3644 2474 agnoscant.
3696 2407 3772 2462 Et

2175 2487 2324 2541 stella
2351 2487 2564 2557 quidem
2597 2506 2777 2560 magos
2815 2492 2883 2545 ab
2909 2491 3127 2548 Oriente
3171 2497 3413 2563 perduxit
3457 2496 3681 2568 (Matth.
3708 2500 3769 2554 2.

2176 2578 2229 2632 1.
2263 2589 2310 2632 et
2335 2579 2393 2652 2)
2419 2597 2434 2647 ;
2461 2591 2514 2636 at
2542 2581 2627 2636 lex
2658 2583 2876 2637 Mariam
2909 2585 2959 2638 in
2993 2586 3219 2655 patriam
3249 2603 3279 2641 a
3307 2588 3580 2658 prophetis
3625 2607 3774 2661 prae-

2174 2668 2367 2723 dictam
2425 2672 2601 2726 traxit.
2649 2673 2781 2729 Hinc
2821 2676 2972 2731 nobis
3035 2677 3310 2733 evidenter
3354 2692 3562 2736 constat
3605 2683 3774 2739 etiam

2175 2756 2445 2828 Virginem
2473 2760 2638 2831 ipsam
2666 2779 2729 2818 ex
2761 2779 2955 2834 genere
2987 2766 3238 2822 Davidico
3262 2768 3440 2824 fuisse.
3477 2771 3608 2825 Nam
3636 2773 3680 2827 si
3697 2789 3773 2828 ex

2177 2847 2484 2906 Bethlehem
2512 2863 2686 2908 ortum
2712 2853 2882 2922 duxit,
2917 2859 3259 2913 manifestum
3290 2870 3400 2927 est,
3429 2862 3573 2932 quod
3599 2865 3768 2920 etiam

2173 2953 2244 2994 ex
2273 2941 2434 2996 domo
2457 2951 2510 2997 et
2535 2942 2731 2998 familia
2762 2946 2926 3000 David
2965 2948 3145 3004 fuerit.
3177 2950 3329 3016 Quod
3360 2952 3484 3007 item
3516 2957 3768 3024 superius

2175 3033 2456 3089 manifeste
2485 3035 2666 3090 docuit
2695 3040 3038 3108 evangelista,
3079 3057 3198 3096 cum
3225 3042 3379 3110 dixit,
3409 3045 3646 3101 Ascendit
3671 3065 3776 3102 ass-

2173 3134 2270 3177 tem
2299 3136 2345 3178 et
2373 3124 2565 3196 Ioseph
2594 3145 2656 3182 ex
2686 3127 2901 3185 Gali/tea
2929 3149 3043 3186 cum
3074 3133 3268 3202 Maria,
3296 3153 3353 3189 eo
3379 3140 3514 3205 quod
3554 3150 3684 3194 esset
3709 3157 3778 3194 es

2173 3214 2324 3270 domo
2360 3227 2406 3271 et
2444 3219 2642 3290 familia
2685 3219 2851 3274 David
2882 3210 3032 3293 (Luc.
3061 3225 3114 3278 ‘2.
3143 3227 3219 3297 4).
3265 3227 3398 3281 Nam
3424 3244 3546 3284 cum
3575 3231 3779 3286 seriem

2173 3309 2353 3377 stirpis
2405 3309 2601 3381 Ioseph
2646 3315 3038 3382 recensuisset,
3088 3317 3246 3388 hujus
3300 3333 3480 3374 autem
3532 3323 3777 3392 majores

2173 3415 2332 3454 nemo
2376 3411 2433 3455 ut
2478 3402 2617 3457 illius
2662 3416 3074 3475 enumerasset,
3123 3425 3198 3465 ne»
3237 3411 3361 3465 hinc
3399 3413 3490 3466 tibi
3546 3412 3772 3469 dubita-

2174 3499 2248 3544 tto
2275 3492 2526 3560 oriretur,
2576 3511 2638 3550 ac
2675 3496 2900 3563 diceres,
2951 3499 3090 3554 unde
3130 3515 3260 3570 ergo
3299 3502 3580 3558 manifeste
3625 3516 3778 3574 patet

2173 3583 2334 3638 etiam
2361 3585 2528 3653 ipsam
2551 3601 2581 3639 e
2607 3585 2772 3640 David
2801 3597 2974 3642 ortam
2996 3589 3019 3642 ?
3041 3589 3250 3647 audies.
3277 3589 3344 3645 In
3366 3609 3554 3658 mense,
3579 3596 3776 3666 inquit.

2172 3688 2313 3731 sexto
2357 3679 2539 3732 missus
2585 3691 2659 3734 est
2703 3684 2911 3752 angelus
2955 3682 3162 3737 Gabriel
3205 3703 3236 3737 a
3266 3685 3374 3739 Deo
3417 3688 3469 3740 in
3512 3688 3771 3744 civitatem

2175 3768 2426 3840 Galiltew,
2464 3773 2550 3826 cui
2591 3790 2772 3829 nomen
2802 3774 3084 3843 Nazareth,
3118 3779 3185 3831 ad
3211 3780 3457 3850 virginem
3492 3783 3774 3851 desponsa-

2171 3871 2274 3918 tant
2317 3866 2445 3931 uiro,
2496 3866 2578 3919 cui
2621 3883 2805 3921 nomen
2854 3879 2961 3922 erat
3010 3869 3220 3941 Ioseph,
3289 3871 3353 3924 de
3403 3872 3552 3927 domo
3597 3873 3769 3928 Dacia

2173 3957 2348 4028 (Luc.
2397 3959 2449 4011 1.
2498 3957 2588 4014 26.
2633 3959 2702 4012 27
2732 3962 2770 4031 ).
2825 3961 2954 4027 Quze
3008 3961 3197 4027 verba,
3250 3964 3314 4016 de
3361 3965 3510 4018 domo
3561 3964 3772 4032 Dauid,

2171 4048 2478 4118 accipienda
2509 4060 2633 4104 sunt
2677 4061 2944 4122 tamquam
2971 4052 3041 4108 de
3081 4053 3293 4123 Virgine
3332 4056 3494 4122 dicta,
3541 4058 3685 4127 quod
3711 4068 3768 4111 et

2175 4141 2262 4197 hic
2290 4142 2570 4199 manifeste
2599 4143 2884 4199 indicatum
2915 4156 3016 4200 est.
3051 4149 3224 4216 Atque
3253 4146 3353 4201 hac
3377 4147 3445 4202 de
3472 4163 3628 4202 causa
3651 4148 3773 4203 edi-

2175 4243 2318 4288 ctum
2349 4242 2405 4289 et
2431 4235 2515 4289 lex
2547 4235 2634 4289 illa
2667 4237 2995 4307 promulgata
3028 4236 3145 4303 fuit,
3191 4255 3309 4308 qua:
3334 4254 3428 4294 eos
3457 4240 3509 4292 in
3551 4240 3774 4296 Bethle-

2175 4323 2296 4379 hem
2341 4324 2603 4381 duceret:
2631 4327 2789 4381 simul
2823 4339 2984 4397 atque
3023 4329 3164 4384 enim
3193 4331 3242 4382 in
3274 4331 3542 4384 civitatem
3583 4345 3766 4386 ascen»

2173 4415 2401 4480 dissent,
2433 4417 2712 4473 confestim
2755 4421 2913 4474 etiam
2958 4420 3114 4476 Iesus
3143 4422 3379 4477 nascitur
3409 4439 3424 4475 :
3455 4437 3518 4478 ac
3547 4423 3777 4494 proinde

2173 4511 2334 4565 etiam
2366 4511 2420 4564 in
2471 4511 2697 4582 praesepi
2727 4511 3054 4578 reclinatur;
3083 4514 3221 4583 quod
3267 4515 3498 4584 undique
3526 4516 3682 4569 multi
3709 4531 3780 4570 eo
3812 4552 3821 4560 .

2174 4603 2596 4670 concurrissent,
2647 4613 2702 4659 et
2744 4604 2860 4658 loca
2904 4618 3390 4675 praeoccupassent,
3441 4621 3776 4678 magnasque

2173 4693 2473 4749 divertendi
2516 4696 2785 4766 angustias
2833 4695 3136 4751 olfecissem
3164 4716 3176 4750 :
3204 4714 3311 4768 quo
3353 4699 3402 4751 in
3449 4699 3568 4753 loco
3607 4700 3776 4755 etiam

2177 4788 2316 4856 magi
2349 4788 2497 4843 illum
2537 4789 2916 4844 adoraverunt.
2946 4788 3014 4844 Ut
3040 4799 3216 4844 autem
3250 4789 3493 4860 (hujusce
3519 4791 3648 4863 diei)
3687 4791 3776 4846 di-

2176 4878 2486 4932 lucidiorem
2514 4877 2689 4932 adhuc
2712 4878 3222 4933 demonstrationem
3251 4879 3555 4946 exhibeam,
3577 4883 3776 4936 vestris

2180 4984 2390 5023 mecum
2416 4969 2688 5040 adsurgite
2715 4969 2946 5036 animis;
2979 4985 3100 5025 nam
3127 4969 3422 5041 longiorem
3445 4987 3626 5026 rerum
3655 4988 3774 5028 me-

2175 5062 2400 5114 moriam
2446 5061 2680 5115 excitare
2709 5068 2764 5114 et
2809 5060 3014 5130 priscas
3056 5061 3198 5131 leges
3241 5063 3464 5116 recitare
3502 5063 3685 5128 statui,
3715 5071 3774 5118 ut

2175 5171 2238 5209 ex
2268 5155 2410 5209 omni
2445 5164 2594 5224 parte
2637 5153 2786 5209 vobis
2822 5155 3120 5209 orationem
3164 5165 3402 5210 nostram
3443 5154 3776 5211 manifestio-

2177 5263 2287 5299 rem
2315 5245 2556 5300 reddam.

2245 5340 2354 5394 Lex
2380 5341 2680 5395 Iudecorum
2702 5343 2934 5413 quendam
2953 5344 3261 5412 antiqua.—
3279 5343 3385 5398 Lex
3408 5353 3523 5398 erat
3549 5343 3768 5411 Judzels,

2173 5448 2342 5503 eaque
2389 5439 2702 5504 perantiqua
2731 5451 2746 5487 :
2778 5435 2871 5489 sed
2903 5449 3021 5504 age,
3050 5434 3227 5504 potius
3266 5434 3428 5504 paulo
3467 5434 3628 5489 altius
3653 5449 3767 5488 ser-

2177 5541 2387 5580 monem
2417 5539 2739 5596 repetamus.
2765 5526 2883 5594 Quo
2906 5537 3145 5596 tempore
3166 5527 3231 5581 ab
3248 5527 3579 5599 {Egyptiacis
3601 5527 3770 5581 turbis

2173 5629 2228 5670 et
2254 5618 2476 5673 barbara
2503 5619 2795 5674 Pharaonis
2825 5619 3102 5691 tyrannide
3133 5618 3480 5672 Hebraeorum
3514 5619 3765 5688 populum

2175 5709 2316 5764 Deus
2361 5709 2642 5778 liberavit;
2674 5711 2860 5767 videns
2887 5711 3030 5780 ipsos
3071 5710 3356 5780 impietatis
3382 5709 3556 5764 adhuc
3585 5724 3763 5764 secum

2177 5802 2425 5872 reliquias
2451 5804 2678 5875 habere,
2715 5806 2977 5864 rebusque
3020 5800 3268 5859 omnibus
3292 5802 3394 5858 sub
3437 5817 3650 5860 sensum
3677 5816 3764 5857 ca-
