4066 6392
379 391 486 446 ῑὸὖ

375 509 516 570 κύῳ.
537 503 798 573 Ἐγένετο
820 505 887 559 δὲ
909 507 975 558 ἐν
993 505 1069 571 τῷ
1084 503 1233 560 εἶναι
1256 506 1477 572 αὐτοὺς
1487 506 1628 570 ἐκεῖ,
1645 505 1954 572 ἐπλήσθη-

374 606 497 644 σαν
515 592 574 640 αἰ
597 588 800 656 ἡμέραι
824 591 928 643 τοῦ
946 590 1141 643 τεκεῖν
1153 590 1348 658 αὑτήν
1363 607 1376 621 ·
1391 591 1486 644 καὶ
1506 591 1674 644 ἔτεκε
1698 591 1802 643 τὸν
1822 590 1958 644 υίὸν

373 669 564 738 αὐτῆς
586 671 691 724 τὸν
713 673 1106 739 πρωτότοκον,
1136 673 1233 727 καὶ
1251 673 1724 742 ἐσπαργάνωσεν
1748 673 1952 732 αὐτόν,

377 756 473 809 καὶ
505 754 826 809 ἀνέκλινεν
849 756 1038 809 αὑτὸν
1078 757 1148 809 ὲν
1195 755 1270 824 τῇ
1308 756 1525 826 φάτνῃ,
1553 757 1702 811 διότι
1736 757 1849 810 οὐκ
1879 747 1958 821 ἦν

375 837 578 903 αὐτοῖς
611 841 794 904 τόπος
833 839 903 892 ἐν
934 838 1014 904 τῷ
1052 840 1440 909 καταλύματι.
1483 839 1647 893 Ὅθεν
1669 839 1849 910 δῆλον,
1875 838 1956 890 ὅτι

378 923 521 977 κατά
559 923 657 992 τὴν
691 923 916 994 πρώτην
947 923 1275 995 ἀπογραφὴν
1318 923 1535 994 ἐτέχθη.
1570 925 1682 978 Καὶ
1709 926 1822 986 τοῖς
1854 924 1956 994 ἀρ-

377 1007 723 1078 χαίοιςατοίς
761 1008 994 1078 δημοσίᾳ
1027 1009 1297 1078 κειμένοις
1325 1007 1542 1072 κώδιξιν
1565 1009 1656 1061 ἐπὶ
1688 1009 1788 1077 τῆς
1828 1003 1959 1060 Ῥώ-

380 1107 489 1160 μης
519 1089 725 1154 ἔξεστιν
748 1091 1038 1162 ἐντυχόντα
1062 1093 1156 1144 καὶ
1181 1092 1273 1145 τὸν
1302 1092 1490 1163 καιρὸν
1512 1091 1610 1162 τῆς
1631 1089 1960 1161 ἀπογραφῆς

380 1173 638 1245 μαθόντα,
670 1174 912 1246 ἀκριϐῶς
966 1176 1164 1230 εἰδέναι
1214 1176 1306 1229 τὸν
1347 1176 1690 1247 βουλόμενον.
1743 1176 1785 1227 Τ
1792 1175 1807 1226 ί
1864 1169 1958 1227 οὗν

379 1257 516 1327 πρὸς
547 1259 714 1328 ἡμᾶς,
739 1259 891 1329 φησὶ,
916 1259 1073 1312 τοῦτο
1106 1259 1232 1322 τοὺς
1255 1259 1354 1312 οὐκ
1383 1259 1542 1323 ὄντας
1572 1261 1688 1312 ἐκεῖ
1707 1256 1830 1310 οῦτε
1859 1273 1959 1310 πα-

381 1343 807 1414 ραγενομένους;
858 1343 996 1395 Ἀλλ’
1025 1343 1210 1405 ἄκουε,
1244 1343 1337 1396 καὶ
1371 1342 1444 1413 μὴ
1464 1342 1704 1404 ἀπίστει,
1740 1344 1822 1395 ὃτι
1857 1356 1960 1394 πα-

383 1427 451 1498 ρὰ
479 1427 586 1480 τῶν
626 1427 873 1498 ἀκριϐῶς
902 1427 1074 1480 ταῦτα
1116 1427 1349 1485 εἰδότων.
1379 1428 1474 1481 καὶ
1507 1426 1604 1498 τὴν
1632 1427 1787 1480 πόλιν
1823 1426 1962 1479 ἐκεί-

380 1528 478 1582 νην
499 1511 791 1565 οἰκούντων
818 1510 1234 1582 παρειλήφαμεν
1249 1510 1346 1582 τὴν
1375 1511 1606 1582 ἡμέραν.
1628 1512 1690 1563 οι
1715 1511 1824 1581 γὰρ
1847 1513 1964 1563 ἐκεῖ

378 1595 767 1666 διατρίϐοντες,
820 1595 1027 1649 ἀνωθεν
1079 1595 1173 1648 καὶ
1207 1597 1272 1648 ἐκ
1319 1595 1558 1658 παλαιᾶς
1612 1594 1963 1665 παραδόσεως

379 1681 549 1751 αὐτὴν
573 1681 965 1742 ἐπιτελοῦντες,
993 1681 1146 1733 αὐτοὶ
1172 1679 1267 1732 νῦν
1293 1680 1460 1750 αὐτῆς
1484 1681 1618 1750 ἡμῖν
1640 1681 1735 1748 τὴν
1763 1678 1963 1747 γνῶσιν

379 1762 770 1833 διεπέμψαντο.
823 1763 958 1816 Οὑδέ
1007 1762 1116 1833 γὰρ
1144 1764 1172 1816 6
1209 1763 1601 1834 εύαγγελιστὴς
1642 1762 1828 1824 ἁπλῶς
1872 1762 1962 1813 τὸν

382 1847 572 1917 καιρὸν
605 1847 989 1918 ἐπεσημήνατο
1013 1845 1222 1909 τοῦτον,
1253 1846 1366 1899 ἀλλ’
1397 1845 1538 1898 ὥστε
1560 1846 1654 1900 καὶ
1696 1847 1794 1916 τὴν
1824 1845 1962 1914 ἡμέ-

386 1946 486 1997 ραν
520 1932 652 2000 ἡμῖν
682 1929 847 2000 δήλην
880 1931 1103 1998 ποιῆσαι
1135 1930 1228 1982 γα).
1257 1929 1554 2000 γνώριμον,
1589 1931 1683 1982 καὶ
1712 1927 1804 1981 τοῦ
1828 1927 1962 1981 Θεοῦ

382 2013 479 2084 τὴν
527 2013 838 2084 οἰκονομίαν
888 2012 1243 2078 ἐνδείξασθαι.
1277 2013 1351 2065 Οὐ
1409 2013 1517 2082 γάρ
1576 2012 1806 2072 οἴκοθεν,
1843 2011 1964 2064 οὐδὲ

383 2096 517 2168 παρ’
554 2097 750 2149 ἐαυτοῦ
781 2097 902 2149 τότε
947 2098 974 2147 6
1016 2095 1326 2163 Αὔγουστος
1365 2096 1426 2149 τὸ
1466 2096 1644 2164 δόγμα
1687 2095 1846 2148 τοῦτο
1880 2093 1966 2159 ἐξ·

384 2180 652 2250 ἐπεμψεν,
687 2179 824 2233 ἀλλά
858 2179 951 2233 τοῦ
981 2179 1116 2233 Θεοῦ
1147 2180 1422 2242 κινοῦντος
1454 2179 1618 2232 αὐτοῦ
1648 2179 1745 2250 τὴν
1767 2178 1965 2248 ψυχὴν,

384 2263 471 2315 ἵνα
496 2264 591 2316 καὶ
630 2265 778 2316 ἄκων
807 2264 1223 2333 ὑπηρετήσηται
1253 2265 1318 2332 τῇ
1355 2261 1450 2314 τοῦ
1483 2260 1821 2330 Μονογενοῦς
1837 2281 1974 2334 παρ-

387 2349 562 2418 ουσίᾳ.
625 2349 734 2402 Καὶ
791 2346 844 2400 τί
872 2346 1033 2400 τοῦτο
1070 2338 1313 2398 συντελεῖ
1347 2346 1482 2416 πρὸς
1525 2345 1623 2414 τὴν
1659 2344 1970 2414 οἰκονομίαν

386 2429 608 2500 ταύτην,
642 2429 840 2500 φησίν;
881 2431 956 2483 Ού
999 2429 1215 2500 μικρὸν,
1244 2427 1446 2482 οὐδὲτὸ
1477 2429 1661 2498 τυχὸν,
1696 2427 1968 2498 ἀγαπητέ,

386 2512 522 2564 ἀλλά
539 2513 632 2566 καὶ
663 2513 868 2584 σφόδρα
895 2512 1057 2582 μέγα,
1089 2511 1182 2565 καὶ
1202 2513 1310 2566 τῶν
1335 2513 1650 2578 ἀναγκαίων
1683 2511 1776 2564 καὶ
1809 2527 1972 2564 σπουο

385 2595 700 2666 δαζομένων
730 2597 788 2650 ἓν
809 2597 859 2648 δ.
893 2598 1052 2650 Ποῖον
1087 2597 1152 2667 δὴ
1181 2595 1366 2662 τοῦτο;
1413 2595 1479 2648 Ἦ
1517 2594 1775 2647 Γαλιλαία
1817 2594 1972 2666 χώρα

385 2679 469 2741 τίς
518 2683 666 2732 ἐστιν
708 2680 766 2731 ἐν
810 2680 1166 2750 Παλαιστίνῃ,
1207 2682 1239 2749 ή
1280 2680 1336 2732 δὲ
1374 2677 1629 2749 Ναζαρὲθ
1679 2678 1834 2740 πόλις
1869 2678 1972 2747 τῆς

388 2763 700 2826 Γαλιλαίας.
753 2764 922 2817 Πάλιν
973 2763 1123 2836 [557]
1167 2766 1199 2836 ή
1247 2764 1475 2817 Ἰουδαία
1515 2761 1668 2834 χώρα
1705 2763 1788 2825 τίς
1830 2765 1969 2825 ἐστι,

387 2847 540 2917 παρά
563 2848 671 2900 τῶν
704 2848 986 2919 ἐγχωρίων
1025 2847 1168 2901 οῦτω
1207 2847 1536 2917 καλουμένη,
1578 2849 1611 2918 ή
1641 2847 1698 2900 δέ
1729 2845 1974 2918 Βηθλεέμ

388 2930 546 2995 πόλις
568 2930 667 3001 τῆς
690 2931 965 2994 Ἰουδαίας.
983 2931 1154 2984 Τὸνδὲ
1182 2931 1416 3003 Χριστὸν
1445 2931 1494 2984 οἱ
1517 2931 1790 3002 προφῆται
1807 2927 1974 2999 προῦ-

388 3017 544 3084 λεγον
564 3016 824 3080 ἅπαντες,
853 3016 954 3068 οὐκ
970 3014 1078 3068 ἀπὸ
1093 3017 1186 3085 τῆς
1201 3013 1470 3086 Ναζαρὲθ,
1485 3012 1601 3065 ἀλλ’
1613 3011 1833 3082 ἀπὸτῆς
1845 3010 1983 3080 Βηθ-

389 3097 522 3170 λεέμ
559 3100 730 3169 ἥξειν,
788 3099 880 3152 καὶ
908 3101 1025 3152 ἐκεῖ
1049 3098 1424 3169 τεχθήσεσθαι.
1457 3097 1611 3152 Οῦτω
1636 3097 1745 3170 γὰρ
1770 3099 1974 3168 γέγρα-

389 3197 537 3233 mar
569 3180 677 3234 Καί
707 3180 788 3234 σὺ
813 3181 1104 3250 Βηθλεὲμ,
1135 3181 1209 3251 γῆ
1248 3181 1454 3247 Ἰούδα,
1483 3181 1755 3250 οὐδαμῶς
1772 3182 1976 3249 ἐλαχί-

386 3280 504 3331 στη
521 3261 658 3318 εἶέν
679 3265 800 3331 τοῖς
819 3265 1113 3336 ἡγεμόσιν
1141 3266 1326 3320 Ἰούδα
1344 3284 1358 3298 ·
1373 3266 1439 3319 ἐκ
1464 3265 1581 3319 σοῦ
1606 3267 1716 3335 γὰρ
1735 3265 1974 3328 ἐξελεύ-

389 3364 562 3402 σεται
598 3350 954 3418 ἡγούμενος,
993 3349 1164 3415 ὅστις
1208 3351 1486 3418 ποιμανεῖ
1523 3349 1630 3402 τὸν
1669 3350 1823 3403 λαόν
1855 3367 1973 3417 μου

390 3431 500 3484 τὸν
529 3431 916 3500 Ἰσραήλ.Κώ⁸
937 3435 986 3486 οἱ
1018 3433 1260 3486 Ἰουδαῖοι
1285 3434 1334 3484 οί
1351 3433 1472 3485 τότε
1503 3432 1650 3503 παρά
1678 3431 1772 3485 τοῦ
1802 3431 1976 3500 Ἡρώ-

387 3514 481 3567 δου
527 3515 894 3586 ἐρωτώμενοι,
954 3515 1057 3568 ποῦ
1104 3517 1132 3569 6
1178 3513 1412 3584 Χριστὸς
1459 3518 1738 3583 γεννᾶται,
1774 3516 1978 3585 ταύτην

389 3593 546 3653 εἷπον
585 3599 736 3668 αὐτῷ
766 3601 866 3668 τὴν
903 3600 1235 3670 μαρτυρίαν.
1284 3599 1383 3652 Διά
1422 3599 1580 3652 τοῦτο
1611 3601 1705 3654 καὶ
1736 3599 1828 3652 τοῦ
1859 3601 1975 3653 Να-

392 3682 598 3754 θαναὴλ
633 3685 878 3747 εἰπόντος
919 3684 1056 3754 πρὸς
1093 3684 1184 3736 τὸν
1213 3685 1499 3747 Φίλιππον,
1537 3685 1724 3755 ἐπειδὴ
1770 3685 1977 3747 ἐκεῖνος

389 3767 596 3834 ἔλεγεν,
632 3767 868 3833 Ἰησοῦν
890 3767 997 3820 τόν
1020 3767 1139 3821 ἀπὸ
1168 3766 1464 3834 Ναζῖιρὲθε
1485 3767 1852 3836 εὑρήκαμεν,
1883 3770 1977 3820 Ἐκ

394 3847 656 3916 Ναζαρὲθ
685 3849 941 3904 δύναταί
975 3868 1026 3904 τι
1052 3849 1279 3918 ἀγαθὸν
1299 3847 1449 3904 εἶναι
1475 3869 1492 3914 ;
1524 3852 1551 3903 6
1579 3850 1812 3920 Χριστός
1851 3853 1978 3920 περὶ

393 3933 560 3986 αὑτοῦ
580 3951 773 4004 φησιν·
810 3933 923 3987 Ἴδε
951 3933 1190 4002 ἀληθῶς
1223 3935 1594 4002 Ἰσραηλίτης
1617 3935 1686 3986 ἐν
1716 3927 1763 3999 ᾧ
1797 3933 1978 3998 δόλος

392 4017 505 4068 οὐκ
537 4017 688 4072 ἐστι.
721 4017 830 4070 Καὶ
862 4017 1030 4080 τίνος,
1064 4017 1248 4086 φησὶν,
1276 4019 1461 4070 ἕνεκεν
1490 4017 1652 4070 αὑτὸν
1675 4017 1973 4089 ἐπῄνεσενς

409 4099 630 4170 Ἐπειδὴ
659 4101 722 4151 ού
748 4101 1075 4170 συνηρπάγη
1098 4104 1162 4170 τῇ
1192 4099 1534 4170 ἀπαγγελίᾳά
1569 4100 1661 4153 τοῦ
1687 4101 1974 4164 Φιλίππου,

396 4183 510 4236 ἀλλ’
525 4184 640 4255 ᾔδει
656 4185 841 4254 σαφῶς
865 4184 959 4237 καὶ
974 4185 1236 4256 ἀκριϐῶς,
1255 4186 1336 4238 ὅτι
1362 4186 1462 4238 οὐκ
1478 4189 1534 4238 ἐν
1554 4185 1826 4256 Ναζαρὲθ,
1854 4185 1980 4239 οὔτε

397 4268 456 4319 ἐν
484 4271 548 4338 τῇ
575 4267 832 4338 Γαλιλαίᾳ
863 4268 966 4321 ἔδει
1000 4269 1091 4320 τὸν
1109 4269 1345 4339 Χριστὸν
1373 4269 1650 4338 τεχθῆναι,
1692 4269 1806 4322 ἀλλ’
1828 4272 1886 4322 ἐν
1913 4274 1978 4342 τῇ

409 4351 641 4422 Ἰουδαίᾳ
669 4353 762 4406 καὶ
788 4354 844 4405 ἐν
885 4355 951 4422 τῇ
1006 4352 1282 4423 Βηθλεέμ’
1314 4353 1452 4424 ὅπερ
1483 4349 1575 4406 οὖν
1609 4354 1701 4406 καὶ
1745 4354 1977 4421 ἐγένετο.

397 4433 552 4489 Ἐπεὶ
565 4432 658 4489 οὖν
669 4437 696 4488 6
711 4437 808 4507 μὲν
824 4435 1087 4500 Φίλιππος
1099 4437 1258 4490 τοῦτο
1269 4437 1532 4507 ἠγνόησεν
1564 4439 1592 4490 6
1601 4437 1656 4490 δέ
1669 4437 1955 4509 Ναθαναὴλ
1964 4478 1978 4502 ,

399 4519 494 4573 ἅτε
529 4521 844 4591 νομομαθὴς
876 4519 973 4582 ὢν,
1000 4521 1334 4592 ἀπεκρίνατο
1365 4521 1432 4574 τά
1479 4521 1620 4575 κατά
1647 4522 1746 4594 τήν
1777 4523 1984 4576 ἀνωθεν

400 4603 736 4673 προφητείαν
762 4603 1232 4674 είρημένα,είδὼς,
1259 4604 1341 4658 ὅτι
1356 4605 1454 4658 ούκ
1471 4605 1535 4657 ἐκ
1555 4603 1806 4675 Ναζαρὲθ
1823 4605 1940 4675 ἥξει
1956 4607 1985 4656 6

399 4688 667 4758 Χριστόςο
723 4687 811 4740 διὰ
871 4687 1030 4741 τοῦτο
1083 4689 1176 4742 καί¹
1233 4691 1262 4742 6
1294 4689 1546 4760 Χριστὸς,
1584 4689 1696 4743 Ἴδε
1746 4688 1985 4756 ἀληθῶς

415 4772 807 4838 Ἰσραηλίτης,
829 4773 1015 4841 φησὶν,
1041 4765 1173 4838 ἐνῷ
1189 4771 1371 4839 δόλος
1395 4774 1505 4826 οὐκ
1535 4773 1686 4826 ἐστι.
1709 4773 1806 4826 Διά
1831 4773 1987 4825 τοῦτο

402 4857 495 4909 καί
530 4873 674 4916 τινες
699 4856 807 4908 τῶν
841 4855 1106 4909 Ἰουδαίων
1128 4857 1310 4925 ἔλεγον
1354 4857 1491 4928 πρὸς
1515 4858 1604 4909 τὸν
1649 4857 1980 4928 Νικόδημον·

415 4943 802 5006 Ἐρεύνησονκ
840 4942 936 4994 καὶ
969 4941 1078 5005 ἴδε,
1112 4941 1198 4995 ὅτι
1223 4941 1532 5010 προφήτης
1564 4943 1630 4994 ἐκ
1668 4941 1776 5008 τῆς
1811 4945 1990 4997 Γαλι-

404 5026 581 5090 λαίας
602 5026 713 5077 οὐκ
751 5023 1079 5093 ἐγήγερται.
1106 5025 1216 5078 Καὶ
1244 5025 1404 5078 πάλιν
1427 5023 1690 5093 ἀλλαχοῦ·
1722 5026 1842 5078 Οὐκ
1871 5026 1989 5080 ἀπὸ

406 5107 673 5176 Βηθλεὲμ
731 5106 842 5173 τῆς
905 5108 1122 5177 κώμης,
1170 5107 1323 5162 ὅπου
1354 5105 1432 5178 ἦν
1449 5108 1647 5170 Δαυῒδ,
1679 5112 1711 5161 ό
1739 5110 1990 5175 Χριστὸς

407 5190 659 5259 ἔρχεται.
685 5192 794 5244 Καὶ
817 5192 966 5260 κοινὴ
985 5194 1198 5245 πάντων
1223 5193 1393 5262 ψῆφος
1413 5187 1501 5262 ἦν,
1525 5193 1605 5244 ὅτι
1624 5191 1837 5253 πάντως
1853 5195 1992 5245 ἐκεῖ-

409 5273 498 5326 Θεν
529 5275 693 5327 αὑτὸν
721 5275 799 5328 δεῖ
823 5275 1245 5347 παραγενέσθαι,
1271 5277 1372 5328 οὐκ
1417 5276 1524 5328 ἀπὸ
1565 5275 1661 5346 τῆς
1687 5275 1988 5338 Γαλιλαίας.

470 5394 496 5421 ⁴¹
515 5394 743 5456 Scaliger
755 5394 827 5442 De
848 5395 1197 5443 emendatione
1223 5391 1692 5456 temporum,0bide
1706 5389 1865 5456 δειειί
1894 5392 1993 5442 Do-

409 5453 547 5508 mini.
565 5453 829 5516 Iegéndum
843 5457 1203 5511 conlendilroi;
1219 5453 1440 5518 ἀρχείοις,
1466 5455 1692 5518 archiVis.
1709 5453 1770 5502 Al
1785 5461 1992 5514 μυρίοι-ο

408 5530 554 5580 quam
568 5519 697 5578 quod
717 5521 983 5567 reclamant
1006 5532 1120 5566 mss.
1138 5517 1329 5577 omnes,
1343 5531 1436 5565 non
1463 5517 1606 5565 video
1624 5528 1724 5580 quq
1747 5523 1889 5580 paulo
1909 5517 1994 5578 ἀρ-

409 5578 556 5654 χείοις
575 5580 817 5654 quadrare;
843 5586 1012 5654 poss‘qt
1034 5580 1094 5628 ad
1115 5591 1282 5654 γορςιη
1316 5585 1610 5654 sequgrllem
1633 5578 1846 5654 κιρδιξιν·
1885 5591 1992 5624 nam

411 5639 621 5704 ἀρχείοις
646 5649 724 5689 est
746 5639 1104 5690 subSlanlivum
1126 5651 1177 5689 et
1211 5641 1290 5689 hic
1312 5639 1582 5702 requiritur
1615 5639 1930 5700 adjectivum.

475 5701 505 5744 δ
532 5703 641 5752 Duo
664 5716 777 5750 mss.
811 5705 1222 5752 σπουδαζομένων,
1245 5706 1322 5750 καὶ
1343 5704 1668 5752 πνευματικῶν
1695 5702 1759 5747 ἓν.

579 5716 641 5751 υο
664 5716 777 5750 mss.
811 5716 1222 5764 σπουδαζομενων,
1245 5720 1322 5750 και
1343 5719 1668 5763 πνευματικῶν
1695 5718 1759 5747 εν.

477 5766 501 5825 ἒ
527 5765 634 5812 Duo
651 5777 750 5812 mss
782 5766 1038 5825 εὑρηκέναι.

473 5824 502 5864 δ
525 5826 629 5876 Alii
652 5833 708 5890 τῇ
732 5824 941 5888 ἀγγελίᾳ.

1331 391 1396 446 IN
1443 391 1604 446 DIEM
1648 389 1973 446 NATALEM
2018 393 2075 445 D.
2115 391 2176 445 Ν.
2219 390 2381 446 JESU
2427 391 2721 447 CHRISTI.

3539 396 3644 452 554

2154 507 2306 559 Ἑπεί
2345 503 2435 560 οὖν
2462 509 2490 559 6
2535 507 2729 577 Ἰωσὴφ
2763 507 2853 560 καὶ
2875 511 2908 579 ή
2941 510 3128 580 Μαρία
3166 509 3266 578 τῆς
3295 509 3538 581 Βηθλεέμ
3557 509 3648 566 δν·-

2067 607 2156 653 τες
2194 591 2425 653 πολῖται,
2449 591 2663 661 ἐκείνην
2678 591 2929 661 ἀφέντες,
2959 593 3016 646 ἐν
3043 596 3107 664 τῇ
3130 592 3384 663 Ναζαρὲθ
3407 593 3499 646 τὸν
3534 594 3648 664 βίον

2069 672 2246 726 αὐτῶν
2289 675 2710 744 κατεστήσαντο,
2738 674 2900 727 κάκεῖ
2926 675 3192 746 διέτριϐον
3235 672 3342 746 (οἷα
3383 676 3445 747 δὴ
3480 677 3648 730 πολλά

2074 757 2393 828 συμϐαίνειν
2414 757 2561 820 εἰκὸς
2587 756 2681 809 ἐπὶ
2704 757 2914 812 πολλῶν
2940 758 3262 830 ἀνθρώπων,
3291 759 3390 815 τὰς
3425 760 3524 831 μὲν
3551 762 3648 812 πό-

2072 834 2203 906 λεις,
2240 841 2362 894 ὅθεν
2389 842 2659 908 ἐγένοντο,
2685 842 3225 914 καταλιμπανόντων,
3252 847 3309 898 ἐν
3343 846 3531 909 ἄλλαις
3566 845 3646 908 δὲ,

2070 926 2129 978 ἐν
2152 923 2238 990 αἷς
2276 927 2376 979 οὐκ
2408 925 2652 996 ἐφύησαν
2680 927 2830 997 παρὰ
2856 927 2954 998 τὴν
2989 927 3183 1000 ἀρχὴν,
3215 929 3646 999 διατριϐόντων),

2069 1009 2176 1063 ἔδει
2199 1010 2255 1062 δὲ
2286 1009 2377 1063 τὸν
2407 1010 2641 1081 Χριστὸν
2671 1011 2729 1063 ἐν
2763 1009 3012 1082 Βηθλεὲμ
3037 1013 3294 1084 τεχθῆναι
3317 1031 3332 1044 ο
3355 1012 3545 1084 ἐξῆλθε
3587 1013 3650 1065 τὸ

2067 1091 2264 1162 δόγμα,
2298 1092 2392 1144 καὶ
2437 1093 2670 1156 ἄκοντας
2700 1094 2898 1156 αὐτοὺς
2931 1095 3204 1148 συνωθοῦν
3249 1096 3328 1158 εἰς
3361 1096 3460 1163 τὴν
3494 1095 3652 1148 πόλιν

2069 1176 2303 1245 ἐκείνην,
2337 1175 2430 1228 τοῦ
2453 1175 2590 1228 Θεοῦ
2614 1175 2784 1242 οῦτως
2813 1177 3239 1248 οἰκονομοῦντος.
3277 1179 3336 1232 Ὀ
3359 1178 3468 1249 γὰρ
3488 1178 3653 1247 νόμος

2070 1261 2098 1311 6
2133 1258 2370 1311 κελεύων
2395 1258 2624 1312 ἕκαστον
2651 1260 2733 1322 εἰς
2755 1259 2853 1330 τὴν
2883 1260 3017 1315 ἰδίαν
3043 1260 3466 1332 ἀπογράψασθαι
3487 1271 3511 1299 ο
3546 1277 3653 1312 πα-

2070 1344 2247 1413 τρίδα,
2295 1343 2603 1413 ἠνάγκαζεν
2662 1343 2871 1397 ἐκεῖθεν
2914 1344 3113 1410 αὐτοὺς
3158 1344 3500 1408 ἀνίστασθαι,
3543 1344 3654 1398 ἀπὸ

2071 1429 2168 1497 τῆς
2199 1426 2448 1496 Ναζαρὲθ
2503 1426 2666 1494 λέγω,
2706 1427 2796 1479 καὶ
2841 1427 3097 1498 ἔρχεσθαι
3126 1430 3206 1490 εἰς
3241 1429 3340 1498 τὴν
3380 1427 3649 1497 Βηθλεέμ,

2073 1507 2214 1562 ὥστε
2244 1510 2682 1579 ἀπογράφεσθαι.
2714 1507 2886 1562 Τοῦτο
2933 1509 3064 1577 γοῦν
3113 1511 3244 1564 αὐτὸ
3282 1509 3654 1579 αἰνιττόμενος

2071 1594 2166 1646 καὶ
2197 1595 2226 1645 6
2251 1592 2666 1663 εύαγγελιστὴς,
2711 1593 2925 1662 ἔλεγεν·
2975 1594 3170 1662 Ἀνέϐη
3224 1595 3294 1648 δὲ
3325 1593 3426 1649 καὶ
3470 1597 3502 1648 ό
3543 1594 3652 1647 Ἰωο

2073 1677 2202 1745 σὴρ
2233 1677 2348 1730 ἀπὸ
2380 1673 2488 1743 τῆς
2516 1678 2863 1744 Γαλιλαίας,
2891 1678 2959 1731 ἐκ
2999 1680 3229 1745 πόλεως
3261 1675 3541 1747 Ναζαρὲθ,
3567 1679 3656 1743 εὶς

2075 1761 2191 1828 τὴν
2241 1759 2548 1823 Ἰουδαίαν,
2587 1763 2674 1825 εἰς
2733 1763 2916 1814 πόλιν
2961 1761 3161 1825 Δαυῒδ,
3214 1762 3346 1830 ἣτις
3387 1762 3656 1816 καλεῖται

2077 1842 2366 1911 Βηθλεὲμ,
2388 1843 2484 1896 διὰ
2506 1842 2572 1896 τὸ
2593 1839 2744 1896 εἶναι
2773 1846 2960 1899 αὐτὸν
2990 1845 3058 1910 ἐξ
3089 1847 3257 1899 οἷκου
3287 1845 3382 1900 καὶ
3409 1843 3659 1915 πατριᾶς

2078 1926 2277 1988 Δαυῒδ,
2306 1924 2757 1996 ἀπογράφεσθαι
2782 1927 2904 1982 σὺν
2926 1929 3160 1998 Μαριὰμ
3188 1929 3263 1998 τῇ
3285 1946 3657 1998 μεμνηστευ-

2071 2009 2226 2078 μένῃ
2264 2007 2424 2073 αὐτῷ
2463 2011 2699 2078 γυναικί
2731 2012 2890 2078 οἰιση
2927 2012 3138 2080 ἐγκύῳ.
3172 2008 3283 2066 Καὶ
3316 2011 3552 2082 ἐγένετο
3588 2013 3658 2065 ἐν

2077 2090 2156 2157 τῷ
2186 2087 2338 2146 εἶναι
2375 2091 2597 2157 αὐτοὺς
2622 2091 2762 2156 ἐκεῖ,
2797 2093 3200 2162 ἐπλήσθησαν
3224 2099 3284 2149 αἱ
3310 2094 3521 2165 ἡμέραι
3552 2096 3658 2148 τοῦ

2077 2174 2502 2241 τεκεῖναὺτὴν,
2536 2174 2633 2226 καὶ
2673 2175 2838 2230 ἔτεκε
2856 2177 2963 2230 τὸν
2993 2177 3128 2231 υἱόν
3157 2177 3350 2246 αὐτῆς
3379 2178 3486 2231 τὸν
3506 2192 3660 2247 πρω-

2077 2261 2343 2313 τότοκον.

2147 2352 2215 2412 γ’.
2259 2340 2430 2410 Εἶδες,
2454 2347 2726 2417 ἀγαπητὲ,
2755 2347 3063 2416 οἰκονομίαν
3091 2345 3246 2408 Θεοῦ,
3289 2345 3382 2398 καὶ
3411 2345 3498 2398 διὰ
3551 2345 3661 2396 τῶν

2078 2431 2321 2482 ἀπίστων
2346 2431 2440 2482 καὶ
2472 2431 2578 2482 τῶν
2610 2431 2816 2484 πιστῶν
2852 2431 2918 2483 τά
2948 2430 3066 2484 καθ’
3098 2430 3287 2483 ἐαυτὸν
3313 2428 3658 2499 οἰκονομοῦνο

2078 2531 2188 2578 τος,
2219 2515 2305 2566 ἵνα
2331 2513 2576 2585 μάθωσιν
2601 2517 2650 2568 οἰ
2667 2514 2937 2585 ἀλλότριοι
2962 2515 3060 2583 τῆς
3079 2510 3360 2578 εὐσεϐείας
3388 2514 3485 2584 τὴν
3506 2514 3660 2582 ἰσχὺν

2080 2600 2174 2652 καὶ
2217 2599 2316 2669 τὴν
2366 2598 2594 2669 δύναμιν
2626 2599 2813 2652 αὑτοῦ.
2853 2599 2964 2652 Καὶ
2995 2599 3023 2650 6
3056 2597 3156 2669 μὲν
3186 2597 3362 2668 ἀστὴρ
3402 2597 3527 2660 τοὺς
3559 2596 3661 2666 μάο

2078 2701 2209 2751 γους
2233 2684 2442 2754 ἤγαγεν
2467 2681 2576 2736 ἀπὸ
2620 2683 2720 2751 τῆς
2751 2682 3036 2752 ἀνατολῆς,
3062 2683 3090 2734 6
3118 2681 3174 2735 δὲ
3193 2681 3354 2752 νόμος
3379 2679 3528 2752 [558]
3563 2679 3662 2752 τὴν

2080 2766 2313 2838 Μαριὰμ
2336 2760 2517 2820 εἷλκεν
2547 2767 2640 2818 ἐπὶ
2669 2765 2766 2836 τὴν
2796 2765 3030 2836 πατρίδα
3054 2765 3153 2835 τὴν
3187 2763 3290 2818 ὑπὸ
3314 2764 3422 2817 τῶν
3449 2781 3662 2834 προφη-

2080 2850 2190 2902 τῶν
2219 2851 2537 2920 εἰρημένην.
2585 2848 2866 2902 Ἐντεῦθεν
2905 2849 3035 2920 ἡμῖν
3062 2848 3417 2920 δῆλόνέστιν,
3457 2849 3536 2901 ὃτι
3568 2849 3664 2900 καὶ

2080 2935 2114 3003 ή
2148 2933 2421 3003 Παρθένος
2452 2935 2516 2984 ἐκ
2541 2934 2729 3000 γένους
2760 2932 2874 2986 ἐστὶ
2896 2931 3179 2986 Δαυῖδικοῦ
3199 2950 3212 2962 ·
3247 2931 3433 3002 ἐπειδὴ
3464 2931 3571 3002 γὰρ
3598 2932 3662 2983 ἐκ

2079 3016 2179 3085 τῆς
2210 3014 2456 3085 Βηθλεὲμ
2477 3010 2564 3085 ἦν,
2597 3013 2819 3084 εὔδηλον
2846 3013 3035 3068 δτικαὶ
3062 3017 3126 3069 ἐκ
3157 3013 3252 3068 τοῦ
3279 3015 3427 3068 οἴκου
3455 3013 3663 3083 καὶτῆς

2081 3101 2316 3170 πατριᾶς
2344 3095 2412 3169 ῆν
2442 3098 2536 3151 τοῦ
2569 3098 2752 3151 Δαυῖδ.
2783 3097 2954 3151 Τοῦτο
2979 3095 3072 3151 καὶ
3099 3098 3356 3168 ἀνωτέρω
3399 3093 3664 3169 ἐδήλωσεν

2081 3185 2108 3234 6
2143 3183 2556 3253 εύαγγελιστὴς,
2589 3184 2647 3234 ἐν
2686 3176 2768 3244 οἷς
2799 3181 2983 3250 ἔλεγεν
3005 3200 3019 3212 ο
3067 3181 3264 3248 Ἀνέϐη
3307 3180 3375 3233 δὲ
3413 3180 3506 3233 καὶ
3553 3181 3664 3233 Ἰω-

2082 3267 2212 3334 σὴφ
2232 3265 2352 3319 ἀπὸ
2381 3266 2492 3330 τῆς
2514 3265 2846 3330 Γαλιλαίας
2874 3264 2996 3317 σὺν
3017 3265 3274 3332 Μαριὰμ,
3298 3263 3396 3317 διὰ
3425 3261 3488 3316 τὸ
3509 3259 3663 3316 εἶναι

2083 3348 2270 3400 αὑτὸν
2306 3347 2375 3412 ἐξ
2409 3349 2583 3401 οἴκου
2615 3349 2712 3401 καὶ
2754 3347 3005 3415 πατριᾶς
3043 3347 3244 3401 Δαινΐδ.
3299 3345 3517 3418 Ἐπειδὴ
3553 3345 3663 3416 γὰρ

2083 3439 2111 3489 6
2136 3436 2233 3507 μὲν
2273 3437 2468 3505 Ἰωσὴφ
2501 3436 2919 3507 ἐγενεαλογήθη,
2951 3437 3076 3498 τοὺς
3117 3433 3172 3487 δὲ
3223 3436 3424 3504 ταύτης
3465 3434 3666 3505 προγό-

2083 3536 2207 3584 νους
2231 3520 2406 3582 οὐδεὶς
2434 3521 2563 3589 ἡμῖν
2594 3519 2901 3592 ἠρίθμησεν
2933 3518 3124 3582 οὕτως,
3157 3518 3232 3581 ὡς
3264 3519 3387 3578 τοὺς
3411 3516 3620 3570 ἐκείνου
3644 3530 3658 3544 ·

2085 3603 2172 3655 ἵνα
2207 3604 2282 3674 μὴ
2314 3603 2660 3674 ἀμφιϐάλλῃς
2695 3603 2789 3656 καὶ
2837 3603 3020 3674 λέγῃς,
3051 3601 3222 3654 Πόθεν
3251 3597 3344 3654 οῦν
3374 3600 3554 3670 δῆλον,
3580 3599 3663 3652 δτι

2085 3689 2149 3740 ἐκ
2174 3688 2266 3740 τοῦ
2297 3687 2458 3740 Δαυῖδ
2489 3689 2605 3739 ἐστι
2651 3686 2744 3740 καὶ
2774 3687 2942 3755 αὑτήξ
2967 3687 3202 3740 ἄκουσον
3225 3697 3237 3713 ⁸
3282 3685 3379 3737 Ἐν
3418 3682 3498 3748 τῷ
3517 3684 3665 3752 μηνὶ

2085 3770 2165 3835 τῷ
2183 3771 2333 3838 ἕκτῳ
2360 3769 2675 3837 ἀπεστάλη
2717 3773 2751 3822 ό
2785 3768 3039 3837 ἅγγελος
3076 3766 3345 3836 Γαϐριὴλ
3401 3766 3520 3821 ὑπὸ
3558 3765 3666 3819 τοῦ

2090 3854 2238 3907 Θεοῦ
2269 3857 2356 3919 εἰς
2380 3855 2561 3906 πόλιν
2583 3852 2694 3920 τῆς
2722 3852 3076 3916 Γαλιλαίας,
3175 3851 3361 3919 ὄνομα
3382 3848 3665 3917 Ναζαρὲθ,

2088 3937 2236 4005 πρὸς
2264 3937 2563 4006 παρθένον
2599 3935 3140 4006 μεμνηστευμένην
3179 3934 3373 4002 ἀνδρὶ,
3409 3926 3458 3999 ᾧ
3483 3933 3670 4001 ὄνομα

2087 4021 2323 4089 Ἰωσὴφ.
2359 4021 2428 4082 ἐξ
2460 4021 2631 4074 οἴκου
2670 4019 2852 4074 Δαυΐδ
2884 4020 2922 4070 ί.
2979 4017 3072 4083 Τὸ,
3133 4020 3202 4082 ἐξ
3241 4019 3413 4071 οἴκου
3455 4008 3668 4079 Δαὺῒδ,

2090 4105 2218 4174 περὶ
2249 4104 2349 4175 τῆς
2394 4103 2670 4174 Παρθένου
2717 4102 3055 4172 ὑποληπτέον
3089 4100 3372 4171 εἰρῆσθαι·
3396 4101 3534 4171 ὅπερ
3575 4096 3669 4153 οὖν

2093 4189 2188 4240 καὶ
2218 4185 2453 4240 ἐνταῦθα
2497 4185 2810 4256 δεδήλωται.
2845 4185 2942 4237 Διά
2963 4185 3117 4236 τοῦτο
3145 4185 3235 4236 καὶ
3261 4184 3320 4236 τὸ
3342 4183 3670 4253 πρόσταγμα

2096 4271 2189 4324 καὶ
2218 4272 2247 4322 6
2277 4271 2439 4340 νόμος
2479 4264 2633 4332 οὗτος
2685 4269 2896 4337 ἐφοίτα,
2940 4269 3156 4335 ἀνάγων
3181 4268 3273 4319 ἐπὶ
3301 4265 3398 4336 τὴν
3424 4266 3672 4336 Βηθλεέμ

2095 4355 2290 4418 αὐτούς
2310 4371 2324 4384 ⁸
2357 4355 2492 4425 όμοῦ
2528 4372 2588 4407 τε
2618 4353 2727 4424 γάρ
2757 4356 2854 4422 τῆς
2887 4353 3091 4414 πόλεως
3123 4351 3417 4420 ἐπέϐησαν,
3444 4351 3537 4404 καί
3567 4350 3674 4419 ’1η-

2102 4441 2227 4505 σοῦς
2258 4440 2460 4504 εὐθέως
2493 4438 2755 4491 ἐτίκτετο.
2794 4438 2884 4491 Διὸ
2897 4437 2992 4491 καὶ
3014 4437 3070 4487 ἐν
3103 4435 3282 4509 φάτνῃ
3301 4433 3670 4496 κατεκλίνετο,

2099 4524 2310 4578 πολλῶν
2350 4520 2688 4591 πανταχόθεν
2708 4521 2831 4573 τότε
2868 4518 3291 4590 συντρεχόντων,
3330 4516 3574 4582 καὶτοὺς
3594 4519 3675 4570 τό·

2096 4626 2230 4671 πους
2275 4603 2930 4679 προκαταλαμϐανόντων,
2995 4605 3088 4655 καὶ
3137 4600 3337 4672 πολλὴν
3377 4600 3675 4654 ποιούντων

2096 4692 2193 4762 τὴν
2221 4688 2611 4759 στενοχωρίαν·
2637 4687 2760 4740 ὅθεν
2785 4688 2902 4739 ἐκεῖ
2929 4684 3088 4739 αὑτὸν
3123 4685 3217 4738 καί
3243 4685 3290 4736 οῑ
3321 4683 3486 4754 μάγοι
3513 4699 3675 4754 προσ-

2097 4776 2388 4846 εκύνησαν.
2435 4773 2552 4824 ’Ίνα
2597 4770 2654 4823 δὲ
2707 4769 3048 4839 σαφεστέραν
3110 4769 3204 4821 καὶ
3246 4767 3676 4838 γνωριμωτέραν

2101 4862 2230 4930 ύμῖν
2259 4853 2535 4919 ἀπόδειξιν
2563 4853 2954 4924 παράσχωμαι,
2980 4851 3305 4920 διανάστητέ
3347 4867 3462 4921 μοι,
3493 4867 3672 4920 παρα-

2099 4942 2273 5004 καλῶ,
2328 4940 2451 4993 νῦν·
2503 4938 2596 4991 καὶ
2637 4936 2746 5007 γάρ
2804 4934 3020 5006 μακρὰν
3063 4936 3304 5005 ἱστορίαν
3346 4933 3674 5002 ἀνακινῆσαι

2103 5025 2399 5096 βούλομαι,
2441 5022 2534 5075 καὶ
2588 5020 2849 5080 παλαιοὺς
2907 5018 3216 5084 ἀναγνῶναι
3259 5017 3488 5084 νόμους,
3533 5015 3674 5068 ὥστε

2101 5108 2361 5164 πάντοθεν
2391 5108 2518 5175 ὑμῖν
2553 5105 2804 5172 γενέσθαι
2839 5103 2930 5155 τὸν
2957 5102 3110 5168 λόγον
3145 5099 3495 5170 σαφέστερον.

2172 5193 2351 5263 Νόμος
2386 5187 2454 5260 ῆν
2483 5189 2711 5252 παλαιὸς
2736 5191 2846 5250 τοῖς
2890 5186 3158 5248 Ἰουδαίοις
3181 5201 3193 5213 ⁸
3232 5184 3431 5254 μᾶλλον
3457 5183 3514 5236 δέ
3537 5183 3680 5236 ἀνω-

2099 5277 2242 5348 τέρω
2273 5275 2362 5327 τὸν
2411 5274 2565 5340 λόγον
2616 5272 2933 5340 ἀγάγωμεν·
2975 5271 3102 5321 Ὅτε
3147 5267 3256 5320 τῶν
3291 5266 3678 5334 Αίγυπτιακῶν

2102 5358 2345 5430 θορύϐων
2393 5357 2485 5410 καὶ
2524 5357 2622 5427 τῆς
2675 5355 2767 5407 τοῦ
2801 5354 3078 5425 ϐαρϐάρου
3106 5352 3419 5424 τυραννίδος
3450 5352 3541 5404 τὸν
3569 5351 3679 5402 τῶν

2113 5442 2378 5513 Ἐϐραίων
2437 5439 2609 5508 δῆμον
2653 5437 2963 5508 ἀπήλλαξεν
3012 5440 3040 5490 6
3085 5438 3253 5498 Θεὸς,
3293 5435 3435 5508 ὁρῶν
3483 5435 3677 5497 αὐτοὺς

2101 5526 2181 5578 ἔτι
2224 5525 2450 5592 λείψανα
2493 5522 2744 5585 ἀσεϐείας
2791 5522 3011 5592 ἔχοντας
3047 5521 3140 5573 καὶ
3196 5521 3324 5590 περὶ
3351 5518 3420 5571 τά
3446 5517 3683 5588 αἰσθητὰ

2103 5613 2492 5680 ἐπτοημένους,
2523 5608 2616 5660 καὶ
2648 5606 2851 5678 μεγέθη
2886 5605 2977 5660 καὶ
3012 5605 3180 5677 κάλλη
3208 5603 3352 5658 ναῶν
3376 5601 3684 5676 θαυμάζον-

2166 5759 2197 5820 ⁹Δ
2217 5759 2252 5805 Α
2263 5757 2311 5820 1.δὶ
2331 5755 2701 5820 ἀπογράφεσθαι,
2726 5761 2778 5802 ει
2809 5754 2879 5800 sic
2901 5751 3042 5820 _inl‘rg_.

2181 5815 2198 5855 ί
2227 5821 2260 5867 Α
2274 5818 2326 5866 lii
2350 5818 2396 5874 ἐξ
2417 5814 2551 5868 οἶκον
2572 5819 2652 5865 καὶ
2671 5821 2866 5881 πατριᾶς
2887 5814 3048 5862 Δαυΐδ.
