  <div class='ocr_page' id='page_1' title='image "/cluster/home/n/w/nwhite01/storage/ocr_20150623/49/nnc1.0046978208/341.png"; bbox 0 0 4066 6392; ppageno 0'>
   <div class='ocr_carea' id='block_1_1' title="bbox 415 327 521 385">
    <p class='ocr_par' dir='ltr' id='par_1_1' title="bbox 415 327 521 385">
     <span class='ocr_line' id='line_1_1' title="bbox 415 327 521 385; baseline -0.019 0"><span class='ocrx_word' id='word_1_1' title='bbox 415 327 521 385; x_wconf 79' lang='lat'>355</span> 
     </span>
    </p>
   </div>
   <div class='ocr_carea' id='block_1_2' title="bbox 410 443 1997 518">
    <p class='ocr_par' dir='ltr' id='par_1_2' title="bbox 410 443 1997 518">
     <span class='ocr_line' id='line_1_2' title="bbox 410 443 1997 518; baseline 0.001 -19"><span class='ocrx_word' id='word_1_2' title='bbox 410 462 531 506; x_wconf 87' lang='grc' dir='ltr'>τας,</span> <span class='ocrx_word' id='word_1_3' title='bbox 567 443 855 497; x_wconf 73' lang='grc' dir='ltr'>ἐκέλευσεν</span> <span class='ocrx_word' id='word_1_4' title='bbox 904 444 1087 506; x_wconf 77' lang='grc' dir='ltr'>αὐτοῖς</span> <span class='ocrx_word' id='word_1_5' title='bbox 1149 444 1572 515; x_wconf 74' lang='grc' dir='ltr'>οἰκοδομηθῆναι</span> <span class='ocrx_word' id='word_1_6' title='bbox 1605 447 1755 509; x_wconf 76' lang='grc' dir='ltr'>ναὸν,</span> <span class='ocrx_word' id='word_1_7' title='bbox 1782 449 1906 518; x_wconf 76' lang='grc' dir='ltr'>οὐχὶ</span> <span class='ocrx_word' id='word_1_8' title='bbox 1933 450 1997 518; x_wconf 83' lang='grc' dir='ltr'>τῇ</span> 
     </span>
    </p>
   </div>
   <div class='ocr_carea' id='block_1_3' title="bbox 413 528 2004 604">
    <p class='ocr_par' dir='ltr' id='par_1_3' title="bbox 413 528 2004 604">
     <span class='ocr_line' id='line_1_3' title="bbox 413 528 2004 604; baseline 0.001 -22"><span class='ocrx_word' id='word_1_9' title='bbox 413 528 730 598; x_wconf 66' lang='grc' dir='ltr'>πολυτελείᾳ</span> <span class='ocrx_word' id='word_1_10' title='bbox 785 528 885 596; x_wconf 84' lang='grc' dir='ltr'>τῆς</span> <span class='ocrx_word' id='word_1_11' title='bbox 929 528 1059 598; x_wconf 74' lang='grc' dir='ltr'>ὕλης</span> <span class='ocrx_word' id='word_1_12' title='bbox 1099 528 1279 598; x_wconf 88' lang='grc' dir='ltr'>μόνον,</span> <span class='ocrx_word' id='word_1_13' title='bbox 1326 531 1445 582; x_wconf 82' lang='grc' dir='ltr'>οὐδὲ</span> <span class='ocrx_word' id='word_1_14' title='bbox 1511 534 1577 602; x_wconf 82' lang='grc' dir='ltr'>τῇ</span> <span class='ocrx_word' id='word_1_15' title='bbox 1634 532 1878 604; x_wconf 79' lang='grc' dir='ltr'>ποικιλίᾳ</span> <span class='ocrx_word' id='word_1_16' title='bbox 1903 531 2004 600; x_wconf 80' lang='grc' dir='ltr'>τῆς</span> 
     </span>
    </p>
   </div>
   <div class='ocr_carea' id='block_1_4' title="bbox 412 611 2005 686">
    <p class='ocr_par' dir='ltr' id='par_1_4' title="bbox 412 611 2005 686">
     <span class='ocr_line' id='line_1_4' title="bbox 412 611 2005 686; baseline 0.002 -22"><span class='ocrx_word' id='word_1_17' title='bbox 412 611 627 683; x_wconf 79' lang='grc' dir='ltr'>τέχνης,</span> <span class='ocrx_word' id='word_1_18' title='bbox 670 611 806 664; x_wconf 74' lang='grc' dir='ltr'>ἀλλὰ</span> <span class='ocrx_word' id='word_1_19' title='bbox 849 612 942 664; x_wconf 77' lang='grc' dir='ltr'>καὶ</span> <span class='ocrx_word' id='word_1_20' title='bbox 976 611 1053 682; x_wconf 80' lang='grc' dir='ltr'>τῷ</span> <span class='ocrx_word' id='word_1_21' title='bbox 1097 613 1339 682; x_wconf 83' lang='grc' dir='ltr'>σχήματι</span> <span class='ocrx_word' id='word_1_22' title='bbox 1391 616 1490 684; x_wconf 85' lang='grc' dir='ltr'>τῆς</span> <span class='ocrx_word' id='word_1_23' title='bbox 1539 616 1827 686; x_wconf 82' lang='grc' dir='ltr'>οἰκοδομῆς</span> <span class='ocrx_word' id='word_1_24' title='bbox 1869 615 2005 668; x_wconf 82' lang='grc' dir='ltr'>πάν-</span> 
     </span>
    </p>
   </div>
   <div class='ocr_carea' id='block_1_5' title="bbox 411 698 2004 769">
    <p class='ocr_par' dir='ltr' id='par_1_5' title="bbox 411 698 2004 769">
     <span class='ocr_line' id='line_1_5' title="bbox 411 698 2004 769; baseline 0.003 -19"><span class='ocrx_word' id='word_1_25' title='bbox 411 713 512 760; x_wconf 81' lang='grc' dir='ltr'>τας</span> <span class='ocrx_word' id='word_1_26' title='bbox 540 698 667 760; x_wconf 83' lang='grc' dir='ltr'>τοὺς</span> <span class='ocrx_word' id='word_1_27' title='bbox 697 699 754 750; x_wconf 84' lang='grc' dir='ltr'>ἐν</span> <span class='ocrx_word' id='word_1_28' title='bbox 799 699 866 766; x_wconf 82' lang='grc' dir='ltr'>τῇ</span> <span class='ocrx_word' id='word_1_29' title='bbox 911 699 982 766; x_wconf 84' lang='grc' dir='ltr'>γῇ</span> <span class='ocrx_word' id='word_1_30' title='bbox 1021 698 1178 759; x_wconf 78' lang='grc' dir='ltr'>ναοὺς</span> <span class='ocrx_word' id='word_1_31' title='bbox 1221 698 1666 769; x_wconf 83' lang='grc' dir='ltr'>ἀποκρύπτοντα.</span> <span class='ocrx_word' id='word_1_32' title='bbox 1695 699 1806 752; x_wconf 99' lang='lat' dir='ltr'>Kal</span> <span class='ocrx_word' id='word_1_33' title='bbox 1832 699 2004 754; x_wconf 82' lang='grc' dir='ltr'>καθά-</span> 
     </span>
    </p>
   </div>
   <div class='ocr_carea' id='block_1_6' title="bbox 415 781 2002 855">
    <p class='ocr_par' dir='ltr' id='par_1_6' title="bbox 415 781 2002 855">
     <span class='ocr_line' id='line_1_6' title="bbox 415 781 2002 855; baseline 0.001 -21"><span class='ocrx_word' id='word_1_34' title='bbox 415 799 522 851; x_wconf 89' lang='grc' dir='ltr'>περ</span> <span class='ocrx_word' id='word_1_35' title='bbox 552 781 736 853; x_wconf 78' lang='grc' dir='ltr'>πατὴρ</span> <span class='ocrx_word' id='word_1_36' title='bbox 771 782 1127 853; x_wconf 80' lang='grc' dir='ltr'>φιλόστοργος</span> <span class='ocrx_word' id='word_1_37' title='bbox 1155 782 1242 834; x_wconf 85' lang='grc' dir='ltr'>διὰ</span> <span class='ocrx_word' id='word_1_38' title='bbox 1277 783 1476 836; x_wconf 88' lang='grc' dir='ltr'>πολλοῦ</span> <span class='ocrx_word' id='word_1_39' title='bbox 1518 784 1714 855; x_wconf 89' lang='grc' dir='ltr'>χρόνου</span> <span class='ocrx_word' id='word_1_40' title='bbox 1763 783 1856 836; x_wconf 79' lang='grc' dir='ltr'>τὸν</span> <span class='ocrx_word' id='word_1_41' title='bbox 1888 784 2002 838; x_wconf 81' lang='grc' dir='ltr'>υἱὸν</span> 
     </span>
    </p>
   </div>
   <div class='ocr_carea' id='block_1_7' title="bbox 414 864 2004 938">
    <p class='ocr_par' dir='ltr' id='par_1_7' title="bbox 414 864 2004 938">
     <span class='ocr_line' id='line_1_7' title="bbox 414 864 2004 938; baseline 0 -18"><span class='ocrx_word' id='word_1_42' title='bbox 414 867 505 920; x_wconf 79' lang='grc' dir='ltr'>τὸν</span> <span class='ocrx_word' id='word_1_43' title='bbox 561 865 757 920; x_wconf 78' lang='grc' dir='ltr'>ἑαυτοῦ</span> <span class='ocrx_word' id='word_1_44' title='bbox 797 869 1016 936; x_wconf 82' lang='grc' dir='ltr'>μιαροῖς</span> <span class='ocrx_word' id='word_1_45' title='bbox 1066 864 1380 936; x_wconf 88' lang='grc' dir='ltr'>ἀνθρώποις</span> <span class='ocrx_word' id='word_1_46' title='bbox 1430 867 1527 920; x_wconf 75' lang='grc' dir='ltr'>καὶ</span> <span class='ocrx_word' id='word_1_47' title='bbox 1588 866 1853 938; x_wconf 85' lang='grc' dir='ltr'>φθορεῦσι</span> <span class='ocrx_word' id='word_1_48' title='bbox 1909 868 2004 922; x_wconf 73' lang='grc' dir='ltr'>καὶ</span> 
     </span>
    </p>
   </div>
   <div class='ocr_carea' id='block_1_8' title="bbox 415 951 2004 1022">
    <p class='ocr_par' dir='ltr' id='par_1_8' title="bbox 415 951 2004 1022">
     <span class='ocr_line' id='line_1_8' title="bbox 415 951 2004 1022; baseline 0 -16"><span class='ocrx_word' id='word_1_49' title='bbox 415 952 649 1015; x_wconf 83' lang='grc' dir='ltr'>ἀσώτοις</span> <span class='ocrx_word' id='word_1_50' title='bbox 688 951 1211 1022; x_wconf 81' lang='grc' dir='ltr'>συναναστραφέντα</span> <span class='ocrx_word' id='word_1_51' title='bbox 1237 952 1331 1005; x_wconf 80' lang='grc' dir='ltr'>καὶ</span> <span class='ocrx_word' id='word_1_52' title='bbox 1376 952 1578 1022; x_wconf 80' lang='grc' dir='ltr'>πολλῆς</span> <span class='ocrx_word' id='word_1_53' title='bbox 1619 951 2004 1006; x_wconf 84' lang='grc' dir='ltr'>ἀπολαύσαντα</span> 
     </span>
    </p>
   </div>
   <div class='ocr_carea' id='block_1_9' title="bbox 415 1035 2004 1110">
    <p class='ocr_par' dir='ltr' id='par_1_9' title="bbox 415 1035 2004 1110">
     <span class='ocr_line' id='line_1_9' title="bbox 415 1035 2004 1110; baseline 0.001 -20"><span class='ocrx_word' id='word_1_54' title='bbox 415 1037 625 1110; x_wconf 78' lang='grc' dir='ltr'>τρυφῆς</span> <span class='ocrx_word' id='word_1_55' title='bbox 655 1035 858 1098; x_wconf 85' lang='grc' dir='ltr'>λαϐὼν,</span> <span class='ocrx_word' id='word_1_56' title='bbox 897 1036 1037 1106; x_wconf 70' lang='grc' dir='ltr'>μετὰ</span> <span class='ocrx_word' id='word_1_57' title='bbox 1067 1035 1371 1104; x_wconf 77' lang='grc' dir='ltr'>ἀσφαλείας</span> <span class='ocrx_word' id='word_1_58' title='bbox 1405 1038 1499 1090; x_wconf 81' lang='grc' dir='ltr'>καὶ</span> <span class='ocrx_word' id='word_1_59' title='bbox 1543 1037 1874 1108; x_wconf 78' lang='grc' dir='ltr'>σεμνότητος</span> <span class='ocrx_word' id='word_1_60' title='bbox 1911 1039 2004 1092; x_wconf 81' lang='grc' dir='ltr'>ἐπὶ</span> 
     </span>
    </p>
   </div>
   <div class='ocr_carea' id='block_1_10' title="bbox 417 1121 2001 1194">
    <p class='ocr_par' dir='ltr' id='par_1_10' title="bbox 417 1121 2001 1194">
     <span class='ocr_line' id='line_1_10' title="bbox 417 1121 2001 1194; baseline 0 -18"><span class='ocrx_word' id='word_1_61' title='bbox 417 1122 622 1176; x_wconf 88' lang='grc' dir='ltr'>πλείονι</span> <span class='ocrx_word' id='word_1_62' title='bbox 677 1121 1001 1193; x_wconf 78' lang='grc' dir='ltr'>καθίστησιν</span> <span class='ocrx_word' id='word_1_63' title='bbox 1037 1121 1199 1175; x_wconf 79' lang='grc' dir='ltr'>αὐτὸν</span> <span class='ocrx_word' id='word_1_64' title='bbox 1233 1123 1488 1194; x_wconf 82' lang='grc' dir='ltr'>ἀφθονίᾳ,</span> <span class='ocrx_word' id='word_1_65' title='bbox 1536 1123 1678 1176; x_wconf 75' lang='grc' dir='ltr'>ὥστε</span> <span class='ocrx_word' id='word_1_66' title='bbox 1710 1128 1846 1194; x_wconf 83' lang='grc' dir='ltr'>μήτε</span> <span class='ocrx_word' id='word_1_67' title='bbox 1879 1141 2001 1176; x_wconf 88' lang='grc' dir='ltr'>στε-</span> 
     </span>
    </p>
   </div>
   <div class='ocr_carea' id='block_1_11' title="bbox 415 1207 2002 1282">
    <p class='ocr_par' dir='ltr' id='par_1_11' title="bbox 415 1207 2002 1282">
     <span class='ocr_line' id='line_1_11' title="bbox 415 1207 2002 1282; baseline 0.003 -22"><span class='ocrx_word' id='word_1_68' title='bbox 415 1207 791 1278; x_wconf 82' lang='grc' dir='ltr'>νοχωρηθέντα</span> <span class='ocrx_word' id='word_1_69' title='bbox 836 1208 945 1259; x_wconf 83' lang='grc' dir='ltr'>τῶν</span> <span class='ocrx_word' id='word_1_70' title='bbox 992 1209 1276 1280; x_wconf 80' lang='grc' dir='ltr'>προτέρων</span> <span class='ocrx_word' id='word_1_71' title='bbox 1336 1210 1559 1280; x_wconf 85' lang='grc' dir='ltr'>μνήμην</span> <span class='ocrx_word' id='word_1_72' title='bbox 1602 1210 1810 1274; x_wconf 86' lang='grc' dir='ltr'>λαϐεῖν,</span> <span class='ocrx_word' id='word_1_73' title='bbox 1865 1214 2002 1282; x_wconf 89' lang='grc' dir='ltr'>μήτε</span> 
     </span>
    </p>
   </div>
   <div class='ocr_carea' id='block_1_12' title="bbox 415 1292 2004 1363">
    <p class='ocr_par' dir='ltr' id='par_1_12' title="bbox 415 1292 2004 1363">
     <span class='ocr_line' id='line_1_12' title="bbox 415 1292 2004 1363; baseline 0.004 -18"><span class='ocrx_word' id='word_1_74' title='bbox 415 1294 498 1358; x_wconf 83' lang='grc' dir='ltr'>εἰς</span> <span class='ocrx_word' id='word_1_75' title='bbox 547 1292 846 1363; x_wconf 78' lang='grc' dir='ltr'>ἐπιθυμίαν</span> <span class='ocrx_word' id='word_1_76' title='bbox 899 1294 1126 1348; x_wconf 76' lang='grc' dir='ltr'>ἐκείνων</span> <span class='ocrx_word' id='word_1_77' title='bbox 1173 1294 1376 1347; x_wconf 82' lang='grc' dir='ltr'>ἐλθεῖν·</span> <span class='ocrx_word' id='word_1_78' title='bbox 1433 1294 1576 1349; x_wconf 78' lang='grc' dir='ltr'>οὕτω</span> <span class='ocrx_word' id='word_1_79' title='bbox 1624 1298 1720 1349; x_wconf 80' lang='grc' dir='ltr'>καὶ</span> <span class='ocrx_word' id='word_1_80' title='bbox 1785 1299 1812 1350; x_wconf 96' lang='lat'>6</span> <span class='ocrx_word' id='word_1_81' title='bbox 1873 1298 2004 1362; x_wconf 88' lang='grc' dir='ltr'>Θεὸς</span> 
     </span>
    </p>
   </div>
   <div class='ocr_carea' id='block_1_13' title="bbox 417 1377 2002 1453">
    <p class='ocr_par' dir='ltr' id='par_1_13' title="bbox 417 1377 2002 1453">
     <span class='ocr_line' id='line_1_13' title="bbox 417 1377 2002 1453; baseline 0.004 -24"><span class='ocrx_word' id='word_1_82' title='bbox 417 1377 635 1450; x_wconf 80' lang='grc' dir='ltr'>βλέπων</span> <span class='ocrx_word' id='word_1_83' title='bbox 664 1381 791 1441; x_wconf 81' lang='grc' dir='ltr'>τοὺς</span> <span class='ocrx_word' id='word_1_84' title='bbox 818 1390 843 1417; x_wconf 73' lang='grc'>⁸</span> <span class='ocrx_word' id='word_1_85' title='bbox 888 1379 1175 1443; x_wconf 75' lang='grc' dir='ltr'>Ἰουδαίους</span> <span class='ocrx_word' id='word_1_86' title='bbox 1207 1382 1336 1451; x_wconf 82' lang='grc' dir='ltr'>περὶ</span> <span class='ocrx_word' id='word_1_87' title='bbox 1368 1380 1439 1434; x_wconf 81' lang='grc' dir='ltr'>τὰ</span> <span class='ocrx_word' id='word_1_88' title='bbox 1461 1383 1697 1453; x_wconf 87' lang='grc' dir='ltr'>αἰσθητά</span> <span class='ocrx_word' id='word_1_89' title='bbox 1727 1383 2002 1452; x_wconf 75' lang='grc' dir='ltr'>ἐπτοημέ-</span> 
     </span>
    </p>
   </div>
   <div class='ocr_carea' id='block_1_14' title="bbox 413 1463 2005 1540">
    <p class='ocr_par' dir='ltr' id='par_1_14' title="bbox 413 1463 2005 1540">
     <span class='ocr_line' id='line_1_14' title="bbox 413 1463 2005 1540; baseline 0.002 -22"><span class='ocrx_word' id='word_1_90' title='bbox 413 1481 562 1528; x_wconf 90' lang='grc' dir='ltr'>νους,</span> <span class='ocrx_word' id='word_1_91' title='bbox 603 1464 698 1518; x_wconf 79' lang='grc' dir='ltr'>καί</span> <span class='ocrx_word' id='word_1_92' title='bbox 757 1464 815 1516; x_wconf 78' lang='grc' dir='ltr'>ἐν</span> <span class='ocrx_word' id='word_1_93' title='bbox 867 1463 1077 1528; x_wconf 84' lang='grc' dir='ltr'>τούτοις</span> <span class='ocrx_word' id='word_1_94' title='bbox 1125 1466 1327 1536; x_wconf 81' lang='grc' dir='ltr'>πολλὴν</span> <span class='ocrx_word' id='word_1_95' title='bbox 1365 1469 1604 1521; x_wconf 81' lang='grc' dir='ltr'>ποιεῖται</span> <span class='ocrx_word' id='word_1_96' title='bbox 1643 1469 1742 1540; x_wconf 81' lang='grc' dir='ltr'>τὴν</span> <span class='ocrx_word' id='word_1_97' title='bbox 1777 1468 2005 1540; x_wconf 84' lang='grc' dir='ltr'>ὑπερϐο-</span> 
     </span>
    </p>
   </div>
   <div class='ocr_carea' id='block_1_15' title="bbox 413 1548 2004 1625">
    <p class='ocr_par' dir='ltr' id='par_1_15' title="bbox 413 1548 2004 1625">
     <span class='ocr_line' id='line_1_15' title="bbox 413 1548 2004 1625; baseline 0.003 -23"><span class='ocrx_word' id='word_1_98' title='bbox 413 1550 514 1622; x_wconf 79' lang='grc' dir='ltr'>λὴν</span> <span class='ocrx_word' id='word_1_99' title='bbox 546 1591 561 1615; x_wconf 95' lang='grc'>,</span> <span class='ocrx_word' id='word_1_100' title='bbox 611 1548 752 1604; x_wconf 81' lang='grc' dir='ltr'>ὥστε</span> <span class='ocrx_word' id='word_1_101' title='bbox 805 1550 1002 1615; x_wconf 73' lang='grc' dir='ltr'>αὐτοὺς</span> <span class='ocrx_word' id='word_1_102' title='bbox 1078 1553 1350 1622; x_wconf 83' lang='grc' dir='ltr'>μηδέποτε</span> <span class='ocrx_word' id='word_1_103' title='bbox 1406 1554 1486 1616; x_wconf 88' lang='grc' dir='ltr'>εἰς</span> <span class='ocrx_word' id='word_1_104' title='bbox 1548 1554 1844 1625; x_wconf 78' lang='grc' dir='ltr'>ἐπιθυμίαν</span> <span class='ocrx_word' id='word_1_105' title='bbox 1895 1554 2004 1607; x_wconf 84' lang='grc' dir='ltr'>τῶν</span> 
     </span>
    </p>
   </div>
   <div class='ocr_carea' id='block_1_16' title="bbox 415 1634 2010 1707">
    <p class='ocr_par' dir='ltr' id='par_1_16' title="bbox 415 1634 2010 1707">
     <span class='ocr_line' id='line_1_16' title="bbox 415 1634 2010 1707; baseline 0.004 -19"><span class='ocrx_word' id='word_1_106' title='bbox 415 1635 733 1704; x_wconf 75' lang='grc' dir='ltr'>Αἰγυπτίων</span> <span class='ocrx_word' id='word_1_107' title='bbox 766 1635 799 1706; x_wconf 84' lang='grc' dir='ltr'>ἦ</span> <span class='ocrx_word' id='word_1_108' title='bbox 831 1634 940 1690; x_wconf 84' lang='grc' dir='ltr'>τῶν</span> <span class='ocrx_word' id='word_1_109' title='bbox 972 1637 1439 1707; x_wconf 85' lang='grc' dir='ltr'>παρἈίγυπτίοις</span> <span class='ocrx_word' id='word_1_110' title='bbox 1474 1637 1672 1692; x_wconf 80' lang='grc' dir='ltr'>ἐλθεῖν.</span> <span class='ocrx_word' id='word_1_111' title='bbox 1704 1641 1813 1693; x_wconf 85' lang='lat' dir='ltr'>Kal</span> <span class='ocrx_word' id='word_1_112' title='bbox 1841 1643 2010 1694; x_wconf 85' lang='grc' dir='ltr'>ποιεῖ-</span> 
     </span>
    </p>
   </div>
   <div class='ocr_carea' id='block_1_17' title="bbox 415 1719 2004 1793">
    <p class='ocr_par' dir='ltr' id='par_1_17' title="bbox 415 1719 2004 1793">
     <span class='ocr_line' id='line_1_17' title="bbox 415 1719 2004 1793; baseline 0.003 -21"><span class='ocrx_word' id='word_1_113' title='bbox 415 1737 506 1772; x_wconf 88' lang='grc' dir='ltr'>ται</span> <span class='ocrx_word' id='word_1_114' title='bbox 545 1719 638 1773; x_wconf 81' lang='grc' dir='ltr'>τὸν</span> <span class='ocrx_word' id='word_1_115' title='bbox 673 1719 803 1772; x_wconf 75' lang='grc' dir='ltr'>ναὸν</span> <span class='ocrx_word' id='word_1_116' title='bbox 843 1720 979 1791; x_wconf 78' lang='grc' dir='ltr'>πρὸς</span> <span class='ocrx_word' id='word_1_117' title='bbox 1019 1721 1117 1791; x_wconf 87' lang='grc' dir='ltr'>τὴν</span> <span class='ocrx_word' id='word_1_118' title='bbox 1151 1721 1340 1775; x_wconf 85' lang='grc' dir='ltr'>εἰκόνα</span> <span class='ocrx_word' id='word_1_119' title='bbox 1375 1721 1470 1774; x_wconf 90' lang='grc' dir='ltr'>τοῦ</span> <span class='ocrx_word' id='word_1_120' title='bbox 1519 1723 1726 1793; x_wconf 83' lang='grc' dir='ltr'>κόσμου</span> <span class='ocrx_word' id='word_1_121' title='bbox 1781 1723 2004 1787; x_wconf 86' lang='grc' dir='ltr'>παντὸς,</span> 
     </span>
    </p>
   </div>
   <div class='ocr_carea' id='block_1_18' title="bbox 415 1803 2004 1878">
    <p class='ocr_par' dir='ltr' id='par_1_18' title="bbox 415 1803 2004 1878">
     <span class='ocr_line' id='line_1_18' title="bbox 415 1803 2004 1878; baseline 0.003 -23"><span class='ocrx_word' id='word_1_122' title='bbox 415 1803 512 1856; x_wconf 88' lang='grc' dir='ltr'>τοῦ</span> <span class='ocrx_word' id='word_1_123' title='bbox 540 1821 598 1856; x_wconf 85' lang='grc' dir='ltr'>τε</span> <span class='ocrx_word' id='word_1_124' title='bbox 629 1804 889 1874; x_wconf 74' lang='grc' dir='ltr'>αἰσθητοῦ</span> <span class='ocrx_word' id='word_1_125' title='bbox 930 1803 1027 1859; x_wconf 86' lang='grc' dir='ltr'>καὶ</span> <span class='ocrx_word' id='word_1_126' title='bbox 1055 1804 1272 1874; x_wconf 82' lang='grc' dir='ltr'>νοητοῦ.</span> <span class='ocrx_word' id='word_1_127' title='bbox 1329 1805 1598 1878; x_wconf 83' lang='grc' dir='ltr'>Καθάπερ</span> <span class='ocrx_word' id='word_1_128' title='bbox 1639 1807 1752 1877; x_wconf 85' lang='grc' dir='ltr'>γάρ</span> <span class='ocrx_word' id='word_1_129' title='bbox 1785 1807 1904 1859; x_wconf 84' lang='grc' dir='ltr'>ἐστι</span> <span class='ocrx_word' id='word_1_130' title='bbox 1934 1808 2004 1878; x_wconf 85' lang='grc' dir='ltr'>γῆ</span> 
     </span>
    </p>
   </div>
   <div class='ocr_carea' id='block_1_19' title="bbox 418 1888 2003 1962">
    <p class='ocr_par' dir='ltr' id='par_1_19' title="bbox 418 1888 2003 1962">
     <span class='ocr_line' id='line_1_19' title="bbox 418 1888 2003 1962; baseline 0.002 -20"><span class='ocrx_word' id='word_1_131' title='bbox 418 1891 512 1942; x_wconf 75' lang='grc' dir='ltr'>καὶ</span> <span class='ocrx_word' id='word_1_132' title='bbox 533 1888 783 1960; x_wconf 75' lang='grc' dir='ltr'>οὐρανὸς,</span> <span class='ocrx_word' id='word_1_133' title='bbox 801 1888 898 1942; x_wconf 78' lang='grc' dir='ltr'>καὶ</span> <span class='ocrx_word' id='word_1_134' title='bbox 921 1889 1086 1960; x_wconf 84' lang='grc' dir='ltr'>μέσον</span> <span class='ocrx_word' id='word_1_135' title='bbox 1114 1889 1445 1962; x_wconf 83' lang='grc' dir='ltr'>διάφραγμα</span> <span class='ocrx_word' id='word_1_136' title='bbox 1463 1889 1522 1943; x_wconf 86' lang='grc' dir='ltr'>τὸ</span> <span class='ocrx_word' id='word_1_137' title='bbox 1546 1890 1834 1960; x_wconf 86' lang='grc' dir='ltr'>στερέωμα</span> <span class='ocrx_word' id='word_1_138' title='bbox 1853 1890 2003 1962; x_wconf 77' lang='grc'>[559]</span> 
     </span>
    </p>
   </div>
   <div class='ocr_carea' id='block_1_20' title="bbox 417 1971 2008 2041">
    <p class='ocr_par' dir='ltr' id='par_1_20' title="bbox 417 1971 2008 2041">
     <span class='ocr_line' id='line_1_20' title="bbox 417 1971 2008 2041; baseline 0.004 -17"><span class='ocrx_word' id='word_1_139' title='bbox 417 1971 594 2025; x_wconf 87' lang='grc' dir='ltr'>τοῦτο·</span> <span class='ocrx_word' id='word_1_140' title='bbox 626 1973 770 2025; x_wconf 74' lang='grc' dir='ltr'>οὕτω</span> <span class='ocrx_word' id='word_1_141' title='bbox 800 1973 1050 2027; x_wconf 83' lang='grc' dir='ltr'>κάκεῖνον</span> <span class='ocrx_word' id='word_1_142' title='bbox 1086 1973 1341 2026; x_wconf 87' lang='grc' dir='ltr'>ἐκέλευσε</span> <span class='ocrx_word' id='word_1_143' title='bbox 1373 1974 1652 2041; x_wconf 89' lang='grc' dir='ltr'>γενέσθαι.</span> <span class='ocrx_word' id='word_1_144' title='bbox 1677 1977 1787 2029; x_wconf 88' lang='lat' dir='ltr'>Kal</span> <span class='ocrx_word' id='word_1_145' title='bbox 1815 1978 1896 2040; x_wconf 89' lang='grc' dir='ltr'>εἰς</span> <span class='ocrx_word' id='word_1_146' title='bbox 1914 1976 2008 2030; x_wconf 89' lang='grc' dir='ltr'>δύο</span> 
     </span>
    </p>
   </div>
   <div class='ocr_carea' id='block_1_21' title="bbox 415 2054 2007 2126">
    <p class='ocr_par' dir='ltr' id='par_1_21' title="bbox 415 2054 2007 2126">
     <span class='ocr_line' id='line_1_21' title="bbox 415 2054 2007 2126; baseline 0.001 -18"><span class='ocrx_word' id='word_1_147' title='bbox 415 2054 688 2126; x_wconf 85' lang='grc' dir='ltr'>διατεμὼν</span> <span class='ocrx_word' id='word_1_148' title='bbox 715 2057 808 2110; x_wconf 76' lang='grc' dir='ltr'>τὸν</span> <span class='ocrx_word' id='word_1_149' title='bbox 837 2056 964 2109; x_wconf 75' lang='grc' dir='ltr'>ναὸν</span> <span class='ocrx_word' id='word_1_150' title='bbox 1017 2055 1228 2117; x_wconf 87' lang='grc' dir='ltr'>τοῦτον,</span> <span class='ocrx_word' id='word_1_151' title='bbox 1271 2059 1366 2110; x_wconf 78' lang='grc' dir='ltr'>καὶ</span> <span class='ocrx_word' id='word_1_152' title='bbox 1412 2059 1818 2125; x_wconf 76' lang='grc' dir='ltr'>καταπέτασμα</span> <span class='ocrx_word' id='word_1_153' title='bbox 1848 2059 2007 2126; x_wconf 73' lang='grc' dir='ltr'>ἀφεὶς</span> 
     </span>
    </p>
   </div>
   <div class='ocr_carea' id='block_1_22' title="bbox 420 2138 2007 2210">
    <p class='ocr_par' dir='ltr' id='par_1_22' title="bbox 420 2138 2007 2210">
     <span class='ocr_line' id='line_1_22' title="bbox 420 2138 2007 2210; baseline 0.002 -19"><span class='ocrx_word' id='word_1_154' title='bbox 420 2139 617 2208; x_wconf 90' lang='grc' dir='ltr'>μέσον,</span> <span class='ocrx_word' id='word_1_155' title='bbox 652 2139 714 2192; x_wconf 88' lang='grc' dir='ltr'>τὸ</span> <span class='ocrx_word' id='word_1_156' title='bbox 761 2139 860 2210; x_wconf 84' lang='grc' dir='ltr'>μὲν</span> <span class='ocrx_word' id='word_1_157' title='bbox 903 2138 1008 2204; x_wconf 80' lang='grc' dir='ltr'>ἔξω</span> <span class='ocrx_word' id='word_1_158' title='bbox 1042 2140 1137 2193; x_wconf 87' lang='grc' dir='ltr'>τοῦ</span> <span class='ocrx_word' id='word_1_159' title='bbox 1180 2141 1676 2210; x_wconf 81' lang='grc' dir='ltr'>καταπετάσματος</span> <span class='ocrx_word' id='word_1_160' title='bbox 1702 2142 1836 2194; x_wconf 79' lang='grc' dir='ltr'>πᾶσι</span> <span class='ocrx_word' id='word_1_161' title='bbox 1878 2159 2007 2194; x_wconf 89' lang='grc' dir='ltr'>συν-</span> 
     </span>
    </p>
   </div>
   <div class='ocr_carea' id='block_1_23' title="bbox 417 2220 2008 2303">
    <p class='ocr_par' dir='ltr' id='par_1_23' title="bbox 417 2220 2008 2303">
     <span class='ocr_line' id='line_1_23' title="bbox 417 2220 2008 2303; baseline 0.002 -27"><span class='ocrx_word' id='word_1_162' title='bbox 417 2223 706 2296; x_wconf 84' lang='grc' dir='ltr'>εχώρησεν</span> <span class='ocrx_word' id='word_1_163' title='bbox 762 2220 903 2277; x_wconf 79' lang='grc' dir='ltr'>εἶναι</span> <span class='ocrx_word' id='word_1_164' title='bbox 971 2225 1167 2303; x_wconf 78' lang='grc' dir='ltr'>βατὸν,</span> <span class='ocrx_word' id='word_1_165' title='bbox 1221 2225 1282 2277; x_wconf 79' lang='grc' dir='ltr'>τὸ</span> <span class='ocrx_word' id='word_1_166' title='bbox 1340 2224 1398 2276; x_wconf 82' lang='grc' dir='ltr'>δὲ</span> <span class='ocrx_word' id='word_1_167' title='bbox 1453 2224 1600 2278; x_wconf 75' lang='grc' dir='ltr'>ἔνδον</span> <span class='ocrx_word' id='word_1_168' title='bbox 1659 2225 1859 2278; x_wconf 79' lang='grc' dir='ltr'>ἄϐατον</span> <span class='ocrx_word' id='word_1_169' title='bbox 1912 2227 2008 2279; x_wconf 67' lang='grc' dir='ltr'>καὶ</span> 
     </span>
    </p>
   </div>
   <div class='ocr_carea' id='block_1_24' title="bbox 418 2309 2009 2382">
    <p class='ocr_par' dir='ltr' id='par_1_24' title="bbox 418 2309 2009 2382">
     <span class='ocr_line' id='line_1_24' title="bbox 418 2309 2009 2382; baseline 0 -19"><span class='ocrx_word' id='word_1_170' title='bbox 418 2311 644 2363; x_wconf 79' lang='grc' dir='ltr'>ἀθέατον</span> <span class='ocrx_word' id='word_1_171' title='bbox 667 2312 826 2372; x_wconf 77' lang='grc' dir='ltr'>πᾶσι,</span> <span class='ocrx_word' id='word_1_172' title='bbox 851 2310 990 2380; x_wconf 87' lang='grc' dir='ltr'>πλὴν</span> <span class='ocrx_word' id='word_1_173' title='bbox 1012 2309 1103 2362; x_wconf 88' lang='grc' dir='ltr'>τοῦ</span> <span class='ocrx_word' id='word_1_174' title='bbox 1125 2310 1426 2382; x_wconf 73' lang='grc' dir='ltr'>ἀρχιερέως</span> <span class='ocrx_word' id='word_1_175' title='bbox 1458 2311 1642 2380; x_wconf 84' lang='grc' dir='ltr'>μόνου.</span> <span class='ocrx_word' id='word_1_176' title='bbox 1669 2311 1778 2364; x_wconf 82' lang='lat' dir='ltr'>Kal</span> <span class='ocrx_word' id='word_1_177' title='bbox 1801 2311 1882 2363; x_wconf 83' lang='grc' dir='ltr'>ὅτι</span> <span class='ocrx_word' id='word_1_178' title='bbox 1911 2311 2009 2381; x_wconf 82' lang='grc' dir='ltr'>οὐχ</span> 
     </span>
    </p>
   </div>
   <div class='ocr_carea' id='block_1_25' title="bbox 419 2388 2008 2467">
    <p class='ocr_par' dir='ltr' id='par_1_25' title="bbox 419 2388 2008 2467">
     <span class='ocr_line' id='line_1_25' title="bbox 419 2388 2008 2467; baseline 0.001 -20"><span class='ocrx_word' id='word_1_179' title='bbox 419 2388 689 2467; x_wconf 83' lang='grc' dir='ltr'>ἡμέτερος</span> <span class='ocrx_word' id='word_1_180' title='bbox 719 2395 892 2449; x_wconf 90' lang='grc' dir='ltr'>ταῦτα</span> <span class='ocrx_word' id='word_1_181' title='bbox 915 2395 1243 2465; x_wconf 75' lang='grc' dir='ltr'>στοχασμὸς,</span> <span class='ocrx_word' id='word_1_182' title='bbox 1263 2395 1378 2448; x_wconf 81' lang='grc' dir='ltr'>ἀλλ’</span> <span class='ocrx_word' id='word_1_183' title='bbox 1410 2398 1466 2450; x_wconf 85' lang='grc' dir='ltr'>ἐν</span> <span class='ocrx_word' id='word_1_184' title='bbox 1498 2396 1654 2467; x_wconf 85' lang='grc' dir='ltr'>τύπῳ</span> <span class='ocrx_word' id='word_1_185' title='bbox 1675 2396 1769 2450; x_wconf 87' lang='grc' dir='ltr'>τοῦ</span> <span class='ocrx_word' id='word_1_186' title='bbox 1800 2397 2008 2465; x_wconf 86' lang='grc' dir='ltr'>κόσμου</span> 
     </span>
    </p>
   </div>
   <div class='ocr_carea' id='block_1_26' title="bbox 421 2467 2010 2551">
    <p class='ocr_par' dir='ltr' id='par_1_26' title="bbox 421 2467 2010 2551">
     <span class='ocr_line' id='line_1_26' title="bbox 421 2467 2010 2551; baseline 0.001 -21"><span class='ocrx_word' id='word_1_187' title='bbox 421 2479 623 2542; x_wconf 87' lang='grc' dir='ltr'>παντὸς</span> <span class='ocrx_word' id='word_1_188' title='bbox 655 2480 682 2531; x_wconf 89' lang='lat'>6</span> <span class='ocrx_word' id='word_1_189' title='bbox 737 2478 865 2542; x_wconf 71' lang='grc' dir='ltr'>ναὸς</span> <span class='ocrx_word' id='word_1_190' title='bbox 914 2479 1347 2538; x_wconf 85' lang='grc' dir='ltr'>κατεσκεύαστο,</span> <span class='ocrx_word' id='word_1_191' title='bbox 1406 2467 1640 2533; x_wconf 77' lang='grc' dir='ltr'>ἄκουσον</span> <span class='ocrx_word' id='word_1_192' title='bbox 1679 2480 1732 2532; x_wconf 90' lang='grc' dir='ltr'>τί</span> <span class='ocrx_word' id='word_1_193' title='bbox 1783 2497 1948 2551; x_wconf 88' lang='grc' dir='ltr'>φησιν</span> <span class='ocrx_word' id='word_1_194' title='bbox 1982 2481 2010 2531; x_wconf 91' lang='lat'>6</span> 
     </span>
    </p>
   </div>
   <div class='ocr_carea' id='block_1_27' title="bbox 422 2561 2011 2635">
    <p class='ocr_par' dir='ltr' id='par_1_27' title="bbox 422 2561 2011 2635">
     <span class='ocr_line' id='line_1_27' title="bbox 422 2561 2011 2635; baseline 0.002 -21"><span class='ocrx_word' id='word_1_195' title='bbox 422 2563 632 2626; x_wconf 81' lang='grc' dir='ltr'>Παῦλος</span> <span class='ocrx_word' id='word_1_196' title='bbox 660 2604 672 2622; x_wconf 94' lang='grc'>,</span> <span class='ocrx_word' id='word_1_197' title='bbox 724 2563 857 2632; x_wconf 76' lang='grc' dir='ltr'>περὶ</span> <span class='ocrx_word' id='word_1_198' title='bbox 911 2561 1003 2614; x_wconf 88' lang='grc' dir='ltr'>τοῦ</span> <span class='ocrx_word' id='word_1_199' title='bbox 1041 2561 1278 2632; x_wconf 78' lang='grc' dir='ltr'>Χριστοῦ</span> <span class='ocrx_word' id='word_1_200' title='bbox 1320 2564 1493 2631; x_wconf 90' lang='grc' dir='ltr'>λέγων</span> <span class='ocrx_word' id='word_1_201' title='bbox 1534 2565 1614 2628; x_wconf 90' lang='grc' dir='ltr'>είς</span> <span class='ocrx_word' id='word_1_202' title='bbox 1652 2564 1744 2617; x_wconf 82' lang='grc' dir='ltr'>τὸν</span> <span class='ocrx_word' id='word_1_203' title='bbox 1779 2563 2011 2635; x_wconf 80' lang='grc' dir='ltr'>οὐρανὸν</span> 
     </span>
    </p>
   </div>
   <div class='ocr_carea' id='block_1_28' title="bbox 371 2643 2013 2719">
    <p class='ocr_par' dir='ltr' id='par_1_28' title="bbox 371 2643 2013 2719">
     <span class='ocr_line' id='line_1_28' title="bbox 371 2643 2013 2719; baseline 0.001 -19"><span class='ocrx_word' id='word_1_204' title='bbox 371 2643 384 2660; x_wconf 70' lang='grc'><strong><em>⁶</em></strong></span> <span class='ocrx_word' id='word_1_205' title='bbox 419 2648 739 2711; x_wconf 87' lang='grc' dir='ltr'>ἀναϐάντος·</span> <span class='ocrx_word' id='word_1_206' title='bbox 778 2649 861 2701; x_wconf 85' lang='grc' dir='ltr'>Οὐ</span> <span class='ocrx_word' id='word_1_207' title='bbox 884 2649 993 2716; x_wconf 75' lang='grc' dir='ltr'>γὰρ</span> <span class='ocrx_word' id='word_1_208' title='bbox 1025 2650 1113 2712; x_wconf 80' lang='grc' dir='ltr'>εἰς</span> <span class='ocrx_word' id='word_1_209' title='bbox 1137 2650 1523 2716; x_wconf 78' lang='grc' dir='ltr'>χειροποίητα</span> <span class='ocrx_word' id='word_1_210' title='bbox 1555 2649 1695 2719; x_wconf 77' lang='grc' dir='ltr'>ἅγια</span> <span class='ocrx_word' id='word_1_211' title='bbox 1723 2647 2013 2716; x_wconf 79' lang='grc' dir='ltr'>εἰσῆλθεν</span> 
     </span>
    </p>
   </div>
   <div class='ocr_carea' id='block_1_29' title="bbox 421 2732 2012 2801">
    <p class='ocr_par' dir='ltr' id='par_1_29' title="bbox 421 2732 2012 2801">
     <span class='ocr_line' id='line_1_29' title="bbox 421 2732 2012 2801; baseline 0 -15"><span class='ocrx_word' id='word_1_212' title='bbox 421 2735 455 2786; x_wconf 88' lang='grc' dir='ltr'>ό</span> <span class='ocrx_word' id='word_1_213' title='bbox 480 2732 757 2800; x_wconf 81' lang='grc' dir='ltr'>Χριστὸς,</span> <span class='ocrx_word' id='word_1_214' title='bbox 789 2733 1090 2786; x_wconf 80' lang='grc' dir='ltr'>ἀντίτυπα</span> <span class='ocrx_word' id='word_1_215' title='bbox 1140 2733 1260 2786; x_wconf 86' lang='grc' dir='ltr'>τῶν</span> <span class='ocrx_word' id='word_1_216' title='bbox 1307 2732 1614 2801; x_wconf 72' lang='grc' dir='ltr'>ἀληθινῶν</span> <span class='ocrx_word' id='word_1_217' title='bbox 1635 2750 1646 2763; x_wconf 93' lang='grc'>·</span> <span class='ocrx_word' id='word_1_218' title='bbox 1679 2733 1895 2795; x_wconf 78' lang='grc' dir='ltr'>δεικνὺς</span> <span class='ocrx_word' id='word_1_219' title='bbox 1927 2735 2012 2786; x_wconf 82' lang='grc' dir='ltr'>ὅτι</span> 
     </span>
    </p>
   </div>
   <div class='ocr_carea' id='block_1_30' title="bbox 419 2815 2014 2889">
    <p class='ocr_par' dir='ltr' id='par_1_30' title="bbox 419 2815 2014 2889">
     <span class='ocr_line' id='line_1_30' title="bbox 419 2815 2014 2889; baseline -0.001 -18"><span class='ocrx_word' id='word_1_220' title='bbox 419 2818 488 2871; x_wconf 73' lang='grc' dir='ltr'>τὰ</span> <span class='ocrx_word' id='word_1_221' title='bbox 518 2818 754 2872; x_wconf 88' lang='grc' dir='ltr'>ἐνταῦθα</span> <span class='ocrx_word' id='word_1_222' title='bbox 781 2819 1050 2872; x_wconf 83' lang='grc' dir='ltr'>ἀντίτυπα</span> <span class='ocrx_word' id='word_1_223' title='bbox 1075 2815 1141 2889; x_wconf 81' lang='grc' dir='ltr'>ἦν</span> <span class='ocrx_word' id='word_1_224' title='bbox 1166 2818 1280 2870; x_wconf 83' lang='grc' dir='ltr'>τῶν</span> <span class='ocrx_word' id='word_1_225' title='bbox 1307 2816 1331 2853; x_wconf 77' lang='lat' dir='ltr'>b</span> <span class='ocrx_word' id='word_1_226' title='bbox 1365 2817 1658 2889; x_wconf 84' lang='grc' dir='ltr'>ἀληθινῶν.</span> <span class='ocrx_word' id='word_1_227' title='bbox 1679 2819 1804 2872; x_wconf 81' lang='grc' dir='ltr'>Ὅτι</span> <span class='ocrx_word' id='word_1_228' title='bbox 1832 2818 1889 2870; x_wconf 83' lang='grc' dir='ltr'>δὲ</span> <span class='ocrx_word' id='word_1_229' title='bbox 1919 2818 2014 2871; x_wconf 84' lang='grc' dir='ltr'>καὶ</span> 
     </span>
    </p>
   </div>
   <div class='ocr_carea' id='block_1_31' title="bbox 420 2900 2014 2972">
    <p class='ocr_par' dir='ltr' id='par_1_31' title="bbox 420 2900 2014 2972">
     <span class='ocr_line' id='line_1_31' title="bbox 420 2900 2014 2972; baseline -0.001 -16"><span class='ocrx_word' id='word_1_230' title='bbox 420 2903 482 2956; x_wconf 81' lang='grc' dir='ltr'>τὸ</span> <span class='ocrx_word' id='word_1_231' title='bbox 515 2902 915 2972; x_wconf 79' lang='grc' dir='ltr'>καταπέτασμα</span> <span class='ocrx_word' id='word_1_232' title='bbox 939 2902 1144 2972; x_wconf 75' lang='grc' dir='ltr'>διεῖργε</span> <span class='ocrx_word' id='word_1_233' title='bbox 1166 2900 1235 2953; x_wconf 76' lang='grc' dir='ltr'>τὰ</span> <span class='ocrx_word' id='word_1_234' title='bbox 1255 2903 1423 2970; x_wconf 70' lang='grc' dir='ltr'>’Ἅγια</span> <span class='ocrx_word' id='word_1_235' title='bbox 1446 2901 1555 2954; x_wconf 82' lang='grc' dir='ltr'>τῶν</span> <span class='ocrx_word' id='word_1_236' title='bbox 1576 2901 1746 2969; x_wconf 84' lang='grc' dir='ltr'>ἁγίων</span> <span class='ocrx_word' id='word_1_237' title='bbox 1771 2901 1880 2955; x_wconf 85' lang='grc' dir='ltr'>ἀπὸ</span> <span class='ocrx_word' id='word_1_238' title='bbox 1903 2900 2014 2954; x_wconf 84' lang='grc' dir='ltr'>τῶν</span> 
     </span>
    </p>
   </div>
   <div class='ocr_carea' id='block_1_32' title="bbox 423 2982 2015 3058">
    <p class='ocr_par' dir='ltr' id='par_1_32' title="bbox 423 2982 2015 3058">
     <span class='ocr_line' id='line_1_32' title="bbox 423 2982 2015 3058; baseline 0 -20"><span class='ocrx_word' id='word_1_239' title='bbox 423 2986 596 3054; x_wconf 85' lang='grc' dir='ltr'>ἁγίων</span> <span class='ocrx_word' id='word_1_240' title='bbox 626 2985 734 3038; x_wconf 82' lang='grc' dir='ltr'>τῶν</span> <span class='ocrx_word' id='word_1_241' title='bbox 762 2984 888 3050; x_wconf 79' lang='grc' dir='ltr'>ἔξω,</span> <span class='ocrx_word' id='word_1_242' title='bbox 938 2985 1192 3057; x_wconf 88' lang='grc' dir='ltr'>καθάπερ</span> <span class='ocrx_word' id='word_1_243' title='bbox 1245 2982 1398 3049; x_wconf 73' lang='grc' dir='ltr'>οὗτος</span> <span class='ocrx_word' id='word_1_244' title='bbox 1435 2988 1463 3038; x_wconf 97' lang='lat'>6</span> <span class='ocrx_word' id='word_1_245' title='bbox 1517 2986 1746 3057; x_wconf 78' lang='grc' dir='ltr'>οὐρανὸς</span> <span class='ocrx_word' id='word_1_246' title='bbox 1774 2984 1845 3038; x_wconf 79' lang='grc' dir='ltr'>τὰ</span> <span class='ocrx_word' id='word_1_247' title='bbox 1874 2986 2015 3058; x_wconf 82' lang='grc' dir='ltr'>ὑπὲρ</span> 
     </span>
    </p>
   </div>
   <div class='ocr_carea' id='block_1_33' title="bbox 421 3067 2012 3139">
    <p class='ocr_par' dir='ltr' id='par_1_33' title="bbox 421 3067 2012 3139">
     <span class='ocr_line' id='line_1_33' title="bbox 421 3067 2012 3139; baseline 0 -17"><span class='ocrx_word' id='word_1_248' title='bbox 421 3068 585 3122; x_wconf 77' lang='grc' dir='ltr'>αὑτὸν</span> <span class='ocrx_word' id='word_1_249' title='bbox 614 3067 951 3138; x_wconf 76' lang='grc' dir='ltr'>ἀποτειχίζει</span> <span class='ocrx_word' id='word_1_250' title='bbox 994 3067 1198 3121; x_wconf 85' lang='grc' dir='ltr'>τούτων</span> <span class='ocrx_word' id='word_1_251' title='bbox 1244 3068 1350 3122; x_wconf 80' lang='grc' dir='ltr'>τῶν</span> <span class='ocrx_word' id='word_1_252' title='bbox 1387 3067 1512 3122; x_wconf 77' lang='grc' dir='ltr'>καθ’</span> <span class='ocrx_word' id='word_1_253' title='bbox 1545 3069 1694 3139; x_wconf 84' lang='grc' dir='ltr'>ἡμᾶς</span> <span class='ocrx_word' id='word_1_254' title='bbox 1724 3069 2012 3135; x_wconf 86' lang='grc' dir='ltr'>ἁπάντων,</span> 
     </span>
    </p>
   </div>
   <div class='ocr_carea' id='block_1_34' title="bbox 422 3151 2018 3224">
    <p class='ocr_par' dir='ltr' id='par_1_34' title="bbox 422 3151 2018 3224">
     <span class='ocr_line' id='line_1_34' title="bbox 422 3151 2018 3224; baseline -0.003 -16"><span class='ocrx_word' id='word_1_255' title='bbox 422 3155 657 3208; x_wconf 79' lang='grc' dir='ltr'>ἄκουσον</span> <span class='ocrx_word' id='word_1_256' title='bbox 688 3153 804 3214; x_wconf 81' lang='grc' dir='ltr'>πῶς</span> <span class='ocrx_word' id='word_1_257' title='bbox 845 3152 941 3206; x_wconf 81' lang='grc' dir='ltr'>καί.</span> <span class='ocrx_word' id='word_1_258' title='bbox 978 3151 1139 3204; x_wconf 87' lang='grc' dir='ltr'>τοῦτο</span> <span class='ocrx_word' id='word_1_259' title='bbox 1161 3151 1410 3224; x_wconf 78' lang='grc' dir='ltr'>ᾐνίξατο,</span> <span class='ocrx_word' id='word_1_260' title='bbox 1453 3151 1546 3206; x_wconf 77' lang='grc' dir='ltr'>τὸν</span> <span class='ocrx_word' id='word_1_261' title='bbox 1579 3151 1808 3223; x_wconf 79' lang='grc' dir='ltr'>οὐρανὸν</span> <span class='ocrx_word' id='word_1_262' title='bbox 1846 3169 2018 3205; x_wconf 90' lang='grc' dir='ltr'>κατα-</span> 
     </span>
    </p>
   </div>
   <div class='ocr_carea' id='block_1_35' title="bbox 425 3235 2016 3308">
    <p class='ocr_par' dir='ltr' id='par_1_35' title="bbox 425 3235 2016 3308">
     <span class='ocr_line' id='line_1_35' title="bbox 425 3235 2016 3308; baseline -0.001 -19"><span class='ocrx_word' id='word_1_263' title='bbox 425 3236 684 3306; x_wconf 88' lang='grc' dir='ltr'>πέτασμα</span> <span class='ocrx_word' id='word_1_264' title='bbox 719 3235 978 3298; x_wconf 87' lang='grc' dir='ltr'>καλέσας.</span> <span class='ocrx_word' id='word_1_265' title='bbox 1008 3236 1148 3308; x_wconf 72' lang='grc' dir='ltr'>Περὶ</span> <span class='ocrx_word' id='word_1_266' title='bbox 1179 3235 1288 3306; x_wconf 84' lang='grc' dir='ltr'>γάρ</span> <span class='ocrx_word' id='word_1_267' title='bbox 1322 3237 1419 3307; x_wconf 81' lang='grc' dir='ltr'>τῆς</span> <span class='ocrx_word' id='word_1_268' title='bbox 1454 3236 1671 3297; x_wconf 83' lang='grc' dir='ltr'>ἐλπίδος</span> <span class='ocrx_word' id='word_1_269' title='bbox 1704 3236 1900 3304; x_wconf 81' lang='grc' dir='ltr'>λέγων,</span> <span class='ocrx_word' id='word_1_270' title='bbox 1934 3236 2016 3289; x_wconf 80' lang='grc' dir='ltr'>ὅτι</span> 
     </span>
    </p>
   </div>
   <div class='ocr_carea' id='block_1_36' title="bbox 425 3319 2019 3391">
    <p class='ocr_par' dir='ltr' id='par_1_36' title="bbox 425 3319 2019 3391">
     <span class='ocr_line' id='line_1_36' title="bbox 425 3319 2019 3391; baseline 0.001 -20"><span class='ocrx_word' id='word_1_271' title='bbox 425 3320 501 3382; x_wconf 88' lang='grc' dir='ltr'>ώς</span> <span class='ocrx_word' id='word_1_272' title='bbox 530 3320 779 3390; x_wconf 85' lang='grc' dir='ltr'>ἄγκυραν</span> <span class='ocrx_word' id='word_1_273' title='bbox 808 3320 976 3390; x_wconf 75' lang='grc' dir='ltr'>αὐτὴν</span> <span class='ocrx_word' id='word_1_274' title='bbox 1008 3319 1205 3390; x_wconf 78' lang='grc' dir='ltr'>ἔχομεν</span> <span class='ocrx_word' id='word_1_275' title='bbox 1243 3320 1340 3388; x_wconf 83' lang='grc' dir='ltr'>τῆς</span> <span class='ocrx_word' id='word_1_276' title='bbox 1361 3320 1543 3390; x_wconf 72' lang='grc' dir='ltr'>ψυχῆς</span> <span class='ocrx_word' id='word_1_277' title='bbox 1581 3321 1798 3391; x_wconf 77' lang='grc' dir='ltr'>ἀσφαλῆ</span> <span class='ocrx_word' id='word_1_278' title='bbox 1840 3335 1898 3373; x_wconf 87' lang='grc' dir='ltr'>τε</span> <span class='ocrx_word' id='word_1_279' title='bbox 1923 3321 2019 3372; x_wconf 77' lang='grc' dir='ltr'>καὶ</span> 
     </span>
    </p>
   </div>
   <div class='ocr_carea' id='block_1_37' title="bbox 429 3400 2020 3474">
    <p class='ocr_par' dir='ltr' id='par_1_37' title="bbox 429 3400 2020 3474">
     <span class='ocr_line' id='line_1_37' title="bbox 429 3400 2020 3474; baseline -0.001 -18"><span class='ocrx_word' id='word_1_280' title='bbox 429 3401 675 3468; x_wconf 81' lang='grc' dir='ltr'>βεϐαίαν,</span> <span class='ocrx_word' id='word_1_281' title='bbox 704 3405 975 3474; x_wconf 83' lang='grc' dir='ltr'>ἐπήγαγε·</span> <span class='ocrx_word' id='word_1_282' title='bbox 1005 3401 1115 3454; x_wconf 79' lang='grc' dir='ltr'>Καὶ</span> <span class='ocrx_word' id='word_1_283' title='bbox 1143 3401 1578 3471; x_wconf 78' lang='grc' dir='ltr'>εἰσερχομένην</span> <span class='ocrx_word' id='word_1_284' title='bbox 1609 3405 1692 3468; x_wconf 82' lang='grc' dir='ltr'>είς</span> <span class='ocrx_word' id='word_1_285' title='bbox 1721 3403 1788 3456; x_wconf 82' lang='grc' dir='ltr'>τὸ</span> <span class='ocrx_word' id='word_1_286' title='bbox 1806 3400 2020 3455; x_wconf 80' lang='grc' dir='ltr'>ἐσώτε-</span> 
     </span>
    </p>
   </div>
   <div class='ocr_carea' id='block_1_38' title="bbox 426 3484 2019 3555">
    <p class='ocr_par' dir='ltr' id='par_1_38' title="bbox 426 3484 2019 3555">
     <span class='ocr_line' id='line_1_38' title="bbox 426 3484 2019 3555; baseline 0 -17"><span class='ocrx_word' id='word_1_287' title='bbox 426 3503 536 3554; x_wconf 71' lang='grc' dir='ltr'>ρτν</span> <span class='ocrx_word' id='word_1_288' title='bbox 568 3487 675 3552; x_wconf 83' lang='grc' dir='ltr'>τοῦ</span> <span class='ocrx_word' id='word_1_289' title='bbox 700 3484 1256 3554; x_wconf 83' lang='grc' dir='ltr'>καταπετάσματος,</span> <span class='ocrx_word' id='word_1_290' title='bbox 1301 3485 1455 3539; x_wconf 83' lang='grc' dir='ltr'>ὅπου</span> <span class='ocrx_word' id='word_1_291' title='bbox 1497 3485 1834 3555; x_wconf 80' lang='grc' dir='ltr'>πρόδρομος</span> <span class='ocrx_word' id='word_1_292' title='bbox 1864 3485 2019 3554; x_wconf 85' lang='grc' dir='ltr'>ὑπὲρ</span> 
     </span>
    </p>
   </div>
   <div class='ocr_carea' id='block_1_39' title="bbox 431 3567 2017 3639">
    <p class='ocr_par' dir='ltr' id='par_1_39' title="bbox 431 3567 2017 3639">
     <span class='ocr_line' id='line_1_39' title="bbox 431 3567 2017 3639; baseline 0.003 -18"><span class='ocrx_word' id='word_1_293' title='bbox 431 3568 598 3639; x_wconf 74' lang='grc' dir='ltr'>ἡμῶν</span> <span class='ocrx_word' id='word_1_294' title='bbox 625 3569 916 3637; x_wconf 79' lang='grc' dir='ltr'>εἰσῆλθεν</span> <span class='ocrx_word' id='word_1_295' title='bbox 949 3569 1192 3636; x_wconf 83' lang='grc' dir='ltr'>Ἰησοῦς</span> <span class='ocrx_word' id='word_1_296' title='bbox 1213 3581 1260 3634; x_wconf 63' lang='grc' dir='ltr'>ε,</span> <span class='ocrx_word' id='word_1_297' title='bbox 1280 3567 1434 3636; x_wconf 83' lang='grc' dir='ltr'>ὑπὲρ</span> <span class='ocrx_word' id='word_1_298' title='bbox 1461 3569 1569 3622; x_wconf 83' lang='grc' dir='ltr'>τὸν</span> <span class='ocrx_word' id='word_1_299' title='bbox 1590 3569 1854 3637; x_wconf 78' lang='grc' dir='ltr'>οὐρανὸν</span> <span class='ocrx_word' id='word_1_300' title='bbox 1873 3569 2017 3627; x_wconf 86' lang='grc' dir='ltr'>ἅνω.</span> 
     </span>
    </p>
   </div>
   <div class='ocr_carea' id='block_1_40' title="bbox 441 3653 2018 3725">
    <p class='ocr_par' dir='ltr' id='par_1_40' title="bbox 441 3653 2018 3725">
     <span class='ocr_line' id='line_1_40' title="bbox 441 3653 2018 3725; baseline -0.001 -15"><span class='ocrx_word' id='word_1_301' title='bbox 441 3657 603 3725; x_wconf 78' lang='grc' dir='ltr'>Ὁρᾷς</span> <span class='ocrx_word' id='word_1_302' title='bbox 662 3655 780 3718; x_wconf 83' lang='grc' dir='ltr'>πῶς</span> <span class='ocrx_word' id='word_1_303' title='bbox 829 3653 1235 3724; x_wconf 89' lang='grc' dir='ltr'>καταπέτασμα</span> <span class='ocrx_word' id='word_1_304' title='bbox 1290 3654 1381 3708; x_wconf 87' lang='grc' dir='ltr'>τὸν</span> <span class='ocrx_word' id='word_1_305' title='bbox 1437 3653 1668 3725; x_wconf 83' lang='grc' dir='ltr'>οὐρανὸν</span> <span class='ocrx_word' id='word_1_306' title='bbox 1729 3654 2018 3720; x_wconf 84' lang='grc' dir='ltr'>ἐκάλεσεν;</span> 
     </span>
    </p>
   </div>
   <div class='ocr_carea' id='block_1_41' title="bbox 433 3732 2022 3809">
    <p class='ocr_par' dir='ltr' id='par_1_41' title="bbox 433 3732 2022 3809">
     <span class='ocr_line' id='line_1_41' title="bbox 433 3732 2022 3809; baseline -0.001 -17"><span class='ocrx_word' id='word_1_307' title='bbox 433 3739 581 3804; x_wconf 80' lang='grc' dir='ltr'>Ἐξω</span> <span class='ocrx_word' id='word_1_308' title='bbox 615 3739 714 3809; x_wconf 80' lang='grc' dir='ltr'>μὲν</span> <span class='ocrx_word' id='word_1_309' title='bbox 733 3735 828 3792; x_wconf 81' lang='grc' dir='ltr'>οὖν</span> <span class='ocrx_word' id='word_1_310' title='bbox 859 3737 954 3791; x_wconf 90' lang='grc' dir='ltr'>τοῦ</span> <span class='ocrx_word' id='word_1_311' title='bbox 991 3736 1489 3807; x_wconf 83' lang='grc' dir='ltr'>καταπετάσματος</span> <span class='ocrx_word' id='word_1_312' title='bbox 1521 3732 1591 3806; x_wconf 81' lang='grc' dir='ltr'>ἦν</span> <span class='ocrx_word' id='word_1_313' title='bbox 1618 3739 1651 3808; x_wconf 83' lang='grc' dir='ltr'>ἡ</span> <span class='ocrx_word' id='word_1_314' title='bbox 1675 3736 1892 3808; x_wconf 84' lang='grc' dir='ltr'>λυχνία,</span> <span class='ocrx_word' id='word_1_315' title='bbox 1926 3739 2022 3793; x_wconf 78' lang='grc' dir='ltr'>καὶ</span> 
     </span>
    </p>
   </div>
   <div class='ocr_carea' id='block_1_42' title="bbox 429 3819 2021 3895">
    <p class='ocr_par' dir='ltr' id='par_1_42' title="bbox 429 3819 2021 3895">
     <span class='ocr_line' id='line_1_42' title="bbox 429 3819 2021 3895; baseline -0.001 -19"><span class='ocrx_word' id='word_1_316' title='bbox 429 3826 462 3894; x_wconf 87' lang='grc' dir='ltr'><strong>ἠ</strong></span> <span class='ocrx_word' id='word_1_317' title='bbox 494 3820 763 3895; x_wconf 81' lang='grc' dir='ltr'>τράπεζα,</span> <span class='ocrx_word' id='word_1_318' title='bbox 812 3823 906 3875; x_wconf 75' lang='grc' dir='ltr'>καί</span> <span class='ocrx_word' id='word_1_319' title='bbox 934 3821 1116 3892; x_wconf 80' lang='grc' dir='ltr'>βωμὸς</span> <span class='ocrx_word' id='word_1_320' title='bbox 1148 3820 1407 3892; x_wconf 84' lang='grc' dir='ltr'>χαλκοῦς,</span> <span class='ocrx_word' id='word_1_321' title='bbox 1439 3819 1539 3883; x_wconf 84' lang='grc' dir='ltr'>τάς</span> <span class='ocrx_word' id='word_1_322' title='bbox 1573 3819 1762 3885; x_wconf 89' lang='grc' dir='ltr'>θυσίας</span> <span class='ocrx_word' id='word_1_323' title='bbox 1793 3821 2021 3894; x_wconf 86' lang='grc' dir='ltr'>δεχόμε-</span> 
     </span>
    </p>
   </div>
   <div class='ocr_carea' id='block_1_43' title="bbox 431 3903 2024 3976">
    <p class='ocr_par' dir='ltr' id='par_1_43' title="bbox 431 3903 2024 3976">
     <span class='ocr_line' id='line_1_43' title="bbox 431 3903 2024 3976; baseline -0.001 -16"><span class='ocrx_word' id='word_1_324' title='bbox 431 3925 519 3970; x_wconf 87' lang='grc' dir='ltr'>νος</span> <span class='ocrx_word' id='word_1_325' title='bbox 552 3907 647 3960; x_wconf 80' lang='grc' dir='ltr'>καί</span> <span class='ocrx_word' id='word_1_326' title='bbox 679 3906 749 3960; x_wconf 85' lang='grc' dir='ltr'>τὰ</span> <span class='ocrx_word' id='word_1_327' title='bbox 776 3904 1222 3976; x_wconf 84' lang='grc' dir='ltr'>ὁλοκαυτώματα·</span> <span class='ocrx_word' id='word_1_328' title='bbox 1253 3903 1362 3957; x_wconf 79' lang='grc' dir='ltr'>έσω</span> <span class='ocrx_word' id='word_1_329' title='bbox 1385 3903 1442 3958; x_wconf 87' lang='grc' dir='ltr'>δὲ</span> <span class='ocrx_word' id='word_1_330' title='bbox 1469 3903 1564 3958; x_wconf 91' lang='grc' dir='ltr'>τοῦ</span> <span class='ocrx_word' id='word_1_331' title='bbox 1596 3905 2024 3976; x_wconf 89' lang='grc' dir='ltr'>καταπετάσμα-</span> 
     </span>
    </p>
   </div>
   <div class='ocr_carea' id='block_1_44' title="bbox 429 3985 2020 4064">
    <p class='ocr_par' dir='ltr' id='par_1_44' title="bbox 429 3985 2020 4064">
     <span class='ocr_line' id='line_1_44' title="bbox 429 3985 2020 4064; baseline -0.001 -19"><span class='ocrx_word' id='word_1_332' title='bbox 429 4010 523 4057; x_wconf 85' lang='grc' dir='ltr'>τος</span> <span class='ocrx_word' id='word_1_333' title='bbox 553 3995 586 4064; x_wconf 88' lang='grc' dir='ltr'>ή</span> <span class='ocrx_word' id='word_1_334' title='bbox 610 3992 864 4055; x_wconf 83' lang='grc' dir='ltr'>κιϐωτὸς,</span> <span class='ocrx_word' id='word_1_335' title='bbox 883 3990 1410 4062; x_wconf 86' lang='grc' dir='ltr'>περικεκαλυμμένη</span> <span class='ocrx_word' id='word_1_336' title='bbox 1439 3985 1468 4027; x_wconf 67' lang='grc' dir='ltr'>ἀ</span> <span class='ocrx_word' id='word_1_337' title='bbox 1499 3989 1765 4044; x_wconf 89' lang='grc' dir='ltr'>πάντοθεν</span> <span class='ocrx_word' id='word_1_338' title='bbox 1789 3992 2020 4062; x_wconf 83' lang='grc' dir='ltr'>χρυσίῳ,</span> 
     </span>
    </p>
   </div>
   <div class='ocr_carea' id='block_1_45' title="bbox 429 4073 2024 4146">
    <p class='ocr_par' dir='ltr' id='par_1_45' title="bbox 429 4073 2024 4146">
     <span class='ocr_line' id='line_1_45' title="bbox 429 4073 2024 4146; baseline -0.001 -16"><span class='ocrx_word' id='word_1_339' title='bbox 429 4077 530 4140; x_wconf 82' lang='grc' dir='ltr'>τὰς</span> <span class='ocrx_word' id='word_1_340' title='bbox 576 4077 788 4139; x_wconf 87' lang='grc' dir='ltr'>πλάκας</span> <span class='ocrx_word' id='word_1_341' title='bbox 834 4077 1031 4145; x_wconf 80' lang='grc' dir='ltr'>ἔχουσα</span> <span class='ocrx_word' id='word_1_342' title='bbox 1085 4075 1186 4146; x_wconf 87' lang='grc' dir='ltr'>τῆς</span> <span class='ocrx_word' id='word_1_343' title='bbox 1242 4073 1544 4146; x_wconf 87' lang='grc' dir='ltr'>διαθήκης,</span> <span class='ocrx_word' id='word_1_344' title='bbox 1593 4075 1687 4128; x_wconf 73' lang='grc' dir='ltr'>καὶ</span> <span class='ocrx_word' id='word_1_345' title='bbox 1725 4074 1825 4145; x_wconf 81' lang='grc' dir='ltr'>τήν</span> <span class='ocrx_word' id='word_1_346' title='bbox 1897 4074 2024 4128; x_wconf 86' lang='grc' dir='ltr'>στά-</span> 
     </span>
    </p>
   </div>
   <div class='ocr_carea' id='block_1_46' title="bbox 436 4157 2025 4231">
    <p class='ocr_par' dir='ltr' id='par_1_46' title="bbox 436 4157 2025 4231">
     <span class='ocr_line' id='line_1_46' title="bbox 436 4157 2025 4231; baseline -0.001 -19"><span class='ocrx_word' id='word_1_347' title='bbox 436 4177 566 4231; x_wconf 91' lang='grc' dir='ltr'>μνον</span> <span class='ocrx_word' id='word_1_348' title='bbox 618 4159 715 4230; x_wconf 84' lang='grc' dir='ltr'>τὴν</span> <span class='ocrx_word' id='word_1_349' title='bbox 762 4159 998 4230; x_wconf 80' lang='grc' dir='ltr'>χρυσῆν,</span> <span class='ocrx_word' id='word_1_350' title='bbox 1035 4157 1129 4211; x_wconf 75' lang='grc' dir='ltr'>καὶ</span> <span class='ocrx_word' id='word_1_351' title='bbox 1159 4158 1258 4228; x_wconf 78' lang='grc' dir='ltr'>τὴν</span> <span class='ocrx_word' id='word_1_352' title='bbox 1301 4158 1496 4228; x_wconf 76' lang='grc' dir='ltr'>ῥάϐδον</span> <span class='ocrx_word' id='word_1_353' title='bbox 1540 4158 1747 4229; x_wconf 89' lang='grc' dir='ltr'>Ἀαρὼν</span> <span class='ocrx_word' id='word_1_354' title='bbox 1771 4157 1869 4229; x_wconf 80' lang='grc' dir='ltr'>τὴν</span> <span class='ocrx_word' id='word_1_355' title='bbox 1898 4157 2025 4229; x_wconf 76' lang='grc' dir='ltr'>βλασ</span> 
     </span>
    </p>
   </div>
   <div class='ocr_carea' id='block_1_47' title="bbox 436 4241 2025 4315">
    <p class='ocr_par' dir='ltr' id='par_1_47' title="bbox 436 4241 2025 4315">
     <span class='ocr_line' id='line_1_47' title="bbox 436 4241 2025 4315; baseline -0.001 -19"><span class='ocrx_word' id='word_1_356' title='bbox 436 4245 734 4315; x_wconf 87' lang='grc' dir='ltr'>στήσασαν,</span> <span class='ocrx_word' id='word_1_357' title='bbox 801 4242 892 4295; x_wconf 79' lang='grc' dir='ltr'>καὶ</span> <span class='ocrx_word' id='word_1_358' title='bbox 961 4241 1141 4311; x_wconf 77' lang='grc' dir='ltr'>βωμὸν</span> <span class='ocrx_word' id='word_1_359' title='bbox 1196 4241 1454 4312; x_wconf 86' lang='grc' dir='ltr'>χρυσοῦν,</span> <span class='ocrx_word' id='word_1_360' title='bbox 1517 4242 1638 4312; x_wconf 76' lang='grc' dir='ltr'>οὐχὶ</span> <span class='ocrx_word' id='word_1_361' title='bbox 1672 4241 1872 4296; x_wconf 87' lang='grc' dir='ltr'>θυσιῶν</span> <span class='ocrx_word' id='word_1_362' title='bbox 1903 4242 2025 4295; x_wconf 82' lang='grc' dir='ltr'>οὐδὲ</span> 
     </span>
    </p>
   </div>
   <div class='ocr_carea' id='block_1_48' title="bbox 433 4324 2026 4397">
    <p class='ocr_par' dir='ltr' id='par_1_48' title="bbox 433 4324 2026 4397">
     <span class='ocr_line' id='line_1_48' title="bbox 433 4324 2026 4397; baseline -0.002 -17"><span class='ocrx_word' id='word_1_363' title='bbox 433 4325 924 4397; x_wconf 81' lang='grc' dir='ltr'>ὁλοκαυτωμάτων,</span> <span class='ocrx_word' id='word_1_364' title='bbox 945 4325 1080 4379; x_wconf 89' lang='grc' dir='ltr'>ἀλλά</span> <span class='ocrx_word' id='word_1_365' title='bbox 1107 4324 1449 4395; x_wconf 85' lang='grc' dir='ltr'>θυμιάματος</span> <span class='ocrx_word' id='word_1_366' title='bbox 1479 4325 1660 4394; x_wconf 82' lang='grc' dir='ltr'>μόνου.</span> <span class='ocrx_word' id='word_1_367' title='bbox 1698 4325 1806 4377; x_wconf 90' lang='lat' dir='ltr'>Kal</span> <span class='ocrx_word' id='word_1_368' title='bbox 1827 4325 1896 4379; x_wconf 85' lang='grc' dir='ltr'>τὰ</span> <span class='ocrx_word' id='word_1_369' title='bbox 1929 4326 2026 4391; x_wconf 74' lang='grc' dir='ltr'>μὲν</span> 
     </span>
    </p>
   </div>
   <div class='ocr_carea' id='block_1_49' title="bbox 436 4409 2024 4482">
    <p class='ocr_par' dir='ltr' id='par_1_49' title="bbox 436 4409 2024 4482">
     <span class='ocr_line' id='line_1_49' title="bbox 436 4409 2024 4482; baseline 0 -19"><span class='ocrx_word' id='word_1_370' title='bbox 436 4411 541 4476; x_wconf 78' lang='grc' dir='ltr'>ἔξω</span> <span class='ocrx_word' id='word_1_371' title='bbox 573 4413 764 4464; x_wconf 87' lang='grc' dir='ltr'>πατεῖν</span> <span class='ocrx_word' id='word_1_372' title='bbox 792 4411 958 4464; x_wconf 76' lang='grc' dir='ltr'>πᾶσιν</span> <span class='ocrx_word' id='word_1_373' title='bbox 1003 4412 1214 4479; x_wconf 80' lang='grc' dir='ltr'>ἐφεῖτο,</span> <span class='ocrx_word' id='word_1_374' title='bbox 1244 4409 1312 4463; x_wconf 74' lang='grc' dir='ltr'>τὰ</span> <span class='ocrx_word' id='word_1_375' title='bbox 1339 4410 1396 4462; x_wconf 81' lang='grc' dir='ltr'>δέ</span> <span class='ocrx_word' id='word_1_376' title='bbox 1427 4409 1574 4464; x_wconf 84' lang='grc' dir='ltr'>ἕνδον</span> <span class='ocrx_word' id='word_1_377' title='bbox 1604 4411 1749 4482; x_wconf 85' lang='grc' dir='ltr'>μόνῳ</span> <span class='ocrx_word' id='word_1_378' title='bbox 1773 4410 1851 4482; x_wconf 84' lang='grc' dir='ltr'>τῷ</span> <span class='ocrx_word' id='word_1_379' title='bbox 1884 4412 2024 4482; x_wconf 88' lang='grc' dir='ltr'>ἁρχ-</span> 
     </span>
    </p>
   </div>
   <div class='ocr_carea' id='block_1_50' title="bbox 438 4492 2028 4566">
    <p class='ocr_par' dir='ltr' id='par_1_50' title="bbox 438 4492 2028 4566">
     <span class='ocr_line' id='line_1_50' title="bbox 438 4492 2028 4566; baseline -0.003 -16"><span class='ocrx_word' id='word_1_380' title='bbox 438 4499 594 4566; x_wconf 87' lang='grc' dir='ltr'>ιερεῖ.</span> <span class='ocrx_word' id='word_1_381' title='bbox 639 4498 748 4549; x_wconf 84' lang='lat' dir='ltr'>Kal</span> <span class='ocrx_word' id='word_1_382' title='bbox 781 4495 988 4548; x_wconf 84' lang='grc' dir='ltr'>τούτων</span> <span class='ocrx_word' id='word_1_383' title='bbox 1027 4495 1083 4547; x_wconf 79' lang='grc' dir='ltr'>δὲ</span> <span class='ocrx_word' id='word_1_384' title='bbox 1132 4495 1311 4548; x_wconf 82' lang='grc' dir='ltr'>αὐτῶν</span> <span class='ocrx_word' id='word_1_385' title='bbox 1363 4495 1672 4565; x_wconf 85' lang='grc' dir='ltr'>μαρτυρίαν</span> <span class='ocrx_word' id='word_1_386' title='bbox 1719 4492 2028 4566; x_wconf 83' lang='grc' dir='ltr'>παρέξομαι</span> 
     </span>
    </p>
   </div>
   <div class='ocr_carea' id='block_1_51' title="bbox 437 4574 2030 4647">
    <p class='ocr_par' dir='ltr' id='par_1_51' title="bbox 437 4574 2030 4647">
     <span class='ocr_line' id='line_1_51' title="bbox 437 4574 2030 4647; baseline -0.001 -15"><span class='ocrx_word' id='word_1_387' title='bbox 437 4579 622 4640; x_wconf 87' lang='grc' dir='ltr'>πάλιν,</span> <span class='ocrx_word' id='word_1_388' title='bbox 658 4579 750 4633; x_wconf 89' lang='grc' dir='ltr'>τοῦ</span> <span class='ocrx_word' id='word_1_389' title='bbox 785 4580 999 4633; x_wconf 87' lang='grc' dir='ltr'>Παύλου</span> <span class='ocrx_word' id='word_1_390' title='bbox 1035 4578 1179 4632; x_wconf 74' lang='grc' dir='ltr'>οὕτω</span> <span class='ocrx_word' id='word_1_391' title='bbox 1237 4597 1352 4642; x_wconf 81' lang='grc' dir='ltr'>πως</span> <span class='ocrx_word' id='word_1_392' title='bbox 1401 4578 1653 4647; x_wconf 89' lang='grc' dir='ltr'>λέγοντος</span> <span class='ocrx_word' id='word_1_393' title='bbox 1678 4593 1690 4606; x_wconf 88' lang='grc'>·</span> <span class='ocrx_word' id='word_1_394' title='bbox 1745 4574 1890 4647; x_wconf 80' lang='grc' dir='ltr'>Εἶχε</span> <span class='ocrx_word' id='word_1_395' title='bbox 1913 4577 2030 4646; x_wconf 82' lang='grc' dir='ltr'>μὲν</span> 
     </span>
    </p>
   </div>
   <div class='ocr_carea' id='block_1_52' title="bbox 439 4660 2030 4734">
    <p class='ocr_par' dir='ltr' id='par_1_52' title="bbox 439 4660 2030 4734">
     <span class='ocr_line' id='line_1_52' title="bbox 439 4660 2030 4734; baseline -0.003 -15"><span class='ocrx_word' id='word_1_396' title='bbox 439 4660 553 4720; x_wconf 86' lang='grc' dir='ltr'>οὖν</span> <span class='ocrx_word' id='word_1_397' title='bbox 577 4667 617 4733; x_wconf 76' lang='grc' dir='ltr'>η</span> <span class='ocrx_word' id='word_1_398' title='bbox 652 4665 850 4733; x_wconf 83' lang='grc' dir='ltr'>πρώτη</span> <span class='ocrx_word' id='word_1_399' title='bbox 882 4665 1086 4734; x_wconf 78' lang='grc' dir='ltr'>σκηνὴ</span> <span class='ocrx_word' id='word_1_400' title='bbox 1123 4664 1484 4734; x_wconf 80' lang='grc' dir='ltr'>δικαιώματα</span> <span class='ocrx_word' id='word_1_401' title='bbox 1526 4664 1829 4731; x_wconf 78' lang='grc' dir='ltr'>λατρείας,</span> <span class='ocrx_word' id='word_1_402' title='bbox 1865 4663 1934 4715; x_wconf 90' lang='grc' dir='ltr'>τό</span> <span class='ocrx_word' id='word_1_403' title='bbox 1968 4679 2030 4715; x_wconf 85' lang='grc' dir='ltr'>τε</span> 
     </span>
    </p>
   </div>
   <div class='ocr_carea' id='block_1_53' title="bbox 440 4745 2032 4819">
    <p class='ocr_par' dir='ltr' id='par_1_53' title="bbox 440 4745 2032 4819">
     <span class='ocr_line' id='line_1_53' title="bbox 440 4745 2032 4819; baseline -0.003 -16"><span class='ocrx_word' id='word_1_404' title='bbox 440 4748 613 4817; x_wconf 80' lang='grc' dir='ltr'>ἅγιον</span> <span class='ocrx_word' id='word_1_405' title='bbox 645 4749 966 4819; x_wconf 82' lang='grc' dir='ltr'>κοσμικόν.</span> <span class='ocrx_word' id='word_1_406' title='bbox 995 4750 1186 4818; x_wconf 73' lang='grc' dir='ltr'>’Ἃγιον</span> <span class='ocrx_word' id='word_1_407' title='bbox 1220 4749 1275 4802; x_wconf 82' lang='grc' dir='ltr'>δέ</span> <span class='ocrx_word' id='word_1_408' title='bbox 1305 4748 1568 4819; x_wconf 86' lang='grc' dir='ltr'>κοσμικὺν</span> <span class='ocrx_word' id='word_1_409' title='bbox 1609 4747 1763 4802; x_wconf 89' lang='grc' dir='ltr'>καλεῖ</span> <span class='ocrx_word' id='word_1_410' title='bbox 1797 4747 1893 4819; x_wconf 78' lang='grc' dir='ltr'>τὴν</span> <span class='ocrx_word' id='word_1_411' title='bbox 1927 4745 2032 4811; x_wconf 80' lang='grc' dir='ltr'>ἔξω</span> 
     </span>
    </p>
   </div>
   <div class='ocr_carea' id='block_1_54' title="bbox 443 4828 2028 4904">
    <p class='ocr_par' dir='ltr' id='par_1_54' title="bbox 443 4828 2028 4904">
     <span class='ocr_line' id='line_1_54' title="bbox 443 4828 2028 4904; baseline -0.001 -20"><span class='ocrx_word' id='word_1_412' title='bbox 443 4831 670 4903; x_wconf 84' lang='grc' dir='ltr'>σκηνὴν,</span> <span class='ocrx_word' id='word_1_413' title='bbox 706 4831 897 4904; x_wconf 81' lang='grc' dir='ltr'>ἐπειδὴ</span> <span class='ocrx_word' id='word_1_414' title='bbox 935 4831 1012 4902; x_wconf 81' lang='grc' dir='ltr'>τῷ</span> <span class='ocrx_word' id='word_1_415' title='bbox 1050 4832 1242 4901; x_wconf 85' lang='grc' dir='ltr'>κόσμῳ</span> <span class='ocrx_word' id='word_1_416' title='bbox 1282 4834 1443 4885; x_wconf 81' lang='grc' dir='ltr'>παντὶ</span> <span class='ocrx_word' id='word_1_417' title='bbox 1475 4832 1704 4886; x_wconf 87' lang='grc' dir='ltr'>εἰσιέναι</span> <span class='ocrx_word' id='word_1_418' title='bbox 1754 4831 1911 4900; x_wconf 88' lang='grc' dir='ltr'>θέμις</span> <span class='ocrx_word' id='word_1_419' title='bbox 1940 4828 2028 4901; x_wconf 83' lang='grc' dir='ltr'>ἦν·</span> 
     </span>
    </p>
   </div>
   <div class='ocr_carea' id='block_1_55' title="bbox 454 4911 2033 4989">
    <p class='ocr_par' dir='ltr' id='par_1_55' title="bbox 454 4911 2033 4989">
     <span class='ocr_line' id='line_1_55' title="bbox 454 4911 2033 4989; baseline -0.003 -17"><span class='ocrx_word' id='word_1_420' title='bbox 454 4919 557 4972; x_wconf 87' lang='grc' dir='ltr'>Ἐν</span> <span class='ocrx_word' id='word_1_421' title='bbox 574 4911 614 4989; x_wconf 79' lang='grc' dir='ltr'><em>ᾖ</em></span> <span class='ocrx_word' id='word_1_422' title='bbox 639 4915 679 4984; x_wconf 81' lang='grc' dir='ltr'><em>ἢ</em></span> <span class='ocrx_word' id='word_1_423' title='bbox 707 4933 772 4970; x_wconf 87' lang='grc' dir='ltr'>τε</span> <span class='ocrx_word' id='word_1_424' title='bbox 799 4918 1026 4984; x_wconf 87' lang='grc' dir='ltr'>λυχνία</span> <span class='ocrx_word' id='word_1_425' title='bbox 1054 4918 1154 4971; x_wconf 77' lang='grc' dir='ltr'>καὶ</span> <span class='ocrx_word' id='word_1_426' title='bbox 1180 4919 1218 4986; x_wconf 77' lang='grc' dir='ltr'>η</span> <span class='ocrx_word' id='word_1_427' title='bbox 1245 4917 1498 4985; x_wconf 78' lang='grc' dir='ltr'>τράπεζα</span> <span class='ocrx_word' id='word_1_428' title='bbox 1530 4918 1630 4971; x_wconf 81' lang='grc' dir='ltr'>καὶ</span> <span class='ocrx_word' id='word_1_429' title='bbox 1663 4919 1701 4984; x_wconf 71' lang='grc' dir='ltr'>ἢ</span> <span class='ocrx_word' id='word_1_430' title='bbox 1746 4918 2033 4982; x_wconf 73' lang='grc' dir='ltr'>πρόθεσις</span> 
     </span>
    </p>
   </div>
   <div class='ocr_carea' id='block_1_56' title="bbox 440 4999 2033 5071">
    <p class='ocr_par' dir='ltr' id='par_1_56' title="bbox 440 4999 2033 5071">
     <span class='ocr_line' id='line_1_56' title="bbox 440 4999 2033 5071; baseline -0.001 -15"><span class='ocrx_word' id='word_1_431' title='bbox 440 5001 564 5056; x_wconf 85' lang='grc' dir='ltr'>τῶν</span> <span class='ocrx_word' id='word_1_432' title='bbox 601 5001 816 5069; x_wconf 80' lang='grc' dir='ltr'>ἄρτων.</span> <span class='ocrx_word' id='word_1_433' title='bbox 857 4999 1022 5056; x_wconf 76' lang='grc' dir='ltr'>Μετὰ</span> <span class='ocrx_word' id='word_1_434' title='bbox 1053 5001 1122 5054; x_wconf 84' lang='grc' dir='ltr'>δὲ</span> <span class='ocrx_word' id='word_1_435' title='bbox 1153 5003 1218 5054; x_wconf 80' lang='grc' dir='ltr'>τὸ</span> <span class='ocrx_word' id='word_1_436' title='bbox 1270 5002 1552 5071; x_wconf 81' lang='grc' dir='ltr'>δεύτερον</span> <span class='ocrx_word' id='word_1_437' title='bbox 1595 5001 2033 5070; x_wconf 84' lang='grc' dir='ltr'>καταπέτασμα</span> 
     </span>
    </p>
   </div>
   <div class='ocr_carea' id='block_1_57' title="bbox 443 5085 2034 5156">
    <p class='ocr_par' dir='ltr' id='par_1_57' title="bbox 443 5085 2034 5156">
     <span class='ocr_line' id='line_1_57' title="bbox 443 5085 2034 5156; baseline -0.003 -13"><span class='ocrx_word' id='word_1_438' title='bbox 443 5085 650 5156; x_wconf 82' lang='grc' dir='ltr'>σκηνὴ</span> <span class='ocrx_word' id='word_1_439' title='bbox 683 5087 721 5155; x_wconf 78' lang='grc' dir='ltr'>η</span> <span class='ocrx_word' id='word_1_440' title='bbox 750 5085 1049 5156; x_wconf 75' lang='grc' dir='ltr'>λεγομένη</span> <span class='ocrx_word' id='word_1_441' title='bbox 1086 5086 1158 5140; x_wconf 83' lang='grc' dir='ltr'>τὰ</span> <span class='ocrx_word' id='word_1_442' title='bbox 1190 5086 1353 5155; x_wconf 80' lang='grc' dir='ltr'>Ἅγια</span> <span class='ocrx_word' id='word_1_443' title='bbox 1385 5087 1501 5139; x_wconf 84' lang='grc' dir='ltr'>τῶν</span> <span class='ocrx_word' id='word_1_444' title='bbox 1524 5088 1729 5156; x_wconf 74' lang='grc' dir='ltr'>ἁγίων,</span> <span class='ocrx_word' id='word_1_445' title='bbox 1749 5087 2034 5156; x_wconf 86' lang='grc' dir='ltr'>χρυσοῦν</span> 
     </span>
    </p>
   </div>
   <div class='ocr_carea' id='block_1_58' title="bbox 445 5168 2036 5240">
    <p class='ocr_par' dir='ltr' id='par_1_58' title="bbox 445 5168 2036 5240">
     <span class='ocr_line' id='line_1_58' title="bbox 445 5168 2036 5240; baseline -0.003 -15"><span class='ocrx_word' id='word_1_446' title='bbox 445 5172 678 5240; x_wconf 76' lang='grc' dir='ltr'>ἔχουσα</span> <span class='ocrx_word' id='word_1_447' title='bbox 707 5168 1114 5240; x_wconf 83' lang='grc' dir='ltr'>θυμιατήριον,</span> <span class='ocrx_word' id='word_1_448' title='bbox 1150 5169 1250 5222; x_wconf 80' lang='grc' dir='ltr'>καὶ</span> <span class='ocrx_word' id='word_1_449' title='bbox 1272 5169 1389 5235; x_wconf 82' lang='grc' dir='ltr'>τὴν</span> <span class='ocrx_word' id='word_1_450' title='bbox 1412 5171 1660 5224; x_wconf 77' lang='grc' dir='ltr'>κιϐωτὸν</span> <span class='ocrx_word' id='word_1_451' title='bbox 1687 5170 1799 5239; x_wconf 83' lang='grc' dir='ltr'>τῆς</span> <span class='ocrx_word' id='word_1_452' title='bbox 1832 5169 2006 5235; x_wconf 77' lang='grc' dir='ltr'>διαθή</span> <span class='ocrx_word' id='word_1_453' title='bbox 2025 5200 2036 5210; x_wconf 91' lang='grc'><strong>-</strong></span> 
     </span>
    </p>
   </div>
   <div class='ocr_carea' id='block_1_59' title="bbox 446 5248 2036 5325">
    <p class='ocr_par' dir='ltr' id='par_1_59' title="bbox 446 5248 2036 5325">
     <span class='ocr_line' id='line_1_59' title="bbox 446 5248 2036 5325; baseline 0 -17"><span class='ocrx_word' id='word_1_454' title='bbox 446 5273 560 5324; x_wconf 82' lang='grc' dir='ltr'>κης</span> <span class='ocrx_word' id='word_1_455' title='bbox 600 5251 1205 5324; x_wconf 73' lang='grc' dir='ltr'>περικεκαλυμμένην</span> <span class='ocrx_word' id='word_1_456' title='bbox 1246 5253 1545 5307; x_wconf 76' lang='grc' dir='ltr'>πάντοθεν</span> <span class='ocrx_word' id='word_1_457' title='bbox 1591 5256 1844 5324; x_wconf 82' lang='grc' dir='ltr'>χρυσίῳ·</span> <span class='ocrx_word' id='word_1_458' title='bbox 1896 5256 1967 5308; x_wconf 85' lang='grc' dir='ltr'>ἐν</span> <span class='ocrx_word' id='word_1_459' title='bbox 1996 5248 2036 5325; x_wconf 78' lang='grc' dir='ltr'><strong><em>ᾖ</em></strong></span> 
     </span>
    </p>
   </div>
   <div class='ocr_carea' id='block_1_60' title="bbox 515 5567 2038 5642">
    <p class='ocr_par' dir='ltr' id='par_1_60' title="bbox 515 5567 2038 5642">
     <span class='ocr_line' id='line_1_60' title="bbox 515 5567 2038 5642; baseline 0.001 -24"><span class='ocrx_word' id='word_1_460' title='bbox 515 5570 662 5642; x_wconf 73' lang='lat' dir='ltr'>‘_Alii</span> <span class='ocrx_word' id='word_1_461' title='bbox 687 5571 714 5618; x_wconf 86' lang='lat'>6</span> <span class='ocrx_word' id='word_1_462' title='bbox 734 5569 1036 5642; x_wconf 35' lang='grc' dir='ltr'>Θεὸς-λαϐὼν</span> <span class='ocrx_word' id='word_1_463' title='bbox 1066 5569 1194 5629; x_wconf 82' lang='grc' dir='ltr'>τούς,</span> <span class='ocrx_word' id='word_1_464' title='bbox 1215 5567 1303 5642; x_wconf 51' lang='grc' dir='ltr'>ἓιὶἰ</span> <span class='ocrx_word' id='word_1_465' title='bbox 1392 5568 1510 5642; x_wconf 64' lang='grc' dir='ltr'>βεὸς</span> <span class='ocrx_word' id='word_1_466' title='bbox 1533 5571 1720 5631; x_wconf 84' lang='grc' dir='ltr'>βλέπων</span> <span class='ocrx_word' id='word_1_467' title='bbox 1741 5571 1867 5632; x_wconf 82' lang='grc' dir='ltr'>τούς,</span> <span class='ocrx_word' id='word_1_468' title='bbox 1893 5584 2038 5635; x_wconf 79' lang='lat' dir='ltr'>quam</span> 
     </span>
    </p>
   </div>
   <div class='ocr_carea' id='block_1_61' title="bbox 452 5632 1605 5752">
    <p class='ocr_par' dir='ltr' id='par_1_61' title="bbox 452 5632 1605 5752">
     <span class='ocr_line' id='line_1_61' title="bbox 452 5632 1605 5694; baseline 0.002 -15"><span class='ocrx_word' id='word_1_469' title='bbox 452 5637 752 5694; x_wconf 75' lang='lat' dir='ltr'>postremam</span> <span class='ocrx_word' id='word_1_470' title='bbox 779 5632 1052 5681; x_wconf 73' lang='lat' dir='ltr'>lectionem</span> <span class='ocrx_word' id='word_1_471' title='bbox 1083 5632 1314 5694; x_wconf 82' lang='lat' dir='ltr'>sequitur</span> <span class='ocrx_word' id='word_1_472' title='bbox 1335 5632 1605 5692; x_wconf 76' lang='lat' dir='ltr'>interpres.</span> 
     </span>
     <span class='ocr_line' id='line_1_62' title="bbox 515 5691 1093 5752; baseline 0.002 -12"><span class='ocrx_word' id='word_1_473' title='bbox 515 5691 543 5730; x_wconf 71' lang='grc' dir='ltr'>δ</span> <span class='ocrx_word' id='word_1_474' title='bbox 566 5691 664 5740; x_wconf 82' lang='lat' dir='ltr'>Alii</span> <span class='ocrx_word' id='word_1_475' title='bbox 682 5693 742 5752; x_wconf 83' lang='grc' dir='ltr'>ἦν</span> <span class='ocrx_word' id='word_1_476' title='bbox 768 5693 958 5741; x_wconf 85' lang='grc' dir='ltr'>ἐκείνων</span> <span class='ocrx_word' id='word_1_477' title='bbox 979 5695 1093 5741; x_wconf 85' lang='grc' dir='ltr'>τῶν.</span> 
     </span>
    </p>
   </div>
   <div class='ocr_carea' id='block_1_62' title="bbox 501 5752 1147 5818">
    <p class='ocr_par' dir='ltr' id='par_1_62' title="bbox 501 5752 1147 5818">
     <span class='ocr_line' id='line_1_63' title="bbox 501 5752 1147 5818; baseline 0.003 -17"><span class='ocrx_word' id='word_1_478' title='bbox 501 5756 541 5818; x_wconf 67' lang='grc' dir='ltr'>ἐξ</span> <span class='ocrx_word' id='word_1_479' title='bbox 569 5752 671 5818; x_wconf 73' lang='lat' dir='ltr'><strong>Aiii</strong></span> <span class='ocrx_word' id='word_1_480' title='bbox 694 5755 906 5812; x_wconf 78' lang='grc' dir='ltr'>εἰσῆλθεν</span> <span class='ocrx_word' id='word_1_481' title='bbox 925 5755 1147 5818; x_wconf 77' lang='grc' dir='ltr'>Χριστός.</span> 
     </span>
    </p>
   </div>
   <div class='ocr_carea' id='block_1_63' title="bbox 517 5812 1156 5878">
    <p class='ocr_par' dir='ltr' id='par_1_63' title="bbox 517 5812 1156 5878">
     <span class='ocr_line' id='line_1_64' title="bbox 517 5812 1156 5878; baseline -0.005 -13"><span class='ocrx_word' id='word_1_482' title='bbox 517 5812 546 5854; x_wconf 66' lang='grc' dir='ltr'><strong><em>ἀ</em></strong></span> <span class='ocrx_word' id='word_1_483' title='bbox 566 5814 667 5865; x_wconf 61' lang='lat' dir='ltr'><strong>ﬂii</strong></span> <span class='ocrx_word' id='word_1_484' title='bbox 687 5812 1156 5878; x_wconf 66' lang='grc' dir='ltr'>κατακεκαλυμμένη.</span> 
     </span>
    </p>
   </div>
   <div class='ocr_carea' id='block_1_64' title="bbox 1127 328 2991 399">
    <p class='ocr_par' dir='ltr' id='par_1_64' title="bbox 1127 328 2991 399">
     <span class='ocr_line' id='line_1_65' title="bbox 1127 328 2991 399; baseline 0.01 -19"><span class='ocrx_word' id='word_1_485' title='bbox 1127 328 1182 380; x_wconf 88' lang='lat' dir='ltr'>S.</span> <span class='ocrx_word' id='word_1_486' title='bbox 1224 328 1510 385; x_wconf 68' lang='lat' dir='ltr'>JOANNIS</span> <span class='ocrx_word' id='word_1_487' title='bbox 1547 330 2036 388; x_wconf 72' lang='lat' dir='ltr'>ClillYSOSTOMI</span> <span class='ocrx_word' id='word_1_488' title='bbox 2077 335 2397 393; x_wconf 78' lang='lat' dir='ltr'>ARCHIEP.</span> <span class='ocrx_word' id='word_1_489' title='bbox 2440 337 2991 399; x_wconf 75' lang='lat' dir='ltr'>CONSTANTINOP.</span> 
     </span>
    </p>
   </div>
   <div class='ocr_carea' id='block_1_65' title="bbox 3585 346 3692 425">
    <p class='ocr_par' dir='ltr' id='par_1_65' title="bbox 3585 346 3692 425">
     <span class='ocr_line' id='line_1_66' title="bbox 3585 346 3692 425; baseline 0 -25"><span class='ocrx_word' id='word_1_490' title='bbox 3585 346 3692 425; x_wconf 70' lang='grc' dir='ltr'>εδδ</span> 
     </span>
    </p>
   </div>
   <div class='ocr_carea' id='block_1_66' title="bbox 2111 450 3698 527">
    <p class='ocr_par' dir='ltr' id='par_1_66' title="bbox 2111 450 3698 527">
     <span class='ocr_line' id='line_1_67' title="bbox 2111 450 3698 527; baseline 0.006 -25"><span class='ocrx_word' id='word_1_491' title='bbox 2111 450 2382 520; x_wconf 81' lang='grc' dir='ltr'>στάμνος</span> <span class='ocrx_word' id='word_1_492' title='bbox 2407 455 2613 526; x_wconf 85' lang='grc' dir='ltr'>χρυσῆ</span> <span class='ocrx_word' id='word_1_493' title='bbox 2640 457 2872 527; x_wconf 78' lang='grc' dir='ltr'>ἔχουσα</span> <span class='ocrx_word' id='word_1_494' title='bbox 2919 457 2982 510; x_wconf 86' lang='grc' dir='ltr'>τὸ</span> <span class='ocrx_word' id='word_1_495' title='bbox 3030 456 3254 524; x_wconf 81' lang='grc' dir='ltr'>μάννα,</span> <span class='ocrx_word' id='word_1_496' title='bbox 3286 457 3378 509; x_wconf 75' lang='grc' dir='ltr'>καὶ</span> <span class='ocrx_word' id='word_1_497' title='bbox 3414 455 3698 524; x_wconf 45' lang='lat'>111641660;-</span> 
     </span>
    </p>
   </div>
   <div class='ocr_carea' id='block_1_67' title="bbox 2119 534 3699 606">
    <p class='ocr_par' dir='ltr' id='par_1_67' title="bbox 2119 534 3699 606">
     <span class='ocr_line' id='line_1_68' title="bbox 2119 534 3699 606; baseline 0.004 -19"><span class='ocrx_word' id='word_1_498' title='bbox 2119 534 2335 603; x_wconf 70' lang='grc' dir='ltr'>Ἀαρὼν</span> <span class='ocrx_word' id='word_1_499' title='bbox 2363 540 2402 606; x_wconf 76' lang='grc' dir='ltr'>η</span> <span class='ocrx_word' id='word_1_500' title='bbox 2437 540 2878 606; x_wconf 77' lang='grc' dir='ltr'>βλαστήσασα,</span> <span class='ocrx_word' id='word_1_501' title='bbox 2934 542 3030 595; x_wconf 79' lang='grc' dir='ltr'>καὶ</span> <span class='ocrx_word' id='word_1_502' title='bbox 3066 544 3126 594; x_wconf 74' lang='lat' dir='ltr'><strong>al</strong></span> <span class='ocrx_word' id='word_1_503' title='bbox 3160 540 3386 603; x_wconf 81' lang='grc' dir='ltr'>πλάκες</span> <span class='ocrx_word' id='word_1_504' title='bbox 3431 539 3533 606; x_wconf 78' lang='grc' dir='ltr'>τῆς</span> <span class='ocrx_word' id='word_1_505' title='bbox 3569 540 3699 594; x_wconf 75' lang='grc' dir='ltr'>διαο</span> 
     </span>
    </p>
   </div>
   <div class='ocr_carea' id='block_1_68' title="bbox 2107 619 3698 694">
    <p class='ocr_par' dir='ltr' id='par_1_68' title="bbox 2107 619 3698 694">
     <span class='ocr_line' id='line_1_69' title="bbox 2107 619 3698 694; baseline 0.004 -22"><span class='ocrx_word' id='word_1_506' title='bbox 2107 619 2316 686; x_wconf 77' lang='grc' dir='ltr'>θήκης·</span> <span class='ocrx_word' id='word_1_507' title='bbox 2347 622 2624 692; x_wconf 83' lang='grc' dir='ltr'>ὑπεράνω</span> <span class='ocrx_word' id='word_1_508' title='bbox 2651 624 2721 677; x_wconf 81' lang='grc' dir='ltr'>δὲ</span> <span class='ocrx_word' id='word_1_509' title='bbox 2742 624 2934 692; x_wconf 75' lang='grc' dir='ltr'>αὐτῆς</span> <span class='ocrx_word' id='word_1_510' title='bbox 2956 624 3246 694; x_wconf 73' lang='grc' dir='ltr'>Χερουϐὶμ</span> <span class='ocrx_word' id='word_1_511' title='bbox 3273 624 3478 691; x_wconf 77' lang='grc' dir='ltr'>δόξης,</span> <span class='ocrx_word' id='word_1_512' title='bbox 3513 641 3698 678; x_wconf 82' lang='grc' dir='ltr'>κατα-</span> 
     </span>
    </p>
   </div>
   <div class='ocr_carea' id='block_1_69' title="bbox 2108 703 3699 777">
    <p class='ocr_par' dir='ltr' id='par_1_69' title="bbox 2108 703 3699 777">
     <span class='ocr_line' id='line_1_70' title="bbox 2108 703 3699 777; baseline 0.004 -22"><span class='ocrx_word' id='word_1_513' title='bbox 2108 703 2430 765; x_wconf 77' lang='grc' dir='ltr'>σκιάζοντα</span> <span class='ocrx_word' id='word_1_514' title='bbox 2467 707 2535 761; x_wconf 84' lang='grc' dir='ltr'>τὸ</span> <span class='ocrx_word' id='word_1_515' title='bbox 2575 708 2949 777; x_wconf 76' lang='grc' dir='ltr'>ἱλαστήριον.</span> <span class='ocrx_word' id='word_1_516' title='bbox 3008 711 3238 762; x_wconf 85' lang='grc' dir='ltr'>Τούτων</span> <span class='ocrx_word' id='word_1_517' title='bbox 3270 707 3339 760; x_wconf 85' lang='grc' dir='ltr'>δὲ</span> <span class='ocrx_word' id='word_1_518' title='bbox 3374 708 3526 760; x_wconf 81' lang='grc' dir='ltr'>οὕτω</span> <span class='ocrx_word' id='word_1_519' title='bbox 3552 725 3699 761; x_wconf 82' lang='grc' dir='ltr'>κατ-</span> 
     </span>
    </p>
   </div>
   <div class='ocr_carea' id='block_1_70' title="bbox 2105 789 3699 860">
    <p class='ocr_par' dir='ltr' id='par_1_70' title="bbox 2105 789 3699 860">
     <span class='ocr_line' id='line_1_71' title="bbox 2105 789 3699 860; baseline 0.003 -20"><span class='ocrx_word' id='word_1_520' title='bbox 2105 803 2252 842; x_wconf 85' lang='grc' dir='ltr'>εσκε</span> <span class='ocrx_word' id='word_1_521' title='bbox 2259 789 2686 859; x_wconf 81' lang='grc' dir='ltr'>υασμένων,εὶς</span> <span class='ocrx_word' id='word_1_522' title='bbox 2691 792 2808 860; x_wconf 89' lang='grc' dir='ltr'>μὲν</span> <span class='ocrx_word' id='word_1_523' title='bbox 2819 793 2935 859; x_wconf 82' lang='grc' dir='ltr'>τὴν</span> <span class='ocrx_word' id='word_1_524' title='bbox 2949 793 3191 860; x_wconf 85' lang='grc' dir='ltr'>πρώτην</span> <span class='ocrx_word' id='word_1_525' title='bbox 3201 791 3440 860; x_wconf 79' lang='grc' dir='ltr'>σκηνὴν</span> <span class='ocrx_word' id='word_1_526' title='bbox 3453 791 3699 845; x_wconf 81' lang='grc' dir='ltr'>διαπαν-</span> 
     </span>
    </p>
   </div>
   <div class='ocr_carea' id='block_1_71' title="bbox 2107 872 3696 944">
    <p class='ocr_par' dir='ltr' id='par_1_71' title="bbox 2107 872 3696 944">
     <span class='ocr_line' id='line_1_72' title="bbox 2107 872 3696 944; baseline 0.003 -21"><span class='ocrx_word' id='word_1_527' title='bbox 2107 872 2209 937; x_wconf 77' lang='grc' dir='ltr'>τὸς</span> <span class='ocrx_word' id='word_1_528' title='bbox 2224 873 2489 926; x_wconf 74' lang='grc' dir='ltr'>εἰσίασιν</span> <span class='ocrx_word' id='word_1_529' title='bbox 2508 877 2561 928; x_wconf 82' lang='grc' dir='ltr'>οἱ</span> <span class='ocrx_word' id='word_1_530' title='bbox 2591 876 2786 944; x_wconf 83' lang='grc' dir='ltr'>ἱερεῖς,</span> <span class='ocrx_word' id='word_1_531' title='bbox 2811 877 2916 942; x_wconf 84' lang='grc' dir='ltr'>τὰς</span> <span class='ocrx_word' id='word_1_532' title='bbox 2941 877 3214 944; x_wconf 79' lang='grc' dir='ltr'>λατρείας</span> <span class='ocrx_word' id='word_1_533' title='bbox 3252 875 3696 942; x_wconf 79' lang='grc' dir='ltr'>ἐπιτελοῦντες·</span> 
     </span>
    </p>
   </div>
   <div class='ocr_carea' id='block_1_72' title="bbox 2105 955 3699 1029">
    <p class='ocr_par' dir='ltr' id='par_1_72' title="bbox 2105 955 3699 1029">
     <span class='ocr_line' id='line_1_73' title="bbox 2105 955 3699 1029; baseline 0.002 -21"><span class='ocrx_word' id='word_1_534' title='bbox 2105 959 2194 1021; x_wconf 87' lang='grc' dir='ltr'>εἱς</span> <span class='ocrx_word' id='word_1_535' title='bbox 2219 955 2288 1008; x_wconf 80' lang='grc' dir='ltr'>δὲ</span> <span class='ocrx_word' id='word_1_536' title='bbox 2318 957 2431 1025; x_wconf 75' lang='grc' dir='ltr'>τὴν</span> <span class='ocrx_word' id='word_1_537' title='bbox 2457 956 2748 1028; x_wconf 80' lang='grc' dir='ltr'>δευτέραν</span> <span class='ocrx_word' id='word_1_538' title='bbox 2795 959 2958 1025; x_wconf 79' lang='grc' dir='ltr'>ἅπαξ</span> <span class='ocrx_word' id='word_1_539' title='bbox 2993 960 3100 1015; x_wconf 84' lang='grc' dir='ltr'>τοῦ</span> <span class='ocrx_word' id='word_1_540' title='bbox 3124 960 3406 1014; x_wconf 84' lang='grc' dir='ltr'>ἐνιαυτοῦ</span> <span class='ocrx_word' id='word_1_541' title='bbox 3433 959 3622 1029; x_wconf 86' lang='grc' dir='ltr'>μόνος</span> <span class='ocrx_word' id='word_1_542' title='bbox 3661 960 3699 1012; x_wconf 82' lang='grc' dir='ltr'><strong><em>ὁ</em></strong></span> 
     </span>
    </p>
   </div>
   <div class='ocr_carea' id='block_1_73' title="bbox 2106 1037 3698 1113">
    <p class='ocr_par' dir='ltr' id='par_1_73' title="bbox 2106 1037 3698 1113">
     <span class='ocr_line' id='line_1_74' title="bbox 2106 1037 3698 1113; baseline 0.001 -21"><span class='ocrx_word' id='word_1_543' title='bbox 2106 1037 2442 1108; x_wconf 80' lang='grc' dir='ltr'>ἀρχιερεὺς,</span> <span class='ocrx_word' id='word_1_544' title='bbox 2467 1045 2539 1096; x_wconf 83' lang='grc' dir='ltr'>οὐ</span> <span class='ocrx_word' id='word_1_545' title='bbox 2572 1043 2752 1111; x_wconf 81' lang='grc' dir='ltr'>χωρίς</span> <span class='ocrx_word' id='word_1_546' title='bbox 2779 1045 3051 1113; x_wconf 79' lang='grc' dir='ltr'>αἵματος,</span> <span class='ocrx_word' id='word_1_547' title='bbox 3084 1044 3114 1096; x_wconf 82' lang='grc' dir='ltr'><strong>ὃ</strong></span> <span class='ocrx_word' id='word_1_548' title='bbox 3168 1043 3495 1112; x_wconf 61' lang='grc' dir='ltr'>προσφέρει</span> <span class='ocrx_word' id='word_1_549' title='bbox 3540 1043 3698 1109; x_wconf 82' lang='grc' dir='ltr'>ὑπὲρ</span> 
     </span>
    </p>
   </div>
   <div class='ocr_carea' id='block_1_74' title="bbox 2107 1124 3698 1198">
    <p class='ocr_par' dir='ltr' id='par_1_74' title="bbox 2107 1124 3698 1198">
     <span class='ocr_line' id='line_1_75' title="bbox 2107 1124 3698 1198; baseline 0.001 -21"><span class='ocrx_word' id='word_1_550' title='bbox 2107 1124 2326 1178; x_wconf 83' lang='grc' dir='ltr'>ἑαυτοῦ</span> <span class='ocrx_word' id='word_1_551' title='bbox 2357 1128 2455 1180; x_wconf 81' lang='grc' dir='ltr'>καὶ</span> <span class='ocrx_word' id='word_1_552' title='bbox 2493 1124 2611 1179; x_wconf 87' lang='grc' dir='ltr'>τῶν</span> <span class='ocrx_word' id='word_1_553' title='bbox 2648 1127 2754 1180; x_wconf 88' lang='grc' dir='ltr'>τοῦ</span> <span class='ocrx_word' id='word_1_554' title='bbox 2787 1127 2941 1182; x_wconf 84' lang='grc' dir='ltr'>λαοῦ</span> <span class='ocrx_word' id='word_1_555' title='bbox 2971 1127 3382 1198; x_wconf 77' lang='grc' dir='ltr'>ἀγνοημάτων.</span> <span class='ocrx_word' id='word_1_556' title='bbox 3423 1127 3586 1198; x_wconf 81' lang='grc' dir='ltr'>Ὁρᾷς</span> <span class='ocrx_word' id='word_1_557' title='bbox 3613 1127 3698 1180; x_wconf 84' lang='grc' dir='ltr'>ὅτι</span> 
     </span>
    </p>
   </div>
   <div class='ocr_carea' id='block_1_75' title="bbox 2108 1208 3695 1283">
    <p class='ocr_par' dir='ltr' id='par_1_75' title="bbox 2108 1208 3695 1283">
     <span class='ocr_line' id='line_1_76' title="bbox 2108 1208 3695 1283; baseline 0.001 -22"><span class='ocrx_word' id='word_1_558' title='bbox 2108 1209 2203 1261; x_wconf 82' lang='grc' dir='ltr'>καὶ</span> <span class='ocrx_word' id='word_1_559' title='bbox 2244 1208 2404 1276; x_wconf 89' lang='grc' dir='ltr'>μόνος</span> <span class='ocrx_word' id='word_1_560' title='bbox 2441 1211 2748 1280; x_wconf 84' lang='grc' dir='ltr'>εἰσέρχεται</span> <span class='ocrx_word' id='word_1_561' title='bbox 2787 1213 2816 1263; x_wconf 91' lang='lat'>6</span> <span class='ocrx_word' id='word_1_562' title='bbox 2879 1212 3201 1283; x_wconf 79' lang='grc' dir='ltr'>ἀρχιερεὺς,</span> <span class='ocrx_word' id='word_1_563' title='bbox 3249 1211 3344 1264; x_wconf 77' lang='grc' dir='ltr'>καὶ</span> <span class='ocrx_word' id='word_1_564' title='bbox 3395 1209 3544 1276; x_wconf 64' lang='lat' dir='ltr'>ama</span> <span class='ocrx_word' id='word_1_565' title='bbox 3598 1209 3695 1263; x_wconf 84' lang='grc' dir='ltr'>τοῦ</span> 
     </span>
    </p>
   </div>
   <div class='ocr_carea' id='block_1_76' title="bbox 2107 1293 2626 1360">
    <p class='ocr_par' dir='ltr' id='par_1_76' title="bbox 2107 1293 2626 1360">
     <span class='ocr_line' id='line_1_77' title="bbox 2107 1293 2626 1360; baseline 0.01 -16"><span class='ocrx_word' id='word_1_566' title='bbox 2107 1293 2360 1347; x_wconf 82' lang='grc' dir='ltr'>ἐνιαυτοῦ</span> <span class='ocrx_word' id='word_1_567' title='bbox 2391 1298 2590 1360; x_wconf 84' lang='grc' dir='ltr'>παντός</span> <span class='ocrx_word' id='word_1_568' title='bbox 2613 1313 2626 1360; x_wconf 92' lang='grc'><strong>;</strong></span> 
     </span>
    </p>
   </div>
   <div class='ocr_carea' id='block_1_77' title="bbox 2179 1377 3701 1454">
    <p class='ocr_par' dir='ltr' id='par_1_77' title="bbox 2179 1377 3701 1454">
     <span class='ocr_line' id='line_1_78' title="bbox 2179 1377 3701 1454; baseline 0.001 -23"><span class='ocrx_word' id='word_1_569' title='bbox 2179 1379 2244 1432; x_wconf 90' lang='lat'>6&#39;.</span> <span class='ocrx_word' id='word_1_570' title='bbox 2268 1381 2334 1432; x_wconf 87' lang='grc' dir='ltr'>Τί</span> <span class='ocrx_word' id='word_1_571' title='bbox 2369 1377 2463 1434; x_wconf 75' lang='grc' dir='ltr'>οὖν</span> <span class='ocrx_word' id='word_1_572' title='bbox 2499 1383 2693 1449; x_wconf 87' lang='grc' dir='ltr'>ταῦτα,</span> <span class='ocrx_word' id='word_1_573' title='bbox 2712 1383 2868 1454; x_wconf 75' lang='grc' dir='ltr'>φησί,</span> <span class='ocrx_word' id='word_1_574' title='bbox 2888 1383 3023 1454; x_wconf 82' lang='grc' dir='ltr'>πρὸς</span> <span class='ocrx_word' id='word_1_575' title='bbox 3044 1383 3142 1454; x_wconf 75' lang='grc' dir='ltr'>τὴν</span> <span class='ocrx_word' id='word_1_576' title='bbox 3158 1381 3526 1453; x_wconf 79' lang='grc' dir='ltr'>προκειμένην</span> <span class='ocrx_word' id='word_1_577' title='bbox 3560 1381 3701 1453; x_wconf 87' lang='grc' dir='ltr'>ήμέ-</span> 
     </span>
    </p>
   </div>
   <div class='ocr_carea' id='block_1_78' title="bbox 2114 1466 3699 1540">
    <p class='ocr_par' dir='ltr' id='par_1_78' title="bbox 2114 1466 3699 1540">
     <span class='ocr_line' id='line_1_79' title="bbox 2114 1466 3699 1540; baseline -0.001 -20"><span class='ocrx_word' id='word_1_578' title='bbox 2114 1483 2246 1536; x_wconf 86' lang='grc' dir='ltr'>ραν;</span> <span class='ocrx_word' id='word_1_579' title='bbox 2287 1467 2642 1537; x_wconf 84' lang='grc' dir='ltr'>’Λναμείνατε</span> <span class='ocrx_word' id='word_1_580' title='bbox 2674 1469 2889 1540; x_wconf 82' lang='grc' dir='ltr'>μικρὸν,</span> <span class='ocrx_word' id='word_1_581' title='bbox 2922 1469 3015 1521; x_wconf 80' lang='grc' dir='ltr'>καὶ</span> <span class='ocrx_word' id='word_1_582' title='bbox 3049 1467 3122 1538; x_wconf 79' lang='grc' dir='ltr'>μή</span> <span class='ocrx_word' id='word_1_583' title='bbox 3147 1466 3484 1538; x_wconf 84' lang='grc' dir='ltr'>θορυϐεῖσθε.</span> <span class='ocrx_word' id='word_1_584' title='bbox 3519 1468 3699 1519; x_wconf 84' lang='grc' dir='ltr'>Ἀνω-</span> 
     </span>
    </p>
   </div>
   <div class='ocr_carea' id='block_1_79' title="bbox 2111 1548 3702 1622">
    <p class='ocr_par' dir='ltr' id='par_1_79' title="bbox 2111 1548 3702 1622">
     <span class='ocr_line' id='line_1_80' title="bbox 2111 1548 3702 1622; baseline -0.001 -20"><span class='ocrx_word' id='word_1_585' title='bbox 2111 1551 2202 1603; x_wconf 89' lang='grc' dir='ltr'>θεν</span> <span class='ocrx_word' id='word_1_586' title='bbox 2223 1551 2330 1620; x_wconf 85' lang='grc' dir='ltr'>γὰρ</span> <span class='ocrx_word' id='word_1_587' title='bbox 2360 1550 2458 1620; x_wconf 83' lang='grc' dir='ltr'>τὴν</span> <span class='ocrx_word' id='word_1_588' title='bbox 2491 1553 2674 1622; x_wconf 82' lang='grc' dir='ltr'>πηγὴν</span> <span class='ocrx_word' id='word_1_589' title='bbox 2705 1550 3073 1621; x_wconf 81' lang='grc' dir='ltr'>διορύττομεν,</span> <span class='ocrx_word' id='word_1_590' title='bbox 3106 1551 3202 1604; x_wconf 74' lang='grc' dir='ltr'>καὶ</span> <span class='ocrx_word' id='word_1_591' title='bbox 3225 1551 3311 1603; x_wconf 84' lang='grc' dir='ltr'>ἐπ’</span> <span class='ocrx_word' id='word_1_592' title='bbox 3337 1550 3506 1620; x_wconf 77' lang='grc' dir='ltr'>αὐτὴν</span> <span class='ocrx_word' id='word_1_593' title='bbox 3529 1548 3702 1602; x_wconf 86' lang='grc' dir='ltr'>σπεύ-</span> 
     </span>
    </p>
   </div>
   <div class='ocr_carea' id='block_1_80' title="bbox 2107 1634 3702 1707">
    <p class='ocr_par' dir='ltr' id='par_1_80' title="bbox 2107 1634 3702 1707">
     <span class='ocr_line' id='line_1_81' title="bbox 2107 1634 3702 1707; baseline 0 -19"><span class='ocrx_word' id='word_1_594' title='bbox 2107 1635 2271 1705; x_wconf 87' lang='grc' dir='ltr'>δομεν</span> <span class='ocrx_word' id='word_1_595' title='bbox 2299 1634 2398 1705; x_wconf 81' lang='grc' dir='ltr'>τήν</span> <span class='ocrx_word' id='word_1_596' title='bbox 2434 1636 2678 1707; x_wconf 85' lang='grc' dir='ltr'>κορυφὴν</span> <span class='ocrx_word' id='word_1_597' title='bbox 2712 1636 2916 1692; x_wconf 86' lang='grc' dir='ltr'>ἐλθεῖν.</span> <span class='ocrx_word' id='word_1_598' title='bbox 2965 1636 3104 1689; x_wconf 83' lang='grc' dir='ltr'>ὣστε</span> <span class='ocrx_word' id='word_1_599' title='bbox 3139 1638 3255 1706; x_wconf 89' lang='grc' dir='ltr'>μετ’</span> <span class='ocrx_word' id='word_1_600' title='bbox 3291 1636 3541 1698; x_wconf 73' lang='grc' dir='ltr'>εὐκολίας</span> <span class='ocrx_word' id='word_1_601' title='bbox 3570 1635 3702 1703; x_wconf 84' lang='grc' dir='ltr'>ὑμῖν</span> 
     </span>
    </p>
   </div>
   <div class='ocr_carea' id='block_1_81' title="bbox 2110 1717 3703 1791">
    <p class='ocr_par' dir='ltr' id='par_1_81' title="bbox 2110 1717 3703 1791">
     <span class='ocr_line' id='line_1_82' title="bbox 2110 1717 3703 1791; baseline -0.001 -18"><span class='ocrx_word' id='word_1_602' title='bbox 2110 1721 2324 1773; x_wconf 76' lang='grc' dir='ltr'>ἅπαντα</span> <span class='ocrx_word' id='word_1_603' title='bbox 2350 1720 2601 1787; x_wconf 82' lang='grc' dir='ltr'>γενέσθαι</span> <span class='ocrx_word' id='word_1_604' title='bbox 2630 1720 2785 1790; x_wconf 85' lang='grc' dir='ltr'>δῆλα·</span> <span class='ocrx_word' id='word_1_605' title='bbox 2816 1719 3016 1791; x_wconf 78' lang='grc' dir='ltr'>μᾶλλον</span> <span class='ocrx_word' id='word_1_606' title='bbox 3040 1719 3117 1781; x_wconf 81' lang='grc' dir='ltr'>δὲ,</span> <span class='ocrx_word' id='word_1_607' title='bbox 3147 1721 3234 1772; x_wconf 81' lang='grc' dir='ltr'>ἵνα</span> <span class='ocrx_word' id='word_1_608' title='bbox 3262 1719 3337 1790; x_wconf 81' lang='grc' dir='ltr'>μὴ</span> <span class='ocrx_word' id='word_1_609' title='bbox 3363 1721 3526 1790; x_wconf 91' lang='grc' dir='ltr'>μέχρι</span> <span class='ocrx_word' id='word_1_610' title='bbox 3546 1717 3703 1790; x_wconf 73' lang='lat'><strong>[560]</strong></span> 
     </span>
    </p>
   </div>
   <div class='ocr_carea' id='block_1_82' title="bbox 2109 1802 3705 1878">
    <p class='ocr_par' dir='ltr' id='par_1_82' title="bbox 2109 1802 3705 1878">
     <span class='ocr_line' id='line_1_83' title="bbox 2109 1802 3705 1878; baseline -0.001 -22"><span class='ocrx_word' id='word_1_611' title='bbox 2109 1803 2307 1858; x_wconf 88' lang='grc' dir='ltr'>πολλοῦ</span> <span class='ocrx_word' id='word_1_612' title='bbox 2339 1806 2368 1857; x_wconf 90' lang='lat'>6</span> <span class='ocrx_word' id='word_1_613' title='bbox 2399 1804 2556 1872; x_wconf 88' lang='grc' dir='ltr'>λόγος</span> <span class='ocrx_word' id='word_1_614' title='bbox 2592 1805 3052 1875; x_wconf 88' lang='grc' dir='ltr'>συνεσκιασμένος</span> <span class='ocrx_word' id='word_1_615' title='bbox 3079 1802 3137 1878; x_wconf 85' lang='grc' dir='ltr'>ᾗ,</span> <span class='ocrx_word' id='word_1_616' title='bbox 3171 1804 3306 1875; x_wconf 82' lang='grc' dir='ltr'>μηδέ</span> <span class='ocrx_word' id='word_1_617' title='bbox 3326 1804 3705 1871; x_wconf 81' lang='grc' dir='ltr'>ἀσαφέστερος</span> 
     </span>
    </p>
   </div>
   <div class='ocr_carea' id='block_1_83' title="bbox 2109 1885 3704 1961">
    <p class='ocr_par' dir='ltr' id='par_1_83' title="bbox 2109 1885 3704 1961">
     <span class='ocr_line' id='line_1_84' title="bbox 2109 1885 3704 1961; baseline -0.001 -21"><span class='ocrx_word' id='word_1_618' title='bbox 2109 1888 2186 1941; x_wconf 78' lang='grc' dir='ltr'>ὢν</span> <span class='ocrx_word' id='word_1_619' title='bbox 2209 1889 2577 1961; x_wconf 87' lang='grc' dir='ltr'>ἀπαγορεύειν</span> <span class='ocrx_word' id='word_1_620' title='bbox 2626 1891 2770 1960; x_wconf 81' lang='grc' dir='ltr'>ὑμᾶς</span> <span class='ocrx_word' id='word_1_621' title='bbox 2826 1893 3028 1960; x_wconf 78' lang='grc' dir='ltr'>ποιήσῃ</span> <span class='ocrx_word' id='word_1_622' title='bbox 3075 1888 3214 1959; x_wconf 87' lang='grc' dir='ltr'>πρὸς</span> <span class='ocrx_word' id='word_1_623' title='bbox 3267 1887 3331 1939; x_wconf 81' lang='grc' dir='ltr'>τὸ</span> <span class='ocrx_word' id='word_1_624' title='bbox 3384 1887 3558 1957; x_wconf 84' lang='grc' dir='ltr'>μῆκος</span> <span class='ocrx_word' id='word_1_625' title='bbox 3591 1885 3704 1939; x_wconf 80' lang='grc' dir='ltr'>τῶν</span> 
     </span>
    </p>
   </div>
   <div class='ocr_carea' id='block_1_84' title="bbox 2111 1969 3706 2044">
    <p class='ocr_par' dir='ltr' id='par_1_84' title="bbox 2111 1969 3706 2044">
     <span class='ocr_line' id='line_1_85' title="bbox 2111 1969 3706 2044; baseline -0.003 -19"><span class='ocrx_word' id='word_1_626' title='bbox 2111 1973 2444 2042; x_wconf 86' lang='grc' dir='ltr'>λεγομένων,</span> <span class='ocrx_word' id='word_1_627' title='bbox 2485 1973 2585 2044; x_wconf 77' lang='grc' dir='ltr'>ἤδη</span> <span class='ocrx_word' id='word_1_628' title='bbox 2627 1972 2726 2042; x_wconf 84' lang='grc' dir='ltr'>τὴν</span> <span class='ocrx_word' id='word_1_629' title='bbox 2759 1973 2940 2025; x_wconf 86' lang='grc' dir='ltr'>αἰτίαν</span> <span class='ocrx_word' id='word_1_630' title='bbox 2970 1974 3097 2042; x_wconf 79' lang='grc' dir='ltr'>ύμῖν</span> <span class='ocrx_word' id='word_1_631' title='bbox 3145 1972 3275 2042; x_wconf 80' lang='grc' dir='ltr'>ἐρῶ,</span> <span class='ocrx_word' id='word_1_632' title='bbox 3328 1971 3393 2024; x_wconf 80' lang='grc' dir='ltr'>δι’</span> <span class='ocrx_word' id='word_1_633' title='bbox 3429 1972 3496 2041; x_wconf 86' lang='grc' dir='ltr'>ἣν</span> <span class='ocrx_word' id='word_1_634' title='bbox 3526 1969 3706 2023; x_wconf 88' lang='grc' dir='ltr'>ταῦτα</span> 
     </span>
    </p>
   </div>
   <div class='ocr_carea' id='block_1_85' title="bbox 2113 2052 3701 2127">
    <p class='ocr_par' dir='ltr' id='par_1_85' title="bbox 2113 2052 3701 2127">
     <span class='ocr_line' id='line_1_86' title="bbox 2113 2052 3701 2127; baseline -0.002 -18"><span class='ocrx_word' id='word_1_635' title='bbox 2113 2057 2290 2110; x_wconf 86' lang='grc' dir='ltr'>πάντα</span> <span class='ocrx_word' id='word_1_636' title='bbox 2335 2057 2652 2127; x_wconf 83' lang='grc' dir='ltr'>ἀνεκίνησα.</span> <span class='ocrx_word' id='word_1_637' title='bbox 2696 2057 2793 2120; x_wconf 87' lang='grc' dir='ltr'>Τίς</span> <span class='ocrx_word' id='word_1_638' title='bbox 2842 2052 2934 2110; x_wconf 78' lang='grc' dir='ltr'>οὖν</span> <span class='ocrx_word' id='word_1_639' title='bbox 2983 2057 3189 2126; x_wconf 79' lang='grc' dir='ltr'>ἐστινὴ</span> <span class='ocrx_word' id='word_1_640' title='bbox 3233 2055 3413 2120; x_wconf 88' lang='grc' dir='ltr'>αἱτία;</span> <span class='ocrx_word' id='word_1_641' title='bbox 3471 2052 3570 2117; x_wconf 78' lang='grc' dir='ltr'>Ἐξ</span> <span class='ocrx_word' id='word_1_642' title='bbox 3595 2053 3701 2121; x_wconf 76' lang='grc' dir='ltr'><strong>μῆο</strong></span> 
     </span>
    </p>
   </div>
   <div class='ocr_carea' id='block_1_86' title="bbox 2111 2137 3704 2211">
    <p class='ocr_par' dir='ltr' id='par_1_86' title="bbox 2111 2137 3704 2211">
     <span class='ocr_line' id='line_1_87' title="bbox 2111 2137 3704 2211; baseline -0.003 -18"><span class='ocrx_word' id='word_1_643' title='bbox 2111 2159 2206 2204; x_wconf 91' lang='grc' dir='ltr'>νας</span> <span class='ocrx_word' id='word_1_644' title='bbox 2241 2143 2296 2193; x_wconf 84' lang='grc' dir='ltr'>ἐν</span> <span class='ocrx_word' id='word_1_645' title='bbox 2325 2141 2525 2211; x_wconf 82' lang='grc' dir='ltr'>γαστρί</span> <span class='ocrx_word' id='word_1_646' title='bbox 2551 2140 2782 2210; x_wconf 80' lang='grc' dir='ltr'>ἐχούσης</span> <span class='ocrx_word' id='word_1_647' title='bbox 2815 2141 2913 2210; x_wconf 79' lang='grc' dir='ltr'>τῆς</span> <span class='ocrx_word' id='word_1_648' title='bbox 2965 2139 3250 2194; x_wconf 81' lang='grc' dir='ltr'>Ἐλισάϐετ</span> <span class='ocrx_word' id='word_1_649' title='bbox 3286 2139 3376 2192; x_wconf 75' lang='grc' dir='ltr'>τὸν</span> <span class='ocrx_word' id='word_1_650' title='bbox 3423 2137 3704 2208; x_wconf 78' lang='grc' dir='ltr'>Ἰωάννην,</span> 
     </span>
    </p>
   </div>
   <div class='ocr_carea' id='block_1_87' title="bbox 2112 2222 3708 2298">
    <p class='ocr_par' dir='ltr' id='par_1_87' title="bbox 2112 2222 3708 2298">
     <span class='ocr_line' id='line_1_88' title="bbox 2112 2222 3708 2298; baseline -0.004 -18"><span class='ocrx_word' id='word_1_651' title='bbox 2112 2227 2360 2298; x_wconf 82' lang='grc' dir='ltr'>ήΜαρία</span> <span class='ocrx_word' id='word_1_652' title='bbox 2395 2226 2600 2296; x_wconf 71' lang='grc' dir='ltr'>ἤρξατο</span> <span class='ocrx_word' id='word_1_653' title='bbox 2634 2225 3052 2296; x_wconf 84' lang='grc' dir='ltr'>συλλαμϐάνειν.</span> <span class='ocrx_word' id='word_1_654' title='bbox 3099 2225 3197 2277; x_wconf 81' lang='grc' dir='ltr'>Ἂν</span> <span class='ocrx_word' id='word_1_655' title='bbox 3231 2224 3406 2277; x_wconf 90' lang='grc' dir='ltr'>τοίνυν</span> <span class='ocrx_word' id='word_1_656' title='bbox 3441 2222 3708 2294; x_wconf 79' lang='grc' dir='ltr'>μάθωμεν</span> 
     </span>
    </p>
   </div>
   <div class='ocr_carea' id='block_1_88' title="bbox 2117 2306 3713 2381">
    <p class='ocr_par' dir='ltr' id='par_1_88' title="bbox 2117 2306 3713 2381">
     <span class='ocr_line' id='line_1_89' title="bbox 2117 2306 3713 2381; baseline -0.005 -16"><span class='ocrx_word' id='word_1_657' title='bbox 2117 2316 2265 2376; x_wconf 89' lang='grc' dir='ltr'>ποῖος</span> <span class='ocrx_word' id='word_1_658' title='bbox 2298 2314 2503 2374; x_wconf 83' lang='grc' dir='ltr'>ἐκεῖνος</span> <span class='ocrx_word' id='word_1_659' title='bbox 2543 2311 2572 2362; x_wconf 87' lang='grc' dir='ltr'><strong>ὁ</strong></span> <span class='ocrx_word' id='word_1_660' title='bbox 2603 2311 2709 2381; x_wconf 84' lang='grc' dir='ltr'>μὴν</span> <span class='ocrx_word' id='word_1_661' title='bbox 2748 2313 2776 2363; x_wconf 90' lang='lat'>6</span> <span class='ocrx_word' id='word_1_662' title='bbox 2820 2311 2977 2374; x_wconf 73' lang='grc' dir='ltr'>ἕκτος</span> <span class='ocrx_word' id='word_1_663' title='bbox 3005 2306 3092 2381; x_wconf 81' lang='grc' dir='ltr'>ἦν,</span> <span class='ocrx_word' id='word_1_664' title='bbox 3141 2308 3402 2379; x_wconf 86' lang='grc' dir='ltr'>εἰσόμεθα</span> <span class='ocrx_word' id='word_1_665' title='bbox 3430 2308 3526 2361; x_wconf 66' lang='grc' dir='ltr'>καί⁸</span> <span class='ocrx_word' id='word_1_666' title='bbox 3577 2308 3713 2360; x_wconf 82' lang='grc' dir='ltr'>πότε</span> 
     </span>
    </p>
   </div>
   <div class='ocr_carea' id='block_1_89' title="bbox 2113 2387 3716 2466">
    <p class='ocr_par' dir='ltr' id='par_1_89' title="bbox 2113 2387 3716 2466">
     <span class='ocr_line' id='line_1_90' title="bbox 2113 2387 3716 2466; baseline -0.004 -18"><span class='ocrx_word' id='word_1_667' title='bbox 2113 2395 2319 2466; x_wconf 69' lang='grc' dir='ltr'>ἤρξατο</span> <span class='ocrx_word' id='word_1_668' title='bbox 2350 2393 2748 2464; x_wconf 85' lang='grc' dir='ltr'>συλλαμϐάνειν</span> <span class='ocrx_word' id='word_1_669' title='bbox 2791 2396 2823 2465; x_wconf 88' lang='grc' dir='ltr'>ή</span> <span class='ocrx_word' id='word_1_670' title='bbox 2863 2393 3072 2464; x_wconf 86' lang='grc' dir='ltr'>Μαρία·</span> <span class='ocrx_word' id='word_1_671' title='bbox 3107 2387 3230 2445; x_wconf 78' lang='grc' dir='ltr'>εἶτα</span> <span class='ocrx_word' id='word_1_672' title='bbox 3267 2391 3552 2462; x_wconf 84' lang='grc' dir='ltr'>μαθόντες.</span> <span class='ocrx_word' id='word_1_673' title='bbox 3580 2391 3716 2442; x_wconf 79' lang='grc' dir='ltr'>πότε</span> 
     </span>
    </p>
   </div>
   <div class='ocr_carea' id='block_1_90' title="bbox 2113 2472 3705 2549">
    <p class='ocr_par' dir='ltr' id='par_1_90' title="bbox 2113 2472 3705 2549">
     <span class='ocr_line' id='line_1_91' title="bbox 2113 2472 3705 2549; baseline -0.006 -18"><span class='ocrx_word' id='word_1_674' title='bbox 2113 2478 2316 2549; x_wconf 79' lang='grc' dir='ltr'>ἥρξατο</span> <span class='ocrx_word' id='word_1_675' title='bbox 2369 2477 2792 2546; x_wconf 80' lang='grc' dir='ltr'>συλλαμϐάνειν,</span> <span class='ocrx_word' id='word_1_676' title='bbox 2841 2477 3102 2547; x_wconf 80' lang='grc' dir='ltr'>εἰσόμεθα</span> <span class='ocrx_word' id='word_1_677' title='bbox 3153 2475 3249 2528; x_wconf 68' lang='grc' dir='ltr'>καὶ</span> <span class='ocrx_word' id='word_1_678' title='bbox 3300 2474 3430 2528; x_wconf 87' lang='grc' dir='ltr'>πότε</span> <span class='ocrx_word' id='word_1_679' title='bbox 3493 2472 3705 2533; x_wconf 74' lang='grc' dir='ltr'>ἔτεκεν,</span> 
     </span>
    </p>
   </div>
   <div class='ocr_carea' id='block_1_91' title="bbox 2115 2557 3498 2632">
    <p class='ocr_par' dir='ltr' id='par_1_91' title="bbox 2115 2557 3498 2632">
     <span class='ocr_line' id='line_1_92' title="bbox 2115 2557 3498 2632; baseline -0.005 -16"><span class='ocrx_word' id='word_1_680' title='bbox 2115 2563 2273 2616; x_wconf 86' lang='grc' dir='ltr'>ἐννέα</span> <span class='ocrx_word' id='word_1_681' title='bbox 2304 2563 2479 2632; x_wconf 81' lang='grc' dir='ltr'>μῆνας</span> <span class='ocrx_word' id='word_1_682' title='bbox 2512 2562 2916 2632; x_wconf 79' lang='grc' dir='ltr'>ἀριθμήσαντες</span> <span class='ocrx_word' id='word_1_683' title='bbox 2943 2563 3006 2613; x_wconf 86' lang='grc' dir='ltr'>ἐκ</span> <span class='ocrx_word' id='word_1_684' title='bbox 3040 2561 3139 2629; x_wconf 80' lang='grc' dir='ltr'>τῆς</span> <span class='ocrx_word' id='word_1_685' title='bbox 3169 2557 3498 2628; x_wconf 78' lang='grc' dir='ltr'>συλλήψεως.</span> 
     </span>
    </p>
   </div>
   <div class='ocr_carea' id='block_1_92' title="bbox 2186 2636 3708 2715">
    <p class='ocr_par' dir='ltr' id='par_1_92' title="bbox 2186 2636 3708 2715">
     <span class='ocr_line' id='line_1_93' title="bbox 2186 2636 3708 2715; baseline -0.007 -16"><span class='ocrx_word' id='word_1_686' title='bbox 2186 2645 2358 2699; x_wconf 86' lang='grc' dir='ltr'>Πόθεν</span> <span class='ocrx_word' id='word_1_687' title='bbox 2391 2641 2485 2698; x_wconf 78' lang='grc' dir='ltr'>οὖν</span> <span class='ocrx_word' id='word_1_688' title='bbox 2534 2645 2796 2715; x_wconf 84' lang='grc' dir='ltr'>εἰσόμεθα</span> <span class='ocrx_word' id='word_1_689' title='bbox 2821 2684 2834 2708; x_wconf 92' lang='grc'>,</span> <span class='ocrx_word' id='word_1_690' title='bbox 2885 2646 3038 2707; x_wconf 87' lang='grc' dir='ltr'>ποῖος</span> <span class='ocrx_word' id='word_1_691' title='bbox 3076 2639 3144 2714; x_wconf 76' lang='grc' dir='ltr'>ἦν</span> <span class='ocrx_word' id='word_1_692' title='bbox 3197 2646 3226 2696; x_wconf 92' lang='lat'>6</span> <span class='ocrx_word' id='word_1_693' title='bbox 3258 2642 3418 2704; x_wconf 75' lang='grc' dir='ltr'>ἕκτος</span> <span class='ocrx_word' id='word_1_694' title='bbox 3455 2641 3562 2710; x_wconf 81' lang='grc' dir='ltr'>μὴν</span> <span class='ocrx_word' id='word_1_695' title='bbox 3602 2636 3708 2706; x_wconf 73' lang='grc' dir='ltr'>τῆς</span> 
     </span>
    </p>
   </div>
   <div class='ocr_carea' id='block_1_93' title="bbox 2115 2719 3706 2802">
    <p class='ocr_par' dir='ltr' id='par_1_93' title="bbox 2115 2719 3706 2802">
     <span class='ocr_line' id='line_1_94' title="bbox 2115 2719 3706 2802; baseline -0.009 -18"><span class='ocrx_word' id='word_1_696' title='bbox 2115 2732 2366 2802; x_wconf 79' lang='grc' dir='ltr'>κυήσεως</span> <span class='ocrx_word' id='word_1_697' title='bbox 2389 2729 2490 2798; x_wconf 81' lang='grc' dir='ltr'>τῆς</span> <span class='ocrx_word' id='word_1_698' title='bbox 2517 2728 2800 2783; x_wconf 80' lang='grc' dir='ltr'>Ἐλισάϐετ</span> <span class='ocrx_word' id='word_1_699' title='bbox 2821 2745 2834 2794; x_wconf 90' lang='lat'>;</span> <span class='ocrx_word' id='word_1_700' title='bbox 2853 2728 2949 2780; x_wconf 79' lang='grc' dir='ltr'>Ἂν</span> <span class='ocrx_word' id='word_1_701' title='bbox 2969 2726 3232 2798; x_wconf 88' lang='grc' dir='ltr'>μάθωμεν</span> <span class='ocrx_word' id='word_1_702' title='bbox 3254 2726 3408 2786; x_wconf 89' lang='grc' dir='ltr'>ποῖος</span> <span class='ocrx_word' id='word_1_703' title='bbox 3426 2719 3495 2792; x_wconf 82' lang='grc' dir='ltr'>ἦν</span> <span class='ocrx_word' id='word_1_704' title='bbox 3517 2723 3545 2774; x_wconf 91' lang='lat'>6</span> <span class='ocrx_word' id='word_1_705' title='bbox 3577 2719 3706 2790; x_wconf 79' lang='grc' dir='ltr'>μὴν,</span> 
     </span>
    </p>
   </div>
   <div class='ocr_carea' id='block_1_94' title="bbox 2116 2805 3711 2885">
    <p class='ocr_par' dir='ltr' id='par_1_94' title="bbox 2116 2805 3711 2885">
     <span class='ocr_line' id='line_1_95' title="bbox 2116 2805 3711 2885; baseline -0.008 -15"><span class='ocrx_word' id='word_1_706' title='bbox 2116 2816 2239 2870; x_wconf 89' lang='grc' dir='ltr'>καθ’</span> <span class='ocrx_word' id='word_1_707' title='bbox 2287 2816 2346 2868; x_wconf 81' lang='grc' dir='ltr'>ὃν</span> <span class='ocrx_word' id='word_1_708' title='bbox 2398 2814 2602 2885; x_wconf 78' lang='grc' dir='ltr'>ήρξατο</span> <span class='ocrx_word' id='word_1_709' title='bbox 2652 2812 3076 2883; x_wconf 79' lang='grc' dir='ltr'>συλλαμϐάνειν.</span> <span class='ocrx_word' id='word_1_710' title='bbox 3120 2811 3289 2864; x_wconf 87' lang='grc' dir='ltr'>Πόθεν</span> <span class='ocrx_word' id='word_1_711' title='bbox 3331 2809 3390 2863; x_wconf 84' lang='grc' dir='ltr'>δὲ</span> <span class='ocrx_word' id='word_1_712' title='bbox 3442 2805 3711 2876; x_wconf 86' lang='grc' dir='ltr'>εἰσόμεθα</span> 
     </span>
    </p>
   </div>
   <div class='ocr_carea' id='block_1_95' title="bbox 2118 2890 3711 2969">
    <p class='ocr_par' dir='ltr' id='par_1_95' title="bbox 2118 2890 3711 2969">
     <span class='ocr_line' id='line_1_96' title="bbox 2118 2890 3711 2969; baseline -0.009 -16"><span class='ocrx_word' id='word_1_713' title='bbox 2118 2901 2270 2962; x_wconf 87' lang='grc' dir='ltr'>ποῖος</span> <span class='ocrx_word' id='word_1_714' title='bbox 2310 2894 2379 2969; x_wconf 79' lang='grc' dir='ltr'>ἦν</span> <span class='ocrx_word' id='word_1_715' title='bbox 2411 2901 2438 2952; x_wconf 94' lang='lat'>6</span> <span class='ocrx_word' id='word_1_716' title='bbox 2474 2898 2600 2968; x_wconf 83' lang='grc' dir='ltr'>μὴν,</span> <span class='ocrx_word' id='word_1_717' title='bbox 2643 2897 2764 2950; x_wconf 87' lang='grc' dir='ltr'>καθ’</span> <span class='ocrx_word' id='word_1_718' title='bbox 2796 2896 2854 2949; x_wconf 85' lang='grc' dir='ltr'>ὃν</span> <span class='ocrx_word' id='word_1_719' title='bbox 2918 2896 3249 2960; x_wconf 86' lang='grc' dir='ltr'>συνέλαϐεν;</span> <span class='ocrx_word' id='word_1_720' title='bbox 3290 2896 3390 2946; x_wconf 80' lang='grc' dir='ltr'>Ἀν</span> <span class='ocrx_word' id='word_1_721' title='bbox 3446 2890 3711 2962; x_wconf 80' lang='grc' dir='ltr'>μάθωμεν</span> 
     </span>
    </p>
   </div>
   <div class='ocr_carea' id='block_1_96' title="bbox 2117 2973 3714 3050">
    <p class='ocr_par' dir='ltr' id='par_1_96' title="bbox 2117 2973 3714 3050">
     <span class='ocr_line' id='line_1_97' title="bbox 2117 2973 3714 3050; baseline -0.007 -14"><span class='ocrx_word' id='word_1_722' title='bbox 2117 2983 2262 3036; x_wconf 82' lang='grc' dir='ltr'>κατὰ</span> <span class='ocrx_word' id='word_1_723' title='bbox 2293 2983 2444 3034; x_wconf 84' lang='grc' dir='ltr'>ποῖον</span> <span class='ocrx_word' id='word_1_724' title='bbox 2479 2979 2672 3050; x_wconf 78' lang='grc' dir='ltr'>καιρὸν</span> <span class='ocrx_word' id='word_1_725' title='bbox 2707 2979 3071 3049; x_wconf 80' lang='grc' dir='ltr'>εὐηγγελίσθη</span> <span class='ocrx_word' id='word_1_726' title='bbox 3117 2978 3391 3048; x_wconf 88' lang='grc' dir='ltr'>Ζαχαρίας</span> <span class='ocrx_word' id='word_1_727' title='bbox 3421 2976 3451 3026; x_wconf 89' lang='lat'>6</span> <span class='ocrx_word' id='word_1_728' title='bbox 3499 2973 3714 3042; x_wconf 82' lang='grc' dir='ltr'>ταύτης</span> 
     </span>
    </p>
   </div>
   <div class='ocr_carea' id='block_1_97' title="bbox 2119 3057 3712 3136">
    <p class='ocr_par' dir='ltr' id='par_1_97' title="bbox 2119 3057 3712 3136">
     <span class='ocr_line' id='line_1_98' title="bbox 2119 3057 3712 3136; baseline -0.008 -16"><span class='ocrx_word' id='word_1_729' title='bbox 2119 3067 2278 3136; x_wconf 85' lang='grc' dir='ltr'>ἀνήρ.</span> <span class='ocrx_word' id='word_1_730' title='bbox 2310 3064 2449 3118; x_wconf 76' lang='grc' dir='ltr'>Αὐτὸ</span> <span class='ocrx_word' id='word_1_731' title='bbox 2478 3063 2534 3115; x_wconf 86' lang='grc' dir='ltr'>δὲ</span> <span class='ocrx_word' id='word_1_732' title='bbox 2581 3062 2740 3116; x_wconf 85' lang='grc' dir='ltr'>τοῦτο</span> <span class='ocrx_word' id='word_1_733' title='bbox 2790 3063 2954 3116; x_wconf 85' lang='grc' dir='ltr'>πόθεν</span> <span class='ocrx_word' id='word_1_734' title='bbox 3008 3065 3140 3133; x_wconf 83' lang='grc' dir='ltr'>ἡμῖν</span> <span class='ocrx_word' id='word_1_735' title='bbox 3193 3062 3347 3114; x_wconf 82' lang='grc' dir='ltr'>ἔσται</span> <span class='ocrx_word' id='word_1_736' title='bbox 3395 3057 3712 3130; x_wconf 80' lang='grc' dir='ltr'>γνώριμονς</span> 
     </span>
    </p>
   </div>
   <div class='ocr_carea' id='block_1_98' title="bbox 2132 3140 3712 3217">
    <p class='ocr_par' dir='ltr' id='par_1_98' title="bbox 2132 3140 3712 3217">
     <span class='ocr_line' id='line_1_99' title="bbox 2132 3140 3712 3217; baseline -0.007 -14"><span class='ocrx_word' id='word_1_737' title='bbox 2132 3149 2266 3202; x_wconf 87' lang='grc' dir='ltr'>Ἀπὸ</span> <span class='ocrx_word' id='word_1_738' title='bbox 2297 3149 2404 3202; x_wconf 82' lang='grc' dir='ltr'>τῶν</span> <span class='ocrx_word' id='word_1_739' title='bbox 2432 3147 2592 3200; x_wconf 88' lang='grc' dir='ltr'>θείων</span> <span class='ocrx_word' id='word_1_740' title='bbox 2622 3147 2875 3217; x_wconf 85' lang='grc' dir='ltr'>Γραφῶν·</span> <span class='ocrx_word' id='word_1_741' title='bbox 2897 3145 3080 3208; x_wconf 85' lang='grc' dir='ltr'>καθὼς</span> <span class='ocrx_word' id='word_1_742' title='bbox 3114 3145 3177 3198; x_wconf 79' lang='grc' dir='ltr'>τὸ</span> <span class='ocrx_word' id='word_1_743' title='bbox 3200 3145 3353 3212; x_wconf 81' lang='grc' dir='ltr'>ἆγιον</span> <span class='ocrx_word' id='word_1_744' title='bbox 3376 3140 3712 3209; x_wconf 81' lang='grc' dir='ltr'>Εὐαγγέλιον</span> 
     </span>
    </p>
   </div>
   <div class='ocr_carea' id='block_1_99' title="bbox 2119 3225 3714 3301">
    <p class='ocr_par' dir='ltr' id='par_1_99' title="bbox 2119 3225 3714 3301">
     <span class='ocr_line' id='line_1_100' title="bbox 2119 3225 3714 3301; baseline -0.007 -15"><span class='ocrx_word' id='word_1_745' title='bbox 2119 3233 2287 3301; x_wconf 86' lang='grc' dir='ltr'>λέγει,</span> <span class='ocrx_word' id='word_1_746' title='bbox 2310 3233 2393 3285; x_wconf 83' lang='grc' dir='ltr'>ὅτι</span> <span class='ocrx_word' id='word_1_747' title='bbox 2426 3233 2505 3294; x_wconf 84' lang='grc' dir='ltr'>εἰς</span> <span class='ocrx_word' id='word_1_748' title='bbox 2531 3232 2598 3284; x_wconf 73' lang='grc' dir='ltr'>τὰ</span> <span class='ocrx_word' id='word_1_749' title='bbox 2619 3232 2785 3300; x_wconf 76' lang='grc' dir='ltr'>’Ἅγια</span> <span class='ocrx_word' id='word_1_750' title='bbox 2816 3231 2923 3284; x_wconf 83' lang='grc' dir='ltr'>τῶν</span> <span class='ocrx_word' id='word_1_751' title='bbox 2951 3230 3122 3298; x_wconf 83' lang='grc' dir='ltr'>ἁγίων</span> <span class='ocrx_word' id='word_1_752' title='bbox 3150 3228 3298 3282; x_wconf 72' lang='grc' dir='ltr'>ἔνδον</span> <span class='ocrx_word' id='word_1_753' title='bbox 3328 3227 3457 3279; x_wconf 76' lang='grc' dir='ltr'>ὄντα</span> <span class='ocrx_word' id='word_1_754' title='bbox 3488 3225 3579 3277; x_wconf 78' lang='grc' dir='ltr'>τὸν</span> <span class='ocrx_word' id='word_1_755' title='bbox 3604 3225 3714 3276; x_wconf 85' lang='grc' dir='ltr'>Ζα-</span> 
     </span>
    </p>
   </div>
   <div class='ocr_carea' id='block_1_100' title="bbox 2120 3308 3715 3388">
    <p class='ocr_par' dir='ltr' id='par_1_100' title="bbox 2120 3308 3715 3388">
     <span class='ocr_line' id='line_1_101' title="bbox 2120 3308 3715 3388; baseline -0.006 -18"><span class='ocrx_word' id='word_1_756' title='bbox 2120 3318 2318 3388; x_wconf 88' lang='grc' dir='ltr'>χαρίαν</span> <span class='ocrx_word' id='word_1_757' title='bbox 2345 3320 2372 3369; x_wconf 87' lang='lat'>6</span> <span class='ocrx_word' id='word_1_758' title='bbox 2399 3315 2628 3383; x_wconf 87' lang='grc' dir='ltr'>ἄγγελος</span> <span class='ocrx_word' id='word_1_759' title='bbox 2656 3314 3067 3384; x_wconf 76' lang='grc' dir='ltr'>εὐηγγελίσατο,</span> <span class='ocrx_word' id='word_1_760' title='bbox 3099 3314 3191 3365; x_wconf 71' lang='grc' dir='ltr'>καὶ</span> <span class='ocrx_word' id='word_1_761' title='bbox 3216 3308 3367 3364; x_wconf 79' lang='grc' dir='ltr'>εἶπεν</span> <span class='ocrx_word' id='word_1_762' title='bbox 3401 3309 3551 3378; x_wconf 75' lang='grc' dir='ltr'>αὐτῷ</span> <span class='ocrx_word' id='word_1_763' title='bbox 3581 3308 3715 3374; x_wconf 76' lang='grc' dir='ltr'>περὶ</span> 
     </span>
    </p>
   </div>
   <div class='ocr_carea' id='block_1_101' title="bbox 2120 3391 3715 3465">
    <p class='ocr_par' dir='ltr' id='par_1_101' title="bbox 2120 3391 3715 3465">
     <span class='ocr_line' id='line_1_102' title="bbox 2120 3391 3715 3465; baseline -0.006 -11"><span class='ocrx_word' id='word_1_764' title='bbox 2120 3402 2215 3454; x_wconf 89' lang='grc' dir='ltr'>τοῦ</span> <span class='ocrx_word' id='word_1_765' title='bbox 2248 3400 2472 3453; x_wconf 88' lang='grc' dir='ltr'>τοκετοῦ</span> <span class='ocrx_word' id='word_1_766' title='bbox 2521 3399 2787 3453; x_wconf 81' lang='grc' dir='ltr'>Ἰωάννου.</span> <span class='ocrx_word' id='word_1_767' title='bbox 2828 3399 2924 3451; x_wconf 76' lang='grc' dir='ltr'>Ἀν</span> <span class='ocrx_word' id='word_1_768' title='bbox 2955 3399 3131 3450; x_wconf 84' lang='grc' dir='ltr'>τοίνυν</span> <span class='ocrx_word' id='word_1_769' title='bbox 3153 3395 3443 3465; x_wconf 84' lang='grc' dir='ltr'>ἀποδειχθῇ</span> <span class='ocrx_word' id='word_1_770' title='bbox 3473 3405 3498 3432; x_wconf 74' lang='grc' dir='ltr'>ε</span> <span class='ocrx_word' id='word_1_771' title='bbox 3525 3391 3715 3460; x_wconf 75' lang='grc' dir='ltr'>σαφῶς</span> 
     </span>
    </p>
   </div>
   <div class='ocr_carea' id='block_1_102' title="bbox 2122 3477 3716 3556">
    <p class='ocr_par' dir='ltr' id='par_1_102' title="bbox 2122 3477 3716 3556">
     <span class='ocr_line' id='line_1_103' title="bbox 2122 3477 3716 3556; baseline -0.008 -16"><span class='ocrx_word' id='word_1_772' title='bbox 2122 3487 2229 3540; x_wconf 78' lang='grc' dir='ltr'>ἀπὸ</span> <span class='ocrx_word' id='word_1_773' title='bbox 2244 3485 2350 3539; x_wconf 79' lang='grc' dir='ltr'>τῶν</span> <span class='ocrx_word' id='word_1_774' title='bbox 2371 3485 2620 3556; x_wconf 79' lang='grc' dir='ltr'>Γραφῶν,</span> <span class='ocrx_word' id='word_1_775' title='bbox 2642 3485 2725 3537; x_wconf 78' lang='grc' dir='ltr'>ὅτι</span> <span class='ocrx_word' id='word_1_776' title='bbox 2743 3484 2837 3536; x_wconf 80' lang='grc' dir='ltr'>καὶ</span> <span class='ocrx_word' id='word_1_777' title='bbox 2864 3482 3014 3547; x_wconf 75' lang='grc' dir='ltr'>ἅπαξ</span> <span class='ocrx_word' id='word_1_778' title='bbox 3035 3483 3322 3553; x_wconf 79' lang='grc' dir='ltr'>εἰσήρχετο</span> <span class='ocrx_word' id='word_1_779' title='bbox 3344 3482 3422 3542; x_wconf 90' lang='grc' dir='ltr'>εἰς</span> <span class='ocrx_word' id='word_1_780' title='bbox 3451 3477 3521 3530; x_wconf 80' lang='grc' dir='ltr'>τά</span> <span class='ocrx_word' id='word_1_781' title='bbox 3543 3477 3716 3544; x_wconf 73' lang='grc' dir='ltr'>Ἅγια</span> 
     </span>
    </p>
   </div>
   <div class='ocr_carea' id='block_1_103' title="bbox 2121 3561 3717 3640">
    <p class='ocr_par' dir='ltr' id='par_1_103' title="bbox 2121 3561 3717 3640">
     <span class='ocr_line' id='line_1_104' title="bbox 2121 3561 3717 3640; baseline -0.008 -15"><span class='ocrx_word' id='word_1_782' title='bbox 2121 3571 2231 3626; x_wconf 87' lang='grc' dir='ltr'>τῶν</span> <span class='ocrx_word' id='word_1_783' title='bbox 2263 3571 2434 3640; x_wconf 87' lang='grc' dir='ltr'>ἁγίων</span> <span class='ocrx_word' id='word_1_784' title='bbox 2461 3573 2489 3623; x_wconf 90' lang='lat'>6</span> <span class='ocrx_word' id='word_1_785' title='bbox 2517 3569 2829 3640; x_wconf 83' lang='grc' dir='ltr'>ἀρχιερεὺς,</span> <span class='ocrx_word' id='word_1_786' title='bbox 2877 3569 2970 3621; x_wconf 72' lang='grc' dir='ltr'>καὶ</span> <span class='ocrx_word' id='word_1_787' title='bbox 3024 3567 3204 3637; x_wconf 73' lang='grc' dir='ltr'>μόνος,</span> <span class='ocrx_word' id='word_1_788' title='bbox 3251 3567 3346 3618; x_wconf 78' lang='grc' dir='ltr'>καὶ</span> <span class='ocrx_word' id='word_1_789' title='bbox 3390 3564 3560 3625; x_wconf 89' lang='grc' dir='ltr'>πότε,</span> <span class='ocrx_word' id='word_1_790' title='bbox 3617 3561 3717 3614; x_wconf 73' lang='grc' dir='ltr'>καὶ</span> 
     </span>
    </p>
   </div>
   <div class='ocr_carea' id='block_1_104' title="bbox 2124 3648 3716 3725">
    <p class='ocr_par' dir='ltr' id='par_1_104' title="bbox 2124 3648 3716 3725">
     <span class='ocr_line' id='line_1_105' title="bbox 2124 3648 3716 3725; baseline -0.007 -17"><span class='ocrx_word' id='word_1_791' title='bbox 2124 3654 2262 3724; x_wconf 83' lang='grc' dir='ltr'>ποίῳ</span> <span class='ocrx_word' id='word_1_792' title='bbox 2287 3653 2417 3725; x_wconf 79' lang='grc' dir='ltr'>μηνὶ</span> <span class='ocrx_word' id='word_1_793' title='bbox 2443 3653 2536 3706; x_wconf 88' lang='grc' dir='ltr'>τοῦ</span> <span class='ocrx_word' id='word_1_794' title='bbox 2571 3653 2821 3707; x_wconf 81' lang='grc' dir='ltr'>ἐνιαυτοῦ</span> <span class='ocrx_word' id='word_1_795' title='bbox 2851 3654 2912 3706; x_wconf 82' lang='grc' dir='ltr'>τὸ</span> <span class='ocrx_word' id='word_1_796' title='bbox 2961 3653 3105 3717; x_wconf 76' lang='grc' dir='ltr'>ἅπαξ</span> <span class='ocrx_word' id='word_1_797' title='bbox 3153 3649 3312 3702; x_wconf 87' lang='grc' dir='ltr'>τοῦτο</span> <span class='ocrx_word' id='word_1_798' title='bbox 3371 3648 3678 3718; x_wconf 84' lang='grc' dir='ltr'>εἰσέρχεται</span> <span class='ocrx_word' id='word_1_799' title='bbox 3699 3685 3716 3708; x_wconf 94' lang='grc'>,</span> 
     </span>
    </p>
   </div>
   <div class='ocr_carea' id='block_1_105' title="bbox 2125 3729 3717 3810">
    <p class='ocr_par' dir='ltr' id='par_1_105' title="bbox 2125 3729 3717 3810">
     <span class='ocr_line' id='line_1_106' title="bbox 2125 3729 3717 3810; baseline -0.008 -17"><span class='ocrx_word' id='word_1_800' title='bbox 2125 3739 2348 3810; x_wconf 80' lang='grc' dir='ltr'>εύδηλος</span> <span class='ocrx_word' id='word_1_801' title='bbox 2381 3737 2534 3790; x_wconf 71' lang='grc' dir='ltr'>ἔσται</span> <span class='ocrx_word' id='word_1_802' title='bbox 2577 3739 2605 3791; x_wconf 86' lang='lat'>6</span> <span class='ocrx_word' id='word_1_803' title='bbox 2633 3737 2842 3808; x_wconf 82' lang='grc' dir='ltr'>καιρὸς,</span> <span class='ocrx_word' id='word_1_804' title='bbox 2867 3735 2989 3790; x_wconf 79' lang='grc' dir='ltr'>καθ’</span> <span class='ocrx_word' id='word_1_805' title='bbox 3019 3736 3078 3788; x_wconf 82' lang='grc' dir='ltr'>ὃν</span> <span class='ocrx_word' id='word_1_806' title='bbox 3106 3732 3495 3805; x_wconf 82' lang='grc' dir='ltr'>εὐηγγελίσθη·</span> <span class='ocrx_word' id='word_1_807' title='bbox 3521 3729 3717 3784; x_wconf 81' lang='grc' dir='ltr'>τούτου</span> 
     </span>
    </p>
   </div>
   <div class='ocr_carea' id='block_1_106' title="bbox 2123 3816 3719 3893">
    <p class='ocr_par' dir='ltr' id='par_1_106' title="bbox 2123 3816 3719 3893">
     <span class='ocr_line' id='line_1_107' title="bbox 2123 3816 3719 3893; baseline -0.007 -15"><span class='ocrx_word' id='word_1_808' title='bbox 2123 3825 2180 3878; x_wconf 83' lang='grc' dir='ltr'>δὲ</span> <span class='ocrx_word' id='word_1_809' title='bbox 2204 3823 2499 3892; x_wconf 87' lang='grc' dir='ltr'>γενομένου</span> <span class='ocrx_word' id='word_1_810' title='bbox 2521 3821 2705 3892; x_wconf 82' lang='grc' dir='ltr'>δήλου,</span> <span class='ocrx_word' id='word_1_811' title='bbox 2725 3821 2821 3875; x_wconf 76' lang='grc' dir='ltr'>καὶ</span> <span class='ocrx_word' id='word_1_812' title='bbox 2855 3823 2889 3892; x_wconf 89' lang='grc' dir='ltr'>ή</span> <span class='ocrx_word' id='word_1_813' title='bbox 2919 3819 3066 3893; x_wconf 75' lang='grc' dir='ltr'>ἀρχὴ</span> <span class='ocrx_word' id='word_1_814' title='bbox 3094 3820 3193 3889; x_wconf 81' lang='grc' dir='ltr'>τῆς</span> <span class='ocrx_word' id='word_1_815' title='bbox 3220 3817 3532 3888; x_wconf 65' lang='grc' dir='ltr'>συλλήψεως</span> <span class='ocrx_word' id='word_1_816' title='bbox 3561 3816 3719 3868; x_wconf 76' lang='grc' dir='ltr'>ἔσται</span> 
     </span>
    </p>
   </div>
   <div class='ocr_carea' id='block_1_107' title="bbox 2123 3899 3720 3976">
    <p class='ocr_par' dir='ltr' id='par_1_107' title="bbox 2123 3899 3720 3976">
     <span class='ocr_line' id='line_1_108' title="bbox 2123 3899 3720 3976; baseline -0.008 -15"><span class='ocrx_word' id='word_1_817' title='bbox 2123 3910 2238 3971; x_wconf 83' lang='grc' dir='ltr'>τοῖς</span> <span class='ocrx_word' id='word_1_818' title='bbox 2275 3907 2405 3959; x_wconf 79' lang='grc' dir='ltr'>πᾶσι</span> <span class='ocrx_word' id='word_1_819' title='bbox 2433 3904 2729 3976; x_wconf 89' lang='grc' dir='ltr'>γνώριμος.</span> <span class='ocrx_word' id='word_1_820' title='bbox 2782 3905 2902 3957; x_wconf 87' lang='grc' dir='ltr'>’Ὁτι</span> <span class='ocrx_word' id='word_1_821' title='bbox 2939 3905 3036 3974; x_wconf 80' lang='grc' dir='ltr'>μὲν</span> <span class='ocrx_word' id='word_1_822' title='bbox 3076 3899 3168 3956; x_wconf 78' lang='grc' dir='ltr'>οὖν</span> <span class='ocrx_word' id='word_1_823' title='bbox 3213 3901 3357 3967; x_wconf 79' lang='grc' dir='ltr'>ἅπαξ</span> <span class='ocrx_word' id='word_1_824' title='bbox 3395 3899 3489 3952; x_wconf 87' lang='grc' dir='ltr'>τοῦ</span> <span class='ocrx_word' id='word_1_825' title='bbox 3536 3901 3720 3951; x_wconf 75' lang='grc' dir='ltr'>ἐνιαυο</span> 
     </span>
    </p>
   </div>
   <div class='ocr_carea' id='block_1_108' title="bbox 2125 3982 3719 4062">
    <p class='ocr_par' dir='ltr' id='par_1_108' title="bbox 2125 3982 3719 4062">
     <span class='ocr_line' id='line_1_109' title="bbox 2125 3982 3719 4062; baseline -0.006 -17"><span class='ocrx_word' id='word_1_826' title='bbox 2125 3991 2221 4046; x_wconf 87' lang='grc' dir='ltr'>τοῦ</span> <span class='ocrx_word' id='word_1_827' title='bbox 2251 3992 2558 4062; x_wconf 87' lang='grc' dir='ltr'>εἰσήρχετο,</span> <span class='ocrx_word' id='word_1_828' title='bbox 2587 3990 2681 4042; x_wconf 75' lang='grc' dir='ltr'>καὶ</span> <span class='ocrx_word' id='word_1_829' title='bbox 2709 3991 2737 4041; x_wconf 90' lang='lat'>6</span> <span class='ocrx_word' id='word_1_830' title='bbox 2769 3988 2979 4051; x_wconf 86' lang='grc' dir='ltr'>Παῦλος</span> <span class='ocrx_word' id='word_1_831' title='bbox 3009 3987 3267 4059; x_wconf 84' lang='grc' dir='ltr'>ἐδήλωσε,</span> <span class='ocrx_word' id='word_1_832' title='bbox 3294 3987 3387 4038; x_wconf 72' lang='grc' dir='ltr'>καὶ</span> <span class='ocrx_word' id='word_1_833' title='bbox 3417 3987 3444 4037; x_wconf 87' lang='lat'>6</span> <span class='ocrx_word' id='word_1_834' title='bbox 3472 3982 3719 4052; x_wconf 76' lang='grc' dir='ltr'>Μωῦσῆς</span> 
     </span>
    </p>
   </div>
   <div class='ocr_carea' id='block_1_109' title="bbox 2126 4066 3722 4142">
    <p class='ocr_par' dir='ltr' id='par_1_109' title="bbox 2126 4066 3722 4142">
     <span class='ocr_line' id='line_1_110' title="bbox 2126 4066 3722 4142; baseline -0.006 -14"><span class='ocrx_word' id='word_1_835' title='bbox 2126 4074 2185 4128; x_wconf 85' lang='grc' dir='ltr'>δὲ</span> <span class='ocrx_word' id='word_1_836' title='bbox 2211 4074 2370 4128; x_wconf 91' lang='grc' dir='ltr'>τοῦτο</span> <span class='ocrx_word' id='word_1_837' title='bbox 2391 4073 2524 4127; x_wconf 82' lang='grc' dir='ltr'>αὐτὸ</span> <span class='ocrx_word' id='word_1_838' title='bbox 2548 4072 2707 4142; x_wconf 82' lang='grc' dir='ltr'>δῆλον</span> <span class='ocrx_word' id='word_1_839' title='bbox 2733 4073 2893 4135; x_wconf 82' lang='grc' dir='ltr'>ποιεί,</span> <span class='ocrx_word' id='word_1_840' title='bbox 2914 4071 3057 4123; x_wconf 74' lang='grc' dir='ltr'>οὕτω</span> <span class='ocrx_word' id='word_1_841' title='bbox 3087 4071 3282 4137; x_wconf 84' lang='grc' dir='ltr'>λέγων·</span> <span class='ocrx_word' id='word_1_842' title='bbox 3307 4069 3416 4123; x_wconf 82' lang='grc' dir='ltr'>Καὶ</span> <span class='ocrx_word' id='word_1_843' title='bbox 3447 4066 3722 4132; x_wconf 69' lang='grc' dir='ltr'>ἐλάλησεν</span> 
     </span>
    </p>
   </div>
   <div class='ocr_carea' id='block_1_110' title="bbox 2127 4147 3723 4227">
    <p class='ocr_par' dir='ltr' id='par_1_110' title="bbox 2127 4147 3723 4227">
     <span class='ocr_line' id='line_1_111' title="bbox 2127 4147 3723 4227; baseline -0.009 -13"><span class='ocrx_word' id='word_1_844' title='bbox 2127 4160 2342 4227; x_wconf 85' lang='grc' dir='ltr'>Κύριος</span> <span class='ocrx_word' id='word_1_845' title='bbox 2401 4156 2554 4224; x_wconf 87' lang='grc' dir='ltr'>πρὸς</span> <span class='ocrx_word' id='word_1_846' title='bbox 2609 4153 2874 4223; x_wconf 75' lang='grc' dir='ltr'>Μωϋσῆν</span> <span class='ocrx_word' id='word_1_847' title='bbox 2922 4153 3119 4222; x_wconf 74' lang='grc' dir='ltr'>λέγων</span> <span class='ocrx_word' id='word_1_848' title='bbox 3145 4169 3156 4181; x_wconf 91' lang='grc'>·</span> <span class='ocrx_word' id='word_1_849' title='bbox 3222 4151 3512 4217; x_wconf 77' lang='grc' dir='ltr'>Λάλησον</span> <span class='ocrx_word' id='word_1_850' title='bbox 3569 4147 3723 4214; x_wconf 76' lang='grc' dir='ltr'>πρὸς</span> 
     </span>
    </p>
   </div>
   <div class='ocr_carea' id='block_1_111' title="bbox 2141 4233 3724 4311">
    <p class='ocr_par' dir='ltr' id='par_1_111' title="bbox 2141 4233 3724 4311">
     <span class='ocr_line' id='line_1_112' title="bbox 2141 4233 3724 4311; baseline -0.008 -13"><span class='ocrx_word' id='word_1_851' title='bbox 2141 4242 2368 4311; x_wconf 87' lang='grc' dir='ltr'>Ἀαρὼν</span> <span class='ocrx_word' id='word_1_852' title='bbox 2396 4241 2504 4294; x_wconf 84' lang='grc' dir='ltr'>τὸν</span> <span class='ocrx_word' id='word_1_853' title='bbox 2529 4241 2799 4309; x_wconf 67' lang='grc' dir='ltr'>ἀδελφόν</span> <span class='ocrx_word' id='word_1_854' title='bbox 2835 4253 2973 4303; x_wconf 86' lang='grc' dir='ltr'>σου,</span> <span class='ocrx_word' id='word_1_855' title='bbox 3010 4239 3110 4292; x_wconf 77' lang='grc' dir='ltr'>καὶ</span> <span class='ocrx_word' id='word_1_856' title='bbox 3155 4237 3242 4306; x_wconf 78' lang='grc' dir='ltr'>μὴ</span> <span class='ocrx_word' id='word_1_857' title='bbox 3273 4233 3724 4302; x_wconf 81' lang='grc' dir='ltr'>εἰσπορευέσθω</span> 
     </span>
    </p>
   </div>
   <div class='ocr_carea' id='block_1_112' title="bbox 2130 4318 3720 4393">
    <p class='ocr_par' dir='ltr' id='par_1_112' title="bbox 2130 4318 3720 4393">
     <span class='ocr_line' id='line_1_113' title="bbox 2130 4318 3720 4393; baseline -0.005 -14"><span class='ocrx_word' id='word_1_858' title='bbox 2130 4326 2339 4381; x_wconf 81' lang='grc' dir='ltr'>πᾶσαν</span> <span class='ocrx_word' id='word_1_859' title='bbox 2353 4323 2513 4393; x_wconf 84' lang='grc' dir='ltr'>ὥραν</span> <span class='ocrx_word' id='word_1_860' title='bbox 2541 4327 2629 4390; x_wconf 79' lang='grc' dir='ltr'>εἰς</span> <span class='ocrx_word' id='word_1_861' title='bbox 2673 4323 2738 4376; x_wconf 85' lang='grc' dir='ltr'>τὸ</span> <span class='ocrx_word' id='word_1_862' title='bbox 2765 4323 2938 4391; x_wconf 77' lang='grc' dir='ltr'>ἅγιον</span> <span class='ocrx_word' id='word_1_863' title='bbox 2960 4322 3027 4375; x_wconf 87' lang='grc' dir='ltr'>τὸ</span> <span class='ocrx_word' id='word_1_864' title='bbox 3049 4320 3349 4388; x_wconf 81' lang='grc' dir='ltr'>ἐσώτερον</span> <span class='ocrx_word' id='word_1_865' title='bbox 3386 4318 3495 4372; x_wconf 88' lang='grc' dir='ltr'>τοῦ</span> <span class='ocrx_word' id='word_1_866' title='bbox 3534 4332 3720 4371; x_wconf 83' lang='grc' dir='ltr'>κατα·</span> 
     </span>
    </p>
   </div>
   <div class='ocr_carea' id='block_1_113' title="bbox 2132 4397 3723 4481">
    <p class='ocr_par' dir='ltr' id='par_1_113' title="bbox 2132 4397 3723 4481">
     <span class='ocr_line' id='line_1_114' title="bbox 2132 4397 3723 4481; baseline -0.009 -14"><span class='ocrx_word' id='word_1_867' title='bbox 2132 4413 2513 4481; x_wconf 87' lang='grc' dir='ltr'>πετάσματος</span> <span class='ocrx_word' id='word_1_868' title='bbox 2535 4411 2623 4475; x_wconf 78' lang='grc' dir='ltr'>εἰς</span> <span class='ocrx_word' id='word_1_869' title='bbox 2671 4409 2736 4460; x_wconf 82' lang='grc' dir='ltr'>τὸ</span> <span class='ocrx_word' id='word_1_870' title='bbox 2775 4408 3105 4476; x_wconf 85' lang='grc' dir='ltr'>πρόσωπον</span> <span class='ocrx_word' id='word_1_871' title='bbox 3137 4404 3246 4459; x_wconf 87' lang='grc' dir='ltr'>τοῦ</span> <span class='ocrx_word' id='word_1_872' title='bbox 3283 4402 3638 4469; x_wconf 82' lang='grc' dir='ltr'>ίλαστηρίου</span> <span class='ocrx_word' id='word_1_873' title='bbox 3673 4397 3723 4462; x_wconf 70' lang='grc' dir='ltr'>ί,</span> 
     </span>
    </p>
   </div>
   <div class='ocr_carea' id='block_1_114' title="bbox 2133 4484 3725 4559">
    <p class='ocr_par' dir='ltr' id='par_1_114' title="bbox 2133 4484 3725 4559">
     <span class='ocr_line' id='line_1_115' title="bbox 2133 4484 3725 4559; baseline -0.009 -8"><span class='ocrx_word' id='word_1_874' title='bbox 2133 4499 2166 4551; x_wconf 85' lang='grc' dir='ltr'><em>ὅ</em></span> <span class='ocrx_word' id='word_1_875' title='bbox 2194 4497 2363 4552; x_wconf 83' lang='grc' dir='ltr'>ἐστιν</span> <span class='ocrx_word' id='word_1_876' title='bbox 2394 4495 2492 4547; x_wconf 84' lang='grc' dir='ltr'>ἐπὶ</span> <span class='ocrx_word' id='word_1_877' title='bbox 2522 4491 2632 4559; x_wconf 78' lang='grc' dir='ltr'>τῆς</span> <span class='ocrx_word' id='word_1_878' title='bbox 2659 4491 2908 4544; x_wconf 80' lang='grc' dir='ltr'>κιϐωτοῦ</span> <span class='ocrx_word' id='word_1_879' title='bbox 2947 4490 3053 4544; x_wconf 82' lang='grc' dir='ltr'>τοῦ</span> <span class='ocrx_word' id='word_1_880' title='bbox 3089 4489 3445 4559; x_wconf 83' lang='grc' dir='ltr'>μαρτυρίου,</span> <span class='ocrx_word' id='word_1_881' title='bbox 3480 4484 3579 4538; x_wconf 73' lang='grc' dir='ltr'>καὶ</span> <span class='ocrx_word' id='word_1_882' title='bbox 3609 4485 3725 4538; x_wconf 76' lang='grc' dir='ltr'>οὐκ</span> 
     </span>
    </p>
   </div>
   <div class='ocr_carea' id='block_1_115' title="bbox 2132 4570 3728 4638">
    <p class='ocr_par' dir='ltr' id='par_1_115' title="bbox 2132 4570 3728 4638">
     <span class='ocr_line' id='line_1_116' title="bbox 2132 4570 3728 4638; baseline -0.009 -3"><span class='ocrx_word' id='word_1_883' title='bbox 2132 4577 2538 4635; x_wconf 81' lang='grc' dir='ltr'>ἀποθανεῖται.</span> <span class='ocrx_word' id='word_1_884' title='bbox 2587 4576 2698 4628; x_wconf 78' lang='lat' dir='ltr'>Kal</span> <span class='ocrx_word' id='word_1_885' title='bbox 2743 4573 2925 4627; x_wconf 82' lang='grc' dir='ltr'>πάλιν·</span> <span class='ocrx_word' id='word_1_886' title='bbox 2957 4572 3068 4626; x_wconf 81' lang='grc' dir='ltr'>Καὶ</span> <span class='ocrx_word' id='word_1_887' title='bbox 3108 4571 3226 4638; x_wconf 82' lang='grc' dir='ltr'>πᾶς</span> <span class='ocrx_word' id='word_1_888' title='bbox 3267 4572 3577 4638; x_wconf 83' lang='grc' dir='ltr'>ἅνθρωπος</span> <span class='ocrx_word' id='word_1_889' title='bbox 3610 4570 3728 4621; x_wconf 76' lang='grc' dir='ltr'>οὐκ</span> 
     </span>
    </p>
   </div>
   <div class='ocr_carea' id='block_1_116' title="bbox 2134 4653 3729 4732">
    <p class='ocr_par' dir='ltr' id='par_1_116' title="bbox 2134 4653 3729 4732">
     <span class='ocr_line' id='line_1_117' title="bbox 2134 4653 3729 4732; baseline -0.009 -12"><span class='ocrx_word' id='word_1_890' title='bbox 2134 4666 2306 4720; x_wconf 79' lang='grc' dir='ltr'>ἔσται</span> <span class='ocrx_word' id='word_1_891' title='bbox 2335 4665 2404 4718; x_wconf 87' lang='grc' dir='ltr'>ἑν</span> <span class='ocrx_word' id='word_1_892' title='bbox 2424 4663 2499 4732; x_wconf 81' lang='grc' dir='ltr'>τῇ</span> <span class='ocrx_word' id='word_1_893' title='bbox 2525 4659 2727 4729; x_wconf 81' lang='grc' dir='ltr'>σκηνῇ</span> <span class='ocrx_word' id='word_1_894' title='bbox 2764 4659 2872 4713; x_wconf 84' lang='grc' dir='ltr'>τοῦ</span> <span class='ocrx_word' id='word_1_895' title='bbox 2908 4659 3262 4728; x_wconf 65' lang='grc' dir='ltr'>μαρτυρίου,</span> <span class='ocrx_word' id='word_1_896' title='bbox 3295 4653 3729 4723; x_wconf 80' lang='grc' dir='ltr'>εἰσπορευομέ-</span> 
     </span>
    </p>
   </div>
   <div class='ocr_carea' id='block_1_117' title="bbox 2134 4739 3730 4810">
    <p class='ocr_par' dir='ltr' id='par_1_117' title="bbox 2134 4739 3730 4810">
     <span class='ocr_line' id='line_1_118' title="bbox 2134 4739 3730 4810; baseline -0.008 -6"><span class='ocrx_word' id='word_1_897' title='bbox 2134 4768 2246 4804; x_wconf 89' lang='grc' dir='ltr'>νου</span> <span class='ocrx_word' id='word_1_898' title='bbox 2279 4747 2468 4802; x_wconf 79' lang='grc' dir='ltr'>αὐτοῦ</span> <span class='ocrx_word' id='word_1_899' title='bbox 2496 4746 2894 4810; x_wconf 77' lang='grc' dir='ltr'>ἐξιλάσασθαι</span> <span class='ocrx_word' id='word_1_900' title='bbox 2932 4747 3021 4808; x_wconf 74' lang='grc' dir='ltr'>εἰς</span> <span class='ocrx_word' id='word_1_901' title='bbox 3045 4742 3116 4796; x_wconf 82' lang='grc' dir='ltr'>τὰ</span> <span class='ocrx_word' id='word_1_902' title='bbox 3144 4741 3301 4810; x_wconf 75' lang='grc' dir='ltr'>ἅγια,</span> <span class='ocrx_word' id='word_1_903' title='bbox 3323 4741 3434 4806; x_wconf 81' lang='grc' dir='ltr'>ἕως</span> <span class='ocrx_word' id='word_1_904' title='bbox 3454 4739 3532 4794; x_wconf 86' lang='grc' dir='ltr'>ἂν</span> <span class='ocrx_word' id='word_1_905' title='bbox 3550 4739 3730 4802; x_wconf 80' lang='grc' dir='ltr'>ἐξέλ-</span> 
     </span>
    </p>
   </div>
   <div class='ocr_carea' id='block_1_118' title="bbox 2137 4823 3728 4902">
    <p class='ocr_par' dir='ltr' id='par_1_118' title="bbox 2137 4823 3728 4902">
     <span class='ocr_line' id='line_1_119' title="bbox 2137 4823 3728 4902; baseline -0.007 -15"><span class='ocrx_word' id='word_1_906' title='bbox 2137 4837 2229 4902; x_wconf 78' lang='grc' dir='ltr'>θῃ,</span> <span class='ocrx_word' id='word_1_907' title='bbox 2271 4832 2372 4885; x_wconf 80' lang='grc' dir='ltr'>καὶ</span> <span class='ocrx_word' id='word_1_908' title='bbox 2410 4830 2754 4895; x_wconf 79' lang='grc' dir='ltr'>ἐξιλάσεται</span> <span class='ocrx_word' id='word_1_909' title='bbox 2801 4830 2936 4894; x_wconf 75' lang='grc' dir='ltr'>περὶ</span> <span class='ocrx_word' id='word_1_910' title='bbox 2985 4826 3228 4886; x_wconf 83' lang='grc' dir='ltr'>ἑαυτοῦ,</span> <span class='ocrx_word' id='word_1_911' title='bbox 3280 4823 3517 4878; x_wconf 76' lang='grc' dir='ltr'>καὶτοῦ</span> <span class='ocrx_word' id='word_1_912' title='bbox 3549 4824 3728 4876; x_wconf 81' lang='grc' dir='ltr'>οἴκου</span> 
     </span>
    </p>
   </div>
   <div class='ocr_carea' id='block_1_119' title="bbox 2135 4904 3732 4982">
    <p class='ocr_par' dir='ltr' id='par_1_119' title="bbox 2135 4904 3732 4982">
     <span class='ocr_line' id='line_1_120' title="bbox 2135 4904 3732 4982; baseline -0.008 -11"><span class='ocrx_word' id='word_1_913' title='bbox 2135 4916 2354 4978; x_wconf 78' lang='grc' dir='ltr'>αὑτοῦ,</span> <span class='ocrx_word' id='word_1_914' title='bbox 2401 4914 2500 4969; x_wconf 83' lang='grc' dir='ltr'>καί</span> <span class='ocrx_word' id='word_1_915' title='bbox 2551 4914 2757 4980; x_wconf 87' lang='grc' dir='ltr'>πάσης</span> <span class='ocrx_word' id='word_1_916' title='bbox 2811 4911 2923 4981; x_wconf 86' lang='grc' dir='ltr'>τῆς</span> <span class='ocrx_word' id='word_1_917' title='bbox 2981 4910 3345 4982; x_wconf 67' lang='grc' dir='ltr'>συναγωγῆς</span> <span class='ocrx_word' id='word_1_918' title='bbox 3400 4908 3520 4962; x_wconf 87' lang='grc' dir='ltr'>τῶν</span> <span class='ocrx_word' id='word_1_919' title='bbox 3578 4904 3732 4961; x_wconf 78' lang='grc' dir='ltr'>υἱῶν</span> 
     </span>
    </p>
   </div>
   <div class='ocr_carea' id='block_1_120' title="bbox 2151 4993 3728 5070">
    <p class='ocr_par' dir='ltr' id='par_1_120' title="bbox 2151 4993 3728 5070">
     <span class='ocr_line' id='line_1_121' title="bbox 2151 4993 3728 5070; baseline -0.007 -13"><span class='ocrx_word' id='word_1_920' title='bbox 2151 5001 2408 5070; x_wconf 72' lang='grc' dir='ltr'>Ἰσραήλ·</span> <span class='ocrx_word' id='word_1_921' title='bbox 2447 5001 2544 5054; x_wconf 78' lang='grc' dir='ltr'>καὶ</span> <span class='ocrx_word' id='word_1_922' title='bbox 2588 4997 2934 5064; x_wconf 79' lang='grc' dir='ltr'>ἑξιλάσεται</span> <span class='ocrx_word' id='word_1_923' title='bbox 2957 4999 3056 5050; x_wconf 78' lang='grc' dir='ltr'>ἐπὶ</span> <span class='ocrx_word' id='word_1_924' title='bbox 3087 4998 3152 5051; x_wconf 85' lang='grc' dir='ltr'>τὸ</span> <span class='ocrx_word' id='word_1_925' title='bbox 3183 4993 3622 5064; x_wconf 75' lang='grc' dir='ltr'>θυσιαστήριον</span> <span class='ocrx_word' id='word_1_926' title='bbox 3657 4995 3728 5046; x_wconf 86' lang='grc' dir='ltr'>τὸ</span> 
     </span>
    </p>
   </div>
   <div class='ocr_carea' id='block_1_121' title="bbox 2137 5077 3732 5152">
    <p class='ocr_par' dir='ltr' id='par_1_121' title="bbox 2137 5077 3732 5152">
     <span class='ocr_line' id='line_1_122' title="bbox 2137 5077 3732 5152; baseline -0.008 -13"><span class='ocrx_word' id='word_1_927' title='bbox 2137 5086 2341 5139; x_wconf 81' lang='grc' dir='ltr'>ἔναντι</span> <span class='ocrx_word' id='word_1_928' title='bbox 2370 5085 2614 5152; x_wconf 84' lang='grc' dir='ltr'>Κυρίου.</span> <span class='ocrx_word' id='word_1_929' title='bbox 2647 5084 2770 5136; x_wconf 86' lang='grc' dir='ltr'>’Ότι</span> <span class='ocrx_word' id='word_1_930' title='bbox 2809 5083 2906 5152; x_wconf 82' lang='grc' dir='ltr'>μὲν</span> <span class='ocrx_word' id='word_1_931' title='bbox 2935 5077 3028 5134; x_wconf 80' lang='grc' dir='ltr'>οὖν</span> <span class='ocrx_word' id='word_1_932' title='bbox 3066 5082 3128 5133; x_wconf 80' lang='grc' dir='ltr'>οὐ</span> <span class='ocrx_word' id='word_1_933' title='bbox 3161 5081 3248 5133; x_wconf 81' lang='grc' dir='ltr'>διὰ</span> <span class='ocrx_word' id='word_1_934' title='bbox 3301 5079 3505 5141; x_wconf 81' lang='grc' dir='ltr'>παντὸς</span> <span class='ocrx_word' id='word_1_935' title='bbox 3550 5079 3732 5149; x_wconf 79' lang='grc' dir='ltr'>εἰσῄει</span> 
     </span>
    </p>
   </div>
   <div class='ocr_carea' id='block_1_122' title="bbox 2137 5161 3731 5237">
    <p class='ocr_par' dir='ltr' id='par_1_122' title="bbox 2137 5161 3731 5237">
     <span class='ocr_line' id='line_1_123' title="bbox 2137 5161 3731 5237; baseline -0.006 -14"><span class='ocrx_word' id='word_1_936' title='bbox 2137 5173 2219 5234; x_wconf 87' lang='grc' dir='ltr'>εἰς</span> <span class='ocrx_word' id='word_1_937' title='bbox 2268 5170 2337 5222; x_wconf 71' lang='grc' dir='ltr'>τὰ</span> <span class='ocrx_word' id='word_1_938' title='bbox 2372 5171 2537 5237; x_wconf 73' lang='grc' dir='ltr'>Ἅγια</span> <span class='ocrx_word' id='word_1_939' title='bbox 2581 5167 2688 5220; x_wconf 85' lang='grc' dir='ltr'>τῶν</span> <span class='ocrx_word' id='word_1_940' title='bbox 2749 5165 2943 5234; x_wconf 89' lang='grc' dir='ltr'>ἁγίων,</span> <span class='ocrx_word' id='word_1_941' title='bbox 2977 5164 3102 5218; x_wconf 76' lang='grc' dir='ltr'>οὔτε</span> <span class='ocrx_word' id='word_1_942' title='bbox 3157 5164 3304 5218; x_wconf 84' lang='grc' dir='ltr'>ἔνδον</span> <span class='ocrx_word' id='word_1_943' title='bbox 3361 5164 3514 5227; x_wconf 76' lang='grc' dir='ltr'>όντος</span> <span class='ocrx_word' id='word_1_944' title='bbox 3557 5161 3731 5215; x_wconf 85' lang='grc' dir='ltr'>αὑτοῦ</span> 
     </span>
    </p>
   </div>
   <div class='ocr_carea' id='block_1_123' title="bbox 2139 5247 3734 5324">
    <p class='ocr_par' dir='ltr' id='par_1_123' title="bbox 2139 5247 3734 5324">
     <span class='ocr_line' id='line_1_124' title="bbox 2139 5247 3734 5324; baseline -0.003 -16"><span class='ocrx_word' id='word_1_945' title='bbox 2139 5254 2380 5323; x_wconf 70' lang='grc' dir='ltr'>ἅψασθαι</span> <span class='ocrx_word' id='word_1_946' title='bbox 2412 5252 2568 5324; x_wconf 87' lang='grc' dir='ltr'>θέμις</span> <span class='ocrx_word' id='word_1_947' title='bbox 2598 5248 2666 5322; x_wconf 81' lang='grc' dir='ltr'>ἦν</span> <span class='ocrx_word' id='word_1_948' title='bbox 2705 5268 2849 5315; x_wconf 87' lang='grc' dir='ltr'>τινα,</span> <span class='ocrx_word' id='word_1_949' title='bbox 2904 5249 3018 5302; x_wconf 90' lang='grc' dir='ltr'>ἀλλ’</span> <span class='ocrx_word' id='word_1_950' title='bbox 3060 5250 3167 5314; x_wconf 76' lang='grc' dir='ltr'>ἔξω</span> <span class='ocrx_word' id='word_1_951' title='bbox 3199 5247 3350 5320; x_wconf 66' lang='grc' dir='ltr'>παρὰ</span> <span class='ocrx_word' id='word_1_952' title='bbox 3387 5249 3450 5301; x_wconf 85' lang='grc' dir='ltr'>τὸ</span> <span class='ocrx_word' id='word_1_953' title='bbox 3484 5248 3734 5303; x_wconf 73' lang='grc' dir='ltr'>καταπέ-</span> 
     </span>
    </p>
   </div>
   <div class='ocr_carea' id='block_1_124' title="bbox 2138 5333 3734 5408">
    <p class='ocr_par' dir='ltr' id='par_1_124' title="bbox 2138 5333 3734 5408">
     <span class='ocr_line' id='line_1_125' title="bbox 2138 5333 3734 5408; baseline -0.004 -16"><span class='ocrx_word' id='word_1_954' title='bbox 2138 5355 2323 5408; x_wconf 89' lang='grc' dir='ltr'>τασμα</span> <span class='ocrx_word' id='word_1_955' title='bbox 2351 5338 2594 5399; x_wconf 79' lang='grc' dir='ltr'>ἑστάναι,</span> <span class='ocrx_word' id='word_1_956' title='bbox 2643 5336 2803 5405; x_wconf 78' lang='grc' dir='ltr'>δῆλον</span> <span class='ocrx_word' id='word_1_957' title='bbox 2834 5335 2943 5389; x_wconf 79' lang='grc' dir='ltr'>ἀπὸ</span> <span class='ocrx_word' id='word_1_958' title='bbox 2976 5334 3201 5390; x_wconf 85' lang='grc' dir='ltr'>τούτων.</span> <span class='ocrx_word' id='word_1_959' title='bbox 3245 5333 3410 5388; x_wconf 82' lang='grc' dir='ltr'>’Λλλά</span> <span class='ocrx_word' id='word_1_960' title='bbox 3465 5334 3734 5404; x_wconf 85' lang='grc' dir='ltr'>κατέχετε</span> 
     </span>
    </p>
   </div>
   <div class='ocr_carea' id='block_1_125' title="bbox 2139 5419 3732 5494">
    <p class='ocr_par' dir='ltr' id='par_1_125' title="bbox 2139 5419 3732 5494">
     <span class='ocr_line' id='line_1_126' title="bbox 2139 5419 3732 5494; baseline -0.003 -18"><span class='ocrx_word' id='word_1_961' title='bbox 2139 5423 2203 5494; x_wconf 81' lang='grc' dir='ltr'>δὴ</span> <span class='ocrx_word' id='word_1_962' title='bbox 2233 5421 2406 5477; x_wconf 86' lang='grc' dir='ltr'>ταῦτα</span> <span class='ocrx_word' id='word_1_963' title='bbox 2429 5423 2566 5492; x_wconf 86' lang='grc' dir='ltr'>μετά</span> <span class='ocrx_word' id='word_1_964' title='bbox 2588 5421 2895 5492; x_wconf 82' lang='grc' dir='ltr'>ἀκριϐείας.</span> <span class='ocrx_word' id='word_1_965' title='bbox 2920 5421 3246 5473; x_wconf 80' lang='grc' dir='ltr'>’Υπόλοιπον</span> <span class='ocrx_word' id='word_1_966' title='bbox 3270 5420 3380 5491; x_wconf 90' lang='grc' dir='ltr'>γάρ</span> <span class='ocrx_word' id='word_1_967' title='bbox 3397 5421 3514 5472; x_wconf 82' lang='grc' dir='ltr'>ἐστι</span> <span class='ocrx_word' id='word_1_968' title='bbox 3534 5419 3732 5486; x_wconf 79' lang='grc' dir='ltr'>δεῖξαι,</span> 
     </span>
    </p>
   </div>
   <div class='ocr_carea' id='block_1_126' title="bbox 2143 5503 3732 5578">
    <p class='ocr_par' dir='ltr' id='par_1_126' title="bbox 2143 5503 3732 5578">
     <span class='ocr_line' id='line_1_127' title="bbox 2143 5503 3732 5578; baseline -0.003 -17"><span class='ocrx_word' id='word_1_969' title='bbox 2143 5509 2294 5570; x_wconf 90' lang='grc' dir='ltr'>ποῖος</span> <span class='ocrx_word' id='word_1_970' title='bbox 2338 5503 2407 5577; x_wconf 79' lang='grc' dir='ltr'>ἦν</span> <span class='ocrx_word' id='word_1_971' title='bbox 2435 5509 2464 5561; x_wconf 91' lang='lat'>6</span> <span class='ocrx_word' id='word_1_972' title='bbox 2493 5505 2704 5578; x_wconf 84' lang='grc' dir='ltr'>καιρὸς,</span> <span class='ocrx_word' id='word_1_973' title='bbox 2736 5506 2860 5560; x_wconf 81' lang='grc' dir='ltr'>καθ’</span> <span class='ocrx_word' id='word_1_974' title='bbox 2891 5505 2950 5559; x_wconf 85' lang='grc' dir='ltr'>ὃν</span> <span class='ocrx_word' id='word_1_975' title='bbox 2990 5505 3166 5577; x_wconf 84' lang='grc' dir='ltr'>εἰσῄει</span> <span class='ocrx_word' id='word_1_976' title='bbox 3204 5507 3282 5570; x_wconf 87' lang='grc' dir='ltr'>εἰς</span> <span class='ocrx_word' id='word_1_977' title='bbox 3316 5506 3388 5558; x_wconf 80' lang='grc' dir='ltr'>τὰ</span> <span class='ocrx_word' id='word_1_978' title='bbox 3418 5506 3590 5574; x_wconf 83' lang='grc' dir='ltr'>Ἀγια</span> <span class='ocrx_word' id='word_1_979' title='bbox 3619 5505 3732 5558; x_wconf 83' lang='grc' dir='ltr'>τῶν</span> 
     </span>
    </p>
   </div>
   <div class='ocr_carea' id='block_1_127' title="bbox 2205 5697 2710 5757">
    <p class='ocr_par' dir='ltr' id='par_1_127' title="bbox 2205 5697 2710 5757">
     <span class='ocr_line' id='line_1_128' title="bbox 2205 5697 2710 5757; baseline -0.006 -12"><span class='ocrx_word' id='word_1_980' title='bbox 2205 5699 2222 5719; x_wconf 76' lang='grc'><strong><em>⁸</em></strong></span> <span class='ocrx_word' id='word_1_981' title='bbox 2257 5697 2355 5746; x_wconf 75' lang='lat' dir='ltr'><strong>Alii</strong></span> <span class='ocrx_word' id='word_1_982' title='bbox 2375 5697 2710 5757; x_wconf 82' lang='grc' dir='ltr'>ἀποδείξωμεν.</span> 
     </span>
    </p>
   </div>
   <div class='ocr_carea' id='block_1_128' title="bbox 2213 5753 3737 5820">
    <p class='ocr_par' dir='ltr' id='par_1_128' title="bbox 2213 5753 3737 5820">
     <span class='ocr_line' id='line_1_129' title="bbox 2213 5753 3737 5820; baseline 0.003 -16"><span class='ocrx_word' id='word_1_983' title='bbox 2213 5757 2233 5798; x_wconf 74' lang='lat' dir='ltr'><strong>f</strong></span> <span class='ocrx_word' id='word_1_984' title='bbox 2259 5760 2340 5806; x_wconf 84' lang='lat' dir='ltr'>Sic</span> <span class='ocrx_word' id='word_1_985' title='bbox 2375 5757 2492 5807; x_wconf 81' lang='lat' dir='ltr'><strong>edit.</strong></span> <span class='ocrx_word' id='word_1_986' title='bbox 2537 5761 2599 5813; x_wconf 86' lang='grc' dir='ltr'>εἰς</span> <span class='ocrx_word' id='word_1_987' title='bbox 2613 5753 2671 5805; x_wconf 76' lang='grc' dir='ltr'>τὸ</span> <span class='ocrx_word' id='word_1_988' title='bbox 2693 5759 2951 5820; x_wconf 83' lang='grc' dir='ltr'>πρόσωπον</span> <span class='ocrx_word' id='word_1_989' title='bbox 2983 5757 3068 5805; x_wconf 84' lang='grc' dir='ltr'>τοῦ</span> <span class='ocrx_word' id='word_1_990' title='bbox 3107 5758 3400 5820; x_wconf 74' lang='grc' dir='ltr'>ίλαστηρίσυ,</span> <span class='ocrx_word' id='word_1_991' title='bbox 3432 5770 3549 5808; x_wconf 85' lang='lat' dir='ltr'>mss.</span> <span class='ocrx_word' id='word_1_992' title='bbox 3583 5755 3649 5809; x_wconf 76' lang='grc' dir='ltr'>εἰς</span> <span class='ocrx_word' id='word_1_993' title='bbox 3678 5753 3737 5801; x_wconf 76' lang='grc' dir='ltr'>τὸ</span> 
     </span>
    </p>
   </div>
   <div class='ocr_carea' id='block_1_129' title="bbox 2149 5820 3042 5885">
    <p class='ocr_par' dir='ltr' id='par_1_129' title="bbox 2149 5820 3042 5885">
     <span class='ocr_line' id='line_1_130' title="bbox 2149 5820 3042 5885; baseline -0.007 -14"><span class='ocrx_word' id='word_1_994' title='bbox 2149 5822 2441 5885; x_wconf 65' lang='grc' dir='ltr'>ἱλαστήριον,</span> <span class='ocrx_word' id='word_1_995' title='bbox 2467 5827 2518 5869; x_wconf 76' lang='lat' dir='ltr'>et</span> <span class='ocrx_word' id='word_1_996' title='bbox 2535 5820 2606 5870; x_wconf 87' lang='lat' dir='ltr'>sic</span> <span class='ocrx_word' id='word_1_997' title='bbox 2632 5822 2753 5882; x_wconf 74' lang='lat' dir='ltr'><strong>legit</strong></span> <span class='ocrx_word' id='word_1_998' title='bbox 2776 5823 3042 5880; x_wconf 72' lang='lat' dir='ltr'>interpres.</span> 
     </span>
    </p>
   </div>
  </div>
