4066 6392
372 430 478 485 355

370 542 617 599 dentibus
644 539 710 593 ad
754 536 1009 593 insaniam
1042 545 1208 601 usque
1236 530 1496 591 addictos,
1532 527 1955 595 templorumque

368 632 745 706 magnitudinis
794 645 857 684 ac
921 623 1333 698 pulchritudinis
1387 617 1737 674 admiratione
1784 615 1951 677 duci,

369 702 625 796 templum
672 722 799 792 ipsis
841 716 1092 774 aedificari
1135 713 1408 785 prmcipit,
1455 708 1596 781 quod
1642 723 1746 762 non
1794 702 1954 758 modo

366 795 605 873 materia:
647 809 1036 883 magnificentia
1085 818 1244 877 atque
1288 803 1416 858 artis
1459 800 1731 864 varietate,
1779 795 1872 851 sed
1901 803 1955 850 et

364 918 647 965 structura:
671 905 863 969 forma,
881 910 1074 958 caetera
1102 898 1300 963 omnia,
1328 910 1443 965 qua:
1471 892 1666 961 ubique
1690 900 1952 945 terrarum

363 1010 516 1056 erant
563 997 780 1067 templa,
827 994 1157 1049 obscuraret.
1200 989 1270 1044 Et
1309 983 1753 1058 quemadmodum
1804 991 1955 1050 pater

363 1094 651 1148 liberorum
680 1104 867 1144 amans
894 1087 1057 1140 filium
1089 1081 1400 1152 proﬂigatis,
1428 1076 1764 1150 perniciosis,
1796 1072 1951 1127 lasci-

363 1187 447 1241 vis
491 1184 797 1239 hominibus
826 1195 1001 1245 nsum,
1049 1177 1318 1246 nimioque
1346 1173 1472 1227 luxu
1516 1168 1854 1229 dissolutum,
1888 1164 1954 1218 ad

364 1294 427 1334 se
469 1277 628 1348 longo
658 1273 913 1343 temporis
952 1267 1233 1325 intervallo
1277 1262 1563 1334 recipiens,
1596 1267 1709 1314 tuto
1750 1264 1807 1311 et
1833 1270 1954 1311 cum

368 1347 627 1442 dignitate
653 1369 704 1422 in
729 1364 918 1437 majori
946 1378 1122 1419 rerum
1148 1356 1467 1414 abundantia
1488 1350 1781 1414 constituit,
1806 1362 1876 1404 ne
1902 1347 1955 1401 in

367 1440 638 1535 angustias
680 1461 882 1529 aliquas
926 1455 1217 1525 conjeclus,
1267 1449 1504 1519 priorum
1546 1440 1954 1502 recordatione,

362 1530 524 1626 atque
548 1554 708 1609 etiam
754 1548 1043 1619 cupiditate
1070 1542 1389 1611 corripiatur
1419 1555 1433 1591 :
1463 1537 1533 1590 ita
1566 1535 1707 1589 Deus
1744 1530 1958 1587 Judaaos

363 1651 431 1705 ad
480 1663 570 1704 res
615 1645 841 1704 sensiles
884 1657 1005 1697 cum
1065 1647 1284 1705 stupore
1329 1644 1625 1705 propensos
1667 1627 1873 1690 videns,
1903 1622 1957 1677 in

362 1741 513 1796 hisce
543 1740 672 1810 ipsis
700 1736 860 1792 rebus
898 1728 1393 1802 praestantissimum
1433 1719 1631 1792 aliquid
1674 1715 1857 1780 efﬁcit,
1890 1727 1960 1768 ne

364 1804 616 1901 umquam
648 1839 832 1898 postea
879 1824 1253 1895 Egyptiorum
1296 1826 1387 1871 aut
1432 1828 1618 1869 eorum
1652 1824 1771 1881 qum
1819 1804 1959 1876 apud

368 1922 651 1993 Egyptios
708 1917 911 1988 experti
983 1914 1228 1978 fuerant,
1289 1907 1579 1978 cupiditate
1642 1906 1961 1970 caperentur

370 1988 584 2086 (Eadd.
637 2011 747 2081 26)
782 2029 795 2065 :
829 2007 1191 2077 templumque
1241 2002 1371 2073 ipsis
1428 1997 1612 2054 statuit
1656 1994 1723 2048 ad
1774 1988 1961 2047 mundi

362 2106 654 2175 exemplar,
679 2102 948 2167 totiusque
970 2097 1224 2163 universi,
1271 2104 1377 2147 tam
1418 2089 1560 2161 quod
1590 2102 1772 2150 sensu,
1800 2097 1959 2155 quam

368 2199 509 2269 quod
536 2199 652 2251 solo
680 2182 952 2251 intellectu
990 2189 1193 2263 percipi
1236 2192 1430 2256 potest.
1461 2182 1608 2237 Sicut
1647 2178 1790 2233 enim
1818 2185 1961 2229 terra

363 2267 464 2353 est,
496 2298 550 2344 et
570 2288 777 2351 ca-lum,
809 2293 864 2339 et
905 2282 1158 2345 medium,
1187 2276 1467 2348 sepimenti
1513 2275 1699 2335 instar,
1744 2268 1847 2323 hoc
1872 2267 1963 2319 lir-

365 2391 696 2439 mamentum
733 2398 745 2433 :
778 2380 847 2431 ita
875 2388 928 2432 et
959 2374 1087 2429 illud
1117 2386 1329 2442 quoque
1354 2368 1470 2423 fieri
1508 2364 1688 2435 jussit.
1715 2362 1964 2429 Duasque

365 2477 420 2531 in
463 2484 639 2545 partes
669 2472 839 2525 diviso
882 2468 982 2522 hoc
1012 2464 1233 2534 templo,
1280 2470 1334 2516 et
1376 2459 1442 2514 ad
1482 2456 1715 2512 medium
1744 2452 1963 2508 obtento

364 2542 507 2632 velo,
550 2580 668 2619 eam
701 2570 928 2632 partem,
962 2573 1081 2627 quae
1119 2564 1269 2609 extra
1316 2552 1492 2607 velum
1538 2555 1673 2610 erat,
1716 2542 1964 2599 omnibus

364 2654 696 2727 ingrediendi
727 2660 1045 2722 potestatem
1097 2646 1222 2701 fecit
1255 2663 1267 2699 :
1299 2643 1364 2697 ad
1405 2642 1629 2695 alteram
1656 2651 1787 2692 vero
1816 2633 1962 2688 illam

367 2747 675 2802 interiorem
720 2741 917 2796 nemini
942 2781 958 2805 ,
1008 2747 1361 2807 praeterquam
1404 2744 1615 2787 summo
1657 2722 1961 2793 sacerdoti,

365 2840 563 2895 aditum
595 2847 757 2908 atque
784 2835 1029 2888 intuitum
1056 2839 1237 2899 patere
1259 2824 1518 2897 permisit.
1537 2820 1801 2876 Cteterum
1821 2814 1964 2887 quod

368 2933 485 2988 hrre
516 2947 621 2985 non
670 2937 852 2983 nostra
901 2923 1208 2993 conjectura
1254 2920 1342 2983 sit,
1386 2915 1481 2972 sed
1525 2912 1668 2984 quod
1708 2908 1965 2976 templum

366 3036 553 3078 revera
583 3019 746 3074 totius
775 3015 958 3071 mundi
987 3012 1053 3067 ad
1084 3009 1388 3077 exemplum
1425 3009 1752 3061 exstructum
1780 2997 1963 3062 fuerit,

370 3113 493 3167 audi
542 3109 668 3181 quid
723 3107 916 3162 Paulus
947 3104 1013 3158 de
1054 3102 1269 3156 Christo
1316 3098 1367 3151 in
1411 3096 1598 3150 caelum
1645 3088 1967 3146 ascendente

369 3207 591 3275 loquens
620 3202 763 3256 dicat
793 3219 804 3252 :
836 3199 956 3252 Non
978 3195 1109 3249 enim
1143 3194 1199 3247 in
1224 3192 1515 3259 manufacta
1538 3196 1716 3240 sancta
1744 3182 1967 3237 introivit

368 3299 616 3362 Christus,
636 3292 944 3360 exemplaria
971 3303 1199 3343 verorum
1224 3282 1408 3355 (Hebr.
1432 3282 1487 3337 9.
1502 3278 1595 3349 24)
1618 3296 1630 3333 :
1652 3276 1962 3342 ostendens,

376 3389 518 3461 quod
545 3403 665 3458 qua:
710 3384 849 3455 apud
882 3396 979 3438 nos
1018 3387 1161 3443 sunt,
1208 3388 1457 3431 verorum
1487 3373 1593 3427 sint
1621 3367 1965 3439 exemplaria.

374 3483 524 3552 Quod
552 3496 710 3552 porro
734 3479 909 3533 velum
933 3476 1208 3531 dirimeret
1234 3477 1416 3525 sancta
1459 3473 1764 3521 sanctorum
1791 3476 1823 3515 a
1847 3475 1970 3515 san-

376 3576 480 3630 ctis
505 3583 655 3629 extra
681 3570 889 3642 positis,
921 3568 1057 3621 sicut
1086 3566 1188 3619 hoc
1212 3562 1401 3617 caelum
1445 3572 1565 3628 quae
1593 3570 1753 3625 super
1782 3569 1839 3609 se
1868 3553 1967 3607 sita

375 3674 519 3731 sunt,
547 3665 616 3719 ab
639 3662 885 3719 omnibus
909 3674 1026 3729 qua:
1070 3654 1209 3725 apud
1239 3666 1337 3707 nos
1361 3657 1504 3716 sunt,
1535 3646 1786 3717 disjungit
1809 3663 1821 3699 :
1846 3642 1969 3699 audi

373 3755 642 3828 quomodo
682 3753 842 3808 etiam
873 3751 974 3805 hoc
1002 3743 1436 3806 subindicaverit,
1483 3756 1606 3797 cum
1634 3739 1823 3793 caelum
1869 3750 1966 3790 ve-

377 3850 488 3903 lum
521 3845 777 3916 appellat.
806 3843 880 3895 De
908 3856 1003 3909 Spe
1051 3851 1279 3904 namque
1323 3831 1581 3903 referens,
1610 3827 1753 3899 quod
1799 3827 1969 3896 ipsam

375 3943 514 3997 sicut
541 3939 827 3993 anchoram
868 3935 1059 3988 anima:
1105 3930 1394 3985 habeamus
1419 3935 1581 3981 unam
1607 3938 1672 3978 ac
1715 3922 1923 3975 ﬁrmam
1955 3960 1971 3985 ,

378 4031 571 4087 deinde
621 4026 891 4097 subjungit
924 4044 937 4080 :
972 4023 1035 4077 Et
1074 4022 1383 4075 incedentem
1414 4032 1569 4086 usque
1615 4013 1683 4067 ad
1731 4012 1973 4066 interiora

380 4121 685 4185 selamiuis;
734 4118 816 4171 ubi
864 4130 1147 4188 prazcursor
1185 4128 1276 4182 pro
1329 4110 1471 4163 nobis
1519 4106 1739 4160 introivit
1783 4103 1971 4169 Iesus,

383 4231 541 4286 supra
563 4214 741 4268 eazlum
758 4225 958 4263 sursum
985 4205 1169 4278 (Hebr.
1188 4204 1241 4259 6.
1266 4202 1355 4257 19.
1379 4199 1495 4271 20).
1525 4198 1687 4253 Vides
1706 4192 1974 4266 quomodo

379 4308 572 4364 caelum
619 4304 868 4359 velamen
919 4295 1303 4370 appellaverit?
1354 4293 1516 4349 Extra
1563 4290 1738 4345 velum
1796 4296 1974 4341 autem

386 4410 505 4455 erat
531 4395 934 4460 candelabrum,
981 4399 1036 4447 et
1080 4404 1286 4454 mensa,
1334 4394 1389 4440 et
1428 4385 1594 4438 altare
1641 4395 1859 4444 aereum,
1906 4377 1974 4431 ad

383 4493 649 4549 sacrificia
689 4498 746 4545 et
790 4488 1216 4543 holocautomata
1247 4476 1579 4548 excipienda.
1624 4475 1768 4530 Intra
1796 4471 1973 4526 velum

383 4600 512 4641 vero
561 4598 683 4638 arca
732 4581 1074 4635 circumtecta
1102 4590 1167 4628 ex
1215 4571 1358 4628 onmi
1407 4577 1557 4640 parte
1584 4580 1738 4632 auro,
1770 4562 1976 4617 tabulas

385 4674 689 4733 testamenti
706 4673 929 4736 habens,
948 4678 1002 4725 et
1022 4681 1207 4721 urnam
1236 4677 1474 4724 auream,
1499 4658 1770 4727 utvirgam
1796 4656 1974 4709 Aaron

384 4785 505 4839 qua:
530 4766 861 4829 fronduerat,
891 4770 945 4817 et
970 4761 1138 4815 altare
1180 4769 1423 4818 aureum,
1456 4766 1562 4806 non
1609 4748 1737 4803 illud
1772 4745 1976 4801 sacriﬁ-

386 4863 591 4917 ciorum
639 4870 694 4913 et
722 4857 1174 4915 holocaustorum,
1208 4849 1301 4904 sed
1346 4847 1511 4901 solius
1554 4840 1865 4898 suffimenti.
1912 4839 1981 4893 Et

390 4971 487 5025 per
515 4969 577 5008 ea
623 4968 741 5022 qtne
769 4959 918 5004 extra
947 4954 1119 5012 erant,
1146 4942 1395 4998 omnibus
1426 4937 1674 4994 incedere
1716 4935 1796 4990 fas
1822 4945 1975 4999 erat;

386 5063 483 5119 per
512 5062 574 5102 ea
622 5060 750 5100 vero
793 5057 911 5111 qua:
960 5040 1123 5104 intus,
1175 5036 1277 5091 soli
1328 5047 1539 5090 sunnno
1587 5027 1871 5085 sacerdoti.
1902 5027 1981 5081 De

388 5140 535 5193 hisce
565 5137 693 5206 ipsis
719 5150 904 5189 rursus
934 5129 1295 5186 testimonium
1324 5143 1387 5180 ex
1416 5124 1580 5179 Paulo
1605 5121 1764 5185 dabo,
1787 5120 1876 5190 qui
1903 5119 1981 5174 sic

387 5229 463 5282 ait
493 5246 506 5281 :
542 5227 736 5280 Habuit
775 5224 977 5294 quidem
1020 5221 1159 5289 prius
1189 5215 1564 5270 tabernaculum
1590 5211 1981 5283 justiﬁcatianes

389 5320 621 5384 cultura,
668 5327 717 5372 et
753 5326 983 5370 sanctum
1026 5312 1269 5367 swculare
1312 5307 1483 5380 (Hebr.
1522 5307 1575 5363 9.
1611 5306 1664 5377 1)
1700 5313 1979 5359 :sanctum

390 5412 646 5467 maculare
676 5408 909 5478 appellat
930 5404 1163 5460 exterius
1187 5399 1580 5456 tabernaculum
1611 5415 1623 5451 :
1652 5394 1984 5467 quandoqui-

392 5502 513 5557 dem
544 5500 641 5556 toti
668 5499 868 5555 lllWldO
905 5495 1108 5568 ingredi
1150 5494 1344 5549 licebat
1375 5509 1387 5546 :
1418 5492 1472 5544 in
1497 5506 1593 5560 quo
1621 5488 1983 5543 candelabrum

397 5601 443 5648 et
473 5608 644 5645 mensa
669 5600 716 5644 et
746 5589 1022 5660 propositio
1051 5601 1260 5658 panum.
1292 5583 1417 5638 Post
1458 5582 1788 5636 velamentum
1817 5589 1982 5633 autem

392 5685 669 5739 secundum
682 5682 1078 5748 tabernaculum,
1095 5677 1230 5750 quod
1266 5676 1449 5730 dicitur
1468 5684 1639 5730 sancta
1659 5683 1945 5729 sanctorum
1965 5709 1981 5737 ,

393 5794 605 5830 aureum
624 5776 809 5831 habens
826 5772 1158 5839 thuribulum,
1176 5781 1223 5826 et
1242 5785 1414 5825 arcam
1429 5768 1705 5823 testamenti
1723 5767 1985 5820 circumte—

393 5880 529 5925 ctam
554 5885 615 5924 ea:
641 5870 778 5925 omni
822 5879 961 5942 parte
1004 5883 1164 5935 auro,
1188 5866 1243 5921 in
1276 5878 1375 5934 qua
1421 5876 1551 5915 urna
1601 5874 1752 5914 aurea
1797 5856 1982 5913 habens

1325 413 1389 468 IN
1433 412 1592 467 DlEM
1633 407 1956 465 NATALE.“
1999 407 2060 462 ι).
2101 406 2164 461 Ν.
2205 406 2366 462 JESU
2407 403 2679 462 CHRISTI

3549 401 3653 459 556

2066 536 2275 584 manna,
2306 530 2352 574 et
2378 522 2515 589 virga
2544 522 2712 573 Aaron
2736 534 2849 590 qua:
2870 518 3186 588 (maduerat,
3226 529 3279 573 et
3296 519 3477 575 tabuia:
3504 532 3653 575 testa-

2062 612 2216 665 menti
2250 628 2269 665 :
2303 629 2455 683 super
2495 628 2608 665 eam
2635 623 2801 665 autem
2827 621 2968 666 erant
3012 611 3277 665 Cherubin:
3317 612 3527 682 gloriaz,
3563 615 3653 666 ob-

2062 702 2350 759 umbrantia
2393 703 2819 773 propitiatorium.
2866 700 2965 756 His
3008 718 3122 756 rero
3149 703 3219 756 ita
3260 704 3569 772 compositis,
3600 705 3653 757 in

2063 796 2221 866 priori
2244 795 2445 865 quidem
2474 795 2800 849 tabernaculo
2829 811 3023 865 semper
3052 795 3321 848 introibant
3347 796 3651 855 sacerdotes.

2059 889 2423 957 sacriﬁciorum
2463 887 2625 958 oﬁieia
2666 895 3103 953 consummantes;
3144 888 3197 941 in
3234 888 3454 941 secundo
3488 899 3657 941 autem

2060 980 2212 1045 semel
2236 980 2288 1033 in
2324 996 2457 1033 anno
2484 980 2620 1033 solus
2650 980 2896 1050 pontifex,
2930 996 3030 1033 non
3056 980 3164 1033 sine
3200 982 3465 1049 sanguine,
3508 997 3657 1051 quem

2060 1071 2208 1139 offert
2229 1089 2321 1141 pro
2348 1089 2440 1125 sua
2463 1080 2511 1126 et
2526 1073 2701 1143 papuli
2726 1072 3013 1142 ignorantia
3039 1070 3223 1138 (Hebr.
3242 1071 3296 1127 9.
3318 1072 3463 1143 2-7).
3493 1071 3656 1126 Vides

2061 1162 2231 1217 solum
2262 1162 2462 1232 ingredi
2482 1177 2747 1216 summum
2767 1161 3124 1228 sacerdotem,
3145 1161 3303 1232 idque
3323 1162 3488 1217 semel
3510 1160 3659 1217 dum-

2061 1262 2205 1308 taxat
2237 1263 2345 1307 toto
2370 1254 2551 1308 anno?

2132 1346 2187 1401 4.
2215 1344 2411 1400 Verum
2441 1344 2568 1416 quid
2597 1343 2733 1409 hmc,
2777 1345 2973 1415 inquis,
3024 1345 3089 1399 ad
3129 1356 3445 1416 prmsentem
3476 1346 3655 1401 diem?

2063 1436 2383 1507 Exspectate
2428 1436 2717 1506 paulisper,
2773 1451 2872 1491 nec
2922 1436 3360 1491 tumultuemini:
3405 1455 3436 1492 a
3480 1439 3655 1507 capite

2062 1529 2203 1584 enim
2236 1529 2432 1583 fontem
2462 1527 2728 1599 ducimus,
2756 1538 2809 1583 et
2837 1527 2904 1582 ad
2934 1528 3106 1598 ipsum
3128 1529 3206 1583 rei
3233 1528 3502 1599 fastigium
3531 1545 3654 1599 per-

2062 1621 2247 1677 venire
2282 1620 2675 1686 contendimns,
2704 1629 2762 1674 ut
2811 1629 3004 1676 cuncta
3040 1622 3187 1675 nullo
3234 1625 3448 1691 negotio
3502 1624 3655 1678 vobis

2064 1720 2247 1783 aperta
2275 1720 2434 1781 atque
2462 1720 2739 1780 perspecta
2770 1711 2897 1766 sint.
2929 1711 3181 1777 Quinimo
3209 1728 3277 1768 ne
3301 1713 3499 1767 diutius
3528 1730 3650 1767 ver-

2063 1804 2251 1859 borum
2280 1804 2657 1872 integumentis
2693 1812 2873 1858 nostra
2905 1805 3251 1859 obumbretur
3287 1806 3479 1870 oratio,
3522 1820 3656 1861 neve

2065 1894 2385 1965 implicatior
2406 1895 2517 1959 ﬁat,
2548 1895 2815 1964 nimiaque
2835 1910 3041 1962 eorum,
3078 1912 3197 1965 quae
3232 1896 3501 1964 dicuntur,
3534 1898 3652 1951 lon-

2064 1984 2304 2055 gitudine
2326 1984 2688 2055 defatigemini
2717 2002 2730 2037 :
2755 1984 2866 2055 jam
2884 1984 3142 2041 rationem
3170 1987 3319 2042 vobis
3363 2003 3651 2057 exponam,

2065 2091 2162 2131 cur
2184 2075 2299 2130 haec
2340 2076 2538 2141 omnia,
2587 2086 2692 2130 tam
2742 2077 2850 2132 alte
2902 2078 3146 2146 repetita,
3196 2080 3477 2132 moverint.
3523 2079 3653 2146 Qua:

2066 2183 2229 2237 porro
2249 2168 2407 2239 hujus
2432 2170 2509 2223 rei
2537 2169 2705 2223 ratio?
2729 2168 2861 2225 Cum
2889 2185 3099 2225 menses
3116 2170 3225 2239 jam
3271 2186 3366 2226 sex
3416 2173 3655 2227 Elizabet

2065 2260 2322 2316 Joannem
2348 2261 2401 2315 in
2433 2270 2586 2316 utero
2604 2269 2857 2331 gestaret,
2883 2270 2990 2315 tum
3006 2261 3168 2316 Maria
3191 2262 3457 2332 concepit.
3479 2263 3658 2331 Itaque

2066 2353 2112 2409 si
2138 2353 2427 2421 discamus,
2459 2353 2703 2424 quisnam
2732 2362 2914 2408 sextus
2940 2354 3029 2408 ille
3068 2355 3269 2409 mensis
3299 2353 3474 2420 fuerit,
3509 2365 3658 2409 certo

2066 2447 2224 2502 etiam
2253 2447 2511 2513 sciemus,
2543 2447 2756 2518 quando
2780 2448 3004 2517 coeperit
3028 2448 3190 2503 Maria
3218 2449 3519 2518 concipere.
3554 2450 3658 2504 De-

2068 2537 2192 2592 inde
2234 2552 2356 2592 cum
2412 2537 2853 2608 cognoverimus,
2909 2538 3175 2607 quodnam
3225 2545 3519 2609 conceptus
3573 2541 3657 2595 sui

2067 2628 2386 2699 principium
2408 2628 2671 2693 habuerit,
2700 2630 2879 2698 utique
2906 2629 3119 2698 quando
3149 2631 3415 2699 pepererit
3456 2645 3692 2701 eogno-o

2068 2735 2299 2787 scemus,
2333 2735 2525 2775 novem
2556 2736 2768 2776 menses
2792 2736 2823 2774 a
2847 2721 3195 2790 conceptione
3224 2732 3584 2777 numerantes.

2136 2810 2422 2867 Zacharias
2448 2828 2546 2881 quo
2576 2822 2798 2881 tempore
2818 2812 3057 2880 angelum
3081 2811 3392 2882 alloquutus.
3412 2844 3481 2854 ——
3507 2813 3659 2870 Unde

2070 2901 2250 2970 igitur,
2276 2902 2519 2973 quisnam
2543 2902 2634 2957 ille
2656 2912 2839 2957 sextus
2859 2902 3062 2956 mensis
3092 2903 3249 2957 fuerit
3282 2907 3658 2974 praegnationis

2070 2992 2329 3056 Elizabet,
2355 2993 2510 3048 nobis
2529 2993 2834 3048 constabit?
2862 2994 2996 3048 Hinc
3025 2994 3250 3062 scilicet,
3279 2996 3323 3050 si
3352 3013 3456 3066 quo
3477 3015 3660 3055 mense

2070 3084 2286 3153 gravida
2321 3085 2436 3138 fieri
2464 3084 2709 3154 cceperit,
2739 3085 3117 3153 intelligamus.
3143 3085 3296 3141 Unde
3319 3097 3518 3154 autem,
3543 3091 3661 3159 quis

2071 3177 2161 3231 ille
2189 3176 2367 3243 fuerit,
2394 3175 2769 3231 addiscemus?
2825 3175 2883 3229 Si
2913 3177 3141 3230 sciamus
3165 3192 3271 3246 quo
3298 3186 3538 3248 tempore
3564 3180 3661 3233 lce-

2074 3279 2185 3325 tum
2217 3269 2319 3323 hac
2339 3268 2407 3323 de
2433 3284 2492 3324 re
2518 3269 2761 3322 nuntium
2789 3267 3072 3323 Zacharias
3102 3268 3217 3339 ejus
3256 3271 3477 3324 maritus
3503 3286 3659 3326 acce-

2072 3364 2231 3434 perit.
2259 3363 2524 3418 Cmtcrum
2573 3362 2675 3418 hoc
2733 3362 2905 3432 ipsum
2951 3363 3091 3419 unde
3144 3365 3299 3419 nobis
3339 3366 3677 3435 explicattnn

2074 3454 2216 3510 erit?
2237 3453 2315 3509 Ex
2344 3455 2538 3509 divinis
2568 3453 2894 3522 Scripturis:
2925 3456 3193 3523 quomodo
3223 3472 3429 3511 sacrum
3484 3458 3663 3512 Evan-

2072 3549 2269 3619 gelium
2298 3547 2460 3603 refert
2487 3546 2757 3602 Zacharire
2781 3548 3016 3602 versanti
3056 3548 3191 3603 intra
3235 3561 3414 3605 sancta
3454 3561 3665 3605 sancto-

2074 3656 2194 3695 rum
2221 3640 2467 3710 angelum
2501 3640 2677 3693 lzetum
2705 3640 2947 3694 attulisse
2990 3641 3254 3707 nuntium,
3310 3652 3365 3697 et
3396 3643 3463 3697 de
3512 3654 3665 3713 partu

2076 3732 2297 3789 Joannis
2317 3732 2365 3787 ei
2397 3732 2727 3802 pra-dixisse.
2774 3731 2830 3787 Si
2880 3749 3007 3802 ergo
3032 3749 3062 3788 e
3105 3735 3271 3789 sacris
3312 3736 3481 3789 literis
3526 3738 3668 3792 clare

2076 3824 2433 3890 docuerimus,
2456 3824 2632 3879 semel
2664 3823 2938 3878 dumtaxat
2968 3834 3149 3880 sancta
3178 3837 3482 3881 sanctorum
3523 3845 3668 3882 sum-

2078 3932 2222 3971 mum
2272 3916 2602 3971 sacerdotem
2647 3917 2765 3971 sine
2818 3916 2928 3971 ullo
2976 3918 3171 3973 comite
3222 3918 3448 3989 ingredi,
3485 3928 3670 3989 etquo

2080 4019 2344 4079 tempore,
2378 4019 2431 4065 et
2456 4022 2621 4080 quoto
2662 4008 2791 4064 anni
2821 4026 3005 4065 mense
3028 4050 3044 4076 ,
3070 4012 3220 4065 unica
3250 4012 3334 4065 illa
3358 4014 3473 4067 vice
3499 4012 3667 4066 intro-

2078 4110 2165 4157 eat
2199 4119 2213 4157 :
2244 4103 2298 4156 in
2324 4104 2683 4172 cognitionem
2732 4114 2971 4171 apertam
3009 4104 3285 4172 temporis,
3338 4119 3444 4173 quo
3491 4104 3669 4157 Ιίιιιιιιιι

2080 4195 2227 4249 illum
2269 4195 2511 4249 nuntium
2538 4196 2774 4263 accepit,
2810 4194 3153 4248 deveniemus
3184 4210 3197 4246 :
3235 4208 3341 4262 quo
3378 4193 3687 4258 declarato,

2081 4289 2241 4344 etiam
2269 4287 2591 4359 principium
2617 4286 2983 4356 conceptionis
3011 4286 3252 4355 protinus
3278 4286 3527 4341 omnibus
3554 4287 3671 4340 elu-

2080 4389 2280 4436 cescet.
2334 4378 2517 4449 Itaque
2542 4378 2681 4448 quod
2703 4376 2871 4432 semel
2902 4385 3103 4429 tantum
3130 4376 3183 4428 in
3210 4390 3352 4429 anno
3380 4377 3483 4429 huc
3514 4376 3672 4430 intro-

2083 4472 2270 4535 iretur,
2326 4472 2487 4525 etiam
2520 4470 2713 4525 Paulus
2761 4467 3119 4523 mattifeslavil
3150 4484 3162 4520 :
3197 4469 3322 4536 quin
3366 4479 3420 4523 ct
3462 4469 3671 4540 Moyses

2084 4563 2312 4633 idipsum
2338 4570 2522 4632 aperte
2552 4560 2805 4625 ostendit,
2841 4560 2943 4614 hoc
2988 4559 3149 4612 modo
3192 4560 3414 4629 loquens
3444 4577 3456 4611 :
3493 4558 3558 4612 Et
3595 4562 3672 4614 lo-

2081 4664 2266 4726 quutus
2290 4664 2362 4708 est
2409 4652 2660 4706 Dominus
2706 4652 2774 4705 ad
2807 4650 3039 4722 Moysen,
3069 4651 3239 4704 dicens
3285 4666 3304 4703 :
3352 4649 3580 4721 Loquere
3605 4652 3674 4705 ad

2083 4748 2256 4802 Aaron
2286 4747 2496 4816 fratrem
2525 4755 2686 4806 tuum,
2714 4753 2763 4797 et
2806 4758 2865 4797 ne
2904 4744 3041 4796 omni
3077 4752 3298 4812 tempore
3352 4743 3670 4814 ingrediatur

2084 4839 2450 4904 sanctuarium,
2481 4835 2615 4907 quod
2645 4845 2717 4889 est
2743 4836 2877 4889 intra
2903 4834 3065 4888 uelum
3102 4851 3272 4888 coram
3299 4835 3669 4906 prOpitiatorio,

2084 4935 2220 5005 quod
2247 4941 2320 4987 est
2345 4949 2502 5000 supra
2529 4947 2701 4984 arcam
2726 4928 3015 4995 testimonii,
3051 4938 3097 4981 et
3135 4944 3235 4981 non
3261 4930 3505 4981 moriatur
3525 4927 3672 4997 (Lev.

2088 5026 2176 5081 16.
2210 5025 2283 5095 1).
2329 5023 2399 5078 Et
2426 5023 2617 5078 iterum
2649 5040 2664 5077 :
2697 5021 2761 5075 Et
2782 5021 2945 5075 omnis
2983 5023 3132 5073 homo
3181 5037 3281 5074 non
3311 5022 3403 5075 erit
3423 5020 3477 5073 in
3506 5020 3668 5074 tale-r-

2087 5117 2270 5171 naculo
2296 5114 2588 5179 testimonii,
2615 5112 2819 5182 quando
2868 5112 2980 5181 ipse
3006 5114 3350 5166 sanctuarium
3394 5112 3679 5183 ing-editur

2087 5209 2155 5261 ad
2182 5206 2522 5276 expiandum,
2551 5204 2709 5258 donec
2736 5204 3024 5276 egrediatur
3046 5221 3065 5269 ;
3094 5214 3140 5257 et
3183 5204 3400 5272 expiabit
3436 5219 3528 5274 pro
3554 5219 3605 5257 se
3630 5216 3675 5259 et

2089 5301 2238 5355 domo
2267 5316 2379 5365 sua,
2404 5308 2450 5352 et
2500 5314 2592 5367 pro
2639 5298 2866 5351 universo
2902 5308 3032 5351 antu
3076 5294 3240 5351 Israel
3271 5294 3432 5367 (Ibid.
3466 5295 3575 5366 17).
3613 5295 3683 5352 Es

2090 5394 2310 5465 expiabit
2334 5408 2489 5462 super
2512 5391 2691 5454 altare,
2721 5389 2856 5458 quod
2882 5399 2954 5444 est
2984 5405 3156 5442 coram
3184 5387 3401 5441 Domino
3422 5387 3530 5457 (Ib.
3562 5387 3676 5457 18).

2090 5484 2171 5539 Ex
2203 5486 2284 5539 his
2313 5484 2496 5553 liquet,
2527 5496 2632 5537 non
2673 5482 2909 5551 quolibet
2956 5489 3193 5551 tempore
3233 5480 3286 5534 in
3316 5490 3497 5535 sancta
3548 5496 3676 5533 san-

2091 5588 2299 5631 ctorum
2342 5577 2640 5645 ingressum
2672 5574 2855 5638 fuisse,
2882 5582 2935 5627 et
2964 5573 3089 5627 dum
3117 5577 3260 5626 intus
3288 5580 3450 5634 esset,
3477 5572 3677 5625 nemini

2094 5671 2171 5725 fas
2198 5668 2362 5724 fuisse
2393 5683 2454 5723 ea
2484 5667 2794 5738 contingere
2820 5708 2834 5733 ,
2868 5665 2960 5720 sed
2994 5675 3144 5721 extra
3172 5666 3348 5721 velum
3377 5665 3677 5719 consisten-

2094 5761 2219 5815 dum
2251 5760 2434 5815 fuisse.
2455 5759 2655 5815 Verum
2694 5758 2808 5813 hmc
2837 5773 2933 5813 vos
2963 5757 3149 5812 sedulo
3191 5767 3371 5813 mente
3397 5767 3570 5811 vestra
3604 5767 3684 5809 le.-

2096 5864 2238 5912 ucte.
2289 5853 2567 5919 Reliquum
2598 5852 2740 5907 enim
2770 5858 2872 5920 cst,
2920 5858 2978 5905 ut
3016 5847 3281 5921 quodnam
3315 5847 3440 5904 illud
3475 5860 3697 5918 tempus.
